  <div class='ocr_page' id='page_1' title='image "/cluster/home/n/w/nwhite01/storage/ocr_20150623/42/mdp.39015052824052/049.png"; bbox 0 0 4008 6240; ppageno 0'>
   <div class='ocr_carea' id='block_1_1' title="bbox 345 302 3592 375">
    <p class='ocr_par' dir='ltr' id='par_1_1' title="bbox 345 302 3592 375">
     <span class='ocr_line' id='line_1_1' title="bbox 345 302 3592 375; baseline -0.004 -1"><span class='ocrx_word' id='word_1_1' title='bbox 345 317 411 375; x_wconf 77' lang='lat'><strong>85</strong></span> <span class='ocrx_word' id='word_1_2' title='bbox 1751 308 1806 366; x_wconf 68' lang='lat'><strong>8&#39;.</strong></span> <span class='ocrx_word' id='word_1_3' title='bbox 1849 308 2184 367; x_wconf 78' lang='lat' dir='ltr'><strong>EPlPl-IANII</strong></span> <span class='ocrx_word' id='word_1_4' title='bbox 3519 302 3592 361; x_wconf 66' lang='grc'><strong>86</strong></span> 
     </span>
    </p>
   </div>
   <div class='ocr_carea' id='block_1_2' title="bbox 342 421 1920 504">
    <p class='ocr_par' dir='ltr' id='par_1_2' title="bbox 342 432 1909 504">
     <span class='ocr_line' id='line_1_2' title="bbox 342 432 1909 504; baseline -0.002 -15"><span class='ocrx_word' id='word_1_5' title='bbox 342 434 662 504; x_wconf 80' lang='lat' dir='ltr'><strong>quecadem</strong></span> <span class='ocrx_word' id='word_1_6' title='bbox 695 441 749 491; x_wconf 86' lang='lat' dir='ltr'><strong>et</strong></span> <span class='ocrx_word' id='word_1_7' title='bbox 799 434 939 490; x_wconf 88' lang='lat' dir='ltr'><strong>tauri</strong></span> <span class='ocrx_word' id='word_1_8' title='bbox 995 433 1066 489; x_wconf 90' lang='lat' dir='ltr'><strong>sit</strong></span> <span class='ocrx_word' id='word_1_9' title='bbox 1099 433 1304 497; x_wconf 88' lang='lat' dir='ltr'><strong>anima,</strong></span> <span class='ocrx_word' id='word_1_10' title='bbox 1353 432 1615 486; x_wconf 85' lang='lat' dir='ltr'><strong>laudandi</strong></span> <span class='ocrx_word' id='word_1_11' title='bbox 1660 433 1829 504; x_wconf 81' lang='lat' dir='ltr'><strong>magis</strong></span> <span class='ocrx_word' id='word_1_12' title='bbox 1875 433 1909 486; x_wconf 93' lang='lat' dir='ltr'><strong>ii</strong></span> 
     </span>
    </p>
   </div>
   <div class='ocr_carea' id='block_1_3' title="bbox 2028 421 3589 504">
    <p class='ocr_par' dir='ltr' id='par_1_3' title="bbox 2028 421 3589 504">
     <span class='ocr_line' id='line_1_3' title="bbox 2028 421 3589 504; baseline -0.008 -18"><span class='ocrx_word' id='word_1_13' title='bbox 2028 431 2214 504; x_wconf 75' lang='grc' dir='ltr'>ταύρου</span> <span class='ocrx_word' id='word_1_14' title='bbox 2240 433 2272 502; x_wconf 79' lang='grc' dir='ltr'>ἡ</span> <span class='ocrx_word' id='word_1_15' title='bbox 2302 429 2458 501; x_wconf 80' lang='grc' dir='ltr'>αὑτὴ,</span> <span class='ocrx_word' id='word_1_16' title='bbox 2484 425 2761 484; x_wconf 81' lang='grc' dir='ltr'>ὲπαινετοὶ</span> <span class='ocrx_word' id='word_1_17' title='bbox 2783 425 2984 497; x_wconf 80' lang='grc' dir='ltr'>μᾶλλον</span> <span class='ocrx_word' id='word_1_18' title='bbox 3037 423 3087 477; x_wconf 80' lang='grc' dir='ltr'>οἱ</span> <span class='ocrx_word' id='word_1_19' title='bbox 3118 423 3256 495; x_wconf 78' lang='grc' dir='ltr'>κρέα</span> <span class='ocrx_word' id='word_1_20' title='bbox 3293 421 3589 490; x_wconf 81' lang='grc' dir='ltr'>φαγοῦντες</span> 
     </span>
    </p>
   </div>
   <div class='ocr_carea' id='block_1_4' title="bbox 343 521 1908 593">
    <p class='ocr_par' dir='ltr' id='par_1_4' title="bbox 343 521 1908 593">
     <span class='ocr_line' id='line_1_4' title="bbox 343 521 1908 593; baseline -0.004 -12"><span class='ocrx_word' id='word_1_21' title='bbox 343 532 495 591; x_wconf 74' lang='lat' dir='ltr'><strong>sunt,</strong></span> <span class='ocrx_word' id='word_1_22' title='bbox 527 541 593 580; x_wconf 81' lang='lat' dir='ltr'><strong>ex</strong></span> <span class='ocrx_word' id='word_1_23' title='bbox 622 539 810 580; x_wconf 87' lang='lat' dir='ltr'><strong>eorum</strong></span> <span class='ocrx_word' id='word_1_24' title='bbox 843 523 1136 589; x_wconf 83' lang='lat' dir='ltr'><strong>sententia,</strong></span> <span class='ocrx_word' id='word_1_25' title='bbox 1166 521 1261 593; x_wconf 91' lang='lat' dir='ltr'><strong>qui</strong></span> <span class='ocrx_word' id='word_1_26' title='bbox 1301 521 1560 577; x_wconf 85' lang='lat' dir='ltr'><strong>carnibus</strong></span> <span class='ocrx_word' id='word_1_27' title='bbox 1589 529 1908 585; x_wconf 89' lang='lat' dir='ltr'><strong>vescuntur,</strong></span> 
     </span>
    </p>
   </div>
   <div class='ocr_carea' id='block_1_5' title="bbox 341 610 1911 686">
    <p class='ocr_par' dir='ltr' id='par_1_5' title="bbox 341 610 1911 686">
     <span class='ocr_line' id='line_1_5' title="bbox 341 610 1911 686; baseline 0.001 -18"><span class='ocrx_word' id='word_1_28' title='bbox 341 631 504 686; x_wconf 86' lang='lat' dir='ltr'><strong>quam</strong></span> <span class='ocrx_word' id='word_1_29' title='bbox 544 615 640 686; x_wconf 87' lang='lat' dir='ltr'><strong>qui</strong></span> <span class='ocrx_word' id='word_1_30' title='bbox 673 614 964 672; x_wconf 81' lang='lat' dir='ltr'><strong>severioris</strong></span> <span class='ocrx_word' id='word_1_31' title='bbox 993 615 1116 670; x_wconf 73' lang='lat' dir='ltr'><strong>vitae</strong></span> <span class='ocrx_word' id='word_1_32' title='bbox 1163 614 1414 671; x_wconf 88' lang='lat' dir='ltr'><strong>instituta</strong></span> <span class='ocrx_word' id='word_1_33' title='bbox 1456 623 1755 671; x_wconf 89' lang='lat' dir='ltr'><strong>sectantur.</strong></span> <span class='ocrx_word' id='word_1_34' title='bbox 1798 610 1911 670; x_wconf 84' lang='lat' dir='ltr'><strong>Hoc</strong></span> 
     </span>
    </p>
   </div>
   <div class='ocr_carea' id='block_1_6' title="bbox 339 702 1909 771">
    <p class='ocr_par' dir='ltr' id='par_1_6' title="bbox 339 702 1909 771">
     <span class='ocr_line' id='line_1_6' title="bbox 339 702 1909 771; baseline -0.001 -12"><span class='ocrx_word' id='word_1_35' title='bbox 339 706 507 769; x_wconf 82' lang='lat' dir='ltr'><strong>enim,</strong></span> <span class='ocrx_word' id='word_1_36' title='bbox 541 712 603 759; x_wconf 91' lang='lat' dir='ltr'><strong>ut</strong></span> <span class='ocrx_word' id='word_1_37' title='bbox 637 704 785 760; x_wconf 84' lang='lat' dir='ltr'><strong>illius</strong></span> <span class='ocrx_word' id='word_1_38' title='bbox 812 703 991 760; x_wconf 83' lang='lat' dir='ltr'><strong>fabula</strong></span> <span class='ocrx_word' id='word_1_39' title='bbox 1021 702 1288 771; x_wconf 87' lang='lat' dir='ltr'><strong>continet,</strong></span> <span class='ocrx_word' id='word_1_40' title='bbox 1311 713 1555 758; x_wconf 87' lang='lat' dir='ltr'><strong>metuere</strong></span> <span class='ocrx_word' id='word_1_41' title='bbox 1586 703 1797 758; x_wconf 89' lang='lat' dir='ltr'><strong>videtur</strong></span> <span class='ocrx_word' id='word_1_42' title='bbox 1822 720 1909 766; x_wconf 84' lang='lat' dir='ltr'><strong>ne,</strong></span> 
     </span>
    </p>
   </div>
   <div class='ocr_carea' id='block_1_7' title="bbox 338 797 1913 860">
    <p class='ocr_par' dir='ltr' id='par_1_7' title="bbox 338 797 1913 860">
     <span class='ocr_line' id='line_1_7' title="bbox 338 797 1913 860; baseline -0.004 -8"><span class='ocrx_word' id='word_1_43' title='bbox 338 799 385 852; x_wconf 84' lang='lat' dir='ltr'><strong>si</strong></span> <span class='ocrx_word' id='word_1_44' title='bbox 418 797 673 854; x_wconf 87' lang='lat' dir='ltr'><strong>animatis</strong></span> <span class='ocrx_word' id='word_1_45' title='bbox 699 799 864 854; x_wconf 84' lang='lat' dir='ltr'><strong>rebus</strong></span> <span class='ocrx_word' id='word_1_46' title='bbox 892 804 1101 860; x_wconf 81' lang='lat' dir='ltr'><strong>utatur,</strong></span> <span class='ocrx_word' id='word_1_47' title='bbox 1133 797 1282 853; x_wconf 89' lang='lat' dir='ltr'><strong>velut</strong></span> <span class='ocrx_word' id='word_1_48' title='bbox 1311 797 1637 852; x_wconf 87' lang='lat' dir='ltr'><strong>animalibus</strong></span> <span class='ocrx_word' id='word_1_49' title='bbox 1663 812 1726 850; x_wconf 89' lang='lat' dir='ltr'><strong>ac</strong></span> <span class='ocrx_word' id='word_1_50' title='bbox 1755 805 1913 851; x_wconf 64' lang='lat' dir='ltr'><strong>eane-</strong></span> 
     </span>
    </p>
   </div>
   <div class='ocr_carea' id='block_1_8' title="bbox 340 887 1913 958">
    <p class='ocr_par' dir='ltr' id='par_1_8' title="bbox 340 887 1913 958">
     <span class='ocr_line' id='line_1_8' title="bbox 340 887 1913 958; baseline 0.001 -19"><span class='ocrx_word' id='word_1_51' title='bbox 340 887 439 951; x_wconf 77' lang='lat' dir='ltr'><strong>iis,</strong></span> <span class='ocrx_word' id='word_1_52' title='bbox 476 887 670 943; x_wconf 89' lang='lat' dir='ltr'><strong>horum</strong></span> <span class='ocrx_word' id='word_1_53' title='bbox 707 888 902 943; x_wconf 87' lang='lat' dir='ltr'><strong>similis</strong></span> <span class='ocrx_word' id='word_1_54' title='bbox 938 889 1191 944; x_wconf 79' lang='lat' dir='ltr'><strong>exsistat.</strong></span> <span class='ocrx_word' id='word_1_55' title='bbox 1220 887 1383 958; x_wconf 75' lang='lat' dir='ltr'><strong>Atqui</strong></span> <span class='ocrx_word' id='word_1_56' title='bbox 1432 889 1767 942; x_wconf 88' lang='lat' dir='ltr'><strong>contrarium</strong></span> <span class='ocrx_word' id='word_1_57' title='bbox 1817 903 1913 958; x_wconf 83' lang='lat' dir='ltr'><strong>po—</strong></span> 
     </span>
    </p>
   </div>
   <div class='ocr_carea' id='block_1_9' title="bbox 339 976 1915 1049">
    <p class='ocr_par' dir='ltr' id='par_1_9' title="bbox 339 976 1915 1049">
     <span class='ocr_line' id='line_1_9' title="bbox 339 976 1915 1049; baseline 0 -18"><span class='ocrx_word' id='word_1_58' title='bbox 339 979 450 1033; x_wconf 90' lang='lat' dir='ltr'><strong>tius</strong></span> <span class='ocrx_word' id='word_1_59' title='bbox 485 979 702 1034; x_wconf 90' lang='lat' dir='ltr'><strong>accidit.</strong></span> <span class='ocrx_word' id='word_1_60' title='bbox 741 976 942 1033; x_wconf 87' lang='lat' dir='ltr'><strong>Demus</strong></span> <span class='ocrx_word' id='word_1_61' title='bbox 983 977 1130 1034; x_wconf 90' lang='lat' dir='ltr'><strong>enim</strong></span> <span class='ocrx_word' id='word_1_62' title='bbox 1181 978 1620 1049; x_wconf 81' lang='lat' dir='ltr'><strong>quinquagenos,</strong></span> <span class='ocrx_word' id='word_1_63' title='bbox 1660 977 1742 1032; x_wconf 88' lang='lat' dir='ltr'><strong>vel</strong></span> <span class='ocrx_word' id='word_1_64' title='bbox 1787 993 1915 1032; x_wconf 88' lang='lat' dir='ltr'><strong>cen-</strong></span> 
     </span>
    </p>
   </div>
   <div class='ocr_carea' id='block_1_10' title="bbox 341 1067 1914 1131">
    <p class='ocr_par' dir='ltr' id='par_1_10' title="bbox 341 1067 1914 1131">
     <span class='ocr_line' id='line_1_10' title="bbox 341 1067 1914 1131; baseline -0.001 -9"><span class='ocrx_word' id='word_1_65' title='bbox 341 1077 498 1123; x_wconf 87' lang='lat' dir='ltr'><strong>tenos</strong></span> <span class='ocrx_word' id='word_1_66' title='bbox 529 1069 672 1122; x_wconf 89' lang='lat' dir='ltr'><strong>tauri</strong></span> <span class='ocrx_word' id='word_1_67' title='bbox 704 1067 868 1122; x_wconf 89' lang='lat' dir='ltr'><strong>unius</strong></span> <span class='ocrx_word' id='word_1_68' title='bbox 907 1068 1166 1124; x_wconf 90' lang='lat' dir='ltr'><strong>carnibus</strong></span> <span class='ocrx_word' id='word_1_69' title='bbox 1201 1067 1426 1131; x_wconf 90' lang='lat' dir='ltr'><strong>nutriri,</strong></span> <span class='ocrx_word' id='word_1_70' title='bbox 1477 1083 1667 1123; x_wconf 90' lang='lat' dir='ltr'><strong>omnes</strong></span> <span class='ocrx_word' id='word_1_71' title='bbox 1716 1067 1815 1131; x_wconf 90' lang='lat' dir='ltr'><strong>illi,</strong></span> <span class='ocrx_word' id='word_1_72' title='bbox 1855 1075 1914 1120; x_wconf 87' lang='lat' dir='ltr'><strong>ut</strong></span> 
     </span>
    </p>
   </div>
   <div class='ocr_carea' id='block_1_11' title="bbox 343 1157 1912 1229">
    <p class='ocr_par' dir='ltr' id='par_1_11' title="bbox 343 1157 1912 1229">
     <span class='ocr_line' id='line_1_11' title="bbox 343 1157 1912 1229; baseline -0.001 -17"><span class='ocrx_word' id='word_1_73' title='bbox 343 1159 447 1213; x_wconf 91' lang='lat' dir='ltr'><strong>iste</strong></span> <span class='ocrx_word' id='word_1_74' title='bbox 493 1157 710 1228; x_wconf 90' lang='lat' dir='ltr'><strong>quidem</strong></span> <span class='ocrx_word' id='word_1_75' title='bbox 757 1165 1016 1229; x_wconf 80' lang='lat' dir='ltr'><strong>nugatur,</strong></span> <span class='ocrx_word' id='word_1_76' title='bbox 1061 1168 1116 1213; x_wconf 86' lang='lat' dir='ltr'><strong>et</strong></span> <span class='ocrx_word' id='word_1_77' title='bbox 1154 1173 1184 1212; x_wconf 87' lang='lat' dir='ltr'><strong>a</strong></span> <span class='ocrx_word' id='word_1_78' title='bbox 1225 1158 1387 1213; x_wconf 89' lang='lat' dir='ltr'><strong>nobis</strong></span> <span class='ocrx_word' id='word_1_79' title='bbox 1414 1157 1693 1213; x_wconf 82' lang='lat' dir='ltr'><strong>refellendi</strong></span> <span class='ocrx_word' id='word_1_80' title='bbox 1740 1159 1912 1228; x_wconf 80' lang='lat' dir='ltr'><strong>gratia</strong></span> 
     </span>
    </p>
   </div>
   <div class='ocr_carea' id='block_1_12' title="bbox 340 1249 1914 1318">
    <p class='ocr_par' dir='ltr' id='par_1_12' title="bbox 340 1249 1914 1318">
     <span class='ocr_line' id='line_1_12' title="bbox 340 1249 1914 1318; baseline -0.001 -14"><span class='ocrx_word' id='word_1_81' title='bbox 340 1249 632 1305; x_wconf 89' lang='lat' dir='ltr'><strong>dicendum</strong></span> <span class='ocrx_word' id='word_1_82' title='bbox 664 1257 768 1318; x_wconf 87' lang='lat' dir='ltr'><strong>est,</strong></span> <span class='ocrx_word' id='word_1_83' title='bbox 803 1251 967 1308; x_wconf 91' lang='lat' dir='ltr'><strong>unius</strong></span> <span class='ocrx_word' id='word_1_84' title='bbox 998 1251 1262 1306; x_wconf 83' lang='lat' dir='ltr'><strong>duntaxat</strong></span> <span class='ocrx_word' id='word_1_85' title='bbox 1302 1251 1495 1303; x_wconf 69' lang='lat' dir='ltr'><strong>animae</strong></span> <span class='ocrx_word' id='word_1_86' title='bbox 1540 1250 1616 1303; x_wconf 85' lang='lat' dir='ltr'><strong>rei</strong></span> <span class='ocrx_word' id='word_1_87' title='bbox 1663 1257 1810 1304; x_wconf 91' lang='lat' dir='ltr'><strong>sunt.</strong></span> <span class='ocrx_word' id='word_1_88' title='bbox 1845 1249 1914 1303; x_wconf 83' lang='lat' dir='ltr'><strong>At</strong></span> 
     </span>
    </p>
   </div>
   <div class='ocr_carea' id='block_1_13' title="bbox 338 1340 1914 1415">
    <p class='ocr_par' dir='ltr' id='par_1_13' title="bbox 338 1340 1914 1415">
     <span class='ocr_line' id='line_1_13' title="bbox 338 1340 1914 1415; baseline 0.001 -21"><span class='ocrx_word' id='word_1_89' title='bbox 338 1342 435 1411; x_wconf 90' lang='lat' dir='ltr'><strong>qui</strong></span> <span class='ocrx_word' id='word_1_90' title='bbox 468 1340 737 1396; x_wconf 90' lang='lat' dir='ltr'><strong>seminum</strong></span> <span class='ocrx_word' id='word_1_91' title='bbox 769 1342 955 1412; x_wconf 85' lang='lat' dir='ltr'><strong>granis</strong></span> <span class='ocrx_word' id='word_1_92' title='bbox 986 1341 1250 1415; x_wconf 82' lang='lat' dir='ltr'><strong>pascitur,</strong></span> <span class='ocrx_word' id='word_1_93' title='bbox 1290 1342 1623 1395; x_wconf 87' lang='lat' dir='ltr'><strong>tricenarum</strong></span> <span class='ocrx_word' id='word_1_94' title='bbox 1660 1341 1742 1396; x_wconf 87' lang='lat' dir='ltr'><strong>vel</strong></span> <span class='ocrx_word' id='word_1_95' title='bbox 1777 1357 1914 1411; x_wconf 88' lang='lat' dir='ltr'><strong>qua-</strong></span> 
     </span>
    </p>
   </div>
   <div class='ocr_carea' id='block_1_14' title="bbox 337 1429 1911 1501">
    <p class='ocr_par' dir='ltr' id='par_1_14' title="bbox 337 1429 1911 1501">
     <span class='ocr_line' id='line_1_14' title="bbox 337 1429 1911 1501; baseline 0.002 -19"><span class='ocrx_word' id='word_1_96' title='bbox 337 1429 704 1501; x_wconf 80' lang='lat' dir='ltr'><strong>dragenarum</strong></span> <span class='ocrx_word' id='word_1_97' title='bbox 747 1446 857 1486; x_wconf 92' lang='lat' dir='ltr'><strong>uno</strong></span> <span class='ocrx_word' id='word_1_98' title='bbox 911 1433 1111 1487; x_wconf 91' lang='lat' dir='ltr'><strong>haustu</strong></span> <span class='ocrx_word' id='word_1_99' title='bbox 1162 1433 1572 1500; x_wconf 87' lang='lat' dir='ltr'><strong>absumptarum</strong></span> <span class='ocrx_word' id='word_1_100' title='bbox 1635 1447 1762 1488; x_wconf 90' lang='lat' dir='ltr'><strong>reus</strong></span> <span class='ocrx_word' id='word_1_101' title='bbox 1808 1440 1911 1487; x_wconf 87' lang='lat' dir='ltr'><strong>est.</strong></span> 
     </span>
    </p>
   </div>
   <div class='ocr_carea' id='block_1_15' title="bbox 339 1518 1912 1592">
    <p class='ocr_par' dir='ltr' id='par_1_15' title="bbox 339 1518 1912 1592">
     <span class='ocr_line' id='line_1_15' title="bbox 339 1518 1912 1592; baseline 0.004 -19"><span class='ocrx_word' id='word_1_102' title='bbox 339 1518 417 1575; x_wconf 89' lang='lat' dir='ltr'><strong>Ita</strong></span> <span class='ocrx_word' id='word_1_103' title='bbox 443 1519 580 1576; x_wconf 83' lang='lat' dir='ltr'><strong>nihil</strong></span> <span class='ocrx_word' id='word_1_104' title='bbox 612 1537 724 1578; x_wconf 89' lang='lat' dir='ltr'><strong>non</strong></span> <span class='ocrx_word' id='word_1_105' title='bbox 755 1523 824 1577; x_wconf 85' lang='lat' dir='ltr'><strong>ab</strong></span> <span class='ocrx_word' id='word_1_106' title='bbox 852 1537 920 1578; x_wconf 92' lang='lat' dir='ltr'><strong>eo</strong></span> <span class='ocrx_word' id='word_1_107' title='bbox 949 1523 1242 1578; x_wconf 90' lang='lat' dir='ltr'><strong>ridiculum</strong></span> <span class='ocrx_word' id='word_1_108' title='bbox 1287 1530 1340 1577; x_wconf 87' lang='lat' dir='ltr'><strong>et</strong></span> <span class='ocrx_word' id='word_1_109' title='bbox 1369 1523 1531 1576; x_wconf 90' lang='lat' dir='ltr'><strong>inane</strong></span> <span class='ocrx_word' id='word_1_110' title='bbox 1569 1523 1912 1592; x_wconf 77' lang='lat' dir='ltr'><strong>preponitur.</strong></span> 
     </span>
    </p>
   </div>
   <div class='ocr_carea' id='block_1_16' title="bbox 408 1610 1919 1685">
    <p class='ocr_par' dir='ltr' id='par_1_16' title="bbox 408 1610 1919 1685">
     <span class='ocr_line' id='line_1_16' title="bbox 408 1610 1919 1685; baseline 0.002 -19"><span class='ocrx_word' id='word_1_111' title='bbox 408 1610 520 1668; x_wconf 75' lang='lat' dir='ltr'><strong>Nec</strong></span> <span class='ocrx_word' id='word_1_112' title='bbox 544 1613 690 1668; x_wconf 91' lang='lat' dir='ltr'><strong>enim</strong></span> <span class='ocrx_word' id='word_1_113' title='bbox 727 1614 871 1671; x_wconf 85' lang='lat' dir='ltr'><strong>ullus</strong></span> <span class='ocrx_word' id='word_1_114' title='bbox 900 1622 1005 1681; x_wconf 87' lang='lat' dir='ltr'><strong>est,</strong></span> <span class='ocrx_word' id='word_1_115' title='bbox 1036 1615 1129 1685; x_wconf 92' lang='lat' dir='ltr'><strong>qui</strong></span> <span class='ocrx_word' id='word_1_116' title='bbox 1166 1614 1445 1684; x_wconf 90' lang='lat' dir='ltr'><strong>paululum</strong></span> <span class='ocrx_word' id='word_1_117' title='bbox 1485 1630 1667 1669; x_wconf 83' lang='lat' dir='ltr'><strong>rerum</strong></span> <span class='ocrx_word' id='word_1_118' title='bbox 1707 1614 1919 1669; x_wconf 85' lang='lat' dir='ltr'><strong>divina-</strong></span> 
     </span>
    </p>
   </div>
   <div class='ocr_carea' id='block_1_17' title="bbox 2013 511 3590 592">
    <p class='ocr_par' dir='ltr' id='par_1_17' title="bbox 2013 511 3590 592">
     <span class='ocr_line' id='line_1_17' title="bbox 2013 511 3590 592; baseline -0.001 -15"><span class='ocrx_word' id='word_1_119' title='bbox 2013 523 2154 578; x_wconf 84' lang='grc' dir='ltr'>κατά</span> <span class='ocrx_word' id='word_1_120' title='bbox 2180 522 2271 579; x_wconf 75' lang='grc' dir='ltr'><strong>τὸν</strong></span> <span class='ocrx_word' id='word_1_121' title='bbox 2304 520 2482 578; x_wconf 82' lang='grc' dir='ltr'>αύτῶν</span> <span class='ocrx_word' id='word_1_122' title='bbox 2533 522 2692 592; x_wconf 83' lang='grc' dir='ltr'>λόγον</span> <span class='ocrx_word' id='word_1_123' title='bbox 2741 519 2886 592; x_wconf 78' lang='grc' dir='ltr'>ἤπερ</span> <span class='ocrx_word' id='word_1_124' title='bbox 2917 517 2967 571; x_wconf 79' lang='grc' dir='ltr'><strong>οἱ</strong></span> <span class='ocrx_word' id='word_1_125' title='bbox 3022 515 3123 580; x_wconf 83' lang='grc' dir='ltr'>τὰς</span> <span class='ocrx_word' id='word_1_126' title='bbox 3185 512 3458 576; x_wconf 72' lang='grc' dir='ltr'><strong>πολιτείας</strong></span> <span class='ocrx_word' id='word_1_127' title='bbox 3506 511 3590 576; x_wconf 64' lang='grc' dir='ltr'><strong>ἐξ·</strong></span> 
     </span>
    </p>
   </div>
   <div class='ocr_carea' id='block_1_18' title="bbox 2014 604 3586 687">
    <p class='ocr_par' dir='ltr' id='par_1_18' title="bbox 2014 604 3586 687">
     <span class='ocr_line' id='line_1_18' title="bbox 2014 604 3586 687; baseline -0.007 -19"><span class='ocrx_word' id='word_1_128' title='bbox 2014 613 2328 679; x_wconf 85' lang='grc' dir='ltr'>ασκοῦντες.</span> <span class='ocrx_word' id='word_1_129' title='bbox 2361 614 2512 668; x_wconf 83' lang='grc' dir='ltr'>Δέδιε</span> <span class='ocrx_word' id='word_1_130' title='bbox 2551 612 2658 687; x_wconf 81' lang='grc' dir='ltr'><strong>γάρ</strong></span> <span class='ocrx_word' id='word_1_131' title='bbox 2692 611 2832 664; x_wconf 82' lang='grc' dir='ltr'>κατὰ</span> <span class='ocrx_word' id='word_1_132' title='bbox 2850 609 2947 680; x_wconf 82' lang='grc' dir='ltr'>τὴν</span> <span class='ocrx_word' id='word_1_133' title='bbox 2971 607 3134 663; x_wconf 81' lang='grc' dir='ltr'>αὐτοῦ</span> <span class='ocrx_word' id='word_1_134' title='bbox 3169 604 3586 677; x_wconf 74' lang='grc' dir='ltr'>ραψῳδοποιίαν,</span> 
     </span>
    </p>
   </div>
   <div class='ocr_carea' id='block_1_19' title="bbox 2018 694 3593 778">
    <p class='ocr_par' dir='ltr' id='par_1_19' title="bbox 2018 694 3593 778">
     <span class='ocr_line' id='line_1_19' title="bbox 2018 694 3593 778; baseline -0.009 -18"><span class='ocrx_word' id='word_1_135' title='bbox 2018 706 2230 778; x_wconf 78' lang='grc' dir='ltr'>μήπως,</span> <span class='ocrx_word' id='word_1_136' title='bbox 2260 705 2578 777; x_wconf 75' lang='grc' dir='ltr'>μεταλαϐὼν</span> <span class='ocrx_word' id='word_1_137' title='bbox 2605 702 2884 776; x_wconf 80' lang='grc' dir='ltr'>ἐμψύχων,</span> <span class='ocrx_word' id='word_1_138' title='bbox 2928 699 3085 764; x_wconf 79' lang='grc' dir='ltr'>ζώων</span> <span class='ocrx_word' id='word_1_139' title='bbox 3131 715 3192 750; x_wconf 83' lang='grc' dir='ltr'><strong>τε</strong></span> <span class='ocrx_word' id='word_1_140' title='bbox 3232 696 3326 750; x_wconf 76' lang='grc' dir='ltr'>καὶ</span> <span class='ocrx_word' id='word_1_141' title='bbox 3359 695 3467 749; x_wconf 90' lang='grc' dir='ltr'><strong>τῶν</strong></span> <span class='ocrx_word' id='word_1_142' title='bbox 3500 694 3593 748; x_wconf 85' lang='grc' dir='ltr'>άλ-</span> 
     </span>
    </p>
   </div>
   <div class='ocr_carea' id='block_1_20' title="bbox 2012 785 3588 866">
    <p class='ocr_par' dir='ltr' id='par_1_20' title="bbox 2012 785 3588 866">
     <span class='ocr_line' id='line_1_20' title="bbox 2012 785 3588 866; baseline -0.005 -18"><span class='ocrx_word' id='word_1_143' title='bbox 2012 797 2141 865; x_wconf 85' lang='grc' dir='ltr'>λων,</span> <span class='ocrx_word' id='word_1_144' title='bbox 2168 796 2263 850; x_wconf 77' lang='grc' dir='ltr'><strong>καὶ</strong></span> <span class='ocrx_word' id='word_1_145' title='bbox 2319 796 2479 860; x_wconf 79' lang='grc' dir='ltr'>αὐτὸς</span> <span class='ocrx_word' id='word_1_146' title='bbox 2521 796 2704 866; x_wconf 83' lang='grc' dir='ltr'>ὅμοιος</span> <span class='ocrx_word' id='word_1_147' title='bbox 2727 792 2971 862; x_wconf 83' lang='grc' dir='ltr'>γένηται.</span> <span class='ocrx_word' id='word_1_148' title='bbox 3022 786 3342 842; x_wconf 77' lang='grc' dir='ltr'>Τούναντίον</span> <span class='ocrx_word' id='word_1_149' title='bbox 3369 785 3588 856; x_wconf 81' lang='grc' dir='ltr'>μᾶλλον.</span> 
     </span>
    </p>
   </div>
   <div class='ocr_carea' id='block_1_21' title="bbox 2014 875 3595 960">
    <p class='ocr_par' dir='ltr' id='par_1_21' title="bbox 2014 875 3595 960">
     <span class='ocr_line' id='line_1_21' title="bbox 2014 875 3595 960; baseline -0.008 -18"><span class='ocrx_word' id='word_1_150' title='bbox 2014 888 2363 952; x_wconf 80' lang='grc' dir='ltr'><strong>Συνελθόντες</strong></span> <span class='ocrx_word' id='word_1_151' title='bbox 2391 888 2500 960; x_wconf 82' lang='grc' dir='ltr'>γὰρ</span> <span class='ocrx_word' id='word_1_152' title='bbox 2526 887 2714 959; x_wconf 82' lang='grc' dir='ltr'>ἄνδρες</span> <span class='ocrx_word' id='word_1_153' title='bbox 2740 884 3075 955; x_wconf 79' lang='grc' dir='ltr'>πεντήκοντα</span> <span class='ocrx_word' id='word_1_154' title='bbox 3097 879 3130 951; x_wconf 77' lang='grc' dir='ltr'><strong>ἢ</strong></span> <span class='ocrx_word' id='word_1_155' title='bbox 3167 879 3259 934; x_wconf 68' lang='grc' dir='ltr'>καὶ</span> <span class='ocrx_word' id='word_1_156' title='bbox 3283 878 3495 942; x_wconf 72' lang='grc' dir='ltr'>ἑκατὸν,</span> <span class='ocrx_word' id='word_1_157' title='bbox 3533 875 3595 942; x_wconf 74' lang='grc' dir='ltr'><strong>ἐξ</strong></span> 
     </span>
    </p>
   </div>
   <div class='ocr_carea' id='block_1_22' title="bbox 2015 969 3591 1052">
    <p class='ocr_par' dir='ltr' id='par_1_22' title="bbox 2015 969 3591 1052">
     <span class='ocr_line' id='line_1_22' title="bbox 2015 969 3591 1052; baseline -0.009 -18"><span class='ocrx_word' id='word_1_158' title='bbox 2015 981 2133 1045; x_wconf 76' lang='grc' dir='ltr'>ἐνὸς</span> <span class='ocrx_word' id='word_1_159' title='bbox 2167 981 2368 1052; x_wconf 81' lang='grc' dir='ltr'><strong>ταύρου</strong></span> <span class='ocrx_word' id='word_1_160' title='bbox 2399 981 2450 1033; x_wconf 88' lang='grc' dir='ltr'>οἱ</span> <span class='ocrx_word' id='word_1_161' title='bbox 2473 980 2673 1042; x_wconf 89' lang='grc' dir='ltr'>πάντες</span> <span class='ocrx_word' id='word_1_162' title='bbox 2690 976 3081 1048; x_wconf 82' lang='grc' dir='ltr'><strong>τραφήσονται,</strong></span> <span class='ocrx_word' id='word_1_163' title='bbox 3103 973 3178 1035; x_wconf 79' lang='grc' dir='ltr'>ὡς</span> <span class='ocrx_word' id='word_1_164' title='bbox 3201 970 3342 1024; x_wconf 78' lang='grc' dir='ltr'>κατὰ</span> <span class='ocrx_word' id='word_1_165' title='bbox 3364 969 3462 1041; x_wconf 77' lang='grc' dir='ltr'>τὴν</span> <span class='ocrx_word' id='word_1_166' title='bbox 3492 969 3591 1021; x_wconf 83' lang='grc' dir='ltr'><strong>αὒ-</strong></span> 
     </span>
    </p>
   </div>
   <div class='ocr_carea' id='block_1_23' title="bbox 2014 1059 3594 1144">
    <p class='ocr_par' dir='ltr' id='par_1_23' title="bbox 2014 1059 3594 1144">
     <span class='ocr_line' id='line_1_23' title="bbox 2014 1059 3594 1144; baseline -0.01 -18"><span class='ocrx_word' id='word_1_167' title='bbox 2014 1071 2108 1126; x_wconf 77' lang='grc' dir='ltr'>τοῦ</span> <span class='ocrx_word' id='word_1_168' title='bbox 2164 1071 2400 1144; x_wconf 85' lang='grc' dir='ltr'>ματαίαν</span> <span class='ocrx_word' id='word_1_169' title='bbox 2436 1069 2821 1140; x_wconf 82' lang='grc' dir='ltr'>συκοφαντίαν,</span> <span class='ocrx_word' id='word_1_170' title='bbox 2882 1067 3032 1137; x_wconf 81' lang='grc' dir='ltr'>ὅμως</span> <span class='ocrx_word' id='word_1_171' title='bbox 3084 1063 3222 1134; x_wconf 82' lang='grc' dir='ltr'>πρὸς</span> <span class='ocrx_word' id='word_1_172' title='bbox 3255 1061 3472 1130; x_wconf 75' lang='grc' dir='ltr'>ἔλεγχον</span> <span class='ocrx_word' id='word_1_173' title='bbox 3507 1059 3594 1111; x_wconf 89' lang='grc' dir='ltr'>λε-</span> 
     </span>
    </p>
   </div>
   <div class='ocr_carea' id='block_1_24' title="bbox 2015 1152 3604 1240">
    <p class='ocr_par' dir='ltr' id='par_1_24' title="bbox 2015 1152 3604 1240">
     <span class='ocr_line' id='line_1_24' title="bbox 2015 1152 3604 1240; baseline -0.01 -21"><span class='ocrx_word' id='word_1_174' title='bbox 2015 1166 2190 1230; x_wconf 82' lang='grc' dir='ltr'>κτέον,</span> <span class='ocrx_word' id='word_1_175' title='bbox 2216 1167 2297 1220; x_wconf 85' lang='grc' dir='ltr'><strong>ὅτι</strong></span> <span class='ocrx_word' id='word_1_176' title='bbox 2323 1166 2373 1218; x_wconf 82' lang='grc' dir='ltr'>οἱ</span> <span class='ocrx_word' id='word_1_177' title='bbox 2397 1163 2733 1234; x_wconf 82' lang='grc' dir='ltr'>πεντήκοντα</span> <span class='ocrx_word' id='word_1_178' title='bbox 2769 1159 2803 1231; x_wconf 80' lang='grc' dir='ltr'>ἢ</span> <span class='ocrx_word' id='word_1_179' title='bbox 2828 1159 2880 1211; x_wconf 80' lang='grc' dir='ltr'>οἱ</span> <span class='ocrx_word' id='word_1_180' title='bbox 2910 1156 3105 1211; x_wconf 79' lang='grc' dir='ltr'>ἑκατὸν</span> <span class='ocrx_word' id='word_1_181' title='bbox 3158 1153 3328 1223; x_wconf 74' lang='grc' dir='ltr'>ἔνοχοι</span> <span class='ocrx_word' id='word_1_182' title='bbox 3357 1152 3604 1240; x_wconf 57' lang='grc' dir='ltr'><strong>γίνονταιὲ</strong></span> 
     </span>
    </p>
   </div>
   <div class='ocr_carea' id='block_1_25' title="bbox 2018 1242 3598 1326">
    <p class='ocr_par' dir='ltr' id='par_1_25' title="bbox 2018 1242 3598 1326">
     <span class='ocr_line' id='line_1_25' title="bbox 2018 1242 3598 1326; baseline -0.012 -15"><span class='ocrx_word' id='word_1_183' title='bbox 2018 1257 2148 1326; x_wconf 75' lang='grc' dir='ltr'>μιᾶς</span> <span class='ocrx_word' id='word_1_184' title='bbox 2191 1255 2387 1326; x_wconf 79' lang='grc' dir='ltr'>ψυχῆς.</span> <span class='ocrx_word' id='word_1_185' title='bbox 2441 1253 2502 1307; x_wconf 86' lang='lat'><strong>&#39;0</strong></span> <span class='ocrx_word' id='word_1_186' title='bbox 2536 1253 2593 1306; x_wconf 83' lang='grc' dir='ltr'>δὲ</span> <span class='ocrx_word' id='word_1_187' title='bbox 2644 1251 2770 1315; x_wconf 78' lang='grc' dir='ltr'>τοὺς</span> <span class='ocrx_word' id='word_1_188' title='bbox 2817 1247 3049 1310; x_wconf 81' lang='grc' dir='ltr'>κόκκους</span> <span class='ocrx_word' id='word_1_189' title='bbox 3115 1243 3223 1298; x_wconf 85' lang='grc' dir='ltr'><strong>τῶν</strong></span> <span class='ocrx_word' id='word_1_190' title='bbox 3267 1242 3598 1313; x_wconf 82' lang='grc' dir='ltr'>σπερμάτων</span> 
     </span>
    </p>
   </div>
   <div class='ocr_carea' id='block_1_26' title="bbox 2016 1332 3600 1418">
    <p class='ocr_par' dir='ltr' id='par_1_26' title="bbox 2016 1332 3600 1418">
     <span class='ocr_line' id='line_1_26' title="bbox 2016 1332 3600 1418; baseline -0.011 -17"><span class='ocrx_word' id='word_1_191' title='bbox 2016 1347 2211 1401; x_wconf 77' lang='grc' dir='ltr'>ἐσθίων</span> <span class='ocrx_word' id='word_1_192' title='bbox 2247 1347 2446 1418; x_wconf 83' lang='grc' dir='ltr'>μᾶλλον</span> <span class='ocrx_word' id='word_1_193' title='bbox 2473 1344 2532 1398; x_wconf 85' lang='grc' dir='ltr'>ὲν</span> <span class='ocrx_word' id='word_1_194' title='bbox 2564 1342 2644 1397; x_wconf 73' lang='grc' dir='ltr'>ἑνὶ</span> <span class='ocrx_word' id='word_1_195' title='bbox 2675 1337 2954 1413; x_wconf 82' lang='grc' dir='ltr'>βροχισμῷ</span> <span class='ocrx_word' id='word_1_196' title='bbox 2978 1335 3327 1409; x_wconf 76' lang='grc' dir='ltr'>μεταλήψεως</span> <span class='ocrx_word' id='word_1_197' title='bbox 3349 1332 3600 1404; x_wconf 86' lang='grc' dir='ltr'>τριάκον-</span> 
     </span>
    </p>
   </div>
   <div class='ocr_carea' id='block_1_27' title="bbox 2015 1419 3603 1508">
    <p class='ocr_par' dir='ltr' id='par_1_27' title="bbox 2015 1419 3603 1508">
     <span class='ocr_line' id='line_1_27' title="bbox 2015 1419 3603 1508; baseline -0.009 -15"><span class='ocrx_word' id='word_1_198' title='bbox 2015 1457 2085 1493; x_wconf 85' lang='grc' dir='ltr'><strong>τα</strong></span> <span class='ocrx_word' id='word_1_199' title='bbox 2111 1438 2205 1492; x_wconf 74' lang='grc' dir='ltr'><strong>καὶ</strong></span> <span class='ocrx_word' id='word_1_200' title='bbox 2233 1436 2641 1508; x_wconf 87' lang='grc' dir='ltr'>τεσσαράκοντα</span> <span class='ocrx_word' id='word_1_201' title='bbox 2667 1431 2855 1503; x_wconf 82' lang='grc' dir='ltr'>ψυχῶν</span> <span class='ocrx_word' id='word_1_202' title='bbox 2884 1429 3036 1484; x_wconf 77' lang='grc' dir='ltr'>ἔσται</span> <span class='ocrx_word' id='word_1_203' title='bbox 3070 1428 3260 1492; x_wconf 76' lang='grc' dir='ltr'>αἴτιος.</span> <span class='ocrx_word' id='word_1_204' title='bbox 3292 1425 3403 1480; x_wconf 83' lang='lat' dir='ltr'><strong>Kal.</strong></span> <span class='ocrx_word' id='word_1_205' title='bbox 3425 1419 3603 1479; x_wconf 69' lang='grc' dir='ltr'>πάντα</span> 
     </span>
    </p>
   </div>
   <div class='ocr_carea' id='block_1_28' title="bbox 1985 1515 2857 1601">
    <p class='ocr_par' dir='ltr' id='par_1_28' title="bbox 1985 1515 2857 1601">
     <span class='ocr_line' id='line_1_28' title="bbox 1985 1515 2857 1601; baseline -0.008 -17"><span class='ocrx_word' id='word_1_206' title='bbox 1985 1515 1987 1517; x_wconf 38' lang='grc'><strong>’</strong></span> <span class='ocrx_word' id='word_1_207' title='bbox 2019 1528 2184 1584; x_wconf 80' lang='grc' dir='ltr'>αὑτοῦ</span> <span class='ocrx_word' id='word_1_208' title='bbox 2226 1529 2432 1601; x_wconf 86' lang='grc' dir='ltr'>μάταια</span> <span class='ocrx_word' id='word_1_209' title='bbox 2460 1527 2556 1582; x_wconf 72' lang='grc' dir='ltr'><strong>καὶ</strong></span> <span class='ocrx_word' id='word_1_210' title='bbox 2577 1524 2857 1597; x_wconf 87' lang='grc' dir='ltr'>γελοιώδη.</span> 
     </span>
    </p>
   </div>
   <div class='ocr_carea' id='block_1_29' title="bbox 2089 1608 3604 1692">
    <p class='ocr_par' dir='ltr' id='par_1_29' title="bbox 2089 1608 3604 1692">
     <span class='ocr_line' id='line_1_29' title="bbox 2089 1608 3604 1692; baseline -0.009 -17"><span class='ocrx_word' id='word_1_211' title='bbox 2089 1621 2261 1675; x_wconf 78' lang='grc' dir='ltr'>Παντὶ</span> <span class='ocrx_word' id='word_1_212' title='bbox 2299 1619 2408 1692; x_wconf 84' lang='grc' dir='ltr'><strong>γάρ</strong></span> <span class='ocrx_word' id='word_1_213' title='bbox 2449 1616 2525 1690; x_wconf 85' lang='grc' dir='ltr'>τῷ</span> <span class='ocrx_word' id='word_1_214' title='bbox 2557 1616 2683 1672; x_wconf 80' lang='grc' dir='ltr'>νοῦν</span> <span class='ocrx_word' id='word_1_215' title='bbox 2715 1615 2891 1687; x_wconf 76' lang='grc' dir='ltr'>ἔχοντι</span> <span class='ocrx_word' id='word_1_216' title='bbox 2925 1613 2982 1670; x_wconf 82' lang='grc' dir='ltr'>ὲν</span> <span class='ocrx_word' id='word_1_217' title='bbox 3011 1612 3203 1684; x_wconf 81' lang='grc' dir='ltr'>Κυρίῳ</span> <span class='ocrx_word' id='word_1_218' title='bbox 3244 1611 3313 1665; x_wconf 85' lang='grc' dir='ltr'><strong>τά</strong></span> <span class='ocrx_word' id='word_1_219' title='bbox 3338 1609 3438 1681; x_wconf 79' lang='grc' dir='ltr'><strong>τῆς</strong></span> <span class='ocrx_word' id='word_1_220' title='bbox 3471 1608 3604 1681; x_wconf 88' lang='grc' dir='ltr'>άλη-</span> 
     </span>
    </p>
   </div>
   <div class='ocr_carea' id='block_1_30' title="bbox 339 1700 1920 1783">
    <p class='ocr_par' dir='ltr' id='par_1_30' title="bbox 339 1704 1918 1776">
     <span class='ocr_line' id='line_1_30' title="bbox 339 1704 1918 1776; baseline 0.003 -20"><span class='ocrx_word' id='word_1_221' title='bbox 339 1717 463 1758; x_wconf 86' lang='lat' dir='ltr'><strong>rum</strong></span> <span class='ocrx_word' id='word_1_222' title='bbox 511 1704 866 1776; x_wconf 79' lang='lat' dir='ltr'><strong>intelligentia</strong></span> <span class='ocrx_word' id='word_1_223' title='bbox 914 1706 986 1761; x_wconf 89' lang='lat' dir='ltr'><strong>sit</strong></span> <span class='ocrx_word' id='word_1_224' title='bbox 1031 1706 1311 1776; x_wconf 80' lang='lat' dir='ltr'><strong>praeditus,</strong></span> <span class='ocrx_word' id='word_1_225' title='bbox 1370 1705 1458 1759; x_wconf 90' lang='lat' dir='ltr'><strong>cui</strong></span> <span class='ocrx_word' id='word_1_226' title='bbox 1500 1719 1608 1759; x_wconf 91' lang='lat' dir='ltr'><strong>non</strong></span> <span class='ocrx_word' id='word_1_227' title='bbox 1663 1719 1730 1760; x_wconf 82' lang='lat' dir='ltr'><strong>ex</strong></span> <span class='ocrx_word' id='word_1_228' title='bbox 1785 1720 1918 1760; x_wconf 86' lang='lat' dir='ltr'><strong>sana</strong></span> 
     </span>
    </p>
   </div>
   <div class='ocr_carea' id='block_1_31' title="bbox 2028 1700 3605 1783">
    <p class='ocr_par' dir='ltr' id='par_1_31' title="bbox 2028 1700 3605 1783">
     <span class='ocr_line' id='line_1_31' title="bbox 2028 1700 3605 1783; baseline -0.008 -18"><span class='ocrx_word' id='word_1_229' title='bbox 2028 1711 2171 1775; x_wconf 86' lang='grc' dir='ltr'>θείας</span> <span class='ocrx_word' id='word_1_230' title='bbox 2207 1713 2480 1783; x_wconf 80' lang='grc' dir='ltr'>τεκμήρια</span> <span class='ocrx_word' id='word_1_231' title='bbox 2506 1707 2706 1779; x_wconf 75' lang='grc' dir='ltr'>εὔδηλα</span> <span class='ocrx_word' id='word_1_232' title='bbox 2751 1704 3023 1778; x_wconf 85' lang='grc' dir='ltr'>δήπουθέν</span> <span class='ocrx_word' id='word_1_233' title='bbox 3045 1705 3191 1757; x_wconf 73' lang='grc' dir='ltr'>ἐστιν</span> <span class='ocrx_word' id='word_1_234' title='bbox 3223 1700 3280 1769; x_wconf 77' lang='grc' dir='ltr'>ἐξ</span> <span class='ocrx_word' id='word_1_235' title='bbox 3309 1700 3478 1773; x_wconf 81' lang='grc' dir='ltr'>αὐτῆς</span> <span class='ocrx_word' id='word_1_236' title='bbox 3501 1701 3605 1770; x_wconf 83' lang='grc' dir='ltr'>τῆς</span> 
     </span>
    </p>
   </div>
   <div class='ocr_carea' id='block_1_32' title="bbox 339 1776 1920 1870">
    <p class='ocr_par' dir='ltr' id='par_1_32' title="bbox 339 1791 1911 1865">
     <span class='ocr_line' id='line_1_32' title="bbox 339 1791 1911 1865; baseline 0.001 -20"><span class='ocrx_word' id='word_1_237' title='bbox 339 1791 591 1848; x_wconf 85' lang='lat' dir='ltr'><strong>doctrina</strong></span> <span class='ocrx_word' id='word_1_238' title='bbox 630 1794 792 1865; x_wconf 89' lang='lat' dir='ltr'><strong>plana</strong></span> <span class='ocrx_word' id='word_1_239' title='bbox 822 1808 885 1849; x_wconf 88' lang='lat' dir='ltr'><strong>ac</strong></span> <span class='ocrx_word' id='word_1_240' title='bbox 925 1796 1214 1850; x_wconf 79' lang='lat' dir='ltr'><strong>manifesta</strong></span> <span class='ocrx_word' id='word_1_241' title='bbox 1258 1795 1371 1850; x_wconf 91' lang='lat' dir='ltr'><strong>sint</strong></span> <span class='ocrx_word' id='word_1_242' title='bbox 1404 1793 1652 1850; x_wconf 82' lang='lat' dir='ltr'><strong>veritatis</strong></span> <span class='ocrx_word' id='word_1_243' title='bbox 1689 1793 1911 1850; x_wconf 91' lang='lat' dir='ltr'><strong>indicia.</strong></span> 
     </span>
    </p>
   </div>
   <div class='ocr_carea' id='block_1_33' title="bbox 2028 1776 3604 1870">
    <p class='ocr_par' dir='ltr' id='par_1_33' title="bbox 2028 1776 3604 1870">
     <span class='ocr_line' id='line_1_33' title="bbox 2028 1776 3604 1870; baseline -0.007 -17"><span class='ocrx_word' id='word_1_244' title='bbox 2028 1799 2278 1870; x_wconf 67' lang='grc' dir='ltr'>ἀληθινῆς</span> <span class='ocrx_word' id='word_1_245' title='bbox 2312 1776 2686 1859; x_wconf 77' lang='grc' dir='ltr'>διδασκαλίας.</span> <span class='ocrx_word' id='word_1_246' title='bbox 2739 1776 2849 1848; x_wconf 74' lang='lat' dir='ltr'><strong>Kal.</strong></span> <span class='ocrx_word' id='word_1_247' title='bbox 2879 1793 2988 1864; x_wconf 84' lang='grc' dir='ltr'><strong>γάρ</strong></span> <span class='ocrx_word' id='word_1_248' title='bbox 3033 1789 3128 1845; x_wconf 85' lang='grc' dir='ltr'>τοῦ</span> <span class='ocrx_word' id='word_1_249' title='bbox 3163 1788 3414 1862; x_wconf 80' lang='grc' dir='ltr'>Σωτῆρος</span> <span class='ocrx_word' id='word_1_250' title='bbox 3451 1790 3604 1843; x_wconf 79' lang='grc' dir='ltr'>οὐδὲν</span> 
     </span>
    </p>
   </div>
   <div class='ocr_carea' id='block_1_34' title="bbox 341 1879 1912 1954">
    <p class='ocr_par' dir='ltr' id='par_1_34' title="bbox 341 1879 1912 1954">
     <span class='ocr_line' id='line_1_34' title="bbox 341 1879 1912 1954; baseline 0.004 -19"><span class='ocrx_word' id='word_1_251' title='bbox 341 1879 552 1954; x_wconf 83' lang='lat' dir='ltr'><strong>Quippe</strong></span> <span class='ocrx_word' id='word_1_252' title='bbox 595 1883 881 1942; x_wconf 86' lang='lat' dir='ltr'><strong>Salvatore</strong></span> <span class='ocrx_word' id='word_1_253' title='bbox 908 1894 1102 1943; x_wconf 91' lang='lat' dir='ltr'><strong>nostro</strong></span> <span class='ocrx_word' id='word_1_254' title='bbox 1148 1887 1284 1941; x_wconf 87' lang='lat' dir='ltr'><strong>nihil</strong></span> <span class='ocrx_word' id='word_1_255' title='bbox 1320 1886 1386 1941; x_wconf 89' lang='lat' dir='ltr'><strong>ad</strong></span> <span class='ocrx_word' id='word_1_256' title='bbox 1416 1886 1698 1941; x_wconf 87' lang='lat' dir='ltr'><strong>hominum</strong></span> <span class='ocrx_word' id='word_1_257' title='bbox 1745 1887 1912 1941; x_wconf 88' lang='lat' dir='ltr'><strong>vitam</strong></span> 
     </span>
    </p>
   </div>
   <div class='ocr_carea' id='block_1_35' title="bbox 341 1973 1916 2047">
    <p class='ocr_par' dir='ltr' id='par_1_35' title="bbox 341 1973 1916 2047">
     <span class='ocr_line' id='line_1_35' title="bbox 341 1973 1916 2047; baseline 0.001 -18"><span class='ocrx_word' id='word_1_258' title='bbox 341 1973 724 2030; x_wconf 84' lang='lat' dir='ltr'><strong>declarandam</strong></span> <span class='ocrx_word' id='word_1_259' title='bbox 774 1992 900 2034; x_wconf 90' lang='lat' dir='ltr'><strong>esse</strong></span> <span class='ocrx_word' id='word_1_260' title='bbox 951 1985 1134 2047; x_wconf 84' lang='lat' dir='ltr'><strong>potest</strong></span> <span class='ocrx_word' id='word_1_261' title='bbox 1174 1976 1379 2033; x_wconf 89' lang='lat' dir='ltr'><strong>verius.</strong></span> <span class='ocrx_word' id='word_1_262' title='bbox 1434 1976 1539 2033; x_wconf 87' lang='lat' dir='ltr'><strong>Iste</strong></span> <span class='ocrx_word' id='word_1_263' title='bbox 1585 1991 1715 2032; x_wconf 91' lang='lat' dir='ltr'><strong>vero</strong></span> <span class='ocrx_word' id='word_1_264' title='bbox 1755 1977 1916 2031; x_wconf 84' lang='lat' dir='ltr'><strong>nobis</strong></span> 
     </span>
    </p>
   </div>
   <div class='ocr_carea' id='block_1_36' title="bbox 341 2061 1914 2138">
    <p class='ocr_par' dir='ltr' id='par_1_36' title="bbox 341 2061 1914 2138">
     <span class='ocr_line' id='line_1_36' title="bbox 341 2061 1914 2138; baseline 0 -20"><span class='ocrx_word' id='word_1_265' title='bbox 341 2061 610 2120; x_wconf 87' lang='lat' dir='ltr'><strong>barbarus</strong></span> <span class='ocrx_word' id='word_1_266' title='bbox 657 2062 847 2132; x_wconf 83' lang='lat' dir='ltr'><strong>Persa,</strong></span> <span class='ocrx_word' id='word_1_267' title='bbox 908 2066 1238 2138; x_wconf 71' lang='lat' dir='ltr'><strong>ingenioque</strong></span> <span class='ocrx_word' id='word_1_268' title='bbox 1284 2081 1479 2122; x_wconf 85' lang='lat' dir='ltr'><strong>servus</strong></span> <span class='ocrx_word' id='word_1_269' title='bbox 1512 2067 1669 2134; x_wconf 88' lang='lat' dir='ltr'><strong>(nam</strong></span> <span class='ocrx_word' id='word_1_270' title='bbox 1712 2066 1914 2136; x_wconf 89' lang='lat' dir='ltr'><strong>alioqui</strong></span> 
     </span>
    </p>
   </div>
   <div class='ocr_carea' id='block_1_37' title="bbox 343 2153 1914 2227">
    <p class='ocr_par' dir='ltr' id='par_1_37' title="bbox 343 2153 1914 2227">
     <span class='ocr_line' id='line_1_37' title="bbox 343 2153 1914 2227; baseline 0.002 -19"><span class='ocrx_word' id='word_1_271' title='bbox 343 2153 480 2208; x_wconf 89' lang='lat' dir='ltr'><strong>nihil</strong></span> <span class='ocrx_word' id='word_1_272' title='bbox 515 2155 566 2210; x_wconf 88' lang='lat' dir='ltr'><strong>ei</strong></span> <span class='ocrx_word' id='word_1_273' title='bbox 605 2157 855 2227; x_wconf 77' lang='lat' dir='ltr'><strong>corporis</strong></span> <span class='ocrx_word' id='word_1_274' title='bbox 903 2157 1144 2213; x_wconf 80' lang='lat' dir='ltr'><strong>servitus</strong></span> <span class='ocrx_word' id='word_1_275' title='bbox 1188 2157 1450 2227; x_wconf 89' lang='lat' dir='ltr'><strong>obesset),</strong></span> <span class='ocrx_word' id='word_1_276' title='bbox 1494 2157 1622 2225; x_wconf 90' lang='lat' dir='ltr'><strong>hoc,</strong></span> <span class='ocrx_word' id='word_1_277' title='bbox 1665 2157 1914 2227; x_wconf 87' lang='lat' dir='ltr'><strong>inquam,</strong></span> 
     </span>
    </p>
   </div>
   <div class='ocr_carea' id='block_1_38' title="bbox 341 2244 1918 2318">
    <p class='ocr_par' dir='ltr' id='par_1_38' title="bbox 341 2244 1918 2318">
     <span class='ocr_line' id='line_1_38' title="bbox 341 2244 1918 2318; baseline 0.004 -20"><span class='ocrx_word' id='word_1_278' title='bbox 341 2244 573 2301; x_wconf 81' lang='lat' dir='ltr'><strong>asserit:</strong></span> <span class='ocrx_word' id='word_1_279' title='bbox 596 2247 835 2318; x_wconf 62' lang='lat' dir='ltr'><strong>aequales</strong></span> <span class='ocrx_word' id='word_1_280' title='bbox 861 2261 1054 2303; x_wconf 89' lang='lat' dir='ltr'><strong>omnes</strong></span> <span class='ocrx_word' id='word_1_281' title='bbox 1081 2249 1294 2303; x_wconf 88' lang='lat' dir='ltr'><strong>animas</strong></span> <span class='ocrx_word' id='word_1_282' title='bbox 1321 2263 1463 2312; x_wconf 90' lang='lat' dir='ltr'><strong>esse,</strong></span> <span class='ocrx_word' id='word_1_283' title='bbox 1495 2257 1550 2302; x_wconf 90' lang='lat' dir='ltr'><strong>et</strong></span> <span class='ocrx_word' id='word_1_284' title='bbox 1581 2247 1637 2302; x_wconf 92' lang='lat' dir='ltr'><strong>in</strong></span> <span class='ocrx_word' id='word_1_285' title='bbox 1664 2248 1918 2304; x_wconf 78' lang='lat' dir='ltr'><strong>omnibus</strong></span> 
     </span>
    </p>
   </div>
   <div class='ocr_carea' id='block_1_39' title="bbox 343 2338 1920 2411">
    <p class='ocr_par' dir='ltr' id='par_1_39' title="bbox 343 2338 1920 2411">
     <span class='ocr_line' id='line_1_39' title="bbox 343 2338 1920 2411; baseline 0.003 -19"><span class='ocrx_word' id='word_1_286' title='bbox 343 2338 562 2394; x_wconf 81' lang='lat' dir='ltr'><strong>unicam</strong></span> <span class='ocrx_word' id='word_1_287' title='bbox 612 2340 862 2410; x_wconf 80' lang='lat' dir='ltr'><strong>reperiri,</strong></span> <span class='ocrx_word' id='word_1_288' title='bbox 895 2349 1007 2396; x_wconf 91' lang='lat' dir='ltr'><strong>tam</strong></span> <span class='ocrx_word' id='word_1_289' title='bbox 1039 2339 1352 2396; x_wconf 89' lang='lat' dir='ltr'><strong>hominibus</strong></span> <span class='ocrx_word' id='word_1_290' title='bbox 1390 2339 1600 2396; x_wconf 86' lang='lat' dir='ltr'><strong>scilicet</strong></span> <span class='ocrx_word' id='word_1_291' title='bbox 1630 2355 1792 2411; x_wconf 86' lang='lat' dir='ltr'><strong>quam</strong></span> <span class='ocrx_word' id='word_1_292' title='bbox 1833 2356 1920 2410; x_wconf 89' lang='lat' dir='ltr'><strong>pe-</strong></span> 
     </span>
    </p>
   </div>
   <div class='ocr_carea' id='block_1_40' title="bbox 344 2429 1919 2502">
    <p class='ocr_par' dir='ltr' id='par_1_40' title="bbox 344 2429 1919 2502">
     <span class='ocr_line' id='line_1_40' title="bbox 344 2429 1919 2502; baseline 0.003 -18"><span class='ocrx_word' id='word_1_293' title='bbox 344 2429 598 2496; x_wconf 88' lang='lat' dir='ltr'><strong>cudibus,</strong></span> <span class='ocrx_word' id='word_1_294' title='bbox 653 2429 806 2492; x_wconf 83' lang='lat' dir='ltr'><strong>feris.</strong></span> <span class='ocrx_word' id='word_1_295' title='bbox 867 2431 1082 2497; x_wconf 86' lang='lat' dir='ltr'><strong>avibus,</strong></span> <span class='ocrx_word' id='word_1_296' title='bbox 1137 2431 1506 2502; x_wconf 86' lang='lat' dir='ltr'><strong>serpentibus,</strong></span> <span class='ocrx_word' id='word_1_297' title='bbox 1565 2431 1919 2498; x_wconf 87' lang='lat' dir='ltr'><strong>animalibus,</strong></span> 
     </span>
    </p>
   </div>
   <div class='ocr_carea' id='block_1_41' title="bbox 343 2518 1926 2590">
    <p class='ocr_par' dir='ltr' id='par_1_41' title="bbox 343 2518 1926 2590">
     <span class='ocr_line' id='line_1_41' title="bbox 343 2518 1926 2590; baseline 0.002 -19"><span class='ocrx_word' id='word_1_298' title='bbox 343 2519 684 2585; x_wconf 69' lang='lat' dir='ltr'><strong>volucribus,</strong></span> <span class='ocrx_word' id='word_1_299' title='bbox 718 2518 984 2590; x_wconf 82' lang='lat' dir='ltr'><strong>piscibus,</strong></span> <span class='ocrx_word' id='word_1_300' title='bbox 1015 2518 1230 2583; x_wconf 88' lang='lat' dir='ltr'><strong>bestiis,</strong></span> <span class='ocrx_word' id='word_1_301' title='bbox 1261 2518 1670 2590; x_wconf 86' lang='lat' dir='ltr'><strong>herbarumque</strong></span> <span class='ocrx_word' id='word_1_302' title='bbox 1703 2521 1926 2576; x_wconf 89' lang='lat' dir='ltr'><strong>semini-</strong></span> 
     </span>
    </p>
   </div>
   <div class='ocr_carea' id='block_1_42' title="bbox 343 2608 1920 2684">
    <p class='ocr_par' dir='ltr' id='par_1_42' title="bbox 343 2608 1920 2684">
     <span class='ocr_line' id='line_1_42' title="bbox 343 2608 1920 2684; baseline 0.003 -18"><span class='ocrx_word' id='word_1_303' title='bbox 343 2608 470 2674; x_wconf 75' lang='lat' dir='ltr'><strong>bus,</strong></span> <span class='ocrx_word' id='word_1_304' title='bbox 497 2615 553 2665; x_wconf 88' lang='lat' dir='ltr'><strong>et</strong></span> <span class='ocrx_word' id='word_1_305' title='bbox 573 2609 883 2678; x_wconf 80' lang='lat' dir='ltr'><strong>arboribus,</strong></span> <span class='ocrx_word' id='word_1_306' title='bbox 913 2611 1233 2681; x_wconf 84' lang='lat' dir='ltr'><strong>caeterisque</strong></span> <span class='ocrx_word' id='word_1_307' title='bbox 1257 2627 1377 2682; x_wconf 84' lang='lat' dir='ltr'><strong>quae</strong></span> <span class='ocrx_word' id='word_1_308' title='bbox 1397 2611 1570 2668; x_wconf 90' lang='lat' dir='ltr'><strong>videri</strong></span> <span class='ocrx_word' id='word_1_309' title='bbox 1594 2613 1770 2669; x_wconf 91' lang='lat' dir='ltr'><strong>oculis</strong></span> <span class='ocrx_word' id='word_1_310' title='bbox 1791 2630 1920 2684; x_wconf 89' lang='lat' dir='ltr'><strong>pos-</strong></span> 
     </span>
    </p>
   </div>
   <div class='ocr_carea' id='block_1_43' title="bbox 343 2700 1918 2775">
    <p class='ocr_par' dir='ltr' id='par_1_43' title="bbox 343 2700 1918 2775">
     <span class='ocr_line' id='line_1_43' title="bbox 343 2700 1918 2775; baseline 0.002 -17"><span class='ocrx_word' id='word_1_311' title='bbox 343 2709 498 2759; x_wconf 70' lang='lat' dir='ltr'><strong>sunt.</strong></span> <span class='ocrx_word' id='word_1_312' title='bbox 520 2706 589 2756; x_wconf 85' lang='lat' dir='ltr'><strong>At</strong></span> <span class='ocrx_word' id='word_1_313' title='bbox 615 2717 725 2757; x_wconf 86' lang='lat' dir='ltr'><strong>non</strong></span> <span class='ocrx_word' id='word_1_314' title='bbox 754 2700 900 2759; x_wconf 87' lang='lat' dir='ltr'><strong>istud</strong></span> <span class='ocrx_word' id='word_1_315' title='bbox 925 2701 1086 2758; x_wconf 90' lang='lat' dir='ltr'><strong>nobis</strong></span> <span class='ocrx_word' id='word_1_316' title='bbox 1109 2716 1139 2758; x_wconf 85' lang='lat' dir='ltr'><strong>a</strong></span> <span class='ocrx_word' id='word_1_317' title='bbox 1167 2700 1400 2759; x_wconf 85' lang='lat' dir='ltr'><strong>Domino</strong></span> <span class='ocrx_word' id='word_1_318' title='bbox 1422 2703 1788 2775; x_wconf 80' lang='lat' dir='ltr'><strong>signiﬁcatum</strong></span> <span class='ocrx_word' id='word_1_319' title='bbox 1814 2715 1918 2761; x_wconf 87' lang='lat' dir='ltr'><strong>est.</strong></span> 
     </span>
    </p>
   </div>
   <div class='ocr_carea' id='block_1_44' title="bbox 2017 1880 3607 1961">
    <p class='ocr_par' dir='ltr' id='par_1_44' title="bbox 2017 1880 3607 1961">
     <span class='ocr_line' id='line_1_44' title="bbox 2017 1880 3607 1961; baseline -0.008 -16"><span class='ocrx_word' id='word_1_320' title='bbox 2017 1890 2374 1961; x_wconf 75' lang='grc' dir='ltr'>ἀληθέστερον</span> <span class='ocrx_word' id='word_1_321' title='bbox 2400 1889 2535 1961; x_wconf 74' lang='grc' dir='ltr'>πρὸς</span> <span class='ocrx_word' id='word_1_322' title='bbox 2573 1885 2918 1955; x_wconf 76' lang='grc' dir='ltr'>ἀποκάλυψιν</span> <span class='ocrx_word' id='word_1_323' title='bbox 2952 1883 3098 1954; x_wconf 79' lang='grc' dir='ltr'>ζωῆς</span> <span class='ocrx_word' id='word_1_324' title='bbox 3146 1881 3468 1953; x_wconf 78' lang='grc' dir='ltr'>ἀνθρώπων.</span> <span class='ocrx_word' id='word_1_325' title='bbox 3499 1880 3607 1934; x_wconf 83' lang='grc' dir='ltr'><strong>Φά-</strong></span> 
     </span>
    </p>
   </div>
   <div class='ocr_carea' id='block_1_45' title="bbox 2021 1971 3606 2050">
    <p class='ocr_par' dir='ltr' id='par_1_45' title="bbox 2021 1971 3606 2050">
     <span class='ocr_line' id='line_1_45' title="bbox 2021 1971 3606 2050; baseline -0.006 -17"><span class='ocrx_word' id='word_1_326' title='bbox 2021 1997 2139 2033; x_wconf 87' lang='grc' dir='ltr'>σκει</span> <span class='ocrx_word' id='word_1_327' title='bbox 2161 1979 2270 2050; x_wconf 84' lang='grc' dir='ltr'><strong>γάρ</strong></span> <span class='ocrx_word' id='word_1_328' title='bbox 2291 1971 2447 2042; x_wconf 79' lang='grc' dir='ltr'>οὗτος</span> <span class='ocrx_word' id='word_1_329' title='bbox 2470 1981 2498 2032; x_wconf 88' lang='grc' dir='ltr'>ὁ</span> <span class='ocrx_word' id='word_1_330' title='bbox 2549 1975 2826 2048; x_wconf 76' lang='grc' dir='ltr'>βάρϐαρος</span> <span class='ocrx_word' id='word_1_331' title='bbox 2853 1974 2986 2045; x_wconf 76' lang='grc' dir='ltr'>ἡμῖν</span> <span class='ocrx_word' id='word_1_332' title='bbox 3017 1971 3326 2043; x_wconf 86' lang='grc' dir='ltr'>παρελθὼν,</span> <span class='ocrx_word' id='word_1_333' title='bbox 3367 1971 3606 2042; x_wconf 81' lang='grc' dir='ltr'>Πέρσης,</span> 
     </span>
    </p>
   </div>
   <div class='ocr_carea' id='block_1_46' title="bbox 2019 2061 3595 2141">
    <p class='ocr_par' dir='ltr' id='par_1_46' title="bbox 2019 2061 3595 2141">
     <span class='ocr_line' id='line_1_46' title="bbox 2019 2061 3595 2141; baseline -0.004 -19"><span class='ocrx_word' id='word_1_334' title='bbox 2019 2070 2114 2124; x_wconf 75' lang='grc' dir='ltr'>καὶ</span> <span class='ocrx_word' id='word_1_335' title='bbox 2140 2070 2324 2134; x_wconf 82' lang='grc' dir='ltr'>δοῦλος</span> <span class='ocrx_word' id='word_1_336' title='bbox 2369 2070 2467 2141; x_wconf 81' lang='grc' dir='ltr'>τὴν</span> <span class='ocrx_word' id='word_1_337' title='bbox 2493 2069 2738 2138; x_wconf 85' lang='grc' dir='ltr'>γνώμην.</span> <span class='ocrx_word' id='word_1_338' title='bbox 2772 2065 2939 2119; x_wconf 82' lang='grc' dir='ltr'>Οὐδὲν</span> <span class='ocrx_word' id='word_1_339' title='bbox 2964 2061 3072 2134; x_wconf 86' lang='grc' dir='ltr'><strong>γάρ</strong></span> <span class='ocrx_word' id='word_1_340' title='bbox 3096 2062 3280 2116; x_wconf 80' lang='grc' dir='ltr'>ἐλύπει</span> <span class='ocrx_word' id='word_1_341' title='bbox 3311 2062 3373 2115; x_wconf 88' lang='grc' dir='ltr'><strong>τὸ</strong></span> <span class='ocrx_word' id='word_1_342' title='bbox 3410 2061 3595 2116; x_wconf 76' lang='grc' dir='ltr'>δοῦλον</span> 
     </span>
    </p>
   </div>
   <div class='ocr_carea' id='block_1_47' title="bbox 2020 2153 3608 2230">
    <p class='ocr_par' dir='ltr' id='par_1_47' title="bbox 2020 2153 3608 2230">
     <span class='ocr_line' id='line_1_47' title="bbox 2020 2153 3608 2230; baseline -0.004 -13"><span class='ocrx_word' id='word_1_343' title='bbox 2020 2163 2180 2217; x_wconf 81' lang='grc' dir='ltr'>αὐτὸν</span> <span class='ocrx_word' id='word_1_344' title='bbox 2233 2159 2372 2217; x_wconf 71' lang='grc' dir='ltr'>εἶναι</span> <span class='ocrx_word' id='word_1_345' title='bbox 2420 2161 2565 2215; x_wconf 83' lang='grc' dir='ltr'>κατά</span> <span class='ocrx_word' id='word_1_346' title='bbox 2588 2160 2651 2214; x_wconf 83' lang='grc' dir='ltr'>τὺ</span> <span class='ocrx_word' id='word_1_347' title='bbox 2680 2158 2860 2230; x_wconf 88' lang='grc' dir='ltr'>σῶμα.</span> <span class='ocrx_word' id='word_1_348' title='bbox 2899 2159 3067 2228; x_wconf 75' lang='grc' dir='ltr'>Φησὶν</span> <span class='ocrx_word' id='word_1_349' title='bbox 3101 2153 3218 2220; x_wconf 76' lang='grc' dir='ltr'>οὖν,</span> <span class='ocrx_word' id='word_1_350' title='bbox 3239 2157 3323 2210; x_wconf 84' lang='grc' dir='ltr'>ὅτι</span> <span class='ocrx_word' id='word_1_351' title='bbox 3347 2157 3517 2210; x_wconf 81' lang='grc' dir='ltr'>πᾶσαι</span> <span class='ocrx_word' id='word_1_352' title='bbox 3548 2157 3608 2210; x_wconf 78' lang='grc' dir='ltr'>αἱ</span> 
     </span>
    </p>
   </div>
   <div class='ocr_carea' id='block_1_48' title="bbox 2019 2237 3706 2326">
    <p class='ocr_par' dir='ltr' id='par_1_48' title="bbox 2019 2237 3706 2326">
     <span class='ocr_line' id='line_1_48' title="bbox 2019 2237 3706 2326; baseline -0.005 -18"><span class='ocrx_word' id='word_1_353' title='bbox 2019 2255 2191 2326; x_wconf 78' lang='grc' dir='ltr'>ψυχαὶ</span> <span class='ocrx_word' id='word_1_354' title='bbox 2213 2255 2326 2308; x_wconf 84' lang='grc' dir='ltr'>ίσαι</span> <span class='ocrx_word' id='word_1_355' title='bbox 2351 2254 2479 2319; x_wconf 75' lang='grc' dir='ltr'>εἰσὶ,</span> <span class='ocrx_word' id='word_1_356' title='bbox 2529 2254 2624 2307; x_wconf 71' lang='grc' dir='ltr'><strong>καὶ</strong></span> <span class='ocrx_word' id='word_1_357' title='bbox 2646 2253 2682 2323; x_wconf 79' lang='grc' dir='ltr'>ἠ</span> <span class='ocrx_word' id='word_1_358' title='bbox 2737 2251 2836 2322; x_wconf 87' lang='grc' dir='ltr'><strong>μία</strong></span> <span class='ocrx_word' id='word_1_359' title='bbox 2860 2251 2916 2303; x_wconf 78' lang='grc' dir='ltr'>ὲν</span> <span class='ocrx_word' id='word_1_360' title='bbox 2939 2249 3112 2303; x_wconf 76' lang='grc' dir='ltr'>ἅπασι</span> <span class='ocrx_word' id='word_1_361' title='bbox 3147 2248 3428 2318; x_wconf 76' lang='grc' dir='ltr'>τυγχάνει,</span> <span class='ocrx_word' id='word_1_362' title='bbox 3457 2247 3514 2300; x_wconf 84' lang='grc' dir='ltr'>ἔν</span> <span class='ocrx_word' id='word_1_363' title='bbox 3547 2265 3609 2300; x_wconf 87' lang='grc' dir='ltr'><strong>τε</strong></span> <span class='ocrx_word' id='word_1_364' title='bbox 3700 2237 3706 2246; x_wconf 75' lang='grc'><em>’</em></span> 
     </span>
    </p>
   </div>
   <div class='ocr_carea' id='block_1_49' title="bbox 2021 2339 3611 2418">
    <p class='ocr_par' dir='ltr' id='par_1_49' title="bbox 2021 2339 3611 2418">
     <span class='ocr_line' id='line_1_49' title="bbox 2021 2339 3611 2418; baseline -0.007 -15"><span class='ocrx_word' id='word_1_365' title='bbox 2021 2347 2328 2418; x_wconf 82' lang='grc' dir='ltr'>ἀνθρώποις</span> <span class='ocrx_word' id='word_1_366' title='bbox 2355 2347 2449 2402; x_wconf 79' lang='grc' dir='ltr'><strong>καὶ</strong></span> <span class='ocrx_word' id='word_1_367' title='bbox 2475 2346 2715 2414; x_wconf 87' lang='grc' dir='ltr'>κτήνεσι,</span> <span class='ocrx_word' id='word_1_368' title='bbox 2747 2344 2840 2397; x_wconf 75' lang='grc' dir='ltr'><strong>καὶ</strong></span> <span class='ocrx_word' id='word_1_369' title='bbox 2870 2341 3052 2413; x_wconf 81' lang='grc' dir='ltr'>θηρσὶ,</span> <span class='ocrx_word' id='word_1_370' title='bbox 3079 2341 3171 2395; x_wconf 69' lang='grc' dir='ltr'>καὶ</span> <span class='ocrx_word' id='word_1_371' title='bbox 3200 2343 3484 2403; x_wconf 83' lang='grc' dir='ltr'>πετεινοῖς,</span> <span class='ocrx_word' id='word_1_372' title='bbox 3516 2339 3611 2393; x_wconf 75' lang='grc' dir='ltr'><strong>καὶ</strong></span> 
     </span>
    </p>
   </div>
   <div class='ocr_carea' id='block_1_50' title="bbox 2023 2427 3609 2510">
    <p class='ocr_par' dir='ltr' id='par_1_50' title="bbox 2023 2427 3609 2510">
     <span class='ocr_line' id='line_1_50' title="bbox 2023 2427 3609 2510; baseline -0.006 -18"><span class='ocrx_word' id='word_1_373' title='bbox 2023 2440 2292 2510; x_wconf 77' lang='grc' dir='ltr'>ἑρπετοῖς,</span> <span class='ocrx_word' id='word_1_374' title='bbox 2330 2438 2426 2492; x_wconf 77' lang='grc' dir='ltr'>καὶ</span> <span class='ocrx_word' id='word_1_375' title='bbox 2459 2427 2638 2502; x_wconf 73' lang='grc' dir='ltr'>ζώοις,</span> <span class='ocrx_word' id='word_1_376' title='bbox 2698 2434 2921 2503; x_wconf 85' lang='grc' dir='ltr'>πτηνοῖς</span> <span class='ocrx_word' id='word_1_377' title='bbox 2969 2448 3031 2484; x_wconf 90' lang='grc' dir='ltr'><strong>τε</strong></span> <span class='ocrx_word' id='word_1_378' title='bbox 3059 2431 3152 2484; x_wconf 74' lang='grc' dir='ltr'><strong>καὶ</strong></span> <span class='ocrx_word' id='word_1_379' title='bbox 3178 2430 3430 2494; x_wconf 81' lang='grc' dir='ltr'>ὲναλίοις,</span> <span class='ocrx_word' id='word_1_380' title='bbox 3465 2447 3609 2484; x_wconf 85' lang='grc' dir='ltr'>κνω-</span> 
     </span>
    </p>
   </div>
   <div class='ocr_carea' id='block_1_51' title="bbox 2023 2523 3612 2598">
    <p class='ocr_par' dir='ltr' id='par_1_51' title="bbox 2023 2523 3612 2598">
     <span class='ocr_line' id='line_1_51' title="bbox 2023 2523 3612 2598; baseline -0.007 -12"><span class='ocrx_word' id='word_1_381' title='bbox 2023 2531 2202 2593; x_wconf 82' lang='grc' dir='ltr'>δάλοις</span> <span class='ocrx_word' id='word_1_382' title='bbox 2228 2548 2288 2583; x_wconf 86' lang='grc' dir='ltr'><strong>τε</strong></span> <span class='ocrx_word' id='word_1_383' title='bbox 2323 2530 2418 2584; x_wconf 78' lang='grc' dir='ltr'>καὶ</span> <span class='ocrx_word' id='word_1_384' title='bbox 2443 2529 2500 2582; x_wconf 82' lang='grc' dir='ltr'>ὲν</span> <span class='ocrx_word' id='word_1_385' title='bbox 2531 2528 2809 2598; x_wconf 86' lang='grc' dir='ltr'>σπέρμασι</span> <span class='ocrx_word' id='word_1_386' title='bbox 2838 2525 3216 2597; x_wconf 76' lang='grc' dir='ltr'>γεννημάτων,</span> <span class='ocrx_word' id='word_1_387' title='bbox 3249 2524 3308 2579; x_wconf 83' lang='grc' dir='ltr'>ὲν</span> <span class='ocrx_word' id='word_1_388' title='bbox 3336 2523 3512 2590; x_wconf 78' lang='grc' dir='ltr'>ξύλοις</span> <span class='ocrx_word' id='word_1_389' title='bbox 3547 2539 3612 2576; x_wconf 86' lang='grc' dir='ltr'><strong>τε</strong></span> 
     </span>
    </p>
   </div>
   <div class='ocr_carea' id='block_1_52' title="bbox 2025 2613 3613 2689">
    <p class='ocr_par' dir='ltr' id='par_1_52' title="bbox 2025 2613 3613 2689">
     <span class='ocr_line' id='line_1_52' title="bbox 2025 2613 3613 2689; baseline -0.006 -13"><span class='ocrx_word' id='word_1_390' title='bbox 2025 2625 2120 2678; x_wconf 73' lang='grc' dir='ltr'>καὶ</span> <span class='ocrx_word' id='word_1_391' title='bbox 2141 2624 2200 2677; x_wconf 85' lang='grc' dir='ltr'>ὲν</span> <span class='ocrx_word' id='word_1_392' title='bbox 2231 2625 2342 2685; x_wconf 85' lang='grc' dir='ltr'>τοῖς</span> <span class='ocrx_word' id='word_1_393' title='bbox 2365 2620 2544 2684; x_wconf 82' lang='grc' dir='ltr'>ἄλλοις</span> <span class='ocrx_word' id='word_1_394' title='bbox 2567 2620 2736 2672; x_wconf 79' lang='grc' dir='ltr'>πᾶσιν</span> <span class='ocrx_word' id='word_1_395' title='bbox 2761 2618 2999 2689; x_wconf 84' lang='grc' dir='ltr'>ὁρατοῖς.</span> <span class='ocrx_word' id='word_1_396' title='bbox 3025 2617 3134 2671; x_wconf 75' lang='grc' dir='ltr'><strong>Καὶ</strong></span> <span class='ocrx_word' id='word_1_397' title='bbox 3159 2615 3258 2686; x_wconf 81' lang='grc' dir='ltr'><strong>οὐχ</strong></span> <span class='ocrx_word' id='word_1_398' title='bbox 3283 2613 3454 2678; x_wconf 75' lang='grc' dir='ltr'>οὕτως</span> <span class='ocrx_word' id='word_1_399' title='bbox 3507 2615 3613 2667; x_wconf 83' lang='grc' dir='ltr'><strong>ὑπ-</strong></span> 
     </span>
    </p>
   </div>
   <div class='ocr_carea' id='block_1_53' title="bbox 2025 2703 3612 2784">
    <p class='ocr_par' dir='ltr' id='par_1_53' title="bbox 2025 2703 3612 2784">
     <span class='ocr_line' id='line_1_53' title="bbox 2025 2703 3612 2784; baseline -0.012 -11"><span class='ocrx_word' id='word_1_400' title='bbox 2025 2717 2224 2784; x_wconf 74' lang='grc' dir='ltr'>έδειξεν</span> <span class='ocrx_word' id='word_1_401' title='bbox 2251 2717 2280 2768; x_wconf 89' lang='grc' dir='ltr'>ὁ</span> <span class='ocrx_word' id='word_1_402' title='bbox 2304 2713 2508 2784; x_wconf 86' lang='grc' dir='ltr'>Κύριος</span> <span class='ocrx_word' id='word_1_403' title='bbox 2539 2709 2719 2782; x_wconf 83' lang='grc' dir='ltr'>ἡμῶν.</span> <span class='ocrx_word' id='word_1_404' title='bbox 2737 2703 2814 2762; x_wconf 84' lang='grc' dir='ltr'><strong>Ἦ</strong></span> <span class='ocrx_word' id='word_1_405' title='bbox 2849 2707 2958 2778; x_wconf 85' lang='grc' dir='ltr'>γὰρ</span> <span class='ocrx_word' id='word_1_406' title='bbox 2996 2704 3164 2759; x_wconf 77' lang='grc' dir='ltr'>ἐλθὼν</span> <span class='ocrx_word' id='word_1_407' title='bbox 3195 2705 3365 2758; x_wconf 86' lang='grc' dir='ltr'>σῶσαι</span> <span class='ocrx_word' id='word_1_408' title='bbox 3395 2705 3494 2776; x_wconf 80' lang='grc' dir='ltr'>τὴν</span> <span class='ocrx_word' id='word_1_409' title='bbox 3520 2704 3612 2756; x_wconf 84' lang='grc' dir='ltr'>άν-</span> 
     </span>
    </p>
   </div>
   <div class='ocr_carea' id='block_1_54' title="bbox 341 2789 1920 2881">
    <p class='ocr_par' dir='ltr' id='par_1_54' title="bbox 341 2789 1920 2866">
     <span class='ocr_line' id='line_1_54' title="bbox 341 2789 1920 2866; baseline 0.003 -19"><span class='ocrx_word' id='word_1_410' title='bbox 341 2789 480 2848; x_wconf 82' lang='lat' dir='ltr'><strong>Nam</strong></span> <span class='ocrx_word' id='word_1_411' title='bbox 508 2793 558 2849; x_wconf 87' lang='lat' dir='ltr'><strong>si</strong></span> <span class='ocrx_word' id='word_1_412' title='bbox 588 2792 663 2848; x_wconf 88' lang='lat' dir='ltr'><strong>ita</strong></span> <span class='ocrx_word' id='word_1_413' title='bbox 695 2801 864 2862; x_wconf 82' lang='lat' dir='ltr'><strong>esset,</strong></span> <span class='ocrx_word' id='word_1_414' title='bbox 897 2807 1022 2847; x_wconf 92' lang='lat' dir='ltr'><strong>cum</strong></span> <span class='ocrx_word' id='word_1_415' title='bbox 1065 2793 1133 2848; x_wconf 91' lang='lat' dir='ltr'><strong>ad</strong></span> <span class='ocrx_word' id='word_1_416' title='bbox 1168 2793 1392 2849; x_wconf 89' lang='lat' dir='ltr'><strong>humani</strong></span> <span class='ocrx_word' id='word_1_417' title='bbox 1433 2794 1651 2866; x_wconf 80' lang='lat' dir='ltr'><strong>generis</strong></span> <span class='ocrx_word' id='word_1_418' title='bbox 1693 2797 1920 2852; x_wconf 89' lang='lat' dir='ltr'><strong>salutem</strong></span> 
     </span>
    </p>
   </div>
   <div class='ocr_carea' id='block_1_55' title="bbox 2028 2789 3624 2881">
    <p class='ocr_par' dir='ltr' id='par_1_55' title="bbox 2028 2791 3624 2881">
     <span class='ocr_line' id='line_1_55' title="bbox 2028 2791 3624 2881; baseline -0.014 -17"><span class='ocrx_word' id='word_1_419' title='bbox 2028 2807 2374 2881; x_wconf 87' lang='grc' dir='ltr'>θρωπότητα,</span> <span class='ocrx_word' id='word_1_420' title='bbox 2427 2802 2522 2856; x_wconf 73' lang='grc' dir='ltr'><strong>καὶ</strong></span> <span class='ocrx_word' id='word_1_421' title='bbox 2551 2799 2651 2871; x_wconf 81' lang='grc' dir='ltr'>τὴν</span> <span class='ocrx_word' id='word_1_422' title='bbox 2701 2797 2808 2852; x_wconf 89' lang='grc' dir='ltr'><strong>τῶν</strong></span> <span class='ocrx_word' id='word_1_423' title='bbox 2861 2794 3074 2866; x_wconf 83' lang='grc' dir='ltr'>κτηνῶν</span> <span class='ocrx_word' id='word_1_424' title='bbox 3104 2796 3356 2858; x_wconf 76' lang='grc' dir='ltr'>ἐποιεῖτο,</span> <span class='ocrx_word' id='word_1_425' title='bbox 3383 2792 3484 2863; x_wconf 83' lang='grc' dir='ltr'>τὴν</span> <span class='ocrx_word' id='word_1_426' title='bbox 3513 2791 3624 2861; x_wconf 71' lang='grc' dir='ltr'>τῆς</span> 
     </span>
    </p>
   </div>
   <div class='ocr_carea' id='block_1_56' title="bbox 343 2883 1920 2969">
    <p class='ocr_par' dir='ltr' id='par_1_56' title="bbox 343 2883 1920 2957">
     <span class='ocr_line' id='line_1_56' title="bbox 343 2883 1920 2957; baseline 0.002 -18"><span class='ocrx_word' id='word_1_427' title='bbox 343 2883 590 2950; x_wconf 77' lang='lat' dir='ltr'><strong>advenit,</strong></span> <span class='ocrx_word' id='word_1_428' title='bbox 641 2883 880 2954; x_wconf 83' lang='lat' dir='ltr'><strong>pecudes</strong></span> <span class='ocrx_word' id='word_1_429' title='bbox 921 2899 1144 2955; x_wconf 76' lang='lat' dir='ltr'><strong>quoque</strong></span> <span class='ocrx_word' id='word_1_430' title='bbox 1197 2892 1469 2950; x_wconf 90' lang='lat' dir='ltr'><strong>sanasset,</strong></span> <span class='ocrx_word' id='word_1_431' title='bbox 1511 2884 1690 2957; x_wconf 90' lang='lat' dir='ltr'><strong>iisque</strong></span> <span class='ocrx_word' id='word_1_432' title='bbox 1737 2902 1920 2942; x_wconf 87' lang='lat' dir='ltr'><strong>curam</strong></span> 
     </span>
    </p>
   </div>
   <div class='ocr_carea' id='block_1_57' title="bbox 2028 2883 3614 2969">
    <p class='ocr_par' dir='ltr' id='par_1_57' title="bbox 2031 2886 3614 2969">
     <span class='ocr_line' id='line_1_57' title="bbox 2031 2886 3614 2969; baseline -0.011 -13"><span class='ocrx_word' id='word_1_433' title='bbox 2031 2901 2224 2965; x_wconf 78' lang='grc' dir='ltr'>ἰάσεως</span> <span class='ocrx_word' id='word_1_434' title='bbox 2256 2895 2574 2969; x_wconf 76' lang='grc' dir='ltr'>ἐπιμέλειάν</span> <span class='ocrx_word' id='word_1_435' title='bbox 2606 2912 2664 2948; x_wconf 89' lang='grc' dir='ltr'><strong>τε</strong></span> <span class='ocrx_word' id='word_1_436' title='bbox 2698 2891 2792 2947; x_wconf 76' lang='grc' dir='ltr'><strong>καὶ</strong></span> <span class='ocrx_word' id='word_1_437' title='bbox 2824 2890 3142 2963; x_wconf 83' lang='grc' dir='ltr'>θεραπείαν,</span> <span class='ocrx_word' id='word_1_438' title='bbox 3176 2888 3270 2942; x_wconf 72' lang='grc' dir='ltr'><strong>καὶ</strong></span> <span class='ocrx_word' id='word_1_439' title='bbox 3318 2886 3614 2941; x_wconf 83' lang='grc' dir='ltr'>ἀνάστασιν</span> 
     </span>
    </p>
   </div>
   <div class='ocr_carea' id='block_1_58' title="bbox 344 2974 1920 3052">
    <p class='ocr_par' dir='ltr' id='par_1_58' title="bbox 344 2974 1920 3040">
     <span class='ocr_line' id='line_1_58' title="bbox 344 2974 1920 3040; baseline 0.001 -10"><span class='ocrx_word' id='word_1_440' title='bbox 344 2989 410 3030; x_wconf 89' lang='lat' dir='ltr'><strong>ac</strong></span> <span class='ocrx_word' id='word_1_441' title='bbox 451 2976 659 3030; x_wconf 89' lang='lat' dir='ltr'><strong>cultum</strong></span> <span class='ocrx_word' id='word_1_442' title='bbox 694 2974 1058 3040; x_wconf 88' lang='lat' dir='ltr'><strong>adhibuisset,</strong></span> <span class='ocrx_word' id='word_1_443' title='bbox 1090 2990 1153 3030; x_wconf 89' lang='lat' dir='ltr'><strong>ac</strong></span> <span class='ocrx_word' id='word_1_444' title='bbox 1182 2985 1429 3032; x_wconf 84' lang='lat' dir='ltr'><strong>mortua-5</strong></span> <span class='ocrx_word' id='word_1_445' title='bbox 1463 2977 1669 3034; x_wconf 86' lang='lat' dir='ltr'><strong>bestias</strong></span> <span class='ocrx_word' id='word_1_446' title='bbox 1704 2994 1920 3034; x_wconf 86' lang='lat' dir='ltr'><strong>rursum</strong></span> 
     </span>
    </p>
   </div>
   <div class='ocr_carea' id='block_1_59' title="bbox 2028 2974 3612 3052">
    <p class='ocr_par' dir='ltr' id='par_1_59' title="bbox 2028 2977 3612 3052">
     <span class='ocr_line' id='line_1_59' title="bbox 2028 2977 3612 3052; baseline -0.013 -3"><span class='ocrx_word' id='word_1_447' title='bbox 2028 2993 2138 3048; x_wconf 84' lang='grc' dir='ltr'><strong>τῶν</strong></span> <span class='ocrx_word' id='word_1_448' title='bbox 2162 2989 2528 3046; x_wconf 82' lang='grc' dir='ltr'>πεπτωκότων</span> <span class='ocrx_word' id='word_1_449' title='bbox 2563 2986 2716 3051; x_wconf 79' lang='grc' dir='ltr'>ζώων</span> <span class='ocrx_word' id='word_1_450' title='bbox 2777 2983 3046 3052; x_wconf 83' lang='grc' dir='ltr'>συνάγων.</span> <span class='ocrx_word' id='word_1_451' title='bbox 3115 2981 3254 3034; x_wconf 82' lang='grc' dir='ltr'>Ἀλλ’</span> <span class='ocrx_word' id='word_1_452' title='bbox 3286 2979 3384 3050; x_wconf 85' lang='grc' dir='ltr'><strong>οὐχ</strong></span> <span class='ocrx_word' id='word_1_453' title='bbox 3437 2977 3612 3041; x_wconf 74' lang='grc' dir='ltr'>οὕτως</span> 
     </span>
    </p>
   </div>
   <div class='ocr_carea' id='block_1_60' title="bbox 345 3062 1920 3162">
    <p class='ocr_par' dir='ltr' id='par_1_60' title="bbox 345 3065 1920 3139">
     <span class='ocr_line' id='line_1_60' title="bbox 345 3065 1920 3139; baseline 0.001 -18"><span class='ocrx_word' id='word_1_454' title='bbox 345 3066 416 3122; x_wconf 88' lang='lat' dir='ltr'><strong>ad</strong></span> <span class='ocrx_word' id='word_1_455' title='bbox 443 3067 613 3122; x_wconf 80' lang='lat' dir='ltr'><strong>vitam</strong></span> <span class='ocrx_word' id='word_1_456' title='bbox 656 3067 972 3123; x_wconf 81' lang='lat' dir='ltr'><strong>excitasset.</strong></span> <span class='ocrx_word' id='word_1_457' title='bbox 995 3065 1160 3139; x_wconf 76' lang='lat'><strong>650</strong></span> <span class='ocrx_word' id='word_1_458' title='bbox 1188 3066 1356 3137; x_wconf 90' lang='lat' dir='ltr'><strong>Atqui</strong></span> <span class='ocrx_word' id='word_1_459' title='bbox 1387 3066 1547 3137; x_wconf 76' lang='lat' dir='ltr'><strong>longe</strong></span> <span class='ocrx_word' id='word_1_460' title='bbox 1595 3067 1701 3123; x_wconf 90' lang='lat' dir='ltr'><strong>alia</strong></span> <span class='ocrx_word' id='word_1_461' title='bbox 1736 3084 1920 3122; x_wconf 87' lang='lat' dir='ltr'><strong>narra-</strong></span> 
     </span>
    </p>
   </div>
   <div class='ocr_carea' id='block_1_61' title="bbox 2028 3062 3614 3162">
    <p class='ocr_par' dir='ltr' id='par_1_61' title="bbox 2028 3062 3614 3156">
     <span class='ocr_line' id='line_1_61' title="bbox 2028 3062 3614 3156; baseline -0.011 -18"><span class='ocrx_word' id='word_1_462' title='bbox 2028 3085 2312 3156; x_wconf 84' lang='grc' dir='ltr'>διηγεῖται,</span> <span class='ocrx_word' id='word_1_463' title='bbox 2336 3080 2456 3134; x_wconf 81' lang='grc' dir='ltr'>οὐδὲ</span> <span class='ocrx_word' id='word_1_464' title='bbox 2483 3079 2654 3140; x_wconf 78' lang='grc' dir='ltr'>οὓτως</span> <span class='ocrx_word' id='word_1_465' title='bbox 2675 3075 2936 3138; x_wconf 85' lang='grc' dir='ltr'>διδάσκει,</span> <span class='ocrx_word' id='word_1_466' title='bbox 2969 3071 3044 3143; x_wconf 85' lang='grc' dir='ltr'>μὴ</span> <span class='ocrx_word' id='word_1_467' title='bbox 3059 3069 3306 3140; x_wconf 73' lang='grc' dir='ltr'>’γένοιτοῐ</span> <span class='ocrx_word' id='word_1_468' title='bbox 3339 3069 3476 3122; x_wconf 84' lang='grc' dir='ltr'>Ἀλλ’</span> <span class='ocrx_word' id='word_1_469' title='bbox 3505 3062 3614 3122; x_wconf 86' lang='grc' dir='ltr'>οἶδε</span> 
     </span>
    </p>
   </div>
   <div class='ocr_carea' id='block_1_62' title="bbox 342 3156 1920 3247">
    <p class='ocr_par' dir='ltr' id='par_1_62' title="bbox 342 3156 1920 3229">
     <span class='ocr_line' id='line_1_62' title="bbox 342 3156 1920 3229; baseline 0.003 -20"><span class='ocrx_word' id='word_1_470' title='bbox 342 3156 444 3223; x_wconf 90' lang='lat' dir='ltr'><strong>vit,</strong></span> <span class='ocrx_word' id='word_1_471' title='bbox 495 3172 598 3213; x_wconf 89' lang='lat' dir='ltr'><strong>nec</strong></span> <span class='ocrx_word' id='word_1_472' title='bbox 632 3157 786 3213; x_wconf 65' lang='lat' dir='ltr'><strong>istud.</strong></span> <span class='ocrx_word' id='word_1_473' title='bbox 819 3173 1058 3227; x_wconf 88' lang='lat' dir='ltr'><strong>unquam</strong></span> <span class='ocrx_word' id='word_1_474' title='bbox 1093 3157 1300 3212; x_wconf 91' lang='lat' dir='ltr'><strong>docuit.</strong></span> <span class='ocrx_word' id='word_1_475' title='bbox 1345 3158 1535 3214; x_wconf 80' lang='lat' dir='ltr'><strong>Absit!</strong></span> <span class='ocrx_word' id='word_1_476' title='bbox 1596 3158 1654 3213; x_wconf 90' lang='lat' dir='ltr'><strong>Si</strong></span> <span class='ocrx_word' id='word_1_477' title='bbox 1704 3160 1920 3229; x_wconf 81' lang='lat' dir='ltr'><strong>quidem</strong></span> 
     </span>
    </p>
   </div>
   <div class='ocr_carea' id='block_1_63' title="bbox 2028 3156 3616 3247">
    <p class='ocr_par' dir='ltr' id='par_1_63' title="bbox 2033 3159 3616 3247">
     <span class='ocr_line' id='line_1_63' title="bbox 2033 3159 3616 3247; baseline -0.01 -18"><span class='ocrx_word' id='word_1_478' title='bbox 2033 3177 2130 3247; x_wconf 88' lang='grc' dir='ltr'><strong>μὲν</strong></span> <span class='ocrx_word' id='word_1_479' title='bbox 2168 3174 2330 3237; x_wconf 77' lang='grc' dir='ltr'>αὐτὸς</span> <span class='ocrx_word' id='word_1_480' title='bbox 2384 3171 2484 3234; x_wconf 82' lang='grc' dir='ltr'>τὰς</span> <span class='ocrx_word' id='word_1_481' title='bbox 2531 3167 2710 3240; x_wconf 78' lang='grc' dir='ltr'>ψυχὰς</span> <span class='ocrx_word' id='word_1_482' title='bbox 2757 3165 2868 3219; x_wconf 82' lang='grc' dir='ltr'><strong>τῶν</strong></span> <span class='ocrx_word' id='word_1_483' title='bbox 2927 3163 3232 3234; x_wconf 84' lang='grc' dir='ltr'>ἀνθρώπων</span> <span class='ocrx_word' id='word_1_484' title='bbox 3293 3160 3506 3227; x_wconf 79' lang='grc' dir='ltr'>σώζειν,</span> <span class='ocrx_word' id='word_1_485' title='bbox 3545 3159 3616 3230; x_wconf 77' lang='grc' dir='ltr'>ἣν</span> 
     </span>
    </p>
   </div>
   <div class='ocr_carea' id='block_1_64' title="bbox 343 3244 1924 3320">
    <p class='ocr_par' dir='ltr' id='par_1_64' title="bbox 343 3244 1924 3320">
     <span class='ocr_line' id='line_1_64' title="bbox 343 3244 1924 3320; baseline 0.003 -20"><span class='ocrx_word' id='word_1_486' title='bbox 343 3244 629 3300; x_wconf 86' lang='lat' dir='ltr'><strong>hominum</strong></span> <span class='ocrx_word' id='word_1_487' title='bbox 673 3261 732 3301; x_wconf 91' lang='lat' dir='ltr'><strong>se</strong></span> <span class='ocrx_word' id='word_1_488' title='bbox 776 3247 974 3302; x_wconf 85' lang='lat' dir='ltr'><strong>animis</strong></span> <span class='ocrx_word' id='word_1_489' title='bbox 1035 3247 1265 3303; x_wconf 87' lang='lat' dir='ltr'><strong>salutem</strong></span> <span class='ocrx_word' id='word_1_490' title='bbox 1320 3251 1560 3306; x_wconf 84' lang='lat' dir='ltr'><strong>tribuere</strong></span> <span class='ocrx_word' id='word_1_491' title='bbox 1613 3254 1924 3320; x_wconf 80' lang='lat' dir='ltr'><strong>proﬁtetur,</strong></span> 
     </span>
    </p>
   </div>
   <div class='ocr_carea' id='block_1_65' title="bbox 345 3337 1924 3412">
    <p class='ocr_par' dir='ltr' id='par_1_65' title="bbox 345 3337 1924 3412">
     <span class='ocr_line' id='line_1_65' title="bbox 345 3337 1924 3412; baseline 0.004 -21"><span class='ocrx_word' id='word_1_492' title='bbox 345 3353 512 3408; x_wconf 84' lang='lat' dir='ltr'><strong>quam</strong></span> <span class='ocrx_word' id='word_1_493' title='bbox 548 3337 654 3392; x_wconf 91' lang='lat' dir='ltr'><strong>hoc</strong></span> <span class='ocrx_word' id='word_1_494' title='bbox 691 3337 979 3409; x_wconf 69' lang='lat' dir='ltr'><strong>aanigmate</strong></span> <span class='ocrx_word' id='word_1_495' title='bbox 1022 3340 1261 3395; x_wconf 85' lang='lat' dir='ltr'><strong>breviter</strong></span> <span class='ocrx_word' id='word_1_496' title='bbox 1293 3343 1612 3412; x_wconf 74' lang='lat' dir='ltr'><strong>complexus</strong></span> <span class='ocrx_word' id='word_1_497' title='bbox 1651 3351 1754 3408; x_wconf 89' lang='lat' dir='ltr'><strong>est,</strong></span> <span class='ocrx_word' id='word_1_498' title='bbox 1801 3360 1924 3399; x_wconf 85' lang='lat' dir='ltr'><strong>Clllll</strong></span> 
     </span>
    </p>
   </div>
   <div class='ocr_carea' id='block_1_66' title="bbox 346 3427 1923 3506">
    <p class='ocr_par' dir='ltr' id='par_1_66' title="bbox 346 3427 1923 3506">
     <span class='ocr_line' id='line_1_66' title="bbox 346 3427 1923 3506; baseline 0.003 -24"><span class='ocrx_word' id='word_1_499' title='bbox 346 3429 486 3490; x_wconf 77' lang='lat' dir='ltr'><strong>dixit</strong></span> <span class='ocrx_word' id='word_1_500' title='bbox 518 3448 531 3484; x_wconf 91' lang='lat'>:</span> <span class='ocrx_word' id='word_1_501' title='bbox 563 3427 688 3482; x_wconf 88' lang='lat' dir='ltr'><strong>Non</strong></span> <span class='ocrx_word' id='word_1_502' title='bbox 731 3430 845 3483; x_wconf 75' lang='lat' dir='ltr'><strong>ueni</strong></span> <span class='ocrx_word' id='word_1_503' title='bbox 888 3430 993 3484; x_wconf 86' lang='lat' dir='ltr'><strong>nisi</strong></span> <span class='ocrx_word' id='word_1_504' title='bbox 1035 3442 1246 3501; x_wconf 84' lang='lat' dir='ltr'><strong>propter</strong></span> <span class='ocrx_word' id='word_1_505' title='bbox 1297 3448 1440 3487; x_wconf 78' lang='lat' dir='ltr'><strong>ovem</strong></span> <span class='ocrx_word' id='word_1_506' title='bbox 1477 3451 1593 3505; x_wconf 77' lang='lat' dir='ltr'><strong>qua:</strong></span> <span class='ocrx_word' id='word_1_507' title='bbox 1629 3437 1923 3506; x_wconf 73' lang='lat' dir='ltr'><strong>perierat‘.</strong></span> 
     </span>
    </p>
   </div>
   <div class='ocr_carea' id='block_1_67' title="bbox 348 3519 1928 3586">
    <p class='ocr_par' dir='ltr' id='par_1_67' title="bbox 348 3519 1928 3586">
     <span class='ocr_line' id='line_1_67' title="bbox 348 3519 1928 3586; baseline 0.004 -12"><span class='ocrx_word' id='word_1_508' title='bbox 348 3519 560 3586; x_wconf 80' lang='lat' dir='ltr'><strong>Quibus</strong></span> <span class='ocrx_word' id='word_1_509' title='bbox 589 3520 772 3576; x_wconf 85' lang='lat' dir='ltr'><strong>verbis</strong></span> <span class='ocrx_word' id='word_1_510' title='bbox 797 3519 1110 3577; x_wconf 87' lang='lat' dir='ltr'><strong>universam</strong></span> <span class='ocrx_word' id='word_1_511' title='bbox 1152 3521 1391 3580; x_wconf 89' lang='lat' dir='ltr'><strong>hominis</strong></span> <span class='ocrx_word' id='word_1_512' title='bbox 1430 3533 1684 3580; x_wconf 84' lang='lat' dir='ltr'><strong>naturam</strong></span> <span class='ocrx_word' id='word_1_513' title='bbox 1730 3527 1928 3582; x_wconf 89' lang='lat' dir='ltr'><strong>intelli-</strong></span> 
     </span>
    </p>
   </div>
   <div class='ocr_carea' id='block_1_68' title="bbox 348 3613 1926 3686">
    <p class='ocr_par' dir='ltr' id='par_1_68' title="bbox 348 3613 1926 3686">
     <span class='ocr_line' id='line_1_68' title="bbox 348 3613 1926 3686; baseline 0.003 -20"><span class='ocrx_word' id='word_1_514' title='bbox 348 3614 445 3685; x_wconf 72' lang='lat' dir='ltr'><strong>git.</strong></span> <span class='ocrx_word' id='word_1_515' title='bbox 473 3613 745 3678; x_wconf 84' lang='lat' dir='ltr'><strong>Quidnam</strong></span> <span class='ocrx_word' id='word_1_516' title='bbox 767 3627 900 3669; x_wconf 84' lang='lat' dir='ltr'><strong>vero</strong></span> <span class='ocrx_word' id='word_1_517' title='bbox 927 3620 1191 3682; x_wconf 78' lang='lat' dir='ltr'><strong>praeterea</strong></span> <span class='ocrx_word' id='word_1_518' title='bbox 1222 3615 1489 3685; x_wconf 89' lang='lat' dir='ltr'><strong>scriptum</strong></span> <span class='ocrx_word' id='word_1_519' title='bbox 1522 3617 1638 3672; x_wconf 89' lang='lat' dir='ltr'><strong>est?</strong></span> <span class='ocrx_word' id='word_1_520' title='bbox 1668 3616 1926 3686; x_wconf 76' lang='lat' dir='ltr'><strong>Curabat,</strong></span> 
     </span>
    </p>
   </div>
   <div class='ocr_carea' id='block_1_69' title="bbox 348 3704 1927 3774">
    <p class='ocr_par' dir='ltr' id='par_1_69' title="bbox 348 3704 1927 3774">
     <span class='ocr_line' id='line_1_69' title="bbox 348 3704 1927 3774; baseline 0.003 -15"><span class='ocrx_word' id='word_1_521' title='bbox 348 3704 547 3774; x_wconf 84' lang='lat' dir='ltr'><strong>inquit,</strong></span> <span class='ocrx_word' id='word_1_522' title='bbox 575 3721 751 3758; x_wconf 84' lang='lat' dir='ltr'><strong>omnes</strong></span> <span class='ocrx_word' id='word_1_523' title='bbox 785 3719 913 3773; x_wconf 81' lang='lat' dir='ltr'><strong>quos</strong></span> <span class='ocrx_word' id='word_1_524' title='bbox 946 3705 1235 3774; x_wconf 75' lang='lat' dir='ltr'><strong>o/ferebant</strong></span> <span class='ocrx_word' id='word_1_525' title='bbox 1272 3707 1393 3772; x_wconf 82' lang='lat' dir='ltr'><strong>sibi,</strong></span> <span class='ocrx_word' id='word_1_526' title='bbox 1428 3707 1714 3774; x_wconf 84' lang='lat' dir='ltr'><strong>lunaticos,</strong></span> <span class='ocrx_word' id='word_1_527' title='bbox 1759 3721 1808 3765; x_wconf 88' lang='lat' dir='ltr'><strong>et</strong></span> <span class='ocrx_word' id='word_1_528' title='bbox 1835 3727 1927 3764; x_wconf 86' lang='grc' dir='ltr'><strong>υα-</strong></span> 
     </span>
    </p>
   </div>
   <div class='ocr_carea' id='block_1_70' title="bbox 348 3797 1930 3868">
    <p class='ocr_par' dir='ltr' id='par_1_70' title="bbox 348 3797 1930 3868">
     <span class='ocr_line' id='line_1_70' title="bbox 348 3797 1930 3868; baseline 0.004 -19"><span class='ocrx_word' id='word_1_529' title='bbox 348 3797 444 3851; x_wconf 81' lang='lat' dir='ltr'><strong>riis</strong></span> <span class='ocrx_word' id='word_1_530' title='bbox 476 3797 670 3852; x_wconf 82' lang='lat' dir='ltr'><strong>morbis</strong></span> <span class='ocrx_word' id='word_1_531' title='bbox 697 3797 914 3867; x_wconf 70' lang='lat' dir='ltr'><strong>affectos</strong></span> <span class='ocrx_word' id='word_1_532' title='bbox 935 3797 980 3852; x_wconf 68' lang='lat'><strong>&quot;.</strong></span> <span class='ocrx_word' id='word_1_533' title='bbox 1005 3797 1140 3853; x_wconf 87' lang='lat' dir='ltr'><strong>Cum</strong></span> <span class='ocrx_word' id='word_1_534' title='bbox 1184 3799 1331 3854; x_wconf 89' lang='lat' dir='ltr'><strong>enim</strong></span> <span class='ocrx_word' id='word_1_535' title='bbox 1359 3814 1554 3868; x_wconf 70' lang='lat' dir='ltr'><strong>cazcos,</strong></span> <span class='ocrx_word' id='word_1_536' title='bbox 1596 3801 1817 3868; x_wconf 88' lang='lat' dir='ltr'><strong>surdos,</strong></span> <span class='ocrx_word' id='word_1_537' title='bbox 1853 3803 1930 3857; x_wconf 85' lang='lat' dir='ltr'><strong>iu-</strong></span> 
     </span>
    </p>
   </div>
   <div class='ocr_carea' id='block_1_71' title="bbox 348 3889 1927 3960">
    <p class='ocr_par' dir='ltr' id='par_1_71' title="bbox 348 3889 1927 3960">
     <span class='ocr_line' id='line_1_71' title="bbox 348 3889 1927 3960; baseline 0.003 -18"><span class='ocrx_word' id='word_1_538' title='bbox 348 3903 570 3953; x_wconf 88' lang='lat' dir='ltr'><strong>eurvos,</strong></span> <span class='ocrx_word' id='word_1_539' title='bbox 616 3889 971 3960; x_wconf 80' lang='lat' dir='ltr'><strong>paralyticos,</strong></span> <span class='ocrx_word' id='word_1_540' title='bbox 1018 3904 1245 3947; x_wconf 90' lang='lat' dir='ltr'><strong>mancos</strong></span> <span class='ocrx_word' id='word_1_541' title='bbox 1288 3889 1356 3946; x_wconf 88' lang='lat' dir='ltr'><strong>ad</strong></span> <span class='ocrx_word' id='word_1_542' title='bbox 1398 3905 1524 3946; x_wconf 90' lang='lat' dir='ltr'><strong>cum</strong></span> <span class='ocrx_word' id='word_1_543' title='bbox 1573 3891 1927 3958; x_wconf 88' lang='lat' dir='ltr'><strong>adducerent,</strong></span> 
     </span>
    </p>
   </div>
   <div class='ocr_carea' id='block_1_72' title="bbox 347 3976 1926 4050">
    <p class='ocr_par' dir='ltr' id='par_1_72' title="bbox 347 3976 1926 4050">
     <span class='ocr_line' id='line_1_72' title="bbox 347 3976 1926 4050; baseline 0.001 -17"><span class='ocrx_word' id='word_1_544' title='bbox 347 3976 608 4033; x_wconf 86' lang='lat' dir='ltr'><strong>omnibus</strong></span> <span class='ocrx_word' id='word_1_545' title='bbox 645 3977 972 4034; x_wconf 77' lang='lat' dir='ltr'><strong>beneﬁcium</strong></span> <span class='ocrx_word' id='word_1_546' title='bbox 1002 3993 1163 4034; x_wconf 90' lang='lat' dir='ltr'><strong>suum</strong></span> <span class='ocrx_word' id='word_1_547' title='bbox 1206 3993 1270 4033; x_wconf 90' lang='lat' dir='ltr'><strong>ac</strong></span> <span class='ocrx_word' id='word_1_548' title='bbox 1299 3979 1591 4034; x_wconf 85' lang='lat' dir='ltr'><strong>sanitatem</strong></span> <span class='ocrx_word' id='word_1_549' title='bbox 1618 3979 1804 4050; x_wconf 82' lang='lat' dir='ltr'><strong>largiri</strong></span> <span class='ocrx_word' id='word_1_550' title='bbox 1836 3995 1926 4035; x_wconf 90' lang='lat' dir='ltr'><strong>so-</strong></span> 
     </span>
    </p>
   </div>
   <div class='ocr_carea' id='block_1_73' title="bbox 349 4069 1930 4144">
    <p class='ocr_par' dir='ltr' id='par_1_73' title="bbox 349 4069 1930 4144">
     <span class='ocr_line' id='line_1_73' title="bbox 349 4069 1930 4144; baseline 0.001 -18"><span class='ocrx_word' id='word_1_551' title='bbox 349 4069 517 4138; x_wconf 83' lang='lat' dir='ltr'><strong>lebat,</strong></span> <span class='ocrx_word' id='word_1_552' title='bbox 554 4086 828 4142; x_wconf 81' lang='lat' dir='ltr'><strong>nusquam</strong></span> <span class='ocrx_word' id='word_1_553' title='bbox 879 4087 1014 4128; x_wconf 86' lang='lat' dir='ltr'><strong>vero</strong></span> <span class='ocrx_word' id='word_1_554' title='bbox 1051 4073 1316 4141; x_wconf 86' lang='lat' dir='ltr'><strong>scriptum</strong></span> <span class='ocrx_word' id='word_1_555' title='bbox 1351 4081 1436 4128; x_wconf 88' lang='lat' dir='ltr'><strong>est</strong></span> <span class='ocrx_word' id='word_1_556' title='bbox 1479 4072 1717 4144; x_wconf 88' lang='lat' dir='ltr'><strong>pecudes</strong></span> <span class='ocrx_word' id='word_1_557' title='bbox 1750 4073 1930 4130; x_wconf 89' lang='lat' dir='ltr'><strong>eidem</strong></span> 
     </span>
    </p>
   </div>
   <div class='ocr_carea' id='block_1_74' title="bbox 350 4165 587 4220">
    <p class='ocr_par' dir='ltr' id='par_1_74' title="bbox 350 4165 587 4220">
     <span class='ocr_line' id='line_1_74' title="bbox 350 4165 587 4220; baseline 0.008 -2"><span class='ocrx_word' id='word_1_558' title='bbox 350 4165 587 4220; x_wconf 89' lang='lat' dir='ltr'><strong>oblatas.</strong></span> 
     </span>
    </p>
   </div>
   <div class='ocr_carea' id='block_1_75' title="bbox 419 4254 1930 4328">
    <p class='ocr_par' dir='ltr' id='par_1_75' title="bbox 419 4254 1930 4328">
     <span class='ocr_line' id='line_1_75' title="bbox 419 4254 1930 4328; baseline 0.003 -18"><span class='ocrx_word' id='word_1_559' title='bbox 419 4254 690 4312; x_wconf 65' lang='lat' dir='ltr'><strong>Praeterea</strong></span> <span class='ocrx_word' id='word_1_560' title='bbox 727 4273 851 4313; x_wconf 75' lang='lat' dir='ltr'><strong>cum</strong></span> <span class='ocrx_word' id='word_1_561' title='bbox 882 4259 950 4313; x_wconf 89' lang='lat' dir='ltr'><strong>ad</strong></span> <span class='ocrx_word' id='word_1_562' title='bbox 975 4256 1411 4328; x_wconf 83' lang='lat' dir='ltr'><strong>Gergesenorum</strong></span> <span class='ocrx_word' id='word_1_563' title='bbox 1444 4257 1720 4328; x_wconf 81' lang='lat' dir='ltr'><strong>regionem</strong></span> <span class='ocrx_word' id='word_1_564' title='bbox 1751 4261 1930 4314; x_wconf 85' lang='lat' dir='ltr'><strong>venis-</strong></span> 
     </span>
    </p>
   </div>
   <div class='ocr_carea' id='block_1_76' title="bbox 350 4348 1930 4420">
    <p class='ocr_par' dir='ltr' id='par_1_76' title="bbox 350 4348 1930 4420">
     <span class='ocr_line' id='line_1_76' title="bbox 350 4348 1930 4420; baseline 0.003 -18"><span class='ocrx_word' id='word_1_565' title='bbox 350 4355 456 4413; x_wconf 90' lang='lat' dir='ltr'><strong>set,</strong></span> <span class='ocrx_word' id='word_1_566' title='bbox 496 4359 555 4404; x_wconf 93' lang='lat' dir='ltr'><strong>ut</strong></span> <span class='ocrx_word' id='word_1_567' title='bbox 584 4348 802 4406; x_wconf 85' lang='lat' dir='ltr'><strong>Marcus</strong></span> <span class='ocrx_word' id='word_1_568' title='bbox 849 4352 1128 4420; x_wconf 73' lang='lat' dir='ltr'><strong>asserit’;</strong></span> <span class='ocrx_word' id='word_1_569' title='bbox 1177 4360 1273 4406; x_wconf 87' lang='lat' dir='ltr'><strong>aut</strong></span> <span class='ocrx_word' id='word_1_570' title='bbox 1317 4350 1386 4406; x_wconf 91' lang='lat' dir='ltr'><strong>ad</strong></span> <span class='ocrx_word' id='word_1_571' title='bbox 1437 4367 1629 4407; x_wconf 85' lang='lat' dir='ltr'><strong>eorum</strong></span> <span class='ocrx_word' id='word_1_572' title='bbox 1667 4351 1824 4416; x_wconf 77' lang='lat' dir='ltr'><strong>lines,</strong></span> <span class='ocrx_word' id='word_1_573' title='bbox 1871 4362 1930 4407; x_wconf 91' lang='lat' dir='ltr'><strong>ut</strong></span> 
     </span>
    </p>
   </div>
   <div class='ocr_carea' id='block_1_77' title="bbox 2033 3253 3616 3336">
    <p class='ocr_par' dir='ltr' id='par_1_77' title="bbox 2033 3253 3616 3336">
     <span class='ocr_line' id='line_1_77' title="bbox 2033 3253 3616 3336; baseline -0.008 -16"><span class='ocrx_word' id='word_1_574' title='bbox 2033 3265 2330 3336; x_wconf 81' lang='grc' dir='ltr'>συλλήϐδην</span> <span class='ocrx_word' id='word_1_575' title='bbox 2348 3265 2368 3297; x_wconf 76' lang='grc'><strong><em>⁵</em></strong></span> <span class='ocrx_word' id='word_1_576' title='bbox 2396 3260 2731 3332; x_wconf 83' lang='grc' dir='ltr'>συνειληφὼς</span> <span class='ocrx_word' id='word_1_577' title='bbox 2755 3258 2842 3313; x_wconf 74' lang='grc' dir='ltr'>διὰ</span> <span class='ocrx_word' id='word_1_578' title='bbox 2862 3257 2954 3311; x_wconf 82' lang='grc' dir='ltr'>τοῦ</span> <span class='ocrx_word' id='word_1_579' title='bbox 2980 3256 3301 3327; x_wconf 78' lang='grc' dir='ltr'>αἰνίγματος</span> <span class='ocrx_word' id='word_1_580' title='bbox 3328 3253 3431 3324; x_wconf 76' lang='grc' dir='ltr'><strong>ἔφη</strong></span> <span class='ocrx_word' id='word_1_581' title='bbox 3449 3271 3462 3284; x_wconf 88' lang='grc'><strong>·</strong></span> <span class='ocrx_word' id='word_1_582' title='bbox 3491 3254 3616 3308; x_wconf 78' lang='grc' dir='ltr'><strong>Οὐκ</strong></span> 
     </span>
    </p>
   </div>
   <div class='ocr_carea' id='block_1_78' title="bbox 2030 3345 3616 3426">
    <p class='ocr_par' dir='ltr' id='par_1_78' title="bbox 2030 3345 3616 3426">
     <span class='ocr_line' id='line_1_78' title="bbox 2030 3345 3616 3426; baseline -0.008 -14"><span class='ocrx_word' id='word_1_583' title='bbox 2030 3353 2220 3426; x_wconf 71' lang='grc' dir='ltr'>ἦλθον</span> <span class='ocrx_word' id='word_1_584' title='bbox 2244 3359 2295 3410; x_wconf 86' lang='grc' dir='ltr'>εὶ</span> <span class='ocrx_word' id='word_1_585' title='bbox 2317 3355 2402 3425; x_wconf 79' lang='grc' dir='ltr'>μὴ</span> <span class='ocrx_word' id='word_1_586' title='bbox 2431 3354 2531 3409; x_wconf 85' lang='grc' dir='ltr'>διὰ</span> <span class='ocrx_word' id='word_1_587' title='bbox 2561 3354 2626 3408; x_wconf 83' lang='grc' dir='ltr'>τὸ</span> <span class='ocrx_word' id='word_1_588' title='bbox 2681 3352 2980 3421; x_wconf 76' lang='grc' dir='ltr'>πρόϐατον</span> <span class='ocrx_word' id='word_1_589' title='bbox 3010 3348 3079 3403; x_wconf 81' lang='grc' dir='ltr'>τὸ</span> <span class='ocrx_word' id='word_1_590' title='bbox 3126 3347 3464 3412; x_wconf 72' lang='grc' dir='ltr'>ἀπολωλός.</span> <span class='ocrx_word' id='word_1_591' title='bbox 3496 3345 3616 3400; x_wconf 85' lang='grc' dir='ltr'>Ἵνα</span> 
     </span>
    </p>
   </div>
   <div class='ocr_carea' id='block_1_79' title="bbox 2031 3435 3617 3519">
    <p class='ocr_par' dir='ltr' id='par_1_79' title="bbox 2031 3435 3617 3519">
     <span class='ocr_line' id='line_1_79' title="bbox 2031 3435 3617 3519; baseline -0.007 -18"><span class='ocrx_word' id='word_1_592' title='bbox 2031 3450 2157 3519; x_wconf 81' lang='grc' dir='ltr'>εἴπῃ</span> <span class='ocrx_word' id='word_1_593' title='bbox 2182 3448 2363 3500; x_wconf 78' lang='grc' dir='ltr'>πᾶσαν</span> <span class='ocrx_word' id='word_1_594' title='bbox 2386 3445 2547 3515; x_wconf 81' lang='grc' dir='ltr'>φύσιν</span> <span class='ocrx_word' id='word_1_595' title='bbox 2579 3442 2944 3516; x_wconf 84' lang='grc' dir='ltr'>ἀνθρωπείαν.</span> <span class='ocrx_word' id='word_1_596' title='bbox 2975 3441 3086 3494; x_wconf 77' lang='grc' dir='ltr'><strong>Καὶ</strong></span> <span class='ocrx_word' id='word_1_597' title='bbox 3103 3440 3156 3494; x_wconf 90' lang='grc' dir='ltr'><strong>τί</strong></span> <span class='ocrx_word' id='word_1_598' title='bbox 3189 3456 3352 3510; x_wconf 85' lang='grc' dir='ltr'>φησι;</span> <span class='ocrx_word' id='word_1_599' title='bbox 3392 3435 3617 3506; x_wconf 78' lang='grc' dir='ltr'>Ἐθερά-</span> 
     </span>
    </p>
   </div>
   <div class='ocr_carea' id='block_1_80' title="bbox 2031 3528 3616 3603">
    <p class='ocr_par' dir='ltr' id='par_1_80' title="bbox 2031 3528 3616 3603">
     <span class='ocr_line' id='line_1_80' title="bbox 2031 3528 3616 3603; baseline -0.006 -11"><span class='ocrx_word' id='word_1_600' title='bbox 2031 3556 2176 3593; x_wconf 79' lang='grc' dir='ltr'>πευε</span> <span class='ocrx_word' id='word_1_601' title='bbox 2205 3537 2455 3602; x_wconf 73' lang='grc' dir='ltr'>πάντας,</span> <span class='ocrx_word' id='word_1_602' title='bbox 2483 3534 2590 3602; x_wconf 83' lang='grc' dir='ltr'>οὓς</span> <span class='ocrx_word' id='word_1_603' title='bbox 2613 3537 2830 3603; x_wconf 66' lang='grc' dir='ltr'>ἔφερον</span> <span class='ocrx_word' id='word_1_604' title='bbox 2855 3531 3034 3598; x_wconf 83' lang='grc' dir='ltr'>αὐτῷ,</span> <span class='ocrx_word' id='word_1_605' title='bbox 3079 3528 3616 3599; x_wconf 78' lang='grc' dir='ltr'>σεληνιαζομένους</span> 
     </span>
    </p>
   </div>
   <div class='ocr_carea' id='block_1_81' title="bbox 2031 3622 3615 3699">
    <p class='ocr_par' dir='ltr' id='par_1_81' title="bbox 2031 3622 3615 3699">
     <span class='ocr_line' id='line_1_81' title="bbox 2031 3622 3615 3699; baseline -0.006 -14"><span class='ocrx_word' id='word_1_606' title='bbox 2031 3632 2131 3686; x_wconf 79' lang='grc' dir='ltr'>καὶ</span> <span class='ocrx_word' id='word_1_607' title='bbox 2156 3629 2596 3699; x_wconf 82' lang='grc' dir='ltr'>κατεχομένους</span> <span class='ocrx_word' id='word_1_608' title='bbox 2623 3627 2693 3681; x_wconf 80' lang='grc' dir='ltr'>ἐν</span> <span class='ocrx_word' id='word_1_609' title='bbox 2720 3627 3024 3691; x_wconf 71' lang='grc' dir='ltr'>ποικίλαις</span> <span class='ocrx_word' id='word_1_610' title='bbox 3077 3625 3304 3689; x_wconf 83' lang='grc' dir='ltr'>νόσοις.</span> <span class='ocrx_word' id='word_1_611' title='bbox 3339 3622 3615 3695; x_wconf 81' lang='grc' dir='ltr'>Προσέφε-</span> 
     </span>
    </p>
   </div>
   <div class='ocr_carea' id='block_1_82' title="bbox 2035 3713 3616 3794">
    <p class='ocr_par' dir='ltr' id='par_1_82' title="bbox 2035 3713 3616 3794">
     <span class='ocr_line' id='line_1_82' title="bbox 2035 3713 3616 3794; baseline -0.007 -18"><span class='ocrx_word' id='word_1_612' title='bbox 2035 3739 2128 3794; x_wconf 81' lang='grc' dir='ltr'><strong>ρον</strong></span> <span class='ocrx_word' id='word_1_613' title='bbox 2161 3722 2310 3792; x_wconf 81' lang='grc' dir='ltr'>αὐτῷ</span> <span class='ocrx_word' id='word_1_614' title='bbox 2351 3720 2606 3789; x_wconf 60' lang='grc' dir='ltr'>τυφλοὺς.</span> <span class='ocrx_word' id='word_1_615' title='bbox 2640 3719 2876 3788; x_wconf 83' lang='grc' dir='ltr'>κωφοὺς,</span> <span class='ocrx_word' id='word_1_616' title='bbox 2907 3715 3154 3780; x_wconf 81' lang='grc' dir='ltr'>κυλλοὺς,</span> <span class='ocrx_word' id='word_1_617' title='bbox 3191 3713 3616 3787; x_wconf 81' lang='grc' dir='ltr'>παραλυτικοὺς,</span> 
     </span>
    </p>
   </div>
   <div class='ocr_carea' id='block_1_83' title="bbox 2033 3803 3615 3885">
    <p class='ocr_par' dir='ltr' id='par_1_83' title="bbox 2033 3803 3615 3885">
     <span class='ocr_line' id='line_1_83' title="bbox 2033 3803 3615 3885; baseline -0.008 -17"><span class='ocrx_word' id='word_1_618' title='bbox 2033 3815 2367 3885; x_wconf 86' lang='grc' dir='ltr'>ἀναπήρους,</span> <span class='ocrx_word' id='word_1_619' title='bbox 2401 3812 2496 3866; x_wconf 79' lang='grc' dir='ltr'>καὶ</span> <span class='ocrx_word' id='word_1_620' title='bbox 2524 3812 2616 3865; x_wconf 71' lang='grc' dir='ltr'><strong>ἐπὶ</strong></span> <span class='ocrx_word' id='word_1_621' title='bbox 2671 3810 2881 3874; x_wconf 86' lang='grc' dir='ltr'>πάντας</span> <span class='ocrx_word' id='word_1_622' title='bbox 2908 3807 3081 3880; x_wconf 72' lang='grc' dir='ltr'>ἧπλου</span> <span class='ocrx_word' id='word_1_623' title='bbox 3121 3806 3221 3877; x_wconf 81' lang='grc' dir='ltr'>τὴν</span> <span class='ocrx_word' id='word_1_624' title='bbox 3262 3803 3427 3859; x_wconf 79' lang='grc' dir='ltr'>αὐτοῦ</span> <span class='ocrx_word' id='word_1_625' title='bbox 3460 3803 3615 3876; x_wconf 81' lang='grc' dir='ltr'>εὐερ-</span> 
     </span>
    </p>
   </div>
   <div class='ocr_carea' id='block_1_84' title="bbox 2032 3897 3620 3974">
    <p class='ocr_par' dir='ltr' id='par_1_84' title="bbox 2032 3897 3620 3974">
     <span class='ocr_line' id='line_1_84' title="bbox 2032 3897 3620 3974; baseline -0.005 -17"><span class='ocrx_word' id='word_1_626' title='bbox 2032 3905 2223 3974; x_wconf 83' lang='grc' dir='ltr'>γεσίαν</span> <span class='ocrx_word' id='word_1_627' title='bbox 2274 3921 2333 3957; x_wconf 88' lang='grc' dir='ltr'><strong>τε</strong></span> <span class='ocrx_word' id='word_1_628' title='bbox 2375 3905 2469 3958; x_wconf 76' lang='grc' dir='ltr'>καὶ</span> <span class='ocrx_word' id='word_1_629' title='bbox 2506 3903 2779 3974; x_wconf 81' lang='grc' dir='ltr'>ἰατρείαν·</span> <span class='ocrx_word' id='word_1_630' title='bbox 2812 3898 3048 3970; x_wconf 81' lang='grc' dir='ltr'>οὐδαμοῦ</span> <span class='ocrx_word' id='word_1_631' title='bbox 3091 3897 3150 3952; x_wconf 80' lang='grc' dir='ltr'>δὲ</span> <span class='ocrx_word' id='word_1_632' title='bbox 3179 3897 3510 3969; x_wconf 76' lang='grc' dir='ltr'>γέγραπται,</span> <span class='ocrx_word' id='word_1_633' title='bbox 3531 3897 3620 3949; x_wconf 84' lang='grc' dir='ltr'>ὅτι</span> 
     </span>
    </p>
   </div>
   <div class='ocr_carea' id='block_1_85' title="bbox 2033 3993 2747 4068">
    <p class='ocr_par' dir='ltr' id='par_1_85' title="bbox 2033 3993 2747 4068">
     <span class='ocr_line' id='line_1_85' title="bbox 2033 3993 2747 4068; baseline 0.001 -19"><span class='ocrx_word' id='word_1_634' title='bbox 2033 3997 2416 4068; x_wconf 84' lang='grc' dir='ltr'>προσήνεγκαν</span> <span class='ocrx_word' id='word_1_635' title='bbox 2439 3995 2586 4066; x_wconf 78' lang='grc' dir='ltr'>αὐτῷ</span> <span class='ocrx_word' id='word_1_636' title='bbox 2612 3993 2747 4058; x_wconf 85' lang='grc' dir='ltr'>ζῶα.</span> 
     </span>
    </p>
   </div>
   <div class='ocr_carea' id='block_1_86' title="bbox 2104 4253 3614 4328">
    <p class='ocr_par' dir='ltr' id='par_1_86' title="bbox 2104 4253 3614 4328">
     <span class='ocr_line' id='line_1_86' title="bbox 2104 4253 3614 4328; baseline -0.012 -7"><span class='ocrx_word' id='word_1_637' title='bbox 2104 4258 2238 4321; x_wconf 75' lang='grc' dir='ltr'>Εἶτα</span> <span class='ocrx_word' id='word_1_638' title='bbox 2270 4263 2433 4318; x_wconf 84' lang='grc' dir='ltr'>πάλιν</span> <span class='ocrx_word' id='word_1_639' title='bbox 2473 4259 2643 4314; x_wconf 74' lang='grc' dir='ltr'>ἐλθὼν</span> <span class='ocrx_word' id='word_1_640' title='bbox 2685 4259 2768 4322; x_wconf 76' lang='grc' dir='ltr'><strong>εἰς</strong></span> <span class='ocrx_word' id='word_1_641' title='bbox 2795 4259 2864 4312; x_wconf 83' lang='grc' dir='ltr'>τὰ</span> <span class='ocrx_word' id='word_1_642' title='bbox 2893 4257 3033 4328; x_wconf 80' lang='grc' dir='ltr'>μέρη</span> <span class='ocrx_word' id='word_1_643' title='bbox 3066 4254 3180 4326; x_wconf 75' lang='lat'><strong>(52)</strong></span> <span class='ocrx_word' id='word_1_644' title='bbox 3211 4254 3310 4326; x_wconf 85' lang='grc' dir='ltr'>τῆς</span> <span class='ocrx_word' id='word_1_645' title='bbox 3337 4253 3614 4325; x_wconf 88' lang='grc' dir='ltr'>Γεργεση-</span> 
     </span>
    </p>
   </div>
   <div class='ocr_carea' id='block_1_87' title="bbox 2033 4345 3616 4428">
    <p class='ocr_par' dir='ltr' id='par_1_87' title="bbox 2033 4345 3616 4428">
     <span class='ocr_line' id='line_1_87' title="bbox 2033 4345 3616 4428; baseline -0.009 -16"><span class='ocrx_word' id='word_1_646' title='bbox 2033 4358 2157 4424; x_wconf 90' lang='grc' dir='ltr'>νῶν,</span> <span class='ocrx_word' id='word_1_647' title='bbox 2184 4358 2262 4420; x_wconf 83' lang='grc' dir='ltr'>ὡς</span> <span class='ocrx_word' id='word_1_648' title='bbox 2303 4359 2331 4411; x_wconf 84' lang='grc' dir='ltr'>ὁ</span> <span class='ocrx_word' id='word_1_649' title='bbox 2353 4355 2577 4428; x_wconf 85' lang='grc' dir='ltr'>Μάρκος</span> <span class='ocrx_word' id='word_1_650' title='bbox 2611 4351 2777 4419; x_wconf 85' lang='grc' dir='ltr'>λέγει,</span> <span class='ocrx_word' id='word_1_651' title='bbox 2811 4349 2844 4421; x_wconf 84' lang='grc' dir='ltr'><strong>ἢ</strong></span> <span class='ocrx_word' id='word_1_652' title='bbox 2879 4349 2938 4403; x_wconf 80' lang='grc' dir='ltr'>ὲν</span> <span class='ocrx_word' id='word_1_653' title='bbox 2957 4350 3068 4412; x_wconf 81' lang='grc' dir='ltr'>τοῖς</span> <span class='ocrx_word' id='word_1_654' title='bbox 3093 4347 3260 4418; x_wconf 78' lang='grc' dir='ltr'>ὁρίοις</span> <span class='ocrx_word' id='word_1_655' title='bbox 3292 4345 3400 4399; x_wconf 85' lang='grc' dir='ltr'><strong>τῶν</strong></span> <span class='ocrx_word' id='word_1_656' title='bbox 3417 4346 3616 4418; x_wconf 82' lang='grc' dir='ltr'>Γεργε-</span> 
     </span>
    </p>
   </div>
   <div class='ocr_carea' id='block_1_88' title="bbox 350 4435 1920 4520">
    <p class='ocr_par' dir='ltr' id='par_1_88' title="bbox 350 4436 1920 4512">
     <span class='ocr_line' id='line_1_88' title="bbox 350 4436 1920 4512; baseline 0.004 -19"><span class='ocrx_word' id='word_1_657' title='bbox 350 4436 528 4496; x_wconf 75' lang='lat' dir='ltr'><strong>I.ucas</strong></span> <span class='ocrx_word' id='word_1_658' title='bbox 567 4440 861 4512; x_wconf 69' lang='lat' dir='ltr'><strong>scripsit‘;</strong></span> <span class='ocrx_word' id='word_1_659' title='bbox 911 4451 1006 4497; x_wconf 88' lang='lat' dir='ltr'><strong>aut</strong></span> <span class='ocrx_word' id='word_1_660' title='bbox 1047 4441 1488 4512; x_wconf 84' lang='lat' dir='ltr'><strong>Gadarenorum,</strong></span> <span class='ocrx_word' id='word_1_661' title='bbox 1508 4450 1569 4498; x_wconf 90' lang='lat' dir='ltr'><strong>ut</strong></span> <span class='ocrx_word' id='word_1_662' title='bbox 1610 4442 1920 4508; x_wconf 67' lang='lat' dir='ltr'><strong>Matthaaus;</strong></span> 
     </span>
    </p>
   </div>
   <div class='ocr_carea' id='block_1_89' title="bbox 2028 4435 3614 4520">
    <p class='ocr_par' dir='ltr' id='par_1_89' title="bbox 2034 4435 3614 4520">
     <span class='ocr_line' id='line_1_89' title="bbox 2034 4435 3614 4520; baseline -0.011 -17"><span class='ocrx_word' id='word_1_663' title='bbox 2034 4448 2231 4520; x_wconf 88' lang='grc' dir='ltr'>σηνῶν,</span> <span class='ocrx_word' id='word_1_664' title='bbox 2265 4447 2339 4511; x_wconf 83' lang='grc' dir='ltr'>ὡς</span> <span class='ocrx_word' id='word_1_665' title='bbox 2360 4447 2389 4498; x_wconf 81' lang='grc' dir='ltr'>ὁ</span> <span class='ocrx_word' id='word_1_666' title='bbox 2411 4444 2624 4506; x_wconf 84' lang='grc' dir='ltr'>Λουκᾶς</span> <span class='ocrx_word' id='word_1_667' title='bbox 2658 4456 2844 4514; x_wconf 81' lang='grc' dir='ltr'>φησιν,</span> <span class='ocrx_word' id='word_1_668' title='bbox 2877 4439 2910 4510; x_wconf 85' lang='grc' dir='ltr'>ἢ</span> <span class='ocrx_word' id='word_1_669' title='bbox 2940 4435 3286 4508; x_wconf 87' lang='grc' dir='ltr'>Γαδαρηνῶν,</span> <span class='ocrx_word' id='word_1_670' title='bbox 3305 4435 3379 4497; x_wconf 81' lang='grc' dir='ltr'>ὡς</span> <span class='ocrx_word' id='word_1_671' title='bbox 3407 4437 3435 4488; x_wconf 84' lang='grc' dir='ltr'>ὁ</span> <span class='ocrx_word' id='word_1_672' title='bbox 3460 4437 3614 4488; x_wconf 79' lang='grc' dir='ltr'>Ματ-</span> 
     </span>
    </p>
   </div>
   <div class='ocr_carea' id='block_1_90' title="bbox 351 4530 1928 4606">
    <p class='ocr_par' dir='ltr' id='par_1_90' title="bbox 351 4530 1928 4606">
     <span class='ocr_line' id='line_1_90' title="bbox 351 4530 1928 4606; baseline 0.003 -20"><span class='ocrx_word' id='word_1_673' title='bbox 351 4533 468 4586; x_wconf 89' lang='lat' dir='ltr'><strong>sive</strong></span> <span class='ocrx_word' id='word_1_674' title='bbox 505 4530 938 4602; x_wconf 74' lang='lat' dir='ltr'><strong>Gergeszeorum,</strong></span> <span class='ocrx_word' id='word_1_675' title='bbox 983 4542 1042 4588; x_wconf 89' lang='lat' dir='ltr'><strong>ut</strong></span> <span class='ocrx_word' id='word_1_676' title='bbox 1087 4534 1420 4606; x_wconf 81' lang='lat' dir='ltr'><strong>exemplaria</strong></span> <span class='ocrx_word' id='word_1_677' title='bbox 1453 4535 1700 4606; x_wconf 70' lang='lat' dir='ltr'><strong>qumdam</strong></span> <span class='ocrx_word' id='word_1_678' title='bbox 1742 4535 1928 4606; x_wconf 55' lang='lat' dir='ltr'><strong>prael‘es</strong></span> 
     </span>
    </p>
   </div>
   <div class='ocr_carea' id='block_1_91' title="bbox 351 4625 1928 4690">
    <p class='ocr_par' dir='ltr' id='par_1_91' title="bbox 351 4625 1928 4690">
     <span class='ocr_line' id='line_1_91' title="bbox 351 4625 1928 4690; baseline 0.004 -11"><span class='ocrx_word' id='word_1_679' title='bbox 351 4632 515 4690; x_wconf 87' lang='lat' dir='ltr'><strong>runt;</strong></span> <span class='ocrx_word' id='word_1_680' title='bbox 548 4633 666 4679; x_wconf 83' lang='lat' dir='ltr'><strong>erat</strong></span> <span class='ocrx_word' id='word_1_681' title='bbox 697 4626 844 4680; x_wconf 88' lang='lat' dir='ltr'><strong>enim</strong></span> <span class='ocrx_word' id='word_1_682' title='bbox 875 4625 1041 4680; x_wconf 91' lang='lat' dir='ltr'><strong>trium</strong></span> <span class='ocrx_word' id='word_1_683' title='bbox 1080 4629 1310 4683; x_wconf 85' lang='lat' dir='ltr'><strong>sortium</strong></span> <span class='ocrx_word' id='word_1_684' title='bbox 1347 4629 1404 4683; x_wconf 90' lang='lat' dir='ltr'><strong>in</strong></span> <span class='ocrx_word' id='word_1_685' title='bbox 1443 4628 1619 4683; x_wconf 91' lang='lat' dir='ltr'><strong>medio</strong></span> <span class='ocrx_word' id='word_1_686' title='bbox 1659 4628 1813 4684; x_wconf 89' lang='lat' dir='ltr'><strong>locus</strong></span> <span class='ocrx_word' id='word_1_687' title='bbox 1839 4629 1928 4685; x_wconf 90' lang='lat' dir='ltr'><strong>ille</strong></span> 
     </span>
    </p>
   </div>
   <div class='ocr_carea' id='block_1_92' title="bbox 352 4718 1925 4792">
    <p class='ocr_par' dir='ltr' id='par_1_92' title="bbox 352 4718 1925 4792">
     <span class='ocr_line' id='line_1_92' title="bbox 352 4718 1925 4792; baseline 0.004 -21"><span class='ocrx_word' id='word_1_688' title='bbox 352 4718 562 4790; x_wconf 80' lang='lat' dir='ltr'><strong>positus</strong></span> <span class='ocrx_word' id='word_1_689' title='bbox 611 4737 624 4774; x_wconf 75' lang='lat'><strong>&#39;.</strong></span> <span class='ocrx_word' id='word_1_690' title='bbox 663 4719 830 4785; x_wconf 80' lang='lat' dir='ltr'><strong>Ecce,</strong></span> <span class='ocrx_word' id='word_1_691' title='bbox 874 4720 1126 4792; x_wconf 79' lang='lat' dir='ltr'><strong>inquit&#39;,</strong></span> <span class='ocrx_word' id='word_1_692' title='bbox 1170 4722 1488 4776; x_wconf 73' lang='lat' dir='ltr'><strong>dmmoniaci</strong></span> <span class='ocrx_word' id='word_1_693' title='bbox 1528 4721 1632 4774; x_wconf 90' lang='lat' dir='ltr'><strong>duo</strong></span> <span class='ocrx_word' id='word_1_694' title='bbox 1689 4721 1925 4791; x_wconf 75' lang='lat' dir='ltr'><strong>diﬂiciles</strong></span> 
     </span>
    </p>
   </div>
   <div class='ocr_carea' id='block_1_93' title="bbox 350 4810 1922 4884">
    <p class='ocr_par' dir='ltr' id='par_1_93' title="bbox 350 4810 1922 4884">
     <span class='ocr_line' id='line_1_93' title="bbox 350 4810 1922 4884; baseline 0.002 -18"><span class='ocrx_word' id='word_1_695' title='bbox 350 4810 502 4866; x_wconf 78' lang='lat' dir='ltr'><strong>valde</strong></span> <span class='ocrx_word' id='word_1_696' title='bbox 520 4827 547 4865; x_wconf 87' lang='lat' dir='ltr'><strong>e</strong></span> <span class='ocrx_word' id='word_1_697' title='bbox 564 4814 911 4868; x_wconf 66' lang='lat' dir='ltr'><strong>monumentis</strong></span> <span class='ocrx_word' id='word_1_698' title='bbox 934 4815 1130 4884; x_wconf 82' lang='lat' dir='ltr'><strong>egressi</strong></span> <span class='ocrx_word' id='word_1_699' title='bbox 1158 4815 1464 4868; x_wconf 82' lang='lat' dir='ltr'><strong>clamabant</strong></span> <span class='ocrx_word' id='word_1_700' title='bbox 1480 4813 1710 4869; x_wconf 78' lang='lat' dir='ltr'><strong>dicentes</strong></span> <span class='ocrx_word' id='word_1_701' title='bbox 1733 4831 1751 4868; x_wconf 88' lang='lat'><em>:</em></span> <span class='ocrx_word' id='word_1_702' title='bbox 1777 4813 1922 4869; x_wconf 89' lang='lat' dir='ltr'><strong>Sine.</strong></span> 
     </span>
    </p>
   </div>
   <div class='ocr_carea' id='block_1_94' title="bbox 353 4903 1928 4978">
    <p class='ocr_par' dir='ltr' id='par_1_94' title="bbox 353 4903 1928 4978">
     <span class='ocr_line' id='line_1_94' title="bbox 353 4903 1928 4978; baseline 0.004 -22"><span class='ocrx_word' id='word_1_703' title='bbox 353 4903 493 4970; x_wconf 82' lang='lat' dir='ltr'><strong>Quid</strong></span> <span class='ocrx_word' id='word_1_704' title='bbox 539 4904 688 4959; x_wconf 87' lang='lat' dir='ltr'><strong>nobis</strong></span> <span class='ocrx_word' id='word_1_705' title='bbox 732 4916 780 4959; x_wconf 84' lang='lat' dir='ltr'><strong>et</strong></span> <span class='ocrx_word' id='word_1_706' title='bbox 828 4906 944 4970; x_wconf 82' lang='lat' dir='ltr'><strong>tibi,</strong></span> <span class='ocrx_word' id='word_1_707' title='bbox 994 4904 1125 4961; x_wconf 74' lang='lat' dir='ltr'><strong>Iesu</strong></span> <span class='ocrx_word' id='word_1_708' title='bbox 1176 4905 1288 4961; x_wconf 83' lang='lat' dir='ltr'><strong>Fili</strong></span> <span class='ocrx_word' id='word_1_709' title='bbox 1326 4906 1446 4972; x_wconf 85' lang='lat' dir='ltr'><strong>Dei,</strong></span> <span class='ocrx_word' id='word_1_710' title='bbox 1506 4909 1756 4978; x_wconf 84' lang='lat' dir='ltr'><strong>quoniam</strong></span> <span class='ocrx_word' id='word_1_711' title='bbox 1805 4919 1928 4963; x_wconf 85' lang='lat' dir='ltr'><strong>ante</strong></span> 
     </span>
    </p>
   </div>
   <div class='ocr_carea' id='block_1_95' title="bbox 353 4996 1922 5070">
    <p class='ocr_par' dir='ltr' id='par_1_95' title="bbox 353 4996 1922 5070">
     <span class='ocr_line' id='line_1_95' title="bbox 353 4996 1922 5070; baseline 0.006 -24"><span class='ocrx_word' id='word_1_712' title='bbox 353 5007 552 5064; x_wconf 81' lang='lat' dir='ltr'><strong>tempus</strong></span> <span class='ocrx_word' id='word_1_713' title='bbox 595 4997 780 5051; x_wconf 80' lang='lat' dir='ltr'><strong>venisti</strong></span> <span class='ocrx_word' id='word_1_714' title='bbox 829 5007 1068 5068; x_wconf 84' lang='lat' dir='ltr'><strong>torquere</strong></span> <span class='ocrx_word' id='word_1_715' title='bbox 1108 5001 1244 5054; x_wconf 76' lang='lat' dir='ltr'><strong>nos?</strong></span> <span class='ocrx_word' id='word_1_716' title='bbox 1273 4996 1532 5053; x_wconf 73' lang='lat' dir='ltr'><strong>Nouimus</strong></span> <span class='ocrx_word' id='word_1_717' title='bbox 1573 5007 1642 5066; x_wconf 91' lang='lat' dir='ltr'><strong>te,</strong></span> <span class='ocrx_word' id='word_1_718' title='bbox 1683 5000 1772 5070; x_wconf 87' lang='lat' dir='ltr'><strong>qui</strong></span> <span class='ocrx_word' id='word_1_719' title='bbox 1827 5001 1922 5064; x_wconf 85' lang='lat' dir='ltr'><strong>sis,</strong></span> 
     </span>
    </p>
   </div>
   <div class='ocr_carea' id='block_1_96' title="bbox 352 5083 1925 5162">
    <p class='ocr_par' dir='ltr' id='par_1_96' title="bbox 352 5083 1925 5162">
     <span class='ocr_line' id='line_1_96' title="bbox 352 5083 1925 5162; baseline 0.005 -24"><span class='ocrx_word' id='word_1_720' title='bbox 352 5083 582 5143; x_wconf 85' lang='lat' dir='ltr'><strong>Sanctus</strong></span> <span class='ocrx_word' id='word_1_721' title='bbox 630 5087 750 5143; x_wconf 87' lang='lat' dir='ltr'><strong>Dei.</strong></span> <span class='ocrx_word' id='word_1_722' title='bbox 786 5088 922 5143; x_wconf 86' lang='lat' dir='ltr'><strong>Erat</strong></span> <span class='ocrx_word' id='word_1_723' title='bbox 964 5100 1141 5145; x_wconf 86' lang='lat' dir='ltr'><strong>autem</strong></span> <span class='ocrx_word' id='word_1_724' title='bbox 1183 5106 1311 5162; x_wconf 70' lang='lat' dir='ltr'><strong>grex</strong></span> <span class='ocrx_word' id='word_1_725' title='bbox 1342 5108 1642 5162; x_wconf 85' lang='lat' dir='ltr'><strong>porcorum,</strong></span> <span class='ocrx_word' id='word_1_726' title='bbox 1675 5092 1766 5162; x_wconf 86' lang='lat' dir='ltr'><strong>qui</strong></span> <span class='ocrx_word' id='word_1_727' title='bbox 1812 5092 1925 5146; x_wconf 81' lang='lat' dir='ltr'><strong>illic</strong></span> 
     </span>
    </p>
   </div>
   <div class='ocr_carea' id='block_1_97' title="bbox 351 5178 1925 5251">
    <p class='ocr_par' dir='ltr' id='par_1_97' title="bbox 351 5178 1925 5251">
     <span class='ocr_line' id='line_1_97' title="bbox 351 5178 1925 5251; baseline 0.004 -19"><span class='ocrx_word' id='word_1_728' title='bbox 351 5181 685 5244; x_wconf 83' lang='lat' dir='ltr'><strong>pascebatur.</strong></span> <span class='ocrx_word' id='word_1_729' title='bbox 727 5178 799 5235; x_wconf 85' lang='lat' dir='ltr'><strong>Et</strong></span> <span class='ocrx_word' id='word_1_730' title='bbox 830 5181 1089 5251; x_wconf 82' lang='lat' dir='ltr'><strong>rogabant</strong></span> <span class='ocrx_word' id='word_1_731' title='bbox 1107 5199 1226 5236; x_wconf 85' lang='lat' dir='ltr'><strong>eum</strong></span> <span class='ocrx_word' id='word_1_732' title='bbox 1266 5182 1530 5239; x_wconf 66' lang='lat' dir='ltr'><strong>daemones</strong></span> <span class='ocrx_word' id='word_1_733' title='bbox 1565 5183 1794 5240; x_wconf 81' lang='lat' dir='ltr'><strong>dicentes</strong></span> <span class='ocrx_word' id='word_1_734' title='bbox 1825 5182 1925 5239; x_wconf 85' lang='lat' dir='ltr'><strong>:Si</strong></span> 
     </span>
    </p>
   </div>
   <div class='ocr_carea' id='block_1_98' title="bbox 2034 4525 3612 4609">
    <p class='ocr_par' dir='ltr' id='par_1_98' title="bbox 2034 4525 3612 4609">
     <span class='ocr_line' id='line_1_98' title="bbox 2034 4525 3612 4609; baseline -0.008 -16"><span class='ocrx_word' id='word_1_735' title='bbox 2034 4542 2203 4603; x_wconf 87' lang='grc' dir='ltr'>θαῖος,</span> <span class='ocrx_word' id='word_1_736' title='bbox 2236 4539 2269 4609; x_wconf 80' lang='grc' dir='ltr'>ἣ</span> <span class='ocrx_word' id='word_1_737' title='bbox 2301 4535 2662 4607; x_wconf 87' lang='grc' dir='ltr'>Γεργεσαίων,</span> <span class='ocrx_word' id='word_1_738' title='bbox 2720 4533 2796 4596; x_wconf 89' lang='grc' dir='ltr'><strong>ώς</strong></span> <span class='ocrx_word' id='word_1_739' title='bbox 2833 4529 3142 4608; x_wconf 76' lang='grc' dir='ltr'>ἀντίγραφά</span> <span class='ocrx_word' id='word_1_740' title='bbox 3171 4545 3293 4581; x_wconf 87' lang='grc' dir='ltr'>τινα</span> <span class='ocrx_word' id='word_1_741' title='bbox 3323 4526 3435 4597; x_wconf 77' lang='grc' dir='ltr'>ἔχει</span> <span class='ocrx_word' id='word_1_742' title='bbox 3458 4543 3473 4558; x_wconf 87' lang='grc'><strong>·</strong></span> <span class='ocrx_word' id='word_1_743' title='bbox 3503 4525 3612 4580; x_wconf 89' lang='grc' dir='ltr'><strong>τῶν</strong></span> 
     </span>
    </p>
   </div>
   <div class='ocr_carea' id='block_1_99' title="bbox 2032 4616 3611 4702">
    <p class='ocr_par' dir='ltr' id='par_1_99' title="bbox 2032 4616 3611 4702">
     <span class='ocr_line' id='line_1_99' title="bbox 2032 4616 3611 4702; baseline -0.01 -17"><span class='ocrx_word' id='word_1_744' title='bbox 2032 4632 2141 4702; x_wconf 86' lang='grc' dir='ltr'>γὰρ</span> <span class='ocrx_word' id='word_1_745' title='bbox 2167 4629 2335 4702; x_wconf 86' lang='grc' dir='ltr'>τριῶν</span> <span class='ocrx_word' id='word_1_746' title='bbox 2360 4628 2581 4698; x_wconf 87' lang='grc' dir='ltr'>κλήρων</span> <span class='ocrx_word' id='word_1_747' title='bbox 2607 4628 2636 4679; x_wconf 87' lang='grc' dir='ltr'>ὁ</span> <span class='ocrx_word' id='word_1_748' title='bbox 2675 4625 2840 4688; x_wconf 79' lang='grc' dir='ltr'>τόπος</span> <span class='ocrx_word' id='word_1_749' title='bbox 2870 4623 2972 4678; x_wconf 80' lang='grc' dir='ltr'>ἀνὰ</span> <span class='ocrx_word' id='word_1_750' title='bbox 3015 4622 3178 4693; x_wconf 84' lang='grc' dir='ltr'>μέσον</span> <span class='ocrx_word' id='word_1_751' title='bbox 3215 4616 3282 4691; x_wconf 79' lang='grc' dir='ltr'>ἦν</span> <span class='ocrx_word' id='word_1_752' title='bbox 3302 4637 3316 4650; x_wconf 76' lang='grc' dir='ltr'><strong>ο</strong></span> <span class='ocrx_word' id='word_1_753' title='bbox 3347 4617 3459 4673; x_wconf 77' lang='grc' dir='ltr'><strong>Καὶ</strong></span> <span class='ocrx_word' id='word_1_754' title='bbox 3481 4616 3611 4670; x_wconf 74' lang='grc' dir='ltr'>ἰδοὺ</span> 
     </span>
    </p>
   </div>
   <div class='ocr_carea' id='block_1_100' title="bbox 2031 4708 3611 4790">
    <p class='ocr_par' dir='ltr' id='par_1_100' title="bbox 2031 4708 3611 4790">
     <span class='ocr_line' id='line_1_100' title="bbox 2031 4708 3611 4790; baseline -0.013 -12"><span class='ocrx_word' id='word_1_755' title='bbox 2031 4724 2140 4778; x_wconf 83' lang='grc' dir='ltr'><strong>δύο</strong></span> <span class='ocrx_word' id='word_1_756' title='bbox 2189 4717 2652 4790; x_wconf 77' lang='grc' dir='ltr'>δαιμονιζόμενοι</span> <span class='ocrx_word' id='word_1_757' title='bbox 2683 4715 2937 4787; x_wconf 77' lang='grc' dir='ltr'>χαλεποὶ</span> <span class='ocrx_word' id='word_1_758' title='bbox 2985 4715 3147 4780; x_wconf 80' lang='grc' dir='ltr'>λίαν,</span> <span class='ocrx_word' id='word_1_759' title='bbox 3201 4712 3269 4764; x_wconf 83' lang='grc' dir='ltr'>ἐκ</span> <span class='ocrx_word' id='word_1_760' title='bbox 3296 4708 3415 4763; x_wconf 82' lang='grc' dir='ltr'><strong>τῶν</strong></span> <span class='ocrx_word' id='word_1_761' title='bbox 3455 4725 3611 4778; x_wconf 79' lang='grc' dir='ltr'>μνη-</span> 
     </span>
    </p>
   </div>
   <div class='ocr_carea' id='block_1_101' title="bbox 2028 4800 3607 4885">
    <p class='ocr_par' dir='ltr' id='par_1_101' title="bbox 2028 4800 3607 4885">
     <span class='ocr_line' id='line_1_101' title="bbox 2028 4800 3607 4885; baseline -0.011 -18"><span class='ocrx_word' id='word_1_762' title='bbox 2028 4814 2212 4885; x_wconf 83' lang='grc' dir='ltr'>μείων</span> <span class='ocrx_word' id='word_1_763' title='bbox 2242 4811 2642 4880; x_wconf 73' lang='grc' dir='ltr'>ἐξερχόμενοι,</span> <span class='ocrx_word' id='word_1_764' title='bbox 2695 4807 2791 4862; x_wconf 78' lang='grc' dir='ltr'>καὶ</span> <span class='ocrx_word' id='word_1_765' title='bbox 2823 4804 3072 4875; x_wconf 79' lang='grc' dir='ltr'>ἔκραζον</span> <span class='ocrx_word' id='word_1_766' title='bbox 3121 4802 3434 4872; x_wconf 68' lang='grc' dir='ltr'>λέγοντες·</span> <span class='ocrx_word' id='word_1_767' title='bbox 3472 4800 3607 4850; x_wconf 81' lang='grc' dir='ltr'><strong>Ἐαο</strong></span> 
     </span>
    </p>
   </div>
   <div class='ocr_carea' id='block_1_102' title="bbox 2031 4889 3611 4975">
    <p class='ocr_par' dir='ltr' id='par_1_102' title="bbox 2031 4889 3611 4975">
     <span class='ocr_line' id='line_1_102' title="bbox 2031 4889 3611 4975; baseline -0.012 -14"><span class='ocrx_word' id='word_1_768' title='bbox 2031 4907 2090 4961; x_wconf 80' lang='grc' dir='ltr'><strong>τί</strong></span> <span class='ocrx_word' id='word_1_769' title='bbox 2121 4903 2265 4975; x_wconf 75' lang='grc' dir='ltr'>ἡμῖν</span> <span class='ocrx_word' id='word_1_770' title='bbox 2313 4903 2412 4956; x_wconf 72' lang='grc' dir='ltr'>καὶ</span> <span class='ocrx_word' id='word_1_771' title='bbox 2463 4901 2585 4966; x_wconf 82' lang='grc' dir='ltr'>σοὶ,</span> <span class='ocrx_word' id='word_1_772' title='bbox 2628 4899 2829 4969; x_wconf 82' lang='grc' dir='ltr'>Ἰησοῦ</span> <span class='ocrx_word' id='word_1_773' title='bbox 2892 4897 2986 4952; x_wconf 82' lang='grc' dir='ltr'><strong>Υἰὲ</strong></span> <span class='ocrx_word' id='word_1_774' title='bbox 3011 4895 3118 4949; x_wconf 86' lang='grc' dir='ltr'>τοῦ</span> <span class='ocrx_word' id='word_1_775' title='bbox 3149 4893 3318 4955; x_wconf 83' lang='grc' dir='ltr'>Θεοῦ,</span> <span class='ocrx_word' id='word_1_776' title='bbox 3373 4891 3462 4945; x_wconf 85' lang='grc' dir='ltr'>ὅτι</span> <span class='ocrx_word' id='word_1_777' title='bbox 3496 4889 3611 4956; x_wconf 82' lang='grc' dir='ltr'>πρὸ</span> 
     </span>
    </p>
   </div>
   <div class='ocr_carea' id='block_1_103' title="bbox 2029 4977 3609 5068">
    <p class='ocr_par' dir='ltr' id='par_1_103' title="bbox 2029 4977 3609 5068">
     <span class='ocr_line' id='line_1_103' title="bbox 2029 4977 3609 5068; baseline -0.012 -15"><span class='ocrx_word' id='word_1_778' title='bbox 2029 4997 2236 5068; x_wconf 85' lang='grc' dir='ltr'>καιροῦ</span> <span class='ocrx_word' id='word_1_779' title='bbox 2261 4994 2443 5068; x_wconf 77' lang='grc' dir='ltr'>ἦλθες</span> <span class='ocrx_word' id='word_1_780' title='bbox 2461 4994 2799 5060; x_wconf 81' lang='grc' dir='ltr'>βασανίσαι</span> <span class='ocrx_word' id='word_1_781' title='bbox 2825 4989 3020 5060; x_wconf 59' lang='lat' dir='ltr'><strong>mide;</strong></span> <span class='ocrx_word' id='word_1_782' title='bbox 3048 4984 3303 5056; x_wconf 78' lang='grc' dir='ltr'>Οἴδαμέν</span> <span class='ocrx_word' id='word_1_783' title='bbox 3329 5000 3403 5038; x_wconf 86' lang='grc' dir='ltr'><strong>σε</strong></span> <span class='ocrx_word' id='word_1_784' title='bbox 3421 4982 3511 5047; x_wconf 83' lang='grc' dir='ltr'><strong>τίς</strong></span> <span class='ocrx_word' id='word_1_785' title='bbox 3535 4977 3609 5047; x_wconf 81' lang='grc' dir='ltr'>εἴ,</span> 
     </span>
    </p>
   </div>
   <div class='ocr_carea' id='block_1_104' title="bbox 2029 5073 3608 5160">
    <p class='ocr_par' dir='ltr' id='par_1_104' title="bbox 2029 5073 3608 5160">
     <span class='ocr_line' id='line_1_104' title="bbox 2029 5073 3608 5160; baseline -0.013 -15"><span class='ocrx_word' id='word_1_786' title='bbox 2029 5093 2062 5145; x_wconf 86' lang='grc' dir='ltr'><em>ὁ</em></span> <span class='ocrx_word' id='word_1_787' title='bbox 2090 5089 2283 5160; x_wconf 72' lang='grc' dir='ltr'>’Ἄγιος</span> <span class='ocrx_word' id='word_1_788' title='bbox 2307 5086 2413 5142; x_wconf 85' lang='grc' dir='ltr'>τοῦ</span> <span class='ocrx_word' id='word_1_789' title='bbox 2451 5085 2622 5141; x_wconf 80' lang='grc' dir='ltr'>Θεοῦ.</span> <span class='ocrx_word' id='word_1_790' title='bbox 2652 5080 2772 5138; x_wconf 88' lang='grc' dir='ltr'>Ἦν</span> <span class='ocrx_word' id='word_1_791' title='bbox 2799 5081 2868 5135; x_wconf 79' lang='grc' dir='ltr'>δὲ</span> <span class='ocrx_word' id='word_1_792' title='bbox 2889 5079 3078 5150; x_wconf 71' lang='grc' dir='ltr'>ἀγέλη</span> <span class='ocrx_word' id='word_1_793' title='bbox 3105 5077 3324 5148; x_wconf 81' lang='grc' dir='ltr'>χοίρων</span> <span class='ocrx_word' id='word_1_794' title='bbox 3352 5073 3479 5128; x_wconf 84' lang='grc' dir='ltr'>ἐκεῖ</span> <span class='ocrx_word' id='word_1_795' title='bbox 3495 5073 3608 5137; x_wconf 82' lang='grc' dir='ltr'><strong>βο-</strong></span> 
     </span>
    </p>
   </div>
   <div class='ocr_carea' id='block_1_105' title="bbox 2029 5163 3618 5251">
    <p class='ocr_par' dir='ltr' id='par_1_105' title="bbox 2029 5163 3618 5251">
     <span class='ocr_line' id='line_1_105' title="bbox 2029 5163 3618 5251; baseline -0.011 -14"><span class='ocrx_word' id='word_1_796' title='bbox 2029 5180 2317 5251; x_wconf 78' lang='grc' dir='ltr'>σκομένη.</span> <span class='ocrx_word' id='word_1_797' title='bbox 2347 5177 2458 5235; x_wconf 78' lang='grc' dir='ltr'><strong>Καὶ</strong></span> <span class='ocrx_word' id='word_1_798' title='bbox 2480 5175 2867 5247; x_wconf 72' lang='grc' dir='ltr'>παρεκάλουν</span> <span class='ocrx_word' id='word_1_799' title='bbox 2890 5171 3079 5227; x_wconf 84' lang='grc' dir='ltr'>αὐτὸν</span> <span class='ocrx_word' id='word_1_800' title='bbox 3111 5172 3166 5226; x_wconf 78' lang='grc' dir='ltr'>οὶ</span> <span class='ocrx_word' id='word_1_801' title='bbox 3199 5168 3482 5238; x_wconf 82' lang='grc' dir='ltr'>δαίμονες</span> <span class='ocrx_word' id='word_1_802' title='bbox 3516 5163 3618 5220; x_wconf 65' lang='grc' dir='ltr'><strong>λέ·Δ</strong></span> 
     </span>
    </p>
   </div>
   <div class='ocr_carea' id='block_1_106' title="bbox 422 5323 1920 5406">
    <p class='ocr_par' dir='ltr' id='par_1_106' title="bbox 422 5329 1903 5406">
     <span class='ocr_line' id='line_1_106' title="bbox 422 5329 1903 5406; baseline 0.006 -21"><span class='ocrx_word' id='word_1_803' title='bbox 422 5333 440 5364; x_wconf 86' lang='grc'>¹</span> <span class='ocrx_word' id='word_1_804' title='bbox 474 5329 665 5389; x_wconf 74' lang='lat' dir='ltr'><strong>Matth.</strong></span> <span class='ocrx_word' id='word_1_805' title='bbox 697 5351 789 5402; x_wconf 79' lang='lat' dir='ltr'><strong>xv,</strong></span> <span class='ocrx_word' id='word_1_806' title='bbox 815 5333 906 5388; x_wconf 67' lang='grc'><strong>24.</strong></span> <span class='ocrx_word' id='word_1_807' title='bbox 981 5337 1003 5367; x_wconf 86' lang='grc'>¹</span> <span class='ocrx_word' id='word_1_808' title='bbox 1025 5332 1218 5391; x_wconf 78' lang='lat' dir='ltr'><strong>Matth.</strong></span> <span class='ocrx_word' id='word_1_809' title='bbox 1256 5351 1329 5402; x_wconf 85' lang='lat' dir='ltr'><strong>Iv,</strong></span> <span class='ocrx_word' id='word_1_810' title='bbox 1359 5337 1448 5395; x_wconf 71' lang='grc' dir='ltr'><strong>Η.</strong></span> <span class='ocrx_word' id='word_1_811' title='bbox 1522 5337 1544 5371; x_wconf 89' lang='grc'>³</span> <span class='ocrx_word' id='word_1_812' title='bbox 1571 5337 1739 5394; x_wconf 84' lang='lat' dir='ltr'><strong>Marc.</strong></span> <span class='ocrx_word' id='word_1_813' title='bbox 1769 5354 1824 5406; x_wconf 88' lang='lat' dir='ltr'><strong>v,</strong></span> <span class='ocrx_word' id='word_1_814' title='bbox 1854 5336 1903 5394; x_wconf 81' lang='lat' dir='ltr'><strong>l.</strong></span> 
     </span>
    </p>
   </div>
   <div class='ocr_carea' id='block_1_107' title="bbox 2028 5323 3434 5406">
    <p class='ocr_par' dir='ltr' id='par_1_107' title="bbox 2029 5323 3434 5403">
     <span class='ocr_line' id='line_1_107' title="bbox 2029 5323 3434 5403; baseline -0.009 -13"><span class='ocrx_word' id='word_1_815' title='bbox 2029 5335 2161 5392; x_wconf 86' lang='lat' dir='ltr'><strong>Luc.</strong></span> <span class='ocrx_word' id='word_1_816' title='bbox 2185 5350 2305 5403; x_wconf 79' lang='lat' dir='ltr'><strong>vni,</strong></span> <span class='ocrx_word' id='word_1_817' title='bbox 2332 5333 2423 5390; x_wconf 74' lang='lat'><strong>26.</strong></span> <span class='ocrx_word' id='word_1_818' title='bbox 2496 5334 2518 5366; x_wconf 79' lang='grc'>⁸</span> <span class='ocrx_word' id='word_1_819' title='bbox 2545 5328 3071 5397; x_wconf 70' lang='lat' dir='ltr'><strong>Matth.vut,28~3‘5.</strong></span> <span class='ocrx_word' id='word_1_820' title='bbox 3128 5327 3150 5359; x_wconf 82' lang='grc'><strong><em>⁸</em></strong></span> <span class='ocrx_word' id='word_1_821' title='bbox 3169 5324 3230 5381; x_wconf 84' lang='lat' dir='ltr'><strong>F.</strong></span> <span class='ocrx_word' id='word_1_822' title='bbox 3261 5324 3291 5379; x_wconf 81' lang='grc' dir='ltr'><strong>δ</strong></span> <span class='ocrx_word' id='word_1_823' title='bbox 3315 5323 3434 5378; x_wconf 83' lang='grc' dir='ltr'>συλ.</span> 
     </span>
    </p>
   </div>
   <div class='ocr_carea' id='block_1_108' title="bbox 423 5481 1930 5561">
    <p class='ocr_par' dir='ltr' id='par_1_108' title="bbox 423 5481 1930 5561">
     <span class='ocr_line' id='line_1_108' title="bbox 423 5481 1930 5561; baseline 0.005 -22"><span class='ocrx_word' id='word_1_824' title='bbox 423 5485 536 5561; x_wconf 68' lang='lat'><strong>{32)</strong></span> <span class='ocrx_word' id='word_1_825' title='bbox 571 5481 718 5561; x_wconf 62' lang='lat' dir='ltr'><strong>igqu</strong></span> <span class='ocrx_word' id='word_1_826' title='bbox 759 5487 1180 5561; x_wconf 61' lang='lat' dir='ltr'><strong>nddcr__é.10_dw</strong></span> <span class='ocrx_word' id='word_1_827' title='bbox 1209 5491 1297 5561; x_wconf 67' lang='grc' dir='ltr'>ςξς</span> <span class='ocrx_word' id='word_1_828' title='bbox 1334 5489 1409 5544; x_wconf 80' lang='grc' dir='ltr'>τὰ</span> <span class='ocrx_word' id='word_1_829' title='bbox 1457 5491 1628 5560; x_wconf 80' lang='grc' dir='ltr'>μέρη.</span> <span class='ocrx_word' id='word_1_830' title='bbox 1678 5490 1930 5547; x_wconf 83' lang='lat' dir='ltr'><strong>Levicule</strong></span> 
     </span>
    </p>
   </div>
   <div class='ocr_carea' id='block_1_109' title="bbox 353 5555 1930 5632">
    <p class='ocr_par' dir='ltr' id='par_1_109' title="bbox 353 5555 1930 5632">
     <span class='ocr_line' id='line_1_109' title="bbox 353 5555 1930 5632; baseline 0.004 -23"><span class='ocrx_word' id='word_1_831' title='bbox 353 5555 444 5632; x_wconf 73' lang='lat' dir='ltr'><strong>hic</strong></span> <span class='ocrx_word' id='word_1_832' title='bbox 499 5557 888 5632; x_wconf 76' lang='lat' dir='ltr'><strong>&#39;nall_uci_na_tur.</strong></span> <span class='ocrx_word' id='word_1_833' title='bbox 943 5555 1607 5632; x_wconf 56' lang='lat' dir='ltr'><strong>litenint__Marcus&#39;_cap.</strong></span> <span class='ocrx_word' id='word_1_834' title='bbox 1650 5577 1705 5624; x_wconf 78' lang='grc' dir='ltr'><strong>ν,</strong></span> <span class='ocrx_word' id='word_1_835' title='bbox 1736 5563 1789 5625; x_wconf 80' lang='grc'>1,</span> <span class='ocrx_word' id='word_1_836' title='bbox 1829 5563 1930 5632; x_wconf 82' lang='grc' dir='ltr'>τὴν</span> 
     </span>
    </p>
   </div>
   <div class='ocr_carea' id='block_1_110' title="bbox 351 5623 1925 5757">
    <p class='ocr_par' dir='ltr' id='par_1_110' title="bbox 351 5623 1925 5757">
     <span class='ocr_line' id='line_1_110' title="bbox 351 5623 1925 5757; baseline 0.004 -78"><span class='ocrx_word' id='word_1_837' title='bbox 351 5623 537 5753; x_wconf 45' lang='lat' dir='ltr'><strong>{diem</strong></span> <span class='ocrx_word' id='word_1_838' title='bbox 556 5625 665 5682; x_wconf 73' lang='grc' dir='ltr'><strong>τῶν</strong></span> <span class='ocrx_word' id='word_1_839' title='bbox 685 5627 1012 5757; x_wconf 45' lang='grc' dir='ltr'>Γαδαρῖἓῶν</span> <span class='ocrx_word' id='word_1_840' title='bbox 1039 5629 1307 5755; x_wconf 58' lang='grc' dir='ltr'>θὲροιιοξς</span> <span class='ocrx_word' id='word_1_841' title='bbox 1341 5629 1530 5711; x_wconf 77' lang='lat' dir='ltr'><strong>Matth.</strong></span> <span class='ocrx_word' id='word_1_842' title='bbox 1553 5623 1925 5713; x_wconf 75' lang='grc' dir='ltr'>Γεργεσηνῶν.</span> 
     </span>
     <span class='ocr_line' id='line_1_111' title="bbox 438 5694 1914 5757; baseline 0.005 -7"><span class='ocrx_word' id='word_1_843' title='bbox 438 5711 533 5752; x_wconf 74' lang='lat' dir='ltr'><strong>cas</strong></span> <span class='ocrx_word' id='word_1_844' title='bbox 565 5711 668 5757; x_wconf 80' lang='lat' dir='ltr'><strong>can</strong></span> <span class='ocrx_word' id='word_1_845' title='bbox 721 5714 839 5757; x_wconf 82' lang='lat' dir='ltr'><strong>vni.</strong></span> <span class='ocrx_word' id='word_1_846' title='bbox 952 5740 967 5757; x_wconf 90' lang='lat'><strong>.</strong></span> <span class='ocrx_word' id='word_1_847' title='bbox 997 5694 1072 5754; x_wconf 79' lang='grc' dir='ltr'>Γα</span> <span class='ocrx_word' id='word_1_848' title='bbox 1106 5715 1340 5757; x_wconf 77' lang='grc' dir='ltr'>θρηνων.</span> <span class='ocrx_word' id='word_1_849' title='bbox 1378 5698 1608 5756; x_wconf 77' lang='lat' dir='ltr'><strong>Latinus</strong></span> <span class='ocrx_word' id='word_1_850' title='bbox 1645 5708 1914 5757; x_wconf 76' lang='lat' dir='ltr'><strong>interpres</strong></span> 
     </span>
    </p>
   </div>
   <div class='ocr_carea' id='block_1_111' title="bbox 438 5694 1914 5771">
    <p class='ocr_par' dir='ltr' id='par_1_111' title="bbox 438 5694 1914 5771">
     <span class='ocr_line' id='line_1_112' title="bbox 438 5694 1914 5771; baseline 0.007 -21"><span class='ocrx_word' id='word_1_851' title='bbox 438 5694 533 5752; x_wconf 77' lang='lat' dir='ltr'><strong>cas</strong></span> <span class='ocrx_word' id='word_1_852' title='bbox 565 5711 668 5761; x_wconf 88' lang='lat' dir='ltr'><strong>cap</strong></span> <span class='ocrx_word' id='word_1_853' title='bbox 721 5694 845 5764; x_wconf 68' lang='grc' dir='ltr'>νιιιζ</span> <span class='ocrx_word' id='word_1_854' title='bbox 875 5694 967 5762; x_wconf 70' lang='grc'><strong>26.</strong></span> <span class='ocrx_word' id='word_1_855' title='bbox 997 5694 1340 5771; x_wconf 79' lang='grc' dir='ltr'>Γαδὸρηνῶν.</span> <span class='ocrx_word' id='word_1_856' title='bbox 1378 5698 1608 5756; x_wconf 84' lang='lat' dir='ltr'><strong>Latinus</strong></span> <span class='ocrx_word' id='word_1_857' title='bbox 1627 5694 1914 5770; x_wconf 55' lang='lat' dir='ltr'><strong>&quot;interpres</strong></span> 
     </span>
    </p>
   </div>
   <div class='ocr_carea' id='block_1_112' title="bbox 2036 5477 3605 5562">
    <p class='ocr_par' dir='ltr' id='par_1_112' title="bbox 2036 5477 3605 5562">
     <span class='ocr_line' id='line_1_113' title="bbox 2036 5477 3605 5562; baseline -0.01 -17"><span class='ocrx_word' id='word_1_858' title='bbox 2036 5487 2681 5562; x_wconf 59' lang='lat' dir='ltr'><strong>ubiqueGerasenorum.</strong></span> <span class='ocrx_word' id='word_1_859' title='bbox 2712 5485 2916 5562; x_wconf 74' lang='lat' dir='ltr'><strong>Gerasa</strong></span> <span class='ocrx_word' id='word_1_860' title='bbox 2941 5491 2995 5539; x_wconf 88' lang='lat' dir='ltr'><strong>et</strong></span> <span class='ocrx_word' id='word_1_861' title='bbox 3017 5480 3230 5562; x_wconf 69' lang='lat' dir='ltr'><strong>Gadara</strong></span> <span class='ocrx_word' id='word_1_862' title='bbox 3253 5477 3386 5562; x_wconf 57' lang='lat' dir='ltr'><strong>aliis</strong></span> <span class='ocrx_word' id='word_1_863' title='bbox 3405 5477 3605 5562; x_wconf 74' lang='lat' dir='ltr'><strong>oppida</strong></span> 
     </span>
    </p>
   </div>
   <div class='ocr_carea' id='block_1_113' title="bbox 2036 5547 3605 5626">
    <p class='ocr_par' dir='ltr' id='par_1_113' title="bbox 2036 5547 3605 5626">
     <span class='ocr_line' id='line_1_114' title="bbox 2036 5547 3605 5626; baseline -0.011 -10"><span class='ocrx_word' id='word_1_864' title='bbox 2036 5547 2170 5626; x_wconf 62' lang='lat' dir='ltr'><strong>duo&#39;,</strong></span> <span class='ocrx_word' id='word_1_865' title='bbox 2208 5560 2331 5614; x_wconf 88' lang='lat' dir='ltr'><strong>aliis</strong></span> <span class='ocrx_word' id='word_1_866' title='bbox 2355 5575 2524 5614; x_wconf 91' lang='lat' dir='ltr'><strong>unum</strong></span> <span class='ocrx_word' id='word_1_867' title='bbox 2547 5567 2602 5614; x_wconf 91' lang='lat' dir='ltr'><strong>et</strong></span> <span class='ocrx_word' id='word_1_868' title='bbox 2625 5557 2766 5612; x_wconf 91' lang='lat' dir='ltr'><strong>idem</strong></span> <span class='ocrx_word' id='word_1_869' title='bbox 2798 5556 2967 5611; x_wconf 81' lang='lat' dir='ltr'><strong>fuisse</strong></span> <span class='ocrx_word' id='word_1_870' title='bbox 2996 5553 3229 5608; x_wconf 88' lang='lat' dir='ltr'><strong>videtur.</strong></span> <span class='ocrx_word' id='word_1_871' title='bbox 3253 5548 3392 5605; x_wconf 80' lang='lat' dir='ltr'><strong>Vide</strong></span> <span class='ocrx_word' id='word_1_872' title='bbox 3411 5547 3605 5603; x_wconf 84' lang='lat' dir='ltr'><strong>Janse-</strong></span> 
     </span>
    </p>
   </div>
   <div class='ocr_carea' id='block_1_114' title="bbox 2037 5625 3600 5712">
    <p class='ocr_par' dir='ltr' id='par_1_114' title="bbox 2037 5625 3600 5712">
     <span class='ocr_line' id='line_1_115' title="bbox 2037 5625 3600 5712; baseline -0.005 -26"><span class='ocrx_word' id='word_1_873' title='bbox 2037 5625 2188 5712; x_wconf 74' lang='lat' dir='ltr'><strong>nium</strong></span> <span class='ocrx_word' id='word_1_874' title='bbox 2214 5645 2334 5712; x_wconf 82' lang='lat' dir='ltr'><strong>cap.</strong></span> <span class='ocrx_word' id='word_1_875' title='bbox 2366 5631 2434 5686; x_wconf 77' lang='lat'><strong>50</strong></span> <span class='ocrx_word' id='word_1_876' title='bbox 2455 5627 2716 5686; x_wconf 85' lang='lat' dir='ltr'><strong>Concord.</strong></span> <span class='ocrx_word' id='word_1_877' title='bbox 2814 5625 3010 5698; x_wconf 84' lang='lat' dir='ltr'><strong>quibus</strong></span> <span class='ocrx_word' id='word_1_878' title='bbox 3035 5633 3426 5678; x_wconf 82' lang='lat' dir='ltr'><strong>transamnana</strong></span> <span class='ocrx_word' id='word_1_879' title='bbox 3450 5630 3600 5689; x_wconf 45' lang='lat' dir='ltr'><strong>qua-</strong></span> 
     </span>
    </p>
   </div>
   <div class='ocr_carea' id='block_1_115' title="bbox 2025 5698 2813 5770">
    <p class='ocr_par' dir='ltr' id='par_1_115' title="bbox 2025 5698 2813 5770">
     <span class='ocr_line' id='line_1_116' title="bbox 2025 5698 2813 5770; baseline -0.01 -13"><span class='ocrx_word' id='word_1_880' title='bbox 2025 5700 2149 5757; x_wconf 82' lang='lat' dir='ltr'><strong>dam</strong></span> <span class='ocrx_word' id='word_1_881' title='bbox 2180 5698 2338 5770; x_wconf 12' lang='lat' dir='ltr'><strong>regio?</strong></span> <span class='ocrx_word' id='word_1_882' title='bbox 2358 5714 2553 5758; x_wconf 76' lang='lat' dir='ltr'><strong>nomen</strong></span> <span class='ocrx_word' id='word_1_883' title='bbox 2585 5698 2813 5770; x_wconf 86' lang='lat' dir='ltr'><strong>accepit.</strong></span> 
     </span>
    </p>
   </div>
  </div>
