4008 6240
359 288 430 345 85
953 288 1322 347 ADVERSUS
1359 291 1701 349 HIERESES
1726 293 1855 349 LIB.
1895 294 1930 348 Il

2031 293 2166 350 70M.
2206 293 2273 348 ll.
2313 323 2382 334 —
2415 289 2689 347 ιιιεῐιεε.
2732 289 2915 346 LXVI.
3530 287 3604 347 86

353 416 593 473 τοντες·
647 403 718 455 El
766 401 1082 470 ext?qu
1131 406 1288 477 ἡμᾶς
1326 408 1395 462 ἐκ
1429 409 1548 464 τῶν
1584 409 1930 478 ἀνθρώπων,

2033 409 2183 479 ejicis
2229 425 2322 464 nos
2347 423 2412 464 ea:
2439 405 2758 470 hami-nibus,
2795 406 2943 460 mitte
2983 421 3076 460 nos
3115 405 3168 458 in
3193 418 3397 473 parcos.
3427 401 3495 456 Et
3526 403 3602 456 ir-

352 491 720 546 ἀπόστειλον
743 492 899 562 ἡμᾶς
929 497 1014 561 εὶς
1040 496 1182 564 τοὺς
1205 497 1466 568 χοίρους.
1501 499 1610 553 Καὶ
1648 497 1932 570 ὥρμησαν

351 583 438 648 είς
467 582 582 651 τὴν
604 584 949 650 θάλασσαν,
979 587 1075 641 καὶ
1120 586 1428 643 ἀπώλοντο
1448 589 1517 643 ἐν
1547 589 1670 657 τοῖς
1691 589 1930 647 ὕδασιν.

356 675 418 726 Οὶ
444 671 508 726 δε
535 673 877 742 βόσκοντες
900 676 1148 746 ἔφυγον,
1179 678 1277 733 καὶ
1307 679 1684 751 ἀπήγγειλαν
1713 684 1800 750 είς
1817 680 1933 750 τὴν

352 765 556 817 πόλιν.
598 763 708 818 Καὶ
728 765 786 820 ἐν
814 766 911 837 μὲν
937 767 1015 838 τῷ
1034 768 1298 840 Ματθαίῳ
1321 771 1450 842 περὶ
1467 770 1559 826 δύο
1584 771 1799 841 λέγεται
1827 772 1935 826 δαι-

355 854 745 925 μονιζομένων.
790 856 1020 929 Χοίρους
1077 858 1135 913 δέ
1193 862 1448 931 σημαίνει
1511 863 1716 929 ἁπλῶς,
1743 864 1838 918 καὶ
1870 865 1931 918 οὐ

352 942 443 996 τὸν
472 943 706 1015 ἀριθμὸν
735 945 917 1016 δηλοῐ’
952 948 980 999 ὁ
1015 947 1074 1002 δὲ
1101 948 1326 1021 Μάρκος
1381 952 1476 1007 καὶ
1518 953 1617 1024 τὴν
1648 954 1933 1026 ἀκρίϐειαν

351 1033 446 1087 τοῦ
473 1034 710 1106 ἀριθμοῦ
731 1037 838 1092 τῶν
864 1037 1062 1110 χοίρων
1099 1041 1402 1112 διηγήσατο
1415 1043 1606 1109 εἰπὼν,
1641 1044 1722 1097 ὅτι
1747 1041 1933 1100 *Ηλθε

352 1126 420 1179 δὲ
438 1129 527 1192 είς
553 1127 791 1198 τὰμέρη
816 1128 927 1198 τῆς
958 1132 1384 1201 Γεργεσηνῶν,
1425 1135 1524 1190 καὶ
1579 1137 1934 1206 ἀπήντησεν

351 1216 511 1284 αὺτῷ
531 1217 1030 1290 δαιμονιζόμενος,
1061 1223 1130 1288 ὃς
1161 1224 1472 1294 ἐδεσμεῖτο-
1487 1227 1746 1282 ἁλύσεσι
1769 1229 1933 1298 σιδη-

349 1307 503 1376 ραῖς,
533 1309 636 1362 καὶ
665 1308 887 1364 διέσπα
910 1312 983 1366 τὰ
1011 1312 1224 1383 δεσμὰ,
1255 1317 1352 1369 καὶ
1373 1316 1441 1370 ἐν
1474 1317 1598 1383 τοῖς
1621 1319 1934 1387 μνημείοις

351 1397 550 1468 διῆγε,
569 1399 668 1454 καὶ
696 1399 938 1470 ἔκραζεν
961 1418 975 1433 ⁶
1009 1405 1125 1459 Ἔα
1142 1421 1156 1434 °
1192 1406 1248 1458 τί
1273 1406 1417 1477 ἡμῖν
1445 1408 1543 1461 καί
1571 1409 1696 1475 σοὶ,
1740 1409 1935 1477 Ἰησοῦ

361 1492 456 1544 rte
500 1491 606 1545 τοῦ
663 1493 814 1548 Θεοῦ
829 1510 848 1558 ;
910 1489 1126 1562 Ἦλθες
1169 1496 1281 1564 πρὸ
1331 1498 1540 1567 καιροῦ
1595 1501 1934 1563 βασανίσαι

351 1579 530 1649 ἡμᾶς.
556 1581 672 1635 Kal
697 1582 1007 1652 ἠρώτησεν
1032 1587 1218 1641 αὐτὸν
1240 1591 1273 1642 ὁ
1313 1589 1537 1658 Ἰησοῦς
1555 1609 1568 1621 °
1602 1594 1662 1647 Τί
1686 1609 1786 1647 σοι
1806 1593 1934 1647 ὄνο-

349 1672 434 1741 μά
457 1673 625 1738 ean;
650 1676 764 1730 Καὶ
795 1671 985 1743 εἶπεν,
1034 1675 1122 1730 ὅτι
1163 1678 1419 1748 lex-sier,
1439 1680 1528 1736 ὅτι
1557 1684 1760 1736 πολλὰ
1809 1684 1935 1738 δαι-

2033 508 2254 554 ruerunt
2286 499 2342 553 in
2363 513 2528 564 mare,
2578 505 2628 558 et
2656 497 2920 566 perierunt
2957 497 3010 550 in
3051 496 3224 567 aquis.
3255 495 3323 549 At
3365 501 3600 565 pastores

2031 589 2301 658 fugerunt,
2331 600 2382 643 et
2415 587 2730 644 nuntiarunt
2758 586 2815 640 in
2845 585 3044 641 urbem.
3087 585 3246 656 Apud
3291 584 3600 639 Matthteum

2031 681 2356 738 daemoniaci
2382 681 2491 737 duo
2519 679 2691 737 fuisse
2727 678 3005 735 dicunt-ur.
3044 677 3196 734 Idem
3230 691 3427 748 porcos
3470 675 3602 730 sitn-

2031 773 2248 846 pliciter
2277 769 2540 842 concipit,
2587 783 2769 840 neque
2807 783 3096 825 numerum
3144 765 3420 838 exprimit.
3464 765 3602 818 Mar-

2029 877 2130 922 cus
2161 877 2300 919 vero.
2321 863 2488 918 etiam
2525 875 2820 931 porcorum
2867 873 3155 914 numerum
3184 855 3494 912 accuratius
3517 869 3605 908 ex-

2031 956 2204 1027 ponit.
2251 953 2403 1010 Venit
2451 964 2649 1019 autem,
2680 951 2931 1022 inquit’,
2985 951 3042 1004 in
3083 957 3260 1017 partes
3291 947 3602 1018 Gergeseno-

2031 1063 2170 1111 rum,
2197 1055 2245 1100 et
2270 1046 2501 1100 occurrit
2531 1045 2578 1100 ei
2608 1043 2926 1099 daemonium
2970 1039 3187 1103 habens,
3226 1038 3316 1108 qui
3353 1038 3604 1106 alligatus

2029 1146 2150 1192 erat
2190 1137 2390 1190 catenis
2433 1136 2642 1206 ferreis,
2696 1144 2748 1190 et
2789 1131 3149 1201 disrumpebat
3200 1126 3430 1189 vincula,
3472 1133 3521 1178 et
3551 1127 3606 1174 in

2035 1226 2384 1280 monumentis
2411 1225 2652 1296 degebat,
2691 1233 2740 1278 et
2783 1221 3219 1291 vociferabatur:
3258 1218 3405 1272 Sine.
3466 1213 3609 1281 Quid

2030 1317 2185 1373 nobis
2233 1327 2281 1372 et
2324 1317 2442 1381 tibi,
2493 1316 2625 1370 Jesu
2674 1314 2785 1369 Fili
2838 1314 2973 1369 Dei?
3011 1311 3212 1367 Venisti
3240 1317 3362 1362 ante
3407 1314 3606 1373 tempus

2035 1416 2274 1477 torquere
2299 1409 2432 1462 nos?
2459 1405 2525 1458 Et
2562 1405 2900 1474 interrogavit
2931 1404 3100 1470 ipsum
3129 1399 3285 1453 Jesus
3310 1413 3326 1451 :
3351 1395 3504 1462 Quod
3531 1405 3604 1448 est

2034 1498 2128 1551 tibi
2163 1515 2348 1552 nomen
2367 1500 2392 1552 ?
2415 1496 2482 1551 Et
2510 1499 2645 1551 dixit
2671 1513 2689 1550 :
2719 1496 2897 1566 Legio,
2921 1495 3170 1564 quoniam
3213 1489 3380 1545 multa
3417 1487 3609 1543 daemo-

2033 1589 2124 1642 nia
2170 1590 2501 1642 intraverant
2544 1589 2601 1644 in
2642 1589 2834 1655 ipsum.
2891 1584 2956 1638 Et
2997 1583 3253 1654 rogabant
3299 1583 3492 1650 ipsum,
3542 1594 3607 1633 ne

2031 1682 2393 1734 emitterentur
2415 1690 2568 1733 extra
2611 1678 2890 1748 regionem,
2923 1675 3012 1730 sed
3051 1684 3109 1727 ut
3148 1673 3202 1726 in
3229 1687 3414 1741 porcos
3434 1671 3605 1738 ingre-

348 1764 530 1831 μόνια
553 1763 840 1834 εἰσῆλθεν
866 1770 953 1832 είς
988 1769 1196 1822 αὐτόν.
1249 1771 1360 1824 Kal
1405 1773 1790 1840 παρεκάλουν
1815 1777 1930 1828 αὺ-

2033 1769 2297 1823 derentur.
2334 1768 2465 1822 Erat
2504 1768 2641 1822 enim
2682 1767 2796 1820 illic
2834 1781 2961 1836 grex
2991 1779 3272 1834 porcorum
3301 1761 3388 1831 qui
3424 1773 3605 1827 pasce-

349 1853 456 1908 τὸν
474 1854 568 1925 μὴ
591 1856 1014 1928 ἀποσταλῆναι
1035 1859 1150 1924 ἔξω
1170 1859 1278 1929 τῆς
1296 1860 1518 1932 χώρας,
1545 1864 1708 1918 ἀλλὰ
1734 1867 1934 1919 εἰσελ-

349 1946 477 2000 Θεῐν
504 1949 595 2013 εὶς
617 1949 758 2016 τοὺς
785 1950 1033 2019 χοίρους
1050 1966 1065 1982 ο
1101 1946 1182 2023 ἦν
1214 1953 1326 2022 γὰρ
1349 1953 1476 2008 ἐκεῖ
1501 1955 1689 2025 ἀγέλη
1715 1958 1934 2025 χοίρων

347 2036 728 2110 βοσκομένη,
777 2041 878 2095 καὶ
921 2041 1251 2114 ἐπέτρεψεν
1271 2044 1474 2110 αὐτοῖς
1521 2048 1819 2102 εἰσελθεῖν
1845 2050 1931 2115 εἰς

348 2127 490 2195 τοὺς
533 2131 802 2200 χοίρους.
857 2131 970 2187 Kal
1022 2132 1302 2205 ὥρμησεν
1361 2136 1402 2204 ἦ
1426 2135 1615 2208 ἀγέλη
1655 2139 1804 2191 κατὰ
1823 2137 1930 2194 τοῦ

346 2219 617 2288 κρημνοῦ
642 2222 731 2288 είς
753 2220 865 2290 τὴν
901 2220 1242 2281 θάλασσαν.
1271 2219 1475 2280 *Ησαν
1493 2226 1604 2295 γὰρ
1639 2227 1719 2292 ὡς
1749 2227 1935 2296 δισχι-

345 2312 487 2374 λιοι,
521 2310 622 2365 καί
669 2312 1010 2382 ἐπνίγησαν
1043 2315 1114 2371 ἐν
1139 2313 1215 2385 τῇ
1268 2317 1572 2387 θαλάσση.
1599 2319 1708 2372 Kal
1739 2321 1793 2372 οί
1815 2320 1927 2384 ,βό-

346 2416 606 2468 σκοντες
642 2403 866 2468 αὐτοὺς
916 2404 1172 2475 ἔφυγον,
1211 2407 1310 2460 καὶ
1365 2407 1729 2478 ἀνήγγειλαν
1763 2410 1832 2464 ἐν
1860 2408 1934 2479 τῇ

345 2492 541 2546 πόλει.
577 2487 724 2565 Ἀρα
757 2490 855 2550 οὖν
908 2496 976 2550 δι’
1000 2496 1222 2565 ἄγνοιαν
1253 2497 1440 2570 ἠρώτα
1465 2500 1497 2552 ὀ,
1521 2497 1652 2562 Θεὸς
1684 2501 1874 2568 Λόγος,
1904 2502 1933 2554 ὁ

345 2583 414 2637 δι’
440 2585 592 2655 ἡμᾶς
644 2585 928 2658 ἄνθρωπος
967 2587 1230 2656 γεγονὼς,
1263 2589 1358 2643 καὶ
1399 2590 1500 2642 οὐκ
1529 2589 1645 2661 ᾔδει
1678 2591 1737 2644 τὸ
1762 2591 1932 2663 ὄνομα

346 2676 442 2731 τοῦ
465 2678 747 2750 δαιμονίου
775 2683 908 2754 πρὶν
962 2683 1276 2755 ἐρωτῆσαιί
1323 2685 1482 2739 Ἀλλὰ
1522 2685 1680 2740 εἴωθε
1700 2687 1761 2740 τὺ
1780 2687 1930 2741 Θεῖον

346 2769 412 2822 ἐκ
458 2769 728 2841 στόματος
758 2773 869 2827 τῶν
909 2774 1276 2844 ἐρωτωμένων
1322 2774 1419 2840 τὰς
1467 2777 1773 2848 προφάσεις
1799 2779 1930 2833 ἐκά-

348 2877 478 2932 στης
505 2861 814 2927 ὑποθέσεως
844 2865 1102 2934 ἐκδήλους
1138 2866 1604 2937 παρασκευάζειν.
1649 2867 1805 2922 Οὕτω
1838 2870 1932 2921 καὶ

347 2953 606 3016 ἐνταῦθα,
638 2954 730 3009 ἴνα
747 2954 900 3028 δείξῃ
920 2955 982 3008 τὸ
1009 2956 1242 3027 φοϐερὸν
1268 2957 1361 3009 καὶ
1383 2958 1443 3010 τὸ
1466 2957 1670 3028 πλῆθος
1695 2958 1802 3011 τῶν
1827 2960 1930 3012 δαι-

349 3043 552 3113 μόνων.
595 3043 657 3100 τὸ
686 3045 947 3117 ἐρώτημα
976 3049 1227 3112 ποιεῖται,
1275 3048 1364 3102 ἵνα
1390 3049 1456 3102 ἐκ
1481 3048 1748 3118 στόματος
1779 3049 1924 3100 ἐκεί-

348 3151 438 3188 νου
468 3135 531 3189 τὸ
550 3134 866 3205 Θαυμαστὸν
909 3137 1069 3209 ἔργον
1117 3137 1586 3210 ὑποδειχθήσεται.
1639 3139 1748 3194 Καὶ
1779 3155 1923 3208 παρ-

347 3225 615 3279 εκάλουν
634 3227 821 3280 αὐτὸν
850 3230 905 3283 οί
933 3229 1213 3298 δαίμονες
1236 3229 1537 3298 λέγοντες·
1565 3231 1660 3300 Μὴ
1683 3230 1928 3301 πέμψῃς

346 3312 504 3382 ἡμᾶς
538 3316 625 3380 είς
651 3315 768 3383 τὴν
802 3316 1078 3372 ἄϐυσσον
1105 3319 1285 3385 ’,ἀλλ’
1309 3319 1633 3388 ἐπίτρεψον
1662 3321 1805 3389 ἡμῖν
1831 3323 1932 3375 ἵνα

346 3400 710 3471 είσέλθιιψεν
732 3406 819 3470 εις
859 3405 1001 3472 τοὺς
1025 3407 1290 3476 χοίρους.
1329 3407 1438 3464 Kal
1473 3407 1804 3478 ἐπέτρεψεν
1827 3411 1932 3462 αὐ-

2035 1859 2212 1923 batur;
2251 1869 2302 1913 et
2348 1859 2587 1928 permisit
2634 1857 2764 1926 ipsis
2795 1856 2994 1926 ingredi
3039 1856 3094 1910 in
3123 1868 3338 1923 porcos;
3364 1860 3411 1906 et
3447 1850 3604 1903 irruit

2035 1967 2166 2022 grex
2212 1967 2303 2019 per
2349 1966 2579 2020 praeceps
2621 1951 2677 2003 in
2727 1964 2909 2011 mare;
2939 1954 3089 2001 erant
3120 1945 3257 2000 enim
3305 1941 3457 2013 quasi
3499 1940 3604 1994 duo

2036 2046 2231 2111 millia,
2263 2054 2311 2100 et
2342 2045 2607 2115 suﬁoeata
2652 2054 2776 2099 sunt
2809 2045 2866 2097 in
2913 2043 3070 2097 mari.
3105 2039 3175 2094 Et
3196 2040 3289 2110 qui
3325 2037 3604 2108 pascebant

2034 2139 2174 2204 ipsos
2204 2138 2468 2206 fugerunt,
2504 2145 2554 2191 et
2580 2138 2890 2189 nuntiarunt
2919 2136 2974 2189 in
2996 2133 3281 2188 civitatem.
3312 2129 3450 2184 Num
3477 2143 3605 2182 vero

2035 2226 2128 2282 Dei
2151 2226 2413 2289 Verbum,
2464 2225 2610 2296 quod
2654 2233 2875 2298 propter
2915 2240 3018 2281 nos
3067 2224 3336 2278 hominem
3368 2237 3428 2278 se
3455 2220 3604 2281 fecit,

2033 2315 2301 2384 ejusmodi
2329 2314 2587 2386 quiddam
2619 2329 2684 2368 ex
2721 2314 3029 2385 ignorantia
3063 2311 3468 2375 sciscitabatur,
3509 2325 3605 2363 ne-

2033 2423 2140 2478 que
2167 2405 2430 2462 dmmonis
2456 2420 2657 2460 nomen
2697 2411 2946 2470 noverat,
2979 2410 3269 2472 antequam
3304 2402 3607 2469 interroga-

2033 2499 2152 2554 ret?
2178 2497 2336 2568 651
2370 2495 2572 2552 Verum
2612 2497 2684 2550 ita
2715 2495 2860 2550 Deus
2901 2494 3082 2550 facere
3109 2494 3416 2556 consuevit,
3450 2501 3500 2545 ul
3536 2507 3604 2546 ex

2034 2589 2276 2652 iilorum,
2325 2604 2467 2660 quos
2496 2588 2820 2659 interrogat,
2852 2603 2950 2642 ore
2975 2586 3246 2656 cujusque
3283 2583 3483 2654 negotii
3524 2597 3607 2638 ra-

2035 2683 2212 2738 tiones
2245 2681 2673 2752 occasionesque
2705 2679 3017 2750 patcl‘aciat.
3054 2678 3419 2745 Quamobrem
3451 2682 3501 2730 et
3536 2673 3606 2730 il»

2033 2774 2103 2828 lic
2131 2789 2369 2844 quoque,
2407 2781 2464 2826 ut
2497 2789 2660 2842 quam
2701 2773 2996 2835 terribiles,
3027 2780 3340 2842 quantoque
3381 2781 3606 2823 numero

2031 2863 2304 2918 decuriones
2334 2870 2519 2918 essent
2553 2862 2842 2924 indicaret,
2875 2863 3212 2931 interrogare
3236 2863 3386 2929 prius
3411 2857 3602 2922 voluit,

2033 2963 2093 3009 t.t
2130 2971 2192 3009 ex
2233 2955 2380 3008 illius
2421 2969 2515 3008 ore
2557 2952 2878 3006 admirabile
2925 2952 3134 3005 facinus
3177 2952 3305 3004 illud
3349 2949 3604 3004 ostende-

2031 3053 2200 3101 retur.
2237 3045 2514 3099 Dwmones
2558 3060 2716 3112 porro
2760 3042 3019 3113 rogabant
3051 3043 3222 3110 ipsum
3245 3059 3263 3096 :
3298 3040 3380 3096 Ne
3422 3042 3603 3094 mittas

2033 3153 2126 3191 nos
2156 3137 2211 3189 in
2243 3136 2528 3204 abyssum;
2559 3136 2650 3190 sed
2688 3136 2931 3205 permitte
2967 3133 3116 3188 nobis
3148 3142 3203 3186 ut
3241 3130 3602 3203 ingrediantur

2033 3227 2086 3280 in
2112 3242 2332 3296 porcos:
2364 3235 2412 3278 et
2436 3227 2675 3294 permisit
2705 3227 2854 3296 ipsis.
2886 3224 2954 3279 Et
2983 3226 3222 3279 exierunt
3242 3225 3524 3289 dannenes,
3553 3231 3605 3276 et

2032 3318 2366 3371 intraverunt
2414 3317 2468 3370 in
2499 3333 2709 3384 porcos,
2753 3327 2802 3371 et
2834 3318 2991 3370 irruit
3022 3332 3149 3387 grex
3197 3331 3476 3385 porcorum
3514 3330 3603 3383 per

2034 3408 2385 3478 praecipitium
2411 3407 2462 3461 in
2493 3425 2669 3473 mare;
2704 3419 2753 3462 et
2779 3409 3043 3478 perierunt
3074 3409 3129 3460 iu
3155 3409 3327 3478 aquis.

346 3495 471 3564 τοῖς
491 3513 504 3528 ·
556 3497 656 3552 καί
680 3498 946 3568 ἐξῆλθον
984 3502 1039 3554 οί
1071 3501 1352 3570 δαίμονες
1375 3505 1462 3568 εὶς
1501 3501 1643 3570 τοὺς
1670 3505 1935 3574 χοίρους.
1975 3503 2090 3558 Kal
2128 3501 2407 3572 ὥρμησεν
2433 3502 2471 3570 ἠ
2494 3501 2681 3572 ἀγέλη
2712 3501 2830 3556 τῶν
2864 3501 3083 3571 χοίρων
3121 3501 3270 3558 κατὰ
3298 3500 3405 3554 τοῦ
3460 3515 3604 3568 κρη-

345 3590 500 3660 μνοῦ
521 3595 608 3658 εις
638 3593 754 3663 τὴν
789 3595 1112 3652 θάλασσαν
1131 3613 1146 3628 ο
1189 3598 1288 3651 καί
1347 3598 1659 3654 ἀπώλοντο
1699 3599 1768 3651 ἐν
1807 3596 1931 3664 τοῖς
1968 3596 2207 3651 ὕδασιν.

417 3682 540 3736 ΛΔ’.
569 3684 635 3738 Ὦ
674 3685 915 3756 μεγάλης
947 3685 1083 3744 Θεοῦ
1109 3686 1546 3759 φιλανθρωπίαςι
1584 3689 1700 3752 πῶς
1733 3688 1796 3742 τὸ
1823 3689 1923 3760 μὲν

347 3771 541 3842 ψεῦδος
583 3776 817 3848 ἐλέγχει,
849 3781 962 3843 τοῖς
1001 3779 1062 3833 δὲ
1089 3779 1294 3844 δούλοις
1337 3780 1502 3836 αὐτοῦ
1536 3781 1634 3852 τὴν
1667 3782 1924 3854 ἀλήθειαν

349 3865 697 3924 ὑποδεικνύεις
723 3869 790 3921 δι’
817 3869 1018 3941 ἔργων,
1047 3873 1140 3926 καὶ
1165 3871 1252 3927 διὰ
1279 3871 1475 3941 λόγων,
1499 3873 1590 3926 καὶ
1623 3874 1710 3926 διὰ
1746 3873 1924 3944 πάσης

350 3956 514 4010 αὑτοῦ
545 3957 645 4026 τῆς
674 3959 1006 4030 ἐπιμελείας.
1047 3961 1237 4032 Ἔργῳ
1280 3963 1387 4035 γὰρ
1436 3963 1634 4028 ἔδειξεν
1678 3964 1798 4034 οὐχὶ
1825 3964 1922 4034 τὴν

348 4048 519 4119 αὐτὴν
550 4048 728 4121 ψυχὴν
759 4046 898 4104 εἶναι
931 4051 988 4104 ἐν
1024 4069 1084 4105 τε
1111 4055 1223 4116 τοῖς
1264 4053 1570 4125 ἀνθρώποις
1604 4056 1696 4107 καὶ
1726 4058 1784 4107 ἐν
1811 4058 1922 4118 τοῖς

349 4140 596 4210 κτήνεσι,
637 4141 732 4194 καὶ
770 4142 828 4195 ἐν
870 4144 983 4205 τοῖς
1028 4142 1209 4208 ζώοις.
1250 4147 1313 4198 Et
1355 4145 1464 4216 γὰρ
1513 4147 1546 4216 ἡ
1592 4147 1728 4218 αὑτὴ
1777 4147 1924 4217 ψυχὴ

347 4231 588 4301 ὑπῆρχε,
617 4233 726 4286 τίνι
750 4231 894 4304 λόγῳ
925 4233 1022 4288 ἕνα
1056 4235 1155 4306 μὲν
1181 4235 1502 4308 βουλόμενος
1537 4237 1850 4309 καθαρίσαι,
1889 4238 1922 4308 ἢ

351 4321 482 4392 μίαν
494 4321 684 4412 -ψυχῂν
713 4323 886 4379 σῶσαι
916 4324 1016 4396 τὴν
1043 4326 1140 4380 τοῦ
1166 4327 1458 4399 ἀνθρώπου
1492 4328 1587 4382 τοῦ
1626 4328 1925 4400 δαιμονῶν-
1959 4358 2002 4412 D

346 4427 461 4478 τος,
486 4410 750 4482 δισχιλίας
776 4412 912 4483 ὁμοῦ
945 4413 1124 4484 ψυχὰς
1153 4414 1416 4471 ἀπολέσαι
1439 4417 1538 4470 οὐκ
1573 4417 1846 4486 ἐφείσατο,
1876 4417 1926 4470 εἰ

346 4500 552 4571 quae,
579 4497 682 4572 ἦνς
727 4501 852 4566 Πῶς
883 4503 978 4558 τὸν
1000 4505 1096 4562 ἕνα
1131 4505 1442 4578 καθαρίζει,
1472 4508 1507 4578 ἢ
1534 4506 1638 4578 τὴν
1675 4507 1799 4579 μίαν
1825 4507 1927 4578 ψυ-

346 4591 474 4663 Χὴν»
507 4593 588 4656 εἰς
615 4592 672 4646 δὲ
704 4593 777 4650 τὰ
812 4593 950 4651 ἄλλα
1000 4594 1248 4668 σώματα,
1297 4597 1392 4652 εἴτ’
1440 4595 1534 4652 οὖν
1579 4597 1758 4670 ψυχὰς
1805 4599 1926 4652 ἐπι-

347 4685 538 4757 τρέπει
585 4685 712 4748 eois;
751 4685 1010 4758 δαίμονας
1047 4687 1424 4759 εἰσέρχεσθαις
1481 4689 1594 4743 Οὐκ
1637 4689 1751 4744 ἔστι
1789 4689 1924 4760 δῆλα

350 4773 527 4829 casei
556 4774 734 4842 φωτὸς
755 4774 929 4847 ἐργα;
953 4778 1197 4848 Ἐνφωιτί
1229 4781 1367 4833 εἰσιν
1386 4773 1533 4833 οὗτοι
1562 4781 1612 4833 oi
1641 4779 1922 4852 λόγοιείρ-

349 4865 652 4933 γασμὲνοι;
688 4867 752 4919 οὐ
791 4867 893 4938 τῆς
933 4869 1188 4940 ἀληθείας
1221 4870 1281 4924 τὸ
1329 4871 1624 4941 πρόσωπον
1667 4871 1923 4942 φαιδρόνς

349 4956 470 5026 οὐχὶ
500 4956 678 5010 πάντα
706 4956 824 5010 λεῖα
852 4961 965 5022 τοῖς
1013 4959 1278 5023 συνιοῦσι,
1311 4961 1406 5013 καὶ
1441 4959 1579 5031 ὀρθὰ
1623 4963 1734 5025 τοῖς
1780 4962 1928 5032 εὑρίσ

353 5065 539 5102 σκουσι
580 5048 816 5118 γνῶσιν;
864 5050 970 5115 τίς,
1003 5050 1178 5108 ταῦτα
1207 5052 1444 5118 ἀκούσας
1483 5055 1575 5106 καὶ
1607 5054 1922 5127 συγκρίνας,

350 5139 450 5193 οὐκ
479 5139 680 5214 ἐλέγχῃ
723 5141 815 5194 τὸν
859 5141 1055 5214 Μάνην
1098 5143 1399 5197 καττύοντα
1438 5143 1474 5198 ἃ
1509 5145 1582 5217 μὴ
1622 5146 1792 5199 δεῖτὸ
1828 5147 1926 5216 τὴν

351 5229 588 5284 διάνοιαν
625 5231 733 5284 τῶν
779 5231 1085 5302 ἀνθρώπων
1115 5236 1180 5288 ἐκ
1222 5234 1318 5288 τοῦ
1351 5235 1503 5298 ὄντος
1547 5235 1922 5308 διαστρέφειν;

365 5319 524 5375 Ἀλλὰ
569 5323 734 5376 πάλιν
780 5324 829 5376 οἱ
874 5323 1164 5398 ἀλιτήριοι.
1245 5329 1482 5399 Ἀκήκοα
1517 5329 1624 5398 γὰρ
1659 5329 1750 5381 καί
1782 5346 1925 5392 τινος

353 5411 494 5466 οὕτω
536 5414 943 5485 διαλεγομένου.
988 5418 1077 5481 Ὠς
1110 5421 1240 5492 παρ’
1269 5420 1425 5492 ἡμῶν
1459 5421 1657 5490 ἤκουσε
1699 5422 1926 5492 ταυτηνὶ

355 5502 452 5571 τὴν
478 5506 881 5576 πραγματείαν,
916 5510 1172 5579 στραφεὶς
1203 5509 1232 5562 ὁ
1271 5512 1567 5583 κτηνὼδης,
1597 5512 1813 5582 ἐνόμισε
1848 5513 1922 5583 μή

427 5656 444 5688 ⁸
468 5655 636 5714 Marc.
672 5676 724 5728 ν,
760 5660 910 5715 1-15.

2106 3684 2346 3740 XXXIV.
2383 3685 2427 3741 Ο
2458 3685 2790 3756 singularem
2832 3681 2927 3736 Dei
2972 3681 3392 3751 benignitatem!
3438 3695 3602 3749 quam

2028 3779 2166 3835 bene
2221 3778 2564 3833 mendacium
2612 3774 2913 3845 redarguit,
2968 3789 3032 3827 ac
3080 3774 3254 3828 servis
3314 3773 3449 3836 suis,
3491 3777 3602 3825 tam

2029 3872 2188 3927 I'actis
2209 3887 2372 3940 quam
2396 3869 2594 3929 verbis,
2617 3875 2670 3922 et
2703 3869 2756 3922 in
2781 3867 2930 3921 omni
2966 3865 3444 3920 administratione
3476 3878 3603 3934 pro-

2030 3965 2381 4032 videntiaque
2429 3979 2528 4017 sua
2574 3963 2854 4016 veritatem
2898 3959 3272 4015 demonstrat!
3317 3956 3430 4010 lloc
3457 3958 3603 4011 enim

2029 4072 2088 4111 re
2117 4057 2233 4125 ipsa
2261 4054 2610 4124 signiﬁcavit,
2663 4069 2770 4108 non
2800 4051 3044 4108 eamdem
3067 4050 3304 4104 animum
3345 4049 3395 4101 in
3428 4048 3603 4101 homi-

2031 4145 2214 4204 nibus,
2259 4159 2324 4198 ac
2367 4141 2689 4212 pecudibus,
2734 4150 2786 4196 et
2828 4140 3052 4209 reliquis
3096 4136 3468 4192 animantibus
3519 4137 3602 4190 in-

2031 4251 2172 4291 esse.
2228 4233 2362 4287 Nam
2397 4234 2445 4287 si
2478 4233 2666 4288 eadem
2712 4233 2766 4286 in
2813 4233 2922 4288 illis
2968 4231 3107 4286 foret
3148 4231 3350 4295 anima,
3379 4245 3477 4284 cur
3505 4246 3595 4297 qm

2033 4341 2200 4381 unum
2249 4339 2549 4394 repurgare
2575 4324 2758 4388 vellet,
2793 4332 2888 4378 aut
2920 4338 3079 4378 unam
3110 4337 3330 4377 servare
3363 4322 3601 4390 correpti

2031 4432 2061 4469 a
2095 4414 2434 4469 dae-monibus
2481 4415 2718 4469 hominis
2747 4414 3007 4477 animam,
3045 4413 3260 4468 duobus
3295 4413 3599 4466 animarum

2031 4506 2275 4560 millibus
2312 4520 2420 4559 non
2463 4504 2743 4574 pepercit?
2803 4506 2914 4558 (iur
2945 4520 3112 4559 unum
3143 4504 3441 4567 hominem,
3483 4503 3600 4559 sive

2031 4612 2196 4651 unam
2233 4596 2468 4648 animam
2511 4595 2584 4648 ita
2629 4604 2941 4666 perpurgat,
3017 4603 3076 4650 ut
3114 4596 3170 4649 in
3214 4596 3319 4648 alia
3367 4611 3597 4664 corpora

2029 4687 2113 4742 vel
2151 4687 2365 4740 animus
2396 4685 2673 4740 dwmones
2716 4685 2924 4754 ingredi
2972 4686 3292 4755 permittat?
3342 4686 3597 4755 Nunquid
3633 4747 3639 4762 .

2029 4777 2168 4832 lucis
2217 4777 2505 4832 manifesta
2536 4787 2663 4834 sunt
2695 4777 2898 4847 opera?
2945 4777 3064 4832 Non
3106 4777 3227 4834 luce
3270 4777 3448 4848 palam
3479 4793 3599 4847 quan

2029 4871 2142 4926 illic
2187 4880 2484 4926 nar-rantur
2522 4872 2764 4940 perfecta
2820 4873 2991 4928 sunt?
3040 4870 3224 4928 Nonne
3285 4871 3478 4925 hilaris
3534 4889 3598 4924 ac

2028 4959 2311 5028 Splendida
2356 4962 2604 5017 veritatis
2655 4970 2741 5018 est
2789 4962 3000 5019 facies?
3056 4977 3238 5017 nonne
3275 4962 3439 5031 plana
3468 4969 3596 5015 sunt

2029 5050 2456 5123 iutelligentibus
2495 5053 2702 5120 omnia,
2748 5065 3000 5124 rectaque
3040 5053 3108 5109 iis
3131 5093 3146 5118 ,
3175 5053 3269 5122 qui
3304 5053 3594 5108 scientiam

2029 5147 2366 5216 repererint?
2399 5145 2535 5213 Quis
2564 5147 2679 5201 haec
2699 5147 2955 5216 audiens,
2995 5153 3050 5201 et
3096 5145 3238 5216 apud
3274 5160 3334 5200 se
3359 5159 3591 5214 perpen-

2033 5241 2166 5296 dens
2210 5257 2318 5296 non
2373 5241 2582 5295 Manent
2639 5241 2793 5295 illum
2841 5240 3220 5310 reprehendat,
3250 5237 3340 5307 qui
3377 5253 3440 5292 ea
3473 5253 3595 5306 qtne

2033 5331 2254 5386 tninime
2289 5339 2504 5400 oportet
2547 5339 2799 5393 consuat,
2841 5346 2952 5400 quo
2997 5329 3276 5384 hominum
3322 5334 3535 5380 mentes
3564 5341 3595 5378 a

2033 5422 2262 5477 veritate
2289 5424 2627 5493 detorqueat.
2668 5422 2736 5476 At
2757 5421 2902 5476 enim
2948 5428 3177 5491 pergunt
3215 5416 3429 5473 nefarii.
3481 5414 3593 5470 Au-

2032 5512 2140 5569 divi
2175 5514 2316 5568 enim
2347 5515 2630 5585 quemdam
2661 5530 2730 5568 ex
2757 5514 2863 5568 illis
2890 5513 2992 5566 hoc
3025 5511 3180 5566 modo
3203 5511 3586 5580 disputantem.
