4008 6240
377 311 447 371 8Ἱ

1788 321 1846 378 8.
1890 323 2226 380 EPlPllANll

3541 313 3615 372 88

383 425 485 492 Qui
525 440 648 481 cum
680 423 824 481 banc
859 440 887 480 a
919 426 1080 484 nobis
1111 428 1585 487 ratiocinationem
1627 436 1948 505 accepisset,

2071 455 2128 508 τη
2159 438 2266 511 ἄρα
2306 436 2528 492 δύναται
2580 434 2716 491 κατὰ
2759 435 2860 507 τῆς
2901 432 2994 488 τοῦ
3037 428 3172 486 Θεοῦ
3213 426 3469 501 ἀληθείας
3518 426 3616 480 καὶ

381 531 686 572 conversus
736 517 793 572 in
833 533 956 574 sese
996 521 1225 590 pecudis
1252 521 1414 577 homo
1466 522 1663 580 similis
1707 526 1949 596 cogitare

2071 529 2264 601 [λεύης,
2304 528 2514 600 ἔμπλεα
2543 529 2761 600 ῥήματα
2789 524 2966 597 ἑαυτῷ
2995 522 3444 596 προϐαλλόμενος,
3479 517 3617 591 [ἑνό-

381 603 567 672 ctepit,
617 602 814 673 ecquid
863 605 1126 662 adversus
1175 606 1415 663 divinam
1462 610 1611 664 illam
1665 613 1988 668 veritatem.

386 705 568 761 posset
598 695 855 765 objicere.
886 695 1122 753 Proinde
1157 715 1353 754 vanum
1385 717 1448 756 ac
1475 703 1764 759 ridiculum
1795 706 1952 775 quid-

384 783 506 834 dam
571 797 854 854 opponens
923 787 1208 840 mendacio
1263 789 1545 844 veritatem
1601 800 1846 847 evertere
1892 807 1953 848 se

385 885 546 938 posse
598 872 924 928 crediderat.
998 874 1090 929 Sic
1150 877 1317 944 igitur
1362 880 1641 935 asserebat
1691 900 1703 935 :
1751 881 1952 936 Utilem

387 963 572 1030 porcis
620 973 852 1020 mortem
885 966 1032 1020 illam
1065 967 1256 1025 fuisse.
1290 971 1366 1024 Ita
1397 972 1543 1027 enim
1574 989 1602 1027 a
1632 975 1954 1044 corporibus

386 1053 628 1108 liberata:
653 1069 717 1110 ac
741 1064 971 1112 servatae
996 1067 1125 1114 sunt
1155 1061 1374 1117 animas.

462 1142 570 1200 Sed
619 1146 931 1204 istiusmodi
977 1151 1301 1215 hominum,
1353 1155 1448 1224 qui
1497 1155 1633 1210 nihil
1678 1155 1864 1212 vident
1901 1163 1956 1212 et

388 1243 568 1291 mente
610 1239 737 1291 caeci
788 1247 936 1305 sunt,
992 1257 1170 1312 neque
1220 1244 1353 1314 quid
1384 1245 1568 1301 dicant
1601 1246 1792 1303 audire
1821 1247 1956 1318 ipsi-

387 1333 496 1379 met
521 1327 795 1398 videntur,
828 1331 1058 1403 insignis
1081 1343 1165 1389 est
1187 1337 1460 1392 vecordia.
1486 1336 1622 1393 Nam
1649 1339 1695 1393 si
1723 1337 1957 1394 liberare

389 1430 418 1468 a
450 1420 774 1487 corporibus
824 1423 1036 1480 animas
1085 1426 1324 1483 salutare
1377 1443 1499 1485 esse
1557 1436 1744 1500 putat,
1800 1431 1959 1500 longe

388 1508 694 1565 consultius
737 1510 987 1567 Salvator
1015 1515 1240 1586 egisset,
1272 1517 1317 1572 si
1347 1530 1662 1588 correptum
1697 1533 1728 1572 a
1760 1521 1960 1576 daemo-

392 1595 555 1652 nibus
583 1597 859 1655 hominem
910 1601 1232 1674 ablegasset,
1279 1605 1444 1677 652
1494 1614 1554 1661 ut
1599 1608 1668 1663 ab
1719 1609 1960 1664 hominis

388 1702 619 1757 corpore
651 1691 878 1746 liberata
912 1696 1130 1751 tandem
1165 1697 1343 1752 anima
1390 1699 1624 1755 salutem
1667 1701 1958 1757 obtineret.

2055 621 2202 694 μισε]
2231 621 2299 675 τὰ
2325 619 2552 692 ἀληθινὰ
2582 619 2658 690 τῷ
2683 617 2864 688 ψεύδει
2890 613 3253 688 μηχανᾶσθαι,
3286 610 3378 666 καί
3407 626 3573 679 φησιν
3597 623 3612 638 ⁸

2065 713 2223 767 Ἀλλά
2249 712 2518 783 διενήνοχε
2564 713 2676 774 τοῖς
2707 710 2908 782 χοίροις
2937 707 2998 760 τὸ
3026 705 3301 760 τεθνάναι.
3349 700 3619 772 Ἀπηλλά-

2053 822 2228 877 γησαν
2259 805 2367 878 γὰρ
2405 805 2461 858 αἱ
2492 802 2662 874 ψυχαὶ
2694 801 2803 857 ἀπὸ
2837 801 2944 855 τῶν
2972 798 3260 870 σωμάτων,
3295 794 3390 850 καλ⁸
3414 791 3622 864 ἐσώθη-

2055 913 2170 953 σαν.

2127 1161 2240 1216 Kal
2271 1160 2439 1232 πολλὴ
2471 1161 2624 1214 ἄνοια
2656 1158 2764 1212 τῶν
2794 1155 2868 1228 μὴ
2900 1155 3225 1226 βλεπόντων,
3260 1150 3355 1204 καὶ
3389 1148 3488 1220 τήν
3514 1146 3627 1200 διά-

2057 1240 2206 1307 νοιαν
2255 1251 2695 1322 τυφλωττόντων,
2754 1247 2890 1318 μηδὲ
2918 1248 2998 1309 είς
3047 1243 3296 1314 αἴσθησιν
3345 1241 3511 1309 ἀκοῆς
3559 1237 3630 1291 τὰ

2059 1344 2154 1396 ὑπ’
2197 1340 2378 1395 αὐτῶν
2423 1339 2690 1409 λεγόμενα
2723 1335 3125 1407 λαμϐανόντων.
3159 1333 3223 1385 El.
3262 1330 3368 1402 γὰρ
3405 1328 3540 1391 ὅλως
3567 1327 3630 1379 τὸ

2059 1433 2166 1487 ἀπὸ
2189 1430 2284 1486 τοῦ
2327 1429 2578 1502 σώματος
2610 1426 2986 1497 ἀπαλλαγῆναι
3018 1424 3115 1488 τὰς
3149 1420 3326 1494 ψυχὰς
3356 1420 3631 1490 σωτηρίαν

2059 1526 2293 1594 ἡγεῖται,
2324 1523 2431 1576 ἔδει
2477 1520 2676 1592 μᾶλλον
2725 1519 2818 1572 τὸν
2850 1518 3081 1588 Σωτῆρα
3113 1511 3427 1568 ἀποστεῖλαι
3473 1509 3495 1542 τ
3539 1506 3634 1561 τὸν

2059 1614 2399 1686 δαιμονῶντα
2431 1611 2736 1683 ἄνθρωπον,
2765 1609 2851 1663 ἵνα
2882 1606 3027 1677 σωθῇ
3065 1607 3099 1677 ή
3135 1603 3278 1675 ψυχὴ
3307 1599 3415 1654 ἀπὸ
3442 1599 3634 1668 σώμα-

2061 1722 2151 1769 τος
2195 1703 2481 1776 ἀνθρώπου
2529 1699 2924 1768 ἀπαλλαγεῖσα.
2962 1694 3169 1750 Οὐκοῦν
3207 1692 3396 1763 ἠγάπα
3435 1687 3636 1776 μᾶλλον

390 1777 532 1850 Ergo
565 1783 777 1837 animas
823 1784 966 1849 illas,
1015 1802 1138 1855 qua:
1178 1787 1231 1840 in
1283 1789 1468 1858 porcis
1509 1790 1746 1858 inerant,
1791 1792 1964 1862 pluris

2071 1794 2162 1857 τὰς
2184 1793 2360 1864 ψυχὰς
2392 1791 2492 1854 τὰς
2533 1792 2591 1845 ὲν
2619 1792 2732 1853 τοῖς
2760 1787 2961 1860 χοίροις
3004 1784 3144 1854 ὑπὲρ
3184 1781 3284 1853 τὴν
3312 1777 3489 1850 ψυχὴν
3536 1775 3638 1847 τὴν

391 1870 630 1927 hominis
676 1874 858 1928 anima
911 1875 1162 1933 faciebat.
1211 1879 1322 1933 Cur
1368 1880 1514 1935 enim
1560 1896 1670 1936 non
1703 1893 1758 1938 et
1789 1884 1964 1938 homi-

390 1975 514 2014 nem
553 1960 608 2015 in
644 1978 793 2019 mare
821 1979 944 2019 cum
979 1968 1162 2035 porcis
1210 1969 1550 2040 praecipitare
1593 1979 1650 2026 et
1689 1972 1964 2044 exstingui

391 2065 588 2121 passus
639 2063 744 2119 est,
795 2071 904 2125 quo
955 2058 1242 2114 universas
1290 2059 1523 2124 animas,
1569 2073 1680 2116 tam
1726 2062 1964 2120 hominis

389 2142 599 2198 scilicet
630 2160 791 2214 quam
827 2160 1150 2216 porcorum,
1201 2160 1517 2223 repurgaret
1563 2166 1628 2208 ac
1675 2155 1962 2210 servaret?

391 2223 593 2290 Verum
643 2239 803 2308 longe
851 2241 1011 2296 aliter
1057 2242 1204 2298 istud
1256 2245 1646 2317 intelligimus;
1693 2246 1963 2317 siquidem

391 2324 656 2384 Lazarum
685 2345 716 2386 e
741 2342 1098 2389 monumento
1122 2336 1545 2405 quatriduanum
1562 2347 1775 2404 evocat,
1803 2347 1965 2410 atque

393 2419 617 2488 excitat,
646 2427 701 2476 et
747 2420 803 2475 in
849 2421 1114 2478 mundum
1164 2425 1418 2494 reducit;
1456 2441 1557 2482 nec
1602 2428 1791 2497 utique
1835 2428 1964 2482 mali

391 2507 690 2580 quidquam
720 2527 788 2567 eo
820 2511 966 2569 facto
995 2516 1288 2572 conciliare
1313 2516 1505 2580 voluit,
1541 2525 1636 2572 aut
1665 2518 1962 2574 absurdum

392 2600 442 2654 ci
476 2601 684 2671 aliquid
728 2603 1084 2676 ineptumque
1113 2606 1312 2663 facere.
1348 2607 1579 2662 Amabat
1610 2611 1750 2664 enim
1781 2609 1962 2664 Laza-

393 2706 534 2756 rum,
575 2694 652 2746 ait
687 2691 972 2766 Scriptura
997 2698 1037 2751 ⁸.
1088 2696 1257 2764 Quem
1293 2698 1463 2770 igitur
1495 2701 1732 2770 amabat,
1779 2717 1879 2757 cur
1907 2703 1964 2758 in

393 2796 637 2850 carnem,
678 2785 725 2840 si
772 2800 836 2840 ea
879 2788 1020 2842 niala
1059 2799 1163 2854 est,
1215 2791 1428 2862 regredi
1471 2792 1686 2848 voluit?
1719 2808 1819 2849 cur
1854 2811 1962 2850 non

392 2882 668 2928 mortuum
697 2875 848 2929 illum
890 2879 1060 2933 semel
1089 2881 1509 2952 exsolutumque
1529 2897 1760 2952 corpore
1787 2884 1861 2937 ita
1891 2885 1966 2939 uti

392 2969 514 3016 erat
557 2963 825 3034 reliquit?
854 2963 964 3020 Nec
997 2976 1082 3021 est
1108 2966 1252 3037 quod
1281 2968 1386 3024 sibi
1416 2968 1703 3040 quisquam
1731 2983 1966 3039 persua»

392 3055 519 3108 deat
562 3055 834 3112 Lazarum
889 3058 1123 3114 subinde
1169 3075 1291 3117 esse
1341 3069 1640 3117 mortuum.
1672 3049 1789 3116 Hoc
1819 3062 1963 3118 enim

2063 1885 2157 1941 τοῦ
2199 1883 2509 1955 ἀνθρώπου.
2551 1881 2670 1934 Τίνι
2699 1881 2808 1949 γὰρ
2844 1876 2922 1947 τῷ
2953 1875 3096 1945 λόγῳ
3134 1872 3256 1944 οὐχὶ
3298 1869 3392 1924 καὶ
3417 1868 3508 1922 τὸν
3538 1866 3635 1920 ἀν-

2066 1977 2280 2044 θρωπον
2305 1973 2441 2046 μετὰ
2489 1971 2597 2026 τῶν
2623 1971 2821 2042 χοίρων
2851 1965 3148 2038 ἐπέτρεψεν
3188 1959 3528 2032 ἐμϐληθῆναι
3557 1957 3639 2020 εἰς

2065 2068 2361 2132 θάλασσαν,
2388 2067 2484 2120 καὶ
2511 2063 2822 2130 ἀποθανεῖν,
2857 2063 2938 2126 είς
2963 2059 3023 2114 τὸ
3054 2057 3150 2121 τὰς
3176 2053 3353 2125 ψυχὰς
3377 2051 3505 2114 ὅλας
3539 2046 3638 2102 τοῦ

2062 2177 2122 2214 τε
2149 2157 2438 2232 ἀνθρώπου
2468 2157 2564 2211 καὶ
2589 2155 2698 2210 τῶν
2729 2154 2925 2226 χοίρων
2949 2147 3264 2220 καθαρίσαι,
3307 2143 3403 2198 καὶ
3432 2141 3638 2232 σῶσαι

2078 2249 2220 2303 Ἀλλ’
2258 2229 2367 2319 οὐχ
2411 2246 2584 2310 οὕτως
2633 2245 2844 2315 εἴδομεν
2865 2257 2880 2273 ·
2931 2240 3068 2294 ἀλλὰ
3113 2237 3363 2307 Λάζαρον
3403 2232 3499 2304 μὲν
3531 2229 3643 2284 ἀπὸ

2069 2341 2337 2412 μνημείου
2359 2339 2676 2411 τεταρταῖον
2713 2335 2888 2399 καλεῖ,
2918 2333 3012 2388 καὶ
3048 2331 3274 2402 ἐγείρει,
3303 2325 3398 2380 καὶ⁸
3426 2325 3505 2384 είς

2068 2410 2204 2503 σμον
2231 2410 2572 2502 ἐπιστρέφει,
2607 2428 2666 2482 οὐ
2710 2427 2974 2498 πονηρίαν
3007 2421 3155 2493 αὐτῷ
3196 2417 3493 2491 προξενῶν,
3521 2410 3644 2466 οὐδὲ

2065 2542 2118 2578 τι
2151 2523 2442 2595 ἀϐέλτερον
2475 2521 2624 2592 αὐτῷ
2679 2517 3062 2591 ἐργαζόμενος.
3125 2515 3348 2582 Ἠγαπα
3386 2508 3496 2579 γὰρ
3534 2503 3645 2558 τὸν

2066 2614 2350 2685 Λάζαρον,
2378 2612 2541 2685 φησὶν
2571 2614 2606 2684 ή
2635 2611 2842 2683 Γραφή.
2879 2610 2976 2662 Ὃν
3004 2605 3193 2678 ήγάπα
3220 2602 3420 2664 τοίνυν,
3442 2599 3559 2661 πῶς
3587 2598 3645 2650 ὲν

2065 2705 2130 2773 τῇ
2166 2701 2331 2774 σαρκὶ
2362 2699 2681 2772 ἀνακάμψαι
2717 2699 2913 2763 ἐποίει,
2952 2696 3112 2767 είπερ
3155 2690 3367 2764 πονηρὰ
3408 2690 3443 2761 ή
3471 2685 3643 2759 σάρξς

2070 2794 2186 2858 πῶς
2217 2793 2272 2848 δὲ
2300 2793 2401 2848 οὐκ
2429 2793 2580 2847 εἴασε
2616 2791 2816 2862 μᾶλλον
2844 2790 2936 2844 τὸν
2968 2787 3117 2853 ἅπαξ
3155 2783 3515 2845 ἀποθανόντα,
3548 2781 3645 2835 καὶ

2069 2885 2177 2937 ἀπὸ
2224 2882 2476 2954 σώματος
2505 2880 2781 2944 σωθέντας
2813 2879 2923 2932 Kal
2968 2879 3043 2949 μή
3087 2891 3172 2939 τις
3198 2873 3395 2944 νομίσῃ
3417 2870 3510 2924 τὸν
3537 2869 3642 2925 Λά-

2073 2974 2238 3043 ζαρον
2290 2971 2452 3035 εὐθὺς
2503 2968 2665 3024 πάλιν
2709 2962 3173 3035 τετελευτηκέναι.
3225 2959 3476 3013 Δείκνυσι
3515 2954 3646 3026 γὰρ,

2074 3062 2262 3132 σαφῶς
2296 3061 2358 3115 τὸ
2392 3060 2545 3130 ὅεγιον
2577 3057 2927 3128 Εὐαγγέλιον,
2960 3056 3043 3109 ὅτι
3077 3052 3323 3108 ἀνέκειτο
3349 3049 3380 3103 6
3417 3045 3647 3120 Ἰησοῦς,

393 3145 745 3219 Evangelium
777 3159 964 3221 aperte
991 3152 1253 3219 declarat,
1298 3153 1624 3211 accubuisse
1651 3162 1842 3224 postea
1873 3152 1965 3209 Je-

2073 3156 2166 3209 καὶ
2201 3156 2231 3208 6
2269 3152 2519 3226 Λάζαρος
2561 3151 2808 3206 ἀνέκειτο
2857 3147 2972 3220 μετ’
3003 3143 3191 3201 αὑτοῦ.
3252 3139 3415 3196 Ἀλλά
3459 3137 3554 3193 καὶ
3590 3137 3649 3191 έν

393 3255 554 3304 sum,
604 3252 659 3295 et
702 3257 825 3296 cum
874 3257 940 3298 eo
985 3243 1253 3298 Lazarum
1305 3245 1564 3301 similiter
1618 3246 1964 3302 accubuisse.

396 3329 540 3397 Quin
568 3340 622 3386 et
655 3331 790 3386 illud
822 3331 964 3387 inter
991 3332 1339 3391 Traditiones
1373 3338 1698 3406 reperimus,
1746 3337 1968 3408 triginta

393 3431 510 3476 tum
551 3436 725 3478 annos
768 3431 954 3477 natum
1008 3423 1177 3479 fuisse
1208 3423 1496 3490 Lazarum,
1524 3440 1649 3480 cum
1678 3441 1709 3479 a
1738 3426 1969 3483 mortuis

392 3512 666 3568 excitatus
682 3521 788 3570 est.
813 3515 988 3584 Atque
1007 3515 1144 3570 idem
1169 3515 1257 3570 ille
1279 3523 1467 3586 postea
1492 3516 1712 3588 triginta
1734 3517 1855 3574 aliis
1873 3534 1963 3572 an-

393 3602 482 3657 nis
512 3601 668 3657 vixit.
708 3604 885 3674 Atque
920 3605 994 3658 ita
1033 3613 1284 3660 mortuus
1332 3606 1401 3661 ad
1450 3605 1741 3661 Dominum
1785 3608 1966 3673 rediit,

391 3703 446 3748 ct
492 3709 618 3748 cum
671 3694 870 3750 illustri
919 3697 1160 3753 nominis
1210 3696 1354 3752 fama
1403 3707 1629 3754 vocatus
1667 3707 1772 3763 est,
1823 3708 1883 3754 ut
1916 3709 1970 3757 et

391 3783 573 3837 ca'teri
609 3797 802 3839 omnes
833 3784 900 3838 ad
931 3785 1134 3839 ultimae
1171 3787 1596 3842 resurrectionis
1625 3802 1798 3858 usque
1831 3797 1971 3844 tem-

393 3887 517 3941 pus,
551 3874 790 3942 quando,
827 3882 887 3928 ut
920 3875 1194 3944 pollicitus
1245 3883 1350 3943 est,
1405 3878 1722 3948 unigenitus
1759 3877 1854 3934 Dei
1887 3877 1971 3935 Fi-

390 3962 499 4016 lius
544 3977 745 4033 corpus
788 3964 1004 4030 intimae,
1062 3966 1392 4037 corporique
1425 3968 1677 4024 restituet
1708 3969 1968 4036 animam,

389 4063 444 4109 ct
472 4054 770 4126 unicuique
802 4065 964 4126 prout
992 4060 1182 4129 gessit,
1219 4059 1334 4116 sive
1357 4061 1584 4127 bonum,
1615 4063 1731 4118 sive
1766 4063 1968 4117 malum

391 4147 718 4218 rependet‘.

461 4235 678 4291 XXXV.
723 4237 937 4294 Etenim
979 4240 1084 4296 nisi
1131 4256 1425 4312 corporum
1472 4243 1659 4298 futura
1694 4251 1842 4300 esset
1867 4244 1968 4298 ali-

391 4330 612 4398 quando
650 4333 999 4396 resurrectio,
1047 4334 1177 4403 quid
1229 4334 1322 4389 ille
1370 4334 1473 4389 sibi
1515 4336 1680 4391 vellet
1725 4336 1970 4392 dentium

391 4421 686 4476 stridor"?
718 4421 830 4478 Νοο
852 4432 936 4479 cst
963 4425 1109 4494 quod
1143 4426 1310 4496 aliqui
1351 4427 1563 4484 insanis
1602 4428 1708 4482 illis
1743 4427 1970 4482 vocibus

393 4515 753 4584 obstrepant:
799 4515 998 4572 Dentes
1035 4517 1198 4574 nobis
1231 4519 1296 4574 ad
1327 4519 1694 4575 mandendum
1729 4535 1852 4576 esse
1892 4520 1972 4574 fa-

394 4606 661 4660 bricatos.
695 4605 902 4677 Ecquid
944 4624 1074 4664 vero
1114 4610 1219 4664 cibi
1255 4619 1378 4681 post
1407 4621 1752 4666 mortuorum
1781 4627 1970 4666 resur—

393 4698 693 4753 rectionem
724 4701 1114 4758 comedetnus?
1149 4701 1352 4756 Verum
1397 4717 1521 4756 cum
1565 4711 1688 4772 post
1719 4718 1970 4759 resurre-

391 4789 628 4846 ctionem
671 4789 833 4846 J-esus
867 4793 1111 4848 secundo
1164 4793 1346 4847 cibum
1405 4792 1848 4861 manducaverit,
1908 4809 1972 4850 ac

391 4881 460 4937 de
503 4889 690 4937 assato
725 4883 896 4952 pisce,
929 4893 982 4940 et
1035 4883 1161 4938 l‘avo
1205 4885 1384 4939 mellis
1428 4883 1728 4940 comederit
1753 4885 1808 4952 ⁸;
1841 4901 1969 4941 nee-

391 4986 504 5027 non
552 4979 766 5027 etcum
819 4973 1107 5044 discipulis
1158 4975 1522 5046 quadraginta
1559 4975 1753 5033 diebus
1783 4978 1968 5032 cibum

391 5064 688 5135 sumpserit
717 5065 760 5128 ³,
796 5080 980 5120 nonne
1007 5064 1190 5119 cibum
1230 5065 1325 5120 illo
1359 5081 1579 5136 quoque
1614 5074 1858 5138 tempore
1884 5067 1970 5122 fu-

391 5165 576 5214 turum
621 5159 982 5230 putabimus?
1013 5156 1335 5228 Quanquam
1364 5158 1432 5213 de
1455 5159 1578 5214 cibo
1617 5161 1966 5231 perspicuum

389 5251 518 5306 inde
553 5260 660 5314 est,
703 5251 851 5322 quod
909 5249 1216 5306 scribitur:
1251 5250 1445 5305 Beatus
1483 5252 1573 5322 qui
1628 5252 1970 5307 manducabit

388 5355 577 5406 panem
631 5344 685 5395 in
740 5359 898 5413 regno
941 5328 1253 5396 calorum".
1295 5341 1408 5396 lmo
1446 5351 1501 5397 et
1541 5341 1714 5414 ipsiu's
1753 5343 1967 5399 Domini

390 5433 532 5487 baud
580 5434 813 5488 obscura
853 5434 1177 5504 promissio:
1217 5432 1474 5488 Sedebitis
1510 5438 1577 5489 ad
1610 5453 1847 5489 mensam
1871 5435 1973 5488 Pa-

461 5615 474 5642 ¹
511 5610 668 5669 Joan.
706 5630 777 5678 κι,
811 5615 901 5670 56.
979 5619 998 5646 ²
1027 5615 1069 5668 ll
1101 5617 1224 5670 Cor.
1269 5633 1321 5678 ν,
1350 5617 1434 5671 10.

391 5683 405 5713 ¹
440 5686 494 5740 1³.
528 5688 858 5740 αποκτεῐναι.
936 5687 955 5717 ⁸
989 5686 1110 5758 ch.
1150 5688 1243 5740 καὶ
1271 5705 1419 5758 κοιμ.

1552 5620 1572 5650 ³
1604 5618 1792 5674 Matth.
1830 5633 1947 5682 vm,
1993 5618 2075 5672 12.

2073 3246 2440 3320 Παραδόσεσιν
2469 3245 2724 3316 εὕρομεν,
2767 3244 2850 3296 ὅτι
2895 3239 3188 3311 τριάκοντα
3214 3233 3350 3289 ὲτῶν
3376 3229 3445 3304 ἦν
3475 3231 3597 3285 τότε
3622 3231 3649 3283 6

2073 3337 2344 3407 Λάζαρος,
2377 3337 2466 3389 ὅτε
2499 3335 2818 3404 ἐγήγερται.
2850 3329 3002 3384 Μετὰ
3025 3329 3083 3382 δὲ
3121 3327 3181 3381 τὸ
3217 3320 3513 3402 ἀναστῆσαι
3553 3320 3647 3373 αὑ-

2071 3427 2162 3482 τὸν
2205 3427 2340 3482 ἄλλα
2372 3427 2665 3500 τριάκοντα
2710 3423 2805 3493 ἐτη
2833 3421 2992 3492 ἔζησε
3014 3436 3028 3451 ο
3071 3418 3164 3472 καὶ
3206 3415 3349 3471 οὕτω
3381 3411 3516 3485 πρὸς
3545 3407 3659 3463 Κύ-

2072 3538 2185 3592 ριον
2216 3519 2515 3590 ὲξεδήμησε
2549 3513 2874 3587 κοιμηθεὶς³
2907 3511 3108 3582 ἐκλήθη
3143 3507 3280 3580 μετὰ
3313 3503 3511 3577 σεμνοῦ
3531 3503 3648 3558 ὀνό-

2074 3631 2264 3685 ματος,
2315 3611 2565 3681 καθάπερ
2609 3607 2809 3670 πάντες
2841 3607 2946 3670 ἕως
2974 3605 3071 3674 τῆς
3109 3602 3258 3673 ὥρας
3279 3599 3381 3670 τῆς
3419 3596 3655 3651 ἀναστάς

2076 3721 2233 3769 σεως,
2265 3703 2354 3756 ὅτε
2384 3699 2567 3772 μέλλει
2615 3699 2643 3750 6
2670 3696 3005 3767 Μονογενὴς,
3027 3693 3103 3756 ὡς
3127 3691 3412 3762 ὑπέσχετο,
3440 3688 3641 3741 ἀποκα-

2076 3795 2264 3867 θιστᾷν
2291 3794 2351 3848 τό
2382 3794 2540 3865 σῶμα
2566 3796 2630 3866 τῇ
2656 3791 2824 3863 ψυχῇ,
2856 3788 2949 3842 καὶ
2973 3785 3070 3858 τὴν
3099 3783 3278 3854 ψυχὴν
3307 3780 3387 3852 τῷ
3413 3779 3651 3849 σώματι,

2074 3889 2168 3942 καὶ
2203 3887 2402 3941 διδόναι
2431 3886 2649 3956 ἑκάστῳ
2678 3882 2821 3938 καθὰ
2849 3879 3105 3951 ἔπραξεν,
3135 3877 3254 3949 ἦτοι
3282 3872 3506 3944 ἀγαθὸν,
3533 3871 3654 3942 ἤτοι

2074 3977 2278 4048 φαῦλον

2146 4238 2269 4292 AE'.
2317 4237 2380 4290 Εί
2427 4235 2502 4307 μὴ
2537 4234 2645 4306 γὰρ
2685 4231 2952 4303 σωμάτων
3001 4229 3296 4291 ἀνάστασις
3340 4222 3438 4298 ἦν,
3491 4224 3654 4279 πόθεν

2078 4328 2323 4402 βρυγμὸς
2351 4327 2611 4392 ὀδόντων;
2652 4325 2812 4379 Ἀλλὰ
2843 4323 2919 4395 μὴ
2948 4321 3111 4376 πάλιν
3135 4320 3205 4375 τὰ
3232 4319 3334 4389 τῆς
3359 4317 3653 4390 φρενοϐλα-

2075 4423 2229 4487 ϐείας
2261 4421 2407 4485 τινες
2454 4418 2705 4484 εἴπωσιν,
2745 4419 2828 4472 ὅτι
2874 4417 3085 4480 ὀδόντες
3132 4414 3226 4468 ἐπὶ
3271 4414 3334 4466 τὸ
3378 4409 3654 4483 μασᾶσθαι

2079 4518 2212 4587 ἡμῖν
2267 4515 2374 4568 εἰσι
2440 4512 2962 4590 κατεσκευασμένοι.
3014 4508 3180 4562 Ποίαν
3223 4506 3400 4561 τοίνυν
3453 4503 3654 4572 ἐδωδὴν

2082 4607 2346 4680 μέλλομεν
2389 4605 2591 4660 ἐσθίειν
2627 4595 2765 4676 μετά
2808 4603 2906 4674 τὴν
2941 4601 3050 4656 τῶν
3081 4599 3290 4672 νεκρῶν
3322 4596 3652 4658 ἀνάστασινς

2082 4701 2143 4753 El
2175 4699 2284 4768 γὰρ
2345 4698 2481 4769 μετὰ
2529 4697 2823 4752 ἀνάστασιν
2866 4693 3117 4766 δεύτερον
3161 4691 3434 4762 βέϐρωκεν
3480 4690 3510 4742 6
3557 4687 3657 4758 Ἰη-

2081 4791 2230 4856 σοῦς,
2265 4791 2359 4845 καὶ
2388 4791 2447 4857 ἐξ
2476 4789 2654 4861 ἰχθύος
2695 4785 2861 4840 ὀπτοῦ
2897 4786 3082 4857 μέρος,
3113 4782 3209 4837 καὶ⁹
3235 4781 3344 4835 ἀπὸ
3376 4778 3654 4851 μελισσίου

2079 4884 2302 4956 κηρίον,
2351 4880 2786 4952 καὶ-συνηλίσθη
2832 4881 2942 4940 τοῖς
3000 4875 3269 4947 μαθηταῖς
3319 4874 3385 4927 δι’
3429 4870 3654 4944 ἡμερῶν

2076 4977 2515 5048 τεσσαράκοντα’
2569 4972 2679 5046 ἆρα
2718 4973 2818 5026 οὐκ
2871 4971 3024 5025 ἔσται
3085 4970 3318 5041 βρῶσις;
3368 4965 3479 5021 Καὶ
3523 4963 3655 5033 περ)⁸

2081 5069 2178 5141 μὲν
2207 5069 2459 5140 βρώσεως
2490 5065 2660 5136 σαφές
2682 5067 2848 5129 ἐστιν,
2872 5064 2953 5116 ὅτι
2981 5061 3285 5131 Μακάριος
3318 5059 3386 5126 ὃς
3408 5057 3656 5128 φάγεται

2077 5162 2261 5230 ἄρτον
2296 5163 2366 5215 ἐν
2391 5159 2464 5229 τῇ
2500 5157 2791 5225 βασιλείᾳ
2830 5155 2951 5210 τῶν
2999 5154 3291 5224 οὐρανῶν.
3333 5153 3444 5208 Καὶ
3485 5146 3651 5206 αὑτοῦ

2075 5250 2170 5304 τοῦ
2224 5250 2427 5322 Κυρίου
2478 5250 2512 5318 ή
2547 5247 2858 5317 ὑπόσχεσις,
2907 5246 2988 5299 ὃτι
3034 5246 3288 5299 Ἕσεσθε
3331 5241 3654 5311 καθήμενοι

2076 5341 2175 5395 ἐπὶ
2209 5339 2318 5409 τῆς
2348 5336 2636 5408 τραπέζης
2660 5337 2768 5391 τοῦ
2808 5337 3038 5407 Πατρός
3062 5355 3182 5407 μου
3218 5335 3528 5401 ἐσθίοντες
3553 5330 3652 5387 καὶ

2077 5436 2375 5502 πίνοντες.
2417 5433 2526 5488 Kal
2555 5432 2617 5484 τὸ
2644 5431 2743 5503 μὲν
2768 5431 2970 5485 ἐσθίειν
2997 5431 3089 5485 καὶ
3116 5430 3291 5483 πίνειν
3329 5427 3478 5498 αὐτῷ
3507 5424 3652 5499 μόνῳ

3211 5609 3232 5639 ⁸
3257 5607 3390 5664 Luc.
3422 5622 3534 5677 xiv,
3565 5605 3650 5667 15.

2193 5619 2212 5649 ³
2241 5621 2372 5672 Luc.
2405 5635 2551 5683 xxiv,
2579 5616 2667 5673 4'2.
2778 5617 2798 5648 '
2825 5617 2946 5672 Act.
2983 5630 3022 5679 ι,
3049 5611 3112 5672 5..
