4008 6240
304 391 374 449 89
934 389 1305 450 ADVERSUS
1340 392 1681 451 HIERESES
1715 394 1844 452 LIB.
1887 398 1888 402 “

1991 396 2152 456 ΤΟΜ.
2192 399 2257 455 ll.
2294 430 2361 441 —
2400 399 2670 456 ILERES.
2711 399 2895 457 LXVI.
3471 400 3543 453 οο

301 512 600 580 ιγνωσται’
636 507 823 581 ἐπειδὴ
858 509 897 565 d
932 510 1236 582 ὀφθαλμὸς
1272 515 1383 568 οὐκ
1418 509 1562 578 εἶδε,
1610 515 1711 569 καὶ
1753 510 1862 579 οὖς

1987 519 2059 572 ris
2092 521 2212 581 mei,
2247 519 2567 573 comedentes
2604 527 2653 572 et
2693 518 2916 571 bibentes
2942 517 2981 572 ¹.
3014 514 3119 571 Sed
3156 517 3298 587 quod
3346 515 3414 571 ad
3463 520 3542 571 ci-

301 605 415 657 οὐκ
449 602 739 671 ἤκουσεν,
773 604 910 657 οὔτε
937 605 1034 658 ἐπὶ
1064 605 1316 675 καρδίαν
1341 608 1649 677 ἀνθρώπου
1672 609 1877 678 ἀνέϐη,

303 693 423 747 ὅσα
480 694 813 763 ἡτοίμασεν
865 698 899 749 ό
959 694 1102 763 Θεὸς
1145 696 1268 763 τοῖς
1312 696 1625 767 ἀγαπῶσιν
1672 699 1875 755 αὐτόν.

317 782 455 835 Ἀλλ’
482 782 670 853 ἐπειδὴ
695 784 1010 854 ἐφθάσαμεν
1039 785 1133 839 ἐπὶ
1166 786 1242 856 τῷ
1282 787 1452 859 τόπῳ,
1487 788 1584 851 τὰς
1621 788 1879 859 διαφορὰς

304 873 413 926 τῶν
442 873 631 944 ψυχῶν
658 874 1049 946 ὑφηγούμενοι,
1098 877 1193 929 καὶ
1219 876 1288 929 τὰ
1330 876 1389 941 ἐξ
1428 878 1596 947 αὐτῆς
1624 878 1721 947 τῆς
1750 878 1882 948 ἀληο

306 965 478 1030 θείας,
502 967 595 1019 καὶ
614 966 709 1019 τοῦ
740 966 1137 1037 ὑποδείγματος
1164 966 1409 1032 ἐντελοῦς
1429 967 1617 1032 ὅντως,
1642 970 1721 1022 ὅτι
1746 969 1879 1039 ἀλλη

307 1056 406 1127 μὲν
431 1056 577 1128 ψυχὴ
601 1053 911 1128 ἀνθρώπου,
942 1056 1075 1129 ἄλλη
1105 1058 1163 1111 δὲ
1187 1060 1417 1130 κτήνους
1440 1074 1453 1090 ο
1485 1058 1579 1113 καὶ
1621 1060 1720 1112 οὑκ
1748 1055 1880 1129 ἦλθε

308 1153 480 1206 σῶσαι
509 1152 606 1225 τὴν
633 1152 813 1225 ψυχὴν
838 1151 932 1206 τοῦ
969 1153 1218 1224 κτήνους,
1259 1152 1398 1207 ἀλλὰ
1424 1152 1518 1207 τοῦ
1554 1152 1841 1224 ἀνθρώπου
1862 1169 1875 1183 ο

282 1246 440 1299 ¹διᾶτι
487 1244 558 1298 τὰ
609 1244 779 1315 κτήνη
829 1244 890 1297 οὑ
940 1244 1206 1315 κρίνεται.
1264 1244 1575 1315 Ἄνθρωποι
1630 1244 1728 1313 μὲν
1771 1243 1879 1313 γὰρ

306 1335 701 1407 κληρονομοῦσι
745 1335 1021 1406 βασιλείαν
1044 1335 1310 1407 οὐρανῶν,
1342 1337 1436 1389 καὶ
1464 1335 1737 1407 ἄνθρωποι
1758 1336 1876 1403 κρί-

308 1443 507 1480 νονται.
552 1426 1019 1480 Ἀπελεύσονται
1052 1424 1163 1495 γὰρ
1208 1421 1375 1481 οὗτοι
1404 1428 1489 1492 εὶς
1521 1426 1721 1494 κρίσιν
1748 1424 1881 1478 αὶώ-

307 1531 463 1578 νιον,
505 1515 603 1569 καὶ
634 1509 802 1570 οὗτοι
846 1514 935 1580 εὶς
967 1512 1123 1584 ζωὴν
1157 1513 1417 1579 αἰώνιον,
1452 1515 1617 1586 φησιν
1654 1516 1683 1569 δ
1713 1516 1881 1569 Μονο-

306 1607 494 1677 γενής.

1980 608 2107 663 bum
2138 610 2287 664 illum
2338 617 2634 679 potumque
2687 609 2951 677 pertinet,
3010 608 3162 663 solus
3207 608 3296 662 ille
3342 608 3535 661 novit:

1979 698 2416 769 quandoquidem
2450 714 2566 768 qua:
2596 714 2687 751 nec
2722 696 2902 752 oculus
2944 699 3094 765 uidit,
3136 717 3227 754 nec
3264 702 3407 753 auiis
3443 718 3541 753 au-

1979 790 2127 852 divit,
2158 808 2248 844 nec
2278 792 2330 843 in
2356 807 2445 845 cor
2465 789 2688 844 hominis
2719 790 3079 854 ascenderunt,
3127 808 3240 860 quw
3269 808 3543 861 praepara-

1980 882 2049 934 vit
2084 880 2219 936 Deus
2261 881 2421 952 653
2449 881 2784 951 diligentibus
2809 899 2863 936 se
2885 883 2926 935 ².
2966 882 3070 936 Sed
3105 884 3215 937 haec
3238 884 3413 939 obiter
3436 883 3540 937 loci

1981 973 2139 1039 hujus
2174 976 2462 1027 occasione
2490 972 2895 1042 proposuimus,
2924 987 3049 1026 cum
3086 972 3389 1026 animarum
3430 972 3542 1026 dis-

1978 1065 2184 1119 crimen
2253 1065 2690 1133 explicaremus;
2733 1062 2896 1133 idque
2940 1078 3005 1116 ex
3057 1062 3132 1116 rei
3194 1064 3449 1126 veritate,
3489 1070 3542 1116 et

1978 1156 2226 1225 exemplo
2260 1154 2353 1208 illo
2384 1154 2542 1224 longe
2584 1153 2869 1223 aptissimo
2923 1152 3422 1223 comprobat-emus,
3457 1152 3544 1205 ni-

1977 1246 2174 1299 mirum
2202 1245 2363 1298 aliam
2395 1259 2517 1299 esse
2546 1243 2804 1307 hominis,
2836 1244 2995 1297 aliam
3026 1242 3248 1313 pecudis
3277 1225 3544 1305 animam;

1976 1335 2083 1392 nec'
2104 1344 2162 1391 ut
2192 1335 2415 1406 pecudis
2449 1334 2682 1388 animam
2716 1342 2979 1399 servaret,
3012 1333 3110 1389 sed
3144 1334 3378 1388 hominis
3407 1332 3548 1386 dun-

1983 1437 2155 1492 taxat,
2200 1428 2489 1483 advenisse
2529 1427 2829 1489 Christum,
2870 1426 3125 1496 quoniam
3175 1426 3410 1493 pecudes
3447 1423 3551 1477 Ini-

1977 1520 2121 1574 nime
2140 1519 2477 1590 judicantur.
2506 1515 2639 1570 Nam
2668 1517 2916 1571 homines
2940 1517 3233 1587 quidemet
3260 1516 3411 1586 regni
3438 1531 3551 1569 cm-

1976 1611 2154 1666 lorum
2210 1611 2587 1665 hazreditatem
2643 1618 3035 1679 assequuntur,
3090 1616 3146 1663 et
3187 1608 3239 1662 in
3280 1607 3548 1676 judicium

1976 1711 2268 1757 vocantur.
2348 1700 2509 1754 Ibunt
2549 1702 2708 1764 enim,
2739 1699 2938 1769 inquit,
2977 1701 3017 1753 ii
3045 1701 3099 1754 in
3119 1700 3384 1770 judicium
3405 1709 3551 1753 teter-

1979 1810 2125 1859 num,
2148 1803 2196 1847 et
2216 1793 2254 1845 ii
2282 1793 2336 1844 in
2360 1793 2519 1846 vitam
2550 1801 2799 1845 wternam
2818 1791 2858 1845 ³.

378 1873 618 1943 Δεῖν-Μ’.
643 1873 707 1927 Τί
721 1873 777 1927 δὲ
794 1875 841 1927 οἱ
854 1872 919 1927 τὰ
934 1873 1219 1944 ζητήματα
1231 1874 1650 1938 κατοπτεύοντες
1668 1892 1682 1939 ;
1714 1874 1877 1927 Ἐπὰν

2050 1858 2411 1935 XXXVI-XL.
2430 1872 2568 1946 Quid
2583 1880 2646 1934 ad
2662 1879 2875 1935 hascisti
2894 1880 3252 1949 quaestionum
3272 1880 3554 1951 indagato-

308 1968 577 2037 φθάσωσι,
615 1967 708 2019 καὶ
752 1965 827 2036 μὴ
869 1965 1217 2019 καταλάϐωσι
1260 1964 1353 2019 τοῦ
1381 1965 1545 2037 ῥητοῦ
1575 1967 1673 2035 τὴν
1702 1969 1878 2037 σαφή-

306 2075 489 2124 νειαν,
518 2057 875 2128 ἀσχάλλουσιν
925 2057 1178 2112 ἀντίθετα
1227 2058 1440 2121 ἑαυτοῖς
1476 2058 1877 2128 διανοούμενοι,

307 2151 453 2222 ἤπερ
495 2150 744 2221 χρήσιμα
798 2150 1010 2213 ἑαυτοῖς
1060 2147 1385 2220 θηρώμενοι,
1453 2149 1668 2220 Ἐπειδὴ
1710 2150 1816 2221 γὰρ
1853 2150 1882 2201 ὁ

307 2238 591 2304 Mat-Gaio:
618 2241 733 2311 (55)
781 2258 933 2311 φησι,
964 2241 1059 2294 δύο
1086 2240 1550 2311 δαιμονιζόμενοι·
1582 2243 1611 2294 ὁ
1649 2240 1705 2293 δὲ
1748 2242 1882 2294 Λου-

309 2335 413 2397 κᾶς
464 2332 594 2405 περὶ
624 2333 741 2396 ἑνὸς
782 2333 1069 2403 διηγεῖται.
1111 2332 1222 2385 Καὶ
1248 2331 1357 2404 γὰρ
1387 2327 1469 2395 εἷς
1499 2331 1609 2385 τῶν
1652 2332 1882 2400 εὐαγγε-

307 2424 506 2478 λιστῶν
534 2424 702 2493 λέγει,
748 2424 830 2477 ὅτι
865 2425 929 2476 Οἱ
969 2423 1193 2492 λῃσταὶ
1236 2425 1290 2477 οὶ
1328 2422 1883 2492 συνεσταυρωμένοι

308 2518 747 2588 ἐϐλασφήμουν
784 2504 1013 2571 αὐτόν-θ’
1052 2515 1081 2568 ὸ
1126 2514 1181 2567 δὲ
1227 2514 1383 2576 ἄλλος
1428 2514 1549 2584 οὐχὶ
1595 2515 1676 2567 ὅτι
1724 2513 1883 2583 μόνον

308 2611 410 2663 οὑκ
445 2608 828 2679 ἐϐλασφήμουν
857 2608 907 2660 οἱ
936 2606 1255 2677 ἀμφότεροι,
1290 2604 1425 2659 ἀλλὰ
1456 2593 1550 2660 udi
1591 2602 1883 2673 ἀπολογίαν

308 2700 402 2754 τοῦ
433 2701 552 2765 ἑνὸς
587 2699 858 2772 σημαίνει.
890 2699 1000 2753 Καὶ
1024 2699 1135 2769 γὰρ
1172 2699 1419 2768 ἐπετίμα
1446 2697 1525 2763 τῷ
1551 2697 1744 2766 ἑτέρῳ,
1781 2695 1881 2750 καὶ

309 2793 541 2862 ἔλεγεν,
590 2792 701 2855 ὅτι,
758 2793 840 2845 Οὐ
889 2789 1044 2860 φοϐῇ
1086 2790 1166 2843 σὺ
1215 2790 1323 2844 τὸν
1371 2788 1539 2853 Θεὸν,
1589 2787 1677 2842 ὅτι
1704 2788 1774 2842 ἐν
1802 2786 1883 2853 τῷ

310 2881 472 2948 αὐτῷ
518 2881 755 2950 κρίματι
796 2880 1017 2949 ἐσμεν⁹
1070 2875 1250 2945 οὗτος
1296 2879 1365 2932 δὲ
1410 2882 1442 2933 ὀ
1489 2878 1655 2947 ἅγιος
1703 2878 1884 2932 οὐδὲν

310 2971 597 3037 ἐποίησεν
638 2970 733 3023 καὶ
770 2969 907 3042 πρὸς
962 2968 1056 3022 ἐπὶ
1093 2967 1299 3031 τούτοις
1350 2965 1619 3037 ἐπεφώνει
1674 2967 1881 3035 λέγων’

312 3062 628 3130 Μνήσθητί
649 3079 789 3131 μου,
831 3058 1058 3129 Ἰησοῦ,
1088 3058 1235 3112 ὅταν
1262 3057 1449 3127 ἔλθῃς
1492 3058 1562 3111 ἐν
1592 3056 1668 3126 τῇ
1711 3058 1886 3122 ,ϐασι-

311 3154 447 3220 λείᾳ
494 3167 644 3207 σου·
689 3152 790 3207 καὶ
838 3152 945 3206 τοῦ
987 3148 1258 3218 Σωτῆρος
1285 3149 1433 3218 πρὸς
1470 3150 1657 3204 αὐτὸν
1692 3150 1888 3203 εεπόν-
1914 3180 1955 3234 C

313 3261 435 3310 τος,
465 3243 553 3297 ὅτι
592 3242 772 3312 Ἀμὴν
806 3241 962 3313 λέγω
987 3258 1106 3308 σοι,
1149 3241 1416 3310 σήμερον
1436 3241 1562 3310 μετ’
1605 3241 1750 3309 ἐμοῦ
1773 3240 1889 3312 έσῃ

313 3332 383 3385 ἐν
420 3331 503 3397 τῷ
542 3331 904 3400 παραδείσῳ.
953 3330 1138 3383 Ἐοικε
1174 3329 1230 3382 δὲ
1274 3327 1446 3381 ταῦτα
1488 3328 1565 3391 ὡς
1600 3326 1892 3397 διαφωνίαν

315 3422 508 3493 ἔχοντα
552 3424 609 3475 ὲν
659 3424 726 3493 τῇ
769 3421 981 3493 Γραφῇ.
1050 3418 1211 3473 Ἀλλὰ
1242 3421 1418 3475 πάντα
1462 3419 1585 3473 λεῖα
1638 3419 1889 3491 ὑπάρχει.

316 3515 434 3570 Κάν
463 3532 524 3569 τε
548 3515 656 3585 γὰρ
690 3516 748 3567 ὲν
782 3514 858 3585 τῷ
885 3512 1147 3583 Ματθαίῳ
1178 3513 1271 3566 δύο
1312 3512 1415 3565 εἰσὶ
1442 3511 1892 3582 δαιμονιζόμενοι,

318 3609 469 3680 παρὰ
504 3607 584 3679 τῷ
614 3608 795 3678 Λουκᾷ
843 3608 890 3660 οἱ
935 3606 1087 3661 αὑτοὶ
1131 3604 1482 3674 ὑπάρχουσιν.
1536 3602 1675 3656 Ἀλλ’
1708 3602 1892 3673 ἐπειδὴ

318 3701 508 3755 εἴωθεν
555 3702 588 3769 ἡ
628 3698 820 3771 Γραφὴ
867 3698 1167 3769 προφάσεις
1197 3695 1397 3749 διδόναι
1444 3694 1553 3747 τῶν
1593 3693 1891 3765 εἰργασμέ-

318 3810 446 3859 νων,
486 3790 677 3845 τούτου
708 3790 870 3843 ἕνεκα
904 3791 965 3843 οὑ
1019 3788 1345 3859 μνημονεύει
1371 3787 1586 3851 Λουκᾶς
1622 3785 1730 3839 τῶν
1777 3786 1889 3850 δύο,

320 3884 457 3938 ἀλλὰ
486 3883 583 3935 τοῦ
613 3882 750 3945 ἑνός.
778 3880 881 3934 Δύο
913 3881 1011 3951 μὲν
1040 3879 1148 3949 γὰρ
1184 3875 1324 3949 ἦσαν
1354 3878 1405 3931 οἱ
1430 3877 1536 3931 ἀπὸ
1563 3875 1671 3930 τῶν
1707 3877 1894 3947 δαιμο-

320 3977 448 4029 νίων
491 3973 983 4045 τεθεραπευμένον
1035 3967 1116 4035 εἷς
1160 3971 1218 4025 δὲ
1250 3970 1550 4041 παρέμεινε
1585 3972 1652 4040 τῇ
1690 3969 1889 4035 πίστει,

321 4073 347 4123 ὁ
374 4069 431 4123 δὲ
459 4069 647 4139 ἕτερος
681 4065 953 4133 ἐξώκειλε.
985 4064 1085 4118 Διὰ
1114 4064 1291 4118 τοίνυν
1320 4062 1419 4134 τὴν
1448 4061 1770 4133 παραμονὴν
1796 4060 1895 4131 τῆς

324 4160 556 4222 πίστεως
602 4156 881 4229 ἠκολούθει
931 4156 1011 4226 τῷ
1079 4155 1273 4226 Ἰησοῦ,
1311 4153 1387 4216 ὡς
1444 4152 1558 4222 ἔχει
1601 4152 1662 4205 τὸ
1713 4151 1894 4219 Εὐαγ-

321 4251 524 4319 γέλιον,
568 4252 647 4313 εἰς
693 4243 805 4303 οἷον
851 4250 1129 4319 ἀπήρχετο
1157 4247 1337 4299 τόπον.
1385 4244 1585 4298 Τούτου
1618 4243 1778 4297 ἕνεκα
1803 4242 1895 4297 τὸν

322 4342 418 4396 ἒνα
450 4339 741 4413 παρέλιπε,
777 4340 872 4394 καὶ
900 4339 994 4393 τοῦ
1037 4339 1154 4402 ἐνὸς
1189 4337 1282 4392 τοῦ
1313 4339 1370 4390 ὲν
1402 4336 1647 4407 βασιλείᾳ
1675 4336 1784 4388 τῶν
1813 4336 1897 4387 οὑ-

327 4433 503 4503 ρανῶν
538 4431 856 4502 ἐπεμνήσθη
877 4447 891 4459 ·
924 4432 1017 4484 καὶ
1064 4431 1215 4486 οὐδὲν
1255 4428 1590 4485 ἐναντιοῦται
1630 4426 1766 4498 πρὸς
1792 4425 1892 4497 τὴν

321 4523 423 4594 τῆς
447 4522 702 4593 ἀληθείας
733 4520 966 4593 εὕρεσιν.

394 4794 530 4846 MA'.
577 4790 713 4859 Ἤδη
740 4789 797 4843 δὲ
828 4790 919 4843 καὶ
950 4788 1141 4859 ἑτέραν
1165 4788 1434 4858 πρόφασιν
1466 4788 1657 4858 ὁμοίαν
1692 4788 1895 4860 ταύτης

323 4887 422 4956 τῆς
471 4884 780 4946 ὑποθέσεως
832 4882 892 4935 τὸ
939 4882 1269 4950 Εὑαγγέλιον
1322 4880 1620 4950 διηγεῖται,
1663 4879 1739 4942 ὡς
1791 4879 1893 4932 ὑπὸ

325 4975 461 5037 ἑνός.
526 4975 584 5027 '0
629 4973 834 5044 Κύριος
870 4972 1001 5025 δέκα
1040 4968 1273 5041 λεπροὺς
1319 4968 1634 5040 ὲκαθάρισε.
1691 4970 1803 5023 Καὶ
1846 4969 1895 5021 οἱ

324 5067 480 5119 ἐννέα
533 5063 861 5125 ἀπελθόντες
905 5063 1005 5115 οὑκ
1044 5062 1253 5115 ἔδωκαν
1284 5060 1439 5124 δόξαν
1479 5059 1557 5130 τῷ
1587 5057 1705 5130 Θεῷ
1726 5076 1742 5091 ·
1783 5062 1811 5113 ὁ
1841 5059 1895 5111 δὲ

324 5151 405 5221 εἷς
460 5154 808 5227 ὑποστρέψας
855 5152 1087 5224 ἔμεινεν,
1121 5153 1150 5205 ὁ
1184 5153 1279 5204 καὶ
1315 5151 1420 5204 ὑπὸ
1469 5151 1675 5222 Κυρίου
1724 5152 1899 5219 ἐγκω-

329 5248 675 5318 μιαζόμενος,
716 5245 849 5299 καθὸ
893 5244 1029 5314 ἔφη·
1074 5242 1226 5297 Δέκα
1264 5242 1471 5312 λεπροὶ
1510 5243 1901 5310 ἐκαθαρίσθη-

327 5358 445 5397 σαν
463 5358 476 5370 ·
507 5339 603 5395 διὰ
634 5339 690 5393 τί
718 5336 861 5393 οὐδὲ
886 5333 974 5403 εἷς
1003 5336 1072 5402 ἐξ
1101 5336 1300 5390 αὐτῶν
1324 5333 1666 5404 ὑπέστρεψε
1690 5332 1900 5388 δοῦναι

400 5521 418 5551 ¹
446 5516 580 5572 Luc.
605 5533 742 5577 χχιι.
774 5517 864 5571 58.
939 5518 960 5548 ⁸
988 5517 1005 5569 l
1036 5515 1162 5569 Cor.
1198 5530 1257 5577 ll,
1298 5514 1351 5569 9.
1428 5513 1449 5544 ³
1479 5511 1667 5565 Matth.
1700 5529 1825 5572 xxv,
1866 5516 1888 5568 Δ

2030 5514 2051 5545 ⁸
2087 5513 2275 5569 Matth.
2309 5531 2427 5578 vm,
2457 5513 2545 5568 2’3.

994 5586 1016 5617 ⁸
1052 5585 1241 5640 Matth.
1273 5599 1441 5649 xxvn,
1477 5582 1568 5647 58,
1598 5582 1688 5637 M.
1763 5586 1783 5616 ⁹
1819 5584 2009 5642 Matth.
2035 5601 2155 5649 νιιι,
2185 5584 2272 5639 19.

331 5591 416 5645 '59.
493 5589 512 5619 ⁷
546 5589 675 5643 ibid.
703 5588 772 5641 40
799 5604 920 5657 sqq.

402 5745 521 5813 (55)
549 5743 788 5809 Ἐπειδὴ
812 5743 919 5810 γὰρ
943 5744 975 5795 ό
991 5740 1303 5813 Ματθαῖος.
1321 5740 1602 5813 (ἊιιὙεοεῑ.
1622 5738 1779 5813 Hom.
1811 5738 1895 5807 l9,

337 5815 390 5874 it:
414 5808 607 5875 Matth.
642 5808 784 5870 duos
805 5808 1166 5886 evangelistas
1210 5812 1283 5867 ita
1317 5808 1592 5877 conciliat,
1632 5818 1688 5865 ut
1717 5808 1893 5868 Lucas

1979 1973 2101 2029 res?
2120 1971 2336 2027 Scilicet
2351 1986 2473 2026 cum
2487 1987 2551 2027 eo
2568 1971 2927 2041 pervenerint,
2948 1987 3120 2041 neque
3132 1972 3358 2027 verboru
3369 1988 3415 2025 m
3430 1988 3556 2027 scn—

1980 2064 2203 2117 tentiam
2234 2063 2471 2117 assecuti
2503 2061 2722 2125 fuerint,
2752 2062 3118 2132 indignantur,
3150 2077 3213 2116 ac
3250 2077 3555 2133 repugnan-

1983 2155 2057 2207 tia
2103 2153 2350 2223 quzcdam
2401 2151 2603 2221 ﬁngere
2653 2152 2754 2206 sibi
2806 2152 3036 2216 malunt,
3088 2168 3251 2222 quam
3308 2153 3544 2208 fructum

1982 2245 2380 2313 utilitatemque
2433 2242 2730 2312 requirere.
2795 2242 3080 2298 Matthaeus
3129 2244 3276 2297 enim
3331 2244 3470 2299 duos
3516 2259 3546 2297 ιι

1982 2333 2229 2387 όεειῐιοηθ
2270 2337 2551 2400 correptos
2581 2329 2749 2386 fuisse
2781 2332 3111 2397 memorat";
3164 2330 3342 2388 Lucas
3394 2333 3558 2387 unius

1999 2424 2265 2480 duntaxat
2294 2424 2620 2477 mentionem
2643 2422 2771 2476 facit
2799 2423 2841 2477 ⁸.
2881 2421 2987 2477 Sed
3017 2432 3071 2477 et
3103 2425 3554 2495 evangelistarum

1984 2513 2142 2575 alter,
2172 2509 2453 2576 Latrones,
2482 2511 2677 2581 inquit,
2705 2512 2793 2581 qui
2823 2512 3065 2581 crucifixi
3105 2523 3254 2566 erant
3321 2530 3441 2567 cum
3472 2530 3553 2576 eo,

1993 2601 2425 2671 blasphemabant
2489 2602 2734 2668 ipsum“;
2802 2601 2938 2655 alter
3010 2601 3207 2655 nedum
3268 2612 3559 2673 utrumque

1986 2693 2395 2765 blaSphemasse
2419 2693 2573 2759 dicit,
2614 2694 2708 2748 sed
2732 2701 2785 2749 et
2813 2694 2976 2747 unius
3008 2692 3379 2748 defensionem
3410 2711 3559 2748 com-

1989 2790 2275 2840 memorat.
2340 2783 2655 2854 lncrepabat
2708 2783 2868 2849 enim,
2918 2783 3127 2854 inquit,
3175 2783 3436 2846 alterum,
3497 2800 3560 2837 ac

1984 2874 2191 2929 dicebat
2235 2893 2253 2927 :
2290 2873 2469 2945 Neque
2509 2885 2564 2928 tu
2599 2875 2748 2928 times
2800 2873 2988 2940 Deum,
3023 2874 3269 2943 quoniam
3299 2874 3352 2927 in
3381 2873 3560 2928 eadem

1985 2965 2328 3019 damnatione
2375 2980 2597 3029 sumus;
2646 2966 2730 3019 hic
2776 2976 2952 3019 autem
2992 2975 3211 3019 sanctus
3257 2965 3390 3019 nihil
3432 2967 3557 3035 egit.

1986 3054 2189 3111 Deinde
2253 3056 2328 3110 ita
2390 3053 2677 3109 Dominum
2745 3053 3077 3124 compellat:
3131 3052 3389 3107 Memento
3434 3054 3558 3119 mei,

1986 3147 2136 3214 Iesu,
2166 3166 2284 3202 cum
2317 3148 2514 3203 veneris
2544 3148 2599 3201 in
2630 3164 2844 3218 regnum
2878 3158 3046 3202 tuum.
3084 3147 3185 3204 Cui
3222 3148 3311 3203 ille
3342 3164 3551 3218 respou-

1991 3239 2070 3293 dit
2096 3255 2113 3292 :
2135 3239 2298 3294 Amen
2330 3239 2448 3292 dico
2483 3238 2597 3302 tibi,
2628 3239 2781 3294 hodie
2808 3255 3007 3295 mecum
3046 3241 3146 3294 eris
3177 3240 3231 3294 in
3251 3238 3559 3309 paradiso'.

1992 3331 2125 3397 Quae
2171 3330 2388 3386 tametsi
2419 3330 2737 3399 discrepare
2779 3331 3031 3385 nonnihil
3074 3330 3126 3384 in
3173 3328 3455 3400 Scriptura
3485 3331 3564 3386 vi-

1993 3423 2247 3487 deantur,
2274 3423 2633 3478 nihilominus
2667 3422 2828 3492 plana
2862 3430 2992 3478 sunt
3023 3422 3226 3477 omnia.
3261 3421 3395 3476 Nam
3417 3423 3563 3492 quod

1993 3514 2059 3569 ad
2103 3514 2413 3585 arreptitios
2465 3514 2678 3581 attinet,
2736 3514 2866 3568 licet
2918 3513 3061 3584 apud
3103 3512 3414 3568 Matthaeum
3457 3513 3566 3567 duo

1992 3605 2163 3660 fuisse
2190 3612 2483 3661 narrentur
2504 3604 2548 3671 ⁸,
2589 3604 2754 3659 iidem
2788 3603 3147 3658 nihilominus
3177 3611 3328 3667 sunt,
3361 3602 3428 3657 de
3449 3603 3567 3672 qui-

1990 3694 2092 3749 bus
2127 3694 2303 3749 Lucas
2346 3694 2679 3748 mentionem
2729 3693 2895 3760 facit;
2929 3693 3021 3747 sed
3056 3684 3169 3747 haec
3199 3693 3447 3748 videlicet
3482 3700 3568 3748 cst

1995 3786 2291 3857 Scriptura:
2351 3785 2717 3851 consuetudo,
2780 3793 2839 3839 ut
2888 3800 3074 3840 eorum
3122 3801 3243 3855 qua:
3304 3792 3569 3855 geruntur

1996 3880 2241 3933 rationes
2270 3885 2324 3933 et
2348 3879 2668 3933 occasiones
2700 3876 2923 3943 innuat;
2954 3877 3025 3931 ob
3053 3877 3105 3931 id
3135 3891 3244 3930 non
3269 3876 3430 3939 duos,
3469 3875 3567 3931 sed

1995 3984 2165 4024 unum
2222 3968 2399 4023 Lucas
2443 3968 2765 4023 nominatim
2812 3969 3088 4038 exprimit.
3131 3966 3308 4023 Fuere
3346 3968 3567 4037 quidem

1996 4060 2076 4114 illi
2114 4058 2223 4114 duo
2269 4074 2299 4111 a
2337 4059 2645 4113 daemonum
2688 4058 2977 4113 vexatione
3030 4057 3229 4123 soluti;
3279 4059 3376 4112 sed
3427 4073 3569 4113 unus

1994 4153 2257 4208 duntaxat
2283 4152 2338 4205 in
2374 4151 2475 4205 tide
2507 4149 2766 4220 perstitit,
2803 4152 2939 4205 alter
2962 4150 3029 4204 ab
3053 4165 3115 4205 ea
3140 4148 3358 4204 excidit.
3390 4148 3569 4215 Quare

1994 4243 2137 4314 quod
2171 4243 2261 4297 ille
2297 4248 2614 4297 constanter
2654 4243 2710 4295 in
2758 4240 2861 4295 ﬁde
2905 4247 3173 4306 maneret,
3230 4239 3568 4309 sequebatur

1997 4334 2205 4397 Jesum,
2241 4342 2297 4387 ut
2339 4334 2394 4387 in
2440 4331 2734 4401 Evangelia
2779 4330 3041 4399 scriptum
3069 4332 3211 4396 est“,
3242 4346 3569 4400 quocunque

2012 4432 2279 4495 pergeret.
2332 4422 2469 4477 ilinc
2492 4430 2576 4478 est
2606 4422 2772 4492 quod,
2803 4422 2973 4476 altero
2997 4423 3382 4491 prmtermisso,
3407 4422 3570 4477 unius

1923 4509 1967 4564 D
1998 4518 2266 4572 duntaxat
2322 4515 2501 4570 Lucas
2551 4514 2822 4579 meminit,
2874 4514 2969 4584 qui
3014 4525 3276 4569 calorum
3308 4515 3363 4568 in
3403 4530 3570 4585 regno

1999 4608 2401 4679 perseveravit;
2455 4621 2637 4676 neque
2681 4606 2980 4676 quidquam
3037 4605 3200 4659 habet
3233 4605 3299 4659 ad
3354 4605 3571 4662 investi-

1995 4699 2226 4771 gandam
2262 4698 2550 4753 veritatem
2583 4698 2850 4751 absonum
2882 4709 2946 4749 ac
2976 4693 3274 4749 diversum.

2066 4789 2195 4843 XLI.
2236 4788 2348 4845 Nec
2394 4788 2679 4845 dissimilis
2731 4786 2860 4841 huic
2901 4786 2970 4843 de
3013 4800 3123 4856 quo
3159 4784 3368 4856 agimus
3402 4800 3567 4856 argu-

1991 4881 2160 4951 menti
2199 4888 2304 4947 est,
2352 4880 2498 4951 quod
2544 4881 2598 4933 in
2636 4879 2927 4948 Evangelia
2964 4888 3240 4941 narratur,
3277 4884 3465 4946 utpote
3498 4878 3568 4931 ab

2001 4970 2191 5026 eodem
2241 4980 2462 5024 auctore
2492 4968 2757 5039 profecto.
2797 4967 2990 5024 Decem
3023 4968 3269 5039 leprosos
3310 4965 3567 5021 Dominus

1999 5061 2166 5135 654
2210 5068 2555 5131 purgaverat,
2611 5076 2640 5115 e
2674 5060 2874 5131 quibus
2916 5074 3111 5114 novem
3153 5059 3416 5114 abeuntes
3458 5071 3567 5111 non

2003 5153 2271 5207 dederunt
2304 5137 2533 5223 gioriam
2571 5151 2699 5215 Deo,
2736 5166 2877 5205 unus
2905 5150 3171 5207 duntaxat
3200 5148 3415 5204 rediens
3446 5161 3570 5215 per-

2006 5246 2227 5308 mansit,
2276 5246 2368 5315 qui
2396 5260 2426 5298 a
2454 5244 2686 5299 Domino
2718 5252 3005 5314 propterea
3038 5240 3449 5298 commendatur
3478 5238 3565 5292 his
3616 5268 3623 5275 -

2007 5337 2226 5391 verbis:
2256 5335 2443 5389 Decem
2482 5334 2672 5403 ieprosi
2700 5332 2941 5387 mundati
2976 5339 3125 5387 sunt.
3178 5329 3288 5386 Cur
3324 5344 3474 5384 nemo
3501 5342 3569 5382 εει

2653 5513 2673 5543 ³
2706 5510 2835 5564 Luc.
2876 5523 2988 5571 νιιι,
3018 5507 3107 5561 27.
3182 5507 3203 5538 ⁸
3240 5506 3370 5562 Luc.
3403 5519 3562 5571 nul,

2005 5755 2130 5797 eum
2183 5737 2562 5793 tantummodo
2614 5735 3135 5801 commemoraverit,
3192 5734 3285 5805 qui
3331 5729 3400 5789 ab
3446 5745 3569 5785 lno-

2003 5811 2209 5868 lcstiori
2239 5819 2382 5867 esset
2415 5809 2658 5863 daztnone
2689 5812 2992 5875 correptus.
