4008 6240
433 374 496 431 91
1837 377 1895 431 S.
1935 376 2271 434 EPII‘HANH
3589 380 3664 436 9‘2

430 488 496 541 iis
537 502 771 542 rerum:
799 497 902 552 est,
930 487 1019 557 qui
1041 495 1194 542 aaret
1231 487 1460 558 gloriam
1497 485 1628 550 Deo,
1690 489 1792 541 nisi
1846 489 1981 542 solui

2091 491 2282 556 δόξαν
2320 491 2400 556 τῷ
2439 490 2580 558 Θεῷ,
2611 490 2772 546 ἀλλὰ
2796 491 2985 560 μόνος
3017 483 3194 552 οὗτος
3227 490 3260 541 ὁ
3291 487 3658 561 ἀειλογενήςς

426 576 510 630 hic
547 577 838 648 alienigena
863 579 918 632 ¹2
959 577 1148 633 Viden‘
1183 585 1242 633 ut
1271 578 1341 634 ob
1365 578 1484 648 ejus
1519 587 1730 649 gratqu
1759 580 1981 633 aninmn‘

2099 586 2210 638 Καὶ
2237 584 2392 655 ὁρᾷς.
2424 584 2507 638 ὃτι
2551 583 2640 638 διὰ
2681 582 2744 637 τὸ
2791 581 3110 648 εὐαίσθητον
3137 577 3232 632 καὶ
3256 579 3355 649 τῆς
3384 579 3663 649 εὐγνωμο-

428 680 494 720 ac
550 665 800 722 beneﬁcii
850 669 1210 731 sentientem,
1265 681 1376 721 non
1424 667 1634 735 decem,
1681 667 1776 723 sed
1837 669 1981 723 unim

2100 672 2263 744 σύνης
2299 673 2460 743 ἔργον
2498 672 2594 726 τοῦ
2635 671 2754 734 ἑνὸς
2796 669 2916 724 ἀντὶ
2966 668 3073 722 τῶν
3123 667 3254 720 δέκα
3311 665 3660 737 μνημονεύει.

425 757 772 811 meminerit?
827 757 946 824 Qua
1025 758 1234 813 ratione
1294 765 1347 814 et
1394 757 1528 812 illud
1589 757 1993 829 intelligendum

422 857 529 914 est,
567 849 712 919 quod
755 850 823 906 de
867 851 1173 906 latronibus
1201 851 1533 920 evangelista
1576 863 1991 908 commemorat.

427 940 680 996 Solemus
735 941 880 994 enim
947 941 1243 1010 singularia
1316 958 1705 1012 nonnunquam
1767 959 1995 998 numero

425 1031 792 1086 multitudinis
825 1031 1034 1096 eﬂ'erre,
1082 1041 1138 1086 et
1180 1041 1367 1087 contra
1413 1034 1640 1103 pluralia
1687 1033 1989 1104 singulari;

421 1121 568 1174 velut
619 1135 741 1173 cum
776 1119 1008 1175 dicimus
1039 1139 1052 1174 :
1087 1119 1439 1176 Narravimus
1475 1123 1651 1186 vobis,
1675 1132 1726 1176 et
1761 1123 1993 1178 vidimus

426 1223 548 1274 vos,
573 1219 625 1262 et
660 1210 906 1266 venimus
950 1211 1016 1264 ad
1050 1227 1184 1277 vos;
1230 1227 1353 1266 cum
1403 1213 1618 1268 interim
1664 1229 1772 1267 non
1812 1215 1992 1284 plures

423 1297 552 1357 sint.
588 1299 682 1352 sed
717 1315 859 1354 unus
888 1300 1152 1355 duntaxat
1187 1305 1278 1372 qui
1315 1305 1573 1373 loquitur.
1620 1303 1814 1360 Verum
1843 1323 1987 1364 unus

421 1390 701 1443 communi
762 1391 1013 1460 loquendi
1060 1395 1455 1450 consuetudine
1491 1412 1555 1449 ex
1596 1397 1833 1464 plurium
1870 1415 1991 1467 per-

421 1489 554 1528 sona
601 1491 902 1532 sermonem
954 1480 1209 1536 instituit.
1265 1481 1355 1536 Sic
1398 1483 1468 1538 ab
1504 1499 1612 1537 uno
1656 1487 1991 1556 evangelista

422 1564 648 1632 pluralis
697 1577 996 1639 usurpatus
1027 1578 1110 1626 est
1142 1587 1444 1639 numerus;
1485 1574 1620 1628 alter
1662 1590 1790 1630 vero
1821 1592 1988 1630 unum

419 1671 448 1706 e
476 1654 784 1712 latronibus
810 1659 867 1713 in
895 1659 1176 1716 Christum
1218 1663 1539 1717 maledicmn
1591 1664 1761 1720 fuisse
1793 1666 1986 1732 docet;

420 1743 646 1798 alterum
703 1763 834 1801 vero
879 1749 1218 1815 confessum,
1270 1766 1334 1806 ac
1368 1753 1597 1808 salutem
1644 1755 1814 1811 fuisse
1851 1771 1987 1811 con-

2108 763 2377 827 Ὠσαύτως
2405 763 2462 816 δὲ
2485 761 2670 832 ἐπειδὴ
2697 763 2725 815 ὁ
2759 755 2836 824 εἷς
2873 758 3259 829 εὐαγγελιστὴς
3288 757 3416 827 περὶ
3448 757 3664 830 λῃστῶν

2094 853 2518 924 ἐμνημόνευσεν.
2553 851 2836 922 Εἰώθαμεν
2868 851 2980 921 γὰρ
3012 850 3080 902 τὰ
3121 849 3276 902 ἑνικὰ
3321 847 3663 919 πληθυντικά

2093 944 2292 1012 λέγειν,
2321 945 2416 998 καὶ
2439 943 2509 998 τά
2544 942 2882 1015 πληθυντικά
2908 941 3081 996 ἑνικά.
3115 941 3399 1010 Φάσκομεν
3417 938 3546 1009 γὰρ,
3578 940 3662 990 ὃτι

2093 1035 2480 1106 Διηγησάμεθα
2514 1036 2662 1105 ὑμῖν,
2711 1035 2805 1088 καὶ
2855 1033 3066 1102 εἴδομεν
3101 1032 3266 1101 ὑμᾶς,
3313 1030 3407 1082 καὶ
3451 1030 3661 1099 ἥκομεν

2092 1126 2228 1196 πρὸς
2278 1128 2440 1197 ὑμᾶς.
2493 1126 2606 1179 Καὶ
2659 1126 2720 1179 οὺ
2765 1124 2860 1178 δύο
2913 1125 2965 1178 ot
2993 1123 3264 1192 λέγοντες,
3315 1121 3452 1175 άλλά
3487 1113 3568 1183 εἷς
3630 1120 3668 1171 ὁ

2093 1217 2301 1287 παρών.
2343 1219 2401 1270 Ὀ
2427 1217 2484 1270 δὲ
2512 1211 2592 1281 εἷς
2621 1216 2760 1271 κατά
2807 1217 2905 1288 τὴν
2937 1215 3229 1285 συνήθειαν
3273 1217 3374 1284 τῆς
3412 1215 3661 1284 χρήσεως

2090 1307 2156 1358 ὲκ
2193 1306 2484 1376 προσώπου
2530 1305 2738 1361 πολλῶν
2767 1304 3140 1376 πληθυντικῶς
3167 1304 3450 1375 διηγεῖται.
3502 1301 3663 1356 Οὕτω

2091 1397 2466 1468 πληθυντικῶς
2517 1399 2866 1470 περιείληφεν
2900 1400 2934 1468 ή
2963 1395 3058 1450 τοῦ
3098 1395 3428 1464 Εὑαγγελίου
3472 1393 3663 1447 ὑπόθε-

2092 1505 2193 1552 σις.
2235 1489 2294 1541 ὐ
2317 1489 2372 1541 δὲ
2396 1488 2581 1560 ἔτερος
2603 1487 2886 1559 διηγεῖται,
2916 1487 3000 1540 ὅτι
3025 1480 3106 1548 εἷς
3136 1485 3235 1556 μὲν
3259 1480 3328 1556 ἦν
3357 1486 3388 1537 ὁ
3415 1483 3661 1554 βλάσφη-

2092 1595 2210 1649 μος,
2241 1580 2270 1630 ὁ
2294 1579 2351 1631 δὲ
2380 1574 2460 1641 εἷς
2487 1577 2873 1650 ἐξωμολογεῖτο
2911 1578 3004 1632 καὶ
3046 1577 3202 1647 ἔτυχε
3231 1577 3520 1647 σωτηρίας.
3549 1577 3660 1630 Καὶ

2086 1669 2236 1739 ὁρᾷς,
2265 1667 2340 1729 ὡς
2377 1667 2639 1720 πάντατά
2662 1667 2762 1737 τῆς
2795 1666 3051 1735 ἀληθείας
3080 1666 3227 1735 σαφῆ
3267 1667 3524 1736 ὑπάρχει,
3559 1667 3658 1718 καὶ

2086 1760 2236 1812 οὐδὲν
2283 1760 2522 1813 ἐναντίον
2567 1762 2625 1812 ὲν
2669 1761 2735 1830 τῇ
2781 1760 2990 1831 Γραφῇ.
3039 1757 3196 1810 Ἀλλά
3249 1758 3426 1810 πάντα
3481 1756 3659 1810 ταῦτα.

420 1845 688 1891 secutum.
716 1837 1139 1906 Animadvertis,
1178 1844 1392 1912 opinor,
1417 1861 1578 1914 quam
1609 1855 1796 1916 aperta
1835 1849 1904 1901 sit
1932 1848 1981 1901 in

2089 1853 2185 1921 τὴν
2245 1852 2466 1923 Γραφὴν
2512 1851 2798 1917 διεξιόντες
2846 1851 2926 1914 εἰς
2977 1850 3178 1914 πλάτος
3223 1850 3539 1920 meum,
3582 1849 3658 1911 ῶς

415 1927 672 1983 oninibus
722 1932 946 1998 veritas,
1007 1949 1186 2003 neque
1234 1935 1529 2006 quidquatn
1597 1939 1670 1992 sit
1723 1937 1778 1991 in
1835 1937 1982 2002 Scri-

414 2025 572 2082 plura
637 2022 970 2076 contrarium
1023 2019 1100 2078 ac
1172 2041 1494 2096 repugnans.
1559 2027 1758 2084 Verum
1813 2031 1984 2086 enim-

418 2120 546 2159 vero
571 2106 699 2160 dum
738 2111 850 2166 [1836
879 2129 910 2168 e
946 2114 1247 2185 Scripturis
1267 2117 1586 2188 deprompta
1629 2121 1792 2174 latius
1817 2136 1982 2191 expo-

419 2196 620 2263 nimus,
668 2201 884 2274 longius
921 2216 1006 2260 est
1034 2221 1065 2260 a
1092 2208 1250 2263 nobis
1277 2223 1458 2264 sermo
1490 2211 1754 2279 prolatus.
1799 2211 1982 2278 Quan-

2086 1937 2260 2014 οἶμαι,
2305 1942 2406 1996 τοῦ
2431 1942 2589 2011 λόγου
2619 1942 2680 1995 τὸ
2704 1943 2966 2013 διήγημα.
2995 1943 3105 1996 Καὶ
3143 1941 3354 2010 γένοιτο
3380 1943 3478 2012 μὲν
3511 1942 3660 2012 ἡμᾶς

2086 2035 2321 2105 κάμνειν
2339 2034 2418 2105 τῷ
2448 2034 2638 2088 πλάτει
2665 2034 2761 2087 τοῦ
2791 2034 2976 2102 λόγου,
3003 2034 3250 2104 ἐλέγχειν
3270 2035 3326 2087 δὲ
3361 2035 3486 2096 τοὺς
3516 2035 3660 2086 κατᾶ

2085 2125 2185 2194 τῆς
2214 2124 2488 2195 ἀληθείας,
2539 2123 2850 2193 εὐφραίνειν
2893 2124 2949 2177 δὲ
2982 2124 3109 2187 τοὺς
3137 2125 3286 2188 υἱοὺς
3333 2123 3534 2194 ταύτης
3569 2122 3662 2177 διὰ

2085 2213 2191 2268 τῶν
2223 2214 2324 2283 τῆς
2349 2213 2607 2282 ἀληθείας
2635 2212 2899 2283 ἰατρικῶν
2927 2213 3267 2284 φαρμάκωνι

413 2307 574 2360 quam
621 2296 778 2350 velim
827 2299 1076 2370 equidem
1107 2302 1166 2355 in
1198 2303 1546 2372 producenda
1596 2305 1810 2376 longius
1864 2307 2112 2363 oratione
2168 2308 2435 2374 laborare,
2470 2307 2602 2363 dum
2651 2314 2706 2363 et
2743 2307 2993 2364 veritatis
3057 2306 3246 2364 hostes
3312 2305 3658 2370 refellantur,

413 2392 466 2438 et
499 2387 743 2456 ejusdem
772 2388 866 2444 lilii
904 2392 1148 2447 veritatis
1177 2392 1589 2450 medicamentis
1621 2410 1686 2450 ac
1723 2397 1980 2452 remediis
2016 2397 2374 2453 delectentur.

486 2479 642 2536 XLII.
684 2482 837 2537 Nunc
864 2484 1212 2540 circulatoris
1250 2488 1396 2542 illius
1434 2490 1645 2558 reliqua
1675 2491 1980 2546 videamus.

419 2567 531 2624 Duo
554 2571 901 2628 Testamenta
935 2575 1039 2630 sibi
1078 2577 1308 2630 invicem
1339 2593 1461 2634 esse
1490 2580 1763 2634 contraria
1794 2580 1983 2636 defen-

414 2657 516 2721 dit,
553 2674 615 2712 ac
663 2660 829 2715 Deum
881 2663 1057 2729 illum,
1105 2665 1197 2734 qui
1250 2665 1304 2720 in
1351 2669 1465 2736 lege
1511 2670 1583 2724 sit
1638 2670 1876 2736 locutus,
1915 2671 1984 2725 ab

415 2749 691 2820 Evangelii
753 2760 979 2810 auctore
1031 2756 1328 2812 diversum.
1391 2759 1622 2816 Proinde
1683 2763 1982 2832 principem

415 2841 564 2896 illum
611 2846 880 2914 appellat;
937 2847 1084 2903 hunc
1124 2864 1256 2904 vero
1295 2849 1534 2916 Patrem,
1567 2833 1885 2918 aciiilium;
1924 2862 1980 2910 et

411 2933 632 3002 quidem
669 2934 882 2992 Patrem
933 2938 1136 2994 bonum
1175 2939 1341 2996 Deum
1368 2958 1527 2998 suum
1561 2944 1829 2998 nominat.
1864 2943 1978 3000 Uti-

412 3037 538 3075 nam
569 3039 696 3079 vere
747 3042 905 3081 suum
946 3043 1069 3085 esse
1111 3030 1370 3098 dixisset,
1428 3050 1528 3088 nec
1562 3049 1748 3089 errore
1806 3034 1976 3090 falsus

2151 2494 2285 2549 MB'.
2337 2488 2472 2546 Εἶτα
2509 2492 2672 2545 πάλιν
2703 2492 2904 2561 ἴδωμεν
2933 2490 3000 2544 τὰ
3030 2490 3194 2561 ἔτερα
3237 2490 3334 2544 τοῦ
3377 2489 3617 2560 ἀγύρτου
3637 2507 3654 2521 ο

2084 2581 2278 2650 φάσκει
2319 2582 2427 2652 γὰρ
2454 2582 2551 2644 τὰς
2579 2580 2671 2634 δύο
2717 2582 2989 2652 Διαθήκας
3019 2580 3270 2642 ἐναντίας
3313 2579 3448 2651 πρὸς
3493 2580 3657 2649 ἀλλή-

2080 2671 2203 2735 λας,
2235 2672 2326 2725 καὶ
2359 2672 2449 2724 τὸν
2475 2671 2605 2724 Θεὸν
2636 2672 2728 2724 τὸν
2751 2672 3058 2742 λαλήσαντα
3089 2671 3150 2723 ὲν
3184 2670 3260 2740 τῷ
3285 2669 3433 2740 νόμῳ
3470 2669 3654 2737 ἕτερον

2081 2761 2210 2814 ὅντα
2251 2761 2400 2832 παρὰ
2430 2761 2521 2813 τὸν
2560 2761 2692 2814 Θεὸν
2720 2760 2814 2814 τοῦ
2868 2761 3223 2829 Εὑαγγελίου.
3272 2759 3526 2829 Κάκείνῳ
3556 2757 3658 2828 μὲν

2081 2852 2250 2923 ὄνομα
2301 2853 2558 2924 ἄρχοντος
2588 2853 2818 2923 τίθησιν,
2863 2846 2912 2921 ᾧ
2949 2853 3005 2906 δὲ
3050 2852 3141 2905 τὸν
3165 2852 3185 2883 ³
3232 2851 3383 2915 Υίὸν,
3424 2852 3517 2904 καὶ
3563 2849 3658 2903 τὸν

2081 2943 2302 3015 Πατέρα.
2350 2943 2556 3012 ἀγαθὸν
2597 2945 2728 2998 Θεὸν
2778 2944 2972 2998 ἑαυτοῦ
3016 2943 3186 3012 λέγει.
3234 2943 3341 2996 Καὶ
3385 2944 3496 2995 εἴθε
3525 2943 3654 3012 ἡλήη

2081 3035 2226 3098 θευε,
2257 3037 2351 3090 καὶ
2392 3038 2456 3090 οὐ
2483 3036 2846 3106 σφαλλόμενος
2876 3035 2997 3090 καθ’
3043 3035 3237 3090 ἑαυτοῦ
3267 3035 3608 3104 ἐϐλασφήμει
3635 3035 3650 3086 l

413 3121 523 3167 tam
549 3119 977 3176 contumeliosas
1021 3121 1078 3175 in
1117 3121 1286 3178 Deum
1322 3141 1484 3182 voces
1529 3125 1586 3180 in
1628 3141 1787 3181 suum
1817 3137 1979 3196 caput

2085 3127 2171 3198 Τῷ
2199 3129 2256 3182 δὲ
2287 3127 2438 3198 αὐτῷ
2469 3127 2612 3199 λόγῳ
2643 3128 2737 3181 καὶ
2766 3128 2921 3180 αὐτοὶ⁹
2944 3126 3374 3197 συμφωνοῦμεν·
3407 3128 3488 3180 ὅτι
3518 3127 3657 3194 ἀγα-

411 3205 614 3260 ederet.
646 3207 757 3264 Nos
814 3227 941 3266 vero
988 3214 1056 3269 iis
1100 3215 1234 3284 ipsis
1263 3216 1331 3270 ab
1361 3233 1427 3269 eo
1458 3218 1620 3272 dictis
1645 3219 1977 3273 assentimur

415 3295 582 3360 ultro,
614 3297 777 3368 idque
805 3301 1125 3368 proﬁtemur
1154 3323 1168 3360 :
1194 3303 1330 3359 Boni
1369 3305 1548 3360 Patris
1579 3306 1778 3360 bonam
1811 3307 1976 3362 sobo-

413 3389 541 3453 lem,
567 3389 748 3445 lumen
797 3393 866 3446 de
902 3392 1126 3460 lumine,
1167 3393 1337 3450 Deum
1381 3395 1450 3450 de
1494 3395 1628 3463 Deo,
1672 3396 1846 3453 Deum
1889 3414 1978 3454 ve—

412 3497 532 3537 rum
575 3481 644 3537 de
699 3481 810 3539 Deo
855 3499 1006 3550 vero,
1052 3485 1121 3540 ad
1167 3500 1271 3542 nos
1315 3489 1569 3542 servandi
1602 3489 1775 3545 nostri
1803 3491 1977 3561 gratia

411 3575 648 3630 venisse.
695 3572 762 3629 In
804 3576 1023 3645 propria
1068 3577 1253 3647 quippe
1275 3577 1433 3642 venit,
1469 3593 1578 3633 non
1607 3579 1664 3633 in
1691 3580 1889 3645 aliena,
1927 3591 1978 3636 et

411 3669 494 3722 sui
526 3685 643 3722 eum
665 3685 769 3722 non
802 3679 1122 3738 receperunt.
1167 3670 1436 3741 Quotquot
1471 3679 1642 3727 autem
1679 3683 1979 3742 receperunt

412 3761 585 3824 illum,
640 3760 785 3814 dedit
836 3762 910 3816 eis
955 3770 1264 3831 potestatem
1291 3762 1430 3832 ﬁlios
1456 3763 1554 3818 Dei
1583 3765 1731 3833 ﬁeri;
1761 3766 1851 3834 qui
1876 3782 1980 3820 non

409 3867 476 3908 ex
500 3852 775 3920 sanguine,
795 3867 952 3921 neque
981 3867 1046 3906 ex
1074 3869 1251 3917 carne,
1287 3851 1376 3906 sed
1407 3867 1473 3906 ea:
1511 3852 1616 3907 Deo
1641 3855 1756 3908 nati
1785 3865 1907 3908 sunt
1929 3856 1972 3908 '.

410 3945 576 4016 Atqui
629 3958 790 3999 nemo
821 3943 939 3999 sine
976 3957 1143 3998 carne
1177 3951 1231 3998 et
1265 3944 1531 4012 sanguine
1562 3944 1613 3997 iu
1647 3945 1854 3998 mundo
1885 3959 1979 3998 na.

410 4045 502 4092 tus
539 4044 646 4099 est,
681 4035 775 4091 sed
808 4049 998 4088 omnes
1029 4032 1212 4086 carnis
1253 4048 1317 4085 ac
1357 4034 1644 4103 sanguinis
1687 4033 1984 4103 participes

413 4129 526 4184 nati
577 4136 724 4184 sunt.
772 4125 913 4192 Quid
959 4124 1106 4179 enim
1129 4131 1286 4179 erant
1315 4125 1631 4193 priusquam
1665 4140 1788 4178 eum
1816 4139 1984 4178 carne

409 4224 578 4297 655
607 4219 992 4294 gignerentur?
1030 4226 1123 4273 aut
1154 4218 1285 4288 quid
1316 4235 1438 4273 esse
1489 4220 1608 4274 sine
1656 4234 1820 4274 carne
1865 4233 1985 4288 pos-

411 4316 650 4372 sumus?
687 4313 790 4368 Sed
817 4313 1074 4382 quoniam
1111 4310 1348 4365 mundus
1379 4326 1410 4364 a
1439 4311 1548 4365 Deo
1580 4310 1756 4366 factus
1785 4317 1888 4373 est,
1929 4317 1984 4366 et

411 4422 514 4461 nos
557 4406 626 4460 ab
664 4405 854 4459 eodem
886 4401 1158 4471 procreati
1208 4415 1276 4456 ex
1328 4409 1612 4470 parentum
1664 4410 1974 4455 nostrorum

414 4508 585 4551 carne
604 4492 771 4564 geniti
801 4506 1014 4557 sumus,
1047 4492 1198 4546 venit
1234 4489 1518 4554 Dominus,
1551 4499 1609 4544 ut
1640 4505 1742 4544 nos
1773 4505 1841 4546 ex
1873 4489 1980 4559 spi-

409 4586 516 4640 ritu
548 4593 604 4640 et
631 4584 756 4654 igne
788 4588 1092 4652 generaret.
1129 4579 1308 4636 Geniti
1339 4580 1524 4648 itaque
1552 4594 1744 4633 sumus
1777 4597 1789 4632 :
1819 4578 1979 4648 idque

410 4679 587 4746 ipsum
621 4673 989 4730 certissimum
1022 4679 1146 4738 est;
1200 4688 1379 4742 neque
1426 4672 1714 4740 quisquam
1751 4671 1979 4740 primam

410 4771 557 4825 illam
609 4764 1013 4836 generationem
1065 4765 1284 4831 ejurare
1330 4771 1530 4833 petest,
1584 4769 1680 4814 aut
1710 4777 1774 4816 ex
1813 4776 1980 4818 carne

412 4865 765 4929 propagatum
821 4871 882 4910 se
923 4870 1046 4910 esse
1093 4853 1326 4908 dilliteri.
1394 4852 1546 4917 Quod
1582 4853 1650 4906 ad
1682 4853 1978 4907 secundani

407 4951 624 5021 quidem
676 4946 1080 5018 generationem
1130 4946 1341 5006 attinet,
1398 4959 1504 4997 non
1555 4959 1676 4998 eam
1714 4960 1777 4998 ex
1811 4959 1976 5000 carne

407 5043 493 5096 vel
525 5038 792 5109 sanguine
849 5037 1026 5092 sortiti
1085 5052 1294 5098 sumus,
1350 5035 1453 5089 hoc
1499 5043 1584 5088 est
1630 5050 1740 5092 non
1778 5051 1843 5090 ex
1872 5051 1973 5090 usu

407 5133 589 5185 carnis
619 5137 713 5184 aut
757 5128 1041 5197 sanguinis
1073 5127 1417 5195 accepimus;
1449 5141 1634 5180 verum
1674 5141 1893 5180 carnem
1923 5136 1975 5182 et

408 5231 667 5284 animam,
719 5230 1071 5290 posteaquam
1122 5218 1315 5288 spiritu
1370 5218 1534 5287 geniti
1593 5233 1804 5281 smnus,
1864 5234 1970 5272 non

405 5309 682 5365 carnalem
741 5309 975 5379 amplius
1025 5307 1308 5372 habemus,
1362 5308 1454 5362 sed
1485 5309 1707 5379 sanguis
1728 5318 1781 5363 et
1816 5324 1965 5370 caro,

405 5409 463 5455 et
519 5400 704 5454 anima
761 5399 990 5468 spiritali
1052 5399 1284 5468 quadam
1341 5399 1552 5454 ratione
1614 5401 1963 5469 copulantur.

2078 3218 2171 3272 θοῦ
2197 3220 2409 3290 Πατρὸς
2437 3219 2498 3273 τὸ
2524 3218 2729 3286 ἀγαθὸν
2755 3217 3022 3288 γέννημα,
3051 3217 3166 3286 φῶς
3211 3219 3275 3271 ὲκ
3301 3219 3499 3288 φωτὸς,
3523 3216 3654 3279 Θεὸς

2077 3313 2142 3364 ὲκ
2181 3310 2338 3375 Θεοῦ,
2373 3310 2504 3374 Θεὸς
2535 3309 2787 3380 ἀληθινὸς
2818 3311 2883 3363 ὲκ
2907 3308 3041 3363 Θεοῦ
3067 3309 3323 3379 ἀληθινοῦ
3349 3305 3482 3380 ἦλθε
3513 3308 3654 3379 πρὸς

2075 3401 2245 3471 ἡμᾶς,
2273 3400 2362 3454 ἵνα
2401 3400 2547 3469 ἡμᾶς
2596 3397 2767 3468 σώσῃ.
2815 3400 2916 3465 Εἰς
2949 3399 3022 3454 τὰ
3068 3399 3189 3453 lata
3217 3395 3388 3469 ἦλθε,
3421 3401 3516 3454 καὶ
3553 3400 3655 3452 οὐκ

2078 3492 2159 3554 εἰς
2207 3490 2276 3544 τὰ
2319 3490 2595 3560 ἀλλότρια,
2641 3491 2696 3544 οὶ
2739 3487 2877 3542 rem
2925 3490 3112 3544 αὑτὸν
3161 3492 3234 3544 οὐ
3283 3489 3647 3558 παρέλαϐον.

2081 3581 2254 3634 Ὅσοι
2293 3575 2362 3633 δὲ
2393 3579 2612 3634 ἔλαϐον
2636 3579 2848 3644 αὐτὸν,
2874 3579 3098 3634 ἔδωκεν
3130 3580 3336 3647 αὐτοῖς
3363 3580 3655 3644 ἐξουσίαν

2078 3669 2259 3726 τέκνα
2290 3670 2440 3726 Θεοῦ
2464 3669 2770 3740 γενέσθαν
2803 3671 2860 3724 οἳ
2883 3673 2996 3726 οὐκ
3019 3671 3088 3738 ἐξ
3117 3673 3384 3742 αἵματος,
3415 3671 3558 3726 οὐδὲ
3582 3672 3654 3726 ἐκ

2077 3761 2329 3830 σαρκὸς,
2377 3761 2516 3815 ἀλλ’
2552 3761 2622 3814 ἐκ
2668 3760 2816 3817 Θεοῦ
2863 3762 3300 3832 ἐγεννήθησαν.
3346 3762 3539 3816 Καίτοι
3583 3777 3652 3830 γε

2079 3854 2254 3916 οὐδεὶς
2295 3855 2354 3906 ὲν
2385 3852 2465 3923 τῷ
2505 3851 2694 3923 κόσμῳ
2725 3852 2858 3908 ἄνευ
2896 3854 3098 3924 σαρκὸς
3129 3854 3390 3926 ἐγεννήθη
3439 3855 3534 3908 καὶ
3563 3856 3657 3908 aio

2082 3962 2250 4015 ματος
2269 3960 2284 3978 ·
2332 3943 2469 3998 ἀλλά
2524 3943 2723 4008 πάντες
2773 3944 2990 4016 μέτοχοι
3041 3945 3238 4018 σαρκὸς
3283 3947 3375 4000 καὶ
3422 3945 3652 4016 αἵματος

2079 4035 2350 4104 γεγόνασι.
2390 4035 2456 4088 Τί
2485 4036 2592 4106 γὰρ
2627 4031 2786 4107 ἦσαν,
2831 4037 3023 4108 πρὶνῆ
3078 4039 3136 4092 ὲν
3183 4039 3348 4108 σαρκὶ
3379 4035 3652 4107 γεννηθῶ-

2082 4143 2196 4192 σιν;
2222 4126 2256 4196 ἢ
2294 4126 2348 4179 τί
2375 4126 2648 4197 δυνάμεθα
2680 4123 2819 4181 εἶναι
2847 4129 2976 4183 ἄνευ
3006 4130 3238 4200 σαρκός;
3289 4128 3503 4199 Ἐπειδὴ
3538 4127 3594 4180 δὲ
3624 4130 3652 4179 ὁ

2081 4217 2284 4287 κόσμος
2335 4218 2398 4270 ὲκ
2444 4216 2579 4270 Θεοῦ
2629 4216 2838 4286 γέγονε,
2878 4219 2973 4273 καὶ
3017 4220 3176 4290 ἡμεῖς
3223 4218 3535 4281 κτισθέντες
3584 4218 3651 4271 ὲκ

2083 4309 2284 4379 σαρκὸς
2325 4309 2424 4380 μέν
2452 4311 2624 4380 ἐσμεν
2656 4311 3042 4381 γεγεννημένοι
3073 4311 3323 4380 πατέρων
3355 4309 3448 4363 καὶ
3487 4309 3650 4379 μητέ-

2087 4415 2214 4470 ρων,
2257 4394 2422 4470 ἧλθεν
2458 4402 2487 4454 ὁ
2523 4399 2725 4470 Κύριος
2762 4401 3016 4472 γεννῆσαι
3048 4403 3194 4470 ἡμᾶς
3229 4401 3294 4454 ὲκ
3341 4400 3648 4469 πνεύματος

2080 4489 2172 4542 καὶ
2219 4491 2414 4561 πυρός.
2479 4491 2876 4562 Ἐγεννήθημεν
2917 4492 3056 4562 γάρ⁹
3110 4492 3202 4546 καὶ
3239 4491 3386 4545 ἔστιν
3414 4492 3645 4560 ἀληθές·

2080 4582 2176 4634 καὶ
2208 4583 2268 4634 οὐ
2302 4580 2522 4636 δύναταί
2549 4598 2634 4646 τις
2675 4583 3008 4654 ἀρνήσασθαι
3048 4583 3146 4654 τὴν
3203 4581 3424 4653 πρώτην
3455 4583 3649 4650 γέννη·

2078 4687 2180 4735 σιν,
2216 4670 2335 4722 οὐδὲ
2362 4671 2422 4724 τὸ
2447 4671 2512 4723 ἐκ
2533 4672 2731 4742 σαρκὸς
2755 4668 2914 4725 εἶναι.
2953 4673 3064 4742 Τὴν
3082 4672 3139 4725 δὲ
3162 4671 3421 4740 δευτέραν
3449 4671 3646 4741 γέννη-

2082 4778 2165 4815 σιν
2211 4761 2311 4814 οὐκ
2354 4764 2420 4816 ὲκ
2458 4762 2658 4834 σαρκὸς
2709 4761 3101 4832 γεγεννήμεθα,
3130 4761 3250 4815 οὐδὲ
3299 4760 3358 4826 ἐξ
3393 4762 3644 4832 αἵματος,

2079 4855 2355 4910 τουτέστιν
2399 4856 2459 4909 οὐ
2504 4858 2570 4927 τῇ
2599 4856 2904 4925 ἀποχρήσει
2942 4855 3040 4924 τῆς
3079 4853 3276 4924 σαρκὸς
3317 4853 3645 4924 κεχρημένοι

2079 4944 2173 4998 καί
2207 4944 2301 4999 τοῦ
2330 4946 2579 5016 αἳματος,
2605 4944 2739 4999 ἀλλὰ
2773 4946 2951 5016 σάρκα
2975 4944 3067 4996 καὶ
3091 4943 3266 5015 ψυχὴν
3290 4945 3350 4997 ὲν
3376 4943 3644 5012 πνεύματι

2079 5037 2463 5109 γεγεννημέναι
2512 5037 2706 5108 μηκέτι
2751 5034 3017 5105 σαρκικὴν
3069 5031 3256 5100 οὖσαν,
3307 5035 3440 5088 ἀλλὰ
3481 5032 3641 5105 αἷμα,

2079 5129 2172 5183 καὶ
2215 5128 2397 5199 σάρκα
2420 5168 2436 5193 ,
2469 5129 2563 5182 καὶ
2590 5127 2765 5198 ψυχὴν
2821 5124 3206 5196 πνευματικῶς
3258 5126 3641 5197 συνηνωμέναο

2078 5219 2356 5274 τουτέστιν
2379 5219 2638 5272 Ἔδωκεν
2655 5217 2858 5283 αὐτοῖς
2879 5217 3168 5282 ἐξουσίαν
3191 5218 3370 5270 τέκνα
3389 5217 3536 5271 Θεοῦ
3553 5236 3644 5286 γε·

2073 5310 2302 5373 νέσθαι,
2327 5313 2438 5374 τοῖς
2464 5308 2855 5380 μεταϐάλλουσι
2879 5309 2976 5379 τὴν
2996 5310 3241 5379 γνώμην,
3271 5309 3361 5360 καὶ
3390 5309 3478 5362 διὰ
3514 5327 3645 5378 σαρ-

2074 5401 2188 5467 κὸς,
2214 5402 2308 5455 καὶ
2331 5401 2584 5470 αἵματος,
2612 5400 2704 5452 καὶ
2727 5400 2905 5469 ψυχῆς
2938 5399 3056 5469 Θεῷ
3086 5398 3534 5469 εὐαρεστήσασιν.

410 5494 587 5563 Atque
613 5493 744 5547 illud
774 5492 952 5562 ipsum
983 5501 1067 5547 cst
1117 5491 1266 5561 quod
1305 5491 1547 5547 dicitur:
1585 5492 1734 5547 Dedit
1796 5495 1870 5547 eis
1921 5503 2230 5562 potestatem
2276 5494 2416 5562 ﬁlios
2454 5491 2555 5547 Dei
2585 5493 2722 5561 ﬁeri,
2763 5494 3076 5564 quicunque
3116 5494 3372 5548 nimirum
3434 5500 3646 5548 mutato

411 5584 466 5642 in
499 5587 695 5641 melius
723 5586 909 5641 animo
935 5601 1179 5654 carnem,
1205 5590 1523 5660 sanguinem
1563 5598 1618 5644 et
1649 5591 1883 5644 animam
1916 5590 1982 5643 ad
2024 5589 2117 5645 Dei
2143 5591 2476 5646 voluntatem
2512 5589 2944 5646 accommodant.

486 5740 504 5774 ’
539 5739 674 5798 Luc.
711 5758 844 5811 xv",
889 5741 1074 5808 17,18
1171 5745 1190 5775 ¹
1231 5741 1384 5798 Joan.
1414 5760 1450 5810 ι,
1487 5743 1667 5797 11-15.
1746 5745 1767 5775 ⁸
1800 5741 1859 5797 F.
1901 5742 2034 5813 τῷδε
2071 5742 2178 5796 τόν.
