4008 6240
278 382 354 441 93

921 389 1292 451 ADVERSUS
1330 393 1677 453 [UERESES
1716 396 1847 456 LIB.
1888 398 1954 454 ll.
1999 398 2162 456 T011.
2204 400 2269 455 ll.
2310 433 2379 443 —
2417 401 2691 459 IIIERES.
2731 405 2915 461 LXVI.

3460 408 3532 467 96

364 494 422 548 '0
452 492 585 564 γοῦν
616 496 696 561 εἰς
726 496 795 552 τὰ
842 498 947 554 ἴδια
991 502 1165 556 ἐλθὼν
1207 505 1311 559 οὐκ
1356 506 1633 578 ἀλλότριός
1674 509 1845 571 ἐστιν,

2028 509 2148 565 lam
2202 527 2333 569 vero
2386 514 2480 584 qui
2525 515 2581 569 in
2632 518 2851 586 propria
2897 516 3118 572 venisse
3167 516 3389 573 dicitur.
3419 534 3530 575 non

276 585 413 639 ἀλλὰ
433 588 713 661 Δεσπότης
740 590 977 647 πάντων.
1008 594 1117 646 Kal
1142 594 1230 648 διὰ
1262 597 1423 651 τοῦτο
1449 598 1628 667 λέγει·
1674 598 1727 652 ’0
1756 602 1857 653 λιι-

273 678 402 731 libr
427 678 499 731 ἐν
528 680 654 747 τοῖς
695 685 1064 753 προφήταις·
1108 687 1255 742 Ἰδοὺ
1288 690 1545 759 πάρειμι.
1587 691 1697 743 Καὶ
1746 693 1857 754 τοῖς

293 768 558 835 Ἰουδαίοις
584 773 689 845 ἔφη
710 792 723 805 ·
754 776 831 830 Et
846 778 1087 833 Μωϋσεῐ
1116 780 1480 847 ἐπιστεύετε,
1504 782 1853 836 ἐπιστεύετε

275 862 355 915 ἂν
395 863 563 932 ἐμοί’
611 867 842 935 ἐκεῖνος
892 871 1003 940 γὰρ
1055 874 1190 941 περὶ
1232 873 1379 943 ἐμοῦ
1416 874 1669 944 ἔγραψε·
1727 876 1853 939 καί,

287 955 537 1024 Ἀϐραὰμ
571 959 605 1011 ό
642 958 838 1026 πατὴρ
888 960 1058 1030 ἡμῶν
1092 962 1507 1033 ἡγτιλλιάσατο
1556 963 1705 1018 ιδεῖν
1742 964 1857 1031 τὴν

270 1044 351 1112 rip
363 1048 506 1113 ἐραν
532 1065 673 1117 μου.
709 1051 820 1105 Καὶ
846 1047 1001 1119 εῖδε,
1038 1055 1135 1109 καὶ
1170 1055 1357 1124 ἐχάρη
1378 1073 1393 1086 ’
1424 1058 1540 1122 καὶ,
1572 1058 1770 1122 Οὕτως
1802 1060 1856 1111 ot

270 1140 526 1207 πατέρες
556 1140 724 1211 ὑμῶν
755 1143 1007 1199 ἐποίουν
1038 1146 1163 1212 τοῖς
1190 1148 1526 1217 προφήταις
1547 1165 1561 1178 ·
1592 1150 1704 1214 καὶ,
1731 1152 1857 1202 Μα-

270 1229 466 1297 κάριοι
501 1233 660 1298 ἐστε,
704 1234 851 1289 ὅταν
878 1238 1260 1294 ὀνειδίσωσιν
1286 1239 1443 1309 ὑμᾶς
1466 1280 1481 1305 ,
1515 1240 1613 1293 καὶ
1640 1241 1855 1295 εῑπωσι

269 1324 403 1374 καθ’
431 1323 600 1391 ὑμῶν
623 1324 747 1381 πᾶν
776 1330 1046 1398 πονηρὸν
1068 1330 1451 1401 ψευδόμενοι.
1485 1331 1728 1399 Χαίρετε
1754 1332 1856 1385 καὶ

267 1411 644 1479 ἀγαλλιᾶσθε
665 1431 678 1444 ·
724 1416 816 1472 ὅτι
865 1422 900 1473 ό
939 1421 1159 1490 μισθὸς
1194 1420 1362 1491 ὑμῶν
1397 1422 1593 1487 πολὺς
1623 1423 1693 1476 ἐν
1729 1422 1854 1489 τοῖς

268 1504 569 1571 οεφανοῖς.
606 1507 772 1561 Οὕτω
800 1510 910 1579 γὰρ
939 1512 1192 1567 ἐδίωκον
1215 1514 1356 1580 τοὺς
1382 1516 1691 1585 προφήτας
1712 1516 1855 1582 τοὺς

267 1597 385 1665 πρὸ
425 1596 626 1666 ὑμῶν·
674 1601 767 1654 καὶ¹
800 1602 989 1656 ἄλλοτε
1011 1620 1023 1631 ·
1065 1605 1463 1675 Ἰερουσαλὴμ
1499 1607 1537 1673 ἡ
1582 1608 1855 1661 ἀποκτεί-

264 1702 470 1741 νουσα
512 1690 657 1755 τοὺς
703 1694 1049 1763 προφήτας,
1095 1697 1193 1749 καὶ
1247 1698 1653 1753 λιθοϐολοῦσα
1711 1700 1854 1764 τοὺς

264 1778 784 1849 ἀπεσταλμένους,
809 1786 1068 1852 ποσάκις
1094 1788 1369 1855 ἠθέλησα
1395 1789 1758 1854 ἐπισυνάξαι
1780 1790 1853 1844 τὰ

266 1868 450 1923 τέκνα
486 1870 637 1924 σου]
667 1872 740 1925 Τὸ
770 1873 827 1925 δὲ
859 1875 1119 1941 ποσάκις
1162 1877 1395 1931 δεικνύει
1428 1879 1514 1931 διὰ
1556 1880 1852 1951 προφητῶν

263 1956 456 2010 τούτου
489 1959 711 2025 συνάξαι
738 1963 907 2035 αὐτὴν
940 1965 1441 2038 ἐπιμελησαμένου.
1478 1971 1539 2023 El
1567 1970 1675 2042 γὰρ
1713 1973 1854 2025 ἀπο-

264 2047 591 2101 κτείνουσα
630 2051 772 2116 τοὺς
801 2052 1114 2121 προφήτας
1160 2056 1306 2124 λέγει
1350 2058 1715 2127 ἐλεγκτικῶς,
1744 2061 1852 2131 ἄρα

261 2136 377 2191 τῶν
416 2141 706 2211 προφητῶν
747 2146 981 2198 ποιεῖται
1034 2147 1132 2217 τὴν
1174 2148 1510 2219 ἐπιμέλειαν.
1553 2151 1611 2205 '0
1648 2151 1705 2204 δὲ
1741 2152 1851 2205 τῶν

263 2229 559 2299 προφητῶν
585 2231 1009 2304 ἐπιμελούμενος
1037 2237 1137 2290 οὑκ
1166 2238 1462 2310 ἀλλοτρίων
1505 2243 1847 2313 ἐπεμελεῖτο,

260 2318 399 2371 ἀλλά
423 2319 532 2373 τῶν
568 2322 732 2377 ἰδίων.
770 2324 907 2390 Kal,
936 2328 1372 2397 Ζητηθήσεται,
1404 2333 1578 2403 φησὶ,
1612 2334 1680 2386 τὸ
1708 2332 1849 2402 αἷμα

259 2405 330 2460 τὸ
361 2407 772 2478 ἐκχυνόμενον
807 2414 924 2467 ἀπὸ
960 2416 1211 2485 αἵματος
1252 2420 1434 2473 Ἅϐελ
1473 2420 1611 2490 ἄχρι
1647 2425 1845 2491 Ζαχαο

252 2498 393 2565 ρίου
431 2500 537 2554 τοῦ
576 2501 811 2558 δικαίου
831 2543 847 2569 ,
891 2506 998 2560 τοῦ
1046 2509 1482 2578 ἐκκενωθέντος
1508 2513 1625 2566 ἀνὰ
1650 2513 1847 2583 μέσον

258 2590 368 2643 τοῦ
413 2593 563 2647 ναοῦ
629 2595 727 2648 καὶ
782 2597 890 2651 τοῦ
944 2602 1417 2671 θυσιαστηρίου·
1480 2604 1574 2657 καὶ
1598 2644 1612 2669 ,
1672 2606 1846 2675 Ἄρας

258 2680 489 2747 πάντα,
517 2683 617 2737 καὶ
648 2684 755 2751 τὰς
783 2687 1073 2755 τραπέζας
1106 2688 1225 2744 τῶν
1262 2692 1678 2747 κολλυϐιστῶν
1708 2712 1845 2748 κατ-

256 2769 535 2839 έστρεψε,
563 2774 665 2827 καὶ
692 2772 824 2830 εἷπε
842 2794 855 2808 ·
879 2777 977 2847 Μὴ
1004 2780 1227 2836 ποιεῖτε
1256 2781 1363 2836 τὸν
1394 2780 1562 2838 οἷκον
1592 2785 1698 2839 τοῦ
1724 2789 1843 2839 Πα-

257 2863 397 2930 τρός
419 2881 541 2933 μου
571 2861 745 2920 οἷκον
765 2868 1073 2938 ἐμπορίου.
1104 2872 1218 2929 Καὶ
1248 2872 1385 2944 πρὸς
1412 2875 1538 2938 τοὺς
1575 2876 1701 2945 περὶ
1727 2878 1843 2928 Ma-

261 2954 399 3025 ριὰμ
435 2956 531 3008 καὶ
572 2957 772 3030 Ἰωσὴφ
805 2960 999 3028 ἔλεγε·
1035 2963 1096 3019 Τί
1142 2963 1231 3017 ὅτι
1271 2963 1523 3033 ἐζητεῖτέ
1555 2983 1668 3035 με;
1721 2970 1842 3021 Οὐκ

258 3046 475 3117 ᾔδειτε,
514 3049 605 3102 ὅτι
627 3050 697 3103 ἐν
728 3050 853 3118 τοῖς
881 3052 990 3106 τοῦ
1026 3054 1259 3123 Πατρός
1288 3074 1407 3125 μου
1440 3056 1536 3110 δεῖ
1553 3074 1631 3127 με
1657 3055 1841 3121 εἷναι;

260 3140 371 3192 Kal
401 3139 564 3203 εὐθὺς
603 3142 850 3213 ἐπιφέρει
888 3143 949 3197 τὸ
978 3144 1315 3215 Εὐαγγέλιωι
1359 3147 1537 3217 λέγον,
1574 3150 1655 3203 ὅτι
1685 3144 1834 3203 εἷπε·

255 3230 354 3297 Μὴ
404 3231 626 3286 ποιεῖτε
678 3233 784 3287 τὸν
830 3230 1001 3289 οἷκον
1050 3236 1159 3290 τοῦ
1220 3238 1452 3305 Πατρός
1492 3256 1613 3307 μου
1672 3236 1842 3293 οἷκον

254 3323 543 3391 ἐμπορίου
564 3339 579 3354 ο
602 3324 678 3388 ὡς
710 3325 883 3393 λέγει·
916 3325 1029 3381 Καὶ
1053 3327 1456 3399 ἐμνήσθησαν
1479 3332 1533 3384 οί
1559 3331 1839 3401 μαθηταὶ,

256 3412 349 3466 ὅτι
386 3410 464 3484 ἦν
509 3416 947 3485 γεγραμμένον·
1005 3416 1071 3470 '0
1116 3416 1296 3488 ζῆλος
1349 3419 1457 3475 τοῦ
1504 3420 1675 3477 οἴκου
1726 3436 1843 3475 σου

255 3504 558 3573 κατέφαγέ
581 3522 681 3573 με.

836 3625 873 3651 λ

325 3685 459 3739 ΜΡ.
501 3683 615 3738 Kal
636 3684 778 3738 πόσα
808 3684 954 3740 ἔστιν
979 3687 1153 3740 εἰπεῖν
1184 3687 1273 3742 διὰ
1304 3687 1561 3743 τοιούτων
1597 3689 1841 3758 Εὐαγγεσ

254 3777 384 3829 λίων
418 3776 515 3829 καὶ
544 3776 655 3832 τῶν
685 3777 999 3832 ἀποστόλων
1030 3780 1111 3843 εἰς
1141 3778 1360 3850 ἔλεγχον
1409 3781 1507 3852 τῆς
1548 3780 1644 3834 τοῦ
1679 3781 1839 3853 Μάνη

260 3868 487 3939 μανίας;
516 3867 612 3921 καὶ
652 3866 729 3931 ὡς
778 3866 1025 3937 βούλεται
1050 3870 1280 3941 διαιρεῖν
1312 3871 1406 3925 καὶ
1443 3871 1841 3944 ἀπαλλοτριοῦν

255 3960 353 4031 τὴν
377 3959 623 4014 Παλαιὰν
652 3959 930 4031 Διαθήκην
953 3958 1063 4014 ἀπὸ
1087 3960 1190 4031 τῆς
1219 3961 1561 4032 Καινῆς,τῆς
1592 3963 1839 4029 Παλαιᾶς

260 4050 648 4125 μαρτυρούσης
688 4051 820 4122 περὶ
852 4050 949 4104 τοῦ
980 4052 1261 4123 Σωτῆρος,
1310 4055 1408 4108 καὶ
1452 4056 1547 4109 τοῦ
1589 4056 1839 4129 Σωτῆρος

254 4144 644 4214 ὁμολογοῦντος
668 4145 773 4215 τὴν
800 4143 1045 4198 Παλαιὰν
1071 4144 1346 4216 Διαθήκην
1366 4162 1379 4176 ·
1410 4146 1471 4199 οὐ
1504 4148 1684 4216 μόνον,
1703 4149 1840 4203 ἀλλά

255 4237 351 4288 καὶ
398 4234 554 4288 ain-al
596 4236 646 4287 οἱ
693 4234 1015 4299 ἀπόστολοι,
1050 4234 1125 4298 ὡς
1165 4234 1312 4303 λέγει
1360 4235 1556 4289 Δαδίδ·
1589 4235 1775 4292 Εἶπεν
1804 4242 1838 4293 d

252 4328 471 4396 Κύριος
500 4323 583 4390 τῷ
616 4325 813 4393 Κυρίῳ
837 4342 987 4395 μου·
1028 4323 1226 4379 Κάθου
1263 4325 1333 4378 ἐκ
1361 4325 1577 4391 δεξιῶν
1592 4344 1733 4396 μου.
1766 4332 1838 4383 El

252 4414 369 4474 οὖν
402 4417 623 4484 Κύριον
659 4415 848 4470 αὐτὸν
884 4415 1076 4487 λέγει,
1108 4415 1235 4483 πῶς
1263 4418 1397 4485 υίὸς
1433 4420 1620 4474 αὐτοῦ
1669 4421 1837 4487 ἐστι;

1884 1850 1926 1904 Β

1961 601 2293 668 alicnusest,
2329 604 2426 660 sed
2479 606 2723 660 omnium
2754 606 3034 666 Dominus.
3069 608 3432 674 Quamobrem
3453 610 3530 663 ita

1959 693 2092 747 dicit
2120 712 2132 747 :
2162 693 2267 760 Qui
2296 693 2545 761 loquebar
2575 695 2630 748 in
2654 696 2939 763 prophetis,
2968 697 3280 750 ecceadsum
3315 698 3354 748 ⁸.
3385 695 3528 761 Quin

1956 784 2119 839 etiam
2138 784 2355 841 Iudaeos
2377 787 2692 854 alloquens:
2718 785 2777 840 Si
2800 784 2972 855 Moysi
2992 787 3295 851 crederetis,
3329 786 3526 856 inquit,

1958 873 2234 929 crederetis
2278 884 2330 929 et
2365 875 2521 939 mihi;
2553 875 2643 928 ille
2674 876 2812 928 enim
2835 874 2899 928 de
2929 892 3006 928 me
3033 877 3244 944 scripsit
3268 879 3310 928 ³.
3360 874 3523 929 Item:

1956 964 2230 1019 Abraham
2298 976 2449 1035 pater
2503 976 2681 1021 noster
2733 967 3015 1021 exsultavit
3054 976 3110 1019 ut
3152 968 3341 1021 videret
3392 967 3528 1020 diem

1957 1073 2148 1110 meum.
2184 1055 2327 1110 Vidit
2349 1067 2398 1111 et
2427 1059 2640 1126 gavisus
2673 1059 2804 1112 est’.
2835 1057 2973 1111 Tum
3000 1058 3132 1112 illud
3165 1077 3179 1114 :
3214 1058 3302 1112 Sic
3353 1066 3526 1125 patres

1956 1148 2115 1202 vestri
2144 1148 2407 1216 faciebant
2437 1148 2700 1217 prophetis
2725 1148 2776 1214 ‘;
2808 1157 2891 1203 et:
2939 1148 3093 1201 Beati
3129 1148 3253 1200 estis
3294 1163 3407 1198 cum
3440 1163 3531 1199 ex-

1953 1239 2317 1308 probraverint
2356 1238 2521 1305 vobis,
2562 1248 2612 1294 et
2647 1239 2877 1293 dixerint
2907 1238 3205 1324 'adversum
3251 1253 3338 1290 vos
3380 1252 3529 1290 omne

1954 1329 2156 1382 malum
2194 1331 2533 1393 mentientes;
2582 1329 2802 1399 gaudete
2850 1338 2899 1383 et
2945 1329 3231 1393 exsultate,
3282 1327 3529 1397 quoniam

1956 1437 2153 1476 merces
2186 1431 2361 1475 vestra
2388 1422 2560 1475 multa
2582 1431 2660 1475 est
2688 1422 2741 1474 in
2766 1421 2929 1475 cwlis.
2966 1422 3054 1475 Sic
3089 1422 3226 1473 enim
3255 1434 3531 1487 perseque-

1956 1510 2153 1565 bantur
2201 1514 2508 1581 prophetas,
2564 1512 2654 1581 qui
2698 1520 2816 1564 ante
2866 1527 2951 1564 vos
2986 1510 3265 1578 fuerunt".
3306 1508 3373 1561 Et
3416 1509 3525 1562 alio

1954 1602 2075 1659 loco
2104 1621 2116 1657 :
2156 1602 2513 1668 Hierusalem,
2546 1619 2662 1673 qua:
2686 1604 2877 1658 occidis
2911 1603 3212 1671 prophetas,
3241 1610 3288 1653 et
3322 1598 3527 1669 lapidas

1954 1705 2041 1743 eos
2081 1690 2170 1758 qui
2206 1690 2357 1743 missi
2408 1692 2791 1760 sunt:quoties
2843 1692 2982 1744 volui
3028 1704 3341 1757 congregare
3389 1688 3528 1752 ﬁlits

1958 1781 2149 1833 tuos“!
2190 1779 2321 1845 Quae
2357 1797 2460 1834 vox
2489 1783 2713 1850 quoties,
2742 1782 2870 1835 olim
2912 1782 3087 1849 ipsum
3119 1796 3213 1849 per
3240 1779 3530 1849 prophetas

1954 1871 2351 1941 congregandis
2396 1872 2504 1927 illis
2545 1888 2763 1942 operam
2809 1872 3124 1927 adhibuisse
3157 1870 3518 1925 demonstrat.

1953 1957 2091 2014 Cum
2117 1961 2262 2015 enim
2293 1961 2409 2015 haec
2438 1962 2555 2031 ipsa
2587 1963 2775 2028 verba,
2818 1978 2934 2032 qua:
2983 1961 3178 2015 occidis
3226 1960 3525 2029 prophetas,

1954 2065 2148 2122 aspere
2181 2064 2235 2107 et
2263 2052 2589 2123 obiurgandi
2623 2054 2801 2124 gratia
2831 2052 3292 2123 pronuntiaverit,
3330 2068 3525 2107 conso-

1952 2155 2128 2211 qucns
2163 2149 2249 2195 est
2292 2142 2680 2211 prophetarum
2751 2143 2820 2197 ab
2861 2157 2926 2197 eo
2966 2156 3152 2195 curam
3184 2156 3308 2196 esse
3340 2154 3530 2195 susce-

1952 2245 2125 2304 ptam.
2154 2232 2273 2287 Jam
2302 2234 2395 2303 qui
2430 2234 2819 2304 prophetarum
2853 2249 3041 2288 curam
3070 2235 3229 2303 gerit,
3264 2249 3372 2287 non
3420 2231 3529 2285 uli-

1950 2339 2058 2394 quo
2113 2331 2199 2380 est
2249 2334 2513 2394 tanquam
2564 2325 2630 2380 de
2679 2325 2896 2391 alienis,
2959 2325 3055 2380 sed
3108 2335 3361 2395 tanquam
3412 2325 3527 2379 suis

1949 2413 2304 2483 propriisque
2336 2413 2629 2470 sollicitus.
2674 2413 2795 2479 Quo
2836 2422 2891 2469 et
2935 2414 3070 2468 illud
3114 2415 3391 2483 pertinet:
3426 2412 3525 2465 [tu

1947 2502 2182 2571 quiretur
2224 2503 2441 2571 sanguis
2497 2504 2585 2572 qui
2639 2504 2836 2571 e/fusus
2888 2513 2965 2556 est
3004 2520 3037 2556 a
3092 2504 3345 2572 sanguine
3374 2502 3526 2562 Abit.

1947 2608 2110 2663 usque
2164 2593 2234 2646 ad
2274 2592 2599 2647 Zachariam
2649 2595 2892 2663 justum,
2942 2596 3033 2664 qui
3073 2594 3224 2663 {usus
3255 2603 3334 2646 est
3390 2593 3527 2645 inter

1948 2684 2199 2752 templum
2233 2693 2283 2738 et
2316 2690 2486 2737 altare
2518 2686 2558 2738 ⁷.
2580 2684 2851 2739 Prteterea
2884 2685 2990 2740 alio
3018 2684 3071 2738 in
3104 2685 3249 2749 loco,
3284 2684 3525 2739 Sublatis

1945 2767 2188 2821 omnibus
2238 2768 2721 2821 nummulariorum
2769 2786 2979 2823 mensas
3025 2770 3228 2833 evertit,
3256 2786 3317 2822 ac
3345 2768 3479 2821 dixit
3508 2784 3527 2820 :

1946 2849 2128 2905 Nolite
2163 2852 2336 2920 facere
2374 2852 2588 2906 domum
2622 2852 2808 2908 Patris
2837 2856 2936 2907 mei
2964 2854 3179 2908 domum
3216 2855 3527 2924 negotiatii-

1944 2945 2027 2999 nis
2049 2945 2092 2999 ⁸.
2125 2944 2207 2997 Ad
2244 2944 2361 2997 haec
2408 2944 2589 2998 Maria:
2632 2960 2694 2997 ac
2741 2942 2979 3013 Josopho
3014 2945 3141 2999 dixit
3178 2963 3190 2999 :
3224 2943 3366 3010 Quid
3410 2953 3525 2997 erat

1943 3035 2083 3104 quod
2131 3034 2451 3104 quwrebatis
2499 3038 2626 3090 me?
2656 3034 2986 3089 Nesciebatis
3034 3036 3171 3105 quod
3214 3034 3269 3087 in
3311 3034 3376 3087 iis
3408 3050 3524 3103 qua:

1945 3124 2129 3180 Patris
2163 3128 2265 3180 mei
2312 3136 2434 3180 sunt
2480 3136 2677 3193 oportet
2708 3144 2788 3180 me
2819 3144 2930 3180 esse
2952 3126 3017 3179 9?
3082 3124 3253 3179 Porro
3282 3123 3523 3193 Evange-

1869 3192 1916 3257 (ἶ
1947 3216 2099 3280 lium,
2135 3226 2425 3287 postquam
2460 3192 2575 3270 hinc
2606 3218 2674 3271 ab
2705 3233 2770 3272 co
2800 3217 2943 3269 dicta
2965 3216 3182 3269 retulit:
3213 3214 3378 3286 656
3408 3192 3518 3266 Nb-

1946 3309 2037 3362 lite
2068 3308 2243 3377 facere
2270 3310 2483 3363 domum
2514 3308 2696 3362 Patris
2728 3310 2827 3363 mei
2871 3308 3085 3360 domum
3126 3306 3521 3376 negotiationis,

1945 3400 2128 3453 statim
2189 3401 2320 3455 illud
2368 3399 2639 3470 subjicit:
2693 3398 2760 3452 Et
2826 3398 3091 3452 recordati
3166 3406 3291 3451 sunt
3359 3395 3524 3448 disci-

1943 3485 2056 3553 puli
2092 3487 2231 3555 quod
2288 3487 2545 3555 scriptum
2599 3494 2675 3539 est
2709 3501 2726 3538 :
2762 3482 2921 3539 Zelus
2980 3484 3165 3537 domus
3216 3491 3319 3536 tua:
3350 3495 3522 3535 come-

1943 3573 2022 3625 dit
2050 3591 2129 3627 me
2151 3575 2209 3629 ²⁰.

2014 3691 2201 3749 XLIII.
2253 3692 2429 3758 Quam
2478 3693 2649 3747 multa
2692 3709 2760 3749 ex
2795 3691 3105 3762 Evangeliis
3155 3698 3209 3746 et
3256 3689 3522 3761 apostolis

1943 3781 2128 3839 all‘erri
2162 3784 2227 3837 ad
2258 3782 2544 3837 Manichtei
2584 3781 2931 3837 refellendam
2960 3783 3227 3835 insaniam
3264 3789 3516 3851 possunt,

1941 3875 2037 3944 qui
2069 3872 2241 3929 Vetus
2286 3872 2757 3932 Testamentunu
2785 3873 2935 3927 Novo
2972 3871 3276 3926 distrahere
3299 3877 3353 3925 et
3385 3870 3518 3922 nlic-

1940 3979 2075 4019 nare
2124 3961 2444 4017 contendit?
2492 3962 2628 4016 Cum
2683 3970 2862 4016 tamen
2908 3968 2962 4016 et
3016 3959 3187 4015 Vetus
3234 3960 3404 4013 multa
3450 3960 3517 4013 dc

1943 4052 2233 4108 Salvatore
2285 4051 2603 4107 testimonia
2655 4052 2974 4117 contineat;
3019 4058 3073 4105 et
3112 4050 3199 4103 hic
3249 4049 3515 4113 vicissim,

1942 4143 2052 4198 imo
2084 4152 2137 4199 et
2161 4142 2282 4211 ejus
2303 4142 2562 4211 apostoli,
2600 4140 2777 4196 Veteri
2809 4140 3163 4196 Testamento
3186 4140 3515 4193 auctoritate

1939 4250 2039 4290 sua
2095 4234 2485 4305 suilragentur,
2521 4240 2583 4287 ut
2634 4234 2689 4286 in
2734 4232 2828 4286 illo
2869 4232 3010 4294 loco,
3065 4230 3157 4299 qui
3199 4245 3267 4283 ex
3303 4227 3509 4282 Davide

1939 4327 2238 4383 translatus
2264 4336 2348 4381 est
2378 4325 2565 4380 :Dixit
2612 4323 2865 4378 Dominus
2902 4323 3127 4377 Domino
3147 4338 3280 4385 meo,
3320 4320 3451 4376 Sede
3480 4338 3514 4375 α

1937 4417 2138 4472 dextris
2174 4417 2323 4469 meis.
2372 4414 2433 4469 Si
2482 4414 2648 4484 igitur
2684 4414 2937 4467 Dominus
2992 4412 3146 4466 illum
3180 4420 3351 4475 vocat,
3385 4426 3513 4481 qtae-

255 4510 367 4564 Kal
389 4507 551 4562 πάλιν
580 4507 639 4562 ὲν
664 4507 838 4579 ἑτέρῳ
862 4507 1040 4577 λέγει·
1076 4508 1198 4563 Τῶν
1220 4509 1450 4564 παίδων
1475 4511 1827 4579 κραζόντων·

1947 4509 2091 4565 modo
2118 4509 2263 4578 ﬁlius
2297 4507 2409 4576 ejus
2438 4515 2515 4561 est
2539 4507 2577 4537 ¹¹
2596 4506 2618 4559 ?
2639 4506 2721 4561 Ad
2745 4506 2859 4559 hiBC
2883 4526 2896 4561 :
2923 4504 3292 4559 Clamantibus
3308 4503 3508 4571 pueris,

263 4600 536 4656 Ὡσαννὰ
571 4598 654 4665 τῷ
679 4599 789 4666 υίῷ
826 4599 1004 4653 Δαϐίδ
1025 4614 1039 4628 ⁸
1073 4600 1166 4654 καὶ
1209 4601 1308 4653 οὐκ
1338 4602 1571 4673 ἐπετίμα
1611 4604 1831 4667 αὐτοῖς,

251 4691 503 4761 λέγουσιν
551 4694 601 4746 οἱ
644 4693 954 4763 Φαρισαῖοι·
1003 4692 1123 4745 Οὐκ
1160 4692 1399 4758 ἀκούεις
1443 4694 1502 4747 τι
1538 4689 1703 4749 οὗτοι
1735 4694 1834 4748 λέ-

251 4798 464 4854 τουσω
503 4784 785 4838 κώλυσον
809 4783 982 4837 αὐτά.
1014 4783 1073 4836 '0
1100 4782 1157 4835 δὲ
1194 4785 1332 4855 πρὸς
1359 4786 1581 4850 αὐτούς·
1618 4789 1717 4842 Ἂν
1741 4784 1835 4851 01'5-

250 4894 343 4931 τοι
381 4874 760 4945 σιγήσωσιν,
807 4876 859 4927 ot
902 4874 1059 4927 λίθοι
1104 4874 1515 4941 κεκράξονται.
1558 4877 1685 4941 Υἱὸς
1735 4880 1835 4950 μὲν

250 4966 360 5036 γὰρ
405 4964 569 5018 Δαὸίδ
608 4965 726 5017 ἐστι
768 4963 910 5018 κατά
942 4964 1142 5032 σάρκα,
1177 4964 1381 5037 Κύριος
1432 4966 1488 5021 δὲ
1530 4968 1626 5021 τοῦ
1672 4970 1835 5023 Δαϐὶδ

250 5056 395 5111 κατά
422 5054 664 5127 πνεῦμα,
688 5055 797 5110 τῶν
822 5057 1147 5129 ἀμφοτέρων
1172 5058 1371 5123 λέξεων
1391 5058 1632 5115 δυνατῶν
1659 5060 1833 5115 οὐσῶν

250 5146 347 5199 καὶ
378 5144 781 5217 ἀληθευουσῶν.
816 5145 983 5200 Οὐδὲν
1015 5147 1125 5219 γάρ
1156 5150 1274 5202 ἐστι
1311 5150 1832 5222 παραπεποιημένον

248 5240 318 5308 τῇ
350 5236 602 5308 ἀληθείᾳ.
1311 5290 1323 5299 ,

332 5328 497 5383 Ἀλλὰ
533 5329 620 5382 ἴνα
663 5327 736 5399 μὴ
767 5327 994 5399 μηκύνω
1028 5328 1127 5400 τὴν
1174 5328 1427 5384 ὑπόθεσιν
1459 5329 1684 5402 ταύτην,
1731 5331 1831 5401 ἀρ-

1940 4601 2205 4655 llosanna
2261 4598 2409 4653 Filio
2464 4597 2635 4651 David
2659 4599 2724 4663 ¹²,
2758 4613 2881 4651 cum
2906 4612 3000 4651 eos
3033 4612 3139 4650 non
3183 4597 3510 4665 increparet,

1934 4691 2197 4747 Pharisa:i
2227 4692 2299 4745 ita
2334 4689 2515 4760 ipsum
2566 4689 2789 4745 allocuti
2831 4696 2959 4743 sunt
2998 4705 3012 4741 :
3044 4685 3165 4740 Non
3191 4688 3345 4739 audis
3383 4689 3509 4756 quid

1935 4785 2027 4838 isti
2062 4784 2290 4838 dicant?
2327 4782 2542 4851 prohibe
2573 4783 2692 4836 illos
2716 4782 2780 4834 ¹³.
2816 4780 2908 4834 Ille
2935 4794 3063 4834 vero
3091 4779 3163 4833 ita
3192 4779 3504 4847 respondit:

1937 4875 1999 4930 Si
2030 4876 2121 4929 isti
2158 4876 2441 4942 tacuerint,
2472 4873 2670 4942 lapides
2701 4868 3206 4940 vociferabantur”.
3245 4867 3341 4922 Est
3362 4868 3510 4922 enim

1936 4966 2159 5022 Davidis
2197 4967 2288 5021 ille
2318 4966 2538 5036 quidem
2585 4980 2752 5020 carne
2786 4965 2950 5029 (ilius,
2995 4960 3241 5031 ejusdem
3276 4973 3425 5025 vero,
3455 4957 3505 5011 si

1929 5059 2183 5128 spiritum
2215 5058 2557 5123 consideres,
2586 5055 2876 5118 Dominus,
2911 5069 3035 5109 cum
3068 5054 3239 5107 amba:
3267 5051 3370 5105 illa:
3406 5063 3507 5103 vo-

1928 5163 2022 5204 ces
2050 5148 2279 5217 aliquid,
2307 5147 2456 5218 quod
2479 5146 2596 5202 lieri
2620 5147 2818 5218 possit,
2848 5158 3147 5213 verumque
3176 5140 3504 5212 signiﬁcent.

1928 5238 2064 5293 Nam
2095 5237 2230 5292 nihil
2262 5245 2346 5292 est
2372 5237 2429 5293 in
2461 5238 2695 5293 veritate
2723 5234 3037 5291 conﬁctum.

1998 5328 2201 5384 Verum
2258 5344 2327 5385 ne
2355 5327 2566 5384 diutius
2601 5328 2658 5384 in
2704 5343 2770 5383 eo
2814 5335 3139 5398 argumento
3180 5336 3504 5384 commorer,
3547 5366 3559 5381 ,

251 5421 592 5492 κεσθήσομαι
625 5420 851 5486 ταύταις
873 5424 993 5486 ταῖς
1024 5422 1351 5494 μαρτυρίαις
1417 5422 1735 5493 Ἐλεύσομαι
1772 5424 1829 5476 δὲ

1947 5436 2029 5477 ero
2089 5421 2278 5490 paucis
2328 5421 2397 5476 iis
2450 5421 2780 5476 testimoniis
2828 5427 3141 5483 contentus,
3192 5430 3385 5486 meque
3436 5413 3508 5468 ad

250 5514 328 5575 εἰς
356 5509 427 5566 τά
458 5510 643 5583 ἕτερα,
687 5511 987 5583 ἐξελέγχων
1021 5511 1113 5566 τὸν
1158 5511 1420 5584 ἀγύρτην.
1471 5512 1537 5566 Εἰ
1574 5511 1635 5566 τὸ
1668 5511 1828 5583 σῶμα

1947 5513 2043 5568 alia
2080 5513 2400 5584 impostoris
2422 5513 2571 5569 illius
2598 5512 2853 5586 dogmata
2888 5508 3176 5567 refutanda
3205 5507 3506 5563 conferam.

322 5676 342 5708 ¹
371 5676 478 5732 lsa.
512 5691 611 5744 ιιι,
639 5675 693 5731 6.
769 5677 790 5708 ³
818 5674 980 5731 Joan.
1017 5691 1102 5741 ιιι,
1139 5672 1227 5729 46.
1304 5677 1325 5709 ³
1348 5675 1506 5731 Joan.
1538 5691 1656 5743 vni,
1680 5673 1769 5730 56.

259 5744 432 5813 fibid.
465 5748 558 5802 35.
664 5748 685 5780 '
708 5745 866 5801 Joan.
909 5764 972 5810 ιι,
1000 5747 1084 5801 15.
1203 5747 1223 5778 ⁹
1253 5745 1383 5800 Luc.
1418 5762 1479 5813 ιι,
1505 5745 1595 5801 49.

1874 5676 1895 5704 δ

1710 5745 1753 5776 ⁸ο
1782 5742 1936 5801 Joan.
1972 5760 2031 5806 ιι,
2064 5744 2125 5797 17
2153 5762 2167 5810 ;
2196 5743 2343 5804 Psal.
2389 5744 2687 5813 uvm,10.

2386 5675 2407 5707 ⁸
2441 5674 2575 5731 ibid.
2600 5673 2691 5741 22,
2736 5670 2827 5728 9.5.
2886 5740 2891 5741 γ
2936 5672 2956 5703 ⁶
2986 5668 3173 5723 Matth.
3203 5682 3359 5741 xxiii,

1925 5672 2058 5728 Luc.
2094 5688 2169 5737 γι,
2192 5674 2281 5729 25.
2386 5675 2407 5707 ⁸
2441 5674 2575 5731 ibid.
2600 5673 2691 5741 22,
2736 5672 2827 5728 9.5.
2936 5672 2956 5703 ⁶
2986 5672 3173 5723 Matth.
3203 5682 3359 5729 xxiii.
3395 5672 3484 5718 57.

1925 5784 1936 5797 -
1972 5760 2031 5805 II.
2064 5744 2125 5797 17
2153 5762 2167 5805 ;
2196 5743 2343 5804 Psal.
2389 5760 2580 5805 mm.
2605 5744 2687 5803 10.
2808 5741 2845 5774 ¹¹
2879 5740 3066 5796 Matth.
3106 5754 3243 5802 χιιι.
3276 5737 3367 5805 tl,
3392 5735 3499 5804 45;

258 5811 400 5875 Psal.
446 5835 557 5887 cn,
590 5820 642 5874 1.
721 5819 763 5851 ³³
794 5817 989 5873 Matth.
1024 5831 1140 5885 nt,
1163 5816 1217 5872 9.
1296 5811 1489 5873 “Luc.
1532 5832 1647 5886 xu,
1675 5815 1766 5872 59.
1844 5822 1845 5846 ³

1947 5815 2049 5871 bid.
2078 5813 2167 5871 ω.
