4008 6240
460 374 531 431 95
1880 372 1938 429 s.
1980 364 2319 432 EPtPnANu
3631 389 3700 444 96

460 487 518 544 Si
562 501 764 556 corpus
809 481 1039 539 alterius
1067 480 1160 540 Dei
1191 485 1296 551 est,
1327 495 1381 542 et
1409 487 1635 543 alterius
1667 487 1874 555 anima,
1906 503 2027 558 quae

2138 489 2314 561 ἑτέρου
2351 490 2486 546 Θεοῦ
2505 533 2520 558 ,
2552 483 2598 546 ὦ
2634 485 2820 562 οὗτος,
2849 493 2944 548 καὶ
2983 495 3017 564 ή
3050 493 3195 565 ψυχὴ
3230 493 3388 549 ἄλλου
3419 493 3552 548 Θεοῦ
3573 536 3588 560 ,
3619 495 3706 561 τίς

460 583 660 646 potest,
690 575 760 628 mi
791 573 976 642 home,
1009 579 1292 632 amborum
1321 592 1444 632 esse
1477 577 1830 632 communio?
1855 577 2032 643 Quan-

459 683 622 734 quam
659 664 936 732 cogitzuidi
978 667 1110 720 mihi
1140 681 1300 735 quam
1334 666 1497 720 altam
1530 667 1585 720 in
1617 669 2032 738 contemplatio-

460 773 586 815 nem
641 755 937 816 mediocris
992 774 1055 813 ac
1107 759 1404 828 perpusilla
1456 775 1610 816 mens
1672 767 1860 814 nostra
1910 758 2033 818 seSc

463 854 790 916 committat,
850 852 997 906 subit
1059 851 1350 905 admodum
1409 851 1605 905 vereri.
1667 849 2030 917 Quamobrem

461 945 722 998 inhibebo
751 943 1154 1012 memetipsum,
1189 955 1258 995 ne
1297 939 1386 1005 iis,
1425 941 1519 1011 qui
1562 942 1742 1012 legere
1771 943 1875 996 ista
1907 959 2033 1012 pos-

462 1045 606 1098 sunt,
642 1038 924 1106 plusquam
955 1050 1051 1103 par
1076 1041 1159 1088 est
1183 1033 1386 1088 laboris
1419 1034 1717 1103 imponam,
1751 1049 1874 1088 cum
1906 1051 2035 1105 pra:-

462 1125 650 1178 sertim
697 1123 858 1176 unico
887 1123 1202 1176 testimonio
1243 1121 1600 1192 priestigiator
1640 1121 1744 1178 iste
1779 1123 2032 1194 redargui

465 1220 655 1280 possut.
678 1212 887 1264 Etenim
910 1213 962 1264 in
986 1209 1227 1266 eamdem
1248 1211 1704 1266 consociationem
1719 1225 1783 1264 ac
1797 1225 2036 1266 commu-

465 1302 680 1355 nionem
719 1301 914 1354 adduci
945 1316 1053 1356 non
1082 1314 1270 1352 eorum
1298 1314 1419 1354 esse
1446 1307 1642 1370 potest,
1682 1315 1807 1369 quae
1839 1309 2032 1354 mutuo

466 1391 814 1452 dissentiant,
845 1391 938 1445 sed
960 1391 1122 1445 unius
1143 1405 1279 1460 npus
1296 1399 1400 1454 est,
1429 1399 1524 1445 aut
1547 1407 1574 1443 a
1598 1392 1813 1446 duobus
1840 1393 2030 1448 saltem

467 1483 660 1536 amicis
704 1481 954 1535 cll’icitur.
1008 1482 1194 1550 Itaque
1239 1496 1364 1534 cum
1402 1497 1602 1550 corpus
1646 1491 1699 1536 et
1747 1483 1927 1537 anima
1977 1483 2031 1537 in

465 1590 633 1626 unum
684 1575 1032 1637 conveniant,
1083 1573 1246 1627 unius
1288 1571 1384 1627 Dei
1431 1588 1569 1642 opus
1620 1574 1754 1628 illud
1785 1590 1907 1629 esse
1935 1590 2034 1644 pu-

465 1660 690 1714 tandum
748 1671 852 1716 est.
911 1661 1096 1731 Neque
1143 1664 1287 1716 enim
1337 1663 1444 1716 ulla
1493 1670 1577 1717 est
1628 1663 1768 1718 inter
1801 1665 1891 1718 illa
1925 1663 2033 1718 duo

465 1750 782 1818 disjunctio,
829 1767 951 1804 eum
1009 1751 1076 1804 ad
1124 1751 1390 1818 agendum
1442 1761 1629 1805 mutua
1673 1755 2033 1809 consensione

2131 581 2380 636 κοινωνία
2422 582 2531 638 τῶν
2560 586 2915 658 ἀμφοτέρων;
2968 588 3078 640 Καὶ
3121 586 3270 640 δέδια
3313 586 3386 649 ὡς
3420 588 3499 650 εἰς
3541 588 3706 642 πόσον

2130 671 2292 740 ὄγκον
2326 673 2486 743 βυθοῦ
2513 674 2884 748 διανοημάτων
2912 677 3204 746 ὲγκύπτειν
3243 680 3498 748 πειρᾶται
3541 680 3569 729 ὁ
3609 682 3706 750 τῆς

2132 762 2286 832 ἡμῶν
2335 762 2669 834 βραχύτητος
2713 765 2907 836 μικρὸς
2949 764 3094 826 νοῦς.
3139 763 3229 816 Διὸ
3276 763 3708 834 χαλιναγωγήσω

2131 851 2386 922 ἐμαυτὸν,
2417 853 2505 906 ἵνα
2541 853 2617 924 μὴ
2648 855 2814 908 πολὺν
2842 855 3084 924 κάματον
3115 853 3429 923 ποιήσωμαι
3459 853 3704 920 ἀναγνώ-

2134 961 2268 1008 σεως
2292 948 2402 1008 τοῖς
2423 945 2758 1017 δυναμένοις.
2796 945 2906 999 Καὶ
2939 946 3046 1000 ἀπὸ
3077 947 3202 1016 μιᾶς
3233 944 3536 1016 μαρτυρίας
3561 944 3709 998 ἔστιν

2132 1032 2408 1100 ἐξελέγξαι
2441 1035 2533 1087 τὸν
2562 1034 2752 1105 γόητα.
2801 1035 2875 1087 Τὸ
2912 1033 3008 1104 μὲν
3046 1034 3154 1104 γὰρ
3181 1033 3469 1086 ὲπιτοαυτὸ
3512 1049 3709 1086 κοινω-

2133 1127 2242 1178 νεῖν
2265 1126 2364 1178 οὐκ
2385 1125 2499 1178 ἔστι
2526 1125 2928 1197 διαφερομένων
2959 1125 3094 1196 πρὸς
3120 1123 3401 1194 ἀλλήλους,
3425 1123 3561 1176 ἀλλὰ
3590 1122 3710 1187 ἑνὸς

2131 1215 2193 1266 τὸ
2219 1215 2395 1286 ἔργον,
2425 1216 2458 1287 ἢ
2493 1215 2586 1269 δύο
2621 1217 2788 1286 φίλων
2817 1217 2850 1287 ἡ
2893 1215 3143 1287 ἐργασία.
3185 1213 3292 1267 Τοῦ
3326 1213 3575 1284 σώματος
3599 1214 3710 1266 τοί-

2132 1322 2226 1358 νυν
2258 1306 2352 1357 καὶ
2390 1305 2488 1375 τῆς
2514 1305 2692 1376 ψυχῆς
2723 1305 2814 1358 ἐπὶ
2841 1305 2902 1357 τὸ
2940 1304 3070 1358 αὐτὸ
3103 1303 3272 1358 ὄντων
3293 1343 3308 1367 ,
3342 1303 3460 1365 ἐνὸς
3488 1302 3623 1354 Θεοῦ
3648 1302 3714 1354 τὸ

2133 1396 2314 1466 ἔργον.
2350 1397 2424 1450 Οὐ
2455 1396 2564 1465 γάρ
2599 1400 2714 1449 ἐστι
2744 1396 3038 1468 διαίρεσις,
3069 1395 3156 1449 διὰ
3185 1395 3246 1448 τὸ
3281 1394 3562 1465 ἀμφότερα
3587 1411 3714 1445 συν-

2133 1491 2315 1561 εργεῖν
2369 1489 2684 1559 πρεπόντως
2729 1489 2824 1542 καὶ
2859 1485 3218 1551 συνδοξάζειν.
3264 1485 3328 1539 Ei
3357 1485 3413 1538 δὲ
3446 1484 3585 1538 κατὰ
3616 1484 3713 1538 τὸν

2133 1581 2320 1635 τούτου
2363 1582 2518 1650 λόγον
2568 1579 2970 1650 καταφαγόντες
3017 1581 3065 1638 οἱ
3101 1579 3358 1649 ἄρχοντες
3397 1577 3495 1648 τὴν
3533 1575 3715 1647 ψυχὴν

2134 1672 2391 1740 ἐποίησαν
2423 1673 2556 1743 αὐτῇ
2591 1671 2784 1741 δεσμὸν
2813 1668 2993 1723 τουτοϊ
3040 1668 3100 1721 τὸ
3127 1668 3317 1738 σῶμα,
3350 1666 3467 1729 πῶς
3496 1665 3593 1736 τὴν
3624 1665 3717 1735 βε-

2135 1761 2421 1833 ϐρωμένην
2450 1759 2604 1826 αὖθις
2645 1761 2978 1830 ὲγκλείουσιν
3012 1761 3091 1822 εἰς
3135 1757 3322 1828 σῶμα;
3354 1758 3470 1810 Ηᾶν
3500 1757 3612 1828 γὰρ
3650 1755 3715 1808 τὸ

467 1856 530 1894 ac
562 1843 856 1895 concordia
905 1843 1241 1911 conspirent.
1279 1839 1397 1894 Jam
1433 1857 1560 1896 vero
1595 1843 1662 1906 si,
1699 1849 1755 1894 ιιι
1782 1843 1872 1898 ille
1905 1859 2028 1897 sen-

2138 1850 2569 1922 βιϐρωσκόμενον
2598 1850 2944 1903 ἀναλίσκεται
2960 1865 2973 1878 ο
2999 1849 3060 1901 τὸ
3083 1847 3138 1900 δὲ
3171 1846 3592 1916 ἀναλισκόμενον
3617 1845 3715 1897 καὶ

467 1934 554 1995 tit,
581 1932 852 2000 principes
894 1933 1154 1996 animam,
1197 1948 1360 2002 quam
1386 1933 1800 1997 devoraverant,
1839 1936 1893 1989 in
1927 1937 2029 1991 hoc

2138 1943 2214 2004 εἰς
2256 1943 2316 1994 τὸ
2362 1942 2704 2013 ἀνύπαρκτον
2737 1942 2923 2012 χωρεῖ.
2959 1939 3031 1992 Τὸ
3063 1939 3119 1991 δὲ
3148 1937 3362 2008 χωροῦν
3402 1938 3480 2000 είς
3523 1936 3585 1988 τὸ
3611 1937 3713 1989 ἀνα

465 2038 688 2092 corpus,
737 2032 994 2094 tanquam
1029 2025 1084 2078 in
1121 2027 1394 2080 vinculum
1427 2025 1699 2094 quoddam
1737 2041 2027 2098 compege-

2138 2031 2410 2103 ύπαρκτον
2454 2033 2547 2086 καὶ
2582 2033 2777 2104 μηκέτι
2819 2031 2900 2096 ὃν,
2925 2030 3048 2084 οὕτε
3091 2029 3147 2082 ἔν
3175 2047 3280 2082 τινι
3305 2028 3457 2098 τόπῳ
3489 2029 3716 2098 περικέ-

465 2113 599 2178 rint,
632 2115 725 2183 qui
753 2115 866 2169 fieri
899 2125 1096 2184 petest,
1124 2125 1181 2169 ut
1205 2131 1369 2186 quam
1399 2117 1803 2182 devoraverint,
1831 2119 2027 2174 iterum

2138 2124 2397 2188 κλεισται,
2429 2123 2550 2177 οὗτε
2578 2123 2744 2188 ἔστιν,
2776 2122 2898 2176 οὔτε
2929 2122 3220 2192 γενήσεται
3251 2119 3399 2190 αὐτῷ
3425 2119 3588 2181 τόπος
3618 2117 3712 2170 δε-

465 2206 520 2260 ἱη
574 2221 773 2276 corpus
829 2208 1144 2262 int-ludant?
1202 2207 1480 2278 Quidquid
1515 2209 1660 2263 enim
1714 2207 2027 2277 devoratur,

2138 2216 2447 2287 σμωτηρίου
2474 2214 2550 2285 τῷ
2579 2215 2652 2286 μὴ
2681 2215 2998 2286 ὑπάρχοντι.

467 2303 840 2369 consumitur,
903 2303 1044 2372 quod
1096 2312 1274 2357 autem
1316 2303 1684 2370 consumitur,
1737 2305 2038 2371 evanescit,
2069 2314 2122 2362 et
2185 2309 2239 2364 in
2275 2310 2503 2363 nihilum
2559 2309 2844 2379 redigitur.
2890 2307 3046 2374 Quod
3089 2309 3142 2362 in
3187 2307 3416 2362 nihilum
3482 2307 3616 2369 abit,
3657 2310 3717 2360 et

463 2406 586 2446 esse
611 2391 769 2462 657
803 2392 1024 2458 desinit,
1073 2408 1172 2447 nec
1218 2392 1328 2448 ullo
1376 2393 1496 2448 loco
1555 2392 2050 2461 circumscribitur,
2088 2413 2188 2453 nec
2235 2408 2319 2454 est
2364 2415 2616 2470 usquam,
2661 2414 2762 2455 nec
2810 2399 2918 2453 ullo
2959 2413 3182 2454 carcere
3247 2413 3372 2452 cum
3417 2398 3550 2451 nihil
3617 2398 3711 2460 sit,

465 2487 705 2538 coerceri
735 2495 929 2552 potest.

533 2578 715 2632 XLIV.
750 2580 853 2634 Sed
886 2581 1015 2634 illud
1053 2581 1254 2635 homini
1287 2596 1530 2651 persaepe
1559 2582 1778 2648 accidit,
1813 2591 1874 2637 ut
1918 2599 2033 2638 sua:

465 2669 739 2737 opinionis
771 2671 976 2724 oblitus
991 2687 1112 2739 qua:
1142 2679 1301 2725 antea
1343 2672 1540 2726 dixerit
1568 2687 1676 2727 non
1715 2674 2032 2728 recordetur

466 2760 722 2830 amplius,
758 2772 812 2815 ct
845 2757 966 2832 quae
1017 2763 1309 2832 aliquando
1353 2765 1810 2834 eomprobaverit,
1842 2766 2032 2822 eadem

465 2867 657 2908 rursus
690 2853 1007 2924 imprudens
1046 2862 1272 2908 evertat.
1315 2853 1562 2908 Animam
1621 2855 1895 2910 interdum
1935 2856 2033 2909 de-

464 2953 733 3007 voratam,
771 2953 825 2999 et
858 2945 1206 3014 corporibus,
1239 2961 1359 3014 qua:
1412 2945 1464 2999 in
1511 2947 1615 3000 boc
1653 2946 1856 3003 mundo
1883 2954 2032 3012 sunt,

466 3035 732 3091 inclusam
768 3051 891 3091 esse
919 3035 1181 3091 defendit.
1213 3036 1363 3092 Alias
1391 3051 1421 3090 a
1447 3039 1784 3108 principibus
1813 3054 1843 3094 e
1871 3039 2032 3104 cmlo,

2205 2596 2336 2650 MA'.
2376 2595 2643 2659 Πολλάκις
2669 2596 2725 2649 δὲ
2751 2580 2852 2665 ni;
2892 2592 3086 2648 ἑαυτοῦ
3113 2593 3350 2657 διανοίας
3379 2594 3713 2667 ἐπιλαθόμε-

2137 2703 2247 2750 νος,
2291 2687 2419 2756 περὶ
2447 2680 2522 2741 ὧν
2553 2686 2598 2739 δ’
2633 2686 2698 2740 ἂν
2726 2687 2868 2739 εἴποι
2908 2685 3350 2750 ἐπιλανθάνεται,
3379 2685 3474 2740 καὶ
3506 2688 3542 2741 ἃ.
3581 2705 3714 2741 ποτε

2137 2773 2553 2840 κατασκευάζει,
2600 2774 2670 2828 τὰ
2700 2777 2838 2830 αὐτὰ
2872 2777 3032 2830 πάλιν
3077 2775 3434 2840 άνασκευάζει
3479 2778 3713 2846 ἀγνοῶν.

2148 2868 2268 2921 Ὁτὲ
2310 2868 2407 2938 μὲν
2451 2869 2561 2938 γὰρ
2604 2870 2702 2940 τὴν
2749 2869 2926 2940 ψυχὴν
2977 2870 3176 2938 φάσκει
3220 2869 3318 2940 τὴν
3362 2869 3715 2940 βεϐρωμένην

2138 2959 2590 3028 ὲγκατάκλειστον
2640 2960 2952 3032 ὁριζόμενος
2996 2963 3052 3013 ὲν
3101 2959 3316 3030 σώμασι
3371 2962 3483 3023 τοῖς
3523 2957 3712 3013 οὖσιν·

2139 3050 2228 3102 ὁτὲ
2260 3050 2317 3104 δὲ
2343 3051 2700 3122 άφηρπάσθαι
2730 3052 2838 3105 άπὸ
2858 3051 2966 3104 τῶν
2991 3053 3265 3123 ἀρχόντων
3293 3050 3498 3105 ἄνωθεν
3527 3052 3592 3104 ὲκ
3613 3050 3715 3122 τῆς

466 3132 628 3194 atque
665 3139 731 3178 ex
765 3124 892 3179 boni
923 3123 1018 3180 Dei
1059 3131 1337 3179 armatura
1377 3126 1665 3195 direptam,
1695 3134 1752 3180 ut
1783 3142 1892 3181 non
1923 3142 2036 3180 am-

2139 3141 2440 3206 πανοπλίας
2469 3142 2563 3196 τοῦ
2601 3142 2807 3211 ἀγαθοῦ
2842 3141 2974 3195 Θεοῦ
3003 3143 3101 3213 τὴν
3136 3142 3304 3213 αὐτὴν
3337 3141 3599 3212 ὁρίζεται,
3637 3143 3716 3206 ὡς

465 3215 610 3284 plius
648 3216 928 3280 devorata,
980 3216 1076 3272 sed
1128 3216 1182 3270 in
1232 3216 1605 3286 captivitatem
1656 3217 1889 3273 abducta
1946 3219 2037 3274 sit.

467 3301 872 3372 Nonnunquam
917 3312 970 3359 et
995 3305 1265 3374 captivam
1297 3306 1528 3372 asserit;
1555 3321 1729 3375 neque
1763 3308 2041 3362 cohaeren-

464 3394 542 3449 tia
567 3395 834 3464 loquitur;
878 3394 972 3449 scd
1003 3395 1110 3448 alio
1143 3395 1303 3450 modo
1324 3402 1492 3450 totam
1525 3395 1796 3466 ejusmodi
1845 3411 2041 3451 narra-

467 3486 668 3540 tionem
712 3484 970 3540 contexit.
1000 3485 1212 3555 Quippe
1241 3487 1388 3541 velut
1425 3502 1608 3542 escam
1633 3488 1923 3558 quamdam
1973 3489 2041 3545 ab

467 3576 739 3647 superiori
772 3578 974 3632 virtute
1029 3585 1225 3646 sponte
1283 3592 1381 3631 sua
1431 3578 1700 3647 objectam
1735 3579 2034 3643 existimat.

469 3685 574 3723 non
611 3669 768 3722 aliter
792 3677 954 3737 atque
978 3668 1192 3722 haedum
1237 3670 1291 3724 in
1323 3669 1572 3724 scrobem
1608 3669 1843 3740 abjicere
1866 3671 2041 3726 solent

469 3760 755 3830 captanda:
785 3760 912 3814 terte
941 3761 1138 3829 gratia,
1173 3776 1292 3830 qua:
1322 3759 1695 3814 hacillecebra
1730 3759 1797 3814 ad
1819 3762 2037 3832 capien-

467 3853 592 3906 dam
617 3853 851 3923 praadam
882 3852 1106 3906 invitata
1143 3853 1412 3922 capiatur.
1451 3851 1646 3907 Verum
1671 3853 1714 3906 si
1746 3868 1813 3908 ex
1841 3853 2040 3909 virtute

469 3946 687 4015 propria
711 3945 857 3999 velut
879 3944 1089 3998 haedum
1113 3945 1258 3999 hunc
1289 3943 1520 4013 aliquem
1554 3943 1634 3999 vis
1672 3944 1764 3997 illa
1794 3944 2035 4000 cmlestis

467 4025 896 4099 immiserit,hOC
931 4045 1012 4091 est
1041 4035 1398 4098 bonus-Deus,
1433 4034 1548 4089 sive
1576 4035 1691 4098 lux,
1728 4043 1788 4089 ut
1810 4036 1910 4091 iste
1941 4052 2041 4090 no-

470 4129 668 4193 minat;
699 4128 826 4182 licet
851 4127 1021 4181 feram
1053 4126 1253 4194 capiat,
1293 4124 1443 4194 prius
1473 4131 1652 4178 tamen
1693 4124 1902 4178 inedum
1944 4127 2040 4179 ab-

466 4222 607 4274 sumi
643 4234 868 4275 neccsse
891 4227 996 4275 est.
1023 4217 1200 4286 Atque
1248 4217 1322 4270 ita
1379 4217 1557 4283 majus
1595 4215 1699 4285 ipsi
1734 4217 1836 4271 sibi
1869 4217 2040 4270 detri-

469 4315 708 4360 mentum
758 4308 1004 4362 cmlestis
1045 4307 1135 4358 illa
1173 4306 1347 4372 virtus
1377 4305 1707 4368 consciscet,
1739 4322 1858 4375 qua:
1899 4323 2037 4360 non-

467 4397 669 4450 nullam
693 4397 774 4452 sui
807 4405 1012 4466 partem
1044 4397 1110 4448 ad
1141 4397 1326 4450 bestiae
1353 4397 1606 4465 pabulum
1638 4397 1915 4465 objecerit,
1957 4409 2033 4462 ut,

467 4501 574 4554 qua
601 4501 658 4540 se
687 4486 860 4554 ipsam
898 4485 1149 4554 portione
1196 4485 1546 4550 mutilavcrit,
1584 4485 1751 4540 feram
1787 4497 2036 4558 captasse
2069 4468 2112 4522 D

467 4577 747 4643 videatur;
781 4592 879 4631 nec
904 4577 1015 4645 jam
1048 4576 1253 4642 valens,
1287 4592 1351 4630 ac
1385 4592 1660 4646 suprema,
1707 4584 1799 4630 aut
1827 4593 2035 4648 prazpo-

468 4676 590 4723 tcns
617 4667 740 4732 erit,
774 4675 833 4720 ut
857 4682 989 4722 voce
1007 4667 1091 4721 vel
1117 4669 1393 4722 voluntate
1437 4666 1605 4721 feram
1636 4670 1888 4736 potestati
1926 4685 2037 4723 sua:

471 4759 728 4828 subjiciat
759 4759 927 4828 :quin
962 4760 1160 4829 potius,
1187 4769 1246 4812 ut
1273 4758 1392 4826 ejus
1424 4772 1649 4828 compos
1681 4760 1893 4822 evadat,
1920 4762 2034 4814 cal-

472 4851 580 4904 lide
602 4865 666 4904 ac
685 4849 1062 4905 fraudulenter
1091 4851 1260 4903 multa
1297 4850 1536 4905 molitur.
1555 4850 1631 4903 Ac
1657 4852 1873 4907 tametsi
1891 4853 2037 4909 illius

469 4943 649 5012 aliqua
716 4951 869 5010 parte
917 4943 1158 4996 inescata
1218 4941 1329 4995 fera
1380 4942 1470 4995 illa
1517 4936 1869 5012 captata'sit,
1913 4955 2037 5000 ante

468 5039 650 5087 tamen
682 5033 1001 5086 devoratum
1031 5033 1244 5087 haedum
1278 5033 1366 5087 illa
1401 5033 1660 5104 perdidit,
1690 5037 2038 5106 quantumvis

470 5123 704 5194 praedam
755 5124 972 5194 assequi
1009 5125 1268 5194 potuerit.
1327 5125 1422 5180 Sic
1480 5127 1648 5198 igitur
1706 5126 1753 5182 si
1795 5129 2034 5181 animam

469 5216 647 5271 virtus
680 5217 922 5272 caelestis
949 5217 1003 5270 in
1035 5217 1179 5272 hunc
1201 5218 1386 5274 orbem
1421 5218 1682 5285 emiserit,
1715 5227 1775 5274 ut
1802 5235 1896 5290 per
1916 5234 2036 5274 eam

472 5308 813 5378 principatus
856 5307 1115 5373 irretiret,
1156 5317 1561 5380 potestatesque
1613 5318 1875 5380 captaret,
1925 5325 2036 5365 non

471 5395 563 5449 illa
592 5413 837 5467 scopum,
876 5414 1034 5469 quem
1064 5400 1299 5464 volebat,
1322 5409 1570 5458 assecuta
1596 5401 1716 5456 fuit.
1748 5400 1882 5455 Nam
1911 5416 2036 5456 cum

473 5487 708 5542 animam
739 5490 882 5545 velut
914 5491 979 5546 ad
1008 5493 1312 5547 venandum
1343 5492 1778 5562 eaptandumque
1806 5493 2037 5556 miserit,

473 5587 632 5648 capta
673 5579 788 5650 ipsa
815 5589 993 5638 tamen
1022 5584 1204 5654 potius
1232 5592 1344 5651 est;
1365 5592 1420 5638 et
1443 5598 1566 5638 cum
1593 5581 1659 5636 ad
1682 5583 2035 5638 irretiendum

474 5671 706 5737 venerit,
760 5673 874 5729 suis
916 5683 1002 5729 est
1044 5675 1322 5745 implicata
1352 5674 1561 5729 retibus
1592 5691 1605 5728 :
1639 5672 1903 5742 siquidem
1939 5689 2036 5742 pu-

473 5762 692 5817 rissima
725 5779 788 5816 ex
826 5771 1019 5819 natura
1052 5764 1292 5819 derivata
1329 5764 1565 5829 primum
1589 5765 1645 5818 in
1666 5763 1877 5819 vincula
1900 5779 2035 5820 con-

2143 3233 2337 3304 μηκέτι
2385 3234 2726 3306 βεϐρῶσθαι,
2765 3233 2902 3288 ἀλλὰ
2948 3232 3435 3305 ῄχμαλωτεῦσθαν
3476 3233 3608 3286 ποτὲ
3653 3233 3715 3288 δὲ

2139 3325 2236 3395 τὴν
2271 3325 2440 3396 αὐτὴν
2469 3326 2811 3396 αίχμάλωτον
2841 3325 3138 3395 ληφθεῖσαν
3161 3326 3341 3378 οὐκέτι
3377 3325 3715 3396 συνᾳδόντως

2139 3419 2308 3488 λέγει,
2353 3417 2468 3471 ἀλλ’
2509 3418 2695 3490 ἔτερον
2726 3417 2926 3489 τρόπον
2968 3417 3065 3488 τὴν
3097 3417 3218 3471 κατ’
3247 3417 3416 3488 αὐτῆς
3456 3417 3714 3473 ὑπόθεσιν

2138 3511 2425 3582 διηγεῖται,
2461 3509 2705 3579 φάσκων,
2751 3508 2826 3573 ὼς
2855 3509 3048 3580 δέλεαρ
3072 3509 3241 3580 αὐτὴν
3273 3508 3493 3580 ἑκουσίᾳ
3516 3508 3712 3582 γνώμῃ

2140 3601 2585 3674 παραὸεὸλῆσθαι
2620 3601 2724 3655 ὑπὸ
2752 3602 2851 3673 τῆς
2878 3601 3081 3656 ἄνωθεν
3104 3601 3385 3672 δυνάμεως
3408 3602 3565 3672 δίκην
3595 3604 3714 3673 ὲρί-

2139 3713 2240 3764 φου
2276 3697 2332 3748 ἐν
2363 3694 2540 3764 βόθρῳ
2579 3693 2896 3764 βληθέντος,
2929 3695 3008 3756 εἰς
3037 3692 3098 3745 τὸ
3121 3693 3215 3745 τὸν
3246 3691 3386 3762 θῆρα
3416 3692 3710 3763 ἀγρεῦσαι,

2139 3788 2318 3859 ὲρεθισ
2328 3786 2487 3841 θέντα
2511 3803 2570 3839 τε
2598 3784 2691 3839 καὶ
2719 3784 3043 3839 κατελθόντα
3065 3783 3155 3837 τὸν
3179 3783 3366 3854 ἔριφον
3389 3784 3593 3850 λαϐεῖν,
3616 3783 3714 3838 καὶ

2139 3877 2299 3930 αὐτὸν
2347 3877 2440 3931 τὸν
2485 3876 2629 3947 θῆρα
2660 3875 3011 3946 θηρευθῆναι.
3056 3873 3167 3925 Καὶ
3211 3874 3257 3925 εί
3308 3874 3405 3942 μὲν
3445 3875 3544 3944 τῆς
3578 3874 3714 3938 ίδίας

2137 3967 2416 4038 δυνάμεως
2455 3968 2547 4020 τὸν
2585 3966 2769 4037 ἔριφον
2821 3963 3138 4018 ἀπέστειλεν
3165 3966 3198 4034 ἡ
3233 3963 3347 4017 ἄνω
3374 3963 3636 4034 δύναμις,
3683 3967 3715 4020 ὅ

2138 4059 2285 4111 ἐστιν
2314 4058 2516 4128 ἀγαθὸς
2546 4057 2698 4120 Θεὸς,
2746 4057 2779 4126 ἢ
2824 4056 2884 4108 τὸ
2930 4055 3046 4124 φῶς
3067 4097 3082 4120 ,
3117 4055 3193 4117 ὡς
3221 4054 3383 4117 αὐτὸς
3415 4055 3671 4125 ὀνομάζει
3695 4097 3712 4124 ,

2139 4150 2240 4204 κάν
2278 4168 2340 4204 τε
2383 4149 2624 4222 θηρεύσῃ
2665 4148 2755 4201 τὸν
2790 4147 2966 4217 θῆρα,
3011 4145 3151 4209 τέως
3194 4145 3411 4216 πρῶτος
3459 4147 3487 4197 ὁ
3527 4145 3715 4216 ἔριφος

2139 4242 2648 4315 καταϐρωθήσεται,
2696 4240 2791 4293 καὶ
2825 4239 3020 4309 μᾶλλον
3059 4237 3257 4306 ἑαυτὴν
3303 4236 3493 4306 βλάψει
3530 4239 3714 4308 ἠ-ἇνω

2137 4333 2384 4402 δύναμις,
2433 4332 2597 4403 μέρος
2642 4331 2810 4400 αὐτῆς
2849 4328 3225 4384 ὑποὸάλλουσα
3264 4332 3345 4392 εἰς
3399 4329 3595 4400 βρῶμα
3632 4331 3715 4400 τῷ

2139 4422 2285 4494 θηρὶ,
2321 4424 2406 4476 ἵνα
2447 4423 2513 4475 δι’
2540 4417 2600 4477 οῦ
2633 4422 2832 4494 μέρους
2875 4422 3013 4492 αὑτὴ
3057 4421 3397 4494 ζημιουμένη
3447 4421 3574 4494 δόξῃ
3619 4422 3711 4475 τὸν

2137 4527 2280 4600 θῆρα
2319 4526 2612 4600 θηρεῦσαι,
2639 4527 2732 4581 καὶ
2761 4528 2946 4581 οὐκέτι
2973 4527 3074 4580 οὐκ
3113 4525 3388 4597 ἰσχύουσα,
3412 4527 3505 4580 καὶ
3542 4526 3712 4597 ὑπερ-

2135 4621 2292 4690 τάτη,
2321 4619 2415 4673 καὶ
2444 4619 2664 4688 δυνατὴ,
2687 4618 2828 4688 λόγῳ
2856 4618 2889 4690 ἢ
2922 4617 3186 4689 θελήματι
3213 4617 3303 4669 τὸν
3332 4617 3472 4688 θῆρα
3509 4615 3708 4686 χειρώ-

2138 4727 2325 4780 σηται’
2369 4710 2502 4765 άλλὰ
2560 4712 2868 4780 μηχανᾶται
2912 4709 3285 4779 πολυτρόπως,
3340 4708 3435 4761 καὶ
3479 4724 3712 4776 πανουρ-

2135 4801 2373 4870 γεύεται,
2406 4803 2491 4854 ἴνα
2517 4800 2717 4872 δυνηθῇ
2745 4801 2836 4853 τοῦ
2870 4800 3036 4870 θηρὸς
3064 4798 3470 4870 περιγενέσθαι.
3512 4798 3624 4852 Καὶ
3661 4799 3710 4850 εί

2135 4895 2271 4957 ὅλως
2320 4893 2607 4965 θηρευθείη
2661 4895 2689 4945 ὁ
2734 4891 2834 4962 θὴρ
2877 4892 2975 4963 ἤδη
3015 4891 3122 4945 ἀπὸ
3171 4890 3266 4944 τοῦ
3321 4889 3453 4943 ίδίου
3486 4891 3705 4960 μέρους.

2137 4987 2439 5040 ἀπεδάλετο
2470 4985 2561 5037 τὸν
2595 4984 2780 5054 ἔριφον
2813 4983 2902 5036 τὸν
2949 4981 3312 5053 βεϐρωμένον,
3337 4980 3438 5033 κᾶν
3475 4997 3534 5032 τε
3571 4979 3710 5042 ὅλως

2137 5079 2385 5150 δυνηθείη
2433 5076 2715 5148 θηρεῦσαι.
2766 5075 2828 5127 Ei
2874 5075 2982 5144 γὰρ
3023 5074 3122 5144 τὴν
3164 5072 3342 5143 ψυχὴν
3388 5071 3708 5124 ἀπέστειλεν

2137 5170 2426 5240 ἐνταῦθαή
2457 5169 2568 5222 ἄνω
2605 5167 2851 5235 δύναμις,
2904 5165 2991 5216 ἵνα
3029 5164 3116 5218 διὰ
3141 5164 3241 5233 τῆς
3287 5163 3464 5232 ψυχῆς
3498 5161 3710 5232 πεδήσῃ

2137 5262 2235 5324 τάς
2267 5259 2460 5331 ἀρχὰς,
2489 5259 2584 5312 καὶ
2613 5256 2711 5319 τὰς
2736 5253 2981 5319 ἐξουσίας
3015 5253 3320 5326 θηρεύουσα
3339 5292 3355 5319 ,
3382 5253 3484 5306 οὐκ
3519 5250 3699 5323 ἀπέϐη

2139 5366 2167 5418 ὁ
2201 5364 2400 5426 σκοπὸς
2439 5364 2504 5433 τῇ
2549 5361 2690 5414 οὕτω
2736 5359 3154 5432 βουλευσαμένη.
3187 5357 3306 5411 Κάν
3349 5374 3409 5411 τε
3449 5355 3558 5428 γὰρ
3604 5357 3710 5409 άπ-

2140 5456 2346 5509 έστειλε
2386 5453 2484 5525 τὴν
2518 5452 2695 5524 ψυχὴν
2745 5451 3030 5524 θηρεῦσαι,
3077 5450 3422 5521 τεθήρευται,
3467 5449 3501 5520 ἢ
3552 5463 3712 5517 παγι-

2137 5560 2363 5624 δεῦσαι,
2420 5559 2846 5628 πεπαγίδευται,
2898 5555 3129 5611 ἐλθοῦσα
3173 5556 3282 5610 ἀπὸ
3327 5554 3574 5624 καθαρᾶς
3615 5553 3710 5622 φύ-

2143 5677 2308 5725 σεως,
2341 5660 2435 5714 καὶ
2464 5660 2808 5715 ὑποπεσοῦσα
2851 5660 3069 5730 πρῶτον
3101 5660 3200 5729 μὲν
3233 5657 3416 5728 δεσμῷ
3455 5656 3706 5728 σώματος

2141 5764 2237 5834 τῆς
2268 5762 2399 5834 ὕλης
2424 5801 2439 5829 ,
2491 5760 2609 5818 εἶτα
2650 5762 2706 5817 δὲ
2761 5763 2849 5816 καὶ
2891 5760 3014 5815 που
3028 5763 3110 5822 αῖς
3157 5759 3265 5813 τῶν
3294 5759 3707 5830 ἁμαρτημάτων
