4008 6240
320 352 393 405 97
919 351 1286 409 ADVERSUS
1323 351 1667 410 H/ERESES
1704 354 1832 413 LIB.
1874 353 1938 411 ΙΙ.
1983 353 2146 416 ΤΟΜ.
2189 360 2253 415 ll.
2295 392 2359 402 ——
2400 362 2671 421 ΗΑΞΠΕΒ.
2712 367 2897 424 LXVI.
3140 338 3143 339 ν
3489 378 3559 435 98

321 459 595 524 ἀτοπίαις.
624 461 735 515 Καὶ⁵
774 462 1107 532 πανταχόθεν
1150 462 1428 517 διαπίπτει
1475 465 1505 517 ὁ
1549 464 1643 519 τοῦ
1686 464 1889 521 πλάνου

2003 469 2124 524 creti
2155 484 2279 526 cum
2315 475 2539 528 materia
2583 480 2828 548 corporis
2859 481 3083 548 incidit;
3119 491 3236 538 tum
3265 486 3452 544 multis
3477 499 3559 542 est

320 553 501 623 λόγος,
531 553 680 625 καὶὴ
714 552 809 607 τοῦ
836 553 1115 626 ἀλιτηρίου
1143 554 1479 610 διδασκαλία.

392 818 526 871 ME'.
568 817 704 888 Φέρε
740 817 804 888 δὴ
850 818 1049 889 ίδωμεν
1093 817 1189 873 καὶ
1237 818 1366 890 περὶ
1405 818 1505 887 τῆς
1555 818 1760 890 μητρὸς
1794 818 1893 891 τῆς

322 906 489 977 ζωῆς,
537 904 606 979 ἧς
640 909 837 978 φάσκει
878 909 1158 981 δυνάμεως
1193 909 1631 981 προϐεϐλῆσθαι»
1677 911 1770 964 καὶ
1797 912 1895 964 αὑ-

321 1001 422 1069 τὴν
450 1000 505 1052 δὲ
531 1001 629 1069 τὴν
659 1001 870 1073 μητέρα
906 1002 1006 1071 τῆς
1046 1001 1193 1072 ζωῆς
1220 1003 1309 1056 τόν
1335 1020 1394 1054 τε
1437 1002 1651 1072 πρῶτον
1686 1002 1893 1073 ἄνθρω-

324 1108 425 1142 πον
453 1091 519 1144 τὰ
543 1092 705 1144 πέντε
733 1094 994 1163 στοιχεῖα,
1023 1093 1181 1148 ἆτινά
1204 1096 1372 1156 ἐστιν,
1400 1094 1475 1158 ὡς
1499 1097 1703 1157 ἐκεῖνος
1724 1095 1890 1162 λέγει,

323 1180 543 1250 ἄνεμος,
571 1182 706 1249 φῶς,
745 1182 912 1252 ὕδωρ,
938 1182 1050 1255 πῦρ
1100 1184 1195 1237 καὶ
1224 1184 1343 1254 ὑλη.
1372 1184 1554 1238 Ταῦτα
1588 1185 1642 1237 δὲ
1676 1185 1896 1239 ἐνδυσά-

327 1289 488 1340 μενον
536 1272 729 1338 αὑτὸν,
779 1274 854 1336 ὡς
900 1273 1037 1345 πρὸς
1095 1274 1434 1346 κατασκευὴν
1482 1275 1717 1346 πολέμου
1760 1294 1894 1330 κατ-

325 1357 498 1411 ελθεῖν
524 1358 695 1421 κάτω,
732 1360 824 1412 καὶ
855 1360 1156 1432 πολεμῆσαι
1194 1362 1272 1433 τῷ
1306 1365 1508 1417 σκότει.
1546 1366 1608 1417 υἱ
1652 1365 1756 1434 γὰρ
1799 1367 1892 1420 τοῦ

326 1450 551 1512 σκότους
585 1449 864 1522 ἄρχοντες,
895 1452 1256 1524 πολεμοῦντες
1276 1454 1449 1523 αὑτῷ,
1483 1455 1684 1524 ἔφαγον
1710 1458 1773 1509 ὲκ
1796 1460 1895 1528 τῆς

325 1540 630 1604 πανοπλίας
662 1541 848 1607 αὑτοῦ,
886 1543 914 1595 ὃ
949 1544 1095 1596 ἐστιν
1122 1544 1154 1615 ἡ
1180 1545 1344 1614 ψυχή.
1372 1546 1435 1597 Ὢ
1465 1546 1701 1616 ἀγύρτου
1734 1565 1897 1619 μιμο-

324 1632 544 1699 λογίαςί
583 1633 631 1684 ὦ
659 1632 855 1704 χλεύης
882 1635 1268 1691 ἀσυνεικάστου
1299 1638 1392 1690 καὶ
1413 1638 1733 1705 γελοιώδους
1764 1641 1897 1693 ὑπο-

326 1724 560 1788 θέσεωςί
602 1727 645 1777 Τ
649 1726 683 1778 ὰ
716 1726 968 1798 ἐπίχειρα
988 1728 1004 1758 ί
1040 1728 1370 1798 πανταχόθεν
1401 1729 1698 1801 ἀδυναμίαν
1729 1750 1897 1804 προσ-

1998 568 2344 628 peccatorum
2375 563 2737 624 incommodis
2767 571 3047 626 obstricta.
3073 572 3429 639 Quamobrem
3453 578 3560 633 lue-

1998 652 2151 706 retici
2190 654 2335 709 illius
2365 664 2529 726 atque
2561 662 2881 714 exsecrandi
2932 663 3168 719 hominis
3221 675 3326 720 tam
3361 670 3557 733 oratio,

1998 757 2158 811 quam
2188 744 2432 811 doctrina
2465 749 2611 802 omni
2644 765 2707 804 ex
2744 761 2896 819 parte
2927 752 3206 808 refellitur.

2068 830 2225 887 XLV.
2263 834 2377 903 Age
2404 852 2551 890 nunc
2605 850 2829 894 matrem
2877 840 3022 895 illam
3082 843 3205 897 vitae
3254 844 3557 910 videamus,

1999 936 2160 988 quam
2200 924 2268 977 ab
2311 926 2510 982 virtute
2537 930 2855 997 productam
2895 930 3061 1001 658
3100 932 3351 999 afﬁrmat,
3408 952 3558 991 cam-

1999 1010 2229 1083 demqne
2261 1030 2383 1070 cum
2416 1020 2592 1086 primo
2626 1020 2843 1075 homine
2881 1024 3120 1092 quinque
3154 1026 3415 1080 elementa
3443 1044 3560 1097 pro-

2000 1119 2239 1169 creasse,
2276 1122 2397 1176 qua:
2439 1118 2567 1163 sunt
2611 1127 2673 1165 cx
2718 1112 2866 1168 illius
2894 1114 3170 1183 opinione,
3204 1123 3417 1180 ventus,
3446 1119 3557 1180 lux,

2001 1212 2162 1267 aqua,
2216 1200 2358 1269 ignis
2408 1210 2463 1255 et
2495 1203 2742 1257 materia.
2779 1203 2988 1270 Quibus
3026 1207 3246 1261 indutus
3278 1208 3384 1270 ille,
3418 1210 3563 1262 velut

2001 1286 2069 1340 ad
2123 1291 2549 1358 eoniparandum
2612 1292 2807 1345 bellum
2881 1293 2934 1347 in
2977 1292 3235 1348 inferiora
3286 1293 3562 1363 delapsus,

2000 1391 2125 1429 cum
2174 1378 2417 1432 tenebris
2476 1394 2807 1449 congressus
2868 1390 2971 1435 est.
3026 1381 3157 1435 Nam
3216 1385 3563 1437 tenebrarum

2002 1465 2299 1535 principes,
2341 1481 2465 1520 cum
2498 1483 2563 1521 eo
2606 1468 2960 1539 confligentcs
3008 1485 3071 1524 ex
3115 1470 3234 1538 ejus
3264 1479 3560 1533 armatura,

2002 1568 2123 1623 quae
2146 1556 2323 1607 anima
2346 1562 2450 1618 est,
2490 1556 2737 1608 nonnihil
2764 1556 3080 1611 adederunt.
3112 1557 3156 1611 Ο
3184 1559 3434 1614 inimicas
3456 1561 3557 1614 cir-

2003 1644 2267 1697 culatoris
2298 1644 2561 1712 ineptias!
2592 1660 2625 1698 o
2659 1644 2896 1698 fabulam
2925 1646 3038 1700 risu
3061 1648 3208 1700 omni
3238 1661 3301 1702 ac
3328 1647 3564 1703 ludibrio

2002 1734 2251 1805 dignam!
2286 1733 2501 1804 Ubique
2554 1734 2743 1789 divino
2789 1736 3000 1789 numini
3034 1736 3453 1792 imbecillitatem
3484 1737 3565 1790 af-

326 1818 488 1871 άπτει
546 1817 624 1887 τῷ
670 1816 826 1888 Θεῷ,
873 1820 1208 1890 πανταχόθεν
1262 1822 1484 1890 ἄγνοιαν
1538 1823 1774 1894 ὁρίζεται
1825 1825 1901 1896 τῷ

2004 1826 2175 1896 ﬁngit,
2236 1841 2472 1895 eumque
2524 1827 2616 1896 qui
2663 1827 2813 1880 novit
2845 1828 3027 1880 omnia
3066 1843 3277 1882 summa
3325 1830 3564 1899 undique

327 1910 506 1963 πάντα
532 1910 851 1978 γινώσκοντι
874 1909 1009 1982 Θεῷ.
1042 1912 1099 1965 '0
1120 1911 1230 1983 γὰρ
1259 1914 1542 1985 προϐαλὼν
1568 1916 1665 1986 τὴν
1689 1917 1896 1987 μητέρα

324 2004 426 2071 τῆς
471 2000 636 2071 ζωῆς,
692 2001 832 2055 κατὰ
870 2002 960 2056 τὸν
1000 2001 1163 2056 αὑτοῦ
1208 2002 1385 2072 λόγον,
1435 2005 1468 2075 ἢ
1510 2006 1592 2057 ὅτι
1630 2005 1899 2073 ἀγνωσίαν

326 2088 462 2164 εἶχε,
511 2093 634 2146 τίνα
676 2093 746 2147 τὰ
787 2093 895 2147 ἀπὸ
936 2094 1034 2164 τῆς
1070 2094 1271 2165 μητρὸς
1303 2098 1401 2165 τῆς
1435 2095 1580 2166 ζωῆς
1625 2096 1900 2149 ἐπιτελού-

329 2204 489 2255 μενα,
527 2186 561 2257 ἦ
590 2187 671 2240 ὅτι
696 2185 1128 2241 ἀποτελεσθέντα
1156 2186 1304 2257 παρὰ
1327 2186 1425 2257 τὴν
1452 2188 1777 2257 προσδοκίαν
1798 2188 1899 2257 τῆς

325 2275 563 2338 διανοίας
606 2275 675 2330 τὰ
725 2276 1108 2347 συμϐεϐηκότα
1154 2276 1329 2341 άλλως
1364 2278 1657 2350 εὑρεθέντα
1700 2279 1900 2344 δνειδος

328 2367 504 2437 φέρει.
532 2368 791 2435 Ἀγνοιαν
811 2366 919 2439 γὰρ
950 2368 1201 2439 ὀφλήσειε
1231 2368 1261 2420 ό
1282 2368 1446 2439 ἕτερα
1475 2368 1571 2439 μὲν
1598 2369 1900 2441 διανοηθεὶς

327 2458 733 2530 ἀποϐήσεσθαι,
785 2460 854 2531 (ὁ)
896 2458 1060 2530 ἕτερα
1089 2459 1145 2512 δὲ
1174 2458 1348 2532 εὑρὼν
1390 2459 1447 2522 ές
1490 2458 1713 2529 ὓστερον
1745 2458 1899 2529 γενό-

330 2567 490 2618 μενα,
515 2549 577 2603 οὑ
602 2548 742 2604 κατὰ
767 2549 864 2621 τὴν
890 2550 1054 2604 αὑτοῦ
1088 2549 1325 2621 θέλησιν.
1366 2550 1432 2602 Ἥ
1456 2549 1565 2621 γὰρ
1599 2550 1779 2620 μήτηρ
1802 2549 1899 2620 τῆς

329 2641 477 2713 ζωῆς
519 2644 552 2713 ὴ
599 2644 729 2713 παρ’
778 2641 925 2713 αὑτῷ
971 2641 1198 2712 δύναμις
1240 2640 1578 2712 καλουμένη,
1630 2641 1688 2708 ἐξ
1732 2642 1897 2695 αὑτοῦ

330 2732 719 2802 προϐληθεῖσα,
749 2732 825 2795 ὡς
853 2732 1076 2803 αἰσχρόν
1120 2732 1239 2785 ἔστι
1268 2731 1360 2785 καὶ
1385 2731 1443 2784 τὸ
1476 2730 1656 2799 λέγειν
1689 2731 1899 2801 μητέρα

330 2827 505 2897 ζωῆςί
527 2828 600 2880 υὺ
624 2826 733 2899 γάρ
758 2827 1082 2897 ἀποδέχεται
1114 2828 1228 2890 τοῖς
1251 2824 1342 2879 τὸν
1370 2823 1621 2897 σώφρονα
1641 2824 1899 2895 λογισμὸν

330 2917 695 2987 κεκτημένοις
736 2934 787 2970 τι
824 2916 953 2986 θῆλυ
985 2917 1043 2969 ὲν
1074 2919 1140 2989 τῇ
1171 2916 1383 2986 θεότητι
1411 2917 1759 2971 διανοεῖσθαι.
1792 2918 1900 2970 Καὶ

330 3005 469 3077 αῦτη
512 3007 589 3071 δὲ,
633 3006 817 3077 φησὶν,
863 3007 895 3077 ἠ
942 3006 1129 3079 θήλεια
1178 3007 1510 3079 προεϐάλετο
1547 3007 1638 3061 τὸν
1684 3007 1900 3079 πρῶτον

329 3096 614 3167 ὀνθρωπον
635 3113 649 3126 ·
699 3098 794 3150 καὶ
842 3098 979 3161 ὅλως
1017 3099 1208 3160 εἰπεῖν,
1234 3097 1323 3150 τὸν
1363 3098 1577 3168 πρῶτον
1618 3097 1898 3169 ἄνθρωπον

330 3188 429 3259 τὴν
467 3187 628 3257 φύσιν
666 3188 761 3241 καλ¹
790 3188 889 3260 τὴν
916 3189 1127 3259 μητέρα
1153 3189 1251 3259 τῆς
1283 3186 1428 3258 ζωῆς
1451 3188 1514 3241 ἐκ
1543 3186 1650 3241 τῶν
1678 3188 1737 3241 ὲν
1768 3189 1898 3259 ἡμῖν
1926 3173 1967 3231 C

332 3279 671 3348 γιγνομένων
718 3278 1068 3347 φαντάζεται.
1117 3279 1434 3351 Ἀνθρωπος
1490 3278 1599 3349 γὰρ
1644 3278 1902 3351 κέκληται

333 3370 426 3422 ἐπὶ
458 3370 555 3439 τῆς
583 3369 706 3439 γῆς,
731 3370 824 3423 καὶ
857 3371 1037 3440 μήτηρ
1065 3371 1129 3422 ὲκ
1152 3370 1251 3439 τῆς
1275 3368 1380 3438 γῆς
1406 3369 1553 3439 ἡμᾶς
1572 3370 1901 3440 γεννήσασα,

333 3460 367 3531 ἠ
404 3462 467 3514 ἐκ
494 3459 629 3513 Θεοῦ
663 3459 741 3530 τῷ
787 3461 957 3531 ’Λδάμ
983 3461 1333 3532 κεκτισμένη.
1361 3461 1690 3526 Φαντάζεται
1713 3462 1768 3515 δὲ
1797 3462 1905 3516 ἀπὸ

332 3550 440 3611 τῶν
472 3550 616 3603 ἰδίων
651 3550 926 3622 λογισμῶν
970 3551 998 3603 ό
1029 3551 1303 3622 κτηνώδης
1349 3553 1406 3604 έν
1448 3552 1658 3623 οὐρανῷ
1681 3550 1906 3606 τοιαῦτα

335 3639 475 3695 εἶναι
498 3685 511 3706 ,
547 3643 707 3695 ὁποῖα
746 3642 841 3694 καὶ
885 3641 977 3694 ἐπὶ
1015 3642 1113 3711 τῆς
1142 3642 1243 3712 γῆς
1289 3642 1540 3714 ὑπάρχει.
1568 3644 1761 3696 ’Ἃτινα
1806 3643 1906 3696 οὐκ

335 3734 644 3804 ἐπιδέχεται
668 3735 711 3797 ²,
743 3733 818 3796 ὼς
849 3735 876 3786 ὁ
906 3731 1048 3795 θεῖος
1074 3732 1230 3801 λόγος
1257 3734 1430 3804 πάντη
1460 3734 1715 3787 διδάσκει.
1741 3733 1905 3802 Λέγει

334 3826 445 3895 γὰρ
504 3823 746 3894 σώματα
792 3824 1137 3891 ἐπουράνια,
1194 3824 1285 3877 καὶ
1348 3823 1589 3893 σώματα
1641 3824 1901 3893 ἐπίγεια·

334 3916 449 3969 ἀλλ’
486 3916 648 3986 ἑτέρα
684 3915 844 3985 μὲνὴ
886 3914 993 3968 τῶν
1040 3915 1373 3986 ἐπουρανίων
1399 3915 1543 3980 δόξα,
1588 3916 1749 3987 ἑτέρα
1777 3916 1833 3970 δὲ
1871 3918 1904 3986 ἡ

333 4009 443 4061 τῶν
490 4008 748 4075 ἐπιγείων
765 4023 777 4035 ·
815 4008 908 4060 καὶ
936 4005 1107 4069 οὕτως
1130 4006 1262 4069 ὅλως
1290 4006 1357 4059 τά
1385 4006 1638 4076 ὑπεράνω
1666 4007 1775 4060 τῶν
1812 4008 1905 4059 οὑ-

340 4099 514 4173 ρανῶν
538 4098 851 4170 διηγήσατο.
890 4097 1048 4151 Ἀλλὰ
1088 4099 1215 4167 περὶ
1258 4096 1365 4149 τῶν
1408 4098 1744 4168 φαινομένων
1779 4098 1906 4150 τού-

336 4208 444 4243 των
468 4190 576 4243 τῶν
604 4188 767 4258 σῶμα
814 4188 1187 4261 ὑπαρχόντων,
1213 4187 1364 4258 ἡλίου
1396 4187 1559 4255 λέγω,
1592 4187 1624 4258 ἢ
1657 4186 1904 4257 σελήνης,

337 4281 371 4352 ἢ
396 4280 505 4334 τῶν
536 4280 630 4333 ἐπὶ
655 4280 757 4348 γῆς
782 4279 971 4342 ὄντων,
1005 4280 1099 4332 καὶ⁸
1135 4278 1245 4333 τῶν
1274 4279 1540 4349 σωμάτων
1577 4278 1686 4331 τῶν
1710 4278 1905 4345 ἁγίων,

336 4372 413 4435 ὥς
463 4389 529 4440 γε
571 4368 930 4440 διανοούμεθα
970 4370 1214 4423 ταπεινοὶ
1258 4368 1428 4431 ὄντες.
1480 4369 1543 4421 El
1576 4367 1635 4419 δὲ
1673 4368 1764 4420 καὶ
1800 4367 1907 4419 τῶν

338 4463 479 4533 ὑπὲρ
504 4461 732 4533 οὐρανὸν
770 4460 924 4514 ἔσται
956 4459 1130 4528 λόγος,
1159 4458 1247 4512 διὰ
1288 4459 1347 4512 τὸ
1373 4460 1430 4512 ὲν
1465 4456 1612 4529 αὑτῷ
1637 4458 1715 4529 τῷ
1745 4458 1908 4510 ’Λποο

2002 1918 2306 1988 ignorantia
2332 1919 2680 1986 constringit.
2713 1917 2847 1971 Nam
2876 1919 2969 1987 qui
3010 1929 3234 1973 matrem
3268 1920 3416 1986 illam
3438 1924 3562 1975 vitae

2000 2007 2340 2077 produxerit,
2370 2009 2489 2063 sive
2519 2008 2802 2078 ignorabat
2826 2007 2957 2077 quid
2991 2017 3136 2063 esset
3195 2010 3284 2062 illa
3351 2010 3561 2065 factura

2001 2100 2246 2169 sivejam
2290 2099 2430 2153 facta
2480 2100 2698 2155 diversa
2738 2101 2808 2155 ab
2833 2116 2918 2165 co,
2942 2101 3087 2170 quod
3117 2110 3448 2171 speraverat,
3479 2104 3564 2157 in-

2000 2198 2162 2244 venta
2202 2198 2349 2252 sunt,
2386 2189 2668 2244 infamiam
2703 2190 2937 2260 cﬂugere
2965 2206 3069 2245 non
3104 2200 3298 2261 potest.
3333 2193 3564 2249 Necesse

1998 2286 2084 2333 est
2121 2278 2265 2333 enim
2299 2279 2624 2350 ignorantia:
2673 2280 2825 2333 illum
2868 2282 3043 2350 argui,
3086 2282 3177 2350 qui
3234 2297 3359 2337 cum
3416 2285 3563 2340 aliud

2002 2378 2327 2423 eventurum
2359 2370 2855 2440 essecogitaverit,
2887 2372 3034 2426 aliud
3089 2381 3284 2442 praeter
3314 2376 3565 2430 volunta-

1999 2466 2108 2513 tem
2138 2474 2295 2514 suam
2338 2460 2589 2516 evenisse
2630 2467 2819 2530 postea
2874 2463 3175 2531 cognosrit.
3226 2463 3381 2529 Quod
3436 2480 3565 2520 vero

1999 2548 2068 2603 ad
2106 2549 2253 2603 illam
2282 2550 2409 2604 vita:
2437 2558 2666 2605 matrem
2690 2551 2904 2616 attinet,
2946 2566 3108 2619 quam
3161 2553 3323 2607 etiam
3385 2555 3563 2609 virtu-

1998 2649 2106 2695 tem
2137 2640 2402 2709 nominat,
2429 2649 2483 2697 et
2515 2641 2585 2696 ab
2625 2656 2691 2697 eo
2726 2642 2841 2696 vult
2876 2657 3000 2697 esse
3032 2643 3375 2713 productam,
3402 2662 3563 2716 quam

2000 2743 2159 2803 turpe
2192 2740 2277 2788 est
2308 2732 2432 2787 vitae
2458 2732 2608 2786 illam
2659 2741 2888 2787 matrem
2935 2732 3148 2789 dicere!
3189 2732 3356 2789 Nemo
3393 2737 3563 2797 enim,

2000 2825 2095 2893 qui
2130 2837 2266 2878 sano
2292 2822 2502 2892 judicio
2531 2822 2795 2893 praeditus
2829 2823 2922 2887 sit,
2952 2822 3242 2879 admittere
3269 2825 3565 2895 quidquam

2000 2914 2054 2968 in
2080 2915 2265 2969 divina
2300 2922 2494 2968 natura
2531 2914 2823 2970 femineum
2858 2922 3052 2984 p0test.
3072 2914 3141 2967 At
3169 2915 3271 2970 iste
3307 2918 3470 2971 etiam
3496 2916 3566 2970 ab

2000 3006 2103 3059 hac
2123 2992 2578 3075 femina‘primum
2610 3020 2734 3059 esse
2756 3012 3101 3074 procreatum
3135 3005 3410 3059 hominem
3435 3021 3565 3058 nar-

2003 3103 2106 3151 rat.
2132 3095 2217 3161 Et,
2246 3112 2354 3151 uno
2382 3097 2550 3151 verbo
2581 3095 2781 3161 dicam,
2808 3095 3041 3165 primum
3092 3095 3362 3149 hominem
3414 3095 3565 3148 vitaa-

1999 3201 2107 3256 que
2136 3194 2364 3241 matrem
2397 3186 2461 3239 ad
2492 3201 2703 3251 eorum,
2732 3201 2850 3254 qua:
2878 3186 2930 3238 in
2966 3185 3126 3240 nobis
3157 3185 3407 3239 accidere
3441 3200 3563 3239 cer-

2003 3284 2231 3343 nuntur,
2274 3276 2687 3331 similitudinem
2742 3282 3084 3329 commentus
3137 3282 3240 3329 est.
3287 3274 3562 3343 Siquidem

2000 3375 2054 3423 et
2072 3367 2236 3423 homo
2261 3376 2484 3422 vocatur
2513 3368 2566 3423 in
2600 3377 2765 3429 terra,
2807 3375 2860 3421 et
2889 3377 3078 3430 mater,
3108 3379 3227 3434 qum
3250 3380 3350 3420 nos
3375 3373 3567 3420 eterra

2001 3459 2209 3529 genuit,
2247 3474 2476 3528 qumque
2528 3458 2737 3512 Adamo
2784 3456 3049 3511 divinitus
3100 3464 3184 3512 est
3227 3456 3489 3526 producta
3522 3456 3563 3509 ⁸.

2002 3549 2142 3621 Ergo
2169 3550 2355 3603 eadem
2374 3563 2494 3618 qua:
2514 3548 2569 3602 in
2601 3555 2746 3601 terra
2778 3549 2936 3610 ﬁunt,
2966 3546 3130 3600 etiam
3164 3547 3219 3601 in
3251 3548 3392 3600 etnlo
3416 3562 3568 3616 repe-

2001 3640 2095 3695 riri
2126 3654 2226 3695 sua
2257 3639 2513 3693 inductus
2537 3638 2793 3707 opinione
2826 3637 3078 3707 stupidus
3120 3637 3283 3691 homo
3308 3643 3562 3707 nugatur.

2003 3729 2135 3796 Quae
2169 3730 2387 3799 quidem
2428 3730 2497 3783 ab
2527 3728 2676 3784 omni
2722 3727 2934 3782 ratione
2959 3736 3087 3782 sunt
3119 3728 3487 3794 alienissima;
3516 3729 3567 3781 id

2001 3821 2148 3892 quod
2184 3821 2385 3891 ubique
2443 3834 2612 3875 sacra:
2639 3819 2858 3873 Litterae
2886 3833 2987 3873 nos
3037 3818 3254 3873 docent.
3302 3819 3432 3883 Qua:
3465 3835 3567 3872 ca:-

2003 3913 2158 3967 lestia
2209 3929 2458 3982 corpora,
2495 3920 2548 3965 et
2597 3920 2797 3965 terrena
2847 3926 3066 3977 carpora
3115 3909 3431 3964 nominatim
3474 3925 3570 3963 ex-

2004 4005 2250 4074 primunt
2267 4005 2309 4066 ⁸,
2334 4003 2427 4057 sed
2460 4003 2565 4055 alia
2602 4010 2685 4057 est
2720 4002 3025 4055 caelestium
3066 4000 3259 4071 gloria,
3313 3999 3413 4052 alia
3458 4008 3569 4053 ter-

2006 4109 2284 4148 renorum.
2321 4092 2424 4146 Ubi
2456 4106 2565 4146 non
2592 4093 2658 4147 de
2686 4092 2752 4146 iis
2788 4106 2908 4161 qua:
2934 4104 3098 4159 supra
3117 4090 3367 4142 cmlestes
3411 4089 3571 4142 orbes

2004 4191 2150 4245 sunt,
2174 4181 2412 4243 disserit,
2433 4183 2526 4235 sed
2544 4182 2611 4235 de
2626 4180 3048 4250 aspectabilibus
3072 4179 3204 4232 iisce
3221 4179 3566 4247 corporibus,

2006 4275 2139 4337 sole,
2173 4274 2322 4335 luna,
2372 4272 2486 4327 sive
2526 4273 2691 4326 etiam
2721 4272 2787 4326 de
2833 4271 2901 4324 iis
2936 4285 3055 4338 qua}
3110 4270 3163 4321 in
3221 4279 3363 4322 terra
3418 4277 3567 4327 sunt,
3646 4310 3649 4313 .

2007 4371 2432 4431 sanctorumque
2459 4361 2783 4429 corporibus
2815 4378 2829 4414 :
2864 4358 3321 4429 quemadmodum
3361 4373 3458 4427 pro
3490 4367 3571 4413 te-

2010 4454 2217 4507 nuitate
2268 4459 2459 4505 nostra
2511 4450 2983 4521 interpretandum
3030 4450 3322 4504 credimus.
3378 4448 3569 4504 Utrum

338 4555 512 4625 στόλῳ
539 4554 640 4623 τῆς
680 4551 934 4622 γνώσεως
968 4551 1262 4622 βαθύτατον
1300 4548 1563 4621 χώρημα,
1594 4550 1654 4603 οὑ
1688 4548 1902 4611 πάντως

2008 4558 2139 4597 vero
2164 4540 2231 4595 de
2256 4541 2345 4608 iis,
2378 4540 2601 4610 insuper
2625 4556 2747 4610 qua:
2775 4556 2939 4610 supra
2961 4541 3159 4595 cmlum
3186 4541 3429 4594 eminent
3470 4541 3573 4596 hoc

338 4644 656 4717 όριζόμεθα.
716 4642 892 4714 Ὀμῶς
938 4642 1107 4696 πολλὰ
1161 4640 1271 4696 τῶν
1314 4640 1576 4709 ἐπιγείων
1620 4639 1905 4692 λέλεκταιο

340 4739 493 4808 πόσῳ
529 4736 727 4807 μᾶλλον
757 4735 826 4788 τὰ
853 4733 1107 4805 ὑπεράνω
1145 4732 1255 4785 τῶν
1293 4731 1567 4803 οὑρανῶν;
1603 4731 1773 4785 Πόθεν
1815 4730 1905 4785 δύ-

342 4848 498 4885 ναται
519 4832 631 4893 τοῖς
654 4828 914 4896 ἐπιγείοις
938 4824 1350 4890 άπεικάζεσθαι,
1373 4817 1419 4877 ὦ
1447 4817 1636 4888 οὗτος;

412 5090 563 5156 Μςν.
594 5086 697 5139 Τὸν
723 5084 780 5138 δὲ
818 5084 1030 5155 πρῶτον
1056 5080 1335 5152 ἄνθρωπον
1359 5080 1459 5151 (ὃν)
1492 5080 1719 5150 φάσκεις
1749 5081 1909 5134 πάλιν

344 5179 806 5237 κατεσκευακέναι
832 5175 1006 5246 ἑαυτῷ
1036 5171 1336 5234 πανοπλίας
1369 5171 1527 5243 χάριν
1566 5171 1655 5223 τὸν
1688 5170 1908 5241 ἄνεμον,

344 5278 406 5329 τὸ
448 5274 584 5346 φῶς,
620 5274 683 5326 τὸ
720 5271 850 5341 πῦρ,
894 5269 955 5321 τὸ
992 5266 1154 5337 ὕδωρ,
1203 5264 1301 5335 τὴν
1348 5263 1500 5333 ὕλην,
1548 5264 1634 5315 ἵνα
1664 5262 1685 5293 ⁸
1717 5264 1765 5314 εί
1813 5262 1910 5332 μὲν

347 5366 550 5421 ἄνωθέν
589 5366 735 5417 ἐστιν
772 5362 802 5413 ό
857 5358 1071 5429 πρῶτος
1114 5355 1417 5427 ἄνθρωπος,
1463 5353 1557 5407 καί
1598 5346 1700 5405 ὦδε
1751 5347 1911 5423 ἦλθεν

348 5453 524 5526 ἐαυτῷ
553 5450 953 5508 κατασκευάσαι
984 5446 1081 5516 τὴν
1114 5445 1429 5511 πανοπλίαν,
1468 5445 1561 5497 καὶ
1594 5442 1913 5513 προϐάλλειν

2008 4634 2132 4687 loco
2153 4647 2334 4688 sermo
2364 4634 2455 4694 sit,
2481 4640 2703 4702 propter
2732 4633 3053 4686 immensam
3083 4632 3329 4701 Apnstoli
3367 4634 3571 4687 altissi-

2012 4739 2264 4793 mamque
2306 4725 2612 4787 scientiam,
2650 4724 2781 4777 certi
2819 4724 2953 4777 nihil
2984 4725 3303 4778 asserimus.
3332 4723 3571 4779 Terrena

2012 4815 2230 4883 quidem
2287 4816 2549 4884 pleraque
2596 4813 3064 4869 commemoravit.
3130 4813 3347 4877 Quanto
3401 4815 3573 4882 magis

2013 4918 2135 4971 quae
2165 4903 2306 4957 cmlo
2336 4904 2456 4971 ipso
2513 4905 2796 4973 superiora
2836 4902 3000 4957 sunt?
3025 4902 3269 4967 Quanam
3301 4901 3464 4972 659
3498 4919 3574 4955 ra-

2016 4995 2162 5047 tione
2191 5010 2315 5048 cum
2351 4996 2586 5048 terrenis
2611 4994 2916 5063 comparari
2953 4994 3245 5064 poterunt?

2085 5083 2266 5138 XLVI.
2301 5084 2456 5150 Quod
2507 5100 2635 5140 vero
2674 5085 2905 5154 primum
2957 5084 3039 5139 ais
3081 5084 3350 5137 hominem
3399 5095 3575 5134 arma-

2018 5185 2149 5230 turae
2207 5176 2309 5231 sibi
2360 5177 2478 5229 loco
2509 5185 2729 5230 ventum
2756 5217 2770 5241 ,
2802 5177 2973 5231 lucem
2994 5218 3008 5239 ,
3042 5176 3217 5246 ignem
3237 5216 3253 5241 ,
3284 5189 3476 5244 aquam
3514 5188 3576 5228 ac

2017 5269 2301 5323 materiam
2336 5270 2664 5334 fabricasse,
2702 5271 2748 5325 si
2796 5285 2827 5325 e
2864 5272 3003 5326 coelo
3041 5273 3248 5341 primus
3282 5270 3371 5323 ille
3415 5269 3576 5323 homo

2017 5342 2426 5425 derivatus'est,
2473 5368 2635 5428 atque
2666 5359 2772 5413 huc
2820 5358 3179 5429 procudenda
3210 5359 3353 5413 illius
3403 5374 3570 5412 arma-

2019 5453 2156 5500 turae
2220 5448 2391 5517 gratia
2451 5449 2619 5512 venit,
2658 5463 2764 5519 qua
2820 5450 2963 5503 velut
3017 5449 3186 5503 lorica
3237 5451 3466 5519 quadam
3518 5464 3577 5502 at“

422 5626 577 5697 ξνθς
611 5627 701 5697 illa
749 5626 817 5679 τὰ
846 5622 1101 5697 ἐπίχειρα
1156 5636 1263 5697 non
1303 5620 1591 5675 admodum
1623 5619 1900 5676 necessari

2003 5621 2207 5680 :idctur.
2283 5627 2304 5657 ²
2330 5624 2392 5682 F.
2422 5625 2713 5697 ἐνδέχεται.
2792 5628 2811 5658 ³
2843 5625 2949 5681 Pro
3002 5628 3086 5681 ἵνα
3120 5626 3259 5683 forte
3292 5623 3429 5681 ἀλλὰ
3463 5624 3565 5683 lea.

355 5696 379 5729 δ
408 5694 540 5753 Gen.
564 5714 601 5764 t,
631 5696 722 5751 26.
795 5697 817 5727 ⁵
844 5694 862 5747 ι
889 5693 1011 5748 Cor.
1045 5707 1131 5758 xv,
1158 5692 1246 5744 4U.
