4008 6240
430 277 498 330 99
1816 269 1874 323 S.
1916 267 2254 324 EPIPHANH

3565 271 3672 327 1'00

425 389 765 446 munimento
806 405 866 445 se
911 396 1254 460 protegeret;
1301 400 1646 458 consequens
1677 393 1762 441 est
1795 392 1856 438 ut
1885 383 2000 438 haec

2118 382 2284 455 ἑαυτῷ
2317 381 2521 455 ταύτην
2576 385 2656 449 εἰς
2706 385 3051 458 θωρακισμὺν
3080 385 3273 442 ἑαυτοῦ
3314 386 3409 441 καὶ
3453 386 3672 442 ὲνδῡνα-

426 483 685 539 inferiora
729 484 822 536 illo
855 483 1162 553 potentiora
1195 483 1306 538 sint
1335 481 1428 552 qui
1461 496 1492 536 e
1533 479 1674 533 coelo
1702 475 1998 533 descende-

424 578 495 630 rit
543 576 694 644 Aqua
736 575 879 629 enim
914 574 1006 628 illa
1042 575 1158 642 ipsa
1191 581 1276 628 est
1305 587 1427 642 quae
1459 569 1725 633 cernitur,
1761 567 1852 622 lux
1880 579 2000 634 quae

426 667 600 720 oculis
631 673 877 736 apparet,
919 665 1145 719 materia
1175 680 1296 734 quae
1329 662 1588 734 opinione
1626 668 1722 713 tua
1750 673 1998 713 corrum-

428 755 597 822 pitur,
651 761 846 807 ventus
891 752 984 820 qui
1046 752 1272 806 auribus
1312 751 1517 807 nostris
1575 749 1811 806 insonat.
1860 746 2000 815 ignis

429 846 570 899 idem
626 844 716 898 ille
761 843 1032 912 denique,
1091 858 1253 912 quem
1308 843 1375 896 ad
1413 855 1575 896 usum
1617 840 1744 895 vita:
1797 837 2002 907 passim

427 935 770 990 adhibemus.
831 934 1042 1000 Quibus
1075 935 1243 989 rebus
1296 933 1341 989 si
1379 934 1656 1004 principes
1704 935 1999 1001 Oppugnat,

427 1027 561 1082 cedo
631 1040 877 1096 quaenam
930 1027 1020 1079 illa
1087 1025 1213 1080 belli
1293 1027 1439 1082 ratio
1493 1024 2004 1090 administratioque

428 1116 784 1186 proponitur?
812 1115 936 1186 quis
978 1116 1138 1171 istius
1175 1115 1298 1170 belli
1345 1115 1456 1170 dux
1503 1124 1558 1171 et
1592 1124 1790 1170 auctor
1811 1112 2006 1167 classi-

427 1224 551 1262 cum
585 1209 744 1265 nobis
789 1209 1044 1263 concinet
1085 1209 1238 1279 :Age
1300 1221 1720 1278 perrumpamus
1765 1205 2003 1261 hostium

428 1301 759 1372 phalanges,
813 1301 1170 1372 prmliumque
1223 1299 1559 1354 conﬂemus?
1605 1297 1740 1364 Quis
1787 1297 1842 1350 in
1879 1311 2002 1352 eum

430 1392 638 1462 primus
691 1393 986 1462 jaculetur,
1051 1392 1144 1462 qui
1218 1399 1411 1445 contra
1472 1391 1875 1461 principatuum
1943 1403 2008 1442 ac

429 1491 761 1554 potestatum
809 1484 1171 1539 substantiam
1230 1482 1475 1537 furiosus
1523 1481 1792 1536 incurrit?
1843 1479 2007 1534 Estne

429 1584 487 1630 ut
518 1584 713 1631 ventus
758 1574 1055 1644 conﬂigere
1108 1575 1304 1644 possit,
1343 1581 1438 1628 aut
1486 1573 1738 1636 materia,
1775 1587 1896 1642 qua:
1940 1586 2005 1625 ex

2103 473 2252 543 μίαν,
2287 473 2394 544 ἄρα
2439 473 2778 546 δυνατώτερα
2807 476 2875 530 τά
2910 479 2966 530 ἐν
2995 477 3072 548 τῷ
3097 479 3293 550 κόσμῳ
3325 477 3504 548 τούτῳ
3529 479 3672 550 ὑπὲρ

2098 565 2190 618 τὸν
2216 565 2420 619 ἄνωθεν
2449 564 2670 620 ἐλθόντα
2694 567 2802 620 τῶν
2831 568 3183 640 ἐπουρανίων.
3215 569 3399 642 Ὗδωρ
3419 571 3528 642 γάρ
3555 571 3673 624 ἐστι

2098 655 2161 708 τὸ
2187 656 2397 725 ὁρατὸν,
2444 657 2536 710 καὶ
2563 656 2679 725 φῶς
2705 657 2765 710 τὸ
2804 659 3146 729 φαινόμενον,
3177 661 3270 714 καί⁵
3304 660 3404 733 ὕλη
3452 663 3487 733 ὴ
3529 663 3674 716 κατά

2102 745 2162 798 σὲ
2200 745 2550 818 φθειρομένη,
2589 748 2685 801 καὶ
2723 748 2920 819 άνεμος
2956 750 2984 802 ὁ
3029 751 3087 804 ὲν
3113 753 3244 822 ἡμῖν
3291 751 3672 824 ὲνηχούμενος,

2103 838 2282 892 καὶτὸ
2317 838 2427 910 πῦρ
2453 839 2615 892 τοῦτο
2649 832 2694 906 ᾧ
2729 840 3019 904 ἀκωλύτως
3051 843 3100 894 οἰ
3138 843 3336 907 πάντες
3358 844 3675 915 κεχρήμεθα

2103 929 2160 981 ὲν
2187 931 2307 992 ταῖς
2336 929 2568 999 χρείαις.
2603 930 2714 983 Καὶ
2759 931 2808 983 εἰ
2837 931 2924 984 διὰ
2953 931 3209 986 τοιούτων
3254 935 3378 998 τοὺς
3408 936 3678 1006 ἄρχοντας

2104 1021 2351 1091 πολεμεῖ,
2376 1021 2460 1085 τίς
2487 1022 2519 1092 ἡ
2543 1022 2794 1092 ἐνέργεια
2817 1023 2910 1076 τοῦ
2949 1023 3216 1094 πολέμου;
3252 1019 3375 1094 λέγε
3392 1043 3406 1057 ο
3435 1026 3518 1089 τίς
3542 1029 3679 1097 ἡμῖν

2106 1113 2418 1167 σαλπίσειεν
2443 1114 2684 1186 ἀρχηγὸς
2719 1113 2955 1184 πολέμου
2984 1115 3297 1185 γινόμενος⁶
3325 1118 3682 1189 Διατέμωμεν

2103 1205 2204 1269 τὰς
2237 1204 2541 1274 φάλαγγας,
2574 1207 3028 1276 ὲπισυστήσωμεν
3059 1206 3128 1259 τὰ
3176 1207 3324 1278 παρὰ
3355 1209 3372 1239 ί
3396 1209 3490 1262 τοῦ
3525 1209 3684 1262 πολέ-

2111 1314 2247 1368 μου;
2278 1297 2374 1360 Τίς
2401 1297 2552 1367 βάλοι
2584 1297 2796 1367 πρῶτον
2825 1296 2974 1367 βέλος
3001 1297 3140 1351 κατὰ
3178 1299 3268 1351 τοῦ
3296 1299 3550 1370 χαλεπῶς
3579 1320 3684 1373 μα-

2107 1390 2289 1452 νέντος
2327 1388 2470 1442 κατὰ
2498 1389 2598 1459 τῆς
2639 1389 2822 1458 ἀρχῶν
2865 1389 2956 1442 καὶ
2989 1388 3245 1453 ἐξουσιῶν
3290 1392 3683 1458 ὑποστάσεως;

2111 1483 2347 1551 Ἄνεμος
2371 1480 2614 1551 πολεμεῖ,
2645 1474 2691 1533 ὦ
2715 1475 2901 1546 οὖτος;
2933 1481 3068 1535 ἀλλὰ
3098 1482 3195 1552 ὕλη
3223 1484 3257 1555 ἡ
3285 1484 3426 1536 κατὰ
3457 1485 3516 1536 σὲ
3537 1485 3689 1555 φθει-

2113 1573 2316 1646 ρομένη
2340 1589 2354 1638 ;
2388 1571 2524 1626 ἀλλὰ
2559 1573 2620 1626 τὸ
2645 1571 2756 1645 πῦρ
2783 1573 2844 1625 τὸ
2882 1575 2960 1637 εἰς
2986 1575 3180 1646 χρῆσιν
3209 1576 3485 1646 ἡμετέραν
3514 1595 3689 1632 κατα-

431 1675 520 1720 tua
552 1666 824 1721 sententia
867 1665 1285 1733 corrumpitur?
1325 1663 1541 1734 lgnisne
1577 1678 1742 1735 porro
1765 1703 1779 1726 ,
1815 1661 1908 1732 qui
1941 1660 2009 1714 ad

2118 1664 2408 1718 σκευασθὲν
2431 1663 2536 1716 ὑπὸ
2571 1663 2662 1716 τοῦ
2695 1664 2936 1734 Κυρίου;
2975 1665 3110 1718 ἀλλὰ
3135 1665 3196 1718 τὸ
3224 1666 3341 1734 φῶς
3369 1668 3429 1719 τὸ
3477 1669 3690 1739 ὑποχω-

428 1773 590 1814 usum
627 1763 881 1812 nostrum
905 1772 935 1810 a
976 1755 1087 1810 Deo
1111 1765 1333 1812 creatus
1363 1756 1491 1811 est?
1515 1756 1599 1810 An
1633 1756 1723 1809 lux
1753 1756 1864 1821 illa,
1889 1771 2011 1826 quae

2118 1755 2239 1829 ροῦν
2267 1755 2344 1825 τῷ
2387 1755 2567 1808 σκότει
2605 1755 2897 1825 ἀναμέρος,
2920 1757 3316 1828 διαστημάτων
3343 1759 3451 1812 τῶν
3479 1759 3689 1830 χρόνων

428 1864 530 1919 pro
585 1857 892 1918 temporum
946 1846 1243 1917 descriptis
1287 1862 1318 1902 a
1351 1846 1461 1902 Deo
1513 1845 1723 1917 spatiis
1766 1846 2008 1902 vicissim

431 1937 672 1993 tenebris
732 1935 924 1992 cedit?
970 1935 1044 1990 At
1097 1936 1318 2008 opinor,
1373 1951 1514 2007 aqua
1563 1936 1852 2006 pugnabit.
1889 1935 2010 2001 Quo

431 2027 651 2081 tandem
689 2026 884 2096 pacto?
912 2025 1170 2083 Edissere
1195 2067 1211 2092 ,
1245 2028 1438 2092 sodes,
1483 2027 1698 2096 ineptas
1735 2027 1858 2082 illas
1888 2036 2012 2083 tuas

434 2116 664 2172 fabulas.
691 2116 856 2186 Atqui
888 2131 983 2187 per
999 2117 1119 2171 haec
1147 2117 1332 2172 omnia
1363 2127 1472 2170 tam
1510 2117 1651 2172 bona
1673 2131 1837 2186 quam
1871 2117 2009 2170 mala

435 2206 547 2262 ﬁeri
580 2206 848 2264 videmus.
883 2204 979 2261 Sic
1007 2205 1148 2278 ignis
1173 2206 1512 2261 adminiculo
1544 2207 1816 2261 sacriﬁcia
1851 2206 2012 2262 idolis

433 2299 802 2359 instruuntur,
851 2313 1028 2369 neque
1058 2297 1110 2352 id
1140 2297 1301 2354 ellieii
1333 2314 1508 2370 genus
1545 2301 1814 2353 detrectat
1845 2297 2009 2368 ignis,

433 2395 527 2443 aut
559 2397 840 2458 peceatum
881 2389 1156 2460 prohibet.
1189 2388 1333 2456 Quin
1372 2398 1426 2443 et
1454 2405 1650 2460 aquam
1684 2389 2013 2444 maritimam

433 2482 608 2536 libant
637 2483 730 2552 qui
762 2484 1036 2539 dannones
1065 2483 1330 2550 adorant;
1364 2498 1465 2538 nec
1495 2485 1641 2538 ullus
1671 2497 1910 2552 unquam
1944 2481 2014 2536 ad

437 2574 540 2628 Ιλ‹)ε
571 2588 800 2627 summae
833 2573 1155 2642 ignorantiae
1189 2589 1328 2644 opus
1361 2588 1500 2642 aqua
1525 2571 1896 2642 praestandum
1929 2578 2014 2627 est

435 2662 764 2732 prohibitus.
800 2661 976 2728 Quam
1021 2663 1180 2717 multi
1233 2663 1518 2733 praedones
1566 2663 1623 2717 in
1657 2661 1827 2716 maris
1856 2661 2015 2730 aquis

435 2752 728 2807 homicidia
779 2754 1208 2823 perpetrarunt?
1244 2754 1325 2808 Ae
1363 2762 1576 2808 tantum
1608 2753 1764 2808 abest
1820 2762 1880 2807 ut
1919 2766 2016 2808 ne-

434 2842 627 2912 quitiae
654 2844 1028 2913 principibus,
1061 2844 1207 2914 quod
1245 2852 1302 2898 tu
1355 2843 1529 2910 dicis,
1565 2858 1708 2914 aqua
1739 2843 2015 2899 contraria

435 2933 529 2998 sit,
561 2941 619 2987 ut
645 2934 713 2989 iis
747 2935 931 3003 potius
967 2935 1266 3004 cpitnletur
1304 2948 1368 2988 ac
1396 2933 1662 2998 conferat,
1695 2948 1804 2987 non
1840 2933 2014 3004 ipsius

435 3040 591 3094 aquae
617 3026 798 3095 culpa,
831 3026 932 3081 sed
962 3027 1249 3096 ipsiusmet
1275 3025 1531 3092 hominis,
1567 3026 1656 3080 cui
1686 3025 1898 3096 peccati
1927 3025 2014 3082 sui

434 3132 602 3172 causa
632 3119 920 3174 tribuenda
951 3119 1040 3174 sit.
1071 3117 1117 3174 Ο
1151 3133 1322 3189 nugas
1351 3126 1517 3188 atque
1548 3118 1816 3188 ineptiasl

511 3206 650 3272 Quid
682 3208 770 3260 illa
802 3224 933 3262 vero
969 3222 1248 3263 armorum
1280 3217 1559 3265 structura
1605 3209 2018 3262 elementorum-

435 3309 546 3362 que
573 3296 970 3351 munimentum
999 3298 1176 3365 primo
1207 3298 1285 3351 illi
1318 3297 1522 3351 homini
1548 3295 1774 3366 profuit,
1797 3311 1922 3350 cum
1949 3297 2018 3351 ad

438 3384 803 3454 proeliandum
841 3386 1098 3455 delapsus
1129 3403 1158 3440 ει
1199 3388 1443 3442 tenebris
1481 3390 1660 3442 victus
1691 3401 1756 3441 ac
1778 3386 2018 3442 debella-

438 3485 530 3528 tus
582 3474 787 3528 fuerit?
819 3474 933 3530 Tua
983 3477 1128 3530 enini
1162 3478 1274 3532 haec
1307 3478 1480 3532 oratio
1517 3487 1640 3544 est;
1694 3492 2018 3548 oppressum

441 3565 812 3635 alnictumque
851 3567 905 3620 in
940 3567 1008 3622 iis
1039 3568 1394 3623 inferioribus
1423 3568 1697 3623 hominem
1720 3607 1735 3634 ,
1769 3567 1863 3638 qui
1891 3582 2018 3622 eum

442 3656 649 3709 ideirco
683 3664 934 3724 precatus
963 3670 1133 3721 esset,
1175 3659 1468 3714 exaudisse
1501 3658 1740 3722 Patrem,
1776 3668 1830 3714 et
1857 3659 2018 3714 aliam

443 3745 764 3814 productam
799 3763 830 3800 a
869 3763 928 3803 se
959 3749 1179 3804 misisse
1207 3750 1466 3804 virtutem
1491 3790 1504 3814 ,
1543 3751 1710 3821 δα)
1739 3766 1900 3820 quem
1933 3750 2018 3804 vi-

441 3846 658 3892 ventem
703 3839 962 3907 spiritum
1016 3842 1270 3910 appellat.
1305 3840 1459 3895 Tollc
1513 3841 1719 3894 larvam
1769 3851 1952 3905 tuam,
1986 3853 2021 3893 ο

446 3927 740 3984 Menander
770 3931 1014 3986 comice!
1053 3930 1189 3985 Nam
1239 3947 1364 3986 cum
1398 3931 1673 4000 ejusmodi
1705 3937 1865 4001 plane
1902 3931 1981 3985 sis
2004 3971 2018 3995 ,

442 4019 706 4074 latebram
747 4020 844 4075 tibi
889 4021 1246 4077 nihilominus
1291 4025 1521 4092 quaeris,
1571 4038 1633 4076 ac
1663 4038 1814 4075 mera
1865 4021 2021 4075 nobis

443 4112 712 4167 adulteria
752 4121 807 4168 et
832 4113 1130 4169 ebrietates
1181 4131 1392 4169 narras.
1442 4115 1585 4168 Nihil
1617 4117 1760 4168 enim
1795 4115 1936 4183 apud
1971 4123 2023 4170 te

443 4207 807 4271 compositum
861 4219 924 4257 ac
969 4204 1300 4260 modestum.
1351 4203 1431 4257 Tu
1477 4205 1621 4257 enim
1664 4218 1762 4273 pro
1795 4205 2022 4258 veritate

443 4292 756 4348 Graecorum
784 4294 995 4350 fabulas
1017 4295 1285 4350 inducens
1301 4295 1664 4350 sectatoribus
1682 4295 1788 4349 tuis
1815 4293 2019 4347 illudis.

2112 1850 2175 1902 ἐκ
2201 1848 2334 1901 Θεοῦ
2387 1848 2770 1917 τεταγμένων;
2811 1847 2946 1901 ἀλλὰ
2975 1849 3037 1902 τὸ
3085 1849 3260 1921 ὒδωρ;
3293 1851 3428 1921 ποίῳ
3468 1852 3688 1925 τρόπῳ,

2107 1940 2363 2012 διήγησαι
2383 1938 2457 1992 τὰ
2485 1937 2638 2010 παρὰ
2671 1940 2752 1992 σοί
2781 1941 3247 2012 κενοφωνούμενα.
3285 1943 3392 1996 Καὶ
3415 1943 3524 2015 γὰρ
3545 1945 3693 2016 ὁρῶ-

2117 2049 2215 2102 μεν
2257 2032 2344 2086 διά
2384 2031 2588 2085 τούτων
2619 2031 2816 2102 μᾶλλον
2853 2033 2945 2085 καὶ
2973 2033 3154 2101 ἀγαθά
3195 2034 3290 2087 καὶ
3334 2035 3512 2104 φαῦλα
3545 2036 3690 2104 γινό-

2117 2140 2273 2193 μενα.
2320 2123 2407 2175 Ἐν
2436 2122 2514 2194 τῷ
2541 2122 2649 2192 γὰρ
2678 2123 2812 2194 πυρί
2842 2123 3021 2178 θυσίαι
3043 2124 3280 2193 γίνονται
3304 2125 3560 2190 εἰδώλοις,
3597 2127 3691 2180 καὶ

2113 2217 2172 2269 οὐ
2206 2218 2550 2287 παραιτεῖται
2589 2215 2652 2269 τὸ
2686 2215 2816 2286 πῦρ,
2855 2217 2977 2269 οὐδὲ
3021 2215 3218 2270 κωλύει
3251 2219 3347 2289 τὴν
3391 2219 3686 2291 ἁμαρτίαν.

2115 2307 2206 2378 Τῷ
2237 2306 2392 2360 ὕδατι
2419 2309 2516 2379 τῆς
2537 2307 2814 2378 θαλάσσης
2841 2309 3154 2364 σπένδουσιν
3181 2313 3232 2364 οί
3260 2313 3371 2376 τοῖς
3395 2311 3691 2383 δαιμονίοις

2113 2400 2563 2471 προσκυνοῦντες,
2614 2401 2707 2454 καὶ
2745 2403 2806 2454 ού
2855 2403 3158 2457 κεκώλυται
3199 2421 3329 2458 ποτε
3370 2406 3428 2458 ἐν
3467 2405 3620 2458 ὕδατι
3663 2407 3692 2459 ό

2116 2489 2454 2561 πειρώμενος
2495 2492 2718 2560 ἄγνοιαν
2767 2493 3093 2547 ἐπιτελέσαι.
3131 2495 3292 2549 Πόσοι
3335 2496 3390 2548 δὲ
3434 2497 3692 2567 πειραταὶ

2117 2583 2309 2650 φόνους
2349 2582 2676 2652 εἰργάσαντο
2717 2584 2776 2638 ἐν
2817 2584 2973 2638 ’ύδασι
3016 2585 3320 2657 θαλάσσης;
3354 2590 3446 2641 καὶ
3491 2588 3694 2658 μᾶλλον

2116 2673 2215 2726 οὐκ
2247 2673 2485 2726 ἐναντίον
2512 2673 2571 2726 τὺ
2601 2674 2742 2746 ὕδωρ
2769 2677 2880 2738 τοῖς
2919 2675 3143 2747 ἄρχουσι
3175 2676 3273 2747 τῆς
3306 2679 3584 2749 πονηρίας,
3616 2679 3694 2742 ὡς

2119 2765 2184 2818 σὺ
2210 2763 2407 2832 λέγεις,
2445 2763 2580 2816 ἀλλὰ
2619 2767 3005 2837 συνεργητικὸν
3051 2767 3248 2836 μᾶλλον
3281 2768 3344 2820 τὸ
3378 2767 3540 2840 ὕδωρ,
3598 2768 3694 2821 οὐκ

2117 2856 2268 2920 ὄντος
2292 2855 2463 2910 αἰτίου
2497 2855 2596 2908 τοῦ
2625 2855 2837 2921 ὓδατος,
2867 2857 3003 2911 ἀλλὰ
3027 2859 3198 2911 αἰτίου
3229 2861 3458 2915 ἑκάστου
3481 2859 3693 2931 ἀνθρώ-

2119 2966 2220 3002 που
2252 2950 2352 3020 τῆς
2394 2948 2590 3001 ἑαυτοῦ
2633 2949 2927 3020 ἁμαρτίας.
2968 2951 3078 3003 Καὶ
3121 2949 3166 3004 ὢ
3203 2951 3304 3022 τῆς
3354 2951 3553 3024 πολλῆς
3597 2969 3693 3006 σου

2041 3060 2086 3121 C
2119 3039 2384 3111 φλυαρίας
2410 3039 2423 3093 l

2188 3217 2256 3270 Τί
2289 3217 2347 3270 δὲ
2401 3216 2683 3288 ὠφέλησεν
2725 3220 2759 3289 ὴ
2813 3219 3124 3292 κατασκευὴ
3165 3219 3271 3273 τῶν
3306 3219 3504 3284 ὃπλων,
3545 3221 3641 3274 καὶ
3666 3224 3697 3276 ό

2115 3311 2472 3381 θωρακισμὸς
2500 3311 2608 3364 τῶν
2640 3312 2937 3383 στοιχείων,
2976 3314 3067 3367 τὸν
3098 3313 3311 3384 πρῶτον
3353 3314 3489 3366 κατὰ
3525 3313 3583 3367 σὲ
3606 3314 3698 3369 άν-

2121 3401 2338 3472 θρωπον
2368 3401 2459 3454 τὸν
2490 3402 2816 3456 κατελθόντα
2845 3403 3165 3475 πολεμῆσαι,
3197 3404 3290 3458 καὶ
3321 3405 3423 3458 ὑπὸ
3448 3405 3540 3457 τοῦ
3569 3407 3697 3457 σκό-

2117 3507 2246 3554 τους
2283 3493 2764 3562 καταπονηθέντα;
2807 3493 3042 3557 Φάσκεις
3078 3494 3206 3564 γὰρ,
3237 3496 3316 3548 ὃτι
3362 3493 3546 3564 ὲθλίὅη
3585 3496 3701 3548 ἐκεῖ

2121 3583 2269 3636 κάτω
2298 3585 2326 3635 ό
2363 3582 2665 3654 ἄνθρωπος.
2707 3583 3020 3656 Εύξαμένου
3069 3586 3130 3639 δὲ
3168 3585 3329 3640 αὑτοῦ
3399 3587 3628 3656 ἤκουσεν
3672 3589 3701 3639 ό

2122 3675 2328 3745 Πατὴρ,
2353 3673 2426 3736 ὡς
2454 3672 2607 3743 ἔφης,
2634 3675 2726 3726 καί
2751 3675 3066 3729 ἀπέστειλεν
3091 3678 3283 3748 ἑτέραν
3314 3677 3542 3748 δύναμιν
3566 3695 3702 3749 προ-

2121 3760 2409 3831 ϐληθεῖσαν
2438 3761 2528 3814 ὑπ’
2554 3761 2742 3826 αὐτοῦ,
2776 3762 3073 3836 λεγομένην
3110 3766 3324 3836 πνεῦμα
3353 3767 3480 3829 ζῶν.
3525 3768 3702 3821 Ἔπα-

2125 3853 2215 3923 ρόν
2246 3870 2338 3905 σου
2385 3853 2446 3906 τὸ
2495 3857 2875 3925 προσωπεῖον,
2916 3850 2960 3909 ὦ
3001 3859 3350 3928 κωμῳδοποιὲ
3394 3859 3696 3929 Μένανδρε.

2133 3945 2369 4009 Ἐκεῖνος
2398 3947 2506 4018 γάρ
2543 3947 2638 4014 ῶν,
2687 3951 2912 4005 σεαυτὸν
2953 3951 3264 4017 σκεπάζεις,
3313 3952 3514 4022 μοιχῶν
3561 3953 3702 4021 ἔργα

2120 4037 2472 4108 διηγούμενος
2500 4040 2593 4093 καὶ
2619 4041 2810 4111 μέθης.
2833 4041 3003 4094 Οὐδὲν
3036 4041 3143 4112 γάρ
3167 4043 3224 4095 ὲν
3259 4041 3340 4094 σοὶ
3367 4040 3699 4111 καθέστηκε.

2122 4126 2243 4178 Τῶν
2275 4128 2381 4197 γάρ
2427 4128 2692 4200 Ἐλλήνων
2727 4129 2796 4182 τὰ
2829 4130 3110 4200 ποιήματα
3141 4130 3262 4184 (Ξιντδ⁹
3299 4130 3398 4200 τῆς
3442 4129 3702 4199 ἀληθείας

2123 4215 2525 4286 παρεισφέρων,
2571 4215 2777 4287 πλανᾷς
2827 4217 2952 4280 τοὺς
3001 4217 3104 4270 ὑπὸ
3154 4217 3247 4270 σοῦ
3294 4217 3697 4288 ἠπατημένους.

2123 4303 2276 4373 Τάχα
2304 4305 2413 4375 γὰρ
2460 4305 2599 4375 ὑπὲρ
2635 4304 2694 4356 σὲ
2740 4305 2979 4369 Ἠσίοδος
3003 4306 3288 4377 ἐφρόνησε,
3339 4306 3404 4359 τὰ
3443 4306 3701 4377 περὶτῆς

446 4384 623 4438 tiredo
665 4385 915 4453 equidem
966 4387 1354 4457 sapientiorem
1402 4396 1454 4441 te
1487 4385 1781 4441 Hesiodum
1816 4386 2013 4449 fuisse,

2125 4393 2400 4463 θεογονίας
2432 4395 2805 4466 ποιητεύματα
2827 4397 3252 4468 διηγησάμενος’
3274 4397 3412 4467 τάχα
3446 4398 3695 4467 Ὀρφεὺς.

445 4477 574 4528 dum
607 4476 728 4532 illas
755 4476 810 4530 in
845 4476 1158 4548 Tbeogonia
1221 4479 1437 4533 fabulas
1471 4477 1724 4532 edisserit
1759 4496 1771 4531 :
1811 4493 2022 4532 necnon

445 4575 501 4618 et
531 4564 829 4634 Orpheum,
862 4575 1025 4636 alque
1052 4567 1386 4638 Euripidem.
1418 4567 1552 4622 Nam
1583 4569 1694 4631 isti,
1725 4577 2020 4638 quantum-

449 4657 531 4710 vis
559 4656 795 4711 ridicula
840 4668 1095 4722 narrent,
1127 4661 1477 4728 perspicuum
1514 4665 1598 4712 est
1623 4697 1638 4722 ,
1675 4659 1822 4725 quod
1855 4666 2024 4728 poene

445 4755 654 4809 essent,
714 4747 849 4802 talsa
905 4747 974 4803 de
1025 4749 1298 4802 industria
1353 4747 1707 4802 conﬁnxisse.
1764 4747 1846 4803 Tu
1895 4765 2024 4804 vero

450 4839 864 4894 luculentiorem
907 4847 969 4893 ut
1023 4855 1264 4895 errorem
1317 4839 1505 4905 facias,
1540 4837 1675 4894 falsa
1729 4854 1829 4910 pro
1880 4841 2024 4896 veris

449 4928 717 4985 obtrudis.

517 5021 726 5078 XLVII.
768 5021 939 5092 Igitur
953 5021 1137 5076 vivum
1163 5021 1310 5074 illum
1335 5020 1587 5091 spiritum
1619 5035 1810 5077 narras
1831 5037 1861 5076 e
1883 5024 2024 5078 c0310

445 5115 731 5182 delapsum
772 5113 952 5183 primo
996 5112 1200 5168 homini
1237 5113 1548 5181 porrexisse
1585 5111 1892 5176 dexteram,
1937 5122 2022 5166 at-

449 5221 555 5274 que
586 5222 615 5259 e
645 5189 886 5260 tenebris
913 5204 1171 5258 eduxisse
1192 5245 1205 5268 ,
1233 5219 1355 5258 eum
1385 5243 1398 5266 ,
1432 5203 1678 5272 inquam,
1707 5203 1978 5258 hominem
2005 5244 2020 5269 ,

446 5297 539 5366 qui
573 5297 626 5350 in
657 5295 901 5352 inferiori
928 5295 1031 5351 hoc
1056 5296 1188 5351 orbe
1217 5296 1646 5365 periclitabatur.
1683 5294 1933 5359 Quicum
1962 5305 2021 5348 ut

447 5388 788 5455 absumptam
844 5381 1101 5442 liberaret
1161 5385 1397 5438 animam
1455 5382 1863 5446 descendisset,
1919 5399 2019 5438 nec

448 5477 659 5546 eripere
691 5477 975 5546 potuisset,
1002 5478 1152 5532 illum
1192 5478 1390 5546 ipsum,
1427 5476 1671 5543 inquam,
1703 5475 1794 5542 qui
1825 5475 1892 5528 ad
1930 5492 2017 5530 sa-

523 5633 540 5664 ¹
567 5628 766 5694 Regius
793 5631 858 5686 τὰ
894 5633 1084 5699 πτερά.
1161 5634 1180 5663 ²
1209 5631 1333 5686 Cor.
1373 5631 1770 5700 ἀνενηνοχέναι.

2122 4483 2262 4554 τάχα
2288 4485 2604 4556 Εὐριπίδης.
2641 4487 2871 4540 Ἐκεῖνοι
2900 4485 3030 4557 γὰρ,
3077 4486 3181 4541 κᾶν
3219 4488 3598 4556 καταγέλαστα
3629 4487 3700 4540 δι-

2123 4577 2416 4644 ηγήσαντο,
2438 4575 2585 4647 δῆλοί
2607 4577 2763 4642 εἰσιν,
2793 4577 2873 4631 ὅτι
2897 4579 3114 4650 ποιηταὶ
3147 4578 3480 4650 ὑπάρχοντες
3511 4579 3698 4648 ἐποιη-

2125 4665 2382 4720 τεύσαντο
2407 4667 2476 4722 τὰ
2499 4669 2598 4721 οὐκ
2625 4668 2786 4724 ὅντα.
2815 4669 2888 4721 Σὺ
2919 4669 2973 4722 δὲ
3005 4669 3081 4734 ὡς
3123 4669 3251 4723 ὄντα
3282 4670 3463 4742 διηγῇ,
3492 4671 3580 4723 ἵνα
3600 4670 3698 4742 τὴν

2126 4756 2333 4828 πλάνην
2363 4759 2754 4830 περισσοτέραν
2775 4759 3006 4832 ἐργάσῃ.

2194 5020 2322 5073 MZ'.
2356 5018 2526 5073 Τοῦτο
2564 5021 2794 5088 φάσκεις
2829 5021 2890 5073 τὸ
2934 5020 3152 5092 πνεῦμα
3199 5022 3260 5074 τὸ
3290 5021 3398 5086 ζῶν
3442 5021 3698 5076 κατελθὸν

2127 5112 2275 5164 κάτω
2325 5112 2614 5166 δεδωκέναι
2663 5113 2863 5178 δεξιάν,
2909 5114 3002 5166 καὶ
3055 5114 3412 5184 ἀνενοχέναι¹
3440 5113 3548 5168 ἀπὸ
3599 5113 3696 5167 τοῦ

2128 5203 2350 5265 σκότους
2387 5203 2478 5255 τὸν
2513 5203 2725 5272 πρῶτον
2769 5203 3058 5274 λεγόμενον
3088 5207 3238 5277 παρὰ
3281 5205 3362 5258 σοὶ
3391 5204 3694 5276 ἄνθρωπον,

2126 5295 2215 5346 τὸν
2245 5295 2392 5347 κάτω
2414 5295 2472 5346 ἐν
2497 5297 2609 5357 τοῖς
2633 5296 2968 5366 κατωτέροις
2995 5296 3436 5360 κινδυνεύσαντα,
3450 5296 3541 5349 τὸν
3562 5311 3699 5350 κατ-

2127 5384 2349 5440 ελθόντα
2401 5385 2574 5438 σῶσαι
2609 5386 2707 5458 τὴν
2733 5386 3084 5460 βεϐρωμένην
3103 5388 3299 5460 ψυχὴν,
3327 5389 3420 5442 καὶ
3447 5388 3521 5460 μὴ
3541 5388 3700 5459 δυνη-

2125 5477 2282 5531 θέντα
2314 5479 2502 5548 σῶσαι,
2537 5479 2673 5534 ἀλλὰ
2723 5481 2882 5536 αὐτὸν
2923 5481 3383 5537 κεκινδυνευκὲναι
3408 5481 3488 5546 εἰς
3522 5497 3699 5554 σωτηο
