4008 6240
332 335 427 389 101

933 330 1299 388 ADVERSUS
1338 333 1682 390 lI.‘EIIESES
1719 332 1847 389 LIB.
1890 334 1955 389 II.
1999 333 2162 391 TOM.
2206 336 2269 393 II.
2312 370 2378 381 —
2420 340 2689 399 ΠΑΞΩΕΞ.
2722 342 2908 398 LXVI.

3480 347 3585 403 102

334 450 455 519 ρίαν
473 446 881 519 ἀπεσταλμένος
900 450 916 479 ¹
936 450 1301 515 ἐκινδύνευσε,
1323 452 1417 504 καλ⁵
1432 453 1698 524 ἐπεδεήοη
1722 453 1874 525 ἐτέρο

1975 459 2179 523 ,Ιυιθηι
2223 459 2450 515 alterius
2489 461 2694 517 missus
2727 462 2931 527 fuerat,
2964 479 3017 517 in
3066 462 3361 519 discrimen
3412 465 3584 519 addu-

325 540 491 593 πάλιν
512 539 923 610 ἀπεσταλμένον
945 540 1081 610 πρὸς
1103 542 1200 611 τὴν
1216 542 1408 596 τούτου
1432 544 1722 615 σωτηρίαν.
1747 547 1874 600 Πόσι

2009 558 2177 617 ctum,
2206 560 2370 622 atque
2396 554 2622 611 alterius
2647 572 2768 625 ope,
2789 558 2880 627 qui
2906 557 3130 627 perinde
3151 557 3217 611 ad
3243 558 3578 613 liberandum

324 648 389 698 γε
426 630 624 700 μᾶλλον
657 632 691 702 ἡ
719 630 865 701 ψυχὴ
911 632 1270 685 κινδυνεύσειε
1301 633 1368 686 δι’
1397 635 1464 705 ἢν
1498 638 1526 689 ὁ
1558 637 1904 707 ἀπεσταλμέ-

2006 641 2339 709 mitteretur,
2394 662 2534 715 opus
2583 646 2860 703 habuisse.
2914 648 3136 714 Quanto
3190 650 3357 720 igitur
3407 652 3580 720 magis

321 736 410 784 νας
448 720 665 791 πρῶτος
686 720 969 791 ἄνθρωπος
988 721 1159 775 ἐλθὼν
1188 723 1592 788 ὲκινδύνευσεν;
1638 725 1795 780 Ἀλλά
1811 744 1874 780 κα

2004 728 2302 793 periclitari
2340 746 2440 800 par
2482 742 2600 787 erat
2652 735 2922 799 animam,
2954 737 3112 805 cujus
3141 738 3312 807 gratia
3369 738 3577 807 primus

318 810 572 881 δεύτερον
611 811 1023 882 ἀπεσταλμένον
1066 814 1144 875 εἰς
1175 813 1235 864 τὸ
1270 812 1458 873 σῶσαι,
1499 815 1635 884 ὅπερ
1678 816 1871 884 φάσκει

2004 816 2167 873 homo
2222 822 2426 877 missus
2482 825 2782 893 periculum
2838 825 3221 883 adicrit?Sed
3276 832 3574 884 secundum

320 900 461 956 εἶναι
502 904 665 965 αὐτὸς
706 902 926 973 πνεῦμα
961 901 1090 968 ζῶν,
1145 904 1284 957 κατὰ
1327 906 1648 976 μετάμελον.
1694 908 1834 978 Ἀρα
1873 936 1874 949 ι

2003 910 2291 977 quemdam
2327 914 2674 969 liberatorem
2697 918 2845 970 velut
2871 917 2922 970 in
2956 918 3260 974 subsidium
3285 922 3573 990 allegatum

319 996 512 1065 Πατὴρ
537 994 822 1048 ἀπέστειλε
849 994 940 1047 τὸν
973 994 1052 1047 ἔτι
1097 996 1461 1067 ἰσχυρότερον,
1498 998 1586 1051 ἵνα
1617 996 1711 1050 τοῦ
1748 998 1898 1069 πρὼ-

314 1101 410 1136 του
442 1083 733 1155 ἀνθρώπου
761 1083 945 1155 σωτὴρ
973 1084 1222 1155 γένηται.
1255 1086 1327 1138 Ἦ
1356 1088 1538 1155 ἠγνόει
1566 1088 1665 1157 μὲν
1693 1088 1900 1142 ἐκεῖνον

316 1174 679 1228 ἀδυνατοῦντα
700 1175 793 1228 τὸν
817 1176 1050 1247 πρῶτον,
1068 1176 1163 1229 καὶ
1186 1176 1604 1248 ὑπολαμϐάνων,
1629 1178 1710 1231 ὅτι
1736 1177 1897 1232 σώσει

315 1265 758 1331 κινδυνεύσαντος
791 1267 978 1329 αὐτοῦ,
1013 1267 1239 1338 ὕστερον
1264 1269 1355 1321 διὰ
1384 1269 1483 1339 τῆς
1509 1270 1703 1340 πείρας
1731 1273 1899 1340 ἐγνω-

316 1357 429 1421 κὼς
470 1357 833 1429 προϐάλλεται
886 1359 979 1412 καὶ
1024 1359 1380 1425 ἀποστέλλεις
1433 1360 1543 1414 Καὶ
1597 1362 1765 1432 πολλή
1812 1362 1897 1425 τίς

314 1450 466 1500 ἐστιν
490 1450 522 1518 ἡ
550 1448 771 1512 ἀτοπία,
804 1442 848 1502 ὦ
872 1450 1163 1519 Μανιχαίε,
1194 1451 1286 1503 καὶ
1323 1450 1624 1505 ἀσύστατον
1646 1451 1707 1505 τὸ
1745 1454 1894 1524 παρά

313 1537 410 1591 σοῦ
452 1539 802 1610 ληρολόγημα
841 1540 941 1610 τῆς
974 1542 1153 1612 πάσης
1196 1542 1562 1605 διδασκαλίας.
1602 1543 1807 1596 eam:
1837 1544 1893 1597 δὲ

310 1631 495 1695 πάλιν,
537 1633 619 1685 ὅτι
666 1632 924 1686 κατελθὸν
960 1632 1023 1685 τὸ
1056 1632 1283 1703 Πνεῦμα
1329 1633 1495 1687 ἔδωκε
1546 1633 1747 1698 δεξιάν,
1796 1636 1893 1689 καὶ

307 1720 577 1789 ἀνήνεγκε
606 1719 697 1773 τὸν
737 1720 953 1790 πρῶτον
991 1720 1407 1774 κινδυνεύσαντα
1446 1721 1752 1793 ἄνθρωπον.
1792 1724 1890 1777 Διὰ

2000 1017 2122 1056 esse
2152 1004 2340 1069 doces,
2374 1007 2524 1061 velut
2551 1007 2761 1062 Patrem
2793 1010 2995 1078 prioris
3026 1012 3570 1082 consiliipteniteret;

1999 1101 2054 1147 et
2087 1094 2237 1147 illum
2270 1100 2450 1150 vivum
2487 1098 2741 1167 spiritum
2778 1102 3038 1170 appellas.
3075 1099 3378 1157 Fortiorem
3410 1104 3570 1174 igitur

1999 1198 2029 1237 ο
2060 1187 2221 1241 Patre
2250 1189 2559 1257 quempiam
2590 1190 2817 1245 missum
2852 1199 3086 1260 oportet,
3116 1193 3278 1262 primi
3308 1201 3366 1247 ut
3394 1193 3564 1247 homi-

1997 1276 2083 1329 nis
2133 1277 2329 1331 vindex
2389 1294 2509 1333 esse
2560 1291 2762 1349 posset.
2823 1281 2906 1335 An
2954 1298 3083 1338 vero
3144 1284 3382 1354 primum
3419 1285 3570 1339 illum

1997 1364 2329 1420 imbecillum
2367 1368 2480 1423 fore
2504 1371 2828 1426 nesciebat?
2849 1382 2905 1427 et
2931 1388 3093 1443 quem
3121 1376 3448 1444 periclitanti
3478 1392 3568 1429 sa-

1994 1457 2093 1511 luti
2135 1458 2252 1514 fore
2278 1462 2570 1529 sperabat.
2612 1470 2967 1533 posteaquam
2998 1465 3332 1533 experientia
3367 1479 3572 1535 οοειιο-

1994 1547 2091 1610 vit,
2124 1550 2288 1603 alium
2323 1551 2475 1604 illum
2532 1554 2787 1621 produxit
2811 1561 2865 1609 et
2908 1555 3126 1609 emisit?
3158 1555 3566 1610 Absurdissima

1992 1645 2144 1701 sunt,
2170 1654 2203 1693 o
2244 1639 2560 1706 Manichaee,
2586 1658 2706 1713 quae
2734 1644 2891 1709 dicis,
2934 1659 2997 1699 ac
3025 1652 3178 1698 tuum
3204 1644 3339 1699 illud
3368 1647 3563 1716 dogma

1992 1730 2213 1783 minime
2254 1732 2532 1788 cohzerens
2584 1742 2668 1790 est
2716 1745 3093 1805 nugarumque
3161 1736 3560 1806 plenissimum.

307 1808 469 1862 τοῦτο
501 1810 802 1880 μυστήριον
828 1812 941 1874 τοῖς
971 1809 1164 1864 ἑαυτοῦ
1210 1811 1478 1881 μαθηταῖς
1508 1813 1874 1883 παραδέδωκει

1990 1815 2125 1872 Illud
2156 1836 2282 1874 vero
2310 1821 2531 1892 insuper
2562 1823 2813 1886 affirmat.
2846 1826 3126 1897 delapsum
3153 1828 3207 1881 in
3238 1835 3414 1882 terras
3447 1830 3564 1896 spi-

306 1899 389 1961 εἰς
412 1898 479 1951 τὸ
512 1899 804 1952 ἐπιδιδόναι
834 1899 1033 1966 δεξιὰν,
1064 1901 1193 1954 ὅταν
1233 1900 1481 1973 ἀλλήλοις
1515 1904 1888 1975 συναντήσωσι

307 1990 536 2061 σημείου
574 1991 756 2061 χάριν,
795 1991 871 2055 ὡς
903 1991 1010 2044 ἀπὸ
1055 1991 1281 2055 σκότους
1328 1992 1614 2057 σωθέντες.
1655 1994 1742 2048 Ἐν
1776 1994 1886 2065 γάρ

303 2080 384 2151 τῷ
404 2080 586 2133 σκότει
610 2081 788 2135 πάντα
808 2081 1007 2149 φάσκει
1030 2075 1190 2146 εἶναι,
1218 2081 1360 2153 πλὴν
1382 2082 1546 2137 αὐτοῦ
1571 2082 1754 2154 μόνου.
1775 2084 1887 2137 Καὶ

302 2170 413 2241 γὰρ
444 2171 493 2223 oi
514 2170 708 2239 τυφλοὶ
736 2170 933 2241 χλεύης
966 2169 1132 2225 ἕνεκα
1164 2171 1546 2243 μᾶλλονσπαρά
1574 2172 1684 2226 τῶν
1708 2170 1883 2243 ὁρών-

299 2278 411 2315 των
436 2261 496 2315 τὸ
518 2263 840 2334 κακόφημον
862 2263 1224 2330 ἐκκλίνοντες,
1248 2264 1381 2318 πολὺ
1411 2264 1699 2336 βλέποντες
1726 2262 1883 2320 ἀκού-

301 2367 474 2409 ουσιν.

1988 1906 2154 1961 ritum
2195 1909 2444 1963 dextram
2489 1911 2743 1978 dedisse,
2782 1927 2846 1967 ac
2898 1914 3132 1983 primum
3176 1913 3460 1967 hominem
3492 1914 3563 1967 de

1986 1998 2161 2053 salute
2202 2002 2605 2069 periclitantem
2650 2005 2925 2060 extulisse
2982 2020 3221 2061 sursum.
3264 2004 3444 2070 Quam
3491 2005 3561 2058 ob

1984 2101 2210 2144 causam
2252 2094 2573 2162 mysterium
2605 2094 2880 2164 quoddam
2912 2096 3198 2166 discipulis
3228 2098 3345 2152 suis
3386 2097 3559 2150 tradi.

1982 2177 2084 2241 dit,
2112 2188 2171 2233 ut
2200 2194 2324 2235 cum
2348 2183 2577 2239 invicem
2601 2192 2900 2239 occurrunt
2919 2186 3201 2241 dexteram
3229 2184 3514 2241 conferant
3539 2202 3554 2239 :

1985 2281 2096 2336 quo
2129 2268 2285 2340 signo
2306 2285 2341 2326 e
2384 2273 2627 2329 tenebris
2658 2273 2966 2330 vindicatos
2994 2291 3061 2331 se
3100 2290 3223 2331 esse
3254 2274 3552 2331 declarent.

1984 2357 2120 2413 Nam
2172 2363 2355 2416 omnia
2406 2372 2602 2434 praeter
2629 2380 2689 2421 se
2742 2381 2909 2421 unum
2960 2367 3170 2423 versari
3223 2367 3278 2421 in
3314 2365 3555 2422 tenebris

301 2448 551 2503 afﬁrmat.
578 2451 788 2522 Quippe
824 2460 878 2506 et
923 2452 1052 2506 οξεςὶ
1102 2452 1202 2522 ipsi
1252 2452 1419 2506 ferme
1453 2466 1484 2505 a
1528 2450 1862 2515 videntibus,
1906 2453 2034 2509 mali
2095 2457 2297 2513 ominis
2328 2458 2535 2514 vitandi
2566 2461 2765 2531 gratia,
2796 2461 3025 2517 multum
3058 2462 3306 2517 videntes
3374 2462 3556 2530 appel-

301 2537 403 2591 lari
443 2540 643 2592 solent.

370 2628 506 2682 MII'.
544 2626 682 2683 Εἶτα
702 2630 902 2699 φάσκει
932 2631 1114 2695 πάλιν,
1141 2631 1332 2701 ἑτέρας
1352 2631 1504 2694 τινὰς
1535 2630 1878 2693 κατασκευάς

298 2720 432 2789 ἡμῖν
475 2720 571 2772 καὶ
629 2720 1033 2791 ἀρχιτεκτονίας
1100 2722 1500 2793 ἐργαζόμενος,
1556 2722 1632 2785 ὡς
1684 2721 1877 2791 παρὼν

300 2812 499 2876 ἐκεῖσε,
526 2810 621 2864 καὶ
644 2811 1047 2881 φανταζόμενος
1076 2811 1145 2865 τὰ
1180 2812 1254 2882 μὴ
1283 2811 1430 2877 ὄντα,
1458 2811 1543 2863 ὅτι
1568 2811 1692 2863 τότε
1718 2810 1877 2863 τοῦτο

294 2902 356 2955 τὸ
380 2902 489 2966 ζῶν
541 2902 756 2972 πνεῦμα
785 2903 986 2967 ἔκτισε,
1024 2903 1177 2974 φησὶ,
1207 2904 1299 2955 τὴν
1349 2902 1582 2972 κόσμον
1616 2903 1711 2955 καὶ
1742 2901 1875 2954 αὐτὸ

294 2996 441 3064 τρεῖς
486 2993 683 3063 ἐτέρας
738 2995 997 3063 δυνάμεις
1037 2994 1294 3065 φορέσαν,
1344 2994 1437 3047 καὶ
1478 2992 1735 3046 κατελθὸν
1779 2993 1875 3046 ἀν-

2052 2629 2284 2686 ΧΙΝΙΙΙ.
2324 2632 2457 2687 Post
2491 2634 2603 2687 haec
2634 2650 2804 2689 novas
2828 2635 3094 2704 quasdam
3128 2644 3441 2691 structuras
3488 2652 3552 2692 ac

1980 2722 2295 2776 molitiones
2356 2722 2670 2793 designans,
2722 2726 2884 2795 661
2939 2728 3095 2795 quasi
3158 2727 3272 2780 illic
3321 2727 3550 2795 fuisset;

1978 2827 2209 2883 qumque
2234 2814 2483 2883 nuspiam
2529 2824 2656 2869 sunt
2686 2817 2789 2870 sibi
2839 2818 2940 2886 ipsi
2992 2817 3333 2887 confingens.
3369 2820 3549 2873 vivum

1978 2904 2130 2957 illum
2162 2904 2411 2971 spiritum
2433 2905 2507 2957 ait
2533 2906 2846 2961 condidisse
2876 2907 3160 2972 mundum,
3190 2923 3253 2962 ac
3276 2916 3389 2962 tres
3415 2910 3550 2963 alias

1980 2994 2211 3047 virtutes
2288 2992 2585 3056 ferentem,
2661 2994 3189 3065 descendentemque
3269 2998 3549 3066 principes

295 3086 495 3155 ήνεγκε
519 3086 644 3149 τοὺς
673 3085 956 3155 ἄρχοντας,
978 3086 1072 3138 καὶ
1101 3087 1432 3157 ἐστερέωσεν
1459 3087 1515 3137 ὲν
1538 3084 1615 3154 τῷ
1644 3083 1873 3154 στερεώ-

1978 3083 2274 3147 eduxisse,
2324 3091 2487 3152 atque
2519 3084 2573 3137 in
2626 3085 2967 3139 firmamento
2998 3086 3307 3152 stabilisse,
3342 3089 3436 3157 qui
3475 3089 3548 3141 sit

298 3191 448 3243 ματι,
480 3174 508 3226 ὃ
529 3175 675 3227 ἐστιν
702 3173 882 3227 αὐτῶν
906 3178 939 3245 ἡ
967 3178 1196 3246 σφαῖραο
1228 3175 1403 3228 καὶτὸ
1430 3175 1527 3245 μὲν
1556 3176 1868 3247 ἀνήνεγκεν.

295 3264 431 3317 Οῦτε
463 3267 629 3318 νοεῖὸ
671 3264 949 3335 κτηνώδης
974 3266 1095 3329 πῶς
1132 3265 1311 3336 ἑαυτῷ
1360 3266 1734 3336 ἀντιμάχεται,
1780 3267 1872 3320 καὶ

292 3356 359 3409 τὰ
389 3357 521 3425 παρ’
551 3355 700 3425 αὐτῷ
727 3356 983 3409 ἐπαινετὰ
1010 3356 1178 3425 λέγει,
1210 3357 1304 3411 καὶ
1330 3356 1396 3410 τὰ
1425 3355 1756 3427 ψογιζόμενα
1791 3359 1871 3422 εἰς

293 3450 514 3502 ἔπαινον
538 3448 693 3520 φέρει
729 3450 884 3518 δίκην
924 3450 1211 3519 μεθύοντος
1247 3452 1341 3504 καὶ
1392 3450 1865 3522 παραφερομένου,

293 3542 387 3593 καὶ
417 3540 581 3610 ἕτερα
613 3540 730 3593 ἀνθ’
760 3540 949 3611 ἑτέρου
981 3543 1002 3573 ³
1042 3541 1497 3613 παραλαλοῦντος.
1537 3542 1739 3595 Φάσκει
1761 3542 1869 3613 γὰρ

288 3633 414 3695 τοὺς
438 3633 705 3702 ἄρχοντας
734 3633 884 3686 κάτω
917 3634 1259 3704 ὑπάρχοντας
1286 3636 1345 3687 ὲν
1382 3634 1461 3706 τῷ
1497 3636 1675 3689 σκότει
1700 3651 1868 3705 πονη-

293 3725 392 3793 ρᾶς
419 3719 560 3777 εἶναι
583 3724 953 3790 ὑποστάσεως,
983 3726 1075 3779 καὶ
1117 3725 1322 3797 φθορᾶς
1353 3727 1415 3780 τὸ
1441 3728 1659 3799 χωρίον.
1688 3727 1796 3780 Καὶ
1819 3727 1867 3778 εί

291 3815 354 3867 ἐκ
382 3815 588 3886 ταύτης
626 3820 727 3887 τῆς
775 3818 1001 3889 φθορᾶς,
1032 3820 1129 3872 καὶ
1172 3820 1221 3871 εί
1275 3819 1340 3872 ὲκ
1384 3819 1478 3872 τοῦ
1531 3818 1729 3893 μέρους
1770 3817 1864 3872 τοῦ

292 3906 515 3968 σκότους
541 3906 601 3959 τὸ
628 3906 844 3977 πνεῦμα
867 3907 1193 3979 βιασάμενον
1216 3910 1341 3972 τοὺς
1362 3907 1627 3979 ἄρχοντας
1654 3911 1733 3972 εἰς
1755 3909 1867 3962 ἀνω

289 3997 611 4065 ἀνήνεγκεν,
665 3998 757 4050 ἐπὶ
805 3999 1043 4069 τιμωρίᾳ
1095 3998 1313 4069 μᾶλλον,
1375 4000 1592 4069 φαύλων
1648 4000 1705 4052 δὲ
1756 4018 1863 4070 χω-

291 4085 420 4157 ρίων
457 4088 569 4157 (54)
615 4088 714 4159 τὴν
768 4089 1093 4158 μετάστασιν
1145 4090 1466 4159 ποιούμενον
1500 4089 1591 4142 ἐπὶ
1626 4090 1863 4161 τιμωρίᾳ

290 4179 629 4247 μετέσπασεν
653 4182 733 4243 είς
763 4179 833 4233 τὰ
856 4179 989 4245 ἄνω,
1025 4179 1209 4234 οὐκέτι
1232 4178 1384 4233 ἔσται
1414 4179 1484 4233 τὰ
1520 4181 1631 4233 ἀνω
1660 4180 1860 4249 ἀγαθὰ,

286 4270 379 4322 καὶ
409 4270 762 4333 ὑποστάσεως
788 4271 1044 4341 ζωτικῆς,
1072 4269 1216 4324 ἀλλὰ
1247 4270 1446 4340 μᾶλλον
1475 4269 1725 4323 θανάτου.
1752 4270 1863 4324 Καὶ

282 4359 351 4413 τά
379 4361 532 4414 κάτω
557 4360 739 4414 οὐκέτι
767 4362 1025 4433 τιμωρία,
1062 4360 1198 4415 ἀλλὰ
1228 4360 1441 4430 ἀγαθῆς
1466 4377 1609 4423 τινος
1653 4361 1861 4424 οὐσίας,

1977 3173 2221 3241 ipsorum
2250 3173 2478 3243 globus;
2509 3183 2674 3244 atque
2704 3175 2807 3229 hoc
2831 3186 2990 3245 pacto
3019 3191 3240 3231 sursum
3273 3178 3541 3233 evexisse.

1968 3262 2031 3317 In
2059 3279 2168 3333 quo
2195 3265 2650 3333 quemadmodum
2680 3281 2866 3321 secum
2900 3276 3101 3336 pugnet
3124 3282 3290 3337 pecus
3319 3268 3407 3321 illa
3433 3284 3543 3322 non

1970 3354 2147 3421 ridet;
2210 3371 2335 3410 eum
2381 3364 2490 3409 tam
2530 3372 2594 3412 ea
2645 3372 2767 3427 quae
2823 3358 3116 3413 laudabilia
3173 3359 3363 3413 statuit
3395 3358 3542 3428 ipse,

1968 3460 2134 3511 quam
2167 3460 2289 3515 quae
2316 3446 2674 3515 vituperanda
2704 3455 2913 3511 censet,
2943 3449 3010 3502 ad
3034 3448 3248 3503 laudem
3275 3449 3541 3512 conferat,

1968 3538 2119 3592 velut
2156 3538 2365 3602 ebrius,
2404 3546 2498 3591 aut
2527 3548 2703 3593 mente
2732 3545 2941 3607 captus,
2977 3539 3177 3607 quique
3212 3538 3265 3591 in
3290 3553 3544 3593 sermone

1970 3628 2266 3685 identidem
2299 3629 2687 3685 liallucinetur.
2724 3628 2935 3683 Etenim
2963 3628 3240 3699 principes
3272 3629 3414 3692 illos,
3447 3631 3538 3696 qui

1966 3724 2026 3778 in
2059 3722 2248 3776 infima
2274 3722 2495 3793 regione
2524 3721 2874 3791 tenebrisque
2906 3728 3214 3785 versantur,
3248 3722 3391 3774 mala
3418 3736 3541 3775 esse

1965 3812 2276 3870 substantia
2311 3812 2569 3882 prazditos
2596 3813 2787 3876 docet,
2819 3826 2883 3865 ac
2915 3811 3091 3865 locum
3128 3811 3304 3880 ipsum
3343 3824 3539 3864 corru-

1962 3906 2169 3976 ptionis
2196 3921 2318 3961 esse
2344 3905 2646 3976 proprium.
2678 3903 2841 3974 Atqui
2870 3904 2916 3959 si
2953 3919 3018 3958 ex
3053 3903 3154 3957 hac
3193 3905 3309 3972 ipsa
3345 3917 3540 3956 corru-

1964 3998 2151 4067 ptela,
2191 3998 2648 4067 tenebrarumque
2704 3996 2944 4066 regione,
3001 3994 3231 4065 spiritus
3290 4009 3387 4063 per
3426 3995 3535 4047 vim

1963 4088 2244 4159 principes
2274 4088 2396 4143 illos
2427 4103 2646 4143 sursum
2676 4086 2892 4147 extulit,
2926 4100 3101 4154 ρωποι
3136 4084 3189 4139 id
3223 4082 3537 4152 inﬂigendae

1964 4191 2134 4232 causa
2170 4176 2368 4232 fecisse
2411 4176 2595 4246 potius
2641 4175 2877 4238 videtur,
2911 4180 2969 4227 ut
2998 4174 3122 4226 illos
3174 4170 3335 4224 malis
3372 4171 3439 4224 iis
3464 4184 3531 4223 ex

1963 4269 2190 4325 sedibus
2220 4276 2497 4324 extractos
2549 4269 2604 4323 in
2653 4267 2937 4337 superiora
2976 4264 3319 4319 transferret.
3353 4259 3530 4326 Quare

1962 4363 2105 4418 bona
2138 4377 2261 4418 esse
2301 4362 2584 4431 superiora
2631 4362 2747 4415 haec
2778 4360 2895 4429 ipsa
2928 4358 3208 4421 desinent,
3237 4356 3533 4421 vitalisque

284 4451 342 4517 ἐξ
376 4445 440 4504 οῦ
460 4451 627 4505 τόπου
664 4450 922 4523 βουληθὲν
946 4452 1007 4506 τὸ
1036 4451 1252 4522 πνεῦμα
1283 4452 1363 4515 είς
1393 4450 1663 4521 τιμωρίαν
1696 4468 1857 4520 μετα-

1975 4454 2302 4519 substantiaa,
2338 4454 2435 4509 sed
2472 4453 2730 4523 deinceps
2762 4452 2924 4506 morti
2955 4449 3243 4506 tribuenda
3267 4487 3281 4513 ,
3318 4463 3382 4504 ac
3413 4449 3532 4503 vice

282 4542 471 4595 ϐαλεῖν
497 4544 622 4607 τοὺς
648 4543 914 4614 ἄρχοντας
946 4543 1054 4597 ἀπὸ
1072 4543 1179 4596 τῶν
1205 4542 1374 4613 ἡδέων
1400 4542 1495 4597 καὶ⁸
1524 4543 1858 4612 ἀναγκαίων,

281 4634 374 4686 ἐπὶ
407 4634 501 4685 τὸν
524 4633 764 4704 τιμωρὸν
792 4632 957 4686 τόπον
996 4635 1322 4703 μετήγαγεν,
1365 4633 1429 4685 ἵν’
1462 4631 1635 4696 οὕτως
1662 4633 1861 4695 αὐτοὺς

280 4724 675 4795 τιμωρήσοιτα
705 4725 815 4777 Καὶ
846 4723 1040 4787 ἄλλως,
1083 4725 1132 4776 εί
1168 4723 1231 4777 τὸ
1271 4723 1487 4794 πνεῦμα
1528 4722 1619 4776 τὸν
1656 4721 1860 4792 κόσμον

280 4815 571 4886 πεποίηκε,
609 4815 728 4878 πῶς
751 4816 913 4869 πάλιν
938 4814 1115 4884 λέγεις
1142 4814 1232 4867 τὸν
1257 4814 1459 4884 κόσμον
1486 4815 1559 4885 μὴ
1588 4814 1692 4867 ὑπὸ
1717 4813 1853 4867 Θεοῦ

278 4905 638 4976 γεγενῆσθαι;
671 4906 779 4959 Καὶ
808 4907 856 4959 εί
877 4906 985 4959 τῶν
1015 4905 1290 4977 ἀρχόντων
1320 4906 1576 4976 τυγχάνει
1611 4905 1770 4975 σῶμα
1792 4904 1854 4958 τὸ

280 4996 587 5066 στερέωμα,
620 4997 679 5049 ὲν
707 4996 845 5067 ποίῳ
883 4997 991 5067 ἄρα
1023 4995 1240 5068 σταυρῷ
1270 4995 1577 5067 προσέπηξε
1602 4996 1729 5060 τοὺς
1756 4996 1852 5067 ἄρ-

278 5103 505 5158 χοντας,
539 5087 677 5140 Ποτὲ
710 5088 808 5159 μὲν
832 5088 943 5159 γὰρ
989 5086 1167 5156 λέγεις
1195 5088 1390 5151 αὐτοὺς
1420 5089 1478 5140 ὲν
1504 5087 1585 5157 τῷ
1619 5086 1853 5157 στερεώ-

267 5196 409 5248 ,ματι
435 5177 736 5248 πεπῆχθαι,
773 5178 903 5230 ποτὲ
930 5178 988 5231 δὲ
1012 5177 1143 5230 αὐτὸ
1168 5177 1230 5230 τὸ
1257 5177 1543 5247 στερέωμα
1563 5176 1723 5247 σῶμα
1743 5177 1852 5230 τῶν

274 5269 455 5324 αὐτῶν
477 5268 656 5341 ὁρίζῃ.
690 5270 801 5323 Καὶ
824 5268 990 5341 πολλή
1028 5286 1122 5322 σου
1150 5270 1183 5340 ἡ
1219 5268 1592 5340 ἀσυναρτησία
1628 5268 1736 5322 τῶν
1762 5268 1852 5322 λό-

348 5428 362 5456 ¹
389 5426 518 5497 Leg.
542 5426 651 5497 γάρ
682 5427 879 5482 ἀπεστ.
953 5427 974 5457 ⁸
1011 5424 1136 5480 Cor.
1168 5424 1390 5495 ἑτέρων.

1956 4561 2115 4603 versa
2144 4545 2404 4600 inferiora
2438 4560 2547 4599 non
2592 4545 2828 4613 amplius
2860 4544 3150 4613 supplicii,
3185 4543 3280 4598 sed
3318 4551 3530 4597 naturre

1958 4637 2242 4707 cujusdam
2269 4635 2510 4690 melioris
2538 4634 2909 4689 conditionem
2932 4634 3276 4699 obtinebunt,
3306 4648 3431 4687 cum
3459 4648 3524 4687 ex

1957 4743 2025 4785 eo
2053 4729 2175 4782 loco
2204 4726 2452 4796 spiritus,
2493 4740 2632 4796 quos
2660 4726 2726 4779 ad
2757 4741 2972 4796 poenam
3002 4726 3220 4780 trahere
3249 4725 3527 4794 principes

1957 4816 2140 4883 vellet,
2178 4815 2449 4878 indidem,
2488 4815 2633 4869 velut
2670 4830 2737 4869 ex
2777 4812 3037 4883 iucundis
3075 4829 3138 4867 ac
3169 4813 3526 4868 familiaribus

1958 4907 2203 4972 sedibus,
2246 4906 2354 4961 alio
2386 4915 2643 4975 tanquam
2675 4904 2742 4958 ad
2773 4905 3025 4975 supplicii
3060 4905 3236 4959 locum
3266 4902 3525 4974 puniendi

1957 5015 2123 5054 causa
2169 4999 2528 5054 transtulerit.
2561 4997 2765 5052 Deinde
2792 4998 2838 5051 si
2882 4997 3118 5051 mundus
3149 5012 3180 5049 a
3220 4996 3411 5065 spiritu
3442 4994 3524 5046 fa-

1957 5089 2201 5144 bricatus
2230 5096 2335 5151 est,
2365 5102 2596 5157 quanam
2633 5088 2843 5142 ratione
2871 5088 3133 5141 mundum
3163 5100 3328 5155 negas
3360 5098 3389 5136 a
3419 5081 3527 5135 Deo

1958 5182 2347 5250 procreatum?
2373 5180 2502 5235 Item
2530 5182 2573 5236 si
2616 5181 3019 5234 ﬁrmamentum
3055 5174 3363 5247 principum
3401 5187 3526 5227 cor-

1960 5286 2062 5339 PUS
2087 5281 2169 5325 εει
2191 5310 2206 5337 9
2244 5272 2333 5325 cui
2379 5271 2597 5326 tandem
2630 5270 2780 5327 cruci
2820 5269 3095 5341 principes
3128 5263 3337 5318 affixit?
3372 5262 3523 5328 Quos

346 5582 457 5653 (54)
497 5585 751 5639 (Datum-
781 5582 851 5638 δὲ
910 5583 1155 5653 χωρίων.
1223 5584 1525 5656 Depravata
1578 5585 1680 5641 ista
1740 5588 1869 5636 sunt

1975 5581 2056 5638 lISI
2102 5582 2242 5641 forte
2302 5584 2629 5656 μετάστασιν
2677 5579 2786 5634 τῶν
2840 5575 3055 5647 χωρίων
3098 5572 3240 5628 dixit
3290 5586 3392 5644 pro
3441 5572 3523 5627 είς

291 5675 353 5729 τὰ
381 5676 571 5745 χωρία.
