4008 6240
452 314 558 371 135

1872 308 1930 364 S.
1973 308 2314 366 EPIPHANII

3590 311 3697 368 1οι

449 435 508 482 tu
532 443 923 499 nonnunquam
951 428 1006 483 in
1034 427 1372 484 ﬁrmamento
1403 427 1625 484 suilixos
1659 425 1843 484 doces.
1874 426 2024 482 Alias

2141 446 2256 498 raw,
2284 429 2406 500 ἥτις
2455 428 2710 501 οὐδεμίαν
2763 428 3081 484 ἀκολουθίαν
3131 425 3266 499 πρὸς
3307 424 3407 498 τὴν
3441 425 3699 498 ἀλήθειαν

453 519 850 574 ﬁrmamentum
880 521 1058 589 ipsum
1090 521 1404 575 eorumdem
1451 535 1652 589 corpus
1680 534 1804 575 esse
1832 518 2022 575 defen-

453 609 560 665 dis.
592 609 668 662 Ex
712 611 911 680 quibus
959 620 1181 682 apparet
1227 627 1494 667 summam
1533 613 1584 665 in
1636 613 1887 667 oratione
1927 618 2020 666 tua

2125 520 2260 591 ἔχει.
2297 521 2384 584 Ὠς
2409 523 2468 575 ὲν
2501 523 2668 576 πᾶσιν
2699 523 2830 594 ἡμῖν
2859 522 3183 592 ἐπεφοίτησε
3215 521 3232 551 ¹
3261 518 3540 589 πολέμιος,
3566 520 3702 590 μᾶλ-

2125 609 2215 664 λον
2247 610 2305 663 δὲ
2333 610 2509 682 ἐαυτῷ
2532 611 2626 664 καὶ
2652 614 2765 675 τοῖς
2793 629 2885 664 σου
2916 612 3013 682 τὴν
3049 609 3273 680 γνώμην
3295 608 3628 679 δεχομένοις.

452 704 871 758 inconstantiam
938 705 1152 770 inesse,
1218 722 1393 776 neque
1459 706 1757 777 quid-quam
1821 721 1946 761 cum
1991 706 2218 761 veritate
2268 716 2694 762 consentaneum
2759 722 2824 763 ac
2874 721 3216 777 consequens
3263 704 3479 759 habere.
3521 701 3704 768 Quare

451 809 560 853 non
588 805 698 851 tam
743 798 900 854 nobis
946 799 1120 854 hostis
1166 799 1220 853 in
1263 799 1556 866 omnibus,
1616 816 1780 871 quam
1829 801 1926 856 tibi
1991 799 2097 870 ipsi
2136 800 2515 871 dogmatisque
2568 801 2648 856 tui
2711 801 3078 858 sectatoribus
3143 800 3399 855 inimicus
3447 799 3702 868 ingruere

453 886 676 941 videris.

527 974 714 1032 XLIX.
756 976 860 1032 Sed
895 979 1024 1032 illm]
1072 987 1330 1049 praeterea
1358 980 1646 1051 proﬁtetur
1681 999 1694 1035 :
1728 979 2023 1050 Postquam

456 1066 549 1120 illo
580 1068 634 1122 in
685 1068 845 1138 globo
879 1070 1152 1140 principes
1204 1072 1257 1126 in
1295 1087 1513 1127 crucem
1545 1073 1803 1136 sustulit,
1844 1071 2024 1127 sidera

456 1156 815 1223 produxisse,
847 1174 967 1226 quae
1008 1166 1138 1214 sunt
1179 1161 1372 1216 animae
1415 1162 1679 1232 reliquiae.
1727 1161 1844 1217 Non
1879 1163 2024 1218 enim

458 1247 696 1300 animam
729 1263 850 1302 esse
881 1249 1036 1313 dixit,
1067 1251 1161 1305 sed
1190 1251 1310 1321 ejus
1339 1254 1718 1308 tantummodo
1748 1253 2023 1322 reliquias.

458 1333 502 1388 Ο
526 1352 724 1390 vanum
747 1339 1150 1410 absurdumque
1178 1342 1455 1398 decretum
1489 1346 1502 1397 ι
1535 1360 1567 1398 o
1593 1342 1759 1397 falsos
1781 1342 2026 1396 minime-

458 1443 564 1496 que
602 1439 998 1486 consentaneos
1030 1436 1344 1489 sermones!
1380 1434 1512 1489 Nam
1562 1434 1802 1504 reliquiae
1839 1447 2028 1486 omnes

457 1521 630 1576 totius
666 1530 847 1591 partes
889 1524 1084 1594 aliquae
1131 1536 1296 1592 sunt,
1347 1526 1651 1594 iisdemque
1697 1524 1872 1593 majus
1909 1538 2030 1578 esse

461 1622 633 1668 totum
667 1629 889 1670 necesse
920 1624 1022 1670 est.
1061 1618 1331 1682 Quocirca
1355 1619 1401 1672 si
1425 1618 1670 1687 reliquiae
1700 1615 1879 1670 sidera
1911 1615 2026 1684 ipsa

2199 973 2334 1031 ΜΘ.
2371 971 2507 1030 Εἶτα
2553 977 2713 1031 πάλιν
2762 977 2959 1047 φάσκει
2991 977 3019 1029 6
3062 975 3244 1041 αὐτὸς,
3294 976 3397 1041 ὅτι,
3452 974 3592 1046 μετὰ
3639 975 3700 1029 τὸ

2129 1061 2532 1135 ὲσταυρωκέναι
2564 1066 2690 1128 τοὺς
2730 1065 2995 1136 ἄρχοντας
3036 1065 3093 1117 ὲν
3130 1066 3196 1136 τῇ
3249 1064 3474 1134 σφαίρᾳ,
3519 1063 3704 1117 ἔκτισε

2129 1157 2256 1219 τοὺς
2283 1157 2590 1228 φωστῆρας,
2622 1156 2658 1210 ἃ
2695 1158 2811 1210 ἐστι
2850 1157 2950 1227 τῆς
2985 1155 3162 1226 ψυχῆς
3191 1155 3254 1208 τὸ
3291 1155 3562 1225 λείψανον.
3592 1156 3706 1208 Καὶ

2131 1245 2192 1297 ού
2221 1245 2367 1312 λέγει
2382 1245 2480 1316 τὴν
2505 1245 2705 1316 ψυχὴν,
2728 1244 2863 1298 ἀλλά
2883 1245 2984 1315 τῆς
3005 1243 3183 1315 ψυχῆς
3207 1244 3455 1313 λείψανα.
3485 1247 3550 1297 Ὢ
3579 1247 3708 1298 ἀσυ-

2133 1336 2327 1389 στάτου
2353 1335 2641 1405 δόγματος,
2676 1337 2769 1390 καὶ
2811 1335 2982 1405 λόγων
3013 1334 3220 1404 ψευδῶν
3271 1335 3363 1389 καὶ
3395 1335 3705 1405 άσυναρτή-

2112 1430 2272 1481 μτωνῐ
2309 1429 2423 1481 Πᾶν
2458 1429 2565 1498 γὰρ
2602 1429 2663 1481 τὸ
2691 1429 2938 1498 λείψανον
2971 1429 3133 1500 μέρος
3170 1427 3420 1497 τυγχάνει
3446 1426 3540 1480 τοῦ
3570 1425 3710 1497 πλη-

2136 1519 2404 1590 ρώματος.
2431 1520 2505 1572 Τὸ
2535 1520 2594 1573 δὲ
2632 1519 2902 1592 πλήρωμα
2940 1521 3124 1590 μεῖζον
3165 1521 3420 1590 τυγχάνει
3460 1518 3554 1573 τοῦ
3595 1519 3709 1571 λει-

2131 1609 2323 1678 ψάνου.
2368 1610 2432 1663 Εἰ
2491 1610 2670 1664 τοίνυν
2719 1610 2788 1664 τὰ
2841 1611 3066 1680 λείψανά
3118 1611 3253 1664 εἰσιν
3291 1612 3340 1664 ot
3398 1611 3708 1682 φωστῆρες,

460 1713 609 1768 sunt,
643 1705 803 1759 velim
827 1705 984 1760 nobis
1016 1707 1192 1776 majus
1223 1708 1425 1778 aliquid
1463 1707 1738 1762 sideribus
1780 1705 1913 1775 ipsis
1939 1720 2031 1760 os-

2141 1701 2358 1768 Βειξάτω
2391 1704 2522 1772 ἡμῖν
2553 1701 2862 1773 μειζότερον
2891 1701 2997 1756 τῶν
3040 1702 3364 1772 φωστήρων,
3393 1702 3480 1755 ἵνα
3509 1703 3710 1772 ἴδωμεν

461 1793 668 1857 tendat,
695 1803 755 1846 ut
777 1795 1014 1849 animam
1036 1796 1335 1852 videamus.
1353 1798 1514 1868 662
1535 1797 1629 1851 Sin
1654 1805 1828 1851 totum
1854 1797 2030 1867 ipsum

460 1884 778 1940 devoratum
817 1893 901 1940 est
944 1895 997 1942 et
1040 1898 1422 1959 consumptum
1447 1930 1463 1956 ,
1527 1891 1758 1963 ejusque
1791 1889 2034 1959 reliquiae

462 1975 643 2029 sidera
671 1976 786 2045 ipsa
816 1985 969 2041 sunt,
1007 1995 1132 2032 cum
1160 1979 1274 2035 haec
1307 1981 1458 2034 cruci
1490 1979 1666 2035 allixis
1695 1981 2033 2051 principibus

462 2063 720 2119 inferiora
755 2067 886 2133 sint,
921 2069 1140 2124 tandem
1170 2078 1223 2124 et
1256 2071 1372 2140 ipsa
1428 2069 1832 2126 devorahuntur
1861 2089 1874 2126 :
1909 2085 2034 2124 cum

461 2157 762 2226 principes,
792 2168 852 2212 ut
875 2159 1010 2227 dixi,
1045 2161 1357 2231 superiores
1373 2159 1534 2216 sedes
1556 2163 1852 2217 obtineant.
1879 2160 2034 2226 Quod

464 2248 510 2300 si
545 2263 641 2317 pro
670 2265 736 2304 eo
762 2251 904 2320 quod
931 2251 1106 2306 sufﬁxi
1137 2261 1284 2318 sunt,
1318 2269 1419 2310 nec
1440 2255 1698 2318 animam,
1725 2268 1828 2308 nec
1856 2252 2036 2308 sidera

464 2339 697 2393 retinere
741 2349 1006 2410 possunt,
1042 2344 1152 2398 ruit
1187 2345 1366 2401 omnis
1399 2345 1490 2400 illa
1527 2353 1654 2412 tua,
1699 2342 2032 2408 Manichaee,

465 2427 644 2483 inanis
673 2443 738 2484 ac
772 2431 1007 2487 conﬁcta
1045 2435 1314 2490 narratio.

535 2515 719 2588 Pergit
749 2520 892 2576 idem
920 2529 1083 2593 atque
1114 2524 1187 2577 ita
1223 2523 1450 2581 disserit
1477 2544 1490 2580 :
1525 2524 1914 2595 Posteaquam,
1947 2523 2034 2578 in-

465 2609 617 2679 quit,
645 2609 894 2681 Bajulum
927 2613 1263 2684 increpavit,
1310 2618 1541 2672 materia
1585 2631 1806 2687 quoque
1835 2618 2036 2686 stirpes

465 2699 568 2755 sibi
599 2702 880 2759 universas
905 2704 1187 2775 produxit.
1214 2705 1362 2772 Quas
1384 2722 1510 2762 cum
1539 2707 1830 2778 depra'dati
1851 2715 2037 2763 essent

467 2791 764 2862 principes,
795 2800 909 2848 tum
953 2811 1182 2867 magnus
1219 2798 1475 2868 princeps
1501 2808 1728 2854 caeteros
1751 2814 1940 2855 omnes
1974 2815 2038 2855 ac

469 2880 758 2950 primarios
787 2899 1124 2953 convocans,
1148 2887 1351 2942 viritim
1383 2888 1627 2959 singulas
1660 2888 1729 2944 ab
1761 2889 1827 2942 iis
1859 2888 2036 2943 virtu-

469 2982 550 3028 tes
579 2975 821 3045 accepit;
847 2975 1044 3032 dehinc
1065 2977 1340 3034 hominem
1376 2977 1442 3032 ad
1467 2979 1665 3048 prioris
1689 2979 1836 3034 illius
1858 2995 2036 3034 exem-

470 3065 850 3134 plarellinxit,
895 3069 1055 3138 eique
1081 3070 1305 3140 illigavit
1330 3069 1568 3124 animam
1597 3087 1612 3139 ;
1645 3080 1805 3141 atque
1844 3085 1908 3126 ea
1935 3069 2032 3125 de-

470 3170 616 3208 mum
664 3163 748 3209 est
801 3158 1201 3214 commistionis
1258 3168 1570 3228 mutuasque
1624 3160 2032 3230 temperationis

469 3247 627 3299 ratio.
663 3244 859 3302 Verum
899 3265 1024 3302 cum
1056 3250 1212 3305 vivus
1229 3247 1391 3306 Pater
1419 3250 1670 3307 aﬂlictam
1714 3252 1769 3307 in
1804 3265 2034 3323 corpore

468 3333 676 3390 videret
710 3337 967 3402 animam,
998 3354 1094 3407 pro
1126 3341 1460 3397 humanitate
1492 3344 1887 3414 clementiaque
1912 3361 2031 3412 sua,

474 3423 632 3476 unice
661 3424 916 3478 dilectum
945 3441 973 3477 a
1012 3443 1070 3481 se
1107 3425 1300 3481 Filium
1331 3433 1397 3484 ad
1443 3431 1588 3486 illius
1624 3436 1851 3488 salutem
1875 3435 2036 3489 dimi-

474 3515 564 3569 sit.
590 3513 672 3568 Ob
695 3514 833 3569 hanc
855 3517 998 3570 enim
1025 3533 1269 3582 causam,
1294 3527 1408 3573 tum
1430 3520 1597 3590 Bajuli
1619 3524 1787 3592 gratia
1805 3523 2034 3578 missum

478 3603 630 3657 illum
663 3603 959 3660 existimat.
988 3603 1160 3660 Porro
1192 3605 1360 3663 Filius
1391 3625 1510 3664 mox
1548 3619 1606 3663 ut
1639 3611 1877 3674 advenit,
1917 3626 2036 3666 sese

474 3693 529 3747 in
565 3694 802 3750 hominis
837 3697 1072 3766 speciem
1104 3699 1440 3770 ﬁguramque
1480 3703 1778 3770 convertit;
1817 3704 1950 3757 adeo
1981 3710 2039 3756 ut

477 3784 788 3841 hominibus
815 3786 1052 3843 hominis
1084 3789 1258 3844 instar
1279 3801 1584 3860 appareret,
1613 3803 1667 3848 et
1687 3809 1810 3848 eum
1836 3794 1910 3847 illi
1936 3809 2036 3848 na-

470 3885 584 3929 tum
606 3891 728 3932 esse
748 3877 850 3932 sibi
871 3879 1284 3946 persuaderent.
1315 3882 1417 3948 Qui
1453 3898 1576 3937 cum
1606 3885 1950 3947 accessisset,
1985 3891 2040 3938 et

471 3964 538 4018 ad
574 3963 851 4019 hominum
874 3967 1102 4021 salutem
1132 3970 1558 4038 recuperandam
1589 3987 1750 4026 suum
1774 3986 1912 4040 opus
1943 3971 2039 4024 de-

471 4057 758 4126 signasset,
801 4057 1107 4112 machinam
1157 4061 1446 4130 quamdam
1493 4063 1800 4128 exstruxit;
1838 4064 1890 4116 in
1933 4076 2039 4131 qua

471 4149 589 4202 cadi
641 4149 855 4204 inerant
903 4151 1225 4216 duodecim;
1280 4166 1402 4222 quae
1438 4152 1585 4222 globi
1631 4153 1893 4222 vertigine
1937 4152 2043 4206 cir-

474 4240 785 4293 cumvoluta
834 4249 1176 4294 mortuorum
1223 4241 1278 4294 in
1323 4242 1556 4296 sublime
1590 4242 1801 4296 animas
1841 4239 2039 4304 evehit,

474 4345 612 4398 quas
645 4331 732 4385 ubi
761 4333 845 4386 sol
868 4333 1165 4402 exceperit,
1190 4341 1465 4402 repurgat,
1492 4341 1546 4387 et
1568 4333 1622 4386 in
1645 4334 1826 4386 lunam
1860 4341 2044 4385 trans-

477 4422 661 4475 mittit.
700 4420 775 4474 lta
813 4423 974 4487 lunae,
1006 4438 1165 4493 quem
1196 4423 1556 4493 appellamus,
1591 4422 1742 4478 orbis
1764 4423 2039 4493 impletur.

547 4684 610 4741 L.
659 4683 823 4742 Vides
863 4693 1067 4756 quanta
1100 4686 1174 4741 sit
1210 4685 1529 4756 impostoris
1569 4684 1781 4740 vanitas
1818 4685 2045 4741 oblivio-

476 4793 583 4850 que
612 4784 869 4847 tanquam
899 4794 964 4833 ex
987 4779 1250 4833 ebrietate
1282 4776 1596 4832 contracta?
1622 4775 1752 4841 Quae
1769 4777 1910 4831 enim
1948 4791 2045 4832 an-

477 4879 564 4924 tea
591 4869 748 4934 dixit,
783 4885 890 4924 non
941 4870 1264 4924 recordatur
1309 4869 1566 4938 amplius,
1604 4875 1799 4938 etquze
1839 4868 2044 4924 dixisse

477 4961 710 5028 videtur,
740 4966 1039 5014 commutat
1077 4975 1142 5014 ac
1177 4960 1430 5023 destruit,
1472 4969 1525 5015 et
1563 4968 1773 5014 suamet
1805 4960 1919 5030 ipse
1949 4962 2046 5015 do-

477 5061 659 5122 gmata
679 5051 968 5107 subvertit.
992 5049 1127 5103 Nam
1159 5051 1295 5105 alias
1324 5051 1482 5104 aliter
1502 5049 1747 5116 disserit,
1780 5061 1837 5105 ut
1860 5053 2042 5122 priora

479 5140 873 5210 posterioribus
895 5147 1123 5207 evertat,
1161 5155 1225 5193 ac
1254 5156 1374 5210 quae
1403 5141 1560 5195 initio
1596 5148 1893 5206 everterat,
1925 5158 2046 5197 rur-

477 5247 574 5286 sus
601 5232 901 5298 instauret;
941 5239 998 5284 ut
1028 5230 1159 5284 illud
1196 5235 1484 5302 perspicue
1520 5233 1780 5299 declaret,
1815 5249 1925 5288 non
1959 5235 2041 5289 sui

481 5337 539 5376 se
575 5330 881 5392 compotem
931 5337 1074 5387 csse,
1121 5321 1216 5377 sed
1261 5324 1328 5377 ab
1367 5325 1581 5392 impuro
1622 5326 1816 5394 Spiritu
1860 5339 2044 5379 corre-

482 5415 630 5478 ptum
679 5410 785 5463 alia
827 5425 926 5478 pro
967 5410 1085 5466 aliis
1127 5411 1563 5479 phreneticorum
1613 5429 1765 5467 more
1813 5416 2040 5483 garrire.

478 5502 613 5558 Nam
657 5505 700 5558 si
735 5504 801 5557 de
841 5503 1071 5557 adventu
1105 5502 1316 5559 Domini
1352 5507 1520 5561 nostri
1551 5506 1679 5561 Jesu
1727 5508 1932 5563 Christi
1963 5510 2042 5563 lo-

528 5655 542 5683 ¹
579 5655 642 5714 F.
668 5659 1047 5731 ὲπεφοίτησας.
1123 5663 1142 5692 ³
1174 5659 1235 5715 F.
1266 5659 1541 5716 δύνανται.
1621 5661 1640 5691 ³
1675 5659 1736 5714 F.
1777 5660 1888 5727 ἐφ’.

2131 1792 2231 1862 τὴν
2259 1793 2455 1864 ψυχήν.
2482 1794 2546 1846 Εἰ
2587 1793 2644 1846 δὲ
2683 1793 2744 1846 τὸ
2776 1793 2874 1863 μὲν
2899 1792 3173 1864 πλήρωμα
3206 1791 3476 1863 βέϐρωται
3501 1794 3595 1847 καὶ
3618 1795 3714 1846 ἀν-

2119 1882 2358 1948 άλωται,
2379 1884 2628 1953 λείψανον
2657 1883 2714 1936 δὲ
2742 1884 2789 1936 oi
2813 1883 3118 1954 φωστῆρες,
3141 1883 3247 1954 ἄρα
3265 1883 3361 1938 καὶ
3392 1884 3548 1937 αὐτοὶ
3574 1885 3710 1937 ὑπο-

2133 1974 2286 2028 κάτω
2309 1974 2415 2027 τῶν
2443 1973 2871 2049 ἐσταυρωμένων
2908 1975 3185 2045 ἀρχόντων
3213 1976 3363 2039 ὄντες
3395 1974 3709 2046 βρωθήσον-

2131 2081 2242 2129 ται,
2273 2063 2381 2117 τῶν
2417 2065 2692 2135 ἀρχόντων
2735 2065 2833 2136 τὴν
2878 2064 3186 2134 ὲπανότητα
3234 2065 3603 2136 κεκτημένων.
3644 2066 3711 2119 El

2134 2153 2212 2219 δὲ,
2244 2153 2333 2206 διὰ
2371 2153 2434 2206 τὸ
2461 2153 2856 2225 ἐσταυρῶσθαι,
2895 2154 3089 2225 μηκέτι
3125 2155 3382 2209 δύνασθαι
3416 2158 3436 2186 ¹
3473 2159 3531 2209 ὲν
3578 2157 3714 2209 καθ-

2137 2243 2251 2309 έξει
2283 2249 2384 2316 τῆς
2407 2245 2585 2317 ψυχῆς
2621 2247 2717 2300 καὶ
2742 2246 2849 2301 τῶν
2888 2247 3188 2317 φωστήρων
3221 2243 3378 2316 εἷναι,
3407 2248 3656 2302 διέπεσεν
3681 2249 3710 2301 6

2138 2336 2232 2390 σοῦ
2269 2335 2515 2409 ληρώδης
2547 2336 2723 2407 λόγος,
2757 2331 2803 2391 ὧ
2837 2339 3125 2410 Μανιχαῖε.

2206 2510 2342 2570 Εἶτα
2367 2516 2529 2571 πάλιν
2556 2518 2585 2570 6
2611 2516 2774 2581 αὐτὸς
2814 2517 3099 2584 διδάσκων,
3131 2519 3232 2580 ὅτι,
3278 2516 3416 2588 μετά
3437 2517 3500 2570 τὺ
3527 2518 3709 2572 ἐπιτι-

2140 2606 2309 2678 μῆσαι
2340 2605 2419 2676 τῷ
2459 2607 2758 2678 Ὠμοφόρῳ,
2784 2607 2983 2670 ἔκτισε,
3017 2607 3204 2676 φησὶν,
3232 2606 3397 2676 ἑαυτῇ
3421 2607 3516 2658 καὶ¹
3545 2607 3578 2676 ή
3609 2605 3711 2677 ὖλη

2139 2699 2319 2754 πάντα
2348 2696 2417 2752 τὰ
2439 2698 2586 2768 φυτά
2607 2714 2622 2729 °
2654 2699 2748 2752 καὶ
2773 2698 3097 2768 συλωμένων
3125 2696 3234 2751 τῶν
3260 2696 3440 2750 αὐτῶν
3468 2697 3572 2750 ὑπὸ
3602 2699 3711 2751 τῶν

2136 2787 2434 2858 ἀρχόντων,
2467 2785 2720 2841 ἐκάλεσεν
2744 2788 2772 2839 ό
2809 2786 2980 2858 μέγας
3013 2786 3192 2856 ἄρχων
3220 2785 3428 2848 πάντας
3457 2786 3586 2850 τοὺς
3614 2785 3714 2857 ἀρ-

2138 2895 2332 2949 χοντας
2364 2877 2460 2932 καὶ
2487 2877 2847 2948 πρωτίστους,
2882 2876 2976 2930 καὶ
3020 2876 3211 2931 ἔλαϐεν
3254 2877 3350 2931 ἀπ’
3388 2875 3568 2930 αὐτῶν
3609 2877 3715 2931 ἀνά

2143 2969 2272 3039 μίαν
2296 2967 2526 3039 δύναμιν
2545 2985 2558 2998 ’
2593 2968 2687 3022 καὶ
2709 2967 3108 3022 κατεσκεύασεν
3135 2967 3419 3041 ἄνθρωπον
3451 2969 3593 3025 κατά
3613 2970 3714 3042 τὴν

2144 3059 2284 3112 ἰδέαν
2313 3059 2407 3112 τοῦ
2440 3058 2657 3130 πρώτου
2685 3057 2969 3129 ἀνθρώπου
3013 3059 3247 3123 ἐκείνου,
3279 3061 3376 3113 καὶ
3413 3060 3713 3131 ὲδέσμευσε

2139 3151 2237 3222 τὴν
2263 3150 2441 3222 ψυχὴν
2485 3152 2544 3204 ὲν
2581 3148 2751 3219 αὐτῷ.
2786 3149 2935 3221 Αὕτη
2969 3151 3116 3204 ἐστὶν
3157 3152 3189 3222 ἡ
3227 3151 3328 3222 τῆς
3359 3151 3716 3224 συγκράσεως

2141 3242 2418 3308 ὑπόθεσις.
2449 3243 2572 3297 Ὅτι
2598 3242 2654 3296 δὲ
2683 3238 2812 3309 εἶδε,
2841 3244 3027 3313 φησιν,
3060 3243 3088 3297 6
3115 3242 3302 3318 Πατὴρ
3335 3245 3363 3298 ὁ
3400 3243 3507 3308 ζῶν
3537 3243 3718 3299 θλιϐο-

2143 3333 2314 3403 μένην
2349 3334 2447 3403 τὴν
2473 3331 2650 3403 ψυχὴν
2679 3334 2736 3387 ἐν
2759 3332 2835 3403 τῷ
2863 3332 3097 3404 σώματι,
3124 3333 3492 3404 εὖσπλαγχνος
3513 3333 3589 3389 ὢν
3620 3336 3716 3388 καὶ

2141 3425 2405 3495 ἐλεήμων,
2430 3423 2640 3494 έπεμψε
2671 3423 2762 3476 τὸν
2787 3423 2914 3478 Υίὸν
2943 3425 3106 3479 αὑτοῦ
3139 3425 3231 3479 τὸν
3257 3426 3612 3497 ἠγαπημένον
3635 3428 3718 3489 εἰς

2143 3515 2415 3586 σωτηρίαν
2440 3515 2541 3584 τῆς
2566 3515 2764 3585 ψυχῆς.
2794 3515 2892 3568 Διὰ
2917 3515 3026 3588 γὰρ
3053 3516 3260 3587 ταύτην
3290 3517 3389 3587 τὴν
3421 3517 3716 3587 πρόφασιν,

2142 3606 2237 3659 καὶ
2269 3607 2368 3676 τὴν
2416 3605 2509 3658 τοῦ
2562 3607 2858 3679 Ὢμοφόρου
2909 3607 3242 3662 ἀπεστάλθαι
3293 3607 3454 3661 αὑτὸν
3494 3607 3715 3677 φάσκει.

2143 3698 2254 3751 Καὶ
2283 3696 2450 3751 ἐλθὼν
2479 3699 2507 3751 6
2536 3698 2663 3760 Υἱὸς
2697 3700 3161 3771 μετεσχημάτισεν
3192 3701 3383 3754 ἑαυτὸν
3409 3701 3484 3763 είς
3509 3699 3720 3770 ἀνθρὼ-

2145 3804 2246 3839 που
2286 3782 2444 3852 εἶδος,
2489 3787 2584 3840 καὶ
2622 3787 2871 3856 ἐφαίνετο
2910 3793 3019 3852 τοῖς
3061 3789 3362 3857 ἀνθρώποις
3395 3790 3469 3852 ὼς
3506 3789 3713 3859 ἄνθρω-

2145 3896 2265 3942 πος,
2296 3879 2389 3932 καὶ
2420 3881 2469 3932 οἰ
2509 3879 2786 3951 ἄνθρωποι
2829 3881 3098 3935 ὑπέλαϐον
3145 3883 3305 3936 αὑτὸν
3335 3882 3716 3953 γεγεννῆσθαι.

2159 3967 2356 4022 Ἐλθὼν
2382 3964 2497 4032 οὖν,
2535 3971 2628 4022 καὶ
2668 3971 2902 4040 ποιήσας
2935 3971 3032 4042 τὴν
3056 3972 3416 4043 δημιουργίαν
3448 3972 3584 4042 πρὸς
3616 3989 3722 4024 σω-

2147 4059 2340 4130 τηρίαν
2369 4059 2477 4112 τῶν
2517 4059 2841 4132 ἀνθρώπων,
2885 4063 3131 4132 μηχανὴν
3172 4065 3536 4134 συνεστήσατο
3567 4064 3722 4134 ἔχου-

2150 4169 2249 4206 σαν
2274 4150 2478 4206 δώδεκα
2521 4153 2736 4217 κάδους,
2766 4155 2908 4225 ἥτις,
2938 4156 3042 4208 ὑπὸ
3079 4157 3178 4227 τῆς
3217 4157 3450 4227 σφαίρας
3490 4173 3712 4227 στρεφο-

2153 4242 2309 4312 μένη,
2359 4244 2622 4314 ἀνιμᾶται
2668 4243 2777 4297 τῶν
2823 4243 3165 4315 θνησκόντων
3205 4245 3303 4309 τὰς
3363 4246 3558 4316 ψυχάς.
3609 4248 3720 4301 Καὶ

2077 4365 2120 4421 D
2150 4333 2350 4396 ταύτας
2389 4335 2418 4387 6
2461 4333 2632 4404 μέγας
2665 4335 2892 4406 φωστὴρ
2923 4339 3044 4399 ταῖς
3091 4337 3269 4390 ἀκτῖσι
3311 4337 3508 4400 λαϐὼν,
3548 4339 3722 4392 καθα-

2153 4425 2309 4495 ρίζει,
2346 4427 2440 4478 καὶ
2490 4426 2811 4495 μεταδίδωσι
2857 4431 2923 4499 τῇ
2989 4429 3215 4502 σελήνῃο
3252 4430 3344 4483 καὶ
3396 4430 3537 4484 οὕτω
3579 4432 3721 4502 πλη-

2152 4515 2333 4585 ροῦται
2358 4518 2455 4587 τῆς
2501 4517 2729 4588 σελήνης
2752 4520 2782 4572 6
2821 4520 3024 4585 δίσκος,
3057 4522 3085 4574 6
3128 4522 3258 4592 παρ’
3285 4525 3414 4592 ἡμῖν
3443 4539 3721 4594 προσαγο-

2152 4608 2275 4678 ρευό
2282 4625 2462 4678 μενος.

2217 4700 2298 4752 N’.
2335 4700 2445 4752 Καὶ
2471 4701 2603 4772 ὁρᾷς
2648 4701 2786 4771 πόση
2825 4701 3015 4754 τούτου
3048 4702 3142 4756 τοῦ
3188 4703 3381 4774 γόητος
3411 4705 3445 4775 ἡ
3472 4705 3725 4778 ληρώδης

2149 4789 2406 4860 φλυαρία,
2437 4792 2532 4844 καλ¹
2577 4791 2747 4862 μέθης
2775 4791 2948 4864 λήθης
2976 4793 3056 4846 Τὰ
3087 4793 3195 4864 γὰρ
3240 4795 3331 4846 ὑπ’
3359 4796 3525 4849 αὐτοῦ
3569 4794 3742 4865 λεγό-’

2152 4897 2289 4950 μενα
2319 4883 2401 4944 εἰς
2453 4881 2625 4954 λήθην
2669 4884 3011 4953 μεταδίδωσι,
3045 4885 3138 4939 καὶ
3187 4886 3284 4938 ὅσα
3324 4886 3470 4938 δοκεί
3518 4887 3724 4956 λέγειν,
3816 4925 3822 4932 ς

2152 4972 2564 5041 μετασκευάζει,
2618 4974 2714 5028 καὶ
2756 4974 3134 5040 ἀνασκευάζει,
3177 4976 3247 5030 τὰ
3291 4976 3397 5030 ἴδια
3438 4979 3726 5031 καταλύων

2148 5062 2414 5133 δόγματα.
2448 5063 2670 5118 Ἀλλοτε
2703 5065 2802 5135 μὲν
2823 5065 2997 5127 ἄλλως
3023 5067 3119 5120 καὶ
3149 5067 3322 5131 ἄλλως
3347 5067 3723 5139 διηγούμενος,

2150 5156 2242 5208 καὶ
2273 5155 2340 5208 τά
2373 5155 2574 5228 ὕστερα
2605 5156 2673 5210 τὰ
2699 5157 2890 5227 πρῶτα
2916 5157 3194 5220 καταλύει,
3224 5161 3315 5213 καὶ
3343 5158 3379 5212 ἃ
3403 5161 3460 5211 ὲν
3489 5159 3723 5230 πρώτοις

2150 5245 2464 5308 κατέλυσεν,
2507 5242 2663 5308 αὖθις
2709 5246 2869 5299 πάλιν
2913 5247 3202 5318 οἰκοδομεῖ,
3245 5247 3363 5320 [ὡς]
3415 5249 3500 5300 ἵνα
3551 5249 3723 5322 δείξῃ,

2150 5333 2231 5386 ὃτι
2263 5335 2356 5402 ἀφ’
2384 5333 2403 5364 ³
2435 5334 2628 5386 ἑαυτοῦ
2662 5335 2722 5387 οὐ
2772 5334 3125 5406 καθέστηκεν,
3163 5337 3298 5390 ἀλλὰ
3339 5339 3444 5389 ὑπὸ
3479 5339 3718 5407 πνεύμα·

2150 5438 2240 5484 τος
2269 5421 2579 5491 ἀκαθάρτου
2607 5421 2963 5494 ἐλαυνόμενος
2997 5424 3132 5478 ἄλλα
3177 5425 3291 5478 ἀντ’
3320 5425 3494 5478 ἄλλων
3521 5427 3712 5495 διηγεί-

2150 5529 2260 5578 ται,
2303 5511 2548 5584 καθάπερ
2579 5515 2626 5569 οἱ
2662 5515 3074 5586 φρενητιῶντες.
3116 5517 3269 5569 Ἤτοι
3311 5516 3419 5588 γάρ
3450 5516 3548 5589 τὴν
3584 5534 3722 5590 παρ-
