4008 6240
315 340 409 395 ωδ

961 339 1332 399 ADVERSUS
1372 340 1712 398 H/ERESES
1742 342 1869 397 LIB.
1905 340 1969 397 Il.
2010 336 2175 399 ΤΟΜ.
2212 343 2273 399 ll.
2315 374 2383 387 —
2413 343 2688 401 HIERES.
2728 344 2915 401 LXVI.

3446 352 3550 412 106

304 461 490 514 ουσίαν
534 460 677 527 λέγει
716 460 809 512 τοῦ
840 462 1045 532 Κυρίου
1071 464 1226 534 ἡμῶν
1255 465 1428 534 Ἰησοῦ
1456 462 1714 534 Χριστοῦ,
1746 464 1883 534 μετὰ

1987 462 2363 535 quitur,663
2382 465 2540 519 annis
2577 467 2666 521 ille
2685 467 2869 521 multis
2896 474 3081 535 postea
3107 466 3351 538 contigit,
3382 485 3548 539 quam

305 553 475 605 πολλὰ
525 551 617 622 ἔτη
667 553 761 605 τοῦ
814 554 1066 621 γενέσθαι
1116 556 1239 617 τοὺς
1286 558 1596 627 φωστῆρας,
1650 552 1812 626 ἦλθεν
1844 556 1878 625 ἠ

306 645 599 715 παρουσία,
632 645 726 696 καὶ
759 644 894 714 μετὰ
929 645 1026 715 τὴν
1057 647 1184 717 παρ’
1219 645 1365 717 αὐτῷ
1406 646 1650 717 μηχανὴν
1682 647 1878 701 καλου-

308 737 475 806 μένην
517 734 625 787 τῶν
659 734 865 788 δώδεκα
906 736 1103 790 κάδων.
1145 737 1254 791 Ἀεὶ
1296 738 1403 809 γὰρ
1448 740 1505 791 ὲν
1550 738 1763 809 οὐρανῷ
1796 736 1882 803 ἐξ-

303 829 429 879 ότου
459 826 653 895 γέγονε
701 828 956 898 τυγχάνει
982 828 1050 881 τὰ
1078 829 1273 899 ἄστρα,
1312 829 1429 899 ἦτοι
1472 832 1711 899 στοιχεῖα
1744 829 1884 882 αὐτὰ

304 918 490 971 καλεῖν
522 916 821 989 βούλονται,
869 921 985 991 ἦτοι
1019 920 1362 990 διαστήματα
1389 920 1483 973 τοῦ
1528 919 1759 990 ούρανοῦ
1789 920 1883 972 καὶ

309 1006 503 1079 μέτρα.
534 1010 717 1078 Ὅμως
747 1008 854 1063 ἀπὸ
880 1010 1147 1081 τετάρτης
1172 1011 1384 1082 ἡμέρας
1402 1011 1501 1080 τῆς
1530 1012 1882 1081 κοσμοποιίας

304 1100 371 1153 τὰ
407 1100 586 1154 πάντα
613 1101 792 1164 καλῶς
828 1101 1106 1165 τέτακται,
1142 1104 1239 1155 οὐκ
1278 1105 1358 1166 είς
1396 1103 1599 1174 βλάϐην
1642 1105 1750 1157 τῶν
1776 1106 1881 1159 ὑπὸ

305 1189 439 1245 Θεοῦ
472 1191 891 1263 κυριευομένων.
937 1192 1001 1245 Ἢ
1029 1193 1085 1245 δὲ
1116 1194 1207 1247 τοῦ
1245 1194 1480 1266 Χριστοῦ
1524 1196 1793 1267 παρουσία
1824 1200 1881 1250 ὲν

305 1283 383 1354 τῷ
429 1284 900 1353 πεντεκαιδεκάτῳ
930 1282 1039 1337 ἔτει
1069 1283 1321 1356 Τιϐερίου
1366 1286 1642 1358 Καίσαρος
1680 1284 1881 1359 ἤρξατο

305 1376 399 1427 τού
432 1374 805 1446 κηρύγματος,
831 1374 969 1446 μετὰ
984 1376 1300 1446 τριακοστὸν
1317 1378 1433 1440 ἔτος
1453 1379 1550 1449 τῆς
1571 1378 1736 1431 αὑτοῦ
1763 1396 1880 1447 γεν-

304 1466 535 1534 νήσεως,
585 1466 719 1536 ὅπερ
767 1468 1008 1536 κατήντα
1054 1468 1133 1530 είς
1190 1470 1719 1539 πεντακισχιλιοστδν
1769 1470 1878 1541 (55)

307 1557 752 1610 πεντακοσιοστδν
808 1557 993 1608 ἔνατον
1050 1557 1167 1620 ἔτος
1219 1561 1316 1630 τῆς
1362 1561 1735 1630 κοσμοποιίας,
1787 1561 1880 1613 καὶ

305 1648 621 1720 τριακοστὸν
652 1648 750 1719 τῆς
780 1648 941 1701 αὑτοῦ
974 1650 1213 1719 ἡλικίας,
1249 1652 1566 1723 τριακοστὸν
1596 1652 1652 1706 δὲ
1698 1651 1878 1722 τρίτον

307 1740 408 1803 ἕως
435 1739 528 1793 τοῦ
560 1740 811 1812 σταυροῦ.
849 1741 972 1803 Πῶς
998 1736 1088 1793 οὖν
1119 1741 1226 1794 ἀπὸ
1255 1740 1477 1812 πρώτης
1500 1741 1673 1794 ταῦτα
1698 1742 1754 1793 ὲν
1787 1743 1877 1794 ού-

310 1831 453 1901 ρανῷ
486 1830 720 1901 ὑπῆρχε,
763 1832 1048 1901 φωστῆρές
1077 1850 1134 1884 τε
1166 1833 1257 1886 καὶ
1283 1832 1493 1903 arma;
1534 1835 1596 1886 Ei
1622 1833 1677 1886 δὲ
1706 1834 1876 1902 λέγει,

305 1924 419 1994 Πρὸ
453 1922 645 1975 τούτου
684 1923 851 1977 ἐλθὼν
886 1925 1105 1995 ἐποίησε
1138 1924 1332 1986 ταῦτα,
1377 1925 1677 1990 ἁσύστατος
1712 1925 1876 1979 αὐτοῦ

304 2017 337 2085 ἡ
374 2016 630 2086 φλυαρία.
676 2017 811 2088 Πρὶν
836 2017 944 2087 γὰρ
982 2016 1076 2070 τοῦ
1122 2013 1261 2070 εἶναι
1305 2017 1591 2089 ἄνθρωπον
1640 2020 1731 2071 ἐπὶ
1778 2020 1878 2089 τῆς

303 2108 427 2178 γῆς,
463 2108 707 2177 ἐγένοντο
731 2108 797 2162 τά
825 2109 945 2163 κατ’
974 2110 1136 2163 αὐτὸν
1171 2110 1477 2181 καλούμενα
1504 2115 1762 2181 στοιχεῖα,
1789 2113 1879 2165 καὶ

303 2200 353 2252 οί
386 2198 591 2251 δώδεκα
639 2199 813 2269 μάτην
845 2198 1165 2269 καλούμενοι
1215 2198 1387 2261 κάδοι,
1427 2200 1520 2250 καὶ
1553 2201 1585 2268 ἡ
1642 2197 1876 2268 μηχανὴ,

306 2292 370 2360 ἢν
395 2290 641 2359 βούλεται
674 2295 1007 2361 χαριστικοῖς
1051 2290 1275 2360 ὀνόμασι
1315 2290 1601 2358 φαντάζειν
1632 2290 1757 2353 τοὺς
1789 2289 1878 2342 ὑπ’

306 2379 467 2432 αὑτοῦ
500 2380 966 2450 πεπλανημένους.

374 2565 504 2618 NA’.
543 2564 715 2617 Παντὶ
755 2563 863 2634 γὰρ
910 2562 987 2634 τῷ
1041 2564 1254 2617 σύνεσιν
1298 2564 1616 2635 κεκτημένῳ
1652 2568 1881 2635 φανερόν

305 2653 450 2704 ἐστιν
482 2651 576 2705 ἀπ’
609 2652 776 2722 αὐτῆς
796 2652 892 2722 τῆς
915 2654 1133 2723 Γραφῆς
1155 2654 1246 2707 καὶ
1278 2655 1731 2718 ἀκολουθίας,ὅτι,
1753 2660 1883 2728 πρὶν

305 2743 397 2795 τοῦ
428 2742 731 2812 πλασθῆναι
755 2744 847 2795 τὸν
900 2744 1068 2815 Ἀδὰμ
1101 2744 1190 2797 τὸν
1224 2747 1645 2817 πρωτόπλαστον
1676 2748 1884 2820 ἄνθρω-

307 2851 427 2896 πον,
463 2836 747 2902 γεγόνασιν
776 2836 831 2888 ὲν
857 2838 922 2906 τῇ
950 2835 1180 2908 τετάρτῃ
1207 2839 1390 2910 ἡμέρᾳ
1418 2841 1617 2905 πάντες
1643 2840 1693 2895 οἱ
1725 2842 1884 2895 ἀστέ-

310 2940 399 2996 ρες
449 2928 543 2981 καὶ
586 2927 635 2979 οἱ
684 2925 1005 2998 φωστῆρες.⁹
1033 2921 1198 2992 Οὗτος
1241 2929 1296 2983 δὲ
1340 2929 1509 2999 λέγει,
1555 2932 1638 2985 δτι
1690 2926 1882 2995 ⁷Ηλθε,

307 3016 464 3085 φησὶ,
498 3014 719 3086 ποιῆσαι
765 3018 890 3080 τοὺς
931 3017 1136 3071 δώδεκα
1169 3020 1362 3084 κάδους
1404 3025 1460 3074 ὲν
1511 3021 1625 3093 ἰδέᾳ
1672 3019 1882 3092 ἀνθρὼ-

307 3124 410 3161 που
436 3148 452 3172 ,
501 3109 597 3161 καὶ
636 3110 887 3177 ἐφαίνετο
923 3111 1382 3183 τοῖςυάνθρώποις
1426 3113 1728 3184 ἄνθρωπος,
1779 3114 1882 3168 κᾶν
1908 3137 1952 3193 C

307 3200 539 3270 ἀγνοῶν,
570 3200 720 3272 [κᾶν]
750 3202 845 3273 τὴν
874 3203 931 3270 ἐξ
962 3204 1213 3275 ὑπαρχῆς
1271 3207 1645 3278 γεγενημένην
1677 3207 1885 3261 οἰκονο-

311 3294 440 3365 μίαν
472 3292 684 3363 νομίζει
721 3312 772 3347 τι
818 3294 1016 3362 λέγειν,
1064 3296 1155 3347 καὶ
1187 3295 1262 3359 ὡς
1304 3295 1501 3363 τυφλὸς
1536 3296 1727 3349 ἑαυτὸν
1758 3296 1885 3366 ὁδη-

305 3386 418 3454 γῶν
448 3389 560 3447 τοῖς
610 3385 699 3437 ὑπ’
731 3385 895 3438 αὐτοῦ
926 3385 1250 3453 τυφλωθεῖσι
1284 3386 1352 3439 τὰ
1387 3385 1771 3456 προχωροῦντα
1806 3388 1885 3450 είς

306 3477 598 3548 ψεύσματα
646 3477 955 3547 ὑφηγεῖται.
1008 3475 1299 3546 Παρούσης
1348 3476 1404 3528 δὲ
1456 3476 1553 3546 τῆς
1604 3476 1883 3547 ἀληθείας,

309 3568 400 3619 καὶ
438 3564 761 3635 ἀνοιγούσης
792 3565 859 3618 τὰ
888 3565 1110 3635 δμματα
1139 3565 1227 3618 διὰ
1258 3566 1363 3617 τῶν
1398 3564 1654 3631 συνετῶν,
1683 3568 1763 3630 είς
1791 3565 1886 3635 γέ-

308 3658 452 3711 λωτα
488 3658 641 3728 φέρει
668 3657 766 3726 τὴν
795 3656 959 3710 αὐτοῦ
1002 3654 1289 3727 ληρωδίαν.
1330 3658 1509 3720 Ποίοις
1537 3656 1644 3728 γὰρ
1673 3657 1885 3729 ἀνθρώ-

311 3766 432 3812 ποις
459 3750 707 3817 ἐφαίνετο
730 3751 840 3804 τοῖς
870 3749 944 3819 μὴ
975 3746 1310 3819 ύπάρχουσι;
1347 3748 1469 3812 Πῶς
1500 3749 1555 3802 δὲ
1590 3751 1644 3801 ὲν
1673 3749 1886 3820 ἀνθρώ.

312 3858 414 3893 που
451 3840 701 3909 ἐφαίνετο
745 3840 879 3910 ἰδέᾳ,
923 3842 951 3892 ὁ
990 3838 1065 3909 μὴ
1110 3838 1288 3892 λαϐὼν
1322 3839 1516 3909 σῶμα;
1554 3841 1663 3893 Καὶ
1696 3843 1742 3893 εί
1789 3841 1887 3911 μὲν

312 3934 368 3985 ὲν
397 3934 463 4002 τῇ
500 3930 747 4001 ὲνσάρκῳ
782 3930 1050 4001 παρουσίᾳ
1080 3929 1315 4000 ἐπλήρου
1348 3926 1504 3983 τοῦτο
1544 3931 1884 4002 φαινόμενος,

313 4024 403 4076 καὶ
439 4022 514 4093 μὴ
548 4021 644 4085 ὢν,
676 4020 894 4089 δόκησις
926 4022 1034 4092 ἄρα
1071 4016 1140 4091 ἦν
1178 4020 1245 4074 τὰ
1278 4022 1595 4093 πράγματα.
1631 4021 1773 4092 ’Ἄρα
1795 4018 1887 4076 οὖν

312 4115 372 4167 οὐ
406 4113 666 4182 πέφηνεν,
700 4112 818 4165 οὐδὲ
850 4108 1032 4182 ἦλθεν.
1070 4112 1131 4165 Εί
1161 4112 1268 4184 γὰρ
1306 4112 1474 4165 ἐλθὼν
1502 4115 1600 4165 ούκ
1644 4108 1733 4183 ἦν,
1769 4113 1887 4168 οὐδὲ

313 4200 474 4273 ἦλθεν
520 4204 614 4257 ἀπ’
662 4204 853 4275 ἀρχῆς.
900 4204 962 4256 Εἰ
1008 4203 1066 4255 δὲ
1115 4202 1393 4273 ἐνομίζετο
1446 4204 1543 4272 μὲν
1581 4204 1884 4274 ἄνθρωπος,

313 4297 410 4349 οὐκ
439 4292 505 4365 ἦν
547 4296 604 4348 δὲ
646 4295 947 4365 ἄνθρωπος,
989 4295 1042 4347 τί
1092 4295 1152 4347 τὸ
1201 4292 1446 4365 ὲπῆξαν¹
1487 4293 1576 4347 τὸν
1611 4294 1704 4348 τοῦ
1752 4296 1887 4349 Θεοῦ

312 4389 484 4456 Λόγον
515 4386 798 4457 ἄνθρωπον
834 4384 1065 4455 φανῆναι
1098 4385 1171 4455 μὴ
1201 4384 1354 4449 avra;
1375 4384 1438 4436 Εἰ
1473 4383 1545 4454 μή
1576 4401 1629 4436 τι
1659 4385 1766 4437 ἀπὸ
1797 4386 1888 4439 δα-

1983 562 2076 607 aut
2100 554 2278 608 sidera
2317 555 2583 623 producta
2616 563 2767 618 sunt,
2803 564 2897 609 aut
2923 556 3014 610 illa
3045 557 3421 612 duodenorum
3456 574 3551 613 ca-

1982 643 2176 698 dorum
2205 645 2457 698 machina
2484 645 2713 699 exstitit.
2747 645 2824 699 Ex
2853 661 2961 716 quo
2997 648 3139 702 enim
3169 655 3314 702 astra
3349 650 3551 718 produ-

1981 743 2069 788 cta
2100 743 2247 799 sunt,
2286 736 2337 788 iu
2369 736 2509 790 caalo
2532 744 2792 805 perpetuo
2827 736 3064 802 fuerunt,
3098 738 3212 794 sive
3241 739 3429 793 eadem
3458 742 3548 794 illa

1983 828 2177 882 malint
2206 829 2497 895 elementa,
2534 830 2649 884 sive
2681 830 2806 883 coeli
2841 833 3016 900 spatia
3046 847 3109 886 ac
3139 848 3426 889 mensuras
3454 850 3551 905 ap-

1982 920 2207 989 pellare.
2246 919 2534 990 Utcunque
2558 922 2647 984 sit,
2680 937 2745 976 ex
2769 930 2961 990 quarta
2989 923 3281 978 creationis
3304 924 3391 979 die
3411 924 3551 979 bene

1982 1014 2281 1066 constituta
2330 1023 2457 1067 sunt
2510 1013 2723 1076 omnia,
2772 1013 3015 1083 nihilque
3053 1016 3119 1069 ad
3160 1031 3379 1079 eorum,
3429 1032 3550 1087 quae

1982 1104 2086 1160 sub
2112 1102 2206 1158 Dei
2233 1103 2439 1159 ditione
2470 1112 2619 1168 sunt,
2651 1104 2944 1173 perniciem
2964 1113 3045 1159 est
3069 1105 3291 1161 factum.
3326 1106 3394 1161 At
3424 1124 3551 1163 vero

1981 1194 2235 1249 Christus
2279 1203 2399 1264 post
2441 1211 2600 1249 suum
2641 1196 2696 1250 in
2750 1197 2895 1250 hunc
2946 1198 3207 1251 mundum
3260 1198 3547 1252 adventum

1981 1297 2126 1337 anno
2156 1283 2369 1338 decimo
2390 1286 2581 1354 quinto
2615 1285 2817 1340 Tiberii
2844 1288 3076 1342 Caesaris
3110 1281 3563 1355 praedicationem

1979 1389 2215 1429 exorsus
2258 1382 2363 1437 est,
2395 1384 2520 1444 post
2550 1391 2752 1430 annum
2798 1392 2827 1430 a
2860 1378 3143 1433 nativitate
3187 1378 3549 1441 tricesimum,

1979 1464 2073 1534 qui
2121 1465 2175 1519 in
2220 1465 2511 1536 quinquies
2555 1466 2900 1520 millesimum
2946 1482 3008 1520 ac
3054 1467 3548 1537 quingentesimum

1980 1571 2182 1610 nonum
2218 1571 2419 1611 annum
2455 1558 2656 1612 conditi
2691 1558 2838 1613 orbis
2870 1558 3120 1621 incurrit,
3163 1565 3354 1628 estque
3389 1558 3546 1613 trice-

1979 1647 2175 1709 simus,
2211 1647 2286 1700 uti
2322 1647 2455 1710 dixi,
2486 1649 2661 1702 aetatis
2698 1647 2842 1703 illius
2868 1662 3079 1714 annus;
3112 1664 3236 1702 nam
3276 1647 3551 1703 tricesimo

1980 1738 2142 1793 tertio
2172 1738 2225 1791 in
2260 1752 2479 1793 crucem
2515 1747 2669 1792 actus
2700 1746 2802 1795 est.
2843 1739 3075 1806 Quinam
3116 1740 3280 1810 igitur
3306 1739 3419 1795 ﬁeri
3449 1754 3548 1810 po-

1980 1835 2105 1891 test,
2137 1836 2194 1883 ut
2235 1829 2347 1883 haec
2370 1829 2422 1883 in
2461 1830 2599 1883 coelo
2625 1830 2892 1899 principio
2914 1829 3135 1897 fuerint,
3168 1831 3377 1900 majora
3403 1831 3554 1886 vide-

1978 1919 2107 1974 licet
2150 1920 2471 1988 minoraque
2519 1920 2739 1975 sidera?
2793 1919 2847 1974 Si
2894 1930 3020 1977 ante
3056 1922 3159 1976 hoc
3199 1929 3414 1992 tempus
3463 1938 3553 1977 vc-

1980 2011 2149 2074 nisse,
2186 2018 2350 2079 atque
2374 2011 2462 2063 illa
2493 2010 2821 2080 produxisse
2851 2012 3019 2077 dicat,
3067 2027 3175 2067 non
3203 2021 3383 2082 potest
3406 2013 3554 2069 illius

1987 2100 2170 2155 fabula
2197 2103 2519 2158 consistere.
2548 2102 2759 2157 Etenim
2799 2104 3114 2173 priusquam
3146 2104 3200 2158 in
3220 2105 3384 2160 terris
3412 2116 3558 2161 esset

1983 2194 2167 2257 homo,
2196 2209 2315 2264 qua:
2355 2195 2588 2265 appellat
2622 2196 2890 2250 elementa
2921 2197 3184 2266 producta
3217 2196 3410 2261 fuisse,
3436 2214 3558 2268 per-

1982 2285 2217 2356 indeque
2256 2294 2311 2341 et
2346 2302 2515 2343 vanos
2562 2288 2686 2341 illos
2730 2289 2897 2342 cados
2948 2290 3253 2359 molemque
3295 2290 3555 2353 defendit,

1982 2392 2143 2447 quam
2174 2378 2435 2447 jucundis
2467 2379 2792 2448 quibusdam
2820 2381 3279 2450 appellationibus
3313 2382 3434 2438 idco
3465 2386 3559 2440 de-

1982 2466 2195 2531 scribit,
2233 2476 2293 2521 ut
2323 2482 2353 2520 a
2381 2483 2439 2522 se
2470 2468 2711 2537 deceptis
2741 2470 3056 2526 hominibus
3088 2472 3298 2525 illudat.

2054 2556 2140 2611 Ll.
2183 2556 2319 2611 Nam
2375 2572 2443 2613 ex
2488 2559 2607 2629 ipsa
2632 2558 2941 2615 divinarum
2984 2560 3390 2632 Scripturarum
3417 2564 3561 2618 serie

1982 2649 2208 2705 cuilibet
2261 2649 2519 2720 prudenti
2558 2650 2911 2706 manifestum
2956 2660 3061 2715 est,
3114 2658 3404 2722 antequam
3446 2654 3561 2723 pri-

1983 2756 2108 2796 mus
2143 2749 2331 2797 noster
2368 2756 2565 2811 parens
2608 2741 2855 2797 Adamus
2892 2758 2921 2796 a
2957 2742 3065 2797 Deo
3096 2742 3443 2809 formaretur,
3474 2744 3561 2799 die

1984 2840 2181 2901 quarto
2212 2848 2335 2886 cum
2365 2832 2572 2902 reliqua
2602 2832 2804 2897 sidera,
2844 2841 2959 2888 tum
2993 2835 3199 2904 majora
3222 2836 3329 2889 duo
3354 2836 3556 2905 produ-

1983 2930 2093 2975 cta.
2124 2920 2193 2975 At
2227 2922 2318 2975 ille
2351 2940 2364 2975 :
2397 2920 2581 2984 Venit,
2626 2922 2820 2992 inquit,
2851 2922 3132 2979 duodenos
3168 2932 3228 2978 ut
3275 2925 3443 2982 cados
3476 2926 3526 2980 fa

1985 3012 2244 3075 bricaret,
2293 3012 2394 3067 sub
2426 3012 2665 3067 hominis
2711 3016 2912 3083 specie,
2958 3023 3119 3085 atque
3147 3017 3413 3085 ejusmodi
3467 3018 3543 3072 ho

1983 3106 2219 3161 minibus
2248 3107 2515 3177 apparuit.
2548 3108 2603 3161 ln
2639 3123 2747 3178 quo
2785 3116 2952 3163 totam
2993 3109 3137 3164 illam
3170 3110 3562 3169 incarnationis

1989 3197 2516 3253 administrationem
2561 3199 2822 3269 ignorans
2868 3200 3050 3256 dicere
3096 3215 3156 3257 se
3204 3203 3562 3259 nihilominus

1990 3290 2195 3360 aliquid
2242 3291 2557 3356 existimat;
2605 3306 2669 3345 ac
2709 3292 2855 3345 velut
2886 3307 3067 3349 caecus
3096 3295 3446 3365 semetipsum
3487 3300 3563 3351 di-

1989 3379 2171 3451 rigens
2199 3380 2266 3435 iis
2293 3394 2525 3451 quorum
2566 3380 2779 3435 animos
2819 3381 3132 3448 obeazcavit,
3171 3385 3377 3455 reliqua
3409 3386 3563 3441 dein-

1991 3487 2119 3543 ceps
2165 3471 2449 3527 mendacia
2490 3471 2766 3527 narrando
2811 3473 3063 3543 pertexit.
3110 3472 3233 3529 Mox
3280 3486 3458 3533 autem
3504 3491 3563 3533 ut

1991 3563 2185 3619 adesse
2215 3563 2419 3619 veritas
2444 3563 2628 3633 cccpit,
2654 3572 2707 3619 et
2737 3563 3062 3633 sapientium
3092 3566 3335 3621 virorum
3361 3569 3562 3625 beneti-

1992 3653 2078 3707 cio
2106 3655 2296 3710 oculos
2324 3655 2555 3724 aperire,
2593 3662 2703 3710 tota
2736 3656 2848 3709 haec
2878 3656 3059 3710 fabula
3090 3656 3145 3711 in
3178 3658 3351 3713 risum
3384 3675 3447 3714 ac
3478 3662 3564 3714 lu-

1992 3744 2228 3799 dibrium
2261 3745 2600 3800 dissolvitur.
2632 3744 2842 3810 Quibus
2885 3746 3030 3800 enim
3068 3747 3286 3802 tandem
3328 3749 3565 3805 homini-

1991 3836 2116 3900 bus,
2167 3837 2258 3906 qui
2307 3837 2441 3890 nulli
2488 3844 2664 3902 erant,
2719 3851 2979 3907 apparere
3024 3839 3237 3907 potuit?
3279 3839 3564 3906 Quomodo

1993 3943 2122 3983 vero
2176 3928 2416 3984 hominis
2465 3929 2646 3998 specie
2693 3929 2863 3984 videri
2920 3939 3154 3999 poterat,
3215 3933 3306 4002 qui
3351 3936 3560 3988 nullum

1993 4036 2193 4089 corpus
2228 4020 2510 4075 induerat?
2549 4020 2626 4075 Ac
2667 4021 2711 4075 si
2743 4030 2880 4086 tum,
2929 4038 3053 4077 cum
3103 4038 3268 4079 carne
3304 4026 3566 4094 praeditus

1993 4113 2236 4176 advenit,
2272 4110 2497 4181 perfecit
2528 4112 2681 4177 illud,
2715 4122 2773 4167 ut
2798 4115 2942 4183 quod
2971 4129 3081 4168 non
3112 4122 3230 4168 erat
3258 4130 3380 4171 esse
3410 4117 3562 4169 νὶιΙυ-

1995 4214 2166 4269 retur,
2213 4210 2385 4257 totum
2435 4204 2567 4258 illud
2616 4206 2892 4276 negotium
2950 4206 3085 4259 nihil
3128 4207 3317 4261 habuit
3366 4219 3565 4278 prastcr

1994 4296 2306 4365 Opinionem
2344 4310 2407 4350 ac
2452 4296 2688 4366 speciem
2720 4312 2732 4347 :
2772 4312 2943 4365 quare
2976 4305 3153 4367 neque
3197 4301 3447 4368 apparuit
3476 4317 3566 4354 nc-

1996 4400 2103 4453 que
2140 4386 2307 4439 venit.
2353 4384 2489 4438 Nam
2525 4387 2571 4441 si
2605 4386 2823 4455 quando
2859 4387 3007 4441 venit
3040 4400 3097 4441 re
3128 4388 3241 4457 ipsa
3276 4404 3386 4444 non
3423 4401 3562 4453 erat,

314 4480 541 4533 νειστῶν
585 4478 875 4548 ἑλκόμενος
907 4476 1163 4547 ἠϐούλετο
1196 4475 1384 4530 ἑαυτὸν
1419 4476 1884 4546 σχηματοποιῆσαι

1997 4490 2065 4531 ne
2102 4476 2318 4531 venisse
2368 4476 2589 4548 quidem
2648 4476 2912 4531 dicendus
2957 4484 3063 4532 est.
3104 4478 3268 4550 664
3305 4474 3462 4545 Quod
3520 4482 3568 4537 si

318 4571 481 4635 ἰδέαν,
514 4571 599 4623 ἵνα
639 4569 841 4640 δυνηθῇ
878 4569 1059 4621 λαθεῖν
1111 4569 1235 4631 τοὺς
1277 4568 1438 4621 αὑτὸν
1476 4566 1885 4638 ἐπιζητοῦντας.

318 4665 378 4716 Εἰ
406 4664 462 4715 δὲ
497 4663 591 4715 καὶ
624 4659 892 4731 ἐφαίνετο,
935 4662 1030 4714 καὶ
1060 4661 1161 4713 οὐκ
1203 4656 1291 4731 ἦν,
1328 4658 1456 4712 ποία
1484 4676 1567 4723 τις
1593 4655 1658 4730 ἦν
1685 4658 1823 4728 αὕτη
1855 4659 1888 4730 ὴ

315 4754 577 4824 ἁλήθεια;
623 4753 711 4805 Ἐν
740 4751 967 4822 ἀληθείᾳ
995 4752 1102 4821 γὰρ
1136 4752 1237 4804 οὐκ
1264 4750 1340 4803 ἔνι
1372 4750 1611 4820 ψεῦσμα,
1638 4750 1713 4813 ὡς
1741 4750 1889 4819 λέγει

316 4843 444 4914 περὶ
483 4842 648 4895 αὐτοῦ
674 4844 702 4895 ὁ
736 4842 1075 4912 Μονογενής’
1109 4842 1192 4895 ὅτι
1234 4839 1381 4910 Ἐγώ
1411 4840 1527 4909 είμι
1567 4842 1604 4907 ἡ
1639 4840 1889 4905 ἀλήθεια

316 4935 415 4988 καὶ
438 4935 476 4999 ἡ
512 4933 643 5002 ζωή.
690 4935 755 4986 Ἥ
788 4934 844 4987 δὲ
871 4930 985 5003 ζωὴ
1011 4932 1237 4987 θάνατον
1261 4933 1359 4985 οὐκ
1389 4933 1521 5002 ἔχει.
1559 4932 1670 4985 Καὶ
1697 4933 1730 5003 ἡ
1756 4931 1890 5003 ἀλή-

386 5089 405 5122 ¹
430 5090 555 5145 Cor.
589 5088 831 5154 ὲπεῖξαν.

275 5294 285 5303 ,
344 5310 345 5313 η
409 5245 702 5313 53)”Οπερ
752 5244 1017 5311 κατήντα
1040 5246 1127 5310 εὶς
1168 5244 1797 5311 πεντακισχιλιοστόν.
1830 5240 1889 5296 Si

317 5310 572 5369 Christus
607 5310 752 5366 anno
786 5310 962 5367 astatis
994 5330 1097 5366 xxx
1128 5315 1435 5382 baptizatus
1464 5310 1592 5374 "est,
1645 5313 1800 5381 isque
1858 5327 1888 5365 a

323 5384 504 5436 mundi
563 5384 786 5436 ccuditn
837 5384 996 5436 fuerit
1050 5382 1187 5437 5509
1234 5398 1433 5439 annus.
1489 5393 1649 5435 natus
1688 5382 1793 5435 erit
1823 5397 1886 5434 ex

325 5453 606 5521 Epiphanii
638 5456 930 5516 sententia,
964 5467 1105 5505 anno
1150 5454 1337 5506 mundi
1376 5452 1534 5506 5580.
1585 5452 1777 5503 Varias
1824 5467 1889 5503 ex

323 5521 754 5577 LXXscnim-um
812 5523 1111 5575 ratiociniis
1180 5537 1446 5575 annorum
1513 5536 1756 5575 summas
1824 5521 1893 5574 ab

326 5594 452 5646 orbe
484 5592 705 5646 condito
757 5594 1015 5646 collectas
1063 5591 1236 5646 fuisse
1265 5591 1437 5646 Graeci
1474 5592 1889 5655 demonstrant;

326 5677 446 5717 nam
480 5671 677 5731 prtetcr
704 5665 846 5717 hanc
869 5661 1181 5731 Epipltanii,
1207 5660 1647 5732 Martyrologium
1685 5662 1884 5732 Roma:

327 5747 451 5787 num
486 5730 659 5785 aliam
710 5730 983 5797 instituit,
1005 5732 1306 5786 secundum
1342 5730 1523 5802 quam
1557 5731 1625 5785 ad
1676 5730 1883 5785 Christi

683 5824 954 5889 ΡΑτιιοι..
984 5826 1100 5885 Gn.
1139 5823 1332 5884 XL".

1994 4564 2158 4619 homo
2187 4580 2307 4621 esse
2330 4564 2674 4629 credebatur,
2709 4581 2811 4620 nec
2837 4581 2896 4619 re
2918 4567 3034 4635 ipsa
3061 4574 3240 4622 tamen
3270 4576 3409 4631 erat,
3433 4570 3564 4639 quid

1993 4663 2114 4711 erat
2144 4655 2290 4725 quod
2324 4656 2565 4711 divinum
2592 4654 2831 4711 Verbum
2863 4666 3078 4727 urgeret
3118 4660 3272 4723 adeo,
3306 4668 3364 4713 ut
3402 4660 3568 4716 homo

1995 4762 2119 4801 cum
2153 4762 2261 4801 non
2300 4756 2447 4802 esset
2475 4750 2800 4818 appareret?
2834 4749 2950 4805 Nisi
2981 4751 3117 4807 forte
3142 4767 3171 4806 a
3203 4754 3568 4810 creditoribus

1972 4846 2247 4904 vexatus,
2294 4854 2435 4894 novo
2475 4840 2579 4894 hoc
2609 4845 2760 4895 cultu
2798 4856 2861 4896 ac
2899 4841 3071 4913 ﬁgura
3101 4845 3450 4902 dissimulare
3480 4865 3567 4902 sc-

1996 4933 2177 5003 ipsum
2221 4934 2403 5000 vellet,
2448 4942 2507 4988 ut
2546 4949 2643 4989 eos
2676 4948 2707 4987 a
2739 4934 2942 5005 quibus
2980 4937 3325 5006 quaerebatur
3354 4940 3564 4994 lateret.

1986 5241 2221 5295 natalem
2253 5239 2382 5293 anni
2418 5250 2777 5294 numerantur
2806 5242 2966 5295 5l99.
3019 5241 3222 5296 Praeter
3258 5243 3397 5295 hanc
3451 5249 3565 5295 tres

1991 5312 2127 5365 alias
2149 5312 2327 5382 inusti
2350 5310 2797 5382 essereperimus
2818 5332 2829 5365 :
2851 5315 3024 5382 prima
3045 5324 3261 5380 estquia:
3284 5312 3562 5365 Christum

1992 5395 2137 5433 anno
2168 5380 2328 5443 5493,
2365 5378 3044 5450 νο15494,ιιιιιιηη“ρυιτιῐ,
3079 5378 3199 5449 quae
3222 5397 3250 5433 a
3291 5384 3565 5435 nonnullis
3621 5420 3633 5431 .

1992 5450 2335 5503 Antiochena
2365 5450 2713 5513 nominatur;
2747 5450 3005 5513 secunda,
3038 5466 3157 5518 qua:
3185 5450 3387 5504 Christi
3422 5457 3564 5504 nati-

1993 5521 2214 5573 vitatem
2249 5519 2303 5572 in
2339 5535 2541 5572 annum
2566 5518 2705 5571 5500
2738 5520 2981 5586 conjicit,
3004 5535 3167 5588 quam
3196 5518 3561 5589 [Elltiopit‘um

1996 5590 2303 5659 appellant;
2327 5590 2648 5659 tertia,qu_a:_
2677 5596 2739 5659 et;
2758 5589 2998 5659 annuum
3019 5591 3372 5644 celeberrima
3402 5601 3481 5645 cst
3512 5600 3565 5641 rt

1998 5656 2378 5719 usitatissima,
2413 5658 2482 5711 ab
2534 5656 2683 5709 Orbis
2730 5656 2887 5707 initio
2940 5659 3004 5712 ad
3062 5659 3266 5714 Christi
3327 5663 3562 5713 natalem

1990 5744 2166 5784 annos
2189 5737 2346 5799 putat
2376 5728 2533 5782 5509.
2572 5724 2643 5777 De
2682 5724 2747 5778 iis
2770 5726 2907 5782 alias
2942 5730 3165 5785 uberius
3198 5731 3555 5788 disseremus.

3198 5817 3235 5882 ἢ
