4008 6240
439 400 542 458 107

1807 395 1865 450 s.
1906 377 2248 452 serenam:

3575 392 3682 450 £03

440 515 642 572 Deinde
683 516 734 573 si
767 513 910 586 quod
961 521 1230 571 non-erat
1272 529 1398 571 esse
1427 513 1578 572 visus
1607 524 1711 580 est,
1751 533 2000 586 quaenam

2108 518 2222 572 θεια
2245 518 2344 570 οὐκ
2373 516 2438 570 ἂν
2471 515 2752 569 ἀλλοίωσιν
2785 514 3063 584 ὑπομένοι,
3093 513 3178 566 ἵνα
3207 511 3282 592 μὴ
3303 511 3401 584 τὴν
3423 511 3683 583 ἀλήθειαν

439 607 555 660 hare
600 607 798 661 veritas
849 606 990 660 fuit?
1039 606 1206 661 Abest
1249 605 1400 660 enim
1431 620 1463 659 a
1515 607 1742 663 veritate
1783 607 2004 662 menda-

437 699 616 755 cium.
653 712 753 766 pro
773 713 844 752 eo
882 713 946 752 ac
983 697 1051 752 de
1087 713 1161 752 se
1199 695 1525 766 'Uaigenitus
1570 701 1688 768 ipse
1725 706 1954 752 testatur
1985 716 1999 752 :

440 784 549 856 Ego
577 803 695 840 sunt
729 787 923 843 vetitas
947 789 1162 840 .etvita
1189 787 1228 838 ⁸.
1272 783 1397 840 vna
1441 787 1634 841 mortis
1663 794 1747 842 est
1787 801 2003 858 expers.

440 874 647 933 Veritas
675 879 1032 933 mutationem
1064 875 1266 952 nullam
1297 877 1549 943 sustinet,
1587 891 1654 932 ne
1686 877 1755 931 ab
1784 891 1847 931 ea
1873 892 2002 946 per-

442 965 662 1020 turbata
688 966 1042 1021 veritasesse
1079 963 1308 1020 desinat.
1334 964 1697 1030 Quamobrem
1741 965 1850 1020 ruit
1885 980 2004 1020 om-

439 1055 526 1111 nis
565 1057 711 1112 illius
753 1057 1438 1128 undequ—aqueztragoedia.
1488 1054 1621 1110 Nam
1663 1072 1838 1127 neque
1885 1065 2006 1127 post

2101 608 2384 678 ταράξασα
2417 606 2614 678 μηκέτι
2661 604 2886 677 ἀλήθεια
2915 603 3158 674 γένηται.
3209 603 3316 655 Kal
3345 602 3592 656 διέπεσεν
3615 605 3689 655 ἐκ

2104 700 2306 762 παντὸς
2333 699 2493 767 λόγου
2531 699 2564 769 ἡ
2602 696 2770 751 αὑτοῦ
2797 695 3198 768 τραγῳδοποιὸς
3233 693 3506 758 ὑπόθεσις.
3541 693 3685 747 Οὔτε

2103 789 2213 860 γὰρ
2248 789 2388 860 μετᾶ
2423 789 2522 858 τὴν
2557 782 2854 859 παρουσίαν
2906 787 2976 840 τὰ
3018 787 3192 856 ἄστρα
3225 784 3525 846 κέκτισται,
3558 785 3686 838 οὐδὲ

2103 882 2210 950 πρὸ
2236 880 2330 933 τοῦ
2362 881 2614 949 γενέσθαι
2654 869 2830 952 ἄστρα
2857 879 3132 950 ἄνθρωποι
3159 872 3321 950 ἦσαν.
3359 878 3469 930 Kal
3496 877 3683 931 ὲντεῦ-

2083 969 2201 1023 θεν
2225 969 2320 1022 καὶ⁵
2351 971 2560 1023 ἐκεῖθεν
2589 969 2936 1042 έξελήλεκται
2964 971 2995 1024 δ
3021 967 3222 1034 πλάνος
3253 969 3573 1038 ΜανιχαῙος,
3604 968 3682 1030 ὡς

2111 1058 2211 1129 ἤδη
2247 1077 2338 1129 μοι
2365 1062 2476 1115 ἂνω
2500 1062 2815 1133 δεδήλωται.

438 1149 729 1203 adventum
779 1147 993 1202 Domini
1022 1148 1300 1203 fabricata
1337 1157 1464 1204 sunt
1511 1148 1689 1204 sidera
1715 1189 1730 1211 ,
1787 1163 1887 1203 nec
1925 1149 2174 1208 homines
2216 1164 2505 1223 antequam
2554 1155 2645 1208 illa
2699 1153 3064 1210 conderentur
3111 1153 3456 1210 exstiterunt.
3500 1153 3680 1208 Adeo-

437 1255 544 1310 que
573 1247 688 1316 tam
736 1237 860 1292 hinc
885 1253 1050 1306 quam
1091 1238 1264 1304 illinc,
1309 1248 1380 1292 ut-
1406 1247 1563 1293 antea
1603 1238 1994 1305 demonstravi,
2036 1238 2366 1298 Manichqu
2421 1244 2692 1312 impostor
2719 1235 3007 1298 refellitur.

508 1332 615 1386 ιιι.
654 1331 787 1386 Nam
826 1333 968 1402 quod
1009 1331 1077 1387 de
1110 1333 1233 1386 luna
1275 1331 1448 1410 lingit,
1483 1332 1602 1402 ejus
1635 1332 1820 1387 orbem
1854 1347 2008 1386 rece-

439 1427 548 1496 ptis
592 1425 878 1478 animabus
921 1424 1155 1493 impleri,
1186 1425 1344 1479 velim
1375 1424 1504 1478 mihi
1531 1423 1702 1486 dicas.
1736 1425 2009 1494 quomodo

439 1515 584 1572 idem
611 1516 704 1570 ille
727 1515 883 1570 orbis
912 1515 1120 1585 impleri
1170 1516 1365 1586 potuit,
1398 1523 1686 1586 antequam
1724 1516 2009 1571 hominum

437 1605 728 1674 quisquam
759 1604 815 1658 in
849 1612 991 1658 terra
1022 1604 1352 1660 moreretur?
1377 1603 1434 1659 Si
1470 1604 1687 1673 quidem
1720 1613 1842 1675 post
1870 1620 2008 1660 non-

2181 1335 2306 1390 NB'.
2340 1331 2474 1408 Περὶ
2501 1337 2558 1391 δὲ
2596 1337 2696 1407 τῆς
2739 1329 3169 1408 ὑποθέσεωςτῆς
3197 1336 3424 1410 σελήνης
3454 1336 3679 1406 φάσκει,

2111 1429 2192 1482 ὅτι
2220 1431 2282 1482 ὲκ
2309 1430 2416 1482 τῶν
2447 1430 2637 1500 ψυχῶν
2660 1433 2688 1484 ό
2715 1431 2891 1494 δίσκος
2927 1430 3290 1500 ἐμπίπλαται.
3324 1431 3459 1501 Πρὶν
3491 1430 3548 1482 δὲ
3585 1432 3680 1482 τοῦ

2111 1519 2398 1574 ἀποθανεῖν
2428 1521 2710 1592 ἄνθρωπον
2738 1522 2829 1574 ἐπὶ
2854 1520 2951 1592 τῆς
2973 1520 3098 1590 γῆς,
3126 1521 3289 1574 πόθεν
3312 1519 3683 1590 ἐνεπίμπλατο

2109 1611 2139 1663 δ
2169 1610 2386 1676 δίσκος;
2429 1611 2582 1665 Μετὰ
2625 1613 2740 1682 γὰρ
2787 1611 3164 1666 ὲνακοσιοστὸν
3211 1611 3304 1665 καὶ
3357 1607 3682 1681 τριακοστὸν

439 1702 634 1763 gentos
672 1701 726 1749 et
760 1694 982 1766 triginta
1017 1709 1213 1758 annos,
1243 1710 1384 1766 quos
1416 1696 1660 1753 Adamus
1693 1697 1847 1763 vixit,
1881 1711 2006 1751 cum

2110 1699 2230 1765 έτος
2254 1701 2354 1771 τῆς
2383 1702 2476 1755 τοῦ
2515 1702 2684 1774 Ἀδὰμ
2706 1700 2871 1772 ζωῆς,
2907 1703 3120 1773 πρῶτος
3145 1701 3428 1756 ἀποθανὼν
3459 1701 3550 1755 ἐπὶ
3580 1699 3681 1771 τῆς

441 1785 652 1855 primus
684 1800 748 1840 ex
789 1763 892 1840 hac
917 1785 1028 1839 vita
1065 1763 1344 1849 diScéssit,
1376 1785 1567 1842 fierine
1608 1787 1785 1856 potuit
1812 1801 1919 1841 una
1950 1793 2007 1840 ut

2111 1763 2249 1864 ﬁci
2271 1763 2441 1865 ἡλιαία
2465 1763 2658 1866 deum.
2682 1763 3069 1867 πῶς-έπληρου
3099 1763 3188 1848 τὸν
3218 1795 3401 1848 δίσκον
3423 1812 3436 1860 ;
3463 1763 3682 1858 Ἦπῶς

438 1877 632 1931 «orbem
681 1875 863 1930 anima
907 1875 1236 1946 compleret?
1276 1875 1510 1943 Quinam
1543 1893 1706 1947 porro
1751 1878 2010 1948 nongenti

442 1966 522 2021 illi
557 1981 622 2020 ac
665 1966 890 2043 triginta
939 1967 1106 2030 anni,
1138 1967 1221 2021 vel
1267 1968 1491 2022 omnino
1534 1975 1774 2038 tempora
1820 1975 2012 2021 vocata

443 2064 593 2123 sunt,
632 2059 738 2113 nisi
769 2058 1082 2132 impleretur
1127 2059 1567 2130 minuereturque
1600 2061 1748 2127 luna,
1793 2075 1858 2115 ac
1881 2076 2012 2116 con-

451 2149 702 2204 stitutum
739 2149 840 2205 sibi
877 2150 1212 2204 curriculum
1249 2150 1557 2214 conficeret,
1591 2153 1664 2205 ita
1698 2159 1755 2205 ut
1797 2167 1905 2207 non
1945 2169 2012 2208 ex

444 2238 754 2291 animarum
789 2236 1133 2295 multitudine
1167 2240 1512 2308 redundaret,
1559 2243 1654 2298 sed
1689 2243 1886 2299 divinae
1925 2261 2014 2302 sa-

447 2328 662 2397 pientiae
710 2329 968 2384 mandato
1008 2345 1071 2384 ac
1095 2331 1414 2403 praescripto
1445 2334 1758 2405 regeretur?
1781 2336 1884 2392 Sed
1916 2338 2014 2392 ad-

446 2418 528 2473 dit
571 2418 823 2474 universa
868 2419 965 2473 illa
1016 2420 1275 2476 animalia
1326 2421 1516 2478 eadem
1576 2424 1666 2478 illa
1708 2426 1888 2480 anima
1933 2442 2015 2483 re-

445 2509 602 2578 pleri,
645 2519 702 2565 ut
729 2509 984 2564 nimirum
1018 2509 1278 2577 hominis.
1314 2517 1380 2568 ut
1411 2512 1609 2578 muris,
1638 2528 1703 2569 ac
1731 2518 2011 2574 vermiculi

443 2609 875 2670 cacterorumque
913 2592 1298 2656 vilissimorum
1329 2617 1621 2675 corporum
1651 2619 1810 2676 pares
1849 2593 2013 2676 atque

442 2691 680 2762 aequales
709 2692 921 2746 animas
943 2694 1261 2748 constituat.

515 2770 622 2838 Sed
664 2782 855 2838 iisdem
887 2784 1105 2854 ineptiis
1139 2784 1410 2840 infuscata
1447 2793 1572 2841 sunt
1611 2794 1828 2850 cretera,
1865 2789 2012 2843 velut

450 2859 788 2944 principibus
831 2873 1010 2945 obiici.
1043 2876 1310 2946 virginem
1343 2875 1482 2931 virili
1531 2877 1687 2943 alias,
1721 2879 1856 2935 alias
1888 2896 2011 2935 mu-

446 2967 599 3022 liebri
634 2966 831 3022 forma.
862 2964 921 3022 In
957 2982 1068 3037 quo
1109 2967 1369 3037 tanquam
1419 2957 1867 3039 hermaphrodito
1909 2973 2010 3028 da)-

2113 1885 2490 1954 τὰὲννακόσια
2527 1886 2816 1958 τριάκοντα
2855 1887 2948 1959 ἔτη
2989 1887 3216 1960 ἐκλήθη,
3260 1888 3358 1941 καὶ
3385 1885 3586 1957 χρόνοι,
3627 1887 3680 1938 εί

2116 1975 2198 2046 μὴ
2235 1977 2272 2046 ἡ
2308 1977 2501 2048 σελήνη
2546 1975 2866 2048 ἐπληροῦτο,
2907 1979 2999 2032 καὶ
3048 1970 3251 2048 ἔφθινε,
3297 1965 3508 2031 καὶτὸν
3541 1977 3682 2049 αὐτῇ

2111 2066 2444 2137 τεταγμένον
2467 2067 2665 2138 δρόμον
2689 2067 2879 2132 ἐτέλει,
2903 2065 3002 2122 οὐκ
3029 2061 3148 2122 ἀπὸ
3163 2061 3348 2139 ψυχῶν
3375 2066 3685 2138 λαμϐάνου-

2114 2173 2182 2210 σα
2207 2155 2306 2228 τὴν
2339 2156 2695 2229 πλημμύραν,
2725 2157 2860 2212 ἀλλὰ
2892 2158 3002 2212 ἀπὸ
3029 2153 3162 2211 Θεοῦ
3191 2157 3388 2228 ἔχουσα
3418 2158 3684 2230 τδπρόσ-

2110 2262 2297 2317 ταγμα
2334 2247 2434 2318 τῆς
2464 2247 2627 2302 αὑτοῦ
2661 2250 2878 2318 σοφίαςς
2914 2250 3098 2304 Πάντα
3140 2249 3200 2302 δὲ
3248 2247 3317 2302 τὰ
3353 2247 3490 2312 ζῶα,
3525 2248 3684 2319 φησὶ,

2111 2337 2325 2407 γεμίζει
2352 2339 2450 2409 τῆς
2483 2339 2650 2410 αὐτῆς
2669 2339 2866 2410 ψυχῆς,
2897 2340 2986 2394 ἵνα
3016 2339 3249 2412 ὲξισώσῃ
3270 2340 3444 2411 ψυχὴν
3472 2337 3686 2410 ἀνθρώ-

2113 2444 2237 2492 που,
2279 2429 2370 2481 καὶ
2403 2428 2555 2499 μυὸς,
2590 2429 2685 2483 καὶ
2709 2429 3007 2502 σκώληκος,
3031 2432 3125 2485 καὶ
3149 2430 3257 2484 τῶν
3285 2429 3458 2486 ἄλλων
3483 2431 3687 2499 δυσγε-

2111 2517 2216 2574 νῶν
2239 2520 2310 2590 τῇ
2334 2519 2527 2574 πλάσει
2557 2520 2847 2590 σωμάτων.

2181 2781 2268 2836 Τὰ
2289 2782 2509 2838 δὲ’ἄλλα
2532 2785 2722 2837 λοιπὸν
2756 2784 2853 2854 τῆς
2887 2784 3168 2857 φλυαρίας,
3212 2786 3290 2850 ώς
3335 2787 3368 2857 ἡ
3415 2785 3688 2859 παρθένος

2112 2873 2360 2942 φαίνεται
2397 2877 2516 2939 τοῖς
2553 2874 2779 2946 ἄρχουσι
2810 2875 2939 2928 ποτὲ
2974 2875 3076 2946 μὲν
3113 2875 3193 2940 είς
3235 2875 3426 2947 ἀνδρὸς
3471 2877 3684 2948 σχῆμα,

2113 2967 2241 3019 ποιτὲ
2263 2965 2320 3019 δὲ
2348 2968 2426 3030 είς
2455 2966 2695 3038 θηλείας.
2731 2965 2884 3036 Τάχα
2910 2965 3000 3020 τὸν
3024 2967 3445 3037 Ἑρμαφρόδιτον
3466 2967 3561 3021 τοῦ
3583 2968 3683 3020 αὐ·-

444 3074 600 3114 mone
635 3057 994 3143 conﬁngendo
1037 3057 1387 3140 cupiditatem
1435 3060 1550 3131 ipse
1583 3078 1737 3119 suam
1783 3079 1847 3118 ac
1887 3065 2007 3119 libi-

2113 3055 2209 3109 τοῦ
2232 3056 2479 3126 δαίμονος
2515 3056 2883 3126 ἰνδαλλόμενος
2913 3056 2983 3110 τὰ
3012 3056 3206 3110 ἑαυτοῦ
3249 3056 3395 3128 πάθη
3437 3059 3678 3129 εἰσηγεῖ-

443 3148 623 3203 dinem
679 3137 948 3220 proponit.
994 3135 1178 3221 Pergit
1231 3133 1462 3216 deinde,
1515 3161 1569 3208 et
1607 3156 1859 3224 quoties,
1909 3157 2006 3224 ait,

446 3238 608 3308 hujus
655 3239 910 3294 illecebra
958 3241 1184 3310 virginis
1215 3244 1467 3313 princeps
1507 3258 1737 3314 magnus
1771 3247 2004 3316 capitur,

445 3321 617 3383 nubes
652 3343 780 3384 suas
813 3323 1121 3400 praetendit,
1167 3339 1222 3386 et
1255 3341 1463 3402 pestem
1511 3335 1772 3401 immittit,
1815 3352 1880 3392 ac
1915 3353 2006 3392 ra-

447 3419 598 3473 dices
627 3419 912 3476 succidere
944 3420 1157 3491 incipit,
1203 3437 1268 3478 εκ
1297 3438 1409 3494 quo
1449 3440 1597 3484 mors
1629 3429 2004 3498 cOnsequitur.

441 3509 552 3566 Nec
598 3508 731 3564 illud
781 3509 943 3566 homo
982 3512 1234 3581 stupidus
1277 3513 1554 3586 intelligit,
1601 3533 1760 3587 quam
1796 3520 2007 3592 vitupe-

442 3599 618 3654 rando
645 3606 874 3679 mortem
905 3601 1170 3668 nominat,
1203 3603 1368 3658 vitam
1399 3606 1582 3676 petius
1628 3610 1886 3679 appellari
1915 3613 2009 3668 de-

443 3690 650 3755 buisse,
698 3677 852 3762 quod.
894 3693 1013 3761 ejus
1063 3693 1327 3750 beneficio
1368 3711 1399 3751 a
1450 3677 1770 3770 corporibus
1815 3704 2008 3759 animae

441 3779 760 3835 liberentur.
995 3779 1151 3849 Quod
1205 3785 1252 3840 si
1302 3786 1538 3841 animam
1582 3805 1812 3859 corpore
1861 3793 2008 3848 velut

441 3871 691 3927 custodia
729 3875 1005 3945 principes
1057 3876 1258 3932 includi
1301 3887 1574 3948 putarent,
1625 3898 1900 3953 nunquam
1952 3884 2007 3940 id

449 3973 697 4016 summus
731 3961 820 4016 ille
865 3963 1248 4032 committeret,
1296 3978 1356 4022 ut
1381 3983 1544 4039 quam
1573 3985 1667 4040 per
1699 3973 1809 4025 vim
1839 3971 1908 4027 ab
1939 3987 2007 4028 eo

440 4049 579 4107 dicis
599 4052 855 4120 occupari
881 4053 1141 4120 animam,
1163 4069 1195 4111 e
1214 4069 1434 4113 carcere
1459 4057 1770 4115 dimitteret.
1792 4059 2006 4127 Quanta

437 4149 523 4198 est
553 4142 608 4196 in
640 4142 709 4198 iis
738 4143 1030 4216 praestigiis
1063 4159 1128 4201 ac
1166 4145 1379 4202 ludicra
1429 4149 1716 4220 disciplina
1757 4155 2004 4210 vanitas!

511 4227 645 4288 LIII.
684 4231 892 4291 Caetera
915 4250 1023 4290 non
1051 4235 1262 4292 minore
1286 4239 1397 4295 risu
1423 4239 1586 4312 digna
1609 4251 1735 4297 sunt
1753 4283 1767 4305 ,
1802 4245 1897 4299 sed
1949 4246 2004 4302 in

437 4324 631 4397 primis
678 4335 816 4396 mnos
858 4328 1064 4384 electos
1097 4327 1185 4384 illi
1224 4339 1564 4401 nuncupant.
1610 4333 1686 4388 Ac
1741 4344 1867 4390 sunt
1913 4335 2007 4391 isti

2109 3155 2200 3200 ται
2218 3148 2316 3218 τῆς
2344 3146 2654 3217 ἐπιθυμίας.
2677 3143 2831 3211 Εἶτα,
2859 3149 3044 3218 φησὶν,
3065 3149 3194 3201 ὅταν
3219 3149 3246 3200 ὁ
3275 3148 3443 3218 μέγας
3473 3147 3682 3219 συληθῇ

2109 3240 2213 3293 ὑπὸ
2245 3227 2343 3310 τῆς
2374 3239 2672 3310 λεγομένης
2701 3237 2988 3309 παρθένου,
3041 3237 3334 3311 προϐάλλει
3377 3237 3542 3292 αὐτοῦ
3578 3237 3684 3300 τὰς

2108 3331 2355 3399 νεφέλας,
2408 3329 2502 3382 καὶ
2547 3332 2691 3382 ποιεῖ
2717 3328 2924 3400 λοιμὸν,
2952 3330 3044 3383 καὶ
3085 3329 3310 3399 ἄρχεται
3337 3329 3552 3399 τέμνειν
3577 3327 3682 3391 τὰς

2109 3420 2286 3493 ῥίζας,
2327 3420 2421 3474 καὶ
2465 3418 2607 3474 οὕτω
2639 3419 2866 3484 θάνατος
2909 3421 3136 3490 γίνεται.
3179 3422 3288 3474 Καὶ
3326 3421 3437 3473 οὐκ·
3464 3414 3604 3472 εἶδεν
3648 3420 3685 3471 δ

2107 3509 2405 3584 κτηνώδης,
2444 3510 2526 3563 ὅτι
2567 3510 2627 3564 δν
2671 3511 2868 3581 φάσκει
2910 3511 3136 3566 θάνατον
3175 3511 3435 3582 ψογίζων,
3478 3510 3684 3582 μᾶλλον

2107 3604 2250 3676 ζωὴν
2278 3602 2475 3674 ὤφειλε
2505 3603 2712 3668 καλεῖν,
2748 3603 2835 3656 διὰ
2863 3604 2923 3657 τὸ
2961 3604 3069 3658 ἀπὸ
3104 3605 3370 3674 σωμάτων
3399 3604 3677 3658 ἀπαλλάτ-

2105 3697 2293 3751 τεσθαι
2327 3696 2426 3760 τὰς
2449 3696 2644 3766 ψυχάς.
2669 3697 2732 3749 El
2752 3697 2810 3750 δὲ
2831 3696 2967 3762 ὅλως
2996 3697 3057 3750 τὸ
3080 3693 3219 3750 εἶναι
3251 3700 3308 3751 ἐν
3337 3697 3550 3769 σώματι
3576 3697 3684 3768 τὴν

2104 3789 2280 3860 ψυχὴν
2309 3788 2551 3859 φυλακὴν
2583 3788 2838 3860 ἡγοῦνται
2859 3793 2907 3843 of.
2937 3790 3214 3861 ἄρχοντες,
3241 3789 3397 3844 τοῦτο
3420 3791 3678 3845 οὐδέποτε

2105 3877 2348 3932 ἐπιτελεῖ
2369 3882 2396 3933 ὁ
2433 3880 2636 3951 ἄρχων,
2687 3881 2774 3934 ἵνα
2823 3880 3111 3953 ἀπαλλάξῃ
3150 3881 3256 3935 ἀπὺ
3300 3881 3683 3955 δεσμωτηρίου

2104 3973 2203 4044 τὴν
2244 3973 2334 4026 ὑπ’
2375 3971 2538 4026 αὑτοῦ
2583 3974 2955 4045 κατεχομένην
2978 3975 3174 4046 ψυχὴν,
3210 3975 3354 4028 κατὰ
3387 3975 3479 4028 τὸν
3508 3975 3683 4030 αὑτοῦ

2104 4062 2278 4132 λόγον.
2312 4063 2422 4118 Καὶ
2461 4065 2601 4136 πόση
2642 4082 2726 4130 τις
2777 4066 2976 4120 ἀτοπία
3009 4069 3067 4121 ὲν
3097 4067 3272 4141 ταύτῃ
3287 4067 3353 4140 τῇ
3379 4067 3680 4142 κυϐευτιχῇ

2101 4153 2417 4227 διδασκαλίᾳ
2436 4157 2449 4210 ί

2175 4247 2299 4301 Nl".
2334 4248 2415 4303 Τὰ
2445 4248 2502 4302 δὲ
2546 4247 2689 4303 ἄλλα
2718 4248 2919 4321 χλεύης
2963 4249 3198 4322 ἔμπλεα·
3225 4251 3301 4314 ὡς
3332 4251 3391 4306 οί
3431 4252 3678 4306 ἐκλεκτοὶ

2104 4340 2286 4393 αὐτῶν
2315 4341 2654 4412 καλούμενοι..
2690 4344 2799 4396 Καὶ
2829 4343 2906 4415 τῷ
2937 4344 3035 4415 μὲν
3065 4345 3178 4398 δντι
3213 4345 3539 4416 ὲξελέγησαν
3569 4345 3678 4400 ὑπὸ

438 4414 656 4484 quidem
682 4416 746 4468 ad
769 4416 1174 4475 damnationem
1209 4436 1239 4474 a
1270 4421 1490 4477 diabolo
1524 4423 1739 4489 delecti,
1779 4427 2005 4497 utquod

2108 4431 2198 4484 τοῦ
2230 4431 2474 4485 διαϐόλου
2504 4434 2582 4497 εἰς
2609 4414 2948 4506 κατάκριμα,
2967 4438 3115 4500 ὅπως
3138 4437 3398 4509 πληρωθῇ
3425 4414 3490 4490 τὸ
3521 4439 3678 4508 εἰρη-

442 4507 718 4575 scriptum”
747 4518 838 4563 est
861 4507 1043 4580 reip'sa
1069 4512 1386 4580 perﬁciatur
1417 4531 1431 4568 :
1466 4512 1535 4568 Et
1570 4517 1717 4570 cibus
1743 4518 1856 4586 ejus
1886 4519 2004 4573 ele—

440 4609 556 4653 ctus
582 4589 624 4652 ¹’.
660 4592 734 4652 Ιιίῑ
767 4601 915 4656 enim
949 4603 1097 4658 velut
1130 4602 1236 4660 fuci
1264 4606 1487 4676 quidam
1527 4607 1835 4664 desidentes
1866 4611 2002 4666 nihil

440 4689 622 4760 operis
650 4701 928 4760 exercent,
961 4693 1054 4749 sed
1086 4696 1303 4752 curiose
1335 4698 1711 4768 perquirentes
1737 4700 1870 4755 nihil
1908 4718 2027 4772 pe--

440 4781 585 4836 nitus
634 4777 958 4854 intelligunt.
1011 4779 1220 4851 Quibus
1273 4797 1326 4841 et
1372 4786 1669 4858 Apostolus
1720 4789 1788 4845 iis
1821 4793 2004 4848 verbis

437 4873 717 4929 denuntiat
761 4873 1041 4945 (nimirum
1077 4875 1393 4946 prophetico
1420 4878 1542 4934 illos
1579 4880 1756 4935 aﬂlatu
1801 4898 2002 4954 cogno-

438 4963 630 5034 verat),
659 4980 768 5020 non
788 4981 855 5021 ex
885 4965 1000 5033 Del,
1047 4965 1155 5022 sed
1171 4965 1374 5022 diaboli
1410 4970 1722 5041 magisterio
1756 4971 2002 5045 discipli-

437 5070 614 5126 naque
643 5055 928 5127 progredi,
963 5055 1202 5112 furiosos
1231 5057 1419 5127 utique
1453 5059 1723 5123 homines.
1763 5071 1818 5118 et
1863 5065 2002 5121 otio-

434 5162 548 5214 sos,
597 5155 761 5218 atque
800 5148 856 5202 in
884 5156 1138 5217 suscepta
1180 5149 1523 5218 improbitate
1556 5153 1882 5222 pertinaces.
1927 5156 2002 5214 De

435 5241 512 5296 iis'
554 5240 717 5310 igitur
763 5241 1027 5310 loquens:
1060 5240 1163 5305 Qui
1215 5257 1317 5296 non
1367 5241 1598 5309 laborat,
1655 5247 1852 5318 inquit,
1899 5267 2000 5306 non

435 5331 786 5400 manducet';
814 5348 923 5402 quo
965 5333 1220 5388 inertium
1265 5335 1494 5391 istorum
1539 5337 1889 5397 adumbraret
1926 5344 2003 5398 in-

433 5423 700 5478 stitutum.
746 5426 1012 5479 Caeterum
1061 5426 1483 5484 catechumenos
1531 5430 1632 5500 ipsi
1690 5448 1820 5489 suos
1870 5436 1996 5489 hor-

431 5522 637 5577 tantur,
687 5515 886 5570 victum
938 5526 998 5571 ut
1040 5519 1144 5574 sibi
1188 5521 1335 5591 large
1383 5523 1748 5591 suppeditent.
1780 5523 1816 5578 li
1864 5542 1995 5581 vero

433 5605 848 5679 quibuscunque
867 5623 1004 5680 opus
1025 5610 1224 5665 habent
1249 5613 1438 5668 electis
1466 5614 1579 5668 suis
1603 5613 1857 5680 offerunt,
1885 5633 1995 5688 quo

502 5759 696 5818 'JOan.
725 5778 832 5830 xxv,
858 5763 910 5816 6.
990 5767 1010 5796 ¹
1035 5763 1234 5819 llatae.
1263 5780 1300 5830 ι,
1336 5765 1419 5820 16.
1500 5767 1519 5797 ³
1553 5766 1592 5819 ll
1626 5765 1820 5825 Thess.
1851 5784 1932 5834 ιιι,
1965 5774 2048 5829 tO.

2104 4523 2290 4593 μένοψ
2326 4522 2438 4576 Καὶ
2478 4523 2552 4577 τὰ
2590 4525 2876 4594 βρώματα
2911 4527 3097 4581 αὐτοῦ
3131 4527 3403 4582 susurri.
3447 4528 3684 4581 Ἐκεῖνοι

2100 4614 2209 4686 γὰρ
2247 4612 2601 4686 καθεζόμενοι
2649 4618 2910 4688 κηφῆνες,
2951 4619 3046 4671 καὶ
3088 4619 3254 4690 μηδὲν
3294 4619 3678 4689 ἐργαζόμενοι,

2100 4706 2234 4760 ἀλλὰ
2281 4706 2785 4780 περιεργαζόμενοι,
2837 4712 2931 4763 καὶ
2978 4710 3111 4780 μηδὲ
3158 4709 3538 4780 γινώσκοντες,
3592 4705 3676 4774 οἷς

2101 4798 2556 4868 ἐπικηρυκεύεται
2585 4802 2614 4853 ό
2644 4801 2797 4869 ἆγιος
2838 4801 3172 4871 Ἀπόστολος,
3200 4802 3372 4871 λέγων
3411 4802 3508 4872 (ὡς
3533 4802 3678 4857 κατὰ·

2101 4890 2434 4959 προφητείαν
2461 4889 2789 4959 γινώσκων),
2822 4893 2907 4945 ὅτι
2933 4893 3032 4947 οὐκ
3064 4895 3126 4946 ἐκ
3166 4894 3268 4964 τῆς
3299 4893 3390 4946 τοῦ
3431 4893 3566 4947 Θεοῦ
3604 4893 3679 4949 δι⁶

2099 4979 2391 5044 δασκαλίας
2420 4983 2790 5052 ἐπιφοιτῶσιν,
2839 4984 2972 5038 ἀλλὰ
3003 4987 3066 5038 ἐκ
3106 4985 3201 5038 τοῦ
3233 4985 3476 5039 διαϐόλου
3508 4984 3677 5057 ἐμϐε-

2101 5070 2454 5144 ϐροντημένοι
2493 5075 2653 5140 τινὲς,
2687 5076 2866 5146 ἀργοὶ,
2905 5078 2997 5129 καὶ
3039 5078 3299 5142 αὐθάδεις
3321 5078 3525 5132 κακῶν.
3565 5079 3678 5133 0d-

2103 5180 2242 5230 σκει,
2274 5163 2445 5234 λέγων
2470 5182 2484 5196 ο
2533 5166 2586 5218 Ὁ
2627 5166 2713 5236 μὴ
2761 5165 3164 5236 ἐργαζόμενος,
3195 5169 3350 5238 μηδέ
3389 5169 3669 5224 ἐσθιέτωο

2102 5255 2188 5307 ἴνα
2219 5256 2575 5328 παραχαράξῃ
2598 5256 2696 5327 τὴν
2719 5257 2826 5310 τῶν
2850 5259 3138 5330 παρέργων
3164 5261 3370 5315 τούτων
3394 5260 3668 5318 ὑπόθεσιν.

2102 5347 2568 5417 Παρακελεύονται
2598 5344 2690 5402 οὖν
2721 5352 2833 5412 τοῖς
2881 5350 3057 5406 αὐτῶν
3090 5352 3517 5423 κατηχουμένοις
3544 5351 3670 5422 τρέ-

2101 5457 2221 5510 φειν
2267 5441 2465 5504 αὐτοὺς
2511 5440 2769 5511 δαψιλῶς.
2819 5444 2879 5497 Oi
2912 5444 2970 5497 δὲ
3009 5446 3118 5498 πᾶν
3168 5444 3346 5498 ὁτιοῦν
3377 5444 3672 5512 ἀναγκαῖον

2100 5531 2468 5601 προσφέρουσι
2495 5535 2606 5596 τοῖς
2635 5533 2907 5597 ἐκλεκτοῖς
2941 5534 3164 5600 ἑαυτῶν,
3215 5535 3300 5590 ἵνα
3329 5533 3487 5606 δῆθεν
3512 5533 3670 5587 εὐσε-

2100 5620 2198 5693 ϐὴς
2221 5621 2409 5694 ὀφθείη
2437 5623 2654 5694 τρέφων
2681 5623 2777 5689 τὰς
2805 5624 2980 5696 ψυχὰς
3009 5625 3108 5689 τὰς
3148 5624 3563 5695 ἐκλελεγμένας.
3607 5623 3670 5676 Οί
