4008 6240
347 412 445 465 109

972 403 1344 463 ADVERSUS
1382 403 1724 463 HERESES
1764 403 1891 462 [ιιι.

2042 401 2206 463 ΤΟΜ.
2249 407 2383 462 ll.—
2404 404 2672 462 ll/ERES.
2716 406 2800 461 LX
2813 406 2898 461 Vl.

3499 406 3601 462 {id

342 523 400 576 δὲ
428 518 702 586 λαϐόντες,
747 520 820 583 ὡς
851 501 1066 588 γέλοιόν
1113 522 1262 574 ἐστιν
1294 521 1491 584 είπείν,
1528 520 1797 592 προφάσει
1828 520 1919 572 τοῦ

2028 521 2237 574 scilicet
2282 522 2332 574 in
2381 520 2588 575 alendis
2629 520 2817 575 electis
2865 520 2972 573 illis
3023 518 3311 573 animabus
3358 519 3596 590 religiosi

342 610 602 675 εὖξασθαι
627 610 766 679 ὑπὲρ
789 608 897 662 τῶν
925 610 1274 680 ὲνηνοχότων,
1293 610 1489 681 μᾶλλον
1504 606 1561 664 δὲ
1587 610 1768 680 σχεδὸν
1794 627 1895 663 κατ
1910 640 1925 651 -

343 704 483 775 άραν
550 701 732 762 αὐτοῖς
765 694 1121 765 ἐπιτιθέασιν,
1152 701 1697 773 ὲπιμαρτυρήσαντες
1743 702 1925 765 αὐτοῖς

344 793 551 847 κακίαν
572 792 773 863 μᾶλλον
800 792 833 861 ἢ
866 792 1229 864 ἀγαθοσύνην.
1274 794 1547 847 Φάσκουσι
1576 794 1683 863 γὰρ
1720 792 1922 856 οὕτως·

341 886 423 938 ὃτι
468 883 611 951 Ἐγὼ
635 884 735 936 οὐκ
764 880 994 954 ἔσπειρά
1018 901 1100 948 σε,
1122 884 1222 937 οὐκ
1244 882 1467 955 ἐθέρισά
1494 900 1576 949 σε,
1605 884 1705 937 οὐκ
1731 883 1920 954 ἦλεσα,

342 978 422 1036 είς
455 973 712 1028 κλίϐανον
734 974 835 1027 οὐκ
857 974 1071 1030 ἔϐαλον.
1140 975 1296 1038 ἄλλος
1322 976 1541 1046 ἤνεγκε,
1573 974 1666 1029 καὶ¹
1700 973 1921 1043 ἔφαγονο

343 1064 581 1128 ἀναίτιός
619 1066 755 1135 είμι.
810 1064 919 1118 Kal
963 1065 1161 1137 μᾶλλον
1196 1068 1587 1137 πονηροποιοὺς
1642 1065 1924 1132 ὑπέδειξαν

342 1157 469 1221 τοὺς
491 1155 697 1209 ἑαυτῶν
729 1156 966 1227 τροφεῖς.
998 1156 1109 1210 Kal
1134 1156 1242 1227 γᾲρ
1270 1156 1486 1225 ἀληθές.
1520 1155 1668 1209 Ἔδει
1695 1155 1802 1227 γὰρ
1832 1158 1925 1209 τὸν

342 1247 677 1319 ἀρνούμενον
723 1247 817 1300 τὸν
853 1247 1008 1310 Θεὸν,
1054 1248 1149 1300 τὸν
1199 1249 1499 1318 ποιήσαντα
1537 1248 1735 1311 πάντα,
1788 1247 1923 1317 μηδὲ

345 1339 454 1393 ἀπὸ
480 1339 589 1393 τῶν
615 1338 709 1392 τοῦ
742 1337 881 1392 Θεοῦ
913 1338 1208 1409 τρέφεσθαι
1256 1339 1378 1393 κατ’
1412 1339 1712 1409 εἰρωνείαν.
1761 1338 1924 1391 Αὐτοὶ

344 1433 401 1485 δὲ
429 1433 489 1486 οὐ
517 1432 772 1501 τέμνουσι
800 1429 892 1483 τὸν
921 1428 1286 1501 [amomum
1317 1429 1554 1482 ἐσθίουσι
1581 1429 1671 1481 τὸν
1705 1429 1920 1500 βότρυν,

346 1525 432 1577 ἵνα
482 1522 781 1592 ἐλεγχθῶσι
828 1519 1143 1574 παντάπασι
1203 1520 1375 1590 μέθην
1437 1519 1638 1589 μᾶλλον
1684 1519 1920 1589 ἔχοντες,

346 1616 488 1686 ἢπερ
518 1612 774 1683 ἀληθείας
806 1611 1089 1681 ἀνάληψιν.
1123 1612 1281 1664 Ποῖον
1320 1612 1426 1682 γάρ
1453 1614 1570 1665 ἐστι
1602 1611 1662 1665 τὸ
1689 1612 1921 1664 δεινότε-

345 1719 475 1773 ρον;
515 1704 575 1755 '0
613 1703 709 1773 μὲν
742 1702 852 1772 γὰρ
886 1702 1104 1772 τρυγὼν
1148 1700 1293 1764 ἅπαξ
1326 1701 1485 1772 ἔτεμε
1514 1702 1605 1755 τὸν
1632 1702 1864 1772 βότρυνο
1893 1700 1923 1753 ό

341 1794 396 1847 δὲ
426 1794 619 1847 ἐσθίων
647 1793 733 1845 διά
776 1792 883 1845 τῶν
915 1794 1313 1863 μασσητήρων,
1333 1792 1428 1845 καὶ
1454 1791 1542 1845 διὰ
1565 1791 1660 1845 τοῦ
1690 1791 1921 1846 καταδα-

2024 624 2146 665 esse
2176 610 2479 664 videantur.
2506 612 2573 662 At
2594 610 2706 674 isti,
2735 610 2878 680 quod
2903 611 2984 665 vel
3009 610 3157 664 dictu
3182 610 3473 665 ridiculum
3490 624 3597 675 est,

2026 702 2094 756 iis
2131 703 2370 772 acceptis
2414 702 2755 766 muneribus,
2791 703 3055 758 orationis
3100 702 3238 766 loco,
3288 717 3451 774 quam
3498 722 3599 777 pro

2025 792 2381 863 largitoribus
2408 796 2698 863 concipere
2729 793 3053 857 debuerant,
3079 794 3469 865 propemodum
3495 796 3595 849 im-

2026 884 2394 953 precationem
2426 884 2757 954 rependunt,
2784 884 3075 938 et'illorum
3111 884 3165 938 in
3193 886 3294 939 hoc
3325 884 3590 941 beneﬁcio

2024 977 2426 1047 improbitatem
2488 977 2670 1046 potius
2728 991 2889 1046 quam
2944 974 3267 1045 probitatem
3318 985 3595 1032 versatam

2023 1081 2145 1121 esse
2173 1065 2557 1122 testiﬁcantur.
2597 1063 2687 1119 Sic.
2720 1066 2866 1121 enim
2898 1066 3240 1135 loquuntur:
3272 1064 3383 1135 Ego
3411 1075 3465 1121 te
3492 1082 3589 1121 ne-

2025 1172 2130 1227 que
2159 1155 2442 1219 seminavi,
2474 1166 2649 1226 neque
2678 1157 2903 1219 messui,
2938 1170 3046 1209 non
3084 1155 3339 1209 molendo
3369 1158 3595 1211 commi-

2025 1249 2141 1312 nui,
2182 1262 2290 1301 non
2324 1247 2378 1300 in
2410 1248 2685 1301 cﬁhanum
2725 1247 2924 1302 immisi
2948 1264 2967 1313 ;>
2995 1247 3137 1303 alius
3176 1246 3394 1313 obtulit,
3427 1256 3482 1303 et
3501 1263 3596 1302 co-

2026 1339 2203 1404 medi;
2234 1336 2494 1392 immunis
2527 1337 2597 1391 ab
2633 1337 2789 1407 culpa
2827 1352 2969 1394 sum.
2998 1335 3076 1390 Ita
3104 1352 3199 1393 eos
3223 1338 3393 1407 ipsos,
3428 1339 3600 1408 aqui-

2025 1429 2127 1484 bus
2162 1429 2402 1491 aluntur,
2431 1427 2684 1482 maleficii
2720 1429 3106 1483 condemnant.
3130 1427 3263 1485 Jure
3295 1429 3353 1484 id
3373 1429 3601 1500 quidem

2024 1533 2091 1574 ac
2114 1519 2328 1572 merito.
2363 1516 2496 1572 Nam
2523 1519 2616 1587 qui
2641 1518 2831 1581 Deum,
2868 1534 2896 1572 a
2923 1533 3031 1589 quo
3060 1519 3244 1575 omnia
3280 1518 3421 1575 facta
3443 1524 3607 1584 sunt,-

2023 1612 2222 1681 eiurat,
2272 1611 2528 1681 indignus
2561 1618 2666 1674 est,
2703 1611 2795 1680 qui
2839 1608 2931 1664 Dei
2977 1610 3137 1666 bonis
3169 1610 3273 1666 hoc
3305 1610 3468 1666 modo
3501 1627 3598 1682 per

2020 1700 2204 1768 jocum
2234 1714 2299 1753 ac
2334 1698 2629 1752 ludibrium
2661 1698 2856 1751 alatur.
2884 1696 3151 1753 Praeterea
3190 1713 3440 1755 racemos
3469 1714 3596 1753 cum

2028 1798 2313 1860 amputare
2369 1802 2477 1843 non
2521 1787 2781 1853 audeant,
2826 1788 3018 1844 iisdem
3056 1798 3237 1845 tamen
3276 1799 3596 1853 vescuntur,

346 1886 538 1956 μάζειν
564 1885 792 1938 ἕκαστον
823 1884 1044 1949 κόκκον,
1076 1862 1275 1954 μᾶλλον
1310 1883 1693 1946 πολυπλασίως
1722 1884 1919 1937 ἐϐασά-

2037 1889 2096 1934 ut
2124 1880 2352 1935 omnino
2373 1886 2589 1935 constet
2617 1879 2881 1934 ebrietate
2912 1894 2976 1934 ac
2996 1881 3319 1936 temulentia
3352 1882 3475 1937 illos
3504 1898 3595 1951 po-

349 1992 465 2028 νισε
516 1977 611 2027 καὶ
657 1974 839 2044 ἔτεμε.
883 1974 992 2027 Kal
1062 1974 1159 2043 οὐχ
1199 1974 1382 2044 ὅμοιος
1426 1973 1608 2027 οὐκέτι
1652 1972 1804 2026 ἔσται
1839 1971 1919 2043 τῷ

2024 1973 2155 2038 tius,
2193 1986 2357 2042 quam
2399 1979 2653 2040 suscepta
2702 1971 2930 2026 veritate
2971 1970 3041 2026 ad
3088 1972 3143 2026 id
3187 1973 3412 2043 impelli.
3454 1971 3598 2039 Quid

339 2063 593 2133 τέμνοντι
634 2063 778 2129 ἅπαξ
818 2064 848 2115 ὁ
892 2062 1311 2133 μασσησάμενος
1374 2062 1469 2114 xal
1535 2061 1919 2131 καταδαπανή-

2022 2063 2169 2119 enim
2204 2061 2424 2133 gravius
2455 2062 2575 2117 est?
2602 2058 2742 2116 Nam
2786 2062 2877 2133 qui
2912 2061 3229 2127 vindemiat,
3271 2064 3489 2118 botrum
3518 2080 3601 2119 se-

342 2158 473 2217 σαςι
499 2172 513 2185 .
565 2153 679 2208 ἀλλ’
723 2154 811 2207 ῖνα
860 2154 1021 2223 μόνον
1062 2151 1255 2217 δόξωσι
1304 2151 1596 2220 δοξοποιείν
1648 2152 1771 2205 ὅσον
1814 2152 1918 2222 τῆς

2022 2153 2134 2209 mel
2178 2158 2461 2222 amputat;
2515 2152 2608 2223 qui
2640 2167 2771 2208 vero
2815 2154 3070 2219 comedit,
3099 2152 3227 2207 dum
3256 2154 3444 2209 acinos
3485 2155 3599 2210 sin-

338 2244 597 2315 ἀληθείας
629 2244 741 2314 ἔχει
763 2244 1081 2315 τεκμήριον.

2023 2244 2182 2315 gulos
2218 2241 2427 2297 mandit
2459 2255 2523 2296 ac
2569 2241 2823 2298 dentibus
2885 2244 3227 2309 comminuit,
3276 2246 3450 2300 multo
3483 2247 3600 2299 ani-

341 2350 485 2390 mam
515 2342 733 2406 torquet
776 2333 1150 2389 vehementius
1188 2340 1253 2387 ac
1290 2330 1552 2387 concidit.
1582 2330 1693 2387 Nec
1728 2331 1916 2387 eadem
1955 2332 2076 2403 ejus
2110 2334 2204 2404 qui
2239 2336 2407 2389 semel
2436 2340 2668 2400 resecat,
2711 2348 2776 2388 ac
2808 2334 2902 2404 qui
2937 2336 3216 2390 eommolit
3279 2344 3333 2392 et
3391 2352 3594 2393 consu-

343 2430 464 2491 mit,
505 2443 631 2483 esse
662 2428 807 2480 ratio
838 2427 1070 2481 videtur.
1143 2425 1259 2481 Sed
1288 2425 1342 2480 id
1377 2440 1548 2481 unum
1588 2433 1834 2495 spectare
1865 2425 2141 2491 videnti",
2196 2438 2254 2480 ιιι
2327 2425 2471 2495 quod
2542 2423 2786 2480 verizatis
2854 2425 3118 2481 indicium
3165 2435 3443 2499 utcunque
3488 2446 3599 2500 pia:

338 2536 402 2579 se
442 2521 546 2577 fert
578 2524 743 2592 666
764 2521 830 2575 ad
864 2522 1175 2591 opinionem
1211 2534 1365 2576 suam
1412 2520 1813 2574 conciliandam
1860 2521 1914 2574 in
1953 2521 2195 2593 medium
2218 2520 2427 2575 aderat.

410 2614 537 2667 NA’.
573 2608 708 2667 Εἶτα
749 2614 910 2668 πάλιν
937 2613 1338 2684 ἀθυρογλωττεί
1380 2614 1510 2684 περὶ
1539 2613 1634 2668 τοῦ
1668 2614 1919 2686 παραδεί-

2094 2613 2229 2671 LIV.
2272 2613 2473 2669 Eadem
2504 2614 2700 2685 lingua:
2730 2614 2950 2669 licentia
2994 2615 3063 2671 de
3110 2616 3363 2686 paradiso
3400 2619 3600 2688 garrit,-

340 2723 458 2767 σου,
486 2705 545 2758 ὃν
576 2705 730 2758 καλεῖ
757 2705 983 2775 κόσμον.
1020 2707 1179 2759 Ἔστι
1205 2706 1284 2773 δὲ,
1316 2708 1468 2778 φησὶ,
1500 2707 1567 2761 τά
1594 2706 1743 2777 φυτὰ
1764 2707 1832 2759 τά
1863 2708 1919 2759 ἐν

2021 2720 2183 2775 quem
2216 2704 2483 2760 mundum
2514 2707 2775 2777 appellat.
2816 2706 2958 2761 Sunt
2985 2714 3193 2775 autem,
3228 2719 3285 2763 ut
3313 2710 3406 2765 ille
3438 2712 3593 2777 dicit,

340 2796 510 2867 αὐτῷ,
542 2796 578 2850 ἃ
615 2796 741 2867 παρ’
769 2798 907 2866 ἡμῖν
943 2796 1224 2861 ἐπαινετὰ,
1257 2796 1294 2851 ἃ
1326 2798 1490 2861 αὐτὸς
1528 2799 1796 2868 ἀρνεῖται,
1832 2798 1919 2850 ἵνα

2021 2796 2270 2867 quaedam
2302 2797 2356 2852 in
2396 2797 2497 2853 illo
2525 2799 2774 2861 arbores,
2808 2813 2947 2869 quas
2979 2814 3083 2855 nos
3108 2800 3328 2871 quidem
3365 2802 3595 2858 laudan-

337 2887 523 2958 δειχθῇ
556 2888 771 2958 άληθῶς
823 2888 930 2941 ὑπὸ
971 2888 1065 2941 τοῦ
1110 2888 1287 2957 ὄφεως
1313 2890 1683 2960 ἡπατημὲνος.
1719 2888 1919 2952 Καθὼς

2021 2888 2119 2943 das
2157 2888 2525 2953 arbitramur,
2575 2890 2691 2959 ipse
2719 2904 2849 2945 vero
2882 2890 3122 2955 damnat,
3164 2900 3223 2945 ut
3253 2893 3338 2948 vel
3383 2894 3483 2949 hac
3509 2910 3597 2948 ra-

342 2980 561 3050 ικείνης
586 2979 919 3051 παρέφθειρε
948 2980 1047 3052 τὴν
1075 2979 1243 3051 ἀκοὴν
1274 2981 1374 3051 τῆς
1404 2981 1612 3034 ἀκάκου
1639 2979 1803 3045 Εὔας,
1827 2979 1919 3032 οὒ-

2030 2977 2178 3032 tione
2227 2978 2514 3049 deceptum
2561 2994 2622 3035 se
2663 2980 2732 3034 ab
2777 2987 3029 3050 serpente
3062 2980 3420 3038 demonstret.
3460 2983 3595 3040 Nam

338 3088 446 3134 τως
475 3073 504 3123 ὁ
525 3070 695 3133 δεινὸς
725 3070 847 3139 όφις
880 3070 975 3124 κα)⁵
1013 3070 1174 3133 αὐτὸς
1209 3070 1570 3141 παραφθείρει
1614 3069 1804 3133 ἀκοάς.
1835 3068 1918 3122 Τὰ

2021 3068 2477 3137 quemadmodum
2514 3068 2615 3125 ist‘o
2651 3069 2879 3125 nimium
2918 3070 3183 3141 simplicis
3212 3071 3336 3127 Evae
3367 3075 3597 3131 auribus

337 3162 470 3232 γὰρ,
504 3161 690 3231 φησιν,
722 3163 781 3214 ὲν
805 3160 891 3231 τῷ
914 3159 1227 3232 παραδείσῳ
1253 3160 1520 3232 λεγόμενα
1558 3161 1701 3231 φυτά
1725 3160 1909 3213 ἐπιθυ-

2022 3160 2315 3229 perniciem
2334 3160 2668 3215 insinuavit:
2695 3161 2777 3216 sic
2806 3171 2859 3217 et
2882 3162 3042 3232 hujus
3072 3163 3316 3218 auditum
3342 3165 3484 3220 idem
3506 3166 3597 3219 lllc

341 3252 480 3321 μιῶν
509 3252 648 3304 είσιν
680 3251 905 3314 ἀπάται,
932 3250 991 3303 αἳ
1014 3249 1385 3321 διαφθείρουσι
1412 3249 1501 3303 τὸν
1528 3250 1789 3321 λογισμὸν
1811 3250 1919 3304 τῶν

2021 3264 2246 3318 serpens
2267 3249 2548 3305 horribilis
2576 3250 2823 3320 corrupit
2843 3251 2882 3304 ‘.
2910 3249 3018 3305 Illae
3039 3251 3223 3322 igitur,
3258 3253 3453 3323 inquit,
3476 3270 3599 3324 qua:

338 3338 664 3411 ἀνθρώπων.
707 3339 778 3391 Τὸ
826 3338 884 3392 δὲ
935 3338 996 3391 ὲν
1043 3337 1122 3408 τῷ
1158 3338 1477 3410 παραδείσῳ
1515 3338 1705 3409 φυτὸν,
1749 3338 1809 3403 ἐξ
1841 3331 1919 3393 ὧν

2021 3337 2074 3390 in
2098 3336 2354 3406 paradiso
2386 3352 2509 3393 esse
2526 3338 2808 3403 dicuntur,
2836 3339 3086 3407 arbores,
3126 3342 3442 3411 cupiditatis
3476 3344 3597 3399 ille-

337 3432 664 3502 γνωρίζουσι
691 3431 751 3485 τὸ
772 3430 955 3495 καλὸν,
983 3431 1144 3496 αὐτός
1173 3434 1321 3485 ἐστιν
1346 3434 1374 3486 ό
1412 3433 1640 3503 Ἰησοῦς,
1662 3435 1695 3503 ἡ
1722 3432 1921 3501 γνῶσις

338 3524 373 3587 ἡ
404 3526 464 3577 ἐν
488 3523 569 3592 τῷ
600 3523 810 3594 κόσμῳ.
855 3523 915 3577 '0
941 3523 1000 3578 δὲ
1036 3524 1331 3595 λαμϐάνων
1370 3524 1637 3596 διακρίνει
1666 3524 1729 3577 τὸ
1759 3524 1921 3579 καλὸν

339 3616 434 3669 καὶ
461 3614 524 3667 τὸ
552 3616 739 3669 κακόν.
769 3615 876 3668 Kal
902 3617 1036 3687 ὁρᾷς
1067 3616 1185 3680 πῶς
1210 3616 1390 3670 πάντα
1411 3618 1480 3670 τὰ
1508 3616 1643 3687 ὀρθὰ
1670 3616 1919 3688 διαστρέ-

338 3720 431 3774 φει
453 3743 468 3768 ,
503 3704 601 3757 τοῦ
644 3704 966 3758 Ἀποστόλου
1011 3705 1309 3778 διαρρήδην
1352 3707 1583 3777 βοιῖιντος
1625 3709 1717 3761 καὶ
1772 3707 1918 3761 διδά-

343 3807 587 3856 σκοντος,
629 3793 712 3845 ὅτι
754 3794 1050 3862 φοϐοῦμαι
1074 3793 1310 3863 μήπως.
1350 3796 1431 3862 ὡς
1460 3799 1493 3850 ό
1523 3796 1657 3865 ὄφις
1692 3796 1918 3867 ἐξηπά-

338 3898 529 3951 τησεν
566 3884 733 3939 Εὔαν
772 3885 843 3939 ὲν
886 3884 962 3953 τῇ
1008 3888 1366 3956 πανουργίᾳ,
1415 3886 1567 3941 οὕτω
1614 3885 1810 3956 φθαρῇ
1846 3888 1921 3944 τὰ

339 3976 610 4045 νοήματα
632 3977 801 4046 ὑμῶν
827 3976 946 4031 ἀπὸ
974 3966 1083 4045 τῆς
1106 3977 1433 4047 dri-dri;th
1470 3979 1568 4031 καὶ
1597 3977 1707 4047 τῆς
1732 3980 1920 4033 ἁπλό-

341 4080 542 4132 τητος,
570 4064 682 4133 τῆς
708 4068 795 4133 εις
822 4065 931 4118 τὸν
963 4068 1238 4133 Χριστόν.
1275 4068 1385 4120 Kal
1410 4069 1512 4138 ὅρα
1552 4068 1669 4131 πῶς
1700 4069 1915 4139 ἀπεφή.

340 4172 467 4208 νατο
510 4155 673 4208 αὐτὸν
714 4156 912 4210 πλάνον
959 4158 1054 4210 καὶ
1087 4156 1416 4229 πανοῦργον,
1470 4160 1564 4212 καὶ
1596 4160 1917 4231 ὴπατηκότα

338 4245 436 4316 τὴν
456 4245 623 4299 Εὕαν.
655 4245 765 4299 Kal
798 4247 957 4302 πάλιν
985 4248 1047 4301 ἐν
1073 4248 1218 4319 ἄλλῳ
1248 4250 1399 4320 τόπῳ
1427 4251 1455 4303 ὁ
1478 4249 1640 4313 αὐτὸς
1667 4251 1918 4304 Ἀπόστο-

338 4336 458 4400 λος’
509 4337 678 4405 Ἀνὴρ
731 4340 845 4392 οὐκ
886 4339 1114 4408 ὀφείλει
1152 4340 1366 4410 κομᾷν,
1402 4340 1551 4405 δόξα
1594 4341 1692 4395 καί
1742 4341 1917 4396 είκὼν

340 4426 491 4482 Θεοῦ
518 4427 825 4497 ὑπάρχων.
858 4431 969 4483 Kal
1006 4432 1161 4503 ὁρᾷς,
1204 4432 1280 4495 ὡς
1310 4432 1465 4496 δόξαν
1504 4431 1638 4486 Θεοῦ
1682 4432 1786 4504 ἔφη
1816 4434 1916 4505 τὴν

2019 3423 2197 3478 cebrae
2231 3430 2381 3488 sunt,
2415 3425 2615 3492 quibus
2657 3424 2940 3479 hominum
2977 3426 3142 3480 animi
3178 3427 3462 3497 depravari
3500 3446 3595 3487 so-

2020 3505 2151 3560 lent.
2194 3504 2369 3560 Porro
2417 3508 2621 3577 lignum
2647 3507 2779 3561 illud
2826 3522 2937 3577 quo
2987 3509 3191 3563 bonum
3233 3511 3595 3581 dignoscitur,

2018 3595 2248 3666 ipsemet
2271 3594 2431 3652 Jesus
2468 3604 2574 3660 est,
2599 3598 2715 3652 sive
2748 3599 2999 3664 scientia,
3026 3615 3148 3669 qua:
3180 3599 3236 3654 in
3261 3601 3364 3655 hoc
3394 3603 3597 3658 mundo

2018 3686 2227 3742 residet
2254 3705 2267 3742 :
2299 3702 2465 3757 quam
2488 3688 2585 3758 qui
2608 3687 2807 3759 accipit
2839 3688 3041 3743 bonum
3079 3703 3109 3742 a
3143 3691 3288 3746 malo
3311 3691 3593 3749 discernit.

2033 3774 2200 3833 Vides
2222 3785 2281 3832 ut
2306 3778 2411 3833 iste
2440 3778 2702 3849 quidquid
2744 3786 2952 3847 rentum
2990 3789 3075 3837 est
3096 3783 3440 3855 distorquere
3478 3795 3596 3843 stu-

2019 3866 2171 3932 deat,
2207 3882 2334 3922 cum
2373 3869 2671 3939 Apostolus
2713 3870 2917 3925 diserte
2955 3871 3153 3927 clamet
3200 3888 3265 3927 ac
3296 3874 3592 3945 prmdicet:

2020 3957 2197 4012 Timeo
2219 3975 2281 4012 ne
2310 3960 2446 4013 sicut
2475 3975 2684 4028 serpens
2713 3961 2911 4030 decepit
2944 3960 3109 4016 Evam
3148 3967 3350 4021 astutia
3370 3983 3489 4035 sua,
3518 3969 3597 4023 ita

2017 4061 2426 4120 corrumpantur
2454 4053 2798 4122 cogitationes
2820 4065 3005 4110 vestra:
3043 4073 3077 4110 a
3104 4058 3353 4113 castitate
3385 4068 3436 4114 et
3465 4063 3593 4114 sim-

2015 4146 2252 4213 plicitate
2279 4146 2331 4198 in
2366 4145 2638 4200 Christum
2660 4148 2701 4202 ³.
2742 4146 2838 4203 Ubi
2864 4148 2999 4202 illud
3035 4149 3426 4205 animadvertis
3454 4167 3594 4221 quo-

2017 4236 2181 4290 modo
2200 4236 2552 4306 impostorem
2577 4237 2731 4291 illum
2757 4252 2823 4293 ac
2845 4238 3060 4293 vafrum
3083 4254 3206 4295 esse
3227 4239 3393 4307 dicat,
3422 4257 3453 4296 a
3484 4257 3597 4313 quo

2017 4324 2127 4379 Eva
2160 4326 2387 4397 decepta
2423 4328 2512 4383 sit.
2542 4326 2647 4383 Sed
2669 4328 2783 4384 alio
2810 4330 2931 4384 loco
2957 4329 3098 4386 idem
3122 4331 3439 4401 Apostolus,
3478 4333 3595 4401 Vir,

2016 4414 2214 4485 inquit,
2252 4431 2457 4470 comam
2508 4417 2649 4472 alere
2692 4434 2796 4472 non
2844 4418 3014 4486 debet,
3062 4436 3182 4473 cum
3213 4421 3283 4475 sit
3322 4422 3500 4492 gloria
3542 4436 3595 4479 et

338 4518 517 4589 κόμην
540 4519 634 4572 ἐπὶ
661 4518 908 4591 σώματος
932 4523 1261 4593 φερομένην,
1288 4523 1383 4577 καὶ
1407 4524 1507 4578 οὐκ
1532 4526 1590 4577 ὲν
1613 4524 1757 4596 ψυχῇ
1783 4541 1796 4556 ·
1819 4526 1915 4579 καὶ

2021 4508 2191 4578 imago
2224 4507 2321 4563 Dei
2344 4510 2387 4565 ⁸.
2418 4509 2628 4575 Quibus
2658 4511 2841 4567 verbis
2869 4511 3022 4568 vides
3074 4521 3135 4567 ut
3174 4528 3386 4569 comam
3420 4515 3592 4581 illam,

341 4610 485 4679 μετὰ
519 4608 694 4663 ταῦτά
734 4628 932 4681 φησιν·
994 4612 1165 4682 Ἀδὰμ
1206 4615 1317 4667 οὐκ
1359 4614 1740 4685 ἐξηπατήθη’
1774 4616 1915 4671 ἀλλ’

338 4702 378 4768 ἠ
408 4700 565 4769 γυνὴ
604 4702 672 4755 ἐν
698 4703 1027 4771 παραϐάσει
1052 4705 1339 4774 γενομένη
1372 4705 1693 4775 ἡμάρτηκε.
1722 4708 1916 4776 2M1}-

339 4806 509 4844 σεται
542 4791 611 4843 δὲ
635 4791 735 4847 διὰ
786 4792 897 4861 τῆς
939 4795 1344 4863 τεκνογονίας,
1394 4794 1503 4849 ἐὰν
1555 4796 1917 4866 ἐμμείνωσιν

339 4879 409 4932 ὲν
436 4877 511 4947 τῇ
550 4880 771 4934 πίστει.
800 4882 910 4934 Kal
935 4883 1037 4951 ὅρα
1065 4883 1181 4947 πῶς
1208 4882 1365 4952 φύσει
1394 4883 1464 4937 τά
1493 4884 1722 4955 ἀληθινὰ
1754 4887 1917 4957 κεκή-

343 4986 536 5039 ρυκται
566 4971 623 5022 ὲν
651 4974 716 5041 τῇ
760 4970 880 5042 θείᾳ
910 4972 1120 5043 Γραφῇ.
1152 4974 1264 5027 Kal
1297 4973 1475 5045 μάτην
1503 4973 1675 5038 οὕτως
1710 4992 1916 5047 κομπο-

343 5065 503 5125 misi,
535 5061 735 5131 μᾶλλον
765 5062 819 5114 δὲ
845 5061 1041 5133 χλεύην
1069 5064 1356 5132 ὑφίσταται
1386 5062 1537 5134 παρά
1558 5066 1669 5127 τοῖς
1694 5064 1793 5135 τὴν
1826 5082 1914 5117 τε-

344 5151 489 5205 λείαν
524 5153 783 5223 φρόνησιν
843 5155 1219 5225 κεκτημένοις.
1250 5151 1383 5208 Εἶτα
1404 5154 1564 5207 πάλιν
1590 5155 1821 5210 ἐνταῦθα
1841 5157 1919 5211 δι-

345 5246 556 5314 metu:
593 5244 669 5315 μὴ
710 5238 849 5297 εἶναι
889 5244 978 5298 τὸν
1028 5245 1229 5315 κόσμον
1278 5244 1371 5297 τοῦ
1405 5244 1561 5309 Θεοῦ,
1602 5246 1775 5319 ἀλλ’ἢ
1811 5247 1917 5302 ἀπὸ

350 5332 545 5403 μέρους
588 5334 687 5402 τῆς
736 5332 868 5404 ὕλης
913 5334 1239 5389 πεπλάσθαι.
1286 5335 1373 5387 Ἐν
1418 5334 1495 5405 τῷ
1537 5335 1594 5388 δὲ
1636 5336 1710 5408 μὴ
1737 5337 1916 5407 ἐαυτῷ

349 5429 598 5494 στοιχεῖν,
632 5423 768 5477 ἀλλά
798 5425 938 5479 κατὰ
971 5426 1077 5480 τῶν
1112 5427 1288 5481 αὐτῶν
1324 5424 1583 5497 φέρεσθαι
1609 5427 1911 5490 άνασκευάς

350 5514 442 5565 καὶ
490 5517 831 5579 κατασκευὰς
888 5518 1363 5587 ὲπιπλαττόμενος,
1404 5517 1564 5570 παντί
1616 5535 1695 5587 τῳ
1746 5518 1913 5587 σαφές

354 5603 462 5658 ἐστι
516 5607 806 5679 ληροῦντος
835 5604 972 5661 εἶναι
1007 5609 1066 5661 τὸ
1092 5609 1298 5661 τοιοῦτο
1326 5610 1596 5679 φρόνημα.

2020 4612 2142 4668 quae
2169 4597 2224 4652 in
2248 4614 2498 4669 corpore,
2533 4615 2643 4655 non
2674 4601 2729 4655 in
2766 4601 2948 4657 anima
2973 4604 3202 4674 geritur,
3234 4604 3327 4660 Dei
3362 4607 3595 4676 gloriam

2020 4689 2273 4761 appellet.
2322 4690 2526 4747 Deinde
2568 4692 2793 4763 subjicit
2819 4710 2833 4747 :
2863 4693 3037 4748 Adam
3066 4711 3170 4749 non
3208 4706 3286 4749 est
3326 4695 3592 4765 deceptus,

2020 4782 2110 4835 sed
2137 4781 2325 4835 mulier
2354 4782 2409 4836 in
2433 4783 2847 4854 transgressione
2872 4784 3019 4853 facta
3046 4786 3297 4852 peccavit.
3345 4785 3592 4841 Saluabi-

2022 4881 2109 4925 tur
2141 4882 2313 4926 autem
2343 4888 2435 4939 per
2467 4873 2753 4930 liberorum
2784 4877 3222 4944 procreationem,
3260 4877 3309 4931 si
3347 4876 3596 4944 perinan-

2021 4964 2181 5015 serint
2224 4963 2276 5015 in
2322 4963 2424 5031 [ide
2447 4966 2490 5018 ⁸.
2523 4964 2657 5020 Vide
2693 4981 2856 5036 quam
2897 4977 3020 5035 apte
3060 4968 3236 5023 sacris
3290 4967 3344 5021 in
3377 4967 3592 5021 Litteris

2021 5069 2147 5108 vera
2191 5069 2254 5108 ac
2292 5056 2503 5109 sincera
2550 5073 2779 5127 quaeque
2830 5059 3213 5128 praedicentur,
3257 5059 3348 5113 ille
3394 5065 3590 5112 contra

2023 5145 2228 5200 frustra
2281 5160 2403 5201 sese
2444 5148 2707 5212 venditet,
2741 5150 2825 5205 vel
2854 5150 3039 5220 potius
3080 5149 3315 5206 ludibrio
3345 5148 3415 5203 sit
3445 5150 3589 5219 apud

2021 5250 2139 5295 eos,
2163 5235 2255 5304 qui
2303 5236 2543 5306 perfecta
2580 5240 2845 5309 sapientia
2873 5241 3083 5310 praediti
3124 5250 3268 5295 sunt.
3300 5237 3464 5293 Addit
3494 5255 3589 5294 eo-

2021 5327 2142 5381 dem
2182 5329 2322 5393 loco,
2355 5330 2615 5386 mundum
2636 5333 2857 5387 minime
2885 5334 2951 5387 ad
2980 5332 3143 5386 Deum
3172 5330 3461 5399 pertinere,
3493 5332 3589 5387 sed

2018 5433 2048 5470 a
2073 5420 2310 5473 materiis
2336 5423 2581 5490 partibus
2602 5440 2724 5479 esse
2747 5423 3090 5478 fabricatum.
3119 5420 3319 5476 Verum
3343 5421 3447 5476 hoc
3471 5423 3591 5494 ipso

2018 5509 2161 5578 quod
2203 5526 2389 5565 secum
2434 5515 2659 5569 minime
2706 5513 3040 5578 consentiat,
3088 5512 3183 5569 sed
3222 5528 3288 5570 ea
3332 5515 3449 5586 ipsa
3492 5516 3588 5569 do‘

2021 5610 2222 5670 gmata,
2248 5618 2369 5671 qua:
2398 5605 2682 5668 continxit,
2712 5610 2922 5658 evertat
2954 5618 3017 5656 ac
3071 5605 3334 5671 stabiliat,
3366 5613 3589 5676 apparet

2026 5692 2140 5746 haec
2176 5707 2205 5745 a
2225 5692 2514 5750 delirantis
2543 5696 2764 5768 ingenio
2783 5710 2906 5749 esse
2933 5697 3197 5765 profecta.

424 5799 665 5861 ‘Decssc
692 5804 941 5860 nonnihil
966 5803 1199 5858 videtur.
1279 5804 1298 5834 ²
1336 5783 1762 5874 (ἶριι.ιι,1ε‹ιιι.
1841 5807 1919 5860 ³ιι

2021 5824 2084 5863 ιτ.
2107 5824 2186 5876 ιι,
2216 5810 2268 5863 5.
2348 5810 2368 5842 ⁸
2393 5810 2409 5863 1
2434 5810 2560 5863 Cor.
2590 5826 2665 5873 si,
2702 5808 2786 5862 M.
2860 5808 2881 5838 ⁸
2908 5808 2925 5862 l
2951 5808 3091 5864 Tim.
3118 5825 3177 5874 ιι,
3209 5808 3295 5872 ll,
3326 5808 3415 5862 15.
