4008 6240
366 571 636 630 transitus
684 569 960 625 edisserit.
1017 565 1174 634 Quod
1221 565 1564 621 mendacium
1611 582 1643 621 a
1699 564 1946 631 Platone,

368 667 452 721 rel
501 665 720 720 Zenone
767 661 975 724 Stoico,
1021 661 1110 716 vel
1138 660 1397 731 quopiam
1447 659 1557 713 alio
1595 675 1661 714 ex
1695 659 1948 716 fanaticis

367 757 476 813 illis
530 769 860 826 corrogasse
901 753 1136 808 videtur.
1191 752 1406 809 Etenim
1453 750 1546 821 qui
1588 749 1700 806 ﬁeri
1746 759 1946 821 potest,

366 859 480 903 uta
509 863 744 920 corpore
766 848 822 901 in
848 860 1050 915 corpus
1088 843 1268 898 anima
1297 843 1704 898 transferatur?
1727 843 1863 898 Nam
1900 844 1948 900 si

367 956 603 1012 corpora
642 939 963 1011 jamdudum
1001 936 1236 991 formata
1284 945 1340 991 et
1391 944 1580 1006 parata
1629 937 1833 1003 forent,
1890 947 1948 994 ut

368 1037 581 1090 animas
609 1033 944 1103 exciperent,
979 1030 1232 1086 nonnihil
1257 1030 1479 1084 scenica
1504 1030 1608 1086 ista
1641 1028 1821 1084 fabula
1857 1047 1951 1086 ve—

366 1126 599 1182 risimile
623 1123 785 1196 667
811 1129 1164 1194 proponeret.
1195 1120 1352 1175 Nunc
1386 1137 1510 1176 cum
1558 1121 1612 1176 id
1644 1122 1790 1192 quod
1822 1139 1950 1194 pro-

368 1217 672 1275 seminatur
708 1215 904 1284 exigua
951 1212 1188 1282 quadam
1231 1227 1262 1265 e
1303 1211 1450 1266 stilla
1497 1212 1590 1274 sit,
1633 1228 1742 1266 non
1787 1213 1950 1268 video

367 1307 828 1384 quemadmodum
874 1303 1088 1361 tantillo
1132 1308 1187 1360 in
1224 1320 1455 1376 corpore
1485 1312 1692 1358 tantam
1728 1305 1948 1361 uber-ta.

367 1411 477 1458 tem
507 1415 572 1454 ac
604 1399 816 1468 copiam
855 1397 1039 1452 anima
1069 1397 1336 1468 reperiat;
1369 1397 1451 1452 sic
1487 1396 1632 1453 enim
1669 1396 1949 1467 finguntur

365 1512 433 1552 ca
462 1494 648 1550 omnia
682 1506 1026 1563 qumcunque
1055 1490 1274 1545 tandem
1315 1489 1612 1561 tinguntur.
1651 1489 1731 1544 lta
1763 1488 1947 1546 nullus

368 1591 529 1647 istius
561 1586 859 1642 narrationi
900 1587 1054 1640 locus
1086 1591 1204 1651 est;
1240 1598 1340 1638 nec
1381 1582 1451 1636 ab
1495 1597 1604 1636 uno
1636 1597 1868 1652 corpore
1891 1583 1946 1638 in

366 1681 515 1738 aliud
544 1679 740 1735 animae
767 1676 1251 1732 transfunduntur.
1282 1673 1561 1745 Siquidem
1584 1675 1794 1744 absque
1821 1692 1946 1730 mu-

366 1781 460 1827 tua
507 1769 678 1825 maris
727 1784 790 1823 ac
835 1767 1051 1824 femina
1103 1765 1494 1835 conjunctione
1542 1765 1680 1820 nihil
1722 1766 1778 1820 in
1832 1767 1945 1822 ullo

1798 359 1853 412 S.
1894 358 2238 414 ΕΡΕΗΞΑΝΠ

437 475 549 534 LV.
593 475 858 531 Praeterea
885 475 1190 530 animarum
1219 489 1284 530 ex
1323 474 1530 528 aliisin
1569 473 1675 527 alia
1715 489 1944 545 corpora
1979 489 2023 544 Α

3541 373 3647 430 1ιῖ

2120 473 2244 530 NE'.
2278 475 2702 548 Μεταγγισμοὺς
2731 477 2785 531 δὲ
2809 476 2996 548 ψυχῶν
3020 477 3288 546 διηγεῖται
3321 481 3430 537 ἀπὸ
3453 489 3643 558 σωμά-

2049 583 2159 619 των
2197 568 2278 630 είς
2309 567 2559 638 σώματα,
2598 569 2757 624 ἆτινα
2802 571 2944 640 τάχα
2986 570 3019 641 ἢ
3057 571 3208 641 παρὰ
3250 572 3558 642 Πλάτωνος,
3607 579 3644 648 ἢ

2050 653 2294 724 Ζήνωνος
2325 654 2422 708 τοῦ
2451 657 2713 724 Στωϊκοῦ,
2743 658 2776 731 ἦ
2803 661 2953 729 παρά
2976 676 3122 724 τινος
3134 659 3242 714 τῶν
3259 667 3645 738 πεφαντασμὲ-

2049 760 2156 800 νων
2189 747 2582 819 ὲρανισάμενος
2611 752 2762 804 τουτὶ
2787 753 2849 806 τὸ
2879 753 3102 825 ψεῦσμα
3133 757 3470 828 εὑρίσκεται.
3517 758 3647 822 Πῶς

2050 837 2158 910 γὰρ
2199 834 2311 894 οἷόν
2355 842 2503 894 ἐστιν
2537 842 2648 896 ἀπὸ
2697 842 2947 915 σώματος
2985 847 3064 910 είς
3089 845 3247 917 σῶμα
3273 849 3646 921 είσκρίνεσθαι

2049 930 2146 1002 τὴν
2191 930 2396 1003 ψυχήν;
2437 934 2499 987 Εἰ
2560 935 2661 1005 μὲν
2707 936 2816 1008 γὰρ
2869 936 3100 1008 σώματα
3147 941 3508 1013 πεπλασμένα
3547 942 3648 995 καὶ

2049 1023 2242 1095 ἕτοιμα
2283 1021 2374 1096 ἦν,
2407 1026 2503 1080 καὶ
2543 1027 2687 1081 οὕτω
2734 1028 2833 1094 τὰς
2869 1028 3048 1101 ψυχὰς
3098 1032 3412 1104 ὑπεδέχετο,
3441 1034 3644 1107 πιθανή

2049 1133 2131 1180 τις
2157 1111 2282 1187 ἦνή
2319 1117 2421 1188 τῆς
2458 1120 2770 1192 τραγῳδίας
2809 1121 3120 1192 μυθοποιία·
3153 1126 3202 1178 εί
3234 1125 3293 1178 δὲ
3327 1125 3389 1180 τὸ
3419 1125 3645 1199 σπειρό-

2051 1209 2214 1278 μενόν
2251 1210 2400 1264 ἐστιν
2433 1212 2498 1264 ὲκ
2543 1208 3136 1287 σταγόνοςβραχείας,
3187 1218 3307 1283 πῶς
3335 1219 3539 1291 ἡψυχὴ
3585 1223 3648 1274 ἐν

2047 1299 2125 1371 τῷ
2175 1302 2417 1374 τοσούτῳ
2453 1303 2637 1375 μικρῷ
2686 1307 2900 1377 σώματι
2945 1299 3074 1380 εὗρε
3108 1310 3365 1382 τοιαύτην
3392 1311 3645 1384 εὖροιαν;

2049 1391 2206 1446 Οὖτω
2235 1393 2344 1466 γὰρ
2375 1394 2444 1448 τὰ
2474 1396 2829 1469 πλασσόμενα
2856 1399 3176 1457 πλάσσεται’
3213 1404 3308 1457 καὶ
3329 1405 3514 1459 οὐκέτι
3546 1421 3645 1459 συ-

2049 1485 2379 1559 σταθήσεται
2403 1490 2569 1545 αὐτοῦ
2595 1493 2623 1544 6
2648 1491 2827 1560 λόγος.
2860 1493 2997 1548 οὔτε
3019 1495 3128 1568 γὰρ
3151 1497 3262 1552 ἀπὸ
3285 1497 3536 1569 σώματος
3564 1499 3647 1561 είς

2049 1577 2210 1648 σῶμα
2241 1579 2659 1651 μεταγγίζονται
2689 1584 2746 1638 αἱ
2777 1583 2968 1656 ψυχαί.
3003 1587 3140 1658 Δίχα
3173 1587 3283 1661 γὰρ
3314 1589 3515 1661 μίξεως
3545 1588 3648 1657 θη-

2046 1667 2196 1732 λείας
2226 1670 2362 1742 πρὸς
2391 1671 2618 1745 ἄρρενα,
2644 1675 2740 1728 καὶ
2778 1676 3009 1748 ἄρρενος
3033 1679 3169 1751 πρὸς
3195 1679 3412 1752 θήλειαν
3434 1683 3493 1735 ὲν
3516 1680 3648 1734 ἑκά-

2048 1777 2159 1830 στῳ
2186 1761 2294 1815 τῶν
2344 1762 2520 1830 ζώων,
2551 1766 2707 1820 οὐδέν
2749 1785 2802 1821 τι
2835 1767 2944 1824 τῶν
2989 1771 3379 1844 πλασσομένων
3407 1773 3644 1843 γίνεται.

367 1863 685 1920 anlmalium
731 1875 930 1933 genere
996 1859 1386 1931 propagatione
1444 1859 1732 1915 formatur.
1803 1858 1944 1914 Num

2050 1847 2194 1924 τΑρα
2223 1855 2353 1922 γοῦν
2400 1856 2573 1922 οὔτως
2607 1858 2841 1931 ἕστηκεν
2872 1863 2906 1933 ἠ
2953 1861 3123 1936 ψυχὴ,
3165 1841 3254 1920 ἵνα
3282 1869 3346 1937 τῇ
3379 1841 3649 1938 συναφείᾳ

367 1958 534 2030 igitur
564 1957 646 2011 sic
675 1954 931 2011 eorusistit
963 1953 1166 2018 anima,
1193 1960 1252 2007 ut
1279 1951 1566 2007 ambormn
1594 1952 1947 2022 copulatione
1972 1997 1978 2001 .

367 2063 660 2120 corporum
685 2045 1035 2102 circulatoris
1057 2046 1217 2101 istius
1232 2043 1467 2099 fabulam
1493 2045 1773 2100 absolvat?
1803 2044 1949 2100 Sane

366 2143 563 2196 miram
599 2140 814 2194 illorum
845 2138 1196 2194 stoliditatem
1232 2145 1447 2208 oportet
1485 2151 1628 2202 esse,
1664 2137 1758 2206 qui
1793 2135 1946 2206 ejus-
1975 2181 1978 2184 .

367 2233 515 2286 modi
545 2232 628 2287 vel
655 2229 949 2302 cogitando
986 2231 1092 2285 sibi
1124 2229 1400 2284 finxerint.
1445 2227 1614 2285 Nobis
1640 2238 1847 2294 autem,
1878 2245 1948 2284 ne

366 2338 490 2392 quae
518 2332 749 2392 augusta
788 2333 852 2376 ac
881 2321 1135 2391 religiosa
1167 2329 1316 2383 sunt,
1349 2327 1773 2384 commutemus,
1805 2323 1944 2378 satis

365 2430 490 2470 esse
523 2413 700 2467 risum
729 2419 815 2467 est
858 2412 1056 2467 velute
1102 2411 1399 2482 longinquo
1442 2413 1749 2484 argumenti
1781 2412 1946 2483 hujus

366 2501 693 2556 informasse
747 2499 1004 2570 Speciem.
1055 2497 1324 2564 Quocirca
1381 2499 1746 2569 perniciosam
1803 2500 1947 2555 hanc

366 2604 528 2665 atque
573 2592 906 2648 exitiabilem
957 2591 1270 2661 opinionem
1325 2593 1756 2661 praetermittam.
1807 2592 1945 2647 Nam

367 2682 702 2756 perabsurda
733 2692 860 2739 sunt
890 2681 1159 2752 ejusmodi
1200 2683 1384 2738 omnia
1422 2682 1695 2755 dogmata.
1732 2683 1944 2740 Etenim

366 2779 413 2834 si
442 2777 770 2847 corporibus
799 2791 1031 2846 corpora
1085 2783 1300 2831 mutent
1339 2776 1554 2844 animat,
1586 2788 1644 2831 ut
1682 2778 1778 2848 qui
1812 2778 1944 2832 olim

367 2873 530 2928 homo
551 2871 713 2926 fuerit
739 2879 926 2941 postea
948 2870 1101 2926 canis
1115 2869 1366 2935 exsistat,
1384 2884 1484 2925 cur
1502 2884 1610 2925 non
1633 2886 1700 2926 ex
1727 2871 1946 2926 homine

363 2964 446 3019 vel
474 2963 613 3018 bove
635 2963 788 3018 canis
819 2961 1104 3018 nascitur?
1129 2967 1224 3023 aut
1253 2975 1353 3016 cur
1373 2975 1482 3016 non
1513 2960 1631 3017 avis
1665 2961 1942 3032 progigni-

361 3058 489 3111 tur?
537 3056 650 3112 lmo
696 3064 912 3120 contra,
949 3055 996 3112 si
1027 3055 1174 3126 quod
1222 3054 1422 3109 infiniti
1469 3056 1734 3125 temporis
1767 3055 1944 3125 spatio

363 3152 670 3198 inonstrum
705 3143 871 3212 hujus
905 3145 1124 3214 generis
1168 3145 1399 3208 oriatur,
1444 3145 1944 3215 portenti‘babetur

366 3233 562 3288 instar.
596 3234 674 3287 Ac
707 3241 902 3286 natura
943 3233 1161 3302 quidem
1201 3235 1318 3304 ipsa
1353 3236 1469 3290 suis
1497 3249 1556 3290 se
1585 3234 1782 3290 finibus
1811 3250 1944 3289 con-

368 3322 523 3385 tinet,
555 3335 732 3389 neque
757 3327 851 3373 aut
895 3319 1155 3382 hominis,
1195 3330 1288 3376 aut
1332 3324 1558 3392 pecudis
1593 3324 1758 3378 ullius
1787 3330 1947 3376 natu-

369 3430 507 3478 ram,
549 3422 742 3468 contra
772 3429 934 3483 quam
971 3413 1206 3483 postulet
1243 3414 1383 3484 ipsa,
1415 3423 1735 3476 commutat,
1767 3415 1860 3471 sed
1891 3417 1944 3470 in

368 3517 697 3573 unaquaque
729 3501 909 3571 specie
929 3501 1118 3555 eadem
1146 3509 1408 3571 perpetuo
1442 3503 1677 3571 qualitas
1717 3519 1779 3557 ac
1809 3519 1945 3558 con-

364 3591 500 3643 ditio
526 3598 789 3644 remanet.
819 3587 939 3642 Jam
965 3603 1091 3643 vero
1115 3589 1159 3643 si
1182 3604 1212 3642 a
1229 3604 1459 3658 corpore
1483 3589 1632 3643 aliud
1659 3605 1755 3660 pro
1774 3592 1946 3646 altero

363 3697 565 3752 corpus
599 3680 732 3735 oriri
769 3695 875 3734 non
911 3689 1109 3751 potest,
1138 3689 1343 3750 quanto
1371 3683 1544 3753 magis
1568 3683 1619 3736 in
1648 3684 1793 3738 aliud
1822 3699 1947 3740 cor-

363 3791 466 3845 pus
497 3774 805 3845 transgredi
839 3774 1078 3829 hominis
1108 3775 1288 3829 anima
1312 3791 1418 3830 non
1444 3777 1676 3846 poterit?
1705 3777 1835 3844 Quae
1860 3789 1945 3836 est

363 3871 571 3926 autem,
603 3863 782 3933 inquit
811 3863 924 3928 ille,
957 3865 1278 3922 mutationis
1309 3865 1455 3921 illius
1478 3867 1650 3922 ratio?
1677 3869 1747 3924 Ut
1781 3870 1945 3924 nimi-

363 3968 484 4008 rum
531 3952 598 4018 si,
639 3967 764 4008 cum
811 3953 866 4008 in
911 3953 1130 4009 homine
1156 3964 1322 4021 esset,
1371 3958 1617 4014 veritatis
1657 3959 1942 4015 scientiam

361 4067 468 4107 non
508 4051 834 4123 perceperit,
885 4051 1119 4107 subinde
1166 4052 1220 4106 in
1253 4067 1468 4118 canem,
1512 4062 1607 4109 aut
1630 4071 1830 4126 equum
1863 4058 1945 4112 in-

360 4140 636 4203 troducta,
687 4155 750 4194 ac
790 4139 1117 4212 perdomita,
1167 4140 1631 4214 intelligentiaque
1679 4147 1939 4214 praedita,

361 4228 660 4282 humanum
709 4230 762 4283 iu
804 4243 1006 4298 corpus
1049 4229 1230 4284 denuo
1275 4239 1602 4298 revertatur,
1661 4243 1824 4302 atque
1868 4235 1942 4289 ita

360 4329 584 4385 ronipos
620 4316 863 4371 scientia:
902 4316 1045 4370 facta
1086 4316 1140 4370 in
1184 4317 1372 4372 orbem
1425 4319 1566 4374 lunae
1621 4321 1939 4391 recipiatur.

359 4399 418 4454 In
453 4417 562 4470 quo
595 4418 692 4472 per
726 4403 856 4456 illud
906 4419 1039 4460 sane
1069 4405 1268 4460 mirum
1305 4415 1387 4462 est
1414 4424 1426 4461 :
1450 4407 1726 4472 Animam,
1763 4427 1942 4481 quan-

358 4490 452 4546 diu
483 4491 536 4546 in
560 4491 782 4548 homine
824 4492 943 4557 fuit,
971 4495 1058 4548 cui
1093 4495 1405 4551 scholarum
1435 4503 1938 4569 grammaticorum,

2050 4513 2249 4582 μᾶλλον
2267 4490 2419 4588 ’ἦν’
2463 4490 2630 4576 α’ὐτοά

359 4581 768 4648 sophistarum,
811 4584 1223 4641 innumerarum
1261 4588 1495 4660 denique
1539 4593 1738 4647 artium
1774 4600 1930 4666 copia

359 4679 625 4748 suppetit,
670 4681 762 4750 qui
809 4683 1296 4752 sermocinatione,
1348 4687 1571 4754 auditu,
1629 4693 1934 4753 eruditione
1968 4703 2228 4770 praeditus
2257 4714 2362 4770 est,
2389 4706 2445 4762 in
2469 4679 2823 4784 eo,'inquam,

2045 1945 2154 2000 τῶν
2184 1947 2277 2000 δύο
2325 1949 2595 2019 σωμάτων
2624 1950 2685 2004 τὸ
2723 1952 3062 2026 τραγῴδημα
3093 1957 3252 2011 τοῦτο
3279 1958 3374 2011 τοῦ
3403 1958 3646 2031 ἀγύρτου

2047 2039 2364 2115 ὲπιτελέσῃς
2398 2042 2509 2095 Kal
2548 2042 2717 2114 πολλή
2743 2045 2830 2108 τίς
2874 2047 3022 2101 ἐστιν
3110 2050 3310 2103 ἀτοπία
3346 2053 3405 2104 ὲν
3436 2053 3549 2114 τοῖς
3574 2052 3646 2105 τὰ

2045 2131 2268 2185 τοιαῦτα
2284 2133 2388 2186 κᾶν
2414 2134 2835 2206 διανοουμένοις.
2871 2137 3062 2210 Ἦμεῖς
3092 2141 3150 2195 δὲ
3171 2143 3257 2195 ἵνα
3283 2142 3358 2214 μὴ
3373 2142 3443 2197 τὰ
3471 2145 3646 2214 σεμνὰ
3721 2128 3728 2133 ’

2050 2224 2502 2296 μεταδὰλλωμεν,
2535 2229 2783 2299 ἀρκετῶς
2824 2231 3055 2303 ἔσχομεν
3080 2234 3241 2303 μόνον
3267 2234 3342 2298 ὡς
3374 2235 3482 2288 ἀπὸ
3511 2237 3645 2307 πόρ·

2048 2316 2220 2386 ρωθεν
2262 2317 2446 2373 δοῦναι
2472 2319 2571 2390 τῆς
2597 2320 2910 2389 ὑποθέσεως
2943 2322 3005 2376 τὸ
3029 2320 3188 2388 εἶδος.
3224 2327 3647 2398 Παρελεύσομαι

2045 2408 2225 2462 τοίνυν
2263 2410 2374 2463 ἀπὸ
2412 2412 2510 2483 τῆς
2548 2412 2808 2487 τοιαύτης
2851 2415 3176 2488 φθοροποιοῦ
3214 2418 3490 2485 ὑπονοίας.
3534 2423 3646 2476 Kal

2048 2498 2159 2571 γὰρ
2189 2501 2366 2556 πάντα
2392 2501 2569 2558 ἄτοπα
2606 2505 2678 2559 τὰ
2704 2506 2930 2561 τοιαῦτα
2956 2508 3318 2581 διανοήματα.
3349 2513 3412 2565 Ei
3442 2512 3552 2584 γὰρ
3578 2516 3646 2569 ὲκ

2055 2592 2305 2663 σώματος
2329 2595 2407 2657 είς
2439 2595 2598 2667 σῶμα
2623 2600 2656 2670 ἡ
2685 2600 2955 2672 μεταϐολὴ
2982 2601 3094 2656 τῶν
3114 2602 3323 2675 ψυχῶν,
3340 2605 3436 2658 καὶ
3462 2607 3490 2659 6
3511 2607 3644 2661 ποτὲ

2045 2683 2331 2757 ἄνθρωπος
2369 2686 2594 2760 ὕστερον
2629 2689 2799 2758 κύων,
2847 2693 2936 2747 διὰ
2982 2693 3036 2747 τί
3087 2695 3162 2766 μὴ
3199 2697 3309 2750 ἀπὸ
3347 2697 3645 2770 ἀνθρώπου

2045 2777 2193 2830 κύων
2231 2779 2462 2846 γίνεται,
2492 2779 2526 2851 ἢ
2556 2782 2666 2835 ἀπὸ
2705 2782 2857 2853 βοός;
2885 2783 2974 2839 διὰ
3001 2785 3054 2838 τί
3083 2786 3236 2859 ὄρνις
3269 2789 3331 2842 οὐ
3367 2790 3642 2858 τίκτεται;

2059 2869 2197 2922 Ἀλλ’
2221 2870 2270 2922 εί
2293 2871 2402 2942 ἄρα
2437 2871 2675 2945 συμϐαίη
2708 2875 2887 2947 χρόνῳ
2903 2877 3010 2930 τινὶ
3038 2880 3095 2931 ὲν
3116 2879 3193 2951 τῷ
3218 2880 3439 2952 ἀπλέτῳ
3483 2883 3644 2938 αἰῶνι

2044 2959 2329 3030 τεράστιόν
2361 2978 2413 3014 τι
2440 2964 2718 3031 γενέσθαι,
2753 2967 2980 3038 σημείου
3014 2969 3177 3023 ἕνεκα
3202 2971 3430 3040 γίνεται.
3467 2975 3578 3028 Kal
3607 2976 3643 3045 ἡ

2046 3047 2209 3116 φύσις
2239 3050 2336 3120 μὲν
2386 3051 2586 3122 ἑαυτῆς
2605 3055 2731 3119 τοὺς
2751 3057 2910 3128 ὄρους
2939 3059 3246 3127 ἐπίσταται,
3283 3063 3378 3116 καὶ
3407 3063 3468 3116 οὐ
3510 3081 3644 3135 μετ-

2045 3139 2298 3195 αλλάσσει
2317 3143 2479 3212 φύσιν
2513 3146 2825 3218 ἀνθρώπου,
2855 3150 3061 3222 ἑτέρως
3090 3152 3445 3225 πλασσομένη
3485 3158 3643 3228 παρὰ

2050 3231 2155 3303 τὴν
2190 3234 2374 3302 φύσιν,
2428 3237 2548 3290 οὐδὲ
2603 3239 2834 3294 ἑκάστου
2890 3244 3143 3315 κτήνουςο
3195 3246 3310 3299 ἀλλ’
3338 3248 3396 3300 ὲν
3435 3249 3641 3320 ἑκάστῃ

2050 3326 2295 3397 ποιότητι
2329 3329 2363 3399 ἡ
2398 3329 2536 3403 αὑτὴ
2569 3332 2790 3405 ποιότης
2824 3335 3052 3403 γίνεται.
3084 3339 3192 3392 Καὶ
3221 3343 3270 3394 εἰ
3302 3340 3440 3404 ὅλως
3482 3343 3642 3414 σῶμα

2050 3417 2238 3490 ἕτερον
2271 3419 2386 3472 ἀνθ’
2412 3422 2599 3491 ἑτέρου
2624 3424 2734 3478 ἀπὸ
2762 3427 3013 3500 σώματος
3046 3432 3108 3485 οὐ
3131 3434 3360 3502 γίνεται,
3387 3436 3540 3506 πόσῳ
3577 3454 3641 3504 γε

2051 3510 2252 3581 μᾶλλον
2269 3511 2417 3584 ψυχὴ
2446 3514 2734 3587 ἀνθρώπου
2758 3520 2838 3583 εἰς
2858 3520 3044 3593 ἕτερον
3067 3523 3226 3599 σῶμα
3246 3526 3304 3578 οὺ
3331 3527 3641 3599 μεταϐήσε-

2050 3620 2140 3656 ται
2161 3620 2176 3668 ;
2200 3603 2310 3658 Kal
2330 3605 2417 3658 ἵνα
2435 3605 2508 3669 τί,
2537 3609 2690 3678 φησὶ,
2723 3612 3116 3680 μεταϐάλλεται
3138 3633 3152 3682 ;
3185 3618 3300 3671 ἀλλ’
3322 3619 3408 3672 ἵνα
3431 3619 3486 3672 εί
3509 3637 3640 3674 ποτε

2049 3693 2106 3746 ἐν
2125 3693 2401 3764 ἀνθρώπῳ
2429 3695 2504 3767 μὴ
2541 3701 2760 3752 συνεῖσα
2797 3701 2898 3774 τὴν
2924 3704 3025 3775 τῆς
3047 3706 3306 3777 ἀληθείας
3332 3708 3555 3776 γνῶσιν,
3575 3711 3637 3763 ὲν

2051 3786 2198 3850 κυνὶ,
2233 3786 2266 3856 ἢ
2303 3788 2362 3839 ὲν
2392 3787 2546 3854 ἵππῳ
2575 3793 2863 3864 γενομένη,
2888 3797 2981 3849 καὶ
2999 3797 3355 3869 δαμασθεῖσα,
3399 3801 3494 3854 καὶ
3523 3817 3642 3855 συν-

2047 3879 2187 3938 εῖσα,
2210 3879 2512 3954 ἀνακάμψῃ
2533 3881 2695 3937 πάλιν
2719 3886 2802 3948 είς
2830 3887 3117 3958 ἀνθρώπου
3147 3889 3325 3962 σῶμα,
3345 3895 3440 3947 καὶ
3464 3891 3641 3956 οὕτως

2045 3968 2250 4036 γνοῦσα
2276 3971 2377 4042 τὴν
2395 3973 2597 4042 γνῶσιν
2635 3976 3080 4051 ἀναληφθήσεται
3101 3984 3182 4046 εἰς
3207 3983 3298 4037 τὸν
3328 3983 3511 4037 δίσκον
3535 3984 3642 4055 τῆς

2047 4060 2297 4133 σελήνης.
2337 4064 2448 4117 Kal
2479 4064 2594 4119 ἔστι
2627 4066 2942 4139 θαυμαστὸν
2994 4072 3143 4138 ἰδεῖν,
3194 4074 3275 4127 ὅτι
3319 4075 3378 4129 ἐν
3424 4075 3525 4146 μὲν
3550 4077 3641 4130 ἀν-

2045 4150 2250 4224 θρώπῳ
2290 4157 2580 4230 γενομένη,
2614 4160 2745 4232 παρ’
2761 4153 2806 4229 ᾧ
2821 4163 3204 4236 παιδευτήρια,
3229 4167 3637 4238 γραμματικοὶ,

2045 4245 2300 4314 σοφισταί
2338 4263 2398 4299 τε
2440 4251 2536 4303 καὶ
2570 4251 2772 4322 τεχνῶν
2809 4254 3066 4328 ἀμύθητα
3094 4258 3294 4331 πλήθη,
3326 4261 3420 4314 καὶ
3452 4260 3636 4322 λαλιὰ,

2044 4332 2137 4386 καὶ
2163 4333 2321 4406 ἀκοὴ,
2350 4337 2443 4390 καὶ
2471 4337 2746 4412 λογιότης,
2777 4342 2838 4397 ὲν
2871 4345 3117 4418 ἀγνωσία
3136 4348 3378 4421 ὑπῆρχεν
3406 4351 3438 4420 ἡ
3464 4349 3635 4421 ψυχὴ,

2044 4422 2102 4475 ὲν
2157 4424 2212 4478 δὲ
2265 4426 2437 4499 χοίρῳ
2484 4432 2774 4504 γενομένη,
2827 4436 3029 4505 μᾶλλον
3079 4439 3314 4509 ἐπέγνω·
3359 4441 3448 4495 ἵνα
3485 4441 3635 4512 δείξῃ

2686 4524 3022 4594 ἐπαγγελίαν
3077 4529 3172 4600 τῆς
3215 4529 3470 4599 γνώσεως
3519 4533 3635 4601 χοί-

2041 4623 2151 4677 ρων
2178 4603 2364 4676 οὗσαν,
2395 4611 2484 4665 διὰ
2507 4612 2605 4685 τὴν
2642 4616 2807 4672 αὐτοῦ
2844 4619 3055 4693 πλάνην
3089 4623 3181 4677 καὶ
3209 4624 3483 4679 ἀσέϐειαν.

2882 4716 3102 4775 homine
3140 4727 3291 4775 tanta
3351 4725 3404 4776 in
3469 4721 3638 4777 insci-

361 4773 434 4826 tia
484 4772 720 4827 animam
755 4787 879 4829 esse
931 4783 1224 4841 versatam,
1280 4777 1525 4833 eamdem
1569 4798 1697 4838 vero
1732 4801 1854 4843 mox
1907 4798 1967 4845 ut
2006 4792 2060 4848 in
2109 4810 2330 4864 porcum
2385 4805 2649 4861 translata
2694 4805 2880 4876 fuerit,
2932 4811 3158 4881 majoris
3229 4831 3352 4871 esse
3389 4816 3636 4870 scientia:

359 4867 702 4979 ρωξῑοῑρρπξς
764 4864 885 4933 QUO
919 4868 1137 4979 quidem
1177 4869 1398 4928 decreto
1461 4890 1615 4932 suam
1689 4879 1833 4936 illam
1893 4888 2136 4946 scientiae
2182 4892 2580 4962 professionem
2627 4915 2919 4968 porcorum
2971 4909 3248 4977 prepriam
3293 4911 3466 4979 magis
3513 4923 3636 4964 esse

362 4959 596 4979 in“.-.
701 4964 860 4979 __.___
898 4966 972 4979 -_.
1491 4967 1550 4979 ..
1653 4969 1664 4979 .

357 4957 621 5015 declarat.
653 4957 862 5012 Tantus
892 4966 979 5014 est
1007 4959 1244 5018 hominis
1273 4978 1428 5018 error
1454 4973 1508 5019 et
1537 4967 1808 5039 impietas.

423 5053 592 5123 668
631 5051 762 5108 LVI.
800 5051 874 5108 De
898 5053 1089 5109 Adami
1119 5073 1248 5112 vero
1289 5058 1644 5121 fabricatione
1674 5066 1813 5123 idem
1850 5071 1941 5127 ille

355 5154 480 5194 cum
513 5140 777 5212 disputat,
815 5141 918 5196 alia
964 5157 1062 5212 pro
1092 5145 1214 5199 aliis
1243 5149 1432 5203 eadem
1467 5152 1684 5208 errandi
1721 5157 1939 5213 licentia

357 5229 609 5296 pertexit.
652 5227 743 5283 Sic
779 5229 926 5284 enim
968 5231 1202 5286 asserit:
1238 5231 1372 5288 Eum
1409 5238 1500 5307 qui
1532 5240 1702 5296 dixit:
1745 5242 1941 5302 Facia-

355 5335 472 5373 mus
507 5321 770 5375 hominem
826 5321 897 5374 ατί
944 5323 1224 5394 imaginem
1271 5337 1499 5382 nostram
1545 5343 1594 5386 et
1627 5335 1940 5393 similitudi-

356 5412 532 5474 nem‘,
549 5412 827 5468 addidisse
843 5414 1116 5479 nonnihil,
1146 5416 1330 5487 itaque
1353 5424 1693 5493 concepisse,
1739 5427 1936 5498 Vem‘le,

353 5504 649 5573 faciamus;
683 5506 828 5582 quod
861 5507 913 5561 in
945 5507 1228 5579 Scriptura
1262 5526 1368 5566 non
1410 5513 1627 5584 legitur,
1668 5521 1760 5573 sed
1805 5522 1936 5578 illud

351 5593 642 5658 duntaxat,
673 5591 955 5650 Faciamus
989 5597 1248 5652 hominem
1279 5599 1349 5652 ad
1385 5601 1663 5673 imaginem
1698 5620 1938 5664 nostram

354 5693 400 5733 et
447 5681 872 5738 similitudinem.
920 5682 1118 5742 Verum
1152 5702 1261 5742 non
1297 5687 1457 5743 modo
1492 5691 1807 5762 Apostolus,
1841 5701 1933 5753 sed

434 5831 447 5862 '
477 5835 610 5892 ϐαι.
653 5856 688 5908 ι,
715 5841 803 5894 9.6.

2113 5067 2256 5135 Nq'.
2287 5070 2422 5140 Περὶ
2446 5072 2503 5126 δὲ
2542 5075 2643 5145 τῆς
2674 5076 2769 5129 τοῦ
2811 5078 2981 5150 Ἀδὰμ
3025 5082 3273 5149 πλάσεως
3300 5088 3329 5140 6
3367 5089 3531 5153 αὐτὸς
3559 5091 3638 5145 δι-

2046 5158 2348 5230 ηγούμενος
2381 5163 2542 5235 ἕτερα
2592 5167 2708 5221 ἀνθ’
2738 5168 2939 5240 ἐτέρων
2981 5175 3046 5244 τῇ
3081 5174 3252 5248 πλάνῃ
3299 5181 3634 5249 συνυφαίνει.

2046 5249 2190 5315 Ὅτι,
2227 5254 2410 5324 φησιν,
2449 5258 2477 5310 6
2511 5257 2702 5323 εἰπὼν,
2744 5261 3101 5334 Ποιήσωμεν
3154 5269 3470 5338 ἄνθρωπον
3507 5275 3636 5328 κατ’

2040 5343 2249 5434 εἰκόνα
2293 5347 2588 5416 ἡμετέραν
2630 5351 2728 5404 καὶ
2785 5357 2912 5410 καθ’
2939 5359 3250 5426 ὁμοίωσιν,
3287 5363 3382 5416 καὶ
3411 5365 3636 5434 προστί-

2044 5432 2170 5503 θησι
2202 5435 2374 5504 λέγων
2422 5439 2502 5502 τὸ,
2533 5439 2729 5508 Δεῦτε,
2764 5445 3128 5517 ποιήσωμεν,
3171 5451 3308 5522 ὅπερ
3330 5452 3391 5504 οὐ
3425 5432 3631 5523 γέγρα-

2041 5541 2192 5593 πται,
2216 5528 2350 5582 ἀλλὰ
2381 5532 2736 5605 Ποιήσωμεν
2761 5539 3077 5608 ἄνθρωπον
3105 5545 3233 5596 κατ’
3250 5545 3458 5598 εἰκόνα
3485 5545 3629 5616 ἠμε-

2037 5617 2218 5708 τέρίιν
2233 5623 2329 5676 καὶ
2352 5625 2480 5678 καθ’
2514 5630 2815 5697 ὁμοίωσιν.
2855 5633 3099 5706 Ἐλέγχέι
3119 5635 3177 5690 δὲ
3209 5636 3398 5691 τοῦτον
3423 5638 3451 5691 6
3475 5637 3630 5708 ἅγιος

2057 5707 2378 5779 ’Λπόστολος
2431 5716 2625 5788 λέγων,
2664 5725 2755 5778 καὶ
2790 5726 2952 5790 αὐτὸς
2976 5728 3004 5780 6
3047 5727 3252 5800 Κύριος
3268 5731 3327 5784 ὲν
3351 5731 3430 5802 τῷ
3451 5707 3629 5802 non.

3033 5993 3061 6003 η
