4008 6240
399 301 503 358 H3

394 503 590 558 καλὸν
617 502 769 561 εἶναι
799 511 908 565 τὸν
933 514 1248 583 ἄνθρωπον
1281 502 1646 592 μονώτατον,
1670 502 1785 597 καὶ,
1812 539 1981 590 Μωϋ-

390 593 517 662 σῆς
542 592 676 650 εἷπε
704 599 937 656 διδόναι
954 605 1201 668 βιϐλίον
1232 613 1634 688 ἀποστασίου,
1662 592 1984 679 ἐκϐάλλειν

391 683 508 752 τὴν
553 691 826 756 γυναῖκα·
863 695 958 748 καὶ
988 698 1017 750 6
1055 699 1258 770 Κύριος
1301 705 1438 776 πρὸς
1473 683 1980 782 τοὺς-’Φαρισαίους

389 777 481 829 τὸν
524 777 742 850 ἔλεγχον
792 784 1089 857 ἐπιφέρων,
1141 790 1315 861 ἐλεγεο
1360 799 1622 867 Μωῠσῆς
1673 777 1825 857 κατὰ
1868 777 1982 874 τὴν

387 872 882 941 σκληροκαρδίαν
905 877 1073 946 ὑμῶν
1119 881 1404 952 ἔγραψεν·
1449 888 1733 959 ἀπαρχῆς
1789 893 1858 946 δὲ
1905 872 1980 950 οὐ

388 957 635 1040 perorare
680 964 890 1055 οὕτωςΣ
936 969 1091 1024 Ἀλλ’
1120 975 1153 1026 ὁ
1185 957 1653 1049 ποιήσας
1680 957 1787 1038 παὶ
1817 985 1978 1055 θῆλυ

383 1038 657 1118 ἐποίησε.
689 1053 801 1106 Καὶ
833 1051 1021 1111 εἶπεν·
1042 1061 1203 1132 Ἀντί
1241 1038 1460 1122 τουτου
1492 1038 1977 1142 immotam-st

387 1141 623 1205 Ορωπος
647 1140 755 1195 τὸν
777 1144 1004 1213 πατέρα
1024 1150 1208 1205 αὐτοῦ
1242 1153 1340 1207 καὶ
1366 1155 1484 1224 τὴν
1504 1159 1732 1228 μητέρα
1753 1140 1974 1232 αὐτοῦ,

386 1227 487 1281 καὶ
515 1234 963 1299 κολληθήσεται
986 1239 1063 1309 τῇ
1086 1245 1324 1310 γυναικί
1358 1248 1568 1315 αὐτοῦ,
1731 1227 1975 1307 ἔσονται

383 1321 438 1370 ol
465 1319 574 1413 δύρ
597 1324 686 1388 είς
707 1324 907 1393 σάρκα
921 1329 1088 1397 μίαν.
1127 1334 1237 1386 Καὶ
1263 1335 1429 1401 εὐθὺς
1462 1339 1737 1413 ἐπιφέρει,
1777 1343 1970 1412 λέγων·

388 1410 458 1460 Εἰ
485 1403 602 1463 οὖν
641 1413 674 1464 ὀ
706 1412 852 1480 Θεὸς
884 1418 1268 1488 συνέζευξεν,
1301 1403 1614 1494 ἅνθρωπος
1629 1403 1731 1499 ζαῆ
1754 1403 1978 1500 χωριζέ-

383 1515 481 1552 τω·
506 1500 784 1571 ὁμολογῶν
819 1506 974 1576 Θεὸν,
1002 1513 1249 1566 τουτέστι
1269 1516 1362 1569 τὸν
1391 1516 1521 1572 ἴδιον
1539 1519 1708 1575 αὑτοῦ
1731 1523 1970 1595 Πατέρα,

382 1587 473 1640 τὸν
519 1589 688 1662 Ἀδὰμ
715 1598 1074 1668 πεποιηκέναι
1105 1604 1200 1656 καὶ
1239 1604 1337 1677 τὴν
1361 1605 1527 1674 Εὕαν,
1559 1611 1653 1664 καὶ
1679 1612 1772 1666 τὸν
1795 1587 1972 1686 γάμον

381 1678 474 1768 τον
503 1682 701 1768 σεμνὸν
736 1685 794 1751 ἐξ
816 1687 980 1741 αὐτοῦ
1006 1693 1310 1750 κεκτίσθαι.
1347 1698 1426 1768 Τῇ
1459 1698 1516 1753 δὲ
1553 1701 1720 1756 αὐτοῦ
1751 1678 1971 1760 ἀπολου-

499 1767 592 1822 καὶ
711 1769 865 1840 ἅγιος
904 1776 1232 1863 ῖἈπόστολος
1271 1764 1448 1856 κῆρυξ
1479 1786 1554 1844 ὢν
1583 1791 1682 1861 τῆς
1710 1791 1970 1863 ἀληθείας
2001 1790 2044 1844 Β

379 1851 549 1920 λέγει·
592 1857 664 1909 Τὸ
708 1862 1051 1932 μυστήριον
1079 1870 1254 1925 τοῦτο
1469 1851 1675 1934 ἐστίν..
1707 1851 1850 1952 Ἐγ·ιῦ
1900 1851 1969 1938 δέ

377 1945 534 2015 λέγω
571 1950 659 2015 είς
715 1953 976 2020 Χριστὸν
1000 1959 1099 2012 καὶ
1149 1959 1266 2030 τὴν
1298 1964 1690 2035 Ἐκκλησίαν·
1724 1945 1813 2028 ἵνα
1859 1975 1969 2029 ἀπὸ

377 2037 473 2092 τοῦ
517 2038 862 2113 ὁμοιιῦματος
909 2047 1004 2101 τοῦ
1067 2050 1172 2104 ὑπὸ
1231 2053 1326 2108 τοῦ
1381 2057 1517 2111 Θεοῦ
1583 2066 1982 2135 κεκτισμένου,

391 2130 564 2201 Ἀδάμ
591 2151 651 2186 τε
675 2136 767 2190 καὶ
798 2138 897 2208 τῆς
921 2139 1088 2206 Εὔας
1125 2145 1208 2197 ὅτι
1231 2148 1260 2199 6
1293 2147 1425 2213 Θεὸς
1455 2151 1659 2219 ἔκτισε,
1693 2130 1791 2209 καί
1813 2153 1968 2212 εἶπεν

378 2405 650 2474 talem-sc
701 2407 1028 2479 ἄνθρωπος’
1080 2417 1176 2470 καὶ
1228 2419 1309 2472 ὅτι
1357 2421 1774 2493 ’ῼιιοδόμησεν
1803 2430 1966 2496 αὐτῷ

377 2494 495 2562 τὴν
524 2500 796 2567 πλευρὰν
818 2504 904 2565 είς
935 2506 1212 2575 γυναῖκα,
1249 2511 1344 2564 καὶ
1370 2513 1554 2567 οὐκέτι
1587 2516 1772 2590 ἕτερον
1815 2521 1963 2594 αὑτῷ

376 2583 597 2653 φάσκει,
623 2588 756 2642 ἀλλά
789 2595 1088 2666 μυστήριον
1123 2598 1285 2668 μέγα.
1311 2601 1422 2654 Καὶ
1459 2605 1506 2656 εί
1543 2605 1641 2674 μὲν
1680 2583 1738 2660 έν
1761 2583 1965 2680 ἀνθρῶ

375 2693 462 2746 πῳ
491 2679 586 2732 καὶ
627 2688 847 2749 γυναικὶ
873 2684 971 2757 τὴν
1002 2687 1220 2755 πλάσιν,
1251 2690 1394 2747 κατὰ
1433 2694 1491 2748 δὲ
1541 2697 1641 2769 τὴν
1671 2699 1962 2775 ἀναγωγὴν

368 2768 444 2824 δι’
471 2770 799 2846 ἀλληγορίας
829 2776 1074 2848 φέρεται.
1600 2768 1607 2769 7
1790 2768 1797 2770 ﬁ
1872 2768 1880 2771 1
1917 2768 1937 2814 τ·

447 2863 572 2927 Πῶς
604 2860 698 2918 οὖν
728 2868 888 2932 αὐτὸς
919 2870 1186 2940 βδελυκτά
1214 2878 1431 2948 ἡγεῖται
1464 2884 1558 2936 καὶ
1589 2884 1844 2959 ἀλλότρια
1862 2890 1962 2962 τῆς

370 2953 470 3007 τοῦ
500 2954 637 3009 Θεοῦ
669 2957 948 3030 ἀληθείας,
1000 2966 1094 3019 καὶ
1144 2967 1250 3021 ὑπὸ
1285 2969 1544 3042 ἄρχοντος
1582 2976 1652 3030 τὰ
1680 2953 1786 3033 ὑπο
1824 2953 1958 3035 Beati

370 3044 657 3099 κεκτίσθαι
697 3047 1055 3138 βλασφημῶν,
1092 3057 1186 3111 καὶ
1221 3063 1555 3135 παραφέρων
1587 3067 1686 3138 τὴν
1718 3061 1958 3126 διάνοιαν

368 3135 480 3187 ἀπὸ
509 3136 608 3206 τῆς
639 3137 932 3208 ἀληθείας;
981 3139 1117 3199 Εἶτά
1156 3165 1338 3221 φησιν⁸
1403 3154 1621 3228 Ἐπειδὴ
1642 3135 1749 3212 ⁷ἀπ’
1781 3161 1956 3234 ἀρχῆς

368 3229 402 3297 ή
427 3227 574 3302 ψυχὴ
603 3232 1022 3290 ἀποσπασθεῖσα
1053 3239 1262 3294 ἄνωθεν
1291 3242 1467 3314 θλίψιν
1504 3227 1728 3318 ἐμποιεῖ
1751 3227 1958 3323 τῇὼὲυ

369 3318 619 3392 δυνάμει,
655 3324 744 3378 διὰ
790 3325 950 3381 τοῦτο
996 3330 1251 3399 καθάπαξ
1286 3335 1626 3404 ἀποστέλλει,
1678 3342 1772 3395 καὶ
1791 3318 1959 3416 ησυλᾷ

366 3411 475 3463 ἀπὸ
499 3412 608 3464 τῶν
629 3414 906 3486 ἀρχόντων
934 3419 996 3473 τὺ
1024 3419 1274 3492 λείψανον
1297 3425 1359 3477 τὸ
1389 3427 1608 3491 ἑαυτοῦ,
1653 3432 1788 3504 ὅπερ
1809 3411 1956 3489 ἐστὶν

369 3501 402 3570 ἠ
432 3500 600 3573 ψυχὴ,
652 3503 740 3558 διὰ
766 3509 995 3563 τουτωνὶ
1022 3510 1134 3565 τῶν
1164 3515 1489 3586 φωστήρων.
1517 3500 1768 3590 Μεγάλαι
1797 3523 1954 3596 ἡμῶν

366 3593 425 3646 at
459 3593 691 3660 ἐλπίδες,
726 3598 820 3652 καὶ
863 3601 1071 3673 μεγάλη
1118 3604 1277 3674 ἡμῶν
1305 3606 1338 3676 ή
1381 3608 1702 3678 καραδοκία,
1737 3593 1953 3668 ὅτιούκ

369 3683 546 3755 ἰσχύει
579 3687 764 3751 ὁΘεὸς
794 3691 822 3742 6
859 3690 1083 3759 ἀγαθὸς,
1119 3695 1213 3747 καὶ
1244 3694 1377 3760 ζῶν,
1398 3697 1492 3750 καὶ
1518 3699 1742 3766 δυνατὸς
1757 3703 1951 3769 σῶσαι,

363 3778 426 3830 οὐ
453 3777 594 3847 λέγω
631 3778 729 3852 τὴν
757 3782 950 3836 ἑαυτοῦ
994 3783 1226 3856 δύναμιν
1250 3787 1348 3859 τὴν
1378 3789 1436 3856 ἐξ
1462 3792 1629 3846 αὐτοῦ
1672 3795 1953 3868 ἐσπασμέ-

365 3884 482 3941 νην,
516 3869 654 3924 ἀλλά
673 3872 743 3926 τὰ
768 3873 860 3926 ὑπ’
915 3874 1080 3928 αὐτοῦ
1114 3880 1460 3951 γεγενημένα
1497 3883 1593 3936 καὶ
1637 3885 1952 3959 πεπλασμέ-

363 3975 450 4032 να,
481 3960 577 4014 ἐὰν
618 3961 693 4034 μὴ
718 3963 785 4017 δι’
811 3964 972 4020 ἄλλου
1001 3967 1148 4033 τινὸς
1176 3970 1401 4040 τρόπου,
1429 3974 1522 4026 καὶ
1537 3974 1792 4049 λῃστείας
1818 3997 1952 4051 κρυ-

365 4051 440 4121 φῆ
472 4052 709 4124 συλήσας
752 4057 850 4127 τὴν
900 4058 997 4112 ἀπ’
1025 4060 1194 4114 αὐτοῦ
1248 4063 1685 4138 ἀπεσπασμένην
1721 4068 1948 4142 δύναμιν

364 4144 469 4197 ἀπὸ
505 4145 614 4200 τῶν
657 4149 1022 4220 ἐπουρανίων,
1060 4151 1449 4228 ὠςὸἀγύρτης
1483 4150 1638 4222 οὗτος
1663 4159 1833 4232 λέγει,
1883 4165 1946 4219 οὐ

362 4235 584 4290 δύναται
613 4240 761 4309 ἡμᾶς
794 4240 992 4297 σῶσαι.

362 4420 527 4474 modo
562 4437 784 4478 servare
814 4439 916 4480 nos
945 4426 1142 4496 possit.

1066 315 1434 378 ADVERSUS
1475 323 1815 386 Η.ιΕ[ὶΕ3Ε8
1853 331 1961 389 LIB

2062 339 2087 392 Ι.
2133 339 2298 401 ΤΟΜ,
2342 346 2789 412 ll.-—ll1Eltl£S.
2835 357 3022 414 LXVI.

394 412 581 485 γελίῳ,
606 414 696 511 ὅτε
737 418 787 470 οἱ
821 420 1105 492 Φαρισαῖοι
1139 428 1276 498 πρὸς
1319 433 1482 488 αὐτὸν
1512 436 1742 510 ἔφησαν,
1767 444 1849 496 ὅτι
1900 449 1982 500 Οὐ
2015 458 2056 511 Α

2087 466 2139 510 ct
2170 456 2427 516 Dominus
2475 464 2589 534 ipse
2619 467 2671 521 iu
2702 469 2992 541 Evangelio
3023 473 3172 528 illum
3225 476 3518 549 redarguit.
3552 479 3656 550 Qui

2084 561 2208 602 cum
2275 550 2532 610 Pharisaei
2585 558 2656 611 ita
2728 562 3126 632 loquerentur:
3168 565 3292 622 Non
3339 581 3415 624 est
3464 571 3658 627 bonum

2083 636 2341 694 hominem
2368 659 2479 698 esse
2509 648 2678 700 solum
2700 652 2760 715 ¹;
2793 661 2868 714 et,
2909 651 3122 724 Moyses
3147 657 3311 726 jussit
3343 658 3472 713 dare
3499 661 3655 717 libel-

2084 726 2192 780 lum
2241 734 2472 800 repudii,
2515 749 2561 791 et
2605 739 2793 806 ejicere
2833 758 3051 799 uxorem
3084 788 3098 810 ,
3132 749 3213 802 sic
3253 749 3386 804 istos
3413 753 3652 808 refellit:

2080 817 2290 888 Moyses
2324 824 2394 876 ad
2431 827 2682 884 duritiem
2723 832 2899 887 cordis
2941 839 3097 890 vestri
3124 841 3366 908 scripsit;
3409 841 3471 894 ab
3503 844 3656 897 initio

2081 919 2255 966 autem
2297 930 2398 968 non
2429 917 2532 984 fuit
2562 922 2660 973 sic.
2695 921 2798 976 Sed
2839 925 2930 990 qui
2959 925 3104 992 fecit,
3156 931 3449 984 masculum
3482 942 3528 986 et
3573 933 3653 999 [e-

2079 1003 2276 1058 minam
2307 1007 2448 1075 fecit.
2480 1009 2546 1063 Et
2574 1011 2710 1065 dixit
2739 1031 2757 1067 .·
2797 1010 3027 1088 Propter
3059 1019 3156 1072 hoc
3199 1021 3452 1090 relinquet
3500 1023 3653 1077 homo

2076 1107 2278 1161 patrem
2305 1110 2355 1152 et
2389 1112 2608 1157 matrem
2630 1122 2806 1167 suam.
2850 1117 2898 1160 et
2930 1109 3218 1164 ad/twrebit
3261 1115 3418 1166 uxori
3442 1132 3572 1179 sum,
3603 1125 3653 1169 et

2075 1195 2226 1239 erunt
2269 1186 2375 1240 duo
2411 1189 2462 1241 in
2496 1207 2708 1246 carnem
2757 1211 2916 1247 unam
2946 1199 2986 1248 ³.
3030 1197 3240 1264 Quibus
3274 1201 3433 1255 dictis
3467 1202 3650 1256 statim

2077 1274 2236 1332 infert
2275 1292 2289 1330 :
2322 1277 2382 1333 Si
2410 1281 2570 1351 igitur
2601 1284 2740 1338 Deus
2774 1288 3071 1356 conjunxit,
3102 1293 3256 1346 homo
3292 1311 3393 1347 non
3424 1303 3648 1361 separet.

2076 1362 2135 1414 lu
2172 1379 2278 1432 quo
2305 1365 2493 1432 Deum,
2533 1369 2636 1423 hoe
2664 1379 2746 1425 est
2772 1371 2986 1429 Patrem
3013 1392 3194 1441 suum,
3230 1378 3423 1433 Adanti
3451 1389 3504 1434 et
3531 1381 3654 1435 Era:

2074 1454 2414 1510 conditorem
2477 1458 2668 1524 fuisse,
2707 1472 2869 1532 atque
2925 1465 3278 1522 honestarum
3338 1471 3652 1539 nuptiarum

2072 1551 2349 1600 auctorem
2381 1561 2502 1603 esse
2541 1551 2854 1608 conntetur.
2914 1553 3053 1610 Huic
3099 1571 3525 1614 consentaneum
3566 1570 3654 1616 est

2072 1637 2218 1706 quod
2251 1639 2499 1696 veritatis
2530 1657 2705 1711 przeco
2737 1654 2965 1702 testatur
2983 1650 3308 1720 Apostolus:
3335 1650 3650 1722 Mysterium

2071 1725 2166 1778 hoc
2209 1743 2454 1797 magnum
2486 1742 2583 1786 est.
2631 1733 2741 1804 Ego
2781 1748 2953 1791 autent
2980 1741 3100 1794 dico
3146 1741 3200 1795 in
3239 1741 3450 1798 Christo
3499 1756 3547 1798 et
3594 1745 3648 1798 in

2073 1816 2311 1872 Ecclesia
2330 1819 2372 1884 ⁸,
2409 1830 2467 1876 ιιι
2497 1824 2562 1878 ad
2602 1824 2794 1882 Adami
2823 1837 2984 1901 atque
3018 1830 3161 1896 Evae,
3190 1835 3281 1903 qui
3317 1849 3345 1887 a
3376 1834 3484 1890 Deo
3517 1851 3648 1905 pro-

2069 1911 2238 1964 creati
2285 1921 2441 1981 sunt,
2512 1916 2925 1976 similitudinem
2979 1925 3265 1993 pertineat.
3317 1926 3453 1981 Cum
3500 1929 3646 1982 enim

2067 1999 2209 2057 Deus
2246 2003 2367 2059 illos
2399 2007 2756 2070 condidisset.
2793 2012 3033 2069 Adamus
3065 2015 3235 2071 dixit:
3271 2018 3385 2070 Hoc
3419 2035 3556 2072 nunc
3589 2036 3646 2073 os

2065 2108 2129 2148 ea:
2159 2095 2360 2150 ossibus
2393 2101 2541 2165 meis,
2575 2112 2625 2155 et
2659 2119 2785 2157 caro
2817 2104 2879 2159 de
2919 2123 3078 2162 carne
3107 2126 3242 2168 mea.
3291 2110 3515 2181 Propter
3550 2112 3646 2166 hoc

2066 2186 2322 2255 relinquet
2357 2187 2512 2244 homo
2539 2191 2582 2257 ',
2617 2203 2722 2248 etc.
2757 2193 3036 2266 Siquidem
3064 2201 3344 2269 mdiﬁcavit
3367 2204 3415 2256 ei
3443 2212 3644 2257 costam

2065 2275 2118 2327 in
2151 2278 2421 2334 mulierem
2456 2283 2497 2346 ',
2544 2299 2643 2340 nec
2679 2287 2952 2344 diversum
2992 2291 3250 2361 quiddam
3291 2310 3414 2351 esse
3459 2303 3645 2352 censet

1939 2369 1964 2441 ς
2063 2362 2378 2433 Apostolus.
2421 2371 2528 2426 sed
2547 2377 2863 2444 mystcriqu
2895 2395 3150 2451 magnum
3183 2385 3448 2439 nominat.
3485 2384 3641 2450 Quod

2065 2455 2240 2523 primo
2267 2459 2482 2528 quidem
2507 2464 2572 2517 ad
2601 2465 2703 2523 viri
2736 2477 2789 2522 et
2814 2469 3058 2527 mulieris
3094 2476 3528 2542 procreationem
3558 2493 3640 2532 re-

2061 2545 2201 2614 fert;
2255 2550 2452 2607 deinde
2498 2555 2691 2612 altiore
2736 2561 2972 2630 quodam
3006 2577 3076 2620 ac
3105 2564 3425 2624 sublimiore
3471 2585 3638 2625 sensu

2065 2652 2160 2707 per
2188 2640 2501 2710 allegoriam
2534 2648 2814 2704 transfert.

2129 2899 2376 2964 Quanam
2409 2906 2574 2978 igitur
2615 2910 2796 2970 fronte
2832 2913 3170 2974 Manichacus
3206 2918 3391 2975 eadem
3425 2919 3518 2974 illa
3543 2921 3639 2976 de-

2059 2993 2305 3048 testanda
2329 3005 2382 3050 et
2404 3012 2436 3050 a
2458 2997 2553 3053 Dei
2584 3003 2812 3058 veritate
2851 3004 3025 3061 aliena
3061 3009 3400 3076 pronuntiat,
3432 3017 3487 3064 et
3513 3027 3636 3080 qua:

1983 3134 2029 3193 ϐ
2060 3099 2090 3136 a
2123 3082 2234 3140 Deo
2269 3087 2485 3142 condita
2537 3099 2686 3157 sunt,
2730 3096 2918 3151 nescio
2964 3098 3052 3152 cui
3082 3099 3314 3170 principi
3353 3117 3461 3156 non
3516 3103 3636 3159 sine

2059 3177 2355 3230 summa-in
2386 3177 2550 3234 Deum
2589 3187 2916 3242 contumelia
2951 3188 3172 3253 tribuit,
3213 3199 3376 3261 atque
3409 3194 3479 3247 ab
3505 3194 3621 3263 ipsa

2057 3267 2285 3323 veritate
2319 3277 2661 3330 transversos
2698 3278 2910 3333 animos
2939 3281 3194 3336 abducit?
3233 3283 3374 3348 Quin
3415 3294 3480 3340 et'
3502 3286 3633 3342 illud

2056 3361 2279 3416 auexit:
2311 3361 2766 3436 Quandoquidem
2809 3371 2997 3426 avulsa
3027 3372 3097 3427 ab
3138 3374 3294 3429 initio
3327 3377 3510 3431 anima
3543 3395 3636 3432 su-

2057 3451 2256 3519 periori
2287 3453 2473 3510 virtuti
2508 3457 2814 3513 molestiam
2845 3471 3008 3532 atque
3035 3465 3415 3534 aegritudinem
3451 3468 3630 3529 atl'ert.

2056 3549 2342 3613 propterea
2369 3560 2468 3617 per
2491 3547 2810 3607 emissarios
2834 3553 3120 3624 quosdam,
3160 3557 3427 3613 videlicet
3461 3560 3632 3616 solem

2057 3641 2112 3687 et
2165 3634 2384 3702 lunam,
2435 3654 2566 3696 suas
2605 3656 2636 3695 a
2683 3643 3022 3716 principibus
3063 3648 3344 3719 reliquias,
3393 3651 3498 3706 boc
3548 3661 3633 3707 est

2058 3723 2316 3787 animam,
2356 3735 2662 3798 extorquet.
2702 3731 2957 3805 Egregias
2988 3751 3119 3791 vero
3144 3753 3269 3808 spes
3295 3749 3534 3803 nOSIras,
3567 3755 3632 3794 ac

2058 3814 2404 3882 magniﬁcam
2437 3819 2709 3890 ﬁduciam,
2754 3828 2974 3895 quando
3013 3829 3189 3885 bonus
3229 3832 3319 3886 ille
3352 3831 3524 3899 Deus,
3576 3841 3632 3888 et

2054 3902 2232 3965 vivus,
2274 3915 2329 3960 et
2377 3919 2684 3980 praepotens
2714 3915 2850 3972 satis
2889 3917 3082 3972 virium
3132 3936 3248 3975 non
3287 3921 3468 3985 habet,
3519 3937 3628 3977 non

2053 3992 2178 4049 dico
2219 3997 2292 4051 ad
2323 4017 2443 4056 eam
2475 4004 2728 4062 virtutem
2769 4013 3218 4080 recuperandam,
3249 4029 3370 4085 quae
3405 4014 3632 4086 a.669

2053 4086 2235 4157 seipso
2259 4089 2519 4147 distracta
2551 4095 2655 4162 sit,
2687 4099 2778 4152 sed
2807 4100 2871 4154 ad
2895 4116 2957 4156 ea
2984 4103 3270 4170 servanda,
3296 4120 3418 4175 quae
3441 4107 3630 4176 genuit

2053 4188 2118 4229 ac
2145 4175 2319 4244 tinxit,
2350 4182 2454 4236 nisi
2487 4185 2593 4238 alia
2626 4188 2860 4256 quadam
2889 4192 3100 4248 ratione
3127 4209 3192 4249 ac
3221 4198 3369 4251 velut
3402 4197 3627 4252 latroci-

2051 4267 2144 4322 nio
2187 4275 2498 4340 tentaverit,
2546 4286 2604 4333 ut
2632 4280 2736 4336 nisi
2769 4284 3039 4337 sevulsam
3077 4286 3223 4340 illam
3256 4288 3474 4345 virtutis
3512 4303 3627 4343 sua:

433 4514 559 4568 NZ'.
592 4516 704 4569 Καὶ
729 4517 782 4570 τί
813 4517 894 4572 ἔτι
932 4522 1333 4595 κατατρίϐομαι
1367 4528 1512 4582 κατὰ
1547 4527 1694 4596 λέξιν
1724 4531 1824 4604 τῆς
1846 4535 1946 4588 αὐ-

2121 4541 2281 4600 LVlI.
2322 4545 2645 4620 Quanquam
2672 4553 2802 4622 quid
2836 4554 2891 4610 in
2920 4559 3310 4626 percensendis
3351 4562 3499 4621 illius
3527 4566 3622 4622 de-

358 4604 450 4657 τοῦ
481 4606 712 4671 ἀτοπίας
765 4613 1320 4685 χρονοτριϐούμενος;
1364 4619 1454 4683 Ὠς
1488 4620 1583 4674 καὶ
1610 4621 1946 4696 βλασφημῶν

358 4697 459 4750 οὐκ
491 4697 808 4769 αἰσχύνεται
835 4702 864 4754 6
892 4701 1059 4768 τάλας
1095 4705 1187 4760 τὸν
1216 4706 1526 4780 λαλήσαντα
1576 4713 1634 4766 ἐν
1665 4713 1745 4785 τῷ
1793 4717 1945 4788 νόμῳ

359 4790 448 4842 καὶ
483 4791 542 4844 ἓν
570 4793 681 4855 τοῖς
711 4795 1020 4865 προφήταις
1065 4796 1302 4868 ἄρχοντα
1344 4800 1526 4869 λέγειν
1569 4803 1664 4858 τοῦ
1696 4806 1938 4872 σκότους.

359 4881 643 4953 Μακάριαι
675 4883 832 4954 ἡμῶν
861 4886 918 4939 αἱ
967 4887 1204 4953 ἐλπίδες,
1236 4891 1318 4944 ὅτι
1351 4892 1572 4965 ἄρχοντι
1589 4896 1686 4950 τοῦ
1715 4899 1940 4965 σκότους

356 4974 384 5026 ὁ
413 4975 648 5045 Χριστὸς
695 4975 867 5030 ἐλθὼν
917 4981 1250 5052 προσφέρειν
1288 4983 1588 5053 ἠνάγκαζε.
1618 4989 1939 5062 Καθαρίσας

357 5064 461 5136 γὰρ
484 5066 574 5120 τὸν
594 5065 796 5138 λεπρὸν
824 5068 914 5122 τὸν
944 5073 1001 5126 ὲν
1026 5073 1042 5104 ¹
1079 5072 1157 5144 τῷ
1190 5073 1338 5145 νόμῳ
1359 5078 1638 5148 γραφέντα
1655 5080 1746 5133 ὑπ’
1769 5081 1936 5136 αὑτοῦ

357 5155 710 5228 λαλήσαντος,
771 5160 834 5214 τὸ
884 5164 942 5217 ὲν
980 5163 1059 5236 τῷ
1118 5167 1267 5237 νόμῳ
1322 5170 1686 5226 ἐπιτελεῖσθαι
1741 5172 1933 5245 δῶρον,

369 5246 670 5304 Ἀπελθὼν
707 5252 1075 5324 προσένεγκε
1119 5256 1186 5310 τὸ
1223 5256 1416 5326 δῶρόν
1446 5273 1588 5328 σου,
1632 5261 1712 5332 τῷ
1762 5263 1935 5318 καθα-

2054 4631 2192 4690 liriis
2233 4636 2439 4693 frustra
2476 4654 2701 4709 operam
2745 4652 3069 4717 tempusque
3108 4653 3414 4708 consumo?
3447 4653 3621 4726 Cujus

2051 4733 2201 4782 tanta
2229 4737 2314 4784 est
2342 4730 2678 4802 impudentia
2706 4750 2770 4790 ac
2806 4738 3100 4806 petulantis
3135 4740 3191 4796 in
3218 4740 3389 4799 Deum
3425 4747 3622 4816 lingua

2046 4815 2284 4880 licentia,
2311 4828 2372 4873 ut
2397 4823 2743 4879 tenebrarum
2771 4826 3070 4898 principem
3110 4831 3260 4885 illum
3294 4834 3469 4904 ipsum
3497 4853 3621 4892 esse

2045 4905 2337 4975 defendat,
2379 4911 2473 4981 qui
2514 4913 2568 4967 in
2611 4915 2728 4986 lege
2757 4931 2820 4971 ac
2856 4921 3135 4989 prophetis
3177 4923 3393 4979 locutus
3426 4935 3526 4980 est.
3572 4925 3618 4982 0

2044 4997 2231 5057 felices
2262 5016 2328 5057 ac
2371 5006 2663 5073 praeclaras
2683 5024 2809 5079 spes
2833 5020 3073 5076 nostras,
3104 5029 3227 5068 cum
3267 5017 3613 5071 tenebrarum

2044 5091 2277 5164 principi
2315 5093 2569 5153 Christus
2607 5115 2833 5156 munera
2862 5101 3076 5159 deferre
3101 5107 3367 5175 coegerit!
3395 5106 3614 5160 Postea-

2043 5195 2205 5249 quam
2241 5183 2386 5238 enim
2430 5185 2862 5256 elephantiacum
2906 5190 3056 5244 illum
3105 5191 3374 5260 purgavit,
3407 5193 3612 5249 donum

2038 5270 2202 5336 illud,
2246 5275 2392 5343 quod
2442 5277 2557 5348 lege
2601 5281 2977 5353 praescriptum
3021 5292 3134 5341 est.
3188 5283 3381 5339 atl‘erre
3426 5289 3610 5342 statim

360 5341 595 5409 ρισθέντι
633 5344 724 5396 ὑπ’
755 5342 922 5397 αὐτοῦ
944 5345 1129 5418 λεπρῷ
1153 5347 1350 5417 λέγων,
1381 5350 1576 5418 καθὼς
1599 5353 1933 5422 προσέταξε

2062 5359 2218 5415 υεεὶι.
2257 5341 2420 5427 Vade,
2453 5341 2649 5435 in'qui-t,
2671 5369 2802 5437 offer
2827 5341 3014 5422 manus
3060 5380 3226 5434 tuum,
3253 5373 3390 5425 sicut
3418 5387 3611 5441 prince.

357 5434 523 5488 Μωῢο
541 5431 636 5503 ἧς.
673 5434 856 5508 Δῶρον
883 5436 941 5489 δὲ
962 5432 1029 5508 ἦν
1057 5438 1151 5492 ἐπὶ
1187 5441 1285 5510 τῆς
1308 5441 1512 5515 λέπρας
1539 5444 1689 5516 ὅρνις
1719 5447 1799 5511 είς
1833 5445 1930 5500 θυ-

2062 5449 2110 5502 tit
2150 5447 2361 5520 Moyses
2390 5452 2433 5508 ⁷.
2468 5431 2747 5524 Ejusmodi
2783 5471 2945 5523 porro
2979 5431 3221 5523 munus,
3248 5461 3394 5529 quod
3418 5431 3510 5517 'ob
3543 5461 3610 5516 Ie»

426 5613 774 5704 r‘Corruptps
824 5617 993 5677 locus.
1074 5621 1093 5651 ²
1118 5624 1252 5676 Gen.
1287 5637 1347 5688 ιι,
1387 5623 1470 5679 18.
1551 5627 1570 5656 ³
1609 5625 1798 5682 Matth.
1831 5643 1946 5695 ιιι,

2066 5646 2184 5702 sqq.
2248 5632 2270 5664 ⁸
2309 5632 2508 5704 Epltcs.
2545 5651 2593 5696 ν,
2640 5635 2728 5688 52.

361 5681 379 5711 ⁷
409 5681 540 5741 Luc.
585 5681 756 5751 ν,⁷ι.ι.

2835 5635 2856 5666 ⁸
2896 5635 3028 5692 Ceu.
3060 5654 3118 5701 lt,
3145 5639 3236 5694 ‘25.
3314 5640 3334 5669 ⁶
3357 5641 3490 5696 ibid.
3513 5640 3602 5698 Ξῖ.
