4008 6240
393 314 504 374 Ιιῖι.

1759 313 1814 368 S.
1858 311 2198 369 EPIPIIANII

3539 305 3638 360 HG

385 446 541 504 praui
577 427 926 493 oll‘erebatur,
975 427 1188 482 avicula
1235 437 1353 483 erat
1398 428 1454 482 in
1500 427 1866 493 sacrtttcium,
1906 437 1951 483 el

2065 427 2208 490 σίαν,
2237 427 2331 480 καὶ
2362 424 2638 496 σεμίδαλις
2662 424 2740 486 είς
2768 423 3152 478 ὁλοκαύτωσιν.
3187 425 3249 477 Εἰ
3275 422 3334 477 δὲ.
3367 421 3552 495 ἄρχων
3573 415 3646 494 ἦν

381 517 565 575 simila
611 517 664 571 in
709 516 1110 572 holocaustum.
1168 514 1329 585 Atqui
1371 515 1414 571 si
1472 513 1822 571 tenebrarum
1866 515 1958 571 ille

381 609 639 681 princeps
667 607 828 672 foret,
860 621 1138 683 nunquam
1161 605 1399 662 Verbum
1427 621 1458 660 e
1480 606 1622 662 cmlo
1651 606 1955 677 delapsum,

382 701 588 771 Deique
613 697 803 765 Filius,
827 699 941 770 qui,
971 706 1030 753 ut
1053 697 1385 754 Manichaeus
1406 698 1724 764 arbitratur,
1752 697 1958 754 idcirco

378 793 551 855 venit,
593 799 652 846 ut
697 789 970 846 hominem
1015 803 1044 842 a
1088 789 1395 859 principum
1443 804 1632 845 errore
1663 789 1953 851 liberaret,

380 888 655 958 leprosum
691 886 864 949 illum,
912 884 999 952 cui
1049 884 1336 942 sanitatem
1383 883 1718 949 restituerat,
1763 882 1955 939 iisdem

380 979 660 1034 subditum
687 992 810 1032 esse
835 976 1119 1044 iussisset,
1137 974 1232 1041 sed
1266 975 1506 1046 fugiendi
1533 977 1715 1046 potius
1764 984 1957 1030 auctor

378 1069 598 1133 fuisset,
629 1083 692 1123 ac
721 1067 949 1138 nequod
975 1068 1296 1137 imperatum
1326 1075 1445 1123 erat
1470 1075 1775 1137 praestaret,
1808 1074 1955 1123 esset

381 1162 654 1216 hortatus.
702 1158 808 1214 Sed
849 1159 1104 1214 nimirum
1131 1159 1252 1214 ideo
1285 1158 1359 1212 ita
1397 1174 1458 1215 se
1483 1159 1671 1232 gessit,
1703 1159 1848 1230 quod
1887 1158 1954 1227 ad

377 1253 727 1320 evertendam
767 1252 938 1323 legem
989 1265 1334 1322 nequaquam
1375 1258 1618 1316 venerat,
1658 1265 1821 1324 quam
1859 1250 1957 1306 de-

379 1345 538 1411 derat
565 1345 703 1414 ipse,
735 1359 910 1415 neque
933 1345 1251 1416 prophetas,
1269 1341 1372 1399 sed
1391 1353 1459 1408 ,ut
1480 1345 1661 1414 potius
1683 1343 1951 1414 impleret,

379 1444 440 1492 ut
467 1423 780 1506 hocipsum
817 1419 962 1510 legis
983 1451 1048 1492 ac
1069 1436 1460 1510 {prophetarum
1493 1435 1953 1506 complementum

379 1528 437 1584 in
471 1527 748 1599 Evangelii
787 1529 977 1599 quiete
1021 1543 1085 1584 ac
1115 1529 1511 1600 tranquillitate
1563 1527 1804 1597 positum
1830 1541 1954 1584 esse

377 1627 730 1686 monstraret.
764 1618 900 1674 Nam
946 1619 1073 1674 licet
1117 1619 1261 1676 idem
1301 1633 1333 1672 a
1381 1619 1660 1690 praphctis
1694 1619 1952 1678 adoratus

377 1710 450 1766 sit
486 1708 650 1775 Deus,
675 1709 837 1778 etab
868 1709 988 1778 ipso
1025 1709 1110 1766 lex
1151 1708 1371 1774 tradita,
1409 1724 1516 1765 non
1543 1709 1734 1766 eodem
1765 1719 1950 1770 tamen

371 1800 542 1875 .bodie
578 1800 845 1860 donorum
865 1815 1088 1880 genere,
1111 1799 1206 1863 sed
1244 1799 1501 1871 precibus
1526 1808 1582 1866 et
1601 1801 1952 1869 eucharistiis

379 1899 434 1946 ct
473 1892 593 1948 aliis
631 1891 930 1954 honoribus
980 1891 1165 1959 divino
1191 1891 1410 1956 numini
1450 1891 1700 1961 adoratio
1727 1901 1955 1963 praesta.-

371 1991 486 2048 tur.
516 1981 728 2041 Etenim
750 1982 1002 2053 graviora
1029 1984 1137 2053 illis
1165 1993 1422 2061 tanquam
1445 1985 1621 2045 servis
1638 1985 1951 2056 imperavit,

369 2072 521 2142 quod
546 2087 610 2127 ea
634 2071 845 2134 ratione
869 2073 936 2136 ad
961 2074 1284 2144 obsequium
1306 2075 1449 2148 adigi
1471 2090 1636 2146 posse
1653 2091 1954 2148 cognosce-

378 2170 480 2218 ret.
538 2161 744 2228 Contra
799 2162 1079 2236 Evangelii
1141 2166 1428 2238 discipulis
1477 2167 1714 2235 leviora,
1765 2176 1954 2241 utpote

370 2253 599 2318 liberis,
650 2270 752 2326 pro
783 2256 1054 2328 exquisita
1107 2274 1205 2319 sua
1253 2260 1591 2332 benignitate
1640 2261 1948 2325 mandavit.

379 2345 558 2410 Quare
584 2360 717 2404 .cum
750 2335 895 2404 unus
915 2348 1137 2427 sibique
1159 2351 1514 2410 consentiens
1537 2353 1673 2423 legis
1695 2351 1950 2424 Evange-

378 2437 541 2505 tiique
570 2436 641 2492 sit
665 2435 829 2503 Deus,
849 2454 958 2497 nec
982 2439 1242 2502 alterutra
1271 2441 1614 2498 diversorum
1645 2451 1950 2513 temporum

377 2527 591 2583 sublata
624 2529 1010 2600 ,dissolutaque
1050 2531 1122 2588 sit
1152 2531 1384 2596 functio,
1419 2532 1560 2598 idem
1587 2542 1674 2589 est
1702 2545 1953 2604 unusque

378 2618 540 2684 Deus,
590 2621 683 2691 qui
717 2622 934 2677 saeculis
955 2621 1266 2678 dominatur
1289 2625 1573 2689 omnibus,
1617 2632 1672 2681 et
1703 2640 1733 2679 a
1775 2626 1952 2682 servis

377 2708 492 2763 suis
515 2709 589 2763 ita
625 2709 848 2774 colitur,
875 2719 934 2764 ut
966 2726 1064 2781 pro
1089 2726 1177 2776 eo,
1205 2727 1268 2766 ac
1297 2712 1470 2768 cuivis
1493 2713 1641 2767 αξιοιί
1670 2715 1950 2781 convenit,

375 2812 590 2854 summa
637 2799 689 2854 id
729 2800 1066 2856 humanitate
1110 2801 1392 2871 deposcat.
1451 2801 1714 2874 Superest
1763 2804 1948 2875 igitur,

367 2891 524 2960 _tlliu.s
556 2899 803 2960 uteri-or
823 2907 888 2965 ex
918 2892 1064 2948 omni
1088 2901 1250 2963 parte
1285 2895 1666 2963 convincatur,
1701 2898 1952 2968 quando-

2058 515 2154 570 τοῦ
2179 515 2422 579 σκότους,
2456 514 2560 568 οὐκ
2597 513 2664 566 ἂν
2699 513 2729 565 ό
2757 510 2925 566 ἐλθὼν
2969 511 3175 566 ἄνωθεν
3215 513 3411 581 Λόγος,
3440 513 3474 564 ὁ
3516 512 3646 572 Tib;

2057 606 2152 662 τοῦ
2183 606 2339 672 Θεοῦ,
2375 608 2403 659 ὁ
2431 603 2599 658 ἐλθὼν
2623 602 2950 675 ἐπιπρέψαι
2969 603 3060 658 τὸν
3089 603 3374 676 ἄνθρωπον
3387 603 3496 657 ἀπὸ
3509 602 3646 656 πλά-

2057 715 2154 770 νης
2190 697 2298 750 τῶν
2326 696 2622 768 ἀρχόντων,
2672 693 2812 748 κατὰ
2841 695 2937 752 τὸν
2983 694 3289 765 Μανιχαίου
3323 694 3502 762 λόγον,
3541 696 3646 748 οὐκ

2056 793 2122 846 ἂν
2156 792 2464 862 ὑποχείριον
2513 791 2604 844 τὸν
2653 789 2744 842 ὑπ’
2773 787 2936 842 αὑτοῦ
2987 788 3215 843 -ἰαθέντα
3256 787 3456 860 λεπρὸν
3498 806 3646 861 παρ-

2057 885 2318 950 εσκεύαξε
2354 883 2632 954 γενέσθαι,
2672 883 2809 938 ἀλλὰ
2839 882 3040 953 μᾶλλον
3069 881 3482 955 παρεσκεύαζεν
3511 883 3647 935 ἀπο·-

2055 978 2243 1049 δράναι
2272 977 2456 1041 αὑτὸν,
2509 976 2670 1030 τοῦτο
2729 976 2806 1048 μὴ
2853 977 3121 1030 ἐπιτελεῖν
3157 975 3448 1031 διδάσκων.
3503 973 3646 1028 Ἀλλ’

2057 1069 2242 1140 ἐπειδὴ
2295 1069 2394 1124 οὐκ
2429 1064 2562 1140 ἦλθε
2593 1068 2900 1123 καταλῦσαι
2955 1069 3048 1122 τὸν
3105 1066 3286 1137 νόμονο
3326 1065 3488 1128 αὐτὸς
3533 1064 3645 1134 γὰρ

2053 1161 2253 1220 δέδωκε
2279 1161 2373 1214 τὸν
2405 1158 2588 1232 νόμονο
2623 1159 2750 1215 οὔτε
2798 1162 3105 1232 προφήτας,
3147 1159 3293 1213 ἀλλὰ
3331 1157 3641 1229 πληρῶσαι,

2056 1252 2144 1306 ἵνα
2181 1251 2461 1324 πλήρωσιν
2485 1250 2579 1306 τοῦ
2609 1251 2776 1324 νόμου
2826 1252 2923 1311 καὶ
2981 1253 3091 1305 τῶν
3138 1249 3433 1324 προφητῶν
3478 1250 3642 1314 αὐτὸς

2053 1345 2201 1415 δείξῃ
2258 1344 2320 1398 τὸ
2350 1345 2762 1416 ἀπερίσπαστον
2797 1343 2892 1399 τοῦ
2916 1343 3277 1414 Εὑαγγελίουο
3309 1343 3392 1396 ὅτι
3418 1341 3494 1414 τῷ
3543 1341 3646 1412 μὲν

2053 1438 2202 1510 αὐτῷ
2227 1438 2350 1510 Θεῷ
2383 1439 2434 1492 oi
2457 1440 2735 1511 προφῆται
2773 1438 3208 1510 προσεκύνησαν,
3239 1439 3334 1493 καὶ
3364 1438 3527 1508 νόμος
3549 1436 3645 1489 ὑπ’

2038 1528 2217 1586 ,αὐτοῦ
2251 1529 2428 1601 ἐδόθη·
2447 1529 2549 1584 νῦν
2581 1529 2644 1584 δὲ
2671 1531 2734 1583 οὐ
2756 1529 2848 1585 διὰ
2881 1529 2994 1584 τῶν
3018 1528 3412 1600 αὐτῶνδὼρων
3437 1527 3516 1599 τῷ
3544 1526 3645 1582 αύ-

2051 1622 2130 1696 τῷ
2174 1622 2295 1695 Θεῷ
2338 1622 2709 1694 προσκύνησις
2754 1622 3010 1688 τελεῖται,
3045 1621 3182 1677 ἀλλὰ
3221 1622 3292 1676 δι’
3329 1620 3505 1692 εὐχῶν
3546 1617 3646 1674 καὶ

2052 1716 2412 1789 εὐχαριστιῶν
2450 1715 2545 1769 καὶ
2601 1716 2700 1787 τῆς
2735 1715 2899 1786 ἄλλης
2940 1713 3345 1786 πραγματείας.
3383 1712 3646 1775 Ἐκείνοις

2042 1807 2156 1878 ..μὲν
2185 1807 2294 1879 γὰρ
2323 1806 2400 1871 ὡς
2438 1806 2646 1870 δούλοις
2686 1807 3025 1879 προσέταττε
3062 1806 3131 1861 τὰ
3163 1805 3358 1877 βαρέα,
3388 1805 3521 1858 διότι
3551 1802 3645 1856 οὖ-

2053 1915 2164 1962 τως
2212 1898 2475 1968 ἠδύναντο
2529 1898 2974 1969 πεισθῆναι-τοῖς
3015 1898 3076 1951 δὲ
3121 1899 3180 1952 ὲν
3219 1897 3298 1968 τῷ
3323 1895 3644 1966 Εὐαγγελίῳ

2045 1989 2414 2060 ἐλαφρότερα,
2450 1988 2526 2053 ὡς
2555 1988 2880 2061 ἐλευθέροις,
2927 1987 3017 2042 διὰ
3049 1987 3147 2060 τὴν
3190 1986 3496 2059 ὑπερϐολὴν
3539 1985 3644 2055 τῆς

2042 2081 2219 2136 ταὺτοῦ
2255 2081 2688 2152 φιλανθρωπίας.
2737 2080 2887 2146 Ἑνός
2917 2097 2977 2134 τε
3015 2081 3334 2152 ὁμοστοίχου
3368 2078 3642 2148 ὑπάρχον-

2052 2189 2144 2236 τος
2177 2172 2320 2226 -Θεοῦ
2362 2172 2456 2226 τοῦ
2485 2189 2544 2226 τε
2575 2173 2742 2243 νόμου
2771 2173 2866 2227 καὶ
2897 2171 2988 2231 τοῦ
3024 2169 3378 2240 Εύαγγελίου,
3418 2167 3492 2239 μὴ
3520 2185 3641 2220 πα-

2045 2261 2422 2335 «ραλελυμένης
2473 2263 2597 2335 μηδ’
2653 2263 2919 2333 ὁποτέρας
2979 2262 3190 2334 χρόνων
3231 2259 3554 2334 ὑπηρεσίας,
3609 2255 3642 2310 6

2052 2355 2214 2418 αὐτὸς
2263 2350 2344 2418 εἷς
2378 2353 2513 2419 Θεός
2560 2357 2715 2409 ἐστιν
2764 2357 2791 2409 ὁ
2839 2354 3138 2427 βασιλεύων
3171 2352 3265 2406 τοῦ
3324 2352 3641 2421 σύμπαντος

2047 2444 2265 2508 αἰῶνος,
2287 2443 2724 2516 θεραπευόμενος
2739 2447 2846 2499 ἀπὸ
2873 2446 2981 2500 τῶν
2996 2443 3221 2508 δούλων,
3250 2442 3374 2500 καθ’
3399 2441 3642 2511 ἑκάστην

2045 2535 2110 2614 δὲ
2141 2535 2356 2604 γενεὰν,
2385 2536 2461 2600 ὡς
2495 2538 2763 2606 προσήκει
2795 2540 2860 2608 τῇ
2893 2534 3060 2591 αὑτοῦ
3101 2532 3504 2606 φιλανθρωπίᾳ,
3544 2530 3644 2590 καὶ

2046 2627 2376 2699 ¹ὲλήλεγκται
2405 2628 2749 2698 πανταχόθεν
2779 2629 2812 2699 ὴ
2836 2627 3025 2681 τούτου
3045 2626 3242 2697 πλάνη,
3267 2623 3358 2678 τοῦ
3388 2623 3646 2694 Σωτῆρος-

2046 2717 2438 2787 ·ὲπιτρέποντος
2481 2718 2550 2772 τὰ
2580 2717 2672 2772 τοῦ
2703 2721 2868 2789 νόμου
2911 2717 3202 2772 τελεῖσθαι·
3251 2716 3347 2771 καὶ
3398 2714 3535 2786 μετὰ
3579 2714 3647 2767 τὸ

2051 2807 2337 2880 ἐπιτρέψαι
2391 2809 2462 2862 τὰ
2493 2811 2587 2863 τοῦ
2620 2809 2787 2880 νόμου
2838 2809 3132 2875 τελεῖσθαι,
3182 2807 3401 2870 λύοντος
3431 2805 3502 2859 τὰ
3543 2802 3645 2858 τοῦ

2050 2898 2238 2970 νόμου,
2263 2900 2329 2953 οὐ
2367 2900 2791 2973 καταργοῦντος,
2832 2900 2968 2956 ἀλλὰ
3005 2900 3356 2972 πληροῦντος,
3399 2912 3641 2968 προσερος

375 2983 595 3055 quidem
624 2999 688 3041 ea
709 2999 834 3058 quae
861 2986 978 3060 lege
996 2985 1320 3057 praescripta
1339 2995 1498 3051 sunt,
1519 2988 1742 3058 exsequi
1761 2988 1951 3044 Salvas-

2052 2990 2156 3061 ρὰς
2207 2991 2402 3062 ἑτέρας
2449 2993 2589 3064 ὑπὲρ
2620 2992 2728 3048 τῶν
2761 2995 2824 3046 ἐν
2850 2993 2928 3064 τῷ
2973 2993 3124 3064 νόμῳ
3169 2992 3530 3065 προσενέγκαι
3560 2987 3643 3058 τῷ

367 3083 462 3132 .tor
502 3075 618 3145 ipse
656 3075 910 3146 jusserit.
943 3076 1111 3153 67o
1144 3074 1276 3146 Quae
1302 3076 1522 3150 quidem
1552 3084 1848 3147 postquam
1881 3078 1950 3134 il.-

2052 3082 2174 3153 8εῷ
2197 3083 2615 3155 ἐπιτρέποντος,
2649 3086 2928 3140 τουτέστιν
2965 3084 3247 3148 εὐσεδείας
3299 3083 3394 3138 καὶ
3438 3080 3639 3151 ἀγαθό-

375 3167 481 3222 Iius
503 3169 763 3236 mandato
780 3167 1032 3239 perfecta
1061 3179 1208 3236 sunt,
1239 3171 1308 3226 ab
1329 3170 1520 3231 eodem
1547 3169 1808 3241 deinceps
1836 3187 1945 3228 non

2052 3192 2231 3247 τητος,
2264 3177 2488 3246 ἁγνείας
2518 3196 2579 3232 τε
2610 3179 2704 3233 καὶ
2721 3179 3016 3243 πολιτείας.

372 3261 577 3325 soluta,
623 3275 732 3314 non
780 3260 835 3314 in
879 3261 1112 3326 nihilum
1142 3261 1394 3327 redacta,
1436 3260 1532 3320 Sed
1579 3259 1801 3331 impleta
1844 3270 2009 3329 sunt,
2047 3279 2178 3319 cum
2227 3266 2438 3322 scilicet
2491 3281 2590 3338 pro
2632 3267 2718 3322 his
2771 3283 2891 3339 quae
2929 3267 2990 3321 in
3025 3267 3146 3338 lege
3196 3274 3464 3337 pracepta
3509 3277 3640 3322 sunt

369 3359 548 3415 novas
590 3351 858 3421 quasdam
901 3350 1012 3416 Deo
1052 3350 1177 3408 ﬁeri
1211 3352 1518 3411 oblationes
1546 3352 1806 3417 instituit,
1851 3353 2098 3424 pietatis,
2135 3357 2424 3425 bonitatis,
2469 3359 2759 3425 castitatis,
2792 3359 3152 3430 accura'tioris
3210 3357 3444 3429 denique
3510 3359 3639 3412 vita:

372 3444 610 3502 rationis
639 3458 704 3499 ac
718 3443 959 3514 generis.

446 3536 627 3598 LVIII.
649 3534 832 3607 Pergit
852 3535 1359 3608 verorﬂanichaeus.
1393 3550 1459 3598 ac
1477 3544 1772 3606 venturum
1791 3535 1951 3592 deni-

375 3646 483 3702 que
532 3643 719 3697 senem
761 3627 916 3695 illum
939 3667 952 3687 .
991 3635 1164 3698 atque
1199 3627 1433 3701 ,elligiem
1467 3642 1624 3689 suam
1654 3629 1952 3699 postremis

377 3723 719 3794 temporibus
760 3731 1113 3782 ostensurum
1143 3737 1265 3785 esse
1295 3722 1462 3787 dicit;
1501 3729 1629 3779 itum
1671 3737 1802 3778 vero
1849 3722 1952 3776 Ba-

373 3817 548 3886 julum
573 3813 718 3870 illius
743 3821 1036 3884 conspecta
1066 3812 1202 3875 facie
1220 3821 1572 3876 ,terramesse
1597 3814 1948 3879 relicturum,

373 3921 613 3977 moxque
655 3913 862 3967 terram
907 3904 1241 3974 sempiterno
1275 3906 1412 3975 igne
1467 3905 1946 3975 conﬂagraturam.

371 3996 487 4067 Hec
534 3995 668 4054 illud
713 3993 878 4050 homo
918 3995 1174 4065 stupidus
1217 3993 1645 4058 animadvertit,
1703 3993 1949 4049 eamdem

373 4089 526 4158 illam
549 4103 610 4144 se
629 4101 756 4159 cum
781 4087 1011 4152 materia
1039 4095 1351 4144 concretam
1377 4087 1539 4145 modo
1558 4086 1762 4151 facere,
1786 4099 1951 4158 quam

373 4178 543 4248 paulo
584 4186 746 4246 antea
795 4178 918 4243 vivo
966 4177 1036 4232 ab
1078 4176 1274 4248 spiritu
1318 4189 1660 4247 procreatam
1702 4192 1834 4233 esse
1863 4177 1954 4232 de-

373 4270 647 4338 tenderet.
713 4268 822 4335 Sed
879 4268 1194 4334 universum
1257 4269 1617 4330 nihilominus
1685 4267 1952 4324 mundum

376 4355 636 4426 incendio
680 4364 1064 4428 consumptum
1104 4357 1170 4413 iri
1219 4364 1393 4427 putat.
1429 4358 1509 4412 Ae
1560 4364 1698 4422 tum,
1747 4356 1950 4426 inquit,

2125 3532 2256 3592 NH’.
2289 3531 2492 3588 Φάσκει
2513 3531 2573 3585 δὲ
2603 3531 2786 3596 πάλιν,
2817 3533 2902 3586 ὅτι
2933 3531 3212 3586 ἐλεύσεται
3241 3534 3269 3585 ὁ
3301 3529 3636 3602 πρεσϐύτης,

2051 3623 2149 3678 καὶ
2176 3622 2339 3690 δείξει
2361 3622 2530 3677 αὐτοῦ
2560 3623 2660 3696 τὴν
2681 3623 2866 3679 εἰκόνα
2883 3623 2968 3680 ἐπ’
2993 3622 3238 3693 ἐσχάτων
3251 3621 3359 3674 τῶν
3389 3624 3421 3694 ἡ
3430 3641 3494 3692 με
3504 3623 3634 3694 ρῶνο

2050 3717 2148 3770 καὶ
2183 3716 2305 3769 τότε
2347 3716 2377 3768 ό
2437 3715 2756 3788 Ὠμοφόρος,
2802 3715 2958 3779 εἰδὼς
3003 3713 3170 3768 αὐτοῦ
3218 3715 3278 3769 τὸ
3324 3715 3636 3786 πρόσωπον,

2053 3807 2247 3878 ἀφίησι
2280 3807 2378 3879 τὴν
2408 3807 2536 3878 γῆν,
2574 3807 2669 3862 καὶ
2701 3806 2876 3870 οὕτως
2903 3806 2966 3859 τὸ
2991 3805 3104 3877 πῦρ
3141 3805 3203 3858 τὸ
3219 3807 3436 3859 αἰώνιον
3469 3824 3638 3860 κατα-

2053 3900 2266 3972 δαπανᾷ
2318 3899 2416 3970 τὴν
2447 3901 2570 3970 γῆν.
2606 3901 2716 3954 Καὶ
2745 3898 3038 3952 ἐπελάθετο
3087 3900 3116 3952 ό
3158 3898 3441 3968 κτηνὼδης
3474 3898 3638 3955 πάλιν

2053 3991 2228 4064 ὑλώδη
2257 3991 2427 4066 αὐτὴν
2457 3991 2770 4062 ὑποφαίνων
2801 3991 2899 4062 τὴν
2939 3991 3046 4061 πρὸ
3064 3989 3217 4062 ὥρας
3242 3990 3389 4061 αὐτῷ
3409 3991 3639 4061 λεγομέ-

2053 4100 2152 4153 νην
2177 4082 2287 4136 ἀπὺ
2311 4081 2404 4137 τοῦ
2435 4082 2748 4155 πνεύματος
2777 4080 2872 4135 τοῦ
2899 4080 3100 4146 ζῶντος
3128 4080 3433 4136 κεκτίσθαι.
3467 4080 3636 4152 ὐμοῠ

2054 4176 2113 4230 δὲ
2135 4175 2228 4230 τὸν
2251 4177 2429 4237 πάντα
2459 4176 2666 4248 κόσμον
2699 4175 2864 4230 πάλιν
2893 4174 3000 4228 ὑπὸ
3031 4173 3123 4227 τοῦ
3159 4175 3330 4247 πυρὸς
3352 4174 3638 4229 ἀναλίσκει

2055 4265 2176 4319 σθαι
2205 4267 2537 4320 ὑποτίθεται.
2563 4266 2672 4319 Καὶ
2720 4265 2862 4328 τότε,
2898 4263 3054 4336 φησὶ,
3093 4262 3232 4335 μετὰ
3247 4263 3423 4316 «ταῦτα
3452 4264 3486 4332 ὴ
3509 4263 3640 4317 ἁπο-

2051 4357 2386 4422 κατάστασις
2417 4359 2525 4411 τῶν
2561 4357 2656 4410 δύο
2689 4357 2907 4427 φύσεων
2935 4356 3226 4410 ὲπιτοαυτὺ
3276 4357 3356 4419 είς
3383 4355 3445 4409 τὸ
3474 4355 3637 4427 ἀρχέο

375 4446 604 4498 duarum
653 4451 973 4498 naturarum
1018 4444 1161 4498 idem
1187 4445 1241 4498 in
1272 4445 1630 4515 archetypum
1674 4443 1951 4499 restitutio

2054 4465 2224 4506 τυπον
2269 4448 2687 4520 παρελεύσεται.
2725 4449 2789 4509 Ὢ
2822 4446 3018 4503 πολλοῦ
3041 4447 3318 4519 ικαμάτου,
3356 4447 3448 4499 καὶ
3499 4444 3637 4517 μετὰ

374 4538 760 4604 consequetur.
799 4528 848 4586 .0
879 4532 1094 4591 inanem
1115 4531 1362 4589 hominis
1403 4533 1668 4598 laborem,
1692 4547 1802 4602 quo
1831 4548 1953 4592 sus-

373 4632 534 4696 cepto
578 4624 711 4686 nihil
760 4634 942 4695 tamen
971 4626 1038 4681 ad
1068 4629 1276 4694 erroris
1301 4629 1748 4688 emendationem
1788 4630 1955 4699 proii-

373 4712 548 4781 citur!
591 4710 726 4768 Nam
756 4713 801 4769 si
829 4722 1183 4786 posteaquam
1205 4715 1462 4782 conditus
1474 4723 1631 4772 estet
1653 4717 1953 4786 productus

373 4799 466 4866 hic
494 4801 751 4867 mundtts,
778 4801 1027 4856 consumi
1051 4802 1435 4873 exstinguique
1465 4803 1646 4872 debet,
1679 4811 1739 4858 ut
1768 4819 1954 4860 exem-

371 4892 548 4966 plaria
585 4893 704 4966 ipsa
744 4909 962 4950 rursum
999 4895 1051 4948 in
1093 4895 1380 4950 ambarum
1423 4905 1769 4966 naturarum,
1823 4897 1950 4956 boni

371 4985 583 5042 scilicet
629 4999 695 5041 ac
736 4987 884 5052 mali,
927 4995 987 5040 ut
1031 4987 1108 5040 ita
1150 4987 1348 5054 dicam,
1403 4988 1687 5053 identitate
1727 5005 1949 5060 perma-

371 5086 569 5142 neant;
617 5091 964 5147 consequens
997 5084 1106 5144 est,
1132 5083 1192 5137 ut
1225 5077 1428 5146 malum
1464 5094 1658 5146 rursus
1689 5080 1949 5150 congredi

371 5167 589 5234 audeat,
618 5175 674 5222 et
703 5167 907 5223 inferre
933 5166 1160 5234 bellum,
1194 5181 1260 5221 ac
1287 5168 1544 5242 virtutem
1584 5170 1745 5234 aliam
1778 5171 1949 5229 inter-

369 5269 570 5328 vcrtat,
606 5278 717 5332 quo
745 5261 888 5317 alius
908 5259 1140 5316 subinde
1167 5260 1406 5320 mundus
1435 5261 1686 5318 exsistat.
1721 5261 1875 5336 Quod
1901 5264 1947 5321 si

373 5355 551 5412 locum
581 5353 725 5409 istud
769 5353 1004 5423 amplius
1037 5368 1146 5406 non
1180 5352 1364 5420 habet,
1393 5353 1506 5424 jam
1541 5356 1706 5427 igitur
1740 5359 1948 5415 malitia

369 5445 684 5514 resipuerit,
715 5455 774 5500 ut
814 5461 922 5500 non
961 5446 1197 5515 amplius
1229 5461 1352 5500 cum
1389 5447 1633 5505 bonitate
1670 5451 1950 5506 conﬂicte-

370 5546 490 5590 tur:
529 5537 822 5608 resipuerit
850 5547 903 5593 et
933 5538 1108 5594 malus
1146 5537 1309 5604 Deus,
1336 5540 1431 5610 qui
1475 5539 1676 5596 bellum
1715 5544 1948 5611 amplius

369 5626 580 5682 nullum
615 5645 738 5682 cum
767 5629 988 5684 meliore
1003 5629 1290 5700 suscipiat.
1327 5629 1442 5684 Hoc
1464 5646 1595 5687 vero
1619 5633 1944 5699 constituto,

368 5718 570 5777 malum
597 5735 718 5778 esse
749 5720 969 5789 desinit,
1005 5738 1130 5780 cum
1161 5723 1229 5777 ab
1257 5722 1479 5792 antiqua
1514 5729 1722 5782 naturae
1767 5727 1945 5796 pravi—

2055 4539 2146 4594 τδν
2190 4542 2443 4611 κάματον
2487 4539 2702 4603 οὐδενὸς
2749 4537 3128 4611 ὲπιδιορθώσει
3187 4535 3519 4609 φερομένουί
3571 4535 3636 4588 Et

2053 4631 2162 4703 γὰρ
2183 4631 2324 4701 μετὰ
2361 4629 2424 4684 τὸ
2457 4629 2744 4701 κτισθῆναι
2779 4628 2875 4686 καὶ
2914 4627 3166 4698 γενέσθαι
3199 4624 3635 4696 δαπανηθήσεται

2053 4721 2149 4775 καὶ
2173 4719 2621 4791 ἀφανισθήσεται,
2660 4720 2746 4774 ἵνα
2767 4718 2836 4772 τὰ
2867 4718 3150 4790 ἀρχέτυπα
3185 4717 3341 4788 μείνῃ
3375 4715 3538 4769 πάλιν
3577 4715 3636 4768 ὲν

2051 4809 2342 4880 ταυτότητι
2378 4809 2487 4864 τῶν
2506 4808 2609 4868 δύο
2651 4809 2868 4880 φύσεων
2919 4807 3127 4876 ἀγαθοῦ
3185 4824 3246 4865 τε
3294 4805 3388 4859 καὶ
3436 4804 3632 4867 κακοῦ,

2051 4901 2206 4956 ἔσται
2243 4900 2406 4954 πάλιν
2422 4901 2676 4972 ἐπιτριϐὴ
2696 4899 2790 4954 τοῦ
2813 4898 3050 4971 πονηροῦ
3072 4898 3208 4969 πρὸς
3222 4897 3284 4952 τὸ
3306 4895 3635 4968 ἐπιστρέψαι

2052 4994 2234 5059 πάλιν,
2267 4994 2361 5048 καὶ
2395 4994 2629 5062 πόλεμον
2659 4992 3043 5064 ἐνστήσασθαι,
3077 4991 3173 5044 καὶ
3206 4988 3448 5062 ἁρπάξαι
3473 4989 3635 5049 πάλιν

2051 5084 2218 5155 ἄλλην
2249 5084 2498 5156 δύναμιν,
2536 5085 2624 5140 ἵνα
2665 5085 2828 5140 πάλιν
2857 5083 3016 5148 αλλος
3053 5083 3255 5154 κόσμος
3285 5083 3531 5152 γένηται.
3569 5079 3634 5142 El

2049 5177 2106 5238 δὲ
2138 5177 2320 5231 οὐκέτι
2365 5177 2521 5231 τοῦτο
2554 5177 2783 5245 γίνεται,
2813 5175 2922 5245 ἄρα
2970 5175 3309 5246 σωφρονήσει
3345 5174 3389 5244 -ὴ
3433 5171 3630 5236 -κακία,

2051 5267 2146 5320 τοῦ
2176 5269 2370 5338 μηκέτι
2399 5265 2774 5340 ἐπιτρίϐεσθαι
2807 5265 2946 5336 πρὸς
2979 5264 3077 5336 τὴν
3105 5264 3449 5335 Δἀγαθότητα,
3478 5263 3574 5325 καὶ
3601 5263 3634 5317 ό

2051 5360 2286 5431 πονηρὸς
2315 5359 2447 5423 Θεὸς
2482 5359 2615 5429 πρὸς
2647 5358 2739 5410 τὸν
2765 5357 2972 5425 ἀγαθὸν
3003 5355 3455 5428 μηκέτινπόλεμον
3484 5353 3632 5422 ἐγεί-

2053 5472 2181 5525 ρων.
2213 5455 2278 5507 Εί
2305 5454 2362 5508 δὲ
2387 5454 2478 5508 καὶ
2507 5452 3004 5525 σωφρονισθιιβεταί
3035 5469 3186 5516 ποτε,
3221 5451 3321 5508 οὐκ
3352 5448 3505 5502 ἔσται
3528 5465 3630 5502 κα-

2051 5545 2165 5610 κὸν,
2193 5545 2356 5598 ὁπότε
2390 5544 2497 5597 ἀπὸ
2543 5544 2643 5613 τῆς
2683 5543 2915 5615 ἀρχαίας
2947 5543 3111 5596 αὐτοῦ
3155 5541 3368 5610 φύσεως
3411 5539 3509 5608 τῆς
3539 5555 3634 5590 κα-

2051 5636 2176 5699 κίας
2234 5636 2598 5707 μετήλλακται
2649 5635 3036 5706 μετατραπείς.
3093 5636 3157 5687 Εί
3190 5634 3245 5686 δὲ
3292 5633 3386 5685 καὶ
3415 5629 3623 5702 τρεπττὴ

2050 5727 2304 5799 τυγχάνει
2335 5729 2367 5794 ἡ
2398 5727 2556 5794 φύσις
2586 5728 2676 5782 τοῦ
2721 5727 2912 5792 κακοῦ,
2946 5726 3161 5787 πάντως
3189 5725 3271 5778 ὅτι
3302 5723 3412 5777 ἀπὸ
3450 5716 3624 5782 κακοῦ
