4008 6240
401 291 509 350 ιω

1803 291 1858 346 S.
1903 292 2242 348 EPIPHANil

3550 253 3648 346 tia

403 409 604 461 malum
629 405 839 466 habuit,
869 403 993 472 quis
1023 403 1355 459 immobilem
1389 405 1532 458 illam
1565 405 1689 458 mali
1720 415 1970 458 naturam

2084 408 2343 479 Ξτρεπτον
2395 409 2556 477 φύσιν
2607 407 2803 470 κακίας
2843 407 3116 478 τραπῆναι
3152 405 3242 457 ἐπὶ
3270 404 3337 459 τὰ
3370 405 3443 477 μὴ
3486 422 3662 476 προσ-

403 506 560 551 unto
588 496 872 550 intervallo
899 494 1151 558 mulavit,
1187 503 1247 548 ut
1277 509 1337 550 sc
1371 495 1436 548 ad
1484 495 1661 550 aliena
1694 507 1970 551 converte-

405 589 526 643 ret?
552 588 608 642 Si
641 588 692 640 id
721 603 786 642 eo
822 586 1022 640 factum
1047 595 1151 649 est,
1185 587 1328 655 quod
1354 587 1518 658 672
1561 589 1801 643 nondum
1835 604 1971 657 prae-

402 681 528 734 data
550 681 804 734 virtutem
836 687 1003 742 esset,
1029 695 1214 748 neque
1233 680 1438 733 bonum
1457 691 1844 752 expugnasset,
1878 691 1974 736 aut

401 773 522 840 eiits
552 784 884 826 armaturam
911 779 1256 841 occupasset,
1290 787 1398 841 qua
1439 788 1498 828 se
1527 773 1880 828 confirmaret
1909 789 1973 829 ac

403 868 682 930 pasceret,
723 869 886 930 atque
917 860 990 914 ita
1034 867 1111 914 tot
1141 861 1246 916 illis
1289 863 1506 918 sacculis
1555 863 1733 918 omnis
1777 877 1972 930 expers

401 953 670 1015 alimenti,
707 967 808 1005 nec
839 966 969 1005 vero
1014 951 1166 1006 illius
1193 953 1444 1024 indigens
1481 955 1816 1023 permansit;
1850 943 2000 1022 quis

401 1059 522 1096 eam
552 1055 823 1106 naturam,
855 1057 976 1112 qum
1000 1043 1315 1098 alimentum
1343 1045 1609 1100 hactenus
1631 1045 1852 1098 minime
1883 1045 1975 1097 de-

401 1136 698 1200 siderabat,
749 1135 817 1190 ad
867 1136 999 1191 illud
1056 1138 1453 1208 capessendum
1509 1137 1747 1207 impulit,
1811 1137 1974 1206 idque

403 1228 582 1292 ipsum
621 1226 1031 1296 requirendum,
1075 1229 1220 1299 quod
1249 1243 1357 1282 non
1387 1235 1546 1283 antea
1591 1227 1886 1298 ﬂagitabat,
1919 1227 1974 1282 id

401 1318 718 1373 desiderare
743 1319 1002 1390 denique,
1028 1321 1174 1392 quod
1207 1336 1552 1391 nequaquam
1577 1329 1735 1374 antea
1768 1320 1977 1375 deside—

403 1412 654 1466 raverat?
689 1411 1024 1472 Naturamne
1073 1414 1344 1468 mutavit?
1375 1413 1478 1469 Ubi
1524 1415 1690 1482 igitur
1733 1413 1822 1467 illa
1870 1422 1974 1478 εει,

402 1517 566 1569 quam
601 1503 829 1567 asseris,
858 1503 1215 1559 immutabilis
1249 1504 1378 1559 mali
1414 1503 1698 1558 conditio?
1739 1503 1893 1568 Quod
1927 1503 1975 1558 si

405 1595 696 1660 pristinum
731 1595 880 1649 illum
915 1611 1107 1652 rursus
1135 1596 1202 1650 ad
1234 1603 1433 1650 statum
1487 1595 1711 1658 redeat,
1760 1607 1820 1650 ut
1867 1609 1976 1663 quo

403 1695 658 1740 vescatur
699 1686 894 1742 habeat
937 1687 1094 1752 nihil,
1148 1701 1385 1758 quonam
1433 1696 1595 1757 pacto
1639 1688 1817 1741 malus
1861 1685 1972 1748 ille,

2071 502 2308 571 ήκοντα;
2345 500 2404 552 Εἰ
2437 500 2546 572 γὰρ
2575 499 2726 552 οὔπω
2751 495 2819 570 ῆν
2849 497 3142 568 ἁρπάξασα
3167 497 3414 566 δύναμιν,
3449 497 3540 549 καὶ
3565 513 3662 549 κα-

2071 593 2523 664 ταπολεμήσασα,
2583 591 2716 662 μηδὲ
2750 589 2991 643 λαϐοῦσα
3031 588 3332 641 πανοπλίαν
3375 589 3453 650 εἰς
3487 589 3662 656 αὐτῆς

2071 683 2302 753 δύναμιν
2339 683 2434 736 καὶ
2454 683 2534 745 είς
2560 681 2780 751 ἐδωδὴν,
2813 679 3006 750 ἔμελλε
3029 680 3044 709 ¹
3068 678 3124 731 δὲ
3153 680 3209 731 ἐν
3231 677 3443 740 πολλοῖς
3467 677 3662 730 αἰῶσιν

2071 774 2326 844 ἄτροφος,
2359 771 2494 844 μηδὲ
2517 771 2722 842 τροφῆς
2749 768 3090 838 ἐπιδεομένη’
3121 768 3204 830 τίς
3225 767 3418 838 ἔτρεψε
3441 767 3540 836 τήν
3561 782 3662 817 πο-

2069 882 2130 916 τε
2165 865 2237 934 μὴ
2271 864 2624 934 ἐπιδεομένην
2649 862 2855 934 τροφῆς
2881 864 2961 925 εἰς
2989 861 3196 931 τροφὴν
3229 861 3406 930 ἥκειν,
3431 859 3524 912 καὶ
3544 860 3661 914 ἐπι-

2077 957 2274 1024 ζητεῖν,
2337 955 2472 1025 ’ὀπερ
2525 953 2655 1005 ποτὲ
2707 953 2805 1004 οὐκ
2861 949 3136 1019 ἐπεζήτει,
3189 949 3285 1003 καὶ
3349 948 3660 1002 ἐπιδέεσθαι

2072 1044 2208 1114 ὅπερ
2232 1043 2362 1096 ποτὲ
2390 1045 2490 1096 οὐκ
2514 1043 2782 1106 ἐπεδέετο,
2817 1041 2931 1096 ἀλλ’
2961 1043 3010 1094 εί
3036 1042 3142 1113 ἄρα
3177 1043 3386 1112 ἐτράπη
3417 1041 3514 1112 τὴν
3551 1039 3656 1108 φὺο

2075 1150 2195 1198 σιν;
2241 1134 2350 1188 Καὶ
2385 1133 2504 1198 πῶς
2551 1137 2583 1204 ἠ
2615 1133 2767 1203 παρὰ
2803 1133 2888 1187 σοὶ
2927 1134 3156 1204 ἀτρεψία
3193 1133 3322 1204 περὶ
3349 1131 3444 1186 τοῦ
3483 1129 3656 1186 κακοῦ

2078 1224 2505 1296 συσταθήσεται;
2539 1227 2602 1279 Ei
2631 1225 2688 1279 δὲ
2719 1226 2814 1279 καὶ
2845 1225 3007 1280 πάλιν
3037 1227 3120 1288 εἰς
3149 1224 3282 1277 ἰδίαν
3323 1223 3658 1277 κατάστασιν

2075 1319 2240 1384 ἔλθοι,
2269 1319 2466 1390 μηκέτι
2501 1319 2748 1390 εὐπορῶν
2777 1319 2804 1372 ὃ
2831 1319 3014 1388 φάγοι,
3049 1317 3165 1382 πῶς
3195 1320 3224 1370 6
3255 1316 3416 1370 πάλιν
3447 1318 3504 1368 ἐν
3529 1333 3656 1370 συν⁴

2074 1408 2236 1480 ηθείᾳ
2287 1409 2526 1478 γεγονὼς
2559 1411 2727 1474 κακὸς
2751 1411 2783 1482 ἢ
2813 1411 3048 1482 πονηρὸς
3077 1410 3170 1463 τοῦ
3207 1407 3534 1479 βιϐρώσκειν
3561 1407 3652 1462 καὶ

2077 1499 2242 1570 ἐδωδῇ
2283 1500 2537 1571 χρῆσθαι,
2577 1501 2798 1555 δύναται
2849 1502 3141 1572 ὑπομένειν
3189 1501 3270 1563 είς
3311 1499 3404 1552 τὸν
3441 1500 3658 1552 ἐπιόντα

2077 1593 2268 1663 χρόνον
2315 1595 2440 1648 ἄνευ
2480 1594 2682 1664 ἐδωδῆς
2717 1593 3012 1659 διατελῶν;
3057 1595 3119 1646 El
3164 1592 3273 1663 γὰρ
3309 1593 3366 1644 ἐν
3401 1590 3664 1661 συνηθείᾳ

2083 1681 2386 1752 βρωμάτων
2413 1684 2487 1754 μὴ
2517 1683 2756 1752 γεγονὼς
2783 1683 2881 1736 οὑκ
2908 1681 3146 1752 ἠδυνήθη
3178 1681 3497 1750 ὑποστῆναι,
3522 1678 3664 1732 ἀλλὰ

403 1784 758 1846 posteaquam
783 1778 928 1832 vesci
953 1779 1324 1844 consueverit,
1353 1777 1612 1848 deinceps
1636 1777 1800 1830 vitam
1833 1777 1971 1831 tole-

2084 1775 2288 1843 ἐτράπη
2317 1775 2397 1837 είς
2426 1774 2626 1844 ἐδωδὴν
2652 1773 2924 1845 ἔρχεσθαι,
2953 1775 3045 1826 καὶ
3073 1772 3308 1843 συλήσας
3335 1772 3435 1842 τὴν
3457 1771 3661 1840 ψυχὴν,

405 1883 528 1922 rare
548 1868 668 1924 sine
694 1869 818 1924 cibo
850 1869 1084 1938 poterit?
1111 1869 1326 1924 Etenim
1359 1869 1404 1924 si
1427 1885 1536 1938 quo
1563 1877 1806 1938 tempore
1832 1883 1970 1921 non-

403 1959 532 2010 dum
577 1957 721 2012 cibis
762 1967 1103 2024 assueverat,
1150 1961 1426 2015 sustinuere
1463 1959 1819 2013 nihilominus
1863 1973 1970 2012 non

403 2049 600 2116 potuit,
637 2050 732 2103 sed
771 2049 838 2102 ad
871 2050 1222 2119 quaerendum
1256 2050 1512 2120 pabulum
1561 2057 1644 2104 est
1680 2049 1970 2119 impulsus,

405 2153 470 2190 ac
509 2136 726 2193 demum
761 2141 1041 2208 praedatus
1079 2141 1316 2194 animam
1351 2155 1415 2195 ea
1460 2156 1559 2209 pro
1603 2141 1727 2194 cibo
1768 2141 1974 2196 abusus

404 2237 538 2282 est:
575 2230 664 2284 ubi
705 2231 956 2292 ciborum
1007 2233 1392 2288 consuetudini
1443 2231 1753 2295 indulserit,
1803 2231 1974 2285 multo

2079 1863 2277 1935 βρῶμα
2333 1865 2508 1935 ἐαυτῷ
2553 1868 2997 1936 περιεποιήσατο,
3056 1864 3254 1935 μᾶλλον
3299 1865 3357 1916 ἐν
3399 1861 3660 1933 συνηθείᾳ

2081 1955 2366 2027 βρώματος
2385 1957 2624 2026 γεγονὼς
2657 1957 2885 2029 ἄσχετος
2909 1959 3061 2010 ἔσται
3090 1956 3187 2028 τὴν
3226 1955 3408 2024 φύσιν,
3441 1955 3533 2007 καὶ
3566 1954 3658 2008 οὓς

2077 2047 2167 2100 δὲν
2203 2047 2268 2102 ἂν
2317 2048 2504 2104 τοῦτον
2545 2049 2902 2119 παραπείσειε
2939 2049 3118 2119 λίχνον
3151 2046 3415 2116 γεγονότα
3463 2044 3559 2100 καὶ
3603 2047 3666 2098 ἐν

2083 2139 2246 2211 πείρᾳ
2275 2141 2476 2211 ἐδωδῆς
2514 2141 2643 2194 ἄνευ
2673 2142 2879 2205 τούτων
2901 2141 3186 2205 διατελεῖν,
3215 2139 3290 2203 ὡς
3321 2141 3348 2190 6
3384 2137 3476 2200 σὸς
3503 2136 3665 2205 λόγος

2079 2229 2383 2292 ἁσύστατος
2417 2231 2678 2302 ὑπάρχων
2698 2230 2858 2284 τοῦτο
2893 2231 3160 2302 βούλεται.

407 2325 589 2380 minus
632 2325 888 2382 cohibere
935 2342 1056 2382 sese
1097 2317 1314 2396 poterit,
1363 2342 1462 2382 nec
1507 2327 1612 2381 ulla
1663 2327 1876 2382 ratione
1921 2326 1969 2380 ei
2030 2325 2352 2394 persuaderi
2397 2325 2617 2394 poterit,
2651 2335 2710 2379 ut
2744 2335 3098 2396 posteaquam
3163 2328 3388 2398 ligurire
3429 2340 3495 2380 ac
3553 2319 3662 2376 cibi

403 2417 729 2471 suavitatem
754 2419 988 2488 experiri
1015 2419 1262 2489 cmperit,
1285 2417 1354 2474 ab
1382 2419 1474 2472 illo
1502 2433 1624 2474 sese
1654 2417 1966 2473 contineat:
2039 2417 2186 2488 quod
2231 2429 2414 2472 tamen
2479 2431 2619 2471 vana
2665 2425 2758 2472 tua
2803 2419 3142 2489 minimeque
3187 2421 3473 2475 coluerens
3519 2413 3668 2468 ratio

405 2509 764 2578 cmuprobare
791 2512 1006 2566 nititur.

477 2601 586 2654 LX.
617 2601 818 2657 Verum
840 2604 942 2657 hoc
971 2605 1090 2658 loco
1117 2605 1486 2674 praetermisso
1511 2603 1578 2659 ad
1607 2605 1712 2659 alia
1733 2603 1978 2672 ejusdem

407 2692 647 2748 hominis
670 2693 862 2749 deliria
891 2695 1196 2750 orationem
1237 2694 1540 2750 conferam.
1576 2695 1861 2764 Principes
1903 2696 1983 2749 ait

409 2793 684 2852 postremo
712 2785 804 2840 illo
833 2795 1078 2856 tempore
1118 2787 1354 2856 propriis
1401 2787 1625 2843 sedibus
1665 2789 1980 2842 restitutum

409 2874 502 2936 iri,
545 2889 610 2928 ac
639 2872 852 2929 Patrem
877 2883 1120 2931 suasmet
1149 2877 1322 2946 ipsius
1367 2885 1551 2946 partes
1597 2893 1720 2934 esse
1751 2893 1982 2949 recupe-

411 2971 680 3018 raturum.
707 2964 842 3029 Quis
862 2972 949 3019 est
969 2965 1058 3020 ille
1077 2972 1189 3020 tam
1209 2981 1420 3035 aequus,
1445 2975 1504 3021 ut
1526 2967 1822 3038 unicuique
1840 2968 1978 3038 parti

409 3057 680 3110 terminos
707 3071 840 3112 suos
873 3057 1016 3112 velut
1052 3057 1382 3127 decempeda
1425 3059 1717 3114 metiatur?
1743 3059 1976 3125 Quinam
2007 3076 2052 3136 ε

411 3161 538 3201 vero
557 3147 770 3216 parebit
800 3148 914 3210 ille,
940 3149 1034 3218 qui
1053 3149 1270 3204 veritati
1301 3165 1364 3204 ac
1396 3151 1544 3205 bono
1564 3166 1768 3206 morem
1795 3167 1982 3220 gerere

415 3237 572 3290 initio
605 3239 870 3294 noluerit?
891 3239 950 3293 Si
973 3240 1025 3294 id
1059 3243 1390 3298 necessitate
1427 3243 1630 3298 bonum
1660 3253 1978 3299 exorturum

409 3323 638 3389 dixeris,
667 3335 727 3380 ut
756 3327 996 3395 injustus
1019 3329 1109 3383 ille
1131 3330 1246 3385 suis
1271 3331 1435 3386 rebus
1455 3341 1746 3388 contentus
1769 3333 1861 3397 sit,
1881 3349 1984 3389 nec

411 3417 470 3472 in
494 3417 620 3472 boni
655 3421 1058 3486 possessionem
1099 3421 1322 3488 involet,
1351 3439 1452 3476 cur
1496 3439 1604 3477 non
1643 3422 1824 3480 facere
1851 3424 1984 3480 illud

415 3507 572 3562 initio
616 3509 824 3578 potuit,
879 3509 1195 3582 priusquam
1251 3527 1364 3567 suae
1403 3514 1510 3569 sibi
1562 3523 1746 3584 partes
1799 3526 1985 3572 essent

411 3597 649 3667 ereptae?
675 3599 758 3652 An
786 3614 916 3653 vero
941 3600 1105 3659 simul
1142 3616 1264 3657 esse
1291 3603 1400 3656 duo
1433 3603 1511 3656 illi
1543 3611 1820 3674 poterunt,
1857 3621 1982 3670 cum

415 3703 569 3741 suam
602 3688 838 3756 quisque
865 3695 1072 3756 partem
1094 3690 1371 3745 obtineat?
1395 3691 1508 3762 Age
1533 3707 1660 3747 vero
1693 3693 1738 3748 si
1761 3693 1985 3747 omnino

415 3792 527 3830 sua:
543 3775 912 3846 Otnnipotenti
951 3787 1133 3848 partes
1157 3781 1433 3837 attributa:
1459 3783 1590 3848 sint,
1625 3781 1761 3839 adeo
1799 3793 1859 3836 ut
1880 3799 1987 3838 cae-

416 3879 545 3919 tera:
573 3867 706 3919 nihil
741 3866 810 3938 ad
848 3867 1026 3937 ipsum
1067 3870 1398 3938 pertineant,
1416 3870 1774 3942 Omnipotens
1803 3872 1986 3942 appel-

419 3957 518 4010 lari
555 3956 803 4022 desinet,
852 3958 1066 4014 desinet
1099 3961 1344 4016 omnium
1395 3977 1518 4019 esse
1560 3963 1736 4032 Deus,
1775 3964 1990 4020 desinet

417 4049 594 4104 malus
629 4049 773 4104 bono
815 4065 938 4106 esse
968 4051 1270 4121 subjectus,
1311 4068 1436 4108 cum
1481 4059 1858 4130 unusquisque
1887 4070 1988 4111 sua

417 4156 478 4196 sc
511 4139 886 4198 dominatione
915 4144 1214 4200 contineat.
1259 4145 1428 4216 Cujus
1476 4163 1641 4217 porro
1682 4149 1861 4203 malus
1897 4149 1990 4204 ille

417 4232 676 4290 dominus
711 4237 837 4300 erit,
862 4237 908 4292 si
940 4251 1120 4307 neque
1161 4233 1400 4295 mundus
1447 4242 1684 4310 amplius
1723 4241 1987 4310 supersit,

421 4339 520 4378 nec
547 4325 834 4390 animalia,
874 4328 958 4382 vel
1005 4329 1258 4384 homines
1299 4330 1425 4397 ulli,
1457 4331 1550 4400 qui
1597 4332 1744 4385 illius
1793 4331 1988 4385 ditioui

2151 2599 2224 2652 E'.
2283 2597 2444 2652 Ἀλλὰ
2501 2599 2912 2670 παρελεύσομαι
2961 2600 3148 2653 τοῦτον
3197 2599 3287 2653 τὸν
3339 2599 3524 2653 τόπον·
3575 2602 3666 2671 ἐφ’

2081 2691 2245 2759 ἔτερα
2271 2690 2327 2742 δὲ
2351 2691 2512 2743 πάλιν
2541 2691 2638 2762 τῆς
2667 2690 2832 2744 αὑτοῦ
2863 2691 3132 2761 ληρωδίας
3159 2691 3545 2761 ἐπεκτείνομαι
3565 2691 3670 2764 τὴν

2082 2778 2350 2850 διήγησιν.
2397 2781 2566 2834 Πάλιν
2599 2781 2709 2851 γὰρ
2743 2782 2964 2850 φάσκει,
2991 2783 3072 2834 ὅτι
3105 2783 3153 2834 οἱ
3177 2782 3436 2852 ἄρχοντες
3463 2783 3522 2836 ἐν
3551 2785 3668 2848 τοῖς

2087 2871 2236 2934 ἰδίοις
2270 2871 2460 2942 μέρεσι
2485 2872 2604 2925 τότε
2633 2873 2866 2936 ἔσονται,
2897 2873 3041 2926 καὶὸ
3069 2873 3260 2944 Πατὴρ
3297 2875 3364 2927 τὰ
3391 2875 3498 2927 ἴδια
3529 2875 3668 2928 ἀπο-

2084 2959 2314 3031 λήψεται
2341 2961 2502 3033 μέρη.
2527 2962 2622 3026 Τίς
2651 2963 2758 3034 ἄρα
2775 2965 2803 3016 6
2822 2964 3072 3034 ἐπιεικὴς
3103 2958 3278 3028 οὗτος,
3295 2965 3382 3019 ἴνα
3411 2965 3503 3018 τὸν
3530 2965 3660 3036 ὅρον

2083 3051 2292 3121 διχόθεν
2322 3053 2552 3105 ἑκάστου
2601 3053 2800 3124 μέρους
2837 3056 3234 3126 γεωμετρήσῃς
3285 3055 3410 3118 Πῶς
3453 3055 3511 3108 δὲ
3545 3072 3668 3108 πει-

2083 3143 2337 3214 σθήσεται
2377 3145 2408 3196 6
2445 3143 2701 3214 ἁπαρχῆς
2742 3147 2808 3215 τῇ
2849 3143 3079 3215 ἀληθείᾳ
3116 3145 3210 3197 καὶ
3249 3143 3328 3214 τῷ
3361 3143 3550 3214 ἀγαθῷ
3587 3145 3664 3215 μὴ

2082 3235 2400 3305 πειθόμενος
2421 3255 2434 3297 ;
2459 3237 2522 3289 Ei
2549 3236 2605 3288 δὲ
2637 3236 2753 3308 μετ’
2779 3235 3028 3307 ἀνάγκης
3055 3237 3444 3309 παραπείσειεν
3468 3239 3496 3290 6
3524 3238 3666 3304 ἀγα--

2083 3329 2174 3392 θὸς
2205 3329 2298 3382 τὸν
2337 3329 2654 3399 παράνομον
2686 3328 2833 3392 ίδίοις
2869 3331 3122 3399 στοιχεῖν,
3155 3329 3250 3382 καὶ
3283 3328 3356 3399 μὴ
3395 3327 3664 3398 ἐπεμϐαί-

2083 3437 2194 3476 νειν
2223 3423 2288 3491 τῇ
2317 3419 2412 3472 τοῦ
2441 3419 2646 3488 ἀγαθοῦ
2684 3419 2878 3490 μερίδι,
2921 3419 3008 3474 διὰ
3035 3421 3087 3473 τί
3115 3420 3188 3489 μὴ
3222 3421 3475 3491 ἀπαρχῆς
3505 3419 3664 3472 τοῦτο

2083 3513 2320 3582 ἠδυνήθη
2350 3513 2590 3584 ποιῆσαι,
2625 3514 2754 3584 πρὶν
2789 3513 2821 3584 ἢ
2851 3513 2990 3576 ὅλως
3025 3515 3121 3566 ἀπ’
3153 3513 3328 3583 αὐτῆς
3369 3512 3664 3583 συληθῆναι

2084 3604 2154 3658 τὰ
2195 3606 2368 3676 μέρη;
2400 3604 2524 3668 Πῶς
2548 3604 2606 3657 δέ
2636 3605 2851 3659 ἔσονται
2887 3607 2935 3658 oi
2973 3605 3068 3658 δύο
3099 3605 3406 3665 ἐπιτοαυτδ,
3441 3604 3544 3658 ἀνὰ
3569 3604 3664 3674 μέ-

2090 3715 2178 3767 ρος
2201 3697 2428 3759 ἓκαστος
2457 3697 2822 3769 κεκτημένος;
2856 3698 2918 3751 Εἰ
2949 3699 3054 3768 γὰρ
3085 3698 3220 3760 ὅλως
3249 3697 3388 3768 μέρη
3411 3696 3544 3766 ἔχει,
3569 3695 3664 3749 καὶ

2085 3788 2154 3842 τὰ.
2200 3788 2364 3856 ἕτερα
2399 3787 2540 3858 μέρη
2573 3789 2674 3842 οὑκ
2725 3788 2913 3850 αὑτοῦ,
2955 3789 3139 3842 οὐκέτι
3175 3788 3578 3856 Παντοκράτωρ
3633 3788 3664 3839 ὁ

2090 3882 2488 3953 Παντοκράτωρ
2513 3879 2863 3951 κληθήσεται,
2896 3881 3078 3933 οὐκέτι
3102 3879 3234 3942 Θεὸς
3251 3879 3361 3932 τῶν
3386 3880 3661 3942 ἁπάντων,

2085 3969 2267 4022 οὐκέτι
2294 3969 2600 4040 ὑποχείριος
2629 3973 2658 4023 6
2690 3969 2860 4034 κακὸς
2893 3969 2988 4023 τοῦ
3023 3969 3224 4038 ἀγαθοῦ
3259 3971 3501 4040 γένηται,
3527 3967 3662 4022 ἀλλὰ

2087 4061 2316 4124 ἕκαστος
2363 4061 2541 4116 αὐτῶν
2573 4061 2684 4132 ἔχει
2723 4062 2824 4132 τὴν
2865 4062 2999 4115 ἰδίαν
3035 4061 3367 4114 δεσποτείαν.
3411 4061 3568 4123 Τίνος
3604 4060 3664 4114 δὲ

2088 4150 2196 4221 ἄρα
2229 4153 2257 4204 6
2283 4151 2518 4222 πονηρὸς
2549 4152 2816 4224 δεσπότης
2843 4151 3016 4217 ἔσται,
3050 4153 3244 4222 μηκέτι
3271 4151 3422 4215 ὄντος
3447 4151 3541 4204 τοῦ
3575 4150 3666 4204 κό-

2091 4259 2249 4311 σμου,
2293 4243 2430 4312 μήτε
2467 4242 2575 4297 τῶν
2611 4244 2701 4296 ὑπ’
2728 4242 2894 4296 αὑτοῦ
2937 4242 3092 4307 ζώων
3135 4261 3196 4297 τε
3235 4245 3328 4298 καὶ
3359 4244 3663 4316 ἀνθρώπων

2091 4335 2532 4404 κυριευομένων;
2562 4335 2626 4387 Εἰ
2666 4335 2723 4388 δὲ
2757 4337 2898 4400 ὅλως
2940 4337 3108 4400 κακός
3150 4339 3265 4388 ἐστι
3303 4337 3398 4390 καὶ
3435 4336 3532 4406 ὕλη
3569 4335 3664 4388 καὶ

419 4414 734 4484 subiacent?
782 4417 1048 4475 Praeterea
1084 4435 1207 4475 cum
1253 4421 1394 4476 idem
1447 4423 1540 4477 ille
1567 4424 1792 4478 materia
1827 4424 1983 4478 simul

2094 4426 2288 4498 φθορά,
2319 4427 2438 4489 πῶς
2469 4427 2669 4498 μᾶλλον
2696 4427 2795 4480 οὑκ
2823 4428 3030 4499 ἐφθάρη
3057 4445 3070 4494 ;
3099 4429 3162 4481 Ei
3185 4427 3290 4499 γὰρ
3313 4427 3499 4480 ἔκτοτε
3523 4421 3664 4498 ἡοὺ-

417 4517 582 4574 atque
623 4509 906 4578 corruptio
949 4511 1042 4577 sit,
1074 4527 1258 4567 nonne
1304 4529 1415 4582 pra:
1458 4514 1674 4570 caeteris
1713 4515 1990 4586 corrumpi

419 4599 538 4668 ipse
575 4599 801 4654 debuit?
841 4601 976 4656 Nam
1009 4603 1056 4658 si
1095 4619 1164 4658 ex
1193 4605 1289 4659 illo
1322 4613 1568 4674 tempore
1598 4606 1800 4660 malum
1827 4607 1990 4678 673

417 4691 808 4761 etsicorruptio
823 4693 964 4750 foret
1001 4703 1306 4767 caateraque
1330 4707 1728 4767 corrumperet,
1749 4700 1990 4768 seipsum

421 4782 643 4850 minime
684 4787 1008 4856 corrumpit,
1043 4803 1154 4842 non
1196 4797 1280 4843 est
1323 4791 1468 4858 quod
1515 4789 1856 4858 corruptioni
1893 4791 1992 4846 ob-

421 4877 646 4932 noxium
694 4879 827 4932 illud
855 4894 980 4936 esse
1011 4879 1374 4948 suspicemur,
1409 4893 1530 4934 cum
1561 4878 1634 4933 ita
1676 4887 1993 4949 corrumpat

421 4982 638 5035 caetera,
674 4971 854 5040 ipsum
893 4972 1200 5026 immortale
1225 4971 1316 5036 sit,
1349 4985 1449 5026 nec
1477 4971 1751 5040 exstingui
1795 4971 1988 5040 possit.

421 5064 499 5118 Ex
527 5079 638 5134 quo
665 5072 722 5118 et
753 5061 888 5117 illud
937 5063 1210 5131 sequitur,
1241 5078 1366 5116 cum
1415 5063 1588 5118 solida
1622 5071 1992 5133 perpetuaque

421 5157 730 5213 substantia
756 5164 994 5218 constet,
1023 5171 1085 5210 ac
1109 5161 1308 5225 praater
1325 5170 1448 5211 sese
1473 5165 1759 5210 consumat
1783 5158 1987 5220 omnia,

423 5249 556 5304 nihil
583 5249 654 5304 ab
686 5249 782 5303 illo
809 5249 1061 5303 relictum
1093 5247 1183 5310 iri,
1215 5246 1310 5302 sed
1339 5262 1466 5302 cum
1502 5256 1826 5303 caeterorum
1855 5263 1989 5302 con-

423 5339 663 5410 sumptio
701 5340 795 5406 sit,
842 5338 952 5394 illis
982 5338 1116 5408 ipsis
1141 5339 1420 5394 interitum
1453 5338 1770 5394 allaturum.
1793 5339 1991 5406 Quam-

424 5435 613 5486 nhrcm
639 5431 718 5484 sic
747 5430 893 5486 illius
922 5431 1232 5486 substantia
1263 5433 1622 5503 permanebit,
1651 5432 1788 5487 nihil
1816 5441 1982 5487 uteo-

423 5535 544 5578 rum
575 5537 698 5592 quae
731 5529 857 5576 sunt
887 5522 1124 5578 residere
1155 5521 1423 5593 patiatur,
1461 5523 1555 5580 sed
1595 5523 1708 5579 sola
1737 5537 1989 5592 persevc-

493 5674 506 5706 ¹
539 5673 600 5731 F.
641 5675 822 5742 ἔμενε.

2093 4535 2160 4572 σα
2189 4519 2357 4572 κακία
2385 4517 2558 4589 φθορὰ
2598 4519 2832 4590 ὑπῆρχε,
2869 4521 2963 4572 καὶ
3005 4519 3212 4590 φθείρει
3260 4521 3360 4590 μὲν
3399 4520 3470 4573 τὰ
3507 4519 3660 4582 ἄλλα,
3739 4591 3746 4596 _

2091 4611 2227 4682 αὕτη
2257 4611 2314 4664 δὲ
2345 4611 2542 4683 ἑαυτὴν
2571 4611 2630 4664 οὑ
2661 4611 2893 4682 φθείρει,
2921 4611 3102 4664 οὑκέτι
3123 4611 3452 4682 φθειρομένη
3483 4611 3664 4680 ὑπάρ-

2091 4722 2196 4776 χει,
2232 4707 2264 4774 ἡ
2310 4703 2444 4757 ἄλλα
2483 4705 2580 4775 μὲν
2615 4703 2931 4776 φθείρουσα,
2969 4703 3106 4774 αὕτη
3149 4704 3382 4774 μένουσα
3417 4703 3661 4766 ἀένναος,

2091 4796 2186 4848 καὶ
2223 4793 2296 4865 μὴ
2323 4793 2713 4866 ἀφανιζομένη.
2754 4795 2937 4863 Αὐτῆς
2975 4795 3032 4846 δὲ
3071 4793 3340 4863 μενούσης
3378 4793 3436 4844 ἐν
3471 4791 3665 4862 στερεᾷ

2093 4887 2406 4952 ὑποστάσει,
2447 4886 2769 4958 φθειρούσης
2801 4887 2856 4939 δὲ
2889 4887 2954 4940 τὰ
2987 4885 3141 4950 ἄλλα,
3173 4885 3266 4939 καὶ
3303 4884 3398 4953 οὐχ
3441 4883 3662 4954 ἑαυτὴν,

2090 4978 2241 5032 οὐδὲν
2275 4977 2384 5048 ἔχει
2421 4981 2600 5044 ἐᾶσαι,
2631 4977 2766 5032 ἀλλὰ
2795 4978 3010 5040 πάντως
3043 4979 3076 5048 ἠ
3111 4976 3286 5048 φθορά
3326 4975 3434 5028 τῶν
3462 4976 3665 5046 ἐτέρων

2090 5073 2160 5126 τὰ
2190 5075 2352 5144 ἕτερα
2381 5074 2610 5145 φθείρει.
2667 5073 3032 5144 Ἐπιμένουσα
3061 5071 3118 5124 δὲ
3165 5073 3198 5142 ἡ
3233 5071 3401 5140 αὐτῆς
3429 5069 3666 5122 ὑπόσταο

2093 5181 2196 5228 σις,
2223 5165 2316 5218 καὶ
2355 5164 2535 5218 οὐκέτι
2561 5165 2708 5217 ἐάσει
2739 5181 2792 5214 τι
2816 5163 2925 5216 τῶν
2955 5163 3143 5226 ὄντων,
3179 5162 3312 5215 ἀλλὰ
3347 5160 3486 5232 αὕτη
3529 5161 3662 5232 μόνη

2095 5259 2264 5325 μενεῖ·
2294 5255 2362 5309 τὰ
2391 5255 2448 5308 δὲ
2479 5254 2807 5325 φθειρόμενα
2844 5253 2912 5307 δι’
2939 5253 3110 5323 αὐτῆς
3145 5252 3481 5323 ἀφανίζεται.
3511 5253 3576 5304 Εἰ
3609 5251 3664 5304 δὲ

2093 5347 2184 5400 καὶ
2205 5347 2367 5416 ἑαυτῇ
2391 5349 2506 5399 ἐστι
2535 5345 2698 5416 κακὴ,
2731 5345 2826 5398 καὶ
2854 5347 3018 5417 ἑαυτῇ
3047 5345 3241 5416 φθορὰ,
3274 5344 3454 5398 οὐκέτι
3475 5345 3509 5413 ὴ
3537 5343 3666 5395 ὑπό-

2095 5455 2282 5501 στασις
2311 5438 2480 5508 αὑτῆς
2511 5436 2861 5508 σταθήσεται.
2897 5437 2972 5489 Οὐ
3020 5436 3179 5507 μόνον
3221 5437 3279 5489 ἐν
3305 5434 3382 5504 τῷ
3420 5432 3666 5503 μέλλοντι

2092 5529 2319 5599 εἴποιμι,
2361 5527 2497 5583 ἀλλὰ
2533 5529 2624 5583 καὶ
2663 5527 2848 5582 ἔκτοτε
2889 5525 3250 5597 ἀφανισθεῖσα
3293 5525 3359 5580 ἄν
3397 5524 3664 5596 ὑπῆρχεν,
