4008 6240
313 338 410 398 υἱ

960 335 1326 394 ADVEiiSUS
1363 337 1704 398 "/ERESES
1745 342 1871 399 Llls.
1916 344 1975 399 il.
2017 343 2179 400 TOM.
2227 343 2362 399 Il.—-
2401 343 2672 399 ll/ERES.
2716 343 2894 400 LXVI.

3462 345 3568 401 19$

311 460 412 525 ἠδη
437 454 492 507 δὲ
522 441 579 506 ἐν
609 454 772 522 ἑαυτῇ
802 451 998 521 ἑαυτὴν
1041 452 1311 524 φθείρασά
1352 473 1411 508 τε
1453 457 1548 510 καὶ
1581 458 1892 528 ἀφανισθεῖ-

1999 475 2128 515 rans
2183 458 2438 512 universa
2501 457 2826 528 proﬂigabit.
2874 457 3004 510 Nam
3058 457 3102 512 si
3145 473 3297 513 suam
3337 475 3390 511 Ill
3443 474 3564 516 sese

311 565 402 599 σα.
452 544 611 597 Ἀλλὰ
641 543 811 595 ταῦτα
845 544 1022 597 πάντα
1055 545 1173 597 ἐστὶ
1216 545 1286 598 τὰ
1316 546 1630 618 διηγήματα
1664 550 1763 620 τῆς
1794 551 1890 604 τοῦ

308 638 542 706 ἄφρονος
588 634 994 704 ματαιολογίας,
1052 634 1087 688 ἃ
1123 640 1552 707 κατανοήσαντες
1591 641 1640 692 οἱ
1685 642 1896 694 συνετοὶ

308 726 415 778 οἱοὶ
430 726 530 795 τῆς
543 725 703 793 ἁγίας
730 726 822 778 τοῦ
839 724 974 778 Θεοῦ
1001 725 1320 796 Ἐκκλησίας
1346 729 1578 792 πίστεώς
1593 749 1649 784 τε
1669 731 1762 783 τοῦ
1781 734 1896 784 Κυ-

311 815 450 885 ρίου,
477 815 788 887 διακρίνατε
819 815 910 868 τὸν
940 815 1208 886 ἁγύρτην,
1238 818 1331 870 καὶ
1360 821 1766 888 καταγελάσαιτε
1794 823 1896 893 τῆς

309 905 476 958 αὑτοῦ
525 906 814 976 ληρωδίας.
863 906 1311 962 Ἐπανελεύσεται
1347 909 1404 962 δὲ
1443 911 1524 974 εἰς
1569 911 1666 973 τὰς
1711 913 1895 976 κακῶς

308 997 485 1068 ἑαυτῷ
512 999 937 1068 ὲπινενοημένας
967 1001 1289 1070 προφάσεις,
1325 1001 1418 1054 καὶ
1457 1002 1563 1055 ἀπὸ
1600 1004 1709 1055 τῶν
1739 1003 1896 1056 θείων

306 1091 544 1163 Γραφῶν
574 1091 880 1162 ὁμοιώσεις,
909 1093 1002 1146 καὶ
1023 1093 1121 1163 οὐχ
1147 1092 1318 1156 οὕτως
1349 1095 1596 1164 ἐχούσας,
1635 1095 1770 1148 ἀλλὰ
1801 1095 1895 1148 οὖ-

305 1191 416 1248 τως
445 1187 536 1238 ὑπ’
563 1185 726 1238 αὐτοῦ
765 1187 948 1251 κακῶς
978 1186 1292 1256 νοουμένας.
1316 1188 1452 1259 Φέρε
1479 1185 1570 1242 οὖν
1605 1189 1892 1260 ἐκοὼμεθα

306 1275 448 1328 αὕτὰ
503 1275 567 1347 δὴ
621 1276 762 1329 κατὰ
799 1277 964 1341 λέξιν,
1003 1279 1068 1343 ἃς
1105 1279 1460 1333 ὑποκλέπτων
1502 1283 1564 1333 ὲκ
1594 1280 1703 1332 τῶν
1735 1282 1894 1336 θείων

307 1367 561 1437 Γραφῶν,
587 1368 663 1431 ῶς
692 1367 847 1438 ἔφην,
889 1371 1029 1422 κατᾶ
1057 1370 1147 1422 τὸν
1171 1371 1296 1423 νοῦν
1322 1369 1483 1424 αὐτοῦ
1513 1371 1805 1440 διηγεῖται·
1837 1373 1884 1424 εί

307 1458 406 1512 καὶ
461 1458 694 1529 μάλιστα
739 1460 1002 1525 πολλάκις
1041 1460 1140 1525 τὰς
1195 1460 1364 1524 αὐτὰς
1406 1461 1884 1532 διαλαμϐάνοντες,

305 1551 586 1621 ἁκρότατα
614 1550 867 1621 διηλέγξσ
876 1570 996 1622 μεν.

1994 551 2256 605 malitiam
2279 557 2528 603 exerceat
2567 564 2733 616 seque
2759 549 2871 617 ipsa
2900 557 3232 619 corrumpat,
3259 565 3364 603 non
3389 558 3565 620 potest

1994 649 2254 695 constans
2273 639 2391 707 ejus
2421 654 2543 693 esse
2568 638 2888 707 stabilisque
2915 639 3239 694 substantia.
3265 639 3342 693 Ac
3365 640 3563 695 nedum

1996 733 2196 786 futuris
2222 740 2409 801 postea
2443 731 2800 800 temporibus,
2830 730 2922 785 sed
2942 747 3007 785 ne
3030 733 3317 800 praeteritis
3345 734 3566 802 quidem

1996 825 2175 879 facere
2201 824 2394 894 potuit,
2428 823 2558 894 quin
2597 839 2655 877 sc
2687 832 2878 893 suapte
2910 824 3077 892 ipsius
3105 826 3343 894 pernicie
3372 827 3566 880 exitio-

1991 933 2098 986 quc
2130 918 2442 970 conﬁceret.
2489 914 2763 982 Ejusmodi
2808 921 2936 969 sunt
2975 915 3295 984 ineptissimi
3331 917 3566 971 hominis

1993 1024 2149 1079 nugs:
2180 1023 2243 1061 ac
2279 1007 2495 1061 fabula).
2531 1005 2739 1072 Quibus
2770 1006 3169 1060 animadversis
3200 1023 3296 1060 vos
3330 1008 3566 1077 pruden-

1989 1112 2090 1160 tes,
2125 1110 2328 1153 sancta:
2351 1098 2442 1152 Dei
2476 1097 2729 1152 Ecclesia:
2764 1112 2827 1150 ac
2859 1097 3151 1152 Dominieaa
3182 1097 3303 1151 ﬁdei
3338 1099 3562 1165 alumni,

1989 1190 2166 1259 qualis
2203 1193 2468 1257 impostor
2500 1189 2590 1243 ille
2620 1188 2690 1242 sit
2719 1203 2841 1241 cum
2876 1187 3084 1256 judicio
3126 1195 3306 1242 vestro
3333 1204 3556 1258 perpen-

1994 1279 2131 1343 Jite,
2175 1279 2402 1348 ejusque
2453 1278 2663 1332 somnia
2695 1277 2956 1332 deridete.
2998 1277 3102 1332 Sed
3144 1279 3210 1332 ad
3245 1285 3564 1347 argumenta

1987 1367 2232 1434 qu:edam
2249 1367 2675 1435 occasionesque
2695 1382 2972 1436 perperam
2993 1383 3056 1421 ex
3078 1365 3376 1437 Scripturis
3397 1367 3570 1421 sacris

1989 1461 2061 1514 ob
2104 1459 2417 1512 nonnullam
2477 1457 2890 1512 similitudinem
2942 1473 3233 1528 expressas
3283 1458 3567 1526 confugit;

1993 1566 2113 1621 qua:
2143 1565 2266 1604 cum
2303 1550 2446 1603 aliud
2493 1550 2595 1604 sibi
2629 1551 2818 1613 velint,
2857 1550 2996 1603 male
3026 1551 3092 1604 ab
3125 1565 3191 1604 eo
3229 1550 3567 1604 contrarium

307 1645 366 1701 in
401 1660 622 1700 sensum
657 1644 966 1698 trahuntur.
1003 1645 1142 1716 Ergo
1182 1646 1294 1700 haec
1327 1646 1443 1714 ipsa
1493 1644 1676 1699 furtim
1715 1645 1782 1698 ab
1819 1659 1884 1698 eo
1923 1643 2149 1697 sacrise
2192 1640 2414 1695 Litteris
2444 1642 2768 1702 interversa,
2803 1651 2856 1696 et
2918 1642 2983 1696 ad
3021 1641 3192 1711 ipsius
3245 1639 3568 1696 sententiam

307 1734 722 1788 accommodata
754 1733 944 1788 iisdem
987 1733 1166 1788 verbis
1196 1733 1250 1787 in
1299 1734 1535 1788 medium
1577 1733 1890 1787 aﬂ‘eramus.
1930 1729 2253 1800 Quanquam
2283 1745 2385 1785 nos
2409 1744 2475 1784 ex
2500 1730 2568 1785 iis
2621 1731 2822 1800 smpius
2857 1729 3200 1801 disputantes
3263 1734 3566 1792 accuratis-

307 1830 448 1882 sime
476 1825 798 1882 refellimus.

380 1915 501 1970 EA'.
528 1917 750 1988 Πρῶτον
787 1919 886 1988 μὲν
913 1912 1004 1972 οῦν
1027 1919 1108 1970 ὅτι
1139 1916 1312 1988 εὑρὼν
1337 1918 1394 1970 ὲν
1423 1919 1543 1981 ταῖς
1563 1918 1735 1980 θείαις
1755 1918 1896 1988 Γρα-

2067 1912 2202 1967 LXI.
2240 1912 2295 1965 In
2321 1912 2512 1982 primis
2544 1913 2710 1980 igitur
2738 1928 2862 1967 cum
2898 1913 3100 1969 divinis
3125 1913 3179 1968 in
3216 1914 3437 1970 Litteris
3479 1916 3573 1972 l’a-

308 2012 438 2077 φαῖς
484 2009 612 2079 περί⁵
647 2008 1003 2079 Παρακλήτου
1037 2008 1322 2080 ὀνόματος,
1365 2009 1458 2060 καὶ
1486 2008 1759 2078 ἀγνοήσας
1793 2009 1892 2078 τὴν

308 2100 403 2153 τοῦ
437 2099 590 2170 ἁγίου
626 2101 982 2172 Παρακλήτου
1015 2101 1263 2171 δύναμιν,
1289 2099 1478 2153 ἑαυτὸν
1505 2101 1889 2170 ὑπεισήνεγκε,

309 2192 538 2261 νομίσας
581 2189 719 2245 εἶναι
773 2192 948 2244 τοῦτο.
983 2193 1093 2246 Καὶ
1130 2193 1326 2260 φάσκει
1374 2193 1473 2262 μὲν
1511 2191 1662 2262 αὐτῷ
1689 2190 1758 2244 τὰ
1789 2190 1894 2242 ὑπὸ

306 2283 401 2336 τοῦ
449 2283 603 2351 ἁγίου
648 2285 862 2337 Παύλου
909 2283 1175 2354 εἰρημένα
1230 2283 1779 2354 παρακεχωρηκέναι,
1819 2282 1894 2344 ὡς

308 2375 403 2427 τοῦ
456 2375 613 2442 ἁγίου
667 2375 988 2428 Ἀποστόλου
1029 2376 1318 2446 φήσαντος·
1379 2376 1512 2429 Ἀπὸ
1545 2373 1768 2443 μέρους
1813 2390 1894 2442 γι-

305 2466 646 2536 ⁴νώσκομειθο,
681 2467 779 2520 καὶ
803 2467 922 2521 ἀπὸ
950 2467 1167 2535 μέρους
1194 2467 1666 2535 προφητεύομεν.
1708 2464 1896 2519 Ὅταν

304 2559 456 2627 ἔλθῃ
485 2557 551 2612 τὸ
577 2558 913 2623 distento
946 2557 1066 2612 ἀπὸ
1097 2558 1316 2627 μέρους
1358 2556 1892 2626 καταργηθήσεται.

306 2651 481 2704 Τοῦτο
529 2651 588 2704 δὲ
636 2652 765 2722 περὶ
813 2650 1173 2723 Παρακλήτου
1221 2650 1330 2703 οὐδ’
1366 2650 1502 2713 ὅλως
1553 2649 1825 2703 ἐκτίθεται
1867 2650 1896 2702 ὁ

308 2743 464 2812 ἅγιος
513 2743 852 2806 Ἀπόστολος,
893 2744 923 2806 ᾧ
965 2739 1324 2808 καταξιωθεὶς
1379 2739 1545 2793 αὑτοῦ
1601 2739 1695 2794 τοῦ
1739 2740 1893 2808 ἁγίου

309 2835 450 2888 Πνεύ
459 2852 628 2906 ματος
660 2834 797 2904 μετὰ
825 2834 933 2886 τῶν
966 2833 1166 2904 ὁμοίων
1195 2833 1358 2886 αὑτοῦ
1384 2832 1716 2886 άποστόλωψ
1761 2832 1896 2886 ἁλλὰ

311 2929 438 2997 περὶ
471 2926 580 2979 τῶν
611 2926 704 2979 δύο
732 2927 950 2995 κόσμων
989 2927 1246 2998 διηγεῖτο,
1292 2927 1420 2996 περὶ
1463 2925 1557 2978 τοῦ
1603 2924 1897 2988 ἐνεστῶτος

312 3022 406 3073 καὶ
436 3019 742 3090 μέλλοντος,
780 3019 854 3083 ὡς
882 3019 1039 3088 ἔφην,
1075 3021 1189 3082 τοῖς
1227 3019 1570 3090 βουλομένοις
1608 3018 1735 3088 περὶ
1770 3034 1888 3069 και-

317 3111 424 3181 ρῶν
455 3110 913 3182 καταλαμϐάνειν.
958 3111 1089 3162 Ὀτι
1120 3109 1316 3180 μηδὲν
1354 3109 1510 3180 ὑμᾶς
1540 3108 1805 3176 πτυρέτω
1830 3109 1900 3161 ἐν

311 3203 491 3270 λόγῳ,
519 3201 589 3254 ἐν
614 3197 932 3268 ἐπιστολῇ,
955 3200 1034 3266 ὡς
1061 3199 1150 3252 ὅτι
1185 3201 1224 3267 ἡ
1245 3199 1436 3269 ἡμέρα
1469 3197 1759 3265 ἐνέστηκε
1792 3197 1898 3250 τοῦ

1995 2006 2183 2060 racleti
2227 2019 2423 2061 nomen
2469 2005 2788 2067 invenisset,
2829 2019 2891 2060 ac
2935 2006 3043 2059 vim
3091 2006 3236 2060 illius
3273 2007 3567 2075 ignoraret,

1995 2107 2170 2154 semet
2201 2099 2376 2168 ipsum
2408 2114 2508 2168 pro
2543 2113 2672 2154 vero
2701 2097 2907 2168 Spiritu
2936 2101 3244 2169 supposuit.
3284 2099 3466 2170 Itaque
3505 2101 3571 2155 ad

1995 2207 2118 2247 sese
2161 2193 2432 2262 pertinere
2479 2192 2568 2246 illa
2613 2193 2793 2255 docet,
2837 2207 2958 2261 qua:
2991 2192 3060 2246 ab
3106 2193 3352 2260 apostolo
3406 2192 3574 2248 Paulo

1994 2283 2252 2337 dicitntur
2285 2302 2298 2337 :
2333 2283 2418 2336 Ea:
2463 2294 2612 2351 parte
2645 2285 3029 2353 cognoscimus,
3072 2294 3122 2337 et
3161 2300 3224 2338 ea:
3261 2296 3412 2351 parte
3454 2302 3574 2353 pro-

1994 2377 2287 2443 phetamus.
2322 2374 2456 2430 Cum
2497 2375 2688 2428 venerit
2724 2375 2861 2444 quod
2897 2375 3184 2444 perfectum
3214 2387 3311 2440 est,
3353 2394 3576 2430 evacua-

1997 2466 2138 2518 timr
2181 2467 2317 2534 quod
2343 2481 2406 2519 ea:
2440 2474 2594 2531 parte
2620 2475 2697 2518 est
2739 2467 2778 2519 ⁸.
2824 2465 2984 2534 Atqui
3016 2466 3084 2520 de
3120 2465 3400 2520 Paracleto
3427 2468 3576 2522 nullo

1997 2556 2158 2609 modo
2202 2557 2316 2610 haec
2355 2557 2725 2627 pronuntiavit
2759 2557 3091 2626 Apostolus,
3127 2559 3220 2627 qui
3257 2574 3379 2611 cum
3414 2558 3578 2612 soda-

1997 2648 2142 2702 libus
2169 2649 2285 2703 suis
2318 2649 2582 2719 apostolis
2608 2647 2869 2717 Spiritum
2906 2658 3154 2704 sanctum
3187 2650 3436 2719 accipere
3463 2667 3576 2706 me-

1999 2742 2145 2806 ruit;
2184 2741 2280 2795 scd
2311 2742 2376 2796 de
2412 2742 2618 2813 duplici
2661 2743 2866 2797 mundo
2893 2758 3204 2797 sermonem
3239 2743 3574 2808 instituerat,

1999 2835 2250 2902 pra-senti
2285 2833 2537 2888 videlicet
2557 2849 2619 2888 ac
2651 2834 2857 2900 futuro,
2892 2842 3114 2903 propter
3144 2835 3455 2898 nonnullos,
3481 2834 3577 2904 qui

1999 2926 2065 2981 de
2117 2929 2458 2994 temporibus
2519 2927 2663 2982 scire
2715 2936 2878 2997 atque
2934 2927 3211 2996 inquirere
3263 2927 3574 2994 cupiebant.

2002 3019 2174 3083 Nihil,
2213 3019 2412 3087 inquit,
2453 3029 2646 3072 terreat
2688 3037 2775 3073 vos
2822 3019 2875 3072 in
2913 3035 3169 3082 sermone,
3199 3027 3290 3069 aut
3331 3016 3573 3084 epistola,

1940 3140 1957 3153 -
1999 3112 2154 3180 quasi
2184 3112 2342 3162 instet
2369 3109 2481 3163 dies
2512 3108 2746 3162 Domini.
2785 3107 2908 3161 Nisi
2929 3109 3070 3161 enim
3115 3109 3374 3160 revelatus
3415 3106 3576 3174 fuerit

2001 3202 2145 3271 βακε
2169 3201 2484 3266 iniquitatis,
2514 3200 2667 3254 homo
2708 3200 2985 3268 injustitia:
3019 3201 3060 3262 ',
3088 3209 3194 3253 etc.
3238 3198 3380 3264 Quin
3412 3197 3576 3252 etiam

313 3261 559 3359 Κυρίου.
613 3289 756 3345 Ἐὰν
957 3261 1044 3360 μή
1083 3261 1487 3358 ἀποκαῖλυφθῇ
1543 3291 1576 3343 ό
1621 3261 1752 3353 υίὸς
1786 3286 1898 3356 τῆς

2003 3291 2457 3346 convenientibus
2502 3291 2841 3344 Salvatorem
2873 3290 3158 3359 apostolis.
3189 3304 3251 3342 ac
3283 3288 3349 3340 de
3389 3285 3576 3339 mundi

312 3383 587 3453 ἀνομίας,
635 3386 669 3437 ό
713 3383 1020 3451 ἅνθρωπος
1056 3380 1167 3448 τῆς
1201 3379 1456 3448 ἀδικίας,
1502 3381 1597 3434 καὶ
1643 3378 1714 3432 τὰ
1752 3379 1897 3449 ἑξῆς.

314 3476 426 3529 Καὶ
455 3475 618 3530 πάλιν
647 3473 1009 3528 συνελθόντων
1031 3473 1139 3526 τῶν
1165 3473 1420 3544 μαθητῶν
1448 3473 1582 3542 πρὸς
1610 3472 1700 3524 τὸν
1729 3471 1904 3540 Σωτῆ-

317 3585 408 3641 ρα,
455 3565 685 3640 ἠρώτων
737 3567 900 3620 αὐτὸν
944 3566 1204 3638 περὶτῆς
1229 3564 1557 3629 συντελείας,
1596 3564 1692 3618 καὶ
1719 3562 1902 3631 ἔλεγεν

313 3661 521 3724 αὐτοῖς’
583 3662 707 3729 Οὐχ
739 3657 907 3727 ὑμῶν
952 3657 1274 3727 ἐπιγνῶναι
1329 3657 1589 3726 χρόνους
1635 3656 1733 3709 καὶ
1785 3672 1904 3709 και-

309 3751 482 3820 ροὺς,
512 3750 620 3815 οὓς
657 3753 690 3802 ό
713 3748 916 3815 Πατὴρ
948 3750 1113 3801 ἔθετο
1139 3747 1208 3800 ὲν
1229 3745 1304 3815 τῇ
1334 3747 1452 3812 ἰδίᾳ
1485 3745 1758 3811 ἐξουσίᾳ·
1791 3745 1902 3798 ἀλ-

315 3844 395 3896 λὰ
417 3829 695 3909 λήψεσθε
721 3840 977 3908 δύναμιν
1007 3839 1368 3902 ἐπελθόντος
1393 3836 1500 3890 τοῦ
1527 3836 1700 3904 ἁγίου
1717 3833 1904 3888 Πνεύ-

311 3952 503 4005 ματος
533 3932 627 4000 ἐφ’
661 3931 834 4001 ὑμᾶς.
867 3930 978 3983 Καλ⁸
1015 3927 1176 3981 πάλιν
1219 3927 1421 3996 ἔλεγεν·
1473 3928 1616 3981 Ἀπὸ
1658 3927 1904 3994 Ἱεροσο-

315 4027 524 4094 λύμων
547 4024 634 4093 μὴ
661 4020 994 4092 χωρίζεσθε,
1019 4019 1484 4088 ἀπεκδεχόμενοι
1523 4017 1638 4087 τὴν
1657 4018 1905 4086 ἐπαγγε-

317 4121 460 4174 λία-ν
508 4117 616 4173 τοῦ
671 4119 1034 4186 Πνενύματος,
1084 4114 1165 4184 ἢν
1199 4115 1518 4182 ἠκούσατε,
1562 4114 1805 4168 τουτέστι
1843 4114 1905 4166 τὸ

319 4214 546 4284 Πνεῦμα
587 4211 648 4264 τὸ
683 4209 1056 4281 Παράκλητον,
1095 4208 1270 4278 ὃέφη·
1311 4207 1454 4261 Ἐὰν
1489 4207 1604 4275 ἐγὼ
1641 4207 1901 4270 ἀπέλθω,

315 4304 552 4370 ἐκεῖνος
581 4303 914 4365 ἐλεύσεται,
937 4300 1036 4354 καὶ
1074 4298 1398 4370 ἀναγγελεῖ
1421 4298 1564 4368 ὑμῖν
1587 4300 1660 4352 τὰ
1686 4297 1901 4351 πάντα.

317 4397 394 4452 Τὸ
416 4398 495 4462 δὲ,
543 4393 893 4463 Ἀναγ-γελεῖ
927 4392 1070 4460 ὑμῖν
1114 4392 1185 4446 τὰ
1218 4391 1432 4455 πάντα,
1479 4390 1542 4442 δι’
1570 4391 1635 4460 ἢν
1685 4387 1905 4458 ἔμελλον

320 4487 715 4553 καταξιοῦσθαι
745 4485 973 4557 δωρεὰν,
1013 4484 1283 4555 ἐνοικήσει
1330 4485 1387 4536 ὲν
1420 4483 1602 4544 αὐτοῖς
1647 4480 1708 4533 τὸ
1752 4480 1905 4546 ἆγιον

2002 3397 2203 3437 occasu
2230 3381 2662 3444 sciscitantibus,
2689 3383 2761 3434 ita
2784 3382 2900 3451 ipse
2925 3379 3204 3450 respondit
3227 3396 3238 3432 :
3265 3377 3430 3449 674
3457 3377 3577 3430 Non

2002 3484 2078 3529 est
2109 3483 2335 3530 vestrum
2375 3491 2528 3529 nosse
2563 3484 2800 3544 tempora
2833 3474 2908 3528 vel
2961 3482 3247 3534 momenta,
3279 3488 3394 3541 qua:
3418 3470 3579 3523 Pater

2001 3568 2174 3636 posuit
2205 3569 2258 3620 in
2293 3584 2393 3622 sua
2424 3577 2678 3637 potestate
2704 3585 2725 3635 ,°
2779 3567 2867 3620 sed
2902 3566 3166 3632 accipietis
3197 3566 3440 3617 virtutem
3495 3579 3580 3615 su-

2001 3661 2341 3729 perrenientis
2365 3657 2596 3727 Spiritus
2631 3660 2800 3711 sancti
2824 3659 2878 3712 in
2918 3674 3004 3711 vos
3021 3658 3059 3708 ³.
3095 3656 3245 3720 Item,
3268 3653 3578 3722 Hierosolyo

2003 3752 2125 3812 mis,
2161 3749 2357 3820 inquit,
2400 3765 2462 3803 ne
2483 3749 2755 3812 discedite,
2788 3756 3146 3816 exspectantes
3172 3745 3579 3814 promissionem

2003 3844 2244 3913 spiritus,
2279 3859 2437 3913 quam
2477 3841 2704 3894 audistis
2740 3840 2781 3906 ",
2817 3841 2920 3893 hoc
2947 3847 3030 3894 est
3057 3838 3395 3892 Paracletum
3420 3836 3573 3889 illum

2007 3934 2292 4004 Spiritum,
2328 3935 2396 3989 de
2424 3951 2535 4005 quo
2557 3934 2768 3988 dixerat
2797 3951 2809 3986 :
2850 3930 2911 3984 Si
2943 3947 3035 4000 ego
3065 3930 3242 3983 abiero
3269 3928 3359 3981 ille
3390 3928 3576 3990 veniet,

2003 4036 2052 4080 et
2092 4025 2426 4079 annuntiabit
2467 4025 2607 4078 vobis
2642 4023 2822 4077 omnia
2865 4021 2910 4076 ⁸.
2948 4021 3079 4085 Quae
3125 4019 3342 4087 quidem
3385 4015 3575 4078 verba,

2005 4113 2355 4168 Annuntiabit
2404 4114 2544 4168 vobis
2580 4113 2792 4177 omnia,
2848 4095 2912 4163 ad
2945 4110 3167 4163 cmleste
3213 4106 3415 4159 donum
3448 4103 3579 4156 illud

2005 4203 2151 4274 quod
2181 4210 2338 4258 erant
2360 4202 2630 4273 adepturi,
2654 4217 2750 4271 par
2779 4208 2862 4255 est
2889 4197 3101 4261 referri,
3141 4193 3286 4264 quod
3319 4194 3577 4247 nimirum

2009 4295 2352 4351 habitaturus
2385 4295 2437 4346 in
2477 4292 2612 4362 ipsis
2647 4298 2794 4346 esset
2823 4289 3062 4359 Spiritus
3091 4294 3340 4347 sanctus,
3372 4300 3480 4353 quo
3511 4283 3580 4338 iis

2009 4396 2191 4458 aperte
2226 4386 2480 4440 universa
2511 4383 2836 4444 declararet,
2881 4393 3002 4449 quae
3028 4378 3248 4448 quidem
3295 4390 3492 4446 capere
3527 4375 3581 4427 in

2009 4481 2111 4534 hac
2140 4479 2248 4533 vita
2280 4483 2549 4548 poterant.
2577 4473 2938 4540 Quamobrem
2968 4487 3091 4526 cum
3119 4468 3184 4522 ad
3209 4484 3331 4522 eum
3360 4467 3580 4521 modum

323 4581 570 4652 Πνεῦμα,
622 4581 768 4642 ὅπως
817 4578 887 4632 τὰ
942 4579 1118 4633 πάντα
1171 4576 1352 4638 αὐτοῖς
1410 4572 1595 4642 σαφῶς
1641 4571 1898 4641 διηγήση⁴

2011 4571 2276 4626 Paracleti
2311 4569 2546 4638 Spiritus
2563 4576 2748 4621 essent
2778 4566 2830 4619 in
2861 4565 2962 4618 hac
2987 4565 3094 4617 vita
3127 4569 3406 4631 compotes
3432 4558 3581 4620 iacti,

322 4691 433 4737 ται,
491 4673 592 4724 ὅσα
639 4670 899 4740 ήδύναντο
947 4669 1006 4722 ὲν
1070 4665 1147 4736 τῷ
1202 4664 1360 4719 αἰῶνι
1399 4663 1572 4734 τούτῳ
1631 4661 1901 4733 χωρῆσαι.

324 4761 435 4814 Καὶ
466 4753 570 4812 ὧδε
614 4759 711 4830 μὲν
762 4759 819 4810 ὲν
873 4755 952 4827 τῷ
1007 4755 1164 4808 αἰῶνι
1196 4754 1369 4824 τούτῳ
1424 4753 1794 4824 χωρήσαντες,
1843 4751 1906 4804 τὸ

325 4853 550 4923 Πνεῦμα
587 4853 647 4905 τὸ
679 4849 1036 4923 Παράκλητον
1087 4849 1518 4920 προεφήτευσαν*
1558 4847 1634 4910 ὡς
1667 4845 1905 4915 ’Ἄγαϐος

327 4948 702 5017 προεφήτευσε
739 4944 868 5016 περὶ
893 4941 1053 5014 λιμοῦ
1083 4940 1362 5012 ἐσομένουο
1395 4941 1489 4994 καὶ
1519 4941 1600 4993 ὅτι
1630 4939 1905 5010 προφῆται

326 5039 434 5092 ἀπὸ
472 5037 859 5109 Ἰεροσολύμων
881 5036 1211 5107 κατέϐησαν·
1245 5035 1340 5088 καὶ
1360 5034 1441 5087 ὅτι
1474 5028 1616 5104 ἦσαν
1637 5032 1906 5101 τέσσαρες

328 5128 626 5200 θυγατέρες
647 5127 726 5198 τῷ
752 5127 1003 5198 Φιλίππῳ
1025 5123 1482 5198 προφητεύουσαι.
1515 5123 1683 5175 Ὅταν
1703 5121 1760 5174 δὲ
1781 5136 1909 5190 προσ

331 5221 674 5292 φητεύουσιν,
703 5219 812 5272 ἁπδ
844 5218 1044 5289 μέρους
1078 5213 1504 5288 προφητεύουσι,
1533 5213 1626 5266 καὶ
1663 5211 1770 5265 ἀπὸ
1808 5211 1908 5282 μέ-

333 5330 458 5385 ρους
500 5310 849 5380 γινώσκουσι.
889 5310 963 5363 Τὸ
1015 5310 1071 5363 δὲ
1113 5308 1315 5362 τέλειον
1359 5307 1417 5359 ἐν
1459 5308 1572 5367 τοῖς
1625 5304 1908 5375 μέλλουσιν

333 5401 521 5454 αἰῶσιν
575 5401 888 5464 ἐλπίζοντες
931 5399 1303 5470 προσδοκῶσιν
1332 5398 1491 5460 ,ὅταν
1559 5395 1621 5448 τὸ
1668 5395 1906 5467 φθαρτὸν

335 5495 410 5556 εἰς
446 5493 754 5564 ἀφθαρσίαν
787 5492 1120 5562 μεταϐληθῇ,
1153 5490 1245 5544 καὶ
1277 5489 1335 5543 τὸ
1369 5487 1558 5561 θνητὸν
1603 5490 1680 5550 εἰς
1705 5487 1902 5540 ἀθανα-

411 5669 624 5725 ¹1()σ›ι·.
650 5687 766 5727 xm.
803 5671 854 5725 9.

342 5739 430 5798 28.
505 5743 524 5772 ⁷
553 5742 684 5796 ibid.
724 5741 814 5794 9.7.
886 5740 1050 5794 l“Act.
1089 5755 1204 5804 xxi,
1243 5737 1296 5792 9.
1375 5739 1394 5768 θ
1427 5735 1444 5788 1
1475 5737 1599 5792 (lor.
1633 5750 1752 5800 χιιι,
1785 5735 1838 5790 9.

2012 4661 2289 4715 vaticinati
2330 4667 2478 4713 sunt.
2522 4656 2989 4724 Quemadmodum
3039 4653 3257 4724 Agabus
3297 4662 3581 4705 venturam

2009 4753 2206 4806 famem
2234 4751 2485 4822 przedixit
2507 4750 2552 4803 ⁸.
2595 4746 2836 4816 Itemque
2867 4746 3146 4816 propheta:
3186 4739 3582 4812 Hierosolymis

2010 4845 2346 4898 advenerunt
2373 4843 2418 4897 ".
2456 4841 2548 4895 Sic
2587 4848 2640 4895 et
2672 4839 2925 4908 Philippo
2977 4846 3216 4908 quatuor
3263 4847 3420 4891 erant
3462 4834 3584 4887 tilia:

2011 4933 2366 5003 prophetissae
2397 4932 2439 4985 ⁸.
2481 4931 2749 4984 (laterum
2770 4927 2988 4998 quoties
3014 4940 3204 4980 omnes
3237 4925 3312 4978 illi
3343 4923 3578 4992 prephe-

2011 5032 2148 5087 tant,
2179 5039 2247 5078 οι
2275 5033 2430 5094 parte
2452 5022 2800 5093 prophetarit,
2825 5029 2880 5074 et
2909 5033 2978 5073 ex
3000 5029 3152 5087 parte
3171 5022 3509 5084 cognoscunt
3528 5013 3575 5066 °.

2011 5115 2167 5182 Quod
2199 5130 2330 5170 vero
2359 5113 2658 5184 perfectum
2689 5121 2775 5167 est
2805 5110 2988 5164 futuro
3019 5110 3073 5162 in
3105 5105 3305 5162 saeculo
3331 5103 3578 5156 tribuen-

2010 5208 2139 5264 dum
2172 5223 2267 5278 spe
2291 5215 2346 5263 et
2397 5203 2804 5275 exspectatione
2832 5201 3172 5272 praecipiunt,
3204 5194 3420 5266 quando
3455 5208 3580 5248 cor-

2011 5298 2269 5369 ruptibile
2305 5299 2360 5351 in
2393 5295 2885 5365 incorruptionem,
2910 5288 3142 5345 mortale
3171 5286 3226 5339 in
3254 5283 3578 5338 immortali-

2009 5400 2174 5446 tatem
2205 5395 2597 5444 commutatum
2629 5385 2873 5446 fuerit”,
2896 5396 3017 5436 cum
3049 5385 3102 5434 et
3137 5377 3273 5431 facie
3294 5375 3359 5428 ad
3385 5376 3579 5430 faciem

2015 5482 2345 5537 intuebimur
2364 5481 2428 5536 “.
2454 5479 2609 5534 Nunc
2630 5478 2773 5533 enim
2798 5489 2886 5528 res
2931 5475 3128 5524 nostra:
3157 5481 3253 5539 per
3290 5465 3578 5535 :enigmata

957 5671 976 5700 ³
1005 5667 1046 5722 11
1083 5667 1278 5722 Thess.
1317 5681 1375 5731 ιι,
1403 5665 1457 5718 2.
1484 5666 1536 5718 5.
1617 5667 1636 5695 ³
1670 5665 1787 5717 Act.
1819 5663 1898 5722 Li

1999 5721 2001 5726 _
2072 5669 2112 5698 ’³
2141 5663 2270 5716 Ibid.
2307 5662 2361 5716 4.
2437 5659 2458 5689 ⁵
2491 5655 2647 5731 Joan.
2672 5669 2799 5731 _xvn,
2831 5651 2900 5712 8;
2955 5646 3084 5731 ibid.
3125 5647 3205 5705 Η.
3283 5648 3302 5678 ⁶
3326 5649 3441 5700 Act.
3479 5654 3575 5709 at,

1976 5721 2020 5764 ³³
2047 5732 2067 5786 ι
2092 5735 2218 5790 Cor.
2253 5749 2337 5797 vv,
2363 5731 2449 5785 53.
2529 5730 2567 5758 ¹¹
2610 5726 2776 5781 1001³.
2811 5734 2927 5789 XIII,
2961 5723 3045 5777 1'2-
