4008 6240
451 291 546 345 Hi

1853 277 1912 337 5.
1951 275 2288 334 EPIPII.\NI|

3593 255 3696 312 1-28

443 429 556 470 non
599 411 804 480 origine
853 406 1296 478 productioneve,
1339 403 1433 459 sed
1477 399 1737 472 operibus
1799 397 2012 466 abjudi-

2136 393 2234 464 ιύχὶ
2283 391 2368 445 διὰ
2401 390 2492 444 τοῦ
2539 383 2916 458 πλάσματοςῆ
2958 381 3046 436 διὰ
3081 381 3180 450 τῆς
3233 373 3694 480 ποιήσεωςίηδη

445 515 662 561 ccntur.
701 501 772 556 De
801 515 908 572 qua
943 515 1002 554 re
1035 514 1132 552 nos
1164 505 1319 550 antea
1347 494 1766 564 disputavimus.
1805 488 2020 543 Fierine

450 600 634 666 itaque
662 603 860 664 potest,
895 595 967 646 uti
1001 606 1128 661 pars
1159 590 1344 658 aliqua
1371 588 1439 641 ab
1467 587 1656 640 codem
1692 593 1814 638 satu
1845 583 2020 636 aliena

451 683 611 736 modo
664 682 734 736 sit
768 695 833 735 ac
859 679 1059 734 diaboli
1093 678 1330 747 propria,
1367 675 1529 729 modo
1560 675 1669 729 Deo
1700 669 2022 727 tribuenda?

449 774 554 828 Sed
596 773 852 836 nimirum
897 769 1203 825 incessendi
1253 783 1316 822 ac
1365 764 1797 837 reprehendendi
1854 777 2019 819 causa

449 867 552 922 ista
575 865 856 919 dicuntur.
893 861 1027 916 Nam
1055 863 1142 916 cui
1183 877 1242 916 sc
1280 861 1514 932 quisque
1562 857 1816 928 subjicit,
1861 856 2023 924 hujus

447 969 503 1011 et
537 957 754 1010 actione
777 963 829 1009 et
855 953 1144 1023 disciplina
1175 953 1317 1008 filius
1343 959 1449 1016 est,
1479 959 1536 1005 ut
1562 967 1629 1006 ex
1660 949 1812 1004 Pauli
1843 947 2024 1004 verbis

450 1056 680 1119 apparet
706 1066 718 1100 :
755 1046 896 1100 Nam
927 1047 1046 1099 licet
1077 1045 1272 1099 multos
1311 1055 1652 1114 prmceptores
1675 1041 1936 1104 habeatis,
1968 1049 2024 1094 at

449 1155 551 1191 non
600 1136 789 1189 multos
819 1125 1016 1204 patres.
1049 1133 1192 1187 Nam
1219 1135 1271 1188 in
1303 1133 1513 1188 Christo
1553 1131 1681 1186 Jesu
1709 1149 1800 1200 per
1844 1130 2026 1185 Evan-

449 1227 641 1297 gelium
671 1243 760 1296 ego
795 1243 877 1280 vos
909 1227 1072 1294 'genui
1099 1225 1136 1278 ί.
1173 1223 1274 1278 Ubi
1307 1223 1374 1278 ad
1404 1223 1730 1288 doctrinam,
1766 1231 1824 1274 ut
1851 1219 2026 1284 vides,

451 1320 554 1374 ista
597 1317 880 1372 transfert.
943 1315 1011 1370 Et
1067 1315 1286 1387 quidem
1339 1315 1386 1370 si
1442 1313 1811 1368 Abrahamum
1857 1311 2026 1366 Mani-

453 1409 640 1462 chacus
687 1408 1023 1471 admitteret,
1075 1407 1222 1460 hunc
1264 1405 1441 1475 ipsum
1468 1403 1536 1457 ad
1570 1404 1743 1458 lucem
1779 1409 2029 1472 spectare

451 1501 798 1566 diceremus,
841 1499 1045 1555 liberos
1095 1513 1226 1554 vero
1281 1497 1351 1551 ab
1412 1511 1478 1551 eo
1537 1496 1831 1566 productos
1875 1494 2028 1549 alteri

453 1593 838 1647 tribueremus.
889 1589 1374 1645 Verumcnimvero
1409 1589 1484 1641 ita
1542 1602 1663 1642 sese
1708 1601 1799 1641 res
1829 1586 2030 1641 habet:

455 1683 816 1737 imitabantur
862 1679 1192 1736 homicidam
1238 1677 1414 1743 Iudas,
1463 1677 1826 1748 proditionem
1853 1677 2031 1730 imita-

2119 462 2308 537 δὲηκαὶ
2359 483 2470 536 ἄνω
2509 476 2888 550 διηγησάμεθα
2920 473 3048 545 περὶ
3085 471 3294 524 τούτου.
3343 467 3466 531 Πῶς
3495 462 3589 520 οὖν
3633 463 3700 518 τὸ

2126 578 2290 648 μέρος
2331 575 2424 628 τοῦ
2474 571 2637 626 αὐτοῦ
2688 570 3002 642 σπέρματος
3036 567 3187 618 ἔσται
3225 561 3354 615 ποτὲ
3401 560 3497 630 μὲν
3537 559 3698 612 ἀλλό-

2117 687 2266 742 τριον
2292 669 2384 722 καὶ
2415 667 2510 720 τοῦ
2544 664 2815 728 διαϐόλου,
2873 661 3004 714 ποτὲ
3031 659 3088 712 δὲ
3113 657 3289 742 μέρος
3331 652 3500 718 Θεοῦ;
3537 651 3702 742 Ἀλλά

2120 740 2277 810 τοῦτο
2329 753 2748 826 ἑγκληματικῶς
2794 751 3080 822 διηγεῖται.
3107 741 3178 817 ᾯ
3229 744 3339 815 γάρ
3375 760 3460 804 τις
3506 740 3702 794 ἑαυτὸν

2121 844 2438 910 ὐποτάσσει,
2499 843 2688 896 τούτου
2746 839 2930 902 δοῦλος
2957 839 3002 869 ¹¹
3045 836 3347 905 τυγχάνει,
3401 829 3542 885 κατὰ
3599 831 3704 898 τὴν

2121 937 2402 1008 ὲνέργειάν
2453 952 2512 988 τε
2575 933 2670 987 καὶ
2734 929 3104 989 διδασκαλίαν,
3152 928 3228 988 ὼς
3281 925 3372 976 καὶ
3413 924 3440 974 ὁ
3488 919 3704 981 Παῦλός

2124 1047 2285 1100 φησι·
2317 1031 2386 1083 El
2431 1028 2540 1098 γὰρ
2588 1023 2685 1079 καὶ
2735 1021 3005 1087 πολλοὺς
3049 1015 3460 1080 διδασκάλους
3509 1013 3701 1080 ἔχετε,

2124 1121 2260 1174 ἀλλ’
2297 1121 2370 1174 οὐ
2411 1115 2684 1181 πολλοὺς
2723 1112 3004 1179 πατέρας.
3042 1111 3146 1162 Ἐν
3173 1106 3285 1176 γὰρ
3329 1101 3560 1173 Χριστῷ
3600 1103 3707 1166 ἰη-

2125 1213 2242 1266 σοῦ
2283 1209 2381 1264 διὰ
2426 1209 2534 1263 τοῦ
2586 1205 2956 1275 Εὐαγγελίου
3009 1202 3123 1271 ἐγὼ
3171 1197 3328 1269 ὑμᾶς
3377 1197 3704 1266 ἐγέννησα.

2125 1305 2237 1357 Kal.
2263 1303 2414 1374 ὁρᾷς,
2440 1303 2520 1354 ὅτι
2569 1299 2667 1369 τὴν
2701 1295 3049 1351 διδασκαλίαν
3093 1293 3272 1360 λέγει;
3305 1289 3416 1342 Καὶ
3447 1290 3496 1340 εί
3546 1288 3646 1357 μὲν
3677 1286 3710 1339 δ

2127 1395 2321 1465 Μάνης
2364 1393 2575 1463 ἐδέχετο
2620 1389 2713 1444 τὸν
2746 1388 3025 1460 Ἁϐραάμ,
3060 1384 3318 1454 ἐλέγομεν
3365 1382 3432 1435 ἂν
3463 1379 3554 1432 τὸν
3605 1377 3710 1448 μὲν

2141 1485 2391 1556 Ἀϐραὰμ
2437 1481 2531 1536 τοῦ
2579 1479 2714 1534 Θεοῦ
2747 1479 2842 1533 τοῦ
2900 1477 3111 1548 φωτὸς,
3157 1475 3288 1536 τοὺς
3328 1473 3384 1525 δὲ
3419 1472 3511 1524 ὑπ’
3541 1467 3708 1524 αὐτοῦ

2129 1575 2564 1646 γεγεννημένους
2592 1573 2752 1626 ἄλλου
2771 1589 2784 1601 ·
2815 1572 2849 1641 ἡ
2883 1569 2940 1623 δὲ
2973 1567 3230 1630 ὑπόθεσις
3255 1565 3442 1618 τοῦτον
3472 1562 3583 1633 ἔχει
3615 1561 3712 1613 τὸν

2131 1668 2358 1740 τρόπον·
2407 1663 2704 1737 ἐμιμοῦντο
2742 1662 2833 1715 τὸν
2893 1659 3080 1731 φονέα,
3121 1655 3419 1728 ἐμιμοῦντο
3462 1655 3560 1724 τὴν
3602 1669 3710 1706 πα-

455 1775 686 1840 bantur,
717 1775 946 1843 ejusque
972 1771 1302 1825 calumniam
1331 1786 1392 1824 ac
1417 1769 1744 1825 delationem
1774 1767 2032 1824 secundis

2136 1760 2350 1832 ράδοσιν
2395 1757 2490 1811 τοῦ
2527 1755 2726 1818 Ἰούδα,
2773 1753 3128 1818 κατεδέξαντο
3173 1749 3272 1820 τὴν
3318 1747 3570 1816 διαϐολὴν
3611 1745 3711 1798 τοῦ

455 1865 681 1918 auribus
724 1870 1082 1933 acceperant;
1109 1861 1274 1931 hujus
1306 1861 1362 1914 in
1389 1859 1558 1915 divini
1587 1860 1825 1916 numinis
1864 1861 2032 1914 abne-

455 1951 672 2022 gatione
723 1951 817 2004 ﬁlii
869 1952 1218 2006 exstiterunt.
1289 1949 1382 2004 Ille
1420 1951 1566 2004 enim
1619 1949 1848 2004 mendax
1889 1957 2028 2014 erat,

455 2059 579 2096 cum
619 2052 673 2096 et
715 2043 923 2097 loculos
953 2042 1198 2106 haberet,
1232 2051 1286 2096 et
1321 2041 1526 2094 furtum
1558 2042 1942 2104 committeret,
1977 2049 2032 2096 et

456 2129 732 2186 Christum
787 2132 860 2185 ita
910 2131 1172 2185 salutaret
1221 2149 1233 2184 :
1277 2131 1402 2194 Are,
1472 2129 1694 2184 Rabbi'.
1746 2130 1917 2196 Quam
1963 2131 2032 2185 ob

455 2234 679 2273 causam
703 2219 805 2273 hac
832 2218 1043 2273 Domini
1075 2235 1208 2274 voce
1236 2219 1655 2288 reprehenditur
1685 2239 1697 2274 :
1732 2219 1932 2285 Amice,
1961 2219 2030 2274 ad

455 2311 580 2381 quid
609 2310 828 2363 venisti'
849 2311 871 2362 i
893 2309 1064 2365 Judas
1090 2325 1217 2365 vero
1261 2310 1490 2364 Cainum
1519 2309 1761 2364 imitatus
1795 2316 1901 2374 est,
1941 2308 2032 2378 qui

453 2409 510 2452 ct
541 2398 812 2467 parricida
862 2397 984 2464 fuit,
1019 2407 1074 2453 et
1125 2413 1310 2452 coram
1359 2397 1588 2450 Domino
1635 2398 1894 2450 mentitus
1925 2405 2029 2453 est.

457 2489 601 2542 Nam
657 2498 865 2554 custos,
915 2489 1114 2559 inquit,
1164 2490 1352 2557 fratris
1391 2489 1489 2541 mei
1525 2491 1690 2542 sum?
1739 2489 1910 2541 nescio
1944 2488 2034 2540 ubi

456 2584 525 2634 sit
555 2582 597 2634 ’⁸.
661 2581 918 2649 Ejusdem
973 2588 1028 2634 et
1086 2579 1328 2635 Adamus
1373 2581 1678 2634 inuitatione
1719 2579 1861 2634 filius
1908 2581 2032 2644 l'uit,

455 2671 586 2724 dum
643 2671 958 2724 mendacem
1011 2670 1156 2723 illam
1213 2683 1401 2724 vocem
1453 2671 1724 2738 sequitur,
1774 2685 1896 2738 quae
1937 2685 2034 2739 per

455 2769 762 2828 serpentem
805 2759 879 2812 ita
919 2760 1243 2828 loquebatur
1275 2777 1288 2813 :
1323 2757 1490 2812 Erilis
1519 2760 1656 2812 sicut
1689 2759 1770 2812 dii
1808 2761 2028 2815 scientes

455 2852 650 2905 bonum
697 2863 746 2904 et
783 2850 1044 2904 malum'.
1103 2851 1275 2920 Atque
1325 2851 1427 2904 hoc
1466 2851 1640 2918 ipsum
1674 2861 1778 2915 est,
1807 2851 2032 2920 quodin

459 2943 754 3013 Evangelia
782 2959 812 2995 a
837 2941 1122 2998 Salvatore
1175 2943 1378 2997 dicitur
1418 2941 1550 2996 ενοι
1595 2943 1720 2996 estis
1771 2943 1874 3012 ﬁlii
1913 2943 2035 2997 dia-

458 3034 565 3088 boli
597 3035 636 3087 “.
711 3033 802 3088 Sic
853 3034 999 3088 enim
1056 3035 1346 3105 loquitur:
1383 3034 1572 3090 Nonne
1620 3037 1895 3091 duodecim
1945 3054 2032 3092 vos
2063 3074 2109 3137 ϐ

456 3127 632 3194 elegi?
675 3135 722 3179 et
759 3143 891 3180 unus
925 3142 990 3180 ea:
1035 3127 1176 3181 vobis
1216 3137 1294 3182 est
1327 3127 1633 3184 diabolus".
1668 3129 1935 3196 Quoniam
1971 3130 2035 3182 ab

459 3217 613 3268 initio
643 3217 871 3269 mendax
902 3229 980 3271 est
1010 3227 1058 3270 et
1103 3217 1389 3284 homicida,
1422 3219 1544 3288 quia
1575 3231 1724 3288 pater
1759 3221 1871 3287 ejus
1897 3235 2040 3272 men-

459 3305 568 3358 dax
597 3316 710 3359 erat
740 3306 782 3360 ⁸.
811 3305 930 3371 Qua
975 3309 1185 3362 ratione
1225 3307 1505 3362 Manichaai
1536 3310 1762 3378 quaestio
1789 3310 2040 3364 dissolvi-

463 3404 586 3460 tur;
643 3409 751 3448 non
799 3395 945 3448 enim
994 3394 1198 3448 diaboli
1237 3395 1456 3464 proprie
1499 3394 1593 3450 filii
1637 3405 1796 3449 erant
1846 3393 2036 3449 Judaei.

465 3487 618 3540 Absit
669 3493 727 3538 ut
774 3485 825 3538 id
864 3501 988 3540 esse
1035 3485 1342 3552 credamus.
1390 3484 1600 3556 Quippe
1643 3502 1765 3542 cum
1803 3485 2041 3540 Samari-

463 3587 589 3628 tana
636 3577 833 3630 mulier
865 3577 1088 3631 Christo
1134 3575 1367 3634 Domino
1413 3577 1642 3633 dixisset
1675 3597 1687 3634 :
1721 3579 1825 3634 Hic
1859 3581 1914 3634 in
1937 3583 2040 3636 isto

467 3675 642 3719 monte
666 3665 1024 3721 adorarerunt
1052 3676 1230 3735 patres
1263 3669 1464 3732 nostri;
1503 3686 1592 3723 vos
1643 3679 1816 3724 autem
1863 3671 2039 3727 dicitis

470 3758 852 3830 Hierosolymis
888 3777 998 3814 esse
1041 3760 1236 3826 locum,
1273 3760 1362 3814 ubi
1397 3771 1599 3830 oportet
1625 3762 1884 3828 adorare;
1917 3774 2040 3835 post

465 3852 632 3906 multa
695 3851 945 3906 Salvator
1004 3853 1110 3908 ista
1159 3853 1425 3923 subjecit:
1461 3855 1593 3922 ρυω
1631 3857 1828 3932 scimus
1870 3859 2041 3928 loqui-

466 3959 603 4004 mur,
649 3943 774 4010 quia
820 3942 965 3996 salus
1003 3959 1066 3996 ea:
1101 3942 1306 3999 Iudaeis
1339 3948 1490 4002 est’.
1543 3946 1642 4001 Cui
1688 3958 1742 4003 et
1793 3949 2026 4018 Aposto-

463 4034 549 4087 las
572 4034 845 4089 consentit
875 4035 958 4089 his
988 4035 1168 4090 verbis
1197 4053 1211 4089 :
1255 4035 1519 4103 Quoniam
1540 4054 1605 4092 ea:
1622 4037 1766 4092 Juda
1792 4049 1940 4092 ortus
1961 4049 2038 4093 est

469 4123 725 4178 Dominus
753 4125 818 4178 ¹⁰.
860 4123 967 4180 Sed
999 4126 1158 4196 plura
1206 4125 1273 4180 ad
1313 4143 1434 4181 eam
1475 4144 1588 4183 rem
1623 4130 1886 4199 disputari
1911 4143 2042 4199 pos-

465 4221 618 4278 sunt,
651 4213 851 4282 quibus
873 4213 1010 4270 falsa
1038 4215 1190 4270 illius
1227 4217 1412 4286 Opinio
1441 4217 1738 4272 refellatur.

534 4305 702 4374 678
718 4301 896 4359 LXIV.
916 4305 984 4358 At
1002 4307 1146 4360 enim
1173 4307 1543 4374 evangelicum
1573 4307 1704 4361 illud
1725 4309 1932 4362 dictum
1960 4323 2043 4362 ar-

2133 1851 2422 1922 προδότου·
2461 1849 2568 1903 υἱοὶ
2612 1847 2866 1917 γεγόνασι
2913 1847 3012 1917 τῆς
3045 1843 3206 1897 αὑτοῦ
3263 1840 3710 1913 ὲπαρνησιοεῒας.

2131 1943 2301 2005 Αὐτὸς
2339 1941 2580 2010 ψεύστης
2629 1938 2860 2007 ἐγένετο,
2888 1937 2948 1990 τὸ
2985 1935 3372 2005 γλωσσόκομον
3437 1931 3711 2001 κατέχων,

2131 2035 2228 2086 καὶ
2265 2031 2534 2091 κλέπτων,
2570 2030 2663 2083 καλ⁵
2690 2030 2862 2096 λέγων
2891 2025 3037 2096 αὐτῷ
3057 2039 3070 2052 ·
3103 2023 3298 2092 Χαῖρε,
3339 2022 3556 2076 Ῥαόϐι.
3600 2021 3716 2073 Kal

2132 2123 2483 2194 ἐλεγχόμενος
2535 2121 2630 2174 καὶ
2688 2119 2934 2174 ἁκούων·
2975 2116 3235 2185 Ἑταῖρε,
3285 2115 3378 2183 ἐφ’
3411 2107 3458 2180 ᾧ
3496 2111 3670 2181 πάρει
3695 2155 3714 2177 ,

2130 2213 2282 2280 οὗτος
2314 2217 2342 2269 ὁ
2376 2214 2575 2278 Ἰούδας
2606 2213 2917 2284 ἐμιμήσατο
2955 2211 3046 2264 τὸν
3079 2209 3240 2270 Κάῖν,
3287 2206 3474 2276 ἐπειδὴ
3503 2204 3719 2276 ἅνθρω-

2133 2311 2392 2370 ποκτόνος
2435 2307 2674 2374 ἐγένετο,
2709 2303 3038 2374 ψευδόμενος
3083 2301 3320 2354 ἐναντίον
3361 2298 3453 2350 τοῦ
3481 2295 3714 2367 Κυρίου,

2133 2401 2227 2456 καὶ
2268 2401 2477 2468 λέγων·
2527 2396 2623 2465 Μὴ
2675 2395 2880 2465 φύλαξ
2926 2393 3041 2461 εἰμί
3094 2391 3202 2445 τοῦ
3250 2388 3518 2458 ἀδελφοῦ
3565 2402 3718 2458 μους

2132 2494 2242 2546 οὐκ
2273 2487 2406 2544 οῖδα
2453 2487 2570 2541 ποῦ
2608 2485 2764 2539 ἐστι.
2793 2485 2903 2537 Kal.
2938 2483 3099 2545 αὐτὸς
3132 2481 3273 2535 κατὰ
3322 2479 3554 2551 μίμησιν
3601 2477 3720 2540 uti};

2132 2581 2446 2652 γεγένηται,
2479 2579 2574 2632 καὶ
2605 2577 3028 2646 καταθεωρήσας
3057 2574 3156 2644 τῆς
3189 2575 3246 2626 ὲν
3274 2572 3351 2642 τῷ
3386 2571 3508 2640 ὄφει
3550 2568 3719 2639 λαλη-

2135 2674 2304 2742 σάσης
2357 2669 2686 2740 ψευδηγόρου
2744 2667 2928 2737 φωνῆς
2976 2667 3076 2735 τῆς
3119 2663 3418 2734 λεγούσης’
3463 2663 3724 2715 Ἕσεσθε

2131 2765 2212 2828 ὡς
2241 2762 2380 2828 θεοὶ,
2414 2760 2810 2832 γινώσκοντες
2852 2756 3044 2811 καλὸν
3078 2755 3176 2809 καὶ
3233 2753 3532 2822 πονηρόν-⁸
3563 2769 3721 2806 τουτ-

2133 2853 2248 2906 έστι
2276 2851 2338 2905 τὸ
2378 2853 2435 2904 ἐν
2476 2851 2554 2921 τῷ
2585 2849 2900 2918 Εὐαγγελίῳ
2943 2846 3094 2919 παρὰ
3131 2845 3226 2899 τοῦ
3265 2847 3516 2914 Σωτῆρος
3562 2846 3721 2916 εἰρη-

2138 2947 2320 3018 μένον·
2366 2944 2546 3013 Ὑμεῖς
2579 2944 2696 2998 υἱοί
2726 2943 2866 2996 ἐστε
2892 2940 3000 2996 τοῦ
3028 2941 3332 2994 διαϐόλου.
3358 2939 3522 3007 Λέγει
3553 2939 3662 3010 γάρ
3699 2955 3716 2970 ·

2143 3038 2288 3106 Οὐχὶ
2341 3034 2569 3089 δώδεκα
2623 3033 2781 3104 ὑμᾶς
2820 3031 3230 3100 ὲξελεξάμην;
3282 3025 3371 3096 εἷς
3424 3029 3493 3094 ἐξ
3549 3027 3724 3098 ὑμῶν

2137 3129 2268 3183 ἐστι
2303 3127 2599 3191 διάϐολος.
2640 3123 2874 3191 Ἐπειδὴ
2925 3121 3204 3191 ἀπαρχῆς
3250 3121 3530 3198 ψεύστης,
3563 3121 3720 3184 ἐστὶ,

2139 3221 2238 3276 καὶ
2270 3221 2762 3289 ἀνθρωποκτόνος
2783 3230 2798 3245 ·
2833 3216 2923 3270 ὅτι
2953 3217 2984 3268 ό
3013 3215 3208 3281 πατὴρ
3247 3213 3430 3267 αὑτοῦ
3448 3213 3722 3281 ψεύστης

2115 3309 2234 3383 ·ἦν.
2268 3312 2379 3366 Καὶ
2411 3311 2626 3364 λέλυται
2655 3311 2690 3380 ὴ
2719 3307 2911 3362 τούτου
2947 3305 3195 3379 ζήτησις.
3226 3305 3302 3361 Οὐ
3337 3305 3444 3376 γάρ
3483 3303 3578 3356 τοῦ
3610 3303 3724 3356 δια-

2141 3402 2294 3456 ϐόλου
2345 3397 2486 3470 ἦσαν
2530 3399 2696 3454 τέκνα
2746 3397 2796 3449 οἱ
2836 3397 3104 3450 Ἰουδαῖον
3139 3395 3215 3467 μὴ
3270 3393 3510 3463 γένοιτοι
3555 3393 3723 3461 Λέγει

2140 3495 2250 3566 γάρ
2295 3496 2328 3567 ἡ
2382 3493 2714 3564 Σαμαρεῖτις
2761 3490 2898 3560 πρὸς
2942 3487 3036 3541 τὸν
3083 3488 3334 3557 Σωτῆρα,
3367 3486 3449 3538 δτι
3477 3479 3618 3538 ’Ὧδε
3653 3485 3724 3538 ἐν

2140 3583 2219 3649 τῷ
2251 3583 2372 3651 ὄρει
2401 3584 2591 3647 τούτῳ
2631 3578 3106 3647 προσεκύνησαν
3139 3579 3194 3629 ol
3229 3575 3486 3644 πατέρες
3519 3572 3720 3643 ἠμῶνο

2140 3674 2240 3728 καὶ
2268 3673 2436 3742 ὑμεῖς
2475 3671 2543 3724 δὲ
2573 3671 2808 3740 λέγετε,
2853 3668 2943 3722 ὅτι
2975 3668 3046 3722 ἐν
3076 3667 3511 3736 Ἱεροσολύμοις
3549 3665 3722 3718 ἐστιν

2140 3769 2173 3820 ὀ
2200 3767 2400 3830 τόπος,
2435 3763 2588 3816 ὅπου
2619 3761 2716 3815 δεῖ
2745 3761 3136 3829 προσκυνεῖν.
3181 3754 3315 3813 Εἶτα
3365 3758 3502 3830 μετὰ
3549 3758 3722 3812 πολλὰ

2140 3857 2170 3908 ό
2197 3855 2388 3924 Σωτὴρ
2432 3853 2568 3923 αὐτῇ
2618 3851 2744 3923 ἔφη,
2786 3853 2868 3904 ὅτι
2903 3853 2963 3906 Ἃ
2993 3851 3242 3920 οἴδαμεν
3273 3849 3602 3920 λαλοῦμεν,
3633 3849 3723 3904 ὅτι

2139 3947 2180 4014 ή
2212 3945 2474 4012 σωτηρία
2511 3945 2580 3996 ἐκ
2624 3942 2744 3997 τῶν
2777 3943 3074 3998 Ἰουδαίων
3123 3943 3283 3997 ἐστι.
3331 3942 3443 3995 Kal.
3489 3941 3652 3996 πάλιν
3693 3944 3722 3995 ὁ

2153 4034 2496 4097 Ἀπόστολοςο
2534 4031 2750 4102 Δῆλον,
2779 4033 2871 4088 ὅτι
2908 4033 2978 4098 ἐξ
3025 4033 3213 4088 Ἰούδα
3246 4031 3658 4088 ἀνατέταλκεν
3689 4033 3722 4084 ὁ

2139 4127 2374 4194 Κύριος.
2421 4124 2530 4177 Kal.
2583 4123 2752 4176 πολλά
2798 4122 2915 4176 ἔστι
2965 4123 3095 4194 περὶ
3144 4121 3339 4175 τούτου
3375 4119 3578 4188 λέγειν,
3627 4119 3722 4173 καὶ

2141 4218 2382 4286 ἐλέγχειν
2411 4217 2510 4287 τὴν
2539 4215 2748 4285 πλάνην
2777 4215 2994 4270 τούτου.

2211 4307 2322 4362 ΞΝ.
2350 4307 2517 4361 Πάλιν
2545 4308 2602 4361 δὲ
2636 4306 3064 4378 ἐπιλαμϐάνεται
3095 4307 3196 4378 τῆς
3239 4305 3438 4373 λέξεως
3486 4305 3716 4377 ταύτης,

466 4394 621 4459 ripit:
645 4393 708 4445 Et
728 4395 819 4446 luas
832 4396 883 4447 in
903 4397 1126 4451 tenebris
1151 4399 1307 4462 lucet,
1329 4406 1380 4450 et
1407 4397 1626 4453 tenebrae
1648 4415 1762 4452 eam
1780 4415 1883 4452 non
1900 4415 2035 4451 com-

2144 4402 2226 4455 δτι
2261 4400 2331 4454 Τὸ
2369 4399 2494 4470 φῶς
2537 4400 2607 4452 ὲν
2650 4399 2726 4468 τῇ
2770 4400 2986 4467 σκοτίᾳ
3023 4400 3250 4469 φαίνει,
3287 4399 3384 4452 καί
3431 4397 3469 4464 ἡ
3509 4399 3724 4452 σκοτία

465 4484 848 4551 prehenderunt
875 4487 941 4539 η.
965 4484 1230 4541 Tenebras
1269 4488 1435 4553 enim,
1482 4489 1678 4558 inquit,
1711 4489 1888 4542 lucem
1923 4503 2043 4557 per-

468 4584 671 4631 secutae
711 4585 859 4640 sunt,
894 4575 1038 4648 quod
1073 4578 1199 4632 mali
1229 4579 1504 4650 principes
1542 4579 1880 4634 divinitatem
1915 4588 2043 4634 sunt

470 4665 749 4721 hostiliter
807 4667 1066 4722 insecuti.
1113 4669 1279 4739 Atqui
1315 4671 1361 4723 si
1403 4671 1493 4723 lux
1535 4683 1566 4722 a
1613 4669 1857 4724 tenebris
1897 4669 2042 4724 bello

471 4757 712 4828 appetita
741 4757 1064 4813 invadentes
1083 4759 1244 4829 fugit,
1276 4759 1533 4814 fortiores
1559 4768 1723 4813 erunt
1747 4763 1866 4816 luce
1890 4768 2042 4817 tene-

473 4849 603 4912 brae,
636 4863 761 4902 cum
788 4848 968 4903 abhis
1001 4850 1096 4902 illa
1121 4859 1381 4920 tanquam
1422 4852 1815 4909 valentioribus
1859 4853 2041 4924 fugata

470 4951 618 4996 stare
644 4950 835 4994 contra
859 4948 912 4994 et
951 4955 1216 5010 apparere
1245 4957 1352 4995 non
1381 4941 1598 4997 audeat.
1632 4941 1832 4998 Verum
1883 4947 2043 5016 longe

469 5047 531 5087 se
557 5033 713 5085 aliter
743 5047 831 5086 res
865 5032 1048 5086 habet.
1077 5033 1262 5102 Neque
1294 5035 1438 5088 enim
1477 5035 1568 5088 lux
1603 5037 1851 5092 tenebras
1883 5037 2039 5111 fugit,

471 5124 566 5178 sed
603 5124 740 5177 lucet
775 5125 830 5177 in
863 5124 1106 5188 tenebris,
1155 5134 1204 5178 et
1246 5125 1467 5180 tenebrae
1507 5143 1622 5181 eam
1660 5145 1761 5182 non
1805 5148 2042 5202 compre-

471 5215 779 5269 heiulerunt.
809 5216 966 5282 Quod
1002 5217 1048 5271 si
1091 5217 1163 5270 ita
1227 5225 1331 5280 est,
1376 5218 1535 5283 longe
1567 5221 1669 5276 hoc
1697 5237 1726 5274 a
1759 5221 2042 5280 Manichaei

471 5308 746 5361 sententia
796 5307 1050 5372 dissidet,
1095 5307 1186 5378 qui
1231 5322 1340 5362 non
1376 5309 1538 5364 modo
1565 5313 2044 5383 comprehendisse

545 5535 562 5566 ¹
596 5535 612 5587 l
652 5535 779 5591 Cor.
819 5553 893 5600 IV,
930 5539 1015 5592 l5.
1163 5539 1182 5568 ²
1221 5537 1408 5592 Matth.
1456 5556 1602 5602 ιιινι,
1639 5541 1725 5596 «l9.

525 5607 592 5674 i-._
673 5607 693 5636 ⁷
747 5605 902 5661 Joan.
957 5624 1044 5674 νι,
1086 5609 1170 5664 70.
1285 5611 1304 5640 ³
1337 5607 1493 5664 Joan.
1553 5628 1686 5674 νιιι,
1739 5613 1824 5668 Η.

477 5625 536 5657 41

476 5676 522 5710 ⁸³
552 5672 612 5729 F.
653 5676 785 5739 υἱός.

1837 5544 1857 5574 ³
1895 5545 2023 5598 ibid.
2063 5545 2150 5599 50.

1938 5617 1958 5646 θ
2016 5615 2172 5668 Joalt.
2237 5631 2326 5680 Vl,

2146 4493 2294 4548 αὐτὸ
2331 4493 2402 4545 οὐ
2435 4491 2782 4546 κατέλαϐεν.
2809 4493 2965 4556 Ὅτι,
3015 4491 3200 4562 φησὶν,
3241 4489 3429 4544 ἐδίωκε
3461 4490 3522 4544 τὸ
3574 4491 3720 4560 φῶς,

2147 4585 2221 4647 ὡς
2273 4584 2382 4638 τῶν
2420 4583 2671 4656 πονηρῶν
2738 4585 3013 4656 ἀρχόντων
3055 4583 3356 4638 διωκόντων
3422 4585 3516 4638 καὶ
3561 4584 3722 4638 πολε·-

2151 4676 2392 4748 μοὺντων
2435 4676 2530 4748 τὴν
2563 4676 2811 4748 θεότητα.
2847 4678 2910 4730 Εἰ
2957 4677 3014 4730 δὲ
3060 4676 3460 4746 πολεμούμενον
3501 4675 3562 4729 τὸ
3609 4677 3722 4746 φῶς

2147 4766 2402 4821 διώκεται
2437 4767 2542 4820 ὑπὸ
2585 4767 2679 4820 τοῦ
2732 4766 2986 4830 σκότους,
3033 4765 3143 4836 ἄρα
3195 4763 3562 4836 δυνατώτερόν
3607 4767 3722 4819 ἐστι

2146 4859 2242 4913 τοῦ
2294 4859 2471 4928 φωτὸς
2519 4860 2579 4912 τὸ
2631 4858 2854 4921 σκότος·
2922 4856 3108 4926 ἐπειδὴ
3165 4855 3550 4926 ἀποδιδράσκει
3615 4856 3724 4910 ἀπὸ

2147 4949 2436 5022 προσώπου
2469 4949 2562 5003 τοῦ
2607 4949 2827 5013 σκότους
2849 4989 2862 5012 ,
2905 4948 2998 5001 καὶ
3047 4947 3144 5018 οὐχ
3199 4948 3487 5017 ὑφίσταται
3531 4947 3722 5020 στῆναι

2151 5041 2520 5113 ἰνδαλλόμενον
2562 5040 2650 5094 διὰ
2677 5041 2738 5094 τὸ
2781 5039 3149 5110 δυνατώτερον
3191 5039 3398 5102 σκότος.
3451 5039 3589 5092 Ἀλλ’
3624 5040 3724 5110 οὐχ

2145 5133 2318 5198 οῦτως
2350 5133 2483 5204 ἔχει.
2531 5133 2666 5187 Οὐδὲ
2697 5131 2806 5202 γὰρ
2836 5131 2898 5184 τὸ
2927 5129 3043 5198 φῶς
3091 5131 3282 5201 φεύγει
3330 5129 3724 5202 ἀπέμπροσθει

2145 5227 2238 5281 τοῦ
2284 5227 2534 5288 σκότους,
2570 5223 2730 5278 ἀλλὰ
2762 5221 2828 5276 τὸ
2861 5221 2987 5292 φῶς
3027 5223 3096 5276 ἐν
3128 5221 3204 5291 τῇ
3243 5223 3457 5288 σκοτίᾳ
3490 5223 3723 5290 φαίνει,

2146 5319 2246 5372 καί
2281 5319 2318 5387 ἡ
2367 5315 2583 5371 σκοτία
2620 5315 2765 5368 αὐτὸ
2806 5315 2878 5369 οὐ
2933 5314 3281 5368 κατέλαϐεν.
3327 5315 3391 5366 Ei
3436 5312 3494 5368 δὲ
3532 5313 3721 5367 σκοτία

3341 5540 3361 5570 ³
3387 5537 3546 5592 Juan.
3599 5550 3716 5596 rm,

2267 5545 2286 5575 ⁸
2318 5545 2452 5598 Gen.
2511 5561 2582 5608 Iv,
2625 5543 2677 5595 9.
2790 5543 2810 5574 ³
2841 5541 2972 5595 Gen.
3035 5557 3114 5600 ιιι,
3159 5541 3211 5595 5.
3341 5541 3546 5592 ‘Juan.
3599 5550 3691 5588 rm

2275 5631 2326 5663 ι-
2392 5615 2480 5663 ‘22.
2615 5614 2656 5644 ιο
2717 5613 2879 5663 Hebr.
2935 5627 3044 5663 vn.
3113 5611 3194 5663 l-i.
3311 5607 3624 5663 “103ml.
3661 5604 3698 5662 5

3511 5643 3715 5671 II’U'

2392 5615 2480 5667 τε.
2615 5614 2656 5644 ¹⁰
2717 5613 2879 5667 llcbr.
2935 5627 3044 5673 vn,
3113 5611 3194 5664 l-i.
