4008 6240
325 315 430 370 129

997 312 1366 370 ADVERSUS
1405 313 1748 371 lleRESES
1789 315 1915 370 LlD.
1957 313 2020 373 ll.
2063 315 2226 371 TOM.
2269 317 2696 376 ll.—-ll1ERES.
2739 322 2919 379 LXV’l.

3496 334 3596 390 {'30

321 435 382 487 οὐ
418 431 685 486 κατέλαϐε
719 431 782 486 τὸ
822 432 968 503 φῶς,
1018 435 1150 489 πολὺ
1199 435 1359 491 τοῦτο
1407 437 1711 492 διαλλάττει
1760 456 1881 511 παρέ

1984 493 1986 498 ,
2015 440 2272 495 tenebras
2317 448 2527 504 narrat,
2560 442 2654 496 sed
2691 451 2745 497 et
2770 443 2908 500 lucis
2943 453 3276 500 armaturam
3321 451 3588 518 ι’τιριιίεδιι.

320 525 414 579 τὸν
453 525 579 578 νοῦν
605 525 698 579 τοῦ
733 525 914 596 Μάνη,
957 525 1050 579 τοῦ
1084 527 1354 596 λέγοντος,
1383 529 1464 581 ὅτι
1493 529 1553 582 οὐ
1585 529 1746 600 μόνον
1778 548 1908 582 κατ-

320 616 564 687 είληφεν,
615 615 751 669 ἀλλὰ
798 618 892 670 καὶ
955 618 1260 673 πανοπλίαν
1319 619 1450 691 παρ’
1496 620 1660 674 αὐτοῦ
1715 622 1906 693 ἀφήρ-

319 723 487 761 πασε.
533 707 658 770 Πῶς
700 708 881 762 τοίνυν
916 710 1045 778 παρ’
1075 709 1226 781 αὐτῷ
1259 710 1761 782 καταγγελλόμενον
1802 714 1903 785 ήρ-

257 789 303 875 ἰ’
319 797 555 851 πακέναι
575 797 878 852 πανοπλίαν
893 799 999 852 οὐδ’
1018 799 1154 863 ὅλως
1171 800 1438 854 κατέλαϐε
1452 801 1513 854 τὸ
1535 803 1649 872 φῶς
1667 821 1682 870 ;
1705 802 1829 866 Πῶς
1847 803 1904 857 δὲ

317 889 434 957 φῶς
461 889 791 960 διωκόμενον
813 890 1264 962 αὑτοπροαιρέσει
1287 892 1467 962 φαίνει
1493 895 1550 946 ὲν
1579 893 1654 964 τῷ
1685 895 1900 962 σκότει;

327 981 466 1036 Ἀλλ’
497 980 682 1051 ἐπειδὴ
725 981 1104 1051 ἑσκοτισμέναι
1140 979 1282 1055 ἦσαν
1320 985 1377 1038 αἱ
1415 985 1642 1039 διάνοιαι
1672 986 1781 1040 τῶν
1809 988 1902 1042 αν-

315 1072 549 1144 θρώπων
581 1071 669 1126 διὰ
695 1072 793 1144 τὴν
836 1073 1062 1128 Θόλωσιν
1103 1076 1202 1147 τῆς
1235 1077 1544 1148 ἁμαρτίας,
1583 1080 1900 1135 ἀπέστειλεν

312 1163 342 1213 6
372 1160 508 1226 Θεὸς
561 1162 776 1234 πρῶτον
819 1163 910 1217 τὸν
962 1164 1144 1235 νόμον,
1191 1166 1443 1235 φωτίζων
1489 1168 1565 1232 ὡς
1611 1171 1670 1225 ὲν
1719 1170 1899 1242 λύχνῳ

311 1253 740 1323 παραφαίνοντι·
776 1255 852 1318 ὥς
889 1273 1054 1328 φησιν
1107 1259 1312 1330 Πέτρος
1362 1261 1421 1314 ὲν
1466 1264 1532 1333 τῇ
1570 1262 1893 1336 Ἐπιστολῇο

309 1347 726 1416 ΠροσέχΟντες
781 1347 863 1413 τῷ
916 1350 1260 1419 προφητικῷ
1314 1355 1496 1424 λόγῳ,
1548 1356 1630 1421 ὡς
1689 1358 1897 1426 λύχνῳ

309 1439 585 1506 φαίνοντι
625 1439 697 1494 ἐν
727 1440 1012 1510 αὐχμηρῷ
1041 1443 1220 1508 τόπῳ,
1264 1444 1376 1512 ἕως
1409 1448 1729 1516 φωσφόρος
1759 1450 1897 1503 dra-

307 1530 512 1598 τείλῃ,
565 1530 664 1584 καὶ
711 1531 898 1601 ἡμέρα
951 1535 1305 1607 καταυγάσῃ
1340 1535 1411 1589 ἐν
1456 1536 1586 1601 ταῖς
1623 1539 1894 1607 καρδίαις

308 1619 495 1688 ὑμῶν.
533 1619 772 1674 Ἐκεῖθεν
819 1623 928 1693 γὰρ
961 1623 1024 1677 τὸ
1057 1623 1173 1692 φῶς
1209 1627 1268 1678 ὲν
1299 1625 1377 1697 τῷ
1405 1627 1586 1681 σκότει
1629 1629 1829 1697 φαίνει,
1863 1634 1893 1684 6

307 1710 472 1781 νόμος
498 1711 674 1776 δοθεὶς
716 1714 774 1766 ἐν
814 1715 957 1786 χειρὶ
996 1715 1220 1786 μεσίτου
1251 1717 1337 1772 διὰ
1375 1719 1471 1773 τοῦ
1502 1720 1697 1773 πιστοῦ
1729 1720 1891 1793 θεράο

2015 529 2301 596 Quomodo
2348 532 2516 602 igitur
2557 549 2681 602 qure
2715 543 3049 588 armaturam
3097 538 3344 606 rapuisse
3398 541 3591 608 praedi-

2013 626 2232 684 cantur,
2288 621 2467 676 lucem
2529 623 2990 693 comprehendere
3039 627 3189 680 nullo
3217 628 3380 682 modo
3400 638 3592 698 potue-

2011 705 2185 759 runt?
2213 704 2463 772 Quonam
2486 709 2685 764 deinde
2706 717 2864 780 pacto
2891 711 3073 783 fugata
3102 715 3195 769 lux
3223 731 3322 770 sua
3356 717 3410 772 in
3441 727 3591 773 tene-

2009 795 2125 851 bris
2177 806 2371 868 sponte
2421 801 2783 870 resplendet?
2819 801 2965 873 Ergo
3013 805 3088 859 ita
3131 823 3198 861 ex
3235 807 3312 862 rei
3360 810 3590 866 veritate

2009 895 2183 943 totum
2231 889 2362 944 illud
2402 892 2781 962 accipiendum
2807 901 2912 950 est.
2944 895 3080 950 Cum
3115 900 3325 967 peccati
3355 902 3588 973 caligine

2008 976 2297 1033 obctecatae
2322 989 2532 1036 mentes
2557 982 2842 1037 hominum
2863 982 3062 1048 forent,
3089 986 3359 1058 principio
3388 990 3470 1045 lex
3503 1000 3588 1047 est

2003 1081 2035 1121 a
2057 1065 2165 1122 Deo
2183 1069 2372 1133 missa,
2388 1086 2513 1141 qua,
2533 1073 2677 1128 velut
2698 1074 2912 1129 sublata
2937 1075 3182 1139 lucerna,
3205 1079 3581 1136 collustraret:

2005 1159 2152 1226 quod
2194 1159 2250 1214 in
2295 1159 2542 1230 Epistola
2588 1181 2685 1220 sua
2726 1164 2925 1222 Petrus
2976 1167 3186 1224 indicat
3234 1170 3319 1225 his
3355 1174 3576 1232 verbis:

2003 1250 2338 1306 Attendentes
2387 1256 2691 1325 prophetico
2738 1261 2992 1324 sermoni,
3047 1269 3302 1331 tanquam
3359 1263 3586 1318 lucerna:

2005 1340 2198 1395 lucenti
2224 1343 2279 1396 in
2315 1346 2606 1415 caliginoso
2632 1349 2765 1412 loco,
2809 1349 2972 1403 donec
3009 1349 3228 1420 Lucifer
3262 1354 3496 1416 oriatur,
3532 1364 3583 1408 et

2002 1432 2114 1486 dies
2139 1434 2411 1490 illucescat
2451 1439 2504 1490 in
2542 1439 2787 1493 cordibus
2836 1443 3019 1496 vestris
3048 1443 3086 1495 ¹.
3139 1444 3295 1498 lllinc
3325 1461 3456 1516 ergo
3486 1449 3581 1501 lux

2003 1524 2057 1579 in
2091 1527 2332 1583 tenebris
2375 1529 2556 1586 lucet:
2584 1532 2840 1586 nimirum
2887 1535 2991 1601 lex,
3039 1553 3161 1606 quae
3189 1554 3286 1608 per
3310 1539 3579 1610 interpre-

1999 1623 2108 1671 tem
2148 1632 2211 1672 ac
2250 1628 2613 1690 sequestrem,
2661 1622 2765 1678 hoc
2809 1633 2894 1680 est
2944 1625 3156 1682 ﬁdelem
3221 1627 3313 1683 Dei
3354 1645 3576 1686 seri-um

2000 1706 2263 1780 Moysen),
2297 1720 2383 1768 est
2422 1717 2762 1786 praescripta.
2812 1719 2889 1772 Ac
2937 1721 3314 1790 superioribus
3357 1724 3576 1793 quidem

305 1817 504 1865 ποντος
534 1801 630 1855 τοῦ
665 1802 802 1858 Θεοῦ
849 1806 1147 1870 Μωῦσέως.
1177 1807 1277 1861 Διὰ
1327 1808 1505 1876 τοῦτο,
1552 1811 1738 1884 ἐπειδὴ
1785 1813 1881 1868 ἀπὶ

1996 1797 2337 1864 temporibus
2398 1801 2492 1854 lux
2547 1803 2724 1872 primo
2778 1807 3024 1875 quadam
3078 1809 3132 1863 in
3181 1818 3388 1866 naturze
3433 1814 3574 1882 lege,

301 1890 411 1944 τῶν
463 1893 731 1948 ἀνέκαθεν
793 1895 1008 1967 πρῶτον
1054 1893 1122 1969 ἧν
1173 1899 1234 1952 τὸ
1276 1899 1392 1970 φῶς
1444 1904 1654 1971 φαῖνον,
1704 1904 1892 1976 ὥσπερ

300 1985 542 2057 σπινθὴρ
577 1988 636 2040 έν
664 1987 741 2058 τῷ
773 1988 924 2060 νόμῳ
971 1989 1048 2060 τῷ
1097 1991 1240 2045 κατὰ
1287 1993 1468 2060 φύσιν,
1495 1994 1524 2047 ὃ
1557 1995 1892 2066 θεασάμενος

313 2073 486 2146 Ἑνὼχ
545 2075 880 2148 εὐηρέστησε
936 2078 1012 2149 τῷ
1058 2081 1280 2153 Κυρίῳ’
1333 2083 1401 2136 δι’
1446 2076 1508 2136 οὗ
1555 2086 1890 2158 καθοδηγού-

303 2183 464 2234 μενος
496 2167 526 2219 6
566 2167 733 2220 Ἀϐελ
785 2168 1122 2240 εὐηρέστησε
1170 2171 1248 2242 τῷ
1292 2174 1511 2246 Κυρίῳο
1544 2175 1612 2228 δι’
1653 2171 1714 2230 οὗ
1760 2164 1888 2248 εὗρε

297 2257 422 2311 Νῶε
451 2260 614 2330 χάριν
656 2257 888 2314 ἐνώπιον
920 2261 1015 2314 τοῦ
1054 2261 1190 2316 Θεοῦ
1221 2267 1563 2339 κατανοήσας
1600 2267 1699 2337 τὴν
1734 2267 1850 2322 ὀδόν
1872 2285 1887 2298 ·

296 2350 362 2403 δι’
389 2346 451 2405 οῦ
493 2351 739 2421 Ἀϐραὰμ
771 2352 1096 2426 ἐπίστευσε
1144 2353 1224 2420 τῷ
1274 2355 1414 2422 Θεῷ,
1450 2358 1547 2412 καὶ
1597 2359 1885 2429 ἐλογίσθη

296 2439 457 2506 αὐτῷ
488 2444 577 2508 είς
609 2442 1022 2512 δικαιοσύνην.
1055 2438 1192 2498 Εῐτα
1231 2449 1498 2519 παρελθὸν
1528 2451 1588 2504 τὸ
1629 2451 1745 2520 φῶς
1777 2453 1886 2506 ἀπὸ

299 2532 740 2604 σπινθηροειδοῦς
768 2533 972 2609 τρόπου
1019 2535 1314 2606 προσέθετο
1342 2539 1655 2611 φαιδρότητι
1688 2541 1883 2613 λύχνου

296 2627 556 2693 φανέντος
586 2628 642 2680 ὲν
672 2633 942 2702 αὐχμηρῷ
977 2631 1163 2701 τόπῳ⁶
1197 2632 1444 2686 τουτέστι
1471 2632 1534 2686 τὸ
1575 2634 1690 2703 φῶς
1728 2636 1785 2689 ἐν
1816 2637 1882 2706 τῇ

298 2718 488 2788 σκοτίᾳ
520 2719 732 2788 φαίνει,
764 2721 798 2791 ὴ
829 2721 1016 2793 ἐντολὴ
1064 2722 1159 2777 τοῦ
1197 2723 1355 2790 Θεοῦ,
1403 2725 1496 2778 καὶ
1527 2727 1560 2797 ἡ
1597 2727 1740 2780 κατὰ
1784 2727 1883 2800 τὴν

295 2808 609 2880 ἄγαθότητα
657 2811 894 2877 διάνοια,
942 2814 1256 2883 φωτίζουσα
1307 2817 1366 2868 ἐν
1398 2817 1598 2888 καρδίᾳ
1648 2818 1880 2884 πιστῶν,

295 2900 573 2971 ἀναμέσον
603 2903 704 2974 τῆς
731 2903 1107 2978 τεθολωμένης
1151 2906 1387 2972 διανοίας
1416 2908 1524 2962 τῶν
1555 2911 1612 2962 ὲν
1640 2912 1752 2972 τοῖς
1784 2911 1878 2965 ἀν-

295 2990 534 3062 θρώποις
576 2993 876 3062 γεγονότων
907 2996 1127 3064 φαύλων
1153 2998 1247 3051 καὶ
1285 2998 1473 3052 κακῶν
1512 2999 1877 3069 πραγμάτων,

293 3083 736 3156 είδωλολατρείας
777 3103 836 3139 τε
873 3089 968 3142 κα)⁵
1011 3089 1450 3161 ὲπαρνησιθεῖας,
1481 3089 1654 3158 φόνων
1681 3109 1741 3144 τε
1784 3091 1878 3144 καὶ

296 3176 577 3245 μοιχείας,
621 3175 716 3230 καὶ
759 3177 868 3231 τῶν
913 3177 1109 3234 ἄλλων.
1141 3180 1264 3234 Ὀτι
1307 3181 1364 3234 δὲ
1410 3177 1573 3254 ἦλθεν
1616 3184 1646 3236 6
1700 3183 1872 3254 μέγας

294 3265 538 3337 φωστὴρ,
583 3267 652 3320 τὸ
702 3266 830 3336 φῶς
871 3267 938 3321 τὸ
990 3270 1302 3338 ἀληθινὸν,
1333 3271 1364 3325 ὃ
1411 3273 1638 3340 φωτίζει
1676 3274 1874 3328 πάντα

293 3357 610 3425 ἄνθρωπον
672 3359 1001 3429 ἐρχόμενον
1044 3363 1134 3426 είς
1185 3362 1294 3416 τὸν
1347 3365 1599 3439 κόσμοντ
1648 3365 1744 3418 Ἑν
1793 3364 1874 3430 τῷ

290 3449 498 3516 κόσμῳ
529 3443 628 3518 ἦν,
676 3451 776 3504 καὶ
808 3453 840 3504 ὀ
873 3453 1102 3521 κόσμος
1150 3453 1225 3508 δι’
1256 3455 1440 3510 αὑτοῦ
1477 3455 1732 3525 ἐγένετο,
1773 3457 1872 3511 καὶ

292 3541 326 3592 ὁ
356 3540 585 3609 κόσμος
609 3541 798 3596 αὐτὸν
835 3546 945 3598 οὐκ
975 3545 1150 3614 ἔγνω.
1192 3545 1245 3597 '0
1275 3548 1362 3613 εὶς
1393 3547 1466 3601 τὰ
1504 3547 1625 3601 ἴδια
1657 3547 1871 3614 ἐλθὼν,

292 3630 388 3683 καί
429 3631 670 3704 οἱιῖδιοι
712 3635 902 3688 αὐτὸν
930 3636 1002 3689 οὐ
1033 3635 1394 3705 παρέλαϐον.
1427 3639 1590 3692 Ὅσοι
1634 3639 1703 3692 δὲ
1736 3640 1876 3694 5.2a-

293 3724 400 3775 θον
425 3723 634 3789 αὑτὸν,
662 3724 890 3780 ἔδωκεν
935 3727 1140 3794 αὐτοῖς
1173 3729 1463 3793 ἐξουσίαν
1498 3732 1680 3784 τέκνα
1724 3730 1874 3785 Θεοῦ

292 3815 592 3884 γενέσθαι.
635 3816 745 3870 Καὶ
775 3819 906 3890 ὁρᾷς
951 3818 1106 3872 τοῦτο
1134 3819 1195 3873 τὸ
1242 3822 1357 3890 φῶς
1402 3823 1460 3874 ὲν
1505 3822 1635 3893 ποίᾳ
1684 3822 1874 3894 σκοτίᾳ

292 3906 494 3976 φαίνει,
535 3907 630 3961 καὶ
663 3910 792 3963 ποία
826 3911 1040 3964 σκοτία
1070 3912 1200 3966 αὐτὸ
1228 3915 1300 3967 οὐ
1349 3913 1716 3978 κατέλαϐεν;
1754 3917 1872 3971 Ὅτι

291 3997 352 4051 τὸ
403 3999 608 4066 ἀγαθὸν
657 4000 744 4054 ἀεὶ
792 4001 944 4074 παρὰ
995 4003 1132 4056 Θεοῦ
1187 4004 1539 4075 πεμπόμενον
1571 4008 1634 4076 τῇ
1667 4006 1872 4079 διανοίᾳ

288 4093 396 4147 τῶν
426 4094 748 4166 ἀνθρώπων,
796 4098 891 4150 καὶ
919 4097 1152 4166 φωτίζον
1198 4099 1256 4153 ὲν
1287 4097 1366 4169 τῷ
1399 4098 1609 4170 κόσμῳ,
1639 4100 1743 4153 ὑπὸ
1772 4101 1873 4171 τῆς

291 4185 565 4256 ἁμαρτίας
591 4187 690 4258 οὐχ
717 4189 967 4260 ἥττηται.

358 4278 480 4332 ΞΕ’.
522 4279 596 4332 Τὸ
640 4280 825 4351 ὅμοιον
863 4281 920 4335 δὲ
955 4281 1120 4337 πάλιν
1161 4283 1590 4355 ἐπιλαμϐάνεται
1633 4285 1662 4338 6
1706 4283 1871 4350 αὐτὸς

287 4370 484 4442 Μάνης
512 4369 620 4424 ἀπὸ
647 4371 740 4426 τοῦ
768 4373 859 4427 τὸν
882 4373 1109 4446 Σωτῆρα
1132 4375 1428 4445 είρηκέναι·
1466 4376 1671 4445 Ὁμοία
1700 4375 1871 4429 ἐστὶν

1991 1888 2248 1944 scintilla:
2311 1891 2524 1961 instar,
2576 1895 2876 1952 ali‘ulserat.
2937 1898 3107 1965 Quam
3177 1905 3575 1972 contemplatus

1991 1977 2176 2033 Enoch
2222 1983 2424 2052 placuit
2453 1983 2593 2052 Deo;
2640 2003 2738 2057 per
2770 2005 2930 2058 quam
2967 1991 3233 2049 deductus
3280 1994 3414 2048 Abel
3448 2011 3575 2065 per-

1992 2068 2121 2124 inde
2171 2088 2231 2126 se
2283 2073 2515 2131 Domino
2553 2079 2839 2148 probavit;
2878 2096 2975 2151 per
3009 2099 3171 2153 quam
3223 2084 3308 2139 via
3357 2087 3572 2156 cognita

1988 2157 2102 2216 Noe
2135 2163 2279 2232 apud
2327 2164 2494 2220 Deum
2537 2171 2813 2240 gratiosus
2849 2174 3099 2228 exstitit:
3129 2191 3226 2245 per
3261 2192 3425 2246 quam
3461 2195 3574 2230 cre-

1986 2251 2125 2306 didit
2189 2254 2459 2311 Abraham
2511 2260 2618 2314 Deo
2671 2273 2720 2316 et
2773 2273 3071 2332 reputatum
3113 2277 3188 2320 est
3230 2271 3278 2321 ei
3314 2268 3383 2322 ad
3411 2268 3575 2338 justi-

1988 2343 2118 2396 tiam
2150 2345 2189 2396 ².
2225 2343 2429 2404 Deinde
2460 2350 2528 2404 ab
2557 2351 2657 2405 hac
2682 2355 2830 2408 tenui
2866 2357 3098 2410 scintilla
3130 2359 3388 2426 paulatim
3417 2361 3570 2414 exci-

1984 2439 2097 2496 tata
2157 2435 2250 2490 lux
2305 2437 2374 2492 ad
2432 2442 2669 2496 lucerna:
2709 2443 2764 2497 in
2810 2445 3111 2516 caliginoso
3161 2448 3282 2500 loco
3337 2448 3570 2504 lucentis

1985 2527 2334 2597 Splendorem
2377 2534 2640 2588 excrevit.
2694 2533 2879 2606 anue
2917 2537 3034 2606 ipsa
3081 2538 3172 2592 lux
3212 2548 3317 2605 est,
3360 2556 3481 2610 quae
3510 2542 3566 2596 in

1985 2620 2226 2678 tenebris
2271 2623 2417 2679 lucet
2445 2624 2467 2656 ³
2493 2667 2509 2692 ,
2557 2625 2661 2680 hoc
2699 2636 2782 2682 est
2826 2629 3142 2683 mandatum
3175 2629 3290 2696 Dei,
3325 2642 3377 2687 et
3399 2632 3567 2686 animi

1983 2723 2412 2770 consentaneum
2447 2731 2572 2771 cum
2606 2717 2848 2774 bonitate
2887 2722 3202 2789 consilium,
3243 2725 3390 2794 quod
3439 2726 3565 2779 inli—

1983 2805 2185 2860 delium
2240 2809 2554 2879 pectoribus
2599 2811 2654 2866 in
2700 2813 2880 2868 medio
2934 2814 3249 2884 caliginosae
3298 2816 3564 2872 malorum

1982 2896 2394 2968 scelerumque,
2446 2917 2568 2971 quae
2617 2902 2670 2955 in
2713 2901 2953 2958 humano
3001 2920 3198 2975 genere
3245 2913 3558 2969 versantur,

1982 2989 2335 3059 cogitationis
2386 2992 2564 3048 illuxit
2608 3012 2622 3046 :
2672 2995 2985 3064 cujusmodi
3039 3005 3168 3051 sunt
3213 2996 3560 3061 idololatria,

1982 3077 2076 3133 Dei
2125 3079 2439 3152 abnegatio,
2478 3082 2678 3148 caades,
2732 3083 3017 3150 adulteria,
3041 3092 3093 3138 et
3134 3084 3187 3138 id
3224 3100 3395 3154 genus
3425 3081 3554 3140 atii.

2035 3131 2074 3133 -κ
2133 3131 2439 3152 mmo—ﬂ,
2483 3131 2678 3148 -.ν-π,
2733 3131 3017 3150 "un-un.
3045 3131 3093 3138 ν
3224 3131 3394 3154 ο---υν
3425 3131 3554 3140 —~---

1905 3131 1950 3195 Ο
1980 3168 2108 3225 Post
2157 3170 2272 3226 haac
2316 3173 2499 3227 omnia
2534 3189 2790 3245 magnum
2835 3173 2968 3228 illud
3013 3175 3280 3228 luminare
3335 3173 3559 3244 produt,

1976 3278 2097 3316 vera
2139 3262 2252 3327 lux,
2295 3263 2526 3330 scilicet,
2560 3281 2677 3334 qua:
2730 3264 2997 3317 illuminat
3054 3262 3314 3316 hominem
3357 3265 3562 3318 venien-

1976 3365 2078 3426 tem
2127 3356 2182 3408 in
2229 3354 2503 3409 mundum.
2540 3355 2607 3410 In
2655 3356 2848 3410 mundo
2896 3366 3033 3422 erat,
3077 3367 3127 3410 et
3185 3357 3410 3410 mundus
3469 3373 3563 3426 per

1974 3448 2149 3516 ipsum
2197 3447 2371 3517 [actus
2418 3457 2528 3512 est,
2579 3456 2628 3502 et
2669 3447 2896 3502 mundus
2948 3465 3066 3502 eum
3123 3465 3225 3502 non
3283 3453 3560 3520 cognovit:

1973 3539 2029 3594 in
2071 3540 2289 3609 propria
2349 3541 2528 3609 venit,
2583 3550 2634 3596 et
2699 3540 2867 3612 679
2934 3543 3019 3595 sui
3078 3559 3196 3596 eum
3260 3559 3363 3596 non
3421 3559 3587 3618 νει-ε-¹

1973 3640 2180 3701 perunt.
2229 3631 2495 3703 Quotquot
2532 3645 2706 3687 autem
2747 3643 3050 3700 receperunt
3096 3635 3270 3698 illum,
3315 3632 3454 3688 dedit
3483 3635 3559 3688 eis

1972 3732 2284 3792 potestatem
2313 3725 2454 3794 ﬁlios
2486 3724 2584 3778 Dei
2609 3726 2727 3794 ﬁeri
2751 3724 2792 3777 ‘.
2825 3723 3063 3780 Videsne
3091 3725 3290 3794 quibus
3325 3726 3378 3778 in
3409 3733 3559 3780 tene-

1975 3815 2087 3871 bris
2112 3816 2205 3870 lux
2229 3815 2334 3870 ista
2363 3816 2745 3887 resplendeat?
2793 3825 2886 3870 aut
2933 3831 3180 3886 quaenam
3228 3816 3376 3870 illam
3414 3827 3556 3870 tene-

1973 3921 2080 3976 bra:
2134 3939 2238 3976 non
2296 3922 2838 3990 comprehenderunt?
2886 3922 3153 3977 Nimirum
3195 3924 3339 3992 quod
3382 3939 3411 3977 a
3446 3923 3555 3978 Deo

1972 4011 2174 4068 bonum
2213 4013 2488 4068 mentibus
2514 4013 2769 4068 humanis
2810 4013 3144 4079 immittitur,
3176 4022 3230 4069 et
3256 4014 3308 4068 in
3349 4015 3557 4068 mundo

1971 4102 2139 4170 lucet,
2174 4120 2205 4159 a
2243 4113 2471 4174 peccato
2498 4104 2720 4158 minime
2747 4113 3060 4174 superatur.

2043 4280 2199 4337 LXV.
2232 4280 2338 4336 Sed
2369 4281 2436 4336 ad
2477 4281 2622 4336 illam
2669 4279 2967 4336 Salvatoris
3003 4295 3190 4335 vocem
3221 4280 3550 4338 Manichacus

1971 4376 2331 4441 adhaerescit,
2385 4389 2510 4430 cum
2555 4375 2647 4430 ille
2693 4374 2832 4429 dixit
2863 4375 2920 4427 σε
2977 4373 3162 4429 Simile
3211 4385 3289 4429 est
3336 4391 3550 4445 regnum

287 4461 328 4531 ἡ
353 4463 650 4526 ,βασιλεία
673 4463 794 4518 τῶν
827 4465 1101 4533 οὐρανῶν
1131 4467 1420 4537 ἀνθρώπῳ
1445 4466 1864 4534 οἰκοδεσπότῃ,

1984 4467 2218 4521 :azlorum
2239 4464 2438 4518 homini
2467 4465 2853 4535 patrifamilias
2877 4466 2968 4535 qui
2994 4465 3274 4520 seminavit
3314 4467 3368 4520 in
3421 4481 3554 4537 agro

286 4560 354 4619 ὃς
379 4555 626 4624 ἔσπειρε
662 4556 771 4611 τὸν
795 4557 981 4626 ἀγρὸν
1015 4558 1203 4614 αὐτοῦ
1234 4560 1428 4614 καλὸν
1461 4559 1718 4628 σπέρμα.
1759 4558 1870 4613 Καὶ

285 4645 704 4700 καθευδόντων
748 4644 867 4700 τῶν
903 4648 1250 4716 ἀνθρώπων,
1300 4649 1516 4717 ἐχθρὸς
1561 4647 1872 4716 ἅνθρωπος

285 4734 436 4807 ἦλθε
456 4779 472 4804 ,
503 4738 605 4793 καὶ
648 4737 891 4808 ἔσπειρε
933 4737 1169 4800 ζιζάνια.
1217 4736 1366 4795 Εἶτα
1396 4740 1687 4811 λέγουσιν
1709 4738 1869 4804 αὐτῷ

285 4831 340 4884 οι
381 4827 592 4884 δοῦλοι
635 4829 852 4884 αὐτοῦ·
907 4829 1055 4899 Οὐχί
1092 4829 1285 4885 καλὸν
1316 4831 1554 4900 σπέρμα
1585 4831 1870 4898 ἔσπειρας

284 4923 354 4978 ἐν
382 4921 467 4989 τῷ
494 4921 692 4992 anni);
736 4921 798 4976 '0
836 4920 904 4975 δὲ
931 4921 1069 4991 ἔφη·
1097 4923 1230 4975 Ναί.
1258 4921 1448 4976 Πόθεν
1487 4917 1600 4976 οὖν
1625 4922 1695 4975 τὰ
1724 4920 1868 4982 ζιζά-

282 5031 419 5080 νια;
456 5013 509 5067 '0
540 5012 608 5067 δὲ
635 5013 1112 5082 ἀποκρινάμενος
1139 5009 1327 5067 εἶπενο
1370 5012 1616 5082 Ἐχθρὸς
1645 5012 1870 5081 ἅνθρω-

284 5123 397 5174 πος·
433 5105 614 5160 τοῦτο
651 5106 962 5174 ἐποίησεν.
1013 5109 1078 5161 Οἱ
1111 5107 1180 5160 δὲ
1227 5105 1438 5160 δοῦλοι
1482 5107 1632 5173 πρὸς
1682 5106 1869 5159 αὑτὸν

285 5201 488 5254 εἷπονο
547 5199 752 5267 Θέλεις
797 5195 911 5254 οὖν
945 5199 1315 5265 ἀπελθόντες
1353 5195 1762 5266 ἐκριζὼσωμεν
1797 5197 1871 5250 τὰ

287 5291 546 5358 (Imma;
604 5291 668 5345 Ὀ
714 5291 784 5345 δὲ
825 5290 976 5358 πρὸς
1023 5289 1244 5356 αὐτοὺς
1296 5289 1448 5359 ἔφη’
1492 5289 1610 5342 Οὔ·
1655 5287 1871 5357 μήπως

284 5382 656 5452 ἐκριζοῦντες
683 5383 756 5436 τὰ
786 5381 1000 5443 ζιζάνια
1023 5380 1375 5451 ἐκριζώσητε
1405 5380 1504 5436 καὶ
1536 5381 1643 5434 τὸν
1669 5379 1862 5438 σῖτον.

301 5478 450 5530 Ἀλλ’
477 5477 658 5545 ἄφετε
686 5477 798 5544 ἕως
840 5476 1052 5544 καιροῦ
1098 5475 1206 5530 τοῦ
1253 5474 1559 5544 θερισμοῦ,
1603 5474 1702 5528 καὶ
1751 5471 1865 5542 ἐρῶ

288 5566 408 5632 τοῖς
438 5565 736 5635 θερισταῖς
758 5583 772 5598 ·
829 5563 1176 5630 Συλλέξατε
1210 5564 1282 5619 τὰ
1325 5562 1571 5628 ζιζάνια,
1613 5563 1714 5618 καὶ
1757 5561 1862 5629 δή·

1965 4575 2061 4617 suo
2101 4557 2293 4611 bonum
2342 4572 2535 4610 semen.
2589 4554 2720 4610 Cum
2765 4567 2938 4610 autem
2970 4557 3258 4610 dormirent
3295 4557 3550 4620 homines,

1963 4648 2212 4704 inimicus
2249 4647 2403 4700 homo
2433 4647 2602 4709 venit,
2634 4656 2682 4700 et
2720 4647 2997 4702 seminavit
3026 4649 3264 4702 zizania.
3309 4647 3441 4702 Tum
3476 4651 3554 4702 sic

1963 4743 2012 4796 ei
2040 4741 2175 4795 servi
2217 4739 2379 4793 locuti
2417 4748 2538 4792 sunt
2570 4754 2588 4792 :
2623 4737 2813 4792 Nonne
2849 4741 3041 4793 bonum
3075 4756 3249 4794 semen
3278 4741 3555 4794 seminasti

1963 4833 2020 4885 in
2061 4833 2232 4902 agro?
2264 4828 2375 4899 Ego
2413 4845 2531 4883 vero
2571 4830 2844 4892 seminavi.
2886 4831 3175 4899 respondit.
3214 4829 3360 4886 Unde
3389 4833 3554 4901 igitur

1966 4924 2176 4977 zizania
2203 4924 2228 4976 ?
2251 4921 2528 4986 Inimicus,
2558 4924 2751 4997 inquit,
2775 4921 2929 4977 homo
2950 4923 3046 4978 hoc
3077 4923 3220 4992 fecit.
3247 4921 3348 4977 Cui
3379 4923 3513 4974 servi
3533 4938 3556 4975 :

1983 5018 2094 5082 Vis,
2138 5016 2401 5084 inquiunt,
2438 5031 2642 5080 eamus,
2669 5026 2718 5069 et
2741 5016 3090 5084 exstirpemus
3136 5015 3345 5068 zizania
3371 5015 3394 5066 ?
3421 5014 3546 5078 Qni-

1972 5109 2066 5161 lms
2108 5107 2201 5162 ille
2240 5107 2376 5160 dixit
2398 5123 2418 5161 :
2451 5107 2574 5162 Non
2600 5121 2619 5160 :
2662 5123 2724 5161 ne
2757 5107 2894 5176 forte
2954 5109 3303 5176 exstirpantes
3338 5106 3550 5158 zizania

1971 5215 2079 5252 una
2125 5209 2171 5252 et
2220 5199 2456 5250 triticum
2511 5199 2836 5266 exstirpetis.
2895 5198 2999 5253 Sed
3057 5197 3213 5250 sinite
3251 5210 3411 5264 usque
3481 5192 3551 5244 ad

1974 5299 2172 5358 tempus
2245 5290 2472 5356 messis,
2533 5301 2582 5344 et
2646 5289 2821 5344 dicam
2882 5287 3197 5344 messoribus
3237 5304 3256 5340 :
3306 5284 3552 5354 Colligite

1977 5380 2214 5440 zizania,
2251 5387 2301 5433 et
2333 5380 2490 5450 ligate
2523 5397 2586 5434 ea
2629 5382 2682 5434 in
2721 5382 3042 5450 fasciculos;
3094 5377 3324 5430 triticum
3373 5389 3550 5431 autem

1973 5471 2235 5526 recondite
2259 5473 2310 5526 in
2340 5473 2551 5539 horreo,
2585 5486 2632 5527 et
2660 5482 2956 5542 pra'parate
2987 5471 3200 5524 zizania
3239 5471 3307 5524 ad
3335 5470 3549 5525 combu-

1971 5563 2190 5617 rendum
2239 5564 2346 5633 igni
2394 5563 2830 5633 inexstinguibi.’i.
2899 5562 3190 5634 Discipulis
3224 5578 3354 5620 vero
3397 5562 3544 5618 dumi

364 5742 814 5802 'IlPelr.I.19.
893 5743 1098 5798 ’Rom.
1130 5759 1205 5812 IV,
1242 5743 1295 5797 ε.
1379 5741 1582 5798 'Joan.
1629 5741 1749 5809 1,5.
1828 5740 1993 5795 "ihid
2025 5739 2178 5794 9-12.
2258 5741 2484 5797 “Matth.
2531 5739 2750 5808 3111,24
2780 5755 2901 5811 sqq.
