4008 6240
453 387 544 443 liii

1874 388 1931 442 S.
1973 375 2307 440 ΕΡΙῬΙΙΑΝΣΙ

3613 389 3732 448 152

449 507 520 562 ita
564 504 928 576 rogantibus:
972 502 1072 558 Dic
1118 495 1272 558 nobis
1311 503 1624 574 parabolam
1672 504 2019 566 zizaniorum,

2135 519 2284 558 σατε
2321 503 2550 573 δεσμάς
2575 523 2585 534 ο
2620 507 2675 559 τε
2688 524 2726 559 ν
2750 505 2818 559 δὲ
2845 507 3022 560 σῖτον
3049 507 3348 562 ἀπόθεσθε
3373 507 3446 562 ἐν
3473 506 3546 577 τῇ
3569 509 3727 564 ἀπο-

445 596 734 665 explicavit
791 596 897 658 ille,
960 611 1028 649 ne
1087 595 1250 649 ullam
1309 595 1593 665 impostori
1652 596 2029 666 Oppugnanim

449 687 696 740 veritatis
727 687 1072 741 occasionem
1115 685 1471 755 relinqueret.
1519 686 1706 751 Quare
1746 686 2030 756 perSpleue

449 776 712 829 Dominus
737 775 810 828 ita
841 775 1135 845 respondet
1167 793 1180 829 :
1231 775 1336 840 Qui
1371 775 1580 840 bonum,
1610 775 1817 845 inquit,
1855 791 2028 828 semen

444 870 746 931 seminavit,
794 867 934 920 Deus
958 876 1034 919 est
1059 881 1077 927 ;
1113 883 1238 936 ager
1265 875 1343 920 est
1375 864 1638 928 mundus;
1668 867 1878 920 zizania
1900 866 2028 920 ntali

443 959 680 1013 homines
713 968 868 1019 sunt;
899 957 1146 1009 inimicus
1167 957 1321 1010 homo
1344 964 1421 1010 est
1450 957 1726 1023 diabolus;
1750 973 2026 1022 messores,

443 1051 651 1120 angeli;
693 1047 876 1102 messis
921 1047 1068 1114 ipsa,
1100 1048 1486 1100 consummatio
1535 1049 1754 1112 swcuti;
1791 1049 2024 1101 triticum

443 1159 626 1211 porro,
663 1140 760 1194 viri
798 1139 940 1192 boni.
981 1133 1118 1192 Cum
1166 1136 1331 1207 igitur
1367 1135 1632 1192 Dominus
1664 1137 1870 1208 angelis
1909 1139 2026 1194 suis

446 1233 782 1305 prater-perit,
813 1232 868 1286 hi
912 1233 1171 1286 collectos
1203 1232 1256 1284 in
1292 1246 1460 1284 unum
1497 1239 1813 1300 peccatores
1844 1245 1908 1285 ac
1941 1246 2025 1285 re-

445 1343 553 1396 gno
585 1327 846 1378 cmlorum
876 1325 1129 1378 exclusos
1158 1321 1593 1376 concremandos
1627 1321 1857 1376 tradent.
1892 1321 2026 1374 Ani-

449 1417 803 1480 madvertite,
847 1431 1066 1486 quaeso,
1113 1420 1382 1484 quotquot
1417 1414 1551 1468 estis
1596 1413 1844 1470 veritatis
1887 1413 2022 1480 lilii,

447 1525 786 1581 qumunque
824 1525 997 1564 novus
1061 1508 1150 1562 ille
1196 1505 1400 1562 Jannes
1459 1509 1524 1560 ac
1555 1505 1807 1561 .lambre‘
1845 1505 2026 1560 dicere

447 1603 776 1674 aggreditur,
807 1607 996 1654 contra
1041 1616 1100 1656 se
1139 1601 1316 1670 ipsum
1361 1597 1622 1668 proferre.
1659 1598 1869 1651 Etenim
1899 1604 2023 1650 cum

446 1695 536 1749 ille
566 1694 828 1747 mundum
857 1691 922 1744 ad
957 1689 1123 1744 Deum
1163 1697 1414 1759 spectare
1447 1697 1639 1760 neget,
1673 1699 1863 1743 contra
1901 1687 2023 1742 Sal-

443 1796 602 1840 vator
633 1787 735 1841 hoc
761 1785 882 1839 loco
920 1791 975 1838 et
1001 1799 1191 1854 agrum
1235 1798 1360 1838 esse
1394 1784 1656 1837 mundum
1694 1783 2021 1853 interpreta-

2131 595 2311 663 θήκῃ,
2345 595 2442 647 καὶ
2462 597 2815 664 ἑτοιμάσατε
2849 601 2922 655 τὰ
2955 599 3169 661 ᾄζὶὶνια
3197 603 3284 667 εἰς
3317 601 3384 655 τὸ
3415 591 3723 672 κατακαῆ-

2131 700 2229 738 ναι
2260 687 2402 754 πυρὶ
2431 687 2729 751 ἀσϐέστῳ.
2773 687 2896 744 Τῶν
2926 691 2980 744 δὲ
3010 691 3269 760 μαθητῶν
3298 693 3462 746 αὑτοῦ
3494 695 3586 746 ἐπὶ
3619 696 3726 764 τῆς

2129 777 2306 840 οἰκίας
2339 775 2603 846 λεγόντων
2630 795 2644 809 '
2689 776 2838 833 Εἰπὲ
2867 781 3012 851 ἡμῖν
3055 781 3171 850 τὴν
3211 783 3564 852 παραϐολὴν
3599 785 3724 838 τῶν

2129 865 2412 933 (tribulatio,
2437 870 2464 920 6
2480 869 2535 922 δὲ
2556 869 2790 936 ἐπιλύει,
2827 873 2923 924 καὶ.⁴
2939 873 3000 925 ού
3024 872 3200 943 κρίνει
3223 873 3264 935 ³,
3287 873 3373 926 ἵνα
3407 875 3482 944 μὴ
3505 892 3724 946 συγχω-

2133 959 2270 1032 ρήσῃ
2311 959 2389 1030 τῷ
2421 960 2696 1014 ἀπατεῶνι
2725 961 2870 1016 κατά
2897 963 2998 1034 τῆς
3041 964 3303 1033 ἀληθείας
3335 965 3507 1037 λαϐὴν
3545 966 3718 1036 ἔχειν.

2142 1046 2518 1120 ’Ᾱποκρίνεται
2546 1049 2639 1106 οῦν
2663 1051 2848 1122 σαφῶς
2873 1054 2901 1106 6
2933 1052 3158 1124 Κύριος,
3194 1055 3290 1106 καὶ
3321 1054 3503 1123 λέγει’
3550 1056 3613 1108 '0
3645 1057 3720 1109 τὸ

2129 1140 2323 1193 καλὸν
2348 1142 2588 1213 σπέρμα
2615 1145 2870 1212 σπείρας
2891 1144 3063 1198 ἐστὶν
3089 1148 3122 1198 ὀ
3153 1145 3298 1211 Θεός
3314 1149 3334 1175 ’λ
3365 1149 3398 1200 ὁ
3419 1144 3488 1199 δὲ
3531 1147 3717 1216 amor;

2126 1229 2300 1283 ἐστιν
2326 1235 2360 1286 ὁ
2389 1236 2620 1305 κόσμος
2639 1254 2652 1267 ο
2681 1236 2754 1290 τὰ
2787 1234 3004 1296 ᾇζάνιά
3043 1238 3201 1290 εἰσιν
3242 1239 3299 1290 ot
3328 1239 3576 1306 πονηροί
3608 1237 3719 1290 dr-

2127 1323 2348 1391 θρωποι
2365 1341 2380 1355 ’
2419 1330 2452 1380 ὁ
2479 1328 2695 1398 ἐχθρὸς
2715 1329 3031 1396 ἄνθρωπός
3062 1330 3238 1384 ἐστιν
3263 1329 3304 1385 ὁ
3317 1331 3598 1397 διάϐολος
3617 1349 3628 1362 ·
3655 1335 3720 1386 οἱ

2126 1417 2393 1482 aspectat
2427 1420 2591 1472 εἰσιν
2633 1421 2692 1473 οἱ
2731 1420 2992 1488 ἄγγελοι·
3043 1424 3076 1474 ό
3129 1421 3408 1489 θερισμός
3458 1421 3627 1474 ἐστιν
3672 1422 3716 1488 ὴ

2125 1508 2446 1562 συντέλεια
2490 1510 2600 1564 τοῦ
2645 1509 2863 1577 αἰῶνος
2887 1529 2901 1542 ·
2951 1513 2985 1565 ό
3021 1511 3191 1577 σῖτός
3231 1513 3405 1566 ἐστιν
3449 1515 3508 1566 οι
3532 1515 3710 1566 καλοὶ

2125 1595 2442 1668 ἄνθρωποι.
2496 1601 2626 1654 ’νοτε
2671 1602 3036 1673 παραγγέλλει
3074 1604 3103 1654 6
3135 1601 3337 1674 Κύριος
3373 1603 3500 1666 τοὺς
3542 1604 3714 1672 ἀγγέ-

2125 1689 2246 1752 λους
2302 1691 2466 1745 αὐτοῦ
2493 1731 2508 1755 ,
2545 1693 2640 1745 καὶ
2693 1693 2989 1762 συνάγουσι
3029 1693 3158 1756 τοὺς
3192 1693 3556 1764 ἁμαρτωλοὺς
3599 1695 3712 1748 ἀπὸ

2125 1783 2228 1854 τῆς
2264 1783 2429 1837 αὐτοῦ
2481 1783 2792 1854 βασιλείας,
2823 1785 2919 1838 καὶ
2967 1785 3356 1857 παραδιδόασιν
3388 1773 3583 1848 αὐτοὺς
3625 1787 3708 1849 εἰς

443 1886 554 1943 tur,
609 1885 664 1932 et
714 1872 1160 1945 patremfamilias
1191 1873 1416 1943 agrique
1453 1871 1737 1926 dominum
1801 1872 2016 1926 Patrem

2123 1875 2183 1927 τὸ
2215 1876 2432 1947 καῆναι.
2459 1877 2566 1930 Καὶ
2589 1878 2865 1950 θεωρεῖτε,
2899 1879 3005 1931 υἱοὶ
3034 1879 3134 1948 τῆς
3159 1877 3436 1948 ἀληθείας,
3463 1877 3543 1930 δτι
3565 1877 3706 1930 αὐτὰ

443 1985 607 2023 suum
639 1966 894 2038 appellat,
922 1965 1016 2034 qui
1043 1965 1246 2018 bonum
1281 1963 1414 2018 illud
1459 1972 1646 2018 semen
1676 1963 2018 2032 prosemina-

450 2062 609 2117 verit.

2124 1961 2161 2020 ἃ
2193 1964 2439 2036 βούλεται
2468 1969 2669 2038 λέγειν,
2715 1965 2836 2023 καθ’
2872 1969 3065 2024 ἑαυτοῦ
3108 1969 3489 2041 προϐάλλεται.
3535 1964 3708 2033 οὗτος

2121 2057 2152 2110 6
2179 2059 2584 2125 ἀνακαινισθεῖς
2599 2057 2730 2142 ἡμῖν
2756 2064 2876 2116 ἀντὶ
2904 2063 3012 2116 τῶν
3034 2063 3162 2135 περὶ
3199 2061 3406 2132 ’Ῑαννῆν
3425 2063 3520 2116 καὶ
3561 2064 3706 2133 Way.-

440 2152 600 2223 ὁρῆν.
636 2150 807 2213 Αὐτὸς
845 2150 942 2220 μὲν
979 2149 1088 2220 γὰρ
1145 2148 1390 2219 ἀρνεῖται
1433 2145 1524 2200 τὸν
1554 2146 1759 2216 κόσμον
1820 2147 1914 2200 τοῦ
1944 2145 2079 2202 Θεοῦ
2115 2144 2287 2204 εἶναι·
2336 2145 2437 2206 ὧδε
2486 2153 2543 2207 δὲ
2590 2155 2619 2207 6
2668 2154 2858 2226 Σωτὴρ
2899 2154 2992 2208 τόν
3034 2154 3250 2224 κόσμον
3282 2153 3385 2227 ἔφη
3436 2149 3573 2208 εἶναι
3615 2155 3705 2208 τὸν

440 2242 638 2312 ἀγρόνο
675 2239 765 2292 τὸν
796 2238 852 2290 δὲ
889 2234 1274 2306 οἰκοδεσπότην
1305 2234 1400 2287 καὶ
1454 2232 1642 2306 κύριον
1689 2233 1785 2287 τοῦ
1830 2234 2036 2304 ἀγροῦ,
2067 2239 2318 2294 τουτέστι
2349 2241 2458 2294 τὸν⁴
2504 2241 2671 2296 αὑτοῦ
2709 2242 2970 2313 Πατέρα,
3005 2242 3098 2296 καὶ
3139 2243 3336 2298 ἑαυτὸν
3365 2247 3704 2310 ἑσπαρκὲναι

437 2333 501 2386 τὺ
535 2331 693 2384 καλὸν
725 2328 889 2382 αὑτοῦ
924 2328 1168 2397 σπέρμα.

510 2423 696 2492 Neque
745 2435 874 2475 vero
908 2426 1001 2471 aut
1043 2423 1075 2471 a
1120 2415 1446 2485 corporibus
1494 2415 1747 2478 animas,
1809 2422 1902 2469 aut
1953 2415 2022 2470 ab

437 2517 726 2570 animabus
755 2525 986 2581 corpora
1025 2509 1336 2578 separavit,
1374 2507 1470 2562 sed
1521 2507 1803 2561 inimicum
1844 2507 2023 2560 homi-

438 2622 563 2662 nem
593 2603 802 2658 zizania
835 2599 1151 2655 consevisse
1195 2604 1383 2651 narrat
1405 2637 1420 2663 ,
1451 2596 1557 2652 hoc
1584 2605 1670 2651 est
1699 2596 2022 2667 depravatos

439 2698 727 2757 homines;
752 2707 852 2747 nec
879 2689 1127 2745 homines
1343 2691 1492 2758 ipsus
1525 2687 1755 2743 secrsim
1788 2688 1856 2743 de
1895 2701 2020 2743 cor-

440 2790 666 2860 poribus
727 2783 971 2853 accepit,
1021 2771 1122 2836 sed
1163 2781 1337 2835 malos
1381 2779 1631 2835 homines
1683 2780 2018 2849 coniunctim

440 2874 694 2950 appellat.
727 2876 804 2929 tta
839 2876 1042 2930 bonum
1097 2887 1284 2928 semen
1319 2887 1350 2927 e
1379 2873 1661 2926 contrario
1701 2871 2018 2942 paterfami-

440 2975 542 3028 lias
576 2974 629 3027 in
666 2985 800 3043 agro
826 2984 927 3025 suo
948 2953 1212 3030 seminat,
1243 2965 1418 3021 bonos
1447 2965 1697 3022 videlicet
1730 2967 1976 3021 homines
2001 3005 2017 3033 ,

439 3080 550 3120 non
591 3063 784 3118 borum
827 3057 1094 3113 duntaxat
1118 3056 1367 3122 animas,
1401 3055 1729 3122 se‘d‘bonos,
1773 3057 2017 3127 inq‘umn,

2196 2416 2305 2469 Kal.
2352 2414 2474 2468 οὔτε
2503 2414 2666 2468 διεῖλε
2709 2413 2886 2485 ψυχάς
2931 2415 3040 2468 ἀπὸ
3079 2416 3364 2486 σωμάτων,
3400 2418 3430 2488 ἢ
3475 2436 3704 2490 σωματα

2125 2507 2234 2561 ἀπὺ
2279 2506 2487 2577 ψυχῶν,
2537 2506 2673 2560 ἀλλά
2722 2507 2813 2559 τὸν
2863 2506 2963 2576 μὲν
3015 2507 3209 2579 ἐχθρὸν
3255 2507 3540 2580 ἄνθρωπον
3598 2513 3702 2586 ἔφη

2126 2600 2460 2672 ὲσπαρκέναι
2493 2598 2561 2652 τὰ
2595 2595 2840 2665 ζιζάνια,
2885 2599 2921 2653 ἆ
2961 2600 3104 2656 εἰσιν.
3129 2601 3186 2652 οἰκ
3222 2603 3448 2672 πονηροὶ
3494 2604 3705 2676 ἄνθρω·

2126 2709 2249 2745 ποι·
2290 2689 2607 2762 ἀνθρώπους
2628 2690 2685 2743 δὲ
2716 2691 2777 2744 ού
2802 2689 2958 2760 λέγει’
2978 2690 3204 2762 σώματα
3225 2693 3345 2744 κατ’
3380 2692 3536 2758 ἰδίαν,
3567 2695 3703 2750 ἀλλὰ

2124 2781 2262 2853 ὁμοῦ
2307 2779 2428 2836 εἷπε
2467 2782 2739 2855 πονηροὺς
2775 2774 3113 2856 ἀνθρώπους.
3151 2779 3326 2837 Πάλιν
3354 2784 3410 2837 δὲ
3438 2786 3705 2853 ὡσαύτως

2125 2875 2187 2928 τδ
2224 2873 2427 2943 ἀγαθὸν
2468 2874 2688 2945 σπέρμα
2734 2875 2764 2927 6
2807 2875 3194 2944 οἰκοδεσπότης
3241 2874 3494 2948 ἔσπειρεν
3536 2880 3594 2931 ὲν
3625 2879 3706 2950 τῷ

2130 2965 2243 3038 ἰδίῳ
2281 2965 2456 3037 ἀγρῷ,
2487 2967 2614 3022 τοὺς
2640 2965 2879 3036 ἀγαθούς
2919 2982 3053 3036 φησι
3080 2965 3418 3037 ἀνθρώπους.
3457 2969 3566 3022 Καὶ
3604 2971 3704 3024 οὐκ

2125 3055 2248 3112 εἷπε
2289 3057 2388 3122 τὰς
2423 3057 2628 3111 τούτων
2673 3058 2894 3128 ψυχὰς,
2919 3057 3034 3110 ἀλλ’
3078 3058 3314 3126 ἀγαθοὺς
3355 3061 3452 3113 σὺν
3487 3060 3702 3132 σώματι

437 3171 668 3226 corpore
713 3154 1002 3224 animaque
1029 3151 1370 3206 constantes.
1415 3149 1684 3215 Quocirca
1722 3159 1832 3204 tam
1876 3151 2016 3208 Deus

2123 3152 2215 3205 καὶ
2236 3151 2404 3222 ψυχῇ.
2433 3152 2576 3222 Ἀρα
2602 3148 2848 3218 γοῦν’διὰ”
2869 3149 2966 3220 τῆς
2987 3148 3334 3214 διδασκαλίας
3353 3153 3382 3204 6
3397 3152 3532 3216 Θεὸς
3555 3154 3706 3207 σπεί-

439 3248 640 3302 bonum
688 3245 742 3298 in
775 3240 1091 3297 hominibus
1133 3239 1382 3294 doctrina
1423 3255 1543 3304 sua,
1576 3255 1739 3310 quam
1769 3239 2021 3297 diabolus

442 3339 584 3392 mala
615 3336 808 3390 iisdem
833 3335 888 3388 in
918 3325 1229 3389 hominibus
1252 3332 1599 3402 improbitate
1629 3347 1726 3387 sua
1756 3335 2016 3389 conserit.

439 3430 834 3497 Qnameunque
872 3440 1000 3481 vero
1035 3440 1135 3480 nos
1179 3425 1233 3478 in
1269 3432 1478 3494 partem
1523 3431 1840 3489 vertamus,
1869 3424 2020 3479 radi-

439 3540 554 3577 rem
598 3519 884 3593 pravitatis
932 3517 1138 3572 nullam
1185 3517 1559 3586 reperiemus,
1595 3514 1689 3570 sed
1733 3531 1796 3570 ea
1840 3516 2016 3569 solum

438 3628 604 3681 opera
628 3625 750 3681 quas
785 3625 815 3663 a
853 3608 1010 3665 nobis
1042 3615 1444 3679 perpetrantur.
1487 3607 1654 3663 Ac‘ne
1679 3607 2016 3662 zizaniorum

437 3704 659 3772 quidem
685 3711 837 3756 satus
872 3701 1017 3755 illius
1047 3715 1213 3755 causa
1243 3699 1493 3754 diabolus
1532 3707 1636 3763 est,
1665 3701 1846 3755 statim
1873 3700 2016 3754 enim

439 3796 571 3850 illud
601 3795 855 3850 additur:
891 3794 1024 3849 Cum
1070 3794 1359 3847 dormirent
1407 3792 1661 3846 homines.
1699 3790 1818 3847 Non
1848 3791 2014 3856 dixit,

437 3887 573 3943 Cum
607 3887 870 3943 dormiret
908 3885 1322 3956 paterfamilias.
1357 3883 1490 3938 Dum
1523 3884 1666 3939 enim
1688 3882 2016 3938 intermissis

438 3977 600 4032 bonis
649 3977 908 4048 operibus
966 3977 1303 4041 dormimus,
1361 3977 1489 4030 dum
1545 3974 1728 4029 ofﬁcia
1789 3974 2016 4044 iustitiae

439 4071 786 4142 negligimus,
827 4070 956 4126 dum
983 4069 1050 4124 ad
1089 4067 1436 4139 exsequenda
1471 4067 1561 4121 Dei
1586 4065 1837 4120 mandata
1863 4065 2013 4136 vigili

436 4172 862 4234 experrectoque
916 4162 1100 4216 animo
1148 4175 1256 4214 non
1308 4175 1521 4222 sumus,
1576 4168 1706 4212 tunc
1753 4158 1809 4212 in
1855 4158 2014 4213 nobis

435 4261 662 4323 peccata
689 4253 1158 4324 proseminantur.
1183 4247 1423 4306 Videsne
1451 4259 1709 4319 pratterea
1742 4257 1800 4302 ut
1830 4249 1882 4302 in
1911 4249 2012 4303 hac

435 4347 695 4416 parabola
751 4360 1026 4401 messores
1085 4343 1153 4399 ad
1201 4341 1660 4398 concremaudum
1718 4339 2013 4395 fasciculos

435 4435 801 4504 componant?
834 4434 964 4498 Dic.
1015 4433 1176 4490 sodes
1198 4473 1214 4499 ,
1248 4446 1282 4486 ο
1315 4428 1646 4486 Manichaee:
1684 4429 2013 4484 Vinciuntur'

2127 3260 2207 3316 ρει
2234 3244 2296 3296 τὸ
2321 3242 2522 3311 ἀγαθὸν
2553 3244 2609 3294 ὲν
2642 3244 2754 3305 τοῖς
2788 3239 3119 3312 ἀνθρώποις,
3151 3241 3244 3293 καὶ
3275 3235 3364 3295 διὰ
3403 3244 3508 3314 τῆς
3535 3263 3704 3300 κακο.

2124 3334 2394 3408 μηχανίας
2422 3335 2451 3386 6
2493 3331 2739 3396 διάϐολος
2769 3333 3094 3403 ὐποσπείρει
3124 3332 3196 3386 τὰ·
3221 3335 3434 3406 πονηρὰ
3473 3335 3611 3407 ἔργα
3641 3339 3702 3391 ἐν

2118 3431 2231 3494 τοῖς
2255 3427 2585 3500 ἀνθρώποις.
2623 3427 2816 3482 Ἔνθεν
2845 3428 2901 3481 δὲ
2935 3429 3027 3482 καὶ
3063 3427 3217 3483 ἔνθεν
3255 3431 3326 3483 οὑν
3351 3431 3510 3501 ῥίζαν
3535 3434 3703 3505 εὑρή-

2121 3537 2286 3593 σομεν
2313 3519 2532 3584 κακίας,
2558 3519 2673 3573 ἀλλ’
2705 3517 2845 3592 ἔργα
2869 3519 2934 3573 δι’
2964 3519 3122 3591 ήμῶν
3147 3521 3560 3593 ἐπιτελούμενα.
3588 3526 3701 3578 Καὶ

2118 3613 2240 3667 οὐδὲ
2283 3612 2421 3676 ὅλως
2464 3613 2493 3666 6
2539 3610 2784 3674 διάϐολος
2821 3611 2992 3674 αἴτιός
3035 3613 3151 3665 ἐστι
3191 3613 3302 3665 τῶν
3337 3615 3702 3685 ἐσπαρμένων

2122 3703 2399 3768 ζιζανίων.
2437 3702 2614 3766 Εὐθὺς
2641 3702 2751 3772 γὰρ
2776 3701 2974 3772 φράζει
3000 3701 3174 3770 λέγων
3193 3721 3206 3733 ο
3244 3705 3347 3758 Ἐν
3376 3704 3458 3770 τῷ
3481 3709 3698 3762 imam}-

2116 3795 2246 3850 δειν
2278 3795 2420 3860 τοὺς
2447 3793 2818 3862 ἀνθρώπους.
2865 3794 2976 3846 Ka‘t
3002 3793 3102 3847 οὐκ
3145 3788 3320 3848 εἶπεν·
3341 3797 3428 3850 Ἑν
3454 3797 3530 3868 τῷ
3567 3799 3700 3852 καθ-

2117 3887 2292 3942 εύδειν
2335 3886 2428 3940 τὸν
2459 3885 2866 3954 οἰκοδεσπότην.
2919 3886 3088 3938 Ὅταν
3120 3885 3228 3957 γὰρ
3286 3887 3448 3956 ἡμεῖς
3473 3889 3698 3942 ἀποκοι-

2119 3978 2382 4050 μηθῶμεν
2410 3976 2518 4031 ἀπὸ
2551 3975 2773 4045 ἀγαθῶν
2805 3975 3016 4046 ἔργων,
3048 3976 3174 4029 ὅταν
3205 3967 3569 4048 ἀι,,ελή.ϐωμεν
3597 3979 3697 4049 τῆς

2113 4069 2477 4140 δικαιοσύνης,
2516 4069 2646 4122 ὅταν
2693 4068 2788 4122 τὸν
2835 4068 2959 4122 νοῦν
2997 4068 3072 4139 μὴ
3116 4070 3415 4142 ὲγρήγορον
3456 4072 3696 4141 ποιήσω-

2116 4178 2216 4232 μεν
2249 4161 2388 4233 πρὸς
2409 4161 2508 4233 τὴν
2532 4159 2627 4214 τοῦ
2661 4159 2798 4214 Θεοῦ
2829 4161 3070 4232 ἐντολὴν,
3096 4161 3219 4214 τότε
3263 4163 3599 4234 σπειρόμεθα
3625 4164 3702 4217 τά

2113 4252 2504 4324 ἁμαρτήματα.
2547 4251 2728 4324 Ὁρᾷς,
2759 4251 2840 4303 ὃτι
2867 4252 2916 4304 οἰ
2947 4250 3191 4322 θερισταὶ
3218 4253 3559 4322 ἑτοιμάζουσι
3591 4255 3694 4318 τὰς

2110 4337 2313 4408 δέσμας
2344 4339 2424 4400 εἰς
2455 4337 2517 4390 τὸ
2543 4337 2656 4409 πῦρ
2686 4337 2748 4391 τὸ
2793 4338 3048 4405 αἰώνιον;
3080 4340 3219 4408 Λέγε
3261 4358 3386 4410 μοι,
3426 4337 3471 4395 ὦ
3505 4342 3688 4413 Μάνη·

2111 4429 2304 4499 Ψυχάς
2330 4431 2448 4482 ὲκεϊ
2471 4428 2846 4501 δεσμεύουσιν,
2879 4432 2912 4502 ἢ
2948 4430 3176 4502 σώματα
3217 4433 3312 4486 σὺν
3341 4433 3486 4505 ψυχῇ
3507 4435 3694 4487 καίου-

435 4527 547 4582 illic
575 4526 768 4580 animae
787 4567 804 4592 ,
847 4541 918 4580 an
948 4541 1073 4580 cum
1114 4525 1295 4579 anima
1327 4538 1556 4593 corpora
1585 4523 2006 4586 comburuntur,

2123 4536 2220 4582 σιν,
2252 4518 2286 4588 ἢ
2316 4518 2409 4573 καὶ
2429 4517 2530 4582 τὰς
2556 4519 2768 4590 ψυχάς;
2802 4517 2996 4574 Οὐκέτι
3025 4521 3135 4593 γὰρ
3165 4522 3486 4594 σταθήσεται
3515 4526 3544 4577 ό
3565 4526 3693 4596 περὶ

435 4635 503 4674 an
537 4619 666 4675 solae
689 4619 953 4674 duntaxat
979 4617 1215 4673 anima}?
1242 4615 1362 4672 Non
1392 4617 1536 4672 enim
1560 4615 1760 4685 poterit
1800 4623 1888 4668 tua
1918 4613 2008 4669 illa

435 4713 504 4766 de
549 4713 854 4765 animorum
885 4709 1208 4781 purgatione
1261 4718 1408 4764 stare
1461 4708 1749 4768 sententia,
1781 4720 1906 4760 cum
1939 4706 2008 4759 ad

435 4801 760 4872 supplicium
791 4817 854 4855 ac
877 4800 1145 4870 judicium
1185 4801 1486 4854 tradentur.
1521 4798 1627 4853 Sed
1661 4797 1728 4851 de
1759 4797 1842 4850 his
1875 4797 2006 4852 hac-

435 4903 629 4956 tenus;
662 4900 788 4951 sunt
822 4892 964 4948 enim
1011 4892 1258 4948 veritatis
1295 4890 1457 4945 verba
1497 4887 1835 4960 sapientibus
1860 4887 2012 4943 haud-

431 4987 599 5042 obscu
609 5000 685 5039 ra.

502 5077 686 5132 LXVI.
729 5075 888 5130 Aliud
926 5089 1142 5146 quoque
1177 5071 1550 5128 testimonium
1584 5070 1791 5141 profert
1829 5072 2002 5128 sacris

428 5187 459 5226 e
493 5170 716 5224 Litteris
757 5168 1164 5238 depromptum,
1190 5165 1349 5234 cujus
1385 5177 1606 5217 sensum
1639 5175 1762 5217 cum
1793 5163 2002 5233 ignoret

431 5262 680 5332 penitus,
718 5257 975 5315 salutaris
1014 5254 1277 5310 doctrinae
1309 5253 1414 5306 vim
1469 5251 1644 5306 aliena
1678 5251 2005 5321 interpreta~

429 5351 578 5406 tione
621 5350 937 5418 detorquet;
975 5359 1040 5400 eo
1079 5344 1246 5414 igitur
1278 5341 1436 5412 quod
1469 5355 1499 5392 a
1528 5339 1755 5394 Domino
1795 5340 2002 5394 dictum

426 5450 511 5496 est
541 5443 818 5496 abutitur:
857 5437 1004 5492 Venit
1055 5438 1290 5504 princeps
1334 5433 1514 5487 mundi
1559 5433 1714 5496 huius
1748 5441 1796 5486 et
1826 5434 1880 5486 in
1925 5449 2004 5486 me

429 5548 586 5586 suum
609 5532 742 5584 nihil
773 5531 969 5583 invenit
1001 5530 1043 5580 ².
1082 5525 1220 5579 Tum
1256 5525 1383 5578 illud
1424 5524 1664 5593 Apostoli
1692 5541 1704 5578 :
1731 5522 1871 5576 Deus
1906 5523 2003 5574 Im-

425 5621 516 5692 ius
549 5621 731 5676 δαέραιὶ
773 5621 1050 5674 excwcavit
1083 5617 1422 5688 cegitationes
1454 5614 1770 5684 inﬁdelium,
1812 5623 1869 5666 ut
1897 5628 2001 5665 non

2115 4609 2457 4682 καθαρισμοῦ
2486 4627 2580 4664 σου
2619 4610 2730 4664 τῶν
2763 4611 2958 4682 ψυχῶν
2981 4612 3138 4680 λόγος
3164 4652 3180 4677 ,
3208 4613 3368 4666 ὁπότε
3407 4615 3486 4678 εἰς
3519 4632 3692 4685 τιμω-

2115 4702 2236 4773 ρίαν
2258 4703 2351 4755 καί
2376 4702 2557 4774 κρίσιν
2586 4703 3072 4774 παραδοθήσονται.
3126 4704 3284 4759 Ἀλλά
3311 4706 3535 4777 ἀρκέσει
3558 4707 3690 4778 περὶ

2113 4793 2315 4846 τούτων
2353 4794 2456 4857 ἕως
2481 4795 2589 4848 τῶν
2631 4795 2900 4850 ἐνταῦθα·
2929 4799 3043 4860 τοῖς
3085 4797 3193 4866 γὰρ
3233 4802 3469 4863 συνετοίς
3500 4801 3688 4867 φαίνε-

2110 4900 2202 4936 ται
2231 4883 2300 4938 τὰ
2325 4886 2463 4955 ῥητά
2486 4885 2584 4956 τῆς
2622 4885 2894 4956 ἀληθείας.

2179 5063 2314 5132 Ξςν.
2351 5063 2814 5135 Ἑπιλαμϐάνεται
2845 5064 3006 5118 πάλιν
3043 5065 3232 5136 ἐτέρου
3263 5067 3447 5138 ῥητοῦ,
3474 5070 3554 5132 εἰς
3588 5069 3686 5140 μέ-

2111 5171 2205 5210 σον
2241 5157 2443 5228 φέρων,
2477 5156 2571 5208 καὶ
2603 5156 2676 5228 μὴ
2700 5156 2836 5209 νοῶν
2862 5156 2931 5209 τά
2957 5159 3015 5211 ὲν
3040 5158 3190 5229 αὐτῷ
3220 5159 3536 5229 ὲγκείμενα,
3566 5162 3685 5216 ἐτέ-

2109 5266 2215 5318 ρως
2243 5246 2652 5319 παρερμηνεύει
2679 5247 2779 5315 τῆς
2810 5247 3188 5319 σωτηριώδους
3212 5249 3562 5314 διδασκαλίας
3585 5254 3686 5324 τὴν

2105 5337 2355 5408 δύναμιν,
2383 5338 2476 5390 διὰ
2503 5337 2565 5390 τὸ
2604 5337 2887 5407 εἰρηκέναι
2920 5339 3015 5392 τὸν
3060 5339 3313 5410 Σωτῆρα,
3359 5342 3440 5395 ὅτι
3473 5342 3684 5412 Ἔρχε-

2104 5447 2196 5483 ται
2247 5433 2279 5482 ό
2327 5429 2531 5497 ἅρχων
2576 5428 2681 5482 τοῦ
2725 5429 2962 5498 κόσμου
3024 5431 3262 5495 τούτου,
3315 5430 3411 5482 καὶ
3455 5431 3526 5486 ἐν
3553 5433 3681 5502 ἐμοὶ

2101 5519 2282 5573 οὐδὲν
2328 5518 2446 5572 τῶν
2489 5517 2678 5571 αὐτοῦ
2726 5521 3023 5587 εὑρίσκειο
3075 5521 3168 5572 καὶ
3215 5519 3382 5574 πάλιν
3414 5523 3565 5593 παρά
3605 5523 3682 5594 τῷ

2113 5609 2442 5681 ’Δποστόλι;›,
2473 5610 2556 5662 ὅτι
2607 5610 2672 5664 '0
2714 5611 2859 5679 Θεὸς
2886 5613 2991 5667 τοῦ
3029 5611 3246 5679 αἰῶνος
3299 5616 3516 5669 τούτου
3551 5616 3682 5670 ἐτύ-

535 5774 554 5812 ¹
580 5774 620 5830 ll
645 5775 786 5830 Tim.
826 5787 908 5840 tu,
932 5774 984 5829 8.
1061 5777 1080 5806 ²
1113 5771 1270 5828 Joan.
1301 5786 1417 5834 xiv,
1451 5768 1539 5825 50.
1604 5770 1623 5799 ³
1660 5767 1722 5825 F.
1753 5767 1846 5820 καὶ
1873 5765 2132 5835 εύκρινεί.
