  <div class='ocr_page' id='page_1' title='image "/cluster/home/n/w/nwhite01/storage/ocr_20150623/42/mdp.39015052824052/075.png"; bbox 0 0 4008 6240; ppageno 0'>
   <div class='ocr_carea' id='block_1_1' title="bbox 409 323 515 378">
    <p class='ocr_par' dir='ltr' id='par_1_1' title="bbox 409 323 515 378">
     <span class='ocr_line' id='line_1_1' title="bbox 409 323 515 378; baseline 0.009 -1"><span class='ocrx_word' id='word_1_1' title='bbox 409 323 515 378; x_wconf 72' lang='lat'><strong>135</strong></span> 
     </span>
    </p>
   </div>
   <div class='ocr_carea' id='block_1_2' title="bbox 1819 312 2262 372">
    <p class='ocr_par' dir='ltr' id='par_1_2' title="bbox 1819 312 2262 372">
     <span class='ocr_line' id='line_1_2' title="bbox 1819 312 2262 372; baseline -0.005 -2"><span class='ocrx_word' id='word_1_2' title='bbox 1819 317 1876 370; x_wconf 88' lang='lat' dir='ltr'><strong>S.</strong></span> <span class='ocrx_word' id='word_1_3' title='bbox 1915 312 2262 372; x_wconf 69' lang='grc' dir='ltr'><strong>ΕΡΙΡΞΞΛΝΙΙ</strong></span> 
     </span>
    </p>
   </div>
   <div class='ocr_carea' id='block_1_3' title="bbox 3576 313 3676 366">
    <p class='ocr_par' dir='ltr' id='par_1_3' title="bbox 3576 313 3676 366">
     <span class='ocr_line' id='line_1_3' title="bbox 3576 313 3676 366; baseline 0 -1"><span class='ocrx_word' id='word_1_4' title='bbox 3576 313 3676 366; x_wconf 69' lang='lat'><strong>136</strong></span> 
     </span>
    </p>
   </div>
   <div class='ocr_carea' id='block_1_4' title="bbox 410 425 2007 504">
    <p class='ocr_par' dir='ltr' id='par_1_4' title="bbox 410 429 1984 504">
     <span class='ocr_line' id='line_1_4' title="bbox 410 429 1984 504; baseline -0.006 -15"><span class='ocrx_word' id='word_1_5' title='bbox 410 433 518 489; x_wconf 89' lang='lat' dir='ltr'><strong>Sed</strong></span> <span class='ocrx_word' id='word_1_6' title='bbox 549 435 802 504; x_wconf 79' lang='lat' dir='ltr'><strong>quisnam</strong></span> <span class='ocrx_word' id='word_1_7' title='bbox 834 436 918 484; x_wconf 89' lang='lat' dir='ltr'><strong>est</strong></span> <span class='ocrx_word' id='word_1_8' title='bbox 947 429 1114 500; x_wconf 84' lang='lat' dir='ltr'><strong>hujus</strong></span> <span class='ocrx_word' id='word_1_9' title='bbox 1167 429 1257 484; x_wconf 89' lang='lat' dir='ltr'><strong>ille</strong></span> <span class='ocrx_word' id='word_1_10' title='bbox 1293 429 1480 484; x_wconf 88' lang='lat' dir='ltr'><strong>mundi</strong></span> <span class='ocrx_word' id='word_1_11' title='bbox 1530 430 1786 500; x_wconf 75' lang='lat' dir='ltr'><strong>princeps</strong></span> <span class='ocrx_word' id='word_1_12' title='bbox 1821 435 1843 485; x_wconf 69' lang='grc' dir='ltr'><strong>Υ</strong></span> <span class='ocrx_word' id='word_1_13' title='bbox 1930 429 1984 481; x_wconf 94' lang='lat' dir='ltr'><strong>In</strong></span> 
     </span>
    </p>
   </div>
   <div class='ocr_carea' id='block_1_5' title="bbox 2111 425 3680 504">
    <p class='ocr_par' dir='ltr' id='par_1_5' title="bbox 2111 425 3680 498">
     <span class='ocr_line' id='line_1_5' title="bbox 2111 425 3680 498; baseline -0.001 -19"><span class='ocrx_word' id='word_1_14' title='bbox 2111 429 2261 498; x_wconf 59' lang='grc' dir='ltr'>ιέγει,</span> <span class='ocrx_word' id='word_1_15' title='bbox 2303 427 2429 494; x_wconf 78' lang='grc' dir='ltr'><strong>Πᾶς</strong></span> <span class='ocrx_word' id='word_1_16' title='bbox 2464 432 2495 482; x_wconf 83' lang='grc' dir='ltr'><em>ὀ</em></span> <span class='ocrx_word' id='word_1_17' title='bbox 2543 433 2772 498; x_wconf 79' lang='grc' dir='ltr'>κόσμος</span> <span class='ocrx_word' id='word_1_18' title='bbox 2817 429 2886 482; x_wconf 79' lang='grc' dir='ltr'><strong>ἑν</strong></span> <span class='ocrx_word' id='word_1_19' title='bbox 2920 425 3000 492; x_wconf 82' lang='grc' dir='ltr'><strong>τῷ</strong></span> <span class='ocrx_word' id='word_1_20' title='bbox 3038 425 3278 494; x_wconf 68' lang='grc' dir='ltr'><strong>πονηρῷ</strong></span> <span class='ocrx_word' id='word_1_21' title='bbox 3325 428 3547 490; x_wconf 77' lang='grc' dir='ltr'>κεῖται,</span> <span class='ocrx_word' id='word_1_22' title='bbox 3577 425 3680 478; x_wconf 77' lang='grc' dir='ltr'>οὐκ</span> 
     </span>
    </p>
   </div>
   <div class='ocr_carea' id='block_1_6' title="bbox 413 519 1988 597">
    <p class='ocr_par' dir='ltr' id='par_1_6' title="bbox 413 519 1988 597">
     <span class='ocr_line' id='line_1_6' title="bbox 413 519 1988 597; baseline -0.005 -19"><span class='ocrx_word' id='word_1_23' title='bbox 413 527 603 597; x_wconf 80' lang='lat' dir='ltr'><strong>primis</strong></span> <span class='ocrx_word' id='word_1_24' title='bbox 645 537 767 576; x_wconf 79' lang='lat' dir='ltr'><strong>eum</strong></span> <span class='ocrx_word' id='word_1_25' title='bbox 806 523 923 575; x_wconf 89' lang='lat' dir='ltr'><strong>ait:</strong></span> <span class='ocrx_word' id='word_1_26' title='bbox 963 519 1127 574; x_wconf 74' lang='lat' dir='ltr'><strong>Talus</strong></span> <span class='ocrx_word' id='word_1_27' title='bbox 1161 519 1386 573; x_wconf 81' lang='lat' dir='ltr'><strong>mundus</strong></span> <span class='ocrx_word' id='word_1_28' title='bbox 1425 521 1480 572; x_wconf 82' lang='lat' dir='ltr'><strong>in</strong></span> <span class='ocrx_word' id='word_1_29' title='bbox 1525 519 1756 590; x_wconf 84' lang='lat' dir='ltr'><strong>maligno</strong></span> <span class='ocrx_word' id='word_1_30' title='bbox 1784 521 1988 588; x_wconf 72' lang='lat' dir='ltr'><strong>positus</strong></span> 
     </span>
    </p>
   </div>
   <div class='ocr_carea' id='block_1_7' title="bbox 409 614 1994 691">
    <p class='ocr_par' dir='ltr' id='par_1_7' title="bbox 409 614 1994 691">
     <span class='ocr_line' id='line_1_7' title="bbox 409 614 1994 691; baseline -0.004 -18"><span class='ocrx_word' id='word_1_31' title='bbox 409 629 484 673; x_wconf 82' lang='lat' dir='ltr'><strong>cst</strong></span> <span class='ocrx_word' id='word_1_32' title='bbox 514 617 709 691; x_wconf 56' lang='lat' dir='ltr'><strong>‘-&#39;,non</strong></span> <span class='ocrx_word' id='word_1_33' title='bbox 732 615 930 669; x_wconf 69' lang='lat' dir='ltr'><strong>coelum</strong></span> <span class='ocrx_word' id='word_1_34' title='bbox 955 654 971 678; x_wconf 92' lang='lat'><strong>,</strong></span> <span class='ocrx_word' id='word_1_35' title='bbox 1001 631 1109 670; x_wconf 91' lang='lat' dir='ltr'><strong>non</strong></span> <span class='ocrx_word' id='word_1_36' title='bbox 1144 624 1369 678; x_wconf 87' lang='lat' dir='ltr'><strong>terram,</strong></span> <span class='ocrx_word' id='word_1_37' title='bbox 1409 629 1517 668; x_wconf 91' lang='lat' dir='ltr'><strong>non</strong></span> <span class='ocrx_word' id='word_1_38' title='bbox 1545 614 1717 668; x_wconf 87' lang='lat' dir='ltr'><strong>solem</strong></span> <span class='ocrx_word' id='word_1_39' title='bbox 1742 655 1754 676; x_wconf 89' lang='lat'><strong>,</strong></span> <span class='ocrx_word' id='word_1_40' title='bbox 1787 626 1880 666; x_wconf 88' lang='lat' dir='ltr'><strong>aut</strong></span> <span class='ocrx_word' id='word_1_41' title='bbox 1912 614 1994 667; x_wconf 91' lang='lat' dir='ltr'><strong>lu-</strong></span> 
     </span>
    </p>
   </div>
   <div class='ocr_carea' id='block_1_8' title="bbox 409 707 1992 778">
    <p class='ocr_par' dir='ltr' id='par_1_8' title="bbox 409 707 1992 778">
     <span class='ocr_line' id='line_1_8' title="bbox 409 707 1992 778; baseline -0.003 -12"><span class='ocrx_word' id='word_1_42' title='bbox 409 728 536 766; x_wconf 85' lang='lat' dir='ltr'><strong>nam</strong></span> <span class='ocrx_word' id='word_1_43' title='bbox 570 708 860 778; x_wconf 79' lang='lat' dir='ltr'><strong>imelligit,</strong></span> <span class='ocrx_word' id='word_1_44' title='bbox 902 723 1010 762; x_wconf 90' lang='lat' dir='ltr'><strong>non</strong></span> <span class='ocrx_word' id='word_1_45' title='bbox 1053 708 1254 776; x_wconf 77' lang='lat' dir='ltr'><strong>stirpes</strong></span> <span class='ocrx_word' id='word_1_46' title='bbox 1280 746 1294 770; x_wconf 91' lang='lat'><strong>,</strong></span> <span class='ocrx_word' id='word_1_47' title='bbox 1327 707 1492 778; x_wconf 77' lang='lat'><strong>682</strong></span> <span class='ocrx_word' id='word_1_48' title='bbox 1530 723 1708 772; x_wconf 87' lang='lat' dir='ltr'><strong>mare,</strong></span> <span class='ocrx_word' id='word_1_49' title='bbox 1743 717 1992 770; x_wconf 86' lang='lat' dir='ltr'><strong>montes,</strong></span> 
     </span>
    </p>
   </div>
   <div class='ocr_carea' id='block_1_9' title="bbox 410 796 1994 867">
    <p class='ocr_par' dir='ltr' id='par_1_9' title="bbox 410 796 1994 867">
     <span class='ocr_line' id='line_1_9' title="bbox 410 796 1994 867; baseline -0.003 -11"><span class='ocrx_word' id='word_1_50' title='bbox 410 815 628 867; x_wconf 87' lang='lat' dir='ltr'><strong>acrem,</strong></span> <span class='ocrx_word' id='word_1_51' title='bbox 669 800 883 863; x_wconf 89' lang='lat' dir='ltr'><strong>nubes,</strong></span> <span class='ocrx_word' id='word_1_52' title='bbox 928 807 1158 861; x_wconf 90' lang='lat' dir='ltr'><strong>ventos,</strong></span> <span class='ocrx_word' id='word_1_53' title='bbox 1211 796 1430 862; x_wconf 80' lang='lat' dir='ltr'><strong>sidera,</strong></span> <span class='ocrx_word' id='word_1_54' title='bbox 1476 798 1758 862; x_wconf 80' lang='lat' dir='ltr'><strong>volucres,</strong></span> <span class='ocrx_word' id='word_1_55' title='bbox 1811 814 1994 852; x_wconf 87' lang='lat' dir='ltr'><strong>rerum</strong></span> 
     </span>
    </p>
   </div>
   <div class='ocr_carea' id='block_1_10' title="bbox 414 890 1994 965">
    <p class='ocr_par' dir='ltr' id='par_1_10' title="bbox 414 890 1994 965">
     <span class='ocr_line' id='line_1_10' title="bbox 414 890 1994 965; baseline -0.003 -16"><span class='ocrx_word' id='word_1_56' title='bbox 414 895 652 965; x_wconf 84' lang='lat' dir='ltr'><strong>denique</strong></span> <span class='ocrx_word' id='word_1_57' title='bbox 701 892 1045 946; x_wconf 86' lang='lat' dir='ltr'><strong>conditarum</strong></span> <span class='ocrx_word' id='word_1_58' title='bbox 1082 891 1326 956; x_wconf 88' lang='lat' dir='ltr'><strong>nullam;</strong></span> <span class='ocrx_word' id='word_1_59' title='bbox 1381 890 1476 945; x_wconf 88' lang='lat' dir='ltr'><strong>sed</strong></span> <span class='ocrx_word' id='word_1_60' title='bbox 1520 891 1800 944; x_wconf 85' lang='lat' dir='ltr'><strong>hominum</strong></span> <span class='ocrx_word' id='word_1_61' title='bbox 1833 907 1994 944; x_wconf 85' lang='lat' dir='ltr'><strong>mun-</strong></span> 
     </span>
    </p>
   </div>
   <div class='ocr_carea' id='block_1_11' title="bbox 410 980 1997 1052">
    <p class='ocr_par' dir='ltr' id='par_1_11' title="bbox 410 980 1997 1052">
     <span class='ocr_line' id='line_1_11' title="bbox 410 980 1997 1052; baseline -0.001 -14"><span class='ocrx_word' id='word_1_62' title='bbox 410 984 515 1038; x_wconf 86' lang='lat' dir='ltr'><strong>dus</strong></span> <span class='ocrx_word' id='word_1_63' title='bbox 551 981 807 1052; x_wconf 86' lang='lat' dir='ltr'><strong>superbia</strong></span> <span class='ocrx_word' id='word_1_64' title='bbox 839 980 1040 1035; x_wconf 89' lang='lat' dir='ltr'><strong>mentis</strong></span> <span class='ocrx_word' id='word_1_65' title='bbox 1071 990 1177 1044; x_wconf 90' lang='lat' dir='ltr'><strong>est,</strong></span> <span class='ocrx_word' id='word_1_66' title='bbox 1211 990 1261 1035; x_wconf 90' lang='lat' dir='ltr'><strong>et</strong></span> <span class='ocrx_word' id='word_1_67' title='bbox 1300 980 1474 1036; x_wconf 85' lang='lat' dir='ltr'><strong>fastus</strong></span> <span class='ocrx_word' id='word_1_68' title='bbox 1501 982 1762 1046; x_wconf 82' lang='lat' dir='ltr'><strong>audacia3,</strong></span> <span class='ocrx_word' id='word_1_69' title='bbox 1794 989 1849 1036; x_wconf 87' lang='lat' dir='ltr'><strong>et</strong></span> <span class='ocrx_word' id='word_1_70' title='bbox 1870 982 1997 1036; x_wconf 88' lang='lat' dir='ltr'><strong>elati</strong></span> 
     </span>
    </p>
   </div>
   <div class='ocr_carea' id='block_1_12' title="bbox 411 1071 1999 1144">
    <p class='ocr_par' dir='ltr' id='par_1_12' title="bbox 411 1071 1999 1144">
     <span class='ocr_line' id='line_1_12' title="bbox 411 1071 1999 1144; baseline -0.001 -16"><span class='ocrx_word' id='word_1_71' title='bbox 411 1073 578 1128; x_wconf 88' lang='lat' dir='ltr'><strong>animi</strong></span> <span class='ocrx_word' id='word_1_72' title='bbox 613 1075 666 1126; x_wconf 90' lang='lat' dir='ltr'><strong>in</strong></span> <span class='ocrx_word' id='word_1_73' title='bbox 703 1071 1018 1126; x_wconf 88' lang='lat' dir='ltr'><strong>hominibus</strong></span> <span class='ocrx_word' id='word_1_74' title='bbox 1049 1072 1382 1142; x_wconf 80' lang='lat' dir='ltr'><strong>arrogantia.</strong></span> <span class='ocrx_word' id='word_1_75' title='bbox 1419 1072 1588 1142; x_wconf 81' lang='lat' dir='ltr'><strong>Igitur</strong></span> <span class='ocrx_word' id='word_1_76' title='bbox 1629 1073 1816 1126; x_wconf 89' lang='lat' dir='ltr'><strong>nmndi</strong></span> <span class='ocrx_word' id='word_1_77' title='bbox 1848 1075 1999 1144; x_wconf 85' lang='lat' dir='ltr'><strong>prin-</strong></span> 
     </span>
    </p>
   </div>
   <div class='ocr_carea' id='block_1_13' title="bbox 413 1165 1998 1240">
    <p class='ocr_par' dir='ltr' id='par_1_13' title="bbox 413 1165 1998 1240">
     <span class='ocr_line' id='line_1_13' title="bbox 413 1165 1998 1240; baseline -0.003 -16"><span class='ocrx_word' id='word_1_78' title='bbox 413 1185 542 1240; x_wconf 88' lang='lat' dir='ltr'><strong>ceps</strong></span> <span class='ocrx_word' id='word_1_79' title='bbox 570 1169 658 1223; x_wconf 92' lang='lat' dir='ltr'><strong>ille</strong></span> <span class='ocrx_word' id='word_1_80' title='bbox 699 1168 956 1222; x_wconf 89' lang='lat' dir='ltr'><strong>deorsum</strong></span> <span class='ocrx_word' id='word_1_81' title='bbox 1011 1167 1268 1236; x_wconf 85' lang='lat' dir='ltr'><strong>superbia</strong></span> <span class='ocrx_word' id='word_1_82' title='bbox 1303 1182 1401 1222; x_wconf 89' lang='lat' dir='ltr'><strong>sua</strong></span> <span class='ocrx_word' id='word_1_83' title='bbox 1439 1167 1656 1222; x_wconf 89' lang='lat' dir='ltr'><strong>cecidit.</strong></span> <span class='ocrx_word' id='word_1_84' title='bbox 1707 1165 1806 1220; x_wconf 82' lang='lat' dir='ltr'><strong>Vos</strong></span> <span class='ocrx_word' id='word_1_85' title='bbox 1839 1168 1998 1233; x_wconf 84' lang='lat' dir='ltr'><strong>enim,</strong></span> 
     </span>
    </p>
   </div>
   <div class='ocr_carea' id='block_1_14' title="bbox 415 1253 2000 1332">
    <p class='ocr_par' dir='ltr' id='par_1_14' title="bbox 415 1253 2000 1332">
     <span class='ocr_line' id='line_1_14' title="bbox 415 1253 2000 1332; baseline -0.001 -16"><span class='ocrx_word' id='word_1_86' title='bbox 415 1261 622 1332; x_wconf 86' lang='lat' dir='ltr'><strong>inquit,</strong></span> <span class='ocrx_word' id='word_1_87' title='bbox 651 1253 881 1332; x_wconf 84' lang='lat' dir='ltr'><strong>gloriam</strong></span> <span class='ocrx_word' id='word_1_88' title='bbox 917 1261 981 1314; x_wconf 91' lang='lat' dir='ltr'><strong>ab</strong></span> <span class='ocrx_word' id='word_1_89' title='bbox 1023 1261 1245 1315; x_wconf 79' lang='lat' dir='ltr'><strong>invicem</strong></span> <span class='ocrx_word' id='word_1_90' title='bbox 1281 1261 1471 1329; x_wconf 76' lang='lat' dir='ltr'><strong>capitis</strong></span> <span class='ocrx_word' id='word_1_91' title='bbox 1507 1261 1548 1314; x_wconf 83' lang='grc'><strong>³.</strong></span> <span class='ocrx_word' id='word_1_92' title='bbox 1593 1259 1702 1331; x_wconf 82' lang='lat' dir='ltr'><strong>Ego</strong></span> <span class='ocrx_word' id='word_1_93' title='bbox 1742 1278 1859 1314; x_wconf 80' lang='lat' dir='ltr'><strong>vero</strong></span> <span class='ocrx_word' id='word_1_94' title='bbox 1899 1278 2000 1314; x_wconf 90' lang='lat' dir='ltr'><strong>non</strong></span> 
     </span>
    </p>
   </div>
   <div class='ocr_carea' id='block_1_15' title="bbox 414 1355 2004 1425">
    <p class='ocr_par' dir='ltr' id='par_1_15' title="bbox 414 1355 2004 1425">
     <span class='ocr_line' id='line_1_15' title="bbox 414 1355 2004 1425; baseline 0 -17"><span class='ocrx_word' id='word_1_95' title='bbox 414 1372 594 1425; x_wconf 82' lang='lat' dir='ltr'><strong>quwro</strong></span> <span class='ocrx_word' id='word_1_96' title='bbox 639 1355 864 1424; x_wconf 77' lang='lat' dir='ltr'><strong>gloriam</strong></span> <span class='ocrx_word' id='word_1_97' title='bbox 916 1355 1154 1409; x_wconf 79' lang='lat' dir='ltr'><strong>meam&quot;.</strong></span> <span class='ocrx_word' id='word_1_98' title='bbox 1211 1355 1408 1410; x_wconf 81' lang='lat' dir='ltr'><strong>Annon</strong></span> <span class='ocrx_word' id='word_1_99' title='bbox 1457 1355 1713 1425; x_wconf 84' lang='lat' dir='ltr'><strong>superbia</strong></span> <span class='ocrx_word' id='word_1_100' title='bbox 1757 1355 2004 1410; x_wconf 80' lang='lat' dir='ltr'><strong>excidit?</strong></span> 
     </span>
    </p>
   </div>
   <div class='ocr_carea' id='block_1_16' title="bbox 427 1447 2003 1519">
    <p class='ocr_par' dir='ltr' id='par_1_16' title="bbox 427 1447 2003 1519">
     <span class='ocr_line' id='line_1_16' title="bbox 427 1447 2003 1519; baseline -0.001 -18"><span class='ocrx_word' id='word_1_101' title='bbox 427 1447 546 1502; x_wconf 82' lang='lat' dir='ltr'><strong>Non</strong></span> <span class='ocrx_word' id='word_1_102' title='bbox 585 1449 839 1519; x_wconf 88' lang='lat' dir='ltr'><strong>princeps</strong></span> <span class='ocrx_word' id='word_1_103' title='bbox 871 1449 1058 1503; x_wconf 90' lang='lat' dir='ltr'><strong>mundi</strong></span> <span class='ocrx_word' id='word_1_104' title='bbox 1089 1449 1408 1503; x_wconf 82' lang='lat' dir='ltr'><strong>confractus</strong></span> <span class='ocrx_word' id='word_1_105' title='bbox 1438 1457 1521 1503; x_wconf 90' lang='lat' dir='ltr'><strong>est</strong></span> <span class='ocrx_word' id='word_1_106' title='bbox 1543 1489 1558 1512; x_wconf 91' lang='lat'><strong>,</strong></span> <span class='ocrx_word' id='word_1_107' title='bbox 1595 1465 1716 1503; x_wconf 90' lang='lat' dir='ltr'><strong>cum</strong></span> <span class='ocrx_word' id='word_1_108' title='bbox 1747 1458 1800 1503; x_wconf 87' lang='lat' dir='ltr'><strong>et</strong></span> <span class='ocrx_word' id='word_1_109' title='bbox 1833 1448 2003 1502; x_wconf 82' lang='lat' dir='ltr'><strong>llero-</strong></span> 
     </span>
    </p>
   </div>
   <div class='ocr_carea' id='block_1_17' title="bbox 416 1538 2006 1634">
    <p class='ocr_par' dir='ltr' id='par_1_17' title="bbox 416 1538 2006 1634">
     <span class='ocr_line' id='line_1_17' title="bbox 416 1538 2006 1634; baseline -0.001 -40"><span class='ocrx_word' id='word_1_110' title='bbox 416 1539 515 1594; x_wconf 90' lang='lat' dir='ltr'><strong>des</strong></span> <span class='ocrx_word' id='word_1_111' title='bbox 549 1547 888 1594; x_wconf 86' lang='lat' dir='ltr'><strong>mortuorum</strong></span> <span class='ocrx_word' id='word_1_112' title='bbox 941 1555 1005 1593; x_wconf 91' lang='lat' dir='ltr'><strong>ac</strong></span> <span class='ocrx_word' id='word_1_113' title='bbox 1035 1540 1282 1594; x_wconf 87' lang='lat' dir='ltr'><strong>vivorum</strong></span> <span class='ocrx_word' id='word_1_114' title='bbox 1317 1539 1562 1608; x_wconf 90' lang='lat' dir='ltr'><strong>judicem</strong></span> <span class='ocrx_word' id='word_1_115' title='bbox 1606 1538 2006 1634; x_wconf 67' lang='lat' dir='ltr'><strong>hominumque</strong></span> 
     </span>
    </p>
   </div>
   <div class='ocr_carea' id='block_1_18' title="bbox 413 1631 2006 1703">
    <p class='ocr_par' dir='ltr' id='par_1_18' title="bbox 413 1631 2006 1703">
     <span class='ocr_line' id='line_1_18' title="bbox 413 1631 2006 1703; baseline -0.003 -15"><span class='ocrx_word' id='word_1_116' title='bbox 413 1633 719 1688; x_wconf 77' lang='lat' dir='ltr'><strong>custodiret</strong></span> <span class='ocrx_word' id='word_1_117' title='bbox 785 1649 851 1688; x_wconf 88' lang='lat' dir='ltr'><strong>ac</strong></span> <span class='ocrx_word' id='word_1_118' title='bbox 891 1631 1100 1703; x_wconf 87' lang='lat' dir='ltr'><strong>judicio</strong></span> <span class='ocrx_word' id='word_1_119' title='bbox 1147 1631 1473 1702; x_wconf 78' lang='lat' dir='ltr'><strong>subjiceret,</strong></span> <span class='ocrx_word' id='word_1_120' title='bbox 1515 1647 1638 1686; x_wconf 90' lang='lat' dir='ltr'><strong>cum</strong></span> <span class='ocrx_word' id='word_1_121' title='bbox 1691 1631 2006 1700; x_wconf 68' lang='lat' dir='ltr'><strong>prtes&#39;iderct</strong></span> 
     </span>
    </p>
   </div>
   <div class='ocr_carea' id='block_1_19' title="bbox 415 1721 2006 1794">
    <p class='ocr_par' dir='ltr' id='par_1_19' title="bbox 415 1721 2006 1794">
     <span class='ocr_line' id='line_1_19' title="bbox 415 1721 2006 1794; baseline 0 -16"><span class='ocrx_word' id='word_1_122' title='bbox 415 1726 646 1789; x_wconf 80' lang='lat' dir='ltr'><strong>Pilatus,</strong></span> <span class='ocrx_word' id='word_1_123' title='bbox 678 1741 802 1780; x_wconf 89' lang='lat' dir='ltr'><strong>cum</strong></span> <span class='ocrx_word' id='word_1_124' title='bbox 832 1726 1051 1780; x_wconf 86' lang='lat' dir='ltr'><strong>satelles</strong></span> <span class='ocrx_word' id='word_1_125' title='bbox 1078 1725 1274 1778; x_wconf 86' lang='lat' dir='ltr'><strong>malam</strong></span> <span class='ocrx_word' id='word_1_126' title='bbox 1319 1724 1574 1788; x_wconf 76' lang='lat' dir='ltr'><strong>caederet,</strong></span> <span class='ocrx_word' id='word_1_127' title='bbox 1610 1721 1779 1780; x_wconf 86' lang='lat' dir='ltr'><strong>Judas</strong></span> <span class='ocrx_word' id='word_1_128' title='bbox 1808 1725 2006 1794; x_wconf 88' lang='lat' dir='ltr'><strong>prode-</strong></span> 
     </span>
    </p>
   </div>
   <div class='ocr_carea' id='block_1_20' title="bbox 2097 517 3679 592">
    <p class='ocr_par' dir='ltr' id='par_1_20' title="bbox 2097 517 3679 592">
     <span class='ocr_line' id='line_1_20' title="bbox 2097 517 3679 592; baseline -0.003 -20"><span class='ocrx_word' id='word_1_129' title='bbox 2097 521 2322 592; x_wconf 78' lang='grc' dir='ltr'>οὐρανὸν</span> <span class='ocrx_word' id='word_1_130' title='bbox 2348 520 2542 588; x_wconf 87' lang='grc' dir='ltr'>λέγων,</span> <span class='ocrx_word' id='word_1_131' title='bbox 2568 521 2628 573; x_wconf 89' lang='grc' dir='ltr'>οὑ</span> <span class='ocrx_word' id='word_1_132' title='bbox 2655 520 2751 592; x_wconf 83' lang='grc' dir='ltr'>τὴν</span> <span class='ocrx_word' id='word_1_133' title='bbox 2780 521 2906 590; x_wconf 75' lang='grc' dir='ltr'>γῆν,</span> <span class='ocrx_word' id='word_1_134' title='bbox 2933 521 3030 589; x_wconf 84' lang='grc' dir='ltr'>οὑχ</span> <span class='ocrx_word' id='word_1_135' title='bbox 3055 519 3225 590; x_wconf 77' lang='grc' dir='ltr'>ἥλιον,</span> <span class='ocrx_word' id='word_1_136' title='bbox 3256 518 3315 570; x_wconf 89' lang='grc' dir='ltr'>οὑ</span> <span class='ocrx_word' id='word_1_137' title='bbox 3343 519 3594 588; x_wconf 79' lang='grc' dir='ltr'><strong>σελήνην,</strong></span> <span class='ocrx_word' id='word_1_138' title='bbox 3616 517 3679 570; x_wconf 82' lang='grc' dir='ltr'><strong>οὗ</strong></span> 
     </span>
    </p>
   </div>
   <div class='ocr_carea' id='block_1_21' title="bbox 2097 609 3679 684">
    <p class='ocr_par' dir='ltr' id='par_1_21' title="bbox 2097 609 3679 684">
     <span class='ocr_line' id='line_1_21' title="bbox 2097 609 3679 684; baseline -0.001 -20"><span class='ocrx_word' id='word_1_139' title='bbox 2097 613 2258 682; x_wconf 80' lang='grc' dir='ltr'>φυτά,</span> <span class='ocrx_word' id='word_1_140' title='bbox 2293 613 2354 666; x_wconf 86' lang='grc' dir='ltr'><strong>οὑ</strong></span> <span class='ocrx_word' id='word_1_141' title='bbox 2408 613 2706 678; x_wconf 83' lang='grc' dir='ltr'>θάλασσαν,</span> <span class='ocrx_word' id='word_1_142' title='bbox 2741 613 2841 666; x_wconf 84' lang='grc' dir='ltr'>οὑκ</span> <span class='ocrx_word' id='word_1_143' title='bbox 2875 615 2974 684; x_wconf 78' lang='grc' dir='ltr'>ὅρη</span> <span class='ocrx_word' id='word_1_144' title='bbox 2997 658 3009 680; x_wconf 89' lang='grc'>,</span> <span class='ocrx_word' id='word_1_145' title='bbox 3046 615 3146 666; x_wconf 84' lang='grc' dir='ltr'>οὐκ</span> <span class='ocrx_word' id='word_1_146' title='bbox 3191 613 3364 683; x_wconf 89' lang='grc' dir='ltr'>ἀέρα,</span> <span class='ocrx_word' id='word_1_147' title='bbox 3403 611 3466 664; x_wconf 86' lang='grc' dir='ltr'>οὑ</span> <span class='ocrx_word' id='word_1_148' title='bbox 3506 609 3679 679; x_wconf 84' lang='grc' dir='ltr'>νέφη,</span> 
     </span>
    </p>
   </div>
   <div class='ocr_carea' id='block_1_22' title="bbox 2094 701 3684 775">
    <p class='ocr_par' dir='ltr' id='par_1_22' title="bbox 2094 701 3684 775">
     <span class='ocr_line' id='line_1_22' title="bbox 2094 701 3684 775; baseline -0.001 -21"><span class='ocrx_word' id='word_1_149' title='bbox 2094 702 2193 755; x_wconf 86' lang='grc' dir='ltr'>οὑκ</span> <span class='ocrx_word' id='word_1_150' title='bbox 2222 702 2442 774; x_wconf 78' lang='grc' dir='ltr'>ἄνεμον,</span> <span class='ocrx_word' id='word_1_151' title='bbox 2469 704 2569 756; x_wconf 89' lang='grc' dir='ltr'>οὑκ</span> <span class='ocrx_word' id='word_1_152' title='bbox 2601 703 2796 771; x_wconf 82' lang='grc' dir='ltr'>ἄστρα,</span> <span class='ocrx_word' id='word_1_153' title='bbox 2827 706 2888 758; x_wconf 87' lang='grc' dir='ltr'>οὑ</span> <span class='ocrx_word' id='word_1_154' title='bbox 2911 703 3111 775; x_wconf 83' lang='grc' dir='ltr'>πτηνά,</span> <span class='ocrx_word' id='word_1_155' title='bbox 3136 701 3287 756; x_wconf 80' lang='grc' dir='ltr'>οὐδέν</span> <span class='ocrx_word' id='word_1_156' title='bbox 3321 719 3374 754; x_wconf 90' lang='grc' dir='ltr'>τι</span> <span class='ocrx_word' id='word_1_157' title='bbox 3399 701 3508 753; x_wconf 85' lang='grc' dir='ltr'><strong>τῶν</strong></span> <span class='ocrx_word' id='word_1_158' title='bbox 3540 701 3684 753; x_wconf 76' lang='grc' dir='ltr'>ἐκτι-</span> 
     </span>
    </p>
   </div>
   <div class='ocr_carea' id='block_1_23' title="bbox 2099 791 3680 866">
    <p class='ocr_par' dir='ltr' id='par_1_23' title="bbox 2099 791 3680 866">
     <span class='ocr_line' id='line_1_23' title="bbox 2099 791 3680 866; baseline -0.002 -20"><span class='ocrx_word' id='word_1_159' title='bbox 2099 793 2330 864; x_wconf 83' lang='grc' dir='ltr'>σμένων,</span> <span class='ocrx_word' id='word_1_160' title='bbox 2369 795 2444 866; x_wconf 84' lang='grc' dir='ltr'>μὴ</span> <span class='ocrx_word' id='word_1_161' title='bbox 2476 795 2706 863; x_wconf 72' lang='grc' dir='ltr'>γένοιτοί</span> <span class='ocrx_word' id='word_1_162' title='bbox 2755 795 2894 848; x_wconf 81' lang='grc' dir='ltr'>Ἀλλ’</span> <span class='ocrx_word' id='word_1_163' title='bbox 2925 797 2953 848; x_wconf 87' lang='grc' dir='ltr'><strong>ὁ</strong></span> <span class='ocrx_word' id='word_1_164' title='bbox 2981 795 3181 866; x_wconf 88' lang='grc' dir='ltr'>κόσμος</span> <span class='ocrx_word' id='word_1_165' title='bbox 3212 793 3321 847; x_wconf 83' lang='grc' dir='ltr'>τῶν</span> <span class='ocrx_word' id='word_1_166' title='bbox 3353 791 3680 865; x_wconf 81' lang='grc' dir='ltr'>ἀνθρώπων,</span> 
     </span>
    </p>
   </div>
   <div class='ocr_carea' id='block_1_24' title="bbox 2096 885 3682 958">
    <p class='ocr_par' dir='ltr' id='par_1_24' title="bbox 2096 885 3682 958">
     <span class='ocr_line' id='line_1_24' title="bbox 2096 885 3682 958; baseline -0.001 -20"><span class='ocrx_word' id='word_1_167' title='bbox 2096 887 2130 956; x_wconf 87' lang='grc' dir='ltr'><strong>ὴ</strong></span> <span class='ocrx_word' id='word_1_168' title='bbox 2172 886 2520 958; x_wconf 81' lang='grc' dir='ltr'><strong>ὑπερηφανία</strong></span> <span class='ocrx_word' id='word_1_169' title='bbox 2555 888 2654 958; x_wconf 86' lang='grc' dir='ltr'><strong>τῆς</strong></span> <span class='ocrx_word' id='word_1_170' title='bbox 2687 889 2916 952; x_wconf 77' lang='grc' dir='ltr'>ἐννοίας,</span> <span class='ocrx_word' id='word_1_171' title='bbox 2951 887 3011 940; x_wconf 71' lang='grc' dir='ltr'>τὸ</span> <span class='ocrx_word' id='word_1_172' title='bbox 3043 887 3242 958; x_wconf 78' lang='grc' dir='ltr'><strong>θράσος</strong></span> <span class='ocrx_word' id='word_1_173' title='bbox 3288 885 3380 940; x_wconf 76' lang='grc' dir='ltr'><strong>τοῦ</strong></span> <span class='ocrx_word' id='word_1_174' title='bbox 3411 885 3614 954; x_wconf 81' lang='grc' dir='ltr'><strong>τύφου,</strong></span> <span class='ocrx_word' id='word_1_175' title='bbox 3647 885 3682 954; x_wconf 77' lang='grc' dir='ltr'><strong>ἡ</strong></span> 
     </span>
    </p>
   </div>
   <div class='ocr_carea' id='block_1_25' title="bbox 2098 969 3688 1051">
    <p class='ocr_par' dir='ltr' id='par_1_25' title="bbox 2098 969 3688 1051">
     <span class='ocr_line' id='line_1_25' title="bbox 2098 969 3688 1051; baseline -0.004 -19"><span class='ocrx_word' id='word_1_176' title='bbox 2098 977 2386 1043; x_wconf 79' lang='grc' dir='ltr'>ἀλαζονεία</span> <span class='ocrx_word' id='word_1_177' title='bbox 2429 977 2530 1050; x_wconf 83' lang='grc' dir='ltr'><strong>τῆς</strong></span> <span class='ocrx_word' id='word_1_178' title='bbox 2575 978 2683 1032; x_wconf 86' lang='grc' dir='ltr'>τῶν</span> <span class='ocrx_word' id='word_1_179' title='bbox 2733 979 3036 1051; x_wconf 83' lang='grc' dir='ltr'>ἀνθρώπων</span> <span class='ocrx_word' id='word_1_180' title='bbox 3089 979 3417 1050; x_wconf 80' lang='grc' dir='ltr'>ὲπάρσεως,</span> <span class='ocrx_word' id='word_1_181' title='bbox 3463 969 3622 1038; x_wconf 72' lang='grc' dir='ltr'>οὗτος</span> <span class='ocrx_word' id='word_1_182' title='bbox 3656 975 3688 1027; x_wconf 80' lang='grc' dir='ltr'><strong>ὁ</strong></span> 
     </span>
    </p>
   </div>
   <div class='ocr_carea' id='block_1_26' title="bbox 2099 1065 3681 1141">
    <p class='ocr_par' dir='ltr' id='par_1_26' title="bbox 2099 1065 3681 1141">
     <span class='ocr_line' id='line_1_26' title="bbox 2099 1065 3681 1141; baseline -0.005 -16"><span class='ocrx_word' id='word_1_183' title='bbox 2099 1071 2282 1141; x_wconf 83' lang='grc' dir='ltr'>ἄρχων</span> <span class='ocrx_word' id='word_1_184' title='bbox 2311 1069 2406 1123; x_wconf 80' lang='grc' dir='ltr'><strong>τοῦ</strong></span> <span class='ocrx_word' id='word_1_185' title='bbox 2437 1071 2644 1140; x_wconf 77' lang='grc' dir='ltr'><strong>κόσμου</strong></span> <span class='ocrx_word' id='word_1_186' title='bbox 2667 1070 2855 1124; x_wconf 81' lang='grc' dir='ltr'>τούτου</span> <span class='ocrx_word' id='word_1_187' title='bbox 2882 1071 3108 1138; x_wconf 78' lang='grc' dir='ltr'>ἐξέπεσε</span> <span class='ocrx_word' id='word_1_188' title='bbox 3133 1068 3284 1124; x_wconf 91' lang='grc' dir='ltr'>κάτω</span> <span class='ocrx_word' id='word_1_189' title='bbox 3307 1065 3681 1140; x_wconf 74' lang='grc' dir='ltr'>ὑπερηφανίᾳ.</span> 
     </span>
    </p>
   </div>
   <div class='ocr_carea' id='block_1_27' title="bbox 2112 1158 3686 1237">
    <p class='ocr_par' dir='ltr' id='par_1_27' title="bbox 2112 1158 3686 1237">
     <span class='ocr_line' id='line_1_27' title="bbox 2112 1158 3686 1237; baseline -0.02 -2"><span class='ocrx_word' id='word_1_190' title='bbox 2112 1163 2298 1233; x_wconf 78' lang='grc' dir='ltr'>Ὑμεῖς</span> <span class='ocrx_word' id='word_1_191' title='bbox 2327 1163 2469 1234; x_wconf 57' lang='grc' dir='ltr'><strong>γὰρ,</strong></span> <span class='ocrx_word' id='word_1_192' title='bbox 2501 1165 2635 1237; x_wconf 75' lang='grc' dir='ltr'>φησὶ</span> <span class='ocrx_word' id='word_1_193' title='bbox 2654 1205 2669 1229; x_wconf 82' lang='grc'><em>,</em></span> <span class='ocrx_word' id='word_1_194' title='bbox 2706 1163 2895 1228; x_wconf 77' lang='grc' dir='ltr'>δόξαν</span> <span class='ocrx_word' id='word_1_195' title='bbox 2927 1163 3088 1228; x_wconf 71' lang='grc' dir='ltr'>παρὰ</span> <span class='ocrx_word' id='word_1_196' title='bbox 3124 1161 3414 1222; x_wconf 72' lang='grc' dir='ltr'><strong>ἀλλήλων</strong></span> <span class='ocrx_word' id='word_1_197' title='bbox 3454 1158 3686 1216; x_wconf 67' lang='lat' dir='ltr'><strong>auum-</strong></span> 
     </span>
    </p>
   </div>
   <div class='ocr_carea' id='block_1_28' title="bbox 2101 1249 3688 1327">
    <p class='ocr_par' dir='ltr' id='par_1_28' title="bbox 2101 1249 3688 1327">
     <span class='ocr_line' id='line_1_28' title="bbox 2101 1249 3688 1327; baseline -0.006 -17"><span class='ocrx_word' id='word_1_198' title='bbox 2101 1274 2252 1311; x_wconf 82' lang='grc' dir='ltr'>νετε’</span> <span class='ocrx_word' id='word_1_199' title='bbox 2283 1257 2398 1327; x_wconf 73' lang='grc' dir='ltr'><strong>ἐγὼ</strong></span> <span class='ocrx_word' id='word_1_200' title='bbox 2427 1256 2496 1310; x_wconf 85' lang='grc' dir='ltr'>δὲ</span> <span class='ocrx_word' id='word_1_201' title='bbox 2535 1259 2608 1312; x_wconf 85' lang='grc' dir='ltr'>οὐ</span> <span class='ocrx_word' id='word_1_202' title='bbox 2651 1255 2798 1325; x_wconf 65' lang='lat' dir='ltr'><strong>(neti)</strong></span> <span class='ocrx_word' id='word_1_203' title='bbox 2838 1255 2952 1324; x_wconf 75' lang='grc' dir='ltr'><strong>τὴν</strong></span> <span class='ocrx_word' id='word_1_204' title='bbox 2989 1252 3254 1325; x_wconf 85' lang='grc' dir='ltr'><strong>ἐμαυτοῦ</strong></span> <span class='ocrx_word' id='word_1_205' title='bbox 3305 1251 3512 1316; x_wconf 73' lang='grc' dir='ltr'><strong>δόξαν.</strong></span> <span class='ocrx_word' id='word_1_206' title='bbox 3559 1249 3688 1312; x_wconf 80' lang='grc' dir='ltr'><strong>Πῶς</strong></span> 
     </span>
    </p>
   </div>
   <div class='ocr_carea' id='block_1_29' title="bbox 2101 1339 3688 1424">
    <p class='ocr_par' dir='ltr' id='par_1_29' title="bbox 2101 1339 3688 1424">
     <span class='ocr_line' id='line_1_29' title="bbox 2101 1339 3688 1424; baseline -0.008 -20"><span class='ocrx_word' id='word_1_207' title='bbox 2101 1351 2211 1424; x_wconf 80' lang='grc' dir='ltr'>γὰρ</span> <span class='ocrx_word' id='word_1_208' title='bbox 2243 1353 2344 1404; x_wconf 86' lang='grc' dir='ltr'>οὑκ</span> <span class='ocrx_word' id='word_1_209' title='bbox 2391 1349 2586 1404; x_wconf 78' lang='grc' dir='ltr'>ἔπεσεν</span> <span class='ocrx_word' id='word_1_210' title='bbox 2620 1351 2654 1422; x_wconf 82' lang='grc' dir='ltr'>ἡ</span> <span class='ocrx_word' id='word_1_211' title='bbox 2685 1348 3067 1420; x_wconf 83' lang='grc' dir='ltr'>ὑπερηφανία;</span> <span class='ocrx_word' id='word_1_212' title='bbox 3105 1347 3223 1410; x_wconf 85' lang='grc' dir='ltr'>πῶς</span> <span class='ocrx_word' id='word_1_213' title='bbox 3265 1345 3368 1399; x_wconf 83' lang='grc' dir='ltr'>οὐκ</span> <span class='ocrx_word' id='word_1_214' title='bbox 3403 1339 3688 1415; x_wconf 81' lang='grc' dir='ltr'>ὲθραύσθη</span> 
     </span>
    </p>
   </div>
   <div class='ocr_carea' id='block_1_30' title="bbox 2103 1435 3692 1518">
    <p class='ocr_par' dir='ltr' id='par_1_30' title="bbox 2103 1435 3692 1518">
     <span class='ocr_line' id='line_1_30' title="bbox 2103 1435 3692 1518; baseline -0.008 -18"><span class='ocrx_word' id='word_1_215' title='bbox 2103 1449 2131 1500; x_wconf 88' lang='grc' dir='ltr'><strong>ὁ</strong></span> <span class='ocrx_word' id='word_1_216' title='bbox 2168 1448 2352 1518; x_wconf 81' lang='grc' dir='ltr'>ἄρχων</span> <span class='ocrx_word' id='word_1_217' title='bbox 2382 1445 2474 1499; x_wconf 78' lang='grc' dir='ltr'><strong>τοῦ</strong></span> <span class='ocrx_word' id='word_1_218' title='bbox 2507 1447 2734 1516; x_wconf 79' lang='grc' dir='ltr'><strong>κόσμου,</strong></span> <span class='ocrx_word' id='word_1_219' title='bbox 2777 1444 3020 1514; x_wconf 84' lang='grc' dir='ltr'>Ἡρώδου</span> <span class='ocrx_word' id='word_1_220' title='bbox 3054 1441 3151 1514; x_wconf 82' lang='grc' dir='ltr'>μὲν</span> <span class='ocrx_word' id='word_1_221' title='bbox 3178 1439 3538 1512; x_wconf 79' lang='grc' dir='ltr'><strong>φυλάττοντος</strong></span> <span class='ocrx_word' id='word_1_222' title='bbox 3593 1435 3692 1488; x_wconf 72' lang='grc' dir='ltr'>καὶ</span> 
     </span>
    </p>
   </div>
   <div class='ocr_carea' id='block_1_31' title="bbox 2105 1529 3691 1611">
    <p class='ocr_par' dir='ltr' id='par_1_31' title="bbox 2105 1529 3691 1611">
     <span class='ocr_line' id='line_1_31' title="bbox 2105 1529 3691 1611; baseline -0.008 -19"><span class='ocrx_word' id='word_1_223' title='bbox 2105 1539 2384 1611; x_wconf 83' lang='grc' dir='ltr'>κρίνοντος</span> <span class='ocrx_word' id='word_1_224' title='bbox 2415 1537 2506 1592; x_wconf 85' lang='grc' dir='ltr'><strong>τὸν</strong></span> <span class='ocrx_word' id='word_1_225' title='bbox 2538 1536 2729 1608; x_wconf 81' lang='grc' dir='ltr'>κριτὴν</span> <span class='ocrx_word' id='word_1_226' title='bbox 2761 1535 2979 1602; x_wconf 78' lang='grc' dir='ltr'>ζώντων</span> <span class='ocrx_word' id='word_1_227' title='bbox 3031 1535 3126 1588; x_wconf 60' lang='grc' dir='ltr'><strong>καὶ¹</strong></span> <span class='ocrx_word' id='word_1_228' title='bbox 3167 1529 3376 1604; x_wconf 84' lang='grc' dir='ltr'>νεκρῶν</span> <span class='ocrx_word' id='word_1_229' title='bbox 3434 1531 3528 1584; x_wconf 70' lang='grc' dir='ltr'>καὶ</span> <span class='ocrx_word' id='word_1_230' title='bbox 3575 1529 3691 1580; x_wconf 80' lang='grc' dir='ltr'><strong>Κύ-</strong></span> 
     </span>
    </p>
   </div>
   <div class='ocr_carea' id='block_1_32' title="bbox 2110 1619 3690 1700">
    <p class='ocr_par' dir='ltr' id='par_1_32' title="bbox 2110 1619 3690 1700">
     <span class='ocr_line' id='line_1_32' title="bbox 2110 1619 3690 1700; baseline -0.008 -18"><span class='ocrx_word' id='word_1_231' title='bbox 2110 1645 2242 1700; x_wconf 90' lang='grc' dir='ltr'>ριον,</span> <span class='ocrx_word' id='word_1_232' title='bbox 2289 1627 2524 1682; x_wconf 85' lang='grc' dir='ltr'>Πιλάτου</span> <span class='ocrx_word' id='word_1_233' title='bbox 2571 1628 2628 1681; x_wconf 82' lang='grc' dir='ltr'>δὲ</span> <span class='ocrx_word' id='word_1_234' title='bbox 2663 1625 3140 1699; x_wconf 84' lang='grc' dir='ltr'>προκαθεζομένου</span> <span class='ocrx_word' id='word_1_235' title='bbox 3165 1663 3179 1688; x_wconf 90' lang='grc'><strong>,</strong></span> <span class='ocrx_word' id='word_1_236' title='bbox 3213 1621 3489 1694; x_wconf 81' lang='grc' dir='ltr'>ὑπηρέτου</span> <span class='ocrx_word' id='word_1_237' title='bbox 3524 1619 3690 1692; x_wconf 75' lang='grc' dir='ltr'>ῥαπί-</span> 
     </span>
    </p>
   </div>
   <div class='ocr_carea' id='block_1_33' title="bbox 2109 1711 3710 1792">
    <p class='ocr_par' dir='ltr' id='par_1_33' title="bbox 2109 1711 3710 1792">
     <span class='ocr_line' id='line_1_33' title="bbox 2109 1711 3710 1792; baseline -0.005 -19"><span class='ocrx_word' id='word_1_238' title='bbox 2109 1721 2292 1786; x_wconf 85' lang='grc' dir='ltr'>ζοντος</span> <span class='ocrx_word' id='word_1_239' title='bbox 2341 1721 2438 1792; x_wconf 82' lang='grc' dir='ltr'>τὴν</span> <span class='ocrx_word' id='word_1_240' title='bbox 2473 1719 2696 1790; x_wconf 84' lang='grc' dir='ltr'>σιαγόνα</span> <span class='ocrx_word' id='word_1_241' title='bbox 2721 1759 2736 1784; x_wconf 94' lang='grc'>,</span> <span class='ocrx_word' id='word_1_242' title='bbox 2793 1717 2963 1771; x_wconf 86' lang='grc' dir='ltr'>Ἰούδα</span> <span class='ocrx_word' id='word_1_243' title='bbox 3008 1715 3389 1786; x_wconf 75' lang='grc' dir='ltr'>παραδιδόντος</span> <span class='ocrx_word' id='word_1_244' title='bbox 3413 1755 3427 1779; x_wconf 94' lang='grc'>,</span> <span class='ocrx_word' id='word_1_245' title='bbox 3465 1711 3710 1782; x_wconf 48' lang='grc' dir='ltr'>Καῖάφᾳι,</span> 
     </span>
    </p>
   </div>
   <div class='ocr_carea' id='block_1_34' title="bbox 415 1781 2007 1886">
    <p class='ocr_par' dir='ltr' id='par_1_34' title="bbox 415 1781 2002 1886">
     <span class='ocr_line' id='line_1_34' title="bbox 415 1781 2002 1886; baseline -0.003 -16"><span class='ocrx_word' id='word_1_246' title='bbox 415 1825 523 1880; x_wconf 87' lang='lat' dir='ltr'><strong>ret,</strong></span> <span class='ocrx_word' id='word_1_247' title='bbox 565 1781 804 1886; x_wconf 71' lang='lat' dir='ltr'><strong>Caiphae</strong></span> <span class='ocrx_word' id='word_1_248' title='bbox 848 1816 1159 1884; x_wconf 86' lang='lat' dir='ltr'><strong>judicaret,</strong></span> <span class='ocrx_word' id='word_1_249' title='bbox 1199 1811 1375 1867; x_wconf 68' lang='lat' dir='ltr'><strong>Judaei</strong></span> <span class='ocrx_word' id='word_1_250' title='bbox 1418 1781 1594 1882; x_wconf 81' lang='lat' dir='ltr'><strong>sputis</strong></span> <span class='ocrx_word' id='word_1_251' title='bbox 1627 1781 2002 1882; x_wconf 57' lang='lat' dir='ltr'><strong>aspergerent,</strong></span> 
     </span>
    </p>
   </div>
   <div class='ocr_carea' id='block_1_35' title="bbox 2111 1781 3691 1886">
    <p class='ocr_par' dir='ltr' id='par_1_35' title="bbox 2111 1802 3691 1877">
     <span class='ocr_line' id='line_1_35' title="bbox 2111 1802 3691 1877; baseline -0.006 -11"><span class='ocrx_word' id='word_1_252' title='bbox 2111 1812 2456 1877; x_wconf 77' lang='grc' dir='ltr'><strong>δικάζοντος,</strong></span> <span class='ocrx_word' id='word_1_253' title='bbox 2525 1811 2793 1864; x_wconf 81' lang='grc' dir='ltr'><strong>Ἰουδαίων</strong></span> <span class='ocrx_word' id='word_1_254' title='bbox 2838 1808 3281 1871; x_wconf 88' lang='grc' dir='ltr'>καταπτυόντων,</span> <span class='ocrx_word' id='word_1_255' title='bbox 3340 1802 3691 1877; x_wconf 68' lang='grc' dir='ltr'>πρατιωτῶν</span> 
     </span>
    </p>
   </div>
   <div class='ocr_carea' id='block_1_36' title="bbox 417 1905 2002 1978">
    <p class='ocr_par' dir='ltr' id='par_1_36' title="bbox 417 1905 2002 1978">
     <span class='ocr_line' id='line_1_36' title="bbox 417 1905 2002 1978; baseline -0.003 -16"><span class='ocrx_word' id='word_1_256' title='bbox 417 1909 622 1963; x_wconf 87' lang='lat' dir='ltr'><strong>milites</strong></span> <span class='ocrx_word' id='word_1_257' title='bbox 661 1907 898 1978; x_wconf 88' lang='lat' dir='ltr'><strong>denique</strong></span> <span class='ocrx_word' id='word_1_258' title='bbox 927 1914 1092 1977; x_wconf 87' lang='lat' dir='ltr'><strong>caput</strong></span> <span class='ocrx_word' id='word_1_259' title='bbox 1125 1906 1244 1977; x_wconf 84' lang='lat' dir='ltr'><strong>ejus</strong></span> <span class='ocrx_word' id='word_1_260' title='bbox 1281 1905 1528 1975; x_wconf 90' lang='lat' dir='ltr'><strong>colaphis</strong></span> <span class='ocrx_word' id='word_1_261' title='bbox 1561 1905 1878 1970; x_wconf 79' lang='lat' dir='ltr'><strong>tunderent,</strong></span> <span class='ocrx_word' id='word_1_262' title='bbox 1910 1905 2002 1975; x_wconf 89' lang='lat' dir='ltr'><strong>qui</strong></span> 
     </span>
    </p>
   </div>
   <div class='ocr_carea' id='block_1_37' title="bbox 417 1995 2006 2066">
    <p class='ocr_par' dir='ltr' id='par_1_37' title="bbox 417 1995 2006 2066">
     <span class='ocr_line' id='line_1_37' title="bbox 417 1995 2006 2066; baseline -0.004 -13"><span class='ocrx_word' id='word_1_263' title='bbox 417 1999 538 2054; x_wconf 82' lang='lat' dir='ltr'><strong>solo</strong></span> <span class='ocrx_word' id='word_1_264' title='bbox 583 2008 720 2052; x_wconf 88' lang='lat' dir='ltr'><strong>nutu</strong></span> <span class='ocrx_word' id='word_1_265' title='bbox 768 1999 968 2052; x_wconf 74' lang='lat' dir='ltr'><strong>ctelum</strong></span> <span class='ocrx_word' id='word_1_266' title='bbox 1010 2006 1324 2066; x_wconf 81' lang='lat' dir='ltr'><strong>terramque</strong></span> <span class='ocrx_word' id='word_1_267' title='bbox 1367 2005 1734 2066; x_wconf 84' lang='lat' dir='ltr'><strong>contorquere</strong></span> <span class='ocrx_word' id='word_1_268' title='bbox 1783 1995 2006 2066; x_wconf 84' lang='lat' dir='ltr'><strong>posset?</strong></span> 
     </span>
    </p>
   </div>
   <div class='ocr_carea' id='block_1_38' title="bbox 417 2089 2006 2160">
    <p class='ocr_par' dir='ltr' id='par_1_38' title="bbox 417 2089 2006 2160">
     <span class='ocr_line' id='line_1_38' title="bbox 417 2089 2006 2160; baseline -0.001 -16"><span class='ocrx_word' id='word_1_269' title='bbox 417 2089 545 2144; x_wconf 76' lang='lat' dir='ltr'><strong>Haec</strong></span> <span class='ocrx_word' id='word_1_270' title='bbox 575 2089 744 2160; x_wconf 77' lang='lat' dir='ltr'><strong>igitur</strong></span> <span class='ocrx_word' id='word_1_271' title='bbox 774 2089 1062 2159; x_wconf 83' lang='lat' dir='ltr'><strong>superbia,</strong></span> <span class='ocrx_word' id='word_1_272' title='bbox 1097 2090 1213 2144; x_wconf 68' lang='lat' dir='ltr'><strong>haec</strong></span> <span class='ocrx_word' id='word_1_273' title='bbox 1239 2089 1468 2144; x_wconf 85' lang='lat' dir='ltr'><strong>audacia</strong></span> <span class='ocrx_word' id='word_1_274' title='bbox 1491 2129 1506 2152; x_wconf 90' lang='lat'><strong>,</strong></span> <span class='ocrx_word' id='word_1_275' title='bbox 1534 2089 1648 2144; x_wconf 77' lang='lat' dir='ltr'><strong>haec</strong></span> <span class='ocrx_word' id='word_1_276' title='bbox 1679 2089 1886 2142; x_wconf 92' lang='lat' dir='ltr'><strong>mundo</strong></span> <span class='ocrx_word' id='word_1_277' title='bbox 1910 2090 2006 2142; x_wconf 89' lang='lat' dir='ltr'><strong>ad-</strong></span> 
     </span>
    </p>
   </div>
   <div class='ocr_carea' id='block_1_39' title="bbox 417 2181 2006 2252">
    <p class='ocr_par' dir='ltr' id='par_1_39' title="bbox 417 2181 2006 2252">
     <span class='ocr_line' id='line_1_39' title="bbox 417 2181 2006 2252; baseline -0.003 -16"><span class='ocrx_word' id='word_1_278' title='bbox 417 2182 696 2236; x_wconf 83' lang='lat' dir='ltr'><strong>dictorum</strong></span> <span class='ocrx_word' id='word_1_279' title='bbox 730 2181 1012 2236; x_wconf 85' lang='lat' dir='ltr'><strong>hominum</strong></span> <span class='ocrx_word' id='word_1_280' title='bbox 1041 2181 1246 2252; x_wconf 85' lang='lat' dir='ltr'><strong>gloria,</strong></span> <span class='ocrx_word' id='word_1_281' title='bbox 1279 2181 1468 2235; x_wconf 88' lang='lat' dir='ltr'><strong>mundi</strong></span> <span class='ocrx_word' id='word_1_282' title='bbox 1498 2181 1586 2235; x_wconf 91' lang='lat' dir='ltr'><strong>ille</strong></span> <span class='ocrx_word' id='word_1_283' title='bbox 1617 2183 1871 2251; x_wconf 90' lang='lat' dir='ltr'><strong>princeps</strong></span> <span class='ocrx_word' id='word_1_284' title='bbox 1899 2189 2006 2245; x_wconf 88' lang='lat' dir='ltr'><strong>est,</strong></span> 
     </span>
    </p>
   </div>
   <div class='ocr_carea' id='block_1_40' title="bbox 417 2272 2008 2344">
    <p class='ocr_par' dir='ltr' id='par_1_40' title="bbox 417 2272 2008 2344">
     <span class='ocr_line' id='line_1_40' title="bbox 417 2272 2008 2344; baseline 0.001 -18"><span class='ocrx_word' id='word_1_285' title='bbox 417 2275 512 2344; x_wconf 91' lang='lat' dir='ltr'><strong>qui</strong></span> <span class='ocrx_word' id='word_1_286' title='bbox 563 2273 616 2325; x_wconf 89' lang='lat' dir='ltr'><strong>iu</strong></span> <span class='ocrx_word' id='word_1_287' title='bbox 670 2283 870 2327; x_wconf 88' lang='lat' dir='ltr'><strong>terram</strong></span> <span class='ocrx_word' id='word_1_288' title='bbox 921 2273 1213 2344; x_wconf 88' lang='lat' dir='ltr'><strong>prolapsus</strong></span> <span class='ocrx_word' id='word_1_289' title='bbox 1263 2281 1365 2328; x_wconf 86' lang='lat' dir='ltr'><strong>est.</strong></span> <span class='ocrx_word' id='word_1_290' title='bbox 1400 2272 1614 2326; x_wconf 85' lang='lat' dir='ltr'><strong>Etenim</strong></span> <span class='ocrx_word' id='word_1_291' title='bbox 1663 2273 1758 2342; x_wconf 93' lang='lat' dir='ltr'><strong>qui</strong></span> <span class='ocrx_word' id='word_1_292' title='bbox 1804 2275 1858 2326; x_wconf 87' lang='lat' dir='ltr'><strong>in</strong></span> <span class='ocrx_word' id='word_1_293' title='bbox 1903 2273 2008 2328; x_wconf 89' lang='lat' dir='ltr'><strong>hoc</strong></span> 
     </span>
    </p>
   </div>
   <div class='ocr_carea' id='block_1_41' title="bbox 418 2363 2006 2434">
    <p class='ocr_par' dir='ltr' id='par_1_41' title="bbox 418 2363 2006 2434">
     <span class='ocr_line' id='line_1_41' title="bbox 418 2363 2006 2434; baseline 0 -16"><span class='ocrx_word' id='word_1_294' title='bbox 418 2365 626 2418; x_wconf 85' lang='lat' dir='ltr'><strong>mundo</strong></span> <span class='ocrx_word' id='word_1_295' title='bbox 646 2363 914 2416; x_wconf 90' lang='lat' dir='ltr'><strong>honorum</strong></span> <span class='ocrx_word' id='word_1_296' title='bbox 943 2375 994 2418; x_wconf 89' lang='lat' dir='ltr'><strong>et</strong></span> <span class='ocrx_word' id='word_1_297' title='bbox 1022 2364 1348 2434; x_wconf 75' lang='lat' dir='ltr'><strong>dignitatum</strong></span> <span class='ocrx_word' id='word_1_298' title='bbox 1367 2363 1630 2434; x_wconf 79' lang='lat' dir='ltr'><strong>gradibus</strong></span> <span class='ocrx_word' id='word_1_299' title='bbox 1653 2365 2006 2430; x_wconf 83' lang='lat' dir='ltr'><strong>antecellunt,</strong></span> 
     </span>
    </p>
   </div>
   <div class='ocr_carea' id='block_1_42' title="bbox 418 2455 2007 2527">
    <p class='ocr_par' dir='ltr' id='par_1_42' title="bbox 418 2455 2007 2527">
     <span class='ocr_line' id='line_1_42' title="bbox 418 2455 2007 2527; baseline -0.001 -16"><span class='ocrx_word' id='word_1_300' title='bbox 418 2455 493 2511; x_wconf 84' lang='lat' dir='ltr'><strong>ita</strong></span> <span class='ocrx_word' id='word_1_301' title='bbox 518 2457 883 2526; x_wconf 83' lang='lat' dir='ltr'><strong>principatum</strong></span> <span class='ocrx_word' id='word_1_302' title='bbox 919 2456 1190 2524; x_wconf 87' lang='lat' dir='ltr'><strong>obtinent,</strong></span> <span class='ocrx_word' id='word_1_303' title='bbox 1216 2466 1272 2510; x_wconf 90' lang='lat' dir='ltr'><strong>ut</strong></span> <span class='ocrx_word' id='word_1_304' title='bbox 1299 2457 1645 2527; x_wconf 83' lang='lat' dir='ltr'><strong>arrogantia,</strong></span> <span class='ocrx_word' id='word_1_305' title='bbox 1691 2457 2007 2523; x_wconf 82' lang='lat' dir='ltr'><strong>insolentia,</strong></span> 
     </span>
    </p>
   </div>
   <div class='ocr_carea' id='block_1_43' title="bbox 390 2550 2012 2627">
    <p class='ocr_par' dir='ltr' id='par_1_43' title="bbox 390 2550 2012 2627">
     <span class='ocr_line' id='line_1_43' title="bbox 390 2550 2012 2627; baseline 0.002 -25"><span class='ocrx_word' id='word_1_306' title='bbox 390 2551 591 2627; x_wconf 83' lang='lat' dir='ltr'><strong>_gloria</strong></span> <span class='ocrx_word' id='word_1_307' title='bbox 626 2550 992 2619; x_wconf 86' lang='lat' dir='ltr'><strong>superbiaque</strong></span> <span class='ocrx_word' id='word_1_308' title='bbox 1034 2565 1157 2606; x_wconf 85' lang='lat' dir='ltr'><strong>sese</strong></span> <span class='ocrx_word' id='word_1_309' title='bbox 1186 2550 1420 2604; x_wconf 91' lang='lat' dir='ltr'><strong>nimium</strong></span> <span class='ocrx_word' id='word_1_310' title='bbox 1446 2551 1696 2616; x_wconf 77' lang='lat' dir='ltr'><strong>eﬂ‘erant,</strong></span> <span class='ocrx_word' id='word_1_311' title='bbox 1731 2566 1852 2621; x_wconf 63' lang='lat' dir='ltr'><strong>quae</strong></span> <span class='ocrx_word' id='word_1_312' title='bbox 1889 2551 2012 2620; x_wconf 89' lang='lat' dir='ltr'><strong>qui-</strong></span> 
     </span>
    </p>
   </div>
   <div class='ocr_carea' id='block_1_44' title="bbox 419 2641 2012 2697">
    <p class='ocr_par' dir='ltr' id='par_1_44' title="bbox 419 2641 2012 2697">
     <span class='ocr_line' id='line_1_44' title="bbox 419 2641 2012 2697; baseline 0 0"><span class='ocrx_word' id='word_1_313' title='bbox 419 2641 544 2697; x_wconf 85' lang='lat' dir='ltr'><strong>dem</strong></span> <span class='ocrx_word' id='word_1_314' title='bbox 590 2657 619 2694; x_wconf 89' lang='lat' dir='ltr'><strong>a</strong></span> <span class='ocrx_word' id='word_1_315' title='bbox 662 2641 946 2696; x_wconf 81' lang='lat' dir='ltr'><strong>Salvatore</strong></span> <span class='ocrx_word' id='word_1_316' title='bbox 993 2650 1185 2696; x_wconf 87' lang='lat' dir='ltr'><strong>nostro</strong></span> <span class='ocrx_word' id='word_1_317' title='bbox 1238 2641 1536 2696; x_wconf 88' lang='lat' dir='ltr'><strong>abl‘uerunt</strong></span> <span class='ocrx_word' id='word_1_318' title='bbox 1572 2642 1778 2696; x_wconf 87' lang='lat' dir='ltr'><strong>omnia.</strong></span> <span class='ocrx_word' id='word_1_319' title='bbox 1823 2643 2012 2697; x_wconf 85' lang='lat' dir='ltr'><strong>Linum</strong></span> 
     </span>
    </p>
   </div>
   <div class='ocr_carea' id='block_1_45' title="bbox 417 2732 2010 2804">
    <p class='ocr_par' dir='ltr' id='par_1_45' title="bbox 417 2732 2010 2804">
     <span class='ocr_line' id='line_1_45' title="bbox 417 2732 2010 2804; baseline 0.002 -17"><span class='ocrx_word' id='word_1_320' title='bbox 417 2734 557 2787; x_wconf 76' lang='lat' dir='ltr'><strong>enim</strong></span> <span class='ocrx_word' id='word_1_321' title='bbox 588 2732 855 2801; x_wconf 70' lang='lat' dir='ltr'><strong>[umigatus</strong></span> <span class='ocrx_word' id='word_1_322' title='bbox 885 2749 988 2786; x_wconf 87' lang='lat' dir='ltr'><strong>non</strong></span> <span class='ocrx_word' id='word_1_323' title='bbox 1011 2734 1328 2804; x_wconf 75' lang='lat' dir='ltr'><strong>exstinguel,</strong></span> <span class='ocrx_word' id='word_1_324' title='bbox 1352 2743 1400 2787; x_wconf 85' lang='lat' dir='ltr'><strong>et</strong></span> <span class='ocrx_word' id='word_1_325' title='bbox 1431 2733 1700 2788; x_wconf 84' lang='lat' dir='ltr'><strong>calamum</strong></span> <span class='ocrx_word' id='word_1_326' title='bbox 1721 2737 2010 2790; x_wconf 83' lang='lat' dir='ltr'><strong>contritum</strong></span> 
     </span>
    </p>
   </div>
   <div class='ocr_carea' id='block_1_46' title="bbox 421 2825 910 2892">
    <p class='ocr_par' dir='ltr' id='par_1_46' title="bbox 421 2825 910 2892">
     <span class='ocr_line' id='line_1_46' title="bbox 421 2825 910 2892; baseline -0.004 -14"><span class='ocrx_word' id='word_1_327' title='bbox 421 2841 524 2878; x_wconf 86' lang='lat' dir='ltr'><strong>non</strong></span> <span class='ocrx_word' id='word_1_328' title='bbox 550 2825 842 2892; x_wconf 77' lang='lat' dir='ltr'><strong>confringet</strong></span> <span class='ocrx_word' id='word_1_329' title='bbox 867 2825 910 2876; x_wconf 81' lang='grc'><strong>⁵.</strong></span> 
     </span>
    </p>
   </div>
   <div class='ocr_carea' id='block_1_47' title="bbox 491 2916 1986 2989">
    <p class='ocr_par' dir='ltr' id='par_1_47' title="bbox 491 2916 1986 2989">
     <span class='ocr_line' id='line_1_47' title="bbox 491 2916 1986 2989; baseline 0.001 -19"><span class='ocrx_word' id='word_1_330' title='bbox 491 2917 719 2972; x_wconf 76' lang='lat' dir='ltr'><strong>LXVlll.</strong></span> <span class='ocrx_word' id='word_1_331' title='bbox 755 2916 883 2981; x_wconf 87' lang='lat' dir='ltr'><strong>Sed,</strong></span> <span class='ocrx_word' id='word_1_332' title='bbox 909 2923 969 2971; x_wconf 91' lang='lat' dir='ltr'><strong>ut</strong></span> <span class='ocrx_word' id='word_1_333' title='bbox 989 2916 1239 2971; x_wconf 90' lang='lat' dir='ltr'><strong>omittam</strong></span> <span class='ocrx_word' id='word_1_334' title='bbox 1267 2923 1484 2984; x_wconf 66' lang='lat' dir='ltr'><strong>caetera,</strong></span> <span class='ocrx_word' id='word_1_335' title='bbox 1509 2919 1722 2989; x_wconf 78' lang='lat' dir='ltr'><strong>qme&#39;ad</strong></span> <span class='ocrx_word' id='word_1_336' title='bbox 1757 2920 1897 2976; x_wconf 86' lang='lat' dir='ltr'><strong>idem</strong></span> <span class='ocrx_word' id='word_1_337' title='bbox 1926 2938 1986 2972; x_wconf 87' lang='lat' dir='ltr'><strong>:u-</strong></span> 
     </span>
    </p>
   </div>
   <div class='ocr_carea' id='block_1_48' title="bbox 418 3011 2012 3082">
    <p class='ocr_par' dir='ltr' id='par_1_48' title="bbox 418 3011 2012 3082">
     <span class='ocr_line' id='line_1_48' title="bbox 418 3011 2012 3082; baseline 0.001 -18"><span class='ocrx_word' id='word_1_338' title='bbox 418 3019 736 3078; x_wconf 71' lang='lat' dir='ltr'><strong>gumentum</strong></span> <span class='ocrx_word' id='word_1_339' title='bbox 783 3011 963 3067; x_wconf 81' lang='lat' dir='ltr'><strong>aﬂ&#39;erri</strong></span> <span class='ocrx_word' id='word_1_340' title='bbox 997 3013 1136 3066; x_wconf 85' lang='lat' dir='ltr'><strong>bene</strong></span> <span class='ocrx_word' id='word_1_341' title='bbox 1175 3013 1343 3066; x_wconf 83' lang='lat' dir='ltr'><strong>multa</strong></span> <span class='ocrx_word' id='word_1_342' title='bbox 1389 3021 1644 3082; x_wconf 89' lang='lat' dir='ltr'><strong>possunt,</strong></span> <span class='ocrx_word' id='word_1_343' title='bbox 1681 3011 2012 3068; x_wconf 70' lang='lat' dir='ltr'><strong>Manichacus</strong></span> 
     </span>
    </p>
   </div>
   <div class='ocr_carea' id='block_1_49' title="bbox 2107 1897 3694 1976">
    <p class='ocr_par' dir='ltr' id='par_1_49' title="bbox 2107 1897 3694 1976">
     <span class='ocr_line' id='line_1_49' title="bbox 2107 1897 3694 1976; baseline -0.008 -17"><span class='ocrx_word' id='word_1_344' title='bbox 2107 1904 2506 1974; x_wconf 88' lang='grc' dir='ltr'>κολαφιζόντων</span> <span class='ocrx_word' id='word_1_345' title='bbox 2537 1905 2777 1976; x_wconf 79' lang='grc' dir='ltr'>κεφαλὴν</span> <span class='ocrx_word' id='word_1_346' title='bbox 2815 1904 2906 1957; x_wconf 75' lang='grc' dir='ltr'><strong>τοῦ</strong></span> <span class='ocrx_word' id='word_1_347' title='bbox 2941 1902 3237 1973; x_wconf 76' lang='grc' dir='ltr'>δυναμένου</span> <span class='ocrx_word' id='word_1_348' title='bbox 3285 1899 3512 1969; x_wconf 79' lang='grc' dir='ltr'>νεύματι</span> <span class='ocrx_word' id='word_1_349' title='bbox 3546 1897 3694 1968; x_wconf 86' lang='grc' dir='ltr'>είλῆ-</span> 
     </span>
    </p>
   </div>
   <div class='ocr_carea' id='block_1_50' title="bbox 2107 1987 3695 2069">
    <p class='ocr_par' dir='ltr' id='par_1_50' title="bbox 2107 1987 3695 2069">
     <span class='ocr_line' id='line_1_50' title="bbox 2107 1987 3695 2069; baseline -0.007 -16"><span class='ocrx_word' id='word_1_350' title='bbox 2107 2018 2198 2053; x_wconf 87' lang='grc' dir='ltr'><strong>σαι</strong></span> <span class='ocrx_word' id='word_1_351' title='bbox 2232 1999 2460 2069; x_wconf 78' lang='grc' dir='ltr'>οὐρανὸν</span> <span class='ocrx_word' id='word_1_352' title='bbox 2495 2000 2588 2052; x_wconf 78' lang='grc' dir='ltr'>καὶ</span> <span class='ocrx_word' id='word_1_353' title='bbox 2630 1998 2775 2068; x_wconf 83' lang='grc' dir='ltr'><strong>γῆν;</strong></span> <span class='ocrx_word' id='word_1_354' title='bbox 2823 1996 2972 2067; x_wconf 78' lang='grc' dir='ltr'><strong>Αὕτη</strong></span> <span class='ocrx_word' id='word_1_355' title='bbox 3007 1997 3042 2067; x_wconf 83' lang='grc' dir='ltr'>ἡ</span> <span class='ocrx_word' id='word_1_356' title='bbox 3082 1993 3463 2066; x_wconf 76' lang='grc' dir='ltr'>ὑπερηφανία,</span> <span class='ocrx_word' id='word_1_357' title='bbox 3502 1991 3596 2044; x_wconf 74' lang='grc' dir='ltr'>καὶ</span> <span class='ocrx_word' id='word_1_358' title='bbox 3630 1987 3695 2043; x_wconf 74' lang='grc' dir='ltr'>τὺ</span> 
     </span>
    </p>
   </div>
   <div class='ocr_carea' id='block_1_51' title="bbox 2107 2079 3693 2164">
    <p class='ocr_par' dir='ltr' id='par_1_51' title="bbox 2107 2079 3693 2164">
     <span class='ocr_line' id='line_1_51' title="bbox 2107 2079 3693 2164; baseline -0.007 -18"><span class='ocrx_word' id='word_1_359' title='bbox 2107 2092 2329 2164; x_wconf 79' lang='grc' dir='ltr'>θράσος,</span> <span class='ocrx_word' id='word_1_360' title='bbox 2361 2094 2456 2146; x_wconf 72' lang='grc' dir='ltr'><strong>καὶ</strong></span> <span class='ocrx_word' id='word_1_361' title='bbox 2487 2095 2520 2162; x_wconf 85' lang='grc' dir='ltr'>ἡ</span> <span class='ocrx_word' id='word_1_362' title='bbox 2545 2091 2671 2156; x_wconf 80' lang='grc' dir='ltr'>δόξα</span> <span class='ocrx_word' id='word_1_363' title='bbox 2704 2090 2812 2144; x_wconf 87' lang='grc' dir='ltr'>τῶν</span> <span class='ocrx_word' id='word_1_364' title='bbox 2834 2088 3139 2162; x_wconf 82' lang='grc' dir='ltr'>ἀνθρώπων</span> <span class='ocrx_word' id='word_1_365' title='bbox 3169 2087 3262 2142; x_wconf 81' lang='grc' dir='ltr'><strong>τοῦ</strong></span> <span class='ocrx_word' id='word_1_366' title='bbox 3287 2087 3516 2157; x_wconf 90' lang='grc' dir='ltr'>κόσμου,</span> <span class='ocrx_word' id='word_1_367' title='bbox 3539 2079 3693 2146; x_wconf 77' lang='grc' dir='ltr'>οὗτος</span> 
     </span>
    </p>
   </div>
   <div class='ocr_carea' id='block_1_52' title="bbox 2107 2175 3695 2254">
    <p class='ocr_par' dir='ltr' id='par_1_52' title="bbox 2107 2175 3695 2254">
     <span class='ocr_line' id='line_1_52' title="bbox 2107 2175 3695 2254; baseline -0.006 -17"><span class='ocrx_word' id='word_1_368' title='bbox 2107 2179 2172 2252; x_wconf 76' lang='grc' dir='ltr'>ἦν</span> <span class='ocrx_word' id='word_1_369' title='bbox 2207 2185 2236 2235; x_wconf 85' lang='grc' dir='ltr'>ὁ</span> <span class='ocrx_word' id='word_1_370' title='bbox 2275 2185 2456 2254; x_wconf 83' lang='grc' dir='ltr'>ἅρχων</span> <span class='ocrx_word' id='word_1_371' title='bbox 2483 2183 2578 2235; x_wconf 81' lang='grc' dir='ltr'><strong>τοῦ</strong></span> <span class='ocrx_word' id='word_1_372' title='bbox 2606 2183 2833 2252; x_wconf 80' lang='grc' dir='ltr'>κόσμου,</span> <span class='ocrx_word' id='word_1_373' title='bbox 2856 2184 2884 2234; x_wconf 88' lang='grc' dir='ltr'>ὁ</span> <span class='ocrx_word' id='word_1_374' title='bbox 2909 2179 3092 2234; x_wconf 84' lang='grc' dir='ltr'>πεσὼν</span> <span class='ocrx_word' id='word_1_375' title='bbox 3121 2179 3318 2250; x_wconf 87' lang='grc' dir='ltr'>χαμαί.</span> <span class='ocrx_word' id='word_1_376' title='bbox 3350 2178 3559 2239; x_wconf 78' lang='grc' dir='ltr'>Πάντες</span> <span class='ocrx_word' id='word_1_377' title='bbox 3584 2175 3695 2246; x_wconf 84' lang='grc' dir='ltr'><strong>γὰρ</strong></span> 
     </span>
    </p>
   </div>
   <div class='ocr_carea' id='block_1_53' title="bbox 2105 2269 3691 2345">
    <p class='ocr_par' dir='ltr' id='par_1_53' title="bbox 2105 2269 3691 2345">
     <span class='ocr_line' id='line_1_53' title="bbox 2105 2269 3691 2345; baseline -0.006 -17"><span class='ocrx_word' id='word_1_378' title='bbox 2105 2277 2156 2328; x_wconf 87' lang='grc' dir='ltr'><strong>οἱ</strong></span> <span class='ocrx_word' id='word_1_379' title='bbox 2193 2275 2302 2328; x_wconf 86' lang='grc' dir='ltr'><strong>τῶν</strong></span> <span class='ocrx_word' id='word_1_380' title='bbox 2345 2274 2670 2345; x_wconf 83' lang='grc' dir='ltr'><strong>ἀξιωμάτων</strong></span> <span class='ocrx_word' id='word_1_381' title='bbox 2707 2276 2766 2326; x_wconf 82' lang='grc' dir='ltr'>ὲν</span> <span class='ocrx_word' id='word_1_382' title='bbox 2806 2273 2884 2344; x_wconf 80' lang='grc' dir='ltr'><strong>τῷ</strong></span> <span class='ocrx_word' id='word_1_383' title='bbox 2918 2274 3109 2344; x_wconf 88' lang='grc' dir='ltr'>κόσμῳ</span> <span class='ocrx_word' id='word_1_384' title='bbox 3146 2269 3322 2342; x_wconf 80' lang='grc' dir='ltr'>τούτῳ</span> <span class='ocrx_word' id='word_1_385' title='bbox 3355 2271 3412 2324; x_wconf 82' lang='grc' dir='ltr'><strong>ὲν</strong></span> <span class='ocrx_word' id='word_1_386' title='bbox 3447 2270 3691 2339; x_wconf 81' lang='grc' dir='ltr'><strong>ὑπεροχῇ</strong></span> 
     </span>
    </p>
   </div>
   <div class='ocr_carea' id='block_1_54' title="bbox 2113 2363 3692 2440">
    <p class='ocr_par' dir='ltr' id='par_1_54' title="bbox 2113 2363 3692 2440">
     <span class='ocr_line' id='line_1_54' title="bbox 2113 2363 3692 2440; baseline -0.004 -19"><span class='ocrx_word' id='word_1_387' title='bbox 2113 2367 2467 2438; x_wconf 81' lang='grc' dir='ltr'><strong>τυγχάνοντες</strong></span> <span class='ocrx_word' id='word_1_388' title='bbox 2497 2367 2596 2440; x_wconf 82' lang='grc' dir='ltr'><strong>τὴν</strong></span> <span class='ocrx_word' id='word_1_389' title='bbox 2630 2367 2804 2437; x_wconf 78' lang='grc' dir='ltr'>ἀρχὴν</span> <span class='ocrx_word' id='word_1_390' title='bbox 2830 2365 3014 2435; x_wconf 74' lang='grc' dir='ltr'>ἔχουσι</span> <span class='ocrx_word' id='word_1_391' title='bbox 3041 2365 3128 2418; x_wconf 77' lang='grc' dir='ltr'>διὰ</span> <span class='ocrx_word' id='word_1_392' title='bbox 3160 2363 3267 2417; x_wconf 82' lang='grc' dir='ltr'>τῶν</span> <span class='ocrx_word' id='word_1_393' title='bbox 3294 2365 3692 2436; x_wconf 82' lang='grc' dir='ltr'><strong>φρυαγμάτων,</strong></span> 
     </span>
    </p>
   </div>
   <div class='ocr_carea' id='block_1_55' title="bbox 2107 2447 3702 2532">
    <p class='ocr_par' dir='ltr' id='par_1_55' title="bbox 2107 2447 3702 2532">
     <span class='ocr_line' id='line_1_55' title="bbox 2107 2447 3702 2532; baseline -0.006 -18"><span class='ocrx_word' id='word_1_394' title='bbox 2107 2459 2197 2514; x_wconf 78' lang='grc' dir='ltr'>διὰ</span> <span class='ocrx_word' id='word_1_395' title='bbox 2224 2459 2318 2512; x_wconf 78' lang='grc' dir='ltr'>τοῦ</span> <span class='ocrx_word' id='word_1_396' title='bbox 2356 2460 2610 2532; x_wconf 83' lang='grc' dir='ltr'>θράσους,</span> <span class='ocrx_word' id='word_1_397' title='bbox 2655 2461 2751 2512; x_wconf 73' lang='grc' dir='ltr'><strong>καὶ</strong></span> <span class='ocrx_word' id='word_1_398' title='bbox 2789 2457 3004 2521; x_wconf 85' lang='grc' dir='ltr'>κύδους,</span> <span class='ocrx_word' id='word_1_399' title='bbox 3052 2457 3150 2510; x_wconf 83' lang='grc' dir='ltr'><strong>καὶ</strong></span> <span class='ocrx_word' id='word_1_400' title='bbox 3188 2456 3590 2527; x_wconf 79' lang='grc' dir='ltr'>ὑπερηφανίας,</span> <span class='ocrx_word' id='word_1_401' title='bbox 3620 2447 3702 2506; x_wconf 81' lang='grc' dir='ltr'><strong>ὧν</strong></span> 
     </span>
    </p>
   </div>
   <div class='ocr_carea' id='block_1_56' title="bbox 2108 2548 3698 2622">
    <p class='ocr_par' dir='ltr' id='par_1_56' title="bbox 2108 2548 3698 2622">
     <span class='ocr_line' id='line_1_56' title="bbox 2108 2548 3698 2622; baseline -0.006 -16"><span class='ocrx_word' id='word_1_402' title='bbox 2108 2549 2258 2606; x_wconf 77' lang='grc' dir='ltr'>οὐδὲν</span> <span class='ocrx_word' id='word_1_403' title='bbox 2287 2552 2347 2604; x_wconf 87' lang='grc' dir='ltr'>ὲν</span> <span class='ocrx_word' id='word_1_404' title='bbox 2377 2551 2455 2622; x_wconf 82' lang='grc' dir='ltr'>τῷ</span> <span class='ocrx_word' id='word_1_405' title='bbox 2481 2552 2694 2621; x_wconf 80' lang='grc' dir='ltr'><strong>Σωτῆρι</strong></span> <span class='ocrx_word' id='word_1_406' title='bbox 2717 2549 2969 2622; x_wconf 75' lang='grc' dir='ltr'>εὓρηται.</span> <span class='ocrx_word' id='word_1_407' title='bbox 3009 2549 3196 2602; x_wconf 78' lang='grc' dir='ltr'><strong>Λίνον</strong></span> <span class='ocrx_word' id='word_1_408' title='bbox 3221 2548 3332 2617; x_wconf 78' lang='grc' dir='ltr'><strong>γὰρ</strong></span> <span class='ocrx_word' id='word_1_409' title='bbox 3355 2548 3698 2616; x_wconf 62' lang='grc' dir='ltr'>τυφόμενον</span> 
     </span>
    </p>
   </div>
   <div class='ocr_carea' id='block_1_57' title="bbox 2109 2639 3697 2712">
    <p class='ocr_par' dir='ltr' id='par_1_57' title="bbox 2109 2639 3697 2712">
     <span class='ocr_line' id='line_1_57' title="bbox 2109 2639 3697 2712; baseline -0.004 -14"><span class='ocrx_word' id='word_1_410' title='bbox 2109 2647 2182 2700; x_wconf 84' lang='grc' dir='ltr'>οὺ</span> <span class='ocrx_word' id='word_1_411' title='bbox 2231 2644 2470 2710; x_wconf 82' lang='grc' dir='ltr'>σϐέσει,</span> <span class='ocrx_word' id='word_1_412' title='bbox 2522 2643 2620 2698; x_wconf 81' lang='grc' dir='ltr'>καί</span> <span class='ocrx_word' id='word_1_413' title='bbox 2653 2641 2928 2712; x_wconf 72' lang='grc' dir='ltr'>κάλαμον</span> <span class='ocrx_word' id='word_1_414' title='bbox 2959 2639 3403 2711; x_wconf 78' lang='grc' dir='ltr'><strong>τεθραυσμένον</strong></span> <span class='ocrx_word' id='word_1_415' title='bbox 3433 2641 3506 2694; x_wconf 83' lang='grc' dir='ltr'>οὐ</span> <span class='ocrx_word' id='word_1_416' title='bbox 3560 2655 3697 2692; x_wconf 78' lang='grc' dir='ltr'>κατ-</span> 
     </span>
    </p>
   </div>
   <div class='ocr_carea' id='block_1_58' title="bbox 2109 2739 2291 2804">
    <p class='ocr_par' dir='ltr' id='par_1_58' title="bbox 2109 2739 2291 2804">
     <span class='ocr_line' id='line_1_58' title="bbox 2109 2739 2291 2804; baseline 0.011 -12"><span class='ocrx_word' id='word_1_417' title='bbox 2109 2739 2291 2804; x_wconf 80' lang='grc' dir='ltr'>εὰξει.</span> 
     </span>
    </p>
   </div>
   <div class='ocr_carea' id='block_1_59' title="bbox 2180 2920 3692 2994">
    <p class='ocr_par' dir='ltr' id='par_1_59' title="bbox 2180 2920 3692 2994">
     <span class='ocr_line' id='line_1_59' title="bbox 2180 2920 3692 2994; baseline 0 -20"><span class='ocrx_word' id='word_1_418' title='bbox 2180 2923 2307 2974; x_wconf 83' lang='grc' dir='ltr'><strong>ΞΗ’.</strong></span> <span class='ocrx_word' id='word_1_419' title='bbox 2350 2923 2460 2975; x_wconf 75' lang='grc' dir='ltr'><strong>Καὶ</strong></span> <span class='ocrx_word' id='word_1_420' title='bbox 2486 2921 2656 2977; x_wconf 85' lang='grc' dir='ltr'>πολλὰ</span> <span class='ocrx_word' id='word_1_421' title='bbox 2681 2923 2771 2994; x_wconf 80' lang='grc' dir='ltr'>μοί</span> <span class='ocrx_word' id='word_1_422' title='bbox 2795 2925 2912 2976; x_wconf 81' lang='grc' dir='ltr'>ἐστι</span> <span class='ocrx_word' id='word_1_423' title='bbox 2944 2923 3072 2994; x_wconf 70' lang='grc' dir='ltr'>περὶ</span> <span class='ocrx_word' id='word_1_424' title='bbox 3101 2921 3258 2976; x_wconf 79' lang='grc' dir='ltr'>τοῦτο</span> <span class='ocrx_word' id='word_1_425' title='bbox 3285 2921 3484 2990; x_wconf 84' lang='grc' dir='ltr'>λέγειν.</span> <span class='ocrx_word' id='word_1_426' title='bbox 3523 2920 3692 2975; x_wconf 82' lang='grc' dir='ltr'>Πάλιν</span> 
     </span>
    </p>
   </div>
   <div class='ocr_carea' id='block_1_60' title="bbox 2111 3013 3693 3087">
    <p class='ocr_par' dir='ltr' id='par_1_60' title="bbox 2111 3013 3693 3087">
     <span class='ocr_line' id='line_1_60' title="bbox 2111 3013 3693 3087; baseline -0.001 -18"><span class='ocrx_word' id='word_1_427' title='bbox 2111 3016 2168 3069; x_wconf 78' lang='grc' dir='ltr'>δέ</span> <span class='ocrx_word' id='word_1_428' title='bbox 2199 3032 2360 3085; x_wconf 77' lang='grc' dir='ltr'>φησιν</span> <span class='ocrx_word' id='word_1_429' title='bbox 2403 3017 2434 3068; x_wconf 86' lang='grc' dir='ltr'><strong>ό</strong></span> <span class='ocrx_word' id='word_1_430' title='bbox 2486 3016 2648 3080; x_wconf 81' lang='grc' dir='ltr'>αὐτὸς</span> <span class='ocrx_word' id='word_1_431' title='bbox 2681 3016 2894 3087; x_wconf 86' lang='grc' dir='ltr'>Μάνης,</span> <span class='ocrx_word' id='word_1_432' title='bbox 2945 3016 3027 3069; x_wconf 86' lang='grc' dir='ltr'>ὅτι</span> <span class='ocrx_word' id='word_1_433' title='bbox 3092 3015 3153 3068; x_wconf 87' lang='lat'><strong>&#39;0</strong></span> <span class='ocrx_word' id='word_1_434' title='bbox 3201 3014 3364 3082; x_wconf 82' lang='grc' dir='ltr'>Θεὸς,</span> <span class='ocrx_word' id='word_1_435' title='bbox 3402 3015 3555 3084; x_wconf 77' lang='grc' dir='ltr'>φησὶ,</span> <span class='ocrx_word' id='word_1_436' title='bbox 3585 3013 3693 3068; x_wconf 84' lang='grc' dir='ltr'>τοῦ</span> 
     </span>
    </p>
   </div>
   <div class='ocr_carea' id='block_1_61' title="bbox 423 3103 2007 3188">
    <p class='ocr_par' dir='ltr' id='par_1_61' title="bbox 423 3103 2007 3176">
     <span class='ocr_line' id='line_1_61' title="bbox 423 3103 2007 3176; baseline 0.003 -20"><span class='ocrx_word' id='word_1_437' title='bbox 423 3104 525 3158; x_wconf 83' lang='lat' dir='ltr'><strong>hoc</strong></span> <span class='ocrx_word' id='word_1_438' title='bbox 554 3105 777 3175; x_wconf 91' lang='lat' dir='ltr'><strong>insuper</strong></span> <span class='ocrx_word' id='word_1_439' title='bbox 807 3105 1019 3174; x_wconf 87' lang='lat' dir='ltr'><strong>objicit,</strong></span> <span class='ocrx_word' id='word_1_440' title='bbox 1056 3103 1202 3174; x_wconf 87' lang='lat' dir='ltr'><strong>quod</strong></span> <span class='ocrx_word' id='word_1_441' title='bbox 1231 3105 1494 3175; x_wconf 88' lang='lat' dir='ltr'><strong>scriptum</strong></span> <span class='ocrx_word' id='word_1_442' title='bbox 1517 3117 1635 3161; x_wconf 89' lang='lat' dir='ltr'><strong>est:</strong></span> <span class='ocrx_word' id='word_1_443' title='bbox 1681 3105 1822 3161; x_wconf 82' lang='lat' dir='ltr'><strong>Deus</strong></span> <span class='ocrx_word' id='word_1_444' title='bbox 1851 3107 2007 3176; x_wconf 77' lang='lat' dir='ltr'><strong>hujus</strong></span> 
     </span>
    </p>
   </div>
   <div class='ocr_carea' id='block_1_62' title="bbox 2111 3103 3696 3188">
    <p class='ocr_par' dir='ltr' id='par_1_62' title="bbox 2113 3105 3696 3178">
     <span class='ocr_line' id='line_1_62' title="bbox 2113 3105 3696 3178; baseline 0.001 -18"><span class='ocrx_word' id='word_1_445' title='bbox 2113 3107 2328 3174; x_wconf 76' lang='grc' dir='ltr'><strong>αἰῶνος</strong></span> <span class='ocrx_word' id='word_1_446' title='bbox 2367 3109 2584 3162; x_wconf 83' lang='grc' dir='ltr'>τούτου</span> <span class='ocrx_word' id='word_1_447' title='bbox 2629 3109 2944 3178; x_wconf 68' lang='grc' dir='ltr'>ἐτύφλωσε</span> <span class='ocrx_word' id='word_1_448' title='bbox 2983 3108 3057 3162; x_wconf 81' lang='grc' dir='ltr'><strong>τὰ</strong></span> <span class='ocrx_word' id='word_1_449' title='bbox 3096 3107 3367 3178; x_wconf 72' lang='grc' dir='ltr'>νοήματα</span> <span class='ocrx_word' id='word_1_450' title='bbox 3403 3105 3522 3162; x_wconf 84' lang='grc' dir='ltr'><strong>τῶν</strong></span> <span class='ocrx_word' id='word_1_451' title='bbox 3557 3109 3696 3162; x_wconf 79' lang='grc' dir='ltr'><strong>ἀπι-</strong></span> 
     </span>
    </p>
   </div>
   <div class='ocr_carea' id='block_1_63' title="bbox 419 3195 2014 3264">
    <p class='ocr_par' dir='ltr' id='par_1_63' title="bbox 419 3195 2014 3264">
     <span class='ocr_line' id='line_1_63' title="bbox 419 3195 2014 3264; baseline 0.004 -18"><span class='ocrx_word' id='word_1_452' title='bbox 419 3195 604 3247; x_wconf 74' lang='grc' dir='ltr'>εωειιίι</span> <span class='ocrx_word' id='word_1_453' title='bbox 632 3197 912 3249; x_wconf 55' lang='lat' dir='ltr'><strong>excaecauit</strong></span> <span class='ocrx_word' id='word_1_454' title='bbox 951 3205 1145 3250; x_wconf 81' lang='lat' dir='ltr'><strong>mentes</strong></span> <span class='ocrx_word' id='word_1_455' title='bbox 1177 3195 1492 3264; x_wconf 82' lang='lat' dir='ltr'><strong>inﬁdelium,</strong></span> <span class='ocrx_word' id='word_1_456' title='bbox 1530 3207 1586 3249; x_wconf 84' lang='lat' dir='ltr'><strong>ut</strong></span> <span class='ocrx_word' id='word_1_457' title='bbox 1611 3214 1716 3250; x_wconf 88' lang='lat' dir='ltr'><strong>non</strong></span> <span class='ocrx_word' id='word_1_458' title='bbox 1745 3199 2014 3252; x_wconf 78' lang='lat' dir='ltr'><strong>intueren-</strong></span> 
     </span>
    </p>
   </div>
   <div class='ocr_carea' id='block_1_64' title="bbox 423 3285 2016 3360">
    <p class='ocr_par' dir='ltr' id='par_1_64' title="bbox 423 3285 2016 3360">
     <span class='ocr_line' id='line_1_64' title="bbox 423 3285 2016 3360; baseline 0.006 -23"><span class='ocrx_word' id='word_1_459' title='bbox 423 3294 510 3338; x_wconf 84' lang='lat' dir='ltr'><strong>tur</strong></span> <span class='ocrx_word' id='word_1_460' title='bbox 539 3285 808 3357; x_wconf 84' lang='lat' dir='ltr'><strong>Evangelii</strong></span> <span class='ocrx_word' id='word_1_461' title='bbox 855 3288 1022 3342; x_wconf 86' lang='lat' dir='ltr'><strong>lucem</strong></span> <span class='ocrx_word' id='word_1_462' title='bbox 1044 3290 1087 3343; x_wconf 71' lang='grc'><strong>⁸.</strong></span> <span class='ocrx_word' id='word_1_463' title='bbox 1151 3288 1316 3357; x_wconf 85' lang='lat' dir='ltr'><strong>Atqui</strong></span> <span class='ocrx_word' id='word_1_464' title='bbox 1349 3289 1395 3343; x_wconf 92' lang='lat' dir='ltr'><strong>si</strong></span> <span class='ocrx_word' id='word_1_465' title='bbox 1439 3287 1582 3344; x_wconf 88' lang='lat' dir='ltr'><strong>Deus</strong></span> <span class='ocrx_word' id='word_1_466' title='bbox 1628 3291 1815 3344; x_wconf 90' lang='lat' dir='ltr'><strong>mundi</strong></span> <span class='ocrx_word' id='word_1_467' title='bbox 1852 3292 2016 3360; x_wconf 90' lang='lat' dir='ltr'><strong>hujus</strong></span> 
     </span>
    </p>
   </div>
   <div class='ocr_carea' id='block_1_65' title="bbox 422 3377 2015 3452">
    <p class='ocr_par' dir='ltr' id='par_1_65' title="bbox 422 3377 2015 3452">
     <span class='ocr_line' id='line_1_65' title="bbox 422 3377 2015 3452; baseline 0.005 -22"><span class='ocrx_word' id='word_1_468' title='bbox 422 3377 690 3434; x_wconf 83' lang='lat' dir='ltr'><strong>Dominus</strong></span> <span class='ocrx_word' id='word_1_469' title='bbox 720 3390 826 3445; x_wconf 90' lang='lat' dir='ltr'><strong>est,</strong></span> <span class='ocrx_word' id='word_1_470' title='bbox 863 3381 989 3450; x_wconf 91' lang='lat' dir='ltr'><strong>quid</strong></span> <span class='ocrx_word' id='word_1_471' title='bbox 1020 3379 1271 3434; x_wconf 87' lang='lat' dir='ltr'><strong>Salvator</strong></span> <span class='ocrx_word' id='word_1_472' title='bbox 1303 3380 1494 3451; x_wconf 89' lang='lat' dir='ltr'><strong>pedem</strong></span> <span class='ocrx_word' id='word_1_473' title='bbox 1529 3383 1584 3434; x_wconf 90' lang='lat' dir='ltr'><strong>in</strong></span> <span class='ocrx_word' id='word_1_474' title='bbox 1617 3382 1853 3436; x_wconf 86' lang='lat' dir='ltr'><strong>alienam</strong></span> <span class='ocrx_word' id='word_1_475' title='bbox 1887 3399 2015 3452; x_wconf 89' lang='lat' dir='ltr'><strong>pos-</strong></span> 
     </span>
    </p>
   </div>
   <div class='ocr_carea' id='block_1_66' title="bbox 423 3469 2018 3542">
    <p class='ocr_par' dir='ltr' id='par_1_66' title="bbox 423 3469 2018 3542">
     <span class='ocr_line' id='line_1_66' title="bbox 423 3469 2018 3542; baseline 0.003 -17"><span class='ocrx_word' id='word_1_476' title='bbox 423 3469 723 3525; x_wconf 86' lang='lat' dir='ltr'><strong>sessionem</strong></span> <span class='ocrx_word' id='word_1_477' title='bbox 774 3470 1077 3526; x_wconf 90' lang='lat' dir='ltr'><strong>immittens</strong></span> <span class='ocrx_word' id='word_1_478' title='bbox 1108 3471 1383 3526; x_wconf 81' lang='lat' dir='ltr'><strong>faciebat?</strong></span> <span class='ocrx_word' id='word_1_479' title='bbox 1432 3469 1488 3524; x_wconf 90' lang='lat' dir='ltr'><strong>Si</strong></span> <span class='ocrx_word' id='word_1_480' title='bbox 1526 3487 1645 3526; x_wconf 88' lang='lat' dir='ltr'><strong>eam</strong></span> <span class='ocrx_word' id='word_1_481' title='bbox 1681 3474 1852 3542; x_wconf 77' lang='lat' dir='ltr'><strong>ipsam</strong></span> <span class='ocrx_word' id='word_1_482' title='bbox 1884 3491 2018 3529; x_wconf 86' lang='lat' dir='ltr'><strong>con-</strong></span> 
     </span>
    </p>
   </div>
   <div class='ocr_carea' id='block_1_67' title="bbox 423 3561 2016 3635">
    <p class='ocr_par' dir='ltr' id='par_1_67' title="bbox 423 3561 2016 3635">
     <span class='ocr_line' id='line_1_67' title="bbox 423 3561 2016 3635; baseline 0.003 -17"><span class='ocrx_word' id='word_1_483' title='bbox 423 3563 724 3634; x_wconf 88' lang='lat' dir='ltr'><strong>cupiverat,</strong></span> <span class='ocrx_word' id='word_1_484' title='bbox 759 3561 982 3618; x_wconf 89' lang='lat' dir='ltr'><strong>minime</strong></span> <span class='ocrx_word' id='word_1_485' title='bbox 1008 3563 1062 3616; x_wconf 90' lang='lat' dir='ltr'><strong>id</strong></span> <span class='ocrx_word' id='word_1_486' title='bbox 1095 3564 1240 3619; x_wconf 90' lang='lat' dir='ltr'><strong>bono</strong></span> <span class='ocrx_word' id='word_1_487' title='bbox 1283 3564 1548 3635; x_wconf 81' lang='lat' dir='ltr'><strong>justeque</strong></span> <span class='ocrx_word' id='word_1_488' title='bbox 1574 3567 1854 3621; x_wconf 86' lang='lat' dir='ltr'><strong>convenit.</strong></span> <span class='ocrx_word' id='word_1_489' title='bbox 1917 3567 2016 3622; x_wconf 89' lang='lat' dir='ltr'><strong>Sin</strong></span> 
     </span>
    </p>
   </div>
   <div class='ocr_carea' id='block_1_68' title="bbox 423 3653 2014 3724">
    <p class='ocr_par' dir='ltr' id='par_1_68' title="bbox 423 3653 2014 3724">
     <span class='ocr_line' id='line_1_68' title="bbox 423 3653 2014 3724; baseline 0.004 -17"><span class='ocrx_word' id='word_1_490' title='bbox 423 3653 632 3708; x_wconf 87' lang='lat' dir='ltr'><strong>ideirco</strong></span> <span class='ocrx_word' id='word_1_491' title='bbox 665 3654 835 3719; x_wconf 80' lang='lat' dir='ltr'><strong>venit,</strong></span> <span class='ocrx_word' id='word_1_492' title='bbox 881 3662 939 3707; x_wconf 90' lang='lat' dir='ltr'><strong>ut</strong></span> <span class='ocrx_word' id='word_1_493' title='bbox 978 3669 1086 3709; x_wconf 85' lang='lat' dir='ltr'><strong>non</strong></span> <span class='ocrx_word' id='word_1_494' title='bbox 1119 3654 1361 3724; x_wconf 89' lang='lat' dir='ltr'><strong>propria,</strong></span> <span class='ocrx_word' id='word_1_495' title='bbox 1410 3656 1506 3711; x_wconf 86' lang='lat' dir='ltr'><strong>sed</strong></span> <span class='ocrx_word' id='word_1_496' title='bbox 1537 3657 1716 3711; x_wconf 86' lang='lat' dir='ltr'><strong>aliena</strong></span> <span class='ocrx_word' id='word_1_497' title='bbox 1748 3665 2014 3724; x_wconf 78' lang='lat' dir='ltr'><strong>servaret,</strong></span> 
     </span>
    </p>
   </div>
   <div class='ocr_carea' id='block_1_69' title="bbox 421 3747 2018 3820">
    <p class='ocr_par' dir='ltr' id='par_1_69' title="bbox 421 3747 2018 3820">
     <span class='ocr_line' id='line_1_69' title="bbox 421 3747 2018 3820; baseline 0.004 -20"><span class='ocrx_word' id='word_1_498' title='bbox 421 3747 532 3817; x_wconf 89' lang='lat' dir='ltr'><strong>jam</strong></span> <span class='ocrx_word' id='word_1_499' title='bbox 559 3748 662 3802; x_wconf 90' lang='lat' dir='ltr'><strong>hoc</strong></span> <span class='ocrx_word' id='word_1_500' title='bbox 683 3747 985 3804; x_wconf 87' lang='lat' dir='ltr'><strong>adulatoris</strong></span> <span class='ocrx_word' id='word_1_501' title='bbox 1012 3748 1247 3818; x_wconf 87' lang='lat' dir='ltr'><strong>alicujus</strong></span> <span class='ocrx_word' id='word_1_502' title='bbox 1270 3750 1548 3819; x_wconf 86' lang='lat' dir='ltr'><strong>proprium</strong></span> <span class='ocrx_word' id='word_1_503' title='bbox 1575 3760 1680 3816; x_wconf 86' lang='lat' dir='ltr'><strong>est,</strong></span> <span class='ocrx_word' id='word_1_504' title='bbox 1711 3751 1804 3820; x_wconf 91' lang='lat' dir='ltr'><strong>qui</strong></span> <span class='ocrx_word' id='word_1_505' title='bbox 1837 3753 2018 3808; x_wconf 88' lang='lat' dir='ltr'><strong>alieno</strong></span> 
     </span>
    </p>
   </div>
   <div class='ocr_carea' id='block_1_70' title="bbox 421 3840 2018 3914">
    <p class='ocr_par' dir='ltr' id='par_1_70' title="bbox 421 3840 2018 3914">
     <span class='ocr_line' id='line_1_70' title="bbox 421 3840 2018 3914; baseline 0.005 -22"><span class='ocrx_word' id='word_1_506' title='bbox 421 3840 658 3910; x_wconf 88' lang='lat' dir='ltr'><strong>principi</strong></span> <span class='ocrx_word' id='word_1_507' title='bbox 682 3840 936 3896; x_wconf 89' lang='lat' dir='ltr'><strong>subditos</strong></span> <span class='ocrx_word' id='word_1_508' title='bbox 970 3841 1038 3895; x_wconf 88' lang='lat' dir='ltr'><strong>ad</strong></span> <span class='ocrx_word' id='word_1_509' title='bbox 1071 3857 1157 3896; x_wconf 87' lang='lat' dir='ltr'><strong>res</strong></span> <span class='ocrx_word' id='word_1_510' title='bbox 1191 3857 1361 3898; x_wconf 87' lang='lat' dir='ltr'><strong>novas</strong></span> <span class='ocrx_word' id='word_1_511' title='bbox 1394 3843 1686 3899; x_wconf 89' lang='lat' dir='ltr'><strong>ambitiose</strong></span> <span class='ocrx_word' id='word_1_512' title='bbox 1716 3860 2018 3914; x_wconf 83' lang='lat' dir='ltr'><strong>provocare</strong></span> 
     </span>
    </p>
   </div>
   <div class='ocr_carea' id='block_1_71' title="bbox 423 3933 2015 4007">
    <p class='ocr_par' dir='ltr' id='par_1_71' title="bbox 423 3933 2015 4007">
     <span class='ocr_line' id='line_1_71' title="bbox 423 3933 2015 4007; baseline 0.003 -19"><span class='ocrx_word' id='word_1_513' title='bbox 423 3934 662 3988; x_wconf 88' lang='lat' dir='ltr'><strong>studeat.</strong></span> <span class='ocrx_word' id='word_1_514' title='bbox 706 3933 862 4000; x_wconf 83' lang='lat' dir='ltr'><strong>Quod</strong></span> <span class='ocrx_word' id='word_1_515' title='bbox 890 3935 934 3990; x_wconf 90' lang='lat' dir='ltr'><strong>si</strong></span> <span class='ocrx_word' id='word_1_516' title='bbox 965 3950 1155 3989; x_wconf 89' lang='lat' dir='ltr'><strong>eorum</strong></span> <span class='ocrx_word' id='word_1_517' title='bbox 1187 3951 1308 4006; x_wconf 61' lang='lat' dir='ltr'><strong>quae</strong></span> <span class='ocrx_word' id='word_1_518' title='bbox 1333 3936 1401 3990; x_wconf 89' lang='lat' dir='ltr'><strong>ad</strong></span> <span class='ocrx_word' id='word_1_519' title='bbox 1437 3938 1621 3992; x_wconf 71' lang='lat' dir='ltr'><strong>saeculi</strong></span> <span class='ocrx_word' id='word_1_520' title='bbox 1655 3937 1816 4007; x_wconf 88' lang='lat' dir='ltr'><strong>hujus</strong></span> <span class='ocrx_word' id='word_1_521' title='bbox 1846 3937 2015 3994; x_wconf 87' lang='lat' dir='ltr'><strong>Deum</strong></span> 
     </span>
    </p>
   </div>
   <div class='ocr_carea' id='block_1_72' title="bbox 421 4026 2018 4101">
    <p class='ocr_par' dir='ltr' id='par_1_72' title="bbox 421 4026 2018 4101">
     <span class='ocr_line' id='line_1_72' title="bbox 421 4026 2018 4101; baseline 0.006 -22"><span class='ocrx_word' id='word_1_522' title='bbox 421 4026 728 4096; x_wconf 88' lang='lat' dir='ltr'><strong>pertinent,</strong></span> <span class='ocrx_word' id='word_1_523' title='bbox 776 4027 1172 4082; x_wconf 84' lang='lat' dir='ltr'><strong>servandorum</strong></span> <span class='ocrx_word' id='word_1_524' title='bbox 1219 4029 1392 4098; x_wconf 81' lang='lat' dir='ltr'><strong>gratia</strong></span> <span class='ocrx_word' id='word_1_525' title='bbox 1427 4030 1598 4094; x_wconf 88' lang='lat' dir='ltr'><strong>venit,</strong></span> <span class='ocrx_word' id='word_1_526' title='bbox 1652 4031 1790 4086; x_wconf 90' lang='lat' dir='ltr'><strong>bene</strong></span> <span class='ocrx_word' id='word_1_527' title='bbox 1829 4033 2018 4101; x_wconf 85' lang='lat' dir='ltr'><strong>utique</strong></span> 
     </span>
    </p>
   </div>
   <div class='ocr_carea' id='block_1_73' title="bbox 421 4119 2016 4194">
    <p class='ocr_par' dir='ltr' id='par_1_73' title="bbox 421 4119 2016 4194">
     <span class='ocr_line' id='line_1_73' title="bbox 421 4119 2016 4194; baseline 0.003 -20"><span class='ocrx_word' id='word_1_528' title='bbox 421 4119 490 4174; x_wconf 89' lang='lat' dir='ltr'><strong>de</strong></span> <span class='ocrx_word' id='word_1_529' title='bbox 534 4121 624 4172; x_wconf 88' lang='lat' dir='ltr'><strong>illo</strong></span> <span class='ocrx_word' id='word_1_530' title='bbox 655 4120 880 4176; x_wconf 85' lang='lat' dir='ltr'><strong>meritus</strong></span> <span class='ocrx_word' id='word_1_531' title='bbox 911 4128 1013 4185; x_wconf 90' lang='lat' dir='ltr'><strong>est,</strong></span> <span class='ocrx_word' id='word_1_532' title='bbox 1057 4119 1217 4190; x_wconf 88' lang='lat' dir='ltr'><strong>cujus</strong></span> <span class='ocrx_word' id='word_1_533' title='bbox 1247 4121 1411 4178; x_wconf 85' lang='lat' dir='ltr'><strong>rebus</strong></span> <span class='ocrx_word' id='word_1_534' title='bbox 1455 4123 1742 4178; x_wconf 84' lang='lat' dir='ltr'><strong>servandis</strong></span> <span class='ocrx_word' id='word_1_535' title='bbox 1793 4139 2016 4194; x_wconf 85' lang='lat' dir='ltr'><strong>operam</strong></span> 
     </span>
    </p>
   </div>
   <div class='ocr_carea' id='block_1_74' title="bbox 423 4211 2019 4281">
    <p class='ocr_par' dir='ltr' id='par_1_74' title="bbox 423 4211 2019 4281">
     <span class='ocr_line' id='line_1_74' title="bbox 423 4211 2019 4281; baseline 0.004 -17"><span class='ocrx_word' id='word_1_536' title='bbox 423 4211 753 4266; x_wconf 85' lang='lat' dir='ltr'><strong>adhibuerit.</strong></span> <span class='ocrx_word' id='word_1_537' title='bbox 783 4211 861 4266; x_wconf 83' lang='lat' dir='ltr'><strong>Ac</strong></span> <span class='ocrx_word' id='word_1_538' title='bbox 896 4213 942 4267; x_wconf 91' lang='lat' dir='ltr'><strong>si</strong></span> <span class='ocrx_word' id='word_1_539' title='bbox 972 4211 1137 4281; x_wconf 85' lang='lat' dir='ltr'><strong>hujus</strong></span> <span class='ocrx_word' id='word_1_540' title='bbox 1167 4213 1258 4267; x_wconf 88' lang='lat' dir='ltr'><strong>ille</strong></span> <span class='ocrx_word' id='word_1_541' title='bbox 1291 4214 1481 4269; x_wconf 62' lang='lat' dir='ltr'><strong>saeculi</strong></span> <span class='ocrx_word' id='word_1_542' title='bbox 1513 4214 1656 4270; x_wconf 87' lang='lat' dir='ltr'><strong>Deus</strong></span> <span class='ocrx_word' id='word_1_543' title='bbox 1682 4230 1812 4270; x_wconf 86' lang='lat' dir='ltr'><strong>suos</strong></span> <span class='ocrx_word' id='word_1_544' title='bbox 1836 4231 1866 4269; x_wconf 87' lang='lat' dir='ltr'><strong>a</strong></span> <span class='ocrx_word' id='word_1_545' title='bbox 1897 4215 2019 4270; x_wconf 84' lang='lat' dir='ltr'><strong>Sal-</strong></span> 
     </span>
    </p>
   </div>
   <div class='ocr_carea' id='block_1_75' title="bbox 421 4303 2018 4376">
    <p class='ocr_par' dir='ltr' id='par_1_75' title="bbox 421 4303 2018 4376">
     <span class='ocr_line' id='line_1_75' title="bbox 421 4303 2018 4376; baseline 0.003 -19"><span class='ocrx_word' id='word_1_546' title='bbox 421 4311 608 4357; x_wconf 84' lang='lat' dir='ltr'><strong>vatore</strong></span> <span class='ocrx_word' id='word_1_547' title='bbox 638 4303 774 4372; x_wconf 87' lang='lat' dir='ltr'><strong>eripi</strong></span> <span class='ocrx_word' id='word_1_548' title='bbox 819 4303 1008 4358; x_wconf 89' lang='lat' dir='ltr'><strong>libenti</strong></span> <span class='ocrx_word' id='word_1_549' title='bbox 1051 4303 1236 4358; x_wconf 87' lang='lat' dir='ltr'><strong>animo</strong></span> <span class='ocrx_word' id='word_1_550' title='bbox 1281 4306 1507 4374; x_wconf 89' lang='lat' dir='ltr'><strong>patitur,</strong></span> <span class='ocrx_word' id='word_1_551' title='bbox 1563 4306 1808 4376; x_wconf 83' lang='lat' dir='ltr'><strong>profecto</strong></span> <span class='ocrx_word' id='word_1_552' title='bbox 1839 4308 2018 4362; x_wconf 86' lang='lat' dir='ltr'><strong>bonus</strong></span> 
     </span>
    </p>
   </div>
   <div class='ocr_carea' id='block_1_76' title="bbox 423 4395 2012 4468">
    <p class='ocr_par' dir='ltr' id='par_1_76' title="bbox 423 4395 2012 4468">
     <span class='ocr_line' id='line_1_76' title="bbox 423 4395 2012 4468; baseline 0.004 -20"><span class='ocrx_word' id='word_1_553' title='bbox 423 4403 525 4456; x_wconf 88' lang='lat' dir='ltr'><strong>est,</strong></span> <span class='ocrx_word' id='word_1_554' title='bbox 569 4395 662 4464; x_wconf 90' lang='lat' dir='ltr'><strong>qui</strong></span> <span class='ocrx_word' id='word_1_555' title='bbox 703 4395 748 4449; x_wconf 89' lang='lat' dir='ltr'><strong>si</strong></span> <span class='ocrx_word' id='word_1_556' title='bbox 779 4411 998 4451; x_wconf 88' lang='lat' dir='ltr'><strong>servare</strong></span> <span class='ocrx_word' id='word_1_557' title='bbox 1045 4397 1228 4453; x_wconf 85' lang='lat' dir='ltr'><strong>minus</strong></span> <span class='ocrx_word' id='word_1_558' title='bbox 1277 4398 1395 4467; x_wconf 88' lang='lat' dir='ltr'><strong>ipse</strong></span> <span class='ocrx_word' id='word_1_559' title='bbox 1438 4400 1635 4468; x_wconf 90' lang='lat' dir='ltr'><strong>possit,</strong></span> <span class='ocrx_word' id='word_1_560' title='bbox 1683 4401 1752 4454; x_wconf 89' lang='lat' dir='ltr'><strong>de</strong></span> <span class='ocrx_word' id='word_1_561' title='bbox 1786 4415 2012 4454; x_wconf 88' lang='lat' dir='ltr'><strong>suorum</strong></span> 
     </span>
    </p>
   </div>
   <div class='ocr_carea' id='block_1_77' title="bbox 2115 3195 3699 3267">
    <p class='ocr_par' dir='ltr' id='par_1_77' title="bbox 2115 3195 3699 3267">
     <span class='ocr_line' id='line_1_77' title="bbox 2115 3195 3699 3267; baseline 0.001 -17"><span class='ocrx_word' id='word_1_562' title='bbox 2115 3211 2300 3258; x_wconf 72' lang='grc' dir='ltr'>οντων,</span> <span class='ocrx_word' id='word_1_563' title='bbox 2325 3195 2434 3250; x_wconf 85' lang='grc' dir='ltr'>τοῦ</span> <span class='ocrx_word' id='word_1_564' title='bbox 2462 3195 2549 3265; x_wconf 80' lang='grc' dir='ltr'><strong>μὴ</strong></span> <span class='ocrx_word' id='word_1_565' title='bbox 2583 3195 2958 3266; x_wconf 72' lang='grc' dir='ltr'>καταυτιάσαι</span> <span class='ocrx_word' id='word_1_566' title='bbox 2988 3199 3076 3263; x_wconf 75' lang='grc' dir='ltr'><strong>εἰς</strong></span> <span class='ocrx_word' id='word_1_567' title='bbox 3113 3197 3220 3251; x_wconf 80' lang='grc' dir='ltr'><strong>τὸν</strong></span> <span class='ocrx_word' id='word_1_568' title='bbox 3254 3198 3564 3267; x_wconf 74' lang='grc' dir='ltr'>φωτισμὸν</span> <span class='ocrx_word' id='word_1_569' title='bbox 3590 3197 3699 3253; x_wconf 83' lang='grc' dir='ltr'><strong>τοῦ</strong></span> 
     </span>
    </p>
   </div>
   <div class='ocr_carea' id='block_1_78' title="bbox 2110 3289 3700 3360">
    <p class='ocr_par' dir='ltr' id='par_1_78' title="bbox 2110 3289 3700 3360">
     <span class='ocr_line' id='line_1_78' title="bbox 2110 3289 3700 3360; baseline -0.001 -18"><span class='ocrx_word' id='word_1_570' title='bbox 2110 3291 2500 3360; x_wconf 64' lang='grc' dir='ltr'>Εὐαγγελίου.</span> <span class='ocrx_word' id='word_1_571' title='bbox 2537 3291 2602 3342; x_wconf 85' lang='lat' dir='ltr'><strong>El</strong></span> <span class='ocrx_word' id='word_1_572' title='bbox 2639 3289 2720 3344; x_wconf 76' lang='grc' dir='ltr'><strong>ἔνι</strong></span> <span class='ocrx_word' id='word_1_573' title='bbox 2755 3292 2785 3343; x_wconf 87' lang='grc' dir='ltr'><strong>ό</strong></span> <span class='ocrx_word' id='word_1_574' title='bbox 2833 3289 2968 3354; x_wconf 84' lang='grc' dir='ltr'>Θεὸς</span> <span class='ocrx_word' id='word_1_575' title='bbox 3005 3289 3100 3344; x_wconf 81' lang='grc' dir='ltr'><strong>τοῦ</strong></span> <span class='ocrx_word' id='word_1_576' title='bbox 3145 3289 3352 3360; x_wconf 83' lang='grc' dir='ltr'>κόσμου</span> <span class='ocrx_word' id='word_1_577' title='bbox 3385 3289 3598 3350; x_wconf 87' lang='grc' dir='ltr'>τούτου,</span> <span class='ocrx_word' id='word_1_578' title='bbox 3645 3289 3700 3341; x_wconf 87' lang='grc' dir='ltr'>τί</span> 
     </span>
    </p>
   </div>
   <div class='ocr_carea' id='block_1_79' title="bbox 2115 3381 3700 3454">
    <p class='ocr_par' dir='ltr' id='par_1_79' title="bbox 2115 3381 3700 3454">
     <span class='ocr_line' id='line_1_79' title="bbox 2115 3381 3700 3454; baseline -0.001 -20"><span class='ocrx_word' id='word_1_579' title='bbox 2115 3381 2224 3452; x_wconf 83' lang='grc' dir='ltr'><strong>ἄρα</strong></span> <span class='ocrx_word' id='word_1_580' title='bbox 2249 3381 2419 3435; x_wconf 70' lang='grc' dir='ltr'>ἐλθὼν</span> <span class='ocrx_word' id='word_1_581' title='bbox 2455 3383 2483 3434; x_wconf 89' lang='grc' dir='ltr'><strong>ό</strong></span> <span class='ocrx_word' id='word_1_582' title='bbox 2526 3383 2717 3454; x_wconf 84' lang='grc' dir='ltr'>Σωτὴρ</span> <span class='ocrx_word' id='word_1_583' title='bbox 2752 3383 2928 3435; x_wconf 85' lang='grc' dir='ltr'>ὲποίει</span> <span class='ocrx_word' id='word_1_584' title='bbox 2957 3383 3039 3445; x_wconf 86' lang='grc' dir='ltr'>είς</span> <span class='ocrx_word' id='word_1_585' title='bbox 3077 3383 3146 3436; x_wconf 84' lang='grc' dir='ltr'><strong>τά</strong></span> <span class='ocrx_word' id='word_1_586' title='bbox 3171 3381 3462 3450; x_wconf 81' lang='grc' dir='ltr'>ἀλλότρια;</span> <span class='ocrx_word' id='word_1_587' title='bbox 3505 3381 3618 3434; x_wconf 79' lang='grc' dir='ltr'>Καὶ</span> <span class='ocrx_word' id='word_1_588' title='bbox 3651 3382 3700 3433; x_wconf 77' lang='grc' dir='ltr'>εἰ</span> 
     </span>
    </p>
   </div>
   <div class='ocr_carea' id='block_1_80' title="bbox 2120 3472 3698 3545">
    <p class='ocr_par' dir='ltr' id='par_1_80' title="bbox 2120 3472 3698 3545">
     <span class='ocr_line' id='line_1_80' title="bbox 2120 3472 3698 3545; baseline -0.001 -19"><span class='ocrx_word' id='word_1_589' title='bbox 2120 3473 2220 3543; x_wconf 81' lang='grc' dir='ltr'>μὲν</span> <span class='ocrx_word' id='word_1_590' title='bbox 2261 3473 2372 3528; x_wconf 85' lang='grc' dir='ltr'>τῶν</span> <span class='ocrx_word' id='word_1_591' title='bbox 2413 3474 2709 3545; x_wconf 85' lang='grc' dir='ltr'><strong>ἀλλοτρίων</strong></span> <span class='ocrx_word' id='word_1_592' title='bbox 2752 3475 2956 3545; x_wconf 76' lang='grc' dir='ltr'>ἐφίετο,</span> <span class='ocrx_word' id='word_1_593' title='bbox 2995 3475 3095 3528; x_wconf 87' lang='grc' dir='ltr'>οὑκ</span> <span class='ocrx_word' id='word_1_594' title='bbox 3135 3473 3250 3527; x_wconf 73' lang='grc' dir='ltr'>ἔστι</span> <span class='ocrx_word' id='word_1_595' title='bbox 3279 3473 3436 3526; x_wconf 85' lang='grc' dir='ltr'>τοῦτο</span> <span class='ocrx_word' id='word_1_596' title='bbox 3469 3472 3698 3541; x_wconf 76' lang='grc' dir='ltr'>ἀγαθοῦ,</span> 
     </span>
    </p>
   </div>
   <div class='ocr_carea' id='block_1_81' title="bbox 2116 3562 3697 3638">
    <p class='ocr_par' dir='ltr' id='par_1_81' title="bbox 2116 3562 3697 3638">
     <span class='ocr_line' id='line_1_81' title="bbox 2116 3562 3697 3638; baseline 0 -18"><span class='ocrx_word' id='word_1_597' title='bbox 2116 3565 2242 3621; x_wconf 79' lang='grc' dir='ltr'>οὔτε</span> <span class='ocrx_word' id='word_1_598' title='bbox 2273 3567 2482 3620; x_wconf 80' lang='grc' dir='ltr'>δικαίου</span> <span class='ocrx_word' id='word_1_599' title='bbox 2508 3583 2522 3599; x_wconf 76' lang='grc' dir='ltr'><strong>ο</strong></span> <span class='ocrx_word' id='word_1_600' title='bbox 2553 3570 2603 3621; x_wconf 86' lang='grc' dir='ltr'>εἰ</span> <span class='ocrx_word' id='word_1_601' title='bbox 2635 3567 2694 3622; x_wconf 83' lang='grc' dir='ltr'>δὲ</span> <span class='ocrx_word' id='word_1_602' title='bbox 2718 3569 2904 3622; x_wconf 74' lang='grc' dir='ltr'>ἕνεκεν</span> <span class='ocrx_word' id='word_1_603' title='bbox 2937 3566 3033 3621; x_wconf 82' lang='grc' dir='ltr'>τοῦ</span> <span class='ocrx_word' id='word_1_604' title='bbox 3067 3567 3238 3620; x_wconf 82' lang='grc' dir='ltr'>σῶσαι</span> <span class='ocrx_word' id='word_1_605' title='bbox 3261 3562 3425 3638; x_wconf 74' lang='grc' dir='ltr'>ἦλθεν</span> <span class='ocrx_word' id='word_1_606' title='bbox 3447 3567 3548 3620; x_wconf 83' lang='grc' dir='ltr'>οὑκ</span> <span class='ocrx_word' id='word_1_607' title='bbox 3571 3566 3697 3630; x_wconf 66' lang='lat' dir='ltr'><strong>lata,</strong></span> 
     </span>
    </p>
   </div>
   <div class='ocr_carea' id='block_1_82' title="bbox 2117 3659 3700 3734">
    <p class='ocr_par' dir='ltr' id='par_1_82' title="bbox 2117 3659 3700 3734">
     <span class='ocr_line' id='line_1_82' title="bbox 2117 3659 3700 3734; baseline -0.001 -20"><span class='ocrx_word' id='word_1_608' title='bbox 2117 3660 2235 3714; x_wconf 84' lang='grc' dir='ltr'>ἀλλ’</span> <span class='ocrx_word' id='word_1_609' title='bbox 2285 3659 2566 3734; x_wconf 82' lang='grc' dir='ltr'>ἀλλότρια,</span> <span class='ocrx_word' id='word_1_610' title='bbox 2619 3661 2778 3714; x_wconf 86' lang='grc' dir='ltr'>τοῦτο</span> <span class='ocrx_word' id='word_1_611' title='bbox 2829 3661 2924 3715; x_wconf 74' lang='grc' dir='ltr'>καὶ</span> <span class='ocrx_word' id='word_1_612' title='bbox 2985 3661 3216 3724; x_wconf 82' lang='grc' dir='ltr'><strong>κόλακος</strong></span> <span class='ocrx_word' id='word_1_613' title='bbox 3253 3661 3512 3731; x_wconf 87' lang='grc' dir='ltr'>τυγχάνει</span> <span class='ocrx_word' id='word_1_614' title='bbox 3557 3659 3700 3721; x_wconf 75' lang='grc' dir='ltr'>τινὸς</span> 
     </span>
    </p>
   </div>
   <div class='ocr_carea' id='block_1_83' title="bbox 2119 3751 3700 3825">
    <p class='ocr_par' dir='ltr' id='par_1_83' title="bbox 2119 3751 3700 3825">
     <span class='ocr_line' id='line_1_83' title="bbox 2119 3751 3700 3825; baseline 0.001 -20"><span class='ocrx_word' id='word_1_615' title='bbox 2119 3751 2443 3825; x_wconf 84' lang='grc' dir='ltr'>βουλομένου</span> <span class='ocrx_word' id='word_1_616' title='bbox 2497 3753 2890 3824; x_wconf 82' lang='grc' dir='ltr'>προσεπαίρειν</span> <span class='ocrx_word' id='word_1_617' title='bbox 2941 3754 3070 3816; x_wconf 81' lang='grc' dir='ltr'>τοὺς</span> <span class='ocrx_word' id='word_1_618' title='bbox 3105 3751 3201 3805; x_wconf 82' lang='grc' dir='ltr'>τοῦ</span> <span class='ocrx_word' id='word_1_619' title='bbox 3250 3752 3441 3815; x_wconf 86' lang='grc' dir='ltr'>πέλας.</span> <span class='ocrx_word' id='word_1_620' title='bbox 3493 3754 3602 3807; x_wconf 82' lang='lat' dir='ltr'><strong>Kal.</strong></span> <span class='ocrx_word' id='word_1_621' title='bbox 3651 3755 3700 3806; x_wconf 85' lang='grc' dir='ltr'>εἰ</span> 
     </span>
    </p>
   </div>
   <div class='ocr_carea' id='block_1_84' title="bbox 2117 3840 3700 3915">
    <p class='ocr_par' dir='ltr' id='par_1_84' title="bbox 2117 3840 3700 3915">
     <span class='ocr_line' id='line_1_84' title="bbox 2117 3840 3700 3915; baseline 0.001 -18"><span class='ocrx_word' id='word_1_622' title='bbox 2117 3843 2254 3906; x_wconf 87' lang='grc' dir='ltr'>ὅλως</span> <span class='ocrx_word' id='word_1_623' title='bbox 2282 3842 2352 3896; x_wconf 86' lang='grc' dir='ltr'>τὰ</span> <span class='ocrx_word' id='word_1_624' title='bbox 2374 3843 2470 3896; x_wconf 81' lang='grc' dir='ltr'><strong>τοῦ</strong></span> <span class='ocrx_word' id='word_1_625' title='bbox 2489 3842 2624 3896; x_wconf 83' lang='grc' dir='ltr'><strong>Θεοῦ</strong></span> <span class='ocrx_word' id='word_1_626' title='bbox 2653 3843 2746 3896; x_wconf 83' lang='grc' dir='ltr'><strong>τοῦ</strong></span> <span class='ocrx_word' id='word_1_627' title='bbox 2771 3843 2966 3907; x_wconf 83' lang='grc' dir='ltr'>αἰῶνος</span> <span class='ocrx_word' id='word_1_628' title='bbox 2993 3843 3185 3896; x_wconf 89' lang='grc' dir='ltr'>τούτου</span> <span class='ocrx_word' id='word_1_629' title='bbox 3210 3840 3344 3915; x_wconf 83' lang='grc' dir='ltr'>ἦλθε</span> <span class='ocrx_word' id='word_1_630' title='bbox 3369 3843 3562 3908; x_wconf 83' lang='grc' dir='ltr'>σῶσαι,</span> <span class='ocrx_word' id='word_1_631' title='bbox 3593 3844 3700 3914; x_wconf 81' lang='grc' dir='ltr'><strong>ἄρα</strong></span> 
     </span>
    </p>
   </div>
   <div class='ocr_carea' id='block_1_85' title="bbox 2119 3935 3700 4008">
    <p class='ocr_par' dir='ltr' id='par_1_85' title="bbox 2119 3935 3700 4008">
     <span class='ocr_line' id='line_1_85' title="bbox 2119 3935 3700 4008; baseline 0 -18"><span class='ocrx_word' id='word_1_632' title='bbox 2119 3935 2270 4006; x_wconf 88' lang='grc' dir='ltr'>αὑτῷ</span> <span class='ocrx_word' id='word_1_633' title='bbox 2291 3935 2370 4006; x_wconf 80' lang='grc' dir='ltr'><strong>τῷ</strong></span> <span class='ocrx_word' id='word_1_634' title='bbox 2391 3935 2513 4006; x_wconf 85' lang='grc' dir='ltr'>Θεῷ</span> <span class='ocrx_word' id='word_1_635' title='bbox 2535 3936 2630 3989; x_wconf 79' lang='grc' dir='ltr'><strong>τοῦ</strong></span> <span class='ocrx_word' id='word_1_636' title='bbox 2655 3937 2859 4006; x_wconf 84' lang='grc' dir='ltr'>κόσμου</span> <span class='ocrx_word' id='word_1_637' title='bbox 2881 3937 2982 4006; x_wconf 84' lang='grc' dir='ltr'><strong>τὴν</strong></span> <span class='ocrx_word' id='word_1_638' title='bbox 3009 3937 3170 4008; x_wconf 85' lang='grc' dir='ltr'>χάριν</span> <span class='ocrx_word' id='word_1_639' title='bbox 3195 3937 3568 4002; x_wconf 87' lang='grc' dir='ltr'>κατατίθεται,</span> <span class='ocrx_word' id='word_1_640' title='bbox 3596 3935 3700 3990; x_wconf 80' lang='grc' dir='ltr'>ἴδια</span> 
     </span>
    </p>
   </div>
   <div class='ocr_carea' id='block_1_86' title="bbox 2118 4027 3699 4101">
    <p class='ocr_par' dir='ltr' id='par_1_86' title="bbox 2118 4027 3699 4101">
     <span class='ocr_line' id='line_1_86' title="bbox 2118 4027 3699 4101; baseline 0.001 -20"><span class='ocrx_word' id='word_1_641' title='bbox 2118 4027 2283 4082; x_wconf 83' lang='grc' dir='ltr'>αὑτοῦ</span> <span class='ocrx_word' id='word_1_642' title='bbox 2317 4027 2485 4101; x_wconf 79' lang='grc' dir='ltr'>σκεύη</span> <span class='ocrx_word' id='word_1_643' title='bbox 2527 4028 2867 4100; x_wconf 83' lang='grc' dir='ltr'>πειρώμενος</span> <span class='ocrx_word' id='word_1_644' title='bbox 2901 4027 3115 4092; x_wconf 78' lang='grc' dir='ltr'>σώζειν.</span> <span class='ocrx_word' id='word_1_645' title='bbox 3171 4031 3281 4082; x_wconf 82' lang='grc' dir='ltr'><strong>Καὶ</strong></span> <span class='ocrx_word' id='word_1_646' title='bbox 3319 4033 3368 4083; x_wconf 87' lang='grc' dir='ltr'>εἰ</span> <span class='ocrx_word' id='word_1_647' title='bbox 3400 4029 3540 4094; x_wconf 81' lang='grc' dir='ltr'>ὅλως</span> <span class='ocrx_word' id='word_1_648' title='bbox 3571 4047 3699 4099; x_wconf 83' lang='grc' dir='ltr'>συγ-</span> 
     </span>
    </p>
   </div>
   <div class='ocr_carea' id='block_1_87' title="bbox 2119 4118 3699 4186">
    <p class='ocr_par' dir='ltr' id='par_1_87' title="bbox 2119 4118 3699 4186">
     <span class='ocr_line' id='line_1_87' title="bbox 2119 4118 3699 4186; baseline 0.001 -14"><span class='ocrx_word' id='word_1_649' title='bbox 2119 4119 2467 4172; x_wconf 87' lang='grc' dir='ltr'>κατατίθεται</span> <span class='ocrx_word' id='word_1_650' title='bbox 2539 4121 2567 4172; x_wconf 88' lang='grc' dir='ltr'><strong>ὁ</strong></span> <span class='ocrx_word' id='word_1_651' title='bbox 2621 4119 2754 4183; x_wconf 80' lang='grc' dir='ltr'>Θεὸς</span> <span class='ocrx_word' id='word_1_652' title='bbox 2805 4118 2902 4172; x_wconf 83' lang='grc' dir='ltr'>τοῦ</span> <span class='ocrx_word' id='word_1_653' title='bbox 2957 4121 3152 4184; x_wconf 80' lang='grc' dir='ltr'>αἰῶνος</span> <span class='ocrx_word' id='word_1_654' title='bbox 3209 4121 3399 4176; x_wconf 85' lang='grc' dir='ltr'>τούτου</span> <span class='ocrx_word' id='word_1_655' title='bbox 3447 4123 3539 4175; x_wconf 73' lang='grc' dir='ltr'><strong>ἐπὶ</strong></span> <span class='ocrx_word' id='word_1_656' title='bbox 3589 4125 3699 4186; x_wconf 81' lang='grc' dir='ltr'>τοῖς</span> 
     </span>
    </p>
   </div>
   <div class='ocr_carea' id='block_1_88' title="bbox 2119 4210 3698 4286">
    <p class='ocr_par' dir='ltr' id='par_1_88' title="bbox 2119 4210 3698 4286">
     <span class='ocr_line' id='line_1_88' title="bbox 2119 4210 3698 4286; baseline 0.002 -20"><span class='ocrx_word' id='word_1_657' title='bbox 2119 4211 2282 4266; x_wconf 80' lang='grc' dir='ltr'>αὑτοῦ</span> <span class='ocrx_word' id='word_1_658' title='bbox 2341 4211 2431 4265; x_wconf 84' lang='grc' dir='ltr'><strong>διὰ</strong></span> <span class='ocrx_word' id='word_1_659' title='bbox 2484 4212 2580 4266; x_wconf 83' lang='grc' dir='ltr'>τοῦ</span> <span class='ocrx_word' id='word_1_660' title='bbox 2633 4211 2886 4284; x_wconf 76' lang='grc' dir='ltr'>Σωτῆρος</span> <span class='ocrx_word' id='word_1_661' title='bbox 2933 4210 3282 4283; x_wconf 79' lang='grc' dir='ltr'>σωζομένοις,</span> <span class='ocrx_word' id='word_1_662' title='bbox 3335 4215 3443 4286; x_wconf 77' lang='grc' dir='ltr'><strong>ἄρα</strong></span> <span class='ocrx_word' id='word_1_663' title='bbox 3494 4216 3698 4284; x_wconf 83' lang='grc' dir='ltr'>ἀγαθός</span> 
     </span>
    </p>
   </div>
   <div class='ocr_carea' id='block_1_89' title="bbox 2119 4301 3696 4378">
    <p class='ocr_par' dir='ltr' id='par_1_89' title="bbox 2119 4301 3696 4378">
     <span class='ocr_line' id='line_1_89' title="bbox 2119 4301 3696 4378; baseline 0.002 -22"><span class='ocrx_word' id='word_1_664' title='bbox 2119 4305 2288 4368; x_wconf 79' lang='grc' dir='ltr'>ἐστιν,</span> <span class='ocrx_word' id='word_1_665' title='bbox 2321 4305 2368 4356; x_wconf 82' lang='grc' dir='ltr'><strong>εί</strong></span> <span class='ocrx_word' id='word_1_666' title='bbox 2399 4303 2495 4357; x_wconf 74' lang='grc' dir='ltr'>καὶ</span> <span class='ocrx_word' id='word_1_667' title='bbox 2527 4305 2603 4375; x_wconf 88' lang='grc' dir='ltr'>μὴ</span> <span class='ocrx_word' id='word_1_668' title='bbox 2635 4303 2859 4357; x_wconf 81' lang='grc' dir='ltr'>δύναται</span> <span class='ocrx_word' id='word_1_669' title='bbox 2889 4301 3103 4368; x_wconf 79' lang='grc' dir='ltr'>σώζειν,</span> <span class='ocrx_word' id='word_1_670' title='bbox 3135 4304 3342 4376; x_wconf 89' lang='grc' dir='ltr'>χαίρων</span> <span class='ocrx_word' id='word_1_671' title='bbox 3373 4307 3466 4359; x_wconf 74' lang='grc' dir='ltr'><strong>ἐπὶ</strong></span> <span class='ocrx_word' id='word_1_672' title='bbox 3495 4309 3559 4378; x_wconf 84' lang='grc' dir='ltr'>τῇ</span> <span class='ocrx_word' id='word_1_673' title='bbox 3589 4307 3696 4360; x_wconf 82' lang='grc' dir='ltr'><strong>τῶν</strong></span> 
     </span>
    </p>
   </div>
   <div class='ocr_carea' id='block_1_90' title="bbox 2123 4394 3699 4468">
    <p class='ocr_par' dir='ltr' id='par_1_90' title="bbox 2123 4394 3699 4468">
     <span class='ocr_line' id='line_1_90' title="bbox 2123 4394 3699 4468; baseline 0.003 -21"><span class='ocrx_word' id='word_1_674' title='bbox 2123 4395 2267 4449; x_wconf 73' lang='grc' dir='ltr'>ἰδίων</span> <span class='ocrx_word' id='word_1_675' title='bbox 2303 4396 2570 4466; x_wconf 77' lang='grc' dir='ltr'>σωτηρίᾳ.</span> <span class='ocrx_word' id='word_1_676' title='bbox 2613 4395 2723 4448; x_wconf 77' lang='grc' dir='ltr'><strong>Καὶ</strong></span> <span class='ocrx_word' id='word_1_677' title='bbox 2769 4395 2922 4448; x_wconf 70' lang='grc' dir='ltr'>ἔσται</span> <span class='ocrx_word' id='word_1_678' title='bbox 2964 4394 3150 4448; x_wconf 82' lang='grc' dir='ltr'>λοιπὸν</span> <span class='ocrx_word' id='word_1_679' title='bbox 3185 4395 3284 4466; x_wconf 89' lang='grc' dir='ltr'>μία</span> <span class='ocrx_word' id='word_1_680' title='bbox 3318 4397 3570 4450; x_wconf 84' lang='grc' dir='ltr'>κοινωνία</span> <span class='ocrx_word' id='word_1_681' title='bbox 3599 4399 3699 4468; x_wconf 85' lang='grc' dir='ltr'>τῆς</span> 
     </span>
    </p>
   </div>
   <div class='ocr_carea' id='block_1_91' title="bbox 422 4475 2007 4563">
    <p class='ocr_par' dir='ltr' id='par_1_91' title="bbox 422 4488 2007 4563">
     <span class='ocr_line' id='line_1_91' title="bbox 422 4488 2007 4563; baseline 0.004 -22"><span class='ocrx_word' id='word_1_682' title='bbox 422 4494 604 4542; x_wconf 83' lang='lat' dir='ltr'><strong>tamen</strong></span> <span class='ocrx_word' id='word_1_683' title='bbox 633 4488 810 4543; x_wconf 88' lang='lat' dir='ltr'><strong>salute</strong></span> <span class='ocrx_word' id='word_1_684' title='bbox 835 4489 1084 4558; x_wconf 85' lang='lat' dir='ltr'><strong>gaudeat.</strong></span> <span class='ocrx_word' id='word_1_685' title='bbox 1111 4491 1288 4560; x_wconf 86' lang='lat' dir='ltr'><strong>Atque</strong></span> <span class='ocrx_word' id='word_1_686' title='bbox 1311 4491 1388 4546; x_wconf 89' lang='lat' dir='ltr'><strong>ita</strong></span> <span class='ocrx_word' id='word_1_687' title='bbox 1419 4507 1712 4548; x_wconf 87' lang='lat' dir='ltr'><strong>commune</strong></span> <span class='ocrx_word' id='word_1_688' title='bbox 1739 4493 2007 4563; x_wconf 84' lang='lat' dir='ltr'><strong>quoddam</strong></span> 
     </span>
    </p>
   </div>
   <div class='ocr_carea' id='block_1_92' title="bbox 2111 4475 3695 4563">
    <p class='ocr_par' dir='ltr' id='par_1_92' title="bbox 2117 4486 3695 4561">
     <span class='ocr_line' id='line_1_92' title="bbox 2117 4486 3695 4561; baseline -0.001 -18"><span class='ocrx_word' id='word_1_689' title='bbox 2117 4488 2475 4561; x_wconf 85' lang='grc' dir='ltr'>ἀγαθότητος,</span> <span class='ocrx_word' id='word_1_690' title='bbox 2525 4489 2609 4542; x_wconf 88' lang='grc' dir='ltr'>ὅτι</span> <span class='ocrx_word' id='word_1_691' title='bbox 2656 4490 2684 4542; x_wconf 84' lang='grc' dir='ltr'>ὁ</span> <span class='ocrx_word' id='word_1_692' title='bbox 2731 4487 2830 4558; x_wconf 85' lang='grc' dir='ltr'><strong>μὲν</strong></span> <span class='ocrx_word' id='word_1_693' title='bbox 2873 4487 3172 4559; x_wconf 87' lang='grc' dir='ltr'>δυνάμενος</span> <span class='ocrx_word' id='word_1_694' title='bbox 3221 4486 3403 4552; x_wconf 82' lang='grc' dir='ltr'>σώζει,</span> <span class='ocrx_word' id='word_1_695' title='bbox 3450 4489 3479 4541; x_wconf 87' lang='grc' dir='ltr'><strong>ό</strong></span> <span class='ocrx_word' id='word_1_696' title='bbox 3523 4488 3582 4542; x_wconf 85' lang='grc' dir='ltr'>δὲ</span> <span class='ocrx_word' id='word_1_697' title='bbox 3621 4489 3695 4559; x_wconf 83' lang='grc' dir='ltr'>μὴ</span> 
     </span>
    </p>
   </div>
   <div class='ocr_carea' id='block_1_93' title="bbox 421 4579 2016 4654">
    <p class='ocr_par' dir='ltr' id='par_1_93' title="bbox 421 4579 2016 4654">
     <span class='ocr_line' id='line_1_93' title="bbox 421 4579 2016 4654; baseline 0.004 -20"><span class='ocrx_word' id='word_1_698' title='bbox 421 4579 526 4634; x_wconf 86' lang='lat' dir='ltr'><strong>erit</strong></span> <span class='ocrx_word' id='word_1_699' title='bbox 573 4580 834 4636; x_wconf 87' lang='lat' dir='ltr'><strong>bonitatis</strong></span> <span class='ocrx_word' id='word_1_700' title='bbox 863 4581 1288 4647; x_wconf 82' lang='lat' dir='ltr'><strong>commercium,</strong></span> <span class='ocrx_word' id='word_1_701' title='bbox 1326 4584 1472 4654; x_wconf 87' lang='lat' dir='ltr'><strong>quod</strong></span> <span class='ocrx_word' id='word_1_702' title='bbox 1509 4593 1563 4639; x_wconf 89' lang='lat' dir='ltr'><strong>et</strong></span> <span class='ocrx_word' id='word_1_703' title='bbox 1595 4585 1828 4639; x_wconf 89' lang='lat' dir='ltr'><strong>salutem</strong></span> <span class='ocrx_word' id='word_1_704' title='bbox 1861 4585 2016 4640; x_wconf 86' lang='lat' dir='ltr'><strong>all&#39;ert</strong></span> 
     </span>
    </p>
   </div>
   <div class='ocr_carea' id='block_1_94' title="bbox 422 4670 2008 4746">
    <p class='ocr_par' dir='ltr' id='par_1_94' title="bbox 422 4670 2008 4746">
     <span class='ocr_line' id='line_1_94' title="bbox 422 4670 2008 4746; baseline 0.003 -20"><span class='ocrx_word' id='word_1_705' title='bbox 422 4670 473 4727; x_wconf 87' lang='lat' dir='ltr'><strong>is</strong></span> <span class='ocrx_word' id='word_1_706' title='bbox 497 4673 588 4742; x_wconf 92' lang='lat' dir='ltr'><strong>qui</strong></span> <span class='ocrx_word' id='word_1_707' title='bbox 623 4679 830 4741; x_wconf 87' lang='lat' dir='ltr'><strong>potest,</strong></span> <span class='ocrx_word' id='word_1_708' title='bbox 879 4680 934 4727; x_wconf 84' lang='lat' dir='ltr'><strong>et</strong></span> <span class='ocrx_word' id='word_1_709' title='bbox 966 4673 1060 4742; x_wconf 90' lang='lat' dir='ltr'><strong>qui</strong></span> <span class='ocrx_word' id='word_1_710' title='bbox 1105 4689 1192 4730; x_wconf 87' lang='lat' dir='ltr'><strong>res</strong></span> <span class='ocrx_word' id='word_1_711' title='bbox 1227 4690 1356 4730; x_wconf 90' lang='lat' dir='ltr'><strong>suas</strong></span> <span class='ocrx_word' id='word_1_712' title='bbox 1403 4689 1624 4730; x_wconf 82' lang='lat' dir='ltr'><strong>servare</strong></span> <span class='ocrx_word' id='word_1_713' title='bbox 1667 4691 1775 4729; x_wconf 90' lang='lat' dir='ltr'><strong>non</strong></span> <span class='ocrx_word' id='word_1_714' title='bbox 1807 4686 2008 4746; x_wconf 86' lang='lat' dir='ltr'><strong>potest,</strong></span> 
     </span>
    </p>
   </div>
   <div class='ocr_carea' id='block_1_95' title="bbox 424 4763 2013 4837">
    <p class='ocr_par' dir='ltr' id='par_1_95' title="bbox 424 4763 2013 4837">
     <span class='ocr_line' id='line_1_95' title="bbox 424 4763 2013 4837; baseline 0.002 -17"><span class='ocrx_word' id='word_1_715' title='bbox 424 4765 628 4820; x_wconf 88' lang='lat' dir='ltr'><strong>servari</strong></span> <span class='ocrx_word' id='word_1_716' title='bbox 653 4771 834 4818; x_wconf 88' lang='lat' dir='ltr'><strong>tamen</strong></span> <span class='ocrx_word' id='word_1_717' title='bbox 864 4763 933 4818; x_wconf 88' lang='lat' dir='ltr'><strong>ab</strong></span> <span class='ocrx_word' id='word_1_718' title='bbox 972 4765 1143 4819; x_wconf 89' lang='lat' dir='ltr'><strong>altero</strong></span> <span class='ocrx_word' id='word_1_719' title='bbox 1182 4765 1551 4837; x_wconf 75' lang='lat'><strong>683-689</strong></span> <span class='ocrx_word' id='word_1_720' title='bbox 1593 4767 1824 4822; x_wconf 85' lang='lat' dir='ltr'><strong>libenter</strong></span> <span class='ocrx_word' id='word_1_721' title='bbox 1847 4769 2013 4834; x_wconf 88' lang='lat' dir='ltr'><strong>videt,</strong></span> 
     </span>
    </p>
   </div>
   <div class='ocr_carea' id='block_1_96' title="bbox 421 4855 2015 4929">
    <p class='ocr_par' dir='ltr' id='par_1_96' title="bbox 421 4855 2015 4929">
     <span class='ocr_line' id='line_1_96' title="bbox 421 4855 2015 4929; baseline 0.004 -20"><span class='ocrx_word' id='word_1_722' title='bbox 421 4872 562 4927; x_wconf 87' lang='lat' dir='ltr'><strong>quas</strong></span> <span class='ocrx_word' id='word_1_723' title='bbox 595 4856 759 4910; x_wconf 90' lang='lat' dir='ltr'><strong>etiam</strong></span> <span class='ocrx_word' id='word_1_724' title='bbox 794 4856 848 4909; x_wconf 91' lang='lat' dir='ltr'><strong>in</strong></span> <span class='ocrx_word' id='word_1_725' title='bbox 883 4855 1036 4910; x_wconf 88' lang='lat' dir='ltr'><strong>lucro</strong></span> <span class='ocrx_word' id='word_1_726' title='bbox 1071 4867 1351 4921; x_wconf 88' lang='lat' dir='ltr'><strong>numerat,</strong></span> <span class='ocrx_word' id='word_1_727' title='bbox 1392 4873 1516 4913; x_wconf 87' lang='lat' dir='ltr'><strong>eum</strong></span> <span class='ocrx_word' id='word_1_728' title='bbox 1547 4858 1614 4912; x_wconf 90' lang='lat' dir='ltr'><strong>ab</strong></span> <span class='ocrx_word' id='word_1_729' title='bbox 1653 4874 1717 4913; x_wconf 90' lang='lat' dir='ltr'><strong>eo</strong></span> <span class='ocrx_word' id='word_1_730' title='bbox 1747 4861 1840 4929; x_wconf 91' lang='lat' dir='ltr'><strong>qui</strong></span> <span class='ocrx_word' id='word_1_731' title='bbox 1879 4875 2015 4929; x_wconf 76' lang='lat' dir='ltr'><strong>pne-</strong></span> 
     </span>
    </p>
   </div>
   <div class='ocr_carea' id='block_1_97' title="bbox 421 4951 2012 5024">
    <p class='ocr_par' dir='ltr' id='par_1_97' title="bbox 421 4951 2012 5024">
     <span class='ocr_line' id='line_1_97' title="bbox 421 4951 2012 5024; baseline 0.004 -22"><span class='ocrx_word' id='word_1_732' title='bbox 421 4951 570 5002; x_wconf 85' lang='lat' dir='ltr'><strong>elare</strong></span> <span class='ocrx_word' id='word_1_733' title='bbox 617 4963 838 5004; x_wconf 89' lang='lat' dir='ltr'><strong>servare</strong></span> <span class='ocrx_word' id='word_1_734' title='bbox 890 4957 1104 5018; x_wconf 80' lang='lat' dir='ltr'><strong>potest,</strong></span> <span class='ocrx_word' id='word_1_735' title='bbox 1143 4951 1325 5004; x_wconf 88' lang='lat' dir='ltr'><strong>salvas</strong></span> <span class='ocrx_word' id='word_1_736' title='bbox 1359 4959 1412 5004; x_wconf 87' lang='lat' dir='ltr'><strong>et</strong></span> <span class='ocrx_word' id='word_1_737' title='bbox 1449 4951 1748 5007; x_wconf 89' lang='lat' dir='ltr'><strong>incolumes</strong></span> <span class='ocrx_word' id='word_1_738' title='bbox 1785 4967 2012 5024; x_wconf 83' lang='lat' dir='ltr'><strong>accepe-</strong></span> 
     </span>
    </p>
   </div>
   <div class='ocr_carea' id='block_1_98' title="bbox 421 5040 2008 5115">
    <p class='ocr_par' dir='ltr' id='par_1_98' title="bbox 421 5040 2008 5115">
     <span class='ocr_line' id='line_1_98' title="bbox 421 5040 2008 5115; baseline 0.004 -20"><span class='ocrx_word' id='word_1_739' title='bbox 421 5043 512 5095; x_wconf 86' lang='lat' dir='ltr'><strong>rit.</strong></span> <span class='ocrx_word' id='word_1_740' title='bbox 565 5040 832 5096; x_wconf 70' lang='lat' dir='ltr'><strong>Prazterea</strong></span> <span class='ocrx_word' id='word_1_741' title='bbox 877 5042 925 5096; x_wconf 88' lang='lat' dir='ltr'><strong>si</strong></span> <span class='ocrx_word' id='word_1_742' title='bbox 975 5042 1152 5096; x_wconf 89' lang='lat' dir='ltr'><strong>eidem</strong></span> <span class='ocrx_word' id='word_1_743' title='bbox 1196 5042 1271 5095; x_wconf 90' lang='lat' dir='ltr'><strong>illi</strong></span> <span class='ocrx_word' id='word_1_744' title='bbox 1307 5043 1398 5112; x_wconf 88' lang='lat' dir='ltr'><strong>qui</strong></span> <span class='ocrx_word' id='word_1_745' title='bbox 1441 5059 1659 5098; x_wconf 85' lang='lat' dir='ltr'><strong>servare</strong></span> <span class='ocrx_word' id='word_1_746' title='bbox 1711 5059 1798 5099; x_wconf 88' lang='lat' dir='ltr'><strong>res</strong></span> <span class='ocrx_word' id='word_1_747' title='bbox 1834 5045 2008 5115; x_wconf 90' lang='lat' dir='ltr'><strong>ipsius</strong></span> 
     </span>
    </p>
   </div>
   <div class='ocr_carea' id='block_1_99' title="bbox 419 5134 2004 5207">
    <p class='ocr_par' dir='ltr' id='par_1_99' title="bbox 419 5134 2004 5207">
     <span class='ocr_line' id='line_1_99' title="bbox 419 5134 2004 5207; baseline 0.004 -19"><span class='ocrx_word' id='word_1_748' title='bbox 419 5135 624 5203; x_wconf 89' lang='lat' dir='ltr'><strong>cupiat,</strong></span> <span class='ocrx_word' id='word_1_749' title='bbox 662 5149 1003 5204; x_wconf 88' lang='lat' dir='ltr'><strong>nequaquam</strong></span> <span class='ocrx_word' id='word_1_750' title='bbox 1037 5134 1382 5199; x_wconf 86' lang='lat' dir='ltr'><strong>adversatur,</strong></span> <span class='ocrx_word' id='word_1_751' title='bbox 1419 5135 1640 5190; x_wconf 88' lang='lat' dir='ltr'><strong>habebit</strong></span> <span class='ocrx_word' id='word_1_752' title='bbox 1672 5139 1720 5191; x_wconf 92' lang='lat' dir='ltr'><strong>ei</strong></span> <span class='ocrx_word' id='word_1_753' title='bbox 1755 5139 1846 5207; x_wconf 91' lang='lat' dir='ltr'><strong>qui</strong></span> <span class='ocrx_word' id='word_1_754' title='bbox 1886 5153 2004 5194; x_wconf 83' lang='lat' dir='ltr'><strong>ser-</strong></span> 
     </span>
    </p>
   </div>
   <div class='ocr_carea' id='block_1_100' title="bbox 419 5223 1998 5299">
    <p class='ocr_par' dir='ltr' id='par_1_100' title="bbox 419 5223 1998 5299">
     <span class='ocr_line' id='line_1_100' title="bbox 419 5223 1998 5299; baseline 0.001 -16"><span class='ocrx_word' id='word_1_755' title='bbox 419 5239 508 5283; x_wconf 88' lang='lat' dir='ltr'><strong>vat</strong></span> <span class='ocrx_word' id='word_1_756' title='bbox 537 5231 795 5299; x_wconf 78' lang='lat' dir='ltr'><strong>gratiam;</strong></span> <span class='ocrx_word' id='word_1_757' title='bbox 837 5229 1174 5299; x_wconf 89' lang='lat' dir='ltr'><strong>proindeque</strong></span> <span class='ocrx_word' id='word_1_758' title='bbox 1208 5230 1255 5284; x_wconf 90' lang='lat' dir='ltr'><strong>is</strong></span> <span class='ocrx_word' id='word_1_759' title='bbox 1279 5229 1514 5299; x_wconf 90' lang='lat' dir='ltr'><strong>primum</strong></span> <span class='ocrx_word' id='word_1_760' title='bbox 1551 5223 1699 5285; x_wconf 81' lang='lat' dir='ltr'><strong>illum</strong></span> <span class='ocrx_word' id='word_1_761' title='bbox 1735 5231 1998 5296; x_wconf 88' lang='lat' dir='ltr'><strong>servabit,</strong></span> 
     </span>
    </p>
   </div>
   <div class='ocr_carea' id='block_1_101' title="bbox 419 5320 1999 5390">
    <p class='ocr_par' dir='ltr' id='par_1_101' title="bbox 419 5320 1999 5390">
     <span class='ocr_line' id='line_1_101' title="bbox 419 5320 1999 5390; baseline 0.003 -19"><span class='ocrx_word' id='word_1_762' title='bbox 419 5321 484 5372; x_wconf 88' lang='lat' dir='ltr'><strong>ad</strong></span> <span class='ocrx_word' id='word_1_763' title='bbox 513 5336 673 5388; x_wconf 91' lang='lat' dir='ltr'><strong>quem</strong></span> <span class='ocrx_word' id='word_1_764' title='bbox 717 5320 809 5390; x_wconf 81' lang='lat' dir='ltr'><strong>qui</strong></span> <span class='ocrx_word' id='word_1_765' title='bbox 847 5329 1134 5376; x_wconf 82' lang='lat' dir='ltr'><strong>servantur</strong></span> <span class='ocrx_word' id='word_1_766' title='bbox 1164 5321 1420 5386; x_wconf 89' lang='lat' dir='ltr'><strong>attinent,</strong></span> <span class='ocrx_word' id='word_1_767' title='bbox 1445 5328 1504 5374; x_wconf 92' lang='lat' dir='ltr'><strong>ut</strong></span> <span class='ocrx_word' id='word_1_768' title='bbox 1536 5323 1588 5376; x_wconf 92' lang='lat' dir='ltr'><strong>in</strong></span> <span class='ocrx_word' id='word_1_769' title='bbox 1611 5337 1676 5377; x_wconf 92' lang='lat' dir='ltr'><strong>eo</strong></span> <span class='ocrx_word' id='word_1_770' title='bbox 1717 5322 1999 5378; x_wconf 80' lang='lat' dir='ltr'><strong>liberanda</strong></span> 
     </span>
    </p>
   </div>
   <div class='ocr_carea' id='block_1_102' title="bbox 422 5413 1996 5484">
    <p class='ocr_par' dir='ltr' id='par_1_102' title="bbox 422 5413 1996 5484">
     <span class='ocr_line' id='line_1_102' title="bbox 422 5413 1996 5484; baseline 0.002 -18"><span class='ocrx_word' id='word_1_771' title='bbox 422 5415 677 5468; x_wconf 84' lang='lat' dir='ltr'><strong>bonitatis</strong></span> <span class='ocrx_word' id='word_1_772' title='bbox 712 5429 824 5468; x_wconf 71' lang='lat' dir='ltr'><strong>sum</strong></span> <span class='ocrx_word' id='word_1_773' title='bbox 862 5414 1136 5484; x_wconf 87' lang='lat' dir='ltr'><strong>specimen</strong></span> <span class='ocrx_word' id='word_1_774' title='bbox 1173 5414 1428 5484; x_wconf 71' lang='lat' dir='ltr'><strong>prmbeat.</strong></span> <span class='ocrx_word' id='word_1_775' title='bbox 1492 5413 1610 5470; x_wconf 81' lang='lat' dir='ltr'><strong>Non</strong></span> <span class='ocrx_word' id='word_1_776' title='bbox 1643 5415 1810 5478; x_wconf 89' lang='lat' dir='ltr'><strong>enim,</strong></span> <span class='ocrx_word' id='word_1_777' title='bbox 1844 5424 1996 5484; x_wconf 90' lang='lat' dir='ltr'><strong>puto,</strong></span> 
     </span>
    </p>
   </div>
   <div class='ocr_carea' id='block_1_103' title="bbox 425 5503 2002 5576">
    <p class='ocr_par' dir='ltr' id='par_1_103' title="bbox 425 5503 2002 5576">
     <span class='ocr_line' id='line_1_103' title="bbox 425 5503 2002 5576; baseline -0.001 -17"><span class='ocrx_word' id='word_1_778' title='bbox 425 5503 568 5559; x_wconf 84' lang='lat' dir='ltr'><strong>solos</strong></span> <span class='ocrx_word' id='word_1_779' title='bbox 601 5504 814 5572; x_wconf 85' lang='lat' dir='ltr'><strong>eripere</strong></span> <span class='ocrx_word' id='word_1_780' title='bbox 857 5513 1051 5560; x_wconf 87' lang='lat' dir='ltr'><strong>tenues</strong></span> <span class='ocrx_word' id='word_1_781' title='bbox 1083 5503 1247 5572; x_wconf 88' lang='lat' dir='ltr'><strong>volet,</strong></span> <span class='ocrx_word' id='word_1_782' title='bbox 1281 5503 1558 5576; x_wconf 61' lang='lat' dir='ltr'><strong>praecipuo</strong></span> <span class='ocrx_word' id='word_1_783' title='bbox 1597 5505 1690 5559; x_wconf 90' lang='lat' dir='ltr'><strong>illo</strong></span> <span class='ocrx_word' id='word_1_784' title='bbox 1721 5505 1934 5566; x_wconf 74' lang='lat' dir='ltr'><strong>relicto,</strong></span> <span class='ocrx_word' id='word_1_785' title='bbox 1971 5517 2002 5557; x_wconf 89' lang='lat' dir='ltr'><strong>a</strong></span> 
     </span>
    </p>
   </div>
   <div class='ocr_carea' id='block_1_104' title="bbox 2115 4579 3698 4652">
    <p class='ocr_par' dir='ltr' id='par_1_104' title="bbox 2115 4579 3698 4652">
     <span class='ocr_line' id='line_1_104' title="bbox 2115 4579 3698 4652; baseline 0 -18"><span class='ocrx_word' id='word_1_786' title='bbox 2115 4581 2410 4652; x_wconf 85' lang='grc' dir='ltr'>δυνάμενος</span> <span class='ocrx_word' id='word_1_787' title='bbox 2463 4579 2532 4634; x_wconf 82' lang='grc' dir='ltr'>τά</span> <span class='ocrx_word' id='word_1_788' title='bbox 2590 4579 2697 4635; x_wconf 82' lang='grc' dir='ltr'>ἴδια</span> <span class='ocrx_word' id='word_1_789' title='bbox 2753 4579 2965 4646; x_wconf 79' lang='grc' dir='ltr'>σώζειν,</span> <span class='ocrx_word' id='word_1_790' title='bbox 3017 4581 3198 4652; x_wconf 89' lang='grc' dir='ltr'>χαίρει</span> <span class='ocrx_word' id='word_1_791' title='bbox 3231 4582 3324 4634; x_wconf 76' lang='grc' dir='ltr'>ἐπὶ</span> <span class='ocrx_word' id='word_1_792' title='bbox 3370 4585 3482 4646; x_wconf 81' lang='grc' dir='ltr'>τοῖς</span> <span class='ocrx_word' id='word_1_793' title='bbox 3531 4581 3698 4646; x_wconf 81' lang='grc' dir='ltr'>σωζο-</span> 
     </span>
    </p>
   </div>
   <div class='ocr_carea' id='block_1_105' title="bbox 2119 4670 3696 4744">
    <p class='ocr_par' dir='ltr' id='par_1_105' title="bbox 2119 4670 3696 4744">
     <span class='ocr_line' id='line_1_105' title="bbox 2119 4670 3696 4744; baseline 0.001 -19"><span class='ocrx_word' id='word_1_794' title='bbox 2119 4671 2332 4742; x_wconf 87' lang='grc' dir='ltr'>μένοις,</span> <span class='ocrx_word' id='word_1_795' title='bbox 2381 4671 2575 4744; x_wconf 85' lang='grc' dir='ltr'>κέρδος</span> <span class='ocrx_word' id='word_1_796' title='bbox 2621 4670 2691 4724; x_wconf 84' lang='grc' dir='ltr'>τὰ</span> <span class='ocrx_word' id='word_1_797' title='bbox 2739 4670 2845 4724; x_wconf 74' lang='grc' dir='ltr'>[δια</span> <span class='ocrx_word' id='word_1_798' title='bbox 2891 4670 3192 4742; x_wconf 80' lang='grc' dir='ltr'>ἡγούμενος</span> <span class='ocrx_word' id='word_1_799' title='bbox 3247 4670 3398 4741; x_wconf 80' lang='grc' dir='ltr'>παρὰ</span> <span class='ocrx_word' id='word_1_800' title='bbox 3451 4671 3544 4725; x_wconf 83' lang='grc' dir='ltr'><strong>τοῦ</strong></span> <span class='ocrx_word' id='word_1_801' title='bbox 3595 4689 3696 4726; x_wconf 86' lang='grc' dir='ltr'><strong>κα-</strong></span> 
     </span>
    </p>
   </div>
   <div class='ocr_carea' id='block_1_106' title="bbox 2118 4759 3696 4832">
    <p class='ocr_par' dir='ltr' id='par_1_106' title="bbox 2118 4759 3696 4832">
     <span class='ocr_line' id='line_1_106' title="bbox 2118 4759 3696 4832; baseline 0.002 -19"><span class='ocrx_word' id='word_1_802' title='bbox 2118 4761 2227 4825; x_wconf 86' lang='grc' dir='ltr'><strong>λῶς</strong></span> <span class='ocrx_word' id='word_1_803' title='bbox 2285 4759 2552 4826; x_wconf 80' lang='grc' dir='ltr'>σώζοντος</span> <span class='ocrx_word' id='word_1_804' title='bbox 2623 4760 2908 4832; x_wconf 81' lang='grc' dir='ltr'>σωζόμενα</span> <span class='ocrx_word' id='word_1_805' title='bbox 2955 4761 3113 4832; x_wconf 79' lang='grc' dir='ltr'>ἔχων.</span> <span class='ocrx_word' id='word_1_806' title='bbox 3169 4763 3280 4816; x_wconf 70' lang='grc' dir='ltr'>Καὶ</span> <span class='ocrx_word' id='word_1_807' title='bbox 3317 4763 3368 4814; x_wconf 82' lang='grc' dir='ltr'>εἰ</span> <span class='ocrx_word' id='word_1_808' title='bbox 3415 4762 3552 4826; x_wconf 87' lang='grc' dir='ltr'>ὅλως</span> <span class='ocrx_word' id='word_1_809' title='bbox 3595 4764 3696 4816; x_wconf 91' lang='grc' dir='ltr'>οὑκ</span> 
     </span>
    </p>
   </div>
   <div class='ocr_carea' id='block_1_107' title="bbox 2116 4854 3696 4928">
    <p class='ocr_par' dir='ltr' id='par_1_107' title="bbox 2116 4854 3696 4928">
     <span class='ocr_line' id='line_1_107' title="bbox 2116 4854 3696 4928; baseline 0.001 -20"><span class='ocrx_word' id='word_1_810' title='bbox 2116 4855 2455 4910; x_wconf 71' lang='grc' dir='ltr'>ἐναντιοῦται</span> <span class='ocrx_word' id='word_1_811' title='bbox 2485 4854 2563 4925; x_wconf 82' lang='grc' dir='ltr'><strong>τῷ</strong></span> <span class='ocrx_word' id='word_1_812' title='bbox 2585 4854 2894 4926; x_wconf 82' lang='grc' dir='ltr'>βουλομένῳ</span> <span class='ocrx_word' id='word_1_813' title='bbox 2931 4855 2999 4909; x_wconf 84' lang='grc' dir='ltr'>τὰ</span> <span class='ocrx_word' id='word_1_814' title='bbox 3036 4854 3141 4910; x_wconf 77' lang='grc' dir='ltr'>ἴδια</span> <span class='ocrx_word' id='word_1_815' title='bbox 3173 4855 3387 4922; x_wconf 78' lang='grc' dir='ltr'>σώζειν,</span> <span class='ocrx_word' id='word_1_816' title='bbox 3419 4857 3512 4909; x_wconf 77' lang='grc' dir='ltr'>καὶ</span> <span class='ocrx_word' id='word_1_817' title='bbox 3537 4857 3696 4928; x_wconf 85' lang='grc' dir='ltr'>χάριν</span> 
     </span>
    </p>
   </div>
   <div class='ocr_carea' id='block_1_108' title="bbox 2113 4949 3695 5022">
    <p class='ocr_par' dir='ltr' id='par_1_108' title="bbox 2113 4949 3695 5022">
     <span class='ocr_line' id='line_1_108' title="bbox 2113 4949 3695 5022; baseline 0.001 -22"><span class='ocrx_word' id='word_1_818' title='bbox 2113 4949 2458 5019; x_wconf 84' lang='grc' dir='ltr'>ὁμολογήσει.</span> <span class='ocrx_word' id='word_1_819' title='bbox 2519 4950 2581 5002; x_wconf 81' lang='grc' dir='ltr'><strong>Εἰ</strong></span> <span class='ocrx_word' id='word_1_820' title='bbox 2635 4949 2693 5003; x_wconf 81' lang='grc' dir='ltr'>δὲ</span> <span class='ocrx_word' id='word_1_821' title='bbox 2746 4949 2908 5022; x_wconf 86' lang='grc' dir='ltr'>χάριν</span> <span class='ocrx_word' id='word_1_822' title='bbox 2957 4949 3210 5020; x_wconf 85' lang='grc' dir='ltr'>ὁμολογεῖ</span> <span class='ocrx_word' id='word_1_823' title='bbox 3267 4949 3485 5021; x_wconf 87' lang='grc' dir='ltr'>πρῶτον</span> <span class='ocrx_word' id='word_1_824' title='bbox 3531 4949 3695 5003; x_wconf 81' lang='grc' dir='ltr'>αὑτὸν</span> 
     </span>
    </p>
   </div>
   <div class='ocr_carea' id='block_1_109' title="bbox 2111 5035 3697 5112">
    <p class='ocr_par' dir='ltr' id='par_1_109' title="bbox 2111 5035 3697 5112">
     <span class='ocr_line' id='line_1_109' title="bbox 2111 5035 3697 5112; baseline 0.002 -19"><span class='ocrx_word' id='word_1_825' title='bbox 2111 5039 2310 5106; x_wconf 81' lang='grc' dir='ltr'>σώζει,</span> <span class='ocrx_word' id='word_1_826' title='bbox 2357 5035 2420 5094; x_wconf 81' lang='grc' dir='ltr'>οὗ</span> <span class='ocrx_word' id='word_1_827' title='bbox 2471 5041 2522 5093; x_wconf 81' lang='grc' dir='ltr'>οί</span> <span class='ocrx_word' id='word_1_828' title='bbox 2560 5041 2880 5112; x_wconf 81' lang='grc' dir='ltr'>σωζόμενοι,</span> <span class='ocrx_word' id='word_1_829' title='bbox 2933 5041 3019 5094; x_wconf 81' lang='grc' dir='ltr'><strong>ἵνα</strong></span> <span class='ocrx_word' id='word_1_830' title='bbox 3069 5039 3214 5112; x_wconf 83' lang='grc' dir='ltr'>δείξῃ</span> <span class='ocrx_word' id='word_1_831' title='bbox 3251 5041 3336 5093; x_wconf 75' lang='grc' dir='ltr'><strong>ἐπ’</strong></span> <span class='ocrx_word' id='word_1_832' title='bbox 3383 5041 3548 5094; x_wconf 84' lang='grc' dir='ltr'>αὑτὸν</span> <span class='ocrx_word' id='word_1_833' title='bbox 3598 5057 3697 5096; x_wconf 85' lang='grc' dir='ltr'>σω-</span> 
     </span>
    </p>
   </div>
   <div class='ocr_carea' id='block_1_110' title="bbox 2111 5129 3698 5202">
    <p class='ocr_par' dir='ltr' id='par_1_110' title="bbox 2111 5129 3698 5202">
     <span class='ocr_line' id='line_1_110' title="bbox 2111 5129 3698 5202; baseline 0.001 -18"><span class='ocrx_word' id='word_1_834' title='bbox 2111 5131 2338 5200; x_wconf 79' lang='grc' dir='ltr'>ζόμενον</span> <span class='ocrx_word' id='word_1_835' title='bbox 2364 5131 2464 5201; x_wconf 84' lang='grc' dir='ltr'><strong>τὴν</strong></span> <span class='ocrx_word' id='word_1_836' title='bbox 2490 5129 2656 5183; x_wconf 82' lang='grc' dir='ltr'>αὑτοῦ</span> <span class='ocrx_word' id='word_1_837' title='bbox 2694 5129 3024 5200; x_wconf 78' lang='grc' dir='ltr'>ἀγαθότητα.</span> <span class='ocrx_word' id='word_1_838' title='bbox 3067 5131 3178 5184; x_wconf 82' lang='lat' dir='ltr'><strong>Kal.</strong></span> <span class='ocrx_word' id='word_1_839' title='bbox 3209 5131 3270 5183; x_wconf 84' lang='grc' dir='ltr'>οὐ</span> <span class='ocrx_word' id='word_1_840' title='bbox 3304 5131 3429 5194; x_wconf 83' lang='grc' dir='ltr'>τοὺς</span> <span class='ocrx_word' id='word_1_841' title='bbox 3463 5133 3698 5202; x_wconf 77' lang='grc' dir='ltr'>μικροὺς</span> 
     </span>
    </p>
   </div>
   <div class='ocr_carea' id='block_1_111' title="bbox 2111 5222 3697 5294">
    <p class='ocr_par' dir='ltr' id='par_1_111' title="bbox 2111 5222 3697 5294">
     <span class='ocr_line' id='line_1_111' title="bbox 2111 5222 3697 5294; baseline 0.001 -20"><span class='ocrx_word' id='word_1_842' title='bbox 2111 5222 2310 5293; x_wconf 81' lang='grc' dir='ltr'>μᾶλλον</span> <span class='ocrx_word' id='word_1_843' title='bbox 2348 5222 2598 5294; x_wconf 85' lang='grc' dir='ltr'>βούλεται</span> <span class='ocrx_word' id='word_1_844' title='bbox 2630 5223 2846 5287; x_wconf 70' lang='grc' dir='ltr'>σώζειν,</span> <span class='ocrx_word' id='word_1_845' title='bbox 2878 5224 2973 5275; x_wconf 78' lang='grc' dir='ltr'>καὶ</span> <span class='ocrx_word' id='word_1_846' title='bbox 3005 5224 3100 5293; x_wconf 82' lang='grc' dir='ltr'><strong>ὲᾷν</strong></span> <span class='ocrx_word' id='word_1_847' title='bbox 3132 5223 3223 5276; x_wconf 81' lang='grc' dir='ltr'>τὸν</span> <span class='ocrx_word' id='word_1_848' title='bbox 3265 5223 3585 5292; x_wconf 82' lang='grc' dir='ltr'>ἀναγκαῖον,</span> <span class='ocrx_word' id='word_1_849' title='bbox 3637 5223 3697 5288; x_wconf 77' lang='grc' dir='ltr'><strong>ἐξ</strong></span> 
     </span>
    </p>
   </div>
   <div class='ocr_carea' id='block_1_112' title="bbox 2105 5307 3695 5386">
    <p class='ocr_par' dir='ltr' id='par_1_112' title="bbox 2105 5307 3695 5386">
     <span class='ocr_line' id='line_1_112' title="bbox 2105 5307 3695 5386; baseline -0.001 -20"><span class='ocrx_word' id='word_1_850' title='bbox 2105 5307 2277 5386; x_wconf 76' lang='grc' dir='ltr'>οὗπερ</span> <span class='ocrx_word' id='word_1_851' title='bbox 2320 5315 2368 5367; x_wconf 90' lang='grc' dir='ltr'><strong>οἱ</strong></span> <span class='ocrx_word' id='word_1_852' title='bbox 2407 5313 2703 5383; x_wconf 81' lang='grc' dir='ltr'>σωζόμενοι</span> <span class='ocrx_word' id='word_1_853' title='bbox 2745 5313 3055 5382; x_wconf 81' lang='grc' dir='ltr'>γεγόνασιν.</span> <span class='ocrx_word' id='word_1_854' title='bbox 3101 5313 3172 5366; x_wconf 85' lang='grc' dir='ltr'>Ἣ</span> <span class='ocrx_word' id='word_1_855' title='bbox 3210 5313 3386 5376; x_wconf 83' lang='grc' dir='ltr'>ἄλλως</span> <span class='ocrx_word' id='word_1_856' title='bbox 3423 5312 3609 5374; x_wconf 84' lang='grc' dir='ltr'>πάλιν,</span> <span class='ocrx_word' id='word_1_857' title='bbox 3645 5311 3695 5364; x_wconf 74' lang='grc' dir='ltr'>εἰ</span> 
     </span>
    </p>
   </div>
   <div class='ocr_carea' id='block_1_113' title="bbox 2109 5403 3694 5480">
    <p class='ocr_par' dir='ltr' id='par_1_113' title="bbox 2109 5403 3694 5480">
     <span class='ocr_line' id='line_1_113' title="bbox 2109 5403 3694 5480; baseline -0.002 -20"><span class='ocrx_word' id='word_1_858' title='bbox 2109 5408 2207 5480; x_wconf 77' lang='grc' dir='ltr'><strong>μὲν</strong></span> <span class='ocrx_word' id='word_1_859' title='bbox 2241 5407 2488 5479; x_wconf 84' lang='grc' dir='ltr'><strong>βούλεται</strong></span> <span class='ocrx_word' id='word_1_860' title='bbox 2538 5407 2703 5460; x_wconf 80' lang='grc' dir='ltr'>αὑτὸν</span> <span class='ocrx_word' id='word_1_861' title='bbox 2751 5405 2825 5476; x_wconf 84' lang='grc' dir='ltr'>μὴ</span> <span class='ocrx_word' id='word_1_862' title='bbox 2871 5404 3087 5470; x_wconf 81' lang='grc' dir='ltr'>σώζειν,</span> <span class='ocrx_word' id='word_1_863' title='bbox 3137 5406 3263 5470; x_wconf 79' lang='grc' dir='ltr'>τοὺς</span> <span class='ocrx_word' id='word_1_864' title='bbox 3301 5406 3356 5458; x_wconf 82' lang='grc' dir='ltr'><strong>δὲ</strong></span> <span class='ocrx_word' id='word_1_865' title='bbox 3401 5405 3492 5457; x_wconf 87' lang='grc' dir='ltr'>ὑπ’</span> <span class='ocrx_word' id='word_1_866' title='bbox 3527 5403 3694 5459; x_wconf 82' lang='grc' dir='ltr'>αὑτοῦ</span> 
     </span>
    </p>
   </div>
   <div class='ocr_carea' id='block_1_114' title="bbox 2114 5495 3697 5574">
    <p class='ocr_par' dir='ltr' id='par_1_114' title="bbox 2114 5495 3697 5574">
     <span class='ocr_line' id='line_1_114' title="bbox 2114 5495 3697 5574; baseline -0.003 -20"><span class='ocrx_word' id='word_1_867' title='bbox 2114 5499 2298 5566; x_wconf 85' lang='grc' dir='ltr'>σώζει,</span> <span class='ocrx_word' id='word_1_868' title='bbox 2336 5499 2442 5571; x_wconf 81' lang='grc' dir='ltr'>ἄρα</span> <span class='ocrx_word' id='word_1_869' title='bbox 2473 5498 2534 5551; x_wconf 91' lang='grc' dir='ltr'>οὑ</span> <span class='ocrx_word' id='word_1_870' title='bbox 2559 5499 2764 5552; x_wconf 83' lang='grc' dir='ltr'>τέλειον</span> <span class='ocrx_word' id='word_1_871' title='bbox 2793 5496 3188 5574; x_wconf 84' lang='grc' dir='ltr'>ἀπεργάζεται,</span> <span class='ocrx_word' id='word_1_872' title='bbox 3226 5497 3344 5550; x_wconf 81' lang='grc' dir='ltr'>οὐδὲ</span> <span class='ocrx_word' id='word_1_873' title='bbox 3377 5496 3599 5550; x_wconf 81' lang='grc' dir='ltr'>δύναται</span> <span class='ocrx_word' id='word_1_874' title='bbox 3633 5495 3697 5548; x_wconf 78' lang='grc' dir='ltr'><strong>τὸ</strong></span> 
     </span>
    </p>
   </div>
   <div class='ocr_carea' id='block_1_115' title="bbox 3412 5603 3451 5636">
    <p class='ocr_par' dir='ltr' id='par_1_115' title="bbox 3412 5603 3451 5636">
     <span class='ocr_line' id='line_1_115' title="bbox 3412 5603 3451 5636; baseline 0 0"><span class='ocrx_word' id='word_1_875' title='bbox 3412 5603 3451 5636; x_wconf 67' lang='grc' dir='ltr'><strong>ι.</strong></span> 
     </span>
    </p>
   </div>
   <div class='ocr_carea' id='block_1_116' title="bbox 507 5715 3694 5801">
    <p class='ocr_par' dir='ltr' id='par_1_116' title="bbox 507 5715 3694 5801">
     <span class='ocr_line' id='line_1_116' title="bbox 507 5715 3694 5801; baseline -0.006 -13"><span class='ocrx_word' id='word_1_876' title='bbox 507 5731 804 5792; x_wconf 76' lang='lat' dir='ltr'><strong>“‘lJoan.</strong></span> <span class='ocrx_word' id='word_1_877' title='bbox 851 5755 900 5801; x_wconf 92' lang='lat' dir='ltr'><strong>v,</strong></span> <span class='ocrx_word' id='word_1_878' title='bbox 961 5738 1043 5793; x_wconf 80' lang='grc'><strong>19.</strong></span> <span class='ocrx_word' id='word_1_879' title='bbox 1123 5739 1141 5768; x_wconf 91' lang='grc'>³</span> <span class='ocrx_word' id='word_1_880' title='bbox 1207 5737 1334 5792; x_wconf 83' lang='lat' dir='ltr'><strong>ibid.</strong></span> <span class='ocrx_word' id='word_1_881' title='bbox 1381 5735 1470 5789; x_wconf 69' lang='grc' dir='ltr'><strong>Η.</strong></span> <span class='ocrx_word' id='word_1_882' title='bbox 1547 5735 1565 5762; x_wconf 71' lang='grc'>⁸</span> <span class='ocrx_word' id='word_1_883' title='bbox 1601 5731 1757 5788; x_wconf 82' lang='lat' dir='ltr'><strong>Joan.</strong></span> <span class='ocrx_word' id='word_1_884' title='bbox 1839 5745 1956 5793; x_wconf 88' lang='lat' dir='ltr'><strong>vnt,</strong></span> <span class='ocrx_word' id='word_1_885' title='bbox 2007 5729 2096 5785; x_wconf 79' lang='lat'><strong>50.</strong></span> <span class='ocrx_word' id='word_1_886' title='bbox 2212 5727 2232 5758; x_wconf 83' lang='lat'>&#39;</span> <span class='ocrx_word' id='word_1_887' title='bbox 2281 5725 2387 5780; x_wconf 89' lang='lat' dir='ltr'><strong>lsa.</strong></span> <span class='ocrx_word' id='word_1_888' title='bbox 2441 5741 2574 5786; x_wconf 77' lang='lat' dir='ltr'><strong>xui,</strong></span> <span class='ocrx_word' id='word_1_889' title='bbox 2627 5725 2688 5789; x_wconf 82' lang='lat'><strong>&#39;5;</strong></span> <span class='ocrx_word' id='word_1_890' title='bbox 2725 5721 2907 5774; x_wconf 74' lang='lat' dir='ltr'><strong>Matth.</strong></span> <span class='ocrx_word' id='word_1_891' title='bbox 2965 5727 3064 5787; x_wconf 79' lang='lat' dir='ltr'><strong>xu,</strong></span> <span class='ocrx_word' id='word_1_892' title='bbox 3113 5717 3206 5776; x_wconf 70' lang='lat'><strong>20.</strong></span> <span class='ocrx_word' id='word_1_893' title='bbox 3265 5717 3286 5747; x_wconf 78' lang='lat'>&#39;</span> <span class='ocrx_word' id='word_1_894' title='bbox 3321 5715 3503 5772; x_wconf 77' lang='lat' dir='ltr'><strong>llCor.</strong></span> <span class='ocrx_word' id='word_1_895' title='bbox 3537 5731 3608 5782; x_wconf 85' lang='lat' dir='ltr'><strong>tv,</strong></span> <span class='ocrx_word' id='word_1_896' title='bbox 3645 5722 3694 5770; x_wconf 66' lang='grc' dir='ltr'><strong>ι.</strong></span> 
     </span>
    </p>
   </div>
  </div>
