4008 6240
313 314 408 371 {57

1022 315 1392 407 ΑυνΕιιευδ
1429 315 1775 372 ιιΑιιιΕεΕδ
1808 315 1896 370 Lll

1999 315 2037 367 l.
2078 313 2242 370 T031.
2284 313 2345 366 ll.
2386 342 2452 352 —
2495 311 2749 366 "IERES
2801 310 2984 365 LXVI.

3444 305 3546 363 158

308 429 512 500 ἀγαθὸν
543 431 874 500 ἐργάσασθαι
905 430 964 484 ἐν
1009 397 1307 501 τελειότητι
1331 447 1342 457 ·
1373 433 1421 484 εί
1451 431 1508 484 δὲ
1535 431 1622 484 διὰ
1650 431 1709 483 τὸ
1739 427 1877 482 εἶναι

1999 395 2089 496 luo
2113 429 2162 480 hi
2198 427 2290 495 qui
2324 434 2612 480 servantur
2633 425 2909 495 propagati
2941 432 3088 477 sunt.
3121 421 3323 478 Deinde
3350 424 3396 479 si
3423 440 3548 479 cum

309 521 472 574 αὑτὸν
501 523 715 590 φύσεως
762 523 836 592 μὴ
881 519 1213 592 σωζομένης,
1260 520 1422 574 αὐτὸν
1466 522 1565 591 μὲν
1605 519 1878 582 ἀδυνάτως

310 613 421 682 ἔχει
457 610 668 675 σώζειν,
698 613 823 674 τοὺς
851 612 908 664 δὲ
934 612 1025 665 ὑπ’
1052 609 1216 664 αὑτοῦ
1248 611 1647 681 γεγενημένους
1690 609 1880 674 σώζει,

312 702 490 772 πολλῷ
543 702 740 772 μᾶλλον
771 703 821 754 οἱ
865 703 922 768 eg
953 703 1117 755 αὐτοῦ
1159 701 1514 772 γεγενημένοι
1567 701 1881 774 σαθρότεροι

313 793 476 847 αὐτοῦ
507 794 808 862 ὑπάρχουσι
834 835 846 852 ,
880 794 976 846 καὶ
1018 794 1294 856 ἀδυνάτως
1330 792 1510 863 ἔχουσι
1542 793 1675 864 πρὸς
1713 810 1885 863 σωτη-

314 884 454 954 ρίαν.
480 884 588 936 Καὶ
611 883 784 946 ἄλλως
803 885 879 945 δὲ,
907 887 954 936 εί
985 884 1106 954 μὲν,
1137 885 1244 937 ἴδιά
1263 901 1383 937 τινα
1409 885 1482 954 μὴ
1507 884 1642 954 ἔχων
1669 883 1881 946 σώζειν,

315 976 388 1027 εις
427 975 492 1027 τὰ
531 974 784 1042 ἀλλότρια
819 971 980 1045 ἦλθεν
1016 975 1323 1040 ἐπιδείξεως
1357 976 1537 1046 χάριν,
1579 975 1677 1044 τὴν
1719 975 1881 1028 αὑτοῦ

317 1069 564 1140 βοήθειαν
589 1069 783 1134 δεῖξαι,
814 1070 980 1140 πολλὴ
1005 1072 1038 1141 ἡ
1071 1072 1294 1142 ἀπορία,
1317 1075 1350 1142 ἡ
1383 1072 1454 1142 μὴ
1479 1073 1748 1142 δυναμένη
1778 1071 1884 1124 ἴδια

316 1160 529 1224 σώζειν,
567 1163 662 1214 καὶ
690 1163 768 1225 εἰς
813 1163 882 1215 τὰ
912 1163 1170 1234 ἀλλότρια
1201 1164 1578 1236 ἐπιδημοῦσα,
1611 1167 1759 1229 ὅπως
1801 1168 1886 1218 ἐν·

316 1253 552 1322 δείξηται
599 1254 661 1306 τὸ
704 1255 882 1324 ἔργον,
921 1254 950 1306 ὃ
992 1257 1050 1307 ὲν
1090 1257 1201 1319 τοῖς
1233 1256 1384 1320 ἰδίοις
1416 1258 1690 1320 ἀδυνάτως
1728 1257 1885 1327 ἔσχεν

317 1343 704 1409 ἐπιδείξασθαι.
735 1345 843 1396 Καὶ
875 1345 974 1414 ἥδη
1001 1345 1247 1397 διέπεσεν
1280 1348 1307 1398 6
1341 1346 1468 1416 napi.
1505 1344 1597 1397 τοῦ
1635 1346 1886 1416 Σωτῆρος

317 1438 410 1487 καὶ
452 1435 545 1487 τοῦ
573 1435 836 1506 ἄρχοντος
874 1437 967 1490 τοῦ
1010 1437 1204 1500 αἰῶνος
1236 1437 1425 1490 τούτου
1465 1437 1569 1490 ὑπὸ
1597 1437 1690 1490 τοῦ
1721 1439 1879 1508 Μάνη

317 1526 604 1596 εἰρημένος
621 1516 801 1593 λόγος.
835 1529 943 1580 Καὶ
965 1527 1078 1580 ἔστι
1107 1527 1183 1598 τῷ
1211 1527 1324 1581 ὀντι
1352 1530 1380 1581 6
1407 1528 1536 1591 Θεὸς
1569 1528 1660 1581 τοῦ
1695 1529 1887 1592 αἰῶνος

318 1621 506 1671 τούτου
535 1620 596 1670 οὐ
620 1619 751 1679 Θεὸς
777 1619 1223 1690 παρηλλαγμένος
1250 1621 1400 1690 παρὰ
1422 1622 1509 1673 τὸν
1530 1621 1659 1673 ὄντα
1692 1619 1887 1682 ἄλλως,

317 1709 436 1762 οὐδὲ
473 1709 834 1773 ἐνυπὸστατος
866 1712 996 1773 Θεὸς
1038 1711 1213 1774 ἄλλος,
1255 1711 1328 1781 μὴ
1356 1711 1597 1780 γένοιτοί
1628 1711 1758 1774 Θεὸς
1781 1712 1888 1780 γὰρ

1983 518 2120 570 alios
2166 517 2377 578 liberet,
2419 516 2650 569 liberare
2683 513 3036 569 nihilominus
3069 517 3202 570 nolit
3244 517 3416 582 illum,
3450 520 3551 572 im-

1983 608 2282 678 perfectum
2317 607 2574 678 quiddam
2610 616 2713 668 est,
2745 609 2890 677 quod
2924 611 3168 675 molitur,
3201 626 3301 664 nec
3335 612 3556 667 absolu-

1982 708 2096 753 tum
2138 701 2337 754 bonum
2372 686 2630 769 praestare
2665 714 2830 768 posse
2875 700 3105 754 videtur.
3160 699 3279 754 Jam
3319 717 3450 756 vero
3483 704 3553 768 si,

1985 793 2127 862 quod
2171 791 2439 861 ejusmodi
2469 799 2678 845 natura:
2704 806 2812 845 non
2845 791 2935 855 sit,
2966 808 3088 860 quae.
3118 797 3323 848 servari
3358 797 3553 864 possit,

1985 885 2213 940 salutem
2261 883 2388 935 huic
2421 881 2614 935 ail‘erre
2657 889 2908 950 nequeat,
2957 897 3120 952 quam
3168 885 3236 938 ab
3267 900 3332 939 eo
3360 888 3556 956 genitis

1985 976 2311 1045 in'ipertitur,
2345 989 2476 1027 sane
2505 973 2596 1041 qui
2629 972 2696 1025 ab
2726 973 2816 1026 illo
2845 973 2950 1025 orti
2978 983 3107 1026 sunt
3135 975 3292 1046 longe
3319 977 3556 1032 deterio-

1983 1083 2072 1122 res
2107 1083 2228 1120 esse
2263 1067 2479 1120 debent.
2514 1075 2570 1117 ut
2601 1081 2664 1117 ne
2697 1066 2924 1119 salutem
2957 1066 3174 1133 quidem
3205 1068 3429 1136 adipisci
3457 1072 3559 1140 ipsi

1984 1159 2218 1229 possint.
2243 1159 2322 1212 Ad
2351 1160 2464 1211 hzec
2482 1173 2555 1222 Si,
2583 1174 2705 1212 cum
2736 1158 2938 1210 nullam
2959 1159 3224 1226 privatam
3256 1163 3560 1229 possessio—

1986 1268 2107 1307 nem
2139 1251 2354 1314 habeat,
2383 1266 2543 1317 quam
2573 1250 2834 1312 vindicet,
2866 1250 2933 1303 ad
2959 1250 3188 1305 alienam
3217 1259 3474 1320 accessit,
3504 1266 3561 1307 ut

1985 1344 2224 1412 seipsnm
2278 1353 2329 1395 et
2357 1357 2511 1410 opem
2537 1348 2834 1395 ostentaret
2857 1357 3032 1405 suam,
3059 1345 3376 1412 perplexum
3405 1346 3561 1414 quid-

1986 1436 2108 1489 dam
2138 1445 2191 1489 et
2225 1435 2558 1503 implicatum
2582 1432 2834 1497 elﬁcitur,
2872 1443 2932 1487 ut
2956 1452 3076 1504 qua:
3109 1437 3277 1492 virtus
3311 1453 3399 1492 res
3433 1455 3561 1493 suas

1987 1544 2205 1582 servare
2239 1536 2492 1597 nequeat,
2529 1527 2593 1579 ad
2627 1527 2830 1580 alienas
2862 1543 2918 1581 se
2948 1528 3215 1592 conferat,
3252 1542 3309 1584 ut
3343 1533 3472 1585 illud
3509 1536 3559 1585 in

1990 1619 2055 1670 iis
2086 1623 2326 1688 priestet.
2369 1617 2511 1684 quod
2561 1616 2614 1668 in
2652 1616 2888 1683 propriis
2929 1632 3184 1671 exercere
3220 1635 3326 1671 non
3363 1623 3558 1689 potuit.

1991 1708 2104 1762 Hoc
2150 1710 2315 1778 igitur
2361 1708 2522 1761 modo
2571 1709 2680 1761 ruit
2729 1708 2905 1761 omnis
2947 1708 3035 1761 illa
3084 1709 3152 1764 de
3196 1709 3477 1767 Salvatore
3501 1729 3564 1769 ac

317 1803 347 1855 6
377 1801 597 1855 πάντων
627 1803 923 1874 Δεσπότης,
953 1803 981 1855 ὁ
1021 1807 1111 1856 τὸν
1142 1804 1344 1873 κόσμον
1378 1804 1630 1873 ποιήσας,
1667 1798 1746 1866 εἷς
1773 1805 1888 1855 ἐστι

1999 1802 2176 1856 saeculi
2225 1801 2388 1870 hujus
2431 1800 2675 1870 principe
2727 1799 3008 1854 Manichaai
3055 1804 3341 1856 sententia.
3394 1804 3471 1857 Ac
3519 1823 3563 1859 ει

317 1893 468 1957 Θεὸς,
503 1896 530 1947 ὁ
558 1895 758 1962 Πατὴρ
786 1895 892 1948 τοῦ
923 1896 1144 1962 Κυρίου
1173 1893 1339 1965 ἡμῶν
1374 1895 1576 1962 Ἰησοῦ
1606 1895 1885 1963 Χριστοῦ,

317 1985 410 2037 καὶ
431 1985 686 2038 οὐδέποτε
714 1986 1001 2039 διαλείπει.

1994 1895 2140 1966 quod
2196 1910 2284 1948 res
2328 1901 2412 1948 est
2459 1893 2613 1948 fateri
2645 1892 2917 1955 volumus,
2967 1892 3128 1948 istius
3178 1897 3362 1950 saeculi
3425 1895 3568 1953 Deus

1997 2002 2105 2041 non
2141 1986 2281 2039 alius
2322 1991 2428 2051 est,
2477 1999 2506 2036 a
2546 1999 2676 2037 vero
2708 1982 2816 2037 Deo
2845 1983 3115 2048 diversus,
3165 2002 3267 2041 nec
3298 1989 3405 2043 ulla
3435 1993 3567 2046 sub-

319 2081 519 2133 stantia
545 2084 802 2151 praeditus
859 2084 1020 2137 alius.
1074 2081 1352 2152 Siquidem
1383 2081 1645 2139 Dominus
1706 2084 1950 2138 omnium
1985 2082 2160 2145 Deus,
2215 2095 2278 2134 ac
2324 2080 2511 2134 mundi
2560 2079 2811 2133 conditor
2853 2079 2994 2135 Deus
3044 2097 3188 2137 unus
3247 2093 3360 2150 est,
3407 2085 3572 2142 Pater

322 2174 534 2229 Domini
584 2177 751 2228 nostri
795 2174 923 2228 Jesu
978 2175 1236 2242 Christi‘,
1294 2178 1388 2247 qui
1445 2192 1722 2246 nunquam
1774 2193 1897 2232 esse
1931 2178 2162 2232 desinet.

385 2267 503 2319 38’.
551 2268 685 2338 Περὶ
719 2262 778 2321 οὗ
803 2267 859 2319 δὲ
903 2271 930 2320 6
986 2269 1304 2332 Ἀπὸστολος
1340 2269 1516 2337 λέγει,
1549 2271 1607 2321 ὃν
1640 2271 1895 2340 ᾑρέτισαν

316 2360 406 2412 τὸν
440 2359 572 2412 Θεὸν
603 2360 809 2411 ἑαυτῶν
842 2355 980 2412 εἶναι
1007 2363 1053 2412 οἱ
1090 2361 1325 2423 ἄπιστοι,
1359 2361 1418 2413 οὐ
1455 2361 1609 2430 μόνον
1633 2360 1773 2426 λέγω
1800 2359 1896 2414 ἕνα

319 2451 450 2502 Θεὸν
480 2447 619 2504 εἶναι
653 2451 747 2504 τοῦ
784 2451 978 2514 αἰῶνος
1012 2452 1222 2514 τούτου,
1259 2454 1332 2523 μὴ
1365 2454 1600 2522 γένοιτοί
1640 2453 1774 2506 ἀλλὰ
1804 2454 1899 2508 καὶ

319 2543 569 2605 πολλοὺς,
608 2535 690 2605 οἷς
730 2544 954 2605 ἑαυτοὺς
993 2543 1264 2608 ὑπέταξαν
1301 2547 1349 2598 οἱ
1389 2546 1626 2606 ἄπιστοι,
1662 2546 1754 2598 καὶ
1779 2545 1900 2597 iscu-

321 2631 614 2704 φλώοησαν
646 2633 742 2704 τὴν
765 2634 1000 2686 διάνοιαν
1022 2650 1033 2662 ⁸
1059 2634 1134 2697 ὡς
1169 2635 1260 2688 καὶ
1288 2636 1344 2688 ὲν
1376 2635 1520 2706 ἄλλῳ
1549 2636 1698 2707 τόπῳ
1725 2636 1894 2703 λέγει·

321 2718 434 2778 Ἦν
463 2729 496 2778 ό
539 2725 683 2789 Θεὸς
715 2727 753 2793 ἡ
794 2725 1011 2788 κοιλία,
1039 2725 1135 2778 καί
1170 2725 1208 2792 ἡ
1237 2724 1385 2789 δόξα
1417 2727 1486 2780 ἐν
1526 2726 1599 2794 τῇ
1635 2729 1898 2798 αἰσχύνῃ

321 2816 543 2869 αὐτῶν
571 2818 665 2869 καὶ
686 2818 714 2869 6
745 2815 949 2887 Κύριος
975 2818 1032 2869 ὲν
1059 2815 1136 2886 τῷ
1159 2817 1488 2886 Εὑαγγελίῳο
1527 2819 1606 2870 Οὺ
1635 2817 1900 2873 δύνασθε

321 2909 466 2961 δυσὶ
504 2909 726 2975 κυρίοις
766 2907 1116 2971 δουλεύειν,
1152 2907 1335 2977 φησίν.
1368 2904 1498 2968 Εἶτα
1537 2907 1674 2977 μετὰ
1707 2907 1896 2972 πολλὰ,

325 2997 413 3051 ἴνα
443 2997 590 3066 δείξῃ
636 2997 778 3060 τίνες
811 2997 952 3050 εἰσὶν
1001 2999 1050 3050 οἱ
1084 2997 1176 3049 δύο
1219 2996 1417 3067 κύριοι,
1455 2997 1636 3066 φησίν·
1681 2998 1762 3049 Οὐ
1797 2995 1899 3049 δύο

323 3092 516 3143 νασθε
558 3090 678 3152 Θεῷ
724 3088 1036 3142 δουλεύειν
1068 3088 1164 3142 καὶ
1197 3087 1518 3157 μαμμωνᾷ.
1565 3087 1705 3157 Ἀρα
1743 3083 1835 3139 οὖν
1870 3089 1898 3140 6

326 3179 458 3240 Θεὸς
483 3177 635 3240 Θεὸς,
667 3177 762 3229 καὶ
803 3177 1108 3246 μαμμωνᾶς
1137 3176 1268 3238 Θεὸς
1289 3175 1381 3228 τοῦ
1411 3175 1634 3244 κόσμου.
1665 3175 1762 3226 Διὰ
1791 3173 1899 3245 γὰρ

325 3269 419 3324 τοῦ
481 3269 762 3338 μαμμωνᾶ
808 3267 902 3320 καὶ
937 3267 1038 3336 τῆς
1080 3267 1286 3330 κοιλίας
1327 3266 1434 3319 τῶν
1485 3266 1579 3318 δύο
1625 3264 1829 3318 τούτων
1866 3267 1899 3335 ἡ

327 3361 554 3429 πλείστη
607 3359 769 3426 φύσις
809 3360 914 3411 τῶν
966 3357 1266 3429 ἀνθρώπων
1310 3357 1609 3426 τυφλώττει.
1652 3355 1901 3418 δελεαζο-

328 3456 490 3525 μένη,
525 3453 624 3522 οὐχ
651 3452 753 3504 ὑπὸ
782 3450 915 3503 Θεοῦ
944 3449 1179 3503 λαϐοῦσα
1209 3451 1310 3520 τὴν
1336 3451 1627 3520 πρόφασιν,
1657 3449 1789 3502 ἀλλὰ
1815 3448 1901 3501 διὰ

327 3545 426 3613 τῆς
454 3542 589 3604 ἰδίας
625 3540 1055 3610 κακομηχανίας,
1087 3540 1158 3602 ὡς
1188 3541 1416 3603 ἕκαστος
1448 3539 1771 3611 ὀρεγόμενος
1809 3539 1902 3592 ἐπὶ

326 3641 394 3708 τῇ
422 3635 649 3705 ἀπιστίᾳ
673 3635 863 3686 ἑαυτὸν
913 3632 1276 3704 παραδίδωσιν
1318 3633 1625 3703 ὑποχείριον
1660 3633 1897 3685 πάντων.

329 3727 494 3781 Ὅθεν
517 3728 608 3797 καὶ
627 3729 656 3779 6
685 3726 1002 3788 Ἀπὸστολος
1020 3726 1164 3792 λέγει
1182 3741 1195 3754 ·
1237 3723 1382 3784 Ῥίζα
1406 3725 1647 3777 πάντων
1669 3723 1785 3777 τῶν
1803 3740 1904 3776 κα-

326 3820 453 3875 κῶν
467 3821 636 3873 ἐστιν·
652 3822 684 3887 ἠ
708 3819 1080 3888 φιλαργυρία.
1104 3817 1308 3871 Καὶὸιὰ
1335 3816 1493 3871 τοῦτο
1511 3818 1777 3887 ἐπαρᾶται
1799 3834 1897 3868 κα-

328 3916 398 3982 κῇ
430 3910 976 3983 προλήψειθεοποιίας
1001 3909 1192 3976 λέγων·
1218 3907 1663 3975 Τὰβρὼματατῇ
1683 3908 1900 3972 κοιλίᾳ,

329 4004 428 4056 καὶ
452 4004 490 4070 ἡ
514 4004 712 4055 κοιλία
729 4001 852 4066 τοῖς
867 3999 1202 4068 βρώμασιν.
1233 4001 1296 4053 '0
1320 3999 1388 4052 δὲ
1404 4000 1547 4064 Θεὸς
1562 4000 1657 4052 καὶ
1680 4000 1906 4066 ταύτην

329 4097 425 4148 καὶ
456 4093 640 4147 ταῦτα
668 4091 1026 4162 καταργήσει
1045 4111 1058 4122 ·
1083 4091 1431 4162 ἐπαρώμενος
1455 4093 1689 4160 γαστρὸς
1717 4092 1903 4144 ἐπιθυ-

334 4187 500 4256 μίαις.
541 4187 602 4238 '0
629 4185 766 4251 Θεὸς
797 4185 976 4238 τοίνυν
1003 4185 1108 4238 τοῦ
1131 4183 1342 4249 αἰῶνος
1359 4186 1574 4237 τούτου
1605 4185 1906 4252 ἐτύφλωσε

328 4281 402 4333 τὰ
426 4278 694 4347 νοήματα
715 4276 832 4329 τῶν
852 4278 1139 4330 ἀπίστων-ο
1163 4274 1237 4337 ώς
1269 4275 1360 4327 καὶ
1402 4277 1459 4326 ὲν
1487 4273 1564 4344 τῷ
1593 4275 1905 4343 Εὑαγγελίῳ

329 4371 641 4439 εὑρίσκεται
665 4371 691 4421 6
713 4369 1071 4438 γραμματεὺς
1088 4365 1300 4436 πρῶτος
1317 4366 1410 4418 καὶ
1436 4365 1583 4418 δεύτε
1593 4383 1683 4435 ρος
1703 4366 1872 4434 λέγων
1889 4385 1902 4397 ·

2069 2265 2252 2320 LXIX.
2287 2265 2458 2332 Quem
2488 2281 2617 2320 vero
2642 2276 3034 2322 commemorat
3060 2269 3374 2340 Apostolus,
3401 2275 3572 2330 ultro-

1999 2375 2104 2429 que
2149 2360 2218 2413 ab
2288 2359 2596 2414 infidelibus
2637 2359 2948 2429 adoptatum
2989 2363 3330 2434 ascitumque
3363 2376 3571 2436 narrat,

1999 2467 2111 2507 non
2145 2467 2311 2505 unum
2340 2452 2489 2503 illum
2550 2451 3045 2520 solumqucsaeculi
3070 2453 3232 2524 hujus
3259 2471 3380 2511 esse
3403 2457 3572 2513 Deum

2001 2544 2145 2608 dico,
2179 2544 2273 2599 sed
2304 2544 2508 2613 plures,
2542 2545 2740 2613 quibus
2774 2559 2835 2598 se
2861 2544 3105 2600 inﬁdeles
3135 2547 3488 2617 subjeceriut,
3519 2559 3574 2606 et

2001 2635 2199 2690 animis
2258 2636 2518 2690 obcaecati
2566 2635 2696 2690 sint.
2763 2635 3230 2701 Quemadmodum
3286 2642 3394 2694 alio
3453 2643 3574 2698 loco

2002 2727 2175 2782 dicit:
2217 2726 2457 2792 Quorum
2504 2727 2645 2782 Deus
2677 2737 2851 2781 venter
2887 2738 2986 2790 est,
3021 2740 3069 2783 et
3105 2731 3276 2800 gloria
3306 2735 3359 2787 in
3387 2736 3575 2805 confu-

2000 2823 2145 2876 sione
2174 2822 2461 2890 ipsorum'.
2521 2822 2655 2876 [tem
2694 2823 2748 2877 in
2780 2822 3073 2893 Evangelia
3103 2827 3364 2883 Dominus
3393 2846 3404 2881 :
3450 2829 3574 2884 Non

1999 2913 2212 2981 potestis
2233 2912 2433 2965 duobus
2453 2912 2684 2966 dominis
2707 2915 2947 2967 servire”.
2970 2913 3172 2970 Deinde
3198 2917 3384 2970 multis
3405 2917 3581 2972 inter-

1995 3003 2178 3071 jeCIiS,
2210 3011 2265 3056 ut
2299 3003 2516 3072 quinam
2545 3002 2652 3056 duo
2677 3003 2750 3056 illi
2774 3004 2975 3058 domini
3001 3013 3186 3059 essent
3214 3007 3525 3061 ostenderet
3555 3028 3567 3062 :

1927 3129 1970 3188 C
2003 3091 2128 3146 Non
2190 3094 2426 3160 potestis,
2472 3094 2667 3162 inquit,
2717 3096 2908 3148 servire
2949 3095 3052 3150 Deo
3098 3107 3148 3150 et
3204 3100 3570 3154 mammona“.

2003 3181 2363 3248 Quamobrem
2405 3192 2458 3236 et
2488 3183 2630 3238 Deus
2660 3200 2785 3240 vere
2819 3184 2958 3240 Deus
2999 3194 3100 3250 est,
3143 3194 3209 3256 et,
3236 3204 3574 3244 mammonas

2003 3275 2167 3344 hujus
2202 3275 2389 3329 mundi
2424 3275 2584 3330 Deus.
2640 3276 2772 3329 Nam
2807 3278 3114 3341 amborum,
3148 3279 3252 3334 hoc
3283 3289 3366 3336 est
3399 3297 3574 3336 mam-

2004 3383 2178 3422 monte
2226 3384 2290 3423 ac
2337 3368 2565 3434 ventris,
2599 3369 2850 3423 illecebra
2895 3369 3119 3438 pellecta
3169 3371 3400 3426 maxima
3445 3389 3572 3442 pars

2004 3460 2311 3512 mortalium
2345 3467 2682 3525 excarcatur;
2739 3459 2897 3527 cujus
2927 3460 3144 3529 quidem
3182 3463 3396 3531 culpam
3433 3463 3574 3520 Deus

2004 3549 2228 3602 minime
2270 3549 2525 3612 sustinet,
2566 3549 2660 3604 sed
2704 3551 2913 3618 privata
2958 3550 3175 3605 illorum
3230 3553 3571 3622 improbitas,

2003 3651 2103 3706 pro
2127 3652 2192 3692 eo
2223 3652 2288 3692 ac
2315 3640 2548 3708 quisque
2579 3639 2873 3708 cupiditate
2920 3641 3116 3694 ductus
3149 3658 3243 3711 per
3282 3645 3572 3700 inﬁdelita-

2006 3737 2112 3782 tem
2139 3729 2442 3797 subjectum
2479 3730 2644 3800 690
2670 3747 2729 3786 se
2758 3731 3013 3785 omnibus
3039 3733 3442 3802 obnoxiumque
3467 3745 3577 3791 tra-

2005 3819 2228 3872 diderit.
2263 3819 2401 3873 Hinc
2426 3822 2818 3891 illudApostoli
2848 3823 3086 3878 dictum:
3119 3825 3292 3878 Radix
3315 3831 3576 3883 malorum

2005 3911 2237 3964 omnium
2279 3922 2356 3965 est
2386 3915 2613 3967 avaritia
2633 3916 2674 3969 ⁵.
2725 3913 2862 3968 Hinc
2896 3926 3277 3986 prasumptam
3320 3919 3464 3972 illam
3513 3934 3576 3974 ac

2006 4004 2350 4072 depravatam
2382 4005 2639 4059 falsorum
2672 4005 2896 4061 deorum
2927 4007 3236 4076 opinionem
3261 4020 3578 4066 exsecratur

2008 4095 2090 4147 his
2121 4095 2333 4149 verbis:
2374 4095 2513 4149 Esca
2544 4100 2705 4150 ventri
2749 4109 2797 4150 et
2836 4109 3010 4152 venter
3033 4101 3186 4152 escis.
3222 4101 3363 4155 Deus
3401 4113 3572 4157 autem

2005 4184 2212 4237 ethunc
2244 4195 2292 4238 et
2323 4186 2446 4240 illas
2476 4187 2758 4242 destruet“.
2805 4188 3014 4253 Quibus
3046 4191 3225 4245 verbis
3258 4194 3461 4246 ventris
3486 4210 3576 4248 cu-

2008 4277 2263 4344 piditates
2286 4278 2374 4330 ille
2395 4278 2694 4331 detestatus
2718 4289 2817 4332 est.
2849 4281 2987 4334 Deus
3015 4283 3193 4350 itaque
3215 4283 3394 4336 satculi
3420 4285 3575 4353 hujus

2007 4369 2286 4421 exca’cavit
2330 4379 2523 4422 mentes
2566 4371 2918 4438 inﬁdelium".
2981 4372 3099 4438 Quo
3148 4374 3278 4427 illud
3320 4363 3576 4444 pertinet,

334 4462 400 4516 Τί
455 4462 717 4529 ποιήσας
762 4459 915 4527 ζωὴν
952 4459 1190 4511 αἰώνιον
1226 4457 1691 4526 κληρονομήσω;
1739 4461 1796 4510 Ὀ
1848 4459 1896 4510 δὲ

2009 4458 2154 4527 quod
2179 4460 2230 4510 in
2258 4458 2545 4528 Evangelio
2572 4462 2818 4531 legimus,
2839 4464 3069 4530 primum
3095 4465 3244 4518 illum
3271 4473 3322 4520 et
3345 4467 3575 4521 alterum

331 4557 470 4626 ἔφη’
519 4555 660 4622 Τίμα
695 4553 802 4605 τὸν
835 4551 1060 4618 πατέρα
1103 4552 1200 4602 καὶ
1239 4550 1354 4616 τὴν
1385 4549 1614 4617 μητέρα
1657 4549 1804 4600 κατὰ
1837 4549 1900 4600 τὸ

332 4646 754 4716 γεψαμμένον.
793 4644 865 4696 Οὐ
913 4643 1020 4713 γὰρ
1079 4638 1144 4711 ἦν
1183 4641 1437 4711 ἀλλότρια
1466 4639 1533 4692 τὰ
1573 4638 1665 4690 τοῦ
1715 4639 1902 4709 νόμου.

343 4737 616 4799 Ὡσαύτως
641 4738 670 4788 ὁ
695 4735 894 4805 Κύριος
922 4734 1160 4786 διδάσκει
1192 4731 1337 4800 ζωῆς
1378 4730 1737 4799 κληρονομίας
1769 4726 1906 4780 εἶναι

328 4831 431 4900 τὴν
486 4826 888 4897 παραφυλακὴν
931 4824 1025 4876 τοῦ
1074 4824 1258 4892 νόμου.
1312 4819 1442 4875 Εἶτά
1500 4837 1660 4891 (pndis
1717 4822 1907 4873 Ταῦτα

330 4923 533 4977 πάντα
578 4920 839 4983 ἐποίησα
886 4919 954 4971 ἐκ
995 4917 1277 4982 νεότητός
1318 4932 1460 4982 μου.
1520 4915 1627 4965 Καὶ
1666 4912 1906 4975 ἀκούσας

330 5017 525 5086 ἐχάρη,
553 5015 639 5066 ἵνα
663 5012 810 5082 δείξῃ
831 5010 927 5072 τὰς
953 5008 1169 5070 ἐντολὰς
1195 5006 1288 5059 τοῦ
1316 5007 1480 5075 νόμου
1505 5005 1604 5058 οὐκ
1626 5003 1906 5073 ἀλλοτρίας

331 5109 430 5176 τῆς
460 5106 624 5160 αὑτοῦ
653 5104 900 5174 Θεό-τητος
926 5099 1293 5172 ὑπαρχούσας.
1333 5098 1429 5150 Διὰ
1458 5097 1565 5168 γὰρ
1594 5096 1688 5149 τοῦ
1712 5099 1904 5157 εἰπεῖν,

331 5205 412 5257 ὅτι
447 5203 642 5273 ἐχάρη,
690 5199 1082 5268 συγκατάθεσιν
1113 5197 1403 5265 ἐποιήσατο
1441 5194 1685 5255 Παλαιᾶς
1717 5190 1906 5260 Amor,-

334 5314 436 5367 κης
464 5296 600 5365 πρὸς
634 5293 777 5346 Νέαν
813 5291 1104 5361 Διαῦήκην.
1139 5287 1297 5340 Ἀλλά
1332 5301 1493 5354 φησι·
1539 5286 1598 5336 Τί
1627 5282 1713 5336 ἔτι
1742 5285 1908 5336 ὑστε-

329 5387 445 5456 ρῶ;
477 5389 588 5440 Καὶ
631 5386 763 5455 φησί
799 5382 933 5452 πρὸς
962 5381 1151 5433 αὐτόν·
1197 5382 1263 5431 El
1305 5380 1497 5441 θέλεις
1538 5377 1765 5439 τέλειος
1812 5393 1906 5443 γε-

253 5481 256 5484 ’
337 5478 575 5539 νέσθαι,
620 5476 907 5542 πώλησον
951 5471 1022 5524 τὰ
1073 5467 1419 5536 ὑπάρχοντά
1466 5483 1593 5528 σοι,
1651 5465 1749 5518 καὶ
1803 5465 1908 5530 δὸς

395 5635 399 5638 ’
432 5637 481 5690 ¹1
520 5639 646 5692 Cor.
684 5654 720 5700 ι,
764 5637 818 5688 5.
893 5635 912 5664 ’
937 5632 1169 5702 Philipp.
1197 5646 1280 5693 ιιι,
1307 5631 1392 5684 19.

345 5723 417 5772 ιν,
446 5709 500 5764 4.
575 5709 596 5739 ⁸
640 5708 822 5766 Matth.
861 5721 972 5769 χιιι,
1008 5700 1196 5757 16ἐ19.
1271 5703 1291 5732 ⁹
1325 5701 1460 5754 ibtd.
1496 5700 1585 5756 20.

706 5801 974 5858 ΡΑτιιοι..
1005 5798 1123 5856 Gn.
1174 5793 1364 5854 XL".

1468 5631 1488 5661 ³
1523 5629 1714 5683 Matth.
1745 5643 1822 5692 vr,
1857 5627 1950 5681 24.

2011 4552 2218 4604 dixisse
2251 4552 2486 4605 scribam
2512 4573 2523 4606 :
2561 4553 2700 4617 Quid
2723 4555 2965 4621 faciendo
2996 4557 3156 4609 vitam
3186 4565 3435 4611 a'ternam
3461 4577 3556 4612 con

2006 4644 2244 4711 sequar?
2297 4641 2535 4706 Honora,
2584 4643 2778 4711 inquit,
2823 4655 3022 4712 patrem
3064 4655 3111 4698 et
3163 4655 3403 4703 matrem.
3444 4649 3576 4700 sicut

2008 4734 2258 4800 scriptum
2301 4734 2432 4786 est".
2496 4731 2614 4786 Non
2655 4735 2796 4788 enim
2833 4737 3004 4788 aliena
3053 4737 3184 4805 legis
3221 4744 3380 4790 erant
3413 4740 3481 4793 ab
3514 4755 3574 4794 eo

2009 4827 2292 4889 mandata;
2343 4825 2675 4894 perindeque
2718 4825 2975 4879 Dominus
3009 4828 3153 4881 illius
3197 4829 3578 4886 observatione

2011 4916 2128 4970 vitae
2153 4918 2392 4971 cmlcstis
2418 4917 2784 4972 lnereditatem
2817 4918 3047 4971 obtineri
3083 4920 3287 4973 docuit.
3338 4921 3579 4987 Subjceit

2008 5007 2074 5060 ad
2114 5007 2227 5061 hinc
2251 5009 2471 5076 juvenis
2503 5009 2665 5062 :llwc
2699 5010 2874 5062 omnia
2908 5012 3104 5064 servavi
3133 5013 3197 5064 ab
3226 5012 3580 5065 adolescentia

2007 5099 2174 5153 mea”.
2214 5097 2332 5164 Quo
2361 5099 2546 5153 audito
2574 5100 2820 5155 Christus
2852 5101 3072 5171 gavisus
3103 5110 3207 5167 est,
3244 5111 3302 5155 ut
3325 5102 3578 5157 ostende-

2009 5201 2089 5244 ret
2123 5208 2150 5243 a
2180 5192 2462 5245 divinitate
2503 5209 2599 5247 sua
2647 5208 2984 5262 nequaquam
3021 5201 3285 5262 praecepta
3321 5193 3452 5260 legis
3482 5193 3578 5246 ab-

2010 5283 2250 5337 horrere.
2304 5283 2439 5336 Cum
2484 5285 2625 5338 enim
2677 5285 2896 5354 gavisus
2941 5301 3060 5339 esse
3104 5286 3321 5347 dicitur,
3362 5281 3577 5338 Veteris

2009 5376 2340 5429 Testamcnii
2373 5393 2493 5430 cum
2521 5376 2668 5431 Novo
2697 5377 3114 5432 consensionem
3143 5391 3206 5428 ac
3230 5375 3580 5430 concordiam

2010 5468 2260 5519 astruxit.
2289 5467 2524 5522 lnstante
2548 5483 2674 5523 vero
2709 5467 3051 5521 adolescente
3108 5473 3182 5530 et,
3245 5465 3384 5532 Quid
3409 5465 3578 5521 adhuc

2035 5629 2058 5661 ⁸
2096 5629 2226 5686 ibid.
2267 5631 2326 5685 ³1
2359 5631 2499 5688 Tim.
2530 5647 2605 5697 vt,
2635 5630 2721 5685 10.
2796 5630 2816 5660 ⁸
2846 5629 2860 5682 Ι
2889 5627 3008 5684 Cor.
3050 5645 3124 5694 vr,
3169 5628 3233 5685 l3
3329 5628 3416 5686 ἸΙ
3443 5627 3579 5689 Cor.

3185 5791 3224 5852 5
