4008 6240
433 373 537 430 113

1843 379 1901 434 S.
1939 371 2278 432 EPIPIIANII

3585 383 3687 439 ιιι

433 492 696 548 infantem
727 492 778 546 in
813 493 898 548 illa
923 507 1018 546 sua
1045 495 1410 550 teneritudine
1429 495 1783 566 permulceat.
1811 496 2002 552 Postea

2124 491 2614 562 τυντετριμμένον
2631 507 2644 522 ·
2709 491 2960 560 καρδίαν
3017 494 3534 564 συντετριμμένην
3589 497 3688 550 καί

435 599 582 648 vero,
610 585 752 653 quod
797 600 1068 638 summum
1103 602 1164 640 ac
1197 587 1658 657 perfectissimum
1689 597 1772 643 est
1803 603 2003 659 propo-

427 679 555 734 nit:
620 679 960 748 Sacriﬁcium
1013 678 1122 732 Deo
1173 681 1388 748 spiritus
1439 680 1858 742 contribulatus;
1911 695 2005 732 cor

433 773 710 822 contritum
736 779 784 822 et
815 767 1150 822 Immiliatum
1181 768 1313 822 Deus
1345 786 1446 823 non
1478 769 1723 837 despiciet
1749 771 1790 824 ⁸.
1841 767 2004 824 Item:

2109 587 2624 656 τεταπεινωμένην
2664 587 2698 638 ὁ
2743 586 2890 652 Θεὸς
2927 588 3040 642 οὐκ
3091 585 3524 650 ἐξουδενὼσειο
3567 590 3688 652 καὶ,

2113 681 2348 734 Θύσατε
2379 677 2460 743 τῷ
2503 675 2626 742 Θεῷ
2661 678 2884 732 θυσίαν
2925 677 3210 747 αἰνέσεως
3233 696 3247 710 ·
3289 680 3386 733 καὶ
3429 681 3530 734 ὅσα
3571 681 3689 734 ἐστι

2112 789 2178 823 πε
2187 772 2242 843 ρὶ
2268 771 2456 826 τούτου
2491 771 2690 839 λέγειν.

433 860 717 914 Immolete
753 859 862 913 Deo
897 860 1220 928 sacriﬁcium
1253 859 1426 914 laudis
1451 861 1470 890 ³
1511 879 1526 914 :
1564 869 1618 914 et
1664 875 2002 930 quacunque
2042 861 2146 915 alia
2182 862 2248 916 de
2276 878 2338 917 ea
2375 880 2434 918 re
2466 871 2699 933 possunt
2729 863 2932 918 aﬂ'erri.

503 953 710 1007 LXXII.
749 951 952 1007 Deinde
1009 954 1094 1006 vel
1129 951 1312 1008 Manes
1341 953 1456 1022 ipse
1488 955 1801 1016 conﬁtetur,
1835 951 2004 1007 Deum

427 1046 581 1100 illum
604 1045 672 1100 de
693 1045 912 1099 Christo
933 1045 1262 1100 mentionem
1293 1045 1472 1100 facere
1495 1046 1751 1100 voluisse.
1775 1047 2006 1116 Magnus

431 1142 576 1194 enim
609 1153 794 1194 revera
833 1137 920 1192 ille
961 1137 1084 1201 fuit,
1133 1137 1226 1206 qui
1271 1137 1324 1191 in
1363 1137 1478 1208 lege
1525 1139 1742 1193 locutus
1775 1147 1880 1200 est,
1913 1139 2004 1207 qui

434 1229 622 1284 futura
652 1239 778 1284 ante
810 1228 1058 1298 pr:evidit
1119 1242 1184 1282 ac
1223 1228 1491 1296 praedixit.
1549 1227 1686 1281 Nam
1733 1228 1778 1282 si
1825 1227 2006 1282 futura

434 1325 624 1387 novit,
667 1323 830 1394 693
859 1321 1215 1392 praescientiae
1249 1335 1445 1392 expers
1481 1335 1588 1374 non
1629 1320 1750 1385 fuit,
1797 1321 2010 1389 eritque

434 1416 602 1476 Deus,
630 1415 724 1485 qui
752 1413 1058 1466 futurorum
1085 1411 1396 1482 cognitione
1426 1411 1682 1482 praeditus
1700 1418 1798 1464 est.
1836 1408 2008 1464 Porro

435 1509 558 1564 ideo
590 1508 680 1562 illa
715 1507 959 1574 scripsit,
1008 1513 1067 1558 ut
1113 1503 1407 1574 aliquando
1442 1505 1855 1574 contingerent:
1889 1517 2009 1571 qum

437 1605 483 1658 si
526 1602 800 1657 contraria
837 1601 938 1670 ipsi
973 1598 1177 1660 forent,
1227 1597 1306 1652 sic
1338 1597 1404 1652 de
1433 1598 1542 1653 illis
1587 1597 1752 1652 scribi
1807 1595 2014 1650 voluis-

437 1703 540 1761 set,
575 1701 632 1748 ut
658 1700 924 1747 everteret
953 1706 1016 1744 ac
1046 1689 1374 1754 destrueret,
1409 1705 1477 1744 ne
1503 1689 1823 1758 persuaderi
1853 1687 2010 1741 nobis

439 1795 684 1859 possent.
743 1783 899 1839 Nunc
957 1799 1082 1838 cum
1137 1797 1198 1838 ea
1238 1782 1582 1837 commendet
1623 1782 1738 1851 ipsa
1786 1795 1907 1850 quae
1954 1780 2010 1833 ln

2181 955 2298 1011 OB'.
2341 951 2476 1009 Εἷτὰ
2513 973 2678 1027 φησιν
2723 959 2751 1009 ὁ
2795 956 2957 1020 αὐτὸς
2993 957 3182 1027 Μάνης
3207 973 3220 986 ·
3269 957 3528 1029 Ἠθέλησε
3563 963 3694 1030 περὶ

2109 1047 2347 1119 Χριστοῦ
2375 1048 2534 1116 λόγον
2554 1048 2832 1104 ἐκθέσθαι.
2872 1049 2930 1102 ’0
2952 1048 3192 1119 λαλήσας
3225 1049 3331 1119 γὰρ
3357 1050 3417 1102 ὲν
3439 1050 3518 1121 τῷ
3541 1051 3694 1122 νόμῳ

2115 1140 2286 1210 μέγας
2317 1139 2553 1211 ἀληθῶς,
2585 1142 2616 1194 6
2641 1139 2933 1210 ἐκθέμενος
2959 1139 3054 1192 καὶ
3088 1157 3156 1191 πε
3167 1139 3219 1211 ρὶ
3249 1139 3355 1192 τῶν
3389 1140 3694 1210 μελλόντων

2111 1232 2415 1300 γινώσκων.
2467 1233 2530 1286 Εἰ
2568 1233 2677 1304 γὰρ
2713 1229 2822 1286 οἶδε
2860 1233 2930 1286 τὰ
2979 1233 3260 1304 μέλλοντα,
3310 1234 3412 1286 οὐκ
3463 1233 3693 1306 ἄμοιρός

2111 1325 2228 1378 ἐστι
2255 1324 2636 1398 προγνώσεως,
2657 1325 2792 1379 ἀλλὰ
2817 1324 2952 1387 Θεός
2980 1327 3096 1378 ἐστι
3126 1325 3194 1379 τὰ
3223 1325 3486 1396 μέλλοντα
3511 1326 3692 1389 εἰδώς.

2115 1419 2364 1489 Ἔγραψε
2396 1419 2452 1472 δὲ
2476 1419 2648 1484 αὐτὰ,
2687 1419 2773 1472 ἵνα
2802 1418 3048 1487 γένηται.
3087 1418 3148 1471 Εἰ
3181 1419 3239 1471 δὲ
3285 1418 3503 1472 ἐναντία
3544 1418 3697 1490 αὐτῷ

2114 1511 2390 1582 ὑπῆρχεν,
2419 1511 2626 1582 ἔγραφε
2678 1511 2774 1581 μὲν
2819 1511 2950 1580 περὶ
2997 1511 3194 1572 αὐτῶν,
3239 1510 3394 1562 ἔλυσε
3441 1511 3500 1564 δὲ
3529 1512 3694 1574 αὐτὰ,

2115 1603 2202 1656 ἵνα
2241 1605 2314 1674 μὴ
2347 1604 2532 1667 αὐτοῖς
2580 1602 2912 1673 πεισθῶμεν.
2977 1605 3165 1656 Ὁπότε
3199 1603 3256 1656 δὲ
3311 1603 3592 1674 συνίστησι
3627 1604 3696 1655 τὰ

2119 1695 2380 1766 μέλλοντα
2409 1698 2487 1758 είς
2517 1697 2750 1767 Χριστὸν
2781 1695 3135 1756 τελειοῦσθαι,
3181 1696 3312 1748 αὐτὸ
3353 1696 3462 1764 ἄρα
3487 1695 3604 1747 ἐστὶ
3634 1695 3697 1748 τὸ

2117 1787 2340 1858 Πνεῦμα
2369 1788 2431 1840 τὸ
2457 1787 2694 1858 λαλῆσαν
2729 1791 2786 1841 ἐν
2815 1789 2983 1859 νόμῳ,
3016 1789 3110 1842 καὶ
3141 1790 3198 1841 ἐν
3236 1789 3571 1858 προφήταις,
3599 1787 3698 1840 καὶ

437 1881 660 1936 Christo
693 1875 1019 1948 perﬁcienda
1043 1881 1219 1940 erant,
1238 1889 1346 1927 non
1377 1872 1599 1927 dubium
1626 1880 1730 1937 est,
1762 1871 2014 1926 eumdem

2124 1881 2175 1934 ὲν
2215 1880 2532 1950 Εὐαγγελίῳ
2553 1897 2566 1910 ·
2613 1881 2711 1951 μία
2747 1882 2854 1953 γάρ
2887 1881 3034 1934 ἐστιν
3077 1880 3111 1950 ή
3153 1879 3440 1948 συμφωνία
3461 1919 3476 1940 ,
3507 1879 3584 1942 ὡς
3607 1878 3700 1932 διὰ

439 1977 594 2031 illum
621 1990 744 2030 esse
769 1973 1032 2042 Spiritum
1067 1969 1156 2040 qni
1181 1971 1232 2023 in
1257 1971 1390 2039 lege,
1426 1984 1488 2022 ac
1513 1968 1813 2038 prophetis,
1839 1966 2016 2020 Evan-

439 2067 689 2138 gelioque
737 2061 871 2117 adeo
917 2063 988 2116 sit
1037 2062 1274 2124 locutus,
1309 2057 1749 2128 quandoquidem
1799 2073 1902 2110 una
1932 2063 2016 2112 est

439 2156 684 2211 omnium
715 2152 1029 2208 concordia.
1063 2150 1218 2216 Quod
1250 2165 1280 2202 a
1311 2148 1493 2219 Moyse
1523 2163 1740 2217 quoque
1770 2145 2010 2200 declasa-

442 2259 554 2304 tum
583 2259 667 2304 est
694 2267 708 2304 :
745 2245 1082 2315 Prop/letam,
1113 2243 1210 2306 ait,
1235 2258 1262 2295 ε
1283 2240 1542 2310 fratribus
1573 2239 1756 2293 vestris
1784 2239 2016 2292 suscita—

442 2343 514 2396 bit
543 2341 800 2395 Dominus
818 2339 858 2392 ³.
893 2337 1003 2391 lmo
1023 2343 1076 2391 et
1095 2333 1360 2389 Dominus
1379 2333 1527 2403 ipse:
1565 2331 1790 2402 Moyses,
1816 2329 2014 2400 inquit,

442 2437 505 2491 de
547 2451 629 2489 me
675 2431 948 2502 scripsit‘.
1001 2428 1106 2496 Qui
1151 2426 1371 2496 quidem
1423 2424 1640 2495 Moyses
1687 2425 1761 2478 ita
1811 2423 2012 2492 pergit:

447 2529 628 2584 Omnis
665 2526 842 2580 anima
863 2539 978 2592 qua:
1010 2537 1112 2574 non
1135 2517 1364 2571 audierit
1392 2515 1696 2583 prophetam
1719 2516 1892 2578 illum,
1925 2527 2018 2566 ea:-

447 2617 878 2674 tcrminabitur'.
907 2616 1040 2666 Item
1067 2611 1330 2665 Dominus
1353 2625 1364 2659 :
1397 2609 1452 2664 Si
1478 2607 1680 2676 Moysis
1701 2607 1892 2660 litteris
1915 2623 2020 2658 non

445 2708 660 2762 creditis
687 2746 702 2771 ,
768 2703 1027 2775 quomodo
1079 2716 1344 2754 sermones
1393 2715 1534 2753 meas
1581 2697 1807 2752 audietis
1847 2697 1907 2750 ‘?
1941 2697 2018 2751 Ita

445 2800 650 2854 veritas
683 2795 832 2852 omni
866 2810 932 2850 ex
987 2800 1138 2864 parte
1181 2789 1464 2862 splendida
1507 2804 1571 2844 ac
1639 2803 1789 2859 rugas
1823 2804 2018 2856 expers

445 2897 690 2962 apparet.

515 2979 750 3035 LXXIII.
801 2977 1014 3032 A‘tenim
1055 2973 1388 3030 Manichacus
1417 2971 1826 3028 Testamentum
1887 2971 2020 3043 legis

443 3072 638 3129 mortis
670 3086 795 3127 esse
832 3075 1218 3125 testamentum
1268 3066 1498 3133 asserit,
1529 3065 1673 3136 quod
1723 3065 2020 3133 Apostolus

447 3165 680 3219 dixerit:
718 3161 870 3228 Quod
921 3161 967 3214 si
1000 3167 1370 3214 testamentum
1417 3158 1602 3212 mortis
1645 3157 1698 3210 in
1721 3156 1910 3210 litteris
1937 3159 2022 3209 in-

2115 1972 2395 2035 Μωῦσέως
2434 1971 2579 2040 λέγει
2599 1989 2612 2002 ο
2644 1971 2968 2041 Προφήτην
2991 1970 3134 2039 ὑμῖν
3155 1971 3224 2023 ἐκ
3269 1971 3388 2024 τῶν
3414 1970 3700 2039 ἀδελφῶν

2113 2060 2283 2130 ὑμῶν
2318 2062 2508 2130 ἐγερεῖ
2551 2063 2785 2128 Κύριος.
2839 2062 2950 2114 Καὶ
2993 2061 3156 2114 πάλιν
3194 2064 3222 2115 6
3277 2061 3478 2132 Κύριος
3517 2061 3695 2129 λέγει·

2115 2150 2378 2219 Μωϋσῆς
2413 2153 2544 2218 περὶ
2572 2153 2717 2222 ἐμοῦ
2757 2151 3040 2221 ἔγραψεν.
3091 2152 3148 2206 ’0
3171 2153 3226 2206 δὲ
3251 2153 3489 2222 Μωῦσῆς
3529 2169 3696 2222 φησι·

2117 2243 2290 2297 Πᾶσα
2313 2244 2506 2312 ψυχὴ,
2549 2245 2680 2312 ἣτις
2713 2247 2822 2298 οὐκ
2864 2245 3186 2298 ἀκούσεται
3239 2244 3345 2298 τοῦ
3387 2244 3700 2314 προφήτου

2116 2334 2374 2398 ἐκείνου,
2414 2335 2988 2405 ἐξολοθρευθήσεται
3009 2354 3021 2366 ·
3074 2335 3169 2388 καὶ
3197 2336 3356 2390 πάλιν
3384 2339 3412 2391 ὁ
3449 2338 3656 2408 Κύριος
3683 2353 3696 2366 '

2118 2427 2190 2479 Et
2217 2425 2341 2492 τοῖς
2368 2427 2664 2492 Μωϋσέως
2697 2426 3040 2497 γράμμασιν
3077 2430 3149 2482 οὺ
3187 2429 3529 2494 πιστεύετε,
3572 2427 3700 2496 πῶς

2119 2514 2198 2569 ἂν
2229 2515 2371 2582 τοὺς
2405 2517 2585 2586 ἐμοὺς
2615 2518 2838 2587 λόγους
2861 2519 3188 2584 ἁκούσετε;
3217 2521 3327 2572 Καὶ
3357 2520 3699 2592 πανταχόθεν

2121 2607 2372 2674 φαίνεται
2401 2608 2678 2680 ήάλήθεια
2711 2611 2942 2682 φωτεινή
2973 2628 3058 2675 τις
3087 2606 3242 2678 οὖσα,
3277 2611 3370 2663 καὶ
3397 2609 3474 2682 μὴ
3497 2611 3699 2682 ἔχουσα

2122 2701 2330 2772 ῥυτίδα.

2193 2955 2310 3010 οΓ’.
2347 2955 2586 3011 Θανάτου
2629 2957 2684 3010 δὲ
2711 2957 2872 3010 πάλιν
2907 2955 3147 3028 ὁρίζεται
3181 2959 3281 3029 τὴν
3299 2957 3572 3028 Διαθήκην
3604 2957 3694 3012 το]

2121 3047 2308 3118 νόμου,
2341 3047 2427 3102 διὰ
2459 3049 2519 3102 τὸ
2556 3048 2836 3121 εἰρηκέναι
2864 3048 2954 3101 τὸν
2997 3049 3349 3104 Ἀπόστολον·
3387 3054 3456 3104 El
3481 3052 3553 3104 δὲ
3576 3052 3699 3106 δια-

2124 3139 2278 3214 θήκη
2307 3140 2416 3195 τοῦ
2453 3139 2712 3194 θανάτου
2749 3141 2819 3194 ὲν
2849 3141 3204 3210 γράμμασιν,
3243 3143 3700 3212 ἐντετυπωμένη

446 3217 707 3322 scalptum
722 3217 1014 3320 ~lapidibus
1040 3289 1054 3312 ,
1094 3250 1384 3320 gloriosum
1417 3247 1522 3316 fuit
1555 3249 1596 3301 ⁷.
1631 3245 1740 3300 Nec
1791 3263 1856 3302 eo
1887 3263 2018 3300 con-

2124 3235 2332 3299 λίθοις,
2361 3232 2614 3302 ἐγενήθη
2639 3235 2708 3286 ἐν
2745 3233 2913 3303 δόξῃ.
2947 3235 3058 3287 Καὶ
3079 3235 3138 3287 οὺ
3173 3235 3331 3305 μόνον
3359 3236 3516 3289 τοῦτο
3550 3232 3702 3290 εἶπεν

447 3347 594 3392 tenta
631 3336 914 3408 Scriptura
941 3377 955 3400 ,
997 3337 1128 3390 illud
1177 3339 1398 3405 insuper
1444 3335 1675 3406 adjecit:
1715 3333 1826 3388 Lex
1876 3337 2020 3404 justo

443 3447 550 3484 non
577 3439 653 3483 est
684 3429 858 3496 posita
887 3469 901 3492 ,
935 3427 1025 3482 sed
1053 3429 1352 3496 patricidis,
1379 3443 1426 3482 et
1454 3427 1749 3481 matricidis
1769 3467 1782 3490 ,
1825 3437 1873 3482 et
1903 3443 2022 3496 per-

445 3524 580 3590 iuris
609 3561 624 3586 ,
657 3530 706 3574 et
741 3522 788 3574 si
813 3523 936 3591 quid
971 3521 1118 3574 aliud
1158 3521 1486 3574 contrarium
1523 3529 1601 3573 est
1631 3536 1777 3573 same
1823 3520 2024 3574 doctri-

446 3627 528 3665 me
560 3613 601 3667 ".
633 3609 769 3664 Cum
817 3610 982 3680 igitur
1036 3611 1118 3664 lex
1170 3609 1321 3678 justo
1363 3609 1537 3678 posita
1589 3625 1698 3663 non
1755 3609 1860 3674 sit,
1893 3624 2022 3662 num

446 3703 746 3758 sceleratus
785 3711 948 3771 atque
980 3702 1137 3756 exlex
1166 3699 1431 3756 dicendus
1457 3701 1578 3756 est?
1623 3700 1842 3757 Minime
1873 3717 2020 3756 vero.

449 3789 556 3845 Sed
587 3790 844 3862 quoniam
869 3790 1052 3860 justus
1084 3805 1204 3859 qua:
1231 3789 1346 3860 lege
1387 3791 1702 3860 praescripta
1736 3799 1896 3857 sunt,
1945 3790 2026 3844 fa-

446 3899 571 3940 cere
621 3883 944 3948 antevertit,
975 3882 1239 3938 adversus
1271 3883 1417 3936 hunc
1473 3897 1580 3937 non
1619 3891 1704 3940 est
1729 3885 2026 3938 constituta

441 3977 552 4042 iex,
581 3975 674 4046 qui
703 3975 873 4045 legem
905 3973 1252 4039 observavit;
1282 3973 1376 4028 sed
1414 3973 1676 4030 adversus
1701 3989 1796 4030 eos
1832 3973 2027 4029 decer-

440 4068 594 4122 nitur
626 4106 640 4130 ,
697 4067 792 4137 qui
851 4067 1075 4122 sceleris
1110 4065 1317 4137 aliquid
1364 4065 1785 4131 commiserint,
1832 4065 1900 4121 ad
1932 4081 2026 4122 eos

443 4161 770 4230 iudicandos
799 4199 813 4224 ,
849 4159 943 4229 qui
1001 4167 1194 4213 contra
1246 4159 1416 4228 legem
1459 4161 1818 4228 peccaverint.
1851 4159 2028 4228 Atque

443 4253 548 4307 hoc
579 4251 740 4307 modo
773 4265 889 4308 sese
907 4249 1310 4306 Testamentum
1345 4249 1512 4306 Vetus
1545 4250 1768 4305 habuit:
1805 4249 1948 4320 quod
1975 4253 2027 4303 c’t

447 4343 776 4398 homicidam
811 4343 1042 4399 interﬁci
1071 4385 1085 4408 ,
1121 4354 1174 4398 et
1229 4343 1532 4397 adulterum
1575 4341 1800 4411 perinde
1855 4349 2028 4395 morte

445 4437 719 4498 damnari,
753 4450 818 4488 ac
839 4436 972 4505 legis
1005 4435 1326 4490 violatorem
1357 4434 1628 4504 lapidibus
1673 4433 1832 4488 obrui
1887 4447 2028 4502 prae-

2125 3326 2158 3394 ή
2193 3325 2311 3378 Θεία
2347 3323 2538 3396 Γραφὴ
2561 3365 2574 3390 ,
2625 3324 2740 3378 ἀλλ’
2782 3325 2885 3390 ὅτι,
2915 3325 2978 3378 '0
3015 3328 3199 3395 νόμος
3238 3325 3443 3394 δικαίῳ
3475 3329 3549 3381 οὐ
3583 3327 3702 3381 κεῖ-

2124 3433 2250 3480 ται,
2306 3415 2468 3470 ἀλλὰ
2513 3417 2896 3483 πατραλοίαις
2920 3456 2933 3482 ,
2987 3417 3084 3470 καὶ
3129 3420 3514 3485 μτιτρολοίαις
3538 3459 3553 3483 ,
3603 3420 3700 3474 καί

2124 3508 2422 3576 ἐπιόρκοις
2441 3549 2456 3574 ,
2491 3509 2590 3562 καὶ
2614 3509 2670 3562 εί
2695 3527 2749 3562 τι
2777 3510 3096 3564 ἀντίκειται
3121 3509 3196 3576 τῇ
3229 3513 3586 3580 ὑγιαινούσῃ
3619 3511 3706 3564 δι-

2124 3599 2448 3667 δασκαλίᾳ.
2516 3601 2664 3654 Ἐπιεὶ¹
2716 3597 2808 3655 οὖν
2855 3603 2884 3653 6
2935 3601 3098 3672 νόμος
3143 3602 3337 3672 δικαίῳ
3387 3603 3446 3655 οὐ
3501 3607 3702 3667 κεῖται,

2127 3693 2443 3764 παράνομος
2471 3689 2580 3764 ἆρά
2619 3694 2766 3746 ἐστιν
2811 3693 2838 3745 ὁ
2867 3693 3106 3758 δίκαιοςς
3137 3693 3228 3764 Μὴ
3259 3694 3470 3761 γένοιτο
3504 3697 3516 3747 l
3563 3696 3704 3748 Ἀλλ’

2126 3785 2312 3858 ἐπειδὴ
2346 3785 2644 3857 προέλαϐεν
2671 3789 2698 3840 6
2723 3787 2928 3850 δίκαιος
2947 3788 3016 3840 τὰ
3035 3789 3126 3841 τοῦ
3153 3787 3319 3856 νόμου
3338 3787 3573 3850 τελέσαι,
3604 3791 3706 3842 οὐκ

2127 3877 2242 3930 ἐστι
2268 3877 2430 3949 νόμος
2460 3879 2600 3933 κατὰ
2621 3879 2827 3933 δικαίου
2855 3879 2950 3934 τοῦ
2981 3885 3345 3954 πεποιηκότος
3375 3886 3468 3939 τὸν
3505 3888 3670 3958 νόμον
3690 3905 3704 3919 ’

2127 3971 2300 4023 κεῖται
2351 3968 2407 4022 δὲ
2451 3971 2589 4022 κατὰ
2621 3971 2727 4023 τῶν
2755 3973 3110 4043 ήνομηκότων
3129 4014 3144 4038 ,
3177 3975 3411 4040 δικάζων
3442 3979 3570 4042 τοὺς
3603 3997 3708 4032 πα-

2129 4063 2564 4132 ρανομήσαντας.
2613 4061 2797 4127 Οὕτως
2845 4060 2937 4120 οὖν
2981 4068 3013 4136 ή
3055 4066 3318 4140 Διαθήκη.
3372 4070 3564 4140 Ἔλεγε
3599 4073 3706 4144 γὰρ

2125 4153 2217 4205 τὸν
2243 4155 2410 4222 φονέα
2435 4154 2773 4222 φονεύεσθαι,
2808 4157 2902 4208 καὶ
2929 4158 3020 4210 τὸν
3054 4160 3238 4230 μοιχὸν
3263 4161 3704 4226 ἀποκτείνεσθαι,

2129 4247 2222 4298 καὶ
2255 4247 2346 4299 τὸν
2397 4249 2862 4318 παρανομήσαντα
2899 4249 3308 4308 λιθοϐολεῖσθαι.
3365 4255 3612 4322 Ἐγένετο
3651 4257 3708 4310 δὲ

2127 4338 2185 4391 ἐν
2229 4337 2374 4408 δόξῃ.
2413 4337 2632 4408 Μεγάλη
2687 4339 2793 4408 γὰρ
2828 4341 3042 4408 ἐγένετο
3071 4345 3105 4414 ἡ
3157 4343 3362 4414 ταύτης
3393 4346 3538 4413 δόξα.
3589 4349 3710 4400 Πε-

2131 4429 2455 4500 ριεκράτησε
2487 4431 2593 4501 γὰρ
2628 4431 2724 4501 τῆς
2769 4432 2926 4501 δόξης
2968 4433 3078 4486 τῶν
3121 4435 3424 4506 ἀνθρώπων
3467 4438 3577 4491 ἀπὸ
3609 4441 3710 4510 τῆς

445 4537 684 4600 ceperat.
707 4527 849 4584 Idem
881 4542 1045 4597 porro
1075 4527 1418 4597 splendorem
1463 4541 1528 4581 ac
1553 4527 1784 4596 gloriam
1814 4525 2018 4588 habuit,

2131 4523 2266 4593 πρὸς
2299 4521 2560 4593 ἀλλήλους
2590 4523 2802 4587 ἀδικίας
2823 4565 2835 4588 ,
2873 4528 2932 4578 ὲν
2966 4526 3102 4594 φωτὶ
3134 4526 3326 4580 στύλου
3370 4527 3481 4598 πῦρ
3507 4547 3711 4583 τυπου-

443 4631 497 4676 ct
543 4621 759 4692 quidem
815 4635 928 4674 non
981 4619 1328 4674 mediocrem.
1383 4617 1624 4672 Gloriam
1678 4619 1823 4671 enim
1886 4616 2026 4669 inter

447 4713 694 4767 homines
758 4711 829 4766 ob
884 4719 1101 4765 mutuas
1155 4710 1368 4764 illorum
1421 4709 1649 4776 injurias
1709 4709 2022 4776 promeruit.

447 4803 602 4872 Quod
659 4803 813 4872 ignea
857 4804 913 4856 in
945 4803 1196 4856 columna
1239 4802 1538 4862 traditum,
1585 4809 1642 4854 et
1675 4799 2024 4853 informatum

446 4906 528 4950 est
554 4935 569 4960 ,
605 4895 750 4947 tubis
803 4893 1096 4946 vehemens
1127 4891 1386 4960 quiddam
1441 4889 1880 4959 horrendumque
1907 4905 2028 4960 per-

447 4985 849 5056 strepentihus;
883 4983 938 5038 in
971 4983 1326 5038 tabernaculo
1355 4981 1676 5044 testimonii,
1708 4982 2028 5051 reliquaque

445 5079 592 5133 ()IIIIII
613 5077 782 5148 gloria
807 5117 820 5141 ,
863 5091 982 5146 quae
1010 5075 1282 5144 praecipua
1321 5083 1436 5127 tum
1475 5073 1701 5127 exstitit.
1731 5073 2028 5143 Oportebat

457 5172 586 5224 enim
637 5171 826 5240 praeire
856 5175 1238 5223 testamentum
1265 5169 1458 5220 mortis
1482 5207 1496 5230 ,
1531 5175 1591 5220 ut
1625 5181 1748 5220 cum
1801 5167 2027 5234 peccatis

465 5280 671 5318 ssemus
711 5263 944 5324 mortui,
988 5261 1216 5329 justitia:
1267 5261 1549 5312 viveremus
1595 5260 1634 5310 θ.
1671 5257 1788 5324 Qua
1815 5259 2028 5314 ratione

455 5355 697 5412 dhristus
720 5355 1060 5428 infirmitates
1093 5363 1302 5407 nostras
1337 5353 1650 5421 portavit”,
1695 5353 2027 5422 morbosque

447 5451 718 5520 suscepit:
747 5463 868 5519 quae
896 5447 1078 5502 omnia
1107 5447 1324 5516 corpori
1352 5461 1452 5500 suo
1481 5444 1734 5513 imposita
1775 5445 1826 5498 in
1857 5459 2022 5498 cruce

447 5541 728 5605 snstinuit,
775 5549 834 5594 ut
879 5539 1116 5610 primum
1167 5554 1286 5608 qua:
1323 5537 1388 5591 ad
1443 5543 1670 5590 niortem
1729 5537 2020 5603 pertinent,

521 5733 536 5758 ‘
585 5725 722 5781 Psal.
775 5724 941 5788 1.,19.
1015 5725 1037 5754 ³
1069 5721 1213 5776 Psal.
1257 5735 1404 5780 xux,
1435 5717 1521 5770 14.
1600 5719 1621 5788 ξ
1652 5717 1804 5770 Deut.
1833 5734 2018 5776 XVIII,‘

2175 5716 2372 5770 ‘Joan.
2401 5734 2452 5778 v,
2475 5715 2560 5770 46.
2638 5719 2656 5750 ⁵
2689 5717 2846 5772 Deut.
2883 5732 3042 5782 ιγιιι,
3086 5714 3174 5772 l9.

2135 4615 2268 4684 μένη
2288 4655 2302 4678 ,
2335 4617 2390 4668 ὲν
2433 4614 2686 4684 σάλπιγξι
2719 4615 2976 4686 φοϐεραῖς
3013 4617 3274 4686 ἡκούσαις
3323 4617 3486 4688 μέγα,
3522 4621 3618 4673 καὶ
3651 4623 3710 4673 ὲν

2133 4707 2301 4776 σκηνῇ
2333 4705 2426 4758 τοῦ
2461 4707 2759 4776 μαρτυρίου
2783 4747 2795 4769 ,
2833 4707 2925 4759 καὶ
2957 4710 3015 4760 ἐν
3045 4709 3253 4779 μεγάλῃ
3293 4708 3414 4760 τότε
3439 4711 3709 4781 γενομένῃ

2129 4799 2275 4871 δόξῃ.
2312 4798 2456 4851 Ἔδει
2483 4799 2590 4871 γὰρ
2629 4800 2890 4870 προάγειν
2924 4801 3021 4870 τὴν
3049 4799 3311 4872 διαθήκην
3335 4801 3428 4853 τοῦ
3452 4801 3708 4864 θανάτου,

2133 4891 2216 4944 ἵνα
2251 4891 2468 4961 πρῶτον
2505 4895 2788 4954 θανόντες
2815 4891 2890 4958 τῇ
2927 4893 3178 4960 ἁμαρτίᾳ
3219 4891 3491 4958 ζήσωμεν
3521 4893 3597 4961 τῇ
3625 4893 3713 4946 δι-

2131 4984 2428 5050 καιοσύνῃ
2449 4999 2462 5011 ·
2491 4982 2566 5045 ὡς
2603 4983 2836 5052 Χριστὸς
2877 4984 2983 5048 τὰς
3029 4983 3347 5047 ἀσθενείας
3383 4983 3556 5053 ἡμῶν
3581 4984 3712 5038 ἐϐἁο

2132 5089 2343 5138 στασε,
2377 5077 2469 5127 καὶ
2495 5075 2592 5138 τὰς
2624 5075 2812 5136 νόσους
2836 5075 3116 5136 ἀνέλαϐεν,
3149 5075 3378 5143 ἐνέγκας
3403 5075 3580 5129 πάντα
3621 5077 3712 5128 ἐπὶ

2133 5167 2209 5238 τῷ
2244 5167 2454 5237 σώματι
2493 5169 2549 5219 ὲν
2583 5167 2660 5236 τῷ
2687 5167 2936 5236 σταυρῷ,
2971 5167 3056 5218 ἵνα
3085 5166 3300 5236 πρῶτον
3333 5166 3401 5220 τὰ
3427 5166 3522 5220 τοῦ
3557 5167 3712 5222 θανά-

2131 5277 2258 5324 του,
2297 5259 2486 5312 ἕπειτα
2515 5259 2576 5310 τὸ
2615 5259 2711 5327 τῆς
2745 5256 2889 5326 ζωῆς
2933 5259 2991 5310 ἐν
3025 5259 3174 5329 αὐτῷ
3215 5259 3281 5311 δι’
3313 5261 3460 5330 ἡμᾶς
3489 5261 3712 5331 πληρω-

2135 5351 2374 5422 θήσεται.
2408 5349 2518 5402 Καὶ
2561 5347 2649 5399 διὰ
2673 5347 2830 5400 τοῦτο
2864 5348 3077 5418 πρῶτον
3106 5348 3439 5420 ἀποθνήσκει
3459 5391 3472 5414 ,
3503 5349 3590 5403 ἵνα
3620 5367 3714 5401 συ·-

2133 5445 2302 5514 στήσῃ
2331 5442 2428 5513 τὴν
2461 5441 2556 5494 τοῦ
2589 5440 2818 5493 θανάτου
2847 5441 3144 5512 διαθήκην*
3183 5441 3372 5496 ἔπειτα
3407 5443 3471 5494 ὲκ
3503 5443 3712 5514 νεκρῶν

2131 5535 2466 5604 ἐγήγερται,
2502 5535 2588 5586 ἵνα
2627 5533 2734 5586 ἀπὸ
2759 5532 2918 5602 δόξης
2951 5535 3030 5597 εἰς
3063 5534 3218 5600 δόξαν
3245 5573 3259 5598 ,
3289 5532 3555 5603 καθάπερ
3597 5535 3712 5588 ἀπὸ

3258 5718 3279 5750 ⁸
3306 5713 3470 5770 Joan.
3511 5731 3566 5778 v,
3621 5712 3710 5769 47.

453 5801 469 5830 ⁷
517 5801 556 5854 ll
599 5799 717 5852 ilor.
753 5813 832 5860 ιιι,
872 5797 926 5852 7.
1001 5794 1023 5826 ⁸
1061 5791 1250 5848 I'I‘im.
1291 5806 1332 5856 ι,
1363 5791 1414 5844 9.
1493 5789 1513 5818 θ
1549 5787 1745 5842 IPetr.
1777 5803 1834 5852 ιι,
1877 5789 1967 5842 2i.

2124 5789 2215 5844 lsa.
2258 5803 2376 5852 LIII,
2421 5789 2454 5843 4
