4008 6240
330 383 435 440 145

960 388 1325 447 ADVERSUS
1362 391 1699 468 HA‘JRESES
1738 394 1860 449 UB.
1907 395 1969 449 ll.
2011 393 2171 450 ΤΟΜ.
2215 393 2276 448 ll.
2315 393 2656 448 —ll.—EltES.
2690 395 2869 450 LXVI.

3489 395 3584 452 146

335 501 552 569 Κυρίου
601 504 959 573 πνεύματος.
1025 507 1112 561 Ἐν
1145 509 1253 579 γὰρ
1300 510 1378 580 τῷ
1417 511 1637 584 σταυρῷ
1675 513 1901 584 ἐθριάμ-

2034 528 2120 565 ιιιιι
2168 529 2294 566 vero
2325 527 2444 582 qum
2475 521 2604 566 sunt
2654 512 2778 566 vita:
2832 515 3050 583 propria
3091 513 3145 568 in
3181 513 3368 568 eadem
3400 523 3588 570 nostra

329 597 523 648 b’sucev
551 595 724 666 ἀρχὰς
747 597 841 650 καὶ
866 597 1110 664 ἐξουσίας
1131 620 1144 631 °
1179 604 1235 654 έν
1262 603 1340 672 τῷ
1369 603 1582 675 θανάτῳ
1617 606 1901 679 κατέκρινε

326 691 428 759 τὴν
467 689 740 759 ἁμαρτίαν
768 707 781 718 ·
843 691 900 742 ὲν
930 690 1010 761 τῷ
1055 692 1290 762 ταφῆναι
1332 695 1494 765 ἔθαψε
1523 698 1620 766 τὴν
1649 699 1896 768 ἀνομίαν.

327 784 388 833 ἐν
421 781 500 851 τῷ
533 782 832 850 γεύσασθαι
862 783 1092 838 θανάτου
1123 789 1423 842 κατέκλασε
1457 791 1517 842 τὸ
1556 791 1776 863 κέντρον
1810 791 1901 844 τοῦ

329 874 597 926 Θανάτου·
651 876 708 927 ὲν
739 874 816 945 τῷ
860 877 1142 931 κατελθεῖν
1193 882 1272 942 εἰς
1301 880 1391 932 τὸν
1444 881 1574 952 ᾃδην
1614 881 1905 934 ἐσκύλευσε

327 967 420 1019 τὸν
476 967 648 1038 ᾅδην,
703 966 859 1020 ἔλυσε
914 970 1038 1031 τοὺς
1091 970 1496 1041 πεπεδημένους
1555 973 1612 1023 ὲν
1664 971 1902 1042 ἀνδρεία,

329 1058 491 1111 ἔλαϐε
540 1059 600 1111 τὸ
647 1059 907 1129 τρόπαιον
941 1060 1034 1112 τοῦ
1067 1061 1299 1131 σταυροῦ
1331 1061 1473 1113 κατὰ
1499 1061 1592 1114 τοῦ
1637 1061 1906 1114 διαϐόλου.

331 1149 443 1200 Καὶ
473 1149 573 1218 ὅρα
597 1149 712 1213 πῶς
743 1152 775 1220 ἡ
829 1150 954 1215 δόξα
1002 1149 1138 1220 αῦτη
1192 1151 1298 1203 ἀπὸ
1336 1152 1612 1215 Μωῢσέως
1645 1153 1770 1224 ἄχρι
1815 1152 1908 1206 τοῦ

331 1240 539 1308 Κυρίου
562 1255 575 1268 °
607 1240 756 1309 πόσῳ
783 1257 848 1308 γε
876 1240 1072 1310 μᾶλλον
1112 1243 1144 1311 ἡ
1191 1241 1418 1311 διαθήκη
1453 1242 1552 1310 τῆς
1585 1241 1730 1311 ζωῆς
1760 1242 1910 1296 ἔσται

332 1329 392 1379 ὲν
424 1327 583 1401 δόξῃ,
622 1328 770 1380 λίθου
806 1330 1306 1400 ἀποκεκυλισμένου
1327 1371 1342 1393 ,
1390 1330 1605 1399 πετρῶν
1639 1332 1911 1402 ῥηγνυμέσ

330 1437 462 1484 νων,
499 1421 796 1490 μνημάτων
830 1421 1204 1492 ἀνοιχθέντων,
1234 1421 1480 1490 ἀγγέλων
1514 1423 1911 1493 έξαστραπτὸν-

331 1527 462 1574 των,
496 1509 770 1577 γυναικῶν
800 1509 1318 1580 εὐαγγελιζομένων,
1350 1512 1572 1580 εἰρήνης
1610 1511 1909 1581 διδομένης,

331 1602 652 1670 Πνεύματος
699 1603 827 1671 παρ’
872 1602 1036 1656 αὑτοῦ
1086 1604 1197 1664 τοῖς
1253 1603 1570 1666 ἀποστόλοις
1617 1603 1912 1674 διδομένου,

331 1691 579 1761 οὐρανῶν
642 1691 915 1761 βασιλείας
969 1693 1476 1762 καταγγελλομένης
1508 1734 1522 1755 ,
1575 1695 1914 1763 Εὐαγγελίου

334 1781 670 1849 φωτίσαντος
714 1784 813 1853 τὴν
860 1783 1225 1855 οίκουμένην;
1295 1784 1356 1837 '0
1401 1785 1660 1851 καταϐὰς
1709 1787 1912 1852 αὐτὸς,

2007 620 2170 659 causa
2219 605 2641 674 complerentur.
2707 605 2879 668 Quam
2939 606 3010 659 ob
3077 621 3299 660 causam
3358 607 3589 660 moritur

2005 697 2200 766 primo,
2235 705 2296 750 ut
2322 696 2512 750 mortis
2544 702 2925 751 testamentum.
2954 697 3380 752 commendaret.
3419 698 3586 770 695.

2006 784 2212 841 Deinde
2245 800 2276 839 a
2305 787 2541 840 mortuis
2589 786 2864 841 excitatus
2892 795 2973 841 est
3001 829 3016 852 ,
3045 795 3102 840 ut
3150 804 3177 840 a
3214 789 3387 858 gloria
3418 798 3587 845 trans-

2009 877 2111 931 iret
2165 876 2232 930 ad
2262 877 2510 947 gloriam,
2542 886 2793 945 tanquam
2841 895 2872 930 a
2902 877 3120 932 Domini
3147 882 3339 946 spiritu
3373 882 3414 932 ².
3452 879 3588 933 Nam

2009 962 2064 1015 in
2092 977 2255 1018 cruce
2297 963 2633 1033 principatus
2685 980 2748 1019 ac
2800 975 3098 1035 potestates
3131 970 3277 1022 velut
3308 970 3361 1023 in
3397 971 3588 1023 trinm~

2011 1056 2119 1124 pho
2145 1055 2384 1111 traduxit
2419 1057 2464 1108 ³.
2495 1056 2552 1109 1η
2586 1066 2762 1113 morte
2808 1074 2938 1113 vero
2974 1072 3253 1130 peccatum
3290 1062 3592 1127 damnavit,

2014 1151 2073 1204 in
2125 1149 2401 1218 sepultura
2460 1149 2802 1220 iniquitatem
2836 1153 3091 1221 sepeliit,
3145 1155 3200 1207 in
3258 1155 3594 1225 degustanda

2013 1247 2188 1294 morte
2232 1239 2512 1294 stimulum
2565 1240 2754 1295 mortis
2794 1241 3013 1310 infregit
3068 1241 3112 1305 ⁵,
3151 1243 3205 1296 in
3259 1258 3361 1298 suo
3406 1244 3497 1296 illo
3527 1243 3594 1298 ad

2016 1328 2230 1384 inferos
2285 1328 2552 1384 descensu
2602 1331 2776 1400 spolia
2815 1330 3048 1386 detraxit
3104 1333 3327 1397 inferis,
3382 1336 3593 1390 vinctos

2017 1419 2332 1474 fortitudine
2383 1436 2482 1475 sua
2541 1419 2826 1485 liberavit,
2879 1422 3142 1478 adversus
3178 1423 3451 1479 diabolum
3485 1435 3595 1480 tro-

2016 1525 2191 1579 patum
2264 1510 2446 1564 crucis
2476 1511 2702 1579 accepit.
2735 1509 2871 1565 Vide
2921 1519 2980 1565 ut
3030 1528 3058 1565 a
3100 1513 3284 1584 Moyse
3337 1515 3404 1569 ad
3437 1516 3596 1570 Chri-

2017 1612 2158 1657 stum
2196 1601 2368 1671 gloria
2409 1601 2748 1672 perstiterit,
2782 1613 2986 1672 quanto
3015 1621 3143 1675 ergo
3189 1608 3446 1677 majorem
3479 1609 3592 1677 glo-

2016 1694 2152 1747 riam
2210 1694 2333 1747 vitae
2391 1701 2775 1749 testamentum
2829 1696 3133 1762 obtinebit,
3187 1714 3310 1752 cum
3352 1706 3406 1752 et
3460 1701 3596 1768 lapis

2020 1783 2348 1851 revolvitur;
2376 1794 2428 1838 et
2468 1799 2601 1839 saxa
2641 1784 2999 1855 franguntur,
3049 1798 3103 1842 et
3153 1791 3484 1844 monimenta
3513 1807 3595 1845 re-

334 1871 435 1925 καὶ
472 1875 504 1925 ό
539 1873 764 1940 ἀναϐὰς
812 1874 1012 1928 ἐπάνω
1042 1874 1282 1928 πάντων
1315 1876 1434 1928 τῶν
1474 1877 1778 1944 οὐρανῶν,
1815 1877 1911 1930 καὶ

2028 1883 2313 1941 serantur,
2373 1885 2429 1932 et
2482 1877 2657 1947 angeli
2704 1877 2936 1948 fulguris
2995 1879 3170 1934 instar
3207 1882 3484 1945 emicant,
3543 1891 3595 1936 et

335 1962 724 2033 καθεζόμενος
760 1966 830 2018 ἐν
870 1964 1040 2032 δεξιᾷ
1065 1967 1170 2022 τοῦ
1199 1967 1449 2035 Πατρός.
1481 1968 1594 2020 Οὐκ
1638 1963 1704 2038 ἦν
1747 1967 1910 2020 θανα-

334 2055 551 2118 τοποιὺς
576 2059 608 2125 ἡ
638 2056 870 2128 διαθήκη
893 2096 908 2120 ,
940 2058 1075 2110 ἀλλὰ
1104 2058 1245 2111 κατὰ
1290 2059 1384 2112 τοῦ
1411 2058 1636 2112 θανάτου
1665 2061 1697 2129 ή
1725 2059 1912 2127 διαθή-

336 2165 429 2217 κη.
469 2149 560 2200 Ἐν
580 2148 706 2220 δόξῃ
736 2149 844 2218 δὲή
876 2147 970 2201 τοῦ
1011 2147 1238 2202 θανάτου
1264 2189 1281 2213 ,
1317 2151 1404 2204 ἵνα
1435 2152 1468 2220 ἡ
1499 2149 1910 2219 ὑπερϐάλλουσα

335 2236 461 2299 δόξα
485 2237 626 2290 κατὰ
653 2237 748 2289 τοῦ
776 2237 1004 2292 θανάτου
1031 2239 1271 2308 γένηται.
1601 2263 1604 2268 ·

339 2349 494 2402 super
524 2349 703 2386 omnes
767 2338 957 2398 castos,
989 2344 1039 2387 et
1075 2334 1216 2388 sedet
1259 2335 1326 2388 ad
1377 2335 1645 2388 dexteram
1677 2335 1857 2389 Patris
1892 2337 1935 2389 ⁸.
1990 2336 2110 2393 Non
2145 2339 2246 2394 fuit
2295 2341 2636 2395 mortiferum
2693 2349 3076 2395 testamentum
3103 2381 3117 2404 ,

2022 1970 2283 2026 mulieres
2336 1971 2686 2041 Evangelium
2722 1973 3058 2040 praadicant.
3113 1986 3216 2041 pax
3259 1973 3592 2036 conceditur,

2023 2059 2261 2131 Spiritus
2290 2063 2554 2132 apostolis
2581 2064 2646 2117 ab
2679 2063 2770 2118 illo
2802 2064 3079 2126 tribuitur,
3119 2080 3341 2135 regnum
3377 2065 3597 2120 caeleste

2016 2151 2410 2217 denuntiatur,
2466 2156 2616 2210 orbis
2658 2165 2924 2210 terrarum
2982 2155 3272 2225 Evangelia
3310 2157 3596 2211 collustra-

2015 2244 2146 2298 tur?
2176 2243 2456 2300 Postremo
2482 2288 2496 2310 ,
2533 2245 2636 2310 Qui
2664 2247 2952 2309 descendit,
2988 2248 3095 2316 ipse
3118 2256 3194 2300 est
3238 2250 3326 2316 qui
3363 2247 3598 2301 ascendit

3189 2342 3281 2396 sed
3333 2342 3596 2396 adversus

337 2430 568 2476 mortem
619 2423 994 2477 constitutum.
1037 2424 1171 2479 Illud
1207 2440 1367 2495 porro
1415 2425 1559 2495 quod
1627 2426 1819 2481 mortis
1854 2426 2099 2493 dicitur,
2156 2429 2384 2499 gloriam
2443 2430 2672 2498 habuit,
2737 2431 2908 2500 major
2960 2440 3019 2484 ut
3055 2431 3317 2486 adversus
3369 2439 3596 2486 mortem

337 2518 511 2586 gloria
538 2528 964 2586 compararetur.

410 2613 528 2666 ΟΔ¹⁸
560 2610 690 2666 Εἶτα
717 2615 876 2668 πάλιν
911 2614 1057 2682 λέγει
1086 2617 1114 2668 6
1141 2615 1301 2678 αὐτὸς
1326 2614 1518 2687 Μάνης
1544 2633 1558 2647 ’
1594 2617 1666 2669 Οὐ
1697 2615 1918 2671 δύναται

340 2704 460 2767 ἑνὸς
488 2704 829 2758 διδασκαλίου
878 2701 1017 2758 εἶναι
1063 2705 1274 2759 Παλαιὰ
1312 2707 1404 2758 καὶ
1439 2706 1613 2777 Καινὴ
1649 2707 1914 2778 Διαθήκη.

353 2798 418 2849 ’Π
449 2797 548 2867 μὲν
589 2798 699 2868 γὰρ
761 2798 1082 2851 παλαιοῦται
1132 2800 1342 2868 ἡμέραν
1386 2798 1444 2862 ἐξ
1479 2798 1722 2870 ἡμέρας·
1766 2801 1799 2869 ἡ
1859 2799 1916 2852 δὲ

344 2887 783 2948 ἁνακαινίζεται
826 2889 1053 2958 ἡμέραν
1087 2891 1214 2942 καθ’
1246 2888 1474 2958 ἡμέραν
1499 2906 1513 2918 ·
1548 2888 1671 2942 πᾶν
1701 2889 1812 2957 γὰρ
1848 2888 1914 2941 τὸ

345 2979 792 3046 πίαιαιούμεννον
829 2979 927 3032 καὶ
980 2978 1288 3048 γηράσκον
1333 2980 1512 3049 ἐγγὺς
1572 2979 1914 3047 ἀφανισμοῦ

344 3070 588 3136 γίνεται.
637 3070 792 3123 Ἀλλὰ
825 3070 1003 3140 ἐκείνη
1044 3070 1201 3124 ἄλλου
1233 3069 1368 3122 Θεοῦ
1427 3071 1519 3122 καὶ
1563 3069 1719 3122 ἄλλου
1775 3069 1920 3120 διδα-

349 3161 580 3213 σκάλου’
627 3164 719 3215 καὶ
758 3162 892 3233 αὕτη
934 3163 1119 3233 ἑτέρου
1150 3161 1284 3214 Θεοῦ
1315 3162 1407 3214 καὶ
1451 3161 1636 3232 ἐτέρου
1662 3161 1917 3214 διδασκά-

2100 2616 2331 2671 LXXIV.
2371 2616 2479 2673 Sed
2516 2617 2706 2688 objicit
2754 2617 3121 2673 Manichteus:
3159 2615 3276 2671 Non
3306 2631 3467 2688 posse
3494 2613 3598 2671 Ve-

2029 2717 2117 2763 tus
2169 2723 2231 2762 ac
2272 2708 2478 2763 Novum
2514 2708 2920 2764 Testamentum
2969 2709 3037 2764 ab
3081 2709 3272 2764 eodem
3322 2723 3446 2764 esse
3483 2724 3597 2762 ma.-

2023 2797 2196 2867 gistro
2239 2797 2565 2867 profectum,
2613 2799 2883 2868 siquidem
2937 2797 3105 2854 Vetus
3144 2799 3210 2853 de
3241 2798 3328 2854 die
3374 2798 3428 2852 in
3457 2797 3597 2852 diem

2021 2888 2379 2950 inveteratur;
2440 2891 2669 2944 alterum
2732 2906 2847 2943 vero
2923 2890 2977 2942 in
3041 2889 3151 2943 dies
3221 2890 3502 2942 innovatur
3557 2889 3597 2942 ⁸.

2029 2980 2294 3050 Quidquid
2322 2983 2458 3034 enim
2490 2983 2824 3042 inveteratur.
2852 2997 2914 3033 ac
2939 2981 3181 3041 senescit,
3212 2981 3451 3034 interimi
3474 2994 3594 3046 pror

2026 3071 2228 3122 mimum
2263 3072 2409 3124 est".
2443 3069 2621 3135 Quare
2655 3077 2940 3140 superest,
2979 3079 3040 3124 ut
3071 3071 3222 3140 illud
3254 3071 3476 3125 alterius
3509 3070 3596 3125 Dei

2027 3176 2091 3214 ac
2121 3161 2367 3231 magistri
2395 3202 2409 3222 ,
2447 3162 2550 3215 hoc
2584 3161 2808 3216 alterius
2865 3176 2985 3215 esse
3022 3161 3256 3216 dicatur.
3305 3160 3500 3216 Verum
3555 3162 3600 3216 si

347 3253 461 3308 λου.
494 3253 603 3307 Καὶ
636 3255 684 3306 εί
718 3255 815 3323 μὲν
857 3249 969 3324 εἶχε
1014 3253 1182 3319 δεῖξαι
1215 3253 1307 3306 δύο
1341 3252 1608 3322 Διαθῆκας
1657 3252 1915 3317 Παλαιὰς,

2028 3251 2219 3305 Vetera
2247 3252 2356 3306 duo
2385 3251 2730 3306 Testamenta
2760 3251 3132 3310 demonstrare
3170 3259 3374 3321 posset,
3409 3251 3597 3321 proba~

345 3344 576 3414 ἠδύνατο
606 3348 735 3417 παρ’
764 3345 911 3416 αὐτῷ
944 3346 1164 3399 πιθανὸν
1215 3341 1353 3397 εἶναι
1393 3345 1454 3397 τὸ
1486 3344 1775 3414 λεγόμενον
1801 3384 1814 3407 ,
1846 3343 1922 3404 ὡς

346 3436 442 3489 δύο
477 3438 644 3489 ὄντων
677 3437 783 3489 τῶν
811 3438 930 3490 τότε
961 3437 1289 3507 διαθεμένων
1312 3453 1326 3466 ·
1368 3435 1627 3498 ὡσαύτως
1661 3435 1718 3488 δὲ
1744 3437 1794 3488 εί
1830 3435 1922 3487 δύο

347 3527 557 3588 Καινὰς
600 3528 872 3597 Διαθῆκας
896 3523 1007 3598 εἶχε
1035 3528 1222 3592 δεῖξαι,
1245 3523 1314 3598 ἦν
1341 3527 1418 3590 είς
1447 3525 1544 3596 τὴν
1573 3526 1806 3578 διάνοιαν
1827 3525 1924 3578 λα-

351 3619 467 3670 ϐεῖν
500 3619 561 3670 τὸ
591 3618 1013 3690 προειρημένον·
1045 3619 1092 3670 εί
1131 3617 1186 3670 δὲ
1218 3619 1250 3689 ἡ
1286 3617 1384 3688 μὲν
1412 3615 1626 3668 Παλαιὰ
1649 3615 1795 3678 ἐνὸς,
1832 3615 1927 3667 κα¹ι

348 3714 384 3780 ἡ
421 3711 596 3782 Καινὴ
646 3710 740 3763 τοῦ
791 3710 950 3764 ἄλλου
976 3750 990 3772 ,
1015 3709 1124 3762 -τοῦ
1178 3710 1233 3762 δὲ
1268 3708 1434 3762 καλοῦ
1468 3707 1602 3762 Θεοῦ
1645 3706 1737 3779 [εί]
1781 3708 1926 3760 ἔστιν

351 3805 388 3871 ἠ
424 3800 598 3871 Καινὴ
626 3801 864 3873 Διαθήκη
889 3841 903 3864 ,
935 3800 1173 3872 πονηροῦ
1207 3801 1263 3853 δὲ
1294 3803 1326 3872 ἡ
1355 3800 1567 3853 Παλαιὰ
1588 3841 1600 3862 ,
1635 3801 1741 3870 ἄρα
1769 3800 1816 3852 εί
1853 3799 1927 3870 μὴ

353 3889 495 3946 εἶδεν
546 3894 574 3944 6
621 3891 822 3959 ἀγαθὸς
867 3891 999 3955 Θεὸς
1042 3893 1134 3944 τὸν
1168 3893 1401 3963 πονηρὸν
1446 3891 1793 3961 διαθέμενον,
1830 3890 1930 3942 οὐκ

316 3999 328 4009 ·
355 3984 472 4053 ᾔδει
497 4025 511 4047 ,
536 3983 616 4034 ὅτι
648 3983 753 4052 χρὴ
783 3981 1058 4035 διαθέσθαι
1087 3981 1372 4052 διαθήκην.
1414 3982 1520 4033 Καὶ
1550 3980 1700 4032 ἔσται
1732 3980 1928 4049 μᾶλλον

359 4076 490 4145 παρ’
507 4072 670 4126 αὐτοῦ
697 4073 985 4142 λαμϐάνων
1015 4075 1112 4143 τὴν
1144 4073 1416 4144 πρόφασιν
1445 4073 1540 4140 τῆς
1561 4071 1924 4134 διδασκαλίας,

358 4166 453 4218 καὶ
483 4163 705 4234 ἄπειρος
738 4163 811 4214 ὢν
841 4165 896 4216 ὲν
920 4166 1033 4225 τοῖς
1057 4163 1392 4233 πράγμασιν.
1433 4162 1493 4212 Et
1528 4160 1634 4229 γὰρ
1665 4161 1738 4231 μὴ
1766 4159 1931 4231 ἐώρα-

358 4273 475 4321 κεν,
500 4255 600 4308 οὐκ
623 4255 688 4307 ἃν
712 4255 1037 4324 ἐμιμήσατο.
1069 4254 1178 4306 Καὶ
1206 4252 1312 4305 ἔδει
1339 4252 1535 4322 μᾶλλον
1559 4253 1656 4323 τὴν
1688 4250 1930 4306 Παλαιὰν

358 4347 636 4418 Διαθήκην
671 4342 808 4400 εἷναι
834 4344 928 4398 τοῦ
961 4345 1189 4414 ἀγαθοῦ,
1215 4347 1301 4399 ἵνα
1324 4344 1425 4398 κᾶν
1447 4346 1474 4398 ὁ
1509 4344 1742 4416 πονηρὸς
1769 4361 1934 4414 μιμη-

358 4441 450 4502 λὸς
476 4439 684 4512 ἀκούσῃ
712 4439 854 4509 ἥπερ
885 4439 914 4489 ὁ
957 4437 1032 4490 ὣν
1066 4438 1317 4510 ἀληθινὸς
1353 4438 1484 4500 Θεός
1511 4454 1524 4465 ·
1564 4437 1712 4506 λέγει
1759 4435 1866 4506 γὰρ
1905 4436 1934 4487 6

361 4533 568 4604 Κύριος
601 4535 657 4585 ὲν
694 4531 772 4602 τῷ
811 4531 1158 4602 Εὐαγγελίῳ·
1211 4534 1272 4584 Ὃ
1317 4531 1424 4584 ἐὰν
1459 4530 1660 4598 ,βλέπῃ
1711 4532 1744 4584 ό
1802 4529 1934 4594 Υἱὸς

2025 3342 2130 3397 bile
2161 3343 2406 3396 nonnihil
2439 3343 2604 3398 videri
2655 3351 2868 3412 posset,
2898 3343 3042 3412 quod
3099 3343 3165 3396 de
3193 3342 3394 3411 duplici
3439 3348 3594 3396 testa:

2026 3439 2143 3487 ture
2180 3434 2438 3503 disputat.
2469 3433 2548 3489 Ita
2577 3435 2741 3489 etiam
2801 3434 2849 3489 si
2899 3432 3048 3489 Nova
3099 3433 3208 3486 duo
3256 3432 3601 3488 Testamenta

2028 3525 2187 3580 nobis
2239 3527 2594 3593 ostenderet,
2629 3533 2907 3597 utcunque
2959 3525 3102 3595 quod
3135 3535 3320 3578 narrat
3376 3524 3603 3592 intelligi

2030 3627 2234 3689 posset.
2291 3618 2397 3674 Sed
2447 3635 2570 3674 cum
2620 3617 2788 3675 Vetus
2847 3619 3064 3689 quidem
3096 3618 3362 3682 alterius,
3397 3615 3609 3669 Novum

2027 3710 2434 3766 Testamentum
2472 3712 2698 3766 alterius
2725 3713 2816 3776 sit,
2845 3711 2950 3765 hoc
2978 3709 3024 3765 si
3051 3710 3194 3764 bono
3223 3711 3329 3763 Deo
3365 3706 3605 3761 tribuere

2030 3803 2260 3856 velimus
2287 3843 2302 3866 ,
2338 3803 2470 3856 illud
2526 3818 2657 3857 vero
2702 3801 2846 3856 malo
2872 3842 2887 3866 ,
2924 3815 3270 3870 consequens
3324 3797 3458 3852 illud
3499 3804 3603 3860 est,

2028 3893 2232 3948 bonum
2269 3895 2460 3959 Deum,
2483 3895 2600 3950 nisi
2631 3895 2908 3949 conditum
2955 3908 2985 3946 a
3016 3894 3159 3947 malo
3221 3896 3606 3947 testamentum

2032 3987 2322 4049 scivisset,
2378 3999 2408 4038 a
2469 4001 2528 4040 se
2580 4001 2798 4055 quoque
2843 3984 3189 4039 condendum
3230 3983 3605 4052 ignoraturum

2037 4074 2224 4130 fuisse.
2279 4074 2458 4141 Quare
2518 4077 2781 4130 doctrinae
2820 4091 2931 4130 sua:
2982 4072 3323 4143 divulganda:
3359 4071 3608 4127 occasio-

2034 4184 2156 4221 nem
2191 4167 2257 4220 ab
2287 4169 2379 4220 illo
2409 4176 2599 4222 nactus
2621 4205 2636 4229 ,
2675 4182 2739 4221 ac
2769 4181 2949 4221 rerum
2977 4165 3342 4236 gerendarum
3389 4162 3608 4232 imperi-

2035 4266 2122 4311 tus
2140 4273 2262 4312 esse
2288 4259 2579 4314 videbitur.
2606 4258 2724 4313 Nisi
2745 4259 2888 4313 enim
2920 4257 3034 4312 ﬁeri
3063 4256 3129 4308 ab
3155 4255 3328 4309 altero
3359 4252 3609 4317 vidisset.

2033 4365 2314 4418 nunquam
2343 4359 2484 4405 esset
2527 4350 2786 4404 imitatus.
2834 4349 2910 4403 Ac
2952 4349 3096 4403 bono
3129 4347 3237 4401 Deo
3281 4345 3602 4400 Testamen-

2036 4450 2148 4494 tum
2176 4439 2344 4496 V'etus
2374 4440 2551 4511 attingi
2583 4441 2755 4511 magis
2793 4439 3112 4510 oportebat,
3149 4450 3208 4493 ut
3245 4439 3423 4494 malus
3473 4440 3613 4492 alter

2041 4532 2220 4602 potius
2248 4533 2530 4587 annulator
2557 4533 2938 4601 appellaretur,
2972 4546 3133 4600 quam
3173 4546 3332 4584 verus
3396 4543 3613 4600 germa-

363 4623 561 4697 [πρὸς]
606 4624 714 4678 τὸν
754 4623 982 4692 Πατέρα
1032 4623 1354 4687 ποιοῦντα,
1404 4623 1555 4676 οὕτω
1605 4621 1704 4674 καὶ
1756 4620 1922 4686 αὐτὸς

2041 4638 2254 4691 nusque
2297 4625 2456 4678 Deus.
2507 4622 2766 4677 Dominus
2815 4623 2958 4676 enim
3000 4625 3052 4676 in
3101 4621 3390 4691 Evangelio
3436 4620 3612 4674 dicit:

363 4716 585 4784 ὁμοίως
611 4713 770 4768 ποιεῖ
805 4731 818 4743 ⁶
853 4715 946 4766 καὶ
975 4715 1062 4766 ἵνα
1089 4713 1162 4785 μὴ
1198 4713 1316 4783 ἥξει
1345 4715 1359 4744 ¹
1387 4712 1463 4783 τῷ
1492 4711 1934 4781 συμϐουλεύοντι,

363 4809 446 4869 εἰς
475 4807 534 4859 τὸ
568 4806 642 4876 μὴ
668 4805 972 4875 καυχᾶσθαι
995 4805 1083 4858 τὸν
1112 4805 1373 4870 διάϐολον,
1405 4805 1499 4857 καὶ
1521 4803 1699 4871 λέγειν
1725 4803 1813 4856 διὰ
1838 4803 1937 4871 τῆς

371 4895 704 4968 συμϐουλίας
754 4894 920 4948 αὑτοῦ
966 4910 1018 4946 τι
1051 4895 1141 4946 τὸν
1175 4893 1402 4963 Σωτῆρα
1441 4891 1829 4963 πεποιηκέναι·
1865 4889 1940 4953 ὥς

366 5007 502 5061 φησι
536 4989 675 5059 πρὸς
707 4987 897 5041 αὐτόν·
942 4986 1088 5039 Εἰπὲ
1112 4986 1211 5038 ἵνα
1240 4988 1294 5038 οἱ
1339 4985 1495 5040 λίθοι
1529 4983 1690 5053 ἄρτοι
1723 4983 1940 5052 γένων-

365 5099 481 5136 ται.
520 5080 579 5133 Ὀ
607 5079 665 5132 δὲ
696 5080 795 5132 οὐκ
837 5077 1126 5148 ἀνέχεται,
1160 5077 1247 5130 ἴνα
1279 5078 1354 5146 μὴ
1391 5075 1577 5146 μαθὼν
1610 5072 1943 5144 ὑποληφθείη

369 5172 522 5240 παρὰ
563 5169 658 5222 τοῦ
687 5169 932 5222 διαϐόλου
982 5168 1270 5238 λαμϐάνων
1303 5167 1401 5236 τὴν
1449 5163 1800 5235 συμϐουλίαν.
1836 5162 1945 5215 Καὶ

367 5267 499 5336 ὁρᾷς
524 5305 538 5328 ,
573 5265 656 5317 ὅτι
696 5263 792 5325 τὰς
825 5261 917 5315 δύο
951 5261 1222 5331 Διαθήκας
1255 5260 1372 5323 ἐνὸς
1416 5259 1563 5327 λέγει
1601 5257 1774 5321 Θεοῦ,
1815 5257 1946 5326 φησὶ

371 5358 480 5428 γὰρ
504 5359 532 5409 ὁ
559 5353 877 5416 Ἀπόστολος
900 5369 913 5382 '
955 5352 1016 5405 Ἠ
1041 5351 1234 5420 πρώτη
1261 5350 1517 5419 Διαθήκη
1553 5349 1621 5402 ἐκ
1641 5348 1748 5403 τοῦ
1771 5347 1947 5414 ὅρους

371 5450 518 5506 Σιντῖ
553 5449 762 5513 ἐδόθη,
796 5448 882 5510 εὶς
901 5443 1184 5496 δουλείαν
1220 5441 1512 5511 γεννῶσα.
1556 5440 1624 5493 Τὸ
1663 5440 1772 5511 γὰρ
1811 5439 1947 5505 ὅρος

375 5541 521 5596 Σινᾷ
542 5541 717 5594 ἐστιν
736 5541 806 5591 ἐν
832 5536 906 5605 τῇ
929 5535 1176 5603 Ἀραϐίᾳ.
1204 5536 1264 5587 Ei
1293 5536 1398 5606 γὰρ
1420 5534 1512 5587 δύο
1540 5535 1645 5586 εἰσὶ
1668 5535 1940 5600 γυναῖκες,

375 5632 509 5687 ἀλλὰ
555 5625 637 5692 εἷς
672 5629 701 5681 ὁ
742 5628 914 5698 ἀνήρ’
953 5625 1094 5678 οὕτω
1141 5625 1188 5676 εἰ
1221 5627 1317 5677 καί⁹
1359 5623 1451 5677 δύο
1501 5623 1607 5676 είσὶ
1653 5621 1938 5691 Διαθῆκαι,

2040 4713 2202 4784 695
2260 4713 2523 4784 Quidquid
2585 4715 2772 4768 viderit
2823 4713 2998 4767 Filius
3052 4711 3267 4766 Patrem
3312 4713 3613 4781 facientem,

2043 4807 2180 4862 idem
2216 4817 2264 4862 et
2300 4809 2406 4874 ipse
2433 4807 2675 4861 similiter
2699 4805 2828 4873 facit
2858 4806 2901 4858 ⁸.
2938 4803 3076 4859 Tum
3132 4805 3356 4873 insuper
3385 4819 3452 4856 ne
3484 4817 3616 4855 con-

2045 4899 2246 4953 sulenti
2305 4897 2381 4950 illi
2436 4897 2670 4951 cessisse
2721 4896 3040 4956 videretur,
3089 4910 3225 4949 neve
3279 4893 3501 4964 gloriari
3553 4906 3617 4945 ac

2041 4987 2253 5057 jactare
2292 4986 2540 5040 diabolus
2571 4997 2774 5055 posset,
2820 5000 2922 5041 suo
2945 4985 3149 5055 aliquid
3181 4983 3411 5038 consilio
3444 4998 3472 5034 a
3497 4980 3616 5034 Sal-

2054 5082 2239 5127 vatorc
2273 5083 2506 5142 gestum.
2547 5086 2670 5126 cum
2697 5073 2769 5125 ita
2803 5073 3057 5126 suaderet
3099 5072 3198 5141 ipsi
3227 5090 3240 5126 :
3269 5069 3368 5123 Dic
3395 5078 3451 5120 ut
3484 5068 3617 5135 tapi-

2051 5163 2140 5216 des
2173 5179 2330 5230 panes
2359 5163 2491 5230 [iant
2529 5160 2572 5223 θ,
2605 5161 2906 5230 repudiavit
2944 5159 3159 5229 penitus
3185 5197 3199 5221 ,
3251 5172 3318 5209 ne
3359 5154 3617 5207 didicisse

2053 5254 2253 5322 aliquid
2286 5269 2315 5305 a
2341 5252 2558 5305 diabolo
2582 5290 2596 5314 ,
2629 5251 2856 5320 ejusque
2884 5249 3114 5304 consilio
3157 5261 3287 5301 usus
3311 5260 3429 5298 esse
3463 5243 3614 5296 vide-

2052 5355 2222 5402 retur.
2258 5346 2408 5411 Quod
2443 5353 2621 5399 autem
2653 5344 2996 5398 Testamenta
3027 5341 3134 5394 duo
3168 5338 3259 5392 Dei
3299 5351 3420 5390 esse
3455 5336 3618 5388 unius

2055 5438 2301 5501 atlirmct,
2333 5453 2398 5491 ex
2427 5453 2490 5492 eo
2526 5448 2677 5506 potes
2700 5434 3150 5488 animadvertere.
3191 5429 3281 5482 Sic
3307 5429 3450 5481 enim
3483 5429 3620 5495 Apo-

2054 5531 2257 5585 stolus:
2314 5529 2474 5582 Prius
2511 5529 2902 5581 ’I'estamentum
2951 5538 3016 5576 ex-
3048 5530 3218 5575 mante
3251 5519 3382 5574 Sina
3437 5518 3621 5571 datum

2053 5631 2174 5686 est,
2211 5620 2346 5691 quod
2385 5621 2452 5673 ad
2503 5619 2798 5672 servitutem
2849 5621 3081 5683 generat.
3135 5611 3264 5666 Sina
3298 5612 3435 5664 enim
3476 5627 3623 5665 mons

449 5740 470 5817 ’ί
509 5747 637 5817 Leg.
674 5743 843 5817 εἴξῃζ
888 5744 908 5774 ²
943 5740 1137 5817 ll_Cor.
1166 5753 1245 5801 ιιι,
1436 5737 1688 5817 ξςῳοεε.
1721 5751 1782 5800 ιι,
1808 5735 1895 5817 1-5.

2028 5733 2190 5796 lCor.
2228 5755 2317 5806 xv,
2353 5737 2441 5794 59.
2519 5736 2540 5768 '
2577 5734 2773 5804 Ephcs.
2838 5744 2912 5794 Iv,
2966 5730 3018 5784 9.
3097 5730 3117 5762 ⁸
3155 5730 3197 5786 ll
3230 5731 3358 5787 Cor.
3401 5745 3472 5794 ιιι,
3533 5725 3623 5781 id.

378 5816 400 5850 "
432 5801 613 5872 Hebr.v
632 5801 864 5880 νιιιξὙό.
943 5812 963 5842 ⁸
995 5809 1152 5865 Joan.
1177 5825 1233 5876 ν,
1275 5809 1358 5866 19.
1435 5807 1456 5839 ⁹
1495 5807 1682 5862 Matth.
1717 5823 1792 5873 tv,
1826 5806 1879 5860 5.
