4008 6240
464 291 560 345 127

1865 278 1925 338 S.
1965 277 2302 336 EPIPHANII

3607 259 3710 315 128

455 429 568 469 non
611 411 818 480 origine
867 407 1310 478 productionevc,
1352 404 1446 460 sed
1489 401 1750 473 operibus
1813 397 2024 467 abjudi-

2146 395 2248 466 ιῦχὶ
2295 393 2382 448 διὰ
2413 392 2504 446 τοῦ
2551 385 2930 460 πλάσματοςῆ
2971 383 3060 438 διὰ
3095 383 3194 453 τῆς
3245 378 3708 480 ποιήσεως.⁹Ἦδη

457 515 674 560 centur.
712 503 786 556 De
814 516 921 572 qua
957 515 1015 554 re
1048 515 1145 552 nos
1177 507 1334 551 antea
1361 495 1780 566 disputavimus.
1819 489 2034 544 Fierine

463 599 646 667 itaque
675 603 873 664 potest,
907 595 980 646 uti
1014 607 1141 661 pars
1172 591 1356 660 aliqua
1384 590 1452 642 ab
1480 588 1670 642 eodem
1705 593 1828 640 satu
1858 584 2034 637 aliena

464 683 623 736 modo
676 683 747 735 sit
780 696 846 736 ac
872 679 1072 734 diaboli
1106 679 1343 748 propria,
1379 677 1542 732 modo
1575 675 1683 730 Deo
1713 672 2036 730 tribuenda?

461 774 566 828 Sed
609 773 866 826 nimirum
911 771 1216 826 incessendi
1266 785 1328 823 ac
1377 765 1810 838 reprehendendi
1867 779 2032 821 causa

461 866 564 922 ista
587 865 868 919 dicuntur.
906 862 1040 916 Nam
1068 864 1156 917 cui
1196 878 1254 918 se
1293 861 1528 932 quisque
1575 859 1829 928 subjicit,
1873 858 2036 926 hujus

460 969 514 1011 et
550 957 766 1010 actione
790 963 842 1010 et
867 954 1157 1024 disciplina
1188 954 1330 1010 ﬁlius
1357 961 1462 1018 est,
1491 959 1549 1006 ut
1575 968 1642 1007 ex
1673 950 1824 1005 Pauli
1855 948 2038 1006 verbis

463 1057 731 1119 apparet:
768 1047 908 1100 Nam
940 1048 1058 1100 licet
1091 1047 1284 1099 multos
1324 1057 1664 1115 praceptores
1689 1043 1948 1104 habeatis,
1982 1051 2038 1095 at

462 1155 564 1192 non
613 1137 802 1190 multos
832 1125 1029 1205 patres.
1063 1134 1206 1188 Nam
1231 1137 1284 1188 in
1316 1134 1526 1189 Christo
1566 1133 1694 1187 Jesu
1722 1150 1813 1202 per
1857 1132 2040 1186 Evan-

461 1228 654 1298 geliunt
684 1243 774 1297 ego
807 1244 890 1281 vos
921 1227 1086 1296 “genui
1111 1225 1150 1280 ⁸.
1185 1223 1286 1279 Ubi
1321 1225 1386 1279 ad
1417 1225 1743 1290 doctrinam,
1779 1233 1837 1276 ut
1863 1221 2038 1286 vides,

464 1321 566 1374 ista
609 1318 892 1373 transfert.
956 1317 1025 1370 Et
1080 1317 1298 1388 quidem
1351 1315 1398 1371 si
1455 1314 1824 1368 Abrahamum
1871 1311 2040 1367 Mani-

466 1410 651 1463 clueus
701 1409 1036 1472 admitteret,
1088 1408 1235 1461 lumc
1277 1406 1454 1476 ipsum
1481 1404 1548 1458 ad
1583 1405 1755 1459 lucem
1792 1410 2042 1473 spectare

464 1501 811 1566 diceremus,
853 1499 1057 1556 liberos
1107 1515 1240 1555 vero
1294 1499 1364 1552 ab
1424 1512 1490 1552 eo
1549 1497 1844 1567 productos
1887 1496 2040 1551 alteri

466 1593 851 1647 tribueremus.
899 1589 1386 1646 Verumcnimvero
1421 1589 1498 1643 ita
1554 1603 1676 1643 sese
1720 1603 1812 1642 res
1841 1587 2044 1642 habet:

467 1683 828 1737 imitabantur
874 1680 1204 1736 homicidam
1251 1678 1426 1743 Iudae,
1476 1679 1838 1749 proditionem
1865 1678 2043 1731 imita-

467 1775 698 1841 bantur,
730 1774 958 1844 ejusque
984 1772 1314 1826 calumniam
1343 1787 1405 1826 ac
1430 1770 1756 1825 delationem
1787 1769 2044 1825 secundis

467 1865 694 1918 auribus
736 1871 1094 1933 acceperant;
1121 1863 1286 1932 hujus
1319 1863 1374 1916 in
1401 1861 1571 1916 divini
1599 1861 1838 1917 numinis
1876 1862 2045 1916 alme-

467 1952 684 2023 gatioue
735 1952 828 2005 ﬁlii
881 1953 1230 2007 exstiterunt.
1301 1950 1394 2005 llle
1433 1952 1579 2005 enim
1631 1951 1859 2005 tuendas
1901 1959 2040 2016 erat,

467 2059 592 2097 cum
630 2053 685 2097 et
727 2044 935 2097 loculos
965 2043 1210 2106 haberet,
1245 2051 1299 2097 et
1333 2042 1539 2096 furtum
1570 2043 1955 2104 committeret,
1989 2051 2044 2096 et

467 2131 743 2187 Christum
799 2133 872 2185 ita
922 2133 1184 2186 salutaret
1233 2150 1246 2186 :
1289 2133 1415 2195 Are,
1485 2130 1707 2186 Rabbi’.
1759 2131 1929 2198 Quam
1975 2133 2044 2186 ob

466 2235 690 2274 causam
716 2220 817 2273 bac
845 2219 1056 2274 Domini
1087 2235 1220 2274 voce
1249 2218 1667 2290 reprehenditur
1697 2240 1710 2275 :
1744 2222 1944 2285 Amice,
1973 2221 2042 2274 ad

466 2311 592 2382 quid
621 2311 840 2364 uenisti'
861 2311 883 2363 ‘l
905 2309 1076 2365 .ludas
1103 2327 1229 2365 vero
1273 2311 1502 2365 Cainum
1531 2311 1774 2364 imitatus
1807 2318 1912 2376 est,
1952 2309 2044 2380 qui

465 2409 522 2452 et
553 2399 825 2467 parricida
875 2397 997 2464 fuit,
1032 2407 1086 2453 et
1137 2414 1322 2452 coram
1371 2397 1600 2452 Domino
1648 2399 1906 2452 mentitus
1937 2407 2041 2454 est.

469 2489 613 2543 Num
670 2499 877 2554 custos,
928 2490 1126 2560 inquit,
1177 2491 1364 2558 fratris
1403 2491 1501 2542 mei
1537 2491 1702 2544 sum?
1751 2491 1921 2542 nescio
1956 2489 2046 2542 ubi

468 2585 538 2635 sit
567 2583 609 2635 ".
674 2581 930 2650 Ejusdem
985 2589 1040 2635 et
1097 2581 1341 2636 Adamus
1386 2582 1690 2635 imitatione
1731 2581 1873 2636 ﬁlius
1919 2581 2043 2645 fuit,

467 2672 598 2724 dum
655 2671 970 2724 mendacem
1023 2671 1168 2724 illam
1227 2685 1412 2724 vocem
1465 2671 1736 2739 sequitur,
1785 2686 1908 2740 qua:
1949 2687 2046 2740 per

467 2769 774 2830 serpentem
817 2761 890 2813 ita
931 2761 1255 2829 loquebatur
1287 2778 1300 2814 :
1335 2757 1502 2813 Erilis
1531 2761 1668 2814 sicut
1701 2760 1781 2814 dii
1820 2763 2040 2816 scientes

467 2853 661 2906 bonum
708 2863 756 2905 et
794 2851 992 2906 ntalunt
1015 2852 1056 2905 ⁸.
1115 2852 1286 2921 Atque
1335 2851 1438 2905 boc
1477 2853 1651 2920 ipsum
1686 2861 1789 2916 est,
1819 2853 1964 2921 quod
1987 2853 2044 2908 in

470 2944 766 3014 Evangelia
793 2959 824 2996 a
849 2943 1134 2998 Salvatore
1187 2944 1390 2998 dicitur
1429 2941 1562 2998 :Vas
1606 2945 1732 2997 estis
1783 2945 1886 3012 ﬁlii
1925 2945 2046 2998 dia-

469 3035 576 3089 boli
608 3036 648 3088 θ.
721 3033 814 3089 Sic
864 3035 1010 3090 enim
1067 3036 1358 3106 loquitur:
1395 3035 1584 3092 Nonne
1632 3039 1906 3092 duodecim
1956 3055 2044 3094 vos
2075 3076 2121 3138 ϐ

467 3127 643 3195 elegi?
686 3137 734 3180 et
769 3143 902 3181 unus
936 3143 1001 3182 ea:
1046 3128 1187 3183 vobis
1227 3138 1306 3183 est
1338 3129 1644 3186 diabolus’.
1679 3131 1947 3197 Quoniam
1983 3132 2046 3184 ab

469 3218 624 3268 initio
655 3217 882 3270 mendas:
913 3231 991 3271 est
1021 3228 1069 3271 et
1114 3217 1400 3284 homicida,
1433 3219 1556 3289 quia
1586 3231 1736 3289 pater
1770 3222 1883 3288 ejus
1908 3237 2051 3274 men-

471 3307 580 3359 dam
608 3317 722 3360 erat
751 3307 792 3361 ⁸.
823 3307 942 3372 Qua
985 3310 1196 3363 ratione
1237 3307 1517 3363 Manicheei
1547 3311 1773 3380 quaestio
1799 3311 2052 3365 dissolvi-

474 3403 598 3460 tur;
654 3409 762 3448 uon
811 3395 956 3448 enim
1005 3395 1209 3449 diaboli
1248 3397 1467 3465 proprie
1510 3395 1604 3450 ﬁlii
1648 3406 1808 3450 erant
1857 3395 2048 3450 Judaei.

476 3487 630 3540 Absit
680 3493 738 3539 ut
784 3486 836 3540 id
875 3501 1000 3541 esse
1045 3486 1354 3552 credamus.
1401 3486 1612 3557 Quippe
1653 3503 1776 3542 cum
1814 3485 2052 3541 Samari-

474 3587 600 3629 tana
647 3578 845 3631 mulier
877 3577 1099 3631 Christo
1146 3575 1378 3635 Domino
1423 3578 1653 3634 dixisset
1685 3599 1698 3634 :
1732 3580 1836 3634 Hie
1871 3582 1924 3635 in
1949 3583 2052 3637 isto

479 3675 653 3719 monte
677 3666 1035 3720 adorat-erunt
1063 3677 1241 3736 patres
1274 3669 1474 3733 nostri;
1515 3687 1603 3724 uos
1654 3681 1827 3725 autem
1874 3671 2051 3728 dicitis

481 3759 863 3830 Hierosolymis
898 3777 1010 3814 esse
1053 3761 1248 3827 locum,
1284 3760 1374 3814 ubi
1408 3772 1610 3831 oportet
1636 3763 1896 3828 adorar’e;
1929 3775 2052 3836 post

475 3852 643 3906 multa
707 3851 956 3906 Salvator
1015 3853 1120 3908 ista
1170 3853 1436 3924 subjecit:
1472 3856 1604 3922 Qua:
1643 3857 1839 3932 scimus
1881 3858 2052 3928 loqui-

477 3959 613 4004 mur,
660 3943 785 4010 quia
831 3942 976 3997 salus
1013 3959 1078 3996 ea:
1113 3943 1318 3999 Iudaeis
1351 3947 1500 4002 est’.
1555 3945 1654 4001 Cui
1699 3957 1754 4002 et
1803 3949 2038 4018 Aposto-

475 4034 560 4088 lus
583 4034 856 4089 consentit
887 4035 969 4089 his
1000 4035 1179 4091 verbis
1208 4053 1222 4090 :
1266 4036 1530 4102 Quoniam
1551 4054 1617 4092 ex
1633 4037 1778 4092 Iuda
1803 4049 1950 4092 ortus
1971 4049 2048 4094 est

479 4125 736 4179 Dominus
764 4125 829 4179 ιο.
871 4123 978 4180 Sed
1009 4127 1167 4196 plura
1217 4125 1284 4180 ad
1324 4143 1445 4182 eam
1486 4144 1599 4182 rem
1633 4129 1896 4200 disputari
1921 4145 2052 4200 pos-

475 4223 629 4278 sunt,
661 4215 862 4283 quibus
885 4214 1020 4270 falsa
1049 4216 1200 4272 illius
1237 4217 1422 4287 Opinio
1451 4217 1750 4273 refellatur.

544 4305 712 4374 678
727 4303 906 4360 LXIV.
926 4305 994 4359 At
1013 4307 1156 4361 enim
1184 4309 1554 4374 evangelicum
1583 4308 1715 4363 illud
1735 4311 1943 4365 dictum
1970 4327 2052 4365 ar-

2133 464 2322 539 Beual.
2371 485 2483 538 ἄνω
2521 479 2901 552 διηγησάμεθα
2933 475 3061 547 περὶ
3098 474 3307 526 τούτου.
3357 469 3480 533 Πῶς
3511 464 3603 522 οὖν
3647 467 3712 520 τὸ

2139 580 2304 650 μέρος
2344 577 2437 630 τοῦ
2487 574 2650 628 αὐτοῦ
2701 573 3015 643 σπέρματος
3049 569 3200 621 ἔσται
3238 564 3368 618 ποτέ
3414 563 3511 632 μὲν
3550 563 3712 615 ἀλλό-

2130 689 2279 744 τριον
2305 671 2398 724 καὶ
2428 669 2523 722 τοῦ
2557 667 2828 731 διαϐόλου,
2885 663 3018 716 ποτὲ
3044 662 3101 714 δὲ
3128 659 3302 744 μέρος
3345 655 3514 720 Θεοῦ;
3551 653 3716 744 Ἀλλὰ

2133 743 2290 812 τοῦτο
2341 755 2760 828 ἐγκληματικῶς
2807 753 3093 824 διηγεῖται.
3121 743 3192 820 ᾯ
3242 747 3353 818 γάρ
3389 763 3474 807 τις
3520 743 3716 797 ἐαυτὸν

2135 846 2451 912 ὑποτάσσει,
2512 845 2700 898 τούτου
2759 841 2942 904 δοῦλος
2970 841 3015 872 ¹³
3059 838 3360 908 τυγχάνει,
3416 833 3556 888 κατὰ
3613 834 3718 901 τὴν

2135 939 2416 1010 ἐνέργειάν
2466 954 2525 990 τε
2587 935 2683 990 καὶ
2747 931 3117 992 διδασκαλίαν,
3165 930 3240 990 ὡς
3293 927 3386 979 καὶ
3425 927 3454 978 6
3501 923 3718 984 Παῦλός

2137 1049 2298 1102 φησι·
2330 1033 2398 1085 El
2443 1031 2553 1100 γὰρ
2601 1026 2697 1081 καί
2747 1024 3018 1089 πολλοὺς
3063 1018 3473 1082 διδασκάλους
3522 1016 3714 1084 ἔχετε,

2138 1123 2272 1176 ἀλλ’
2311 1123 2382 1174 οὐ
2424 1117 2696 1183 πολλοὺς
2736 1114 3016 1181 πατέρας.
3054 1113 3158 1165 Ἐν
3187 1109 3298 1179 γὰρ
3342 1103 3574 1176 Χριστῷ
3613 1106 3720 1170 Ἰη-

2137 1213 2255 1268 σοῦ
2296 1212 2394 1265 διίι
2439 1211 2547 1265 τοῦ
2598 1208 2968 1276 Euan-alim;
3021 1205 3136 1274 ἐγὼ
3185 1201 3342 1272 ὑμᾶς
3391 1200 3717 1268 ἐγέννησα.

2139 1306 2250 1359 Καὶ
2275 1305 2427 1376 ὁρᾷς,
2452 1305 2533 1356 ὅτι
2581 1301 2680 1372 τὴν
2714 1297 3062 1352 διδασκαλίαν
3105 1296 3286 1362 λέγεις
3318 1292 3429 1345 Καὶ
3459 1293 3508 1343 εί
3559 1290 3658 1360 μὲν
3689 1289 3723 1342 6

2141 1397 2334 1467 Μάνης
2377 1395 2588 1464 ἐδέχετο
2633 1392 2725 1446 τὸν
2759 1390 3037 1462 Ἀϐραὰμ,
3073 1387 3330 1458 ἐλέγομεν
3379 1385 3446 1438 ἂν
3476 1382 3570 1435 τὸν
3619 1381 3722 1452 μὲν

2154 1487 2405 1558 Ἀϐραὰμ
2450 1483 2544 1538 τοῦ
2591 1481 2726 1536 Θεοῦ
2760 1481 2855 1535 τοῦ
2912 1479 3122 1550 φωτὸς,
3171 1478 3300 1540 τοὺς
3341 1475 3398 1528 δὲ
3433 1475 3524 1526 ὑπ’
3553 1471 3720 1527 αὐτοῦ

2141 1577 2576 1648 γεγεννημένους
2605 1575 2764 1629 ἄλλου
2785 1591 2796 1603 ·
2827 1575 2861 1643 ἡ
2895 1571 2952 1625 δὲ
2985 1569 3244 1632 ὑπόθεσις
3269 1567 3456 1621 τοῦτον
3485 1565 3597 1636 ἔχει
3627 1564 3723 1616 τὸν

2143 1670 2372 1742 τρόπον·
2420 1664 2716 1738 ἐμιμοῦντο
2754 1664 2845 1717 τὸν
2906 1661 3092 1732 φονέα,
3134 1658 3432 1730 ἐμιμοῦντο
3475 1658 3573 1728 τὴν
3615 1673 3722 1709 παι-

2075 1743 2117 1796 Β
2148 1761 2363 1834 ράδοσιν
2407 1759 2502 1812 τοῦ
2539 1757 2738 1820 Ἰούδα,
2785 1755 3140 1820 κατεδέξαντο
3185 1752 3284 1823 τὴν
3331 1749 3582 1820 διαϐολὴν
3623 1748 3722 1802 τοῦ

2145 1853 2434 1924 προδότου·
2474 1852 2580 1904 υἱοὶ
2624 1849 2878 1920 γεγόνασι
2926 1849 3024 1919 τῆς
3057 1845 3218 1900 αὐτοῦ
3275 1843 3719 1916 ἐπαρνησιοεΐας.

2143 1944 2312 2007 Αὐτὸς
2351 1942 2591 2012 ψεύστης
2641 1941 2873 2008 ἐγένετο,
2900 1939 2961 1992 τὸ
2997 1937 3384 2008 γλωσσόκομον
3450 1934 3721 2004 κατέχων,

2144 2036 2239 2088 καὶ
2277 2033 2545 2094 κλέπτων,
2582 2033 2675 2086 καὶ
2703 2032 2874 2098 λέγων
2902 2027 3081 2098 αὐτῷ·
3116 2027 3310 2095 Χαῖρε,
3351 2025 3568 2079 Ῥαϐϐἰ.
3613 2024 3726 2076 Kal

2144 2125 2495 2195 ἐλεγχόμενος
2547 2123 2641 2176 καὶ
2700 2121 2912 2176 ἁκούων
2933 2135 2946 2150 ·
2987 2119 3248 2187 Ἑταῖρε,
3298 2117 3390 2186 ἐφ’
3422 2110 3470 2182 ᾧ
3509 2114 3682 2185 πάρει
3707 2158 3723 2181 ,

2142 2214 2294 2282 οὗτος
2326 2219 2354 2270 6
2388 2216 2587 2279 Ἰούδας
2617 2215 2929 2287 ἐμιμήσατο
2967 2213 3058 2266 τὸν
3091 2211 3253 2274 Κάῖν,
3299 2209 3486 2278 ἐπειδὴ
3515 2207 3729 2279 ἀνθρω-

2145 2311 2404 2372 ποκτόνος
2447 2309 2686 2376 ἐγένετο,
2721 2305 3050 2376 ψευδόμενος
3096 2303 3332 2356 ἐναντίον
3373 2301 3464 2353 τοῦ
3495 2299 3725 2370 Κυρίου,

2145 2402 2238 2458 καὶ
2280 2402 2488 2469 λέγων’
2540 2397 2635 2466 Μὴ
2687 2397 2892 2466 φύλαξ
2937 2395 3052 2463 εἶμί
3105 2393 3213 2447 τοῦ
3263 2391 3530 2460 ἀδελφοῦ
3577 2405 3730 2461 μου;

2143 2495 2254 2547 οὐκ
2284 2489 2418 2545 οἶδα
2464 2488 2582 2542 ποῦ
2619 2488 2775 2542 ἐστι.
2803 2487 2914 2539 Καὶ
2949 2485 3110 2547 αὐτὸς
3143 2483 3285 2538 κατὰ
3335 2482 3566 2553 μίμησιν
3613 2480 3730 2543 uili;

2144 2583 2458 2654 γεγένηται,
2491 2581 2586 2634 καὶ
2616 2579 3040 2648 καταθεωρήσας
3068 2576 3168 2646 τῆς
3201 2578 3257 2628 ἐν
3285 2575 3362 2645 τῷ
3397 2574 3520 2642 δφει
3561 2571 3730 2642 λαλη-

2147 2675 2315 2744 σάσης
2368 2671 2698 2742 ψευδηγόρου
2756 2669 2940 2739 φωνῆς
2988 2669 3088 2738 τῆς
3131 2665 3429 2737 λεγούσης·
3473 2667 3732 2718 Ἔσεσθε

2143 2765 2224 2830 ὡς
2253 2764 2392 2830 θεοὶ,
2425 2763 2821 2833 γινώσκοντες
2864 2759 3055 2814 καλὸν
3089 2757 3188 2812 καὶ
3245 2756 3542 2824 πονηρόν·
3575 2773 3732 2810 τουτ-

2145 2855 2260 2907 έστι
2289 2853 2350 2906 τὸ
2389 2855 2446 2906 ἐν
2488 2852 2565 2923 τῷ
2597 2850 2911 2920 Εὑαγγελίῳ
2955 2849 3106 2921 παρὰ
3141 2847 3237 2902 τοῦ
3275 2849 3526 2918 Σωτῆρος
3574 2849 3730 2919 εἰρη-

2149 2949 2332 3020 μένον·
2377 2946 2558 3016 Ὑμεῖς
2591 2946 2708 3000 υίοί
2737 2945 2876 2999 ἐστε
2903 2943 3011 2998 τοῦ
3039 2943 3344 2997 διαϐόλου.
3369 2942 3532 3010 Λέγει
3565 2943 3674 3013 γάρ
3709 2959 3728 2974 ·

2154 3039 2300 3108 Οὐχί
2352 3036 2580 3091 δώδεκα
2634 3034 2791 3106 ὑμᾶς
2831 3033 3241 3103 ἐξελεξάμην;
3293 3027 3382 3098 εἷς
3434 3031 3504 3097 ἐξ
3559 3031 3734 3101 ὑμῶν

2148 3131 2279 3184 ἐστι
2314 3129 2609 3194 διάϐολος.
2651 3125 2886 3194 Ἐπειδὴ
2937 3123 3215 3194 ἀπαρχῆς
3262 3125 3536 3193 ⁴ψεύστης
3573 3123 3729 3188 ἐστι,

2149 3223 2250 3277 καὶ
2281 3223 2773 3290 ἀνθρωποκτόνος
2793 3232 2810 3248 ⁸
2845 3219 2934 3272 ὅτι
2963 3220 2995 3270 ὀ
3025 3217 3219 3284 πατὴρ
3258 3215 3440 3270 αὐτοῦ
3458 3217 3732 3283 ψεύστης

2127 3309 2246 3384 ἦν.
2280 3313 2390 3368 Καὶ
2422 3313 2637 3366 λέλυται
2667 3313 2700 3382 ἡ
2731 3309 2922 3364 τούτου
2959 3307 3206 3382 ζήτησις.
3237 3308 3313 3364 Οὐ
3348 3307 3454 3378 γὰρ
3493 3306 3590 3359 τοῦ
3621 3306 3734 3359 δια-

2151 3402 2306 3456 ϐόλου
2356 3397 2497 3470 ἦσαν
2542 3400 2708 3454 τέκνα
2757 3399 2807 3451 οἱ
2847 3399 3116 3452 Ἰουδαῖοι·
3150 3398 3226 3470 μὴ
3281 3397 3520 3465 γένοιτοῐ
3565 3396 3733 3464 Λέγει

2151 3495 2261 3567 γὰρ
2307 3496 2340 3567 ἡ
2393 3495 2725 3565 Σαμαρεῖτις
2773 3491 2910 3563 πρὸς
2953 3491 3048 3544 τὸν
3095 3491 3345 3560 Σωτῆρα,
3377 3489 3460 3541 ὅτι
3487 3481 3628 3542 Ὧδε
3663 3487 3734 3542 ἐν

2152 3583 2230 3649 τῷ
2262 3583 2383 3652 ὄρει
2413 3584 2602 3648 τούτῳ
2642 3581 3118 3648 προσεκύνησαν
3149 3581 3204 3632 oi
3240 3578 3496 3646 πατέρες
3529 3576 3730 3646 ἡμῶν*

2151 3675 2252 3728 καί
2279 3673 2448 3743 ὑμεῖς
2486 3671 2554 3726 δὲ
2583 3673 2818 3742 λέγετε,
2865 3670 2954 3724 ὅτι
2985 3671 3056 3724 έν
3087 3670 3522 3739 Ἰεροσολύμοις
3559 3668 3732 3722 ἐστιν

2151 3769 2184 3822 ὀ
2211 3768 2411 3832 τόπος,
2446 3765 2599 3818 ὅπου
2630 3764 2726 3818 δεῖ
2756 3763 3145 3833 προσκυνεῖν.
3191 3757 3324 3816 Εἶτα
3375 3761 3512 3833 μετὰ
3559 3761 3732 3815 πολλά

2151 3858 2181 3910 6
2209 3857 2399 3926 Σωτὴρ
2443 3857 2578 3926 αὐτῇ
2628 3855 2754 3927 ἔφη,
2796 3856 2879 3908 ὅτι
2914 3857 2974 3908 Ἃ
3003 3853 3252 3923 οἴδαμεν
3283 3853 3612 3922 λαλοῦμεν,
3642 3853 3732 3907 ὅτι

2151 3949 2190 4016 ἠ
2223 3948 2485 4015 σωτηρία
2521 3948 2590 4000 ἐκ
2634 3946 2754 4000 τῶν
2789 3945 3084 4001 Ἰουδαίων
3133 3945 3270 4000 ἐστί
3279 3985 3293 3998 .
3341 3945 3452 3998 Καὶ
3499 3943 3662 3998 πάλιν
3703 3948 3730 3998 6

2163 4037 2506 4101 Ἀπόστολος·
2545 4035 2760 4106 Δῆλον,
2789 4036 2881 4090 ὅτι
2919 4035 2987 4101 ἐξ
3036 4035 3224 4090 Ἰούδα
3256 4033 3667 4090 ἀνατέταλκεν·
3697 4037 3731 4088 d

2149 4130 2384 4196 Κύριος.
2430 4128 2541 4181 Kal.
2592 4127 2762 4180 πολλὰ
2809 4125 2926 4178 ἐστι
2975 4125 3105 4196 περὶ
3154 4123 3348 4178 τούτου
3386 4123 3588 4191 λέγειν,
3637 4123 3730 4176 καὶ

2151 4221 2392 4290 ἐλέγχειν
2421 4221 2520 4292 τὴν
2549 4220 2759 4289 πλάνην
2787 4218 3004 4273 τούτου.

2220 4311 2332 4367 ΞΝ.
2359 4313 2527 4366 Πάλιν
2555 4312 2612 4365 δὲ
2646 4309 3074 4382 ἐπιλαμϐάνεται
3105 4309 3205 4380 τῆς
3249 4308 3447 4376 λέξεως
3495 4308 3724 4380 ταύτης,

476 4395 631 4460 ripit:
655 4394 718 4447 Et
737 4397 829 4448 lux
842 4397 893 4449 in
914 4397 1136 4453 tenebris
1161 4399 1317 4462 lucet,
1340 4407 1390 4452 et
1417 4399 1636 4455 tenebra:
1658 4417 1773 4454 eam
1789 4419 1892 4456 non
1910 4419 2046 4456 com-

2153 4406 2236 4460 δτι
2271 4405 2341 4458 T6
2379 4405 2504 4474 φῶς
2548 4404 2618 4456 ἐν
2660 4403 2736 4471 τῇ
2780 4403 2996 4470 σκοτίᾳ
3031 4403 3260 4471 φαίνει,
3297 4402 3394 4454 καί
3441 4401 3478 4467 ’ἡ
3517 4402 3732 4455 σκοτία

475 4485 858 4553 prehenderunt
885 4489 951 4541 “.
975 4485 1240 4544 Tenebrae
1279 4489 1445 4556 enim,
1491 4492 1687 4560 inquit,
1721 4492 1896 4546 lucem
1931 4507 2052 4561 per—

477 4585 681 4632 secutae
720 4586 869 4642 sunt,
905 4578 1048 4649 quod
1084 4579 1209 4633 mali
1239 4582 1514 4652 principes
1551 4581 1889 4638 divinitatem
1923 4595 2051 4638 sunt

479 4667 759 4722 hostiliter
817 4669 1075 4724 insecuti.
1122 4670 1288 4741 Atqui
1325 4673 1371 4726 si
1412 4674 1503 4726 lux
1545 4687 1576 4726 a
1622 4675 1865 4730 tenebris
1905 4675 2051 4729 bello

480 4760 722 4830 appetita
750 4759 1074 4815 invadentes
1092 4761 1254 4831 fugit,
1285 4762 1542 4818 fortiores
1567 4772 1731 4818 erunt
1755 4767 1874 4821 luce
1899 4773 2050 4822 tene-

481 4852 612 4914 brae,
645 4866 770 4904 cum
797 4851 866 4905 ab
891 4851 978 4906 bis
1011 4852 1104 4905 illa
1131 4861 1389 4924 tanquam
1432 4856 1823 4914 valentioribus
1867 4858 2051 4929 fugata

479 4953 627 4998 stare
653 4952 844 4996 contra
869 4951 921 4996 et
959 4959 1224 5013 apparere
1253 4961 1360 5000 non
1389 4946 1606 5002 audeat.
1641 4947 1840 5004 Verum
1892 4952 2051 5021 longe

477 5049 540 5089 se
566 5035 722 5087 aliter
753 5049 840 5089 res
875 5035 1057 5089 habet.
1087 5037 1271 5106 Neque
1303 5040 1447 5093 enim
1485 5041 1574 5094 lux
1611 5043 1860 5098 tenebras
1891 5043 2048 5116 fugit,

479 5127 575 5181 sed
612 5127 749 5180 lucet
784 5128 839 5180 in
871 5127 1114 5192 tenebris,
1163 5137 1212 5183 et
1255 5131 1474 5185 tenebrae
1515 5149 1631 5186 eam
1669 5151 1770 5188 non
1813 5153 2051 5206 compre—

479 5217 788 5272 heriderunt.
817 5219 974 5286 Quod
1011 5221 1056 5275 si
1099 5221 1172 5274 ita
1235 5232 1339 5285 est,
1383 5225 1543 5288 longe
1575 5225 1677 5280 hoc
1706 5241 1735 5280 a
1767 5225 2051 5284 Manichaci

479 5313 753 5364 Sententia
805 5311 1058 5376 dissidet,
1103 5313 1193 5384 qui
1239 5329 1347 5368 non
1383 5315 1546 5370 modo
1573 5319 2052 5387 comprehendisse

554 5538 572 5569 ¹
604 5539 621 5591 1
660 5539 788 5594 Cor.
827 5557 900 5605 ιν,
937 5544 1022 5598 15.
1171 5545 1190 5575 ²
1227 5543 1416 5598 Matth.
1465 5561 1611 5608 τινι,
1647 5545 1733 5601 19.

533 5610 601 5680 ιζ
681 5611 700 5639 "
755 5609 910 5666 Joan.
965 5629 1052 5678 vr,
1093 5615 1178 5671 70.
1293 5617 1312 5647 ⁸
1345 5611 1502 5669 Joau.
1561 5633 1694 5680 vux,
1746 5619 1833 5674 Η.

485 5629 552 5660 «η

485 5679 530 5713 ⁸³
561 5675 619 5732 F.
661 5680 792 5743 υἱός.

1846 5549 1864 5580 ³
1903 5549 2031 5603 ibid.
2072 5551 2160 5604 50.

1947 5623 1966 5652 ’³
2025 5621 2180 5674 Joan.
2245 5636 2334 5684 vr,
2401 5619 2488 5670 2‘2.

2155 4497 2303 4553 αὐτὸ
2340 4497 2412 4550 οὐ
2445 4495 2792 4550 κατέλαϐεν.
2820 4495 2975 4559 Ὅτι,
3025 4494 3209 4564 φησιν,
3250 4493 3438 4546 ἐδίωκε
3469 4493 3531 4546 τὸ
3583 4493 3728 4563 φῶς,

2155 4589 2232 4653 ὡς
2283 4588 2391 4642 τῶν
2430 4587 2682 4659 πονηρῶν
2748 4588 3022 4658 ἀρχόντων
3065 4587 3366 4640 διωκόντων
3431 4588 3525 4641 καὶ
3569 4587 3730 4641 πολε-

2161 4681 2402 4753 μούντων
2444 4679 2541 4752 τὴν
2573 4679 2820 4751 θεότητα.
2857 4680 2920 4732 El
2966 4680 3024 4733 δὲ
3069 4678 3470 4749 πολεμούμενον
3509 4679 3570 4732 τὸ
3617 4679 3730 4749 φῶς

2157 4771 2412 4826 διώκεται
2446 4770 2551 4824 ὑπὸ
2597 4770 2689 4823 τοῦ
2742 4768 2996 4832 σκότους,
3043 4767 3152 4839 ἄρα
3204 4767 3570 4839 δυνατώτερόν
3615 4771 3730 4822 ἐστι

2156 4863 2252 4918 τοῦ
2304 4863 2481 4932 φωτὸς
2528 4863 2589 4915 τὸ
2641 4861 2864 4923 σκότος·
2931 4859 3117 4927 ἐπειδὴ
3174 4858 3559 4928 ἀποδιδράσκει
3623 4859 3730 4914 ἀπὸ

2157 4953 2446 5025 προσώπου
2478 4953 2570 5006 τοῦ
2617 4953 2871 5015 σκότους,
2914 4950 3007 5004 καὶ
3056 4951 3154 5021 οὐχ
3207 4951 3496 5020 ὑφίσταται
3541 4951 3729 5022 στῆναι

2159 5045 2528 5116 ἰνδαλλόμενον
2571 5043 2659 5097 διὰ
2687 5043 2747 5097 τὸ
2790 5041 3159 5113 δυνατώτερον
3201 5043 3408 5104 σκότος.
3459 5041 3597 5094 Ἀλλ’
3633 5044 3730 5112 οὐχ

2155 5137 2327 5202 οὕτως
2359 5136 2492 5207 ἔχει.
2540 5135 2674 5190 Οὐδὲ
2707 5134 2814 5205 γὰρ
2845 5133 2906 5187 τὸ
2937 5132 3052 5201 φῶς
3100 5134 3290 5204 φεύγει
3339 5133 3730 5206 ἀπέμπροσθει

2154 5231 2246 5284 τοῦ
2293 5230 2543 5292 σκότους,
2579 5227 2738 5282 ἀλλὰ
2771 5224 2837 5280 τὸ
2870 5225 2996 5296 φῶς
3036 5227 3104 5279 ἐν
3136 5225 3213 5294 τῇ
3251 5226 3465 5292 σκοτίᾳ
3498 5225 3730 5294 φαίνει,

2155 5322 2254 5376 καί
2289 5323 2327 5391 ἠ
2375 5319 2592 5375 σκοτία
2629 5319 2773 5372 αὐτὸ
2815 5320 2887 5373 οὺ
2941 5318 3289 5372 κατέλαϐεν.
3336 5317 3399 5370 Ei
3445 5316 3502 5371 δέ
3541 5317 3728 5371 σκοτία

3349 5543 3369 5572 ⁶
3394 5540 3552 5594 Joan.
3607 5553 3724 5598 vui,

2275 5553 2295 5580 ⁸
2327 5549 2460 5604 Gen.
2520 5564 2590 5610 tv,
2634 5545 2685 5598 9.
2797 5546 2818 5576 ⁵
2848 5543 2981 5598 Gen.
3043 5561 3122 5604 m,
3167 5543 3219 5598 5.
3349 5543 3552 5594 ‘Joan.
3607 5553 3700 5590 vui

2285 5636 2334 5666 ι-
2401 5619 2488 5666 22.
2624 5617 2664 5647 ιθ
2726 5615 2886 5666 llcbr.
2943 5631 3052 5666 vn.
3121 5613 3200 5666 1-1.
3319 5611 3533 5666 “Joan.
3575 5625 3630 5666 ι.
3669 5606 3706 5664 5

3517 5645 3723 5674 Ol’v.

2624 5617 2664 5647 ιθ
2726 5615 2886 5670 llcbr.
2943 5631 3052 5676 vn,
3121 5613 3200 5666 1-1.
