4008 6240
335 307 443 361 (9.9

1007 301 1377 361 ADVERSUS
1415 303 1758 361 lleltESES
1801 305 1926 360 LIB.
1969 303 2032 362 ll.
2073 305 2238 361 TOM.
2281 308 2707 366 ll.—ll./ERES.
2749 313 2930 369 LXVI.

3507 323 3608 379 Γἱο

330 425 393 478 οὐ
430 421 696 477 κατέλαϐε
730 422 792 476 τὺ
833 423 979 494 φῶς,
1028 426 1161 479 πολὺ
1210 426 1369 481 τοῦτο
1419 427 1722 482 διαλλάττει
1771 446 1893 501 παρα

1996 485 1997 488 η
2027 429 2283 486 tenebras
2328 438 2537 495 narrat,
2571 433 2665 487 sed
2702 443 2756 488 et
2781 433 2919 489 lucis
2955 443 3287 490 armaturam
3332 441 3600 508 l'aptliSst‘.

329 516 424 570 τὸν
465 515 590 570 νοῦν
616 515 709 570 τοῦ
744 516 925 588 Μάνη,
967 515 1060 570 τοῦ
1095 518 1364 587 λέγοντος,
1393 519 1476 572 ὅτι
1503 519 1564 573 οὐ
1597 519 1758 590 μόνον
1788 537 1919 573 κατ-

328 606 575 677 είληφεν,
626 605 762 660 ἀλλὰ
809 608 903 662 καὶ
966 609 1271 664 πανοπλίαν
1329 610 1461 682 παρ’
1507 610 1672 665 αὐτοῦ
1727 612 1917 683 ἀφήρ-

327 713 498 751 πασε.
545 697 670 760 Πῶς
711 699 892 752 τοίνυν
926 701 1056 769 παρ’
1086 699 1236 772 αὐτῷ
1269 701 1772 773 καταγγελλόμενον
1813 705 1914 775 ήρο

257 778 310 864 π’
327 788 566 842 πακέναι
587 789 888 843 πανοπλίαν
904 789 1010 843 οὐδ’
1029 790 1165 854 ὅλως
1181 791 1448 845 κατέλαϐε
1463 792 1524 845 τὸ
1546 794 1660 863 φῶς
1679 810 1694 860 ;
1717 792 1839 857 Πῶς
1858 794 1915 847 δὲ

257 867 262 870 ’
325 880 445 948 φῶς
473 879 802 950 διωκόμενον
824 881 1276 954 αὐτοπροαιρὲσει
1298 882 1478 952 φαίνει
1504 886 1561 937 ὲν
1589 884 1666 956 τῷ
1696 885 1911 952 σκότεις

335 971 477 1026 Ἀλλ’
508 971 695 1042 ἐπειδὴ
737 972 1115 1042 ὲσκοτισμέναι
1152 970 1293 1046 ἦσαν
1331 975 1388 1028 αἱ
1427 975 1653 1030 διάνοιαι
1683 976 1791 1030 τῶν
1821 978 1913 1032 ἀν·-

322 1063 561 1135 θρώτεων
593 1062 682 1117 διὰ
707 1063 805 1135 τὴν
847 1063 1074 1120 θόλωσιν
1114 1068 1212 1137 τῆς
1245 1067 1555 1139 ἁμαρτίας,
1594 1070 1911 1125 ἀπέστειλεν

320 1154 352 1204 ὀ
385 1151 520 1216 Θεὸς
572 1153 788 1225 πρῶτον
831 1153 921 1207 τὸν
973 1155 1155 1226 νόμον,
1203 1157 1454 1226 φωτίζων
1500 1159 1576 1223 ὡς
1623 1162 1682 1215 ἐν
1729 1161 1910 1233 λύχνῳ

321 1243 753 1314 παραφαίνοντι·
788 1245 864 1308 ὥς
900 1264 1065 1318 φησιν
1119 1249 1324 1321 Πέτρος
1374 1252 1432 1304 ὲν
1477 1255 1543 1324 τῇ
1581 1253 1904 1326 Ἑπιστολῇ⁹

317 1337 737 1407 Προσέχοντες
793 1339 875 1404 τῷ
928 1341 1272 1409 προφητικῷ
1325 1345 1508 1414 λόγῳ,
1560 1347 1642 1412 ὡς
1701 1349 1909 1418 λύχνῳ

317 1430 597 1497 φαίνοντι
636 1430 709 1484 ἐν
739 1430 1024 1500 αὐχμηρῷ
1053 1433 1232 1498 τόπῳ,
1276 1434 1388 1502 ἕως
1421 1439 1740 1506 φωσφόρος
1771 1441 1909 1494 dum

317 1521 523 1589 τείλη,
576 1521 675 1575 καί
722 1522 910 1592 ἡμέρα
962 1526 1317 1598 καταυγάσῃ
1351 1526 1423 1579 ἐν
1468 1527 1598 1592 ταῖς
1634 1529 1906 1598 καρδίαις

318 1610 506 1678 ὑμῶν.
544 1609 784 1666 Ἐκεῖθεν
830 1613 940 1684 γὰρ
973 1613 1035 1667 τὸ
1069 1614 1184 1683 φῶς
1221 1617 1280 1669 ἐν
1311 1615 1390 1688 τῷ
1417 1618 1598 1671 σκότει
1641 1619 1840 1688 φαίνει,
1875 1624 1905 1674 ὁ

317 1701 484 1772 νόμος
509 1703 686 1766 δοθεὶς
727 1705 786 1757 ὲν
827 1705 969 1776 χειρὶ
1009 1706 1232 1776 μεσίτου
1262 1707 1350 1762 διὰ
1388 1709 1483 1763 τοῦ
1515 1710 1708 1763 πιστοῦ
1741 1711 1902 1783 θερά-

2026 518 2313 586 Quomodo
2359 522 2526 593 igitur
2567 539 2692 592 quae
2726 533 3061 579 armaturam
3107 527 3354 596 rapuisse
3409 531 3603 599 ιιι-ιε(ιὶ-

2024 617 2244 674 cantur,
2300 611 2478 667 lucem
2540 613 3001 683 comprehendere
3050 617 3201 671 nullo
3229 617 3391 672 modo
3411 629 3603 688 potue-

2022 695 2196 749 runt?
2224 695 2474 763 Quonam
2497 699 2695 754 deinde
2716 707 2876 770 pacto
2902 701 3085 773 fugata
3112 705 3206 759 lux
3235 721 3334 760 sua
3367 707 3421 761 in
3452 717 3603 763 tene-

2021 786 2136 841 bris
2189 796 2382 859 sponte
2432 791 2794 860 resplendet?
2831 792 2977 863 Ergo
3023 795 3100 849 ita
3143 813 3209 852 ex
3247 797 3324 852 rei
3372 799 3602 856 veritate

2020 886 2195 933 totum
2244 879 2374 935 illud
2413 883 2792 952 accipiendum
2818 891 2924 940 est.
2956 885 3092 940 Cum
3127 891 3338 957 peccati
3367 892 3600 962 caligine

2019 967 2308 1023 obcaecalae
2334 979 2544 1026 mentes
2567 971 2854 1027 hominum
2874 972 3073 1038 forent,
3099 976 3370 1047 principio
3400 979 3481 1035 lex
3515 989 3599 1036 est

2015 1071 2046 1111 a
2069 1055 2176 1113 Deo
2194 1058 2385 1122 missa,
2400 1076 2525 1130 qua,
2544 1063 2688 1118 velut
2709 1064 2924 1120 sublata
2948 1065 3194 1129 lucerna,
3215 1069 3592 1126 eollustraret:

2016 1149 2164 1217 quod
2205 1149 2262 1204 in
2307 1149 2554 1220 Epistula
2599 1171 2697 1210 sua
2738 1154 2937 1211 Petrus
2988 1157 3198 1213 indicat
3246 1160 3331 1214 his
3366 1163 3588 1221 verbis:

2015 1241 2349 1296 Attendentes
2398 1246 2703 1315 prophetico
2749 1251 3004 1313 sermoni,
3059 1259 3313 1320 tanquam
3371 1253 3596 1307 lucerna:

2017 1331 2209 1385 lucenti
2236 1333 2290 1386 in
2326 1335 2617 1406 caliginoso
2643 1338 2777 1402 loco,
2821 1339 2984 1393 donec
3021 1338 3239 1410 Lucifer
3273 1343 3508 1406 oriatur,
3543 1353 3594 1397 et

2013 1422 2125 1476 dies
2151 1424 2423 1480 illucescat
2463 1429 2516 1481 in
2554 1429 2799 1483 cordibus
2847 1432 3030 1486 vestris
3060 1432 3097 1485 ί.
3149 1433 3306 1488 ΙΙΙῙηε
3337 1451 3468 1505 ergo
3499 1438 3592 1490 lux

2014 1514 2343 1574 intenebris
2387 1519 2568 1576 lucet:
2595 1521 2852 1577 nimirum
2899 1525 3003 1591 lex,
3050 1543 3172 1597 quae
3200 1544 3298 1598 per
3321 1528 3590 1599 interpre-

2011 1613 2119 1661 tcm
2159 1623 2223 1662 ac
2262 1619 2625 1679 sequestrem,
2672 1612 2776 1668 hoc
2821 1622 2907 1670 est
2957 1616 3168 1672 ﬁdelem
3233 1617 3324 1673 Dei
3366 1635 3587 1675 servum

2011 1696 2274 1770 Moysen],
2310 1711 2395 1758 est
2435 1707 2773 1776 prtescripta.
2824 1709 2900 1762 Ac
2949 1711 3325 1780 superioribus
3369 1713 3587 1782 quidem

316 1807 514 1856 ποντος
545 1791 641 1846 τοῦ
677 1793 813 1848 Θεοῦ
860 1796 1159 1860 Μωῢσέως.
1189 1797 1290 1851 Διὰ
1339 1799 1517 1865 τοῦτο,
1564 1801 1750 1874 ἐπειδὴ
1797 1804 1893 1858 ἀπὶ

2007 1787 2350 1855 temporibus
2410 1791 2504 1844 lux
2559 1794 2736 1862 primo
2790 1797 3036 1865 quaedam
3089 1799 3144 1853 in
3192 1808 3399 1856 natura:
3445 1803 3585 1872 lege,

312 1881 424 1934 τῶν
475 1883 743 1939 ἀνέκαθεν
804 1886 1019 1958 πρῶτον
1067 1883 1134 1960 ἦν
1185 1889 1246 1942 τὸ
1288 1889 1404 1960 φῶς
1456 1894 1665 1961 φαῖνον,
1716 1894 1903 1967 ὥσπερ

312 1976 554 2048 σπινθὴρ
589 1978 648 2030 ὲν
676 1977 753 2048 τῷ
785 1978 935 2051 νόμῳ
982 1980 1060 2050 τῷ
1109 1982 1251 2036 κατά
1300 1983 1480 2051 φύσιν,
1507 1983 1536 2037 ὃ
1569 1985 1904 2057 θεασάμενος

323 2064 498 2136 Ἐνὼχ
557 2067 892 2138 εὐηρέστησε
946 2069 1023 2140 τῷ
1070 2071 1292 2144 Κυρίῳο
1345 2073 1412 2126 δι’
1457 2066 1519 2126 οὗ
1567 2076 1902 2148 καθοδηγού-

314 2173 478 2224 μενος
508 2157 537 2210 ὁ
579 2157 745 2211 ’Ἅϐελ
797 2159 1133 2232 εὐηρὲστησε
1182 2162 1260 2233 τῷ
1305 2164 1523 2236 Κυρίῳο
1556 2165 1623 2218 δι’
1664 2161 1726 2220 οὗ
1773 2153 1900 2237 εὗρε

307 2248 434 2302 Νῶε
465 2251 626 2321 χάριν
668 2248 899 2305 ἐνώπιον
931 2251 1027 2304 τοῦ
1066 2251 1202 2307 Θεοῦ
1233 2257 1575 2329 κατανοήσας
1612 2257 1710 2328 τὴν
1746 2257 1863 2312 ὀδόν
1883 2275 1898 2288 ·

307 2341 374 2394 δι’
401 2336 464 2396 οῦ
505 2341 750 2412 Ἀϐραὰμ
782 2343 1108 2418 ἐπίστευσε
1156 2344 1236 2410 τῷ
1286 2346 1426 2413 Θεῷ,
1462 2348 1559 2402 καί
1609 2349 1897 2420 ἐλογίσθη

307 2430 470 2497 αὐτῷ
501 2435 590 2498 είς
622 2433 1034 2503 δικαιοσύνην.
1066 2429 1204 2490 Εἶτα
1243 2439 1510 2510 παρελθὸν
1540 2441 1600 2495 τὸ
1640 2441 1756 2511 φῶς
1789 2443 1898 2496 ἀπὸ

309 2523 752 2594 σπινθηροειδοῦς
780 2525 984 2600 τρόπου
1031 2525 1327 2597 προσέθετο
1353 2529 1666 2602 φαιδρότητι
1700 2531 1896 2603 λύχνου

307 2617 570 2684 φανέντος
599 2619 656 2670 ὲν
683 2623 954 2693 αὐχμηρῷ
989 2620 1175 2692 τόπῳ⁸
1209 2623 1456 2676 τουτέστι
1483 2622 1546 2677 τὸ
1587 2624 1702 2693 φῶς
1740 2626 1797 2679 ὲν
1828 2627 1894 2696 τῇ

309 2709 502 2779 σκοτίᾳ⁴
532 2709 744 2779 φαίνει,
776 2712 810 2782 ἡ
841 2713 1029 2784 ἐντολὴ
1076 2713 1170 2768 τοῦ
1210 2713 1367 2780 Θεοῦ,
1415 2716 1507 2768 καὶ
1539 2718 1571 2787 ἡ
1609 2717 1751 2770 κατὰ
1796 2717 1894 2790 τὴν

307 2799 622 2871 ἆγαθότητα
670 2802 906 2868 διάνοια,
955 2805 1268 2874 φωτίζουσα
1319 2807 1379 2859 ὲν
1411 2807 1610 2879 καρδίᾳ
1660 2808 1892 2875 πιστῶν,

307 2891 585 2962 ἀναμέσον
615 2893 716 2964 τῆς
744 2894 1119 2968 τεθολωμένης
1163 2897 1399 2962 διανοίας
1429 2899 1536 2952 τῶν
1567 2901 1624 2953 ὲν
1653 2903 1765 2963 τοῖς
1797 2901 1890 2955 ἀν-

307 2981 547 3052 θρώποις
588 2984 888 3052 γεγονότων
919 2986 1139 3055 φαύλων
1165 2989 1259 3041 καὶ
1298 2988 1485 3042 κακῶν
1524 2989 1889 3059 πραγμάτων,

306 3073 748 3147 είδωλολατρείας
789 3094 848 3130 τε
886 3079 981 3133 καὶ
1023 3080 1462 3151 ὲπαρνησιθεῖας,
1493 3080 1666 3149 φόνων
1694 3099 1753 3134 τε
1797 3082 1890 3135 καὶ

309 3167 590 3236 μοιχείας,
634 3167 728 3221 καὶ
770 3168 881 3222 τῶν
926 3169 1121 3225 ἄλλων.
1154 3171 1276 3225 Ὀτι
1320 3171 1376 3225 δὲ
1422 3167 1585 3244 ἦλθεν
1629 3175 1658 3226 ὁ
1713 3174 1885 3245 μέγας

306 3255 551 3328 φωστὴρ,
595 3257 664 3311 τὸ
714 3256 842 3327 φῶς
883 3258 951 3312 τὸ
1002 3260 1314 3329 ἀληθινὸν,
1345 3261 1376 3316 ὃ
1423 3263 1651 3332 φωτίζει
1689 3265 1886 3319 πάντα

305 3347 622 3415 ἄνθρωπον
685 3349 1014 3420 ἐρχόμενον
1056 3353 1147 3418 εὶς
1198 3353 1306 3406 τὸν
1359 3356 1612 3429 κόσμοντ
1661 3356 1757 3409 Ἐν
1805 3355 1886 3421 τῷ

303 3439 511 3506 κόσμῳ
542 3433 641 3508 ἦν,
689 3441 788 3494 καὶ
821 3443 854 3495 ό
885 3444 1115 3512 κόσμος
1163 3444 1238 3499 δι’
1269 3446 1452 3500 αὑτοῦ
1489 3447 1745 3515 ἐγένετο,
1785 3448 1884 3502 καὶ

305 3532 338 3582 ό
369 3531 598 3599 κόσμος
621 3532 810 3586 αὐτὸν
847 3536 958 3588 οὐκ
987 3536 1162 3605 ἔγνω.
1205 3536 1258 3588 Ὁ
1287 3539 1375 3603 είς
1405 3537 1478 3592 τὰ
1516 3537 1637 3592 ἴδια
1669 3538 1884 3605 ἐλθὼν,

303 3620 402 3674 καί
443 3622 682 3695 οίῖδιοι
725 3626 914 3679 αὐτὸν
943 3627 1014 3680 οὐ
1046 3625 1406 3696 παρέλαϐον.
1439 3629 1603 3683 Ὅσοι
1647 3630 1715 3682 δὲ
1749 3631 1888 3684 ἔλα-

304 3714 412 3765 ϐον
439 3715 648 3780 αὐτὸν,
675 3715 902 3770 ἔδωκεν
947 3718 1153 3784 αὐτοῖς
1185 3720 1476 3784 ἐξουσίαν
1510 3723 1692 3775 τέκνα
1737 3721 1886 3776 Θεοῦ

303 3805 605 3875 γενέσθαι,
649 3807 757 3861 Καὶ
788 3810 919 3881 ὁρᾷς
963 3809 1119 3863 τοῦτο
1147 3810 1207 3864 τὸ
1254 3813 1369 3880 φῶς
1415 3814 1472 3865 ὲν
1518 3813 1648 3884 ποίᾳ
1697 3813 1886 3886 σκοτίᾳ

303 3897 506 3966 φαίνει,
549 3899 642 3952 καὶ
676 3901 804 3954 ποία
839 3902 1054 3956 σκοτία
1083 3903 1212 3957 αὐτὸ
1241 3906 1313 3958 οὐ
1363 3904 1729 3969 nacti-laser;
1767 3908 1884 3962 ’Ὁτι

303 3989 365 4042 τὸ
416 3990 621 4058 ἀγαθὸν
669 3993 756 4046 ἀεὶ
804 3992 957 4065 παρὰ
1008 3993 1144 4047 Θεοῦ
1200 3995 1552 4066 πεμπόμενον
1583 3999 1648 4068 τῇ
1680 3997 1885 4070 διανοίᾳ

299 4085 410 4139 τῶν
439 4085 761 4158 ἀνθρώπων,
808 4089 904 4141 καὶ
932 4088 1166 4158 φωτίζον
1211 4089 1268 4144 ὲν
1300 4088 1379 4160 τῷ
1411 4089 1622 4161 κόσμῳ,
1652 4091 1756 4144 ὑπὸ
1785 4091 1885 4162 τῆς

304 4176 578 4248 ἁμαρτίας
604 4178 702 4250 οὐχ
730 4180 980 4252 ἥττηται.

371 4270 492 4324 EE’.
534 4270 608 4324 Τὸ
653 4271 838 4342 ὅμοιον
875 4273 933 4326 δὲ
968 4273 1134 4329 πάλιν
1175 4275 1603 4347 ἐπιλαμϐάνεται
1646 4277 1674 4329 ὁ
1719 4274 1883 4341 αὐτὸς

299 4362 496 4434 Μάνης
525 4361 634 4416 ἀπὸ
659 4363 752 4417 τοῦ
781 4365 871 4419 τὸν
895 4365 1123 4437 Σωτῆρα
1145 4366 1442 4436 εἰρηκέναι·
1479 4367 1683 4436 Ὁμοία
1712 4366 1884 4421 ἐστὶν

2003 1878 2260 1934 scintillae
2323 1881 2536 1952 instar,
2587 1885 2887 1942 all'ulserat.
2948 1887 3118 1955 Quam
3189 1894 3586 1962 contemplatus

2003 1967 2188 2023 Enoch
2234 1973 2435 2042 placuit
2464 1973 2605 2042 Deo;
2652 1993 2750 2047 per
2781 1995 2942 2048 quam
2979 1981 3244 2038 deductus
3292 1984 3426 2038 Abel
3459 2001 3586 2054 per-

2004 2058 2133 2114 inde
2183 2078 2243 2116 se
2295 2063 2527 2121 Domino
2565 2069 2850 2138 probavit;
2891 2087 2986 2141 per
3021 2088 3183 2142 quam
3235 2074 3320 2129 via
3369 2077 3584 2146 cognita

1999 2147 2114 2205 Noe
2147 2153 2291 2222 apud
2339 2153 2506 2210 Deum
2548 2161 2825 2228 gratiosus
2861 2164 3110 2218 exstitit:
3141 2181 3237 2235 per
3273 2181 3436 2236 quam
3472 2185 3585 2220 cre—

1998 2241 2137 2296 didit
2201 2245 2471 2301 Abraham
2523 2249 2630 2304 Deo
2683 2263 2732 2306 et
2785 2262 3083 2321 reputatum
3124 2267 3201 2310 est
3242 2261 3290 2312 ei
3325 2258 3395 2312 ad
3423 2258 3587 2328 justi-

2000 2333 2129 2386 tiam
2163 2335 2202 2386 ².
2237 2334 2442 2394 Deinde
2472 2340 2540 2394 ab
2569 2341 2669 2395 hac
2694 2345 2842 2398 tenui
2878 2347 3110 2400 scintilla
3142 2349 3400 2416 paulatim
3429 2350 3581 2404 exci-

1996 2430 2109 2486 tata
2171 2425 2262 2480 lux
2318 2427 2386 2481 ad
2444 2432 2681 2486 lucernae
2722 2433 2777 2487 in
2823 2435 3122 2506 caliginoso
3174 2437 3294 2491 loco
3349 2438 3582 2494 lucentis

1997 2517 2346 2587 splendorem
2389 2524 2652 2578 excrevit.
2706 2523 2891 2596 anue
2929 2526 3046 2596 ipsa
3092 2529 3184 2582 lux
3224 2538 3329 2594 est,
3372 2547 3493 2600 qua:
3522 2532 3577 2586 in

1996 2611 2238 2668 tenebris
2283 2613 2429 2670 lucet
2458 2614 2479 2646 ³
2505 2657 2522 2682 ,
2569 2615 2673 2670 hoc
2711 2626 2794 2672 est
2837 2619 3154 2673 mandatum
3187 2619 3302 2686 Dei,
3337 2631 3388 2676 et
3411 2623 3578 2676 animi

1995 2713 2425 2760 consentaneum
2459 2720 2584 2761 cum
2618 2707 2860 2764 bonitate
2900 2712 3214 2780 consilium,
3255 2715 3401 2784 quod
3451 2716 3577 2769 inti-

1995 2796 2197 2852 delium
2253 2800 2567 2868 pectoribus
2611 2801 2666 2856 in
2712 2803 2892 2858 medio
2946 2804 3261 2874 caliginosae
3309 2807 3576 2862 malorum

1994 2886 2406 2959 scelerumque,
2458 2907 2580 2961 qum
2629 2892 2682 2945 in
2725 2892 2966 2948 humano
3013 2910 3210 2964 genere
3258 2903 3570 2959 versantur,

1995 2979 2348 3050 cogitationis
2399 2982 2576 3038 illuxit
2621 3002 2634 3036 :
2684 2984 2996 3054 cujusmodi
3051 2995 3180 3040 sunt
3226 2986 3572 3051 idololatria,

1995 3068 2088 3123 Dei
2138 3070 2451 3142 abnegatio,
2491 3072 2691 3138 czedcs,
2744 3073 3029 3139 adulteria,
3054 3081 3106 3127 et
3147 3073 3200 3128 id
3236 3090 3407 3144 genus
3437 3071 3566 3130 alii.

2498 3123 2691 3138 ---πη
2747 3123 3029 3139 τ--η-η--κ,
3059 3123 3104 3127 ν-
3236 3123 3406 3144 οπο-η
3439 3123 3465 3128 -
3531 3123 3566 3130 κ-

1917 3123 1963 3186 c
1992 3158 2122 3216 Post
2171 3161 2284 3217 [nec
2329 3163 2511 3217 omnia
2547 3179 2804 3235 magnum
2849 3164 2981 3218 illud
3026 3164 3292 3218 luminare
3348 3163 3571 3234 produt,

1988 3269 2109 3308 vera
2151 3253 2265 3318 lux,
2308 3253 2538 3320 scilicet,
2572 3270 2690 3324 qute
2743 3254 3010 3308 illuminat
3067 3253 3326 3306 hominem
3369 3255 3574 3308 venien-

1989 3355 2090 3419 tem
2139 3347 2194 3399 in
2241 3345 2516 3399 mundum.
2553 3345 2620 3400 In
2668 3346 2861 3400 mundo
2909 3357 3046 3412 erat,
3090 3357 3140 3401 et
3197 3347 3422 3401 mundus
3481 3363 3575 3416 per

1985 3438 2161 3506 ipsum
2209 3437 2384 3507 {actus
2431 3448 2541 3502 est,
2591 3446 2641 3493 et
2683 3438 2908 3493 mundus
2961 3455 3078 3493 eum
3136 3456 3238 3493 non
3295 3443 3572 3510 cognovit:

1986 3531 2042 3584 in
2083 3532 2301 3600 propria
2362 3532 2540 3598 venit,
2596 3541 2646 3586 et
2711 3531 2880 3602 679
2947 3533 3031 3586 sui
3091 3549 3209 3585 eum
3272 3549 3375 3586 non
3434 3549 3599 3609 γει-εο-

1985 3630 2193 3692 perunt.
2241 3622 2508 3694 Quotquot
2545 3635 2719 3678 autem
2759 3633 3062 3691 receperunt
3108 3625 3283 3688 illum,
3327 3623 3466 3678 dedit
3495 3625 3571 3677 eis

1984 3723 2297 3784 potestatem
2325 3715 2467 3785 ﬁlios
2498 3715 2598 3770 Dei
2622 3716 2740 3784 ﬁeri
2764 3715 2806 3768 ‘.
2839 3713 3075 3770 Videsne
3103 3715 3302 3784 quibus
3337 3716 3390 3769 in
3421 3723 3570 3770 tene-

1986 3806 2100 3861 bris
2126 3807 2218 3861 lux
2242 3805 2346 3861 ista
2375 3806 2758 3878 re5plendeat?
2806 3815 2899 3860 aut
2946 3821 3192 3876 quamam
3241 3807 3389 3860 illam
3427 3817 3568 3860 tene-

1986 3913 2094 3967 brat
2147 3929 2250 3967 non
2309 3913 2852 3981 comprehenderunt?
2898 3912 3166 3968 Nimirum
3208 3913 3353 3982 quod
3395 3929 3424 3967 a
3459 3913 3568 3968 Deo

1985 4001 2187 4057 bonum
2226 4004 2500 4058 mentibus
2527 4003 2782 4058 humanis
2823 4004 3157 4069 immittitur,
3189 4012 3242 4059 et
3269 4004 3321 4058 in
3362 4005 3569 4058 mundo

1984 4093 2152 4161 lucet,
2187 4110 2218 4149 a
2256 4103 2484 4164 peccato
2510 4095 2732 4149 minime
2760 4103 3073 4166 superatur.

2055 4271 2212 4327 LXV.
2245 4270 2351 4327 Sed
2383 4271 2449 4327 ad
2491 4272 2634 4326 illam
2681 4269 2980 4326 Salvatoris
3016 4285 3202 4325 vocem
3234 4269 3563 4328 Manichacus

1983 4367 2344 4431 adhaerescit,
2398 4381 2524 4420 cum
2569 4366 2659 4420 ille
2706 4365 2845 4420 dixit
2875 4365 2932 4418 ἐ
2989 4363 3174 4419 Simile
3223 4375 3301 4419 est
3348 4381 3563 4435 regnum

298 4453 341 4522 ἡ
367 4454 663 4518 ,ϐασιλεία
686 4454 806 4510 τῶν
838 4457 1115 4525 οὐρανῶν
1145 4457 1433 4528 ἀνθρώπῳ
1457 4457 1877 4525 οἰκοδεσπότῃ,

1996 4458 2231 4512 :azlorum
2252 4455 2451 4509 homini
2480 4456 2866 4525 patrifamilias
2890 4457 2980 4525 qui
3006 4456 3286 4510 seminavit
3327 4456 3380 4509 in
3434 4472 3566 4526 agro

299 4552 368 4610 ὃς
393 4546 638 4614 ἔσπειρε
674 4547 783 4602 τὸν
808 4548 994 4616 ἀγρὸν
1029 4549 1216 4604 αὐτοῦ
1247 4551 1440 4604 καλὸν
1473 4550 1730 4619 σπέρμα.
1771 4549 1882 4604 Καὶ

298 4635 716 4691 καθευδόντων
760 4635 880 4691 τῶν
915 4639 1263 4707 ἀνθρώπων,
1314 4639 1529 4708 ἐχθρὸς
1573 4638 1884 4706 ἅνθρωπος

296 4725 448 4799 ἦλθε
469 4771 485 4796 ,
516 4729 618 4784 καὶ
660 4728 903 4799 ἔσπειρε
945 4729 1182 4790 ζιζάνια.
1230 4727 1378 4785 Εἶτα
1409 4731 1699 4802 λέγουσιν
1721 4728 1882 4796 αὐτῷ

298 4822 352 4875 οί
393 4818 604 4875 δοῦλοι
648 4820 866 4874 αὐτοῦ·
919 4821 1068 4891 Οὐχὶ
1105 4820 1298 4876 καλὸν
1330 4821 1567 4890 σπέρμα
1598 4822 1882 4889 ἔσπειρας

297 4915 366 4969 ἂν
395 4912 480 4980 τῷ
507 4911 704 4983 άτρῷ;
749 4912 812 4967 '0
849 4911 917 4966 δὲ
944 4912 1081 4982 ἔφη·
1111 4913 1242 4966 Ναί.
1270 4912 1462 4967 Πόθεν
1500 4907 1612 4966 οὖν
1638 4913 1708 4966 τὰ
1737 4911 1880 4973 (“fd-

295 5022 432 5071 rta;
469 5005 522 5058 '0
552 5003 620 5058 δὲ
647 5004 1125 5073 ἀποκρινάμενος
1151 5000 1341 5058 εἶπεν·
1383 5003 1628 5073 Ἐχθρὸς
1658 5003 1883 5071 ἅνθρω-

298 5115 410 5165 πος
447 5097 627 5152 τοῦτο
663 5097 974 5166 ἐποίησεν.
1026 5100 1091 5152 Ol
1125 5097 1193 5151 δὲ
1240 5096 1451 5152 δοῦλοι
1495 5098 1646 5164 πρὸς
1695 5097 1882 5150 αὐτὸν

299 5193 500 5246 εἷπον
558 5191 766 5258 Θέλεις
809 5186 924 5245 οὖν
958 5191 1328 5256 ἀπελθόντες
1367 5186 1774 5257 ἐκριζώσωμεν
1809 5188 1884 5242 τὰ

301 5281 559 5350 ἂζὰνια;
616 5283 680 5336 '0
727 5283 796 5337 δὲ
837 5282 988 5350 πρὸς
1035 5281 1258 5347 αὐτοὺς
1310 5281 1461 5350 ἔφη’
1505 5279 1623 5333 Οὔ·
1668 5277 1884 5348 μήπως

297 5374 668 5443 ἐκριζοῦντες
695 5375 768 5428 τὰ
798 5373 1012 5435 ζιζάνια
1036 5372 1389 5443 ἐκριζώσητε
1418 5371 1518 5427 καὶ
1549 5371 1657 5425 τὸν
1683 5370 1876 5428 σῖτον.

313 5470 464 5522 Ἀλλ’
490 5468 670 5537 ἄφετε
698 5469 810 5535 ἕως
853 5468 1064 5536 καιροῦ
1110 5467 1218 5522 τοῦ
1265 5465 1573 5535 θερισμοῦ,
1616 5465 1715 5520 καί
1764 5462 1878 5533 ἐρῶ

301 5558 422 5622 τοῖς
452 5557 785 5626 θερισταῖς·
841 5556 1188 5622 Συλλέξατε
1221 5555 1295 5610 τὰ
1339 5553 1584 5620 (talaria,
1626 5554 1728 5608 καί
1771 5552 1876 5620 δή·

379 5734 395 5766 ⁸
431 5733 470 5788 ιι
491 5733 639 5790 Petr.
671 5753 709 5799 ι.
741 5738 826 5792 19.
905 5738 924 5766 ’
955 5735 1111 5789 Rom.
1142 5750 1218 5803 tv,
1255 5735 1308 5790 5.
1392 5735 1411 5766 ³
1435 5731 1595 5788 Joan.
1641 5749 1680 5800 ι,
1709 5732 1762 5786 5.

1977 4565 2074 4607 suo
2113 4548 2306 4602 bonum
2355 4562 2549 4602 semen.
2602 4545 2734 4600 Cum
2778 4557 2951 4600 autem
2982 4546 3270 4601 dormirent
3308 4547 3563 4609 homines,

1976 4639 2224 4695 inimicus
2262 4637 2416 4690 homo
2446 4637 2614 4700 venit,
2647 4646 2696 4691 et
2733 4638 3010 4692 seminavit
3039 4639 3277 4692 zizania.
3321 4637 3453 4692 Tum
3488 4641 3566 4692 sic

1976 4734 2024 4786 ei
2053 4731 2188 4785 servi
2229 4729 2392 4783 locuti
2430 4738 2551 4782 sunt
2583 4744 2601 4782 :
2636 4727 2826 4804 Nonne
2862 4732 3054 4783 bonum
3087 4746 3262 4784 semen
3291 4731 3568 4783 seminasti

1977 4824 2033 4876 in
2074 4824 2244 4892 agro?
2277 4819 2388 4890 Ego
2425 4836 2544 4874 vero
2583 4820 2856 4883 seminavi.
2899 4821 3188 4889 respondit.
3227 4819 3373 4875 Unde
3402 4823 3567 4891 igitur

1979 4915 2189 4967 zizania
2215 4915 2240 4967 ?
2264 4912 2540 4977 Inimicus,
2571 4914 2764 4987 inquit,
2787 4911 2942 4967 homo
2963 4913 3059 4966 hoc
3089 4913 3233 4982 fecit.
3260 4912 3360 4967 Cui
3391 4914 3525 4965 servi
3545 4929 3568 4966 :

1997 5008 2108 5073 Vis,
2151 5007 2414 5076 inquiunt,
2451 5022 2655 5070 eamus,
2682 5017 2731 5060 et
2753 5006 3103 5074 exstirpemus
3149 5005 3358 5058 sizania
3382 5006 3406 5056 ἴ)
3434 5003 3559 5068 Qui-

1985 5100 2079 5152 lms
2121 5099 2213 5152 ille
2253 5098 2388 5151 dixit
2411 5113 2431 5152 :
2465 5097 2586 5152 Non
2613 5113 2633 5150 .'
2674 5113 2736 5151 ne
2771 5097 2906 5166 forte
2967 5099 3316 5165 exstirpantes
3351 5096 3564 5148 zizania

1984 5207 2091 5243 una
2138 5200 2184 5242 et
2232 5189 2468 5241 triticum
2525 5189 2849 5256 exstirpetis.
2908 5187 3012 5242 Sed
3070 5187 3226 5241 sinite
3264 5200 3424 5254 usque
3494 5183 3564 5235 ad

1987 5289 2185 5348 tempus
2257 5281 2484 5346 messis,
2546 5290 2595 5334 et
2659 5279 2834 5334 dicam
2895 5278 3210 5334 messoribus
3251 5295 3269 5331 :
3319 5275 3565 5345 Colligite

1990 5371 2228 5430 zizania.
2264 5378 2314 5424 et
2346 5370 2502 5440 ligale
2536 5387 2599 5424 ea
2642 5372 2696 5424 in
2733 5372 3055 5440 fasciculos;
3107 5368 3338 5421 triticum
3387 5379 3563 5421 autem

1986 5462 2248 5517 recondite
2272 5464 2323 5516 in
2353 5463 2563 5529 horreo,
2598 5475 2644 5517 et
2673 5473 2970 5532 pra'parate
3000 5461 3213 5515 zizania
3252 5461 3320 5514 ad
3348 5461 3562 5516 combu-

1984 5553 2203 5608 rendum
2252 5555 2359 5624 igni
2407 5554 2845 5623 inexstinguibi.’i.
2912 5553 3204 5625 Discipulis
3238 5569 3368 5610 vero
3411 5553 3557 5609 domi

1842 5733 1863 5763 ⁸
1899 5731 2006 5786 ibid
2039 5730 2190 5785 9-19..
2271 5732 2498 5787 l’Matth.
2545 5746 2666 5798 λιιι,
2695 5731 2763 5783 24
2794 5747 2914 5802 sqq.
