4008 6240
476 381 567 436 liii

1897 381 1954 435 S.
1997 377 2330 433 El‘l‘PIIANll

3639 383 3749 441 139.

471 500 544 555 ita
586 497 951 569 rogantibus:
995 495 1095 551 Dic
1141 489 1290 551 nobis
1334 496 1647 567 parabolam
1695 497 2043 560 zizaniorum,

2158 509 2307 550 σατε
2344 496 2573 566 δεσμάς
2598 516 2608 527 ·
2644 500 2749 553 τίν
2774 499 2842 552 δὲ
2869 499 3045 554 σῖτον
3072 501 3372 556 ἀπόθεσθε
3397 501 3468 555 ἐν
3496 499 3571 570 τῇ
3594 501 3744 557 ἀπο-

469 589 757 658 explicavit
815 589 920 651 ille,
983 604 1051 642 ne
1110 587 1274 642 ullam
1333 588 1616 658 impostori
1675 589 2052 659 oppugnandas

471 680 719 733 veritatis
751 681 1096 733 occasionem
1139 678 1494 748 relinqueret.
1543 679 1729 744 Quare
1769 678 2053 749 perspicue

473 768 735 822 Dominus
760 768 834 821 ita
863 768 1158 838 respondet
1191 786 1204 822 :
1254 757 1359 833 Qui
1394 768 1604 832 bonum,
1633 768 1841 838 inquit,
1879 773 2051 822 semen

467 863 769 925 seminavit,
816 860 958 913 Deus
981 868 1100 920 est;
1137 875 1261 929 ager
1289 868 1366 912 est
1398 858 1660 922 mundus;
1691 860 1902 913 zizania
1923 860 2052 913 mali

466 952 702 1006 homines
737 960 891 1012 sunt;
922 950 1169 1002 inimicus
1191 949 1344 1004 homo
1367 957 1445 1004 est
1473 941 1750 1015 diabolus;
1773 966 2050 1015 messores,

466 1043 674 1113 angeli;
717 1040 900 1094 messis
944 1040 1092 1107 ipsa,
1124 1041 1510 1094 consummatio
1559 1042 1778 1106 sa’cuti;
1814 1041 2048 1094 triticum

466 1151 648 1204 porro,
686 1133 783 1187 viri
822 1132 964 1186 boni.
1005 1123 1142 1184 Cum
1189 1129 1354 1200 igitur
1391 1128 1655 1186 Dominus
1687 1129 1894 1201 angelis
1933 1132 2050 1187 suis

469 1226 804 1298 praeceperit,
837 1225 892 1278 lii
936 1225 1194 1280 collectos
1226 1225 1280 1277 in
1315 1239 1484 1278 unum
1521 1232 1837 1294 peccatores
1867 1239 1932 1278 ac
1965 1239 2049 1278 re-

468 1336 577 1388 gno
609 1320 870 1372 cmlorum
899 1318 1152 1371 exclusos
1181 1315 1616 1369 concremandos
1651 1315 1882 1369 tradent.
1916 1314 2050 1368 Ani-

472 1411 826 1473 madvertite,
871 1424 1090 1479 quaeso,
1136 1413 1405 1477 quotquot
1441 1408 1576 1462 estis
1620 1407 1868 1463 veritatis
1911 1406 2045 1473 lilii,

470 1518 810 1574 quaecunque
847 1518 1020 1557 novus
1085 1502 1173 1556 ille
1220 1498 1424 1555 Jannes
1483 1515 1548 1554 ac
1580 1499 1832 1554 Jambre‘
1868 1498 2049 1553 dicere

471 1597 799 1668 aggreditur,
830 1601 1020 1648 eontra
1065 1609 1123 1648 se
1162 1593 1340 1663 ipsum
1384 1591 1646 1662 proferre.
1683 1591 1892 1644 Etenim
1923 1606 2046 1643 cum

469 1688 560 1742 ille
589 1687 851 1740 mundum
880 1685 947 1738 ad
981 1683 1147 1738 Deum
1187 1691 1438 1753 spectare
1470 1691 1664 1754 neget,
1698 1693 1887 1737 eontra
1925 1681 2046 1736 Sal-

467 1789 625 1833 vator
656 1780 758 1834 hoc
784 1779 904 1833 loco
943 1785 998 1832 et
1024 1793 1214 1848 agrum
1259 1792 1384 1832 esse
1419 1778 1680 1831 mundmn
1718 1777 2044 1846 interpreta-

2155 582 2334 656 θήκῃ,
2369 588 2466 640 καὶ
2486 590 2839 659 ἑτοιμάσατε
2872 595 2944 649 τὰ
2978 592 3192 654 Catilina
3220 596 3308 660 εἰς
3340 595 3407 648 τὸ
3438 585 3741 664 κατακαῆ-

2155 694 2253 731 ναι
2284 680 2426 746 πυρὶ
2455 681 2752 745 ἀσϐέστῳ.
2797 681 2918 738 Τῶν
2949 685 3004 738 δὲ
3034 685 3293 754 μαθητῶν
3321 686 3484 739 αὑτοῦ
3517 688 3612 740 ἐπὶ
3644 689 3745 758 τῆς

2153 763 2330 833 οἰκίας
2363 769 2627 839 λεγόντων
2654 789 2667 802 ·
2713 769 2861 827 Εἰπὲ
2891 775 3036 844 ἡμῖν
3079 775 3195 842 τὴν
3234 777 3588 845 παραϐολὴν
3623 778 3744 831 τῶν

2153 859 2436 927 ᾇζανίων,
2461 864 2488 915 ό
2503 863 2559 915 δὲ
2579 863 2813 929 ἐπιλύει,
2850 866 2946 918 καὶ
2963 866 3024 919 οὐ
3048 865 3224 936 κρίνει
3247 867 3287 928 ⁸,
3310 866 3395 919 ἵνα
3430 868 3505 937 μὴ
3528 885 3744 939 συγχω-

2156 953 2294 1024 ρήσῃ
2335 953 2412 1023 τῷ
2444 953 2720 1032 ἀπατεῶνι
2749 955 2894 1009 κατά
2921 957 3021 1027 τῆς
3065 957 3326 1026 ἀληθείας
3358 958 3532 1029 λαϐὴν
3569 959 3738 1029 ἔχειν.

2166 1039 2542 1112 ’Δποκρίνεται
2569 1041 2663 1099 οὖν
2687 1044 2871 1114 σαφῶς
2897 1046 2925 1098 ό
2956 1045 3182 1116 Κύριος,
3217 1047 3313 1099 καὶ
3345 1046 3492 1116 λέγει
3513 1065 3527 1078 ·
3575 1049 3640 1101 '0
3670 1051 3742 1102 τὸ

2153 1133 2346 1186 καλὸν
2372 1135 2612 1206 σπέρμα
2638 1138 2894 1205 σπείρας
2914 1136 3086 1190 ἐστίν
3112 1140 3146 1190 ό
3176 1138 3321 1203 Θεός
3337 1143 3358 1168 ·“
3389 1142 3422 1192 ό
3443 1137 3511 1191 δὲ
3555 1139 3740 1208 ἀγρός

2150 1223 2323 1276 ἐστιν
2350 1229 2384 1280 ό
2412 1229 2676 1298 κόσμοςο
2705 1229 2777 1282 τὰ
2810 1227 3027 1289 ζὶζάνιά
3066 1231 3226 1282 εἰσιν
3266 1231 3323 1283 οὶ
3352 1232 3602 1298 πονηροί
3634 1230 3743 1282 ἄν-

2151 1315 2371 1384 θρωποι
2389 1334 2403 1348 ·
2442 1323 2476 1373 ὀ
2504 1321 2719 1391 ἐχθρὸς
2739 1322 3054 1390 ἄνθρωπός
3085 1323 3261 1376 ἐστιν
3288 1322 3328 1377 ό
3342 1323 3626 1390 διάϐολος
3643 1342 3654 1354 ·
3681 1327 3742 1378 οἱ

2150 1409 2417 1476 depicta!
2451 1413 2615 1465 εἰσιν
2657 1415 2716 1466 οἱ
2755 1413 3015 1482 ἄγγελοι*
3066 1416 3100 1467 ό
3152 1413 3431 1482 θερισμός
3482 1414 3653 1466 ἐστιν
3697 1415 3738 1480 ἡ

2149 1501 2470 1556 συντέλεια
2514 1503 2622 1557 τοῦ
2669 1503 2886 1570 αἰῶνος
2910 1522 2924 1536 ’
2974 1507 3008 1558 ὀ
3044 1505 3214 1570 σῖτός
3255 1505 3428 1558 ἐστιν
3473 1508 3534 1558 Ol
3557 1507 3735 1558 κάλοι

2148 1589 2466 1662 ἄνθρωποι.
2521 1594 2650 1647 Ὅτε
2694 1595 3059 1666 παραγγέλλει
3097 1597 3126 1648 ό
3158 1595 3360 1667 Κύριος
3395 1595 3524 1659 τοὺς
3567 1596 3739 1664 ἀγγέ-

2149 1682 2269 1746 λους
2325 1684 2490 1737 αὐτοῦ
2516 1724 2531 1748 ,
2568 1685 2664 1738 καὶ
2716 1686 3012 1754 συνάγουσι
3052 1686 3182 1748 τοὺς
3215 1686 3576 1757 ἁμαρτωλοὺς
3625 1687 3737 1740 ἀπὸ

2149 1776 2252 1847 τῆς.
2288 1776 2464 1830 αὐτοῦ
2505 1775 2815 1847 βασιλείας,
2847 1779 2943 1831 καὶ
2990 1779 3385 1849 παραδιδόασιν·
3411 1779 3608 1841 αὐτοὺς
3651 1779 3735 1842 είς

466 1869 578 1936 tur,
633 1878 686 1925 et
737 1866 1183 1939 patremfamilias
1214 1867 1441 1937 agrique
1478 1865 1761 1920 dominum
1825 1866 2040 1920 Patrem

2147 1868 2207 1921 τὸ
2238 1869 2455 1940 καῆναι.
2483 1870 2589 1923 Καὶ
2613 1871 2889 1943 θεωρεῖτε,
2923 1871 3028 1924 υἱοὶ
3057 1871 3157 1941 τῆς
3183 1870 3466 1942 ἀληθείας,
3486 1871 3568 1923 ὅτι
3590 1870 3732 1923 αὐτὰ

467 1978 630 2016 suum
663 1960 917 2032 appellat,
945 1958 1040 2028 qui
1067 1959 1270 2012 bonum
1306 1957 1440 2012 illud
1483 1965 1670 2012 semen
1701 1957 2041 2026 prosemina-

473 2055 633 2110 verit.

2147 1957 2184 2013 ἀ
2217 1957 2463 2029 βούλεται
2492 1962 2693 2031 λέγειν,
2739 1958 2859 2016 καθ’
2895 1962 3088 2017 ἑαυτοῦ
3131 1962 3514 2034 προϐάλλεται.
3560 1957 3732 2026 Οὗτος

2145 2051 2174 2104 ό
2202 2052 2606 2136 ἀνακαινισθεὶς
2622 2058 2754 2136 ἡμῖν
2779 2057 2900 2110 ἀντί
2928 2057 3035 2110 τῶν
3057 2056 3186 2128 napi.
3222 2055 3429 2125 ’Ῐαννῆν
3449 2056 3545 2108 καὶ
3586 2057 3731 2125 Ἰαμ.

464 2145 624 2215 ὁρῆν.
660 2143 831 2206 Αὐτὸς
869 2143 966 2213 μὲν
1002 2142 1112 2213 γὰρ
1169 2141 1414 2212 ἀρνεῖται
1457 2138 1548 2193 τὸν
1578 2139 1782 2210 κόσμον
1844 2140 1938 2193 τοῦ
1969 2139 2102 2195 Θεοῦ
2139 2137 2311 2196 εἶναι’
2360 2131 2461 2199 ὧδε
2509 2146 2567 2199 δὲ
2614 2131 2650 2200 ὁ¹
2691 2147 2882 2219 Σωτὴρ
2923 2147 3016 2201 τὸν
3057 2147 3262 2217 κόσμον
3306 2145 3408 2219 ἔφη
3460 2142 3598 2200 εἶναι
3640 2147 3730 2201 τὸν

464 2234 662 2304 ἀγρόνο
699 2231 789 2284 τὸν
820 2231 876 2283 δὲ
914 2227 1298 2298 οἰκοδεσπότην
1329 2227 1424 2280 καί⁴
1478 2225 1666 2298 κύριον
1713 2226 1808 2280 τοῦ
1854 2226 2059 2296 ἀγροῦ,
2091 2231 2342 2286 τουτέστι
2372 2233 2482 2286 τὸν
2528 2234 2695 2289 αὑτοῦ
2732 2234 2994 2306 Πατέρα,
3029 2235 3122 2288 καί
3162 2235 3358 2290 ἐαυτὸν
3389 2238 3729 2302 ἑσπαρκέναι

462 2327 526 2379 τὸ
559 2324 717 2377 καλὸν
751 2320 913 2375 αὑτοῦ
949 2320 1192 2390 σπέρμα.

534 2413 720 2485 Neque
769 2427 898 2467 vero
932 2419 1025 2464 aut
1068 2415 1099 2463 a
1144 2407 1470 2478 Corporibus
1518 2407 1771 2471 animas,
1832 2414 1926 2462 aut
1977 2407 2045 2463 ab

462 2509 750 2563 animabus
779 2517 1009 2573 corpora
1049 2497 1360 2571 separavit,
1399 2499 1494 2554 sed
1545 2499 1826 2553 inimicum
1868 2499 2046 2553 homi-

462 2615 587 2654 nem
617 2596 826 2651 zizania
859 2592 1176 2647 consevisse
1219 2596 1444 2654 narrat,
1475 2588 1580 2643 hoc
1608 2596 1694 2643 est
1723 2588 2046 2658 depravatos

463 2691 752 2751 homines;
776 2700 877 2740 nec
903 2684 1151 2738 homines
1367 2683 1516 2750 ipsos
1549 2679 1780 2734 scersim
1812 2680 1880 2735 de
1919 2691 2045 2736 cor-

464 2783 690 2854 poribus
751 2776 996 2846 accc-pit,
1045 2767 1146 2829 sed
1187 2773 1361 2827 malos
1405 2770 1655 2827 honiines
1707 2772 2042 2842 cenjunctim

463 2869 717 2944 appellat.
751 2869 828 2922 lt‘a’
863 2869 1065 2923 bonum
1121 2873 1307 2920 semen
1342 2879 1373 2920 e
1403 2864 1685 2918 contrario
1726 2863 2043 2934 paterfami-

463 2968 567 3021 lias
600 2967 652 3020 in
690 2978 823 3035 agro
850 2977 950 3018 suo
972 2945 1236 3024 seminat,
1267 2959 1442 3014 bonos
1471 2957 1721 3014 videlicet
1754 2959 2000 3014 homines
2025 2999 2041 3025 ,

463 3072 574 3112 non
614 3056 807 3110 horum
851 3050 1117 3106 duntaxat
1141 3049 1391 3115 animas,
1425 3049 1518 3104 sed
1550 3049 1754 3116 bonos,
1798 3051 2041 3120 inquam,

2220 2409 2329 2462 Καὶ
2376 2405 2498 2461 οὔτε
2527 2407 2690 2461 διεῖλε
2733 2407 2910 2478 ψυχὰς
2955 2407 3064 2461 ἀπὸ
3101 2408 3387 2478 σωμάτων,
3423 2409 3454 2480 ἢ
3499 2427 3727 2482 σώματα

2150 2499 2258 2554 ἀπὸ
2303 2499 2510 2570 ψυχῶν,
2560 2498 2697 2552 ἀλλά
2747 2499 2837 2552 τὸν
2888 2498 2986 2569 μὲν
3039 2499 3232 2571 ἐχθρὸν
3277 2501 3565 2572 ἄνθρωπον
3623 2505 3726 2578 ἔφη

2151 2593 2484 2664 ὲσπαρκέναι
2517 2590 2585 2646 τὰ
2620 2588 2864 2658 ζιζάνια,
2909 2591 2945 2646 ἆ
2984 2593 3128 2648 εἰσιν
3153 2593 3210 2645 οἰκ
3245 2595 3471 2665 πονηροὶ
3518 2597 3729 2669 ἄνθρω-

2150 2701 2240 2738 ποι
2259 2702 2273 2715 ο
2314 2682 2630 2755 ἀνθρώπους
2652 2675 2709 2736 δὲ
2740 2683 2801 2735 οὐ
2827 2683 2982 2752 λέγει’
3003 2683 3227 2754 σώματα
3249 2685 3368 2737 κατ⁴
3403 2685 3561 2751 ἰδίαν,
3593 2688 3726 2742 ἀλλά

2149 2774 2286 2845 ὁμοῦ
2331 2771 2453 2828 εἷπε
2491 2774 2763 2847 πονηροὺς
2799 2766 3136 2848 ἀνθρώπους.
3175 2769 3349 2830 Πάλιν
3377 2777 3434 2829 δὲ
3463 2778 3728 2845 ὡσαύτως

2149 2867 2211 2920 τδ
2248 2866 2452 2935 ἀγαθὸν
2492 2866 2712 2938 σπέρμα
2758 2867 2788 2918 ό
2831 2867 3218 2937 οἰκοδεσπότης
3265 2867 3518 2940 ἔσπειρεν
3561 2873 3620 2924 ὲν
3651 2873 3728 2942 τῷ

2155 2958 2267 3030 ἰδίῳ
2305 2957 2481 3030 ἀγρῷ,
2512 2959 2638 3018 τοὺς
2664 2957 2902 3028 ἀγαθούς
2943 2975 3077 3028 φησι
3104 2958 3442 3030 ἀνθρώπους.
3480 2961 3591 3014 Καὶ
3630 2963 3727 3017 οὐκ

2150 3048 2272 3104 εἷπε
2313 3049 2413 3114 τὰς
2447 3049 2652 3104 τούτων
2697 3051 2918 3121 ψυχὰς,
2943 3050 3059 3103 ἀλλ’
3102 3051 3338 3118 ἀγαθοὺς
3378 3053 3475 3106 σὺν
3511 3053 3730 3124 σώματι

461 3165 692 3219 corpore
736 3147 1026 3216 animaque
1053 3151 1394 3200 constantes.
1439 3143 1707 3208 Quocirca
1745 3151 1856 3197 tam
1899 3144 2040 3200 Deus

2147 3145 2240 3198 καὶ
2260 3143 2428 3214 ψυχῇ.
2457 3144 2600 3214 Ἀρα
2626 3140 2867 3210 γοῦνδιά
2893 3142 2990 3212 τῆς
3011 3140 3358 3206 διδασκαλίας
3376 3145 3406 3196 ό
3421 3144 3556 3209 Θεὸς
3580 3146 3729 3200 σπεί-

463 3241 664 3295 bonum
712 3238 766 3290 in
799 3225 1115 3290 hominibus
1157 3232 1405 3287 doctrina
1447 3240 1567 3297 sua,
1601 3247 1762 3302 quam
1793 3232 2045 3290 diabolus

466 3332 609 3385 mala
640 3329 832 3383 iisdem
857 3327 912 3381 in
941 3317 1253 3382 hominibus
1276 3326 1623 3395 improbitate
1653 3339 1750 3380 sua
1780 3328 2040 3382 conserit.

463 3423 857 3490 Quameunque
895 3433 1024 3474 vero
1058 3433 1158 3472 nos
1203 3417 1256 3470 in
1293 3419 1502 3486 partem
1548 3423 1863 3482 vertamus,
1892 3416 2044 3472 radi-

463 3532 579 3570 rem
622 3511 908 3585 pravitatis
955 3510 1161 3564 nullam
1209 3509 1583 3578 reperiemus,
1619 3507 1714 3562 sed
1757 3523 1820 3562 ea
1864 3508 2041 3562 solum

462 3621 627 3673 opera
652 3618 772 3674 qua“.
809 3617 838 3656 a
875 3601 1034 3658 nobis
1065 3608 1468 3671 perpetrantur.
1511 3599 1679 3655 Ac‘ne
1703 3591 2040 3654 zizaniorum

461 3697 682 3765 quidem
709 3705 860 3748 satus
895 3683 1041 3748 illius
1070 3707 1237 3747 causa
1266 3681 1516 3747 diabolus
1556 3697 1660 3755 est,
1689 3693 1870 3747 statim
1898 3693 2044 3746 enim

462 3788 596 3843 illud
625 3787 879 3842 additur:
915 3787 1048 3842 Cum
1093 3787 1383 3840 dormirent
1431 3784 1686 3838 homines.
1724 3783 1843 3839 Non
1873 3783 2044 3848 dixit,

461 3880 596 3936 Cum
632 3880 893 3936 dormiret
931 3877 1346 3948 paterfamilias.
1381 3875 1515 3930 Dum
1547 3876 1690 3930 enim
1713 3874 2040 3930 intermissis

462 3970 624 4025 bonis
674 3969 932 4041 Operilms
991 3969 1327 4032 dormimus,
1385 3969 1512 4021 dum
1569 3965 1752 4020 ofﬁcia
1814 3966 2040 4036 jusdtiae

461 4063 810 4135 negligimus,
851 4063 980 4117 dum
1007 4061 1074 4115 ad
1113 4058 1460 4131 exsequenda
1495 4058 1586 4113 Dei
1611 4057 1862 4111 mandata
1889 4057 2038 4127 vigili

460 4164 886 4226 experrectoque
940 4153 1124 4208 animo
1171 4167 1281 4206 non
1332 4167 1545 4214 sumus,
1600 4159 1730 4204 tunc
1777 4150 1834 4204 in
1880 4150 2038 4205 nobis

458 4253 685 4316 peccata
713 4245 1183 4316 proseminantur.
1206 4239 1448 4298 Videsne
1476 4251 1732 4312 praeterea
1767 4249 1825 4295 ut
1855 4241 1907 4295 in
1936 4241 2037 4296 hac

458 4339 718 4408 parabola
774 4353 1050 4394 messores
1109 4335 1178 4391 ad
1225 4334 1684 4390 concremandum
1740 4331 2036 4389 fasciculos

459 4427 825 4497 componant?
858 4426 988 4491 Die,
1039 4426 1201 4482 sodes
1223 4466 1238 4492 ,
1272 4439 1306 4478 ο
1339 4421 1671 4479 Manichaee:
1708 4422 2038 4477 Vinciuntur’

2151 3253 2232 3308 ρει
2259 3235 2323 3288 τὸ
2345 3234 2546 3303 ἀγαθὸν
2578 3235 2634 3286 ἐν
2667 3236 2780 3297 τοῖς
2813 3232 3143 3304 ἀνθρώποις,
3175 3234 3268 3286 καὶ
3299 3227 3388 3288 διὰ
3427 3236 3532 3306 τῆς
3560 3255 3726 3293 κακο..

2148 3327 2418 3400 μηχανίας
2446 3327 2475 3378 ό
2517 3324 2764 3388 διάϐολος
2794 3325 3119 3396 ὑποσπείρει
3148 3325 3218 3378 τὰ
3245 3327 3457 3398 πονηρὰ
3497 3327 3637 3400 ἔργα
3667 3332 3726 3384 ἐν

2142 3423 2256 3486 τοῖς
2279 3420 2610 3493 ἀνθρώποις.
2647 3419 2840 3474 Ἔνθεν
2870 3420 2926 3474 δὲ
2959 3421 3050 3474 καὶ
3088 3420 3240 3475 ἔνθεν
3279 3423 3349 3476 οὐ·
3376 3424 3534 3494 ῥίζαν
3557 3427 3727 3498 εὑρή-

2145 3523 2310 3585 σομεν
2337 3512 2557 3577 κακίας,
2583 3511 2698 3566 ἀλλ’
2729 3510 2864 3585 ἔργα
2893 3511 2959 3565 δι’
2989 3512 3148 3584 ήμῶν
3172 3514 3584 3585 ἐπιτελούμενα.
3613 3519 3724 3572 Καὶ

2142 3605 2264 3659 οὐδὲ
2308 3604 2446 3669 ὅλως
2488 3607 2517 3658 ὁ
2564 3603 2809 3666 διάϐολος
2845 3603 3016 3667 αἴτιός
3059 3605 3182 3658 ἐστι
3215 3605 3326 3657 τῶν
3361 3608 3725 3678 ἐσπαρμένων

2146 3695 2423 3761 ζιζανίων.
2460 3695 2638 3758 Εὐθὺς
2666 3695 2775 3766 γὰρ
2801 3693 2998 3765 φράζει
3025 3693 3198 3764 λέγων
3218 3713 3231 3725 ο
3269 3697 3371 3750 Ἐν
3401 3697 3481 3762 τῷ
3504 3701 3721 3756 καθεὺ.

2141 3789 2270 3843 ὄειν
2301 3787 2445 3854 τοὺς
2472 3786 2842 3855 ἀνθρώπους.
2890 3786 3000 3839 Καὶ
3027 3786 3127 3839 οὐκ
3170 3781 3344 3840 εἶπεν·
3365 3789 3452 3842 Ἐν
3477 3789 3553 3860 τῷ
3592 3792 3722 3845 καθ-

2141 3879 2316 3934 εύδειν
2360 3879 2452 3933 τὸν
2483 3879 2890 3946 οἰκοδεσπότην.
2943 3878 3113 3930 Ὅταν
3145 3878 3254 3949 γὰρ
3311 3879 3471 3949 ἡμεῖς
3497 3881 3720 3935 ἀποκοι-

2143 3971 2405 4043 μηθῶμεν
2434 3969 2542 4023 ἀπὸ
2576 3969 2797 4038 ἀγαθῶν
2829 3967 3006 4038 ἔργων
3025 4005 3041 4032 ,
3073 3969 3199 4020 ὅταν
3229 3959 3594 4040 ἀμελήσωμεν
3622 3973 3720 4042 τῆς

2137 4062 2501 4133 δικαιοσύνης,
2540 4062 2680 4116 ὅταν
2717 4061 2815 4115 τὸν
2859 4060 2983 4114 νοῦν
3021 4060 3096 4131 μὴ
3140 4062 3438 4134 ὲγρήγορον
3480 4063 3720 4134 ποιήσωέ

2141 4171 2239 4225 μεν
2273 4154 2412 4226 πρὸς
2433 4154 2534 4225 τὴν
2557 4152 2651 4206 τοῦ
2685 4152 2822 4207 Θεοῦ
2853 4153 3095 4225 ἐντολὴν,
3121 4154 3243 4206 τότε
3287 4154 3624 4225 σπειρόμεθα
3650 4155 3724 4209 τά

2137 4244 2529 4317 ἁμαρτήματα.
2571 4244 2753 4317 Ὁρᾷς,
2783 4243 2865 4296 ὅτι
2891 4245 2940 4296 οἰ
2970 4243 3216 4314 θερισταὶ
3242 4245 3584 4314 ἑτοιμάζουσι
3616 4246 3718 4310 τὰς

2135 4330 2337 4401 δέσμας
2369 4332 2448 4395 εἰς
2480 4330 2542 4384 τὸ
2567 4330 2680 4402 πῦρ
2710 4331 2773 4384 τὸ
2817 4331 3072 4396 αἰώνιον;
3104 4333 3244 4400 Λέγε
3285 4351 3409 4404 μοι,
3449 4329 3495 4387 ὧ
3529 4335 3712 4406 Μάνηο

2135 4423 2328 4493 Ψυχὰς
2354 4424 2472 4476 ἐκεῖ
2495 4421 2870 4494 δεσμεύουσιν,
2903 4425 2936 4494 ἢ
2972 4423 3200 4495 σώματα
3242 4425 3336 4478 σὺν
3365 4426 3510 4497 ψυχῇ
3530 4428 3717 4480 καίουο

458 4519 571 4574 illic
599 4519 828 4584 anima},
871 4533 941 4573 an
973 4533 1098 4572 cum
1139 4518 1319 4571 anima
1351 4531 1580 4586 corpora
1609 4517 2030 4581 comburuntur,

2147 4530 2244 4576 σιν,
2277 4512 2310 4582 ἦ
2339 4511 2554 4575 καὶτὰς
2581 4512 2792 4583 ψυχάς;
2826 4511 3021 4566 Οὐκέτι
3049 4513 3160 4585 γ’ἀρ
3189 4514 3509 4586 σταθήσεται
3539 4518 3568 4569 ό
3590 4519 3717 4589 περὶ

459 4627 527 4666 an
561 4612 690 4668 sola:
713 4612 978 4667 duntaxat
1003 4609 1239 4665 animm?
1266 4608 1386 4665 Non
1417 4610 1560 4664 enim
1584 4609 1784 4679 poterit
1824 4616 1912 4663 tua
1942 4607 2032 4664 illa

459 4705 528 4759 de
573 4705 878 4758 animorum
909 4701 1232 4774 purgatione
1285 4711 1432 4757 stare
1486 4702 1773 4763 sententia,
1805 4715 1930 4754 cum
1964 4700 2033 4753 ad

459 4793 784 4865 supplicium
815 4809 878 4848 ac
903 4792 1170 4862 judicium
1209 4793 1511 4848 tradentur.
1546 4791 1650 4846 Sed
1685 4790 1753 4846 de
1783 4790 1866 4844 liis
1899 4791 2031 4846 hac-

458 4895 653 4949 tenus;
685 4893 813 4943 sunt
847 4885 988 4940 enim
1036 4884 1282 4940 veritatis
1319 4883 1482 4938 verba
1522 4881 1859 4953 sapientibus
1884 4881 2037 4936 haud

454 4981 622 5035 obscu
633 4993 709 5032 ra.

525 5069 710 5125 LXVI.
752 5068 912 5123 Aliud
950 5082 1167 5138 quoque
1202 5064 1575 5121 testimonium
1608 5064 1815 5135 profert
1853 5065 2026 5120 sacris

452 5179 483 5219 e
517 5163 740 5218 Litteris
781 5161 1188 5231 depromptum,
1215 5157 1373 5227 cujus
1409 5171 1630 5211 sensum
1663 5169 1786 5210 cum
1817 5157 2026 5227 ignoret

454 5255 704 5324 penitus,
742 5251 999 5308 salutaris
1039 5247 1301 5304 doctrinae
1333 5247 1439 5300 vim
1494 5245 1669 5300 aliena
1702 5244 2029 5314 interpreta-

453 5344 602 5398 tione
645 5343 962 5411 detorquet;
999 5354 1064 5394 eo
1103 5338 1270 5408 igitur
1301 5335 1447 5407 quod
1493 5349 1524 5386 a
1553 5333 1780 5387 Domino
1820 5333 2026 5387 dictum

450 5443 535 5489 est
565 5435 843 5488 abutitur:
880 5431 1028 5486 Venit
1079 5433 1314 5499 princeps
1358 5427 1538 5482 mundi
1583 5426 1738 5490 huius
1773 5435 1822 5479 et
1850 5428 1904 5479 in
1948 5442 2028 5478 me

453 5541 609 5579 suum
633 5526 766 5578 nihil
797 5524 993 5576 invenit
1025 5524 1067 5576 ’.
1105 5519 1243 5574 Tum
1279 5519 1407 5573 illud
1448 5517 1689 5587 Apostoli
1717 5535 1729 5570 :
1756 5515 1895 5570 Deus
1930 5515 2026 5567 Im-

449 5614 539 5686 ius
573 5615 754 5670 διεσαίὶ
798 5616 1074 5668 excwcavit
1106 5611 1446 5683 ragitationes
1479 5608 1795 5678 inﬁdelium,
1836 5615 1892 5658 ut
1921 5621 2024 5659 non

2139 4604 2481 4675 καθαρισμοῦ
2510 4620 2607 4657 σου·
2643 4603 2754 4656 τῶν
2787 4603 2984 4675 ψυχῶν
3005 4605 3162 4674 λόγος
3187 4645 3203 4669 ,
3232 4605 3392 4658 ὁπότε
3431 4606 3510 4670 εἰς
3543 4625 3716 4678 τιμω-

2139 4695 2260 4766 ρίαν
2282 4696 2375 4748 ml.
2399 4695 2581 4767 κρίσιν
2610 4695 3095 4767 παραδοθήσονται.
3149 4691 3312 4750 Ἀλλά
3334 4698 3560 4769 ἀρκέσει
3583 4701 3713 4772 περὶ

2137 4786 2340 4839 τούτων
2377 4788 2480 4850 ἕως
2505 4787 2614 4840 τῶν
2655 4788 2924 4842 ἐνταῦθα’
2953 4792 3067 4851 τοῖς
3108 4789 3217 4858 γὰρ
3255 4793 3492 4855 συνετοῖς
3524 4794 3712 4860 φαίνε-

2134 4893 2226 4929 ται
2256 4877 2324 4930 τά
2349 4879 2488 4948 ρητά
2511 4879 2609 4948 τῆς
2646 4877 2918 4949 ἀληθείας.

2203 5056 2339 5125 Ξςι.
2376 5055 2838 5127 Ἑπιλαμὸἁνεται
2869 5056 3030 5110 πάλιν
3066 5057 3255 5128 ἑτέρου
3286 5059 3471 5130 ῥητοῦ,
3498 5063 3586 5126 εἰς’
3613 5063 3711 5133 μέ-

2135 5165 2230 5203 σον
2265 5150 2466 5219 φέρων,
2501 5149 2595 5200 καὶ
2627 5149 2701 5219 μὴ
2725 5149 2860 5202 νοῶν
2885 5148 2954 5201 τὰ
2980 5151 3038 5204 ὲν
3064 5150 3214 5221 αὐτῷ
3243 5152 3560 5222 ὲγκείμενα,
3591 5155 3710 5209 ἑτέ-

2133 5259 2239 5312 ρως
2267 5238 2676 5311 παρερμηνεύει
2704 5238 2803 5307 τῆς
2834 5239 3212 5311 σωτηριώδους
3236 5241 3586 5307 διδασκαλίας
3610 5247 3710 5317 τὴν

2129 5331 2380 5401 δύναμιν,
2407 5329 2500 5382 διά
2527 5329 2589 5381 τὸ
2629 5329 2911 5399 εἰρηκέναι
2945 5331 3038 5384 τὸν
3084 5331 3337 5403 Σωτῆρα,
3383 5334 3464 5387 ὅτι
3497 5335 3709 5404 Ἔρχε-

2128 5440 2221 5476 ται
2271 5426 2302 5475 ό
2351 5421 2555 5489 ἅρχων
2600 5421 2706 5474 τοῦ
2750 5421 2986 5490 κόσμου
3048 5423 3286 5488 τούτου,
3339 5423 3436 5476 καί
3479 5424 3551 5478 ἐν
3578 5426 3706 5495 ἐμοὶ

2126 5513 2306 5567 οὐδὲν
2351 5510 2470 5564 τῶν
2513 5510 2702 5564 αὐτοῦ
2751 5512 3047 5580 εὑρίσκειο
3100 5513 3192 5564 καὶ
3240 5512 3406 5567 πάλιν
3438 5516 3590 5586 παρά
3629 5517 3707 5588 τῷ

2137 5601 2466 5674 ’Λποστόλῳ,
2497 5603 2579 5655 ὅτι
2632 5603 2696 5657 '0
2739 5603 2883 5671 Θεὸς
2909 5604 3015 5659 τοῦ
3053 5604 3272 5672 αἰῶνος
3324 5608 3540 5662 τούτου
3576 5609 3707 5664 ἐτύ-

558 5768 578 5806 ⁸
603 5769 644 5825 ll
669 5769 810 5824 Tim.
848 5782 931 5836 lit,
956 5769 1006 5823 8.
1085 5772 1104 5801 ²
1137 5767 1294 5823 Joan.
1325 5781 1442 5829 xiv,
1476 5763 1563 5820 30.
1629 5764 1647 5794 ³
1684 5760 1746 5819 F.
1777 5761 1870 5813 κτιιί⁵
1897 5759 2156 5830 εὐκρινεί.
