4008 6240
409 327 515 382 I35

1821 325 1876 377 S.
1919 320 2262 380 EPII’E!.\NII

3577 323 3678 376 I36

410 438 518 493 Sed
550 440 802 508 quisnam
835 441 920 490 est
949 435 1114 506 hujus
1169 436 1258 491 ille
1295 436 1480 490 mundi
1530 438 1786 508 princeps
1821 441 1844 493 ?
1930 437 1984 489 lu

2108 437 2260 506 téYEt,
2303 435 2428 502 Πᾶς
2465 441 2495 490 ὁ
2543 441 2772 506 κόσμος
2817 437 2886 490 ἐν
2920 433 3000 502 τῷ
3038 433 3278 503 πονηρῷ
3325 437 3548 499 κεῖται,
3579 435 3682 487 οὑκ

413 531 604 602 primis
645 543 767 581 cum
807 529 924 580 ait:
964 525 1128 580 Talus
1162 525 1387 578 mumlus
1427 527 1481 578 in
1526 526 1758 596 maligno
1785 527 1988 595 positus

410 635 484 677 est
515 623 710 696 '-‘,non
732 621 931 673 ccelum
957 660 972 682 ,
1001 636 1110 675 non
1145 629 1370 683 terram,
1409 635 1518 674 nou
1546 620 1718 674 solem
1741 661 1755 682 ,
1788 632 1880 674 aut
1913 621 1994 674 Iu-

409 733 536 771 nam
571 713 860 784 intelligit,
903 729 1011 768 non
1054 713 1255 782 stirpes
1281 753 1295 776 ,
1329 713 1492 784 682
1530 729 1708 779 mare,
1742 724 1992 777 montes,

411 821 629 872 aerem,
670 805 884 869 nubes,
929 813 1158 866 ventos,
1212 803 1430 868 sidera,
1477 805 1758 868 volucres,
1811 821 1994 860 rerum

414 899 652 970 denique
701 897 1045 952 conditarum
1083 897 1326 963 nullam;
1382 896 1476 952 sed
1521 897 1800 951 hominum
1833 914 1994 951 munc

410 989 515 1042 dus
551 987 807 1056 superbia
839 987 1040 1041 mentis
1071 997 1178 1051 est,
1211 997 1262 1042 et
1300 987 1474 1042 fastus
1501 988 1762 1052 audaciae,
1794 996 1848 1042 et
1870 989 1997 1043 elati

412 1078 579 1132 animi
613 1080 666 1131 in
703 1077 1019 1132 hominibus
1050 1079 1382 1148 arrogantia.
1419 1078 1587 1148 Igitur
1629 1079 1815 1133 mundi
1848 1081 1999 1150 prin-

413 1189 542 1244 ceps
569 1175 658 1228 ille
699 1174 956 1228 deorsum
1011 1174 1268 1243 superbia
1302 1189 1400 1228 sua
1440 1173 1656 1228 cecidit.
1705 1171 1805 1227 Vos
1839 1175 1998 1240 enim,

414 1267 621 1336 inquit,
653 1259 881 1337 gloriam
917 1267 982 1320 ab
1024 1268 1245 1321 invicem
1281 1267 1470 1336 capitis
1507 1268 1547 1320 ³.
1591 1267 1702 1338 Ego
1741 1285 1858 1322 vero
1898 1285 2000 1322 non

415 1377 594 1430 quwro
638 1361 864 1430 gloriam
916 1378 1086 1415 meam
1113 1360 1154 1413 ⁵.
1211 1361 1408 1416 Annon
1457 1362 1712 1432 superbia
1756 1363 2003 1417 excidit?

427 1453 546 1508 Non
587 1455 840 1526 princeps
870 1455 1058 1509 mundi
1088 1454 1408 1510 confractus
1438 1463 1520 1510 est
1543 1495 1557 1518 ,
1593 1471 1716 1510 cum
1747 1465 1800 1509 et
1833 1455 2002 1509 llcro—

416 1545 515 1600 dcs
549 1553 888 1600 mortuormn
941 1561 1005 1599 ac
1033 1545 1282 1600 vivorum
1315 1545 1560 1614 judicem
1604 1545 2004 1640 Dominqmque

414 1639 719 1694 custodiret
785 1655 850 1694 ac
890 1637 1098 1708 judicio
1146 1637 1472 1708 subjiceret,
1514 1653 1636 1692 cum
1690 1637 2005 1708 prmSideret

415 1732 646 1794 Pilatus,
678 1747 800 1786 eum
831 1731 1049 1786 satelles
1077 1731 1274 1784 malam
1318 1730 1574 1795 catderet,
1608 1728 1778 1786 Judas
1807 1732 2004 1801 prode-

415 1832 522 1886 ret,
565 1821 803 1891 Caiphas
846 1821 1158 1889 judicaret,
1198 1817 1374 1873 Judaai
1417 1819 1593 1888 sputis
1626 1829 2001 1889 aspergerent,

416 1915 621 1968 milites
660 1913 896 1982 denique
926 1919 1091 1983 caput
1124 1912 1244 1982 ejus
1279 1911 1527 1982 colaphis
1561 1912 1877 1976 tunderent,
1909 1912 2000 1982 qui

416 2005 538 2060 solo
581 2012 718 2057 nutu
767 2005 967 2057 caelum
1008 2012 1323 2073 terramque
1367 2011 1734 2073 contorquere
1782 2003 2005 2073 posset?

417 2094 544 2149 Ilaec
575 2094 742 2165 igitur
773 2095 1060 2165 superbia,
1095 2095 1212 2150 haec
1237 2095 1466 2150 audacia
1491 2135 1505 2158 ,
1533 2095 1646 2150 haec
1679 2096 1884 2149 nmndo
1909 2098 2004 2150 ad-

416 2187 694 2240 dictorum
728 2187 1010 2242 hominum
1039 2187 1244 2258 gloria,
1279 2187 1468 2242 mundi
1497 2187 1585 2242 illc
1617 2189 1870 2258 princeps
1897 2195 2004 2252 est,

415 2279 510 2348 qui
561 2277 614 2330 in
668 2288 868 2332 terram
920 2279 1212 2350 prolapsus
1261 2287 1364 2334 est.
1399 2278 1612 2333 Etenim
1663 2280 1756 2350 qui
1802 2282 1856 2334 iu
1901 2279 2007 2335 hoc

416 2370 624 2423 mumlo
645 2368 914 2422 honorum
941 2382 994 2424 et
1021 2369 1346 2440 dignitatum
1366 2370 1628 2442 gradibus
1652 2372 2004 2437 antecellunt,

416 2460 492 2515 ita
517 2462 881 2531 principatum
917 2461 1189 2530 obtinent,
1215 2473 1270 2517 ut
1298 2464 1644 2534 arrogantia,
1689 2464 2004 2531 insolentia,

389 2555 589 2632 ‘gloria
623 2555 992 2625 superbiaque
1032 2571 1156 2612 sese
1185 2556 1418 2610 nimium
1445 2557 1696 2623 ellerant,
1729 2574 1850 2628 quae
1886 2558 2010 2628 qui-

417 2647 540 2702 dem
587 2663 616 2699 a
659 2646 945 2702 Salvatore
993 2656 1184 2702 nostro
1236 2647 1534 2702 abluet-unt
1571 2649 1776 2703 omnia.
1821 2650 2008 2704 Linum

415 2739 554 2792 enim
586 2737 852 2806 {umigans
883 2755 986 2791 non
1009 2740 1326 2810 exstinguet,
1350 2749 1399 2793 et
1430 2739 1698 2794 calamum
1720 2743 2007 2797 contritum

418 2846 522 2883 non
547 2831 840 2898 confringet
866 2830 908 2882 ⁵.

487 2921 716 2978 LXVIII.
753 2921 881 2986 Sed,
907 2929 967 2977 ut
987 2922 1236 2977 omittam
1266 2929 1482 2990 caetera,
1506 2925 1720 2996 quaead
1755 2927 1894 2982 idem
1923 2945 1982 2978 ar

415 3025 733 3084 guinentum
780 3017 961 3072 all'erri
996 3019 1133 3072 bene
1173 3020 1340 3072 multa
1387 3027 1642 3088 possunt,
1679 3018 2008 3074 Mauiclncus

2097 529 2322 599 οὑρανὺν
2348 527 2542 598 λέγων,
2568 529 2628 581 οὑ
2655 529 2751 600 τὴν
2781 529 2906 600 γῆν,
2932 529 3030 598 οὑχ
3055 528 3225 600 ἥλιον,
3256 527 3315 579 οὑ
3343 528 3594 596 σελήνην,
3617 527 3680 578 οὖ

2097 621 2258 689 φυτά,
2293 622 2354 673 οὑ
2407 621 2706 686 Θάλασσαν,
2741 622 2841 675 οὑκ
2875 623 2974 694 ὅρη
2996 666 3008 688 ,
3046 623 3146 675 οὑκ
3190 622 3363 692 ἀέρα,
3404 619 3466 672 οὑ
3507 619 3681 688 νέφη,

2095 709 2193 762 οὑκ
2221 710 2441 782 ἄνεμον,
2468 713 2568 765 οὑκ
2601 711 2796 779 ἄστρα,
2827 714 2887 766 οὑ
2911 711 3110 784 πτηνὰ,
3136 711 3286 764 οὐδέν
3321 728 3374 763 τι
3399 710 3508 762 τῶν
3541 710 3684 762 ἐκτι-

2098 801 2330 872 σμένων,
2369 803 2443 874 μὴ
2475 803 2706 871 γένοιτοί
2755 803 2894 856 Ἀλλ’
2925 805 2952 856 ὁ
2980 804 3181 874 κόσμος
3211 801 3321 855 τῶν
3353 799 3680 874 ἀνθρώπιον,

2097 894 2131 963 ἡ
2172 893 2520 966 ὑπερηφανία
2554 895 2653 966 τῆς
2686 897 2915 960 ἐννοίας,
2950 896 3010 949 τὸ
3043 895 3242 966 θράσος
3287 895 3379 948 τοῦ
3409 893 3614 963 τύφου,
3648 893 3683 964 ἡ

2097 983 2385 1050 ἀλαζονεία
2427 986 2529 1057 τῆς
2575 986 2682 1040 τῶν
2732 987 3035 1059 ἀνθρώπων
3087 988 3418 1060 ἐπάρσεως,
3463 977 3622 1048 οὗτος
3657 985 3688 1036 ὅ

2098 1077 2282 1147 ἄρχων
2311 1077 2405 1131 τοῦ
2437 1079 2643 1150 κόσμου
2665 1079 2854 1132 τούτου
2881 1079 3106 1146 ἐξέπεσε
3133 1077 3283 1132 κάτω
3307 1075 3682 1150 ὑπερηφανία.

2112 1169 2297 1240 Ὑμεῖς
2326 1169 2434 1240 γὰρ
2453 1211 2468 1234 .
2499 1173 2667 1244 φησὶ,
2705 1171 2893 1236 δόξαν
2925 1171 3087 1237 παρὰ
3123 1169 3413 1230 ἀλλήλων
3453 1167 3687 1224 λαμϐά-

2099 1281 2252 1318 νετε·
2283 1265 2398 1334 ἐγὼ
2427 1263 2494 1317 δὲ
2534 1266 2607 1319 οὐ
2651 1263 2797 1332 ζητῶ
2836 1263 2951 1332 τὴν
2987 1261 3253 1332 ἐμαυτοῦ
3303 1260 3512 1325 δόξαν.
3559 1259 3688 1322 Πῶς

2100 1358 2210 1430 γὰρ
2243 1359 2344 1411 οὑκ
2390 1356 2586 1410 ἔπεσεν
2619 1359 2652 1429 ὴ
2683 1356 3066 1428 ὑπερηφανία;
3103 1355 3221 1418 πῶς
3265 1354 3367 1407 οὑκ
3401 1349 3688 1423 ὲθραὺσθη

2101 1455 2129 1508 ὁ
2167 1455 2352 1526 ἄρχων
2381 1453 2473 1506 τοῦ
2506 1454 2733 1523 κόσμου,
2775 1452 3018 1522 Ἡρώδου
3053 1450 3149 1522 μὲν
3177 1447 3537 1519 φυλάττοντος
3593 1444 3692 1498 καὶ

2103 1546 2384 1618 κρίνοντος
2414 1543 2506 1598 τὸν
2537 1543 2728 1616 κριτὴν
2759 1541 2976 1608 ζώντων
3029 1542 3124 1595 καὶ⁵
3164 1539 3374 1611 νεκρῶν
3432 1539 3527 1592 καὶ
3575 1537 3691 1588 Κύ-

2108 1653 2240 1708 ριον,
2289 1635 2523 1690 Πιλάτου
2570 1635 2626 1688 δὲ
2661 1632 3138 1708 προκαθεζομένου
3164 1671 3177 1696 ,
3211 1629 3488 1702 ὑπηρέτου
3522 1629 3690 1700 ῥαπί-

2107 1729 2291 1794 ζοντος
2339 1728 2436 1799 τὴν
2471 1727 2694 1797 σιαγόνα
2719 1766 2734 1790 ,
2791 1725 2961 1779 ’ἰούδα
3006 1724 3386 1795 παραδιδόντος
3410 1763 3426 1787 ,
3462 1720 3712 1790 Καϊάφαν

2104 1820 2455 1884 δικάζοντος,
2524 1819 2791 1872 Ἰουδαίων
2837 1817 3280 1880 καταπτυόντων,
3339 1811 3692 1886 στρατιωτῶν

2104 1911 2504 1982 κολαφιζόντων
2536 1913 2775 1984 κεφαλὴν
2812 1912 2904 1965 τοῦ
2939 1911 3234 1981 δυναμένου
3283 1907 3511 1978 νεύματι
3545 1905 3692 1976 είλῆ-

2105 2025 2196 2061 σαι
2230 2007 2458 2076 οὐρανὸν
2494 2007 2586 2060 καὶ
2629 2006 2774 2076 γῆν;
2820 2005 2970 2075 Αὕτη
3005 2005 3040 2076 ἡ
3081 2003 3424 2074 ὑπερηφανία
3445 2039 3460 2066 ,
3500 2001 3595 2054 καὶ
3628 1995 3694 2051 τὸ

2105 2099 2327 2172 θράσος,
2359 2101 2454 2153 καὶ
2485 2102 2518 2170 ἡ
2544 2098 2670 2164 δόξα
2703 2099 2810 2152 τῶν
2832 2095 3137 2169 ἀνθρώπων
3167 2095 3260 2150 τοῦ
3285 2096 3514 2166 κόσμου,
3537 2087 3692 2155 οὗτος

2104 2186 2170 2260 ἦν
2205 2192 2233 2243 ὁ
2272 2191 2453 2262 ἅρχων
2482 2190 2576 2243 τοῦ
2604 2189 2832 2260 κόσμου,
2854 2192 2882 2242 ὁ
2907 2187 3090 2241 πεσὼν
3119 2187 3316 2258 χαμαί.
3348 2186 3556 2248 Πάντες
3583 2183 3695 2255 γάρ

2103 2284 2152 2336 οἱ
2190 2283 2299 2336 τῶν
2341 2281 2668 2353 ἀξιωμάτων
2705 2283 2763 2334 ὲν
2803 2281 2882 2352 τῷ
2915 2281 3107 2351 κόσμῳ
3145 2278 3320 2350 τούτῳ
3352 2281 3409 2333 ὲν
3445 2279 3691 2348 ὑπεροχῇ

2111 2375 2464 2446 τυγχάνοντες
2494 2375 2594 2447 τὴν
2628 2375 2801 2445 ἀρχὴν
2827 2372 3012 2443 ἔχουσι
3039 2373 3126 2426 διὰ
3157 2371 3264 2426 τῶν
3291 2373 3692 2444 φρυαγμάτων,

2105 2467 2194 2521 διὰ
2221 2466 2315 2520 τοῦ
2353 2468 2607 2539 θράσους,
2653 2467 2748 2519 καὶ
2785 2465 3002 2529 κὺδους,
3050 2465 3148 2520 καὶ
3185 2465 3588 2535 ὑπερηφανίας,
3617 2456 3694 2515 ὧν

2105 2557 2255 2614 οὐδὲν
2285 2559 2344 2612 ἐν
2374 2559 2452 2630 τῷ
2477 2559 2691 2629 Σωτῆρι
2715 2557 2966 2628 εὓρηται.
3007 2558 3194 2610 Λίνον
3219 2557 3329 2625 γὰρ
3353 2557 3698 2624 τυφόμενον

2106 2655 2178 2706 οὐ
2229 2651 2467 2716 σϐέσει,
2519 2650 2618 2706 καὶ
2651 2649 2925 2720 κάλαμον
2957 2648 3400 2718 τεθραυσμένον
3430 2649 3502 2702 οὐ
3557 2663 3696 2700 κατ·

2107 2745 2288 2810 εάξει.

2177 2930 2304 2982 ΞΗ’.
2347 2929 2457 2982 Καὶ
2483 2929 2654 2984 πολλά
2678 2931 2768 3000 μοί
2792 2933 2908 2984 ἐστι
2941 2930 3068 3002 περὶ
3098 2929 3255 2983 τοῦτο
3283 2929 3482 2998 λέγειν.
3521 2929 3691 2984 Πάλιν

2108 3023 2164 3076 δέ
2195 3039 2357 3092 φησιν
2401 3024 2430 3074 ὁ
2483 3023 2645 3086 αὑτὸς
2677 3023 2890 3095 Μάνης,
2941 3023 3022 3076 ὅτι
3088 3023 3150 3076 ’0
3197 3022 3361 3090 Θεὸς,
3399 3023 3552 3092 φησὶ,
3581 3022 3692 3076 τοῦ

419 3110 522 3164 hoc
551 3111 775 3180 insuper
805 3111 1016 3180 objicit,
1054 3109 1200 3180 quod
1229 3111 1492 3181 scriptum
1515 3123 1632 3168 est:
1677 3112 1819 3168 Deus
1848 3114 2004 3183 hujus

2110 3115 2324 3181 αἰῶνος
2363 3116 2580 3170 τούτου
2626 3116 2940 3185 ἐτύφλωσε
2981 3115 3054 3169 τὰ
3093 3115 3364 3186 νοήματα
3399 3113 3520 3170 τῶν
3554 3117 3694 3170 ἀπί-

417 3201 600 3252 ειιιειιιι
629 3202 910 3255 exornavit
948 3211 1143 3256 mentes
1175 3201 1490 3270 inﬁdelium,
1528 3213 1584 3256 ut
1609 3221 1712 3257 non
1743 3205 2010 3258 intueren-

420 3299 507 3342 tur
535 3290 805 3362 Evangelii
852 3294 1018 3348 lucem
1041 3295 1084 3349 ⁸.
1149 3295 1314 3364 Atqui
1347 3295 1393 3350 si
1435 3295 1578 3350 Deus
1625 3297 1812 3350 mundi
1849 3298 2012 3366 hujus

419 3383 686 3439 Dominus
716 3397 823 3451 est,
859 3387 986 3457 quid
1018 3385 1269 3440 Salvator
1301 3386 1491 3456 pedem
1526 3389 1580 3442 in
1615 3388 1849 3442 alienam
1883 3405 2011 3458 pos-

420 3475 720 3530 sessionem
771 3477 1074 3532 immitteus
1105 3477 1380 3532 faciebat?
1429 3476 1485 3531 Si
1523 3493 1641 3532 eam
1677 3480 1849 3548 ipsum
1880 3497 2014 3535 cou-

419 3569 721 3638 cupiverat,
755 3567 978 3625 minime
1005 3569 1060 3624 id
1093 3570 1237 3625 bono
1281 3570 1546 3641 justeque
1571 3574 1850 3627 convenit.
1913 3573 2013 3629 Sin

419 3659 628 3714 idcirco
660 3661 832 3725 venit,
879 3669 936 3713 ut
975 3675 1084 3716 non
1115 3659 1358 3730 propria,
1407 3661 1504 3717 sed
1533 3663 1712 3717 aliena
1744 3671 2010 3730 servaret,

416 3753 528 3823 jam
555 3754 657 3808 hoc
678 3752 981 3810 adulatoris
1009 3755 1243 3824 alicujus
1267 3756 1546 3825 proprium
1571 3766 1676 3822 est,
1707 3758 1800 3826 qui
1833 3759 2013 3814 alieno

417 3846 654 3916 principi
677 3846 932 3902 subditos
967 3846 1034 3900 ad
1067 3862 1152 3902 res
1187 3863 1358 3903 novas
1391 3849 1682 3905 ambitiose
1713 3865 2014 3920 provocare

418 3939 658 3994 studeat.
702 3939 858 4007 Quod
886 3941 930 3996 si
963 3956 1151 3996 eorum
1183 3957 1304 4012 qua:
1331 3943 1398 3996 ad
1433 3943 1618 3998 saeculi
1651 3943 1814 4013 hujus
1843 3943 2011 4000 Deum

417 4033 724 4103 pertinent,
772 4033 1170 4088 servandorum
1215 4035 1388 4104 gratia
1422 4036 1594 4100 venit,
1649 4036 1786 4092 bene
1825 4039 2013 4107 utique

417 4126 486 4180 de
529 4126 618 4179 illo
649 4127 875 4182 meritus
906 4134 1008 4192 est,
1053 4126 1214 4197 cujus
1244 4128 1408 4185 rebus
1452 4129 1738 4185 servandis
1789 4145 2012 4201 operam

417 4217 748 4273 adhibuerit.
779 4217 856 4273 Ac
891 4219 938 4275 si
967 4219 1134 4289 hujus
1163 4219 1254 4274 ille
1287 4221 1478 4275 saeculi
1509 4219 1652 4277 Deus
1677 4237 1808 4276 suos
1833 4237 1862 4276 a
1893 4222 2014 4276 Sal-

416 4318 602 4364 vatore
633 4309 769 4379 eripi
815 4311 1004 4366 libenti
1047 4311 1232 4366 animo
1277 4313 1503 4382 patitur,
1559 4313 1804 4382 profecto
1835 4314 2012 4369 bonus

418 4411 520 4464 est,
564 4403 656 4472 qui
699 4403 744 4456 si
775 4417 994 4459 servare
1040 4405 1224 4460 minus
1273 4405 1390 4474 ipse
1434 4406 1630 4474 possit,
1679 4407 1747 4460 de
1781 4422 2008 4461 suorum

2111 3218 2296 3266 στων,
2322 3203 2431 3256 τοῦ
2459 3203 2546 3272 μὴ
2579 3203 2954 3274 scamoniam
2984 3207 3072 3272 εἱς
3109 3206 3217 3260 τὸν
3251 3207 3560 3276 φωτισμὸν
3587 3206 3698 3262 τοῦ

2106 3298 2496 3367 Εὑαγγελίου.
2533 3299 2598 3350 Et
2635 3297 2716 3352 ἔνι
2751 3300 2781 3351 ὁ
2829 3297 2964 3362 Θεὸς
3001 3297 3096 3352 τοῦ
3141 3298 3348 3369 κόσμου
3381 3297 3595 3359 τούτου,
3643 3297 3697 3350 τί

2111 3388 2220 3458 ἄρα
2245 3388 2415 3442 ὲλθὼν
2451 3391 2480 3442 ὁ
2523 3390 2713 3462 Σωτὴρ
2748 3390 2924 3443 ἐποίει
2953 3391 3035 3453 είς
3071 3391 3143 3445 τὰ
3165 3390 3457 3459 άλλὸτρια;
3501 3389 3616 3442 Καὶ
3649 3391 3696 3442 εί

2115 3479 2216 3550 μὲν
2257 3479 2368 3534 τῶν
2409 3481 2706 3552 ἀλλοτρίων
2748 3483 2953 3552 ἐφίετο,
2991 3484 3091 3535 οὑκ
3130 3482 3246 3536 ἐστι
3273 3482 3432 3536 τοῦτο
3465 3481 3695 3550 ἀγαθοῦ,

2112 3573 2237 3628 οὔτε
2269 3575 2478 3628 δικαίου
2505 3591 2518 3606 ·
2549 3578 2598 3629 εί
2631 3575 2690 3629 δὲ
2714 3576 2900 3629 ἕνεκεν
2933 3574 3029 3628 τοῦ
3063 3574 3234 3629 σῶσαι
3257 3571 3420 3646 ἦλθεν
3443 3576 3544 3629 οὑκ
3567 3575 3694 3640 ἴδια,

2113 3667 2230 3720 ἀλλ’
2281 3667 2562 3742 ἀλλότρια,
2615 3669 2773 3722 τοῦτο
2823 3669 2920 3722 καὶ
2981 3668 3212 3732 κόλακος
3249 3669 3508 3740 τυγχάνει
3552 3668 3696 3730 τινὸς

2115 3759 2438 3832 βουλομένου
2492 3761 2886 3832 προσεπαίρειν
2936 3762 3066 3825 τοὺς
3102 3760 3197 3814 τοῦ
3246 3761 3436 3824 πέλας.
3488 3764 3597 3816 Καὶ
3647 3763 3696 3815 εἰ

2112 3851 2250 3914 ὅλως
2277 3849 2346 3904 τὰ
2369 3849 2464 3904 τοῦ
2485 3850 2620 3904 Θεοῦ
2648 3851 2742 3904 τοῦ
2765 3851 2962 3914 αἰῶνος
2989 3851 3182 3904 τούτου
3205 3848 3340 3924 ἦλθε
3365 3852 3556 3918 σῶσαι,
3587 3854 3696 3924 ἄρα

2115 3943 2266 4014 αὑτῷ
2287 3943 2365 4013 τῷ
2387 3943 2508 4014 Θεῷ
2530 3944 2625 3998 τοῦ
2649 3945 2854 4015 κόσμου
2876 3945 2977 4014 τὴν
3005 3945 3166 4016 χάριν
3191 3947 3563 4011 κατατίθεται,
3591 3945 3696 4000 ἴδια

2114 4034 2279 4088 αὑτοῦ
2312 4035 2480 4108 σκεύη
2521 4036 2862 4108 πειρώμενος
2897 4036 3110 4100 σώζειν.
3167 4037 3278 4091 Καὶ
3315 4041 3364 4092 εἰ
3396 4038 3536 4102 ὅλως
3567 4057 3696 4109 συγ-

2114 4125 2462 4179 κατατίθεται
2533 4129 2562 4179 ὁ
2615 4127 2748 4191 Θεὸς
2801 4125 2897 4180 τοῦ
2953 4129 3146 4192 αἰῶνος
3204 4129 3394 4184 τούτου
3442 4131 3536 4184 ἐπὶ
3585 4135 3695 4196 τοῖς

2113 4218 2278 4273 αὑτοῦ
2335 4219 2426 4272 διὰ
2479 4219 2574 4272 τοῦ
2627 4219 2882 4292 Σωτῆρος
2929 4219 3277 4292 σωζομένοις,
3331 4223 3438 4294 ἄρα
3489 4225 3693 4292 ἀγαθός

2114 4311 2283 4376 ἐστιν,
2317 4311 2364 4364 εί
2395 4311 2490 4364 καὶ
2523 4312 2597 4382 μὴ
2631 4310 2854 4365 δύναται
2885 4309 3098 4377 σώζειν,
3129 4312 3337 4384 χαίρων
3369 4314 3462 4367 ἐπὶ
3490 4318 3555 4386 τῇ
3585 4315 3692 4368 τῶν

2118 4402 2262 4456 ἰδίων
2299 4403 2566 4474 σωτηρίᾳ.
2607 4402 2718 4455 Καὶ
2765 4402 2917 4455 ἔσται
2960 4401 3144 4457 λοιπὸν
3180 4404 3278 4474 μία
3312 4405 3566 4460 κοινωνία
3593 4407 3694 4476 τῆς

417 4501 600 4548 tamen
629 4495 806 4550 salute
831 4495 1080 4565 gaudeat.
1105 4498 1284 4567 Atque
1306 4497 1382 4552 ita
1414 4513 1708 4554 commune
1733 4499 2004 4570 quoddam

2111 4496 2470 4568 ἁγαθότητος,
2521 4497 2604 4549 ὅτι
2651 4498 2679 4549 ὁ
2727 4495 2826 4566 μὲν
2869 4495 3166 4566 δυνάμενος
3215 4494 3398 4560 σώζει,
3445 4498 3474 4549 ὁ
3517 4497 3576 4550 δὲ
3615 4498 3691 4568 μὴ

415 4587 521 4641 erit
568 4587 828 4642 bonitatis
859 4587 1282 4654 commercium,
1321 4590 1466 4660 quod
1503 4598 1558 4645 et
1591 4592 1822 4646 salutem
1855 4592 2011 4648 all‘ert

417 4677 467 4734 is
491 4679 582 4748 qui
618 4686 825 4747 potest,
873 4687 928 4734 et
960 4680 1055 4749 qui
1099 4695 1187 4736 res
1221 4695 1351 4736 suas
1398 4696 1619 4736 servare
1661 4697 1770 4736 non
1801 4693 2003 4754 potest,

418 4771 622 4826 servari
647 4777 828 4826 tamen
858 4771 927 4825 ab
965 4771 1138 4826 altero
1176 4773 1546 4844 σεδ-689
1588 4773 1818 4829 libenter
1841 4776 2008 4842 videt,

415 4879 555 4934 quas
589 4863 753 4916 etiam
788 4863 843 4916 in
877 4862 1031 4918 lucro
1067 4875 1344 4928 numerat,
1387 4881 1510 4921 cum
1541 4866 1609 4920 ab
1647 4881 1712 4920 eo
1742 4867 1834 4937 qui
1873 4883 2010 4936 prte-

414 4957 564 5010 clare
610 4971 832 5010 servare
885 4965 1098 5026 potest,
1137 4959 1318 5012 salvas
1352 4967 1406 5012 et
1442 4958 1743 5014 incolumes
1779 4975 2006 5032 accepe-

415 5051 506 5102 rit.
559 5047 826 5104 Praeterea
871 5049 920 5102 si
971 5049 1146 5104 eidem
1190 5049 1264 5103 illi
1301 5051 1392 5120 qui
1433 5067 1653 5106 servare
1705 5067 1793 5108 res
1828 5053 2003 5124 ipsius

411 5143 618 5211 cupiat,
655 5156 998 5212 nequaquam
1032 5141 1376 5207 adversatur,
1413 5143 1634 5198 habebit
1665 5147 1714 5199 ei
1750 5147 1840 5216 qui
1881 5161 1998 5202 ser-

411 5246 500 5290 vat
530 5239 789 5307 gratiam;
831 5236 1168 5307 proindeque
1201 5237 1248 5292 is
1273 5238 1508 5307 primum
1545 5231 1694 5293 illum
1730 5239 1993 5304 servabit,

412 5329 477 5380 ad
506 5344 666 5396 quem
711 5327 802 5398 qui
841 5337 1127 5383 servantur
1157 5329 1414 5392 attinent,
1440 5336 1498 5381 ut
1529 5330 1582 5382 in
1605 5345 1670 5384 eo
1711 5330 1994 5385 liberanda

414 5422 670 5475 bonitatis
705 5437 818 5475 sua:
855 5421 1129 5491 specimen
1167 5421 1423 5492 praebeat.
1485 5421 1604 5476 Non
1637 5423 1804 5485 enim,
1838 5431 1990 5492 pulo,

417 5511 560 5566 solos
593 5512 806 5580 eripere
850 5521 1044 5568 termes
1075 5512 1241 5580 volet,
1273 5511 1552 5583 praecipuo
1591 5512 1684 5566 illo
1715 5511 1927 5572 relicto,
1965 5525 1996 5564 a

2110 4589 2406 4659 δυνάμενος
2457 4587 2528 4642 τά
2585 4587 2692 4642 ἴδια
2748 4587 2961 4654 σώζειν,
3012 4588 3193 4659 χαίρει
3225 4589 3319 4642 ἐπὶ
3364 4593 3476 4653 τοῖς
3525 4589 3692 4655 σωζο-

2115 4678 2327 4749 μένοις,
2376 4679 2569 4751 κέρδος
2615 4678 2686 4732 τά
2733 4679 2840 4732 tata
2886 4677 3186 4750 ἡγούμενος
3241 4677 3394 4749 παρὰ
3445 4680 3538 4733 τοῦ
3589 4699 3692 4734 κα-

2113 4768 2222 4832 λῶς
2279 4767 2547 4834 σώζοντος
2617 4769 2902 4840 σωζόμενα
2949 4768 3107 4839 ἔχων.
3163 4771 3274 4823 Kal.
3312 4771 3363 4824 εί
3409 4769 3547 4834 ὅλως
3591 4773 3690 4824 οὑκ

2111 4863 2450 4918 ἐναντιοῦται
2479 4862 2558 4934 τῷ
2580 4863 2889 4935 βουλομένῳ
2925 4862 2993 4917 τά
3031 4862 3136 4918 ίδια
3167 4862 3382 4930 σώζειν,
3413 4865 3507 4918 καὶ
3531 4865 3690 4936 χάριν

2107 4956 2453 5027 ὁμολογήσει.
2513 4959 2576 5011 Ei
2629 4957 2687 5011 δὲ
2740 4957 2901 5030 χάριν
2951 4957 3204 5028 ὁμολογεῖ
3263 4957 3478 5030 πρῶτον
3525 4957 3689 5012 αὑτὸν

2105 5047 2305 5114 σώζει,
2352 5043 2415 5103 οὗ
2467 5051 2517 5103 οἱ
2555 5049 2873 5120 σωζόμενοι,
2925 5049 3012 5102 ἵνα
3062 5049 3208 5120 δείξῃ
3245 5049 3331 5102 ἐπ’
3371 5037 3542 5102 ἀὑτὸν
3591 5066 3690 5104 σω·

2106 5139 2333 5208 ζόμενον
2359 5140 2458 5210 τὴν
2485 5139 2650 5192 αὐτοῦ
2688 5137 3017 5207 άγαθότητα.
3059 5139 3171 5192 Καὶ
3202 5139 3264 5191 οὑ
3297 5140 3422 5202 τοὺς
3457 5141 3692 5210 μικροὺς

2105 5231 2305 5301 μᾶλλον
2343 5231 2591 5302 βούλεται
2623 5231 2838 5294 σώζειν,
2871 5231 2966 5282 καὶ
2999 5231 3094 5301 ὲᾷν
3125 5231 3216 5284 τὸν
3257 5231 3578 5301 ἀναγκαῖον,
3629 5232 3692 5297 ἐξ

2099 5315 2272 5394 οὗπερ
2314 5323 2362 5374 οἱ
2402 5321 2696 5391 σωζόμενοι
2737 5321 3048 5389 γεγόνασιν.
3095 5321 3166 5374 Ἢ
3203 5321 3380 5385 ἄλλως
3417 5320 3602 5384 πάλιν,
3639 5321 3689 5373 εί

2103 5415 2202 5487 μὲν
2236 5415 2482 5486 βούλεται
2532 5414 2696 5468 αὑτὸν
2743 5413 2818 5484 μὴ
2863 5413 3080 5479 σώζειν,
3131 5415 3256 5478 τοὺς
3293 5415 3350 5466 δὲ
3393 5414 3486 5466 ὑπ’
3519 5413 3687 5467 αὑτοῦ

2109 5507 2291 5574 σώζει,
2329 5507 2436 5578 ἄρα
2467 5506 2527 5559 οὑ
2553 5505 2758 5560 τέλειον
2786 5504 3180 5584 ἀπεργάζεται,
3219 5505 3338 5560 οὐδὲ
3370 5505 3592 5559 δύναται
3627 5503 3690 5557 τὺ

3405 5612 3444 5646 δ

499 5739 796 5800 "‘Iloau.
843 5763 892 5808 v,
953 5746 1036 5800 l9.
1116 5747 1134 5776 ³
1199 5745 1326 5800 ibid.
1373 5743 1462 5797 Μ.
1539 5743 1559 5770 ⁸
1593 5739 1750 5794 Joan.
1833 5753 1949 5800 vni,
1999 5737 2090 5792 50.
2205 5735 2226 5766 '
2275 5734 2380 5789 lsa.
2435 5749 2569 5794 χιιι,
2621 5733 2682 5796 5;
2719 5729 2900 5782 Matth.
2957 5735 3058 5796 xu,
3105 5725 3199 5783 9.0.
3259 5725 3278 5754 ⁸
3313 5724 3496 5780 llCor.
3531 5739 3601 5791 tv,
3639 5731 3688 5780 ι.
