4008 6240
426 344 529 403 139

1797 330 1855 385 S.
1896 326 2241 397 ΕΡΙΡΗΑΝΙΙ

3584 324 3688 382 ηο

422 464 553 520 mihi
590 462 776 517 deest?
817 461 1214 529 interrogante,
1260 453 1527 509 Dominus
1569 452 1881 524 respondit:
1944 451 2004 507 Si

2115 447 2382 517 πτωχοῖς,
2409 448 2509 501 καὶ
2532 446 2679 501 λάϐε
2709 445 2819 500 τὸν
2835 446 3099 515 σταυρόν
3133 460 3251 500 σου
3270 462 3282 476 ’
3314 446 3412 501 καί
3438 445 3689 501 ἀκολού-

424 558 501 613 vis
526 556 786 627 perfectus
806 568 941 616 esse,
962 549 1122 605 vende
1139 564 1258 616 qua
1284 546 1465 610 habes,
1488 555 1536 600 et
1566 546 1636 599 da
1663 544 2003 615 pauperibus,

421 662 470 705 et
503 663 650 704 sume
689 660 895 699 crucem
938 653 1121 706 tuam,
1178 650 1227 696 et
1272 655 1482 710 sequere
1523 654 1641 702 me;
1686 647 1737 692 et
1793 638 2005 692 habebis

423 742 728 796 thesaqu
770 737 824 789 in
858 734 1011 790 caelo.
1064 732 1255 787 Atille
1289 732 1459 786 tristis
1499 731 1668 792 abiit;
1712 739 1828 785 erat
1864 732 2002 784 enim

421 831 712 888 admodum
742 829 884 883 dives
910 828 948 882 '.
995 825 1111 880 Sub
1145 826 1259 880 haec
1289 824 1586 880 Dominus:
1630 822 1869 876 Facilius
1904 832 2003 887 est,

421 924 622 996 inquit,
670 920 933 976 cametum
978 933 1074 988 per
1121 916 1358 986 foramen
1403 932 1529 970 acus
1572 914 1798 986 ingredi,
1847 930 2005 985 quam

418 1017 636 1072 divitem
662 1014 719 1067 in
751 1027 967 1082 regnum
997 1010 1247 1064 calorum
1265 1009 1308 1063 ¹.

493 1108 617 1164 Ideo
654 1105 801 1162 enim
834 1102 1045 1175 ingredi
1088 1114 1389 1173 nequeunt,
1425 1100 1571 1172 quod
1611 1114 1641 1154 a
1682 1101 1786 1155 deo
1820 1101 2004 1155 saeculi

422 1202 590 1272 hujus
621 1197 881 1254 obcaecati
913 1195 1141 1260 fuerint,
1164 1200 1219 1250 et
1242 1208 1608 1248 mammonam
1639 1207 1740 1263 pro
1773 1191 1880 1247 Deo
1910 1192 2005 1246 ha-

423 1295 553 1348 bere
582 1289 940 1355 instituerint,
984 1303 1048 1342 ac
1081 1302 1142 1343 se
1168 1285 1405 1356 denique
1436 1285 1621 1340 saeculi
1654 1285 1756 1339 deo
1787 1292 2004 1353 sponte,

423 1387 529 1442 hoc
561 1393 647 1441 est
677 1383 941 1449 avaritiae,
969 1379 1325 1449 subjecerint.
1369 1375 1450 1431 Ad
1481 1377 1624 1447 quod
1659 1377 1787 1437 illud
1825 1374 2009 1429 Salva-

425 1477 562 1533 toris
595 1482 841 1549 spectat:
905 1471 1167 1528 Attendite
1204 1488 1237 1524 a
1292 1470 1548 1540 fermento
1583 1468 2004 1531 Pharisaeorum,

423 1567 562 1627 quod
585 1576 662 1623 est
689 1565 979 1638 hypocrisis
994 1563 1034 1615 ³.
1102 1561 1224 1615 Alio
1267 1576 1396 1615 vero
1426 1560 1565 1623 loco,
1606 1561 1743 1629 quod
1773 1569 1851 1614 est
1883 1576 2008 1613 ava-

426 1661 572 1715 ritia.
593 1657 764 1728 Cujus
793 1667 850 1712 ut
881 1655 1117 1710 fructum
1148 1669 1395 1725 opusque
1423 1652 1778 1723 significaret,
1816 1651 2004 1718 Duces,

427 1752 638 1823 inquit,
687 1749 814 1803 σαεσὶ
857 1757 1001 1802 sunt.
1050 1744 1234 1800 Caecus
1280 1754 1455 1798 autem
1498 1759 1691 1798 ca’cum
1736 1743 1783 1798 si
1821 1742 2003 1809 ducat,

2109 547 2195 595 θει
2219 559 2350 612 μοι·
2400 543 2497 595 καὶ
2538 541 2699 605 ἕξεις
2734 539 3045 607 θησαυρὸν
3091 539 3160 591 ἐν
3203 537 3457 607 cummi).
3507 539 3571 591 ’0
3619 539 3686 593 δὲ

2108 632 2343 700 ἀπῆλθε
2373 633 2784 701 λυπούμενος·
2820 626 2903 700 ἥν
2939 630 3051 699 γὰρ
3090 631 3387 694 πλούσιος
3427 630 3684 698 σφόδρα.

2108 723 2240 778 Εἶτα
2270 726 2299 776 ὁ
2339 724 2543 795 Κύριος
2590 723 2692 793 ἔφη
2717 736 2731 750 ⁸
2764 721 3195 788 Εὐκοπώτερον
3233 720 3364 773 ἐστι
3412 718 3689 787 κάμηλον

2106 816 2205 871 διὰ
2241 814 2568 886 τρυμαλιᾶς
2580 813 2839 885 ῥαφίδος
2866 811 3194 877 εἰσελθεῖν,
3220 812 3261 881 ἢ
3293 811 3596 865 πλούσιον
3619 810 3692 864 ἐν

2107 909 2182 978 τῇ
2200 909 2489 977 βασιλείᾳ
2514 907 2634 962 τῶν
2653 907 2943 976 οὐρανῶν.

2179 1085 2252 1139 Οὐ
2300 1084 2522 1138 δύναται
2560 1082 2671 1153 γάρ
2701 1082 2994 1146 εἰσελθεῖν,
3022 1082 3103 1135 ὅτι
3146 1078 3535 1149 ὲτυφλὼθησαν
3582 1076 3691 1130 ὑπὸ

2106 1178 2200 1234 τοῦ
2262 1177 2385 1232 θεοῦ
2436 1176 2530 1230 τοῦ
2575 1176 2789 1240 αἰῶνος,
2836 1174 3176 1245 ἡγησάμενοι
3229 1173 3322 1225 τὸν
3374 1172 3689 1243 μαμμωνᾶν

2108 1270 2315 1325 ἑαυτῶν
2347 1270 2507 1333 Θεὸν,
2548 1270 2642 1323 καὶ
2684 1269 2910 1330 ἑαυτοὺς
2945 1266 3289 1338 ὑποχειρίους
3326 1262 3690 1333 πεποιηκότες

2107 1362 2186 1431 τῷ
2225 1360 2333 1430 θεῷ
2357 1358 2451 1413 τοῦ
2478 1357 2674 1422 αἰῶνος
2703 1357 2915 1419 τούτου,
2946 1355 3193 1409 τουτέστι
3223 1354 3288 1424 τῇ
3316 1351 3687 1423 φιλαργυρίᾳο

2108 1454 2184 1518 ὡς
2217 1453 2395 1521 λέγει·
2447 1453 2782 1521 Προσέχετε
2829 1448 2946 1504 ἀπὸ
2987 1447 3100 1517 τῆς
3138 1446 3321 1517 ζύμης
3364 1445 3475 1514 τῆς
3508 1447 3688 1511 Φαριο

2108 1547 2329 1609 σαὶων,
2357 1543 2490 1613 ἧτις
2522 1544 2692 1598 ἐστὶν
2721 1543 3041 1611 ὑπόκρισις
3061 1559 3074 1572 ·
3102 1542 3195 1594 καὶ
3228 1541 3286 1593 ἐν
3324 1539 3468 1609 ἄλλῳ
3497 1538 3652 1607 τόπῳ
3671 1552 3687 1568 ·

2109 1638 2242 1706 ἣτις
2289 1636 2421 1691 ἐστὶ
2463 1636 2841 1707 φιλαργυρία.
2887 1636 2996 1688 Καὶ
3039 1634 3126 1687 ἵνα
3178 1631 3326 1704 δείξῃ
3376 1630 3582 1701 ταύτης
3630 1629 3692 1683 τὸ

2107 1729 2456 1801 ἀποτέλεσμα
2489 1729 2583 1782 καὶ
2619 1728 2681 1781 τὸ
2715 1727 2896 1798 ἔργον,
2926 1725 3104 1795 λέγει·
3156 1724 3396 1794 Ὀδηγοί
3425 1726 3545 1777 εισι
3588 1740 3692 1777 τυ-

429 1816 583 1899 αηιίιο
615 1842 670 1895 in
713 1839 918 1909 foveam
951 1835 1137 1891 cadent
1156 1834 1197 1888 ⁸.
1249 1832 1403 1901 Quod
1452 1833 1703 1889 videlicet
1744 1849 1844 1889 sua
1885 1835 2007 1889 illos

2115 1822 2272 1890 plot.
2310 1820 2544 1890 Τυφλὸς
2576 1818 2645 1873 δὲ
2679 1818 2914 1888 τυφλὸν
2947 1816 3213 1886 ὁδηγῶν,
3250 1816 3570 1887 ἀμφότεροι
3603 1816 3694 1880 είς

427 1935 718 1991 εχοεεοετὶι
748 1932 997 1997 avaritia,
1028 1929 1122 2000 qui
1152 1936 1238 1985 est
1272 1927 1435 1997 hujus
1470 1926 1654 1981 sa:cu|i
1692 1928 1828 1983 deus
1851 1968 1866 1989 ,
1910 1942 2007 1980 ne-

428 2045 535 2100 que
566 2027 636 2082 ob
668 2041 789 2082 eam
826 2023 1125 2079 caecitatem
1160 2020 1215 2074 in
1261 2035 1453 2076 eorum
1485 2018 1745 2074 cordibus
1779 2034 2010 2089 evange-

430 2119 572 2172 licus
597 2115 688 2170 ille
713 2113 971 2185 splendor
995 2111 1251 2165 illuxerit.
1279 2110 1457 2179 Atque
1479 2109 1594 2163 haec
1621 2109 1738 2179 ipsa
1766 2109 2010 2179 pecuniae

433 2205 709 2278 cupiditas
765 2220 875 2259 non
907 2202 1067 2258 modo
1089 2199 1285 2256 Judam
1314 2200 1628 2267 excmcavit,
1655 2199 1751 2255 sed
1778 2209 1832 2255 et
1860 2199 2008 2253 Ana-

431 2300 537 2356 niae
566 2313 756 2355 necem
786 2295 990 2361 attulit,
1019 2303 1074 2350 et
1102 2295 1390 2365 plerosque
1416 2293 1557 2349 alios
1588 2292 1871 2348 exstinxit.
1909 2290 2009 2345 llic

430 2401 538 2455 est,
569 2390 816 2460 inquam,
847 2387 1014 2457 hujus
1042 2386 1228 2441 sarculi
1270 2384 1429 2450 deus,
1449 2398 1611 2454 quem
1644 2399 1744 2455 pro
1777 2382 1886 2438 Deo
1904 2384 2008 2439 sibi

432 2483 755 2553 adoptantes
780 2480 1051 2544 homines,
1074 2494 1197 2534 cum
1220 2477 1269 2531 ei
1294 2474 1618 2531 honorando
1640 2474 2007 2538 studuissent,

433 2577 724 2632 Dominum
758 2580 1240 2642 contempserunt:
1276 2569 1425 2640 quod
1453 2569 1541 2624 his
1573 2568 1689 2638 ipse
1716 2567 1899 2622 verbis
1929 2567 2007 2619 in-

431 2664 609 2719 dicat:
650 2661 823 2716 Unum
853 2659 1212 2729 amplectetur,
1249 2659 1475 2712 alterum
1498 2665 1812 2711 contemnet.
1846 2655 2006 2727 691

436 2755 558 2813 Non
606 2754 823 2826 potestis
866 2751 974 2808 Deo
1022 2752 1215 2807 servire
1251 2759 1301 2805 et
1348 2750 1724 2804 mammonae".
1774 2745 2013 2803 Videsne

432 2860 596 2918 quam
655 2845 860 2900 diserte
911 2842 1306 2912 perspicueque
1363 2854 1453 2895 res
1511 2847 1627 2894 tota
1668 2838 2014 2895 declaretur?

428 2940 565 2994 Nam
588 2939 772 2993 nullus
795 2937 931 2990 alter
954 2935 1095 2990 Deus
1116 2940 1218 3001 est,
1244 2949 1345 2988 nec
1370 2933 1426 2987 in
1447 2933 1612 2996 caelo,
1640 2946 1739 2987 nec
1763 2933 1818 2987 in
1841 2940 2009 2999 terra,

358 3020 373 3031 ’
433 3042 533 3083 nec
573 3026 698 3082 ullis
731 3024 852 3079 aliis
899 3024 956 3079 in
990 3024 1147 3087 locis,
1197 3031 1394 3093 prteter
1434 3038 1601 3078 unum
1651 3022 1892 3088 Patrem,
1945 3039 2011 3079 ex

433 3135 541 3188 quo
590 3118 812 3185 omnia;
867 3125 922 3172 et
964 3132 1133 3171 unum
1184 3117 1473 3172 Dominum
1525 3125 1779 3174 nostrum
1823 3115 2011 3171 Jesum

2103 1913 2376 1978 βόθυνον
2399 1910 2823 1981 ἐμπεσοῦνται.
2867 1909 3084 1980 Ἐπειδὴ
3117 1907 3226 1980 γὰρ
3257 1906 3565 1976 ἐτύφλωσεν
3593 1905 3694 1958 αὺ-

2108 2004 2235 2067 τοὺς
2275 2004 2308 2073 ἡ
2343 2002 2700 2073 φιλαργυρία,
2748 2004 2776 2054 ὁ
2808 2001 2928 2065 θεὸς
2959 1999 3054 2053 τοῦ
3100 1999 3295 2062 αἰῶνος
3335 1997 3547 2061 τούτου,
3596 1996 3691 2050 καὶ

2110 2094 2171 2146 οὐ
2213 2093 2563 2164 κατηύγασεν
2600 2093 2630 2144 ὁ
2662 2091 2940 2162 φωτισμὸς
2968 2091 3062 2143 τοῦ
3104 2088 3435 2158 Εὐαγγελίου
3465 2090 3523 2142 ἐν
3570 2090 3693 2151 ταῖς

2110 2186 2360 2257 καρδίαις
2392 2184 2571 2239 αὐτῶν
2591 2225 2606 2250 ,
2641 2185 2729 2238 διὰ
2758 2184 2819 2238 τὸ
2862 2182 3235 2252 τετυφλῶσθαι
3265 2183 3393 2254 περὶ
3434 2182 3534 2253 τὴν
3567 2182 3691 2251 φιλ-

2110 2277 2397 2348 αργυρίαν.
2443 2274 2590 2347 Αὖτη
2632 2275 2742 2347 γὰρ
2770 2275 2861 2328 τὸν
2913 2274 3112 2328 Ἰούδαν
3151 2272 3491 2343 ὲτύφλωσεν’
3550 2271 3693 2342 αῦτη

2111 2367 2207 2419 καὶ⁷
2254 2367 2381 2429 τοὺς
2415 2366 2543 2436 περὶ
2593 2366 2843 2419 Ἀνανίαν
2885 2364 3239 2418 ἀπέκτεινεν
3284 2363 3422 2435 αῦτη
3464 2363 3694 2427 πολλοὺς

2114 2456 2414 2530 ἡφάνησεν.
2458 2451 2629 2521 Οὗτός
2670 2461 2817 2512 ἐστιν
2853 2460 2882 2512 ὁ
2924 2457 3047 2521 θεὸς
3082 2457 3177 2510 τοῦ
3224 2455 3420 2520 αἰῶνος
3465 2455 3691 2508 τούτου·

2114 2552 2171 2605 ὃν
2213 2552 2576 2622 αἱρησάμενοι
2620 2551 2752 2605 Θεὸν
2798 2553 2847 2605 oi
2898 2550 3174 2623 ἄνθρωποι
3223 2549 3551 2603 ἐπελάϐοντο
3595 2549 3697 2620 τῆς

2112 2646 2249 2717 πρὸς
2282 2644 2446 2699 αὐτὸν
2475 2644 2663 2715 τιμῆς,
2691 2646 2785 2698 καὶ
2813 2642 3225 2713 κατεφρόνησαν
3248 2639 3342 2694 τοῦ
3362 2640 3596 2712 Κυρίου,
3618 2641 3698 2703 ὡς

2111 2734 2293 2803 λέγει·
2342 2733 2451 2788 Τοῦ
2492 2736 2607 2803 μὲν
2638 2733 2777 2800 ἑνὸς
2824 2734 3165 2799 ἀνθέξεται,
3216 2733 3321 2787 τοῦ
3369 2733 3438 2786 δὲ
3487 2731 3697 2802 ἐτέρου

2113 2827 2576 2897 καταφρονήσει.
2621 2828 2703 2881 Οὐ
2745 2826 3013 2881 δύνασθε
3046 2826 3168 2891 Θεῴ
3206 2825 3549 2892 δουλεύειν,
3596 2826 3699 2879 καὶ

2106 2917 2420 2990 μαμμωνᾷ.
2457 2918 2569 2972 Καὶ
2606 2918 2740 2990 ὁρᾷς
2778 2917 2956 2990 ῥητῶς
2993 2919 3089 2972 καὶ
3129 2917 3315 2988 σαφῶς
3365 2919 3425 2971 τὸ
3461 2920 3699 2989 πρᾶγμα

2113 3011 2579 3084 ἐρμηνευόμενον;
2643 3009 2831 3072 Οὐδεὶς
2883 3010 2990 3080 γὰρ
3037 3009 3115 3062 ἔνι
3163 3009 3348 3080 ἕτερος
3398 3008 3549 3072 Θεὸς,
3595 3011 3699 3064 οὐκ

2113 3107 2171 3159 ὲν
2199 3105 2432 3177 οὐρανῷ,
2461 3104 2560 3157 οὐκ
2588 3104 2647 3156 ὲν
2674 3104 2739 3173 τῇ
2773 3104 2866 3173 γῇ,
2893 3102 2992 3154 οὐκ
3032 3104 3089 3155 ὲν
3116 3103 3250 3154 πᾶσι
3290 3102 3530 3172 χωρίοις,
3559 3100 3698 3154 ἀλλά

431 3210 736 3275 Christum,
764 3224 859 3278 per
885 3222 1047 3278 quem
1071 3208 1284 3273 omnia;
1310 3214 1366 3263 et
1393 3223 1563 3263 unum
1586 3206 1851 3277 Spiritum
1881 3221 2008 3263 san-

2115 3193 2193 3261 εἴς
2222 3198 2432 3269 Πατὴρ,
2463 3196 2523 3260 ἐξ
2551 3189 2610 3250 οὗ
2639 3195 2708 3247 τὰ
2737 3195 2943 3256 πάντα,
2989 3195 3082 3247 καὶ
3123 3188 3203 3257 εἷς
3236 3194 3440 3265 Κύριος
3488 3194 3698 3265 Ἰησοῦς

433 3309 603 3366 ctum,
635 3300 690 3353 in
722 3314 832 3368 quo
863 3298 1046 3352 omnia
1074 3315 1089 3364 ;
1130 3314 1252 3368 quae
1278 3308 1362 3354 est
1382 3301 1713 3369 sempiterna
1746 3295 2011 3365 Trinitas,

432 3401 488 3451 et
520 3408 630 3448 una
666 3391 947 3462 divinitas,
967 3390 1055 3444 cui
1078 3405 1177 3444 nec
1202 3390 1463 3445 accedere
1495 3390 1775 3461 quidpiam
1809 3395 2011 3459 potest,

435 3501 536 3543 nec
558 3483 842 3541 decedere.

503 3661 671 3718 LXX.
710 3658 814 3715 Sed
849 3659 959 3730 jam
993 3658 1059 3714 ad
1099 3658 1206 3712 alia
1237 3663 1604 3721 transeamus,
1649 3668 1811 3727 atque
1850 3656 2014 3726 hujus

436 3755 644 3818 bestiae,
674 3763 728 3809 et
758 3752 990 3819 inimici,
1011 3760 1174 3823 atque
1198 3750 1527 3807 inseeutoris
1553 3750 1776 3820 laqueos
1808 3750 2012 3806 discer-

436 3863 650 3919 pamus,
682 3861 714 3902 o
738 3843 1049 3900 charissimi
1076 3845 1089 3898 ι
1136 3842 1272 3898 adeo
1307 3851 1366 3897 ut
1403 3857 1523 3911 qua:
1549 3842 1618 3898 ab
1647 3842 1739 3897 illo
1767 3840 2016 3896 affectata

435 3936 729 3993 verborum
779 3933 1019 3988 novitate
1050 3931 1328 4001 disputata
1358 3940 1488 3985 sunt
1517 3931 1583 3985 ad
1614 3931 1861 3985 veritatis
1895 3946 2015 3985 ser-

436 4043 653 4083 monem
668 4025 1088 4088 transferamus,
1104 4025 1159 4078 in
1177 4038 1363 4078 eorum
1383 4022 1636 4094 gratiam,
1660 4022 1753 4090 qui
1768 4021 2016 4076 veritatis

436 4122 837 4194 cognoscenda:
858 4119 1131 4175 desiderio
1154 4125 1428 4179 tenentur,
1459 4125 1620 4185 atque
1640 4114 1709 4168 ab
1728 4112 1891 4183 impia
1905 4113 2019 4166 hae-

436 4229 630 4271 reseon
664 4213 908 4268 omnium
952 4210 1199 4265 doctrina
1243 4208 1486 4263 animum
1523 4214 1767 4262 avertere
1804 4204 2014 4259 volunt.

435 4305 618 4377 Pergit
643 4305 809 4375 igitur
839 4306 1013 4374 legem
1037 4318 1101 4357 ac
1123 4302 1418 4373 prephetas
1448 4298 1824 4368 perstringens
1854 4297 2019 4351 homo

436 4406 547 4450 tam
576 4396 845 4459 veritatis,
871 4409 1035 4467 quam
1070 4391 1317 4463 Spiritus
1351 4389 1550 4454 sancti,
1588 4389 1684 4458 qui
1714 4387 1770 4441 in
1802 4386 1923 4457 lege
1953 4400 2018 4440 ac

437 4486 717 4558 prophetis
764 4487 978 4539 locutus
1026 4492 1133 4546 est,
1187 4483 1474 4547 inimicus;
1538 4488 1703 4551 atque
1753 4479 2016 4535 adversus

436 4580 683 4635 omnium
714 4576 1052 4632 conditorem
1082 4577 1272 4640 Deum,
1297 4576 1393 4646 qui
1422 4576 1476 4630 in
1503 4576 1620 4644 lege
1643 4589 1707 4629 ac
1738 4574 2017 4645 prophetis

436 4674 656 4729 locutus
683 4680 789 4736 est,
818 4669 1178 4738 eumdemque
1204 4668 1418 4724 Domini
1451 4669 1627 4724 nostri
1651 4667 1779 4723 Jesu
1815 4667 2018 4725 Christi

437 4764 681 4828 Patrem,
725 4778 792 4819 ea:
818 4780 920 4835 quo
947 4764 1118 4817 omnis
1151 4763 1443 4830 paternitas
1468 4762 1522 4815 in
1561 4762 1688 4816 caelo
1718 4770 1767 4815 et
1793 4762 1849 4815 in
1876 4770 2019 4815 terra

438 4858 747 4913 nominatur
762 4856 805 4922 ⁸,
837 4857 1018 4910 laxata
1048 4855 1323 4910 elfrenatae
1344 4854 1541 4925 lingua:
1568 4854 1870 4923 petulantia
1900 4870 2017 4910 om-

437 4951 526 5007 nis
561 4950 711 5004 illum
734 4948 1051 5019 cupiditatis
1077 4956 1378 5011 auctorem,
1407 4962 1471 5001 ac
1494 4946 1748 5012 caedium,
1781 4946 2020 5016 reliquo-

437 5056 672 5112 rumque
707 5039 1013 5095 facinorum
1047 5039 1329 5094 exstitisse
1357 5037 1550 5104 docet;
1596 5039 1799 5108 quippe
1840 5038 1933 5109 qui
1962 5047 2017 5093 et

439 5143 620 5190 vestes
641 5131 914 5204 Egyptiis
947 5131 1160 5202 eripere
1189 5130 1476 5201 jusserit",
1505 5139 1560 5185 et
1592 5147 1717 5185 cum
1747 5131 2014 5187 sacriﬁcia

441 5227 661 5282 sibimet.
675 5225 896 5289 offerre,
923 5234 1035 5278 tum
1053 5239 1393 5294 quaecunque
1417 5225 1521 5278 alia
1546 5224 1680 5294 legis
1697 5223 2018 5294 praescripto

440 5320 794 5373 mandantur.
845 5317 991 5384 Quin
1022 5325 1076 5373 et
1110 5316 1441 5372 homicidam
1477 5315 1807 5383 interficere,
1841 5330 2019 5384 neque

442 5409 615 5479 priori
654 5410 803 5466 caede
852 5418 1140 5467 contentos
1172 5411 1422 5475 alteram,
1466 5409 1623 5480 quasi
1664 5408 1731 5463 ad
1779 5408 2018 5480 priorem

442 5500 867 5568 vindicandam,
920 5513 1255 5575 perpetrare.
1312 5500 1452 5558 Tum
1497 5518 1628 5557 vero
1683 5502 2022 5572 cupiditates

2117 3289 2371 3361 Χριστὸς,
2403 3288 2469 3341 δι’
2496 3280 2556 3340 οῦ
2587 3286 2655 3340 τὰ
2683 3287 2894 3350 πάντα,
2932 3287 3024 3339 καὶ
3061 3286 3118 3338 ἓν
3151 3286 3373 3357 Πνεῦμα
3403 3286 3464 3339 τὸ
3516 3287 3696 3353 ἆγιον,

2116 3381 2175 3433 ὲν
2196 3373 2240 3448 ᾧ
2267 3379 2335 3433 τὰ
2367 3381 2564 3433 πάντα·
2595 3379 2682 3432 ἀεὶ
2708 3374 2843 3432 οὖσα
2880 3380 2913 3448 ἡ
2938 3377 3127 3449 Τριὰς,
3166 3378 3265 3448 μία
3297 3380 3330 3447 ἡ
3361 3378 3572 3448 θεότης,
3603 3380 3702 3432 καὶ⁵

2122 3471 2387 3543 μηδέποτε
2438 3469 2756 3540 προσθήκην
2796 3468 3180 3541 λαμϐάνουσα,
3236 3469 3360 3522 οὔτε
3408 3470 3700 3541 ἀφαίρεσιν

2118 3563 2458 3634 ἐνδεχομένη.

2189 3657 2265 3709 0'.
2298 3656 2495 3725 Ἴωμεν
2516 3654 2572 3708 δὲ
2600 3656 2685 3726 ἐφ’
2712 3655 2875 3728 ἕτερα
2911 3656 3091 3721 πάλιν,
3138 3655 3231 3709 καὶ
3258 3654 3324 3709 τά
3347 3654 3538 3709 δίκτυα
3569 3654 3698 3709 τοὺ-

2117 3764 2210 3801 του
2236 3745 2330 3800 τοῦ
2362 3746 2527 3817 θηρὸς
2569 3746 2663 3800 καὶ
2691 3746 2885 3817 ἐχθροῦ
2930 3748 3023 3800 καὶ
3056 3746 3341 3818 ὲκδικητοῦ
3384 3746 3702 3800 διασπασὼ-

2122 3839 2280 3910 μεθα,
2306 3839 2600 3908 ἀγαπητοὶ,
2629 3839 2720 3892 ἐπὶ
2752 3839 2849 3910 τὴν
2875 3840 3074 3910 φράσιν
3109 3840 3207 3910 τῆς
3233 3839 3489 3910 ἀληθείας
3509 3839 3577 3893 τά
3602 3840 3702 3893 ὑπ’

2119 3929 2284 3984 αὐτοῦ
2321 3930 2773 4002 ξενολεκτούμενα
2813 3932 3068 4003 φέροντες
3101 3935 3213 3996 τοῖς
3247 3932 3592 4004 βουλομένοις
3628 3934 3702 3986 τά

2117 4023 2218 4093 τῆς
2250 4023 2506 4095 ἀληθείας
2526 4023 2884 4094 καταμαθεῖν,
2912 4024 3005 4076 καὶ
3032 4024 3434 4094 ἀποτρέπεσθαι
3460 4024 3551 4078 τὸν
3572 4024 3701 4079 νοῦν

2118 4115 2227 4168 ἀπὸ
2272 4114 2760 4177 κακοδιδασκαλίας
2795 4113 2974 4185 πάσης
3009 4114 3294 4184 αἱρέσεως.
3362 4115 3703 4186 Ἐπιλαμδά-

2118 4226 2268 4261 νεται
2288 4207 2394 4278 γὰρ
2417 4208 2510 4261 τοῦ
2540 4208 2703 4278 νόμου
2734 4206 2893 4260 πάλιν
2917 4208 3010 4260 καὶ
3032 4205 3139 4259 τῶν
3165 4208 3479 4280 προφητῶν,
3506 4209 3704 4281 ὲχθρὸς

2117 4297 2193 4352 ὢν
2224 4300 2323 4370 τῆς
2367 4297 2626 4369 ἀληθείας
2667 4298 2761 4351 καὶ
2801 4298 2894 4351 τοῦ
2928 4298 3084 4367 ἁγίου
3134 4299 3482 4370 Πνεῦματος,
3514 4300 3609 4355 τοῦ
3641 4304 3705 4355 ὲν

2119 4391 2269 4463 νόμῳ
2298 4392 2392 4445 καὶ
2425 4391 2483 4443 ἐν
2510 4391 2821 4461 προφήταις
2851 4390 3229 4462 λελαληκότος.
3267 4393 3375 4446 Καί
3399 4411 3532 4465 φησι
3551 4390 3702 4465 ,χα-

2119 4486 2289 4549 λάσας
2314 4483 2582 4554 γλῶσσαν,
2609 4482 2684 4547 ὡς
2709 4485 2803 4537 καὶ
2830 4484 2940 4547 ἀεὶ,
2972 4484 3112 4538 κατά
3135 4484 3230 4538 τοῦ
3258 4485 3392 4538 Θεοῦ
3419 4486 3510 4540 τοῦ
3538 4488 3701 4559 ποιή-

2048 4555 2093 4610 D
2123 4594 2314 4640 σαντος
2352 4576 2423 4629 τά
2470 4576 2679 4641 πάντα,
2720 4575 3055 4647 λαλήσαντός
3097 4592 3158 4630 τε
3209 4579 3267 4631 ὲν
3315 4579 3463 4650 νόμῳ
3507 4580 3600 4634 καὶ
3641 4555 3705 4635 έν

2120 4669 2461 4741 προφήταις,
2506 4666 2721 4737 Πατρὸς
2754 4668 2906 4733 ὄντος
2948 4668 3042 4722 τοῦ
3077 4670 3283 4740 Κυρίου
3327 4670 3480 4740 ὑμῶν
3526 4672 3703 4742 Ἰησοῦ

2120 4760 2357 4831 Χριστοῦ
2378 4801 2392 4825 ,
2425 4760 2493 4825 ἐξ
2532 4756 2604 4816 οὗ
2635 4759 2806 4815 πᾶσα
2847 4760 3063 4830 πατριὰ
3103 4762 3173 4816 ἐν
3199 4761 3434 4831 οὐρανῷ
3473 4760 3572 4817 καὶ
3602 4766 3706 4819 ἐπὶ

2120 4855 2234 4926 γῆς
2258 4852 2619 4923 ὀνομάζεται·
2646 4854 2739 4907 καί
2763 4872 2928 4924 φησιν
2946 4871 2958 4884 ·
2992 4853 3084 4917 Ἐξ
3110 4853 3275 4908 αὐτοῦ
3299 4854 3584 4926 ἐπιθυμία,
3610 4859 3707 4912 καὶ

2119 4948 2181 5014 ἐξ
2218 4945 2385 5000 αὑτοῦ
2431 4946 2599 5016 φόνοι,
2647 4947 2742 5000 καὶ
2778 4946 2846 4998 τὰ
2885 4945 3019 4999 ἄλλα
3053 4945 3249 4998 πάντα.
3300 4947 3709 5019 Παρεκςελεύετο

2121 5040 2230 5110 γὰρ
2279 5039 2372 5092 καὶ
2413 5037 2601 5107 ἱμάτια
2633 5035 2952 5107 ἀφαρπάξαι
2985 5035 3093 5088 τῶν
3138 5038 3479 5105 Αἰγυπτίων,
3515 5038 3707 5105 θυσίας

2122 5133 2179 5186 δὲ
2207 5130 2353 5202 σὺτῷ
2381 5128 2818 5200 προσφέρεσθαι,
2850 5129 2942 5181 καὶ
2966 5128 3034 5182 τὰ
3067 5129 3202 5183 ἄλλα
3230 5131 3403 5184 πάντα
3436 5132 3535 5185 ὅσα
3558 5150 3702 5204 παρα

2126 5226 2236 5296 ἐχει
2287 5224 2464 5294 νόμος.
2503 5221 2749 5274 Φονεύειν
2798 5222 2855 5274 δὲ
2892 5221 2982 5273 τὸν
3020 5223 3332 5289 φονεύοντα,
3379 5224 3454 5288 ὡς
3509 5219 3708 5296 μηκέτι

2126 5317 2411 5388 ἀρκεῖσθαι
2441 5313 2521 5384 τῷ
2555 5312 2753 5384 πρώτῳ
2792 5314 2958 5384 φόνῳ,
2982 5315 3117 5368 ἀλλὰ
3146 5316 3241 5369 καὶ
3263 5315 3517 5387 δεύτερον
3543 5317 3711 5388 ἐργά-

2128 5406 2336 5473 ζεσθαι,
2375 5405 2535 5476 δῆθεν
2565 5405 2905 5471 ἐκδικοῦντος
2932 5407 3097 5461 αὐτοῦ
3134 5408 3226 5461 τὸν
3264 5409 3480 5479 πρῶτον
3524 5412 3706 5479 φόνον,

2128 5497 2415 5570 ἐμϐάλλειν
2440 5513 2499 5550 τε
2527 5496 2825 5568 ἐπιθυμίας
2850 5500 2928 5561 εἰς
2968 5497 3068 5561 τὰς
3092 5497 3328 5563 διανοίας
3361 5498 3470 5553 τῶν
3497 5497 3711 5571 ἀνθρώ-

514 5703 534 5736 ι
575 5700 766 5758 Matth.
809 5717 920 5766 xu,
956 5700 1160 5771 21,22.
1236 5699 1409 5757 'ibid.
1449 5699 1541 5755 2i.
1619 5696 1796 5751 ’Luc.
1831 5696 2000 5763 xn,‘l.
2076 5694 2100 5727 ⁸
2130 5694 2324 5750 Matth.
2357 5710 2446 5763 xv,
2491 5695 2574 5751 14.
2639 5695 2677 5741 τ’
2711 5694 2904 5753 Matth.
2948 5698 3138 5763 v1.24.
3216 5700 3461 5772 ‘Ephes.
3490 5716 3575 5765 tu.
3617 5699 3706 5756 15.

448 5773 673 5832 'Exod.
724 5787 803 5839 tu,
858 5774 916 5827 2.
