4008 6240
341 358 435 418 ιιι

1082 365 1452 426 Αονειιδυε
1492 362 1838 423 HAERESES
1871 363 1917 417 ιλ

2044 364 2108 418 ΙΙ.
2151 364 2314 421 TOM.
2360 364 2513 420 11.--
2548 366 2827 423 ῙΙΕΒΕΞ.
2865 369 3050 430 LXVI.

3514 377 3537 431 Ι
3547 375 3621 434 ιε

338 480 594 544 πων,ικα“ι
618 479 971 552 διηγούμενος
989 489 1266 554 γυναικῶν
1284 490 1301 522 ⁸
1332 490 1427 544 καὶ
1453 490 1564 544 τῶν
1583 488 1759 543 ἄλλων
1786 504 1917 558 πρα-

2033 484 2317 540 hominum
2345 485 2546 542 animis
2576 484 2777 556 injicit,
2814 502 2879 544 ac
2913 487 2982 544 de
3023 490 3351 547 mulieribus
3375 494 3619 550 caneris-

334 573 581 645 γμάτων,
601 573 915 645 Ἐχεθύμως
937 576 1018 641 δὲ,
1042 580 1231 650 φησὶν,
1248 579 1405 650 όλίγα
1420 580 1550 651 περὶ
1573 578 1669 633 τοῦ
1690 577 1929 651 Χριστοῦ

337 667 765 738 προεφήτευσεν,
806 668 895 722 ἵνα
935 668 1025 724 διὰ
1064 672 1175 726 τῶν
1206 672 1405 743 ὀλίγων
1434 673 1798 745 πιστοποιήσῃ
1836 689 1931 725 πι-

334 756 720 829 θανολογήσας.
748 759 856 813 Καὶ
883 759 1057 815 ταῦτα
1082 757 1150 833 ἦν
1176 764 1246 816 τὰ
1280 765 1506 837 ῥήματα
1528 764 1624 817 τοῦ
1649 763 1927 835 τολμηροῦ

334 850 529 920 Μάνη,
585 849 621 904 ἃ
677 851 820 903 κατὰ
862 851 954 904 τοῦ
1009 854 1138 907 ίδίου
1185 856 1456 909 Δεσπότου
1503 856 1929 928 ἁθυρογλώττως

332 940 654 1011 φθέγγεται.
686 941 1043 1016 Κατανοήσας
1071 946 1132 1000 δέ
1170 964 1254 1011 τις
1290 948 1391 1001 ίὸοι
1433 950 1600 1020 μηδὲν
1643 950 1830 1020 ἕτερον
1869 951 1927 1001 ὲν

328 1033 506 1106 τούτῳ
535 1035 863 1106 φαινόμενον
890 1036 1006 1090 ἀλλ’
1030 1038 1064 1108 ἢ
1088 1040 1474 1111 φρενιτιῶντος
1501 1040 1656 1112 ἔργα.
1703 1041 1792 1104 Ὧς
1819 1040 1927 1112 γὰρ

326 1125 357 1178 ὁ
383 1125 484 1196 τὴν
498 1127 740 1195 φρενῖτιν
762 1124 920 1196 ἔχων,
950 1126 1223 1200 μάχαιραν
1255 1129 1379 1183 καθ’
1400 1131 1596 1185 ἑαυτοῦ
1623 1130 1923 1196 ὁπλίζεται,

328 1217 425 1272 καὶ
470 1217 562 1272 διὰ
604 1218 703 1290 τὴν
732 1219 1030 1290 ἐπιληψίαν
1065 1220 1165 1285 τὰς
1201 1222 1395 1276 ἑαυτοῦ
1440 1224 1648 1296 σάρκας
1688 1223 1921 1294 τέμνων,

326 1309 542 1380 νομίζει
581 1310 811 1383 ἐχθροὺς
834 1312 1174 1383 ἀμύνασθαι,
1198 1315 1292 1369 καὶ
1313 1316 1414 1370 οὐκ
1443 1312 1583 1370 οἶδεν
1612 1332 1626 1345 °
1662 1316 1804 1370 οὕτω
1831 1317 1925 1371 καὶ

324 1393 481 1466 οὗτος
509 1402 631 1457 καθ’
653 1405 848 1458 ἑαυτοῦ
872 1405 1227 1472 διοπλίζεται,
1256 1410 1331 1481 μὴ
1354 1409 1488 1464 νοῶν
1508 1408 1607 1472 τὰς
1638 1408 1832 1474 λέξεις,
1856 1408 1923 1473 ἃς

326 1495 450 1551 καθ’
484 1496 680 1551 ἑαυτοῦ
709 1497 1015 1567 ἐφέλκεται.
1050 1502 1114 1554 Εἰ
1144 1501 1257 1575 γὰρ
1284 1502 1346 1567 ἐξ
1376 1501 1542 1556 αὑτοῦ
1572 1504 1606 1575 ή
1633 1503 1917 1575 ἐπιθυμία,

325 1585 425 1641 καὶ
475 1586 774 1658 ἐπιθυμίας
823 1592 1072 1660 ἐνεργεῖ,
1121 1592 1240 1656 πῶς
1288 1592 1400 1647 ἄνω
1446 1594 1541 1647 καὶ
1590 1593 1741 1648 κάτω
1777 1594 1921 1649 κατὰ

325 1676 624 1749 ἐπιθυμίας
656 1679 858 1751 γράφει
885 1683 914 1734 ὁ
948 1682 1047 1752 τὴν
1079 1683 1376 1754 ἐπιθυμίαν
1408 1684 1727 1756 ὲμὸάλλιο›ν;
1763 1688 1793 1739 ὁ
1834 1686 1920 1739 λέ-

326 1783 442 1836 γων
461 1790 476 1802 ο
502 1768 602 1836 Μὴ
636 1769 1024 1840 ἐπιθυμήσῃς
1053 1772 1127 1826 τὰ
1156 1774 1267 1827 τοῦ
1315 1778 1606 1843 πλησίον,
1625 1776 1783 1846 μηδὲ
1809 1778 1918 1831 τὸν

323 1861 486 1926 ,Βοῦν
516 1862 725 1927 αὐτοῦ,
758 1863 916 1932 μηδὲ
945 1864 1014 1919 τὸ
1043 1866 1361 1937 ὑποζύγιον
1389 1870 1598 1937 αὑτοῦ,
1627 1871 1785 1942 μηδέ
1803 1871 1921 1940 τὴν

325 1952 664 2020 παιδίσκην
695 1956 885 2010 αὐτοῦ
905 1998 920 2020 ,
951 1957 1108 2027 μηδὲ
1152 1960 1257 2013 τὸν
1293 1962 1482 2031 tide
1511 1965 1697 2019 αὐτοῦ
1718 2006 1733 2031 ,
1760 1966 1921 2036 μηδὲ

325 2043 443 2112 τὴν
470 2044 730 2113 γυναῖκα
763 2048 974 2109 αὐτοῦ,
1014 2049 1172 2118 μηδὲ
1209 2051 1328 2105 ὅσα
1360 2052 1494 2107 ἐστὶ
1525 2054 1607 2121 τῷ
1650 2057 1921 2124 πλησίον

324 2149 444 2190 σου
463 2152 476 2165 ·
507 2138 556 2189 εί
585 2138 803 2209 ἀναιρεῖ
829 2138 928 2210 τὴν
965 2140 1260 2213 ἐπιθυμίαν
1282 2185 1296 2208 ,
1326 2147 1429 2199 οὐκ
1466 2147 1629 2211 αὐτὸς
1666 2147 1766 2217 τῆς
1798 2151 1919 2201 ἑπι-

324 2227 528 2298 θυμίας
554 2230 673 2282 ἐστὶ
706 2231 963 2301 χορηγός.

396 2404 521 2456 OA’.
552 2402 678 2467 Πῶς
716 2402 831 2470 οὖν,
872 2407 1073 2477 φησὶν,
1118 2410 1422 2464 ἐνετείλατο
1460 2413 1751 2468 σκυλεῦσαι
1790 2418 1914 2481 τοὺς

322 2495 680 2563 Αἰγυπτίους,
715 2498 772 2548 ἐν
801 2497 878 2567 τῷ
903 2499 1106 2563 ἐξιέναι
1139 2502 1335 2565 αὐτοὺς
1364 2506 1428 2556 ἐκ
1461 2506 1563 2576 γῆς
1596 2507 1911 2575 Αἱγύπτους

324 2586 463 2640 Ναί·
500 2586 710 2652 δίκαιος
734 2589 844 2660 γάρ
871 2591 987 2643 ἐστι
1023 2592 1236 2664 κριτὴς,
1276 2594 1353 2657 ὡς
1396 2596 1491 2647 καὶ
1520 2599 1622 2667 ήδη
1657 2598 1915 2665 πολλάκις

324 2678 548 2757 εἴρηκαΙ
573 2679 704 2751 περὶ
734 2680 946 2734 τούτου.
993 2683 1101 2735 Καὶ
1136 2684 1224 2736 ἵνα
1272 2686 1451 2757 δείξῃ,
1482 2688 1564 2741 ὅτι
1610 2689 1712 2742 οὐκ
1754 2691 1916 2756 αὐτὸς

325 2769 558 2822 ἐνδεῖται
590 2770 825 2838 θυσιῶν,
852 2775 1017 2842 φησὶν
1046 2776 1103 2828 ὲν
1134 2776 1212 2845 τῷ
1247 2780 1499 2850 προφήτῃ
1519 2795 1535 2809 ⁶
1570 2779 1623 2833 Μ
1632 2780 1668 2849 ὴ
1697 2784 1915 2851 θυσίας

326 2863 784 2934 προσηνέγκατέ
814 2884 936 2935 μοι,
969 2863 1135 2934 οἶκος
1171 2870 1430 2938 Ἰσραὴλ,
1458 2873 1915 2941 τεσσαράκοντα

322 2958 462 3027 Ern;
490 2961 654 3029 λέγει
694 2962 923 3030 Κύριος.
971 2962 1090 3017 Τίνι
1122 2960 1214 3017 οὖν
1247 2961 1387 3035 ἦσαν
1429 2969 1486 3020 αἱ
1534 2970 1913 3041 προσφερόμε-

324 3066 452 3111 ναι;
487 3050 649 3121 Αὐτῷ
684 3051 782 3122 μὲν
837 3052 976 3105 κατὰ
1023 3054 1119 3124 τὴν
1162 3056 1399 3110 διάνοιαν
1440 3057 1547 3110 τῶν
1580 3062 1914 3131 προσφερόν-

325 3157 439 3194 των
467 3156 479 3169 ’
522 3142 684 3206 αὐτὸς
723 3143 781 3197 δὲ
823 3145 920 3214 οὐχ
950 3145 1137 3199 ἕνεκεν
1173 3145 1266 3200 τοῦ
1294 3149 1560 3202 ἐνδεῖσθαι
1611 3152 1912 3221 προστέτα-

2032 593 2139 648 que
2162 578 2285 648 ejus
2316 578 2537 650 generis
2562 578 2831 649 disputat.
2884 579 3096 637 Callide
3123 598 3274 649 vero,
3311 584 3512 656 inquit,
3550 585 3619 641 de

2029 670 2250 725 Christo
2280 685 2455 741 pauca
2490 671 2765 741 praedixit,
2797 674 2877 727 uti
2905 675 3099 745 paucis
3124 676 3232 733 illis
3257 679 3490 748 (ιιικεὶιο
3513 678 3618 735 sibi

2031 762 2221 817 colore
2262 763 2426 818 iidem
2476 763 2700 818 faceret.
2755 762 2851 819 Ha:
2893 773 3023 821 sunt
3058 768 3334 823 temerarii
3381 769 3618 826 hominis

2029 866 2213 916 voces,
2261 869 2399 921 quas
2433 852 2487 906 in
2523 852 2811 907 Dominum
2850 870 3011 909 suum
3047 858 3360 925 procaciter
3401 859 3613 913 eﬂ'udit.

2028 942 2175 1008 Quas
2215 944 2261 997 si
2304 945 2429 1013 quis
2470 944 2794 1015 diligentius
2824 947 3215 1015 considerarit,
3256 951 3390 1004 nihil
3426 954 3481 1006 in
3530 953 3615 1006 his

2025 1034 2175 1089 aliud
2200 1044 2562 1106 praiterquam
2583 1037 2889 1107 phrenetici
2918 1038 3158 1095 hominis
3183 1039 3326 1095 facta
3346 1058 3615 1113 apparere

2025 1137 2341 1197 cognoscet.
2373 1127 2443 1183 Ut
2470 1130 2617 1184 enim
2642 1129 2951 1199 phrenitide
2982 1130 3265 1197 laborans,
3298 1134 3345 1189 si
3374 1135 3611 1205 gladium

2025 1227 2219 1272 nactus
2271 1217 2463 1284 fuerit,
2511 1228 2704 1273 contra
2758 1220 3002 1289 seipsum
3059 1234 3340 1292 armatur,
3392 1239 3458 1280 ac
3505 1240 3614 1296 pra:

2024 1309 2262 1363 amentia
2301 1326 2432 1365 suas
2469 1311 2585 1380 ipse
2617 1326 2817 1366 carnes
2862 1313 3163 1370 concidens
3197 1315 3391 1370 ulcisci
3426 1331 3487 1371 se
3518 1315 3615 1371 ho-

2023 1408 2136 1457 stes
2166 1401 2464 1465 existimat,
2496 1411 2550 1458 et
2579 1402 2711 1475 quid
2740 1413 2865 1473 agat
2894 1406 3108 1475 ignorat
3155 1426 3169 1462 :
3199 1409 3279 1462 sic
3310 1407 3411 1463 iste
3442 1409 3497 1463 in
3524 1422 3617 1464 se-

2021 1494 2198 1563 ipsum
2230 1509 2383 1548 arma
2408 1497 2700 1558 convertit,
2724 1496 2853 1549 dum
2882 1512 3049 1553 voces
3073 1497 3217 1561 illas,
3249 1513 3388 1568 quas
3409 1508 3611 1556 contra

2019 1602 2081 1642 se
2130 1587 2361 1657 profert.
2422 1603 2528 1641 non
2584 1587 2861 1659 intelligit.
2930 1588 3145 1645 Etenim
3199 1591 3245 1646 si
3294 1592 3608 1661 cupiditatis

2020 1689 2215 1734 auctor
2263 1681 2352 1735 ille
2390 1679 2608 1736 Veteris
2655 1680 2996 1737 Testamenti
3042 1682 3185 1738 Deus
3227 1691 3332 1747 est,
3378 1699 3444 1737 ac
3486 1699 3609 1751 qua:

2021 1780 2150 1825 sunt
2172 1773 2493 1842 cupiditatis
2520 1773 2737 1843 propria
2766 1775 3011 1837 molitur,
3041 1791 3139 1828 cur
3167 1775 3368 1844 ultique
3392 1776 3607 1844 cupidi-

1951 1846 1993 1900 Β
2022 1867 2186 1913 tatem
2210 1861 2539 1929 proscribit?
2564 1862 2657 1931 qui
2681 1862 2900 1932 quidem
2934 1863 3081 1916 istud
3108 1867 3458 1934 praeceperit:
3482 1862 3607 1919 Non

2021 1953 2354 2020 concupisces
2368 1970 2450 2007 res
2471 1954 2702 2023 proximi
2723 1955 2819 2018 tui,
2841 1971 3001 2024 neque
3018 1954 3213 2023 bouem,
3228 1973 3390 2027 neque
3401 1957 3608 2025 jumen-

2022 2052 2155 2108 tum,
2201 2060 2293 2097 nec
2325 2045 2600 2109 ancillam,
2637 2044 2801 2116 692
2844 2063 2936 2099 nec
2974 2063 3184 2116 agrum,
3239 2064 3332 2101 nec
3363 2063 3602 2111 umorem,

2022 2149 2113 2186 nec
2161 2134 2273 2187 alia
2317 2153 2436 2205 qua:
2474 2137 2710 2205 proximi
2759 2137 2840 2190 tui
2877 2148 2999 2191 sunt
3020 2140 3060 2190 ³.
3108 2138 3214 2204 Qui
3252 2139 3603 2209 cupiditatem

2021 2238 2238 2278 omnem
2290 2233 2566 2296 amputat,
2621 2242 2729 2283 non
2780 2242 2900 2282 eam
2949 2228 3376 2283 subministrare
3417 2227 3605 2285 dicen-

2020 2314 2123 2367 dus
2164 2325 2267 2370 est.

2093 2404 2279 2463 LXXI.
2312 2410 2424 2463 Cur
2446 2407 2850 2479 igitur,.ludteis
2872 2424 2938 2464 ex
2955 2408 3192 2479 Egypto
3219 2409 3601 2479 migrantibus,

2019 2501 2260 2573 spoliare
2286 2500 2443 2571 jubet
2476 2499 2839 2572 Aﬂgyptios’?
2878 2499 3145 2554 Nimirum
3180 2501 3363 2572 justus
3399 2502 3488 2557 ille
3512 2502 3603 2571 ju—

2019 2593 2124 2649 dex
2147 2599 2253 2655 est,
2285 2590 2746 2661 quemadmodum
2774 2592 2843 2646 de
2874 2591 2966 2646 illo
2995 2606 3139 2662 sape
3169 2592 3303 2646 dixi.
3336 2593 3514 2663 Atque
3542 2598 3605 2648 ut

2020 2686 2277 2744 ostendat
2308 2681 2447 2737 nihil
2476 2697 2535 2737 se
2564 2680 2853 2738 sacriﬁciis
2900 2681 3165 2752 indigere,
3194 2682 3274 2737 sic
3308 2682 3451 2751 apud
3481 2696 3603 2751 pro-

2017 2782 2237 2865 phetam
2289 2776 2568 2847 loquitur:
2632 2774 2778 2828 Num
2820 2777 3092 2845 sacrificia
3136 2775 3402 2830 obtulistis
3449 2774 3600 2840 mihi,

2017 2863 2204 2926 domus
2246 2867 2440 2931 Israel,
2485 2866 2846 2936 quadraginta
2884 2867 3080 2921 annis?
3112 2865 3240 2918 dicit
3282 2863 3538 2919 Dominus
3558 2863 3597 2916 ⁸.

2017 2963 2246 3017 Cuinam
2282 2960 2447 3029 igitur
2479 2959 2661 3011 oblata
2693 2959 2783 3011 illa
2815 2959 2982 3013 sunt?
3020 2957 3225 3027 Opinor
3257 2957 3358 3022 illi,
3393 2964 3452 3011 ut
3484 2958 3602 3026 qui-

2016 3055 2139 3109 dem
2173 3051 2266 3121 qui
2305 3050 2604 3105 offerebant
2634 3050 2915 3120 putabant.
2959 3050 3027 3103 At
3059 3051 3194 3119 ipse,
3221 3066 3328 3104 non
3356 3048 3498 3121 quod
3532 3050 3600 3104 iis

2017 3154 2224 3217 egeret,
2250 3145 2343 3200 sed
2369 3154 2477 3197 uta
2508 3143 2889 3216 multiplicium
2913 3143 3139 3198 deorum
3165 3144 3313 3197 cultu
3340 3143 3407 3197 ad
3434 3143 3596 3197 unius

323 3250 441 3303 χεν,
477 3232 593 3286 ἀλλ’
625 3234 710 3287 ἵνα
743 3235 995 3308 συνεθίσῃ
1034 3238 1142 3291 ἀπὸ
1183 3238 1473 3303 πολυθεῖας
1506 3241 1603 3294 ἕνα
1636 3215 1768 3297 θεὸν
1795 3244 1913 3297 ἐπι-

2021 3215 2144 3292 illos
2170 3237 2263 3291 Dei
2319 3236 2687 3305 cognitionem
2725 3235 3018 3289 translatos
3064 3236 3453 3297 assuefaceret,
3482 3233 3597 3289 ﬁeri

322 3324 634 3393 γινώσκειν.
678 3329 894 3400 Ἐπειδὴ
930 3330 1038 3403 γὰρ
1077 3330 1223 3403 ἐώρα
1265 3331 1455 3396 θυσίας
1489 3334 1912 3407 ἐπιτελουμένας

319 3421 439 3482 τοῖς
490 3418 635 3482 θεοῖς
670 3421 779 3473 τῶν
836 3423 1186 3489 Αἰγυπτίων,
1232 3425 1320 3478 ἵνα
1360 3426 1434 3497 μὴ
1485 3426 1574 3481 διὰ
1622 3428 1913 3484 πολυθεϊαν

322 3508 606 3579 τραπέντα
644 3511 826 3564 αὐτῶν
859 3512 929 3566 τὰ
960 3515 1208 3585 νοήματα
1238 3517 1605 3587 καταλείψωσι
1630 3519 1721 3573 τὸν
1753 3520 1912 3590 μόνον

323 3600 422 3654 ενα
459 3600 613 3655 Θεόν.
666 3603 797 3656 Ὅτε
836 3604 894 3657 δὲ
938 3608 1270 3678 συναγήοχεν
1313 3609 1493 3663 αὐτῶν
1533 3611 1632 3682 τὴν
1675 3612 1912 3666 διάνοιαν

324 3694 439 3748 ἀπὸ
461 3693 753 3758 πολυθεῒας
778 3696 868 3748 διὰ
894 3696 1091 3750 πολλοῦ
1129 3700 1347 3767 χρόνου,
1382 3701 1779 3766 ἁποσυνεθίσας
1811 3704 1909 3757 αὐ-

324 3789 453 3850 τοὺς
481 3787 582 3858 τῆς
604 3787 861 3858 τοιαύτης
894 3789 1225 3854 ὑποθέσεως,
1270 3792 1499 3862 ἄρχεται
1536 3795 1913 3864 παρακόπτειν

322 3877 362 3931 ἃ.
384 3879 459 3950 μὴ
486 3878 646 3949 ήθελε
664 3894 678 3908 ·
706 3881 801 3932 xui.
830 3879 1017 3948 ἔλεγεν
1034 3898 1047 3910 ’
1083 3882 1213 3934 Ἵνα
1237 3883 1295 3935 τί
1312 3901 1413 3952 μοι
1438 3886 1689 3938 λίϐανον
1710 3886 1779 3939 ἐκ
1801 3890 1912 3941 Σα-

324 3969 400 4025 ϐᾶ
426 3969 660 4039 φέρετε,
696 3970 796 4023 καὶ
823 3970 1165 4041 κινάμωμον
1203 3973 1272 4025 ἐκ
1311 3973 1424 4043 γῆς
1448 3978 1783 4044 μακρόθεν;
1814 3978 1910 4046 Μὴ

322 4059 585 4130 yth-opas
637 4060 780 4129 κρέα
820 4064 1083 4131 ταύρων,
1128 4063 1167 4131 ἣ
1218 4059 1362 4134 αἷμα
1397 4065 1630 4134 τράγων
1671 4068 1909 4135 πιόμαι;

2018 3331 2121 3384 ista
2151 3328 2447 3382 mandavit.
2480 3325 2790 3397 Camenim
2817 3324 3197 3396 {Egyptiorum
3232 3327 3455 3380 numina
3482 3327 3596 3396 pla-

2015 3422 2127 3475 cari
2163 3418 2452 3474 sacriﬁciis
2481 3425 2752 3483 cerneret,
2781 3416 2904 3471 ideo
2941 3417 3041 3470 ista
3072 3415 3327 3486 providit,
3356 3433 3425 3471 ne
3449 3417 3602 3486 ejus-

2017 3513 2164 3567 modi
2198 3510 2426 3566 tleorum
2460 3509 2851 3577 superstitione
2885 3507 3193 3578 depravatis
3228 3508 3443 3561 illorum
3477 3508 3599 3561 ani-

2015 3604 2141 3670 mis,
2174 3604 2243 3657 ab
2272 3616 2382 3655 uno
2410 3601 2638 3670 soloque
2667 3599 2775 3654 Deo
2804 3598 3194 3653 desciscerent.
3230 3598 3594 3670 Posteaquam

2015 3703 2196 3748 autem
2226 3692 2540 3747 earumdem
2575 3699 2783 3746 mentes
2815 3690 3053 3760 plurium
3082 3691 3151 3744 ab
3179 3692 3403 3745 deorum
3440 3691 3594 3745 cultu

2015 3793 2302 3843 revocatas
2331 3785 2492 3854 longo
2518 3785 2805 3838 intervallo
2825 3782 3202 3849 conﬁrmavit;
3238 3792 3350 3836 tum
3377 3783 3595 3838 demum

2015 3878 2085 3931 ab
2129 3878 2278 3934 hisce
2338 3878 2460 3930 illos
2504 3876 2771 3929 institutis
2823 3874 3150 3930 desuescere
3197 3877 3386 3931 volens
3434 3877 3600 3945 carpit

2013 3984 2100 4032 ea,
2135 3983 2257 4038 quae
2286 3968 2469 4021 minus
2501 3966 2604 4021 sibi
2637 3967 2956 4036 placebant,
2979 3966 3288 4033 praecidere.
3313 3965 3493 4032 Quare
3526 3967 3599 4018 ita

2016 4062 2231 4114 locutus
2262 4068 2374 4115 est:
2418 4057 2557 4123 Quid
2589 4057 2716 4110 mihi
2748 4058 2866 4112 titus
2898 4075 2925 4111 e
2962 4056 3105 4111 Saba
3133 4058 3373 4123 defertis,
3402 4068 3451 4111 et
3478 4060 3594 4111 cin-

208 4644 213 4647 -
323 4605 475 4674 λέγει
506 4605 586 4676 τῷ
626 4607 915 4678 Σαμουήλο
950 4607 1153 4679 Χρῖσον
1207 4609 1299 4663 τὸν
1336 4611 1507 4664 Σαοὺλ
1545 4612 1626 4673 είς
1666 4611 1912 4681 βασιλέα·

330 4151 523 4205 Ταῦτα
551 4152 661 4221 γὰρ
698 4154 810 4205 οὐκ
852 4152 1188 4221 ἐξεζήτησα
1226 4155 1295 4207 ἐκ
1334 4154 1451 4208 τῶν
1484 4157 1698 4224 χειρῶν
1723 4156 1908 4227 ὑμῶν,

2020 4167 2323 4206 namomum
2362 4167 2389 4203 θ
2428 4160 2572 4203 terra
2599 4150 2947 4219 longinqua"?
2983 4149 3238 4220 Nunquid
3270 4151 3597 4206 manducabo

323 4240 487 4295 ἀλλὰ
514 4240 711 4295 ποιεῖν
735 4241 887 4309 πρὸς
921 4242 1028 4295 τὸν
1055 4245 1324 4309 πλησίον
1351 4243 1767 4313 δικαιοσύνην,
1811 4248 1910 4300 καὶ

2020 4261 2202 4299 carnes
2236 4254 2534 4307 taurorum,
2566 4251 2658 4295 aut
2689 4245 2999 4312 sanguinem
3033 4244 3299 4296 hircorum
3327 4245 3520 4311 potubo
3540 4244 3598 4298 οἳ

323 4331 616 4399 ἀλήθειαν
638 4332 901 4386 ἕκαστον
927 4334 1075 4400 πρὸς
1110 4334 1219 4387 τὸν
1243 4335 1516 4403 ἀδελφὸν
1546 4338 1753 4391 αὐτοῦ.
1805 4341 1910 4393 Καὶ

2020 4337 2197 4407 Neque
2238 4337 2378 4391 enim
2419 4337 2529 4391 lucc
2565 4335 2810 4406 requisivi
2849 4352 2913 4389 ea:
2952 4335 3193 4390 manibus
3236 4337 3453 4403 vestris,
3506 4339 3599 4393 sed

324 4424 479 4496 ὁρᾷς,
513 4424 618 4486 ὅτι,
653 4423 951 4494 προϊόντων
980 4424 1089 4479 τῶν
1133 4427 1360 4497 χρόνων,
1407 4430 1439 4499 ή
1480 4429 1778 4494 ὑπόστασις
1811 4431 1912 4501 τῆς

2020 4430 2193 4497 facere
2226 4445 2350 4500 erga
2377 4430 2681 4497 proximum
2708 4444 2862 4482 suum
2888 4427 3184 4497 justitiam,
3223 4439 3275 4483 et
3321 4431 3598 4484 ueritatem

322 4514 614 4585 δυνάμεως
640 4515 750 4569 τῶν
777 4515 938 4570 θείων
962 4516 1427 4572 ἀποκαλύπτεται·
1457 4519 1533 4583 ὡς
1556 4520 1720 4584 αὐτὸς
1751 4521 1913 4575 πάλιν

2020 4536 2436 4591 unumquemque
2499 4521 2555 4574 in
2610 4520 2830 4589 fratrem
2894 4535 3049 4574 suum
3079 4521 3122 4575 ".
3193 4520 3599 4578 Animadvertis

2020 4614 2204 4681 itaque
2270 4611 2732 4681 quemadmodum
2792 4626 3085 4682 progressu
3155 4620 3463 4683 teinporum
3514 4613 3599 4667 tli-

326 4696 560 4768 ὕστερον
620 4697 679 4750 δὲ
709 4699 908 4762 αὐτοὺς
937 4698 1151 4771 ἐλέγχει
1170 4700 1365 4769 λέγων’
1404 4702 1711 4771 Ἐχρίσατε
1730 4704 1913 4767 ﬁam-

2020 4702 2157 4755 vinte
2219 4702 2440 4757 virtutis
2504 4716 2627 4757 sese
2680 4701 2830 4756 velut
2891 4702 3292 4758 firmamentum
3364 4706 3593 4776 aperiat.

321 4788 437 4844 .léa
462 4792 538 4843 οὐ
575 4789 649 4843 δι’
671 4791 839 4860 ἐμοῦ,
873 4791 973 4845 καί
1011 4792 1331 4862 ἄρχοντας,
1375 4794 1475 4848 καὶ
1512 4794 1627 4864 ἐγὼ
1661 4799 1775 4850 οὐκ
1816 4798 1913 4850 ἐν-

2020 4792 2175 4849 Unde
2227 4809 2352 4849 cum
2404 4792 2646 4848 Samueli
2698 4795 3059 4849 mandasset:
3127 4793 3280 4866 Unge
3339 4795 3471 4851 Saul
3541 4798 3596 4852 in

322 4879 646 4949 ετειλάμην
684 4881 848 4950 ὑμῖν.
912 4883 1049 4935 Ἀλλ’
1088 4885 1275 4956 ἐπειδὴ
1325 4886 1595 4957 ἐζήτησαν
1647 4887 1805 4941 τοῦτο
1855 4891 1910 4942 αἱ

2020 4886 2271 4956 regem":
2317 4894 2505 4955 postea
2535 4895 2716 4939 tamen
2747 4883 2965 4941 Judaaos
2995 4887 3275 4957 increpat:
3334 4886 3597 4949 Unrcistis,

323 4969 555 5025 διάνοιαι
589 4972 788 5036 αὐτῶν,
820 4975 1315 5047 παραμυθούμενος
1331 4980 1359 5030 ὁ
1381 4978 1512 5041 Θεὸς
1536 4979 1787 5050 Σαμουὴλ
1817 4979 1908 5032 τὸν

2020 4977 2213 5047 inquit,
2259 4993 2429 5047 regem
2465 4993 2570 5031 non
2602 4993 2694 5046 per
2723 4995 2831 5045 me,
2885 4988 2936 5033 et
2965 4980 3263 5060 priueipes,_
3291 4989 3338 5034 et
3370 4997 3463 5050 ego
3493 4997 3598 5034 non

324 5062 613 5132 προφήτην
660 5062 847 5131 ἔλεγεν
871 5080 883 5091 ·
931 5070 1013 5119 Οὐ
1063 5067 1139 5119 σὲ
1165 5067 1559 5129 (instituerem
1604 5072 1742 5123 ἀλλ’
1781 5069 1906 5137 ἐμὲ,

2020 5070 2234 5137 prwcepi
2261 5070 2405 5123 vobis
2425 5071 2470 5124 '.
2505 5068 2608 5124 Sed
2639 5072 2899 5139 quoniam
2933 5087 2999 5126 ex
3028 5073 3335 5126 animorum
3372 5088 3596 5127 suorqu

323 5150 474 5219 λέγει
514 5151 738 5223 Κύριος.
783 5153 962 5222 Πλὴν
1002 5156 1218 5226 χρῖσον
1265 5158 1469 5224 αὐτοῖς
1508 5158 1614 5212 τὸν
1671 5161 1864 5216 Σαοὺλ
1893 5202 1907 5217 .

2020 5163 2120 5216 hoc
2150 5161 2374 5216 libidine
2399 5162 2756 5229 postularant,
2782 5164 2923 5220 Deus
2953 5164 3259 5220 Samuelem
3281 5166 3596 5230 consolans,

323 5246 459 5298 υἱὸν
484 5246 593 5312 Κῖς
610 5264 623 5276 ⁸
655 5246 847 5318 ὥσπερ
870 5249 1101 5314 παιδίοις
1138 5255 1351 5324 μικροῖς
1378 5253 1822 5324 προσφερόμενον
1850 5254 1910 5306 τὸ

2022 5252 2144 5307 Non
2171 5263 2239 5318 te,
2283 5254 2481 5324 inquit,
2510 5256 2825 5325 rejecerunt,
2863 5256 2953 5310 sed
2988 5272 3088 5319 me,
3131 5256 3265 5311 dicit
3294 5256 3595 5325 Dominus;

323 5337 501 5401 Θεῖον,
533 5340 621 5394 ἵνα
652 5340 899 5412 suam
923 5343 1022 5413 τὴν
1048 5345 1331 5400 ἀσθένειαν
1361 5347 1469 5400 τῶν
1500 5347 1872 5401 ἀσθενούντων
1894 5389 1907 5409 ,

326 5428 422 5481 καὶ
444 5430 808 5504 ἁναθωπεύσῃ
839 5434 898 5486 τὸ
922 5433 1122 5504 βρέφος
1153 5437 1260 5491 ἀπὸ
1287 5440 1386 5509 τῆς
1414 5438 1574 5492 αὑτοῦ
1605 5440 1907 5502 ἀσθενείας.

325 5516 460 5575 Εἶτα
492 5523 643 5594 λέγει
668 5526 731 5579 τὸ
768 5526 1104 5582 τελειότατον
1124 5546 1140 5561 ·
1178 5531 1370 5585 Θυσία
1410 5532 1488 5597 τῷ
1522 5531 1644 5597 Θεῷ
1677 5532 1911 5601 πνεῦμα

436 5725 455 5755 ⁸
514 5723 677 5781 Forte
737 5727 868 5796 περὶ
927 5742 1050 5796 γον.
1165 5728 1186 5758 ²
1248 5726 1422 5783 Exod.
1484 5746 1577 5796 xx,
1643 5730 1731 5787 i7.

1838 5733 1859 5764 ³
1919 5727 2091 5790 Exod.
2155 5754 2235 5801 xi,
2298 5738 2351 5791 2.

2019 5355 2375 5400 verumtamen
2407 5363 2540 5417 unge
2570 5347 2678 5400 illis
2716 5347 2851 5402 Saul
2878 5349 3050 5417 [ilium
3083 5346 3174 5402 Cia
3194 5349 3259 5403 ¹⁰.
3289 5347 3403 5414 Qua
3435 5349 3491 5404 in
3538 5365 3596 5406 re

2021 5435 2245 5505 perinde
2275 5451 2334 5489 se
2369 5434 2510 5493 Deus
2541 5453 2668 5506 erga
2702 5438 2825 5492 illos
2855 5454 2919 5491 ac
2947 5440 3205 5507 puerulos
3240 5441 3400 5510 gerit,
3429 5451 3487 5497 ut
3514 5443 3595 5496 in-
3667 5436 3679 5462 ·’

2020 5528 2303 5583 lirmorum
2337 5528 2764 5585 imbecillitatem
2796 5529 3089 5596 sustineat,
3129 5546 3194 5587 ac
3223 5533 3305 5589 sic
3336 5543 3595 5606 tanquam

2466 5738 2489 5771 ⁸
2538 5738 2705 5794 Amos
2801 5755 2855 5801 ν,
2921 5738 3012 5794 25.
3119 5743 3142 5776 '
3194 5743 3306 5800 Jer.
3372 5762 3448 5807 vr,
3504 5747 3599 5801 20.

351 5795 373 5826 ⁶
398 5793 541 5851 Psal.
573 5813 726 5864 ms,
766 5793 854 5852 15.
931 5793 951 5830 ί
985 5799 1151 5852 Amos
1176 5815 1228 5864 ν,
1268 5798 1373 5869 25;
1409 5798 1513 5856 lsa.
1567 5793 1608 5869 ι,
1654 5801 1721 5855 12
1747 5819 1867 5873 sqq.

2032 5805 2165 5878 Reg.
2207 5793 2287 5874 ι’κ,
2323 5807 2410 5863 lli.
2485 5809 2508 5840 ’
2540 5793 2908 5875 Ose.ivm,'4.
2972 5793 3031 5844 7"
3068 5814 3090 5866 1
3119 5793 3452 5886 Βεὲῗῦιιιξῆ
3472 5793 3594 5887 sqq:
