4008 6240
437 373 540 430 ll”)

1845 377 1904 432 S.
1942 369 2280 430 EPlPllANll

3587 379 3690 436 Hui

436 491 698 548 infantem
730 492 781 546 in
815 492 900 547 illa
925 507 1019 546 sua
1047 494 1412 548 teneritudine
1431 493 1786 564 permulceat.
1813 493 2005 550 Postea

2131 487 2646 558 γυντετριμλιένον·
2711 488 2963 558 καρδίαν
3019 489 3536 560 συντετριμμένην
3591 493 3690 546 καί

437 599 586 648 vero,
613 584 754 653 quod
799 599 1068 638 summum
1105 601 1168 639 ac
1201 585 1660 656 perfectissimum
1691 595 1774 642 est
1805 601 2006 657 propo-

429 679 558 734 nit:
623 678 963 747 Sacriﬁcium
1015 677 1124 732 Deo
1175 679 1390 746 spiritus
1441 679 1860 740 coutribulatus;
1913 693 2008 730 cor

435 772 712 822 contritum
738 779 785 822 et
818 767 1152 822 Itumitiatum
1184 767 1316 821 Deus
1347 785 1448 821 non
1481 767 1726 836 despiciet
1753 769 1793 823 ‘.
1844 765 2006 822 Item:

2112 583 2626 652 τεταπεινωμένην
2668 584 2700 636 ό
2747 583 2892 649 Θεὸς
2931 585 3042 638 οὐκ
3094 582 3526 646 ἐξουδενώσει·
3570 586 3692 648 καὶ,

2113 679 2351 732 Θύσατε
2381 674 2462 740 τῷ
2507 673 2628 740 Θεῷ
2663 675 2887 730 θυσίαν
2927 674 3250 744 αἰνέσεως⁹
3293 676 3388 730 καὶ
3431 677 3534 730 ὅσα
3575 677 3692 730 ἐστι

2115 769 2244 840 περὶ
2271 769 2459 824 τούτου
2494 769 2694 837 λέγειν.

435 860 720 914 Immolate
757 859 864 912 Deo
901 859 1224 928 sacriﬁcium
1256 859 1428 912 laudis
1453 861 1472 890 ‘
1514 878 1528 913 :
1567 867 1622 913 et
1667 873 2006 928 quascunque
2045 859 2148 912 alia
2185 861 2252 914 de
2279 876 2340 915 ea
2378 877 2437 916 re
2469 869 2702 931 possunt
2733 861 2935 916 all'erri.

505 953 712 1007 LXXII.
752 951 956 1007 Deinde
1013 953 1096 1006 vel
1131 951 1316 1006 Manes
1345 951 1459 1021 ipse
1491 953 1803 1014 conlitetur,
1837 950 2006 1005 Deum

435 1046 585 1100 illum
607 1045 675 1100 de
697 1045 915 1098 Christo
937 1045 1266 1099 mentionem
1297 1044 1475 1099 facere
1497 1044 1754 1099 voluisse.
1777 1045 2010 1114 Magnus

436 1143 580 1194 enim
612 1153 797 1194 revera
835 1137 924 1192 ille
964 1137 1086 1202 fuit,
1137 1137 1229 1206 qui
1275 1138 1326 1190 in
1365 1137 1482 1207 lege
1527 1137 1745 1192 loculus
1778 1145 1884 1198 est,
1915 1136 2008 1205 qui

438 1229 625 1284 futura
656 1239 782 1284 ante
813 1227 1062 1298 pr:evidit
1122 1241 1186 1282 ac
1227 1227 1494 1296 praedixit.
1553 1226 1689 1280 Nam
1733 1226 1782 1282 si
1827 1225 2010 1280 futura

437 1325 628 1388 novit,
671 1323 832 1394 693
863 1321 1219 1392 prwscientiaz
1253 1335 1448 1392 expers
1485 1334 1592 1373 non
1633 1319 1754 1384 fuit,
1800 1319 2013 1387 eritque

437 1416 606 1476 Deus.
634 1415 727 1484 qui
756 1413 1061 1466 futurorum
1089 1411 1400 1482 cognitione
1429 1410 1685 1482 prmdilus
1704 1417 1802 1464 est.
1839 1407 2012 1463 Porro

439 1509 562 1563 ideo
594 1507 684 1562 illa
719 1506 963 1574 scripsit,
1012 1513 1070 1558 ut
1117 1503 1410 1574 aliquando
1446 1504 1858 1573 contingerent:
1893 1515 2012 1570 qum

441 1605 488 1658 si
530 1601 804 1657 contraria
841 1599 942 1670 ipsi
977 1597 1182 1660 forent,
1231 1597 1310 1650 sic
1342 1596 1408 1650 de
1437 1597 1546 1652 illis
1591 1596 1754 1650 scribi
1811 1594 2017 1649 voluis-

435 1703 545 1760 set,
579 1702 637 1748 ut
661 1699 928 1747 everteret
957 1705 1020 1744 ac
1049 1689 1378 1753 destrueret,
1413 1704 1481 1743 ne
1507 1688 1826 1757 persuaderi
1855 1686 2015 1740 nobis

443 1795 688 1858 possent.
747 1783 903 1838 Nunc
961 1798 1086 1837 cum
1141 1796 1203 1836 ea
1242 1781 1586 1836 commendet
1627 1781 1742 1849 ipsa
1790 1793 1911 1849 quae
1957 1779 2014 1832 ln

2183 953 2300 1008 OB’.
2345 949 2480 1006 Εἶτά
2516 971 2681 1024 φησιν
2725 957 2754 1006 6
2799 953 2960 1017 αὐτὸς
2995 953 3186 1024 Μάνης
3211 971 3223 982 ·
3272 953 3532 1026 Ἦθέλησε
3567 959 3696 1026 περὶ

2113 1045 2350 1117 Χριστοῦ
2378 1046 2536 1114 λόγον
2557 1045 2836 1100 ἐκθέσθαι.
2875 1047 2934 1099 ’0
2955 1045 3194 1115 λαλήσας
3227 1045 3334 1116 γὰρ
3361 1047 3420 1100 ὲν
3443 1046 3522 1117 τῷ
3545 1047 3696 1118 νόμῳ

2118 1138 2289 1208 μέγας
2320 1137 2556 1208 ἀληθῶς,
2587 1139 2618 1191 6
2645 1136 2936 1207 ἐκθέμενος
2963 1136 3057 1188 καὶ
3091 1136 3222 1208 περὶ
3251 1136 3358 1189 τῶν
3393 1136 3698 1206 μελλόντων

2113 1230 2418 1298 γινώσκων.
2471 1231 2534 1284 Et
2571 1229 2680 1302 γὰρ
2717 1225 2826 1283 οἶδε
2863 1230 2933 1283 τὰ
2981 1230 3264 1301 μέλλοντα,
3313 1231 3415 1283 οὐκ
3465 1230 3696 1302 ἄμοιρός

2115 1323 2232 1376 ἐστι
2259 1322 2639 1396 προγνώσεως,
2659 1322 2796 1376 ἀλλὰ
2820 1321 2955 1384 Θεός
2984 1325 3100 1375 ἐστι
3129 1323 3198 1376 τὰ
3227 1321 3490 1392 μέλλοντα
3513 1323 3696 1385 εἰδώς.

2119 1417 2366 1487 Ἔγραψε
2399 1417 2456 1470 δὲ
2479 1415 2651 1482 αὐτὰ,
2689 1416 2776 1468 ἵνα
2805 1415 3051 1484 γένηται.
3091 1415 3152 1468 El
3186 1415 3243 1468 δὲ
3288 1415 3506 1470 ἐναντία
3547 1415 3702 1487 αὐτῷ

2119 1509 2394 1579 ὑπῆρχεν,
2423 1509 2629 1579 ἔγραφε
2681 1508 2778 1578 μὲν
2823 1509 2952 1577 περὶ
3001 1507 3198 1572 αὐτῶν,
3243 1507 3397 1560 ἔλυσε
3446 1507 3503 1562 δὲ
3533 1508 3697 1572 αὐτὰ,

2119 1601 2205 1654 ἵνα
2245 1603 2318 1672 μὴ
2352 1602 2536 1664 αὐτοῖς
2584 1600 2915 1670 πεισθῶμεν.
2981 1601 3168 1654 Ὁπότε
3203 1600 3260 1652 δὲ
3315 1599 3596 1670 συνίστησι
3631 1599 3701 1652 τὰ

2123 1694 2384 1765 μέλλοντα
2413 1696 2491 1757 εἰς
2522 1694 2754 1765 Χριστὸν
2785 1693 3140 1752 τελειοῦσθαι,
3185 1693 3315 1744 αὐτὸ
3357 1693 3465 1760 ἄρα
3491 1691 3608 1744 ἐστὶ
3639 1691 3700 1744 τὸ

2119 1785 2344 1855 Πνεῦμα
2373 1785 2434 1838 τὸ
2461 1785 2698 1856 λαλῆσαν
2732 1789 2789 1838 ὲν
2819 1787 2988 1856 νόμῳ,
3020 1785 3115 1839 καὶ
3146 1787 3203 1838 ὲν
3241 1786 3575 1856 προφήταις,
3603 1783 3702 1836 καὶ

441 1881 664 1935 Christo
696 1875 1024 1948 perﬁcienda
1047 1881 1223 1938 erant,
1242 1887 1351 1926 non
1382 1871 1604 1926 dubium
1631 1879 1734 1936 est,
1766 1870 2018 1925 eumdem

2131 1880 2180 1932 ὲν
2219 1878 2536 1948 Εὐαγγελίῳ
2557 1895 2570 1908 ·
2617 1878 2715 1948 μία
2751 1879 2858 1950 γάρ
2891 1879 3038 1931 ἐστιν
3081 1877 3116 1947 ή
3157 1877 3444 1946 συμφωνία
3465 1916 3480 1936 ,
3511 1875 3588 1938 ὡς
3613 1874 3706 1928 διὰ

443 1977 598 2031 illum
625 1989 748 2030 esse
773 1972 1036 2041 Spiritum
1071 1969 1160 2038 qui
1185 1970 1236 2021 in
1261 1969 1395 2038 lege,
1430 1983 1492 2020 ac
1517 1967 1818 2036 prophetis,
1843 1963 2020 2018 Evan-

444 2067 692 2138 gelioque
741 2061 876 2116 adeo
922 2063 992 2116 sit
1041 2061 1279 2122 loeutus,
1313 2056 1753 2128 quandoquidem
1803 2071 1906 2108 una
1937 2062 2020 2110 est

444 2156 688 2211 omnium
719 2151 1033 2208 concordia.
1067 2149 1222 2215 Quod
1255 2163 1284 2201 a
1315 2147 1498 2217 Moyse
1527 2161 1744 2216 quoque
1774 2144 2014 2198 declam-

447 2259 558 2304 tum
587 2259 672 2303 est
699 2267 712 2303 :
749 2245 1086 2314 Prophetam,
1118 2241 1215 2305 ait,
1239 2257 1266 2294 e
1289 2239 1546 2309 fratribus
1577 2239 1762 2292 vestris
1789 2237 2020 2292 suscita-

447 2343 519 2396 bit
549 2341 804 2394 Dominus
823 2339 862 2390 ³.
897 2336 1008 2390 lmo
1027 2342 1080 2390 et
1101 2332 1531 2402 Dominusipse:
1570 2329 1796 2400 Moyses,
1821 2328 2018 2398 inquit,

447 2437 510 2490 de
553 2452 634 2488 me
679 2429 952 2502 scripsit".
1006 2427 1110 2495 Qui
1157 2425 1376 2496 quidem
1429 2423 1645 2494 Moyses
1692 2423 1766 2476 ita
1815 2422 2017 2491 pergit:

451 2529 633 2584 Omnis
669 2526 846 2579 anima
867 2539 982 2591 qute
1015 2536 1117 2574 non
1139 2517 1370 2570 audierit
1397 2515 1700 2582 prophetam
1724 2515 1898 2578 illum,
1929 2526 2023 2566 ea:-

452 2615 882 2675 tcrminabitur".
911 2616 1046 2666 Item
1071 2609 1370 2664 Dominus:
1402 2607 1458 2662 Si
1483 2606 1684 2676 Moysis
1707 2606 1897 2660 litteris
1921 2621 2024 2658 non

449 2707 664 2762 creditis
691 2746 706 2771 ,
773 2702 1032 2774 quomodo
1084 2715 1349 2754 sermones
1399 2715 1540 2752 meos
1587 2696 1812 2751 audietis
1852 2696 1912 2748 εἳ
1947 2695 2024 2750 Ita

451 2799 654 2854 veritas
687 2795 837 2851 omni
871 2809 937 2849 ex
991 2799 1144 2864 parte
1187 2789 1469 2862 splendida
1513 2803 1576 2842 ac
1645 2803 1794 2858 rugae
1828 2803 2024 2856 expers

443 2896 694 2962 apparet.

519 2977 754 3035 LXXIII.
806 2976 1020 3032 Atenim
1061 2973 1393 3029 Manichacus
1423 2970 1831 3028 Testamentum
1892 2970 2026 3042 legis

447 3073 644 3130 mortis
675 3085 800 3127 esse
837 3075 1223 3124 testamentum
1275 3065 1503 3132 asserit,
1535 3063 1678 3134 quod
1729 3063 2026 3132 Apostolus

449 3165 685 3220 dixerit:
723 3161 876 3228 Quod
927 3161 974 3214 si
1006 3167 1375 3214 testamentum
1423 3157 1607 3210 mortis
1651 3157 1704 3209 in
1727 3155 1916 3209 litteris
1943 3158 2027 3208 in-

2119 1969 2399 2033 Μωῦτέως
2439 1968 2584 2038 λέγει
2603 1987 2616 2000 ·
2649 1969 2972 2039 Προφήτην
2997 1967 3139 2036 ὑμῖν
3160 1969 3228 2020 ἐκ
3273 1967 3392 2021 τῶν
3419 1966 3704 2036 ἀδελφῶν

2118 2059 2286 2128 ὑμῶν
2323 2060 2514 2128 ἐγερεῖ
2557 2061 2790 2127 Κύριος.
2843 2059 2954 2112 Καὶ
2997 2059 3160 2112 πάλιν
3197 2061 3226 2112 6
3281 2057 3484 2128 Κύριος
3519 2057 3700 2126 λέγει’

2120 2147 2382 2217 Μωῦσῆς
2419 2151 2548 2217 περὶ
2577 2149 2722 2220 ἐμοῦ
2762 2149 3044 2219 ἔγραψεν.
3095 2150 3152 2202 Ὀ
3175 2150 3230 2203 δὲ
3255 2149 3493 2218 Μωῢσῆς
3533 2166 3701 2218 φησι·

2120 2241 2294 2296 Πᾶσα
2317 2241 2510 2310 ψυχὴ,
2553 2243 2685 2310 ἣτις
2719 2245 2828 2296 οὐκ
2869 2243 3192 2296 ἀκούσεται
3244 2241 3349 2294 τοῦ
3391 2241 3706 2310 προφήτου

2121 2333 2379 2397 ἐκείνου,
2419 2333 2992 2402 ὲξολοθρευθήσεται
3013 2351 3026 2364 ·
3077 2333 3174 2386 καὶ
3201 2333 3360 2388 πάλιν
3389 2336 3417 2387 6
3453 2334 3660 2405 Κύριος
3688 2350 3701 2362 ·

2122 2426 2195 2478 Et
2221 2424 2346 2491 τοῖς
2373 2425 2669 2490 Μωϋσέως
2703 2424 3044 2495 γράμμασιν
3083 2427 3154 2480 οὐ
3191 2426 3533 2490 πιστεύετε,
3577 2424 3706 2492 πῶς

2125 2513 2203 2568 ἂν
2233 2513 2376 2580 τοὺς
2409 2515 2590 2584 ἐμοὺς
2621 2516 2842 2584 λόγους
2866 2515 3192 2580 ἀκούσετε;
3221 2517 3331 2568 Καὶ
3361 2517 3706 2588 πανταχόθεν

2126 2605 2376 2672 φαίνεται
2405 2606 2682 2678 ήάλήθεια
2716 2608 2947 2679 φωτεινή
2979 2625 3062 2672 τις
3091 2603 3246 2674 οὖσα,
3281 2608 3374 2660 καὶ
3403 2607 3478 2679 μὴ
3501 2607 3706 2679 ἔχουσα

2127 2699 2335 2770 ῥυτίδα.

2197 2955 2315 3008 Ol".
2351 2953 2592 3009 Θανάτου
2634 2955 2690 3009 δὲ
2717 2955 2877 3008 πάλιν
2912 2953 3151 3026 ὁρίζεται
3186 2955 3285 3026 τήν
3303 2955 3576 3025 Διαθήκην
3608 2954 3702 3010 τοῦ

2127 3046 2314 3117 νόμου,
2347 3045 2432 3100 διὰ
2463 3047 2524 3100 τὸ
2561 3047 2841 3119 εἰρηκέναι
2869 3045 2960 3098 τὸν
3003 3047 3322 3101 Ἀπόστολον
3341 3065 3354 3076 ·
3391 3051 3460 3102 Εἰ
3487 3049 3558 3102 δὲ
3581 3049 3706 3102 δια-

2130 3137 2283 3212 θήκη
2313 3137 2422 3193 τοῦ
2459 3137 2717 3192 θανάτου
2755 3139 2824 3192 ἐν
2855 3138 3210 3209 γράμμασιν,
3247 3141 3706 3209 ἐντετυπωμένη

452 3217 1020 3322 εσιιίρίιιηιψίαρὶἀίὁιιε
1046 3289 1060 3312 ,
1100 3249 1390 3319 gloriosum
1423 3247 1528 3316 fuit
1561 3248 1602 3300 ⁷.
1637 3245 1746 3299 Nec
1796 3261 1862 3300 eo
1892 3261 2024 3298 con-

2131 3232 2338 3298 λίθοις,
2367 3230 2620 3300 ἐγενήθη
2645 3232 2714 3284 ἐν
2751 3231 2918 3300 δόξῃ.
2953 3232 3062 3285 Καὶ
3085 3233 3144 3285 οὐ
3179 3233 3336 3302 μόνον
3364 3233 3522 3286 τοῦτο
3555 3229 3708 3286 εἶπεν

453 3347 600 3392 tenta
636 3336 920 3408 Scriptura
947 3377 961 3400 ,
1003 3337 1136 3390 illud
1183 3338 1404 3405 insuper
1449 3335 1680 3404 adjecit:
1721 3332 1832 3386 Lex
1882 3335 2027 3402 justo

448 3447 556 3485 non
582 3440 658 3483 est
689 3430 862 3496 posita
893 3469 906 3492 ,
941 3427 1031 3482 sed
1059 3429 1358 3496 patricidis,
1385 3441 1432 3481 et
1460 3427 1756 3480 matricidis
1775 3465 1789 3488 ,
1831 3435 1880 3480 et
1909 3441 2030 3494 per-

451 3524 586 3590 iuris
614 3562 629 3586 ,
663 3531 712 3575 et
747 3523 794 3575 si
818 3522 942 3592 quid
977 3521 1124 3575 aliud
1164 3521 1492 3574 contrarium
1529 3529 1606 3572 est
1637 3535 1784 3572 sana:
1830 3517 2030 3572 doctri-

452 3627 534 3665 nw
565 3613 606 3667 ⁸.
639 3611 775 3665 Cum
823 3610 988 3681 igitur
1041 3611 1126 3664 lex
1177 3609 1328 3678 justo
1369 3609 1542 3678 posita
1597 3623 1704 3662 non
1761 3607 1867 3671 sit,
1899 3622 2030 3660 num

451 3703 752 3758 sceleratus
791 3711 953 3771 atque
985 3703 1142 3756 exlex
1171 3699 1436 3756 dicendus
1463 3700 1584 3756 est?
1630 3699 1850 3755 Minime
1879 3713 2027 3754 vero.

455 3789 562 3846 Sed
593 3791 850 3861 quoniam
875 3790 1057 3860 justus
1090 3805 1210 3859 qua:
1237 3790 1352 3858 lege
1393 3789 1708 3859 praescripta
1742 3796 1902 3854 sunt,
1953 3787 2034 3842 fa-

453 3899 578 3940 cere
627 3883 950 3948 antevertit,
981 3882 1245 3938 adversus
1277 3883 1423 3936 hunc
1479 3897 1586 3936 non
1625 3889 1710 3938 est
1735 3883 2032 3937 constituta

449 3977 558 4043 iex,
587 3976 680 4046 qui
709 3975 879 4046 legem
911 3973 1258 4038 observavit;
1288 3973 1384 4028 sed
1420 3972 1682 4029 adversus
1707 3987 1803 4028 eos
1839 3971 2034 4027 decer-

449 4069 601 4124 nitur
632 4107 646 4130 ,
703 4068 798 4138 qui
858 4067 1082 4122 sceleris
1117 4065 1323 4137 aliquid
1371 4065 1792 4129 commiserint,
1839 4064 1906 4119 ad
1939 4080 2034 4121 eos

451 4161 776 4232 judicandos
805 4199 820 4225 ,
855 4159 950 4230 qui
1007 4167 1200 4213 contra
1253 4159 1423 4228 legem
1465 4160 1825 4228 peccaverint.
1857 4158 2036 4226 Atque

451 4254 554 4308 hoc
585 4253 747 4308 modo
779 4267 896 4308 sese
913 4249 1317 4307 Testamentum
1351 4248 1518 4306 Vetus
1551 4249 1775 4306 habuit:
1812 4247 1956 4319 quod
1981 4251 2034 4302 c't

454 4343 783 4398 homicidam
817 4345 1048 4400 interfici
1077 4385 1092 4408 ,
1128 4353 1182 4398 et
1235 4343 1538 4397 adulterum
1581 4341 1807 4411 perinde
1861 4347 2036 4394 morte

453 4438 726 4498 damnari,
761 4451 824 4490 ac
847 4437 979 4506 legis
1013 4437 1333 4490 violatorem
1365 4433 1634 4503 lapidibus
1680 4432 1840 4488 obrui
1895 4445 2035 4501 pra:-

2131 3324 2165 3392 ἡ
2199 3323 2318 3376 θεία
2353 3321 2544 3394 Γραφὴ
2567 3363 2580 3388 ,
2631 3323 2745 3376 ἀλλ’
2788 3324 2892 3388 ὅτι,
2920 3323 2983 3376 '0
3021 3325 3204 3393 νόμος
3243 3323 3448 3390 δικαίῳ
3481 3327 3553 3378 οὐ
3587 3325 3708 3377 κεῖ-

2131 3430 2224 3467 ται
2243 3453 2257 3478 ,
2312 3414 2474 3468 ἀλλὰ
2519 3416 2902 3481 πατραλοίαις
2925 3455 2939 3480 ,
2992 3415 3090 3468 καὶ
3134 3417 3520 3483 μητρολοίαις
3543 3457 3558 3480 ,
3607 3417 3706 3470 καί

2131 3505 2429 3574 ἐπιόρκοις
2447 3547 2462 3573 ,
2499 3507 2596 3560 καὶ
2620 3507 2676 3560 εἴ
2703 3525 2754 3560 τι
2783 3509 3102 3562 ἀντίκειται
3127 3506 3202 3574 τῇ
3233 3509 3592 3577 ὑγιαινούσῃ
3623 3507 3711 3560 δι-

2131 3597 2454 3665 δασκαλίᾳ.
2523 3599 2670 3652 Ἐπεὶ
2721 3596 2814 3654 οὖν
2862 3601 2890 3651 6
2941 3600 3102 3669 νόμος
3149 3599 3342 3670 δικαίῳ
3391 3600 3451 3652 οὐ
3505 3603 3708 3663 κεῖται,

2133 3691 2449 3762 παράνομος
2477 3687 2587 3762 ἆρά
2625 3692 2772 3745 ἐστιν
2817 3692 2844 3744 6
2873 3691 3112 3754 δίκαιος;
3143 3691 3233 3762 Μὴ
3265 3691 3475 3758 γένοιτο
3509 3694 3522 3744 l
3569 3693 3710 3745 Ἀλλ’

2133 3783 2319 3855 ἐπειδὴ
2353 3784 2651 3855 προέλαϐεν
2677 3788 2705 3838 6
2729 3785 2934 3848 δίκαιος
2953 3785 3022 3837 τὰ
3041 3787 3132 3839 τοῦ
3159 3785 3324 3854 νόμου
3344 3784 3578 3846 τελέσαι,
3609 3787 3712 3839 οὐκ
3751 3855 3754 3858 _

2135 3875 2249 3928 ἔστι
2275 3875 2438 3948 νόμος
2467 3877 2606 3932 κατὰ
2628 3877 2833 3930 δικαίου
2863 3877 2957 3932 τοῦ
2989 3882 3350 3950 πεποιηκότος
3381 3883 3474 3936 τὸν
3509 3885 3675 3955 νόμον
3695 3901 3709 3915 ο

2135 3969 2308 4021 κεῖται
2359 3967 2414 4020 δὲ
2458 3968 2596 4021 κατὰ
2629 3969 2734 4021 τῶν
2761 3971 3116 4041 ήνομήκότων
3135 4011 3150 4035 ,
3183 3973 3417 4038 δικάζων
3448 3977 3574 4038 τοὺς
3609 3993 3714 4029 πα-

2137 4061 2570 4131 ρανομήσαντας.
2619 4060 2804 4124 Οὕτως
2853 4059 2944 4118 οὖν
2987 4066 3019 4133 ἡ
3062 4063 3324 4137 Διαθήκη.
3378 4067 3569 4136 Ἔλεγε
3605 4070 3712 4140 γὰρ

2133 4152 2224 4204 τὸν
2251 4153 2417 4221 φονέα
2441 4152 2780 4222 φονεύεσθαι,
2815 4155 2909 4206 καὶ
2936 4156 3027 4208 τὸν
3061 4157 3244 4227 μοιχὸν
3269 4158 3710 4222 ἀποκτείνεσθαι,

2135 4246 2229 4298 καὶ
2263 4245 2354 4298 τὸν
2404 4247 2868 4316 παρανομήσαντα
2905 4247 3315 4305 λιθοϐολεῖσθαι.
3371 4252 3618 4320 Ἐγένετο
3657 4255 3714 4308 δὲ

2135 4337 2192 4390 ἐν
2236 4337 2381 4408 δόξῃ.
2419 4336 2640 4406 Μεγάλη
2694 4337 2800 4406 γὰρ
2835 4339 3048 4406 ἐγένετο
3077 4343 3112 4411 ή
3165 4341 3368 4412 ταύτης
3399 4343 3544 4410 δόξα.
3597 4347 3716 4398 Πε-

2139 4429 2462 4500 papam“
2494 4431 2600 4500 γὰρ
2635 4430 2732 4500 τῆς
2775 4430 2933 4499 δόξης
2975 4431 3084 4484 τῶν
3127 4433 3430 4504 ἀνθρώπων
3473 4436 3584 4488 ἀπὸ
3615 4437 3716 4506 τῆς

453 4539 692 4601 ceperat.
715 4528 856 4584 Idem
889 4543 1052 4598 porro
1082 4527 1425 4598 splendorem
1471 4541 1534 4580 ac
1560 4527 1790 4596 gloriam
1821 4525 2024 4587 habuit1

2139 4522 2272 4592 πρὸς
2307 4520 2568 4592 ἀλλήλους
2597 4521 2842 4586 ἀδικίας,
2881 4526 2938 4574 ὲν
2973 4523 3108 4592 φωτὶ
3142 4523 3332 4577 στύλου
3377 4525 3488 4596 πῦρ
3513 4545 3718 4579 τυπου-

451 4633 505 4678 et
550 4623 767 4694 quidem
821 4635 934 4674 non
988 4620 1335 4674 mediocrem.
1391 4617 1632 4672 Gloriam
1685 4617 1830 4670 enim
1893 4615 2034 4668 inter

455 4714 703 4768 homines
765 4712 837 4766 ob
891 4719 1108 4766 mutuas
1163 4711 1375 4764 illorum
1427 4709 1656 4776 injurias
1715 4709 2029 4776 promeruit.

454 4805 610 4874 Quod
667 4805 820 4873 ignea
865 4805 920 4856 in
953 4803 1204 4857 columna
1245 4801 1506 4855 traditum
1531 4839 1546 4861 ,
1593 4807 1649 4854 et
1681 4797 2032 4853 informatum

453 4908 536 4952 est
562 4937 577 4962 ,
613 4895 758 4948 tubis
811 4893 1104 4948 vehemens
1135 4891 1392 4962 quiddam
1448 4889 1888 4959 horrendumque
1913 4905 2036 4959 per-

454 4986 857 5058 strepentilms;
891 4985 946 5038 in
979 4983 1333 5038 tabernaculo
1363 4981 1683 5044 testimonii,
1715 4982 2036 5051 reliquaque

453 5081 600 5135 omni
621 5079 790 5150 gloria
815 5117 828 5141 ,
870 5093 990 5146 qua!
1019 5075 1290 5146 praecipua
1329 5083 1443 5127 tum
1483 5073 1708 5128 exstitit.
1739 5073 2036 5142 Oportebat

463 5175 594 5227 enim
645 5171 834 5242 prazire
864 5175 1246 5224 testamentum
1273 5169 1465 5220 mortis
1490 5207 1504 5230 ,
1539 5175 1599 5220 ut
1633 5181 1755 5220 eum
1809 5167 2036 5234 peccatis

471 5281 679 5319 ssemus
719 5263 952 5326 mortui,
996 5262 1224 5330 justitiw
1274 5261 1557 5313 viveremus
1603 5260 1642 5310 ³.
1679 5259 1796 5324 Qua
1823 5260 2036 5314 ratione

463 5359 704 5414 dhristus
727 5357 1069 5429 inﬁrmitates
1101 5362 1310 5408 nostras
1345 5353 1659 5420 portavit”,
1703 5353 2034 5422 morbosque

455 5453 725 5522 mscepit:
755 5465 876 5521 quae
904 5449 1086 5504 omnia
1116 5446 1332 5516 corpori
1361 5460 1460 5500 suo
1489 5445 1742 5513 imposita
1783 5445 1834 5498 in
1866 5460 2031 5499 cruce

456 5548 735 5608 sustinuit,
783 5550 842 5596 ut
887 5539 1124 5610 primum
1177 5553 1296 5608 qua:
1332 5536 1398 5590 ad
1452 5543 1678 5590 mortem
1737 5537 2027 5604 pertinent,

529 5733 546 5760 ι
593 5726 730 5782 Psal.
783 5739 836 5788 ι,
865 5725 950 5780 l9.
1025 5725 1046 5754 ¹
1079 5722 1222 5776 Psal.
1265 5735 1413 5782 χιιι,
1443 5717 1529 5772 14.
1608 5719 1628 5788 ξ
1661 5717 1812 5772 Dolit.
1841 5735 1994 5777 xvm,
2023 5742 2024 5747 η

2185 5716 2381 5770 διστιιι.
2409 5715 2570 5776 ν,46.
2647 5718 2666 5748 ⁵
2699 5716 2854 5771 Deut.
2893 5730 3052 5780 ιιι-ιιι,
3094 5713 3183 5770 I9.

2142 4613 2310 4684 μένη,
2343 4615 2398 4667 ἐν
2441 4613 2693 4682 σάλπιγξι
2727 4613 2984 4684 φοϐεραῐς
3022 4614 3280 4684 ἡκούσαις
3331 4615 3493 4685 μέγα,
3528 4618 3624 4670 καὶ
3657 4619 3716 4669 ὲν

2140 4707 2309 4776 σκηινῇ
2341 4703 2433 4757 τοῦ
2469 4705 2767 4776 μαρτυρίου
2791 4745 2803 4768 ,
2841 4705 2932 4758 καὶ
2965 4707 3022 4758 ἐν
3053 4706 3260 4776 μεγάλῃ
3300 4705 3421 4758 τότε
3447 4707 3716 4777 γενομένῃ

2137 4799 2282 4871 δόξῃ.
2321 4797 2464 4850 Ἔδει
2490 4799 2598 4870 γὰρ
2637 4799 2898 4869 προάγειν
2931 4799 3028 4867 τὴν
3057 4797 3318 4870 διαθήκην
3343 4797 3434 4851 τοῦ
3459 4797 3715 4862 θανάτου,

2140 4891 2225 4943 ἵνα
2259 4891 2476 4960 πρῶτον
2514 4893 2796 4952 θανόντες
2823 4889 2898 4957 τῇ
2935 4891 3186 4958 ἁμαρτίᾳ
3227 4888 3498 4956 ζήσωμεν
3527 4890 3604 4958 τῇ
3633 4889 3720 4942 δι-

2139 4983 2470 5048 καιοσύνῃ·
2499 4981 2574 5044 ὡς
2611 4981 2844 5052 Χριστὸς
2885 4981 2990 5045 τὰς
3037 4981 3355 5044 ἀσθενείας
3391 4979 3562 5049 ἡμῶν
3587 4981 3720 5035 ἐϐά-

2140 5089 2352 5136 στασε,
2386 5075 2600 5137 καὶτὰς
2633 5074 2820 5135 νόσους
2843 5072 3124 5132 ἀνέλαϐεν,
3157 5073 3386 5140 ἐνέγκας
3411 5073 3588 5126 πάντα
3629 5073 3720 5125 ἐπὶ

2141 5166 2218 5237 τῷ
2253 5166 2463 5237 σώματι
2501 5169 2558 5218 ὲν
2591 5165 2668 5234 τῷ
2695 5165 2944 5234 σταυρῷ,
2978 5165 3064 5217 ἵνα
3093 5164 3308 5234 πρῶτον
3341 5163 3409 5218 τὰ
3435 5163 3530 5216 τοῦ
3565 5164 3720 5219 θανά-

2139 5277 2268 5322 του,
2305 5259 2494 5311 ἕπειτα
2523 5258 2584 5309 τὸ
2623 5257 2719 5326 τῆς
2754 5255 2897 5325 ζωῆς
2941 5257 2999 5309 ἐν
3035 5257 3182 5327 αὐτῷ
3224 5256 3289 5309 δι’
3321 5257 3468 5327 ἡμᾶς
3497 5258 3720 5327 πληρω-

2143 5351 2382 5422 θήσεται.
2417 5349 2527 5400 Καὶ
2570 5347 2658 5398 διὰ
2681 5346 2839 5399 τοῦτο
2873 5346 3086 5418 πρῶτον
3113 5346 3448 5417 ἀποθνήσκει
3467 5389 3480 5412 ,
3511 5347 3597 5400 ἵνα
3627 5363 3722 5398 συ-

2141 5445 2310 5514 στήσῃ
2339 5441 2438 5513 τὴν
2469 5441 2564 5492 τοῦ
2598 5440 2826 5492 θανάτου
2856 5439 3153 5511 διαθήκηνο
3191 5439 3380 5493 ἔπειτα
3416 5441 3480 5492 ἐκ
3512 5439 3722 5510 νεκρῶν

2139 5535 2475 5604 ἐγήγερται,
2511 5533 2596 5585 ἵνα
2635 5531 2743 5586 ἀπὸ
2769 5531 2926 5601 δόξης
2959 5535 3038 5596 εἰς
3071 5531 3226 5598 δόξαν
3253 5571 3267 5596 ,
3297 5529 3562 5600 καθάπερ
3605 5531 3721 5584 ἀπὸ

3267 5715 3288 5748 ⁸
3315 5710 3478 5768 Joan.
3517 5727 3573 5774 v,
3627 5709 3720 5765 47.

461 5803 478 5832 ⁷
527 5801 564 5856 ιι
607 5801 726 5856 2lor.
761 5813 840 5860 ιιι,
881 5797 934 5852 7.
1009 5795 1031 5827 ‘
1069 5791 1259 5850 l'l‘im.
1300 5807 1339 5856 1,
1371 5791 1423 5845 9.
1501 5789 1521 5820 θ
1557 5787 1754 5844 [Petr.
1783 5804 1842 5854 ιι,
1884 5789 1976 5844 2i.
2047 5788 2090 5818 ν’
2123 5790 2224 5843 lsa.
2267 5803 2385 5850 LIII,
2431 5789 2463 5842 4
