  <div class='ocr_page' id='page_1' title='image "/cluster/home/n/w/nwhite01/storage/ocr_20150623/42/mdp.39015052824052/090.png"; bbox 0 0 4008 6240; ppageno 0'>
   <div class='ocr_carea' id='block_1_1' title="bbox 327 395 433 452">
    <p class='ocr_par' dir='ltr' id='par_1_1' title="bbox 327 395 433 452">
     <span class='ocr_line' id='line_1_1' title="bbox 327 395 433 452; baseline -0.009 0"><span class='ocrx_word' id='word_1_1' title='bbox 327 395 433 452; x_wconf 71' lang='lat' dir='ltr'><strong>MS</strong></span> 
     </span>
    </p>
   </div>
   <div class='ocr_carea' id='block_1_2' title="bbox 957 399 1920 479">
    <p class='ocr_par' dir='ltr' id='par_1_2' title="bbox 957 399 1920 479">
     <span class='ocr_line' id='line_1_2' title="bbox 957 399 1920 479; baseline 0.006 -25"><span class='ocrx_word' id='word_1_2' title='bbox 957 399 1322 459; x_wconf 78' lang='lat' dir='ltr'><strong>ADVERSUS</strong></span> <span class='ocrx_word' id='word_1_3' title='bbox 1357 401 1696 479; x_wconf 59' lang='lat' dir='ltr'><strong>HA‘IRESES</strong></span> <span class='ocrx_word' id='word_1_4' title='bbox 1734 404 1857 460; x_wconf 69' lang='grc' dir='ltr'><strong>ΜΒ.</strong></span> <span class='ocrx_word' id='word_1_5' title='bbox 1904 406 1920 460; x_wconf 88' lang='grc' dir='ltr'><strong>Ι</strong></span> 
     </span>
    </p>
   </div>
   <div class='ocr_carea' id='block_1_3' title="bbox 2025 399 2866 479">
    <p class='ocr_par' dir='ltr' id='par_1_3' title="bbox 2025 402 2866 461">
     <span class='ocr_line' id='line_1_3' title="bbox 2025 402 2866 461; baseline -0.001 -1"><span class='ocrx_word' id='word_1_6' title='bbox 2025 404 2168 461; x_wconf 78' lang='grc' dir='ltr'><strong>ΓΟΜ.</strong></span> <span class='ocrx_word' id='word_1_7' title='bbox 2210 403 2273 458; x_wconf 88' lang='lat' dir='ltr'><strong>ll.</strong></span> <span class='ocrx_word' id='word_1_8' title='bbox 2310 402 2653 459; x_wconf 66' lang='lat' dir='ltr'><strong>--H.EltES.</strong></span> <span class='ocrx_word' id='word_1_9' title='bbox 2686 405 2866 461; x_wconf 78' lang='lat' dir='ltr'><strong>LXVI.</strong></span> 
     </span>
    </p>
   </div>
   <div class='ocr_carea' id='block_1_4' title="bbox 3485 404 3581 463">
    <p class='ocr_par' dir='ltr' id='par_1_4' title="bbox 3485 404 3581 463">
     <span class='ocr_line' id='line_1_4' title="bbox 3485 404 3581 463; baseline 0.01 -1"><span class='ocrx_word' id='word_1_10' title='bbox 3485 404 3581 463; x_wconf 71' lang='grc'><strong>146</strong></span> 
     </span>
    </p>
   </div>
   <div class='ocr_carea' id='block_1_5' title="bbox 332 513 1920 595">
    <p class='ocr_par' dir='ltr' id='par_1_5' title="bbox 332 513 1898 595">
     <span class='ocr_line' id='line_1_5' title="bbox 332 513 1898 595; baseline 0.009 -30"><span class='ocrx_word' id='word_1_11' title='bbox 332 513 549 580; x_wconf 73' lang='grc' dir='ltr'>Κυρίου</span> <span class='ocrx_word' id='word_1_12' title='bbox 597 514 956 584; x_wconf 81' lang='grc' dir='ltr'>πνεύματος.</span> <span class='ocrx_word' id='word_1_13' title='bbox 1021 518 1109 572; x_wconf 86' lang='grc' dir='ltr'>Ἐν</span> <span class='ocrx_word' id='word_1_14' title='bbox 1142 519 1250 591; x_wconf 71' lang='grc' dir='ltr'><strong>γὰρ</strong></span> <span class='ocrx_word' id='word_1_15' title='bbox 1296 521 1375 591; x_wconf 85' lang='grc' dir='ltr'>τῷ</span> <span class='ocrx_word' id='word_1_16' title='bbox 1413 522 1634 595; x_wconf 83' lang='grc' dir='ltr'>σταυρῷ</span> <span class='ocrx_word' id='word_1_17' title='bbox 1671 524 1898 595; x_wconf 79' lang='grc' dir='ltr'>ἐθριάμ-</span> 
     </span>
    </p>
   </div>
   <div class='ocr_carea' id='block_1_6' title="bbox 2025 513 3585 595">
    <p class='ocr_par' dir='ltr' id='par_1_6' title="bbox 2031 523 3585 594">
     <span class='ocr_line' id='line_1_6' title="bbox 2031 523 3585 594; baseline 0.002 -18"><span class='ocrx_word' id='word_1_18' title='bbox 2031 539 2118 576; x_wconf 90' lang='lat' dir='ltr'><strong>um</strong></span> <span class='ocrx_word' id='word_1_19' title='bbox 2164 539 2291 578; x_wconf 83' lang='lat' dir='ltr'><strong>vero</strong></span> <span class='ocrx_word' id='word_1_20' title='bbox 2321 537 2441 593; x_wconf 59' lang='lat' dir='ltr'><strong>quae</strong></span> <span class='ocrx_word' id='word_1_21' title='bbox 2471 531 2601 577; x_wconf 91' lang='lat' dir='ltr'><strong>sunt</strong></span> <span class='ocrx_word' id='word_1_22' title='bbox 2650 523 2775 577; x_wconf 66' lang='lat' dir='ltr'><strong>vita:</strong></span> <span class='ocrx_word' id='word_1_23' title='bbox 2828 524 3048 594; x_wconf 86' lang='lat' dir='ltr'><strong>propria</strong></span> <span class='ocrx_word' id='word_1_24' title='bbox 3085 523 3142 581; x_wconf 84' lang='lat' dir='ltr'><strong>in</strong></span> <span class='ocrx_word' id='word_1_25' title='bbox 3177 523 3365 579; x_wconf 84' lang='lat' dir='ltr'><strong>eadem</strong></span> <span class='ocrx_word' id='word_1_26' title='bbox 3396 532 3585 585; x_wconf 86' lang='lat' dir='ltr'><strong>nostra</strong></span> 
     </span>
    </p>
   </div>
   <div class='ocr_carea' id='block_1_7' title="bbox 327 606 1898 690">
    <p class='ocr_par' dir='ltr' id='par_1_7' title="bbox 327 606 1898 690">
     <span class='ocr_line' id='line_1_7' title="bbox 327 606 1898 690; baseline 0.007 -31"><span class='ocrx_word' id='word_1_27' title='bbox 327 607 520 660; x_wconf 78' lang='grc' dir='ltr'>ϐευσεν</span> <span class='ocrx_word' id='word_1_28' title='bbox 547 606 720 677; x_wconf 76' lang='grc' dir='ltr'>ἀρχὰς</span> <span class='ocrx_word' id='word_1_29' title='bbox 743 608 838 662; x_wconf 78' lang='grc' dir='ltr'>καὶ</span> <span class='ocrx_word' id='word_1_30' title='bbox 862 609 1107 676; x_wconf 75' lang='grc' dir='ltr'>ἐξουσίας</span> <span class='ocrx_word' id='word_1_31' title='bbox 1127 630 1141 642; x_wconf 90' lang='grc'><strong>·</strong></span> <span class='ocrx_word' id='word_1_32' title='bbox 1175 614 1232 665; x_wconf 85' lang='grc' dir='ltr'>ὲν</span> <span class='ocrx_word' id='word_1_33' title='bbox 1258 613 1336 683; x_wconf 85' lang='grc' dir='ltr'>τῷ</span> <span class='ocrx_word' id='word_1_34' title='bbox 1364 613 1579 685; x_wconf 81' lang='grc' dir='ltr'><strong>Θανάτῳ</strong></span> <span class='ocrx_word' id='word_1_35' title='bbox 1614 616 1898 690; x_wconf 78' lang='grc' dir='ltr'>κατέκρινε</span> 
     </span>
    </p>
   </div>
   <div class='ocr_carea' id='block_1_8' title="bbox 324 700 1892 778">
    <p class='ocr_par' dir='ltr' id='par_1_8' title="bbox 324 700 1892 778">
     <span class='ocr_line' id='line_1_8' title="bbox 324 700 1892 778; baseline 0.008 -28"><span class='ocrx_word' id='word_1_36' title='bbox 324 702 425 770; x_wconf 81' lang='grc' dir='ltr'>τὴν</span> <span class='ocrx_word' id='word_1_37' title='bbox 464 700 737 770; x_wconf 79' lang='grc' dir='ltr'><strong>ἁμαρτίαν</strong></span> <span class='ocrx_word' id='word_1_38' title='bbox 764 717 779 729; x_wconf 86' lang='grc'><strong>·</strong></span> <span class='ocrx_word' id='word_1_39' title='bbox 840 702 897 754; x_wconf 83' lang='grc' dir='ltr'>ὲν</span> <span class='ocrx_word' id='word_1_40' title='bbox 926 701 1006 773; x_wconf 80' lang='grc' dir='ltr'>τῷ</span> <span class='ocrx_word' id='word_1_41' title='bbox 1051 702 1287 773; x_wconf 77' lang='grc' dir='ltr'>ταφῆναι</span> <span class='ocrx_word' id='word_1_42' title='bbox 1328 706 1490 776; x_wconf 68' lang='grc' dir='ltr'>ἔθαψε</span> <span class='ocrx_word' id='word_1_43' title='bbox 1520 709 1617 778; x_wconf 84' lang='grc' dir='ltr'>τὴν</span> <span class='ocrx_word' id='word_1_44' title='bbox 1645 709 1892 778; x_wconf 75' lang='grc' dir='ltr'>ἀνομίαν.</span> 
     </span>
    </p>
   </div>
   <div class='ocr_carea' id='block_1_9' title="bbox 326 791 1898 874">
    <p class='ocr_par' dir='ltr' id='par_1_9' title="bbox 326 791 1898 874">
     <span class='ocr_line' id='line_1_9' title="bbox 326 791 1898 874; baseline 0.006 -29"><span class='ocrx_word' id='word_1_45' title='bbox 326 795 385 845; x_wconf 77' lang='grc' dir='ltr'>ὲν</span> <span class='ocrx_word' id='word_1_46' title='bbox 418 791 498 863; x_wconf 82' lang='grc' dir='ltr'>τῷ</span> <span class='ocrx_word' id='word_1_47' title='bbox 529 792 829 862; x_wconf 86' lang='grc' dir='ltr'>γεύσασθαι</span> <span class='ocrx_word' id='word_1_48' title='bbox 859 794 1089 850; x_wconf 85' lang='grc' dir='ltr'>θανάτου</span> <span class='ocrx_word' id='word_1_49' title='bbox 1119 799 1420 854; x_wconf 80' lang='grc' dir='ltr'><strong>κατέκλασε</strong></span> <span class='ocrx_word' id='word_1_50' title='bbox 1453 801 1514 853; x_wconf 78' lang='grc' dir='ltr'>τὸ</span> <span class='ocrx_word' id='word_1_51' title='bbox 1553 800 1773 874; x_wconf 84' lang='grc' dir='ltr'><strong>κέντρον</strong></span> <span class='ocrx_word' id='word_1_52' title='bbox 1806 802 1898 855; x_wconf 84' lang='grc' dir='ltr'><strong>τοῦ</strong></span> 
     </span>
    </p>
   </div>
   <div class='ocr_carea' id='block_1_10' title="bbox 327 885 1903 962">
    <p class='ocr_par' dir='ltr' id='par_1_10' title="bbox 327 885 1903 962">
     <span class='ocr_line' id='line_1_10' title="bbox 327 885 1903 962; baseline 0.006 -26"><span class='ocrx_word' id='word_1_53' title='bbox 327 885 594 938; x_wconf 82' lang='grc' dir='ltr'><strong>Θανάτου·</strong></span> <span class='ocrx_word' id='word_1_54' title='bbox 647 886 705 938; x_wconf 78' lang='grc' dir='ltr'>ἐν</span> <span class='ocrx_word' id='word_1_55' title='bbox 736 885 814 956; x_wconf 79' lang='grc' dir='ltr'>τῷ</span> <span class='ocrx_word' id='word_1_56' title='bbox 857 888 1139 942; x_wconf 80' lang='grc' dir='ltr'>κατελθεῖν</span> <span class='ocrx_word' id='word_1_57' title='bbox 1190 892 1269 953; x_wconf 77' lang='grc' dir='ltr'>εἰς</span> <span class='ocrx_word' id='word_1_58' title='bbox 1297 891 1388 943; x_wconf 84' lang='grc' dir='ltr'><strong>τὸν</strong></span> <span class='ocrx_word' id='word_1_59' title='bbox 1440 891 1572 962; x_wconf 73' lang='grc' dir='ltr'>ᾅδην</span> <span class='ocrx_word' id='word_1_60' title='bbox 1610 891 1903 946; x_wconf 82' lang='grc' dir='ltr'>ἐσκύλευσε</span> 
     </span>
    </p>
   </div>
   <div class='ocr_carea' id='block_1_11' title="bbox 325 976 1900 1053">
    <p class='ocr_par' dir='ltr' id='par_1_11' title="bbox 325 976 1900 1053">
     <span class='ocr_line' id='line_1_11' title="bbox 325 976 1900 1053; baseline 0.001 -23"><span class='ocrx_word' id='word_1_61' title='bbox 325 978 418 1031; x_wconf 77' lang='grc' dir='ltr'><strong>τδν</strong></span> <span class='ocrx_word' id='word_1_62' title='bbox 473 978 645 1049; x_wconf 73' lang='grc' dir='ltr'>ᾅδην,</span> <span class='ocrx_word' id='word_1_63' title='bbox 699 976 857 1032; x_wconf 74' lang='grc' dir='ltr'>ἔλυσε</span> <span class='ocrx_word' id='word_1_64' title='bbox 910 980 1034 1042; x_wconf 81' lang='grc' dir='ltr'>τοὺς</span> <span class='ocrx_word' id='word_1_65' title='bbox 1087 980 1493 1051; x_wconf 83' lang='grc' dir='ltr'>πεπεδημένους</span> <span class='ocrx_word' id='word_1_66' title='bbox 1550 982 1609 1034; x_wconf 81' lang='grc' dir='ltr'>ὲν</span> <span class='ocrx_word' id='word_1_67' title='bbox 1661 981 1900 1053; x_wconf 71' lang='grc' dir='ltr'>ἀνδρείᾳ,</span> 
     </span>
    </p>
   </div>
   <div class='ocr_carea' id='block_1_12' title="bbox 327 1069 1904 1142">
    <p class='ocr_par' dir='ltr' id='par_1_12' title="bbox 327 1069 1904 1142">
     <span class='ocr_line' id='line_1_12' title="bbox 327 1069 1904 1142; baseline 0.002 -21"><span class='ocrx_word' id='word_1_68' title='bbox 327 1069 489 1123; x_wconf 77' lang='grc' dir='ltr'>ἔλαϐε</span> <span class='ocrx_word' id='word_1_69' title='bbox 536 1069 598 1122; x_wconf 84' lang='grc' dir='ltr'><strong>τὸ</strong></span> <span class='ocrx_word' id='word_1_70' title='bbox 644 1070 905 1141; x_wconf 85' lang='grc' dir='ltr'>τρόπαιον</span> <span class='ocrx_word' id='word_1_71' title='bbox 937 1070 1030 1123; x_wconf 88' lang='grc' dir='ltr'><strong>τοῦ</strong></span> <span class='ocrx_word' id='word_1_72' title='bbox 1064 1071 1296 1142; x_wconf 89' lang='grc' dir='ltr'>σταυροῦ</span> <span class='ocrx_word' id='word_1_73' title='bbox 1328 1071 1470 1124; x_wconf 88' lang='grc' dir='ltr'><strong>κατά</strong></span> <span class='ocrx_word' id='word_1_74' title='bbox 1495 1072 1589 1125; x_wconf 88' lang='grc' dir='ltr'><strong>τοῦ</strong></span> <span class='ocrx_word' id='word_1_75' title='bbox 1634 1071 1904 1125; x_wconf 88' lang='grc' dir='ltr'>διαϐόλου.</span> 
     </span>
    </p>
   </div>
   <div class='ocr_carea' id='block_1_13' title="bbox 328 1159 1906 1235">
    <p class='ocr_par' dir='ltr' id='par_1_13' title="bbox 328 1159 1906 1235">
     <span class='ocr_line' id='line_1_13' title="bbox 328 1159 1906 1235; baseline 0.003 -23"><span class='ocrx_word' id='word_1_76' title='bbox 328 1159 442 1212; x_wconf 77' lang='grc' dir='ltr'>Καὶ</span> <span class='ocrx_word' id='word_1_77' title='bbox 471 1160 571 1229; x_wconf 82' lang='grc' dir='ltr'>ὅρα</span> <span class='ocrx_word' id='word_1_78' title='bbox 593 1160 710 1224; x_wconf 84' lang='grc' dir='ltr'><strong>πῶς</strong></span> <span class='ocrx_word' id='word_1_79' title='bbox 739 1162 773 1231; x_wconf 82' lang='grc' dir='ltr'>ὴ</span> <span class='ocrx_word' id='word_1_80' title='bbox 826 1160 952 1227; x_wconf 79' lang='grc' dir='ltr'>δόξα</span> <span class='ocrx_word' id='word_1_81' title='bbox 999 1160 1136 1233; x_wconf 79' lang='grc' dir='ltr'>αὕτη</span> <span class='ocrx_word' id='word_1_82' title='bbox 1189 1162 1295 1214; x_wconf 74' lang='grc' dir='ltr'><strong>ἀπὸ</strong></span> <span class='ocrx_word' id='word_1_83' title='bbox 1332 1163 1609 1226; x_wconf 86' lang='grc' dir='ltr'>Μωῦσέως</span> <span class='ocrx_word' id='word_1_84' title='bbox 1642 1163 1768 1235; x_wconf 80' lang='grc' dir='ltr'>ἄχρι</span> <span class='ocrx_word' id='word_1_85' title='bbox 1810 1162 1906 1216; x_wconf 88' lang='grc' dir='ltr'><strong>τοῦ</strong></span> 
     </span>
    </p>
   </div>
   <div class='ocr_carea' id='block_1_14' title="bbox 327 1250 1908 1322">
    <p class='ocr_par' dir='ltr' id='par_1_14' title="bbox 327 1250 1908 1322">
     <span class='ocr_line' id='line_1_14' title="bbox 327 1250 1908 1322; baseline 0.002 -19"><span class='ocrx_word' id='word_1_86' title='bbox 327 1251 536 1320; x_wconf 78' lang='grc' dir='ltr'>Κυρίου</span> <span class='ocrx_word' id='word_1_87' title='bbox 559 1266 572 1280; x_wconf 88' lang='grc'><strong>·</strong></span> <span class='ocrx_word' id='word_1_88' title='bbox 604 1250 754 1321; x_wconf 87' lang='grc' dir='ltr'>πόσῳ</span> <span class='ocrx_word' id='word_1_89' title='bbox 781 1268 846 1320; x_wconf 87' lang='grc' dir='ltr'>γε</span> <span class='ocrx_word' id='word_1_90' title='bbox 873 1250 1069 1321; x_wconf 81' lang='grc' dir='ltr'>μᾶλλον</span> <span class='ocrx_word' id='word_1_91' title='bbox 1109 1253 1141 1322; x_wconf 87' lang='grc' dir='ltr'><strong>ή</strong></span> <span class='ocrx_word' id='word_1_92' title='bbox 1187 1251 1415 1322; x_wconf 77' lang='grc' dir='ltr'><strong>διαθήκη</strong></span> <span class='ocrx_word' id='word_1_93' title='bbox 1450 1252 1549 1321; x_wconf 81' lang='grc' dir='ltr'>τῆς</span> <span class='ocrx_word' id='word_1_94' title='bbox 1582 1251 1727 1322; x_wconf 78' lang='grc' dir='ltr'>ζωῆς</span> <span class='ocrx_word' id='word_1_95' title='bbox 1757 1252 1908 1307; x_wconf 76' lang='grc' dir='ltr'>ἔσται</span> 
     </span>
    </p>
   </div>
   <div class='ocr_carea' id='block_1_15' title="bbox 329 1337 1908 1414">
    <p class='ocr_par' dir='ltr' id='par_1_15' title="bbox 329 1337 1908 1414">
     <span class='ocr_line' id='line_1_15' title="bbox 329 1337 1908 1414; baseline 0.002 -23"><span class='ocrx_word' id='word_1_96' title='bbox 329 1339 390 1391; x_wconf 78' lang='grc' dir='ltr'><strong>ὲν</strong></span> <span class='ocrx_word' id='word_1_97' title='bbox 422 1337 580 1412; x_wconf 83' lang='grc' dir='ltr'><strong>δόξῃ,</strong></span> <span class='ocrx_word' id='word_1_98' title='bbox 618 1339 768 1392; x_wconf 82' lang='grc' dir='ltr'>λίθου</span> <span class='ocrx_word' id='word_1_99' title='bbox 803 1341 1340 1412; x_wconf 82' lang='grc' dir='ltr'>ἀποκεκυλισμένου,</span> <span class='ocrx_word' id='word_1_100' title='bbox 1386 1341 1602 1410; x_wconf 82' lang='grc' dir='ltr'>πετρῶν</span> <span class='ocrx_word' id='word_1_101' title='bbox 1636 1343 1908 1414; x_wconf 78' lang='grc' dir='ltr'>ρηγνυμέ-</span> 
     </span>
    </p>
   </div>
   <div class='ocr_carea' id='block_1_16' title="bbox 328 1432 1909 1504">
    <p class='ocr_par' dir='ltr' id='par_1_16' title="bbox 328 1432 1909 1504">
     <span class='ocr_line' id='line_1_16' title="bbox 328 1432 1909 1504; baseline 0.001 -20"><span class='ocrx_word' id='word_1_102' title='bbox 328 1448 460 1496; x_wconf 87' lang='grc' dir='ltr'>νων,</span> <span class='ocrx_word' id='word_1_103' title='bbox 496 1433 793 1502; x_wconf 81' lang='grc' dir='ltr'>μνημάτων</span> <span class='ocrx_word' id='word_1_104' title='bbox 826 1432 1201 1503; x_wconf 88' lang='grc' dir='ltr'>ἀνοιχθέντων,</span> <span class='ocrx_word' id='word_1_105' title='bbox 1231 1432 1478 1501; x_wconf 84' lang='grc' dir='ltr'>ἀγγέλων</span> <span class='ocrx_word' id='word_1_106' title='bbox 1510 1433 1909 1504; x_wconf 83' lang='grc' dir='ltr'>ὲξαστραπτόν-</span> 
     </span>
    </p>
   </div>
   <div class='ocr_carea' id='block_1_17' title="bbox 328 1520 1907 1592">
    <p class='ocr_par' dir='ltr' id='par_1_17' title="bbox 328 1520 1907 1592">
     <span class='ocr_line' id='line_1_17' title="bbox 328 1520 1907 1592; baseline 0.001 -19"><span class='ocrx_word' id='word_1_107' title='bbox 328 1537 460 1585; x_wconf 89' lang='grc' dir='ltr'>των,</span> <span class='ocrx_word' id='word_1_108' title='bbox 493 1521 767 1589; x_wconf 83' lang='grc' dir='ltr'>γυναικῶν</span> <span class='ocrx_word' id='word_1_109' title='bbox 797 1520 1315 1592; x_wconf 75' lang='grc' dir='ltr'>εὐαγγελιζομένων,</span> <span class='ocrx_word' id='word_1_110' title='bbox 1347 1522 1570 1592; x_wconf 82' lang='grc' dir='ltr'><strong>εἰρήνης</strong></span> <span class='ocrx_word' id='word_1_111' title='bbox 1607 1521 1907 1591; x_wconf 82' lang='grc' dir='ltr'>διδομένης,</span> 
     </span>
    </p>
   </div>
   <div class='ocr_carea' id='block_1_18' title="bbox 330 1599 1909 1685">
    <p class='ocr_par' dir='ltr' id='par_1_18' title="bbox 330 1599 1909 1685">
     <span class='ocr_line' id='line_1_18' title="bbox 330 1599 1909 1685; baseline 0.001 -19"><span class='ocrx_word' id='word_1_112' title='bbox 330 1612 649 1682; x_wconf 84' lang='grc' dir='ltr'>Πνεύματος</span> <span class='ocrx_word' id='word_1_113' title='bbox 696 1613 824 1682; x_wconf 83' lang='grc' dir='ltr'>παρ’</span> <span class='ocrx_word' id='word_1_114' title='bbox 869 1612 1033 1667; x_wconf 82' lang='grc' dir='ltr'>αὑτοῦ</span> <span class='ocrx_word' id='word_1_115' title='bbox 1083 1615 1195 1676; x_wconf 86' lang='grc' dir='ltr'>τοῖς</span> <span class='ocrx_word' id='word_1_116' title='bbox 1249 1613 1567 1677; x_wconf 80' lang='grc' dir='ltr'>ἀποστόλοις</span> <span class='ocrx_word' id='word_1_117' title='bbox 1614 1599 1909 1685; x_wconf 83' lang='grc' dir='ltr'>διδομένου,</span> 
     </span>
    </p>
   </div>
   <div class='ocr_carea' id='block_1_19' title="bbox 330 1701 1912 1774">
    <p class='ocr_par' dir='ltr' id='par_1_19' title="bbox 330 1701 1912 1774">
     <span class='ocr_line' id='line_1_19' title="bbox 330 1701 1912 1774; baseline 0.002 -19"><span class='ocrx_word' id='word_1_118' title='bbox 330 1702 576 1773; x_wconf 77' lang='grc' dir='ltr'>οὐρανῶν</span> <span class='ocrx_word' id='word_1_119' title='bbox 638 1701 912 1772; x_wconf 85' lang='grc' dir='ltr'>βασιλείας</span> <span class='ocrx_word' id='word_1_120' title='bbox 965 1703 1473 1773; x_wconf 82' lang='grc' dir='ltr'>καταγγελλομένης</span> <span class='ocrx_word' id='word_1_121' title='bbox 1505 1744 1519 1766; x_wconf 95' lang='grc'><strong>,</strong></span> <span class='ocrx_word' id='word_1_122' title='bbox 1572 1705 1912 1774; x_wconf 80' lang='grc' dir='ltr'>Εὐαγγελίου</span> 
     </span>
    </p>
   </div>
   <div class='ocr_carea' id='block_1_20' title="bbox 332 1791 1909 1866">
    <p class='ocr_par' dir='ltr' id='par_1_20' title="bbox 332 1791 1909 1866">
     <span class='ocr_line' id='line_1_20' title="bbox 332 1791 1909 1866; baseline 0.003 -22"><span class='ocrx_word' id='word_1_123' title='bbox 332 1791 667 1860; x_wconf 76' lang='grc' dir='ltr'>φωτίσαντος</span> <span class='ocrx_word' id='word_1_124' title='bbox 711 1794 811 1864; x_wconf 81' lang='grc' dir='ltr'><strong>τὴν</strong></span> <span class='ocrx_word' id='word_1_125' title='bbox 857 1794 1223 1866; x_wconf 77' lang='grc' dir='ltr'>οἰκουμένην;</span> <span class='ocrx_word' id='word_1_126' title='bbox 1291 1795 1353 1849; x_wconf 91' lang='lat'><strong>&#39;0</strong></span> <span class='ocrx_word' id='word_1_127' title='bbox 1398 1795 1658 1862; x_wconf 81' lang='grc' dir='ltr'>καταϐὰς</span> <span class='ocrx_word' id='word_1_128' title='bbox 1706 1797 1909 1863; x_wconf 80' lang='grc' dir='ltr'>αὐτὸς,</span> 
     </span>
    </p>
   </div>
   <div class='ocr_carea' id='block_1_21' title="bbox 2002 615 3586 685">
    <p class='ocr_par' dir='ltr' id='par_1_21' title="bbox 2002 615 3586 685">
     <span class='ocr_line' id='line_1_21' title="bbox 2002 615 3586 685; baseline 0.001 -15"><span class='ocrx_word' id='word_1_129' title='bbox 2002 630 2166 670; x_wconf 89' lang='lat' dir='ltr'><strong>causa</strong></span> <span class='ocrx_word' id='word_1_130' title='bbox 2215 615 2637 685; x_wconf 81' lang='lat' dir='ltr'><strong>complerentur.</strong></span> <span class='ocrx_word' id='word_1_131' title='bbox 2703 616 2876 679; x_wconf 82' lang='lat' dir='ltr'><strong>Quam</strong></span> <span class='ocrx_word' id='word_1_132' title='bbox 2935 616 3008 671; x_wconf 92' lang='lat' dir='ltr'><strong>ob</strong></span> <span class='ocrx_word' id='word_1_133' title='bbox 3074 631 3296 671; x_wconf 84' lang='lat' dir='ltr'><strong>causam</strong></span> <span class='ocrx_word' id='word_1_134' title='bbox 3354 616 3586 671; x_wconf 84' lang='lat' dir='ltr'><strong>moritur</strong></span> 
     </span>
    </p>
   </div>
   <div class='ocr_carea' id='block_1_22' title="bbox 2002 706 3584 780">
    <p class='ocr_par' dir='ltr' id='par_1_22' title="bbox 2002 706 3584 780">
     <span class='ocr_line' id='line_1_22' title="bbox 2002 706 3584 780; baseline 0.002 -21"><span class='ocrx_word' id='word_1_135' title='bbox 2002 708 2197 776; x_wconf 89' lang='lat' dir='ltr'><strong>primo,</strong></span> <span class='ocrx_word' id='word_1_136' title='bbox 2231 714 2293 760; x_wconf 94' lang='lat' dir='ltr'><strong>ut</strong></span> <span class='ocrx_word' id='word_1_137' title='bbox 2318 706 2509 761; x_wconf 90' lang='lat' dir='ltr'><strong>mortis</strong></span> <span class='ocrx_word' id='word_1_138' title='bbox 2541 712 2923 761; x_wconf 73' lang='lat' dir='ltr'><strong>testamentum</strong></span> <span class='ocrx_word' id='word_1_139' title='bbox 2951 707 3376 762; x_wconf 87' lang='lat' dir='ltr'><strong>commendaret.</strong></span> <span class='ocrx_word' id='word_1_140' title='bbox 3416 708 3584 780; x_wconf 61' lang='grc'><strong>694.</strong></span> 
     </span>
    </p>
   </div>
   <div class='ocr_carea' id='block_1_23' title="bbox 1995 794 3584 868">
    <p class='ocr_par' dir='ltr' id='par_1_23' title="bbox 1995 794 3584 868">
     <span class='ocr_line' id='line_1_23' title="bbox 1995 794 3584 868; baseline 0.004 -20"><span class='ocrx_word' id='word_1_141' title='bbox 1995 794 2210 851; x_wconf 79' lang='lat' dir='ltr'><strong>Deinde</strong></span> <span class='ocrx_word' id='word_1_142' title='bbox 2241 811 2272 849; x_wconf 89' lang='lat' dir='ltr'><strong>a</strong></span> <span class='ocrx_word' id='word_1_143' title='bbox 2301 797 2538 851; x_wconf 76' lang='lat' dir='ltr'><strong>mortuis</strong></span> <span class='ocrx_word' id='word_1_144' title='bbox 2586 796 2862 852; x_wconf 84' lang='lat' dir='ltr'><strong>excitatus</strong></span> <span class='ocrx_word' id='word_1_145' title='bbox 2888 804 2970 851; x_wconf 90' lang='lat' dir='ltr'><strong>est</strong></span> <span class='ocrx_word' id='word_1_146' title='bbox 2998 839 3013 862; x_wconf 91' lang='lat'><strong>,</strong></span> <span class='ocrx_word' id='word_1_147' title='bbox 3041 806 3099 851; x_wconf 90' lang='lat' dir='ltr'><strong>ut</strong></span> <span class='ocrx_word' id='word_1_148' title='bbox 3146 813 3175 851; x_wconf 90' lang='lat' dir='ltr'><strong>a</strong></span> <span class='ocrx_word' id='word_1_149' title='bbox 3210 799 3384 868; x_wconf 84' lang='lat' dir='ltr'><strong>gloria</strong></span> <span class='ocrx_word' id='word_1_150' title='bbox 3415 808 3584 855; x_wconf 90' lang='lat' dir='ltr'><strong>trans-</strong></span> 
     </span>
    </p>
   </div>
   <div class='ocr_carea' id='block_1_24' title="bbox 2004 886 3586 957">
    <p class='ocr_par' dir='ltr' id='par_1_24' title="bbox 2004 886 3586 957">
     <span class='ocr_line' id='line_1_24' title="bbox 2004 886 3586 957; baseline 0.002 -17"><span class='ocrx_word' id='word_1_151' title='bbox 2004 887 2108 941; x_wconf 90' lang='lat' dir='ltr'><strong>iret</strong></span> <span class='ocrx_word' id='word_1_152' title='bbox 2161 886 2229 941; x_wconf 88' lang='lat' dir='ltr'><strong>ad</strong></span> <span class='ocrx_word' id='word_1_153' title='bbox 2259 886 2507 957; x_wconf 81' lang='lat' dir='ltr'><strong>gloriam,</strong></span> <span class='ocrx_word' id='word_1_154' title='bbox 2538 896 2791 956; x_wconf 85' lang='lat' dir='ltr'><strong>tanquam</strong></span> <span class='ocrx_word' id='word_1_155' title='bbox 2837 904 2869 941; x_wconf 88' lang='lat' dir='ltr'><strong>a</strong></span> <span class='ocrx_word' id='word_1_156' title='bbox 2899 887 3116 943; x_wconf 78' lang='lat' dir='ltr'><strong>Domini</strong></span> <span class='ocrx_word' id='word_1_157' title='bbox 3144 891 3336 956; x_wconf 88' lang='lat' dir='ltr'><strong>spiritu</strong></span> <span class='ocrx_word' id='word_1_158' title='bbox 3368 892 3412 943; x_wconf 88' lang='grc'>¹.</span> <span class='ocrx_word' id='word_1_159' title='bbox 3448 889 3586 943; x_wconf 87' lang='lat' dir='ltr'><strong>Nam</strong></span> 
     </span>
    </p>
   </div>
   <div class='ocr_carea' id='block_1_25' title="bbox 2005 972 3586 1046">
    <p class='ocr_par' dir='ltr' id='par_1_25' title="bbox 2005 972 3586 1046">
     <span class='ocr_line' id='line_1_25' title="bbox 2005 972 3586 1046; baseline 0.004 -20"><span class='ocrx_word' id='word_1_160' title='bbox 2005 972 2061 1027; x_wconf 92' lang='lat' dir='ltr'><strong>in</strong></span> <span class='ocrx_word' id='word_1_161' title='bbox 2088 988 2252 1029; x_wconf 88' lang='lat' dir='ltr'><strong>cruce</strong></span> <span class='ocrx_word' id='word_1_162' title='bbox 2293 973 2630 1044; x_wconf 78' lang='lat' dir='ltr'><strong>principatus</strong></span> <span class='ocrx_word' id='word_1_163' title='bbox 2681 990 2745 1029; x_wconf 89' lang='lat' dir='ltr'><strong>ac</strong></span> <span class='ocrx_word' id='word_1_164' title='bbox 2796 984 3096 1046; x_wconf 81' lang='lat' dir='ltr'><strong>potestates</strong></span> <span class='ocrx_word' id='word_1_165' title='bbox 3128 979 3274 1032; x_wconf 89' lang='lat' dir='ltr'><strong>velut</strong></span> <span class='ocrx_word' id='word_1_166' title='bbox 3305 979 3358 1033; x_wconf 92' lang='lat' dir='ltr'><strong>in</strong></span> <span class='ocrx_word' id='word_1_167' title='bbox 3393 980 3586 1033; x_wconf 67' lang='lat' dir='ltr'><strong>trium~</strong></span> 
     </span>
    </p>
   </div>
   <div class='ocr_carea' id='block_1_26' title="bbox 2008 1065 3588 1141">
    <p class='ocr_par' dir='ltr' id='par_1_26' title="bbox 2008 1065 3588 1141">
     <span class='ocr_line' id='line_1_26' title="bbox 2008 1065 3588 1141; baseline 0.004 -22"><span class='ocrx_word' id='word_1_168' title='bbox 2008 1065 2116 1135; x_wconf 87' lang='lat' dir='ltr'><strong>pho</strong></span> <span class='ocrx_word' id='word_1_169' title='bbox 2141 1066 2381 1122; x_wconf 84' lang='lat' dir='ltr'><strong>traduxit</strong></span> <span class='ocrx_word' id='word_1_170' title='bbox 2415 1067 2462 1119; x_wconf 83' lang='grc'>³.</span> <span class='ocrx_word' id='word_1_171' title='bbox 2491 1066 2549 1120; x_wconf 85' lang='grc' dir='ltr'><strong>ιιι</strong></span> <span class='ocrx_word' id='word_1_172' title='bbox 2582 1076 2759 1124; x_wconf 89' lang='lat' dir='ltr'><strong>morte</strong></span> <span class='ocrx_word' id='word_1_173' title='bbox 2804 1084 2935 1123; x_wconf 90' lang='lat' dir='ltr'><strong>vero</strong></span> <span class='ocrx_word' id='word_1_174' title='bbox 2970 1081 3250 1141; x_wconf 88' lang='lat' dir='ltr'><strong>peccatum</strong></span> <span class='ocrx_word' id='word_1_175' title='bbox 3287 1071 3588 1136; x_wconf 82' lang='lat' dir='ltr'><strong>damnavit,</strong></span> 
     </span>
    </p>
   </div>
   <div class='ocr_carea' id='block_1_27' title="bbox 2010 1159 3591 1235">
    <p class='ocr_par' dir='ltr' id='par_1_27' title="bbox 2010 1159 3591 1235">
     <span class='ocr_line' id='line_1_27' title="bbox 2010 1159 3591 1235; baseline 0.004 -21"><span class='ocrx_word' id='word_1_176' title='bbox 2010 1161 2070 1214; x_wconf 89' lang='lat' dir='ltr'><strong>in</strong></span> <span class='ocrx_word' id='word_1_177' title='bbox 2122 1159 2399 1229; x_wconf 85' lang='lat' dir='ltr'><strong>sepultura</strong></span> <span class='ocrx_word' id='word_1_178' title='bbox 2456 1159 2798 1230; x_wconf 85' lang='lat' dir='ltr'><strong>iniquitatem</strong></span> <span class='ocrx_word' id='word_1_179' title='bbox 2833 1163 3088 1231; x_wconf 84' lang='lat' dir='ltr'><strong>sepeliit,</strong></span> <span class='ocrx_word' id='word_1_180' title='bbox 3140 1164 3198 1218; x_wconf 90' lang='lat' dir='ltr'><strong>in</strong></span> <span class='ocrx_word' id='word_1_181' title='bbox 3254 1162 3591 1235; x_wconf 79' lang='lat' dir='ltr'><strong>degustanda</strong></span> 
     </span>
    </p>
   </div>
   <div class='ocr_carea' id='block_1_28' title="bbox 2010 1246 3593 1321">
    <p class='ocr_par' dir='ltr' id='par_1_28' title="bbox 2010 1246 3593 1321">
     <span class='ocr_line' id='line_1_28' title="bbox 2010 1246 3593 1321; baseline 0.003 -19"><span class='ocrx_word' id='word_1_182' title='bbox 2010 1246 2186 1305; x_wconf 75' lang='lat' dir='ltr'><strong>marte</strong></span> <span class='ocrx_word' id='word_1_183' title='bbox 2229 1249 2510 1305; x_wconf 88' lang='lat' dir='ltr'><strong>stimulum</strong></span> <span class='ocrx_word' id='word_1_184' title='bbox 2562 1250 2752 1306; x_wconf 88' lang='lat' dir='ltr'><strong>mortis</strong></span> <span class='ocrx_word' id='word_1_185' title='bbox 2791 1250 3011 1321; x_wconf 80' lang='lat' dir='ltr'><strong>infregit</strong></span> <span class='ocrx_word' id='word_1_186' title='bbox 3064 1251 3110 1316; x_wconf 77' lang='lat'><strong>‘,</strong></span> <span class='ocrx_word' id='word_1_187' title='bbox 3147 1252 3202 1307; x_wconf 93' lang='lat' dir='ltr'><strong>in</strong></span> <span class='ocrx_word' id='word_1_188' title='bbox 3256 1268 3358 1308; x_wconf 88' lang='lat' dir='ltr'><strong>suo</strong></span> <span class='ocrx_word' id='word_1_189' title='bbox 3403 1253 3494 1308; x_wconf 88' lang='lat' dir='ltr'><strong>illo</strong></span> <span class='ocrx_word' id='word_1_190' title='bbox 3524 1252 3593 1308; x_wconf 89' lang='lat' dir='ltr'><strong>ad</strong></span> 
     </span>
    </p>
   </div>
   <div class='ocr_carea' id='block_1_29' title="bbox 2013 1338 3591 1410">
    <p class='ocr_par' dir='ltr' id='par_1_29' title="bbox 2013 1338 3591 1410">
     <span class='ocr_line' id='line_1_29' title="bbox 2013 1338 3591 1410; baseline 0.004 -18"><span class='ocrx_word' id='word_1_191' title='bbox 2013 1338 2227 1395; x_wconf 81' lang='lat' dir='ltr'><strong>inferos</strong></span> <span class='ocrx_word' id='word_1_192' title='bbox 2281 1338 2550 1395; x_wconf 88' lang='lat' dir='ltr'><strong>descensu</strong></span> <span class='ocrx_word' id='word_1_193' title='bbox 2599 1340 2773 1410; x_wconf 87' lang='lat' dir='ltr'><strong>spolia</strong></span> <span class='ocrx_word' id='word_1_194' title='bbox 2811 1340 3046 1396; x_wconf 80' lang='lat' dir='ltr'><strong>detraxit</strong></span> <span class='ocrx_word' id='word_1_195' title='bbox 3100 1342 3324 1406; x_wconf 82' lang='lat' dir='ltr'><strong>inferis,</strong></span> <span class='ocrx_word' id='word_1_196' title='bbox 3378 1345 3591 1399; x_wconf 87' lang='lat' dir='ltr'><strong>vinctos</strong></span> 
     </span>
    </p>
   </div>
   <div class='ocr_carea' id='block_1_30' title="bbox 2014 1429 3593 1496">
    <p class='ocr_par' dir='ltr' id='par_1_30' title="bbox 2014 1429 3593 1496">
     <span class='ocr_line' id='line_1_30' title="bbox 2014 1429 3593 1496; baseline 0.004 -13"><span class='ocrx_word' id='word_1_197' title='bbox 2014 1429 2330 1485; x_wconf 82' lang='lat' dir='ltr'><strong>fortitudine</strong></span> <span class='ocrx_word' id='word_1_198' title='bbox 2380 1445 2480 1486; x_wconf 89' lang='lat' dir='ltr'><strong>sua</strong></span> <span class='ocrx_word' id='word_1_199' title='bbox 2537 1429 2823 1496; x_wconf 81' lang='lat' dir='ltr'><strong>liberavit,</strong></span> <span class='ocrx_word' id='word_1_200' title='bbox 2876 1432 3138 1488; x_wconf 85' lang='lat' dir='ltr'><strong>adversus</strong></span> <span class='ocrx_word' id='word_1_201' title='bbox 3174 1433 3449 1489; x_wconf 88' lang='lat' dir='ltr'><strong>diabolum</strong></span> <span class='ocrx_word' id='word_1_202' title='bbox 3482 1445 3593 1489; x_wconf 86' lang='lat' dir='ltr'><strong>tro-</strong></span> 
     </span>
    </p>
   </div>
   <div class='ocr_carea' id='block_1_31' title="bbox 2012 1518 3594 1595">
    <p class='ocr_par' dir='ltr' id='par_1_31' title="bbox 2012 1518 3594 1595">
     <span class='ocr_line' id='line_1_31' title="bbox 2012 1518 3594 1595; baseline 0.003 -21"><span class='ocrx_word' id='word_1_203' title='bbox 2012 1535 2188 1590; x_wconf 59' lang='lat' dir='ltr'><strong>pasam</strong></span> <span class='ocrx_word' id='word_1_204' title='bbox 2261 1520 2443 1575; x_wconf 89' lang='lat' dir='ltr'><strong>crucis</strong></span> <span class='ocrx_word' id='word_1_205' title='bbox 2472 1520 2699 1590; x_wconf 88' lang='lat' dir='ltr'><strong>accepit.</strong></span> <span class='ocrx_word' id='word_1_206' title='bbox 2732 1518 2869 1576; x_wconf 80' lang='lat' dir='ltr'><strong>Vide</strong></span> <span class='ocrx_word' id='word_1_207' title='bbox 2917 1528 2979 1576; x_wconf 93' lang='lat' dir='ltr'><strong>ut</strong></span> <span class='ocrx_word' id='word_1_208' title='bbox 3026 1538 3057 1576; x_wconf 90' lang='lat' dir='ltr'><strong>a</strong></span> <span class='ocrx_word' id='word_1_209' title='bbox 3097 1522 3280 1595; x_wconf 81' lang='lat' dir='ltr'><strong>Moyse</strong></span> <span class='ocrx_word' id='word_1_210' title='bbox 3333 1524 3402 1579; x_wconf 90' lang='lat' dir='ltr'><strong>ad</strong></span> <span class='ocrx_word' id='word_1_211' title='bbox 3434 1526 3594 1580; x_wconf 64' lang='grc' dir='ltr'>(ιιιτι-</span> 
     </span>
    </p>
   </div>
   <div class='ocr_carea' id='block_1_32' title="bbox 2014 1611 3590 1687">
    <p class='ocr_par' dir='ltr' id='par_1_32' title="bbox 2014 1611 3590 1687">
     <span class='ocr_line' id='line_1_32' title="bbox 2014 1611 3590 1687; baseline 0.002 -20"><span class='ocrx_word' id='word_1_212' title='bbox 2014 1622 2156 1667; x_wconf 90' lang='lat' dir='ltr'><strong>stum</strong></span> <span class='ocrx_word' id='word_1_213' title='bbox 2192 1611 2366 1682; x_wconf 83' lang='lat' dir='ltr'><strong>gloria</strong></span> <span class='ocrx_word' id='word_1_214' title='bbox 2405 1611 2746 1682; x_wconf 88' lang='lat' dir='ltr'><strong>perstiterit,</strong></span> <span class='ocrx_word' id='word_1_215' title='bbox 2778 1622 2984 1683; x_wconf 90' lang='lat' dir='ltr'><strong>quanto</strong></span> <span class='ocrx_word' id='word_1_216' title='bbox 3013 1630 3141 1685; x_wconf 86' lang='lat' dir='ltr'><strong>ergo</strong></span> <span class='ocrx_word' id='word_1_217' title='bbox 3185 1618 3444 1687; x_wconf 88' lang='lat' dir='ltr'><strong>majorem</strong></span> <span class='ocrx_word' id='word_1_218' title='bbox 3475 1619 3590 1687; x_wconf 86' lang='lat' dir='ltr'><strong>glo-</strong></span> 
     </span>
    </p>
   </div>
   <div class='ocr_carea' id='block_1_33' title="bbox 2013 1704 3595 1779">
    <p class='ocr_par' dir='ltr' id='par_1_33' title="bbox 2013 1704 3595 1779">
     <span class='ocr_line' id='line_1_33' title="bbox 2013 1704 3595 1779; baseline 0.004 -22"><span class='ocrx_word' id='word_1_219' title='bbox 2013 1704 2150 1758; x_wconf 87' lang='lat' dir='ltr'><strong>riam</strong></span> <span class='ocrx_word' id='word_1_220' title='bbox 2208 1704 2332 1758; x_wconf 72' lang='lat' dir='ltr'><strong>viue</strong></span> <span class='ocrx_word' id='word_1_221' title='bbox 2386 1710 2773 1760; x_wconf 86' lang='lat' dir='ltr'><strong>testamentum</strong></span> <span class='ocrx_word' id='word_1_222' title='bbox 2825 1706 3130 1772; x_wconf 85' lang='lat' dir='ltr'><strong>obtinebit,</strong></span> <span class='ocrx_word' id='word_1_223' title='bbox 3184 1723 3307 1762; x_wconf 92' lang='lat' dir='ltr'><strong>cum</strong></span> <span class='ocrx_word' id='word_1_224' title='bbox 3350 1716 3403 1763; x_wconf 91' lang='lat' dir='ltr'><strong>et</strong></span> <span class='ocrx_word' id='word_1_225' title='bbox 3456 1709 3595 1779; x_wconf 87' lang='lat' dir='ltr'><strong>lapis</strong></span> 
     </span>
    </p>
   </div>
   <div class='ocr_carea' id='block_1_34' title="bbox 2017 1793 3593 1867">
    <p class='ocr_par' dir='ltr' id='par_1_34' title="bbox 2017 1793 3593 1867">
     <span class='ocr_line' id='line_1_34' title="bbox 2017 1793 3593 1867; baseline 0.004 -19"><span class='ocrx_word' id='word_1_226' title='bbox 2017 1793 2346 1862; x_wconf 64' lang='lat' dir='ltr'><strong>revolvitur;</strong></span> <span class='ocrx_word' id='word_1_227' title='bbox 2372 1803 2425 1849; x_wconf 91' lang='lat' dir='ltr'><strong>et</strong></span> <span class='ocrx_word' id='word_1_228' title='bbox 2464 1809 2599 1851; x_wconf 78' lang='lat' dir='ltr'><strong>saxa</strong></span> <span class='ocrx_word' id='word_1_229' title='bbox 2637 1794 2997 1867; x_wconf 83' lang='lat' dir='ltr'><strong>franguntur,</strong></span> <span class='ocrx_word' id='word_1_230' title='bbox 3045 1807 3100 1852; x_wconf 91' lang='lat' dir='ltr'><strong>et</strong></span> <span class='ocrx_word' id='word_1_231' title='bbox 3150 1800 3482 1856; x_wconf 83' lang='lat' dir='ltr'><strong>monimenta</strong></span> <span class='ocrx_word' id='word_1_232' title='bbox 3509 1817 3593 1855; x_wconf 81' lang='lat' dir='ltr'><strong>re-</strong></span> 
     </span>
    </p>
   </div>
   <div class='ocr_carea' id='block_1_35' title="bbox 332 1869 1920 1958">
    <p class='ocr_par' dir='ltr' id='par_1_35' title="bbox 332 1882 1909 1955">
     <span class='ocr_line' id='line_1_35' title="bbox 332 1882 1909 1955; baseline 0.003 -19"><span class='ocrx_word' id='word_1_233' title='bbox 332 1882 433 1936; x_wconf 78' lang='grc' dir='ltr'>καὶ</span> <span class='ocrx_word' id='word_1_234' title='bbox 469 1886 502 1937; x_wconf 83' lang='grc' dir='ltr'><em>ὁ</em></span> <span class='ocrx_word' id='word_1_235' title='bbox 536 1884 762 1951; x_wconf 80' lang='grc' dir='ltr'>ἀναϐὰς</span> <span class='ocrx_word' id='word_1_236' title='bbox 809 1884 1009 1939; x_wconf 82' lang='grc' dir='ltr'><em>ἐπάνω</em></span> <span class='ocrx_word' id='word_1_237' title='bbox 1037 1885 1280 1939; x_wconf 85' lang='grc' dir='ltr'>πάντων</span> <span class='ocrx_word' id='word_1_238' title='bbox 1311 1886 1431 1939; x_wconf 85' lang='grc' dir='ltr'><strong>τῶν</strong></span> <span class='ocrx_word' id='word_1_239' title='bbox 1471 1887 1744 1955; x_wconf 83' lang='grc' dir='ltr'>οὐρανῶν</span> <span class='ocrx_word' id='word_1_240' title='bbox 1761 1929 1776 1953; x_wconf 90' lang='grc'><strong>,</strong></span> <span class='ocrx_word' id='word_1_241' title='bbox 1812 1888 1909 1941; x_wconf 81' lang='grc' dir='ltr'>καὶ</span> 
     </span>
    </p>
   </div>
   <div class='ocr_carea' id='block_1_36' title="bbox 2025 1869 3593 1958">
    <p class='ocr_par' dir='ltr' id='par_1_36' title="bbox 2025 1886 3593 1958">
     <span class='ocr_line' id='line_1_36' title="bbox 2025 1886 3593 1958; baseline 0.001 -15"><span class='ocrx_word' id='word_1_242' title='bbox 2025 1893 2310 1951; x_wconf 79' lang='lat' dir='ltr'><strong>serantur,</strong></span> <span class='ocrx_word' id='word_1_243' title='bbox 2370 1894 2427 1943; x_wconf 86' lang='lat' dir='ltr'><strong>et</strong></span> <span class='ocrx_word' id='word_1_244' title='bbox 2479 1887 2655 1958; x_wconf 88' lang='lat' dir='ltr'><strong>angeli</strong></span> <span class='ocrx_word' id='word_1_245' title='bbox 2701 1886 2934 1958; x_wconf 77' lang='lat' dir='ltr'><strong>fulguris</strong></span> <span class='ocrx_word' id='word_1_246' title='bbox 2992 1889 3168 1945; x_wconf 89' lang='lat' dir='ltr'><strong>instar</strong></span> <span class='ocrx_word' id='word_1_247' title='bbox 3203 1891 3481 1955; x_wconf 90' lang='lat' dir='ltr'><strong>emicant,</strong></span> <span class='ocrx_word' id='word_1_248' title='bbox 3539 1900 3593 1946; x_wconf 88' lang='lat' dir='ltr'><strong>et</strong></span> 
     </span>
    </p>
   </div>
   <div class='ocr_carea' id='block_1_37' title="bbox 333 1972 1908 2050">
    <p class='ocr_par' dir='ltr' id='par_1_37' title="bbox 333 1972 1908 2050">
     <span class='ocr_line' id='line_1_37' title="bbox 333 1972 1908 2050; baseline 0.002 -22"><span class='ocrx_word' id='word_1_249' title='bbox 333 1972 722 2045; x_wconf 79' lang='grc' dir='ltr'>καθεζόμενος</span> <span class='ocrx_word' id='word_1_250' title='bbox 757 1976 827 2030; x_wconf 87' lang='grc' dir='ltr'>ἐν</span> <span class='ocrx_word' id='word_1_251' title='bbox 866 1975 1037 2043; x_wconf 80' lang='grc' dir='ltr'>δεξιᾷ</span> <span class='ocrx_word' id='word_1_252' title='bbox 1062 1978 1168 2033; x_wconf 86' lang='grc' dir='ltr'><strong>τοῦ</strong></span> <span class='ocrx_word' id='word_1_253' title='bbox 1196 1978 1447 2047; x_wconf 81' lang='grc' dir='ltr'>Πατρός.</span> <span class='ocrx_word' id='word_1_254' title='bbox 1478 1979 1592 2032; x_wconf 81' lang='grc' dir='ltr'>Οὐκ</span> <span class='ocrx_word' id='word_1_255' title='bbox 1635 1972 1702 2050; x_wconf 79' lang='grc' dir='ltr'>ἦν</span> <span class='ocrx_word' id='word_1_256' title='bbox 1743 1978 1908 2032; x_wconf 88' lang='grc' dir='ltr'>θανα-</span> 
     </span>
    </p>
   </div>
   <div class='ocr_carea' id='block_1_38' title="bbox 333 2066 1909 2140">
    <p class='ocr_par' dir='ltr' id='par_1_38' title="bbox 333 2066 1909 2140">
     <span class='ocr_line' id='line_1_38' title="bbox 333 2066 1909 2140; baseline 0.003 -22"><span class='ocrx_word' id='word_1_257' title='bbox 333 2066 550 2129; x_wconf 83' lang='grc' dir='ltr'>τοποιὺς</span> <span class='ocrx_word' id='word_1_258' title='bbox 573 2069 606 2137; x_wconf 78' lang='grc' dir='ltr'>ἡ</span> <span class='ocrx_word' id='word_1_259' title='bbox 634 2067 867 2139; x_wconf 86' lang='grc' dir='ltr'>διαθήκη</span> <span class='ocrx_word' id='word_1_260' title='bbox 890 2106 906 2132; x_wconf 93' lang='grc'><strong>,</strong></span> <span class='ocrx_word' id='word_1_261' title='bbox 937 2068 1073 2121; x_wconf 84' lang='grc' dir='ltr'>ἀλλὰ</span> <span class='ocrx_word' id='word_1_262' title='bbox 1101 2069 1243 2123; x_wconf 85' lang='grc' dir='ltr'><strong>κατά</strong></span> <span class='ocrx_word' id='word_1_263' title='bbox 1286 2069 1382 2123; x_wconf 85' lang='grc' dir='ltr'><strong>τοῦ</strong></span> <span class='ocrx_word' id='word_1_264' title='bbox 1408 2068 1635 2123; x_wconf 84' lang='grc' dir='ltr'>θανάτου</span> <span class='ocrx_word' id='word_1_265' title='bbox 1662 2072 1695 2140; x_wconf 87' lang='grc' dir='ltr'><strong>ή</strong></span> <span class='ocrx_word' id='word_1_266' title='bbox 1722 2069 1909 2139; x_wconf 65' lang='grc' dir='ltr'>διαθήα</span> 
     </span>
    </p>
   </div>
   <div class='ocr_carea' id='block_1_39' title="bbox 334 2157 1908 2231">
    <p class='ocr_par' dir='ltr' id='par_1_39' title="bbox 334 2157 1908 2231">
     <span class='ocr_line' id='line_1_39' title="bbox 334 2157 1908 2231; baseline 0.002 -18"><span class='ocrx_word' id='word_1_267' title='bbox 334 2176 428 2229; x_wconf 80' lang='grc' dir='ltr'><strong>κη.</strong></span> <span class='ocrx_word' id='word_1_268' title='bbox 467 2159 558 2211; x_wconf 88' lang='grc' dir='ltr'>Ἐν</span> <span class='ocrx_word' id='word_1_269' title='bbox 577 2159 703 2231; x_wconf 83' lang='grc' dir='ltr'>δόξῃ</span> <span class='ocrx_word' id='word_1_270' title='bbox 734 2159 842 2229; x_wconf 81' lang='grc' dir='ltr'>δὲή</span> <span class='ocrx_word' id='word_1_271' title='bbox 872 2157 968 2213; x_wconf 91' lang='grc' dir='ltr'><strong>τοῦ</strong></span> <span class='ocrx_word' id='word_1_272' title='bbox 1007 2158 1237 2214; x_wconf 82' lang='grc' dir='ltr'>θανάτου</span> <span class='ocrx_word' id='word_1_273' title='bbox 1262 2200 1278 2225; x_wconf 88' lang='grc'><strong>,</strong></span> <span class='ocrx_word' id='word_1_274' title='bbox 1314 2161 1402 2215; x_wconf 83' lang='grc' dir='ltr'><strong>ἵνα</strong></span> <span class='ocrx_word' id='word_1_275' title='bbox 1433 2162 1466 2231; x_wconf 88' lang='grc' dir='ltr'><strong>ή</strong></span> <span class='ocrx_word' id='word_1_276' title='bbox 1495 2160 1908 2230; x_wconf 83' lang='grc' dir='ltr'>ὑπερϐάλλουσα</span> 
     </span>
    </p>
   </div>
   <div class='ocr_carea' id='block_1_40' title="bbox 334 2246 1603 2319">
    <p class='ocr_par' dir='ltr' id='par_1_40' title="bbox 334 2246 1603 2319">
     <span class='ocr_line' id='line_1_40' title="bbox 334 2246 1603 2319; baseline 0.002 -19"><span class='ocrx_word' id='word_1_277' title='bbox 334 2246 460 2311; x_wconf 81' lang='grc' dir='ltr'>δόξα</span> <span class='ocrx_word' id='word_1_278' title='bbox 483 2248 624 2302; x_wconf 81' lang='grc' dir='ltr'>κατὰ</span> <span class='ocrx_word' id='word_1_279' title='bbox 650 2247 745 2301; x_wconf 89' lang='grc' dir='ltr'><strong>τοῦ</strong></span> <span class='ocrx_word' id='word_1_280' title='bbox 774 2248 1001 2303; x_wconf 84' lang='grc' dir='ltr'>θανάτου</span> <span class='ocrx_word' id='word_1_281' title='bbox 1028 2249 1269 2319; x_wconf 87' lang='grc' dir='ltr'>γένηται.</span> <span class='ocrx_word' id='word_1_282' title='bbox 1598 2273 1603 2279; x_wconf 62' lang='grc' dir='ltr'><strong>ο</strong></span> 
     </span>
    </p>
   </div>
   <div class='ocr_carea' id='block_1_41' title="bbox 2019 1971 3590 2052">
    <p class='ocr_par' dir='ltr' id='par_1_41' title="bbox 2019 1971 3590 2052">
     <span class='ocr_line' id='line_1_41' title="bbox 2019 1971 3590 2052; baseline 0.003 -19"><span class='ocrx_word' id='word_1_283' title='bbox 2019 1980 2281 2037; x_wconf 86' lang='lat' dir='ltr'><strong>mulieres</strong></span> <span class='ocrx_word' id='word_1_284' title='bbox 2330 1981 2683 2051; x_wconf 86' lang='lat' dir='ltr'><strong>Evangelium</strong></span> <span class='ocrx_word' id='word_1_285' title='bbox 2719 1971 3055 2051; x_wconf 60' lang='lat' dir='ltr'><strong>pradiéant,</strong></span> <span class='ocrx_word' id='word_1_286' title='bbox 3109 1996 3212 2052; x_wconf 85' lang='lat' dir='ltr'><strong>pax</strong></span> <span class='ocrx_word' id='word_1_287' title='bbox 3255 1983 3590 2045; x_wconf 88' lang='lat' dir='ltr'><strong>conceditur,</strong></span> 
     </span>
    </p>
   </div>
   <div class='ocr_carea' id='block_1_42' title="bbox 2020 2069 3594 2146">
    <p class='ocr_par' dir='ltr' id='par_1_42' title="bbox 2020 2069 3594 2146">
     <span class='ocr_line' id='line_1_42' title="bbox 2020 2069 3594 2146; baseline 0.004 -22"><span class='ocrx_word' id='word_1_288' title='bbox 2020 2069 2258 2142; x_wconf 89' lang='lat' dir='ltr'><strong>Spiritus</strong></span> <span class='ocrx_word' id='word_1_289' title='bbox 2287 2073 2551 2144; x_wconf 85' lang='lat' dir='ltr'><strong>apostolis</strong></span> <span class='ocrx_word' id='word_1_290' title='bbox 2577 2073 2643 2128; x_wconf 90' lang='lat' dir='ltr'><strong>ab</strong></span> <span class='ocrx_word' id='word_1_291' title='bbox 2676 2073 2768 2129; x_wconf 91' lang='lat' dir='ltr'><strong>illo</strong></span> <span class='ocrx_word' id='word_1_292' title='bbox 2799 2074 3076 2137; x_wconf 89' lang='lat' dir='ltr'><strong>tribuitur,</strong></span> <span class='ocrx_word' id='word_1_293' title='bbox 3116 2090 3339 2146; x_wconf 88' lang='lat' dir='ltr'><strong>regnum</strong></span> <span class='ocrx_word' id='word_1_294' title='bbox 3374 2075 3594 2131; x_wconf 64' lang='lat' dir='ltr'><strong>caeleste</strong></span> 
     </span>
    </p>
   </div>
   <div class='ocr_carea' id='block_1_43' title="bbox 2014 2162 3593 2236">
    <p class='ocr_par' dir='ltr' id='par_1_43' title="bbox 2014 2162 3593 2236">
     <span class='ocr_line' id='line_1_43' title="bbox 2014 2162 3593 2236; baseline 0.003 -20"><span class='ocrx_word' id='word_1_295' title='bbox 2014 2162 2408 2228; x_wconf 88' lang='lat' dir='ltr'><strong>denuntiatur,</strong></span> <span class='ocrx_word' id='word_1_296' title='bbox 2464 2166 2614 2221; x_wconf 88' lang='lat' dir='ltr'><strong>orbis</strong></span> <span class='ocrx_word' id='word_1_297' title='bbox 2655 2175 2922 2221; x_wconf 90' lang='lat' dir='ltr'><strong>terrarum</strong></span> <span class='ocrx_word' id='word_1_298' title='bbox 2979 2165 3270 2236; x_wconf 87' lang='lat' dir='ltr'><strong>Evangelio</strong></span> <span class='ocrx_word' id='word_1_299' title='bbox 3307 2167 3593 2222; x_wconf 88' lang='lat' dir='ltr'><strong>collustra-</strong></span> 
     </span>
    </p>
   </div>
   <div class='ocr_carea' id='block_1_44' title="bbox 2013 2253 3595 2327">
    <p class='ocr_par' dir='ltr' id='par_1_44' title="bbox 2013 2253 3595 2327">
     <span class='ocr_line' id='line_1_44' title="bbox 2013 2253 3595 2327; baseline 0.001 -20"><span class='ocrx_word' id='word_1_300' title='bbox 2013 2254 2144 2309; x_wconf 83' lang='lat' dir='ltr'><strong>tur?</strong></span> <span class='ocrx_word' id='word_1_301' title='bbox 2174 2253 2454 2311; x_wconf 82' lang='lat' dir='ltr'><strong>Postremo</strong></span> <span class='ocrx_word' id='word_1_302' title='bbox 2479 2297 2493 2321; x_wconf 90' lang='lat'><strong>,</strong></span> <span class='ocrx_word' id='word_1_303' title='bbox 2529 2254 2633 2320; x_wconf 87' lang='lat' dir='ltr'><strong>Qui</strong></span> <span class='ocrx_word' id='word_1_304' title='bbox 2660 2256 2949 2320; x_wconf 77' lang='lat' dir='ltr'><strong>descendit,</strong></span> <span class='ocrx_word' id='word_1_305' title='bbox 2984 2258 3093 2326; x_wconf 87' lang='lat' dir='ltr'><strong>ipse</strong></span> <span class='ocrx_word' id='word_1_306' title='bbox 3114 2266 3192 2311; x_wconf 83' lang='lat' dir='ltr'><strong>est</strong></span> <span class='ocrx_word' id='word_1_307' title='bbox 3234 2259 3324 2327; x_wconf 85' lang='lat' dir='ltr'><strong>qui</strong></span> <span class='ocrx_word' id='word_1_308' title='bbox 3360 2257 3595 2312; x_wconf 74' lang='lat' dir='ltr'><strong>ascendit</strong></span> 
     </span>
    </p>
   </div>
   <div class='ocr_carea' id='block_1_45' title="bbox 338 2344 3594 2415">
    <p class='ocr_par' dir='ltr' id='par_1_45' title="bbox 338 2344 3594 2415">
     <span class='ocr_line' id='line_1_45' title="bbox 338 2344 3594 2415; baseline 0.002 -17"><span class='ocrx_word' id='word_1_309' title='bbox 338 2360 493 2413; x_wconf 72' lang='lat' dir='ltr'><strong>super</strong></span> <span class='ocrx_word' id='word_1_310' title='bbox 521 2360 701 2399; x_wconf 87' lang='lat' dir='ltr'><strong>omnes</strong></span> <span class='ocrx_word' id='word_1_311' title='bbox 764 2349 955 2410; x_wconf 62' lang='lat' dir='ltr'><strong>cattas,</strong></span> <span class='ocrx_word' id='word_1_312' title='bbox 986 2355 1035 2399; x_wconf 86' lang='lat' dir='ltr'><strong>et</strong></span> <span class='ocrx_word' id='word_1_313' title='bbox 1071 2344 1214 2400; x_wconf 81' lang='lat' dir='ltr'><strong>sedet</strong></span> <span class='ocrx_word' id='word_1_314' title='bbox 1256 2346 1324 2399; x_wconf 87' lang='lat' dir='ltr'><strong>ad</strong></span> <span class='ocrx_word' id='word_1_315' title='bbox 1375 2346 1643 2399; x_wconf 76' lang='lat' dir='ltr'><strong>dexteram</strong></span> <span class='ocrx_word' id='word_1_316' title='bbox 1674 2345 1855 2400; x_wconf 83' lang='lat' dir='ltr'><strong>Patris</strong></span> <span class='ocrx_word' id='word_1_317' title='bbox 1889 2348 1933 2400; x_wconf 78' lang='lat'><strong>&quot;.</strong></span> <span class='ocrx_word' id='word_1_318' title='bbox 1988 2346 2107 2404; x_wconf 86' lang='lat' dir='ltr'><strong>Non</strong></span> <span class='ocrx_word' id='word_1_319' title='bbox 2141 2349 2244 2405; x_wconf 82' lang='lat' dir='ltr'><strong>fuit:</strong></span> <span class='ocrx_word' id='word_1_320' title='bbox 2291 2351 2635 2406; x_wconf 78' lang='lat' dir='ltr'><strong>mortiferum</strong></span> <span class='ocrx_word' id='word_1_321' title='bbox 2689 2359 3074 2407; x_wconf 89' lang='lat' dir='ltr'><strong>testamentum</strong></span> <span class='ocrx_word' id='word_1_322' title='bbox 3099 2391 3116 2415; x_wconf 92' lang='lat'><strong>,</strong></span> <span class='ocrx_word' id='word_1_323' title='bbox 3185 2352 3278 2407; x_wconf 90' lang='lat' dir='ltr'><strong>sed</strong></span> <span class='ocrx_word' id='word_1_324' title='bbox 3329 2351 3594 2407; x_wconf 88' lang='lat' dir='ltr'><strong>adversus</strong></span> 
     </span>
    </p>
   </div>
   <div class='ocr_carea' id='block_1_46' title="bbox 336 2435 3593 2511">
    <p class='ocr_par' dir='ltr' id='par_1_46' title="bbox 336 2435 3593 2511">
     <span class='ocr_line' id='line_1_46' title="bbox 336 2435 3593 2511; baseline 0.003 -26"><span class='ocrx_word' id='word_1_325' title='bbox 336 2441 567 2487; x_wconf 86' lang='lat' dir='ltr'><strong>mortem</strong></span> <span class='ocrx_word' id='word_1_326' title='bbox 616 2435 991 2489; x_wconf 89' lang='lat' dir='ltr'><strong>constitutum.</strong></span> <span class='ocrx_word' id='word_1_327' title='bbox 1033 2435 1169 2490; x_wconf 89' lang='lat' dir='ltr'><strong>Illud</strong></span> <span class='ocrx_word' id='word_1_328' title='bbox 1204 2450 1365 2505; x_wconf 89' lang='lat' dir='ltr'><strong>porro</strong></span> <span class='ocrx_word' id='word_1_329' title='bbox 1411 2436 1557 2506; x_wconf 84' lang='lat' dir='ltr'><strong>quod</strong></span> <span class='ocrx_word' id='word_1_330' title='bbox 1624 2437 1817 2492; x_wconf 90' lang='lat' dir='ltr'><strong>mortis</strong></span> <span class='ocrx_word' id='word_1_331' title='bbox 1851 2436 2096 2505; x_wconf 90' lang='lat' dir='ltr'><strong>dicitur,</strong></span> <span class='ocrx_word' id='word_1_332' title='bbox 2153 2439 2381 2510; x_wconf 86' lang='lat' dir='ltr'><strong>gloriam</strong></span> <span class='ocrx_word' id='word_1_333' title='bbox 2440 2440 2671 2508; x_wconf 85' lang='lat' dir='ltr'><strong>habuit,</strong></span> <span class='ocrx_word' id='word_1_334' title='bbox 2733 2440 2906 2511; x_wconf 86' lang='lat' dir='ltr'><strong>major</strong></span> <span class='ocrx_word' id='word_1_335' title='bbox 2957 2450 3017 2495; x_wconf 88' lang='lat' dir='ltr'><strong>ut</strong></span> <span class='ocrx_word' id='word_1_336' title='bbox 3052 2441 3315 2497; x_wconf 86' lang='lat' dir='ltr'><strong>adversus</strong></span> <span class='ocrx_word' id='word_1_337' title='bbox 3366 2449 3593 2497; x_wconf 83' lang='lat' dir='ltr'><strong>mortem</strong></span> 
     </span>
    </p>
   </div>
   <div class='ocr_carea' id='block_1_47' title="bbox 336 2529 963 2598">
    <p class='ocr_par' dir='ltr' id='par_1_47' title="bbox 336 2529 963 2598">
     <span class='ocr_line' id='line_1_47' title="bbox 336 2529 963 2598; baseline 0.003 -15"><span class='ocrx_word' id='word_1_338' title='bbox 336 2529 510 2598; x_wconf 77' lang='lat' dir='ltr'><strong>gloria</strong></span> <span class='ocrx_word' id='word_1_339' title='bbox 536 2539 963 2597; x_wconf 85' lang='lat' dir='ltr'><strong>compararetur.</strong></span> 
     </span>
    </p>
   </div>
   <div class='ocr_carea' id='block_1_48' title="bbox 409 2621 1920 2699">
    <p class='ocr_par' dir='ltr' id='par_1_48' title="bbox 409 2621 1917 2698">
     <span class='ocr_line' id='line_1_48' title="bbox 409 2621 1917 2698; baseline 0.002 -20"><span class='ocrx_word' id='word_1_340' title='bbox 409 2624 526 2678; x_wconf 82' lang='lat' dir='ltr'><strong>OA’.</strong></span> <span class='ocrx_word' id='word_1_341' title='bbox 558 2621 689 2677; x_wconf 76' lang='grc' dir='ltr'>Εἶτα</span> <span class='ocrx_word' id='word_1_342' title='bbox 715 2625 874 2680; x_wconf 81' lang='grc' dir='ltr'>πάλιν</span> <span class='ocrx_word' id='word_1_343' title='bbox 908 2625 1055 2694; x_wconf 85' lang='grc' dir='ltr'>λέγει</span> <span class='ocrx_word' id='word_1_344' title='bbox 1083 2628 1111 2680; x_wconf 89' lang='lat'><strong>6</strong></span> <span class='ocrx_word' id='word_1_345' title='bbox 1137 2626 1299 2690; x_wconf 77' lang='grc' dir='ltr'>αὐτὸς</span> <span class='ocrx_word' id='word_1_346' title='bbox 1323 2625 1516 2698; x_wconf 84' lang='grc' dir='ltr'>Μάνης</span> <span class='ocrx_word' id='word_1_347' title='bbox 1542 2643 1556 2658; x_wconf 80' lang='grc' dir='ltr'><strong><em>ο</em></strong></span> <span class='ocrx_word' id='word_1_348' title='bbox 1591 2627 1664 2680; x_wconf 87' lang='grc' dir='ltr'><strong>Οὐ</strong></span> <span class='ocrx_word' id='word_1_349' title='bbox 1694 2626 1917 2682; x_wconf 85' lang='grc' dir='ltr'>δύναται</span> 
     </span>
    </p>
   </div>
   <div class='ocr_carea' id='block_1_49' title="bbox 2025 2621 3596 2699">
    <p class='ocr_par' dir='ltr' id='par_1_49' title="bbox 2096 2623 3596 2699">
     <span class='ocr_line' id='line_1_49' title="bbox 2096 2623 3596 2699; baseline 0 -18"><span class='ocrx_word' id='word_1_350' title='bbox 2096 2626 2329 2682; x_wconf 79' lang='lat' dir='ltr'><strong>LXXIV.</strong></span> <span class='ocrx_word' id='word_1_351' title='bbox 2367 2626 2477 2684; x_wconf 88' lang='lat' dir='ltr'><strong>Sed</strong></span> <span class='ocrx_word' id='word_1_352' title='bbox 2513 2627 2703 2699; x_wconf 85' lang='lat' dir='ltr'><strong>objicit</strong></span> <span class='ocrx_word' id='word_1_353' title='bbox 2751 2626 3119 2684; x_wconf 76' lang='lat' dir='ltr'><strong>Manichacus:</strong></span> <span class='ocrx_word' id='word_1_354' title='bbox 3156 2625 3275 2682; x_wconf 84' lang='lat' dir='ltr'><strong>Non</strong></span> <span class='ocrx_word' id='word_1_355' title='bbox 3302 2640 3464 2698; x_wconf 87' lang='lat' dir='ltr'><strong>posse</strong></span> <span class='ocrx_word' id='word_1_356' title='bbox 3490 2623 3596 2681; x_wconf 78' lang='lat' dir='ltr'><strong>Ve-</strong></span> 
     </span>
    </p>
   </div>
   <div class='ocr_carea' id='block_1_50' title="bbox 338 2712 1920 2789">
    <p class='ocr_par' dir='ltr' id='par_1_50' title="bbox 338 2712 1912 2789">
     <span class='ocr_line' id='line_1_50' title="bbox 338 2712 1912 2789; baseline 0.004 -22"><span class='ocrx_word' id='word_1_357' title='bbox 338 2715 460 2779; x_wconf 81' lang='grc' dir='ltr'>ἑνὸς</span> <span class='ocrx_word' id='word_1_358' title='bbox 487 2715 827 2770; x_wconf 87' lang='grc' dir='ltr'>διδασκαλίου</span> <span class='ocrx_word' id='word_1_359' title='bbox 875 2712 1015 2770; x_wconf 74' lang='grc' dir='ltr'>εἶναι</span> <span class='ocrx_word' id='word_1_360' title='bbox 1060 2716 1272 2770; x_wconf 86' lang='grc' dir='ltr'>Παλαιὰ</span> <span class='ocrx_word' id='word_1_361' title='bbox 1309 2718 1402 2770; x_wconf 73' lang='grc' dir='ltr'><strong>καὶ</strong></span> <span class='ocrx_word' id='word_1_362' title='bbox 1436 2716 1611 2787; x_wconf 87' lang='grc' dir='ltr'>Καινὴ</span> <span class='ocrx_word' id='word_1_363' title='bbox 1646 2716 1912 2789; x_wconf 87' lang='grc' dir='ltr'>Διαθήκη.</span> 
     </span>
    </p>
   </div>
   <div class='ocr_carea' id='block_1_51' title="bbox 2025 2712 3595 2789">
    <p class='ocr_par' dir='ltr' id='par_1_51' title="bbox 2027 2718 3595 2775">
     <span class='ocr_line' id='line_1_51' title="bbox 2027 2718 3595 2775; baseline 0 -3"><span class='ocrx_word' id='word_1_364' title='bbox 2027 2726 2116 2774; x_wconf 88' lang='lat' dir='ltr'><strong>tus</strong></span> <span class='ocrx_word' id='word_1_365' title='bbox 2166 2734 2229 2773; x_wconf 89' lang='lat' dir='ltr'><strong>ac</strong></span> <span class='ocrx_word' id='word_1_366' title='bbox 2269 2718 2475 2774; x_wconf 84' lang='lat' dir='ltr'><strong>Novum</strong></span> <span class='ocrx_word' id='word_1_367' title='bbox 2511 2718 2918 2775; x_wconf 88' lang='lat' dir='ltr'><strong>Testamentum</strong></span> <span class='ocrx_word' id='word_1_368' title='bbox 2966 2719 3035 2775; x_wconf 87' lang='lat' dir='ltr'><strong>ab</strong></span> <span class='ocrx_word' id='word_1_369' title='bbox 3079 2718 3270 2774; x_wconf 90' lang='lat' dir='ltr'><strong>eodem</strong></span> <span class='ocrx_word' id='word_1_370' title='bbox 3320 2733 3444 2774; x_wconf 87' lang='lat' dir='ltr'><strong>esse</strong></span> <span class='ocrx_word' id='word_1_371' title='bbox 3479 2733 3595 2772; x_wconf 54' lang='lat' dir='ltr'><strong>ma.-</strong></span> 
     </span>
    </p>
   </div>
   <div class='ocr_carea' id='block_1_52' title="bbox 353 2807 1920 2881">
    <p class='ocr_par' dir='ltr' id='par_1_52' title="bbox 353 2808 1914 2881">
     <span class='ocr_line' id='line_1_52' title="bbox 353 2808 1914 2881; baseline 0.002 -21"><span class='ocrx_word' id='word_1_372' title='bbox 353 2808 417 2860; x_wconf 80' lang='grc' dir='ltr'>Ὶι</span> <span class='ocrx_word' id='word_1_373' title='bbox 449 2808 546 2879; x_wconf 85' lang='grc' dir='ltr'>μὲν</span> <span class='ocrx_word' id='word_1_374' title='bbox 587 2809 696 2880; x_wconf 78' lang='grc' dir='ltr'><strong>γὰρ</strong></span> <span class='ocrx_word' id='word_1_375' title='bbox 759 2808 1080 2863; x_wconf 83' lang='grc' dir='ltr'>παλαιοῦται</span> <span class='ocrx_word' id='word_1_376' title='bbox 1129 2810 1340 2880; x_wconf 81' lang='grc' dir='ltr'>ἡμέραν</span> <span class='ocrx_word' id='word_1_377' title='bbox 1383 2808 1442 2874; x_wconf 74' lang='grc' dir='ltr'><strong>ἐξ</strong></span> <span class='ocrx_word' id='word_1_378' title='bbox 1477 2808 1720 2881; x_wconf 84' lang='grc' dir='ltr'>ήμέρας’</span> <span class='ocrx_word' id='word_1_379' title='bbox 1763 2811 1796 2880; x_wconf 87' lang='grc' dir='ltr'><strong>ή</strong></span> <span class='ocrx_word' id='word_1_380' title='bbox 1856 2809 1914 2863; x_wconf 82' lang='grc' dir='ltr'>δὲ</span> 
     </span>
    </p>
   </div>
   <div class='ocr_carea' id='block_1_53' title="bbox 2025 2807 3595 2881">
    <p class='ocr_par' dir='ltr' id='par_1_53' title="bbox 2025 2807 3595 2879">
     <span class='ocr_line' id='line_1_53' title="bbox 2025 2807 3595 2879; baseline 0.001 -20"><span class='ocrx_word' id='word_1_381' title='bbox 2025 2807 2193 2878; x_wconf 83' lang='lat' dir='ltr'><strong>gistro</strong></span> <span class='ocrx_word' id='word_1_382' title='bbox 2236 2807 2562 2878; x_wconf 77' lang='lat' dir='ltr'><strong>proiectum,</strong></span> <span class='ocrx_word' id='word_1_383' title='bbox 2609 2809 2881 2879; x_wconf 80' lang='lat' dir='ltr'><strong>siquidem</strong></span> <span class='ocrx_word' id='word_1_384' title='bbox 2935 2807 3104 2864; x_wconf 80' lang='lat' dir='ltr'><strong>Vetus</strong></span> <span class='ocrx_word' id='word_1_385' title='bbox 3141 2809 3208 2865; x_wconf 89' lang='lat' dir='ltr'><strong>de</strong></span> <span class='ocrx_word' id='word_1_386' title='bbox 3238 2808 3326 2864; x_wconf 92' lang='lat' dir='ltr'><strong>die</strong></span> <span class='ocrx_word' id='word_1_387' title='bbox 3371 2808 3426 2862; x_wconf 89' lang='lat' dir='ltr'><strong>in</strong></span> <span class='ocrx_word' id='word_1_388' title='bbox 3454 2807 3595 2863; x_wconf 85' lang='lat' dir='ltr'><strong>diem</strong></span> 
     </span>
    </p>
   </div>
   <div class='ocr_carea' id='block_1_54' title="bbox 342 2898 1920 2970">
    <p class='ocr_par' dir='ltr' id='par_1_54' title="bbox 342 2898 1912 2970">
     <span class='ocr_line' id='line_1_54' title="bbox 342 2898 1912 2970; baseline -0.001 -17"><span class='ocrx_word' id='word_1_389' title='bbox 342 2898 781 2960; x_wconf 78' lang='grc' dir='ltr'>ἀνακαινίζεται</span> <span class='ocrx_word' id='word_1_390' title='bbox 822 2900 1051 2969; x_wconf 73' lang='grc' dir='ltr'>ἡμέραν</span> <span class='ocrx_word' id='word_1_391' title='bbox 1085 2902 1212 2953; x_wconf 84' lang='grc' dir='ltr'>καθ’</span> <span class='ocrx_word' id='word_1_392' title='bbox 1243 2898 1472 2970; x_wconf 71' lang='grc' dir='ltr'>ἡμέραν</span> <span class='ocrx_word' id='word_1_393' title='bbox 1496 2916 1511 2930; x_wconf 75' lang='grc' dir='ltr'><strong><em>ο</em></strong></span> <span class='ocrx_word' id='word_1_394' title='bbox 1546 2898 1669 2953; x_wconf 81' lang='grc' dir='ltr'><strong>πᾶν</strong></span> <span class='ocrx_word' id='word_1_395' title='bbox 1698 2898 1810 2969; x_wconf 79' lang='grc' dir='ltr'><strong>γὰρ</strong></span> <span class='ocrx_word' id='word_1_396' title='bbox 1846 2898 1912 2951; x_wconf 88' lang='grc' dir='ltr'>τὸ</span> 
     </span>
    </p>
   </div>
   <div class='ocr_carea' id='block_1_55' title="bbox 2025 2898 3595 2970">
    <p class='ocr_par' dir='ltr' id='par_1_55' title="bbox 2025 2898 3595 2960">
     <span class='ocr_line' id='line_1_55' title="bbox 2025 2898 3595 2960; baseline 0.001 -9"><span class='ocrx_word' id='word_1_397' title='bbox 2025 2898 2377 2960; x_wconf 85' lang='lat' dir='ltr'><strong>inveteratur;</strong></span> <span class='ocrx_word' id='word_1_398' title='bbox 2437 2901 2668 2954; x_wconf 88' lang='lat' dir='ltr'><strong>alterum</strong></span> <span class='ocrx_word' id='word_1_399' title='bbox 2728 2916 2845 2954; x_wconf 80' lang='lat' dir='ltr'><strong>vero</strong></span> <span class='ocrx_word' id='word_1_400' title='bbox 2920 2900 2975 2953; x_wconf 87' lang='lat' dir='ltr'><strong>in</strong></span> <span class='ocrx_word' id='word_1_401' title='bbox 3039 2899 3149 2954; x_wconf 86' lang='lat' dir='ltr'><strong>dies</strong></span> <span class='ocrx_word' id='word_1_402' title='bbox 3218 2900 3501 2953; x_wconf 84' lang='lat' dir='ltr'><strong>innovatur</strong></span> <span class='ocrx_word' id='word_1_403' title='bbox 3553 2898 3595 2952; x_wconf 79' lang='grc'>⁶.</span> 
     </span>
    </p>
   </div>
   <div class='ocr_carea' id='block_1_56' title="bbox 343 2988 1920 3061">
    <p class='ocr_par' dir='ltr' id='par_1_56' title="bbox 343 2988 1912 3060">
     <span class='ocr_line' id='line_1_56' title="bbox 343 2988 1912 3060; baseline 0.001 -18"><span class='ocrx_word' id='word_1_404' title='bbox 343 2991 790 3059; x_wconf 77' lang='grc' dir='ltr'>παλαιούμενον</span> <span class='ocrx_word' id='word_1_405' title='bbox 825 2990 925 3043; x_wconf 75' lang='grc' dir='ltr'>καὶ</span> <span class='ocrx_word' id='word_1_406' title='bbox 977 2989 1286 3060; x_wconf 77' lang='grc' dir='ltr'>γηράσκον</span> <span class='ocrx_word' id='word_1_407' title='bbox 1331 2989 1510 3060; x_wconf 72' lang='grc' dir='ltr'><strong>ἐγγὺς</strong></span> <span class='ocrx_word' id='word_1_408' title='bbox 1570 2988 1912 3059; x_wconf 63' lang='grc' dir='ltr'>ἀφανισμοῦ</span> 
     </span>
    </p>
   </div>
   <div class='ocr_carea' id='block_1_57' title="bbox 2025 2988 3592 3061">
    <p class='ocr_par' dir='ltr' id='par_1_57' title="bbox 2026 2990 3592 3061">
     <span class='ocr_line' id='line_1_57' title="bbox 2026 2990 3592 3061; baseline -0.001 -18"><span class='ocrx_word' id='word_1_409' title='bbox 2026 2990 2292 3061; x_wconf 83' lang='lat' dir='ltr'><strong>Quidquid</strong></span> <span class='ocrx_word' id='word_1_410' title='bbox 2318 2992 2457 3045; x_wconf 84' lang='lat' dir='ltr'><strong>enim</strong></span> <span class='ocrx_word' id='word_1_411' title='bbox 2486 2993 2822 3052; x_wconf 84' lang='lat' dir='ltr'><strong>iuveteratur,</strong></span> <span class='ocrx_word' id='word_1_412' title='bbox 2849 3007 2911 3044; x_wconf 90' lang='lat' dir='ltr'><strong>ac</strong></span> <span class='ocrx_word' id='word_1_413' title='bbox 2936 2992 3179 3052; x_wconf 80' lang='lat' dir='ltr'><strong>senescit,</strong></span> <span class='ocrx_word' id='word_1_414' title='bbox 3209 2991 3449 3044; x_wconf 81' lang='lat' dir='ltr'><strong>interimi</strong></span> <span class='ocrx_word' id='word_1_415' title='bbox 3471 3004 3592 3057; x_wconf 52' lang='lat' dir='ltr'><strong>prot-</strong></span> 
     </span>
    </p>
   </div>
   <div class='ocr_carea' id='block_1_58' title="bbox 343 3074 1920 3152">
    <p class='ocr_par' dir='ltr' id='par_1_58' title="bbox 343 3074 1919 3152">
     <span class='ocr_line' id='line_1_58' title="bbox 343 3074 1919 3152; baseline 0.001 -22"><span class='ocrx_word' id='word_1_416' title='bbox 343 3081 586 3148; x_wconf 75' lang='grc' dir='ltr'>γίνεται.</span> <span class='ocrx_word' id='word_1_417' title='bbox 633 3081 790 3135; x_wconf 81' lang='grc' dir='ltr'>Ἀλλὰ</span> <span class='ocrx_word' id='word_1_418' title='bbox 822 3074 1000 3152; x_wconf 76' lang='grc' dir='ltr'>ἐκείνη</span> <span class='ocrx_word' id='word_1_419' title='bbox 1041 3081 1199 3135; x_wconf 80' lang='grc' dir='ltr'>ἄλλου</span> <span class='ocrx_word' id='word_1_420' title='bbox 1230 3080 1366 3133; x_wconf 85' lang='grc' dir='ltr'>Θεοῦ</span> <span class='ocrx_word' id='word_1_421' title='bbox 1423 3081 1517 3134; x_wconf 75' lang='grc' dir='ltr'><strong>καὶ</strong></span> <span class='ocrx_word' id='word_1_422' title='bbox 1561 3079 1717 3133; x_wconf 85' lang='grc' dir='ltr'>ἄλλου</span> <span class='ocrx_word' id='word_1_423' title='bbox 1773 3078 1919 3132; x_wconf 83' lang='grc' dir='ltr'>διδα-</span> 
     </span>
    </p>
   </div>
   <div class='ocr_carea' id='block_1_59' title="bbox 2025 3074 3595 3152">
    <p class='ocr_par' dir='ltr' id='par_1_59' title="bbox 2025 3079 3595 3151">
     <span class='ocr_line' id='line_1_59' title="bbox 2025 3079 3595 3151; baseline 0.001 -18"><span class='ocrx_word' id='word_1_424' title='bbox 2025 3082 2226 3134; x_wconf 71' lang='lat' dir='ltr'><strong>mimum</strong></span> <span class='ocrx_word' id='word_1_425' title='bbox 2261 3093 2336 3134; x_wconf 79' lang='lat' dir='ltr'><strong>est</strong></span> <span class='ocrx_word' id='word_1_426' title='bbox 2361 3082 2407 3136; x_wconf 92' lang='lat'><strong>&quot;.</strong></span> <span class='ocrx_word' id='word_1_427' title='bbox 2441 3079 2619 3147; x_wconf 89' lang='lat' dir='ltr'><strong>Quare</strong></span> <span class='ocrx_word' id='word_1_428' title='bbox 2652 3088 2938 3151; x_wconf 90' lang='lat' dir='ltr'><strong>superest,</strong></span> <span class='ocrx_word' id='word_1_429' title='bbox 2977 3088 3038 3134; x_wconf 89' lang='lat' dir='ltr'><strong>ut</strong></span> <span class='ocrx_word' id='word_1_430' title='bbox 3066 3081 3221 3151; x_wconf 68' lang='lat' dir='ltr'><strong>illud</strong></span> <span class='ocrx_word' id='word_1_431' title='bbox 3252 3081 3474 3136; x_wconf 89' lang='lat' dir='ltr'><strong>alterius</strong></span> <span class='ocrx_word' id='word_1_432' title='bbox 3506 3079 3595 3136; x_wconf 82' lang='lat' dir='ltr'><strong>Dei</strong></span> 
     </span>
    </p>
   </div>
   <div class='ocr_carea' id='block_1_60' title="bbox 348 3170 1920 3245">
    <p class='ocr_par' dir='ltr' id='par_1_60' title="bbox 348 3171 1915 3245">
     <span class='ocr_line' id='line_1_60' title="bbox 348 3171 1915 3245; baseline 0.001 -21"><span class='ocrx_word' id='word_1_433' title='bbox 348 3172 579 3225; x_wconf 75' lang='grc' dir='ltr'>σκάλουο</span> <span class='ocrx_word' id='word_1_434' title='bbox 623 3175 717 3227; x_wconf 70' lang='grc' dir='ltr'><strong>καὶ</strong></span> <span class='ocrx_word' id='word_1_435' title='bbox 755 3173 890 3245; x_wconf 77' lang='grc' dir='ltr'>αὕτη</span> <span class='ocrx_word' id='word_1_436' title='bbox 931 3173 1117 3245; x_wconf 80' lang='grc' dir='ltr'>ἑτέρου</span> <span class='ocrx_word' id='word_1_437' title='bbox 1148 3172 1283 3226; x_wconf 86' lang='grc' dir='ltr'>Θεοῦ</span> <span class='ocrx_word' id='word_1_438' title='bbox 1311 3172 1405 3226; x_wconf 72' lang='grc' dir='ltr'><strong>καὶ</strong></span> <span class='ocrx_word' id='word_1_439' title='bbox 1447 3172 1634 3243; x_wconf 82' lang='grc' dir='ltr'>ἑτέρου</span> <span class='ocrx_word' id='word_1_440' title='bbox 1659 3171 1915 3226; x_wconf 86' lang='grc' dir='ltr'>διδασκά-</span> 
     </span>
    </p>
   </div>
   <div class='ocr_carea' id='block_1_61' title="bbox 2025 3170 3598 3245">
    <p class='ocr_par' dir='ltr' id='par_1_61' title="bbox 2025 3170 3598 3243">
     <span class='ocr_line' id='line_1_61' title="bbox 2025 3170 3598 3243; baseline -0.001 -18"><span class='ocrx_word' id='word_1_441' title='bbox 2025 3187 2090 3225; x_wconf 90' lang='lat' dir='ltr'><strong>ac</strong></span> <span class='ocrx_word' id='word_1_442' title='bbox 2118 3171 2407 3243; x_wconf 88' lang='lat' dir='ltr'><strong>magistri,</strong></span> <span class='ocrx_word' id='word_1_443' title='bbox 2444 3172 2548 3226; x_wconf 91' lang='lat' dir='ltr'><strong>hoc</strong></span> <span class='ocrx_word' id='word_1_444' title='bbox 2581 3172 2806 3227; x_wconf 88' lang='lat' dir='ltr'><strong>alterius</strong></span> <span class='ocrx_word' id='word_1_445' title='bbox 2862 3186 2983 3227; x_wconf 88' lang='lat' dir='ltr'><strong>esse</strong></span> <span class='ocrx_word' id='word_1_446' title='bbox 3019 3171 3254 3226; x_wconf 87' lang='lat' dir='ltr'><strong>dicatur.</strong></span> <span class='ocrx_word' id='word_1_447' title='bbox 3302 3170 3499 3226; x_wconf 85' lang='lat' dir='ltr'><strong>Verum</strong></span> <span class='ocrx_word' id='word_1_448' title='bbox 3553 3172 3598 3226; x_wconf 88' lang='lat' dir='ltr'><strong>si</strong></span> 
     </span>
    </p>
   </div>
   <div class='ocr_carea' id='block_1_62' title="bbox 345 3252 1920 3336">
    <p class='ocr_par' dir='ltr' id='par_1_62' title="bbox 345 3261 1913 3336">
     <span class='ocr_line' id='line_1_62' title="bbox 345 3261 1913 3336; baseline -0.001 -19"><span class='ocrx_word' id='word_1_449' title='bbox 345 3264 461 3319; x_wconf 89' lang='grc' dir='ltr'>λου.</span> <span class='ocrx_word' id='word_1_450' title='bbox 492 3265 602 3318; x_wconf 79' lang='grc' dir='ltr'><strong>Καὶ</strong></span> <span class='ocrx_word' id='word_1_451' title='bbox 634 3266 682 3317; x_wconf 79' lang='grc' dir='ltr'><strong>εί</strong></span> <span class='ocrx_word' id='word_1_452' title='bbox 716 3266 813 3335; x_wconf 86' lang='grc' dir='ltr'><strong>μὲν</strong></span> <span class='ocrx_word' id='word_1_453' title='bbox 854 3261 967 3336; x_wconf 77' lang='grc' dir='ltr'>εἶχε</span> <span class='ocrx_word' id='word_1_454' title='bbox 1011 3264 1180 3330; x_wconf 79' lang='grc' dir='ltr'>δεῖξαι</span> <span class='ocrx_word' id='word_1_455' title='bbox 1212 3264 1305 3317; x_wconf 88' lang='grc' dir='ltr'><strong>δύο</strong></span> <span class='ocrx_word' id='word_1_456' title='bbox 1337 3262 1606 3334; x_wconf 87' lang='grc' dir='ltr'>Διαθήκας</span> <span class='ocrx_word' id='word_1_457' title='bbox 1654 3263 1913 3327; x_wconf 88' lang='grc' dir='ltr'>Παλαιάς,</span> 
     </span>
    </p>
   </div>
   <div class='ocr_carea' id='block_1_63' title="bbox 2025 3252 3595 3336">
    <p class='ocr_par' dir='ltr' id='par_1_63' title="bbox 2025 3261 3595 3332">
     <span class='ocr_line' id='line_1_63' title="bbox 2025 3261 3595 3332; baseline 0 -17"><span class='ocrx_word' id='word_1_458' title='bbox 2025 3261 2217 3316; x_wconf 81' lang='lat' dir='ltr'><strong>Vetera</strong></span> <span class='ocrx_word' id='word_1_459' title='bbox 2245 3262 2355 3317; x_wconf 91' lang='lat' dir='ltr'><strong>duo</strong></span> <span class='ocrx_word' id='word_1_460' title='bbox 2382 3261 2729 3318; x_wconf 89' lang='lat' dir='ltr'><strong>Testamenta</strong></span> <span class='ocrx_word' id='word_1_461' title='bbox 2757 3261 3131 3320; x_wconf 88' lang='lat' dir='ltr'><strong>demonstrare</strong></span> <span class='ocrx_word' id='word_1_462' title='bbox 3168 3269 3372 3332; x_wconf 89' lang='lat' dir='ltr'><strong>posset.</strong></span> <span class='ocrx_word' id='word_1_463' title='bbox 3406 3261 3595 3332; x_wconf 87' lang='lat' dir='ltr'><strong>proba-</strong></span> 
     </span>
    </p>
   </div>
   <div class='ocr_carea' id='block_1_64' title="bbox 344 3352 1920 3429">
    <p class='ocr_par' dir='ltr' id='par_1_64' title="bbox 344 3352 1920 3429">
     <span class='ocr_line' id='line_1_64' title="bbox 344 3352 1920 3429; baseline -0.001 -21"><span class='ocrx_word' id='word_1_464' title='bbox 344 3355 575 3425; x_wconf 71' lang='grc' dir='ltr'>ἠδύνατο</span> <span class='ocrx_word' id='word_1_465' title='bbox 604 3358 733 3429; x_wconf 83' lang='grc' dir='ltr'>παρ’</span> <span class='ocrx_word' id='word_1_466' title='bbox 761 3356 909 3427; x_wconf 82' lang='grc' dir='ltr'>αὐτῷ</span> <span class='ocrx_word' id='word_1_467' title='bbox 941 3356 1163 3410; x_wconf 84' lang='grc' dir='ltr'>πιθανὸν</span> <span class='ocrx_word' id='word_1_468' title='bbox 1212 3352 1351 3409; x_wconf 73' lang='grc' dir='ltr'>εἶναι</span> <span class='ocrx_word' id='word_1_469' title='bbox 1390 3355 1452 3408; x_wconf 79' lang='grc' dir='ltr'><strong>τὸ</strong></span> <span class='ocrx_word' id='word_1_470' title='bbox 1483 3355 1773 3426; x_wconf 85' lang='grc' dir='ltr'>λεγόμενον</span> <span class='ocrx_word' id='word_1_471' title='bbox 1799 3394 1812 3418; x_wconf 89' lang='grc'><strong>,</strong></span> <span class='ocrx_word' id='word_1_472' title='bbox 1844 3353 1920 3415; x_wconf 88' lang='grc' dir='ltr'>ὡς</span> 
     </span>
    </p>
   </div>
   <div class='ocr_carea' id='block_1_65' title="bbox 2025 3352 3593 3429">
    <p class='ocr_par' dir='ltr' id='par_1_65' title="bbox 2025 3352 3593 3423">
     <span class='ocr_line' id='line_1_65' title="bbox 2025 3352 3593 3423; baseline 0 -16"><span class='ocrx_word' id='word_1_473' title='bbox 2025 3353 2129 3408; x_wconf 88' lang='lat' dir='ltr'><strong>bile</strong></span> <span class='ocrx_word' id='word_1_474' title='bbox 2158 3354 2405 3408; x_wconf 88' lang='lat' dir='ltr'><strong>nonnihil</strong></span> <span class='ocrx_word' id='word_1_475' title='bbox 2437 3353 2603 3409; x_wconf 90' lang='lat' dir='ltr'><strong>videri</strong></span> <span class='ocrx_word' id='word_1_476' title='bbox 2652 3361 2865 3423; x_wconf 88' lang='lat' dir='ltr'><strong>posset,</strong></span> <span class='ocrx_word' id='word_1_477' title='bbox 2895 3353 3041 3423; x_wconf 89' lang='lat' dir='ltr'><strong>quod</strong></span> <span class='ocrx_word' id='word_1_478' title='bbox 3096 3353 3163 3407; x_wconf 91' lang='lat' dir='ltr'><strong>de</strong></span> <span class='ocrx_word' id='word_1_479' title='bbox 3189 3352 3392 3422; x_wconf 87' lang='lat' dir='ltr'><strong>duplici</strong></span> <span class='ocrx_word' id='word_1_480' title='bbox 3437 3357 3593 3407; x_wconf 82' lang='lat' dir='ltr'><strong>testa-</strong></span> 
     </span>
    </p>
   </div>
   <div class='ocr_carea' id='block_1_66' title="bbox 345 3445 1921 3518">
    <p class='ocr_par' dir='ltr' id='par_1_66' title="bbox 345 3445 1921 3518">
     <span class='ocr_line' id='line_1_66' title="bbox 345 3445 1921 3518; baseline -0.002 -17"><span class='ocrx_word' id='word_1_481' title='bbox 345 3447 441 3501; x_wconf 88' lang='grc' dir='ltr'><strong>δύο</strong></span> <span class='ocrx_word' id='word_1_482' title='bbox 476 3448 643 3501; x_wconf 77' lang='grc' dir='ltr'>ὄντων</span> <span class='ocrx_word' id='word_1_483' title='bbox 674 3448 780 3500; x_wconf 83' lang='grc' dir='ltr'><strong>τῶν</strong></span> <span class='ocrx_word' id='word_1_484' title='bbox 808 3448 928 3501; x_wconf 88' lang='grc' dir='ltr'>τότε</span> <span class='ocrx_word' id='word_1_485' title='bbox 958 3448 1287 3518; x_wconf 84' lang='grc' dir='ltr'>διαθεμένων</span> <span class='ocrx_word' id='word_1_486' title='bbox 1310 3464 1325 3478; x_wconf 77' lang='grc' dir='ltr'><strong>ο</strong></span> <span class='ocrx_word' id='word_1_487' title='bbox 1366 3446 1625 3509; x_wconf 77' lang='grc' dir='ltr'>ὡσαύτως</span> <span class='ocrx_word' id='word_1_488' title='bbox 1658 3446 1716 3499; x_wconf 84' lang='grc' dir='ltr'>δὲ</span> <span class='ocrx_word' id='word_1_489' title='bbox 1742 3447 1792 3499; x_wconf 79' lang='grc' dir='ltr'>εἰ</span> <span class='ocrx_word' id='word_1_490' title='bbox 1828 3445 1921 3499; x_wconf 87' lang='grc' dir='ltr'><strong>δύο</strong></span> 
     </span>
    </p>
   </div>
   <div class='ocr_carea' id='block_1_67' title="bbox 346 3533 1922 3609">
    <p class='ocr_par' dir='ltr' id='par_1_67' title="bbox 346 3533 1922 3609">
     <span class='ocr_line' id='line_1_67' title="bbox 346 3533 1922 3609; baseline -0.001 -18"><span class='ocrx_word' id='word_1_491' title='bbox 346 3537 556 3600; x_wconf 82' lang='grc' dir='ltr'>Καινάς</span> <span class='ocrx_word' id='word_1_492' title='bbox 598 3538 870 3608; x_wconf 81' lang='grc' dir='ltr'>Διαθήκας</span> <span class='ocrx_word' id='word_1_493' title='bbox 894 3533 1006 3609; x_wconf 76' lang='grc' dir='ltr'>εἶχε</span> <span class='ocrx_word' id='word_1_494' title='bbox 1032 3538 1220 3604; x_wconf 81' lang='grc' dir='ltr'>δεῖξαι,</span> <span class='ocrx_word' id='word_1_495' title='bbox 1240 3533 1311 3609; x_wconf 79' lang='grc' dir='ltr'>ἦν</span> <span class='ocrx_word' id='word_1_496' title='bbox 1338 3538 1417 3601; x_wconf 75' lang='grc' dir='ltr'>εἰς</span> <span class='ocrx_word' id='word_1_497' title='bbox 1444 3537 1542 3608; x_wconf 85' lang='grc' dir='ltr'>τὴν</span> <span class='ocrx_word' id='word_1_498' title='bbox 1570 3537 1805 3590; x_wconf 86' lang='grc' dir='ltr'>διάνοιαν</span> <span class='ocrx_word' id='word_1_499' title='bbox 1824 3537 1922 3590; x_wconf 89' lang='grc' dir='ltr'>λα-</span> 
     </span>
    </p>
   </div>
   <div class='ocr_carea' id='block_1_68' title="bbox 349 3626 1926 3701">
    <p class='ocr_par' dir='ltr' id='par_1_68' title="bbox 349 3626 1926 3701">
     <span class='ocr_line' id='line_1_68' title="bbox 349 3626 1926 3701; baseline -0.002 -20"><span class='ocrx_word' id='word_1_500' title='bbox 349 3630 466 3682; x_wconf 88' lang='grc' dir='ltr'>ϐεῖν</span> <span class='ocrx_word' id='word_1_501' title='bbox 498 3629 560 3683; x_wconf 86' lang='grc' dir='ltr'><strong>τὸ</strong></span> <span class='ocrx_word' id='word_1_502' title='bbox 588 3629 1010 3701; x_wconf 87' lang='grc' dir='ltr'>προειρημένον·</span> <span class='ocrx_word' id='word_1_503' title='bbox 1042 3630 1090 3682; x_wconf 77' lang='grc' dir='ltr'>εἰ</span> <span class='ocrx_word' id='word_1_504' title='bbox 1128 3628 1185 3681; x_wconf 81' lang='grc' dir='ltr'><strong>δὲ</strong></span> <span class='ocrx_word' id='word_1_505' title='bbox 1216 3630 1248 3700; x_wconf 87' lang='grc' dir='ltr'><strong>ή</strong></span> <span class='ocrx_word' id='word_1_506' title='bbox 1283 3627 1382 3700; x_wconf 84' lang='grc' dir='ltr'><strong>μὲν</strong></span> <span class='ocrx_word' id='word_1_507' title='bbox 1410 3626 1624 3680; x_wconf 88' lang='grc' dir='ltr'>Παλαιὰ</span> <span class='ocrx_word' id='word_1_508' title='bbox 1646 3626 1793 3690; x_wconf 80' lang='grc' dir='ltr'>ἐνὸς,</span> <span class='ocrx_word' id='word_1_509' title='bbox 1830 3626 1926 3679; x_wconf 74' lang='grc' dir='ltr'><strong>καὶ</strong></span> 
     </span>
    </p>
   </div>
   <div class='ocr_carea' id='block_1_69' title="bbox 346 3716 1925 3794">
    <p class='ocr_par' dir='ltr' id='par_1_69' title="bbox 346 3716 1925 3794">
     <span class='ocr_line' id='line_1_69' title="bbox 346 3716 1925 3794; baseline -0.003 -19"><span class='ocrx_word' id='word_1_510' title='bbox 346 3725 383 3791; x_wconf 80' lang='grc' dir='ltr'><strong>ἡ</strong></span> <span class='ocrx_word' id='word_1_511' title='bbox 419 3722 595 3794; x_wconf 81' lang='grc' dir='ltr'>Καινὴ</span> <span class='ocrx_word' id='word_1_512' title='bbox 644 3720 738 3775; x_wconf 87' lang='grc' dir='ltr'><strong>τοῦ</strong></span> <span class='ocrx_word' id='word_1_513' title='bbox 788 3721 948 3776; x_wconf 83' lang='grc' dir='ltr'>ἄλλου</span> <span class='ocrx_word' id='word_1_514' title='bbox 973 3761 988 3784; x_wconf 91' lang='grc'><strong>,</strong></span> <span class='ocrx_word' id='word_1_515' title='bbox 1012 3719 1123 3773; x_wconf 84' lang='grc' dir='ltr'>-τοῦ</span> <span class='ocrx_word' id='word_1_516' title='bbox 1175 3721 1232 3774; x_wconf 86' lang='grc' dir='ltr'><strong>δὲ</strong></span> <span class='ocrx_word' id='word_1_517' title='bbox 1266 3719 1432 3774; x_wconf 87' lang='grc' dir='ltr'>καλοῦ</span> <span class='ocrx_word' id='word_1_518' title='bbox 1466 3717 1601 3773; x_wconf 83' lang='grc' dir='ltr'>Θεοῦ</span> <span class='ocrx_word' id='word_1_519' title='bbox 1643 3716 1736 3791; x_wconf 77' lang='grc' dir='ltr'><strong>[εἰ]</strong></span> <span class='ocrx_word' id='word_1_520' title='bbox 1778 3718 1925 3772; x_wconf 74' lang='grc' dir='ltr'>ἔστιν</span> 
     </span>
    </p>
   </div>
   <div class='ocr_carea' id='block_1_70' title="bbox 349 3810 1926 3884">
    <p class='ocr_par' dir='ltr' id='par_1_70' title="bbox 349 3810 1926 3884">
     <span class='ocr_line' id='line_1_70' title="bbox 349 3810 1926 3884; baseline -0.001 -19"><span class='ocrx_word' id='word_1_521' title='bbox 349 3816 388 3883; x_wconf 84' lang='grc' dir='ltr'><strong>ἡ</strong></span> <span class='ocrx_word' id='word_1_522' title='bbox 422 3811 597 3883; x_wconf 79' lang='grc' dir='ltr'>Καινὴ</span> <span class='ocrx_word' id='word_1_523' title='bbox 624 3812 863 3884; x_wconf 82' lang='grc' dir='ltr'>Διαθήκη</span> <span class='ocrx_word' id='word_1_524' title='bbox 887 3852 902 3876; x_wconf 91' lang='grc'><strong>,</strong></span> <span class='ocrx_word' id='word_1_525' title='bbox 933 3810 1171 3883; x_wconf 88' lang='grc' dir='ltr'>πονηροῦ</span> <span class='ocrx_word' id='word_1_526' title='bbox 1205 3812 1262 3865; x_wconf 85' lang='grc' dir='ltr'>δὲ</span> <span class='ocrx_word' id='word_1_527' title='bbox 1291 3813 1325 3883; x_wconf 86' lang='grc' dir='ltr'><strong>ή</strong></span> <span class='ocrx_word' id='word_1_528' title='bbox 1352 3810 1565 3864; x_wconf 80' lang='grc' dir='ltr'>Παλαιὰ</span> <span class='ocrx_word' id='word_1_529' title='bbox 1585 3851 1599 3874; x_wconf 93' lang='grc'><strong>,</strong></span> <span class='ocrx_word' id='word_1_530' title='bbox 1632 3811 1739 3882; x_wconf 80' lang='grc' dir='ltr'>ἄρα</span> <span class='ocrx_word' id='word_1_531' title='bbox 1766 3811 1815 3863; x_wconf 81' lang='grc' dir='ltr'><strong>εί</strong></span> <span class='ocrx_word' id='word_1_532' title='bbox 1851 3810 1926 3881; x_wconf 86' lang='grc' dir='ltr'>μὴ</span> 
     </span>
    </p>
   </div>
   <div class='ocr_carea' id='block_1_71' title="bbox 351 3900 1929 3975">
    <p class='ocr_par' dir='ltr' id='par_1_71' title="bbox 351 3900 1929 3975">
     <span class='ocr_line' id='line_1_71' title="bbox 351 3900 1929 3975; baseline -0.003 -18"><span class='ocrx_word' id='word_1_533' title='bbox 351 3901 494 3958; x_wconf 78' lang='grc' dir='ltr'>εἶδεν</span> <span class='ocrx_word' id='word_1_534' title='bbox 544 3905 573 3956; x_wconf 94' lang='lat'><strong>6</strong></span> <span class='ocrx_word' id='word_1_535' title='bbox 619 3902 820 3971; x_wconf 82' lang='grc' dir='ltr'>ἀγαθὸς</span> <span class='ocrx_word' id='word_1_536' title='bbox 865 3903 998 3966; x_wconf 81' lang='grc' dir='ltr'>Θεὸς</span> <span class='ocrx_word' id='word_1_537' title='bbox 1040 3903 1132 3956; x_wconf 83' lang='grc' dir='ltr'><strong>τὸν</strong></span> <span class='ocrx_word' id='word_1_538' title='bbox 1166 3903 1399 3975; x_wconf 79' lang='grc' dir='ltr'>πονηρὸν</span> <span class='ocrx_word' id='word_1_539' title='bbox 1444 3902 1792 3972; x_wconf 80' lang='grc' dir='ltr'>διαθέμενον,</span> <span class='ocrx_word' id='word_1_540' title='bbox 1828 3900 1929 3954; x_wconf 80' lang='grc' dir='ltr'><strong>οὐκ</strong></span> 
     </span>
    </p>
   </div>
   <div class='ocr_carea' id='block_1_72' title="bbox 314 3990 1927 4065">
    <p class='ocr_par' dir='ltr' id='par_1_72' title="bbox 314 3990 1927 4065">
     <span class='ocr_line' id='line_1_72' title="bbox 314 3990 1927 4065; baseline -0.002 -18"><span class='ocrx_word' id='word_1_541' title='bbox 314 4010 326 4020; x_wconf 93' lang='grc'>·</span> <span class='ocrx_word' id='word_1_542' title='bbox 352 3994 471 4065; x_wconf 69' lang='grc' dir='ltr'>ᾔδει</span> <span class='ocrx_word' id='word_1_543' title='bbox 496 4035 510 4059; x_wconf 88' lang='grc'><strong>,</strong></span> <span class='ocrx_word' id='word_1_544' title='bbox 534 3994 615 4046; x_wconf 82' lang='grc' dir='ltr'>ὅτι</span> <span class='ocrx_word' id='word_1_545' title='bbox 646 3993 751 4063; x_wconf 84' lang='grc' dir='ltr'><strong>χρὴ</strong></span> <span class='ocrx_word' id='word_1_546' title='bbox 780 3991 1056 4047; x_wconf 85' lang='grc' dir='ltr'>διαθέσθαι</span> <span class='ocrx_word' id='word_1_547' title='bbox 1084 3992 1370 4064; x_wconf 85' lang='grc' dir='ltr'>διαθήκην.</span> <span class='ocrx_word' id='word_1_548' title='bbox 1411 3993 1519 4045; x_wconf 76' lang='grc' dir='ltr'>Καὶ</span> <span class='ocrx_word' id='word_1_549' title='bbox 1548 3991 1699 4044; x_wconf 74' lang='grc' dir='ltr'>ἔσται</span> <span class='ocrx_word' id='word_1_550' title='bbox 1731 3990 1927 4061; x_wconf 81' lang='grc' dir='ltr'>μᾶλλον</span> 
     </span>
    </p>
   </div>
   <div class='ocr_carea' id='block_1_73' title="bbox 356 4081 1923 4157">
    <p class='ocr_par' dir='ltr' id='par_1_73' title="bbox 356 4081 1923 4157">
     <span class='ocr_line' id='line_1_73' title="bbox 356 4081 1923 4157; baseline -0.003 -18"><span class='ocrx_word' id='word_1_551' title='bbox 356 4087 489 4157; x_wconf 80' lang='grc' dir='ltr'>παρ’</span> <span class='ocrx_word' id='word_1_552' title='bbox 504 4084 669 4139; x_wconf 84' lang='grc' dir='ltr'>αὐτοῦ</span> <span class='ocrx_word' id='word_1_553' title='bbox 694 4084 984 4154; x_wconf 79' lang='grc' dir='ltr'>λαμϐάνων</span> <span class='ocrx_word' id='word_1_554' title='bbox 1013 4087 1111 4155; x_wconf 79' lang='grc' dir='ltr'>τὴν</span> <span class='ocrx_word' id='word_1_555' title='bbox 1141 4084 1414 4156; x_wconf 85' lang='grc' dir='ltr'>πρόφασιν</span> <span class='ocrx_word' id='word_1_556' title='bbox 1443 4084 1538 4151; x_wconf 84' lang='grc' dir='ltr'><strong>τῆς</strong></span> <span class='ocrx_word' id='word_1_557' title='bbox 1559 4081 1923 4145; x_wconf 84' lang='grc' dir='ltr'>διδασκαλίας,</span> 
     </span>
    </p>
   </div>
   <div class='ocr_carea' id='block_1_74' title="bbox 355 4170 1930 4246">
    <p class='ocr_par' dir='ltr' id='par_1_74' title="bbox 355 4170 1930 4246">
     <span class='ocr_line' id='line_1_74' title="bbox 355 4170 1930 4246; baseline -0.005 -16"><span class='ocrx_word' id='word_1_558' title='bbox 355 4177 451 4230; x_wconf 74' lang='grc' dir='ltr'><strong>καὶ</strong></span> <span class='ocrx_word' id='word_1_559' title='bbox 480 4174 703 4246; x_wconf 74' lang='grc' dir='ltr'>ἄπειρος</span> <span class='ocrx_word' id='word_1_560' title='bbox 735 4173 809 4227; x_wconf 86' lang='grc' dir='ltr'><strong>ὢν</strong></span> <span class='ocrx_word' id='word_1_561' title='bbox 839 4175 895 4228; x_wconf 83' lang='grc' dir='ltr'><strong>ὲν</strong></span> <span class='ocrx_word' id='word_1_562' title='bbox 918 4176 1032 4237; x_wconf 83' lang='grc' dir='ltr'>τοῖς</span> <span class='ocrx_word' id='word_1_563' title='bbox 1055 4174 1390 4245; x_wconf 82' lang='grc' dir='ltr'>πράγμασιν.</span> <span class='ocrx_word' id='word_1_564' title='bbox 1431 4173 1492 4224; x_wconf 79' lang='lat' dir='ltr'><strong>Et</strong></span> <span class='ocrx_word' id='word_1_565' title='bbox 1526 4171 1633 4240; x_wconf 69' lang='grc' dir='ltr'><strong>γὰρ</strong></span> <span class='ocrx_word' id='word_1_566' title='bbox 1663 4171 1736 4242; x_wconf 81' lang='grc' dir='ltr'>μὴ</span> <span class='ocrx_word' id='word_1_567' title='bbox 1764 4170 1930 4242; x_wconf 81' lang='grc' dir='ltr'>ἑώρα·</span> 
     </span>
    </p>
   </div>
   <div class='ocr_carea' id='block_1_75' title="bbox 355 4260 1929 4336">
    <p class='ocr_par' dir='ltr' id='par_1_75' title="bbox 355 4260 1929 4336">
     <span class='ocr_line' id='line_1_75' title="bbox 355 4260 1929 4336; baseline -0.004 -16"><span class='ocrx_word' id='word_1_568' title='bbox 355 4284 474 4333; x_wconf 87' lang='grc' dir='ltr'>κεν,</span> <span class='ocrx_word' id='word_1_569' title='bbox 498 4267 599 4320; x_wconf 81' lang='grc' dir='ltr'>οὐκ</span> <span class='ocrx_word' id='word_1_570' title='bbox 621 4266 686 4320; x_wconf 82' lang='grc' dir='ltr'><strong>ἂν</strong></span> <span class='ocrx_word' id='word_1_571' title='bbox 709 4265 1036 4336; x_wconf 75' lang='grc' dir='ltr'>ἐμιμήσατο.</span> <span class='ocrx_word' id='word_1_572' title='bbox 1066 4265 1176 4318; x_wconf 74' lang='grc' dir='ltr'>Καὶ</span> <span class='ocrx_word' id='word_1_573' title='bbox 1204 4263 1310 4316; x_wconf 72' lang='grc' dir='ltr'>ἔδει</span> <span class='ocrx_word' id='word_1_574' title='bbox 1336 4263 1534 4334; x_wconf 82' lang='grc' dir='ltr'>μᾶλλον</span> <span class='ocrx_word' id='word_1_575' title='bbox 1557 4263 1655 4335; x_wconf 80' lang='grc' dir='ltr'>τὴν</span> <span class='ocrx_word' id='word_1_576' title='bbox 1684 4260 1929 4316; x_wconf 84' lang='grc' dir='ltr'>Παλαιὰν</span> 
     </span>
    </p>
   </div>
   <div class='ocr_carea' id='block_1_76' title="bbox 355 4353 1933 4430">
    <p class='ocr_par' dir='ltr' id='par_1_76' title="bbox 355 4353 1933 4430">
     <span class='ocr_line' id='line_1_76' title="bbox 355 4353 1933 4430; baseline -0.006 -16"><span class='ocrx_word' id='word_1_577' title='bbox 355 4359 635 4430; x_wconf 84' lang='grc' dir='ltr'>Διαθήκην</span> <span class='ocrx_word' id='word_1_578' title='bbox 669 4353 807 4412; x_wconf 78' lang='grc' dir='ltr'>εἶναι</span> <span class='ocrx_word' id='word_1_579' title='bbox 832 4355 926 4410; x_wconf 90' lang='grc' dir='ltr'><strong>τοῦ</strong></span> <span class='ocrx_word' id='word_1_580' title='bbox 958 4355 1188 4426; x_wconf 80' lang='grc' dir='ltr'>ἀγαθοῦ,</span> <span class='ocrx_word' id='word_1_581' title='bbox 1212 4357 1299 4411; x_wconf 78' lang='grc' dir='ltr'><strong>ἵνα</strong></span> <span class='ocrx_word' id='word_1_582' title='bbox 1322 4355 1423 4410; x_wconf 87' lang='grc' dir='ltr'>κᾶν</span> <span class='ocrx_word' id='word_1_583' title='bbox 1444 4357 1474 4410; x_wconf 87' lang='lat'><strong>6</strong></span> <span class='ocrx_word' id='word_1_584' title='bbox 1506 4354 1741 4427; x_wconf 82' lang='grc' dir='ltr'>πονηρὸς</span> <span class='ocrx_word' id='word_1_585' title='bbox 1768 4372 1933 4426; x_wconf 86' lang='grc' dir='ltr'>μιμη-</span> 
     </span>
    </p>
   </div>
   <div class='ocr_carea' id='block_1_77' title="bbox 355 4446 1933 4524">
    <p class='ocr_par' dir='ltr' id='par_1_77' title="bbox 355 4446 1933 4524">
     <span class='ocr_line' id='line_1_77' title="bbox 355 4446 1933 4524; baseline -0.003 -20"><span class='ocrx_word' id='word_1_586' title='bbox 355 4452 449 4514; x_wconf 86' lang='grc' dir='ltr'><strong>λὸς</strong></span> <span class='ocrx_word' id='word_1_587' title='bbox 474 4449 683 4524; x_wconf 82' lang='grc' dir='ltr'>ἀκούσῃ</span> <span class='ocrx_word' id='word_1_588' title='bbox 710 4450 853 4521; x_wconf 77' lang='grc' dir='ltr'>ἥπερ</span> <span class='ocrx_word' id='word_1_589' title='bbox 883 4449 913 4501; x_wconf 91' lang='lat'><strong>6</strong></span> <span class='ocrx_word' id='word_1_590' title='bbox 955 4448 1030 4502; x_wconf 85' lang='grc' dir='ltr'>ὢν</span> <span class='ocrx_word' id='word_1_591' title='bbox 1064 4448 1315 4522; x_wconf 84' lang='grc' dir='ltr'>ἀληθινὸς</span> <span class='ocrx_word' id='word_1_592' title='bbox 1351 4448 1483 4512; x_wconf 83' lang='grc' dir='ltr'>Θεός</span> <span class='ocrx_word' id='word_1_593' title='bbox 1509 4465 1522 4477; x_wconf 93' lang='grc'><strong>·</strong></span> <span class='ocrx_word' id='word_1_594' title='bbox 1562 4447 1710 4517; x_wconf 84' lang='grc' dir='ltr'>λέγει</span> <span class='ocrx_word' id='word_1_595' title='bbox 1756 4446 1864 4518; x_wconf 85' lang='grc' dir='ltr'><strong>γὰρ</strong></span> <span class='ocrx_word' id='word_1_596' title='bbox 1903 4447 1933 4499; x_wconf 92' lang='lat'><strong>6</strong></span> 
     </span>
    </p>
   </div>
   <div class='ocr_carea' id='block_1_78' title="bbox 2023 3442 3600 3514">
    <p class='ocr_par' dir='ltr' id='par_1_78' title="bbox 2023 3442 3600 3514">
     <span class='ocr_line' id='line_1_78' title="bbox 2023 3442 3600 3514; baseline 0 -18"><span class='ocrx_word' id='word_1_597' title='bbox 2023 3450 2141 3498; x_wconf 84' lang='lat' dir='ltr'><strong>tore</strong></span> <span class='ocrx_word' id='word_1_598' title='bbox 2178 3444 2436 3514; x_wconf 85' lang='lat' dir='ltr'><strong>disputat.</strong></span> <span class='ocrx_word' id='word_1_599' title='bbox 2466 3443 2546 3500; x_wconf 81' lang='lat' dir='ltr'><strong>Ita</strong></span> <span class='ocrx_word' id='word_1_600' title='bbox 2575 3445 2739 3500; x_wconf 89' lang='lat' dir='ltr'><strong>etiam</strong></span> <span class='ocrx_word' id='word_1_601' title='bbox 2799 3445 2847 3500; x_wconf 90' lang='lat' dir='ltr'><strong>si</strong></span> <span class='ocrx_word' id='word_1_602' title='bbox 2896 3442 3046 3500; x_wconf 84' lang='lat' dir='ltr'><strong>Nova</strong></span> <span class='ocrx_word' id='word_1_603' title='bbox 3097 3443 3206 3497; x_wconf 90' lang='lat' dir='ltr'><strong>duo</strong></span> <span class='ocrx_word' id='word_1_604' title='bbox 3254 3442 3600 3498; x_wconf 83' lang='lat' dir='ltr'><strong>Testamenta</strong></span> 
     </span>
    </p>
   </div>
   <div class='ocr_carea' id='block_1_79' title="bbox 2025 3533 3601 3607">
    <p class='ocr_par' dir='ltr' id='par_1_79' title="bbox 2025 3533 3601 3607">
     <span class='ocr_line' id='line_1_79' title="bbox 2025 3533 3601 3607; baseline -0.002 -17"><span class='ocrx_word' id='word_1_605' title='bbox 2025 3536 2186 3591; x_wconf 87' lang='lat' dir='ltr'><strong>nobis</strong></span> <span class='ocrx_word' id='word_1_606' title='bbox 2237 3536 2592 3604; x_wconf 88' lang='lat' dir='ltr'><strong>ostenderet,</strong></span> <span class='ocrx_word' id='word_1_607' title='bbox 2625 3543 2905 3607; x_wconf 88' lang='lat' dir='ltr'><strong>utcunque</strong></span> <span class='ocrx_word' id='word_1_608' title='bbox 2957 3535 3100 3606; x_wconf 91' lang='lat' dir='ltr'><strong>quod</strong></span> <span class='ocrx_word' id='word_1_609' title='bbox 3132 3543 3318 3590; x_wconf 88' lang='lat' dir='ltr'><strong>narrat</strong></span> <span class='ocrx_word' id='word_1_610' title='bbox 3373 3533 3601 3603; x_wconf 84' lang='lat' dir='ltr'><strong>intelligi</strong></span> 
     </span>
    </p>
   </div>
   <div class='ocr_carea' id='block_1_80' title="bbox 2027 3624 3609 3700">
    <p class='ocr_par' dir='ltr' id='par_1_80' title="bbox 2027 3624 3609 3700">
     <span class='ocr_line' id='line_1_80' title="bbox 2027 3624 3609 3700; baseline -0.004 -17"><span class='ocrx_word' id='word_1_611' title='bbox 2027 3636 2233 3700; x_wconf 88' lang='lat' dir='ltr'><strong>posset.</strong></span> <span class='ocrx_word' id='word_1_612' title='bbox 2289 3628 2395 3685; x_wconf 91' lang='lat' dir='ltr'><strong>Sed</strong></span> <span class='ocrx_word' id='word_1_613' title='bbox 2445 3644 2569 3685; x_wconf 91' lang='lat' dir='ltr'><strong>cum</strong></span> <span class='ocrx_word' id='word_1_614' title='bbox 2616 3627 2786 3686; x_wconf 81' lang='lat' dir='ltr'><strong>Vetus</strong></span> <span class='ocrx_word' id='word_1_615' title='bbox 2844 3629 3062 3700; x_wconf 90' lang='lat' dir='ltr'><strong>quidem</strong></span> <span class='ocrx_word' id='word_1_616' title='bbox 3093 3628 3360 3692; x_wconf 87' lang='lat' dir='ltr'><strong>alterius,</strong></span> <span class='ocrx_word' id='word_1_617' title='bbox 3394 3624 3609 3680; x_wconf 86' lang='lat' dir='ltr'><strong>Novum</strong></span> 
     </span>
    </p>
   </div>
   <div class='ocr_carea' id='block_1_81' title="bbox 2025 3716 3604 3787">
    <p class='ocr_par' dir='ltr' id='par_1_81' title="bbox 2025 3716 3604 3787">
     <span class='ocr_line' id='line_1_81' title="bbox 2025 3716 3604 3787; baseline -0.004 -12"><span class='ocrx_word' id='word_1_618' title='bbox 2025 3720 2433 3777; x_wconf 90' lang='lat' dir='ltr'><strong>Testamentum</strong></span> <span class='ocrx_word' id='word_1_619' title='bbox 2470 3722 2696 3778; x_wconf 85' lang='lat' dir='ltr'><strong>alterius</strong></span> <span class='ocrx_word' id='word_1_620' title='bbox 2723 3723 2814 3787; x_wconf 90' lang='lat' dir='ltr'><strong>sit,</strong></span> <span class='ocrx_word' id='word_1_621' title='bbox 2842 3720 2948 3776; x_wconf 87' lang='lat' dir='ltr'><strong>hoc</strong></span> <span class='ocrx_word' id='word_1_622' title='bbox 2975 3720 3022 3776; x_wconf 89' lang='lat' dir='ltr'><strong>si</strong></span> <span class='ocrx_word' id='word_1_623' title='bbox 3048 3720 3192 3774; x_wconf 89' lang='lat' dir='ltr'><strong>bono</strong></span> <span class='ocrx_word' id='word_1_624' title='bbox 3221 3721 3328 3775; x_wconf 90' lang='lat' dir='ltr'><strong>Deo</strong></span> <span class='ocrx_word' id='word_1_625' title='bbox 3362 3716 3604 3771; x_wconf 84' lang='lat' dir='ltr'><strong>tribuere</strong></span> 
     </span>
    </p>
   </div>
   <div class='ocr_carea' id='block_1_82' title="bbox 2028 3807 3602 3881">
    <p class='ocr_par' dir='ltr' id='par_1_82' title="bbox 2028 3807 3602 3881">
     <span class='ocr_line' id='line_1_82' title="bbox 2028 3807 3602 3881; baseline -0.004 -14"><span class='ocrx_word' id='word_1_626' title='bbox 2028 3813 2300 3877; x_wconf 78' lang='lat' dir='ltr'><strong>velimus,</strong></span> <span class='ocrx_word' id='word_1_627' title='bbox 2336 3813 2468 3867; x_wconf 90' lang='lat' dir='ltr'><strong>illud</strong></span> <span class='ocrx_word' id='word_1_628' title='bbox 2523 3828 2655 3868; x_wconf 83' lang='lat' dir='ltr'><strong>vero</strong></span> <span class='ocrx_word' id='word_1_629' title='bbox 2700 3812 2845 3867; x_wconf 89' lang='lat' dir='ltr'><strong>malo</strong></span> <span class='ocrx_word' id='word_1_630' title='bbox 2870 3851 2885 3878; x_wconf 89' lang='lat'><strong>,</strong></span> <span class='ocrx_word' id='word_1_631' title='bbox 2921 3824 3268 3881; x_wconf 83' lang='lat' dir='ltr'><strong>consequens</strong></span> <span class='ocrx_word' id='word_1_632' title='bbox 3321 3807 3457 3863; x_wconf 87' lang='lat' dir='ltr'><strong>illud</strong></span> <span class='ocrx_word' id='word_1_633' title='bbox 3497 3814 3602 3872; x_wconf 90' lang='lat' dir='ltr'><strong>est,</strong></span> 
     </span>
    </p>
   </div>
   <div class='ocr_carea' id='block_1_83' title="bbox 2026 3904 3605 3971">
    <p class='ocr_par' dir='ltr' id='par_1_83' title="bbox 2026 3904 3605 3971">
     <span class='ocr_line' id='line_1_83' title="bbox 2026 3904 3605 3971; baseline -0.005 -12"><span class='ocrx_word' id='word_1_634' title='bbox 2026 3904 2230 3959; x_wconf 90' lang='lat' dir='ltr'><strong>bonum</strong></span> <span class='ocrx_word' id='word_1_635' title='bbox 2267 3905 2458 3971; x_wconf 89' lang='lat' dir='ltr'><strong>Deum,</strong></span> <span class='ocrx_word' id='word_1_636' title='bbox 2492 3905 2599 3961; x_wconf 90' lang='lat' dir='ltr'><strong>nisi</strong></span> <span class='ocrx_word' id='word_1_637' title='bbox 2628 3904 2907 3960; x_wconf 86' lang='lat' dir='ltr'><strong>conditum</strong></span> <span class='ocrx_word' id='word_1_638' title='bbox 2952 3918 2984 3957; x_wconf 88' lang='lat' dir='ltr'><strong>a</strong></span> <span class='ocrx_word' id='word_1_639' title='bbox 3014 3904 3157 3957; x_wconf 87' lang='lat' dir='ltr'><strong>malo</strong></span> <span class='ocrx_word' id='word_1_640' title='bbox 3219 3905 3605 3957; x_wconf 86' lang='lat' dir='ltr'><strong>testamentum</strong></span> 
     </span>
    </p>
   </div>
   <div class='ocr_carea' id='block_1_84' title="bbox 2030 3993 3604 4065">
    <p class='ocr_par' dir='ltr' id='par_1_84' title="bbox 2030 3993 3604 4065">
     <span class='ocr_line' id='line_1_84' title="bbox 2030 3993 3604 4065; baseline -0.004 -15"><span class='ocrx_word' id='word_1_641' title='bbox 2030 3996 2320 4061; x_wconf 86' lang='lat' dir='ltr'><strong>scivisset,</strong></span> <span class='ocrx_word' id='word_1_642' title='bbox 2376 4009 2408 4049; x_wconf 89' lang='lat' dir='ltr'><strong>a</strong></span> <span class='ocrx_word' id='word_1_643' title='bbox 2466 4010 2526 4051; x_wconf 89' lang='lat' dir='ltr'><strong>se</strong></span> <span class='ocrx_word' id='word_1_644' title='bbox 2578 4011 2796 4065; x_wconf 91' lang='lat' dir='ltr'><strong>quoque</strong></span> <span class='ocrx_word' id='word_1_645' title='bbox 2841 3994 3188 4050; x_wconf 82' lang='lat' dir='ltr'><strong>condendam</strong></span> <span class='ocrx_word' id='word_1_646' title='bbox 3227 3993 3604 4063; x_wconf 86' lang='lat' dir='ltr'><strong>ignoraturum</strong></span> 
     </span>
    </p>
   </div>
   <div class='ocr_carea' id='block_1_85' title="bbox 2034 4081 3607 4154">
    <p class='ocr_par' dir='ltr' id='par_1_85' title="bbox 2034 4081 3607 4154">
     <span class='ocr_line' id='line_1_85' title="bbox 2034 4081 3607 4154; baseline 0 -15"><span class='ocrx_word' id='word_1_647' title='bbox 2034 4084 2222 4141; x_wconf 77' lang='lat' dir='ltr'><strong>fuisse.</strong></span> <span class='ocrx_word' id='word_1_648' title='bbox 2277 4084 2457 4152; x_wconf 84' lang='lat' dir='ltr'><strong>Quare</strong></span> <span class='ocrx_word' id='word_1_649' title='bbox 2516 4087 2780 4141; x_wconf 85' lang='lat' dir='ltr'><strong>doctrinae</strong></span> <span class='ocrx_word' id='word_1_650' title='bbox 2817 4100 2929 4141; x_wconf 70' lang='lat' dir='ltr'><strong>sua:</strong></span> <span class='ocrx_word' id='word_1_651' title='bbox 2980 4082 3322 4154; x_wconf 75' lang='lat' dir='ltr'><strong>divulgandze</strong></span> <span class='ocrx_word' id='word_1_652' title='bbox 3357 4081 3607 4139; x_wconf 89' lang='lat' dir='ltr'><strong>occasio.-</strong></span> 
     </span>
    </p>
   </div>
   <div class='ocr_carea' id='block_1_86' title="bbox 2032 4172 3606 4246">
    <p class='ocr_par' dir='ltr' id='par_1_86' title="bbox 2032 4172 3606 4246">
     <span class='ocr_line' id='line_1_86' title="bbox 2032 4172 3606 4246; baseline -0.002 -14"><span class='ocrx_word' id='word_1_653' title='bbox 2032 4194 2155 4232; x_wconf 88' lang='lat' dir='ltr'><strong>nem</strong></span> <span class='ocrx_word' id='word_1_654' title='bbox 2189 4178 2256 4231; x_wconf 92' lang='lat' dir='ltr'><strong>ab</strong></span> <span class='ocrx_word' id='word_1_655' title='bbox 2285 4178 2377 4231; x_wconf 90' lang='lat' dir='ltr'><strong>illo</strong></span> <span class='ocrx_word' id='word_1_656' title='bbox 2407 4186 2598 4233; x_wconf 90' lang='lat' dir='ltr'><strong>nactus</strong></span> <span class='ocrx_word' id='word_1_657' title='bbox 2619 4216 2635 4240; x_wconf 86' lang='lat'><strong>,</strong></span> <span class='ocrx_word' id='word_1_658' title='bbox 2672 4192 2737 4231; x_wconf 87' lang='lat' dir='ltr'><strong>ac</strong></span> <span class='ocrx_word' id='word_1_659' title='bbox 2766 4191 2947 4232; x_wconf 92' lang='lat' dir='ltr'><strong>rerum</strong></span> <span class='ocrx_word' id='word_1_660' title='bbox 2975 4175 3341 4246; x_wconf 84' lang='lat' dir='ltr'><strong>gerendarum</strong></span> <span class='ocrx_word' id='word_1_661' title='bbox 3386 4172 3606 4242; x_wconf 85' lang='lat' dir='ltr'><strong>imperi—</strong></span> 
     </span>
    </p>
   </div>
   <div class='ocr_carea' id='block_1_87' title="bbox 2032 4261 3608 4328">
    <p class='ocr_par' dir='ltr' id='par_1_87' title="bbox 2032 4261 3608 4328">
     <span class='ocr_line' id='line_1_87' title="bbox 2032 4261 3608 4328; baseline -0.001 -7"><span class='ocrx_word' id='word_1_662' title='bbox 2032 4276 2121 4323; x_wconf 92' lang='lat' dir='ltr'><strong>tus</strong></span> <span class='ocrx_word' id='word_1_663' title='bbox 2138 4283 2260 4323; x_wconf 89' lang='lat' dir='ltr'><strong>esse</strong></span> <span class='ocrx_word' id='word_1_664' title='bbox 2285 4269 2578 4324; x_wconf 86' lang='lat' dir='ltr'><strong>videbitur.</strong></span> <span class='ocrx_word' id='word_1_665' title='bbox 2604 4268 2722 4324; x_wconf 87' lang='lat' dir='ltr'><strong>Nisi</strong></span> <span class='ocrx_word' id='word_1_666' title='bbox 2743 4268 2887 4323; x_wconf 91' lang='lat' dir='ltr'><strong>enim</strong></span> <span class='ocrx_word' id='word_1_667' title='bbox 2918 4267 3033 4322; x_wconf 83' lang='lat' dir='ltr'><strong>ﬁeri</strong></span> <span class='ocrx_word' id='word_1_668' title='bbox 3061 4266 3127 4319; x_wconf 88' lang='lat' dir='ltr'><strong>ab</strong></span> <span class='ocrx_word' id='word_1_669' title='bbox 3152 4266 3326 4320; x_wconf 89' lang='lat' dir='ltr'><strong>altero</strong></span> <span class='ocrx_word' id='word_1_670' title='bbox 3357 4261 3608 4328; x_wconf 85' lang='lat' dir='ltr'><strong>vidisset,</strong></span> 
     </span>
    </p>
   </div>
   <div class='ocr_carea' id='block_1_88' title="bbox 2031 4355 3601 4429">
    <p class='ocr_par' dir='ltr' id='par_1_88' title="bbox 2031 4355 3601 4429">
     <span class='ocr_line' id='line_1_88' title="bbox 2031 4355 3601 4429; baseline -0.003 -15"><span class='ocrx_word' id='word_1_671' title='bbox 2031 4375 2313 4429; x_wconf 87' lang='lat' dir='ltr'><strong>nunquam</strong></span> <span class='ocrx_word' id='word_1_672' title='bbox 2341 4369 2483 4416; x_wconf 87' lang='lat' dir='ltr'><strong>esset</strong></span> <span class='ocrx_word' id='word_1_673' title='bbox 2525 4361 2785 4415; x_wconf 88' lang='lat' dir='ltr'><strong>imitatus.</strong></span> <span class='ocrx_word' id='word_1_674' title='bbox 2832 4359 2909 4413; x_wconf 84' lang='lat' dir='ltr'><strong>Ac</strong></span> <span class='ocrx_word' id='word_1_675' title='bbox 2951 4359 3094 4413; x_wconf 87' lang='lat' dir='ltr'><strong>bono</strong></span> <span class='ocrx_word' id='word_1_676' title='bbox 3127 4357 3235 4412; x_wconf 86' lang='lat' dir='ltr'><strong>Deo</strong></span> <span class='ocrx_word' id='word_1_677' title='bbox 3279 4355 3601 4411; x_wconf 83' lang='lat' dir='ltr'><strong>Testamen-</strong></span> 
     </span>
    </p>
   </div>
   <div class='ocr_carea' id='block_1_89' title="bbox 2033 4448 3612 4522">
    <p class='ocr_par' dir='ltr' id='par_1_89' title="bbox 2033 4448 3612 4522">
     <span class='ocr_line' id='line_1_89' title="bbox 2033 4448 3612 4522; baseline -0.003 -17"><span class='ocrx_word' id='word_1_678' title='bbox 2033 4460 2147 4505; x_wconf 91' lang='lat' dir='ltr'><strong>tum</strong></span> <span class='ocrx_word' id='word_1_679' title='bbox 2173 4450 2342 4507; x_wconf 80' lang='lat' dir='ltr'><strong>Vetus</strong></span> <span class='ocrx_word' id='word_1_680' title='bbox 2372 4450 2551 4522; x_wconf 81' lang='lat' dir='ltr'><strong>aﬂingi</strong></span> <span class='ocrx_word' id='word_1_681' title='bbox 2582 4450 2753 4522; x_wconf 77' lang='lat' dir='ltr'><strong>magis</strong></span> <span class='ocrx_word' id='word_1_682' title='bbox 2791 4449 3110 4520; x_wconf 86' lang='lat' dir='ltr'><strong>oportebat,</strong></span> <span class='ocrx_word' id='word_1_683' title='bbox 3147 4460 3206 4505; x_wconf 90' lang='lat' dir='ltr'><strong>ut</strong></span> <span class='ocrx_word' id='word_1_684' title='bbox 3244 4448 3422 4504; x_wconf 84' lang='lat' dir='ltr'><strong>malus</strong></span> <span class='ocrx_word' id='word_1_685' title='bbox 3471 4450 3612 4503; x_wconf 80' lang='lat' dir='ltr'><strong>alter</strong></span> 
     </span>
    </p>
   </div>
   <div class='ocr_carea' id='block_1_90' title="bbox 357 4540 1920 4615">
    <p class='ocr_par' dir='ltr' id='par_1_90' title="bbox 357 4540 1920 4615">
     <span class='ocr_line' id='line_1_90' title="bbox 357 4540 1920 4615; baseline -0.004 -16"><span class='ocrx_word' id='word_1_686' title='bbox 357 4545 567 4615; x_wconf 83' lang='grc' dir='ltr'>Κύριος</span> <span class='ocrx_word' id='word_1_687' title='bbox 599 4546 656 4597; x_wconf 86' lang='grc' dir='ltr'>ὲν</span> <span class='ocrx_word' id='word_1_688' title='bbox 691 4542 770 4614; x_wconf 85' lang='grc' dir='ltr'>τῷ</span> <span class='ocrx_word' id='word_1_689' title='bbox 809 4542 1157 4614; x_wconf 81' lang='grc' dir='ltr'>Εὐαγγελίῳ·</span> <span class='ocrx_word' id='word_1_690' title='bbox 1209 4545 1271 4596; x_wconf 88' lang='grc' dir='ltr'><strong>Ὃ</strong></span> <span class='ocrx_word' id='word_1_691' title='bbox 1315 4542 1423 4596; x_wconf 83' lang='grc' dir='ltr'><strong>ἐὰν</strong></span> <span class='ocrx_word' id='word_1_692' title='bbox 1457 4540 1659 4610; x_wconf 73' lang='grc' dir='ltr'>βλέπῃ</span> <span class='ocrx_word' id='word_1_693' title='bbox 1709 4543 1742 4595; x_wconf 86' lang='grc' dir='ltr'><strong>ό</strong></span> <span class='ocrx_word' id='word_1_694' title='bbox 1800 4540 1920 4606; x_wconf 77' lang='grc' dir='ltr'><strong>Υἱὸς</strong></span> 
     </span>
    </p>
   </div>
   <div class='ocr_carea' id='block_1_91' title="bbox 2025 4540 3611 4615">
    <p class='ocr_par' dir='ltr' id='par_1_91' title="bbox 2040 4542 3611 4613">
     <span class='ocr_line' id='line_1_91' title="bbox 2040 4542 3611 4613; baseline -0.003 -16"><span class='ocrx_word' id='word_1_695' title='bbox 2040 4542 2219 4613; x_wconf 90' lang='lat' dir='ltr'><strong>potius</strong></span> <span class='ocrx_word' id='word_1_696' title='bbox 2245 4544 2528 4598; x_wconf 71' lang='lat' dir='ltr'><strong>mmulator</strong></span> <span class='ocrx_word' id='word_1_697' title='bbox 2555 4543 2937 4612; x_wconf 87' lang='lat' dir='ltr'><strong>appellaretur,</strong></span> <span class='ocrx_word' id='word_1_698' title='bbox 2970 4556 3132 4611; x_wconf 89' lang='lat' dir='ltr'><strong>quam</strong></span> <span class='ocrx_word' id='word_1_699' title='bbox 3170 4556 3330 4596; x_wconf 84' lang='lat' dir='ltr'><strong>verus</strong></span> <span class='ocrx_word' id='word_1_700' title='bbox 3394 4553 3611 4610; x_wconf 83' lang='lat' dir='ltr'><strong>germa-</strong></span> 
     </span>
    </p>
   </div>
   <div class='ocr_carea' id='block_1_92' title="bbox 360 4619 1920 4709">
    <p class='ocr_par' dir='ltr' id='par_1_92' title="bbox 360 4631 1920 4709">
     <span class='ocr_line' id='line_1_92' title="bbox 360 4631 1920 4709; baseline -0.003 -19"><span class='ocrx_word' id='word_1_701' title='bbox 360 4634 560 4709; x_wconf 79' lang='grc' dir='ltr'>[πρὸς]</span> <span class='ocrx_word' id='word_1_702' title='bbox 604 4636 712 4689; x_wconf 83' lang='grc' dir='ltr'>τὸν</span> <span class='ocrx_word' id='word_1_703' title='bbox 752 4634 981 4703; x_wconf 80' lang='grc' dir='ltr'>Πατέρα</span> <span class='ocrx_word' id='word_1_704' title='bbox 1030 4635 1352 4699; x_wconf 82' lang='grc' dir='ltr'>ποιοῦντα,</span> <span class='ocrx_word' id='word_1_705' title='bbox 1402 4633 1555 4688; x_wconf 78' lang='grc' dir='ltr'>οὕτω</span> <span class='ocrx_word' id='word_1_706' title='bbox 1604 4631 1704 4686; x_wconf 82' lang='grc' dir='ltr'>καὶ</span> <span class='ocrx_word' id='word_1_707' title='bbox 1754 4631 1920 4698; x_wconf 78' lang='grc' dir='ltr'>αὐτὸς</span> 
     </span>
    </p>
   </div>
   <div class='ocr_carea' id='block_1_93' title="bbox 2025 4619 3610 4709">
    <p class='ocr_par' dir='ltr' id='par_1_93' title="bbox 2040 4630 3610 4702">
     <span class='ocr_line' id='line_1_93' title="bbox 2040 4630 3610 4702; baseline -0.002 -15"><span class='ocrx_word' id='word_1_708' title='bbox 2040 4649 2253 4702; x_wconf 82' lang='lat' dir='ltr'><strong>nusque</strong></span> <span class='ocrx_word' id='word_1_709' title='bbox 2294 4635 2455 4689; x_wconf 86' lang='lat' dir='ltr'><strong>Deus.</strong></span> <span class='ocrx_word' id='word_1_710' title='bbox 2505 4632 2764 4687; x_wconf 85' lang='lat' dir='ltr'><strong>Dominus</strong></span> <span class='ocrx_word' id='word_1_711' title='bbox 2812 4633 2957 4687; x_wconf 88' lang='lat' dir='ltr'><strong>enim</strong></span> <span class='ocrx_word' id='word_1_712' title='bbox 2998 4635 3051 4687; x_wconf 91' lang='lat' dir='ltr'><strong>in</strong></span> <span class='ocrx_word' id='word_1_713' title='bbox 3098 4631 3389 4702; x_wconf 83' lang='lat' dir='ltr'><strong>Evangelio</strong></span> <span class='ocrx_word' id='word_1_714' title='bbox 3434 4630 3610 4685; x_wconf 91' lang='lat' dir='ltr'><strong>dicit:</strong></span> 
     </span>
    </p>
   </div>
   <div class='ocr_carea' id='block_1_94' title="bbox 361 4722 1932 4797">
    <p class='ocr_par' dir='ltr' id='par_1_94' title="bbox 361 4722 1932 4797">
     <span class='ocr_line' id='line_1_94' title="bbox 361 4722 1932 4797; baseline -0.005 -15"><span class='ocrx_word' id='word_1_715' title='bbox 361 4727 584 4797; x_wconf 83' lang='grc' dir='ltr'>ὁμοίως</span> <span class='ocrx_word' id='word_1_716' title='bbox 610 4725 769 4780; x_wconf 82' lang='grc' dir='ltr'>ποιεῖ</span> <span class='ocrx_word' id='word_1_717' title='bbox 802 4742 816 4755; x_wconf 80' lang='grc'><strong>’</strong></span> <span class='ocrx_word' id='word_1_718' title='bbox 850 4727 944 4779; x_wconf 74' lang='grc' dir='ltr'><strong>καὶ</strong></span> <span class='ocrx_word' id='word_1_719' title='bbox 973 4727 1061 4779; x_wconf 79' lang='grc' dir='ltr'>ἵνα</span> <span class='ocrx_word' id='word_1_720' title='bbox 1087 4725 1160 4797; x_wconf 83' lang='grc' dir='ltr'><strong>μὴ</strong></span> <span class='ocrx_word' id='word_1_721' title='bbox 1196 4724 1314 4795; x_wconf 81' lang='grc' dir='ltr'>ἥξει</span> <span class='ocrx_word' id='word_1_722' title='bbox 1342 4726 1358 4756; x_wconf 83' lang='grc'>¹</span> <span class='ocrx_word' id='word_1_723' title='bbox 1386 4723 1462 4795; x_wconf 79' lang='grc' dir='ltr'>τῷ</span> <span class='ocrx_word' id='word_1_724' title='bbox 1490 4722 1932 4794; x_wconf 82' lang='grc' dir='ltr'>συμϐουλεύοντι,</span> 
     </span>
    </p>
   </div>
   <div class='ocr_carea' id='block_1_95' title="bbox 361 4814 1936 4889">
    <p class='ocr_par' dir='ltr' id='par_1_95' title="bbox 361 4814 1936 4889">
     <span class='ocr_line' id='line_1_95' title="bbox 361 4814 1936 4889; baseline -0.004 -17"><span class='ocrx_word' id='word_1_725' title='bbox 361 4820 444 4882; x_wconf 82' lang='grc' dir='ltr'><strong>εἰς</strong></span> <span class='ocrx_word' id='word_1_726' title='bbox 471 4818 534 4872; x_wconf 82' lang='grc' dir='ltr'><strong>τὸ</strong></span> <span class='ocrx_word' id='word_1_727' title='bbox 565 4817 641 4889; x_wconf 84' lang='grc' dir='ltr'>μὴ</span> <span class='ocrx_word' id='word_1_728' title='bbox 666 4816 971 4887; x_wconf 79' lang='grc' dir='ltr'>καυχᾶσθαι</span> <span class='ocrx_word' id='word_1_729' title='bbox 993 4817 1082 4870; x_wconf 86' lang='grc' dir='ltr'><strong>τὸν</strong></span> <span class='ocrx_word' id='word_1_730' title='bbox 1110 4816 1372 4883; x_wconf 82' lang='grc' dir='ltr'>διάϐολον,</span> <span class='ocrx_word' id='word_1_731' title='bbox 1404 4816 1498 4869; x_wconf 73' lang='grc' dir='ltr'>καὶ</span> <span class='ocrx_word' id='word_1_732' title='bbox 1519 4815 1699 4883; x_wconf 88' lang='grc' dir='ltr'>λέγειν</span> <span class='ocrx_word' id='word_1_733' title='bbox 1723 4814 1812 4867; x_wconf 76' lang='grc' dir='ltr'>διὰ</span> <span class='ocrx_word' id='word_1_734' title='bbox 1836 4814 1936 4882; x_wconf 81' lang='grc' dir='ltr'>τῆς</span> 
     </span>
    </p>
   </div>
   <div class='ocr_carea' id='block_1_96' title="bbox 367 4900 1938 4981">
    <p class='ocr_par' dir='ltr' id='par_1_96' title="bbox 367 4900 1938 4981">
     <span class='ocr_line' id='line_1_96' title="bbox 367 4900 1938 4981; baseline -0.006 -18"><span class='ocrx_word' id='word_1_735' title='bbox 367 4905 703 4981; x_wconf 85' lang='grc' dir='ltr'>συμϐουλίας</span> <span class='ocrx_word' id='word_1_736' title='bbox 752 4905 918 4960; x_wconf 84' lang='grc' dir='ltr'>αὑτοῦ</span> <span class='ocrx_word' id='word_1_737' title='bbox 964 4921 1017 4958; x_wconf 88' lang='grc' dir='ltr'><strong>τι</strong></span> <span class='ocrx_word' id='word_1_738' title='bbox 1049 4905 1140 4958; x_wconf 80' lang='grc' dir='ltr'><strong>τὸν</strong></span> <span class='ocrx_word' id='word_1_739' title='bbox 1173 4904 1401 4974; x_wconf 83' lang='grc' dir='ltr'>Σωτῆρα</span> <span class='ocrx_word' id='word_1_740' title='bbox 1440 4902 1793 4975; x_wconf 84' lang='grc' dir='ltr'>πεποιηκέναι</span> <span class='ocrx_word' id='word_1_741' title='bbox 1816 4919 1829 4931; x_wconf 74' lang='grc' dir='ltr'><strong>ο</strong></span> <span class='ocrx_word' id='word_1_742' title='bbox 1863 4900 1938 4964; x_wconf 83' lang='grc' dir='ltr'>ὥς</span> 
     </span>
    </p>
   </div>
   <div class='ocr_carea' id='block_1_97' title="bbox 363 4993 1938 5074">
    <p class='ocr_par' dir='ltr' id='par_1_97' title="bbox 363 4993 1938 5074">
     <span class='ocr_line' id='line_1_97' title="bbox 363 4993 1938 5074; baseline -0.006 -18"><span class='ocrx_word' id='word_1_743' title='bbox 363 5018 501 5074; x_wconf 83' lang='grc' dir='ltr'>φησι</span> <span class='ocrx_word' id='word_1_744' title='bbox 534 5001 674 5071; x_wconf 79' lang='grc' dir='ltr'>πρὸς</span> <span class='ocrx_word' id='word_1_745' title='bbox 705 4999 896 5053; x_wconf 77' lang='grc' dir='ltr'>αὐτόν·</span> <span class='ocrx_word' id='word_1_746' title='bbox 941 4997 1087 5051; x_wconf 73' lang='grc' dir='ltr'>Εἰπὲ</span> <span class='ocrx_word' id='word_1_747' title='bbox 1110 4997 1211 5051; x_wconf 84' lang='grc' dir='ltr'>ἵνα</span> <span class='ocrx_word' id='word_1_748' title='bbox 1239 4999 1293 5050; x_wconf 76' lang='grc' dir='ltr'>οι</span> <span class='ocrx_word' id='word_1_749' title='bbox 1337 4996 1493 5055; x_wconf 81' lang='grc' dir='ltr'>λίθοι</span> <span class='ocrx_word' id='word_1_750' title='bbox 1526 4994 1690 5065; x_wconf 79' lang='grc' dir='ltr'>ἄρτοι</span> <span class='ocrx_word' id='word_1_751' title='bbox 1721 4993 1938 5063; x_wconf 74' lang='grc' dir='ltr'>γένων-</span> 
     </span>
    </p>
   </div>
   <div class='ocr_carea' id='block_1_98' title="bbox 362 5082 1942 5160">
    <p class='ocr_par' dir='ltr' id='par_1_98' title="bbox 362 5082 1942 5160">
     <span class='ocr_line' id='line_1_98' title="bbox 362 5082 1942 5160; baseline -0.009 -11"><span class='ocrx_word' id='word_1_752' title='bbox 362 5111 479 5149; x_wconf 84' lang='grc' dir='ltr'>ται.</span> <span class='ocrx_word' id='word_1_753' title='bbox 518 5092 578 5145; x_wconf 88' lang='grc' dir='ltr'>Ὁ</span> <span class='ocrx_word' id='word_1_754' title='bbox 606 5091 664 5144; x_wconf 83' lang='grc' dir='ltr'>δὲ</span> <span class='ocrx_word' id='word_1_755' title='bbox 694 5091 794 5144; x_wconf 85' lang='grc' dir='ltr'><strong>οὐκ</strong></span> <span class='ocrx_word' id='word_1_756' title='bbox 834 5089 1086 5160; x_wconf 85' lang='grc' dir='ltr'>ἀνέχεται</span> <span class='ocrx_word' id='word_1_757' title='bbox 1109 5129 1124 5155; x_wconf 93' lang='grc'><strong>,</strong></span> <span class='ocrx_word' id='word_1_758' title='bbox 1158 5088 1246 5141; x_wconf 88' lang='grc' dir='ltr'><strong>ἵνα</strong></span> <span class='ocrx_word' id='word_1_759' title='bbox 1276 5088 1352 5158; x_wconf 83' lang='grc' dir='ltr'>μὴ</span> <span class='ocrx_word' id='word_1_760' title='bbox 1389 5086 1576 5159; x_wconf 87' lang='grc' dir='ltr'>μαθὼν</span> <span class='ocrx_word' id='word_1_761' title='bbox 1608 5082 1942 5155; x_wconf 84' lang='grc' dir='ltr'>ὑποληφθείη</span> 
     </span>
    </p>
   </div>
   <div class='ocr_carea' id='block_1_99' title="bbox 364 5173 1944 5253">
    <p class='ocr_par' dir='ltr' id='par_1_99' title="bbox 364 5173 1944 5253">
     <span class='ocr_line' id='line_1_99' title="bbox 364 5173 1944 5253; baseline -0.007 -16"><span class='ocrx_word' id='word_1_762' title='bbox 364 5183 522 5253; x_wconf 84' lang='grc' dir='ltr'><strong>παρά</strong></span> <span class='ocrx_word' id='word_1_763' title='bbox 561 5180 657 5235; x_wconf 91' lang='grc' dir='ltr'><strong>τοῦ</strong></span> <span class='ocrx_word' id='word_1_764' title='bbox 685 5180 932 5234; x_wconf 80' lang='grc' dir='ltr'>διαϐόλου</span> <span class='ocrx_word' id='word_1_765' title='bbox 980 5178 1270 5250; x_wconf 83' lang='grc' dir='ltr'>λαμϐάνων</span> <span class='ocrx_word' id='word_1_766' title='bbox 1302 5178 1400 5248; x_wconf 79' lang='grc' dir='ltr'>τὴν</span> <span class='ocrx_word' id='word_1_767' title='bbox 1447 5174 1799 5248; x_wconf 89' lang='grc' dir='ltr'>συμϐουλίαν.</span> <span class='ocrx_word' id='word_1_768' title='bbox 1835 5173 1944 5227; x_wconf 74' lang='grc' dir='ltr'><strong>Καὶ</strong></span> 
     </span>
    </p>
   </div>
   <div class='ocr_carea' id='block_1_100' title="bbox 364 5268 1945 5348">
    <p class='ocr_par' dir='ltr' id='par_1_100' title="bbox 364 5268 1945 5348">
     <span class='ocr_line' id='line_1_100' title="bbox 364 5268 1945 5348; baseline -0.008 -17"><span class='ocrx_word' id='word_1_769' title='bbox 364 5279 498 5348; x_wconf 78' lang='grc' dir='ltr'>δρᾷς</span> <span class='ocrx_word' id='word_1_770' title='bbox 522 5315 537 5340; x_wconf 92' lang='grc'><strong>,</strong></span> <span class='ocrx_word' id='word_1_771' title='bbox 572 5276 654 5328; x_wconf 84' lang='grc' dir='ltr'>ὅτι</span> <span class='ocrx_word' id='word_1_772' title='bbox 694 5274 790 5337; x_wconf 83' lang='grc' dir='ltr'>τὰς</span> <span class='ocrx_word' id='word_1_773' title='bbox 822 5273 916 5327; x_wconf 89' lang='grc' dir='ltr'><strong>δύο</strong></span> <span class='ocrx_word' id='word_1_774' title='bbox 950 5272 1221 5344; x_wconf 85' lang='grc' dir='ltr'>Διαθήκας</span> <span class='ocrx_word' id='word_1_775' title='bbox 1254 5271 1372 5335; x_wconf 81' lang='grc' dir='ltr'>ἑνὸς</span> <span class='ocrx_word' id='word_1_776' title='bbox 1414 5269 1561 5339; x_wconf 87' lang='grc' dir='ltr'>λέγει</span> <span class='ocrx_word' id='word_1_777' title='bbox 1599 5268 1773 5332; x_wconf 86' lang='grc' dir='ltr'>Θεοῦ;</span> <span class='ocrx_word' id='word_1_778' title='bbox 1812 5268 1945 5337; x_wconf 61' lang='grc' dir='ltr'>Φησὶ</span> 
     </span>
    </p>
   </div>
   <div class='ocr_carea' id='block_1_101' title="bbox 366 5359 1946 5440">
    <p class='ocr_par' dir='ltr' id='par_1_101' title="bbox 366 5359 1946 5440">
     <span class='ocr_line' id='line_1_101' title="bbox 366 5359 1946 5440; baseline -0.007 -18"><span class='ocrx_word' id='word_1_779' title='bbox 366 5370 478 5440; x_wconf 76' lang='grc' dir='ltr'>γὰρ</span> <span class='ocrx_word' id='word_1_780' title='bbox 502 5370 531 5421; x_wconf 87' lang='grc' dir='ltr'>ὁ</span> <span class='ocrx_word' id='word_1_781' title='bbox 558 5365 876 5428; x_wconf 85' lang='grc' dir='ltr'>Ἀπόστολος</span> <span class='ocrx_word' id='word_1_782' title='bbox 898 5381 912 5394; x_wconf 89' lang='grc'><strong>·</strong></span> <span class='ocrx_word' id='word_1_783' title='bbox 953 5364 1016 5417; x_wconf 84' lang='grc' dir='ltr'>Ἡ</span> <span class='ocrx_word' id='word_1_784' title='bbox 1039 5363 1233 5432; x_wconf 79' lang='grc' dir='ltr'>πρώτη</span> <span class='ocrx_word' id='word_1_785' title='bbox 1260 5361 1516 5431; x_wconf 81' lang='grc' dir='ltr'>Διαθήκη</span> <span class='ocrx_word' id='word_1_786' title='bbox 1551 5360 1619 5414; x_wconf 82' lang='grc' dir='ltr'>ἐκ</span> <span class='ocrx_word' id='word_1_787' title='bbox 1638 5359 1746 5414; x_wconf 80' lang='grc' dir='ltr'><strong>τοῦ</strong></span> <span class='ocrx_word' id='word_1_788' title='bbox 1769 5359 1946 5426; x_wconf 83' lang='grc' dir='ltr'>ὄρους</span> 
     </span>
    </p>
   </div>
   <div class='ocr_carea' id='block_1_102' title="bbox 367 5450 1946 5525">
    <p class='ocr_par' dir='ltr' id='par_1_102' title="bbox 367 5450 1946 5525">
     <span class='ocr_line' id='line_1_102' title="bbox 367 5450 1946 5525; baseline -0.01 -8"><span class='ocrx_word' id='word_1_789' title='bbox 367 5461 517 5518; x_wconf 84' lang='grc' dir='ltr'><strong>Σινᾶ</strong></span> <span class='ocrx_word' id='word_1_790' title='bbox 551 5459 760 5525; x_wconf 81' lang='grc' dir='ltr'>ἐδόθη,</span> <span class='ocrx_word' id='word_1_791' title='bbox 793 5459 881 5522; x_wconf 82' lang='grc' dir='ltr'>είς</span> <span class='ocrx_word' id='word_1_792' title='bbox 900 5454 1183 5508; x_wconf 78' lang='grc' dir='ltr'>δουλείαν</span> <span class='ocrx_word' id='word_1_793' title='bbox 1218 5452 1511 5523; x_wconf 76' lang='grc' dir='ltr'>γεννῶσα.</span> <span class='ocrx_word' id='word_1_794' title='bbox 1554 5451 1623 5505; x_wconf 85' lang='lat' dir='ltr'><em>T6</em></span> <span class='ocrx_word' id='word_1_795' title='bbox 1662 5451 1771 5523; x_wconf 77' lang='grc' dir='ltr'><strong>γὰρ</strong></span> <span class='ocrx_word' id='word_1_796' title='bbox 1810 5450 1946 5517; x_wconf 85' lang='grc' dir='ltr'>ὅρος</span> 
     </span>
    </p>
   </div>
   <div class='ocr_carea' id='block_1_103' title="bbox 371 5545 1940 5617">
    <p class='ocr_par' dir='ltr' id='par_1_103' title="bbox 371 5545 1940 5617">
     <span class='ocr_line' id='line_1_103' title="bbox 371 5545 1940 5617; baseline -0.009 -8"><span class='ocrx_word' id='word_1_797' title='bbox 371 5552 520 5609; x_wconf 84' lang='grc' dir='ltr'><strong>Σινᾶ</strong></span> <span class='ocrx_word' id='word_1_798' title='bbox 541 5553 715 5606; x_wconf 83' lang='grc' dir='ltr'>ἐστιν</span> <span class='ocrx_word' id='word_1_799' title='bbox 734 5552 804 5604; x_wconf 80' lang='grc' dir='ltr'>ἐν</span> <span class='ocrx_word' id='word_1_800' title='bbox 829 5547 904 5616; x_wconf 79' lang='grc' dir='ltr'>τῇ</span> <span class='ocrx_word' id='word_1_801' title='bbox 928 5547 1175 5615; x_wconf 83' lang='grc' dir='ltr'>Ἀραϐίᾳ.</span> <span class='ocrx_word' id='word_1_802' title='bbox 1201 5547 1264 5599; x_wconf 83' lang='lat' dir='ltr'><strong>Ei</strong></span> <span class='ocrx_word' id='word_1_803' title='bbox 1291 5547 1398 5617; x_wconf 84' lang='grc' dir='ltr'><strong>γὰρ</strong></span> <span class='ocrx_word' id='word_1_804' title='bbox 1418 5545 1511 5599; x_wconf 90' lang='grc' dir='ltr'><strong>δύο</strong></span> <span class='ocrx_word' id='word_1_805' title='bbox 1539 5545 1644 5598; x_wconf 75' lang='grc' dir='ltr'>εἰσι</span> <span class='ocrx_word' id='word_1_806' title='bbox 1666 5545 1940 5612; x_wconf 85' lang='grc' dir='ltr'>γυναῖκες,</span> 
     </span>
    </p>
   </div>
   <div class='ocr_carea' id='block_1_104' title="bbox 370 5631 1938 5711">
    <p class='ocr_par' dir='ltr' id='par_1_104' title="bbox 370 5631 1938 5711">
     <span class='ocr_line' id='line_1_104' title="bbox 370 5631 1938 5711; baseline -0.008 -13"><span class='ocrx_word' id='word_1_807' title='bbox 370 5643 508 5700; x_wconf 80' lang='grc' dir='ltr'><strong>ἀλλά</strong></span> <span class='ocrx_word' id='word_1_808' title='bbox 553 5636 635 5705; x_wconf 74' lang='grc' dir='ltr'>εἷς</span> <span class='ocrx_word' id='word_1_809' title='bbox 669 5641 700 5694; x_wconf 87' lang='lat'><strong>6</strong></span> <span class='ocrx_word' id='word_1_810' title='bbox 740 5639 913 5711; x_wconf 83' lang='grc' dir='ltr'>ἀνήρ·</span> <span class='ocrx_word' id='word_1_811' title='bbox 951 5636 1093 5690; x_wconf 76' lang='grc' dir='ltr'>οὕτω</span> <span class='ocrx_word' id='word_1_812' title='bbox 1139 5636 1187 5688; x_wconf 85' lang='grc' dir='ltr'><strong>εί</strong></span> <span class='ocrx_word' id='word_1_813' title='bbox 1219 5637 1316 5689; x_wconf 73' lang='grc' dir='ltr'><strong>καὶ</strong></span> <span class='ocrx_word' id='word_1_814' title='bbox 1358 5634 1451 5688; x_wconf 90' lang='grc' dir='ltr'><strong>δύο</strong></span> <span class='ocrx_word' id='word_1_815' title='bbox 1499 5635 1606 5687; x_wconf 78' lang='grc' dir='ltr'>εἰσὶ</span> <span class='ocrx_word' id='word_1_816' title='bbox 1651 5631 1938 5703; x_wconf 85' lang='grc' dir='ltr'>Διαθῆκαι,</span> 
     </span>
    </p>
   </div>
   <div class='ocr_carea' id='block_1_105' title="bbox 2039 4721 3612 4795">
    <p class='ocr_par' dir='ltr' id='par_1_105' title="bbox 2039 4721 3612 4795">
     <span class='ocr_line' id='line_1_105' title="bbox 2039 4721 3612 4795; baseline -0.007 -13"><span class='ocrx_word' id='word_1_817' title='bbox 2039 4723 2201 4795; x_wconf 78' lang='lat'><strong>695</strong></span> <span class='ocrx_word' id='word_1_818' title='bbox 2258 4724 2522 4795; x_wconf 85' lang='lat' dir='ltr'><strong>Quidquid</strong></span> <span class='ocrx_word' id='word_1_819' title='bbox 2582 4725 2771 4779; x_wconf 82' lang='lat' dir='ltr'><strong>viderit</strong></span> <span class='ocrx_word' id='word_1_820' title='bbox 2822 4722 2997 4778; x_wconf 82' lang='lat' dir='ltr'><strong>Filius</strong></span> <span class='ocrx_word' id='word_1_821' title='bbox 3049 4721 3266 4777; x_wconf 78' lang='lat' dir='ltr'><strong>Patrem</strong></span> <span class='ocrx_word' id='word_1_822' title='bbox 3310 4722 3612 4792; x_wconf 79' lang='lat' dir='ltr'><strong>facientem,</strong></span> 
     </span>
    </p>
   </div>
   <div class='ocr_carea' id='block_1_106' title="bbox 2041 4813 3615 4886">
    <p class='ocr_par' dir='ltr' id='par_1_106' title="bbox 2041 4813 3615 4886">
     <span class='ocr_line' id='line_1_106' title="bbox 2041 4813 3615 4886; baseline -0.004 -15"><span class='ocrx_word' id='word_1_823' title='bbox 2041 4817 2179 4872; x_wconf 86' lang='lat' dir='ltr'><strong>idem</strong></span> <span class='ocrx_word' id='word_1_824' title='bbox 2214 4827 2263 4872; x_wconf 87' lang='lat' dir='ltr'><strong>et</strong></span> <span class='ocrx_word' id='word_1_825' title='bbox 2298 4819 2405 4886; x_wconf 80' lang='lat' dir='ltr'><strong>ipse</strong></span> <span class='ocrx_word' id='word_1_826' title='bbox 2430 4816 2674 4872; x_wconf 79' lang='lat' dir='ltr'><strong>similiter</strong></span> <span class='ocrx_word' id='word_1_827' title='bbox 2697 4815 2828 4885; x_wconf 82' lang='lat' dir='ltr'><strong>facit</strong></span> <span class='ocrx_word' id='word_1_828' title='bbox 2856 4815 2901 4868; x_wconf 80' lang='grc'>⁸.</span> <span class='ocrx_word' id='word_1_829' title='bbox 2936 4813 3076 4870; x_wconf 85' lang='grc' dir='ltr'>Τιιω</span> <span class='ocrx_word' id='word_1_830' title='bbox 3130 4814 3355 4884; x_wconf 88' lang='lat' dir='ltr'><strong>insuper</strong></span> <span class='ocrx_word' id='word_1_831' title='bbox 3382 4829 3451 4867; x_wconf 89' lang='lat' dir='ltr'><strong>ne</strong></span> <span class='ocrx_word' id='word_1_832' title='bbox 3482 4826 3615 4866; x_wconf 83' lang='lat' dir='ltr'><strong>con—</strong></span> 
     </span>
    </p>
   </div>
   <div class='ocr_carea' id='block_1_107' title="bbox 2043 4903 3616 4974">
    <p class='ocr_par' dir='ltr' id='par_1_107' title="bbox 2043 4903 3616 4974">
     <span class='ocr_line' id='line_1_107' title="bbox 2043 4903 3616 4974; baseline -0.004 -11"><span class='ocrx_word' id='word_1_833' title='bbox 2043 4909 2245 4964; x_wconf 88' lang='lat' dir='ltr'><strong>sulenti</strong></span> <span class='ocrx_word' id='word_1_834' title='bbox 2303 4908 2380 4962; x_wconf 92' lang='lat' dir='ltr'><strong>illi</strong></span> <span class='ocrx_word' id='word_1_835' title='bbox 2434 4907 2669 4962; x_wconf 87' lang='lat' dir='ltr'><strong>cessisse</strong></span> <span class='ocrx_word' id='word_1_836' title='bbox 2719 4906 3038 4968; x_wconf 84' lang='lat' dir='ltr'><strong>videretur,</strong></span> <span class='ocrx_word' id='word_1_837' title='bbox 3087 4920 3224 4959; x_wconf 90' lang='lat' dir='ltr'><strong>neve</strong></span> <span class='ocrx_word' id='word_1_838' title='bbox 3277 4903 3498 4974; x_wconf 86' lang='lat' dir='ltr'><strong>gloriari</strong></span> <span class='ocrx_word' id='word_1_839' title='bbox 3551 4917 3616 4956; x_wconf 90' lang='lat' dir='ltr'><strong>ac</strong></span> 
     </span>
    </p>
   </div>
   <div class='ocr_carea' id='block_1_108' title="bbox 2040 4990 3615 5069">
    <p class='ocr_par' dir='ltr' id='par_1_108' title="bbox 2040 4990 3615 5069">
     <span class='ocr_line' id='line_1_108' title="bbox 2040 4990 3615 5069; baseline -0.005 -18"><span class='ocrx_word' id='word_1_840' title='bbox 2040 4998 2252 5069; x_wconf 84' lang='lat' dir='ltr'><strong>jactare</strong></span> <span class='ocrx_word' id='word_1_841' title='bbox 2290 4996 2539 5052; x_wconf 83' lang='lat' dir='ltr'><strong>diabolus</strong></span> <span class='ocrx_word' id='word_1_842' title='bbox 2570 5007 2773 5065; x_wconf 88' lang='lat' dir='ltr'><strong>posset,</strong></span> <span class='ocrx_word' id='word_1_843' title='bbox 2818 5010 2921 5052; x_wconf 89' lang='lat' dir='ltr'><strong>suo</strong></span> <span class='ocrx_word' id='word_1_844' title='bbox 2943 4994 3147 5065; x_wconf 88' lang='lat' dir='ltr'><strong>aliquid</strong></span> <span class='ocrx_word' id='word_1_845' title='bbox 3179 4993 3411 5049; x_wconf 89' lang='lat' dir='ltr'><strong>consilio</strong></span> <span class='ocrx_word' id='word_1_846' title='bbox 3442 5008 3471 5045; x_wconf 91' lang='lat' dir='ltr'><strong>a</strong></span> <span class='ocrx_word' id='word_1_847' title='bbox 3495 4990 3615 5045; x_wconf 53' lang='lat' dir='ltr'><strong>Sale</strong></span> 
     </span>
    </p>
   </div>
   <div class='ocr_carea' id='block_1_109' title="bbox 2052 5078 3616 5154">
    <p class='ocr_par' dir='ltr' id='par_1_109' title="bbox 2052 5078 3616 5154">
     <span class='ocr_line' id='line_1_109' title="bbox 2052 5078 3616 5154; baseline -0.004 -18"><span class='ocrx_word' id='word_1_848' title='bbox 2052 5092 2238 5138; x_wconf 87' lang='lat' dir='ltr'><strong>vatore</strong></span> <span class='ocrx_word' id='word_1_849' title='bbox 2271 5093 2505 5154; x_wconf 81' lang='lat' dir='ltr'><strong>gestum,</strong></span> <span class='ocrx_word' id='word_1_850' title='bbox 2546 5096 2669 5137; x_wconf 90' lang='lat' dir='ltr'><strong>cum</strong></span> <span class='ocrx_word' id='word_1_851' title='bbox 2695 5083 2768 5136; x_wconf 89' lang='lat' dir='ltr'><strong>ita</strong></span> <span class='ocrx_word' id='word_1_852' title='bbox 2801 5082 3056 5137; x_wconf 88' lang='lat' dir='ltr'><strong>suaderet</strong></span> <span class='ocrx_word' id='word_1_853' title='bbox 3096 5082 3198 5152; x_wconf 87' lang='lat' dir='ltr'><strong>ipsi</strong></span> <span class='ocrx_word' id='word_1_854' title='bbox 3226 5100 3239 5136; x_wconf 89' lang='lat'>:</span> <span class='ocrx_word' id='word_1_855' title='bbox 3268 5079 3367 5133; x_wconf 87' lang='lat' dir='ltr'><strong>Dic</strong></span> <span class='ocrx_word' id='word_1_856' title='bbox 3393 5088 3450 5131; x_wconf 86' lang='lat' dir='ltr'><strong>ut</strong></span> <span class='ocrx_word' id='word_1_857' title='bbox 3483 5078 3616 5145; x_wconf 84' lang='lat' dir='ltr'><strong>tapi-</strong></span> 
     </span>
    </p>
   </div>
   <div class='ocr_carea' id='block_1_110' title="bbox 2050 5164 3616 5241">
    <p class='ocr_par' dir='ltr' id='par_1_110' title="bbox 2050 5164 3616 5241">
     <span class='ocr_line' id='line_1_110' title="bbox 2050 5164 3616 5241; baseline -0.008 -13"><span class='ocrx_word' id='word_1_858' title='bbox 2050 5174 2139 5228; x_wconf 87' lang='lat' dir='ltr'><strong>des</strong></span> <span class='ocrx_word' id='word_1_859' title='bbox 2171 5189 2330 5241; x_wconf 84' lang='lat' dir='ltr'><strong>panes</strong></span> <span class='ocrx_word' id='word_1_860' title='bbox 2357 5174 2490 5241; x_wconf 80' lang='lat' dir='ltr'><strong>ﬁant</strong></span> <span class='ocrx_word' id='word_1_861' title='bbox 2527 5170 2571 5234; x_wconf 71' lang='grc'>⁸,</span> <span class='ocrx_word' id='word_1_862' title='bbox 2603 5170 2906 5240; x_wconf 86' lang='lat' dir='ltr'><strong>repudiavit</strong></span> <span class='ocrx_word' id='word_1_863' title='bbox 2943 5169 3158 5240; x_wconf 86' lang='lat' dir='ltr'><strong>penitus</strong></span> <span class='ocrx_word' id='word_1_864' title='bbox 3182 5206 3198 5231; x_wconf 90' lang='lat'><strong>,</strong></span> <span class='ocrx_word' id='word_1_865' title='bbox 3248 5181 3317 5220; x_wconf 91' lang='lat' dir='ltr'><strong>ne</strong></span> <span class='ocrx_word' id='word_1_866' title='bbox 3358 5164 3616 5218; x_wconf 84' lang='lat' dir='ltr'><strong>didicisse</strong></span> 
     </span>
    </p>
   </div>
   <div class='ocr_carea' id='block_1_111' title="bbox 2051 5253 3614 5334">
    <p class='ocr_par' dir='ltr' id='par_1_111' title="bbox 2051 5253 3614 5334">
     <span class='ocr_line' id='line_1_111' title="bbox 2051 5253 3614 5334; baseline -0.007 -16"><span class='ocrx_word' id='word_1_867' title='bbox 2051 5264 2252 5334; x_wconf 88' lang='lat' dir='ltr'><strong>aliquid</strong></span> <span class='ocrx_word' id='word_1_868' title='bbox 2284 5278 2314 5317; x_wconf 89' lang='lat' dir='ltr'><strong>a</strong></span> <span class='ocrx_word' id='word_1_869' title='bbox 2340 5262 2557 5317; x_wconf 83' lang='lat' dir='ltr'><strong>diabolo</strong></span> <span class='ocrx_word' id='word_1_870' title='bbox 2580 5300 2595 5325; x_wconf 93' lang='lat'><strong>,</strong></span> <span class='ocrx_word' id='word_1_871' title='bbox 2627 5261 2855 5331; x_wconf 86' lang='lat' dir='ltr'><strong>ejusque</strong></span> <span class='ocrx_word' id='word_1_872' title='bbox 2882 5259 3112 5315; x_wconf 84' lang='lat' dir='ltr'><strong>consilio</strong></span> <span class='ocrx_word' id='word_1_873' title='bbox 3155 5271 3286 5312; x_wconf 91' lang='lat' dir='ltr'><strong>usus</strong></span> <span class='ocrx_word' id='word_1_874' title='bbox 3309 5270 3429 5310; x_wconf 84' lang='lat' dir='ltr'><strong>esse</strong></span> <span class='ocrx_word' id='word_1_875' title='bbox 3463 5253 3614 5307; x_wconf 77' lang='lat' dir='ltr'><strong>vide~</strong></span> 
     </span>
    </p>
   </div>
   <div class='ocr_carea' id='block_1_112' title="bbox 2050 5346 3617 5423">
    <p class='ocr_par' dir='ltr' id='par_1_112' title="bbox 2050 5346 3617 5423">
     <span class='ocr_line' id='line_1_112' title="bbox 2050 5346 3617 5423; baseline -0.008 -10"><span class='ocrx_word' id='word_1_876' title='bbox 2050 5366 2221 5413; x_wconf 89' lang='lat' dir='ltr'><strong>retur.</strong></span> <span class='ocrx_word' id='word_1_877' title='bbox 2256 5357 2407 5423; x_wconf 87' lang='lat' dir='ltr'><strong>Quod</strong></span> <span class='ocrx_word' id='word_1_878' title='bbox 2441 5362 2620 5411; x_wconf 89' lang='lat' dir='ltr'><strong>autem</strong></span> <span class='ocrx_word' id='word_1_879' title='bbox 2651 5354 2995 5409; x_wconf 86' lang='lat' dir='ltr'><strong>Testamenta</strong></span> <span class='ocrx_word' id='word_1_880' title='bbox 3026 5351 3134 5404; x_wconf 92' lang='lat' dir='ltr'><strong>duo</strong></span> <span class='ocrx_word' id='word_1_881' title='bbox 3167 5347 3259 5403; x_wconf 81' lang='lat' dir='ltr'><strong>Dei</strong></span> <span class='ocrx_word' id='word_1_882' title='bbox 3297 5362 3419 5402; x_wconf 91' lang='lat' dir='ltr'><strong>esse</strong></span> <span class='ocrx_word' id='word_1_883' title='bbox 3454 5346 3617 5401; x_wconf 84' lang='lat' dir='ltr'><strong>unius</strong></span> 
     </span>
    </p>
   </div>
   <div class='ocr_carea' id='block_1_113' title="bbox 2053 5439 3620 5517">
    <p class='ocr_par' dir='ltr' id='par_1_113' title="bbox 2053 5439 3620 5517">
     <span class='ocr_line' id='line_1_113' title="bbox 2053 5439 3620 5517; baseline -0.009 -14"><span class='ocrx_word' id='word_1_884' title='bbox 2053 5449 2300 5512; x_wconf 78' lang='lat' dir='ltr'><strong>aﬁirmct,</strong></span> <span class='ocrx_word' id='word_1_885' title='bbox 2332 5464 2397 5502; x_wconf 74' lang='lat' dir='ltr'><strong>ex</strong></span> <span class='ocrx_word' id='word_1_886' title='bbox 2425 5464 2489 5503; x_wconf 90' lang='lat' dir='ltr'><strong>eo</strong></span> <span class='ocrx_word' id='word_1_887' title='bbox 2524 5458 2675 5517; x_wconf 89' lang='lat' dir='ltr'><strong>potes</strong></span> <span class='ocrx_word' id='word_1_888' title='bbox 2699 5444 3149 5499; x_wconf 87' lang='lat' dir='ltr'><strong>animadvertere.</strong></span> <span class='ocrx_word' id='word_1_889' title='bbox 3189 5439 3280 5493; x_wconf 88' lang='lat' dir='ltr'><strong>Sic</strong></span> <span class='ocrx_word' id='word_1_890' title='bbox 3305 5441 3450 5492; x_wconf 89' lang='lat' dir='ltr'><strong>enim</strong></span> <span class='ocrx_word' id='word_1_891' title='bbox 3481 5439 3620 5516; x_wconf 79' lang='lat' dir='ltr'><strong>Apo-</strong></span> 
     </span>
    </p>
   </div>
   <div class='ocr_carea' id='block_1_114' title="bbox 2052 5529 3621 5596">
    <p class='ocr_par' dir='ltr' id='par_1_114' title="bbox 2052 5529 3621 5596">
     <span class='ocr_line' id='line_1_114' title="bbox 2052 5529 3621 5596; baseline -0.009 0"><span class='ocrx_word' id='word_1_892' title='bbox 2052 5541 2256 5596; x_wconf 86' lang='lat' dir='ltr'><strong>stolus:</strong></span> <span class='ocrx_word' id='word_1_893' title='bbox 2312 5539 2472 5593; x_wconf 88' lang='lat' dir='ltr'><strong>Prius</strong></span> <span class='ocrx_word' id='word_1_894' title='bbox 2509 5539 2902 5593; x_wconf 82' lang='lat' dir='ltr'><strong>Testamentum</strong></span> <span class='ocrx_word' id='word_1_895' title='bbox 2950 5548 3015 5587; x_wconf 74' lang='lat' dir='ltr'><strong>ea:</strong></span> <span class='ocrx_word' id='word_1_896' title='bbox 3046 5540 3217 5587; x_wconf 78' lang='lat' dir='ltr'><strong>monte</strong></span> <span class='ocrx_word' id='word_1_897' title='bbox 3250 5529 3382 5585; x_wconf 88' lang='lat' dir='ltr'><strong>Sina</strong></span> <span class='ocrx_word' id='word_1_898' title='bbox 3435 5529 3621 5583; x_wconf 84' lang='lat' dir='ltr'><strong>datum</strong></span> 
     </span>
    </p>
   </div>
   <div class='ocr_carea' id='block_1_115' title="bbox 2052 5621 3622 5703">
    <p class='ocr_par' dir='ltr' id='par_1_115' title="bbox 2052 5621 3622 5703">
     <span class='ocr_line' id='line_1_115' title="bbox 2052 5621 3622 5703; baseline -0.007 -16"><span class='ocrx_word' id='word_1_899' title='bbox 2052 5642 2173 5697; x_wconf 85' lang='lat' dir='ltr'><strong>est,</strong></span> <span class='ocrx_word' id='word_1_900' title='bbox 2209 5631 2345 5703; x_wconf 85' lang='lat' dir='ltr'><strong>quod</strong></span> <span class='ocrx_word' id='word_1_901' title='bbox 2383 5632 2451 5685; x_wconf 87' lang='lat' dir='ltr'><strong>ad</strong></span> <span class='ocrx_word' id='word_1_902' title='bbox 2501 5630 2797 5684; x_wconf 80' lang='lat' dir='ltr'><strong>servitutem</strong></span> <span class='ocrx_word' id='word_1_903' title='bbox 2848 5630 3080 5695; x_wconf 81' lang='lat' dir='ltr'><strong>generat.</strong></span> <span class='ocrx_word' id='word_1_904' title='bbox 3134 5621 3264 5677; x_wconf 85' lang='lat' dir='ltr'><strong>Sina</strong></span> <span class='ocrx_word' id='word_1_905' title='bbox 3296 5622 3433 5676; x_wconf 86' lang='lat' dir='ltr'><strong>enim</strong></span> <span class='ocrx_word' id='word_1_906' title='bbox 3474 5638 3622 5676; x_wconf 82' lang='lat' dir='ltr'><strong>mons</strong></span> 
     </span>
    </p>
   </div>
   <div class='ocr_carea' id='block_1_116' title="bbox 446 5736 3623 5829">
    <p class='ocr_par' dir='ltr' id='par_1_116' title="bbox 446 5736 3623 5829">
     <span class='ocr_line' id='line_1_116' title="bbox 446 5736 3623 5829; baseline -0.006 -17"><span class='ocrx_word' id='word_1_907' title='bbox 446 5753 468 5829; x_wconf 21' lang='grc' dir='ltr'><em>Ἀ</em></span> <span class='ocrx_word' id='word_1_908' title='bbox 507 5759 635 5829; x_wconf 81' lang='lat' dir='ltr'><strong>Leg.</strong></span> <span class='ocrx_word' id='word_1_909' title='bbox 671 5754 843 5829; x_wconf 65' lang='lat' dir='ltr'><strong>ei&amp;g_._</strong></span> <span class='ocrx_word' id='word_1_910' title='bbox 886 5755 907 5786; x_wconf 83' lang='grc'>¹</span> <span class='ocrx_word' id='word_1_911' title='bbox 942 5751 982 5829; x_wconf 74' lang='lat' dir='ltr'><strong>ll</strong></span> <span class='ocrx_word' id='word_1_912' title='bbox 1002 5751 1136 5829; x_wconf 86' lang='lat' dir='ltr'><strong>_Cor.</strong></span> <span class='ocrx_word' id='word_1_913' title='bbox 1163 5764 1245 5814; x_wconf 85' lang='grc' dir='ltr'>ιιι,</span> <span class='ocrx_word' id='word_1_914' title='bbox 1434 5748 1687 5829; x_wconf 61' lang='grc' dir='ltr'>ξιξριοξε.</span> <span class='ocrx_word' id='word_1_915' title='bbox 1719 5761 1781 5811; x_wconf 87' lang='grc' dir='ltr'><strong>ιι,</strong></span> <span class='ocrx_word' id='word_1_916' title='bbox 1807 5746 1895 5829; x_wconf 56' lang='grc'><strong>1-5.</strong></span> <span class='ocrx_word' id='word_1_917' title='bbox 1970 5746 1992 5779; x_wconf 72' lang='grc'><strong>⁸</strong></span> <span class='ocrx_word' id='word_1_918' title='bbox 2024 5744 2190 5808; x_wconf 88' lang='lat' dir='ltr'><strong>lCor.</strong></span> <span class='ocrx_word' id='word_1_919' title='bbox 2226 5765 2316 5818; x_wconf 81' lang='lat' dir='ltr'><strong>xv,</strong></span> <span class='ocrx_word' id='word_1_920' title='bbox 2352 5747 2440 5805; x_wconf 83' lang='lat'><strong>59.</strong></span> <span class='ocrx_word' id='word_1_921' title='bbox 2518 5746 2540 5778; x_wconf 82' lang='lat'><strong>&#39;</strong></span> <span class='ocrx_word' id='word_1_922' title='bbox 2576 5745 2774 5816; x_wconf 87' lang='lat' dir='ltr'><strong>Ephes.</strong></span> <span class='ocrx_word' id='word_1_923' title='bbox 2837 5756 2911 5807; x_wconf 83' lang='lat' dir='ltr'><strong>tv,</strong></span> <span class='ocrx_word' id='word_1_924' title='bbox 2964 5741 3018 5796; x_wconf 81' lang='lat'><strong>9.</strong></span> <span class='ocrx_word' id='word_1_925' title='bbox 3095 5740 3115 5773; x_wconf 80' lang='lat'>‘</span> <span class='ocrx_word' id='word_1_926' title='bbox 3154 5739 3196 5798; x_wconf 83' lang='lat' dir='ltr'><strong>ll</strong></span> <span class='ocrx_word' id='word_1_927' title='bbox 3229 5741 3356 5798; x_wconf 85' lang='lat' dir='ltr'><strong>Cor.</strong></span> <span class='ocrx_word' id='word_1_928' title='bbox 3399 5756 3471 5805; x_wconf 77' lang='grc' dir='ltr'><strong>ιν,</strong></span> <span class='ocrx_word' id='word_1_929' title='bbox 3531 5736 3623 5793; x_wconf 77' lang='grc'><strong>16.</strong></span> 
     </span>
    </p>
   </div>
   <div class='ocr_carea' id='block_1_117' title="bbox 374 5813 1878 5892">
    <p class='ocr_par' dir='ltr' id='par_1_117' title="bbox 374 5813 1878 5892">
     <span class='ocr_line' id='line_1_117' title="bbox 374 5813 1878 5892; baseline -0.01 -7"><span class='ocrx_word' id='word_1_930' title='bbox 374 5828 397 5863; x_wconf 86' lang='grc'><em>’⁸</em></span> <span class='ocrx_word' id='word_1_931' title='bbox 428 5813 612 5885; x_wconf 73' lang='lat' dir='ltr'><strong>Hebr.v</strong></span> <span class='ocrx_word' id='word_1_932' title='bbox 631 5813 752 5892; x_wconf 66' lang='grc' dir='ltr'>νιιιξ</span> <span class='ocrx_word' id='word_1_933' title='bbox 762 5813 864 5880; x_wconf 66' lang='lat'><strong>&quot;15.</strong></span> <span class='ocrx_word' id='word_1_934' title='bbox 941 5823 963 5853; x_wconf 77' lang='grc'>⁸</span> <span class='ocrx_word' id='word_1_935' title='bbox 994 5820 1152 5877; x_wconf 80' lang='lat' dir='ltr'><strong>Joan.</strong></span> <span class='ocrx_word' id='word_1_936' title='bbox 1176 5813 1237 5887; x_wconf 85' lang='grc' dir='ltr'><strong>ν,</strong></span> <span class='ocrx_word' id='word_1_937' title='bbox 1274 5821 1359 5878; x_wconf 75' lang='grc'><strong>19.</strong></span> <span class='ocrx_word' id='word_1_938' title='bbox 1434 5818 1456 5851; x_wconf 88' lang='grc'><strong>⁹</strong></span> <span class='ocrx_word' id='word_1_939' title='bbox 1494 5818 1681 5874; x_wconf 79' lang='lat' dir='ltr'><strong>Matth.</strong></span> <span class='ocrx_word' id='word_1_940' title='bbox 1715 5833 1792 5884; x_wconf 85' lang='lat' dir='ltr'><strong>tv,</strong></span> <span class='ocrx_word' id='word_1_941' title='bbox 1825 5816 1878 5871; x_wconf 76' lang='lat'><strong>3.</strong></span> 
     </span>
    </p>
   </div>
  </div>
