4008 6240
403 398 505 453 HT

1776 404 1833 460 S.
1875 406 2218 464 El‘lPliAi‘iIi

3566 404 3588 455 1
3602 399 3671 454 48

400 533 478 578 est
510 525 564 576 in
590 521 790 576 Arabia
814 523 850 576 ¹.
879 517 1012 576 Nam
1046 527 1262 580 tametsi
1293 524 1414 581 dum
1446 528 1555 581 sint
1588 546 1805 594 uxores,
1843 549 1985 587 unus

2099 536 2222 587 ὶλλὰ
2259 530 2339 598 εἷς
2374 536 2403 587 ὁ
2436 533 2595 600 Θεὸς,
2641 534 2669 584 ὁ
2712 531 2811 594 τὰς
2845 529 2937 582 δύο
2968 527 3211 598 θέμενος.
3260 524 3371 577 Καὶ
3398 521 3486 575 διὰ
3511 519 3675 573 τοῦτο

403 623 586 669 tamen
617 617 701 668 vir
731 623 835 669 est.
874 614 948 668 Ita
976 616 1101 670 licet
1136 617 1245 672 duo
1269 618 1616 675 rTestamenta
1658 628 1797 687 sint,
1835 640 1979 680 unus

403 706 672 760 duntaxat
718 706 1005 761 antiborum
1043 708 1299 763 conditor
1343 720 1427 766 est
1457 712 1621 769 Deus.
1653 713 1737 769 0b
1772 715 1824 768 id
1872 731 1978 769 non

404 810 493 851 aut
518 799 628 850 duo
659 796 827 863 Nova,
857 805 949 851 aut
976 799 1085 852 duo
1103 798 1295 855 Vetera
1321 804 1653 874 nominavit;
1686 807 1781 861 sed
1814 805 1980 860 unum

408 889 596 955 Vetus,
624 891 857 945 alterum
883 889 1125 946 Novum.
1172 892 1349 962 Atque
1389 896 1519 948 illud
1551 906 1846 965 prmterea:
1880 898 1981 951 Te-

404 990 725 1034 stamentum
752 999 869 1035 vero
898 983 952 1035 in
984 985 1209 1037 mortuis
1240 987 1453 1054 firmum
1491 998 1589 1042 est.
1625 988 1801 1054 Quare
1824 1007 1985 1060 neque

404 1070 642 1135 primum
658 1072 773 1124 sine
792 1072 1048 1142 sanguine
1080 1073 1278 1142 factum
1304 1084 1401 1130 est.
1430 1078 1638 1147 Accepit
1670 1080 1807 1132 enim
1832 1078 1985 1151 Mey-

405 1176 486 1213 ses
518 1162 829 1231 sanguinem
862 1165 1161 1230 hircorum,
1192 1184 1351 1237 eoque
1376 1168 1569 1222 librum
1633 1180 1681 1224 et
1735 1173 1985 1240 populum

407 1254 630 1320 aspersit
661 1271 680 1308 :
714 1256 944 1324 ideoque
997 1265 1051 1312 et
1089 1260 1393 1314 secundum
1424 1260 1834 1317 Testzuneutum
1880 1263 1986 1319 Do-

407 1344 542 1397 mini
569 1354 742 1401 morte
769 1349 1039 1404 sancitum
1067 1362 1149 1407 est
1171 1355 1212 1416 ’,
1272 1369 1393 1407 eum
1419 1355 1578 1408 ambo
1603 1371 1812 1410 summa
1849 1361 1988 1411 inter

407 1448 466 1487 se
501 1438 869 1492 consensione
908 1442 1244 1511 conspirant.
1288 1443 1359 1497 Ut
1406 1445 1550 1498 enim
1592 1444 1783 1501 Vetere
1811 1447 1986 1515 prodi-

406 1533 463 1578 tu
475 1542 520 1577 zu
540 1535 622 1581 est
643 1546 655 1581 :
683 1527 804 1582 Non
830 1530 1030 1597 deﬁciet
1047 1535 1285 1601 princeps
1306 1551 1332 1587 e
1348 1534 1514 1595 Juda,
1536 1524 1696 1605 Heliae
1709 1538 1817 1591 dua:
1832 1538 1894 1589 de
1911 1539 1987 1606 [e-

407 1615 640 1669 moribus
692 1618 825 1687 ejus,
855 1620 1015 1674 donec
1065 1623 1236 1675 veniat
1271 1623 1356 1675 cui
1395 1626 1677 1692 repositum
1716 1637 1791 1679 est
1823 1629 1875 1691 3;
1914 1630 1989 1682 ita

409 1706 657 1784 Novum:
689 1710 831 1765 Deus
859 1723 973 1767 erat
1006 1715 1058 1767 in
1090 1713 1305 1769 Christo
1339 1717 1591 1771 mundum
1621 1718 1725 1772 sibi
1760 1722 1989 1773 reconci-

410 1801 568 1864 lians,
601 1819 692 1855 nec
725 1804 992 1873 imputans
1030 1807 1140 1862 illis
1190 1820 1402 1877 peccata
1434 1810 1475 1863 ⁸.
1509 1809 1669 1864 Plura
1704 1812 1771 1865 de
1816 1828 1877 1865 ea
1930 1828 1989 1865 re

409 1894 519 1945 dici
552 1904 798 1962 possent,
829 1913 950 1966 quae
978 1898 1260 1955 brevitatis
1286 1916 1450 1955 causa
1490 1913 1772 1970 praetereo.

482 1983 692 2038 LXXV.
728 1989 994 2069 Caeterum
1024 1989 1354 2047 Mauichreus
1387 2008 1508 2046 cum
1536 1993 1706 2049 aridis
1735 2003 1789 2047 et
1813 1992 1987 2048 eli‘etis

412 2077 703 2133 arboribus
736 2079 904 2149 legem
951 2096 1015 2136 ac
1054 2083 1350 2152 prophetas
1387 2096 1707 2153 comparat,
1743 2086 1846 2140 hac
1901 2102 1991 2155 pu-

412 2168 687 2224 tissimum
724 2174 991 2228 sententia
1029 2176 1200 2229 fretus
1232 2196 1244 2229 :
1307 2176 1415 2231 Lex
1441 2186 1490 2231 et
1527 2178 1791 2246 propheta:
1830 2196 1991 2248 usque

414 2262 483 2313 ad
516 2261 779 2319 Joannem
811 2266 872 2333 Ι¹;
909 2283 1020 2338 quo
1066 2269 1201 2324 nihil
1263 2263 1441 2324 afferri
1494 2279 1673 2340 potest
1731 2272 1986 2340 ineptius.

413 2353 550 2419 Quis
588 2357 731 2411 enim
761 2359 975 2429 ignorat
1001 2361 1093 2415 ubi
1126 2362 1176 2415 id
1219 2361 1360 2430 quod
1393 2376 1422 2414 a
1454 2362 1734 2430 prephetis
1764 2363 1987 2415 nuntia-

412 2445 573 2501 batur
608 2449 886 2520 impletum
941 2461 1065 2519 est,
1121 2452 1352 2509 desiisse
1409 2453 1747 2523 prephetas?
1785 2452 1887 2519 Qui
1941 2454 1985 2509 si

415 2539 674 2610 deinceps
708 2545 1065 2611 prodeuntem
1089 2562 1155 2600 ex
1183 2546 1352 2600 Maria
1379 2548 1657 2602 Christum
1684 2547 1987 2617 prmdican-

416 2637 498 2682 tes
550 2632 863 2696 venissent,
902 2636 1141 2688 nondum
1182 2636 1470 2691 advenisse
1504 2637 1654 2689 illum
1686 2644 1984 2706 oporteret.

417 2719 698 2788 Ejusmodi
738 2724 882 2776 enim
934 2724 1043 2779 fere
1075 2726 1203 2779 illud
1239 2735 1323 2781 est
1357 2746 1368 2779 :
1398 2726 1864 2793 Quemadmodum
1896 2744 1988 2782 rex

416 2816 470 2868 in
508 2817 747 2885 aliquam
806 2818 1140 2888 provinciam
1190 2821 1366 2874 iturus
1411 2826 1704 2875 luctatores
1744 2826 1869 2873 ante
1933 2834 1993 2875 se

306 2918 314 2926 '
417 2920 482 2959 ac
533 2910 756 2964 nuntios
790 2909 1106 2980 prmmittit;
1167 2926 1231 2965 ac
1281 2928 1390 2981 quo
1428 2911 1789 2982 propinquior
1843 2911 1991 2966 illius

416 2999 679 3058 adventus
709 3013 812 3064 est,
840 3019 906 3057 eo
932 3006 1115 3074 plures
1140 3006 1259 3072 ejus
1292 3021 1571 3075 prmcones
1595 3047 1607 3070 ,
1647 3022 1709 3058 ac
1739 3021 1994 3074 przecur-

416 3107 572 3148 sores
601 3097 951 3150 antecedunt.
979 3096 1276 3166 Postquam
1313 3109 1489 3152 autem
1525 3098 1776 3167 princeps
1803 3099 1990 3150 urbem

416 3183 701 3247 ingressus
753 3187 953 3252 fuerit,
990 3189 1119 3259 quid
1156 3190 1391 3258 amplius
1446 3191 1788 3259 praeconibus
1828 3189 1995 3261 696

2080 629 2141 682 οὑ
2192 627 2286 682 δύο
2319 627 2554 696 κέκληκε
2606 623 2854 687 Καινὰς,
2896 621 3018 674 οὐδὲ
3056 617 3149 671 δύο
3201 615 3479 679 Παλαιὰς,
3536 610 3672 666 ἀλλὰ

2085 719 2213 790 μίαν
2244 717 2507 776 Παλαιὰν.
2537 716 2630 770 καὶ
2662 715 2787 787 μίαν
2814 713 3038 783 Καινήν.
3078 708 3185 763 Καί
3215 724 3347 778 φησι
3367 724 3379 735 υ
3410 703 3671 771 Διαθήκη

2080 811 2150 864 δὲ
2200 811 2299 864 ἐπὶ
2355 810 2593 878 νεκροῖς
2632 807 2847 874 ,βεϐαία
2898 805 3051 858 ἐστί.
3089 802 3185 855 Διὸ
3235 799 3335 854 καὶ
3389 798 3423 865 ἡ
3467 795 3673 864 πρώτη

2082 903 2230 957 ἄνευ
2269 904 2520 972 αἵματος
2547 905 2661 956 οὐκ
2703 899 2963 969 ἐγένετο.
3004 897 3218 950 Ἔλαϐε
3256 893 3368 962 γὰρ
3405 886 3675 955 Μωϋσῆς

2085 998 2152 1048 τὸ
2187 990 2330 1064 alita
2371 992 2492 1047 τῶν
2530 993 2795 1063 τράγων,
2846 991 2944 1044 καὶ
2990 986 3348 1058 ἐρράντισεν
3401 980 3550 1036 αὐτὸ
3603 978 3675 1032 τὸ

2079 1088 2327 1152 βιϐλίον
2358 1086 2455 1139 καὶ
2499 1085 2607 1139 τὸν
2643 1085 2827 1139 λαόν.
2873 1081 2972 1134 Διὰ
3007 1080 3166 1133 τοῦτο
3210 1076 3306 1130 καὶ
3361 1076 3395 1146 ἡ
3442 1070 3676 1141 δευτέρα

2086 1179 2179 1232 ἐπὶ
2223 1178 2300 1249 τῷ
2335 1178 2549 1249 θανάτῳ
2575 1175 2671 1229 τοῦ
2706 1174 2956 1244 Σωτῆρος
3007 1170 3162 1240 ἐδόθη
3196 1167 3472 1239 Διαθήκη·
3506 1163 3674 1217 ὁπότε

2091 1271 2330 1342 μάλιστα
2367 1271 2425 1322 αἱ
2460 1268 2766 1341 ἀμφότεραι
2803 1263 3060 1335 ἀλλήλαις
3094 1259 3444 1333 συνᾴδουσιν,
3495 1256 3530 1326 ἡ
3572 1252 3676 1324 μὲν

2088 1364 2321 1432 λέγουσα
2347 1377 2361 1392 ο
2405 1363 2528 1415 Οὐκ
2571 1359 2841 1427 ἐκλείψει
2893 1355 3094 1424 ἅρχων
3139 1352 3207 1416 ἐξ
3258 1349 3484 1412 Ἰούδα,
3531 1344 3678 1401 οὐδὲ

2089 1456 2424 1526 ἡγούμενος
2449 1454 2517 1506 ἐκ
2547 1450 2667 1504 τῶν
2694 1447 2903 1520 μηρῶν
2930 1446 3140 1510 αὑτοῦ,
3171 1445 3281 1511 ἕως
3311 1442 3389 1497 ἂν
3420 1441 3569 1508 ἔλθῃ
3593 1438 3627 1492 ὃ
3650 1437 3676 1471 ⁸

2090 1549 2418 1601 ἀπόκειται.
2467 1545 2531 1597 Ἠ
2561 1544 2616 1596 δὲ
2643 1541 2891 1612 δευτέρα.
2922 1540 3003 1596 ὅτι
3039 1537 3182 1604 Θεὸς
3208 1532 3288 1607 ἦν
3318 1536 3388 1588 ἐν
3415 1527 3674 1601 Χριστῷ,

2091 1642 2326 1708 κόσμον
2381 1633 2828 1691 καταλλάσσων
2876 1629 3068 1696 ἐαυτῷ
3094 1671 3107 1692 ,
3150 1628 3236 1699 μὴ
3294 1623 3679 1695 λογιζόμενος

2093 1730 2329 1795 ἑαυτοῖς
2376 1729 2449 1782 τὰ
2493 1727 2953 1796 παραπτώματα.
3015 1722 3124 1775 Καὶ
3167 1717 3339 1773 πολλὰ
3389 1716 3503 1769 ἔστι
3545 1712 3680 1785 περὶ

2093 1825 2281 1878 τούτου
2325 1822 2534 1891 λέγειν·
2572 1818 2657 1871 διὰ
2692 1818 2747 1869 δὲ
2790 1817 2888 1886 τὴν
2942 1812 3234 1883 συντομίαν
3269 1808 3675 1880 ὑπερϐήσομαι.

2162 2000 2279 2053 OE'.
2331 1996 2582 2066 Δένδρεσι
2628 1993 2686 2046 δὲ
2737 1989 3141 2063 ἐξηραμμένας
3179 1986 3274 2039 καὶ
3309 1980 3680 2053 γεγηρακόσιν

2090 2089 2377 2152 ἀπεικάζει
2406 2086 2566 2141 πάλιν
2591 2085 2755 2154 νόμον
2787 2084 2881 2137 καὶ
2909 2082 3196 2154 προφήτας
3217 2121 3232 2144 ,
3263 2075 3424 2147 δῆθεν
3445 2072 3554 2128 ἀπὸ
3580 2070 3679 2125 τοῦ

2093 2180 2258 2253 ῥητοῦ
2300 2173 2362 2233 οὗ
2392 2180 2611 2251 εἴρηκεν
2635 2194 2648 2207 ’
2696 2177 2758 2229 Ὅ
2786 2175 2973 2244 νόμος
3016 2171 3115 2226 καὶ
3158 2173 3210 2225 οἱ
3240 2166 3541 2237 προφῆται
3565 2163 3681 2230 ἕως

2105 2274 2406 2328 Ἰωάννου.
2440 2273 2552 2325 Καὶ
2589 2270 2741 2323 οὐδὲν
2772 2267 2961 2321 τούτου
2987 2263 3363 2336 ὴλιθιώτερον.
3410 2258 3529 2311 Τίνι
3566 2255 3681 2328 γὰρ

2091 2369 2151 2421 οὐ
2188 2366 2356 2435 σαφὲς
2398 2364 2675 2434 ὑπάρχει,
2717 2361 2835 2423 ὅτι,
2877 2354 3259 2428 πληρωθέντος
3294 2349 3388 2406 τοῦ
3433 2349 3538 2404 ὑπὸ
3569 2348 3681 2402 τῶν

2092 2456 2388 2531 προφητῶν
2419 2449 2927 2521 καταγγελλομένου
2952 2489 2968 2515 ,
2998 2442 3356 2513 ἐτελέσθησαν
3380 2442 3429 2493 οἱ
3459 2437 3679 2509 προφῆ-

2091 2567 2217 2616 ται;
2262 2550 2326 2603 Εἰ
2353 2547 2463 2619 γὰρ
2512 2545 2592 2598 ἔτι
2639 2542 2919 2614 προφῆται
2950 2540 3180 2611 ἤρχοντο
3214 2531 3682 2602 καταγγέλλοντες

2091 2641 2327 2715 Χριστὸν
2354 2639 2646 2711 ἐρχόμενον
2675 2633 2787 2687 ἀπὸ
2818 2631 3037 2703 Μαρίας
3061 2671 3075 2697 ,
3108 2627 3260 2682 οὔπω
3285 2623 3519 2715 Χριστὸς
3570 2622 3683 2715 ’ἐπε

2092 2711 2382 2805 εδῆμησεν.
2414 2731 2597 2783 Ἔοικε
2651 2726 2759 2799 γὰρ
2819 2722 3077 2786 ὑπόθεσις
3122 2718 3260 2791 αὕτη
3301 2714 3527 2785 τοιούτῳ
3571 2711 3682 2805 τινὶ

2095 2802 2418 2898 πράγματι·
2464 2822 2552 2887 Ὠς
2592 2820 2864 2892 βασιλεὺς,
2902 2814 3109 2888 μέλλων
3138 2809 3436 2879 ἀποδημεῖν
3462 2807 3544 2869 εἰς
3569 2802 3681 2875 χώ-

2098 2940 2196 2993 ραν
2218 2961 2232 2987 ,
2276 2917 2594 2989 προπέμπει
2624 2914 2852 2968 ἐνώπιον
2916 2908 3081 2962 αὐτοῦ
3120 2908 3203 2976 ἐφ’
3239 2905 3438 2966 ἵππους
3488 2900 3511 2931 ⁹
3545 2913 3684 2971 προ-

2094 2990 2439 3084 ετοιμαστὰς,
2459 3006 3007 3081 προκαταγγέλτορας
3028 3018 3041 3031 ·
3073 3000 3169 3054 καὶ
3198 3001 3320 3052 ὅσον
3344 2998 3377 3067 ἡ
3402 2990 3683 3065 παρουσία

2095 3104 2286 3175 φθάνει
2322 3101 2416 3156 τοῦ
2449 3100 2735 3172 βασιλέως,
2766 3096 3007 3165 τοσούτῳ
3034 3093 3251 3154 πλείους
3279 3089 3329 3143 οἱ
3350 3087 3450 3158 τῆς
3478 3100 3682 3157 παρου-

2099 3197 2220 3260 σίας
2242 3196 2481 3266 κήρυκες
2512 3189 3012 3263 προλαμϐάνοντες,
3043 3185 3137 3239 καὶ
3160 3185 3216 3237 ὲν
3245 3183 3363 3244 ταῖς
3394 3178 3581 3233 πόλεσι
3610 3176 3683 3229 τὰ

418 3290 560 3345 opus
592 3285 714 3342 est,
766 3286 858 3332 aut
887 3281 1185 3337 veredariis
1209 3324 1224 3348 ,
1265 3283 1585 3351 ueterisque
1619 3283 1762 3351 regis
1791 3283 1994 3335 adven-

2099 3288 2194 3359 τῆς
2223 3284 2523 3358 παρουσίας
2550 3281 2976 3350 διαγγέλλοντες.
3026 3276 3194 3330 Ἐπὰν
3221 3275 3278 3327 δὲ
3311 3272 3491 3342 φθάσῃ
3521 3268 3682 3339 δίβα-

417 3377 508 3422 tus
551 3371 893 3438 praenuntiis,
945 3387 1067 3425 cum
1103 3374 1214 3441 jam
1250 3374 1365 3443 ipse
1390 3376 1533 3429 intra
1571 3374 1769 3427 mmnia
1818 3388 1998 3427 verse—

420 3457 546 3511 tur?
596 3456 799 3512 Eodem
871 3461 1033 3516 modo
1078 3461 1163 3515 lea:
1222 3471 1271 3516 et
1307 3464 1572 3533 propheta:
1624 3463 1693 3516 ad
1740 3462 2000 3517 Joannem

418 3565 580 3617 usque
631 3551 1010 3619 perstiterunt.
1073 3550 1366 3624 Postquam
1425 3561 1606 3608 autem
1644 3552 1883 3608 Joannes
1945 3553 1997 3606 iu

420 3639 638 3694 deserto
670 3641 1013 3710 praedicavit,
1058 3652 1112 3697 et
1150 3660 1348 3712 agnum
1396 3644 1545 3698 illum
1573 3659 1696 3700 esse
1731 3643 1821 3698 Dei
1854 3658 2003 3697 mon—

384 3732 650 3811 lstravit,
707 3733 799 3803 qui
852 3734 991 3788 tollit
1036 3746 1250 3804 peccata
1298 3736 1481 3789 mundi
1504 3738 1547 3800 ⁸,
1598 3736 1734 3790 nihil
1765 3736 2001 3806 amplius

422 3824 717 3894 prephetas
752 3825 890 3879 mitti
925 3842 1149 3883 necesse
1185 3837 1309 3891 est,
1340 3830 1433 3897 qui
1469 3828 1627 3883 nobis
1678 3827 1879 3883 Christi
1934 3844 1998 3882 ex

423 3914 647 3986 Virgine
695 3926 874 3972 ortum
905 3920 1307 3990 adventumque
1337 3921 1675 3975 denuntient.
1697 3918 1853 3975 ~0lim
1885 3920 2001 3989 qui-

421 4009 546 4065 dem
580 4011 874 4066 necessarii
907 4011 981 4066 illi
1016 4011 1255 4079 fuerunt,
1303 4013 1397 4082 qui
1425 4012 1673 4068 eumdem
1719 4013 1870 4066 illiilli
1913 4011 2001 4067 ad-

421 4104 607 4158 venire
629 4103 964 4165 nuntiarent,
999 4114 1057 4158 ut
1085 4104 1350 4160 adventus
1400 4104 1521 4174 ejus
1552 4104 1657 4159 hoc
1696 4103 1816 4174 ipso
1869 4103 2001 4159 ﬁdes

422 4203 798 4262 astrueretur,
838 4196 982 4266 quod
1035 4203 1161 4250 ante
1209 4195 1545 4266 signiticatus
1597 4194 1794 4250 fuerat.
1833 4193 2003 4248 Porro

421 4289 878 4358 quemadmodum
924 4288 968 4344 si
1012 4288 1137 4360 quis
1190 4289 1539 4359 pmdagogum
1569 4288 1787 4351 habeat,
1832 4288 2003 4358 (recte

422 4381 569 4436 enim
603 4381 709 4435 hac
738 4381 1098 4437 similitudine
1137 4382 1343 4436 utimur
1365 4423 1380 4447 ,
1428 4395 1551 4435 cum
1581 4381 1880 4451 Apostolus
1918 4380 2002 4434 di-

423 4481 547 4525 cat:
584 4470 916 4543 Pwdagogus
960 4480 1139 4526 noster
1185 4471 1289 4541 fuit
1346 4471 1428 4526 lea:
1467 4472 1521 4526 in
1555 4470 1769 4525 Domini
1810 4470 2002 4526 adven—

425 4575 535 4617 tum
566 4561 633 4633 ",)
695 4572 984 4634 postquam
1012 4563 1345 4626 adoleverit,
1383 4571 1436 4617 et
1472 4571 1858 4634 praeceptorem
1912 4562 2004 4616 ha-

426 4652 642 4719 buerit,
695 4668 807 4707 non
860 4653 1085 4707 omnino
1127 4653 1476 4724 paedagogum
1528 4656 1674 4708 velut
1715 4653 1998 4707 inimicum
2036 4636 2079 4690 Ῐ)

425 4745 668 4815 respuit:
721 4746 798 4801 ita
841 4756 895 4802 et
928 4762 1029 4801 nos
1084 4762 1181 4817 per
1242 4747 1416 4816 legem
1491 4760 1554 4801 ac
1604 4745 1897 4816 prephetas
1934 4743 2001 4796 ad

425 4838 776 4907 praeceptoris
807 4836 1097 4892 adventum
1138 4855 1310 4908 usque
1365 4837 1654 4907 perducti,
1710 4836 1802 4890 ubi
1855 4834 2002 4888 hunc

428 4932 573 4988 nacti
597 4948 789 4987 sumus
812 4972 827 4995 ,
864 4933 1216 5003 paedagogum
1243 4946 1368 4984 cum
1399 4930 1698 5003 ignominia
1732 4944 1838 4983 non
1870 4927 2002 4996 reji-

426 5024 625 5087 cimus,
656 5025 750 5079 sed
783 5025 831 5079 ei
867 5025 1096 5094 gratiam
1128 5023 1307 5093 potius
1336 5023 1620 5085 habemus,
1648 5019 1794 5091 quod
1826 5018 2005 5075 infan-

428 5117 559 5171 tiam
594 5123 839 5170 uostram
887 5131 984 5186 per
1022 5114 1162 5169 viam
1209 5113 1487 5167 deducens
1535 5111 1603 5165 ad
1651 5110 2004 5180 perfectiores

428 5224 529 5264 nos
557 5208 876 5278 disciplinas
928 5206 1282 5279 promoverit.
1338 5202 1470 5258 item
1523 5203 1670 5258 velut
1704 5202 1750 5258 si
1789 5202 1913 5273 quis
1948 5203 2005 5258 in

429 5303 539 5355 alto
592 5301 724 5354 mari
780 5300 1177 5370 navigaturus,
1218 5301 1533 5366 comparata
1593 5292 1802 5364 majore
1855 5297 2005 5361 navi,

430 5389 625 5459 exiguo
650 5388 827 5443 lembo
853 5388 1098 5441 vicinum
1135 5384 1305 5437 littori
1358 5382 1533 5437 salum
1556 5422 1571 5447 ,
1613 5383 1668 5435 in
1699 5399 1808 5453 quo
1836 5385 2011 5456 major

430 5482 521 5536 illa
544 5480 698 5537 navi’s
724 5481 987 5545 ﬂuctuat,
1040 5475 1315 5546 trajecerit
1342 5514 1356 5537 ,
1411 5483 1466 5529 et
1510 5474 1577 5528 ad
1616 5490 1737 5530 eam
1779 5476 2009 5535 minoris

432 5577 596 5645 hujus
627 5575 895 5631 beneﬁcio
935 5570 1277 5644 pervenerit,
1316 5569 1405 5625 ubi
1449 5569 1707 5639 majorem
1747 5571 1985 5627 alliserit

506 5760 522 5788 ¹
563 5757 785 5817 Gal.tv,
824 5756 913 5809 ει.
990 5757 1010 5786 ¹
1051 5753 1212 5809 Hebr.
1249 5771 1323 5815 Iv.
1362 5756 1428 5810 17
1470 5756 1548 5811 l9.

432 5825 523 5881 ΞΟ.
599 5827 621 5858 ⁷
648 5824 767 5880 Gal.
795 5825 978 5888 uniti.
1053 5825 1075 5857 ⁸
1114 5825 1239 5881 Cor.
1273 5820 1336 5895 ᾧ.
1413 5830 1432 5859 θ
1466 5827 1589 5900 Leg.
1620 5826 1904 5898 ἐφίππους.

2102 3379 2282 3440 σιλεὺς
2324 3376 2585 3430 εἰσελθεῖν
2612 3376 2693 3437 είς
2736 3372 2836 3443 τὴν
2864 3370 3018 3424 πόλιν
3043 3408 3057 3433 ,
3082 3369 3162 3432 τίς
3206 3367 3285 3420 ἔτι
3315 3363 3473 3437 χρεία
3503 3359 3683 3434 κηρύ-

2101 3486 2248 3536 κων;
2282 3469 2378 3532 Τίς
2436 3466 2516 3520 ἔτι
2562 3465 2721 3537 χρεία
2765 3463 2848 3533 ἐφ’
2885 3463 3105 3525 ἵππων,
3146 3459 3180 3530 ἦ
3222 3456 3330 3511 τῶν
3362 3455 3537 3510 ἄλλων
3568 3450 3682 3504 τῶν

2101 3557 2686 3632 προκαταγγελλόντων
2738 3553 2838 3625 τὴν
2893 3552 2986 3607 τοῦ
3043 3547 3302 3622 βασιλέως
3350 3541 3681 3616 παρουσίαν,

2100 3654 2262 3707 ὁπότε
2302 3651 2462 3715 αὐτὸς
2501 3652 2529 3704 ὁ
2561 3647 2812 3720 βασιλεὺς
2849 3645 2995 3701 ἔνδον
3024 3643 3295 3712 ὑπάρχει;
3334 3636 3491 3691 Οὕτω
3515 3635 3611 3688 καὶ
3649 3635 3684 3687 ὁ

2100 3746 2283 3814 νόμος
2315 3742 2482 3796 καὶοὶ
2511 3738 2808 3810 προφῆται
2828 3737 3003 3807 ἄχρις
3044 3733 3341 3789 Ἰωάννου.
3372 3722 3682 3799 [Ἰωάννου]

2101 3836 2158 3889 δὲ
2177 3834 2514 3907 κηρύξαντος
2535 3834 2716 3904 φωνὴν
2742 3832 2800 3884 ὲν
2825 3833 2891 3900 τῇ
2915 3828 3107 3899 ἐρήμῳ
3132 3866 3146 3891 ,
3168 3824 3259 3879 καὶ
3276 3821 3548 3887 δείξαντος
3569 3860 3582 3881 ,
3599 3819 3684 3872 ὅτι

2102 3921 2255 3991 οὗτός
2293 3927 2440 3979 ἐστιν
2471 3927 2499 3979 ὁ
2532 3924 2701 3996 ἀμνὸς
2732 3923 2826 3976 τοῦ
2860 3919 3028 3986 Θεοῦ,
3076 3921 3109 3973 ὀ
3141 3916 3326 3985 αἴρων
3354 3913 3469 3980 τὴν
3494 3910 3684 3978 ἁμαρ·

2102 4018 2239 4071 τίαν
2281 4016 2387 4070 τοῦ
2433 4015 2705 4084 κόσμου,
2740 4011 2922 4065 οὐκέτι
2979 4005 3274 4081 προφητῶν
3326 4005 3442 4056 ἐστι
3500 3998 3682 4071 χρεία,

2103 4111 2251 4172 ὅπως
2290 4108 2516 4171 ἔλθωσι,
2550 4107 2643 4160 καὶ
2681 4103 2990 4174 κηρύξωσιν
3018 4103 3150 4172 ἡμῖν
3181 4097 3279 4170 τὴν
3305 4094 3400 4149 τοῦ
3442 4092 3684 4165 Χριστοῦ

2103 4201 2211 4255 ἀπὸ
2244 4200 2522 4272 Παρθένου
2553 4195 2875 4268 παρουσίαν.
2911 4193 3086 4266 Χρεία
3116 4192 3173 4246 δὲ
3217 4189 3323 4243 τῶν
3369 4200 3687 4257 προκαταγ-

2104 4293 2397 4363 γειλάντων
2434 4289 2600 4346 αὐτοῦ
2639 4288 2736 4359 τὴν
2764 4285 3065 4358 παρουσίαν
3099 4283 3229 4354 πρὸς
3264 4279 3553 4352 βεϐαίωσιν
3584 4275 3686 4347 τῆς

2103 4385 2268 4441 αὑτοῦ
2321 4381 2623 4455 παρουσίας
2652 4420 2666 4445 ,
2701 4381 2783 4435 ὅτι
2829 4374 3295 4450 προκατήγγελτο.
3360 4372 3445 4436 Ὠς
3480 4367 3589 4440 γὰρ
3635 4366 3691 4421 εί

2103 4494 2186 4540 τις
2216 4472 2561 4543 παιδαγωγὸν
2595 4471 2706 4544 ἔχοι
2736 4469 3009 4543 (καθάπερ
3047 4469 3141 4523 καὶ
3174 4468 3204 4521 ὁ
3247 4463 3566 4528 Ἀπόστολος
3598 4461 3687 4516 λέ-

2105 4585 2222 4637 γει,
2271 4568 2354 4620 ὂτι
2386 4562 2766 4633 Παιδαγωγός
2808 4561 2978 4631 ἡμῶν
3024 4558 3270 4631 γέγονεν
3297 4560 3329 4609 ό
3380 4556 3565 4625 νόμος
3596 4553 3688 4618 εὶς

2106 4658 2221 4727 τὴν
2268 4656 2375 4712 τοῦ
2438 4656 2661 4724 Κυρίου
2715 4653 3091 4724 παρουσίαν)
3117 4692 3132 4714 ,
3195 4650 3333 4704 ὲπὰν
3385 4648 3442 4702 δὲ
3503 4646 3689 4718 φθάσῃ

2107 4747 2324 4817 ἡλικίας
2352 4744 2634 4815 γενέσθαι,
2660 4746 2758 4799 mi.
2785 4742 3078 4798 καταλάϐοι
3112 4742 3203 4796 τὸν
3241 4739 3561 4795 διδάσκαλον
3584 4780 3599 4802 ,
3623 4739 3688 4792 οὐ

2109 4839 2327 4902 πάντως
2395 4836 2758 4890 ἀποδάλλεται
2818 4835 2907 4889 τὸν
2957 4833 3300 4903 παιδαγωγὸν
3354 4831 3429 4895 ὡς
3494 4830 3690 4901 ἐχθρὸν

2110 4930 2424 5002 ὑπάρχοντα
2446 4947 2459 4960 ’
2500 4928 2643 4982 οὕτω
2682 4928 2776 4982 καὶ
2813 4930 2972 4999 ἡμεῖς
3004 4923 3474 4997 καθωδηγήθημεν
3515 4926 3574 4976 ἐν
3602 4922 3692 4975 νό-

2110 5038 2199 5092 μῳ
2228 5021 2322 5073 καὶ
2367 5021 2425 5074 ὲν
2458 5019 2761 5091 προφήταις
2797 5016 2902 5080 ἕως
2929 5016 3028 5086 τῆς
3067 5013 3370 5086 παρουσίας
3403 5011 3498 5066 τοῦ
3543 5010 3693 5065 διδα-

2113 5113 2336 5168 σκάλου.
2364 5113 2630 5185 Εὑρόντες
2660 5111 2717 5164 δὲ
2744 5110 2835 5164 τὸν
2863 5109 3180 5164 διδάσκαλον
3215 5108 3317 5161 οὐκ
3351 5104 3693 5176 ἀτιμάζομεν

2109 5208 2201 5262 τὸν
2232 5206 2598 5276 παιδαγωγὸν,
2637 5202 2775 5258 ἀλλὰ
2802 5202 2900 5256 καὶ
2930 5201 3088 5274 χάριν
3120 5199 3269 5271 αὐτῷ
3298 5196 3690 5269 ὁμολογοῦμεν,

2113 5298 2194 5352 ὅτι
2220 5299 2318 5370 τὴν
2345 5297 2501 5369 ἡμῶν
2526 5296 2827 5368 νηπιότητα
2859 5294 3236 5365 καθοδηγήσας
3267 5293 3348 5363 είς
3382 5290 3452 5346 τά
3480 5289 3692 5344 ἐντελὲ-

2116 5406 2283 5461 στερα
2309 5389 2457 5460 ἡμᾶς
2493 5386 2790 5459 μαθήματα
2820 5383 3231 5456 προεπέμψατο.
3280 5383 3352 5435 Ἣ
3383 5380 3566 5445 καθὼς
3597 5380 3693 5434 ὲάν

2113 5500 2197 5545 τις
2220 5522 2235 5547 ,
2290 5482 2497 5552 μέλλων
2543 5479 2696 5533 πλεῖν
2736 5480 2796 5533 ὲν
2832 5478 3110 5550 θαλάσσῃ,
3158 5475 3270 5546 ἔχοι
3322 5474 3564 5546 μεγάλην
3597 5472 3696 5542 τὴν

2115 5571 2274 5629 ναῦν,
2296 5573 2352 5625 ὲν
2392 5570 2602 5642 ἀκατίῳ
2629 5569 2685 5623 δὲ
2714 5568 2894 5641 μικρῷ
2924 5558 3142 5622 ἐπέλθοί
3170 5567 3231 5621 τὸ
3264 5566 3423 5630 σάλος
3447 5564 3509 5618 τὸ
3542 5563 3696 5635 παρὰ

1649 5756 1668 5786 ³
1701 5755 1837 5809 Gen.
1875 5771 1995 5810 χιιι(

2099 5757 2141 5813 οη
2223 5755 2245 5788 ⁸
2293 5753 2337 5809 ll
2376 5755 2501 5811 Cor.
2543 5772 2594 5822 ν,
2650 5756 2729 5810 t9.
2808 5756 2827 5785 ³
2875 5754 3006 5807 Luc.
3066 5766 3177 5819 xvi,
3223 5748 3306 5803 16.
3387 5744 3594 5803 ‘Joan.
3650 5760 3692 5813 ι,
