4008 6240
319 378 419 433 U9

970 371 1339 427 ADVERSUS
1377 362 1722 425 IUERESES
1757 362 1888 418 LIB.
1928 361 1991 416 ll.
2036 358 2201 415 TOM.
2244 356 2308 412 II.
2332 391 2399 401 --
2441 357 2714 414 lleRES.
2753 358 2934 415 LXVI.

3468 351 3577 410 15’)

322 495 414 562 τὴν
467 488 636 560 ὄχθην
671 488 770 559 τῆς
804 487 1110 559 θαλάσσης,
1155 488 1249 541 καὶ
1287 484 1540 557 διενέγκῃ
1570 482 1631 535 τὸ
1672 479 1895 534 ἀκάτιον

2008 492 2109 530 non
2144 475 2329 531 statim
2385 474 2623 528 lembum
2677 473 2728 527 iu
2766 471 3095 544 profundum
3130 468 3418 538 deprimit,
3474 465 3574 524 sed

315 588 395 648 εἰς
428 583 528 654 τὴν
564 579 809 651 μεγάλην
850 580 985 635 ναῦν
1026 579 1118 632 τὸν
1154 579 1471 651 ἄνθρωπον,
1515 575 1576 627 οὐ
1612 571 1830 632 πάντως
1868 570 1898 621 6

314 676 602 748 ἄνθρωπος
634 673 844 744 βυθίζει
870 672 931 728 τὸ
965 672 1191 726 ἀκάτιον
1214 711 1229 735 ,
1268 668 1457 740 ἐπειδὴ
1496 659 1622 736 εὗρε
1662 661 1761 734 τὴν
1803 677 1898 731 με·

323 768 488 839 γὰλην
517 766 683 832 ναῦν,
719 764 856 820 ἀλλὰ
897 765 1034 836 μετὰ
1061 763 1154 818 τοῦ
1194 763 1352 836 χάριν
1386 760 1526 831 ἔχειν
1555 756 1634 829 τῷ
1666 752 1896 822 ἀκατίῳ,

315 859 727 931 καταλαμϐάνει
780 858 842 911 τὸ
890 856 1204 929 μειζὸτερον
1252 856 1351 926 τῆς
1407 850 1574 907 αὑτοῦ
1627 845 1899 919 σωτηρίας

319 953 531 1007 πλοῖονο
568 951 602 1022 ἢ
642 952 736 1005 καὶ
785 950 987 1022 ἑτέρως
1019 950 1128 1007 ἴνα,
1151 949 1395 1019 εἴπωμεν
1414 985 1429 1011 ,
1460 947 1536 1009 ὡς
1571 943 1666 997 ὲάν
1691 959 1773 1005 τις
1801 940 1898 992 ὲκ-

312 1043 488 1115 ϐληθῇ
520 1044 630 1100 ὑπὸ
660 1042 865 1115 μητρὸς
885 1042 1258 1114 γεννησάσης,
1289 1038 1518 1110 ληφθεὶς
1548 1035 1605 1090 δὲ
1635 1033 1739 1089 ὑπό
1753 1050 1899 1097 τινος

318 1133 411 1187 τοῦ
438 1116 693 1206 τυχόντος
713 1177 727 1199 ,
754 1134 849 1187 καὶ¹
873 1133 1212 1205 ἀνατραφείη
1234 1132 1431 1204 χρόνῳ,
1464 1128 1677 1182 εἰσύστε
1689 1143 1779 1197 ρον
1806 1126 1901 1179 ἀν⁹

314 1226 610 1299 δρωθέντος
636 1224 802 1279 αὑτοῦ
832 1225 1038 1297 ἐπιγνῷ
1068 1227 1159 1278 τὸν
1194 1225 1324 1278 ἴδιον
1356 1220 1521 1278 αὑτοῦ
1567 1220 1779 1291 πατέρα
1808 1217 1900 1270 τὸν

325 1319 469 1373 κατὰ
518 1318 679 1387 φύσιν
704 1360 720 1381 ,
756 1319 868 1388 ἔχοι
895 1319 952 1372 δὲ
975 1321 1003 1371 6
1038 1317 1277 1381 τοιοῦτος
1294 1315 1509 1369 σύνεσιν
1529 1354 1542 1375 ,
1576 1313 1649 1384 μὴ
1671 1352 1686 1375 ,
1711 1308 1900 1377 ἐπειδὴ

314 1411 532 1481 ἐπέγνω
559 1411 649 1464 τὸν
684 1411 877 1465 ἑαυτοῦ
904 1411 1119 1482 πατέρα
1142 1452 1157 1475 ,
1209 1410 1302 1463 κα)⁵
1332 1406 1765 1477 ἐπιλαμϐάνεται
1799 1401 1902 1471 τῆς

318 1504 458 1567 ἰδίας
479 1503 841 1576 κληρονομίας
864 1545 880 1569 ,
917 1503 1071 1575 παρὰ
1095 1503 1253 1556 τοῦτο
1278 1498 1534 1571 ἀτιμάζει
1562 1496 1653 1552 τὸν
1676 1495 1903 1564 ἀναθρέ-

315 1599 532 1665 ψαντας
583 1597 643 1649 ού
691 1595 872 1667 πολλῷ
917 1595 1118 1667 μᾶλλον
1164 1596 1325 1666 χάριν
1370 1593 1495 1663 ἔσχε
1544 1590 1623 1662 τῷ
1670 1586 1902 1658 ἀναθρέ-

316 1688 480 1758 ψαντι
504 1729 521 1751 ,
558 1688 641 1741 ὃτι
666 1688 768 1743 οὐκ
794 1690 975 1742 εἴασεν
1005 1687 1168 1743 αὑτὸν
1201 1689 1281 1751 εἰς
1324 1685 1552 1739 θάνατον
1586 1678 1896 1755 παραδοθῆ-

1995 567 2069 622 ita
2099 565 2378 638 grandiori
2431 564 2647 635 navigio
2674 564 2914 619 salutem
2952 576 3106 617 suam
3148 557 3481 620 committit,
3514 563 3575 611 ut

1996 659 2197 729 exiguo
2231 657 2308 711 illi
2344 656 2523 711 lembo
2548 655 2779 727 gratiam
2820 654 3125 709 habendam
3161 658 3332 722 putet.
3364 649 3574 703 Addam

1996 762 2048 807 et
2081 750 2228 805 aliud
2282 749 2613 820 exemplum.
2666 747 2821 803 Sicut
2870 748 3154 817 expositus
3219 760 3250 798 a
3310 743 3577 814 genitrico

1996 842 2303 912 quispiam,
2347 840 2390 894 si
2424 839 2494 893 ab
2523 838 2707 908 aliquo
2738 836 2876 891 forte
2905 837 3154 891 sublatus
3199 842 3255 889 et
3308 834 3575 888 educatus

2000 935 2185 998 fuerit,
2228 939 2588 1003 posteaquam
2629 929 2932 984 adoleverit
2982 944 3045 981 ac
3079 927 3381 981 naturalem
3414 940 3575 980 suum

1998 1033 2278 1101 parentem
2313 1023 2616 1096 agnoverit,
2647 1023 2716 1087 is,
2754 1021 2799 1076 si
2832 1019 3137 1092 prudentiae
3178 1016 3576 1086 aliquantulum

2000 1120 2219 1181 habeat,
2253 1132 2385 1172 num
2411 1115 2500 1169 ubi
2542 1122 2823 1184 parentem
2855 1110 3139 1183 agnoverit
3186 1117 3242 1164 et
3301 1107 3581 1163 haeredita-

2000 1220 2106 1267 tem
2147 1202 2303 1265 suam
2334 1206 2571 1270 adierit,
2623 1206 2828 1259 ideirco
2870 1202 3157 1257 nutritium
3198 1201 3349 1255 illum
3393 1215 3580 1269 asper-

1999 1301 2257 1359 nabitur?
2314 1306 2406 1352 aut
2446 1314 2552 1352 non
2609 1296 2658 1351 ei
2719 1296 2903 1366 potius
2953 1291 3354 1365 gratiﬁcabitur
3383 1332 3401 1355 ,
3435 1288 3580 1360 quod

1999 1396 2120 1467 ejus
2172 1391 2436 1447 beneﬁcio
2475 1390 2641 1443 letum
2696 1386 2974 1442 evaserit?
3029 1384 3263 1439 Perinde
3312 1383 3478 1453 igitur
3528 1389 3584 1437 et

2000 1504 2102 1542 nos
2166 1484 2274 1537 Deo
2322 1482 2548 1553 gratiam
2596 1480 2903 1544 habemus,
2939 1478 3176 1549 primum
3210 1475 3356 1547 quod
3410 1476 3580 1544 legem

2002 1579 2160 1634 nobis
2190 1591 2255 1630 ac
2293 1576 2586 1646 prophetas
2616 1571 2860 1633 dederit,
2905 1579 3017 1624 tum
3045 1570 3211 1624 etiam
3248 1567 3393 1623 quod
3432 1565 3583 1620 Novo

2003 1686 2107 1725 nos
2132 1666 2255 1721 Filii
2287 1668 2371 1720 sui
2402 1663 2754 1720 Testamento
2780 1661 3039 1732 dignatus
3065 1659 3158 1715 sit.

316 1753 441 1846 ναις
471 1782 613 1837 οὕτω
644 1784 737 1836 καὶ
777 1785 937 1854 ἡμεῖς
975 1782 1137 1854 χάριν
1175 1781 1369 1853 ἔχομεν
1395 1778 1514 1850 Θεῷ
1542 1777 1619 1849 τῷ
1670 1753 1933 1831 δεδωκότι
1972 1768 2134 1839 νόμον
2174 1764 2270 1817 καὶ
2306 1762 2593 1833 προφήτας
2619 1796 2634 1823 ,
2691 1759 2784 1812 καὶ
2828 1756 2987 1829 χάριν
3024 1756 3219 1849 ἔχομεν
3270 1753 3420 1826 αὐτῷ
3452 1769 3581 1809 κατ-

319 1874 610 1941 ἀξιώσαντι
638 1876 788 1945 ἡμᾶς
826 1875 925 1944 τῆς
974 1873 1068 1927 τοῦ
1102 1872 1234 1926 Υἱοῦ
1277 1872 1444 1926 αὑτοῦ
1484 1869 1694 1941 Καινῆς
1741 1865 2034 1935 Διαθήκης.

387 1973 527 2039 θεῖ’.
553 1941 692 2042 Φησι
722 1971 777 2023 δὲ
802 1973 830 2023 6
866 1941 1027 2033 αὐτὸς
1067 1971 1292 2040 Μάνης,
1334 1964 1474 2022 εἶναι
1502 1968 1649 2038 ἡμᾶς
1686 1963 1904 2036 μορφὰς

2076 1947 2311 2007 LXXVI.
2344 1947 2489 2003 ldem
2527 1944 2859 2000 Manichzcus
2898 1943 3208 2014 principum
3254 1956 3357 1997 nos
3405 1941 3588 2011 imagi-

320 2066 594 2138 άρχόντων
615 2106 629 2130 ,
666 2066 761 2118 καὶ
785 2064 890 2118 ὑπὸ
914 2064 1022 2116 τῶν
1054 2064 1331 2134 ἀρχόντων
1354 2062 1642 2131 γεγονότας
1668 2100 1683 2123 ,
1718 2060 1901 2121 αὐτοῖς

318 2159 373 2211 δὲ
404 2161 486 2221 εἰς
544 2159 887 2229 κατάϐρωμα
929 2157 1462 2228 καταϐεϐλημένους.
1501 2154 1675 2225 Πολλὴ
1708 2153 1765 2206 δὲ
1808 2153 1901 2206 ἀν⁸

314 2253 441 2305 οσία
485 2252 502 2283 ¹
543 2252 601 2305 ὲν
647 2255 761 2314 τοῖς
796 2251 1058 2314 τοιούτοις
1088 2250 1286 2319 λόγοις.
1341 2248 1588 2320 Ὀρῶμεν
1644 2246 1753 2317 γὰρ
1803 2245 1902 2314 οὐχ

313 2346 489 2409 ιῦτως
535 2346 605 2400 τὰ
642 2346 945 2417 πράγματα
999 2344 1386 2415 συμϐαίνοντα.
1424 2343 1540 2396 Πᾶν
1574 2341 1682 2412 γάρ
1722 2338 1901 2392 ὁτιοῦν

317 2439 411 2491 ὲπὶ
438 2439 539 2508 τῆς
585 2440 729 2509 γῆς,
780 2440 882 2493 κᾶν
914 2457 975 2491 τε
1027 2437 1372 2507 φαυλοτέρων
1420 2435 1513 2488 καὶ
1551 2433 1902 2504 ἀγριωτέρων

316 2528 523 2600 θηρίων
554 2529 814 2600 ὑπάρχοι,
847 2529 907 2581 οὺ
940 2532 1004 2598 τῇ
1046 2528 1152 2598 ἰδία
1188 2529 1367 2599 μορφῇ
1396 2525 1691 2596 ἐπέρχεται
1715 2565 1729 2588 ,
1765 2522 1904 2576 ἀλλὰ

321 2623 438 2682 ταῖς
481 2619 689 2683 ἄλλαις.
731 2621 850 2683 Ὦς,
902 2615 1014 2673 οἷον
1045 2622 1219 2672 εἰπεῖν
1241 2660 1255 2683 ,
1302 2619 1515 2681 λέοντες
1550 2618 1771 2680 λέοντας
1802 2617 1903 2669 οὐκ

317 2711 561 2765 ἐσθίουσι
609 2712 698 2765 διὰ
741 2712 803 2764 τὸ
864 2712 994 2765 ἴδιον
1042 2710 1342 2781 ἐκτύπωμα
1389 2711 1483 2762 καὶ
1533 2709 1848 2778 ὁμόστοιχον
1884 2722 1898 2736 ·

318 2803 455 2856 ἀλλὰ
480 2844 495 2868 ,
533 2800 696 2873 λιμοῦ
738 2802 974 2872 μεγάλου
1024 2800 1304 2865 πιέζοντος
1340 2802 1398 2853 ὲν
1435 2801 1549 2863 τοῖς
1580 2800 1730 2870 ὄρεσι
1776 2798 1903 2859 τοὺς

318 2895 525 2965 θῆρας,
554 2895 657 2948 καὶ
699 2894 792 2947 ἐπὶ
827 2893 1008 2963 πολλῷ
1063 2891 1468 2964 χρόνῳιαύτῶν
1505 2891 1579 2962 μὴ
1625 2889 1906 2962 εὑρισκόνυ

316 2999 427 3035 των
461 2982 580 3052 ἦτοι
626 2980 715 3034 διὰ
756 2981 908 3051 χιόνα
933 3021 947 3044 ,
976 2982 1009 3052 ἢ
1039 2982 1104 3035 δι’
1130 2982 1325 3053 ἑτέραν
1356 2981 1564 3034 ἔνδειαν
1585 3021 1599 3043 ,
1635 2978 1902 3049 ἀναστρέ-

320 3090 513 3139 φουσιν
546 3075 605 3125 ἐν
632 3074 745 3136 τοῖς
776 3073 1000 3141 φωλεοῖς
1039 3073 1134 3126 καὶ
1163 3076 1434 3144 χηραμοῖς
1466 3070 1644 3125 αὐτῶν
1691 3069 1905 3133 λέοντες

319 3164 439 3233 ἅμα
488 3164 752 3235 σκύμνοις
803 3166 1141 3237 ὑπάρχοντες
1169 3204 1184 3229 ,
1223 3167 1316 3218 καὶ
1363 3165 1481 3236 ἅμα
1515 3165 1781 3227 λεαίναις’
1814 3162 1906 3216 καὶ

316 3258 420 3309 οὐκ
453 3257 745 3328 ἐπέρχεται
783 3256 889 3330 θὴρ
918 3258 1090 3329 θηρίῳ
1110 3302 1123 3321 ,
1160 3258 1219 3311 ού
1254 3257 1416 3320 λύκος
1447 3256 1629 3326 λύκῳ,
1656 3257 1706 3308 εί
1748 3255 1820 3326 μή
1852 3271 1906 3307 τι

2004 2061 2102 2101 nes
2129 2060 2253 2100 esse
2279 2083 2292 2107 ,
2326 2049 2380 2097 et
2406 2056 2436 2094 a
2469 2037 2810 2110 principibus
2854 2037 3152 2107 productos
3181 2035 3433 2099 allirmat,
3465 2036 3588 2105 qui—

2003 2138 2108 2192 bus
2165 2136 2231 2189 ad
2273 2132 2533 2203 pabulum
2571 2130 2745 2184 simus
2773 2128 3030 2197 expositi.
3081 2127 3237 2194 Quod
3274 2143 3406 2182 sane
3437 2127 3588 2183 dictu

2000 2230 2166 2302 697
2209 2244 2371 2299 quam
2423 2227 2649 2296 impium
2686 2234 2789 2279 est.
2829 2222 3011 2294 Longe
3047 2224 3192 2277 enim
3233 2222 3390 2276 aliter
3413 2221 3591 2276 omni-

2004 2323 2108 2377 bus
2159 2321 2214 2375 in
2247 2319 2414 2373 relms
2462 2316 2712 2371 accidere
2742 2316 3040 2369 cernimus.
3095 2314 3161 2368 Et
3220 2330 3347 2369 vero
3396 2331 3464 2368 ex
3504 2313 3590 2368 his

2003 2413 2263 2468 omnibus
2292 2427 2412 2482 qua:
2444 2411 2499 2464 iu
2532 2418 2676 2463 terra
2722 2414 2882 2470 sunt,
2918 2407 3044 2461 licet
3071 2406 3337 2476 pessimas
3368 2422 3431 2461 ac
3460 2422 3590 2460 cru-

2005 2503 2318 2559 delissimas
2369 2514 2617 2570 quasque
2669 2498 2813 2552 feras
2860 2496 3221 2560 consideres,
3278 2495 3425 2548 nulla
3483 2505 3589 2558 est,

2006 2610 2129 2666 qua:
2163 2596 2218 2649 in
2256 2594 2341 2648 sui
2372 2592 2606 2647 similem
2639 2589 2857 2654 saeviat,
2889 2587 2983 2643 sed
3018 2587 3072 2642 in
3112 2588 3339 2643 alterius
3373 2588 3592 2657 generis

2006 2688 2292 2742 duntaxat.
2334 2682 2577 2754 Exempli
2611 2696 2777 2736 causa
2820 2682 3031 2736 leonem
3066 2681 3151 2735 leo
3178 2723 3193 2746 ,
3230 2687 3452 2751 prepter
3482 2679 3592 2733 for-

2009 2795 2109 2833 mae
2161 2793 2226 2832 ac
2272 2785 2484 2831 natura:
2533 2773 2948 2830 similitudinem
2978 2812 2993 2837 ,
3050 2788 3159 2827 non
3200 2772 3459 2837 devorat;
3497 2770 3593 2826 sed

2009 2873 2135 2926 licet
2166 2872 2359 2942 ingens
2389 2867 2560 2921 fames
2591 2868 2644 2920 in
2679 2865 2960 2920 montibus
3012 2864 3155 2920 feras
3195 2864 3316 2919 illas
3358 2870 3545 2933 urgeat
3574 2902 3588 2925 ,

2008 2961 2145 3017 adeo
2173 2973 2232 3015 ut
2259 2968 2480 3031 propter
2514 2958 2688 3020 nives,
2717 2965 2811 3010 aut
2840 2957 3078 3026 inopiam
3105 2957 3367 3025 aliquam,
3400 2955 3594 3024 praedm

2008 3054 2146 3109 nihil
2177 3054 2337 3123 longo
2371 3062 2614 3121 tempore
2666 3050 2977 3112 inveniant,
3015 3049 3068 3102 in
3102 3048 3289 3102 lustris
3319 3055 3501 3102 tamen
3530 3062 3595 3101 ac

2012 3146 2252 3200 latibulis
2286 3145 2403 3199 suis
2435 3159 2561 3197 cum
2591 3142 2789 3197 catulis
2841 3158 2905 3196 ac
2933 3142 3116 3196 lezeuis
3145 3147 3591 3205 commorantur;

2010 3252 2114 3292 nec
2164 3237 2272 3291 ulla
2322 3236 2546 3289 omnino
2578 3234 2753 3290 bestia
2805 3234 2860 3288 in
2912 3235 2997 3289 sui
3053 3232 3285 3287 similem
3330 3232 3593 3296 incurrit,

320 3350 389 3402 ἂν
443 3351 523 3413 είς
554 3327 753 3421 μανίαν
782 3327 925 3404 ἔλθοι
1061 3327 1201 3415 ζῶον
1223 3393 1237 3415 ,
1280 3350 1376 3404 καὶ⁴
1411 3349 1687 3417 λυσσῆσαν
1725 3348 1904 3415 ἀγνοεῖ

2015 3331 2163 3385 velut
2197 3331 2360 3401 lupus
2390 3330 2444 3384 in
2477 3330 2703 3401 lupum,
2759 3330 2864 3384 nisi
2917 3329 3060 3384 forte
3117 3328 3172 3381 in
3219 3327 3422 3381 rabiem
3463 3340 3596 3381 con-

320 3442 351 3494 ὃ
384 3443 634 3514 πράττει.
682 3444 746 3496 Et
790 3443 968 3498 τοίνυν
994 3443 1156 3501 λύκος
1184 3443 1348 3496 λύκον
1373 3442 1473 3495 οὐκ
1497 3442 1668 3495 ἐσθίει
1690 3441 1780 3494 διὰ
1809 3441 1909 3510 τὴν

318 3534 638 3605 ὁμόστοιχον
671 3537 910 3609 μορφὴν,
948 3537 1064 3600 πῶς
1096 3537 1348 3590 δύνανται
1393 3537 1444 3589 οἱ
1475 3535 1736 3607 ἄρχοντες
1762 3534 1909 3604 ἡμᾶς

320 3626 563 3687 ἐσθίειν,
620 3630 670 3681 εί
718 3629 819 3700 τῆς
856 3629 1030 3699 αὐτῆς
1066 3628 1420 3699 ὑπάρχομεν,
1477 3627 1573 3680 καὶ
1610 3629 1669 3680 ού
1710 3626 1912 3698 μᾶλλον

319 3719 693 3784 θωπεύουσιν,
746 3722 836 3775 ἵνα
881 3721 1105 3786 δόξωσιν
1152 3721 1251 3785 τὰς
1297 3721 1431 3784 ἰδίας
1470 3720 1649 3774 αὐτῶν
1698 3720 1908 3791 μορφὰς

320 3814 772 3885 περιποιεῖσθαι;
846 3815 955 3868 Καὶ
1034 3815 1369 3886 πανταχόθεν
1436 3815 1747 3885 ἐλέγχονται
1816 3813 1909 3867 τοῦ

319 3905 564 3977 ἀγύρτου
599 3908 649 3961 οἱ
676 3906 845 3976 λόγοι.

391 4063 516 4119 OZ'.
552 4058 688 4118 Εἶτα
725 4064 888 4118 πάλιν
916 4064 1026 4118 ἀπὸ
1055 4063 1149 4117 τοῦ
1181 4061 1514 4133 Εὐαγγελίου
1541 4060 1911 4133 ἐπιλαμϐάνε-

318 4176 430 4218 ται,
465 4157 557 4229 ὅτι,
579 4158 654 4210 Ού
690 4158 891 4221 πάντες
930 4156 1169 4228 χωροῦσι
1204 4155 1301 4227 τὴν
1328 4154 1494 4209 αὑτοῦ
1535 4154 1908 4220 διδασκαλίαν,

318 4244 439 4297 ἀλλ’
480 4239 562 4307 οἷς
587 4244 819 4299 δέδοται.
855 4245 967 4298 Καὶ
997 4244 1097 4298 οὐκ
1124 4240 1192 4316 ἦν
1217 4246 1246 4297 6
1277 4244 1433 4314 λόγος
1478 4245 1609 4317 περὶ
1658 4244 1911 4299 διδασκα-

317 4334 441 4399 λίας
477 4334 713 4389 ἐνταῦθα
739 4335 816 4407 τῷ
840 4338 1073 4409 Σωτῆρι,
1107 4336 1244 4391 ἀλλὰ
1279 4338 1408 4409 περὶ
1436 4336 1729 4409 εὐνούχων.
1756 4339 1819 4391 Et
1852 4337 1911 4391 δὲ

318 4428 453 4499 οιιερλ⁵
483 4427 584 4498 τῆς
607 4428 773 4482 αὐτοῦ
807 4428 1158 4494 διδασκαλίας
1190 4429 1489 4501 πληροῦται
1520 4429 1603 4497 τὸ,
1644 4432 1727 4485 Οὐ
1761 4429 1902 4484 πάν·

316 4536 419 4585 τες
468 4519 791 4589 χωροῦσιν,
831 4521 1066 4575 ἐνταῦθα
1114 4520 1192 4593 τῷ
1244 4522 1483 4594 Σωτῆρι,
1535 4521 1665 4595 ἄρα,
1711 4521 1806 4575 ἐὰν
1847 4523 1910 4576 οὐ

317 4613 641 4684 χωρήσωσι,
710 4613 851 4668 κατά
901 4613 1001 4685 τὴν
1052 4614 1188 4668 ἰδίαν
1239 4614 1465 4687 γνώμην
1506 4613 1568 4668 οὐ
1617 4613 1905 4685 χωροῦσιν.

2009 3423 2174 3477 citata
2212 3422 2345 3493 quid
2376 3429 2497 3492 agat
2531 3422 2762 3477 nesciat.
2795 3420 2977 3487 Quare
3014 3436 3137 3474 cum
3181 3434 3249 3473 nc
3282 3418 3445 3489 lupus
3472 3418 3597 3489 qui-

2009 3514 2131 3569 dem
2155 3514 2342 3584 lupum
2373 3513 2637 3577 devoret,
2687 3513 2757 3568 ob
2795 3512 2978 3584 ﬁgura:
3021 3510 3401 3582 cognationem
3423 3550 3440 3576 ,
3468 3526 3598 3582 quo-

2012 3605 2174 3660 modo
2206 3607 2483 3677 principes
2515 3605 2781 3661 devorare
2812 3620 2912 3661 nos
2959 3611 3233 3676 possunt,
3276 3602 3479 3673 quibus
3506 3619 3597 3659 su-

2011 3715 2134 3753 mus
2166 3701 2353 3754 forma:
2386 3699 2744 3755 similitudine
2784 3697 3104 3768 conjuncti?
3140 3697 3253 3750 Cur
3280 3711 3387 3750 non
3416 3697 3598 3767 potius

2011 3791 2369 3845 blandiuntur
2402 3791 2593 3856 nobis,
2635 3805 2745 3860 quo
2776 3805 2908 3843 suas
2934 3788 3179 3858 ipsorum
3227 3786 3430 3857 elligies
3457 3787 3596 3842 tueri

2010 3884 2414 3954 complectique
2458 3884 2793 3939 vidcantur?
2838 3882 2930 3937 Sic
2961 3879 3277 3951 impostoris
3308 3879 3459 3935 illius
3505 3896 3599 3935 un-

2011 3976 2176 4047 dique
2202 3977 2523 4031 confutatur
2552 3977 2753 4031 oratio.

2083 4066 2343 4122 LXXVII.
2369 4067 2476 4123 Sed
2505 4068 2636 4123 illud
2664 4083 2728 4123 ex
2749 4066 3045 4138 Evangelia
3075 4066 3305 4138 profert,
3346 4082 3455 4122 non
3480 4081 3599 4120 om-

2012 4175 2112 4216 nes
2134 4160 2442 4215 doctrinam
2470 4175 2625 4214 suam
2648 4160 2979 4230 capere,sed
3008 4159 3207 4229 quibus
3236 4158 3423 4214 datum
3453 4156 3593 4213 est'.

2010 4252 2179 4324 Atqui
2207 4253 2356 4308 nulla
2382 4253 2471 4306 hic
2505 4268 2535 4306 a
2565 4251 2851 4308 Salvatore
2876 4254 2944 4309 de
2969 4253 3221 4308 doctrina
3244 4251 3475 4316 mentio,
3501 4249 3598 4306 sed

2012 4346 2082 4402 de
2131 4346 2402 4402 eunuchis
2442 4345 2710 4400 duntaxat
2768 4345 3099 4401 instituitur.
3141 4344 3345 4401 Verum
3398 4351 3456 4398 ut
3494 4342 3601 4398 hoc

2012 4437 2228 4503 demus,
2258 4438 2327 4494 ad
2356 4438 2532 4508 ipsius
2555 4437 2863 4493 doctrinam
2890 4438 3100 4494 dictum
3130 4436 3266 4492 illud
3299 4444 3553 4507 spectare
3581 4454 3596 4492 :

2017 4526 2140 4581 Non
2173 4545 2352 4583 omnes
2378 4529 2596 4599 capiunt
2616 4528 2669 4583 δε
2700 4528 2868 4599 igitur
2895 4529 2940 4585 si
2974 4545 3083 4584 non
3107 4529 3351 4599 capiunt,
3375 4544 3440 4583 ex
3474 4544 3602 4599 pro.

2017 4615 2135 4685 pria
2158 4617 2325 4671 animi
2362 4617 2636 4674 sententia
2667 4634 2776 4672 non
2807 4617 3056 4689 capiunt.
3084 4618 3268 4685 Quare
3301 4618 3465 4674 laude
3502 4626 3601 4673 aut

330 4702 640 4756 Ἐπαινετοὶ
676 4697 768 4757 οῦν
798 4704 915 4775 ἦτοι
941 4705 1132 4775 ψεκτοὶ
1163 4699 1310 4759 οὗτοι
1349 4706 1444 4760 ἐπὶ
1472 4706 1535 4760 τὸ
1562 4704 1904 4773 αὐτεξούσιον

2015 4708 2287 4779 vituperio
2312 4708 2464 4779 digni
2488 4726 2556 4764 ex
2576 4710 2876 4765 voluntatis
2902 4725 3017 4766 sure
3047 4711 3299 4766 libertate
3321 4710 3599 4778 dicentur;

317 4791 703 4864 κληθήσονται*
737 4795 831 4848 καὶ
854 4795 1037 4850 οὐκέτι
1058 4795 1201 4851 κατά
1222 4796 1549 4866 φύσινέσται
1562 4797 1623 4851 τὸ
1637 4796 1788 4870 χώρη
1798 4815 1903 4869 μα’

315 4883 441 4938 ἐπεὶ
474 4882 542 4937 ἂν
567 4883 875 4958 ὠφελήσειε
904 4888 1003 4959 τὴν
1034 4887 1185 4961 αὐτῷ
1226 4891 1611 4960 καταγγέλλων
1645 4892 1905 4948 διδασκα-

314 4973 468 5040 λίαν;
510 4974 767 5043 Ἐξέπεσε
820 4977 877 5032 δὲ
921 4981 1256 5052 πανταχόθεν
1290 4981 1455 5038 αὐτοῦ
1483 4984 1512 5036 6
1552 4983 1710 5053 λόγος
1739 5003 1751 5016 ’
1781 4984 1905 5038 οὔτε

314 5066 425 5140 γὰρ
445 5066 797 5124 διδασκαλίαν
823 5071 851 5123 6
884 5071 1075 5144 Σωτὴρ
1110 5073 1202 5129 τὸν
1228 5074 1386 5144 λόγον
1406 5077 1743 5149 ἀπεφήνατο,
1769 5077 1906 5131 ἀλλά

312 5159 381 5213 δι’
445 5160 826 5233 εὐνουχισμόν.
892 5163 1009 5219 Κάν
1046 5183 1106 5220 τε
1136 5166 1489 5222 διδασκαλίαν
1526 5169 1693 5235 εἴποι,
1720 5169 1905 5224 οὐκέτι

316 5250 645 5319 σταθήσεται
692 5253 789 5308 τοῦ
826 5255 988 5328 Μάνη
1030 5256 1207 5327 λόγος.
1254 5259 1395 5331 Φησὶ
1434 5258 1491 5313 δὲ
1535 5261 1564 5313 6
1600 5260 1765 5325 αὐτὸς
1786 5261 1910 5316 Μά-

315 5359 447 5415 νης’
484 5343 625 5417 Ἤδη
648 5346 670 5377 ¹
702 5346 831 5411 τοὺς
870 5347 1190 5421 ἡμετέρους.
1238 5350 1351 5421 (56)
1396 5350 1509 5406 Καὶ
1534 5350 1646 5421 γὰρ
1688 5353 1760 5407 τὰ
1795 5353 1909 5423 ἐμὰ

314 5438 585 5506 πρόϐατα
630 5439 910 5510 γινώσκει
924 5458 1023 5512 με,
1077 5444 1174 5500 καί
1221 5443 1493 5514 γινώσκω
1525 5443 1598 5500 τὰ
1617 5445 1730 5516 ἐμὰ
1760 5447 1908 5517 πρό-

2015 4814 2196 4870 neque
2224 4815 2289 4855 ex
2320 4808 2520 4855 natura
2542 4801 2820 4871 capacitas
2855 4801 2948 4856 illa
2979 4802 3215 4873 petenda
3242 4801 3437 4869 fuerit;
3463 4802 3598 4856 alio-

2014 4892 2108 4962 qui
2141 4892 2275 4964 quid
2311 4893 2662 4963 praedicanda
2702 4893 2955 4949 doctrina
2998 4910 3098 4950 sua
3129 4895 3458 4967 proﬁceret?
3496 4891 3603 4948 Ve-

2015 5000 2139 5039 rum
2168 4984 2305 5039 nihil
2336 4985 2562 5041 omnino
2591 4985 2751 5051 dicit,
2778 4986 3225 5058 quandoquidem
3258 5003 3369 5042 non
3399 4986 3472 5040 ad
3499 4985 3601 5039 do-

2013 5076 2384 5143 ctrinam,sed
2414 5079 2479 5132 ad
2496 5079 2771 5149 spadones
2802 5077 3108 5136 Salvatoris
3138 5080 3230 5135 ille
3258 5078 3442 5136 sermo
3478 5094 3602 5148 per“

2013 5169 2172 5225 tinet.
2220 5171 2301 5225 Ac
2332 5172 2553 5228 tametsi
2582 5172 2651 5228 de
2689 5173 2941 5228 doctrina
2990 5173 3328 5243 loqueretur,
3367 5186 3476 5224 non
3519 5177 3599 5223 ta—

2016 5278 2142 5318 men
2190 5269 2339 5319 stare
2385 5272 2572 5334 posset
2623 5264 2910 5321 Manichaai
2949 5266 3110 5321 ratio.
3141 5263 3358 5320 Atenim
3420 5260 3595 5316 Mani-

2015 5357 2241 5412 cltaaus:
2277 5356 2550 5426 Noverat,
2583 5359 2797 5431 inquit,
2846 5366 3088 5415 nostros.
3125 5356 3255 5413 Oves
3288 5356 3428 5410 enim
3469 5369 3600 5410 mea:

2015 5458 2335 5521 cognoscunt
2369 5465 2470 5517 me,
2515 5460 2566 5505 et
2591 5468 2844 5522 cognosco
2874 5466 2989 5504 oves
3029 5465 3172 5503 mea:
3194 5447 3236 5502 ⁵.
3263 5445 3370 5503 Sed
3399 5446 3603 5520 ubique

389 5613 406 5645 ¹
437 5621 569 5679 For.
594 5623 769 5679 ἄνοια.
848 5627 868 5658 ⁹
894 5624 954 5679 C.
985 5623 1120 5697 ᾔδει.
1182 5625 1204 5657 ³
1246 5625 1436 5681 Matth.
1472 5643 1589 5693 nx,
1627 5626 1716 5684 ll.
1792 5628 1816 5660 ‘
1850 5629 1902 5684 ib

2058 5630 2080 5662 ⁸
2103 5627 2271 5689 Joan.
2293 5648 2352 5701 κ,
2382 5632 2476 5689 14.

393 5806 510 5880 (36)
552 5810 708 5881 Φησὶ
733 5810 799 5866 δὲ
830 5811 1014 5880 αὐτὸς
1036 5810 1266 5881 Μάνης·
1283 5808 1438 5880 ’Ἤδη
1464 5809 1592 5870 For.
1620 5810 1770 5885 ᾔδειν
1791 5812 1904 5876 τοὺς

2008 5814 2245 5888 ατέρους
2265 5855 2282 5883 ,
2313 5822 2372 5871 ut
2396 5812 2681 5887 sequentia
2721 5810 3072 5884 persuadent.
