4008 6240
450 363 543 417 {fil

1821 358 1876 415 S.
1924 359 2267 417 EPIPHANlI

3586 366 3692 421 {52

450 480 729 535 mentitur.
756 474 888 531 Nam
916 491 1041 531 enim
1074 492 1139 532 ex
1171 490 1360 531 eorum
1390 491 1640 542 numero,
1665 476 1758 545 qui
1792 485 1906 531 tum
1938 476 2014 530 illi

2137 482 2281 533 ῗατα.
2333 480 2419 534 Ἐν
2449 481 2619 536 άπασι
2658 482 2715 537 δὲ
2765 482 3039 553 ψεύδεται.
3079 482 3403 555 Βουλόμενος
3434 482 3543 555 γάρ
3587 482 3690 537 θω-

451 569 806 641 disputationi
860 575 1158 638 praesentes
1207 567 1470 634 aderant,
1507 567 1819 638 quempiam
1858 568 2020 624 vellet

452 678 549 733 per
594 660 970 724 ambitionem,
1023 674 1085 713 ac
1114 659 1408 714 blanditias
1444 673 1658 728 rapere,
1706 658 2019 714 istiusmodi

452 752 678 807 vocibus
721 760 805 810 est
856 766 1026 811 usus,
1075 766 1139 805 ac
1187 751 1337 805 velut
1382 766 1564 806 escam
1605 757 1661 805 et
1705 751 2016 806 illecebram

448 845 708 914 aspersit,
743 852 805 897 ut
844 842 947 896 hac
974 842 1053 895 illi
1082 842 1397 897 adulatione
1421 842 1490 896 ad
1524 843 1645 912 ejus
1679 858 1739 898 se
1786 843 2020 897 societa-

450 946 556 988 tem
589 940 982 1005 aggregarent,
1013 939 1072 986 ut
1101 947 1224 986 cum
1272 932 1514 1001 adjuncti
1544 939 1759 995 essent,
1798 932 2019 1002 gloriari

447 1042 512 1080 ac
537 1027 749 1096 jactare
772 1034 954 1094 posset
978 1040 1037 1079 se
1070 1025 1211 1089 illos,
1239 1033 1530 1095 antequam
1564 1024 1631 1079 ad
1666 1040 1723 1080 se
1748 1025 2018 1083 venirent.

451 1119 702 1186 cognitos
758 1116 1036 1171 habuisse.
1097 1114 1203 1171 Sed
1251 1116 1394 1170 idem
1431 1117 1507 1170 illi
1540 1116 1803 1186 contigit,
1854 1116 2023 1187 698

450 1210 593 1277 quod
620 1208 856 1277 Apollini
881 1208 992 1262 vati
1021 1228 1035 1264 :
1068 1208 1184 1279 qui,
1234 1217 1293 1263 ut
1322 1217 1407 1264 est
1432 1210 1487 1263 in
1515 1207 1828 1264 Graecorum
1867 1209 2022 1262 fabu-

453 1299 523 1353 lis
560 1314 683 1353 cum
726 1298 850 1353 aliis
879 1297 1062 1352 futura
1098 1298 1438 1368 praediceret,
1471 1298 1576 1354 sibi
1610 1298 1714 1367 ipsi
1743 1312 1852 1350 non
1882 1312 2023 1366 prae-

456 1389 621 1459 sagiit
645 1429 660 1454 ,
694 1390 788 1444 sed
829 1405 930 1444 suo
959 1391 1133 1459 ipsius
1160 1390 1384 1444 oraculo
1414 1388 1698 1446 fraudatus
1737 1397 1853 1452 est,
1895 1403 2021 1442 cum

453 1484 662 1539 scilicet
693 1482 948 1553 Daphnes
977 1496 1162 1537 amore
1200 1481 1438 1552 ﬂagrans
1467 1481 1538 1536 ob
1566 1481 1686 1550 ejus
1715 1482 2022 1538 castitatem

452 1588 678 1644 compos
713 1589 835 1629 esse
883 1588 994 1628 non
1028 1573 1223 1642 potuit.
1277 1572 1355 1625 lta
1401 1571 1735 1626 Manichacus
1787 1586 1913 1625 cum
1963 1586 2023 1626 se

453 1682 584 1722 suos
616 1681 779 1721 nosse
806 1665 1220 1729 vaticinaretur,
1248 1678 1312 1718 ac
1342 1662 1585 1717 Marcelli
1612 1663 1868 1733 captandi
1894 1677 2020 1732 gra-

2122 575 2251 646 πείᾳ
2282 574 2526 644 ἁρπάσαι
2552 572 2747 646 ψυχὴν,
2781 576 2923 629 κατὰ
2951 573 3058 631 τῶν
3088 575 3210 629 τότε
3231 575 3511 645 παρόντων
3540 577 3598 629 ἐν
3624 581 3695 648 τῇ

2122 669 2416 739 συζητήσει
2442 667 2630 725 τοῦτον
2661 668 2842 733 ἐξεῖπε
2889 670 2980 723 τὸν
3015 668 3196 738 λόγον,
3230 671 3577 741 ὑποσπείρων
3604 670 3694 722 δέ·

2120 758 2275 830 λεαρ,
2309 759 2384 822 ὡς
2407 760 2600 822 εἰπεῖν,
2636 759 2721 812 ἵνα
2746 759 2833 813 διὰ
2859 760 2958 831 τῆς
2982 761 3270 824 κολακείας
3293 760 3516 826 δόξωσιν
3544 762 3697 833 αύτῴ

2123 850 2519 905 συνάπτεσθαι·
2556 851 2663 916 ἵνα,
2706 852 2835 905 ὅταν
2881 851 3243 920 συναφθῶσιν,
3282 852 3511 923 ἄρξηται
3559 870 3692 922 κομ-

2123 944 2318 1007 πάζειν
2370 944 2462 997 καὶ
2516 943 2715 1013 λέγειν,
2772 944 2969 998 εἰδέναι
3043 944 3239 1006 αὐτοὺς
3287 945 3417 1013 πρὶν
3481 944 3514 1014 ἢ
3592 947 3696 1015 τὴν

2122 1036 2305 1104 ἄφιξιν
2333 1037 2468 1107 πρὸς
2493 1035 2655 1089 αὐτὸν
2675 1038 3027 1106 ποιήσωνται.
3048 1035 3245 1102 Γέγονε
3269 1035 3327 1088 δὲ
3357 1034 3545 1096 αὑτοῦ,
3571 1035 3647 1098 ὼς
3668 1039 3699 1090 6

2123 1128 2232 1180 τῶν
2277 1127 2544 1197 Ἑλλήνων
2575 1124 2742 1197 μῦθος
2762 1125 2904 1178 κατὰ
2930 1125 3019 1178 τὸν
3054 1124 3364 1177 Ἀπόλλωνα
3380 1125 3472 1178 τὸν
3495 1126 3692 1195 μάντιν

2126 1218 2522 1291 μαντευόμενον
2554 1220 2666 1281 τοῖς
2717 1216 2917 1284 ἄλλοις,
2961 1217 3136 1288 ἐαυτῷ
3182 1217 3240 1269 δὲ
3291 1218 3365 1288 μὴ
3401 1218 3699 1286 δυνάμενον

2127 1309 2520 1380 μαντεύεσθαι,
2587 1309 2723 1363 ἀλλὰ
2777 1309 3170 1362 ἐκπεπτωκότα
3221 1308 3383 1362 αὑτὸν
3431 1307 3527 1361 τοῦ
3563 1326 3699 1379 μαν-

2123 1402 2291 1464 τείου,
2325 1402 2532 1473 ἐρῶντα
2560 1404 2659 1473 τῆς
2686 1403 2924 1472 Δάφνης,
2961 1401 3055 1454 καὶ
3099 1399 3494 1454 ἐκπεπτωκότα
3530 1399 3701 1470 αὐτῆς

2122 1493 2211 1547 διὰ
2235 1492 2605 1565 σωφροσύνην.
2634 1492 2788 1546 Οὕτω
2806 1494 2899 1546 καὶ
2918 1486 3072 1555 οὗτος
3099 1493 3128 1543 6
3153 1492 3343 1561 Μάνης
3370 1491 3703 1561 ἐμαντεύετο

2128 1585 2228 1657 μὲν
2254 1585 2452 1638 εἰδέναι
2476 1586 2603 1648 τοὺς
2635 1584 2815 1647 ἰδίους,
2837 1583 2996 1651 φύσει
3026 1581 3082 1635 δὲ
3106 1581 3195 1634 διὰ
3226 1581 3541 1652 Μάρκελλον
3565 1575 3703 1651 ἧκεν

2126 1677 2436 1749 ὑποχείριον
2473 1674 2636 1729 αὐτὸν
2683 1676 3002 1748 ληψόμενος.
3036 1675 3293 1728 Διέπεσεν
3324 1674 3380 1727 δὲ
3427 1673 3488 1726 τὸ
3534 1673 3703 1726 αὑτοῦ

455 1758 527 1811 tia
561 1758 819 1822 venisset,
844 1771 944 1811 sua
975 1756 1128 1810 illum
1160 1756 1424 1810 frustrata
1455 1755 1720 1810 divinatio
1747 1761 1855 1809 est.
1885 1753 2019 1807 Nam

456 1865 513 1868 μ-
542 1865 623 1868 _,A_
680 1846 928 1868 ιι----ιι-
1007 1864 1179 1868 -.---λΑ
1232 1848 1385 1868 -1.,..ε
1442 1848 1687 1868 -__!,___-_._
1743 1862 1838 1868 _A__
1890 1846 2021 1868 2n“)

2137 1772 2399 1840 μαντεῖον.
2451 1767 2586 1823 Οὔτε
2613 1769 2721 1839 γὰρ
2770 1767 2918 1845 αὐτῷ
2949 1766 3266 1836 Μάρκελλος
3294 1765 3543 1835 ἐπείσθη,
3581 1763 3706 1818 οὐδὲ

454 1865 630 1918 neque
680 1846 957 1912 Marcello,
1007 1864 1186 1919 neque
1229 1848 1388 1903 alteri
1435 1848 1693 1918 cuiquam
1743 1862 1838 1918 per
1889 1846 2024 1902 illud

453 1953 668 2011 tempus
698 1943 950 2013 dogmata
979 1957 1078 1998 sua
1107 1942 1340 2012 probare
1371 1942 1565 2012 potuit.

523 2031 803 2088 LXXVIII.
844 2033 1145 2100 Prmterea,
1179 2034 1370 2095 Nemo,
1431 2033 1609 2102 inquit
1664 2033 1774 2094 ille,
1823 2031 2026 2102 priscis

456 2127 796 2196 temporibus
825 2127 1058 2181 salutem
1093 2127 1320 2196 adeptus
1350 2134 1456 2189 est,
1506 2125 1609 2179 nisi
1643 2125 1712 2178 ab
1758 2140 1903 2178 anno
1934 2125 2029 2180 de—

454 2218 598 2272 cimo
617 2218 808 2287 quinto
830 2217 1034 2273 Tiberii
1056 2218 1290 2273 Caesaris
1309 2218 1377 2272 ad
1401 2226 1612 2273 aetatem
1647 2233 1821 2287 usque
1844 2232 2024 2282 suam,

456 2326 577 2380 qua:
615 2311 668 2364 in
703 2310 865 2366 Probi
903 2318 957 2365 et
1007 2312 1381 2366 antecessoris
1419 2310 1708 2366 Aureliani
1738 2309 2026 2379 imperium

457 2405 670 2467 incidit,
696 2405 801 2459 sub
834 2403 1035 2474 quibus
1066 2402 1399 2457 Manicbmus
1429 2401 1583 2455 vixit.
1614 2403 1668 2455 In
1691 2415 1801 2470 quo
1836 2414 2028 2453 rursus

453 2491 832 2567 etplodendus
872 2495 1043 2559 venit,
1086 2510 1215 2549 cum
1264 2494 1332 2548 de
1381 2493 1568 2547 multis
1615 2493 1745 2547 olim
1795 2493 2028 2547 salutem

454 2591 725 2646 assecutis
760 2599 869 2643 tam
906 2588 1182 2658 Evangelii
1219 2602 1384 2656 quam
1414 2586 1786 2656 apostolorum
1825 2584 2030 2653 scripta

456 2680 823 2743 meminerint,
857 2680 965 2732 imo
993 2686 1046 2731 et
1079 2677 1342 2732 Dominus
1381 2678 1496 2746 ipse
1533 2693 1547 2730 :
1580 2674 1909 2745 Requirelur.
1942 2677 2027 2730 in-

456 2771 612 2842 quit,
661 2770 725 2823 ab
759 2770 863 2823 hac
890 2770 1222 2840 generatione
1250 2749 1675 2838 sanguis'omnis
1701 2770 1906 2836 justus,
1940 2767 2030 2837 qui

456 2863 653 2931 effusus
684 2871 763 2915 est
795 2879 827 2914 a
857 2861 1109 2930 sanguine
1158 2859 1287 2913 Abel
1318 2860 1454 2926 justi
1485 2902 1497 2921 ,
1530 2874 1689 2929 usque
1721 2856 1789 2911 ad
1820 2858 2030 2928 sangui-

455 2970 573 3006 nem
606 2951 886 3028 Zachariae
906 2996 920 3017 ,
951 2953 1039 3021 qui
1065 2952 1264 3019 e/I'usus
1296 2961 1372 3005 est
1404 2951 1539 3004 inter
1570 2951 1816 3020 templum
1857 2959 1905 3003 et
1950 2951 2031 3002 al-

455 3054 569 3100 tare
604 3047 644 3099 ³.
671 3044 926 3100 Potuitne
972 3044 1156 3113 justus
1202 3043 1359 3109 Abel,
1412 3051 1506 3096 aut
1554 3041 1855 3096 Zacharias
1883 3056 2026 3107 esse,

2126 1878 2210 1925 τις
2233 1861 2420 1933 ἔτερος
2442 1859 2564 1914 κατ’
2588 1860 2762 1913 ἐκεῖνο
2783 1857 2979 1931 καιροῦ
3004 1857 3115 1911 τῶν
3137 1859 3258 1912 τότε
3290 1857 3387 1912 ἀνθ
3397 1857 3618 1929 ρώπων.

2196 2036 2321 2091 οΗ’.
2352 2033 2487 2092 Εἶτα
2517 2036 2651 2108 ἔφη,
2683 2037 2764 2090 ὅτι
2794 2035 2878 2090 Τά
2908 2035 3111 2091 παλαιὰ
3148 2037 3242 2109 ἐτη
3282 2036 3456 2100 οὐδείς
3500 2035 3707 2109 ἐσώθη,
3774 2078 3777 2085 .

2126 2132 2262 2186 ἀλλὰ
2290 2129 2524 2185 ἀπὸτοῦ
2573 2128 3057 2184 πεντεκαιδεκάτου
3088 2127 3240 2193 ἔτους
3282 2128 3534 2200 Τιϐερίου
3570 2129 3710 2183 Καί-

2130 2240 2293 2295 σαρος
2347 2223 2475 2293 ἄχρι
2531 2221 2638 2275 τῶν
2683 2221 2860 2274 αὐτῶν
2886 2221 2907 2251 ⁸
2935 2220 3163 2292 χρόνων.
3205 2219 3415 2290 Πρόὸος
3458 2220 3517 2273 δὲ
3560 2215 3629 2291 ἦν
3675 2220 3710 2273 6

2127 2318 2248 2370 κατ’
2294 2317 2470 2370 ἐκεῖνο
2507 2313 2701 2385 καιροῦ
2734 2313 3005 2383 βασιλεὺς,
3047 2313 3142 2367 καὶ
3171 2309 3503 2383 Αύρηλιανὸς
3540 2313 3569 2365 6
3597 2311 3712 2383 πρὸ

2127 2408 2311 2471 αὑτοῦ,
2328 2408 2416 2461 ὅτε
2436 2399 2588 2468 οὗτος
2604 2408 2632 2458 ὁ
2647 2406 2836 2476 Μάνης
2854 2405 3005 2476 ὲνεδή
3015 2422 3122 2475 μει.
3143 2403 3253 2458 Καὶ
3280 2405 3338 2456 ὲν
3354 2403 3528 2473 τούτῳ
3545 2402 3711 2456 πάλιν

2130 2490 2407 2567 ἐλέγχεται
2445 2497 2622 2568 πάντη
2655 2497 2747 2550 τοῦ
2785 2495 3114 2565 Εὐαγγελίου
3168 2494 3439 2564 λέγοντος,
3468 2496 3564 2547 καὶ
3597 2493 3713 2547 τῶν

2127 2590 2498 2646 ἀποστολικῶν
2531 2591 2792 2661 ῥημάτων
2837 2589 2966 2659 περὶ
3016 2588 3123 2642 τῶν
3174 2588 3274 2658 ἠδη
3305 2588 3570 2659 πρότερον
3621 2603 3712 2640 σε-

2131 2681 2442 2751 σωσμένων.
2496 2679 2768 2742 Ὡσαύτως
2793 2680 2821 2732 6
2844 2678 3049 2751 Κύριος
3093 2677 3271 2746 λέγει’
3295 2675 3712 2746 Ζητηθήσεται

2127 2773 2245 2828 ἀπὸ
2278 2771 2385 2839 τῆς
2444 2769 2653 2841 γενεᾶς
2696 2771 2917 2838 ταύτης
2947 2768 3070 2823 πᾶν
3094 2764 3236 2837 αἷμα
3263 2768 3498 2822 δικαίου
3527 2768 3710 2837 ἐκχυ-

2128 2869 2383 2935 νόμενον
2418 2864 2515 2918 ἐπὶ
2555 2863 2664 2931 τῆς
2697 2862 2829 2933 γῆς,
2860 2862 2979 2915 ἀπὸ
3017 2863 3264 2933 αἵματος
3295 2863 3466 2915 Ἅϐελ
3490 2861 3598 2914 τοῦ
3626 2860 3714 2912 δι-

2128 2957 2324 3021 καίου,
2346 2956 2560 3026 μέχρις
2588 2956 2831 3023 αἵματος
2857 2955 3153 3023 Ζαχαρίου
3181 2954 3286 3008 τοῦ
3305 2952 3715 3023 ἐκκεχυμένον

2127 3050 2436 3121 ἀναμέσων
2464 3047 2573 3103 τοῦ
2601 3048 2752 3102 ναοῦ
2789 3046 3016 3101 καὶτοῦ
3054 3044 3509 3113 θυσιαστηρίου.
3542 3044 3711 3097 Πόθεν

456 3138 564 3194 nisi
611 3137 725 3208 jam
765 3148 876 3191 tum
915 3138 1064 3192 salus
1111 3135 1416 3205 comparari
1454 3135 1757 3204 potuisset,
1798 3148 2028 3201 eamque

2137 3141 2230 3199 οὖν
2251 3145 2460 3207 δίκαιος
2483 3141 2667 3207 Ἀδελ,
2696 3140 2859 3194 πόθεν
2895 3138 3190 3210 Ζαχαρίας,
3224 3138 3272 3191 εἰ
3299 3136 3373 3209 μὴ
3404 3138 3486 3190 ὅτι
3511 3132 3582 3207 ἦν
3611 3136 3711 3207 ἤδη

458 3229 593 3297 legis
621 3243 686 3281 ac
709 3228 1093 3297 pmpbetarum
1120 3225 1386 3280 beneficio
1409 3223 1709 3277 tribueret?
1734 3221 2029 3291 Propterea

459 3326 723 3388 scriptum
770 3328 852 3373 est
894 3337 906 3371 :
950 3317 1201 3387 Regnavit
1249 3333 1391 3369 mors
1435 3314 1498 3367 ab
1536 3314 1708 3366 Adam
1758 3327 1921 3381 usque
1963 3310 2031 3363 ad

460 3411 753 3481 Moysem',
786 3418 843 3463 ut
867 3410 1138 3478 intelligas
1164 3423 1468 3477 repressam
1502 3407 1554 3458 in
1584 3404 1769 3473 Moyse
1800 3410 2031 3456 mortem

457 3520 605 3566 esse,
642 3518 751 3557 non
790 3502 1014 3557 omnino
1048 3502 1388 3554 restinctam.
1432 3496 1798 3565 Exspectabat
1832 3494 2036 3564 quippe

458 3603 960 3653 consummatorem
988 3594 1231 3648 omnium
1255 3591 1649 3655 Jesum,donec
1674 3605 1777 3659 pro
1799 3590 2037 3642 humano

460 3703 583 3743 sese
614 3702 813 3757 genere
860 3698 1054 3755 sponte
1099 3685 1371 3745 traderet,
1405 3691 1571 3752 atque
1613 3689 1667 3735 et
1713 3678 2038 3735 immortalis

460 3782 643 3836 obiret
689 3788 920 3834 mortem
951 3819 966 3843 ,
1017 3787 1073 3833 et
1121 3778 1213 3847 qui
1261 3773 1648 3844 comprehendi
1699 3788 1809 3827 non
1865 3779 2041 3842 potest

462 3872 852 3942 comprehendi
878 3887 937 3926 se
971 3871 1330 3940 permitteret,
1364 3876 1418 3923 et
1446 3869 1556 3921 vita
1587 3873 1842 3934 suscepta
1875 3877 2041 3917 carne

464 3972 780 4036 pateretur,
808 3979 874 4017 ac
902 3963 1140 4031 denique
1176 3976 1272 4031 per
1304 3970 1535 4015 mortem
1571 3973 1720 4023 eum,
1753 3957 1846 4026 qui
1878 3954 2042 4008 morti

464 4056 879 4122 dominabatur,
932 4053 1259 4123 infringeret
1303 4052 1515 4122 peccati
1554 4065 1695 4108 cum,
1719 4054 1895 4103 morte
1942 4045 2043 4100 sti-

465 4150 699 4204 mulum.
741 4146 862 4213 Quo
890 4156 1134 4215 tempore
1168 4145 1298 4199 illud
1330 4145 1612 4212 impletum
1647 4149 1729 4196 est
1761 4155 1773 4190 :
1812 4138 1912 4192 Ubi
1940 4147 2040 4199 est,

470 4222 630 4307 mors,
660 4238 910 4293 stimulus
939 4248 1059 4291 tuus
1082 4238 1105 4290 .9
1127 4237 1216 4290 ubi
1238 4246 1335 4302 est,
1362 4237 1584 4304 inferne,
1616 4232 1840 4287 victoria
1862 4239 1955 4283 tua
1984 4229 2044 4283 ‘?

467 4332 583 4386 lllic
617 4331 764 4385 enim
796 4346 942 4385 mors
976 4337 1060 4384 est
1104 4343 1297 4383 eversa
1343 4326 1734 4395 prolligataque
1802 4322 2041 4392 penitus,

468 4437 590 4490 quin
636 4436 760 4474 eum
806 4436 1030 4489 regnum
1080 4419 1148 4471 ad
1180 4426 1425 4485 tempora
1470 4413 1636 4469 blosis
1683 4412 2042 4472 obtinuisset,

2136 3238 2400 3311 σωτηρία,
2446 3236 2540 3290 καὶ
2563 3236 2645 3288 ὅτι
2678 3233 2879 3286 ἔσωσεν
2913 3232 3014 3302 ἤδη
3044 3230 3131 3284 διὰ
3161 3230 3325 3300 νόμου
3357 3229 3453 3282 καὶ
3494 3243 3714 3299 προφη-

2132 3330 2240 3382 τῶν
2261 3345 2275 3393 ;
2309 3326 2443 3397 Φησί
2461 3344 2472 3356 ·
2505 3324 2978 3377 Ἐϐασίλευσενὸ
2998 3321 3251 3387 θάνατος
3270 3319 3388 3376 ἀπὸ
3420 3320 3603 3389 Ἀδὰμ
3618 3317 3715 3388 μέ·

2135 3438 2232 3489 χρι
2277 3415 2603 3483 Μωῦσέωςο
2641 3417 2785 3477 ὅπως
2815 3413 2977 3484 γνῷς,
3000 3414 3083 3467 ὅτι
3132 3414 3189 3467 ὲν
3217 3413 3440 3466 Μωῦσεί
3471 3412 3714 3482 ἀνεκόπη

2135 3513 2163 3564 6
2197 3510 2442 3570 θάνατος,
2467 3508 2525 3561 ού
2565 3505 2911 3560 παντάπασιν
2949 3504 3286 3573 ἀφανισθείς.
3333 3502 3717 3573 Ἀπεξεδέχετο

2135 3604 2243 3672 γὰρ
2270 3602 2360 3654 τὸν
2385 3600 2671 3669 τελειωτὴν
2697 3599 2913 3652 πάντων
2957 3597 3184 3668 Ἰησοῦν,
3227 3597 3310 3649 ἵνα
3334 3594 3509 3668 [ὅταν]
3550 3593 3715 3648 αὐτὸν

2139 3692 2402 3762 παραδῴη
2423 3692 2561 3762 ὑπὲρ
2590 3691 2687 3760 τῆς
2712 3689 3151 3761 ἀνθρωπότητος,
3176 3690 3204 3741 6
3229 3688 3494 3749 ἀθάνατος
3514 3684 3716 3749 θανὼν,

2137 3788 2166 3839 6
2195 3784 2503 3855 ἁκράτητος
2526 3783 2796 3854 κρατητὺς
2822 3781 3133 3851 γενόμενος,
3162 3782 3195 3850 ἡ
3229 3778 3340 3849 ζωὴ
3371 3780 3428 3831 ὲν
3464 3779 3629 3847 σαρκὶ
3657 3777 3718 3830 τὸ

2140 3876 2331 3930 παθεῖν
2357 3875 2661 3944 ὑπομένων,
2699 3874 2791 3927 καὶ
2820 3872 2994 3941 κλάσῃ
3023 3872 3111 3925 διὰ
3142 3870 3236 3924 τοῦ
3266 3870 3517 3932 θανάτου,
3547 3869 3638 3921 τὸν
3658 3866 3720 3920 τὸ

2142 3965 2340 4037 κράτος
2374 3964 2566 4035 ἔχοντα
2584 3961 2676 4016 τοῦ
2704 3962 2958 4022 θανάτου,
2987 3961 3047 4013 τὸ
3072 3961 3291 4029 κέντρον
3320 3959 3418 4029 τῆς
3447 3956 3719 4028 ἁμαρτίας

2142 4059 2353 4113 καὶτὸν
2386 4056 2631 4112 θάνατον.
2667 4055 2796 4108 Ὅτε
2834 4054 3019 4108 λοιπὸν
3054 4050 3384 4123 ἐπληροῦτοο
3425 4050 3549 4104 Ποῦ
3578 4063 3716 4112 σου,

2142 4149 2377 4213 θάνατε,
2434 4148 2500 4201 τὸ
2519 4145 2796 4215 κέντρονς
2816 4145 2930 4199 ποῦ
2946 4162 3081 4209 σου,
3101 4143 3234 4211 ᾅδη.
3260 4143 3326 4196 τὸ
3346 4142 3547 4207 νῖκος;
3576 4142 3722 4194 Ἐκεῖ

2146 4242 2245 4312 μὲν
2278 4243 2386 4312 γάρ
2416 4242 2477 4293 ἑν
2507 4241 2733 4295 Μωῦσεῖ
2755 4239 3033 4310 ἀνετράπη
3056 4235 3364 4307 ὲπισχεθεὶς
3407 4236 3436 4287 6
3468 4231 3718 4296 θάνατος,

2145 4334 2466 4404 βασιλεύσας
2512 4331 2639 4402 ἄχρι
2673 4331 2971 4399 Μωῢσέως.
3008 4331 3118 4383 Καὶ
3158 4326 3374 4400 πρῶτον
3402 4326 3500 4396 μὲν
3524 4325 3720 4377 δίκαιοι

2141 4422 2281 4497 ἦσαν
2296 4429 2343 4478 οἱ
2372 4444 2437 4477 πε
2448 4425 2499 4496 pl.
2519 4423 2683 4477 Ἀϐελ
2703 4423 2796 4477 καὶ
2812 4421 2997 4493 Ἑνὼχ,
3019 4424 3048 4475 6
3071 4420 3382 4493 μετατεθεὶς
3394 4418 3488 4472 τοῦ
3505 4417 3579 4488 μὴ
3595 4418 3721 4470 ἰδεῖν

470 4511 575 4567 sub
611 4510 704 4564 illo
733 4509 972 4563 cohibita
1005 4507 1205 4562 fuerat.
1240 4503 1512 4575 imprimis
1539 4519 1672 4572 ergo
1703 4502 1888 4570 justus
1907 4500 2032 4554 Abel

2149 4515 2396 4580 θάνατον,
2433 4515 2527 4569 καὶ
2554 4515 2652 4583 οὐχ
2682 4514 2984 4585 εὑρίσκετο.
3017 4511 3175 4565 Ἀλλὰ
3203 4510 3355 4564 οὔπω
3374 4508 3721 4581 όέγγραπτος

468 4603 724 4666 exstitit,
754 4609 808 4656 et
849 4600 1036 4655 Enocb
1061 4640 1077 4666 ,
1116 4598 1210 4669 qui
1243 4598 1545 4652 translatus
1591 4602 1676 4649 est
1728 4609 1796 4647 ne
1838 4590 2048 4646 videret

470 4704 742 4757 mortem,
790 4708 893 4747 nec
939 4692 1193 4747 inventus
1226 4690 1371 4745 est“.
1413 4687 1655 4741 Necdum
1704 4684 1910 4754 scripta
1959 4683 2047 4736 lex

473 4788 818 4861 promulgata
865 4784 1072 4850 fuerat,
1113 4782 1209 4838 sed
1238 4780 1510 4835 naturalis
1543 4778 1926 4832 tantummodo
1967 4775 2046 4830 vi-

471 4882 654 4953 gebat,
698 4894 820 4949 qua:
846 4867 1116 4946 cujusque
1154 4872 1337 4928 animo
1373 4872 1538 4925 inﬁxa
1606 4884 1670 4923 ac
1696 4883 1793 4939 per
1830 4867 2049 4938 generis

472 4971 885 5030 successionem
915 4984 945 5022 a
980 4966 1297 5038 parentibus
1324 4963 1379 5017 in
1415 4963 1555 5017 lilios
1574 4969 1884 5031 propagata
1924 4961 2046 5014 fue-

473 5074 579 5120 rat.
614 5061 979 5131 Posteaquam
1008 5074 1138 5114 vero
1169 5059 1342 5127 palam
1377 5056 1656 5126 proposita
1690 5055 1774 5107 lex
1809 5060 1913 5117 est,
1945 5050 2049 5106 fuit

476 5162 562 5213 bic
589 5157 739 5212 velut
767 5156 987 5224 quidam
1014 5151 1248 5224 gladius,
1275 5166 1382 5219 quo
1407 5147 1613 5218 peccati
1642 5147 1726 5200 vis
1745 5154 1831 5202 est
1859 5161 1921 5199 ac
1954 5160 2049 5214 po-

472 5251 645 5307 tentia
673 5248 843 5320 699
863 5246 1059 5300 divisa.
1077 5243 1203 5309 Sed,
1223 5243 1516 5297 accedente
1531 5241 1832 5305 Salvatore,
1858 5243 2051 5297 stimu-

477 5344 559 5396 lus
606 5341 798 5394 mortis
827 5338 1145 5392 confractus
1171 5344 1274 5390 est.
1309 5338 1485 5406 Atque
1518 5335 1613 5389 illo
1641 5334 1879 5404 denique
1908 5344 2048 5389 tem-

475 5450 608 5506 pore
644 5449 792 5497 mors
823 5433 876 5485 in
906 5430 1189 5486 victoriam
1213 5430 1413 5496 iterum,
1432 5428 1815 5485 absorbebitur
1829 5427 2044 5484 “.Vides

476 5522 937 5592 quemadmodum
981 5521 1122 5576 Deus
1176 5521 1423 5576 homines
1473 5520 1542 5573 ad
1583 5519 1816 5575 salutem
1868 5519 2038 5574 variis

477 5614 657 5671 modis
692 5613 1025 5685 perduxerit.
1047 5614 1116 5667 At
1139 5612 1377 5685 perfecta
1409 5613 1559 5688 salus
1594 5618 1646 5671 in
1670 5610 2035 5669 CluistoJesu

2149 4605 2334 4675 νόμος,
2362 4602 2497 4656 ἀλλὰ
2530 4602 2714 4655 ὁκατὰ
2734 4602 2893 4671 φύσιν
2924 4603 2987 4654 ὲκ
3011 4600 3250 4663 διανοίας
3276 4600 3368 4652 καὶ
3394 4600 3457 4651 ἐκ
3484 4596 3722 4668 παραδό-

2153 4714 2290 4759 σεως
2318 4695 2461 4748 κατὰ
2509 4693 2758 4765 διαδοχὴν
2792 4692 3042 4764 πατέρων
3086 4692 3220 4762 πρὸς
3246 4691 3371 4753 τοὺς
3395 4688 3563 4751 υἱούς.
3595 4688 3725 4741 Ὅτε

2150 4790 2206 4842 δὲ
2227 4787 2512 4860 τηλαυγῶς
2536 4786 2755 4857 ἐξετέθη
2782 4787 2810 4838 6
2836 4784 3017 4854 νόμος,
3042 4784 3279 4852 ἐγένετο,
3300 4781 3373 4844 ὼς
3404 4781 3600 4843 εἰπεῖν,
3627 4780 3728 4850 μά-

2153 4896 2319 4951 χαιρα
2349 4878 2641 4950 δικάζουσα
2670 4879 2768 4947 τὴν
2808 4875 3034 4945 δύναμιν
3056 4873 3157 4942 τῆς
3187 4871 3479 4943 ἁμαρτίας.
3510 4870 3641 4922 Ὅτε
3674 4867 3731 4922 δὲ

2152 4975 2181 5025 6
2209 4970 2397 5043 Σωτὴρ
2441 4968 2790 5042 παρεγένετο,
2833 4965 3123 5037 συνετρίϐη
3147 4964 3208 5016 τὸ
3251 4963 3473 5033 κέντρον
3505 4959 3600 5014 τοῦ
3632 4960 3727 5014 θα·

2153 5064 2334 5118 νάτου.
2371 5063 2479 5115 Καὶ
2508 5062 2671 5115 πάλιν
2688 5059 3128 5128 καταποθήσεται
3155 5056 3184 5108 6
3215 5055 3442 5117 θάνατος
3475 5054 3554 5116 εἰς
3582 5054 3729 5114 νῖκος

2153 5156 2292 5208 τότε.
2337 5156 2447 5208 Καὶ
2486 5155 2586 5224 ὅρα
2633 5151 2750 5214 πῶς
2778 5150 2981 5214 ἔσωζεν
3018 5151 3045 5201 6
3079 5148 3211 5210 Θεὸς
3237 5147 3324 5200 διὰ
3365 5144 3575 5198 πολλῶν
3605 5147 3731 5215 τρό-

2155 5265 2291 5299 πων.
2327 5246 2399 5298 Τὸ
2441 5246 2496 5299 δὲ
2520 5244 2722 5298 τέλειον
2757 5243 2858 5312 τῆς
2893 5239 3161 5311 σωτηρίας
3196 5240 3253 5291 ὲν
3294 5235 3514 5309 Χριστῴ
3556 5232 3729 5304 Ἰησοῦ

2156 5339 2234 5410 τῷ
2271 5338 2460 5410 Κυρίῳ
2514 5337 2671 5409 ἡμῶν
2714 5336 3022 5407 γεγένηται,
3058 5335 3151 5388 καὶ
3186 5334 3494 5402 γενήσεται,
3528 5330 3604 5392 ὡς
3639 5327 3731 5382 καὶ

2156 5431 2217 5483 τὸ
2240 5429 2567 5497 Εὑαγγέλιον
2593 5429 2810 5498 φάσκει,
2840 5427 2922 5479 ’ότι
2957 5428 3057 5480 Ἐκ
3085 5425 3190 5477 τοῦ
3212 5416 3604 5490 πληρώματος
3628 5420 3732 5472 αὺ-

2158 5523 2263 5576 τοῦ
2300 5521 2471 5591 ἡμεῖς
2508 5519 2727 5585 πάντες
2767 5519 3075 5588 ἐλάϐομεν.
3126 5518 3237 5570 Καὶ
3276 5519 3444 5579 ποῖον,
3485 5514 3640 5583 φησὶ,
3666 5513 3727 5565 τὸ

2158 5614 2469 5686 πλήρωμας
2516 5612 2631 5668 ἀλλ’
2666 5614 2699 5665 ὀ
2735 5614 2918 5683 νόμος
2969 5609 3065 5663 διὰ
3112 5607 3408 5672 Μωϋσέως
3453 5600 3730 5672 ἐδόθηυὰ

553 5735 569 5764 ³
602 5732 790 5785 Matth.
827 5747 982 5799 χχιιι,
1011 5731 1099 5787 50.
1177 5732 1197 5762 ²
1243 5729 1399 5787 Rom.
1434 5746 1485 5796 ν,
1531 5728 1613 5783 Η.
1690 5727 1901 5783 'lCor.
1938 5744 2029 5797 xv,

2137 5746 2149 5796 ;
2204 5729 2328 5788 Osc.
2372 5746 2491 5797 χιιι,
2525 5729 2608 5785 Η.
2688 5726 2868 5784 ‘Gen.
2932 5744 2983 5792 ν,
3021 5724 3110 5780 ΞΗ.
3189 5724 3209 5755 ⁸
3250 5722 3272 5778 Ι
3330 5722 3458 5777 Cor.
3495 5735 3586 5784 xv,
3628 5719 3716 5776 54.

484 5804 507 5838 ⁵
529 5805 656 5862 Cor.
691 5802 876 5859 αὑτοῦ.
