4008 6240
254 386 362 442 I53

885 375 1253 432 ADVERSUS
1292 376 1632 432 HIEIKESES
1672 377 1798 432 LIB.
1842 375 2088 432 II.TOM.
2129 373 2266 430 II.—
2307 373 2580 430 IUERES.
2618 363 2807 431 LXVI.-

3405 375 3510 429 154

254 492 430 560 χάρις
452 491 551 543 καὶ
584 491 624 558 ἠ
648 488 896 555 ἀλήθεια
917 490 1014 544 διὰ
1055 492 1249 559 Ἰησοῦ
1269 489 1523 560 ἐγένετο,
1570 492 1714 544 Ἐκεῖ
1739 489 1837 561 μὲν
1867 505 1882 549 Α

1987 491 2173 545 omino
2222 497 2414 544 nostro
2473 489 2740 558 contigit,
2805 487 3196 558 contingetque
3246 496 3506 557 perpetuo

254 583 434 653 ἐδόθη,
469 575 572 636 ὧδε
627 582 861 650 ἐγένετο.
913 583 975 636 Εἰ
1029 584 1092 636 ὲκ
1133 582 1500 654 πληρώματος
1530 585 1558 637 6
1583 583 1765 653 νόμος,
1798 587 1830 655 ή

256 676 420 745 χάρις
471 675 565 728 καὶ
599 676 632 744 ἠ
666 673 1027 752 ἀλήθεια-τοῦ
1064 674 1260 744 Ἰησοῦ,
1297 673 1510 727 Παλαιὰ
1546 674 1638 725 καὶ
1660 673 1836 740 Καινὴ

257 761 500 834 Διαθήκη
525 765 583 815 ἐν
606 763 685 832 τῷ
713 763 859 834 νόμῳ
892 764 985 816 καὶ
1013 765 1194 833 χάριτι
1233 764 1328 816 καὶ
1351 763 1601 834 ἀληθεία.

1943 581 2168 651 perinde
2197 581 2428 650 atquein
2453 579 2748 649 Evangelio
2773 580 3034 648 scriptum
3068 587 3178 633 est:
3199 579 3272 632 De
3287 579 3512 646 plenitu-

1943 673 2062 726 dine
2091 673 2203 741 ejus
2245 689 2338 725 nos
2368 689 2544 724 omnes
2577 672 2869 740 accepimus
2889 674 2927 724 ί.
2973 671 3232 738 Quaenam
3273 688 3400 726 vero
3433 679 3517 725 cst

1941 763 2031 816 illa
2055 763 2361 832 plenitudo?
2376 762 2504 829 Lex,
2528 763 2721 831 inquit,
2740 778 2830 830 per
2843 762 3077 832 Moysem
3100 768 3224 816 data
3238 764 3517 831 est,gratia

258 863 306 907 et
343 855 536 910 veritas
558 871 650 924 per
675 854 857 908 Jesum
879 855 1024 923 facta
1047 857 1182 909 est’.
1246 856 1362 910 Illic
1387 871 1552 926 porro
1576 857 1702 910 data
1732 863 1837 917 est,
1869 854 1958 909 hic
1988 856 2152 909 facta.
2185 856 2339 920 Quod
2370 857 2414 910 si
2453 871 2517 910 ex
2537 857 2626 909 illa
2656 857 2990 926 plenitudine
3025 856 3264 908 derivata
3295 856 3374 907 lex
3411 861 3515 910 est.

259 947 436 1016 gratia
460 955 515 1000 et
546 948 748 1001 veritas
783 945 911 1001 Jesu
935 947 1214 1011 tribuitur,
1246 947 1529 1002 tamVetus
1562 962 1724 1016 quam
1751 945 1960 1000 Novum
1987 945 2394 1001 Testamentum
2423 947 2534 1016 lege
2562 956 2614 1001 et
2639 948 2810 1017 gratia
2834 962 2897 1000 ac
2945 947 3172 1000 veritate
3188 946 3518 998 continetur.

333 1041 458 1098 08’.
489 1040 684 1112 Ἑτέρα
708 1042 764 1094 δὲ
791 1042 951 1094 πάλιν
964 1041 1104 1108 λέξει
1135 1042 1398 1113 κέχρηται
1419 1044 1446 1095 6
1474 1042 1635 1105 αὐτὸς
1654 1040 1855 1108 Μάνης

267 1130 513 1199 φάσκων,
542 1132 623 1184 ὃτι
664 1132 715 1182 Ὀ
739 1131 993 1199 Χριστὸς
1025 1131 1396 1200 ἐξηγόρασεν
1418 1131 1575 1198 ἡμᾶς
1595 1131 1712 1184 ἀπὸ
1737 1128 1848 1196 τῆς

265 1221 528 1289 κατάρας
550 1223 656 1276 τοῦ
674 1225 883 1292 νόμου,
904 1225 1221 1292 γενόμενος
1242 1222 1393 1290 ὑπὲρ
1408 1220 1577 1290 ἡμῶν
1598 1219 1843 1287 κατάρα.

267 1316 489 1385 Λεγέτω
516 1315 697 1368 τοίνυν
722 1315 893 1378 ποίοις
930 1317 1212 1386 ἀργυρίοις
1243 1317 1279 1385 ἡ
1316 1313 1586 1384 ἀγορασία
1616 1312 1846 1381 γεγένη-

266 1427 360 1462 ται
379 1426 392 1436 ·
430 1411 581 1462 ποῖον
613 1407 676 1460 τὸ
714 1409 931 1478 τίμημα
972 1409 1002 1460 ὃ
1033 1408 1260 1469 δέδοται,
1294 1407 1379 1458 ἵνα
1409 1407 1556 1476 ἡμᾶς
1578 1403 1850 1474 ἀγοράσῃ.

268 1499 348 1553 Οὐ
378 1499 489 1570 γὰρ
514 1494 689 1561 εἶπεν,
722 1498 750 1550 ὃ
780 1499 1072 1569 ἠγόρασεν,
1108 1497 1221 1551 ἀλλ’
1255 1497 1649 1566 ἐξηγόρασεν.
1695 1492 1855 1544 Ἀλλά

269 1592 372 1660 τὴν
396 1590 493 1660 μὲν
528 1589 829 1660 ἀγορασίαν
873 1590 1177 1653 ἐπίσταται,
1205 1589 1264 1641 τὸ
1295 1588 1352 1640 δὲ
1393 1588 1611 1658 τίμημα
1649 1586 1851 1652 ἀγνοεῖ.

284 1683 351 1734 Ἦ
385 1680 443 1733 δὲ
483 1680 712 1751 ἀλήθεια
739 1681 808 1734 τά
859 1680 1143 1750 ἀμφότερα
1188 1679 1457 1749 ὁμολογεῖ.
1527 1677 1858 1746 Ἐξηγόρασε

2023 1041 2260 1096 LXXIX.
2313 1041 2455 1107 Quin
2512 1050 2566 1096 et
2613 1041 2743 1095 illud
2795 1041 3124 1094 Manichaaus
3161 1055 3191 1093 e
3225 1039 3526 1108 Scripturis

1953 1133 2184 1188 arcessit
2210 1149 2222 1184 :
2256 1133 2499 1187 Christus
2525 1133 2742 1186 redemit
2767 1149 2858 1185 nos
2888 1149 2920 1184 a
2944 1132 3223 1184 maledicto
3249 1130 3394 1198 legis,
3428 1128 3512 1195 [a-

1953 1234 2066 1276 ctus
2115 1239 2210 1291 pro
2256 1225 2400 1277 nobis
2450 1222 2854 1276 maledictum“.
2912 1221 3065 1274 Dicat
3112 1221 3275 1290 igitur
3313 1219 3520 1288 quihus-

1953 1313 2193 1367 nummis
2225 1314 2365 1366 facta
2402 1313 2492 1365 illa
2533 1313 2604 1365 sit
2641 1312 2877 1380 emptio,
2911 1308 3124 1379 quodve
3161 1309 3390 1376 pretium
3429 1322 3526 1374 pro

1956 1405 2116 1459 nobis
2147 1419 2436 1472 repensum
2469 1403 2649 1457 fuerit.
2677 1401 2793 1455 Non
2824 1401 2970 1455 enim
3016 1399 3190 1461 dixit,
3225 1400 3378 1458 emit,
3410 1396 3526 1457 sed,

1959 1496 2196 1551 redemit.
2233 1494 2431 1549 Verum
2464 1510 2585 1548 cum
2636 1494 2968 1562 emptionem
3005 1489 3250 1552 noverit,
3295 1488 3532 1556 pretium-

1963 1597 2144 1642 tameu
2187 1589 2424 1656 ignorat.
2461 1585 2766 1653 Utrumque
2810 1598 2972 1652 porro
3002 1581 3205 1635 veritas
3239 1580 3360 1648 ipsa
3393 1593 3529 1631 con-

1966 1681 2169 1735 litetur.
2198 1677 2362 1732 Plane
2393 1678 2594 1746 quippe
2622 1691 2724 1728 nos
2759 1673 3011 1734 redemit,
3044 1686 3106 1724 ac
3135 1685 3230 1739 pro
3263 1669 3420 1722 nobis
3453 1666 3532 1720 fa-

272 1772 387 1843 γάρ
408 1773 576 1842 ἡμᾶς,
616 1773 710 1825 καὶ
747 1772 1018 1842 ἠγόρασεν
1065 1769 1281 1840 ἀληθῶς
1318 1770 1427 1823 ἀπὸ
1473 1769 1720 1838 κατάρας
1765 1765 1860 1818 τοῦ

1985 1782 2084 1828 :tus
2118 1770 2488 1831 maledictum,
2522 1784 2552 1822 a
2583 1768 2717 1836 legis
2748 1781 2849 1820 nos
2897 1763 3186 1817 maledicto
3215 1762 3386 1829 pretio
3413 1759 3534 1810 vin-

275 1863 468 1932 νόμου,
502 1863 794 1930 γενόμενος
820 1863 959 1934 ὑπὲρ
993 1861 1150 1932 ήμῶν
1177 1862 1412 1930 κατάρα.
1439 1861 1548 1912 Καὶ
1587 1859 1704 1920 πῶς
1728 1857 1857 1927 ἠγό-

276 1973 449 2027 ρασεν
473 1959 504 2027 ἡ
514 1958 640 2027 μᾶς,
657 1955 819 2018 εὐθὺς
837 1955 1089 2025 ἐπιφέρει
1112 1957 1140 2008 ὁ
1168 1953 1485 2017 διδάσκαλος
1511 1953 1611 2022 τῆς
1636 1951 1866 2018 Ἐκκλη-

279 2047 427 2110 σίας,
463 2047 708 2115 φάσκων,
745 2047 827 2098 ὅτι
860 2044 1004 2113 Τιμῇ
1037 2044 1430 2114 ἠγοράσθητε,
1463 2044 1634 2112 τιμίῳ
1665 2044 1866 2112 αἵματι

289 2137 515 2206 Ἀμνοῦ
549 2137 812 2206 ἀμώμου,
846 2137 942 2190 καὶ
966 2137 1233 2191 ἀσπίλου
1276 2136 1558 2204 Χριστοῦ.
1591 2134 1656 2187 Et
1689 2135 1867 2188 τοίνυν

280 2227 363 2291 τῷ
391 2227 584 2297 αἵματι
609 2226 972 2298 ἠγοράσθητε,
1001 2227 1101 2297 οὐχ
1125 2227 1388 2297 ὑπάρχεις
1419 2226 1526 2278 τῶν
1553 2224 1868 2296 ἠγορασμέ-

283 2340 413 2385 νων,
474 2315 520 2374 ὦ
564 2321 745 2391 Μάνη,
800 2319 986 2389 ἐπειδὴ
1033 2319 1094 2372 τὸ
1139 2315 1278 2388 αἷμα
1309 2321 1565 2389 ἀρνῆσαι.
1606 2317 1776 2370 Πόθεν
1812 2316 1871 2369 δὲ

282 2415 435 2486 ἡμᾶς
483 2413 750 2483 ὴγόρασε;
803 2412 948 2480 λέγε.
1013 2411 1354 2481 Ἀλλοτρίους
1404 2411 1564 2473 ὄντας
1590 2409 1870 2480 ὠνήσατο;

281 2501 432 2577 ⁸Ἀρα
457 2504 734 2574 ἠπόρησεν
763 2507 792 2556 6
817 2503 1079 2575 πρότερον
1119 2503 1274 2573 ἡμῶν
1299 2501 1589 2572 δεσπότης,
1622 2501 1716 2552 καὶ
1755 2501 1874 2551 ἐπι-

284 2597 541 2666 δεόμενος
564 2595 657 2648 τοῦ
688 2595 844 2666 ἡμῶν
881 2595 1211 2664 τιμήματος,
1249 2593 1426 2645 λαϐὼν
1459 2591 1688 2645 ἀπέδοτο
1727 2591 1875 2661 ἡμᾶς

287 2687 550 2759 Χριστῷ;
595 2687 708 2759 Καὶ
760 2689 810 2739 εἰ
841 2686 1187 2755 ἀπεδόθημεν
1224 2683 1464 2755 Χριστῷ,
1500 2684 1680 2736 οὐκέτι
1709 2681 1876 2751 ἐσμὲν

1965 1863 2195 1916 dicavit.
2227 1861 2495 1914 Cancrum
2527 1871 2764 1926 quonam
2815 1853 2976 1907 modo
3013 1849 3390 1912 vindicaverit,
3426 1856 3537 1901 sta—

1966 1952 2065 2004 tim
2115 1949 2374 2002 Ecclesia!
2430 1947 2690 2016 magister
2745 1943 3013 2011 suhjicit:
3060 1941 3276 2003 Pretio,
3322 1938 3535 2006 inquit.

1965 2043 2123 2112 empti
2152 2042 2312 2105 estis,
2355 2039 2585 2108 pretioso
2617 2037 2868 2104 sanguine
2895 2033 3030 2102 Agni
3063 2029 3393 2084 imntaouluti
3417 2067 3431 2091 ,
3482 2036 3536 2080 et

1966 2132 2370 2189 incontaminati
2399 2128 2595 2184 Christi
2612 2127 2653 2182 ³.
2675 2125 3036 2192 Quamobrem
3055 2123 3099 2176 si
3123 2119 3384 2190 sanguine
3407 2115 3527 2170 red-

1969 2227 2137 2296 empti
2193 2240 2417 2285 sumus,
2451 2233 2792 2289 nequaquam
2826 2217 2966 2269 inter
3005 2213 3339 2282 redemptos,
3367 2207 3542 2260 Mani-

1971 2317 2156 2380 chaee,
2192 2311 2564 2367 numerandus
2595 2326 2655 2364 es
2680 2349 2694 2371 ,
2733 2323 2858 2360 cum
2906 2305 3227 2374 sanguinem
3278 2302 3540 2368 abneges.

1974 2406 2259 2461 Undeuam
2293 2418 2425 2458 vero
2457 2417 2558 2456 nos
2595 2399 2860 2454 redemit?
2899 2397 3022 2458 die,
3065 2393 3245 2449 sodes.
3297 2392 3380 2443 An
3421 2406 3545 2442 cum

1973 2498 2137 2552 alieni
2189 2494 2334 2565 juris
2362 2506 2615 2546 essemus
2647 2486 2976 2557 acquisivit?
3010 2484 3145 2536 ‘Num
3185 2495 3313 2535 vero
3350 2477 3418 2531 ad
3463 2478 3548 2530 iu-

1975 2590 2156 2660 Opiain
2206 2595 2261 2642 et
2310 2583 2617 2654 angustiam
2668 2579 2817 2649 prior
2869 2584 3055 2630 noster
3108 2573 3370 2627 dominus
3428 2569 3553 2622 red-

1977 2694 2156 2744 actus,
2188 2693 2251 2732 ac
2283 2677 2458 2747 pretio
2490 2682 2681 2728 nostro
2713 2669 2962 2736 indigens
2995 2665 3215 2720 Christo
3244 2677 3344 2715 nos
3372 2658 3552 2714 vendi-

289 2782 386 2834 τοῦ
450 2778 734 2850 προτέρου.
785 2780 849 2831 Εἰ
907 2777 1085 2831 τοίνυν
1131 2778 1160 2828 6
1202 2776 1466 2846 πρότερος
1493 2775 1676 2827 οὐκέτι
1729 2774 1878 2843 ἡμᾶς

1985 2773 2097 2826 dit?
2127 2771 2292 2841 Igitur
2324 2769 2369 2824 si
2409 2767 2633 2822 Christo
2665 2761 2876 2817 veiiditi
2907 2773 3101 2814 sumus
3127 2797 3140 2819 ,
3180 2772 3286 2810 non
3319 2750 3555 2820 amplius

291 2871 579 2941 κέκτηται,
618 2870 725 2940 ἄρα
751 2869 850 2939 τῆς
871 2868 1034 2921 αὐτοῦ
1057 2867 1370 2940 περιουσίας
1405 2865 1508 2930 ἔξω
1533 2865 1765 2933 ἐγένετο,
1785 2862 1880 2916 καὶ

1985 2867 2035 2920 in
2066 2863 2266 2934 prioris
2302 2858 2578 2927 mancipio
2612 2862 2822 2910 sumus.
2855 2849 3010 2916 Quod
3053 2848 3096 2902 si
3139 2845 3416 2916 possidere
3456 2855 3556 2894 nos

294 2965 357 3018 ὲν
411 2965 524 3024 τοῖς
592 2960 739 3024 ἰδίοις
790 2961 975 3023 τόποις
1009 2961 1110 3012 οὐκ
1151 2959 1264 3029 ἔχει
1305 2959 1573 3024 ἐξουσίαν.
1613 2955 1738 3018 Πῶς
1788 2950 1881 3006 οὖν

1985 2932 2078 3010 ille
2101 2954 2287 3017 desiit,
2325 2952 2530 3005 ditione
2560 2963 2658 3002 sua
2689 2946 2936 3014 deiectus
2963 2951 3068 3005 est,
3101 2955 3200 2992 nec
3235 2937 3288 2989 in
3319 2932 3558 3004 propriis

297 3057 604 3125 ἐνεργεῖται
633 3056 689 3105 ὲν
720 3055 834 3114 τοῖς
862 3053 1002 3114 υἱοῖς
1046 3053 1145 3121 τῆς
1178 3023 1480 3113 ἀπειθείας,
1519 3047 1662 3101 κατὰ
1691 3047 1751 3098 τὸ
1783 3062 1881 3113 γε·-

1986 3047 2207 3102 sedibus
2251 3044 2344 3112 jus
2385 3043 2558 3095 ullum
2600 3038 2831 3092 obtinet.
2885 3035 3130 3098 Quonam
3181 3027 3348 3097 igitur
3394 3023 3558 3077 modo

296 3102 652 3219 γραῒμῖμένοη
695 3102 834 3198 Ἀλλῖ
863 3102 1576 3213 οὓτεσπῶἔὴγόρασενίοῦτε
1612 3139 1727 3200 πῶς
1753 3102 1882 3206 ἡγο-

1987 3146 2245 3210 opcratur
2266 3136 2321 3189 in
2347 3134 2472 3187 liliis
2496 3128 2898 3192 inobedieutiaa,
2933 3125 3076 3179 sicut
3107 3121 3367 3187 scriptum
3401 3113 3561 3169 est“?

306 3203 616 3311 ράσδτγμεν,
638 3203 772 3290 ὀὕτε
795 3236 912 3299 πῶς
943 3203 1327 3305 κατάρα-υπὲρ
1357 3203 1512 3304 ἡμῶν
1540 3231 1749 3299 γέγονε,
1778 3203 1882 3284 νοεῖ

1991 3203 2098 3284 sed
2152 3225 2411 3280 nimirum
2458 3237 2633 3290 neque
2661 3215 2937 3288 quomodo
2985 3227 3088 3266 nos
3130 3207 3388 3262 Christus
3436 3203 3560 3257 red-

300 3295 330 3387 6
354 3295 507 3386 nardi.
521 3295 694 3385 πάντα
727 3295 935 3400 μανεὶς,
951 3295 1164 3394 ἀνοίξας
1189 3295 1352 3379 αὐτοῦ
1377 3295 1436 3378 τὸ
1455 3295 1648 3395 στόμα,
1687 3323 1778 3376 κο).
1814 3321 1882 3392 μὴ

1988 3319 2201 3381 emerit,
2228 3315 2600 3382 redetnptique
2631 3309 2731 3379 ipsi
2766 3306 3052 3366 fuerimus,
3091 3314 3266 3368 neque
3289 3295 3562 3367 quomodo

301 3423 598 3490 δυνάμενος
651 3421 780 3490 περὶ
812 3413 887 3471 ὧν
921 3419 1067 3487 λέγει
1114 3414 1574 3470 διαϐεϐαιοῦσθαι.
1617 3413 1747 3467 Ἰδοὺ
1779 3412 1889 3482 γὰρ

303 3515 501 3576 αὐτοὺς
529 3513 745 3582 ὁρῶμεν
767 3511 1022 3578 λέγοντας
1055 3511 1111 3561 ὲν
1147 3510 1213 3578 τῇ
1245 3505 1637 3575 παλιγγενεσία
1667 3504 1766 3573 τῆς
1796 3503 1893 3556 αὐ-

307 3606 404 3660 τοῦ
436 3605 754 3677 παρουσίας,
793 3603 888 3656 καὶ
911 3602 1210 3673 κράζοντας
1236 3618 1250 3628 ·
1290 3600 1392 3652 Ἐν
1418 3596 1497 3662 τῷ
1527 3597 1616 3662 σῷ
1649 3597 1892 3664 ὀνόματι

308 3697 632 3767 ἐφάγομεν,
691 3695 787 3748 καὶ
931 3692 1010 3757 τῷ
1045 3691 1135 3756 σῷ
1187 3691 1429 3759 ὀνόματι
1479 3687 1753 3756 δαιμόνια
1795 3684 1894 3749 ἐξ-

309 3789 626 3857 εϐάλομεν.
685 3787 796 3839 Καὶ
853 3786 968 3855 ἐρεῖ
1023 3783 1157 3853 πρὸς
1187 3782 1402 3842 αὐτοὺς,
1446 3777 1756 3834 Ἀπέλθετε
1793 3775 1892 3829 ἀπ’

310 3879 482 3949 ἐμοῦ,
533 3873 960 3945 κατηραμένοι·
988 3874 1151 3927 οὔπω
1192 3871 1387 3940 ἔγνων
1426 3869 1602 3938 ὑμᾶς.
1641 3867 1763 3930 Πῶς
1799 3861 1890 3919 οὖν

313 3971 480 4025 αὐτὸν
505 3967 846 4040 ὁμολογοῦσι,
893 3966 986 4018 καὶ
1029 3964 1188 4026 αὐτὸς
1230 3963 1425 4023 αὐτοὺς
1466 3961 1808 4029 καταρᾶται,
1832 3957 1896 4008 Τί

315 4063 375 4116 δὲ
405 4057 473 4132 ἦν
517 4062 550 4130 ἡ
599 4057 810 4128 κατάρα
843 4055 936 4110 τοῦ
960 4055 1148 4125 νόμου,
1187 4052 1322 4105 ἀλλὰ
1355 4051 1568 4120 κατάρα
1604 4048 1699 4102 τοῦ
1736 4048 1897 4117 νόμου

319 4153 553 4222 σταυρὸς
575 4150 663 4203 διά
684 4151 782 4213 τὰς
814 4146 1120 4218 ἁμαρτίας;
1163 4143 1288 4196 Ἐὰν
1325 4142 1435 4212 γάρ
1470 4158 1551 4204 τις
1580 4137 1897 4208 καταληφθῇ

321 4248 382 4297 ἐν
398 4241 826 4315 παραπτώματι,
856 4239 1039 4303 ἔλεγεν
1065 4239 1093 4290 6
1111 4235 1293 4305 νόμος,
1313 4237 1415 4288 Καὶ
1437 4229 1771 4300 κρεμάσητε
1793 4231 1899 4282 αὐ-

321 4338 432 4392 τὸν
461 4337 558 4389 ἐπὶ
591 4335 804 4401 ξύλου,
838 4335 909 4388 οὐ
932 4332 1019 4400 μὴ
1067 4330 1216 4397 δύνῃ
1242 4331 1273 4382 ό
1303 4327 1475 4395 ἣλιος
1505 4326 1596 4379 ἐπ’
1619 4321 1778 4388 αὐτῷ
1804 4321 1903 4376 ἐπὶ

323 4427 405 4493 τῷ
429 4426 762 4496 θνησιμαίῳ
782 4421 988 4488 αὐτοῦ,
1022 4419 1180 4475 ἀλλὰ
1205 4419 1562 4482 καθελόντες
1601 4414 1904 4469 καθελεῖτέ

323 4537 389 4573 τε
417 4517 624 4582 αὐτὸν,
663 4515 761 4569 καὶ
797 4513 1098 4582 θάψαντες
1144 4509 1364 4578 Oder-ere
1416 4507 1604 4562 αὑτὸν
1645 4505 1760 4574 πρὸ
1796 4505 1902 4558 δύ-

327 4627 483 4675 σεως
513 4608 620 4662 τοῦ
651 4607 827 4675 ἡλίου
852 4623 865 4636 °
905 4604 994 4658 ὅτι
1024 4601 1451 4670 ἐπικατάρατος
1480 4599 1600 4665 πᾶς
1633 4603 1666 4652 ό
1697 4597 1909 4668 κρεμά-

323 4717 509 4771 μενος
535 4698 632 4751 ἐπὶ
656 4696 764 4749 τοῦ
797 4695 1011 4759 ξύλου.
1055 4691 1206 4745 Ἐπεὶ
1230 4686 1323 4743 οὖν
1352 4689 1442 4742 διὰ
1474 4687 1572 4758 τὴν
1604 4686 1910 4758 σταύρωσιν

331 4793 365 4861 ὴ
389 4788 607 4858 κατάρα
639 4783 1057 4856 προσετέτακτο,
1089 4778 1258 4833 ἐλθὼν
1289 4778 1345 4830 δὲ
1370 4776 1532 4839 αὐτὸς
1589 4774 1687 4837 τὰς
1729 4775 1912 4842 ἀμαρ-

330 4883 454 4945 τίας
497 4878 659 4951 ἡμῶν
696 4878 992 4946 ἀνήνεγκεν
1018 4872 1114 4925 ἐπὶ
1143 4870 1323 4937 ξύλου,
1356 4869 1494 4938 ὑπὲρ
1522 4866 1677 4937 ἡμῶν
1719 4864 1910 4918 ἑαυτὸν

332 4972 603 5034 δεδωκὼς,
645 4969 708 5022 τὸ
756 4963 894 5038 αἷμα
950 4964 1113 5018 αὑτοῦ
1153 4962 1300 5033 ἡμᾶς
1347 4961 1622 5030 ἠγόρασε,
1659 4957 1719 5010 τὸ
1751 4957 1912 5026 σῶμα

334 5066 501 5122 αὐτοῦ
541 5063 700 5135 ἡμῶν
723 5060 822 5124 τὰς
863 5059 1107 5130 κατάρας
1149 5055 1323 5117 ἔλυσε,
1357 5052 1603 5106 τουτέστι
1630 5049 1798 5111 λύσας
1815 5050 1913 5111 τὰς

336 5159 614 5230 ἁμαρτίας
668 5154 757 5207 διὰ
804 5154 903 5223 τῆς
951 5151 1045 5203 τοῦ
1101 5146 1333 5218 σταυροῦ
1374 5143 1658 5216 μετανοίας
1688 5141 1915 5210 καὶτῆς

336 5253 501 5308 αὐτοῦ
563 5248 884 5319 παρουσίας.
951 5243 1088 5296 Οὔτε
1147 5236 1239 5294 οὖν
1285 5242 1313 5291 ὁ
1372 5239 1534 5308 νόμος
1569 5235 1807 5304 κατάρα,
1840 5234 1912 5302 μὴ

337 5343 592 5410 γένοιτοῐ
636 5339 759 5391 οὔτε
793 5338 855 5389 τὸ
917 5334 1246 5401 Εὐαγγέλιον
1291 5331 1451 5382 ἔλαϐε
1491 5329 1590 5397 τὴν
1647 5325 1912 5393 κατάραν,

340 5435 468 5490 οὔτε
521 5435 549 5486 ὁ
588 5431 790 5501 Κύριος
810 5445 827 5457 ’ί
861 5426 990 5479 ἀλλὰ
1033 5425 1119 5476 διὰ
1143 5425 1240 5492 τῆς
1274 5419 1597 5492 προφάσεως
1632 5416 1724 5468 τοῦ
1753 5412 1916 5468 αὑτοῦ

344 5526 576 5578 θανάτου
605 5521 823 5574 λέλυται
852 5520 880 5570 ὁ
909 5517 1136 5577 Θάνατος
1174 5514 1202 5564 ὀ
1232 5511 1372 5566 κατὰ
1396 5511 1494 5579 τῆς
1524 5506 1815 5578 ἁμαρτίας.

1992 3409 2339 3464 maledictum
2372 3420 2468 3474 pro
2500 3403 2660 3456 nobis
2695 3398 2969 3453 exstiterit
2999 3433 3014 3458 ,
3049 3393 3294 3446 furiosus
3327 3391 3414 3442 ille
3448 3385 3563 3440 Ma-

1993 3501 2240 3554 nichaeus
2290 3493 2581 3563 intelligit,
2615 3489 2707 3558 qui
2740 3493 2928 3555 aperto
2957 3498 3054 3536 ore
3085 3481 3254 3533 multa
3289 3475 3565 3539 ell‘utiens,

1993 3607 2114 3662 quae
2144 3589 2279 3643 dicit
2322 3585 2556 3656 probare
2613 3596 2721 3634 non
2758 3582 2959 3648 potest.
2998 3572 3136 3625 Ecce
3183 3569 3327 3624 enim
3383 3569 3436 3618 iu
3476 3579 3566 3616 se-

1995 3682 2174 3737 cundo
2210 3679 2356 3733 illius
2402 3675 2638 3728 adventu
2685 3685 2748 3723 ac
2814 3667 3162 3721 restitutione
3199 3656 3384 3711 mundi
3421 3654 3566 3708 voci-

1998 3775 2236 3830 ferantes
2279 3771 2403 3824 illos
2431 3767 2684 3820 videmus
2716 3780 2729 3815 :
2774 3759 2840 3812 In
2871 3755 3076 3811 nomine
3109 3764 3197 3804 tuo
3227 3747 3571 3809 comedimus,

1996 3877 2044 3922 et
2075 3868 2128 3920 in
2161 3863 2366 3918 nomine
2401 3868 2487 3913 tuo
2517 3856 2678 3926 700
2709 3851 2970 3906 dwmonia
3006 3846 3254 3916 ejecimus
3279 3843 3322 3895 ⁸.
3359 3838 3571 3905 Quibus

2000 3961 2090 4013 ille
2114 3954 2464 4025 respondebit
2497 3967 2510 4002 :
2539 3945 2802 4002 Discedite
2829 3960 2858 3995 a
2882 3957 2984 4004 me,
3016 3933 3320 3990 maledicti"
3351 3951 3363 3986 :
3401 3929 3574 3984 nescio

2001 4051 2155 4105 vos“.
2195 4047 2308 4101 Cur
2341 4059 2466 4098 cum
2505 4055 2628 4096 eum
2669 4037 3053 4095 conliteantur,
3089 4030 3210 4099 ipse
3240 4034 3421 4078 tamen
3448 4022 3573 4075 illos

2001 4138 2360 4197 exsecratur?
2411 4133 2554 4200 Quid
2604 4140 2785 4184 autem
2839 4123 2987 4179 aliud
3039 4119 3388 4175 maledictum
3439 4114 3576 4183 legis

2003 4240 2109 4295 est,
2156 4237 2355 4300 praeter
2387 4236 2606 4279 crucem
2628 4260 2643 4284 ,
2679 4234 2802 4290 quae
2842 4223 3060 4286 propter
3089 4216 3314 4280 peccata
3345 4203 3574 4259 maledi-

2005 4292 2176 4376 ctu-m-
2190 4317 2324 4387 legis
2353 4321 2437 4370 est
2465 4310 2645 4367 facta?
2675 4307 2889 4363 Etenim
2921 4305 2968 4359 si
3002 4301 3126 4372 quis
3154 4301 3206 4352 in
3239 4296 3442 4352 delicto
3475 4292 3577 4347 de-

1934 4443 1980 4502 D
2008 4411 2315 4482 prehensus
2341 4411 2510 4469 esset,
2559 4403 2627 4456 de
2658 4415 2724 4454 eo
2763 4399 2851 4453 lex
2883 4397 2989 4451 ista
3033 4393 3262 4463 jubebat
3294 4406 3308 4443 :
3344 4386 3577 4455 Suspen-

2007 4503 2141 4558 detis
2164 4501 2317 4555 illum
2345 4500 2399 4552 in
2423 4497 2588 4567 ligno.
2624 4492 2748 4548 Non
2770 4489 2966 4544 occidet
2990 4487 3069 4542 sol
3087 4501 3242 4554 super
3265 4483 3379 4548 illo,
3410 4491 3460 4535 et
3487 4496 3579 4534 su-

2005 4611 2096 4666 per
2118 4592 2367 4646 cadavere
2405 4589 2541 4658 ejus,
2592 4586 2682 4640 sed
2720 4579 3017 4652 deponendo
3049 4577 3314 4647 deponetis
3353 4589 3490 4634 eum.
3541 4584 3590 4628 et

2008 4687 2310 4756 sepelientes
2345 4682 2601 4751 sepelietis
2642 4688 2763 4732 ante
2811 4676 2940 4731 solis
2994 4689 3281 4736 occasum,
3330 4669 3581 4739 quoniam

2011 4780 2320 4834 maledictus
2354 4776 2522 4829 omnis
2559 4773 2649 4844 qui
2682 4769 2866 4840 pendet
2892 4770 2947 4821 in
2988 4767 3126 4836 ligno
3143 4764 3190 4820 θ.
3234 4763 3420 4832 Itaque
3456 4773 3583 4813 cum

2015 4873 2087 4926 ob
2137 4869 2321 4925 crucis
2381 4866 2708 4938 supplicium
2752 4861 3058 4915 constituta
3116 4857 3187 4912 sit
3247 4851 3584 4916 maledictio,

2015 4961 2268 5016 Christus
2295 4973 2459 5027 porro
2482 4955 2712 5008 veniens
2742 4952 2796 5004 in
2822 4965 2985 5004 cruce
3016 4955 3236 5017 peccata
3260 4951 3447 4997 nostra
3469 4953 3586 4993 sus-

2019 5053 2229 5116 tulerit,
2294 5064 2358 5101 ac
2411 5045 2764 5113 semetipsum
2819 5049 3009 5096 nostra
3059 5053 3225 5093 causa
3275 5029 3586 5093 tradiderit.

2020 5143 2138 5212 ejus
2170 5156 2270 5194 nos
2305 5137 2535 5206 sanguis
2578 5134 2829 5196 redemit,
2877 5132 3163 5202 ipsiusque
3189 5139 3390 5193 corpus
3429 5137 3587 5175 exse-

2022 5232 2301 5285 crationes
2336 5237 2556 5282 nostras
2586 5225 2865 5290 discussit,
2910 5238 3033 5275 cum
3073 5220 3283 5274 scilicet
3319 5213 3589 5283 poeniten-

2025 5324 2098 5374 tia
2154 5321 2340 5374 crucis
2406 5321 2749 5386 adventuque
2782 5332 2883 5370 suo
2917 5319 3137 5383 peccata
3173 5316 3360 5358 nostra
3391 5302 3592 5356 dissol-

2024 5416 2121 5466 vit.
2141 5412 2412 5478 Quocirca
2447 5427 2625 5479 neque
2649 5410 2732 5463 lex
2765 5405 3112 5460 maledictum
3146 5398 3268 5458 fuit,
3297 5412 3394 5449 nec
3415 5394 3589 5445 Evan-

2027 5501 2225 5569 gelium
2279 5501 2630 5556 maledictum
2689 5496 2950 5562 suscepit.
2987 5507 3088 5545 nec
3151 5488 3414 5539 lmininus
3473 5484 3592 5554 ipse

349 5627 654 5690 postremo,
711 5611 808 5669 sed
865 5610 1060 5665 mortis
1111 5607 1258 5660 illius
1316 5602 1584 5658 beneﬁcio
1652 5600 1917 5654 adversus
1953 5603 2173 5664 peccata
2203 5594 2501 5647 constituta
2535 5591 2728 5644 mortis
2762 5593 2847 5640 est
2879 5597 3035 5652 ptrua
3066 5580 3299 5636 sublata.

425 5736 444 5767 ¹
471 5732 630 5788 Joan.
670 5746 710 5795 ι,
747 5730 829 5782 16.
932 5727 953 5757 ’
991 5723 1121 5795 iliid.
1157 5723 1242 5776 17.

349 5805 368 5835 ⁷
403 5804 596 5862 Matth.
628 5790 758 5867 xxv,
798 5799 886 5853 41.
963 5794 1137 5850 ειυς.
1182 5807 1302 5860 χιιι,
1342 5790 1429 5844 27.

1336 5721 1357 5750 ³
1395 5719 1511 5775 Gal.
1551 5737 1633 5780 ιιι,
1676 5719 1759 5771 15.

1871 5715 1936 5766 ⁸1
1977 5713 2120 5766 Petr.
2150 5727 2188 5776 l,
2225 5713 2310 5778 l8,
2355 5712 2441 5767 l9.

1523 5791 1544 5822 ο
1583 5789 1739 5844 Deut.
1773 5801 1886 5852 ut,
1920 5784 2014 5852 εει,
2043 5783 2131 5838 25.

2546 5710 2566 5742 ⁸
2597 5705 2794 5777 Epltes.
2825 5719 2884 5762 ll,
2915 5703 2969 5754 ‘2.
3089 5701 3108 5730 ⁸
3146 5697 3334 5752 Matth.
3369 5711 3464 5759 νιι,
3501 5699 3588 5752 2:2.
