4008 6240
486 332 593 389 155

1894 347 1951 403 S.
1996 346 2335 402 EPlPllANll

3644 351 3748 408 156

550 472 706 537 Quod
764 491 891 529 vero
940 475 1067 530 illud
1103 480 1290 549 objicit
1329 500 1343 535 :
1380 482 1492 537 Lex
1536 486 1856 541 ministratio
1908 507 2047 543 inor-

2226 463 2361 520 Εἷτά
2394 483 2557 537 φησιν
2591 507 2606 530 ,
2657 466 2739 520 ὅτι
2805 468 2859 520 '0
2906 470 3090 538 νόμος
3150 468 3424 524 διακονιά
3482 466 3564 540 ἦν
3636 471 3745 528 τοῦ

478 563 546 614 tis
580 574 693 616 erat
716 566 730 595 ¹
752 606 767 631 ,
793 566 858 620 de
896 584 964 623 eo
994 573 1147 639 plura
1177 583 1331 627 antea
1372 574 1635 644 diximus,
1670 579 1834 649 idque
1870 591 2055 635 osten-

477 652 693 719 diniiis,
767 673 1113 731 nequaquam
1176 663 1349 734 legem
1422 668 1620 725 mortis
1676 672 2056 728 administrant

484 745 505 795 ί
511 746 676 800 uisse.
706 746 825 802 Non
858 752 1004 806 enim
1044 754 1245 808 caedem
1288 759 1670 828 praecipiebat,
1708 764 1819 818 imo
1847 781 1878 819 e
1923 781 2057 820 con-

474 835 645 890 trario
675 854 689 890 :
725 838 851 894 Non
880 843 1080 898 occides
1101 847 1140 898 ³.
1177 843 1377 901 Verum
1406 852 1553 918 quod
1589 854 1918 911 homicidam
1956 857 2057 912 in-

476 927 650 982 terﬁci
696 930 944 998 iubebat,
994 945 1053 988 ut
1091 941 1252 994 unius
1296 941 1535 998 hominis
1578 961 1714 1001 nece
1760 950 2055 1017 parricidia

478 1019 926 1088 prohiberentur,
954 1033 1007 1079 et
1038 1030 1201 1084 unius
1236 1034 1492 1104 exemplo
1521 1036 1770 1095 deterriti
1811 1041 2057 1112 plerique

476 1108 878 1178 improbitatem
909 1131 1064 1171 suam
1094 1133 1437 1190 coercerent,
1464 1143 1565 1181 nec
1588 1132 1824 1201 amplius
1853 1137 2053 1190 caedem

477 1211 892 1271 perpetrarent,
941 1209 1012 1263 ob
1064 1211 1118 1265 id
1167 1214 1537 1274 ministerium
1587 1223 1782 1279 mortis
1823 1240 1945 1282 esse
1974 1227 2058 1282 di-

476 1291 641 1355 citur,
695 1312 801 1349 non
836 1299 980 1368 quod
1021 1306 1215 1361 mortis
1255 1307 1580 1366 administra
1616 1315 1722 1379 sit,
1760 1318 1855 1371 sed
1907 1322 2054 1390 quod

477 1381 767 1447 parricida:
801 1398 1030 1443 mortem
1086 1393 1375 1465 indigeret,
1417 1417 1483 1456 ne
1524 1404 1709 1473 plures
1739 1424 1803 1462 eo
1837 1425 1896 1463 se
1936 1428 2056 1466 sce—

475 1470 589 1526 lere
637 1477 873 1544 amplius
925 1482 1357 1556 obstringerent.
1395 1470 1590 1550 Postea
1627 1513 1756 1553 vero
1802 1498 2057 1557 Salvator

474 1562 774 1631 accedens,
826 1584 951 1623 cum
1008 1575 1343 1648 paedagogus
1405 1583 1658 1642 homines
1709 1591 2050 1661 castigasset,

474 1651 670 1708 bonam
697 1663 962 1729 temporis
992 1676 1201 1734 partem
1233 1672 1286 1724 in
1321 1675 1602 1733 tradendis
1632 1651 2053 1748 perfectioribus

471 1743 815 1807 documentis
845 1754 1162 1827 insumpsit,
1198 1778 1549 1835 summopere
1582 1787 1704 1825 cum
1732 1775 1884 1830 hisce
1918 1779 2052 1849 legis

2158 559 2440 615 θανάτου.
2480 560 2619 631 Ἤδη
2654 561 2783 632 περὶ
2814 560 3004 613 τούτου
3040 558 3209 614 πολλὰ
3250 562 3494 631 εἴπομεν,
3535 564 3619 616 ὅτι
3644 563 3749 616 οὐκ

2157 652 2320 715 αὐτὸς
2345 648 2412 722 ἦν
2437 652 2682 715 διάκονος
2710 652 2960 707 θανάτου.
2992 651 3129 707 Οὔτε
3156 653 3265 724 γὰρ
3287 654 3440 722 ἔλεγε
3473 653 3746 724 φονεύειν,

2158 741 2274 795 ἀλλ’
2307 743 2558 795 ἐκέλευσε
2609 743 2817 812 λέγων·
2864 743 2964 812 Μὴ
3022 747 3352 814 φονεύσῃς.
3417 745 3636 815 Ἐπειδὴ
3689 746 3749 799 δὲ

2157 832 2416 901 ἐφόνευσε
2479 835 2569 886 τὸν
2615 833 2932 902 φονεύοντα,
2966 835 3050 889 ἵνα
3081 835 3343 906 ἀναιρεθῇ
3386 834 3475 888 διὰ
3500 835 3596 888 τοῦ
3622 835 3746 898 ἑνὸς

2157 923 2252 978 τοῦ
2305 924 2657 992 φονευθέντος
2685 927 2719 995 ἡ
2749 925 2844 979 τοῦ
2890 926 3048 995 φόνου
3082 928 3357 998 ἐνέργεια,
3400 928 3495 981 καὶ
3540 927 3611 980 δι’
3644 927 3745 980 ἕνα

2160 1017 2515 1087 φοϐηθέντες,
2570 1018 2757 1071 πολλοὶ
2819 1021 3133 1091 κατάσχωσι
3196 1022 3298 1092 τὴν
3359 1022 3575 1075 ἀδικίαν
3642 1021 3742 1080 τρῦ

2160 1108 2358 1178 μηκέτι
2401 1108 2677 1177 φονεύειν,
2711 1112 2744 1178 ἡ
2767 1109 3010 1163 διακονία
3041 1106 3109 1182 ἢν
3133 1111 3382 1164 θανάτου·
3412 1112 3510 1181 οὐχ
3528 1111 3615 1164 ἵνα
3648 1111 3748 1171 Θά-

2157 1228 2312 1263 νατον
2340 1211 2657 1282 διακονήσῃ.
2693 1211 2805 1264 ἀλλ’
2838 1212 2926 1266 ἵνα
2954 1213 3182 1267 θάνατον
3212 1214 3289 1285 τῷ
3322 1217 3741 1287 φονευτῇέργά-

2158 1319 2337 1371 σηται,
2382 1303 2466 1356 ἴνα.
2510 1302 2704 1372 μηκέτι
2735 1305 2986 1372 φονευταὶ
3014 1305 3198 1367 πολλοὶ
3222 1306 3488 1374 γίνωνται.
3536 1307 3744 1361 Ἐλθὼν

2155 1395 2211 1448 δὲ
2240 1397 2267 1446 ὁ
2307 1396 2519 1467 Σωτὴρ,
2581 1397 2768 1468 ἐπειδὴ
2798 1397 2982 1451 λοιπὸν
3013 1398 3380 1469 ἐσωφρόνισεν
3410 1401 3439 1452 ό
3457 1400 3738 1470 παιδαγω-

2154 1489 2270 1558 γὸς,
2319 1490 2382 1542 τὸ
2429 1490 2676 1543 πλεῖστον
2724 1491 2817 1544 τοῦ
2848 1491 3038 1563 χρόνου
3067 1491 3137 1545 τὰ
3178 1493 3530 1565 ἐντελέστερα
3563 1493 3742 1566 μαθή-

2159 1600 2304 1653 ματα
2356 1583 2573 1647 δεικνὺς
2617 1584 2755 1654 μετὰ
2783 1584 2886 1655 τῆς
2932 1586 3251 1656 συμφωνίας
3283 1587 3375 1639 τοῦ
3402 1586 3592 1657 νόμου,
3617 1587 3739 1653 τοῦ,

2154 1672 2250 1741 Μὴ
2270 1676 2600 1744 φονεύσῃς,
2614 1677 2711 1743 Μὴ
2739 1676 2996 1747 κλέψῃς,
3015 1681 3071 1732 Μ
3074 1677 3110 1747 ἡ
3133 1679 3738 1748 ψευδομαρτυρήσῃς,

2155 1764 2280 1834 ἔφη,
2312 1766 2395 1818 ὅτι
2430 1767 2511 1832 Τῷ
2530 1766 2842 1835 ῥαπίζοντί
2875 1784 2949 1822 σε
2984 1771 3073 1834 εις
3097 1769 3213 1837 τὴν
3247 1769 3453 1832 δεξιὰν
3480 1771 3742 1840 σιαγόνα

471 1840 751 1897 mandatis
774 1851 1127 1906 consentiens
1157 1869 1172 1907 :
1207 1854 1328 1910 Non
1352 1860 1576 1927 occides,
1612 1864 1732 1919 Non
1766 1867 2048 1936 furaberis,

2155 1859 2429 1928 στρέψον
2458 1860 2620 1926 αὐτῷ
2665 1862 2764 1914 καὶ
2808 1861 2923 1929 τὴν
2953 1863 3153 1930 ἄλλην
3173 1881 3187 1894 σ
3219 1864 3303 1916 ἵνα
3324 1862 3466 1933 ζωῆς
3511 1863 3740 1935 γένηται

472 1927 596 1983 Non
625 1935 822 2001 falsum
857 1943 1212 1998 testiinonium
1248 1948 1387 2003 dices
1412 1952 1433 1982 ³
1457 1971 1470 2018 ;
1497 1954 1567 2006 ita
1599 1956 1714 2026 ipse
1748 1963 2007 2031 praecepit
2034 1983 2046 2017 :

469 2020 533 2074 Si
552 2026 666 2092 quis
694 2026 938 2085 dextram
969 2037 1065 2090 tibi
1098 2042 1374 2095 maxillam
1407 2047 1672 2114 reciderit,
1699 2052 1871 2117 prtebe
1891 2055 1973 2107 illi
1999 2066 2050 2110 et

468 2113 694 2170 atteram
717 2120 738 2151 ⁵
770 2137 783 2171 :
817 2133 874 2176 ut
910 2128 1211 2195 parricidio
1246 2135 1467 2202 penitus
1494 2141 1766 2195 exstincto
1798 2146 1921 2200 vita:
1951 2149 2049 2202 aii--

468 2202 802 2263 ministratio
841 2218 1181 2273 succederet.
1214 2223 1384 2291 Cujus
1429 2229 1573 2280 enim
1603 2232 1827 2286 maxilla
1853 2251 2049 2302 percu-

468 2294 626 2358 titur,
669 2299 715 2354 is
746 2303 811 2356 ad
844 2307 1044 2363 caedem
1103 2316 1424 2380 patrandum
1463 2334 1571 2374 non
1611 2334 1901 2391 provocat,
1949 2330 2045 2385 sed

467 2384 708 2445 intentas
752 2392 1039 2452 homicida:
1071 2416 1266 2458 manus
1298 2406 1482 2470 solvit,
1518 2409 1649 2462 dum
1686 2413 1831 2469 illius
1859 2423 2047 2486 nequi-

2162 1952 2195 2019 ή
2242 1949 2515 2017 διακονία,
2544 1953 2939 2023 ἀναιρουμένου
2970 1956 3283 2008 παντάπασι
3316 1955 3410 2007 τοῦ
3443 1954 3632 2024 φόνου.
3679 1956 3741 2019 ὐ

2155 2041 2268 2110 γὰρ
2300 2044 2635 2113 τυπτόμενπ
2663 2043 2759 2114 τὴν
2793 2045 3017 2112 σιαγόνα
3051 2044 3400 2117 παροξυσμὸν
3439 2046 3541 2099 οὐκ
3572 2046 3743 2115 ἐργά-

2155 2133 2305 2196 ζεται
2333 2136 2513 2202 φόνου.
2550 2136 2684 2190 ἀλλὰ
2741 2138 2857 2192 λύει
2898 2141 2995 2209 τὴν
3042 2144 3197 2212 χεῖρα
3224 2139 3318 2192 τοῦ
3357 2137 3639 2208 φονευτοῦ,
3668 2141 3739 2210 τῇ

2150 2228 2621 2301 ταπεινοφροσύνῃ
2667 2231 2929 2284 Οωπεύων
2962 2232 3060 2300 τὴν
3096 2234 3153 2284 ἐν
3181 2230 3329 2301 αὐτῷ
3370 2230 3587 2283 κακίαν.
3626 2231 3740 2283 Καὶ

2151 2314 2322 2379 οὕτως
2380 2318 2557 2372 πάντα
2616 2325 2896 2390 συμφωνεῖ
2947 2322 3162 2375 Παλαιὰ
3222 2322 3321 2376 καὶ
3377 2320 3556 2391 Καινὴ
3606 2323 3743 2375 Δια-

2154 2405 2315 2477 θήκη.

467 2478 597 2534 tiam
645 2486 728 2539 sui
786 2489 957 2558 ipsius
1010 2494 1318 2563 abjectioiie
1365 2501 1660 2559 demulcet.
1710 2508 1888 2578 Atque
1938 2515 2039 2569 hoc
2069 2522 2230 2577 modo
2265 2525 2430 2583 Vetus
2463 2518 2526 2583 ac
2560 2530 2770 2584 Novum
2805 2531 3212 2588 Testamentum
3277 2535 3380 2590 sibi
3441 2535 3496 2587 in
3559 2531 3739 2588 omni-

464 2576 567 2630 bus
597 2591 964 2639 consentanea
1001 2597 1149 2643 sunt.

536 2670 690 2740 701
727 2672 938 2730 LXXX.
967 2656 1171 2736 Pi‘iete'r
1208 2684 1320 2739 haec
1353 2704 1505 2754 vero,
1526 2700 1581 2744 ut
1613 2693 1751 2748 duas
1789 2712 2052 2765 personas

464 2759 796 2828 introducat,
832 2782 895 2822 ac
931 2785 1089 2826 suum
1123 2775 1273 2830 illum
1310 2791 1630 2838 naturarum
1661 2796 1715 2842 ct
1747 2792 2052 2863 principio-

468 2869 586 2908 riini
626 2859 834 2928 origine
872 2866 1173 2920 carentium
1233 2885 1297 2923 ac
1330 2873 1576 2929 radicum
1608 2879 1875 2936 binarium
1907 2885 2053 2938 adir-

464 2954 595 3015 inct,
636 2948 889 3024 idemque
922 2956 973 3008 in
1010 2960 1177 3015 rebus
1211 2962 1345 3031 ipsis
1385 2965 1679 3024 divortium
1711 2976 2045 3030 constituat:

464 3038 579 3093 haec
629 3044 794 3101 enim.
833 3056 893 3100 ut
933 3059 1089 3103 antea
1124 3046 1385 3120 diximus,
1435 3075 1691 3129 separare
1725 3068 2040 3124 contendit:

465 3140 523 3183 iit
548 3133 649 3187 hoc
684 3136 846 3207 igitur
862 3144 1197 3211 comprobet,
1228 3148 1467 3216 obiicere
1499 3153 1630 3207 illud
1662 3172 1768 3209 non
1806 3169 2044 3215 veretur.
2077 3182 2121 3242 (ς

466 3221 508 3242 υ
547 3232 560 3242 ,
723 3229 731 3238 .
856 3232 889 3242 ._
977 3232 1018 3242 ..

466 3221 654 3289 Vetus,
720 3229 916 3299 inquit,
977 3232 1386 3292 Teslainentnm
1438 3243 1510 3295 ita
1551 3246 1793 3313 loquitur
1830 3268 1843 3301 :
1875 3251 2049 3304 Meum

461 3322 539 3366 est
568 3332 778 3380 aurum,
810 3338 978 3374 meum
1006 3333 1084 3377 est
1119 3340 1391 3396 argentum
1418 3333 1438 3363 ⁵
1469 3374 1484 3397 ,
1538 3334 1747 3390 Novum
1806 3350 1997 3395 contra
2033 3362 2045 3398 :

463 3405 615 3458 Beati
646 3424 896 3478 pauperes
927 3418 1143 3483 spiritu,
1174 3423 1421 3489 quoniam
1442 3425 1678 3491 ipsorum
1706 3437 1787 3482 est
1834 3448 2048 3501 regnum

461 3499 709 3554 metarum
748 3504 789 3558 °.
826 3506 937 3561 Nec
993 3508 1126 3564 illud
1167 3512 1335 3576 videt,
1375 3516 1539 3568 etiam
1590 3518 1644 3571 in
1688 3499 2047 3580 Vetere‘illud

461 3603 584 3642 esse
614 3592 821 3646 dictum
862 3613 874 3648 :
912 3596 1061 3652 Dives
1084 3608 1132 3652 et
1182 3616 1382 3668 pauper
1412 3619 1757 3663 occurrerunt
1785 3613 2003 3669 invicem
2026 3634 2047 3682 ;

467 3679 720 3736 Dominus
748 3696 924 3740 autent
952 3691 1132 3747 ambos
1162 3694 1285 3763 fecit
1317 3697 1361 3749 ⁷.
1383 3697 1480 3750 Cui
1519 3707 1571 3754 ct
1599 3700 1811 3757 Novum
1853 3704 2046 3763 Testa-

459 3782 1073 3849 nien!nni‘astipulatur,
1097 3785 1276 3856 inquo
1313 3804 1706 3862 nonnunquam
1736 3798 1829 3865 qui
1868 3801 2044 3871 reipsa

466 3880 728 3935 pauperes
783 3880 933 3935 sunt,
970 3874 1155 3933 felices
1190 3879 1594 3950 praedicantur;
1642 3887 1778 3943 alias
1806 3891 1899 3959 qui
1935 3893 2046 3962 spi-

459 3957 568 4010 ritu
601 3975 869 4031 pauperes
904 3977 1053 4031 snnt,
1096 3985 1205 4038 quo
1245 3972 1501 4027 nimirum
1537 3978 1755 4047 utrique
1806 3982 1892 4037 vis
1943 4000 2042 4038 sua

458 4059 758 4116 constaret,
807 4063 968 4126 atque
997 4067 1055 4112 ut
1093 4060 1283 4117 Petrus
1319 4081 1440 4117 cum
1471 4068 1753 4125 sodalibus
1799 4074 1915 4130 suis
1953 4091 2044 4131 vc-

456 4155 572 4194 rani
604 4144 871 4200 bonorum
896 4149 1134 4219 inOpiaiii
1179 4155 1474 4224 praedicare
1509 4161 1791 4229 gloriando
1832 4178 2033 4234 posset,

453 4231 760 4302 Argentum,
793 4240 988 4309 inquit,
1023 4252 1072 4295 et
1097 4261 1286 4299 aurum
1320 4263 1423 4301 non
1459 4260 1536 4303 est
1558 4254 1687 4306 milii
1714 4270 1732 4307 :
1753 4257 1893 4326 quod
1944 4277 2042 4312 au-

457 4330 555 4375 tem
588 4326 776 4394 habeo,
799 4330 895 4384 hoc
923 4334 1017 4386 tibi
1046 4336 1133 4390 do.
1163 4336 1225 4391 In
1244 4341 1593 4397 nomineJesu
1627 4344 1829 4401 Christi
1861 4367 2037 4421 surge,

454 4422 503 4465 et
550 4417 765 4473 ambula
797 4422 840 4475 ³.
869 4422 935 4476 Ut
965 4428 1111 4495 quod
1168 4430 1389 4499 egentes
1448 4449 1512 4488 ac
1570 4453 1841 4508 pauperes
1897 4417 2038 4497 beati

453 4517 578 4559 esse
604 4508 882 4580 dicuntur,
927 4532 1052 4571 cum
1095 4535 1162 4574 eo
1198 4538 1307 4577 non
1344 4538 1632 4597 repugnet,
1659 4532 1805 4601 quod
1849 4532 2038 4588 eadem
2073 4541 2115 4594 D

455 4593 547 4648 illa
576 4601 770 4668 spiritu
797 4609 1134 4677 pauperibus
1172 4593 1422 4674 beatitas
1447 4593 1746 4689 tribuitur;
1777 4624 1869 4693 qui
1913 4640 2038 4678 cum

454 4692 720 4746 nonnulla
762 4693 888 4764 jure
936 4702 1285 4770 possideant,
1347 4724 1617 4778 pauperes
1682 4713 2038 4770 nihilominus

454 4779 623 4835 animi
654 4788 1026 4846 moderatione
1059 4805 1114 4849 et
1144 4796 1453 4853 humilitate
1480 4800 1741 4856 dicuntur
1769 4821 1782 4856 ε
1811 4803 1877 4856 de
1911 4806 2036 4874 qui-

451 4871 557 4927 bus
595 4874 707 4930 liaac
736 4881 1054 4951 accipienda
1086 4897 1216 4942 sunt
1253 4908 1266 4943 :
1306 4890 1550 4954 Esurivi,
1588 4903 1635 4946 et
1663 4895 1884 4950 dedistis
1907 4899 2037 4952 milii

453 4964 808 5035 manducare;
861 4974 1023 5039 siiivi,
1073 4986 1123 5031 et
1180 4987 1363 5045 potum
1406 4981 1534 5032 mihi
1562 4982 1783 5038 dedistis
1821 4987 1864 5039 ’.
1895 4985 2031 5042 Tum

455 5053 589 5109 illud
618 5058 829 5129 adjicit,
892 5082 955 5121 ex
988 5069 1073 5123 his
1118 5086 1239 5139 qum
1273 5072 1378 5126 sibi
1413 5074 1774 5140 suppetebant
1804 5077 1927 5135 illos
1959 5080 2036 5136 fe—

452 5149 612 5202 cisse.
654 5147 918 5223 Vides,ut
942 5158 995 5211 in
1028 5157 1220 5214 Vetere
1244 5176 1309 5215 ac
1339 5160 1491 5216 Novo
1522 5162 1875 5222 Testamento
1894 5186 2035 5226 unus

454 5237 705 5311 idemque
759 5245 999 5315 Spiritus
1058 5265 1358 5320 pauperem
1393 5254 1733 5327 divitenique
1763 5259 2033 5332 designet,

452 5337 616 5400 atque
662 5343 722 5388 ut
769 5339 930 5393 ambo
961 5356 991 5393 a
1029 5340 1319 5399 Salvatore
1367 5350 1866 5408 commendentur?
1898 5355 2035 5410 Cum

455 5424 600 5477 enim
632 5426 687 5481 in
730 5433 1178 5503 gazophylacium
1207 5436 1513 5495 intenderet
1538 5442 1606 5508 ¹⁰,
1642 5447 2028 5505 animadvertit

455 5529 552 5571 eos
582 5520 675 5588 qui
711 5522 907 5592 stipem
934 5524 987 5578 in
1017 5529 1469 5602 gazophylacium
1506 5536 1897 5610 imminerent;
1930 5560 2030 5601 nec

528 5694 630 5783 ‘_ll
654 5698 783 5783 (ξοςζ
822 5716 905 5769 in,
940 5703 989 5757 7.
1069 5706 1313 5783 "Exod.
1343 5728 1433 5777 xx,
1471 5713 1538 5768 15
1575 5734 1589 5781 ;
1633 5717 1789 5773 Deut.
1820 5736 1871 5783 ν,
1910 5722 1992 5776 l7.

457 5780 509 5835 γ,
560 5767 615 5824 5.
691 5767 901 5829 'Prov.
944 5790 1079 5844 uti,
1106 5778 1159 5833 2.
1237 5781 1259 5811 ⁸
1288 5767 1534 5853 Act.'iii,
1561 5767 1615 5840 6.

2226 2706 2305 2760 Π’.
2349 2704 2481 2763 Εἶτα
2530 2711 2691 2765 πάλιν
2722 2714 3177 2785 ἐπιλαμϐάνεται,
3214 2716 3300 2768 ἵνα
3333 2719 3736 2792 παρεισενέγκῃ

2151 2796 2245 2850 δύο
2278 2800 2585 2871 προσώπων
2614 2807 2836 2876 ἀγωγὴν
2862 2808 2999 2878 πρὸς
3029 2807 3289 2861 σύστασιν
3311 2809 3410 2879 τῆς
3426 2810 3556 2882 παρ’
3585 2812 3738 2882 αὑτῷ

2152 2887 2456 2961 λεγομένης
2483 2894 2692 2960 δυάδος,
2719 2898 2827 2949 τῶν
2854 2915 2913 2949 τε
2953 2898 3045 2950 δύο
3072 2898 3306 2967 φύσεων,
3336 2901 3519 2970 ἀρχῶν
3546 2920 3607 2954 τε
3640 2904 3735 2956 ἀν-

2152 2980 2334 3051 άρχων
2383 2985 2477 3037 καὶ
2521 2986 2705 3055 ῥιζῶν,
2741 2981 2816 3042 ὧν
2855 2990 2954 3061 ἤδη
2986 2993 3248 3062 πρότερον
3296 2994 3624 3065 εἰρήκαμεν,
3664 2997 3735 3051 τὰ

2153 3073 2314 3143 ὅμοια
2344 3076 2664 3149 βουλόμενος
2695 3080 2875 3150 λέγειν
2913 3083 3005 3135 ἐπὶ
3036 3084 3294 3155 διαιρέσει
3320 3084 3428 3139 τῶν
3465 3089 3729 3159 πραγμά-

2154 3182 2287 3219 τωνο
2316 3168 2542 3241 διαιρεῖν
2571 3171 2743 3236 οὕτως
2773 3174 3006 3245 τολμῶν,
3043 3177 3143 3229 οὐκ
3173 3177 3406 3231 αἰδεῖται
3429 3178 3627 3248 λέγων,
3654 3182 3735 3235 ὅτι

2178 3259 2240 3310 Ἠ
2268 3260 2479 3315 Παλαιὰ
2503 3258 2686 3317 εἷπεψ
2737 3266 2909 3335 Ἐμὸν
2943 3268 3007 3319 τὸ
3039 3271 3318 3336 χρυσίον,
3357 3271 3456 3324 καὶ
3495 3272 3644 3342 ἐμὸν
3667 3274 3734 3327 τὸ

2156 3352 2456 3419 ἀργύριον,
2493 3357 2526 3425 ὴ
2593 3356 2650 3408 δὲ
2688 3359 2864 3429 Καινὴ
2904 3360 3144 3432 Διαοήκη
3199 3360 3376 3430 λέγει’
3442 3363 3735 3433 Μακάριοι

2156 3442 2211 3491 οἱ
2246 3442 2467 3509 πτωχοὶ
2496 3446 2809 3513 πνεύματι,
2841 3447 2930 3499 ὅτι
2954 3449 3153 3501 αὐτῶν
3176 3450 3348 3503 ἐστιν
3376 3452 3415 3519 ἡ
3439 3453 3734 3516 ,βασιλειά

2154 3529 2273 3582 τῶν
2324 3531 2617 3599 οὐρανῶν.
2659 3535 2819 3589 Ἀλλὰ
2857 3538 2956 3591 οὐκ
3001 3538 3161 3603 οἶδεν,
3199 3542 3281 3595 ὅτι
3315 3544 3409 3596 καὶ
3448 3545 3480 3615 ἡ
3517 3545 3733 3599 Παλαιὰ

2155 3625 2315 3678 πάλιν
2364 3626 2540 3696 λέγεισ
2586 3632 2887 3698 Πλούσιος
2942 3635 3042 3687 καὶ
3095 3636 3284 3704 πένης
3328 3639 3734 3708 συνήντησαν

2151 3716 2467 3784 ἀλλήλοις
2497 3722 2530 3773 ό
2558 3720 2626 3773 δὲ
2649 3723 2865 3789 Κύριος
2892 3725 3034 3791 τοὺς
3060 3728 3432 3798 ἀμφοτέρους
3454 3731 3727 3800 ἐποίησε.

2152 3809 2262 3860 Καὶ
2304 3812 2337 3880 ἠ
2374 3810 2550 3882 Καινὴ
2588 3814 2829 3886 ΔιαΟήκη
2861 3817 2923 3870 τὸ
2959 3819 3090 3872 αὐτὸ
3142 3826 3450 3892 συμφωνεῖ,
3489 3826 3729 3897 μακαρί-

2152 3901 2318 3965 ζουσα
2361 3909 2457 3976 μὲν
2503 3907 2630 3971 τοὺς
2674 3913 2944 3980 πτωχοὺς,
2975 3913 3160 3967 ἄλλοτε
3204 3917 3329 3980 τοὺς
3374 3919 3625 3988 πτωχοὺς
3651 3917 3730 3989 τῷ

2151 3997 2443 4066 πνεύματι,
2480 4000 2567 4053 ἵνα
2592 4001 2660 4054 τὰ
2687 4003 2972 4073 ἀμφότερα
3001 4005 3255 4079 ἐξισχύσῃ
3277 4026 3292 4040 ·
3336 4008 3423 4062 ἵνα
3459 4011 3553 4062 καὶ
3600 4027 3729 4063 καυ-

2149 4088 2383 4157 χώμενοι
2417 4092 2465 4143 ot
2505 4091 2632 4163 περὶ
2665 4091 2871 4162 Πέτρον
2908 4092 3122 4159 δείξωσι
3165 4096 3261 4167 τὴν
3289 4097 3548 4170 ἀληθινὴν
3576 4118 3724 4153 πτω-

2148 4179 2321 4248 χείαν,
2375 4180 2456 4232 ὅτι
2512 4182 2820 4251 Ἀργύριον
2854 4184 2953 4236 καὶ
3002 4188 3263 4254 χρυσίον
3306 4192 3418 4259 οὐχ
3468 4194 3727 4264 ὑπάρχει

2141 4287 2244 4337 μοι
2265 4287 2279 4300 ·
2318 4270 2350 4323 ὃ
2379 4271 2447 4324 δὲ
2468 4273 2606 4341 ἔχω,
2641 4273 2816 4328 τοῦτό
2848 4294 2948 4331 σοι
2977 4278 3184 4351 δίδωμι
3207 4297 3220 4312 ⁸
3255 4283 3325 4335 ἐν
3363 4283 3442 4349 τῷ
3482 4286 3727 4356 ὀνόματι

2161 4361 2362 4428 Ἰησοῦ
2391 4365 2650 4431 Χριστοῦ
2681 4366 2937 4434 ἀνάστα,
2979 4373 3077 4425 καὶ
3112 4372 3418 4441 περιπάτει
3438 4392 3451 4404 ⁸
3499 4377 3588 4430 ἵνα
3622 4377 3723 4447 φύ-

2150 4468 2231 4504 σει
2262 4452 2354 4506 τὸν
2396 4456 2740 4526 μακαρισμὸν
2792 4460 2898 4512 τῶν
2945 4465 3177 4533 πτωχῶν
3210 4467 3426 4539 σημάνῃ
3456 4467 3531 4540 μὴ
3570 4471 3723 4524 ἀντί-

2145 4539 2297 4594 Θετον
2325 4542 2636 4614 ὑπάρχοντα
2659 4548 2795 4618 πρὸς
2825 4550 2918 4603 τὸν
2956 4555 3305 4625 μακαρισμὸν
3350 4557 3459 4611 τῶν
3491 4560 3725 4632 πτωχῶν

2147 4632 2285 4685 κατὰ
2319 4635 2534 4706 πνεῦμα
2556 4655 2567 4667 υ
2602 4638 2798 4705 οἵτινες
2827 4643 2926 4713 μέν
2951 4645 3059 4698 είσι
3087 4648 3417 4718 κεκτημένοι
3443 4651 3566 4704 τινὰ
3585 4653 3725 4723 μετὰ

2143 4722 2508 4797 δικαιοσύνης,
2539 4732 2744 4801 πτωχοὶ
2761 4733 2817 4786 δέ
2848 4736 2955 4788 εισι
2985 4740 3565 4810 ταπεινοφρονοῦντες⁶
3592 4722 3725 4817 περὶ

2141 4805 2215 4866 ὧν
2252 4815 2436 4885 ἔλεγεν
2459 4837 2470 4848 ·
2502 4820 2851 4894 Ἐπείνασα,
2881 4827 2979 4881 καὶ
3031 4805 3291 4897 ἐδώκατέ
3322 4852 3423 4903 μοι
3475 4805 3723 4906 φαγεῖκ·

2138 4906 2424 4977 ἐδίψησα,
2474 4913 2575 4968 καὶ
2621 4916 2941 4974 ἐποτίσατέ
2982 4940 3089 4991 με,
3143 4924 3239 4978 καὶ
3274 4924 3343 4979 τὰ
3396 4925 3541 4999 ἑξῆς.
3593 4925 3723 4985 Εἶτα

2143 5002 2341 5072 φράζει
2368 5004 2562 5074 λέγων,
2593 5009 2675 5063 ὅτι
2703 5006 2848 5066 οὗτοι
2869 5015 3132 5085 ἐποίησαν
3154 5019 3219 5071 ὲκ
3243 5018 3351 5071 τῶν
3368 5019 3722 5092 ὑπαρχόντων

2142 5095 2345 5160 αὐτοῖς.
2378 5100 2489 5152 Καὶ
2518 5101 2743 5174 θεωρείς
2777 5103 2835 5157 ἒν
2873 5106 2969 5160 καὶ
3005 5107 3066 5162 τὸ
3104 5109 3238 5163 αὐτὸ
3262 5110 3487 5181 Πνεῦμα
3521 5112 3578 5164 ὲν
3612 5113 3718 5167 Πα-

2141 5184 2304 5260 λαιᾷ,
2369 5192 2585 5263 πτωχὸν
2629 5192 2875 5247 δεικνύον
2911 5197 3004 5249 καὶ
3047 5197 3334 5260 πλούσιον,
3378 5198 3492 5270 ἅμα
3536 5200 3632 5253 καὶ
3664 5202 3722 5252 ὲν

2142 5280 2314 5352 Καινῇ
2346 5283 2621 5357 Διαθήκῃ;
2650 5285 2712 5339 τὸ
2741 5287 2874 5340 αὐτὸ
2898 5288 2974 5353 ὡς
3013 5291 3110 5343 καὶ
3138 5290 3166 5342 ὁ
3196 5290 3385 5362 Σωτὴρ
3415 5293 3630 5346 ἐπαινεῖ
3653 5291 3720 5345 τὸ

2139 5371 2447 5446 ἀμφότερα.
2504 5377 2799 5448 Προσέχων
2852 5380 2962 5452 γὰρ
3031 5380 3112 5452 τῷ
3168 5380 3589 5454 γαζοφυλακίῳ,
3644 5383 3719 5437 ῑδε

2134 5464 2260 5527 τοὺς
2290 5465 2583 5535 βάλλοντας
2626 5471 2706 5534 εἰς
2749 5470 2841 5524 τὸν
2902 5472 3219 5544 κορϐωνᾶνο
3262 5474 3357 5527 καὶ
3388 5474 3488 5528 οὐκ
3512 5475 3718 5545 ἀπηγό-

2138 5565 2300 5618 ρευσε
2345 5550 2618 5608 πλουσίων
2650 5555 2719 5610 τὰ
2756 5556 2990 5628 δόματα,
3019 5558 3250 5631 ἐπῄνεσε
3283 5558 3341 5613 δὲ
3376 5561 3471 5614 καὶ
3517 5559 3620 5630 τὴν
3650 5560 3719 5615 τὰ

2091 5724 2111 5755 ³
2142 5725 2271 5812 i_b_id.
2303 5745 2456 5812 sqq.“
2500 5731 2522 5763 δ
2557 5732 2748 5791 Matth.
2773 5751 2833 5812 _v_,
2858 5737 2947 5791 59.
3025 5739 3045 5771 ⁸
3078 5738 3214 5812 Agg.
3246 5752 3308 5806 tt,
3337 5740 3391 5797 9.
3458 5740 3482 5774 ‘
3513 5739 3710 5810 Matth.

1721 5790 1742 5821 ⁹
1769 5789 1960 5846 Matth.
1995 5809 2120 5863 xxv,
2143 5798 2231 5852 55.

2314 5800 2357 5831 ³⁸
2413 5801 2580 5859 Marc.
2617 5821 2719 5873 ιιι,
2759 5807 2820 5860 Μ
2852 5824 2973 5879 sqq.
