4008 6240
488 356 594 414 159
1827 363 1885 423 s.
1913 363 2258 424 meum“
3641 354 3749 414 £60

488 473 542 526 in
573 469 807 541 aliquam
857 485 923 525 ex
971 468 1166 526 diebus
1221 472 1333 529 illis
1382 473 1689 530 incurrisse
1732 472 2058 530 Sabbatum.

2182 476 2253 530 Γνα
2277 474 2425 549 δείξῃ
2453 473 2618 529 αὑτοῦ
2646 473 2708 528 τὸ
2731 472 2947 545 θέλημα
2985 473 3086 545 τῆς
3114 471 3574 544 θαυματουργίας.
3605 474 3745 525 Οῠτι

489 563 593 618 Sed
629 565 732 618 hoc
761 563 851 617 Dei
878 563 1133 619 mandato
1162 563 1369 619 factum
1414 576 1520 630 est,
1555 576 1617 621 ut
1654 582 1778 637 qua:
1809 566 2056 637 prodigia

2182 567 2267 639 ’ἀρ
2293 567 2551 638 μηχαναὶ,
2583 564 2708 619 οὕτε
2735 566 2985 637 μάγγανα
3007 562 3096 637 ἦν,
3131 566 3193 619 οὐ
3216 563 3363 636 κριοὶ
3382 604 3397 627 ,
3424 564 3527 633 οὑχ
3551 560 3741 614 ἑλεπό-

487 667 551 706 ac
609 653 872 707 miracula
917 653 1095 708 moliri
1118 656 1462 720 decreverat,
1501 658 1834 713 ostenderet.
1882 656 2057 711 Nulla:

2182 676 2275 723 »εις
2293 676 2308 692 ’
2336 659 2473 714 ἀλλὰ
2501 660 2636 731 μόνῃ
2662 662 2813 730 φωνῇ
2844 659 3141 728 σάλπιγγος
3167 655 3464 728 κερατίνης
3485 654 3582 709 καὶ
3608 654 3741 724 εὐχῇ

486 748 601 794 tum
632 741 742 794 illic
783 743 1071 808 machinae,
1124 745 1257 798 nulli
1305 747 1525 811 arietes,
1548 747 1695 800 nulla
1722 745 2056 802 subroendis

2182 748 2378 805 δικαίου
2409 749 2700 821 ἑκλίθησαν
2732 749 3113 804 καταπεσόντα
3137 747 3205 801 τὰ
3237 747 3391 817 τείχη
3431 746 3544 798 τῶν
3577 746 3739 797 ὑπενο

484 832 757 886 mmnibus
785 833 1175 898 instrmnenta,
1210 836 1305 890 sed
1351 837 1466 891 sola
1518 837 1658 891 lub:e
1683 852 1895 892 corneae
1931 850 2064 891 voce

2182 838 2378 894 ιντιων.
2413 839 2557 893 Ἔδει
2582 840 2692 912 γὰρ
2712 840 2908 902 αὐτοὺς
2936 838 3330 910 τιμωρηθῆναι,
3358 836 3543 907 ἐπειδὴ
3583 834 3745 902 ὲπλητ

485 933 552 973 ac
577 922 680 974 viri
706 922 839 989 justi
875 922 1128 991 precibus
1176 924 1357 979 diruta
1395 927 1637 981 hostium
1684 929 1885 981 mmnia
1926 941 2062 981 con—

2182 927 2421 998 οώθησαν
2438 930 2497 982 ai.
2524 928 2786 999 ἁμαρτίαι
2810 928 2918 980 τῶν
2954 928 3315 999 ’Δμορῥαίων.

484 1012 761 1068 ciderunt.
816 1015 966 1080 Quos
1026 1018 1245 1087 quidem
1298 1020 1486 1076 hostes
1535 1022 1686 1077 luere
1729 1022 2062 1092 supplicium
2130 1023 2455 1093 oportebat,
2523 1024 2967 1096 quandoquidem
3024 1022 3463 1077 Amorrhaeorum
3515 1029 3738 1090 peccata

486 1106 710 1173 impleta
741 1107 955 1161 fuerant
985 1110 1026 1163 ί.

556 1203 815 1258 LXXXII.
852 1205 959 1261 Lex
979 1209 1123 1263 enim
1149 1209 1414 1264 adversus
1443 1209 1651 1263 scelera
1676 1208 1883 1278 judieis
1910 1209 2060 1263 vices

487 1295 692 1360 obibat,
747 1304 798 1351 et
837 1298 1138 1369 unicuique
1190 1315 1289 1370 pro
1317 1316 1540 1355 suormu
1584 1316 1810 1370 operum
1866 1302 2062 1356 merito

488 1392 837 1461 rependebat.
875 1393 1173 1448 Amorrlnei
1198 1410 1361 1465 porro
1392 1410 1514 1450 sese
1543 1396 1784 1465 peccatis
1815 1395 2063 1450 obstrin-

487 1491 704 1547 xerant,
734 1497 797 1538 ac
822 1483 947 1552 jura
991 1486 1281 1551 violarant,
1311 1486 1455 1555 quod
1490 1493 1679 1539 contra
1699 1486 2063 1554 jurisjurandi

490 1571 649 1628 ﬁdem
708 1584 953 1644 egerant.
1007 1575 1082 1630 De
1112 1591 1221 1645 quo
1263 1593 1388 1631 cum
1435 1577 1542 1630 alio
1584 1577 1704 1631 loco
1738 1576 2060 1637 dixerimus,

486 1664 641 1735 juvat
669 1672 847 1720 tamen
884 1667 1071 1722 eadem
1126 1668 1231 1722 hoc
1260 1668 1382 1723 loco
1415 1683 1740 1737 proponere.
1777 1667 2063 1734 Ejusmodi

490 1757 691 1826 quippe
742 1765 889 1815 sunt.
923 1775 1044 1828 quae
1090 1759 1144 1812 in
1182 1766 1435 1829 promptu
1470 1758 1750 1812 Manielnei
1790 1758 2065 1812 calliditas

2235 1202 2361 1259 HB'.
2401 1203 2669 1268 Δικαστὴς
2704 1204 2814 1274 γὰρ
2836 1194 2907 1270 ἦν
2931 1203 2960 1255 ό
3000 1202 3162 1273 νόμος
3195 1201 3339 1255 κατὰ
3373 1202 3472 1272 τῆς
3504 1204 3743 1271 ἀδικίας,

2166 1300 2261 1349 καὶ
2288 1294 2503 1365 ἑκάστῳ
2534 1294 2786 1348 ἀπεδίδου
2823 1292 2965 1347 κατὰ
2987 1292 3054 1345 τὰ
3095 1292 3201 1345 ἴδια
3228 1292 3385 1363 ἔργα.
3419 1295 3529 1347 Καὶ
3552 1296 3745 1366 ἐπειδὴ

2167 1388 2225 1439 ὲν
2252 1386 2545 1458 ἁμαρτίαις
2591 1384 2888 1456 ἐτύγχανον
2920 1386 2971 1437 οἱ
3013 1385 3352 1457 Ἀμορῤαἴοι,
3392 1385 3451 1438 ἐν
3487 1387 3748 1458 παραϐά-

2171 1494 2252 1529 σει
2276 1477 2579 1545 γεγονότες,
2610 1477 2706 1530 καὶ¹
2731 1474 3099 1547 ἀρνησάμενοι
3124 1475 3212 1529 τὸν
3228 1476 3388 1547 ὅρκον
3412 1476 3470 1529 ὃν
3500 1475 3745 1547 ὤμοσαν,

2167 1566 2244 1630 ὡς
2274 1567 2368 1620 καὶ
2397 1568 2500 1639 ἠδη
2529 1566 2663 1639 ἄλλῃ
2691 1566 2794 1619 πού
2826 1583 2916 1636 μοι
2945 1566 3161 1636 εἴρηται
3184 1584 3202 1597 υ
3236 1567 3389 1621 οὐδὲν
3417 1568 3474 1621 δὲ
3512 1567 3749 1641 λυπήσει

2169 1659 2262 1712 καὶ
2293 1658 2525 1712 ἐνταῦθα
2544 1658 2613 1712 τὰ
2634 1656 2774 1711 αὐτὰ
2805 1655 3166 1728 παραθέσθαι.
3188 1657 3375 1711 Ταῦτα
3398 1657 3507 1728 γάρ
3535 1660 3654 1712 ἐστι
3680 1658 3752 1712 τὰ

2171 1750 2437 1821 πρόχειρα
2470 1750 2570 1820 τῆς
2598 1749 2693 1802 τοῦ
2726 1749 2885 1821 Μάνη
2919 1749 3244 1820 δεινότητος,
3268 1750 3352 1802 ὅτι
3377 1748 3538 1813 καλὸς
3559 1752 3589 1804 ό
3615 1750 3757 1815 Θεὸς

491 1845 650 1915 703
679 1847 861 1901 habet.
900 1827 1228 1902 Prmelaruin
1258 1827 1408 1908 vero,
1459 1848 1658 1916 inquit,
1695 1848 1829 1917 legis
1876 1846 2066 1913 Deum,

2182 1841 2263 1895 τοῦ
2302 1842 2493 1913 νόμου,
2528 1843 2587 1906 δς
2632 1843 2928 1896 ὲσκύλευσε
2972 1842 3070 1913 μὲν
3103 1844 3229 1905 τοὺς
3259 1836 3613 1910 Αἰγυπτίους,
3658 1843 3751 1908 ἐξ·

490 1939 585 2006 qui
628 1947 679 1991 et
719 1937 1100 2008 Egyptiorum
1144 1954 1280 2009 opes
1332 1938 1604 2008 praedatus
1651 1946 1755 2001 est,
1797 1945 1851 1992 et
1879 1937 2069 1990 Amor-

491 2028 674 2095 rhazis,
700 2028 999 2099 Gergezmis
1054 2046 1119 2084 ac
1148 2031 1371 2100 reliquis
1393 2031 1647 2100 gentibus
1672 2030 1883 2097 ejectis,
1908 2044 2071 2099 agros

492 2121 711 2174 illarum
738 2120 1003 2177 lsraelitis
1033 2122 1296 2176 attribuit.
1317 2121 1420 2187 Qui
1442 2122 1543 2177 hoc
1566 2122 1880 2176 mandatum
1898 2120 2070 2182 dedit,

496 2209 619 2264 Non
668 2213 998 2280 concupisces
1048 2215 1094 2275 ²,
1146 2212 1424 2281 quomodo
1488 2211 1596 2265 illis
1632 2212 1807 2265 aliena
1849 2212 2072 2280 largitus

492 2301 623 2355 est?
675 2302 823 2356 Adeo
876 2317 1005 2356 vero
1053 2302 1201 2357 rudis
1258 2309 1365 2366 est,
1414 2311 1468 2354 ut
1508 2301 1649 2355 istud
1690 2316 1798 2354 non
1842 2299 2063 2356 videat.

494 2389 772 2446 lsraelitas
807 2400 1007 2446 terram
1045 2407 1200 2446 suam
1241 2407 1615 2462 recuperasse,
1662 2406 1824 2461 quam
1857 2391 1933 2444 illi
1964 2405 2062 2460 per

493 2480 604 2534 vim
644 2481 980 2549 eripuerant,
1013 2496 1188 2552 eaque
1239 2488 1423 2549 capta,
1452 2496 1571 2551 quae
1612 2481 1754 2536 inter
1786 2481 1910 2535 illos
1935 2495 2070 2534 con—

496 2582 785 2637 venerant,
841 2587 1072 2642 quaéque
1126 2574 1344 2627 sincere
1390 2580 1444 2627 et
1497 2573 1828 2643 interposito
1863 2572 2074 2640 jureju-

496 2662 668 2715 rando
701 2662 907 2716 sancita
938 2660 1172 2723 fuerant,
1204 2677 1327 2716 esse
1366 2662 1656 2717 vindicata.
1691 2660 1900 2716 Etenim
1937 2661 2073 2726 Noe,

497 2771 529 2810 a
560 2756 765 2810 diluvio
816 2772 939 2809 cum
984 2772 1156 2811 uxore
1230 2757 1519 2823 tribusque
1571 2757 1696 2811 ﬁliis
1740 2771 1803 2810 ac
1849 2755 2073 2810 totidem

499 2848 727 2903 nuribus
753 2856 1029 2910 servatus,
1065 2848 1251 2902 orbem
1296 2856 1561 2903 terrarum
1583 2849 1892 2902 universmn
1922 2848 2074 2902 solus

500 2936 554 2991 in
587 2945 700 2992 tres
728 2937 951 2999 liberos,
1017 2937 1165 3002 Sem,
1198 2937 1366 2992 Cham
1396 2947 1452 2994 et
1482 2938 1677 3009 Japhet
1698 2943 1931 3008 partitus
1963 2949 2072 3003 est,

493 3030 661 3100 jaclis
699 3030 843 3100 apud
911 3029 1415 3086 Rhinocorurorum
1471 3031 1731 3103 oppidum
1790 3032 2071 3099 sortibus,

2173 1934 2332 1987 ἐϐαλε
2360 1935 2417 1988 δὲ
2456 1934 2815 2006 Ἀμορραίους
2850 1934 2947 1987 καὶ
2976 1933 3356 2002 Γεργεσαίους,
3388 1935 3482 1987 καὶ
3514 1934 3754 2016 eam;

2172 2025 2324 2095 ἔθνη,
2351 2028 2447 2081 καὶ⁸
2478 2027 2646 2081 ἔδωκε
2676 2027 2777 2097 τὴν
2805 2026 2910 2095 γῆν
2949 2026 3131 2079 αὐτῶν
3176 2028 3291 2090 τοῖς
3334 2027 3469 2089 υίοῖς
3508 2025 3747 2098 Ἰσραήλ.

2183 2116 2241 2172 'U
2267 2117 2460 2186 λέγων,
2491 2117 2586 2185 Μὴ
2629 2116 3029 2185 ἐπιθυμήσῃς,
3072 2116 3191 2179 πῶς
3231 2116 3427 2170 ἔδωκεν
3454 2118 3639 2182 αὐτοῖς
3682 2118 3753 2172 τὰ

2173 2209 2461 2279 ἀλλότρια;
2494 2208 2732 2280 Καιούκ
2765 2204 2905 2261 οἶδεν
2927 2210 2954 2260 ὁ
2990 2207 3223 2277 ἰδιώτης,
3244 2209 3327 2261 ὅτι
3355 2208 3452 2279 τὴν
3482 2208 3621 2262 ἰδίαν
3647 2210 3755 2279 γῆν

2174 2301 2509 2372 ἀπειλήφασι
2540 2299 2953 2371 διηρπασμένην
2988 2299 3083 2353 ἀπ’
3112 2299 3311 2365 αὐτῶν,
3342 2301 3437 2353 καὶ
3465 2300 3751 2372 ὲξεδικήθη

2173 2393 2242 2446 τὰ
2271 2392 2474 2463 μεταξὺ
2520 2391 2765 2463 ἀλλήλων
2813 2390 3076 2460 γινόμενα
3120 2392 3180 2442 ὲν
3208 2391 3319 2461 ὅρῳ
3363 2389 3623 2461 ἀληθείας
3659 2393 3754 2446 καὶ

2174 2485 2341 2555 ὅρκῳ.
2373 2481 2497 2536 Νῶε
2525 2483 2656 2553 γὰρ,
2690 2481 2886 2545 σωθεὶς
2924 2480 3031 2534 ἀπὸ
3063 2480 3158 2534 τοῦ
3192 2480 3578 2553 κατακλυσμοῦ
3613 2482 3752 2554 (58),

2176 2574 2272 2627 καὶ
2292 2575 2328 2644 ἡ
2358 2573 2524 2626 αὑτοῦ
2554 2571 2784 2643 σύμϐιος
2816 2573 2912 2625 σὺν
2939 2574 3051 2634 τοῖς
3078 2571 3257 2642 τρισὶν
3287 2572 3422 2635 υἱοῖς
3447 2572 3635 2636 αὑτοῦ,
3660 2573 3759 2627 καὶ

2175 2662 2324 2733 τρισὶ
2357 2660 2617 2731 νύμφαις,
2657 2660 2818 2732 μόνος
2848 2659 3074 2730 διαιρῶν
3094 2659 3187 2714 τὸν
3206 2660 3383 2714 πάντα
3406 2660 3611 2731 κόσμον
3637 2666 3750 2725 τοῖς

2174 2753 2351 2826 τρισὶν
2387 2754 2523 2817 υίοῖς
2561 2751 2751 2816 αὐτοῦ,
2785 2751 2862 2822 τῷ
2905 2740 3046 2822 Σὴμ,
3079 2751 3173 2803 καὶ
3214 2750 3368 2822 Χὰμ,
3420 2752 3515 2805 καὶ
3572 2752 3754 2821 Ἰάφεο

2174 2844 2353 2907 διεῖλε,
2399 2842 2577 2914 βαλὼν
2614 2845 2739 2907 τοὺς
2787 2843 3024 2914 κλήρους
3072 2843 3128 2894 ὲν
3173 2842 3629 2915 Ῥινοκορούροις,
3678 2843 3755 2907 ὡς

2176 2938 2272 2991 καὶ
2296 2940 2328 3008 ή
2360 2936 2648 2991 ἀκολουθία
2685 2936 2819 3006 ἔχει,
2849 2936 2944 2988 καὶ
2969 2935 3121 2989 οὐδὲν
3152 2935 3476 3005 κενόφωνον,
3497 2936 3619 2988 οὐδὲ
3645 2952 3753 2988 πα-

2179 3030 2634 3102 ραπεποιημένον.
2731 3029 3149 3096 Ῥινοκόρουρα
3221 3028 3328 3099 γὰρ
3392 3028 3753 3100 ἑρμηνεύεται

501 3123 577 3176 uti
608 3131 975 3177 consentanea
1026 3122 1168 3176 fama
1199 3124 1475 3194 vulgatum
1522 3130 1627 3187 est,
1663 3124 1751 3176 cui
1793 3123 1929 3176 nihil
1975 3136 2072 3177 va-

2182 3123 2333 3177 Νεέλ.
2369 3123 2480 3176 Καὶ
2510 3121 2652 3175 οὕτω
2684 3122 2844 3190 φύσει
2870 3122 2918 3174 oi
2954 3120 3238 3192 ἐπιχώριοι
3268 3120 3435 3189 αὐτὴν
3465 3120 3751 3175 καλοῦσιν’

499 3229 629 3266 num
659 3214 867 3275 subest,
925 3228 1019 3267 aut
1072 3223 1275 3269 temere
1304 3214 1623 3268 conlictum.
1656 3213 1792 3267 Nam
1816 3212 2076 3268 Rhinoco-

500 3322 627 3358 rura
659 3304 788 3359 Neel
819 3307 1168 3374 interpretari
1196 3306 1398 3376 possis,
1442 3308 1627 3375 itaque
1657 3306 1728 3359 ab
1759 3307 1953 3360 incolis
1986 3321 2079 3377 ap-

500 3395 767 3462 pellatur;
822 3393 1146 3447 Ilebraieum
1182 3402 1362 3447 autem
1418 3394 1741 3449 vocabulum
1788 3407 1950 3449 sortes
2003 3397 2077 3449 si-

500 3484 738 3554 gniﬁcat,
768 3485 913 3552 quod
950 3482 1191 3537 Noemus
1222 3484 1401 3539 tribus
1434 3485 1546 3538 illic
1584 3483 1709 3538 [iliis
1743 3494 1919 3539 sortes
1946 3501 2075 3541 suas

500 3574 821 3643 assignavit,
854 3590 920 3628 ex
951 3574 1150 3643 quibus
1197 3573 1330 3627 exiit
1369 3591 1499 3638 una,
1544 3590 1665 3645 qua:
1708 3582 1877 3629 totum
1923 3576 2073 3630 illum

500 3671 768 3719 terrarum
788 3671 1018 3717 tractmn
1042 3664 1321 3732 complexa
1354 3672 1458 3729 est,
1476 3666 1567 3733 qui
1599 3665 1991 3722 Rhinocoruris
2008 3666 2074 3721 ad

501 3752 679 3808 Gades
695 3753 1023 3816 extenditur,
1057 3754 1404 3823 eoutinetque
1426 3754 1738 3826 Aigyptum,
1770 3756 2076 3827 Mariandy-

507 3861 652 3906 nem,
675 3846 1012 3909 Ammonem,
1039 3844 1283 3916 Libyam,
1304 3845 1700 3909 Marmaricam,
1720 3847 2076 3917 Pentapolim,

509 3936 791 4001 Maculam,
825 3936 1150 4001 Macronem,
1180 3936 1804 4012 Leptemanem,Syrtes,
1825 3939 2082 3996 Maurita-

579 4092 596 4122 ¹
628 4089 763 4147 Gen.
802 4108 890 4156 xv,
924 4091 1014 4147 16.
1088 4095 1109 4125 '
1143 4091 1316 4149 Exod.
1341 4110 1432 4158 xx,
1459 4093 1544 4150 l7.

579 4245 687 4316 (38)
743 4233 870 4301 Νῶε
906 4247 1017 4317 γὰρ
1069 4247 1283 4314 σωθεὶς
1316 4247 1436 4303 ἀπὸ
1485 4248 1590 4303 τοῦ
1626 4247 2076 4318 κατακλυσμοῦ.

512 4315 805 4370 Historiam
830 4315 1051 4372 hanc'et
1075 4318 1227 4374 orbis
1258 4319 1609 4388 partitionem
1634 4320 1856 4388 exponit
1886 4315 1949 4371 in
1967 4318 2077 4388 An-

511 4395 691 4438 corato
720 4387 992 4454 pluribus,
1025 4402 1054 4441 a
1088 4404 1241 4441 num.
1260 4386 1396 4442 104.
1445 4386 1824 4444 Rhinocorura
1853 4403 1953 4442 cur
1978 4386 2082 4441 He-

2177 3216 2285 3269 ἁπὸ
2331 3214 2388 3267 δὲ
2418 3215 2517 3284 τῆς
2556 3213 2834 3283 Ἐϐραΐδος
2863 3211 3224 3283 ἑρμηνεύεται
3258 3210 3470 3280 κλῆροι
3494 3233 3505 3243 -
3538 3215 3755 3284 ὲπειδήο

2177 3322 2284 3375 περ
2307 3307 2335 3358 ό
2357 3305 2481 3357 Νῶε
2510 3305 2627 3357 ἐκεῖ
2656 3303 2816 3356 ἔϐαλε
2851 3304 2980 3366 τοὺς
3011 3301 3245 3373 κλήρους
3270 3306 3382 3365 τοῖς
3408 3304 3591 3372 τρισὶν
3620 3305 3756 3366 υἱοῖς

2179 3394 2367 3460 αὐτοῦ,
2418 3395 2512 3448 καὶ
2558 3395 2828 3448 ὑπέπεσεν
2874 3397 2904 3447 ὁ
2953 3394 3151 3466 κλῆρος
3182 3394 3291 3448 ἀπὸ
3333 3394 3754 3466 Ῥινοκορούρων

2179 3487 2308 3558 ἄχρι
2353 3486 2645 3557 Γαδείρων,
2721 3487 2992 3555 Αἴγυπτον
3062 3485 3229 3555 ἔχων,
3264 3486 3358 3539 καὶ
3403 3487 3751 3557 Μαρειανδύ-

2179 3596 2277 3649 νην
2306 3579 2440 3649 (59),
2485 3581 2575 3632 καὶ
2610 3579 2892 3650 Ἀμμῶνα,
2915 3578 3119 3651 Λιόύην
3168 3597 3226 3633 τε
3281 3581 3375 3633 καὶ
3395 3581 3751 3652 Μαρμαρίδα,

2187 3668 2539 3734 Πεντάπολιν,
2572 3667 2855 3740 Μακὰτην,
2884 3670 3179 3741 Μακρόνην
3209 3686 3268 3722 τε
3312 3670 3407 3723 καὶ
3451 3670 3755 3741 Λεπτημά-

2184 3778 2283 3830 νην
2335 3761 2471 3826 (40),
2520 3762 2750 3832 Σύρτιν,
2799 3761 3177 3832 Μαυριτανίαν
3224 3763 3351 3832 ἄχρι
3406 3760 3516 3813 τῶν
3586 3761 3755 3830 Ἦρα.-

2187 3852 2498 3905 κλεωτικῶν
2547 3852 2756 3922 στηλῶν
2793 3852 3098 3923 λεγομένων
3140 3854 3237 3907 καὶ
3280 3853 3379 3916 τῆς
3422 3852 3529 3905 ἔσω
3573 3852 3759 3907 Γαδεί-

2193 3959 2290 4013 ρης
2325 3942 2458 4013 (41).
2495 3942 2679 3996 Ταῦτα
2718 3942 2786 3996 τὰ
2831 3945 2966 4015 πρὸς
3011 3943 3182 3999 νότον.
3236 3944 3367 3997 Ἀπὸ
3401 3943 3458 3996 δὲ
3512 3945 3754 4017 Ῥινοκοο

2188 4245 2468 4319 inﬂexum.
2527 4236 2660 4298 Nam
2704 4244 2874 4319 Maria
2928 4244 3205 4319 Stephano
3257 4247 3478 4319 Μάρεια
3521 4246 3756 4311 πόλιςθι

2187 4314 2358 4388 λίμνη
2377 4323 2479 4388 est,
2510 4331 2630 4388 quae
2660 4324 2714 4370 et
2756 4314 3037 4388 Maratotis
3064 4317 3263 4372 dicitur
3312 4314 3367 4371 iii
3400 4316 3657 4388 Aigypto,
3688 4319 3757 4375 de

2190 4400 2295 4454 qua
2318 4386 2524 4457 _Strabo
2558 4386 2649 4457 lib.
2674 4400 2806 4440 xvii.
2827 4386 3062 4454 Adjuvat
3088 4388 3457 4457 conjecturam
3481 4386 3751 4454 nostram,

510 4476 695 4547 maiae
720 4462 818 4535 θη)
854 4476 979 4547 Νςει
1035 4477 1329 4547 appellari
1355 4485 1505 4545 ρυιρι
1528 4477 1882 4547 Epiphanius.
1939 4476 2084 4531 Lxx
2115 4469 2159 4524 υ
2188 4454 2883 4547 SE'PPP!SPE.°E‘15.E‘.V1£’EE_£
2906 4454 3341 4547 δὲιξξξὲεξτέλνξιξί
3372 4456 3754 4547 Sectani?!"

512 4545 835 4614 interpretes
891 4545 1164 4612 fecerunt;
1188 4548 1280 4615 qui
1311 4545 1415 4601 lsa.
1447 4545 1736 4613 “vin—12,
1772 4548 1914 4618 quod
1944 4549 2086 4602 scri-

433 4668 438 4673 ς
513 4645 665 4707 ptum
728 4645 812 4692 est
842 4648 1039 4709 Diam
1075 4622 1170 4697 Bm
1222 4649 1313 4703 τν,
1356 4640 1423 4692 ad
1484 4648 1764 4693 torrentem
1813 4639 2032 4709 Egypti
2070 4678 2085 4703 ,

515 4714 793 4779 verterunt
843 4708 948 4771 ἕως
1006 4709 1453 4779 Ῥινοκορούρων,
1484 4718 1543 4761 ut
1599 4710 1853 4762 Salianus
1896 4708 2089 4763 hoster

512 4778 766 4846 observat
792 4786 921 4830 tom.
974 4779 987 4830 l
1023 4782 1157 4830 Ann.
1200 4778 1561 4846 Hieronymus
1620 4781 1686 4830 ad
1710 4779 1856 4831 hunc
1886 4779 2082 4831 locum:

514 4845 624 4900 Pro
657 4855 891 4901 torrente
916 4846 1131 4917 Αἰθέγωί
1153 4846 1246 4900 LX
1256 4846 1301 4899 Χ
1330 4845 1765 4917 Rhinocoruram
1802 4847 2089 4901 transtule—

496 4926 656 4976 runt,
705 4917 841 4985 quod
889 4928 964 4970 est
996 4914 1275 4987 'oppidunt
1320 4916 1377 4967 in
1418 4914 1638 4985 [Egypti
1684 4916 2089 4987 Pulazstinazque

513 4987 762 5055 conﬁnio,
794 5004 896 5040 non
925 4998 1032 5039 tam
1062 4988 1214 5040 verba
1240 4985 1662 5055 Scripturarum,
1699 5004 1856 5054 quam
1875 4985 2086 5041 sensum

517 5054 787 5110 uerborum
818 5054 1379 5124 exprimentemUnde
1425 5055 1505 5124 sic
1547 5055 1674 5108 illml
1707 5057 2084 5124 accipiendum

513 5127 763 5196 estaliud
796 5127 1152 5195 Epipliauium
1169 5144 1183 5179 :
1202 5123 1587 5196 Ῥινοκορούρα
1601 5126 1707 5194 γὰρ
1727 5126 2084 5196 ἑρμηνεύεται

513 5192 760 5257 Λεέλμιι
798 5192 935 5249 idem
979 5196 1069 5258 sit,
1104 5204 1266 5263 atque
1301 5194 1415 5263 alio
1442 5192 1706 5247 voCabulo
1747 5192 2080 5250 nominatur.

512 5263 699 5332 Neque
732 5266 874 5319 cnim
913 5274 1019 5317 tam
1057 5264 1343 5332 imperitus
1382 5262 1708 5326 Hebraismi,
1762 5274 1856 5318 aut
1912 5264 2086 5321 Helle-

515 5356 680 5473 nismi
713 5356 834 5418 fuit,
868 5363 927 5409 ut
951 5352 1366 5424 Ῥινοκορούραν
1397 5353 1539 5408 idem
1570 5370 1633 5407 ac
1658 5338 1756 5416 ΗΠ]
1780 5356 2085 5428 signiﬁcare

516 5439 621 5473 ριύι
647 5435 781 5473 Hl'i'l.

516 5435 781 5479 crederet.

591 5494 701 5567 (59)
741 5494 852 5567 Καὶ
877 5492 1348 5567 Μαρειιειτᾷὐνην.
1387 5491 1861 5567 Mariandynorum
1914 5497 2081 5567 regio,

520 5563 667 5631 quod
714 5566 904 5624 sciam,
960 5565 1014 5616 in
1060 5562 1329 5633 Bithynia
1378 5569 1481 5627 est,
1522 5562 1717 5619 non'in
1749 5562 2084 5622 Al'rica.3ut

522 5633 689 5702 igitur
712 5634 948 5687 alienum
975 5633 1027 5685 in
1056 5632 1235 5687 locum
1270 5632 1525 5702 irrepsit,
1558 5643 1651 5688 aut
1694 5637 1849 5691 aliter
1886 5651 1948 5689 ea
1980 5653 2082 5691 vox

522 5701 910 5775 conformanda
954 5702 1215 5775 videtur,
1258 5701 1542 5775 Nimirum
1576 5705 1681 5757 ἀπὸ
1713 5706 1811 5773 τῆς
1841 5707 2085 5775 Μαρείας

486 5770 742 5889 ,ῥίμνηᾳ
780 5782 838 5829 ut
860 5774 930 5830 sit
951 5772 1249 5846 Μαρειανή,
1275 5777 1355 5829 vel
1383 5773 1585 5843 aliquid
1613 5780 1679 5829 ad
1710 5770 1833 5830 eum
1864 5770 2083 5831 modum

2188 4540 2317 4599 vero
2348 4540 2462 4599 per_
2492 4524 2886 4599 diphthongum
2931 4527 3210 4599 scribitur,
3232 4524 3318 4581 ait
3364 4524 3472 4580 ἀπὸ
3497 4524 3600 4599 τῆς
3628 4530 3753 4582 Μα-

2226 4594 2342 4656 είας
2385 4594 2650 4669 originem
2688 4595 2927 4669 duxerit.
2956 4596 3274 4669 Possumus
3304 4607 3357 4650 et
3388 4594 3755 4669 Mapagmxﬁv

2209 4678 2388 4738 egere,
2421 4664 2567 4738 quod
2599 4664 2787 4718 eodem
2821 4666 3179 4738 ree7i_dit.Nam
3205 4664 3498 4721 Mareotica
3518 4664 3754 4738 IEgypt'o

2188 4734 2575 4806 contribuitur,
2622 4741 2679 4806 et
2705 4749 2826 4789 cum
2854 4734 3025 4806 Libya
3060 4738 3303 4806 copulari
3338 4738 3494 4791 solet.

2260 4801 2370 4874 (40)
2401 4802 2818 4871 Λεπτημάνην,
2852 4801 3036 4874 Leptis
3058 4801 3276 4860 noinine
3305 4806 3426 4860 dua:
3460 4815 3756 4860 censentur

2189 4872 2351 4926 urbes
2382 4874 2434 4926 in
2466 4874 2645 4943 Africa
2686 4875 2827 4943 apud
2861 4872 3116 4933 Plinium.
3171 4875 3387 4940 Metam,
3409 4884 3514 4930 etc.
3539 4894 3553 4929 :
3578 4877 3755 4932 altera

2189 4952 2548 5016 cognomento
2588 4942 2803 5016 Magna,
2839 4943 3199 5016 alteraParva
3221 4946 3443 5000 dicitur.
3488 4944 3535 4999 Α
3576 4948 3758 5016 priore

2191 5012 2469 5087 formatur
2493 5029 2587 5087 pe_r
2617 5014 2963 5087 inﬂexionem
3001 5015 3467 5087 Leptimagnensis
3490 5012 3630 5087 apud
3651 5017 3758 5087 Cy-

2187 5082 2435 5154 prianum
2460 5082 2510 5136 in
2528 5082 2771 5154 Episcop.
2792 5082 3161 5154 Sententiis’de
3200 5082 3457 5139 Inimicis
3481 5082 3759 5154 baptizan-

2187 5152 2292 5216 άὶδ,
2326 5154 2429 5225 sub
2461 5154 2639 5225 linem.
2675 5151 3077 5225 Videturigitur
3104 5156 3244 5223 apud
3268 5151 3628 5225 Epiphaniam
3655 5158 3759 5209 Λε-

2188 5224 2509 5293 πτιμάγνην
2531 5223 2993 5293 substituendum,
3030 5233 3122 5277 aut
3152 5234 3297 5279 certe
3314 5223 3684 5293 Ὰὲπτιτάνην.

2258 5292 2369 5358 (41)
2409 5290 2647 5364 Καίτῆς
2678 5292 2799 5364 ἔσω
2835 5292 3146 5364 Γαδείρης.
3175 5294 3340 5358 Quasi
3371 5293 3569 5348 Gadira
3602 5290 3756 5364 regio

2187 5364 2451 5434 thaJiiam
2478 5362 2674 5434 Ali-ica:
2698 5361 2787 5423 sit,
2807 5368 2901 5434 aut
2918 5362 3273 5424 Mauritaniae.
3294 5361 3756 5434 quemadmodum

2186 5439 2240 5503 et
2277 5429 2579 5503 Tingitanae
2598 5430 2871 5503 Hispaniae
2892 5447 3089 5503 nomen
3114 5429 3451 5503 impositum,
3487 5443 3549 5488 ut
3572 5433 3760 5501 Hispa-

2187 5500 2275 5571 nia
2326 5498 2737 5571 Tiirmsl‘retana,
2776 5501 2856 5553 vel
2896 5498 3524 5571 Tingitana—diceretur,
3562 5508 3617 5557 in
3650 5498 3749 5557 No-

2185 5568 2328 5621 titia.
2357 5568 2634 5641 Fortasse
2680 5571 2761 5641 sic
2810 5568 3157 5641 interpretari
3219 5573 3566 5626 commodius
3608 5576 3753 5634 licet,

2186 5646 2263 5713 ut
2300 5637 2481 5708 χώρας
2530 5639 2909 5713 subaudiatur,
2955 5637 3116 5711 μέχρι
3147 5641 3346 5713 ,χώρας
3381 5643 3482 5713 τῆς
3508 5645 3618 5696 ἔσω
3652 5645 3756 5698 Γα-

2186 5705 2396 5778 δείρης,
2428 5724 2550 5778 qua:
2577 5709 2712 5764 citra
2736 5708 2913 5765 Gades
2944 5705 3090 5780 regis
3114 5705 3204 5766 sit.
