3994 6226
229 362 332 417 165

893 361 1265 419 ADVERSUS
1294 358 1635 416 ll/ERESES
1671 357 1799 412 LIB.
1839 354 1906 410 ll.
1946 354 2109 412 TOM.
2150 356 2216 412 II.
2253 385 2327 401 -
2363 355 2640 413 HERES.
2682 357 2868 414 LXVI.

3390 355 3492 412 186

226 479 425 549 γέγονε
452 479 562 552 γὰρ
584 479 645 533 τὸ
665 480 941 535 Σάϐϐατον
961 482 1073 553 M8)
1101 484 1179 547 είς
1204 480 1540 546 ἀπόκλεισιν,
1570 477 1705 532 ἀλλά
1734 478 1810 540 εἰς

1917 477 2142 532 ardebat
2167 481 2208 531 ³.
2243 475 2454 532 Etenim
2497 476 2791 532 Sabbatum
2850 491 2961 530 non
3005 474 3072 530 ad
3113 474 3490 530 intercluden-

225 570 393 638 ἔργον
426 571 650 638 ἀγαθόν.
684 570 927 642 Μηδενὸς
954 571 1011 625 δὲ
1041 572 1176 635 ὅλως
1205 570 1573 643 ἐργαζομένου
1610 570 1667 621 ὲν
1692 569 1813 631 ταῖς

227 659 445 714 δώδεκα
469 661 689 730 φυλαῖς,
732 663 893 732 μόνον
947 663 1008 716 τὸ
1062 663 1449 736 θυσιαστήριον
1491 662 1591 715 οῦκ
1630 660 1811 730 ήργει,

224 752 417 818 καθὼς
454 754 604 820 λέγει
633 757 662 809 ὀ
702 754 907 827 Κύριος
944 757 1002 808 ἐν
1030 754 1106 827 τῷ
1133 754 1452 827 Εὑαγγελίῳ
1475 772 1489 785 ·
1527 756 1591 807 Ol
1640 750 1813 822 ἱερεῖς

224 840 401 911 ὑμῶν
413 843 755 912 ,ϐεϐηλοῦσι
793 844 861 899 τὸ
888 845 1192 900 Σάϐϐατον
1221 846 1291 899 ἐν
1318 842 1399 910 τῷ
1427 841 1573 910 ναῷ,
1607 844 1708 896 καί
1730 844 1811 894 el-

227 949 341 987 σιν
392 935 668 990 ἀναίτιοι.
702 935 777 990 Τὸ
824 936 899 1000 δὲ,
934 937 1221 1010 βεϐηλοῦσι
1247 936 1309 991 τὸ
1344 935 1639 1000 Σάϐϐατον,
1667 933 1813 987 τοῦτ’

226 1025 348 1080 εστι
380 1026 587 1081 λύουσι.
631 1028 832 1083 Λύουσι
865 1029 921 1083 δὲ
954 1030 1094 1097 πῶς,
1132 1030 1247 1086 ἀλλ’
1276 1030 1310 1102 ἢ
1348 1029 1538 1083 θυσίαν
1575 1024 1814 1100 προσφέ-

227 1135 425 1190 ροντες
446 1118 524 1189 τῷ
551 1118 692 1192 Θεῷ,
722 1121 809 1174 ἵνα
846 1121 920 1193 μὴ
948 1123 1168 1196 ἀργήσῃ
1195 1121 1254 1175 τὸ
1291 1120 1702 1191 θυσιαστήριον;
1735 1116 1810 1170 Οὐ

230 1208 398 1280 μόνον
427 1208 482 1262 δὲ
507 1209 685 1275 τοῦτο,
720 1211 856 1266 ἀλλά
882 1213 978 1266 καὶ
1007 1213 1157 1283 ἥλιος
1195 1212 1473 1265 ἀνατέλλει
1510 1211 1604 1263 καὶ
1641 1208 1808 1272 δύνει,

226 1296 323 1348 καὶ
356 1295 549 1368 σελήνη
582 1297 737 1363 αὔξει
764 1299 859 1352 καὶ
890 1300 1088 1367 φθίνει,
1119 1301 1215 1354 καὶ
1238 1302 1426 1371 ἄνεμοι
1447 1299 1686 1363 πνέουσι,
1716 1299 1810 1353 καὶ

226 1388 435 1458 καρποὶ
461 1387 839 1458 βλαστάνουσι,
869 1391 963 1443 καὶ
988 1392 1221 1463 μητέρες
1240 1391 1489 1460 γεννῶσι,
1513 1390 1607 1444 καὶ
1635 1391 1812 1444 πάντα

233 1480 448 1548 γίνεται
477 1482 535 1536 ὲν
565 1483 851 1554 Σαϐϐάτῳ.
883 1484 982 1537 Διά
1011 1483 1169 1537 τοῦτο
1214 1483 1308 1537 καὶ
1336 1485 1365 1537 ὁ
1407 1482 1611 1555 Κύριος
1642 1483 1811 1537 ἐλθὼν

225 1573 332 1627 οὐκ
364 1575 746 1629 ἐτεκτόνευσεν
777 1578 835 1629 ὲν
878 1575 1163 1646 Σαϐϐάτῳ,
1212 1576 1312 1629 οὐκ
1346 1575 1696 1646 ἐχάλκευε-εν,
1748 1573 1809 1628 οὗ

224 1685 285 1721 τι
317 1669 534 1742 ἕτερον·
577 1671 713 1725 ἀλλά
737 1672 869 1736 Θεὸς
896 1671 971 1726 ὣν
1004 1671 1139 1726 Θεοῦ
1166 1671 1325 1744 ἔργον
1356 1670 1669 1743 εἰργάσατο.
1702 1669 1810 1723 Καί

226 1778 397 1833 φησι·
431 1758 619 1831 *Αρον
645 1764 753 1818 τὸν
787 1764 1119 1833 κράόϐατόν
1152 1782 1288 1828 σου,
1325 1766 1424 1819 καὶ
1464 1764 1804 1833 περιπάτει·

225 1832 320 1906 ἵνα
346 1853 457 1906 ἀπὸ
502 1853 596 1907 τοῦ
627 1832 989 1924 βαστάζοντος
1036 1859 1177 1928 φανῇ
1211 1856 1272 1909 τὸ
1303 1855 1464 1926 ἔργον
1503 1832 1562 1908 τὸ
1595 1855 1809 1926 γινόμε-
1840 1832 1881 1887 Β

227 1960 344 2011 νον,
395 1946 481 1999 ἵνα
525 1947 727 2011 πάντες
759 1947 1153 2016 ὲπιγνώσονται
1199 1948 1291 2001 τὸν
1326 1949 1420 2001 ἀπ’
1467 1947 1697 2019 οὐρανοῦ
1725 1947 1810 2001 ὲλ-

223 2035 388 2089 θόντα
423 2038 556 2108 πρὸς
594 2038 845 2109 βοήθειαν
878 2041 1018 2104 υἱοῖς
1046 2040 1155 2094 τῶν
1186 2040 1511 2113 ἀνθρώπων.
1546 2043 1656 2095 Καὶ
1700 2042 1809 2112 γὰρ

223 2126 302 2198 τῷ
339 2128 440 2197 μὲν
465 2129 579 2183 ὄντι
601 2127 731 2202 ἦλθε
754 2132 914 2186 λῦσαι
943 2135 1004 2188 τὸ
1032 2134 1311 2189 Σάὅόατον
1329 2151 1345 2167 ο
1376 2136 1475 2189 οὐκ
1500 2135 1731 2206 ἠδύνατο
1752 2136 1809 2189 δὲ

224 2216 390 2272 λῦσαι
415 2220 567 2283 αὐτὸ,
597 2224 646 2275 εἰ
676 2222 955 2296 ἀλλότριον
984 2225 1148 2279 αὑτοῦ
1185 2227 1447 2297 ὑπῆρχεν.
1482 2227 1671 2291 Οὐδεὶς
1701 2226 1808 2298 γὰρ

223 2311 507 2382 ἀλλότριον
528 2314 644 2368 λύει
668 2315 849 2387 ἔργον,
878 2319 925 2371 εἰ
956 2318 1086 2389 μήτι
1107 2317 1174 2372 ἂν
1198 2319 1490 2390 ὲκλήπτωρ
1514 2318 1809 2389 ἀλλοτρίων

220 2405 251 2457 ὁ
276 2405 524 2469 τοιοῦτος
555 2408 799 2478 γένηται,
830 2409 923 2463 καὶ
956 2409 1231 2483 ἀλλότριος
1258 2411 1553 2474 ἐπίσκοπος
1581 2412 1621 2475 ί,
1654 2409 1810 2475 δίκας

221 2495 426 2549 ἑαυτοῦ
443 2497 931 2571 ὲξαγοραζόμενος.
953 2502 1174 2576 Ἐπειδὴ
1193 2503 1250 2556 δὲ
1270 2502 1400 2556 ἴδιον
1419 2503 1583 2556 αὐτοῦ
1597 2505 1808 2576 ὑπῆρχε

227 2588 291 2641 τὸ
316 2589 618 2665 ξάὁὸατον,
659 2592 745 2645 διὰ
789 2593 947 2648 τοῦτο
986 2594 1154 2662 λέγει.
1198 2595 1280 2649 ὄτι
1321 2597 1536 2665 Κύριός
1576 2597 1750 2651 ἐστιν
1776 2600 1810 2652 ὀ

246 2657 383 2747 me
413 2681 521 2736 τοῦ
553 2684 866 2754 ἀνθρώπου
894 2685 993 2739 καὶ
1021 2657 1125 2741 τοῦ
1155 2657 1479 2744 Σαϐϐάτου.
1503 2657 1613 2744 kal
1642 2707 1774 2759 φησι
1792 2706 1807 2723 ο

233 2775 363 2843 Οὐχ
387 2777 420 2828 ό
440 2773 749 2843 ἅνθρωπος
769 2777 865 2833 διὰ
886 2779 951 2833 τὸ
986 2779 1291 2834 Σάϐϐατον
1308 2781 1811 2850 τεγένηται,ἀλλὰ

221 2864 292 2918 τό
331 2865 637 2921 Σάϐϐατον
682 2867 782 2923 διὰ
811 2869 918 2923 τὸν·
942 2868 1275 2939 ἄνθρωπον.
1316 2873 1381 2923 El
1409 2871 1587 2925 τοίνυν
1621 2873 1810 2942 ἐποίη-

223 2973 321 3009 σεν
351 2960 379 3010 ό
405 2957 539 3024 Θεὸς
570 2960 633 3013 τὸ
669 2961 945 3016 Σάϐϐατον
986 2962 1073 3016 διὰ
1104 2963 1195 3016 τὸν
1223 2963 1534 3035 ἄνθρωπον,
1565 2966 1658 3018 καὶ
1686 2982 1813 3036 προ-

222 3049 459 3121 ετίμησε
486 3052 577 3104 τὸν
609 3052 894 3124 ἄνθρωπον
926 3054 1079 3126 παρά
1110 3056 1172 3108 τὸ
1203 3056 1497 3122 Σάϐϐατον,
1533 3058 1621 3109 ἵνα
1653 3060 1680 3110 ὁ
1714 3057 1806 3110 ἅν-

1913 566 2065 635 dum,
2097 567 2191 624 sed
2218 568 2286 623 ad
2325 568 2695 639 praestandum
2745 568 2951 622 bonum
2987 582 3128 637 opus
3179 573 3265 621 est
3293 567 3497 621 consti-

1913 668 2111 715 tutum.
2142 660 2389 732 Cumque
2420 674 2581 716 netno
2610 660 2826 731 penitus
2850 660 2904 714 in
2928 659 3218 715 duodecim
3240 657 3492 713 tribubus

1913 759 2173 823 operatus
2225 761 2393 819 esset,
2440 752 2616 808 solum
2646 752 2817 807 altare
2847 765 3126 822 nunquam
3159 749 3486 812 feriabatur,

1913 846 2051 901 utin
2088 845 2385 917 Evangelio
2412 854 2644 902 testatur
2684 844 2949 899 Dominus
2997 863 3011 899 :
3047 842 3361 898 Sacerdotes
3410 859 3490 897 ιερ-
3556 886 3559 888 .

1911 936 2013 989 stri
2027 936 2225 991 violant
2249 934 2409 1008 705
2435 938 2491 991 in
2515 936 2704 1007 templo
2728 935 3043 998 Sabbatum,
3068 951 3131 989 ac
3155 935 3266 990 sine
3280 945 3491 1006 peccato

1912 1040 2037 1085 sunt
2079 1031 2120 1088 ³.
2154 1031 2452 1087 Profanare
2485 1046 2616 1087 vero
2669 1031 2811 1087 idem
2842 1038 2945 1094 est,
2983 1043 3047 1083 ac
3088 1028 3322 1083 solvere.
3345 1028 3490 1094 Quo-

1912 1122 2075 1177 modo
2126 1139 2258 1178 vero
2287 1124 2498 1180 solvere
2552 1123 2830 1188 dicuntur,
2864 1123 2971 1176 nisi
3000 1121 3145 1191 quod
3193 1120 3301 1175 Deo
3328 1121 3490 1175 sacri-

1922 1217 2105 1271 ﬁcium
2154 1214 2410 1281 offerunt,
2446 1232 2515 1273 ne
2537 1217 2709 1272 altare
2754 1217 2826 1271 sit
2852 1215 3089 1271 otiosum
3112 1213 3135 1254 ν
3160 1211 3268 1268 Sed
3297 1220 3355 1266 ut
3386 1211 3491 1266 ista

1914 1316 2259 1378 praeteream,
2287 1308 2477 1362 eodem
2509 1309 2562 1362 in
2595 1307 2833 1362 Sabhato
2858 1306 2939 1361 sol
2964 1306 3144 1359 oritur
3177 1317 3230 1359 et
3259 1302 3489 1367 occidit,

1911 1399 2040 1452 luna
2099 1402 2364 1469 augescit,
2414 1415 2478 1454 ac
2517 1399 2804 1460 minuitur,
2855 1404 3143 1452 ventorum
3192 1394 3359 1450 ﬂatus
3406 1393 3492 1447 in-

1910 1497 2135 1559 gruunt,
2158 1489 2181 1542 l'
2182 1497 2372 1545 ructus
2390 1490 2681 1560 pullulant,
2706 1497 2910 1544 matres
2927 1505 2990 1559 pa
3000 1489 3169 1555 riunt,
3186 1496 3492 1556 casteraque

1911 1579 2049 1636 ﬁunt
2077 1581 2281 1636 omnia.
2314 1580 2440 1637 Ideo
2466 1582 2690 1636 veniens
2721 1582 2838 1652 ipse
2886 1580 3150 1635 Dominus
3179 1595 3288 1634 non
3316 1578 3491 1633 fabri-

1911 1675 2014 1729 lem
2043 1674 2098 1729 in
2129 1674 2371 1729 Sabbato
2402 1683 2594 1739 artem,
2647 1688 2758 1729 non
2784 1673 3054 1734 aerariam,
3085 1680 3179 1725 aut
3223 1672 3387 1724 aliam
3435 1672 3488 1724 id

1911 1782 2085 1838 genus
2112 1766 2398 1833 exercuit;
2424 1765 2519 1822 sed
2548 1774 2735 1836 utpote
2756 1766 2895 1819 Deus
2929 1763 3175 1817 divinum
3207 1778 3347 1833 opus
3371 1777 3487 1816 mo-

1912 1860 2042 1915 litus
2073 1869 2176 1915 est.
2214 1858 2380 1926 Tolle,
2413 1859 2610 1929 inquit,
2633 1858 2913 1930 grabatum
2935 1866 3102 1920 tuum,
3126 1865 3174 1909 et
3200 1854 3418 1909 ambula
3444 1852 3489 1917 ⁵,

1912 1959 1970 2006 ιιι
1996 1968 2059 2007 ex
2093 1952 2214 2022 ipso
2232 1958 2480 2023 gestante
2502 1950 2570 2006 de
2615 1950 2865 2005 miraculi
2910 1950 3143 2004 veritate
3184 1954 3488 2009 constaret,

1909 2053 1963 2098 et
1991 2060 2115 2099 eum
2138 2060 2329 2100 omnes
2360 2054 2744 2115 agnoscerent,
2768 2044 2859 2113 qui
2910 2051 2970 2097 ut
3018 2042 3257 2094 humano
3304 2038 3488 2110 generi

1911 2136 2246 2202 subveniret,
2298 2152 2329 2192 e
2370 2136 2511 2190 coelo
2568 2135 2945 2191 descenderat.
2992 2132 3127 2187 Nam
3168 2147 3356 2187 revera
3387 2133 3498 2187 sol-

1909 2226 2072 2281 vendi
2106 2226 2328 2281 Sabbati
2364 2227 2539 2298 gratia
2567 2234 2790 2281 venerat
2815 2244 2829 2291 ;
2859 2226 3070 2280 solvere
3097 2239 3263 2293 porro
3292 2224 3337 2278 si
3365 2223 3489 2277 alie-

1910 2335 2040 2373 num
2064 2327 2231 2384 esset,
2269 2319 2492 2373 minime
2545 2319 2831 2388 potuisset.
2880 2317 3047 2371 Nemo
3076 2316 3220 2370 enim
3249 2314 3489 2369 alienum

1910 2427 2049 2481 opus
2080 2410 2336 2473 destruit,
2372 2411 2478 2465 nisi
2529 2411 2830 2464 alienorum
2861 2416 3174 2476 usurpator,
3207 2414 3261 2460 et
3299 2420 3488 2460 eorum

1912 2503 2233 2574 peregrinus
2262 2505 2560 2572 inspector,
2593 2502 2686 2571 qui
2712 2501 2817 2554 sibi
2849 2502 2968 2554 lites
3003 2506 3268 2553 arcessat.
3300 2496 3490 2566 Itaque

1911 2596 2057 2666 quod
2089 2596 2156 2650 ad
2197 2611 2318 2652 sese
2353 2596 2649 2665 pertineret
2710 2594 3032 2655 Sabbatum,
3084 2592 3207 2647 ideo
3231 2590 3490 2644 Dominus

1909 2697 2007 2751 est,
2034 2688 2229 2759 inquit,
2281 2680 2459 2741 Filius
2506 2687 2733 2742 hominis
2767 2688 2928 2740 etiam
2978 2683 3197 2740 Sabbati
3230 2684 3274 2737 ⁵.
3311 2685 3437 2737 Item
3473 2700 3487 2735 :

1912 2775 2037 2831 Non
2060 2788 2271 2847 propter
2296 2776 2586 2833 Sabbatum
2608 2778 2761 2832 Itonia
2797 2776 2971 2845 [actus
3026 2784 3103 2829 est
3124 2818 3140 2842 ,
3167 2774 3257 2829 sed
3288 2772 3489 2827 Subba-

1913 2883 2023 2924 tum
2076 2881 2290 2942 propter
2322 2872 2583 2925 hominem
2608 2872 2648 2923 ‘.
2692 2870 2874 2936 Quare
2920 2870 2965 2925 si
3008 2867 3307 2923 Sabbatum
3346 2866 3490 2920 Deus

1912 2963 2151 3018 hominis
2194 2979 2359 3018 causa
2414 2964 2681 3027 condidit,
2729 2964 2906 3033 pluris
2951 2961 3201 3017 eumdem
3246 2958 3490 3013 Sabbato

1916 3052 2064 3117 fecit,
2101 3053 2178 3106 uti
2224 3052 2464 3106 futuram
2526 3054 2673 3106 illam
2709 3053 2944 3123 quietem
2981 3051 3328 3120 intelligeret.
3361 3047 3489 3102 Haec

225 3142 447 3214 θρωπος
482 3142 726 3216 γινώσκῃ
768 3144 867 3217 τὴν
902 3148 1207 3200 ἀνάπαυσιν
1243 3149 1334 3201 καὶ
1364 3149 1472 3201 τῶν
1511 3149 1810 3220 μελλόντων

1916 3144 2057 3198 enim
2090 3144 2395 3198 caelestium
2423 3143 2607 3213 ligone
2628 3153 2775 3209 sunt,
2806 3157 2930 3196 cum
2960 3142 3048 3195 hic
3072 3156 3138 3197 ex
3170 3148 3323 3211 parte
3347 3140 3489 3194 dun-

228 3236 345 3307 τὴν
363 3237 700 3291 ἀνάπαυλαν.
741 3239 1032 3292 Ἀντίτυπα
1048 3240 1156 3311 γάρ
1182 3243 1297 3294 ἐστι
1320 3241 1488 3296 ταῦτα
1514 3242 1622 3294 τῶν
1644 3245 1807 3295 ἐπου-

232 3328 458 3397 ρανίων.
500 3327 768 3381 Ἐνταῦθα
791 3328 899 3398 γὰρ
924 3328 1031 3381 ἀπὸ
1061 3329 1278 3400 μέρους,
1311 3332 1492 3382 ἐκεῖνα
1519 3329 1575 3383 δὲ
1593 3332 1625 3397 ἡ
1662 3331 1809 3383 πᾶσα

225 3418 528 3490 τελειότης.
565 3418 640 3471 Τὸ
669 3419 947 3472 Σάϐϐατον
973 3416 1067 3473 οὖν
1099 3421 1158 3473 τὸ
1186 3422 1243 3474 ὲν
1274 3423 1423 3492 νόμῳ
1446 3422 1550 3484 ἕως
1586 3423 1686 3492 τῆς
1712 3423 1810 3475 αὑ-

222 3510 323 3565 τοῦ
371 3511 707 3583 παρουσίαςο
749 3511 912 3565 ἔλυσε
938 3512 997 3566 δὲ
1037 3516 1213 3566 ἐκεῖνο
1254 3514 1314 3567 τὸ
1350 3514 1657 3579 Σάϐϐατον,
1714 3515 1810 3568 καὶ

222 3604 431 3658 ἔδωκεν
458 3606 588 3675 ἡμῖν
617 3606 677 3658 τὸ
727 3604 867 3675 μέγα
912 3604 1210 3665 Σάϐϐατον,
1253 3607 1391 3676 ὅπερ
1431 3607 1549 3659 ἐστὶ
1596 3608 1756 3671 αὐτὸς
1782 3610 1810 3661 ὁ

223 3695 456 3766 Κύριος,
492 3698 525 3767 ή
559 3695 863 3759 ἀνάπαυσις
893 3696 1053 3767 ἡμῶν
1099 3700 1192 3750 καὶ
1231 3696 1259 3748 ὁ
1287 3697 1683 3767 Σαϐϐατισμὸς.

300 3781 489 3845 Οὐδεὶς
516 3778 613 3836 οὖν
642 3783 829 3836 διοίσει
863 3783 1108 3836 Παλαιὰν
1138 3784 1247 3837 ἀπὸ
1282 3783 1485 3856 Καινῆς
1512 3786 1808 3856 Διαθήκης,

226 3870 353 3925 οὕτε
384 3872 593 3944 Καινὴν
615 3874 723 3927 ἀπὸ
749 3873 1013 3937 Παλαιᾶς.
1042 3875 1156 3928 Μία
1182 3873 1289 3945 γάρ
1330 3876 1444 3927 ἐστι
1482 3876 1575 3927 καὶ
1609 3877 1640 3945 ή
1671 3876 1808 3945 αὐτὴ

229 3964 544 4033 συμφωνία.
588 3965 647 4017 ’0
678 3964 735 4017 δὲ
776 3964 994 4036 ἀμαθὴς
1037 3967 1133 4019 καὶ
1176 3968 1421 4037 ἄπειρος,
1467 3967 1562 4020 ἐὰν
1602 3966 1686 4039 ἴδῃ
1719 3968 1811 4021 δύο

225 4055 575 4127 ἁντλητῆρας
606 4056 714 4111 ἀπὸ
761 4060 887 4127 μιᾶς
921 4057 1105 4127 πηγῆς
1136 4058 1494 4123 ἀντλοῦντας,
1528 4060 1720 4131 νομίσῃ
1753 4061 1810 4114 δὲ

226 4148 320 4203 διὰ
342 4147 442 4219 τὴν
469 4148 730 4220 διαφορὰν
760 4148 868 4201 τῶν
893 4149 1245 4221 ἀντλήτήρων
1277 4151 1508 4223 διάφορα
1545 4148 1685 4205 εἶναι
1715 4154 1811 4208 καὶ

225 4241 299 4295 τὰ
320 4240 493 4295 ὕδατα
512 4258 526 4272 ο
567 4242 776 4314 ἀκούσῃ
819 4241 875 4294 δὲ
907 4244 1057 4313 παρά
1081 4242 1189 4295 τῶν
1233 4243 1468 4296 συνετῶν
1508 4243 1766 4315 ἀλήθειαν
1791 4288 1806 4311 ,

226 4335 313 4388 ὅτι
336 4333 537 4386 Γεῦσαι
566 4333 675 4387 τῶν
701 4333 795 4386 δύο
825 4334 1059 4405 ἀντλητή
1069 4351 1200 4405 ρων,
1233 4336 1327 4388 καὶ
1351 4335 1448 4402 ίδε,
1477 4336 1559 4390 ὅτι
1590 4338 1685 4391 δύο
1710 4340 1810 4410 μὲν

226 4425 278 4476 οἱ
312 4422 669 4495 ἀντλητῆρες,
710 4422 810 4493 μία
851 4422 907 4475 δὲ
934 4425 968 4492 ἠ
1013 4423 1164 4494 πηγὴ
1212 4424 1471 4496 ὑπάρχει.
1510 4423 1699 4489 Οὕτως
1728 4420 1811 4490 εἷς

1915 3245 2082 3303 taxat,
2111 3236 2294 3291 omnia
2325 3237 2564 3307 perfecta
2591 3238 2701 3291 illic
2728 3237 3090 3305 absolutaque
3124 3236 3257 3290 sint.
3288 3234 3487 3301 Quam-

1912 3330 2098 3385 obrem
2130 3329 2428 3385 Sabbatum
2482 3331 2616 3384 illud
2666 3331 2782 3400 lege
2811 3330 3184 3399 praescriptum
3216 3328 3280 3382 ad
3320 3328 3491 3397 ipsitzs

1910 3423 2205 3479 adventum
2232 3437 2404 3494 usque
2457 3424 2846 3492 perseveravit,
2908 3437 3016 3491 quo
3074 3422 3293 3475 demum
3326 3421 3492 3473 abro—

1916 3522 2042 3583 gato
2072 3526 2327 3584 magnum
2365 3514 2524 3568 nobis
2555 3513 2851 3574 Sabbatum
2896 3512 3113 3576 obtulit,
3138 3512 3233 3581 qui
3261 3520 3346 3565 est
3376 3512 3492 3578 ipse

1914 3604 2197 3668 Dominus,
2251 3606 2472 3675 requies
2540 3603 2873 3675 Sahbatique
2923 3606 3232 3670 observatio
3273 3612 3489 3657 nostra.

1979 3781 2151 3837 Nemo
2181 3782 2364 3851 itaque
2389 3778 2560 3835 Vetus
2587 3780 2655 3834 ab
2681 3778 2832 3834 Novo
2861 3780 3237 3846 Testamento,
3270 3782 3358 3835 vel
3390 3781 3493 3836 hoc

1912 3874 1981 3928 ab
2018 3874 2110 3928 illo
2152 3872 2517 3943 separandum
2560 3872 2854 3927 existimet.
2899 3870 2994 3926 Est
3025 3872 3171 3926 enim
3205 3873 3491 3927 amborum

1913 3981 2019 4020 una
2045 3965 2344 4034 eademque
2371 3962 2684 4016 concordia.
2722 3962 2826 4017 Sed
2854 3963 3080 4033 perinde
3100 3980 3158 4018 se
3187 3979 3275 4019 res
3307 3965 3489 4027 habet,

1913 4073 1976 4113 ac
2026 4058 2072 4111 si
2126 4057 2411 4127 imperitus
2463 4057 2731 4127 quispiam
2811 4071 2875 4109 ac
2927 4054 3078 4111 rudis
3119 4058 3313 4112 situlas
3352 4058 3493 4112 duas

1911 4151 2226 4205 haurientes
2272 4150 2462 4204 eodem
2511 4165 2577 4204 ex
2630 4149 2778 4203 fonte
2826 4149 3022 4203 videat.
3062 4147 3198 4202 Tum
3241 4149 3388 4218 quod
3416 4166 3493 4204 ea:

1912 4244 2143 4299 diversa:
2174 4244 2305 4306 sint,
2332 4242 2579 4297 diversas
2609 4242 2771 4296 etiam
2800 4257 2970 4311 aquas
2998 4258 3121 4297 esse
3159 4244 3491 4312 suspicetur.

1914 4333 2118 4389 Deinde
2156 4348 2289 4387 vero
2331 4349 2362 4388 a
2404 4334 2851 4404 prudentioribus
2882 4335 3163 4398 doceatur,
3194 4345 3250 4390 et
3286 4337 3361 4391 ita
3411 4338 3495 4391 lo-

1913 4437 2144 4498 quentes
2174 4426 2360 4481 audiat
2386 4446 2399 4481 :
2427 4425 2505 4481 Ex
2537 4435 2767 4498 utraque
2791 4427 2952 4483 situla
2980 4427 3231 4499 degusta,
3256 4443 3320 4484 ac
3343 4431 3494 4486 disce

226 4516 459 4589 Κύριος,
488 4512 569 4579 εἷς
605 4514 757 4579 Θεὸς,
792 4515 850 4568 ἓν
882 4515 1104 4586 Πνεῦμα
1137 4515 1379 4586 λαλῆσαν
1416 4519 1474 4569 ὲν
1511 4518 1682 4589 νόμῳ,
1717 4519 1810 4572 καὶ

1916 4521 2054 4577 duas
2107 4521 2227 4575 illas
2276 4536 2399 4577 esse
2445 4520 2686 4590 quidem,
2727 4521 2822 4576 sed
2877 4522 3097 4576 unicum
3138 4522 3497 4577 nihilominus

224 4608 288 4665 ἒν
324 4609 656 4681 προφήταις,
680 4608 776 4662 καὶ
816 4610 873 4662 ἐν
904 4609 1246 4681 Εὐαγγελίῳ.
1283 4611 1381 4663 Διά
1416 4609 1575 4664 τοῦτο
1609 4612 1719 4684 γὰρ
1748 4612 1809 4666 οὐ

312 4766 330 4797 ¹
382 4765 446 4821 F.
479 4767 635 4821 ἄλλοτ
644 4768 1045 4837 ριοεπίσκοπος.

227 4843 250 4875 ⁸
291 4839 428 4894 ibid.
463 4838 556 4890 27.

225 4971 295 5012 eo
325 4957 471 5020 loco,
502 4972 665 5026 quem
700 4956 1032 5012 adduximus
1059 4976 1072 5012 :
1108 4957 1349 5012 Lucerna
1406 4957 1498 5013 Dei
1521 4968 1805 5028 antequam

224 5028 670 5098 exstingueretur,
700 5028 754 5081 in
795 5028 926 5097 Reg.
973 5037 1069 5095 est,
1098 5027 1567 5098 κατασϐεσθῆναι,
1600 5027 1665 5083 ini
1691 5030 1808 5084 edi-

226 5099 382 5170 tione
411 5097 593 5164 7Sixti,
630 5099 1130 5170 ἐπισκευασθῆναι.
1190 5098 1267 5153 Ex
1329 5097 1530 5169 quibus
1579 5108 1808 5169 apparet

228 5169 376 5241 idem
410 5183 535 5241 esse
556 5169 829 5224 collocare
863 5169 1136 5232 lucernas,
1166 5169 1311 5238 quod
1362 5170 1612 5225 attollere
1643 5186 1809 5241 super

230 5238 625 5294 candelabrum
659 5247 713 5294 et
730 5241 1028 5294 accendere
1054 5249 1279 5295 :contra
1313 5254 1444 5294 vero
1476 5238 1808 5309 componere

231 5308 378 5363 idem
417 5325 543 5366 esse
559 5317 739 5380 atque
764 5311 1067 5365 exstinctas
1089 5310 1398 5370 detrahere,
1435 5319 1490 5364 et
1530 5308 1631 5364 suo
1683 5311 1806 5365 loco

230 5394 523 5450 reponere.
558 5378 727 5434 Erant
784 5380 934 5435 enim
988 5383 1311 5449 exemptiles
1378 5382 1639 5444 lucernae,
1688 5396 1810 5450 qua}

230 5449 567 5505 candelabro
599 5451 703 5506 sub
750 5459 968 5507 noctem
1010 5451 1299 5519 impositae.
1348 5451 1593 5505 diluculo
1623 5449 1812 5505 deme-

230 5528 446 5576 rentur.
482 5520 652 5577 Exod.
681 5536 808 5586 xxv,
842 5536 983 5575 com.
1022 5520 1126 5574 37:
1159 5521 1345 5574 Facies
1383 5531 1432 5575 et
1459 5521 1699 5576 lucernas
1717 5537 1810 5586 vn,

229 5599 283 5648 et
328 5608 492 5662 pones
544 5609 634 5647 eas
675 5607 833 5661 super
861 5591 1269 5655 candelabrum;
1304 5592 1474 5662 lib."
1533 5592 1658 5645 Par.
1685 5606 1808 5660 cap.

230 5661 352 5729 χιιι,
382 5664 625 5732 vers.“
668 5683 682 5718 :
722 5664 917 5732 Estque
963 5662 1102 5730 apud
1147 5678 1243 5716 nos
1287 5661 1661 5732 candelabrum
1713 5679 1813 5715 au-

231 5748 379 5787 reum
425 5744 477 5788 et
532 5731 760 5788 lucerna:
810 5731 945 5803 ejus,
997 5744 1056 5786 ut
1114 5731 1471 5803 accendantur
1507 5748 1704 5802 semper
1743 5732 1812 5785 ad

231 5817 523 5872 vesperam.
584 5802 642 5859 Si
702 5804 768 5859 ad
833 5800 1116 5875 vesperam
1169 5800 1627 5868 accendebantur,
1668 5818 1799 5875 ergo

1917 4614 2143 4669 fontem.
2178 4613 2377 4670 Eodem
2425 4615 2587 4670 modo
2626 4631 2766 4670 unus
2797 4616 3060 4672 Dominus
3098 4625 3203 4682 est,
3244 4633 3495 4689 unusque

1140 4766 1353 4823 ’Exod.
1412 4785 1540 4835 xxv,
1591 4770 1656 4824 51
1724 4785 1810 4840 sqt

1928 4772 1950 4803 ³
1990 4771 2180 4827 Matth.
2234 4789 2334 4827 xu.
2378 4775 2431 4832 5.
2511 4775 2534 4808 ⁸
2566 4774 2733 4829 Marc.
2774 4791 2833 4842 tt,
2892 4775 2946 4831 5.
3021 4777 3043 4808 ⁸
3076 4775 3244 4834 Marc.
3303 4794 3363 4845 ιι,
3401 4778 3492 4833 28.

1919 4961 2155 5016 interdiu
2192 4970 2347 5015 erant
2379 4960 2686 5021 exstinctae,
2716 4974 2825 5013 non
2846 4958 3281 5030 modoqmtuor,
3313 4968 3372 5014 ut
3410 4959 3496 5014 Jo-

1918 5038 2123 5101 sep'uus
2152 5032 2350 5094 credit,
2387 5031 2482 5084 sed
2520 5045 2712 5101 omnes
2747 5038 2976 5101 septem.

1960 5098 2211 5171 ~(425)7012
2236 5101 2443 5171 γέγονε
2466 5099 2579 5171 γὰρ
2607 5100 2675 5153 τὸ
2698 5100 3022 5155 Σάϐϐατον.
3055 5100 3193 5171 lluic
3226 5098 3382 5153 aliine
3411 5107 3495 5171 est

1914 5168 2167 5243 quod“.
2210 5168 2362 5226 Mose
2398 5168 2503 5225 ben
2535 5169 2771 5223 Maimon
2800 5180 2955 5241 parte
2985 5187 3000 5224 ι
3038 5168 3194 5233 Jad.,
3233 5178 3391 5222 tract.
3428 5170 3495 5221 de

1915 5266 2160 5350 sabbato
2191 5280 2315 5350 cap.
2346 5263 2402 5325 ‘2,
2442 5262 2468 5335 §
2496 5265 2548 5325 5,
2583 5264 2776 5320 scribit
2805 5273 3021 5350 31::er
3048 5272 3187 5350 raw
3222 5243 3380 5319 111725
3416 5271 3497 5320 an

1910 5342 2083 5422 σίντην.
2133 5341 2306 5416 urbm
2354 5367 2490 5418 rem
2526 5368 2579 5416 ω’
2595 5369 2725 5418 iam
2765 5341 2876 5416 NL»:
2914 5341 3087 5419 σ’τινό.
3119 5365 3271 5440 map:
3311 5361 3495 5414 mum

1913 5449 2072 5513 Ecce,
2106 5449 2305 5517 inquit,
2334 5449 2590 5513 didicisti,
2645 5452 2808 5519 legem
2846 5463 3113 5519 nunquam
3136 5445 3494 5519 ontninorruf

1913 5522 2082 5574 delem
2117 5514 2549 5574 et‘inltumanam
2604 5514 2744 5583 esse,
2788 5518 2878 5571 sed
2911 5515 3309 5576 misericordiae,
3348 5514 3493 5568 beni-

1950 5592 2132 5645 nitatis
2180 5607 2242 5644 ac
2292 5593 2441 5659 pacis
2494 5590 2881 5661 plenissimam.
2945 5585 3021 5639 De
3061 5585 3304 5640 Sabbato
3362 5601 3494 5661 vero

1936 5664 2180 5731 oqnitur,
2238 5656 2386 5730 quod
2443 5656 2770 5731 aegrotorum
2822 5672 2990 5731 causa
3029 5672 3096 5731 ac
3141 5664 3363 5731 propter
3396 5656 3494 5725 pia

1917 5727 2164 5803 quaedam
2197 5727 2515 5787 ministeria
2545 5729 2682 5784 solvi
2737 5742 2899 5797 posse
2939 5727 3188 5797 pluribus
3227 5727 3493 5782 declarat.
