3994 6226
457 344 571 402 16'!

1876 329 1939 387 S.
1987 326 2326 384 ΕΡΙΗΙΑΝΗ

3615 331 3729 389 168

460 457 627 521 Deus,
658 469 799 509 unus
834 452 1091 523 Spiritus,
1126 450 1221 521 qui
1251 450 1306 505 in
1342 448 1484 520 lege,
1523 442 1805 518 prophetis
1860 441 2039 495 Evan-

2163 437 2236 490 ido
2270 436 2507 492 Παλαιαὶ
2551 436 2850 509 Διαθῆκαι,
2884 438 2979 491 καὶ
3023 435 3147 490 οὔτε
3199 435 3293 490 δύο
3347 436 3549 492 Καιναὶ
3594 442 3731 494 Δια-

459 554 705 621 gclioque
735 550 950 602 locutus
976 554 1083 602 est.
1130 544 1294 616 706
1340 542 1421 599 Ob
1465 541 1520 596 id
1560 556 1671 595 non
1704 540 1815 595 duo
1847 538 2043 592 Vetera

459 643 807 699 Testamenta
839 648 989 705 sunt,
1023 654 1201 708 neque
1231 637 1340 692 duo
1366 634 1540 697 Nova,
1571 630 1833 703 quoniam
1868 642 2047 697 neque

461 741 751 789 testatores
782 732 892 786 duo
916 738 1063 795 sunt,
1090 728 1185 784 sed
1213 743 1355 783 unus
1388 723 1787 784 tantummodo,
1822 721 1916 791 qui
1942 736 2038 774 an-

460 827 672 895 tiquato
706 822 900 879 Vetere
926 822 1135 876 Novum
1168 821 1440 875 instaurat
1470 837 1483 872 :
1522 831 1623 871 nec
1654 816 1752 879 ita,
1788 821 1848 868 ut
1879 812 2046 867 Vetus

460 916 867 987 exstinguenda
903 915 1102 978 deleat,
1155 912 1251 967 sed
1295 912 1345 965 ei
1393 910 1552 965 tinem
1593 909 1861 976 imponat,
1893 912 1947 960 et
1978 903 2047 957 ad

420 1050 429 1060 .
462 1008 764 1064 secundum
791 1006 1061 1059 bonorum
1100 1004 1503 1072 possessionem
1535 996 1855 1052 transferat.

533 1096 794 1153 LXXXV.
861 1097 1040 1153 Alium
1086 1110 1117 1148 e
1163 1094 1449 1162 Scriptura
1488 1091 1666 1146 locum
1714 1087 2048 1143 Manichacus

464 1192 518 1243 in
551 1189 789 1243 medium
820 1186 996 1241 aﬂ'ert.
1029 1183 1142 1239 Hoc
1172 1188 1341 1245 enim,
1394 1181 1592 1252 inquit,
1637 1180 1856 1234 invento
1886 1196 1901 1233 :
1932 1181 2049 1247 spi-

469 1281 630 1334 ritum
650 1280 768 1333 sine
782 1293 1012 1348 corpore
1029 1277 1260 1331 salutem
1286 1274 1552 1329 obtinere.
1571 1269 1727 1338 Quod
1758 1271 1937 1339 ipsum
1963 1270 2050 1324 his

468 1372 647 1427 verbis
664 1370 823 1425 docet
846 1369 1168 1439 Apostolus:
1194 1366 1422 1423 Omnino
1449 1365 1668 1419 auditur
1695 1364 1750 1416 in
1779 1363 1921 1416 vobis
1945 1363 2052 1431 for-

468 1465 687 1525 nicatio,
711 1473 757 1517 et
775 1461 1033 1533 ejusmodi
1053 1461 1361 1531 fornicatio,
1378 1475 1497 1529 quin
1514 1475 1576 1511 ne
1591 1459 1647 1511 in
1671 1457 1911 1526 gentibus
1934 1456 2052 1526 qui-

467 1556 585 1610 dem
614 1556 847 1609 cernitur
870 1571 889 1608 :
911 1553 1041 1608 adeo
1067 1564 1125 1606 ut
1156 1568 1373 1606 uxorem
1393 1550 1606 1621 quidam
1638 1550 1805 1617 patris
1838 1549 2048 1603 habeat.

469 1645 538 1699 Et
565 1663 655 1700 vos
683 1646 855 1714 inﬂati
878 1646 1025 1707 estis,
1054 1654 1103 1697 et
1131 1659 1233 1697 non
1265 1643 1432 1711 magis
1450 1640 1684 1705 luxistis,
1702 1639 1998 1692 uttollatur
2025 1655 2052 1691 e

2146 531 2344 604 θῆκαι⁸
2381 531 2569 603 ἐπειδὴ
2602 532 2702 584 οὐκ
2741 531 2848 584 είσὶ
2869 531 2961 585 δύο
2989 532 3039 585 οἱ
3077 530 3405 603 διαθέμενοι,
3435 532 3551 587 ἀλλ’
3586 528 3667 597 εἷς
3699 536 3734 587 6

2144 623 2242 695 τὴν
2275 623 2517 678 Παλαιὰν
2546 622 2701 695 [τῶν]
2731 623 2997 684 παλαιῶν,
3020 624 3116 677 καὶ
3137 624 3235 694 τὴν
3264 624 3474 695 Καινὴν
3495 624 3733 680 ἀνακαι-

2146 714 2338 777 νίζων·
2380 713 2441 766 οὐ
2483 712 2583 784 τὴν
2631 712 2874 767 Παλαιὰν
2922 713 3214 784 καταργῶν
3257 714 3339 777 είς
3381 714 3730 785 ἀφανισμὸν,

2148 804 2282 858 ἀλλά
2309 804 2409 876 τὴν
2437 805 2680 857 Παλαιὰν
2705 803 3058 866 καταπαύων,
3090 805 3185 857 καὶ
3206 807 3271 876 τῇ
3294 805 3522 877 δευτέρᾳ
3558 823 3736 874 προσ·
3775 812 3788 823 “

2144 898 2426 969 τιθέμενος
2449 899 2764 970 περιουσίας
2791 898 3172 970 κληρονομίαν.

2218 1073 2345 1126 ΠΕ’.
2373 1073 2572 1145 ’Ἄλλην
2594 1074 2651 1127 δὲ
2680 1075 2841 1129 πάλιν
2867 1074 3009 1140 λέξιν
3037 1078 3065 1130 6
3089 1078 3251 1141 αὐτὸς
3277 1078 3469 1150 Μάνης
3497 1096 3736 1152 παρεισ-

2149 1166 2341 1238 φέρει,
2392 1167 2591 1236 λέγων,
2637 1169 2718 1222 ὃτι
2767 1165 2898 1222 Οἶδα
2957 1170 3171 1240 πνεῦμα
3247 1172 3550 1243 σωζόμενον
3596 1174 3733 1227 ἄνευ

2154 1259 2424 1332 σώματος.
2458 1259 2630 1313 Τοῦτο
2678 1260 2808 1330 γὰρ,
2840 1263 3002 1331 φησὶ,
3044 1262 3286 1316 διδάσκει
3335 1265 3364 1317 6
3406 1265 3735 1330 ’Δπόστολος

2150 1352 2341 1422 λέγων,
2370 1354 2453 1407 ὅτι
2493 1354 2687 1420 Ὄλως
2737 1355 3018 1409 ἀκούεται
3047 1355 3118 1408 έν
3146 1357 3288 1425 ὑμῖν
3322 1360 3590 1427 πορνεία,
3627 1363 3732 1415 καὶ

2150 1452 2392 1518 τοιαύτη
2419 1452 2686 1520 πορνεία,
2705 1450 2835 1519 ἣτις
2856 1451 2999 1505 οὐδὲ
3025 1452 3096 1505 ἐν
3119 1452 3243 1518 τοῖς
3263 1453 3507 1508 ἔθνεσιν
3529 1472 3544 1487 ·
3573 1455 3738 1510 ὥστε

2150 1544 2405 1613 γυναῖκα
2427 1561 2562 1598 τινα
2580 1543 2689 1598 τοῦ
2713 1545 2935 1612 πατρὸς
2974 1544 3159 1615 ἔχειν.
3184 1548 3294 1601 Καὶ
3332 1546 3503 1617 ὑμεῖς
3537 1564 3734 1617 πεφυ-

2152 1638 2430 1706 σιωμένοι
2459 1636 2621 1702 ἐστὲ,
2661 1637 2759 1691 καί
2787 1638 2923 1705 οὐχὶ
2940 1637 3181 1706 μᾶλλον
3203 1638 3598 1706 ἐπενθήσατε,
3630 1642 3739 1694 ἵνα

469 1739 638 1793 medio
668 1739 825 1792 vestri
860 1738 950 1807 qui
991 1738 1085 1789 hoc
1137 1735 1343 1804 facinus
1377 1734 1660 1787 commisit.
1705 1733 1813 1801 Ego
1841 1730 2047 1799 quidem

2163 1730 2301 1801 ἀρθῇ
2332 1732 2401 1785 ἐκ
2426 1732 2623 1801 μέσου
2664 1730 2835 1801 ὑμῶν
2863 1734 2895 1784 ὁ
2936 1731 3000 1784 τὸ
3038 1731 3217 1801 ἔργον
3262 1732 3439 1786 τοῦτο
3471 1732 3732 1801 πράξας.

471 1831 660 1882 ubsens
695 1843 917 1897 corpore
965 1842 1195 1895 prwseus
1227 1835 1402 1878 autem
1436 1824 1648 1892 spiritu,
1678 1822 1908 1887 iudicaui
1932 1838 2051 1874 eum

470 1921 557 1990 qui
592 1919 689 1973 hoc
716 1920 883 1973 scelus
907 1918 1187 1980 commisit,
1219 1915 1645 1970 convenientibus
1674 1915 1839 1976 vobis,
1871 1924 1919 1967 et
1950 1913 2053 1966 Do—

473 2016 637 2074 mino,
670 2028 788 2064 cum
828 2027 940 2064 meo
975 2010 1188 2078 spiritu,
1223 2009 1428 2061 tradere
1458 2006 1719 2076 ejusmodi
1750 2004 1971 2060 Satunn:
1998 2006 2053 2058 in

473 2102 745 2154 interitum
780 2102 978 2160 carnis,
1010 2108 1068 2152 ut
1095 2099 1313 2167 spiritus
1347 2097 1525 2152 salvus
1553 2098 1649 2163 ﬁat
1681 2097 1735 2149 in
1757 2096 1841 2148 die
1866 2094 2055 2148 Domi-

474 2195 528 2247 ni
553 2193 591 2246 '.
620 2190 739 2245 Jam
766 2193 947 2247 carnis
981 2191 1233 2245 interitus
1272 2191 1408 2244 nihil
1438 2189 1587 2243 aliud
1621 2200 1724 2254 est,
1758 2204 1921 2258 quam
1954 2189 2053 2242 ab-

476 2287 654 2340 soluta
681 2285 828 2339 illius
860 2284 1169 2339 exstinctio.
1196 2281 1482 2348 Quomodo
1514 2281 1676 2351 igitur
1705 2295 1829 2334 cum
1862 2280 1916 2333 in
1938 2279 2053 2332 dia-

475 2378 585 2433 boli
622 2384 891 2446 potestate
930 2392 1060 2431 caro
1095 2375 1344 2430 funditus
1384 2373 1765 2444 esstinguatur
1792 2371 2056 2440 solusque

475 2450 724 2525 seruetur
754 2469 1003 2538 spiritus,
1043 2482 1335 2538 corporum
1368 2481 1491 2521 esse
1522 2473 1701 2536 potest
1760 2464 2057 2533 carnisque

478 2560 842 2615 resurrectio?
901 2560 1051 2613 Adeo
1104 2575 1234 2612 vero
1286 2566 1371 2613 est
1415 2558 1612 2623 hebes,
1665 2566 1725 2610 ut
1776 2556 1907 2609 illud
1946 2571 2056 2609 non

477 2652 910 2707 videatzcarnis
955 2666 1120 2721 opera
1175 2651 1593 2705 fornicationem
1643 2664 1788 2709 esse,
1843 2646 2056 2702 adulte-

481 2745 647 2808 rium,
684 2758 750 2797 ac
785 2742 1091 2808 libidinem,
1118 2750 1172 2797 et
1205 2742 1258 2797 id
1290 2757 1461 2811 genus
1491 2741 1636 2808 alia;
1665 2754 1766 2795 nec
1798 2739 1868 2794 de
1892 2754 2059 2794 carne

481 2837 656 2902 illum,
682 2836 779 2891 sed
812 2835 881 2891 de
918 2836 1102 2889 carnis
1126 2834 1384 2904 operibus
1408 2833 1577 2904 loqui.
1602 2831 1737 2886 Nam
1777 2847 1903 2886 cum
1935 2841 2056 2887 stu-

484 2943 640 2997 prum
665 2926 865 2997 aliquis
886 2926 1201 2987 committit,
1229 2940 1359 2981 caro
1379 2925 1524 2981 istud
1554 2926 1908 2995 exsequitur;
1931 2939 2058 2979 cum

482 3030 665 3073 autem
718 3018 1137 3087 temperantiam
1188 3016 1292 3071 sibi
1343 3017 1697 3087 compararit,
1757 3017 1870 3085 jam
1928 3030 2060 3071 caro

481 3108 888 3179 quodammodo
917 3124 1041 3164 esse
1085 3123 1216 3163 caro
1246 3108 1467 3173 desinit,
1497 3117 1661 3178 atque
1704 3108 1757 3161 in
1806 3108 2058 3177 spiritum

483 3199 821 3253 convertitur
851 3217 865 3252 :
901 3197 1361 3268 quemadmodum
1394 3197 1691 3267 Apostolus
1721 3194 1892 3250 refert
1919 3212 1932 3248 :
1960 3195 2065 3260 Qui

484 3291 635 3343 initio
666 3289 940 3358 conjunxit
980 3287 1187 3352 ambos,
1219 3287 1356 3341 dixit
1387 3304 1404 3341 :
1432 3287 1659 3356 Propter
1685 3286 1782 3340 hoc
1810 3286 2066 3354 relinquet

486 3384 641 3436 homo
666 3390 876 3451 patrem
911 3398 1088 3444 suum,
1126 3390 1174 3435 et
1202 3390 1424 3434 matrem
1474 3395 1650 3441 suam,
1698 3389 1748 3433 et
1780 3378 2067 3433 adhaerebit

486 3476 644 3529 uxori
672 3490 809 3536 sure,
834 3483 883 3528 et
908 3484 1063 3527 erunt
1087 3473 1192 3526 duo
1222 3473 1277 3525 in
1309 3489 1518 3526 carnem
1543 3489 1706 3527 unam
1733 3475 1774 3527 '.
1807 3471 1956 3527 Sicut
1979 3470 2069 3540 qui

487 3567 721 3621 adbwret
748 3567 1030 3632 meretrici,
1058 3582 1222 3619 unum
1255 3581 1443 3633 corpus
1489 3574 1588 3631 est,
1631 3574 1681 3618 et
1710 3566 1800 3636 qui
1833 3564 2067 3618 adlurret

489 3659 889 3724 Domino,unus
908 3658 1127 3725 spiritus
1149 3667 1227 3712 est
1253 3657 1294 3712 ³.
1322 3655 1505 3726 Itaque
1526 3657 1616 3727 qui
1641 3665 1891 3727 stuprum
1915 3669 2068 3710 com-

488 3747 1083 3814 mittit,caroeﬂicitur,
1107 3763 1213 3801 non
1232 3762 1431 3816 corpus
1452 3746 1734 3811 duntaxat,
1761 3748 1852 3804 sed
1877 3758 1931 3803 ct
1956 3764 2066 3803 cae-

491 3847 607 3891 tera
627 3837 833 3900 omnia,
858 3837 1102 3907 adeoque
1128 3840 1305 3892 anima
1335 3841 1449 3908 ipsa
1481 3841 1536 3893 in
1568 3855 1783 3894 carnem
1806 3842 2070 3910 quodam-

491 3930 654 3984 modo
694 3938 956 3984 mutatur.
1005 3931 1140 3984 Dum
1182 3931 1328 3985 enim
1386 3931 1454 3986 ad
1500 3935 1838 3987 meretricem
1889 3933 2070 3988 adhae-

491 4020 680 4089 rescit,
712 4034 843 4073 caro
870 4019 962 4086 ﬁt;
1007 4036 1242 4090 cumque
1272 4023 1508 4077 carnalis
1547 4024 1641 4086 sit,
1683 4022 1910 4076 omnino
1940 4038 2071 4078 caro

490 4112 713 4166 dicitur.
746 4113 813 4165 At
835 4111 929 4181 qui
964 4110 1191 4167 Domino
1224 4113 1485 4179 adhaeret,
1510 4123 1620 4167 tam
1648 4129 1879 4184 corpore
1901 4129 2068 4184 quam

493 4205 675 4257 animo
711 4220 853 4259 unus
906 4219 1030 4261 cum
1078 4220 1143 4260 eo
1193 4207 1419 4275 spiritus
1465 4216 1569 4271 cst,
1605 4221 1669 4261 ac
1708 4208 1973 4277 quidquid
2013 4208 2070 4261 in

493 4295 714 4350 homine
764 4298 931 4362 inest,
980 4313 1121 4352 unus
1168 4298 1222 4351 in
1279 4297 1508 4353 Domino
1553 4300 1780 4369 spiritus
1817 4298 2068 4353 eﬂicitur.

493 4386 611 4451 Qua
655 4388 723 4442 de
772 4403 831 4441 re
870 4397 1118 4444 statuens
1166 4390 1306 4444 idem
1347 4391 1684 4459 Apostolus:
1715 4392 1875 4461 707
1908 4392 2068 4454 Deus,

2169 1822 2308 1892 Ἐγὼ
2332 1822 2467 1891 μὲν,
2507 1822 2677 1876 ἀπὼν
2716 1823 2795 1889 τῷ
2827 1823 3074 1893 σώματι,
3107 1823 3313 1893 παρὼν
3336 1824 3404 1877 δὲ
3430 1823 3509 1889 τῷ
3542 1826 3736 1877 πνεύ-

2148 1926 2310 1979 ματι,
2344 1909 2461 1979 ἤδη
2498 1911 2744 1978 κέκρικα
2770 1909 2878 1964 τὸν
2913 1911 2979 1964 τὸ
3013 1911 3191 1981 ἔργον
3227 1914 3403 1968 τοῦτο
3445 1931 3739 1983 κατεργα-

2154 2002 2453 2072 σάμενον,
2501 2006 2925 2061 συνελθόντων
2963 2005 3130 2075 ὑμῶν
3176 2007 3276 2060 καὶ
3327 2007 3433 2061 τοῦ
3483 2007 3735 2075 Κυρίου,

2149 2096 2303 2163 μετὰ
2340 2095 2448 2149 τοῦ
2492 2096 2640 2165 ἐμοῦ
2676 2099 3044 2167 πνεύματος,
3073 2099 3443 2167 παραδοῦναι
3472 2101 3577 2153 τὸν
3613 2117 3734 2154 τοι·

2156 2189 2338 2243 οῦτον
2373 2187 2454 2255 τῷ
2489 2189 2748 2257 Σατανᾷ,
2775 2194 2862 2257 εὶς
2895 2192 3143 2261 ὀλεθρον
3184 2191 3297 2260 τῆς
3346 2192 3598 2261 σαρκὸς,
3633 2193 3744 2248 ἵνα

2157 2274 2223 2326 τὸ
2263 2274 2500 2345 πνεῦμα
2531 2276 2697 2346 σωθῇ
2734 2277 2805 2331 ἐν
2842 2277 2916 2347 τῇ
2942 2278 3134 2348 ἡμέρᾳ
3160 2279 3267 2333 τοῦ
3305 2281 3546 2347 Κυρίου.
3573 2278 3740 2335 Ὀλε-

2158 2363 2286 2436 θρος
2313 2364 2371 2418 δὲ
2410 2365 2503 2418 ἐπὶ
2539 2367 2744 2438 σαρκὸς
2776 2369 2805 2421 6
2848 2369 3193 2423 παντάπασίν
3228 2371 3377 2423 ἐστιν
3404 2371 3738 2440 ἀφανισμός.

2158 2457 2284 2521 Πῶς
2325 2453 2451 2522 οὖν,
2499 2458 2902 2531 ἀφανιζομένης
2952 2460 3053 2531 τῆς
3099 2462 3302 2532 σαρκὸς
3357 2463 3415 2515 ὲν
3457 2463 3599 2534 χειρὶ
3638 2463 3741 2516 τοῦ

2156 2549 2436 2615 διαϐόλου,
2474 2551 2569 2605 καὶ
2616 2551 2923 2622 σωζομένου
2963 2553 3056 2606 τοῦ
3090 2554 3419 2624 πνεύματος,
3454 2554 3535 2607 ἔτι
3580 2554 3745 2609 ἔσται

2158 2641 2453 2707 ἀνάστασις
2504 2644 2771 2713 σωμάτων
2826 2643 2858 2713 ἢ
2921 2644 3153 2716 σαρκός;
3208 2645 3318 2698 Καὶ
3365 2646 3465 2698 οὐκ
3513 2641 3652 2699 οἶδεν
3706 2648 3745 2700 6

2159 2734 2383 2806 ἄπειρος
2409 2734 2551 2788 κατὰ
2599 2736 2797 2801 πάντα,
2828 2737 2909 2790 ὅτι
2949 2738 3016 2789 τὰ
3063 2737 3200 2810 ἔργα
3226 2740 3326 2809 τῆς
3358 2737 3559 2809 σαρκὸς
3603 2755 3747 2810 πορ-

2160 2827 2299 2891 νεία,
2343 2827 2578 2899 μοιχεία,
2608 2828 2886 2897 ἀσέλγεια,
2924 2831 3018 2883 καὶ
3058 2830 3127 2883 τά
3164 2830 3372 2895 τούτοις
3400 2832 3591 2900 ὃμοια·
3643 2832 3746 2885 καὶ

2161 2920 2221 2971 οὐ
2249 2919 2378 2989 περὶ
2420 2920 2588 2991 αὐτῆς
2641 2921 2737 2991 τῆς
2784 2921 2985 2993 σαρκὸς
3024 2921 3207 2990 λέγει,
3239 2922 3376 2977 ἀλλὰ
3408 2924 3515 2978 τῶν
3561 2924 3745 2995 ἔργων

2160 3010 2259 3081 τῆς
2292 3011 2511 3081 σαρκός.
2545 3013 2674 3065 Ὅτε
2722 3013 2820 3083 μὲν
2867 3013 3159 3084 ἐργάσεται
3209 3016 3553 3087 πορνείαν,ή
3599 3017 3746 3087 σὰρξ

2091 3125 2132 3181 C
2166 3104 2487 3175 ἐργάζεται·
2524 3103 2620 3158 ἐὰν
2657 3104 2715 3158 δὲ
2756 3106 3025 3176 κτήσηται
3080 3106 3439 3177 ἐγκράτειαν,
3487 3108 3670 3161 οὐκέτι
3703 3110 3746 3180 ἡ

2170 3197 2305 3268 σάρξ
2335 3198 2503 3258 ἐστιν,
2532 3195 2668 3248 ἀλλὰ
2702 3198 2735 3266 ἡ
2778 3196 2915 3267 σὰρξ
2950 3197 3347 3267 μεταϐέϐληται
3374 3200 3454 3262 είς
3485 3198 3701 3269 πνεῦμα
3725 3216 3743 3230 ·

2166 3290 2243 3352 ὡς
2273 3290 2367 3341 καὶ
2393 3290 2423 3340 6
2461 3286 2783 3351 Ἀπόστολος
2811 3288 2987 3356 λέγει·
3018 3288 3101 3341 ὅτι
3136 3289 3198 3342 '0
3215 3288 3494 3359 duapxﬁq
3533 3289 3749 3351 συζεύ-

2169 3378 2280 3445 ξας
2304 3378 2377 3431 τὰ
2405 3379 2708 3447 ἀμφότερα
2738 3375 2905 3431 εἶπεν
2923 3395 2937 3408 ·
2975 3379 3123 3433 Ἁντὶ
3147 3381 3361 3435 τούτου
3394 3383 3749 3449 καταλείψει

2168 3467 2478 3535 ἄνθρωπος
2541 3467 2648 3520 τὸν
2692 3468 2917 3537 πατέρα
2977 3469 3163 3524 αὐτοῦ
3206 3470 3305 3524 καὶ
3348 3470 3464 3538 τὴν
3512 3473 3750 3541 μητέρα

2168 3560 2379 3624 αὐτοῦ,
2408 3562 2508 3615 καὶ
2544 3561 2991 3629 κολληθήσεται
3032 3560 3108 3628 τῇ
3136 3562 3371 3631 γυναικὶ
3403 3563 3611 3627 αὑτοῦ,
3643 3564 3746 3619 καὶ

2167 3656 2412 3708 ἔσονται
2441 3657 2495 3707 οὶ
2521 3653 2629 3707 δύο
2651 3657 2739 3720 εὶς
2760 3654 2956 3721 σάρκα
2989 3653 3137 3723 μίαν
3157 3666 3171 3681 ‘
3196 3654 3276 3719 ὡς
3300 3657 3335 3709 ό
3362 3656 3751 3727 κολλώμενος

2169 3748 2243 3816 τῇ
2264 3749 2455 3817 πόρνῃ
2489 3747 2559 3801 ἐν
2593 3746 2763 3815 σῶμά
2794 3748 2983 3809 ἐστιν,
3023 3749 3056 3800 ὁ
3093 3747 3473 3818 κολλώμενος
3518 3744 3599 3817 τῷ
3624 3752 3748 3803 Κυ-

2161 3840 2274 3908 ρίῳ
2321 3839 2390 3893 ἓν
2437 3839 2672 3908 πνεῦμά
2714 3840 2905 3894 ἐστιν.
2956 3845 3101 3914 ’Ἄρα
3142 3840 3234 3898 οὖν
3277 3845 3306 3896 6
3346 3843 3445 3912 τὴν
3490 3842 3751 3913 πορνείαν

2170 3930 2535 4003 ἐργαζόμενος
2565 3930 2700 4004 σὰρξ
2724 3933 3015 4003 γεγένηται
3034 3952 3047 3964 ’
3080 3936 3141 3988 οὐ
3176 3937 3335 4006 μόνον
3364 3933 3500 4004 αὑτὴ
3521 3936 3556 4003 ἡ
3586 3932 3748 4003 σὰρξ,

2170 4024 2308 4079 ἀλλά
2338 4025 2434 4077 καὶ
2466 4024 2667 4088 πάντα,
2696 4025 2792 4076 καὶ
2824 4024 2990 4095 ψυχὴ,
3030 4026 3124 4079 καὶ
3149 4029 3218 4078 τὰ
3248 4026 3381 4080 ἄλλα
3414 4024 3555 4094 σὰρξ
3597 4025 3751 4091 γίνεα-

2170 4134 2283 4170 ται.
2318 4115 2615 4183 Κολληθεὶς
2643 4114 2753 4185 γὰρ
2784 4117 2849 4185 τῇ
2890 4115 3066 4189 πόρνῃ
3105 4115 3243 4187 σὰρξ
3276 4117 3513 4185 ἐγένετο,
3550 4116 3646 4168 καὶ
3671 4114 3753 4169 ὢν

2176 4208 2434 4279 σαρκικδς
2488 4206 2622 4278 σὰρξ
2652 4206 2786 4270 ὅλως
2812 4207 3081 4261 καλεῖται.
3129 4209 3184 4261 'O
3211 4209 3268 4261 δὲ
3301 4207 3639 4277 κολλώμενος
3671 4207 3754 4278 τῷ

2172 4301 2363 4371 Κυρίῳ
2399 4299 2458 4354 ἓν
2491 4299 2707 4368 πνεῦμά
2759 4302 2874 4353 ἐστι
2896 4339 2910 4361 ,
2944 4300 3187 4353 τουτέστι
3222 4300 3382 4371 σῶμα
3424 4302 3514 4353 καὶ
3566 4300 3736 4370 ψυχὴ.

2175 4394 2269 4445 καὶ
2298 4393 2494 4451 πάντα,
2531 4392 2582 4444 εἴ
2613 4392 2663 4444 τί
2693 4394 2838 4445 ἐστιν
2860 4393 2917 4444 ὲν
2938 4392 3015 4463 τῷ
3043 4390 3334 4462 ἀνθρώπῳ,
3360 4391 3419 4445 ἓν
3448 4391 3664 4459 πνεῦμα
3692 4393 3753 4444 ὲν

494 4479 692 4548 inquit,
714 4482 887 4549 posuit
912 4484 965 4533 in
988 4497 1202 4549 corpore
1223 4483 1399 4535 omnia
1423 4483 1654 4536 membra
1687 4484 1897 4552 singula
1912 4499 2060 4550 prout

2175 4482 2252 4553 τῷ
2282 4483 2487 4552 Κυρίῳ.
2507 4483 2616 4535 Καὶ
2642 4483 2771 4553 περὶ
2795 4456 2998 4535 τούτου.
3009 4456 3311 4552 νομοθετῶν
3336 4483 3364 4534 6
3391 4481 3552 4544 αὐτὸς
3585 4456 3753 4533 111:6-

495 4570 719 4624 voluit‘.
749 4568 885 4625 Vide
924 4580 984 4624 ut
1018 4575 1266 4641 corporis
1295 4588 1512 4644 quoque
1547 4575 1885 4629 conditorem
1919 4574 2058 4628 aﬂir-

497 4672 607 4716 met
637 4662 804 4716 Deum
849 4677 914 4715 ac
954 4664 1319 4718 membrorum
1366 4675 1684 4720 nostrorum
1729 4667 2069 4734 composito-

497 4769 635 4818 rem,
670 4754 765 4824 qui
796 4754 1063 4824 sapientia
1093 4770 1157 4810 ac
1180 4757 1427 4811 bonitate
1457 4771 1579 4817 sua,
1613 4756 1692 4810 uti
1721 4756 1916 4819 voluit,
1946 4758 2071 4811 uni-

496 4859 655 4898 versa
699 4845 1002 4900 constituit.
1040 4844 1173 4901 Post
1204 4847 1319 4901 haec
1350 4847 1658 4915 exemplum
1689 4846 1938 4914 corporis
1968 4863 2071 4899 no-

497 4933 597 4988 stri
629 4934 695 4987 ad
726 4932 930 4989 Christi
958 4951 1157 5004 corpus
1191 4935 1591 4990 accommodat.
1616 4933 2072 4996 Quemadmodum

496 5038 545 5079 et
579 5042 671 5079 nos
708 5042 894 5093 corpus
934 5028 1131 5083 Christi
1155 5044 1355 5087 sumus,
1386 5035 1434 5079 et
1460 5026 1692 5077 membra
1721 5024 1785 5078 de
1820 5026 2071 5090 membro,

494 5129 544 5174 et
577 5118 812 5173 Ecclesia
845 5118 962 5181 Dei,
998 5136 1112 5189 qua:
1144 5129 1218 5171 est
1259 5133 1446 5186 corpus
1480 5115 1737 5169 Christi“.
1772 5117 2002 5173 Proinde
2026 5120 2072 5175 si

496 5228 697 5282 corpus
726 5212 819 5267 Dei
849 5211 1090 5267 Ecclesia
1120 5211 1336 5280 spiritui
1365 5209 1673 5271 adhaerens,
1713 5210 1817 5264 hoc
1853 5222 1939 5266 est
1971 5211 2074 5267 Do-

499 5304 829 5370 mino,unus
861 5313 944 5360 est
973 5305 1204 5373 spiritus
1224 5343 1238 5363 ,
1265 5304 1581 5372 quicunque
1610 5304 1678 5356 ah
1704 5303 1893 5358 eadem
1924 5307 2071 5360 exci-

499 5393 599 5456 dit,
629 5396 855 5465 perinde
887 5411 916 5449 a
952 5396 1146 5465 spiritu
1177 5394 1518 5458 dcscisrens,
1564 5396 1744 5450 anima
1783 5401 1987 5467 pariter
2016 5410 2071 5455 et

499 5502 731 5558 corpore
759 5499 1129 5545 commutatur
1163 5490 1217 5544 in
1247 5505 1491 5555 carnem,
1516 5505 1579 5546 ac
1601 5492 1646 5547 si
1673 5494 1803 5563 quid
1836 5496 1982 5550 aliud
2014 5498 2068 5552 in

502 5579 622 5650 ipso
652 5583 978 5636 continetur.
1024 5582 1157 5636 Nam
1185 5583 1278 5653 qui
1314 5582 1424 5638 fieri
1470 5592 1673 5654 posset,
1721 5603 1847 5655 pars
1878 5601 1932 5643 ut
1964 5606 2070 5643 una

2178 4574 2362 4636 στολός
2392 4589 2583 4644 φησιν·
2628 4575 2691 4627 '0
2714 4574 2858 4641 Θεὸς
2897 4575 3063 4630 ἔθετο
3088 4574 3158 4627 ἐν
3188 4572 3416 4643 σώματι
3447 4571 3647 4627 πάντα
3677 4574 3755 4626 τὰ

2170 4668 2346 4735 μέλη,
2380 4666 2641 4719 ἕκαστον
2673 4667 2866 4733 καθὼς
2892 4667 3175 4736 ἠθέλησε.
3208 4667 3318 4720 Καὶ
3346 4669 3447 4738 ὅρα
3476 4664 3594 4728 πῶς
3616 4668 3747 4735 ὁμο-

2175 4757 2326 4823 λογεί
2348 4756 2439 4808 τὸν
2472 4756 2604 4810 Θεὸν
2633 4757 2861 4826 ποιητὴν
2894 4756 2987 4810 τοῦ
3022 4756 3291 4826 σώματος,
3326 4756 3419 4810 καὶ
3450 4755 3614 4826 Θὲτην
3638 4755 3751 4808 τῶν

2176 4850 2235 4901 ὲν
2263 4851 2394 4919 ἡμῖν
2443 4848 2640 4918 μελῶν,
2681 4850 2776 4903 καὶ
2823 4847 3004 4911 καθὼς
3031 4847 3262 4919 ἠθέλησε
3302 4850 3369 4919 τῇ
3418 4848 3525 4918 ἰδίᾳ
3584 4848 3751 4918 σοφίᾳ

2174 4932 2273 4992 καῖ
2298 4940 2614 5013 ἀγαθότητι.
2636 4943 2657 4972 ⁸⁸
2685 4938 2824 4996 Εἶτα
2852 4940 3033 5003 πάλιν,
3079 4940 3199 4993 ἀντὶ
3229 4938 3324 4992 τοῦ
3365 4938 3750 5008 παραδείγμα-

2174 5050 2265 5095 τος
2294 5033 2386 5085 τοῦ
2422 5035 2688 5104 ἡμετέρου
2742 5034 2989 5103 σώματος
3016 5073 3029 5097 ,
3064 5032 3156 5084 τοῦ
3203 5032 3461 5103 Χριστοῦ.
3503 5033 3603 5095 Ὠς
3648 5030 3751 5083 καὶ

2173 5125 2344 5195 ἡμεῖς
2373 5125 2542 5195 σῶμα
2579 5127 2838 5193 Χριστοῦ
2864 5128 3071 5194 ἐσμεν,
3100 5124 3198 5178 καὶ
3229 5123 3385 5193 μέλη
3406 5123 3473 5176 ἐκ
3496 5125 3746 5192 μέλους,

2175 5217 2271 5271 καὶ
2303 5219 2341 5287 ἡ
2388 5219 2717 5285 Ἐκκλησία
2750 5219 2855 5271 τοῦ
2888 5217 3056 5280 Θεοῦ,
3088 5216 3219 5284 ἣτις
3243 5216 3380 5269 ἐστὶ
3410 5214 3583 5283 σῶμα
3622 5216 3751 5281 Χρι-

2177 5312 2348 5366 στοῦ.
2377 5313 2438 5364 Εἰ
2485 5312 2645 5379 σῶμα
2685 5310 2861 5361 τοίνυν
2892 5308 3027 5361 Θεοῦ
3064 5310 3098 5379 ἡ
3149 5306 3439 5377 Ἐκκλησία
3481 5305 3749 5374 κεκολλη-

2182 5405 2317 5475 μένη
2351 5403 2429 5473 τῷ
2475 5401 2766 5470 πνεύματι,
2796 5401 3041 5453 τουτέστι
3069 5398 3147 5469 τῷ
3180 5398 3393 5469 Κυρίῳ,
3435 5395 3497 5450 ἒν
3531 5396 3752 5466 πνεῦμά

2180 5501 2345 5560 ἐστιν,
2378 5498 2407 5548 6
2429 5497 2523 5548 ἀπ’
2558 5493 2727 5563 αὐτῆς
2757 5494 2935 5546 τοίνυν
2968 5491 3296 5562 ἁμαρτάνων
3319 5489 3627 5558 πνεύματος
3655 5492 3751 5541 ὲκ-

2179 5587 2360 5641 πεσὼν
2406 5585 2542 5657 σὰρξ
2576 5586 2864 5657 γεγένηται
2893 5584 3029 5647 ὅλως
3071 5583 3214 5653 ψυχῇ
3249 5582 3343 5636 καὶ
3380 5579 3612 5666 σώματι,
3652 5578 3750 5633 καὶ

576 5696 1032 5774 ξιοοτ.γ,λι-ες.
1109 5702 1349 5773 ’Ephes.
1401 5721 1457 5773 ν,
1490 5707 1594 5774 3t;
1630 5704 1765 5761 Gen.
1830 5723 1891 5773 ιι,
1946 5707 2036 5762 24.

2178 5709 2345 5764 lCor.
2379 5724 2453 5762 vr.
2509 5706 2596 5762 16.
2646 5706 2734 5758 17.
2812 5704 3037 5758 ‘lCor.
3096 5719 3198 5766 xu,
3262 5700 3351 5756 18.
3431 5701 3452 5732 ⁸
3487 5697 3623 5754 ibid.
3649 5696 3740 5754 ‘27.

492 5764 531 5861 .°
555 5765 719 5825 Deest
744 5771 968 5843 aliquid.
