3994 6226
208 380 315 439 169

867 379 1185 437 Αυνεῐιευ
1200 379 1238 435 S
1277 379 1622 437 IIASRESES
1664 382 1792 438 LlB.

1945 383 2106 441 TUM.
2151 384 2214 437 ιι.
2255 414 2325 423 ——
2366 383 2633 438 IIZERES.
2680 384 2864 438 LXVI.

3386 390 3487 447 170

204 504 259 557 et
308 501 393 564 τίς
423 503 438 533 ⁸
476 502 623 555 ὲστιν
674 500 732 554 ἐν
784 500 953 571 αὐτῷ.
998 501 1149 553 Ἐπεὶ
1188 499 1302 564 πῶς
1355 500 1579 555 ἐδύνατο
1633 502 1796 573 μέρος

1915 503 2119 560 Satanae
2172 503 2507 569 traderetur,
2562 519 2669 558 non
2720 506 3028 560 traderetur
3059 504 3269 563 altera?
3303 507 3491 581 Neque

205 590 584 662 παραδοθῆναι
613 590 691 661 τῷ
716 591 949 661 Σατανᾷ,
971 592 1064 644 καὶ
1095 592 1263 663 μέρος
1297 591 1373 662 μὴ
1396 593 1798 663 παραδοθῆναι;

205 686 284 737 Ού
330 683 441 754 γάρ
496 679 642 747 εἶπε,
697 683 1069 755 παραδοθῆναι
1114 684 1212 753 τὴν
1243 684 1423 755 σάρκα
1448 684 1527 755 τῷ
1566 685 1799 756 Σατανᾷ,

204 777 345 830 ἀλλὰ
372 777 752 847 παραδοῦναι
800 777 907 831 τὸν
948 777 1241 832 τοιοῦτον.
1288 779 1345 830 ὐ
1384 777 1441 831 δὲ
1473 778 1648 847 λέγων
1696 779 1803 832 τόν

204 869 487 923 τοιοῦτον
517 868 780 939 ὁλοσχερῆ
823 867 1112 939 ἄνθρωπον
1156 866 1253 919 σὺν
1298 867 1443 937 ψυχῇ
1492 866 1590 921 καὶ
1639 866 1804 919 παντὶ

208 962 289 1033 τῷ
312 961 588 1034 ἀνθρώπῳ
626 960 1032 1033 παραδέδωκεν.
1065 959 1130 1015 Εἰ
1154 960 1211 1012 δὲ
1240 960 1359 1013 ὅλον
1392 959 1798 1032 παραδέδωκεν,

204 1053 331 1106 ὅλον
359 1054 541 1125 σάρκα
583 1053 936 1123 ἀπεφήνατο’
976 1052 1037 1105 τὸ
1067 1052 1284 1123 πνεῦμα
1310 1052 1368 1106 δὲ
1398 1052 1588 1122 ἐδήλου
1632 1051 1803 1116 σώζε-

208 1145 337 1198 σθαι
388 1147 468 1208 εἰς
524 1145 622 1215 τὴν
658 1144 873 1218 ἡμέραν
915 1144 1161 1215 Κυρίου,
1208 1146 1297 1197 ἵνα
1348 1144 1423 1215 μὴ
1470 1144 1575 1197 ὑπὸ
1626 1145 1804 1197 αἰτίαν

208 1243 437 1312 γένηται
466 1242 500 1310 ἡ
543 1238 838 1309 Ἐκκλησία
886 1238 981 1291 τοῦ
1024 1238 1344 1309 σφάλματος
1379 1236 1473 1291 τοῦ
1510 1238 1805 1307 σφαλέντος

208 1331 525 1403 ἀνθρώπου,
564 1331 657 1383 καὶ
693 1328 931 1401 μολυνθῇ
962 1328 1056 1400 ὅλη
1110 1331 1142 1398 ἡ
1182 1329 1477 1400 Ἐκκλησία
1514 1328 1593 1400 τῷ
1623 1346 1804 1400 παρα-

208 1426 469 1496 πτώματι
493 1423 588 1478 τοῦ
624 1422 763 1487 ἐνὸς,
795 1422 978 1491 λέγει·
1008 1422 1312 1490 Παράδοτε
1338 1420 1445 1475 τόν
1468 1421 1804 1490 σφαλέντα,

206 1520 311 1574 ἵνα
339 1517 405 1570 τὸ
438 1516 695 1585 πνεῦμα,
722 1514 1003 1568 τουτέστιν
1028 1514 1124 1585 ὅλη
1160 1516 1192 1584 ἡ
1232 1511 1551 1584 Ἐκκλησία,
1580 1510 1769 1580 σωθῇ.

271 1609 417 1679 HQ".
438 1610 598 1665 Ἀλλά
621 1626 754 1682 φησι
772 1627 786 1640 ο
811 1609 1157 1681 Γέγραπται·
1177 1608 1334 1678 Σὰρξ
1351 1608 1450 1663 καί
1470 1606 1808 1677 αἷμαβασι-

209 1704 390 1759 λείαν
404 1703 553 1757 Θεοῦ
567 1705 637 1757 οὐ
652 1700 1327 1772 κληρονομήσουσιΚώ
1341 1701 1551 1772 νομίζει
1566 1702 1621 1753 ὲν
1634 1698 1808 1768 τούτῳ

208 1795 394 1864 λέγειν
417 1813 484 1850 τι.
504 1796 613 1849 Καὶ
625 1793 949 1866 γὰρτῷὸντι
966 1795 1024 1847 ού
1049 1793 1270 1849 δύναται
1295 1792 1522 1866 πορνεία
1547 1792 1809 1863 κληρονο-

1906 612 2033 652 vero
2065 596 2203 651 dixit
2225 596 2520 666 Apostolus
2556 614 2569 651 :
2606 596 2845 652 Tradere
2867 613 3087 653 carnem
3128 599 3365 669 Satanae,
3394 607 3487 660 sed

1907 689 2117 744 tradere
2158 689 2441 758 ejusmodi.
2496 689 2566 742 At
2610 690 2703 761 qui
2739 691 2999 759 ejusmodi
3032 694 3185 761 dicit,
3218 697 3489 768 integrum

1904 781 2152 853 profecto
2208 783 2506 846 hominem,
2565 782 2669 837 hoc
2720 792 2805 839 est
2856 793 2965 839 tam
3017 788 3278 855 animam,
3325 807 3490 862 quam

1905 890 2107 944 corpus
2145 875 2431 930 tradiderit
2463 892 2689 932 necesse
2727 884 2832 931 est.
2877 876 2979 943 Qui
3014 894 3135 933 cum
3171 892 3340 937 totum
3380 894 3494 938 tra-

1906 967 2129 1029 diderit,
2175 975 2346 1021 totum
2383 968 2637 1022 videlicet
2680 982 2899 1022 carnem
2941 984 3064 1023 esse
3094 972 3400 1043 significat;
3437 984 3496 1029 at

1908 1058 2163 1127 spiritum
2196 1058 2250 1109 in
2281 1057 2424 1111 diem
2462 1055 2675 1111 Domini
2714 1058 2920 1112 servari
2953 1060 3311 1125 demonstrat,
3338 1073 3396 1117 ut
3427 1082 3495 1120 ne

1909 1148 2154 1203 Ecclesia
2186 1149 2556 1217 delinquentis
2600 1150 2834 1205 hominis
2882 1152 3089 1206 scelere
3121 1156 3495 1226 obstringere-

1909 1247 2021 1303 tur,
2061 1240 2335 1308 uniusque
2370 1239 2570 1293 delicto
2602 1248 2711 1294 tota
2754 1242 2869 1310 ipsa
2918 1243 3273 1312 pollueretur.
3314 1247 3496 1313 Quare

1909 1332 1981 1385 ita
2021 1332 2177 1400 jubet
2221 1333 2518 1402 Apostolus
2555 1352 2567 1388 :
2610 1332 2824 1388 Tradite
2861 1351 2978 1388 eum
3026 1338 3114 1405 qui
3153 1338 3397 1409 deliquit,
3437 1352 3495 1393 ut

1908 1423 2149 1490 spiritus,
2185 1422 2289 1477 hoc
2318 1431 2400 1478 est
2432 1423 2673 1478 Ecclesia
2701 1426 2981 1491 universa,
3014 1427 3191 1482 salvus
3215 1430 3280 1483 sit
3309 1432 3351 1482 ².

1980 1599 2265 1654 LXXXVI.
2304 1601 2471 1671 Atqui
2508 1602 2775 1672 scriptum
2831 1615 2914 1659 est
2945 1604 3063 1675 (ait)
3093 1627 3104 1660 :
3132 1606 3272 1661 Caro
3307 1617 3354 1662 et
3377 1626 3496 1663 san-

1909 1695 2027 1765 guis
2064 1711 2279 1763 regnum
2312 1693 2411 1749 Dei
2449 1712 2553 1749 non
2593 1695 2929 1763 possidebunt
2953 1700 2993 1751 ³.
3045 1700 3161 1763 Qua
3195 1698 3496 1772 Scriptura:

1913 1787 2187 1839 sententia
2215 1785 2466 1840 nonnihil
2490 1786 2705 1844 elIicere
2737 1804 2794 1845 se
2824 1798 2997 1859 putat.
3034 1789 3232 1846 Verum
3264 1793 3421 1862 longe
3448 1795 3492 1849 is

213 1891 338 1959 μεῖν
368 1887 646 1958 βασιλείαν
671 1886 940 1958 οὐρανῶν,
972 1886 1094 1939 οὐδὲ
1126 1886 1363 1957 μοιχεία,
1387 1885 1509 1939 οὐδὲ
1529 1884 1804 1952 ἀσέλγεια,

1915 1875 2155 1931 aberrat.
2190 1877 2411 1933 Certum
2452 1880 2599 1935 enim
2631 1890 2715 1937 est
2752 1897 2861 1936 non
2897 1898 3057 1952 posse
3096 1891 3347 1954 stuprum
3382 1899 3496 1941 cm-

210 1981 337 2034 οὺδὲ
379 1979 796 2051 είδωλολατρεία
818 1996 832 2011 ·
873 1978 1123 2032 τουτέστι
1155 1976 1293 2049 σὰρξ
1325 1978 1420 2032 καὶ
1450 1971 1612 2048 αἷμα.
1646 1976 1709 2029 Εἰ
1749 1975 1806 2028 δὲ

211 2074 344 2146 περὶ
375 2071 579 2145 σαρκὸς
610 2070 705 2127 καὶ
729 2072 960 2143 αἳματος
981 2070 1142 2124 τοῦτο
1174 2070 1439 2141 νομίζεις,
1463 2064 1601 2123 εἶναι
1634 2068 1805 2139 αὐτὴν

211 2169 317 2240 τὴν
360 2167 573 2239 σάρκα,
622 2164 741 2230 πῶς
784 2165 864 2218 ἔτι
899 2163 1200 2239 πληροῦται
1233 2164 1297 2216 τὸ
1338 2162 1661 2235 εἰρημένον·
1694 2162 1803 2216 Καὶ

212 2259 353 2315 ὅσοι
369 2259 592 2314 ἔλαϐον
609 2257 817 2322 αὐτὸν,
835 2257 1060 2311 ἔδωκεν
1086 2256 1295 2321 αὐτοῖς
1316 2254 1608 2320 ἐξουσίαν
1626 2255 1807 2311 τέκνα

214 2353 369 2407 Θεοῦ
392 2350 673 2422 γενέσθαι
694 2367 707 2383 ο
735 2350 793 2406 οἳ
824 2352 937 2405 οὐκ
968 2349 1037 2415 ἐξ
1070 2348 1352 2419 αἱμάτων,
1386 2346 1529 2401 οὐδὲ
1560 2347 1627 2401 ἐκ
1655 2362 1805 2416 σαρ-

212 2442 324 2508 κὸς
367 2440 809 2510 ἐγεννήθησαν,
850 2438 988 2494 ἀλλ’
1041 2438 1108 2492 ἐκ
1146 2437 1331 2501 Θεοῦ;
1372 2436 1465 2499 Τίς
1517 2438 1575 2489 ὲν
1616 2435 1807 2506 κόσμῳ

212 2532 510 2603 γεγένηται
538 2531 667 2585 ἄνευ
698 2529 937 2601 σαρκός;
984 2528 1123 2581 Ἀλλ’
1163 2526 1351 2598 ἐπειδὴ
1394 2524 1805 2596 μετεϐλήθησαν

212 2625 269 2676 αἱ
302 2621 552 2693 γνῶμαι·
584 2622 645 2675 ού
677 2622 785 2692 γὰρ
835 2622 892 2675 αἱ
940 2622 1129 2687 φύσεις
1160 2619 1266 2673 τῶν
1308 2618 1663 2689 γεννωμένων
1690 2616 1805 2671 ἀπὸ

215 2713 471 2785 μητέρων
500 2713 593 2767 καὶ
650 2713 903 2783 πατέρων
940 2710 1141 2781 σαρκὸς
1168 2710 1263 2762 καὶ
1308 2709 1540 2780 αἵματος
1578 2709 1804 2779 ἐγεννή-

212 2806 390 2878 θησαν
420 2806 517 2876 τὴν
537 2804 796 2875 δευτέραν
823 2804 1076 2873 γέννησιν
1103 2802 1201 2872 τὴν
1224 2800 1331 2855 ἀπὸ
1355 2801 1451 2870 τῆς
1477 2799 1570 2852 τοῦ
1596 2798 1804 2872 Κυρίου

213 2899 527 2969 γεννήσεως
578 2896 665 2949 διὰ
700 2894 1011 2966 πνεύματος
1059 2894 1155 2948 καὶ
1203 2894 1403 2965 πυρός·
1438 2892 1662 2947 ἔδωκεν
1697 2893 1807 2948 αὐ-

213 2989 341 3054 τοῖς
372 2989 665 3055 ἐξουσίαν
701 2988 884 3042 τέκνα
926 2987 1075 3042 Θεοῦ
1116 2985 1414 3057 γενέσθαι.
1459 2986 1545 3049 Ὡς
1584 2978 1677 3041 οὖν
1714 2985 1805 3039 ὲν-

212 3082 391 3136 ταῦθα
425 3085 489 3135 ὲκ
528 3080 729 3152 σαρκὸς
772 3079 1145 3151 ἐγεννήθησαν
1191 3080 1285 3132 καὶ
1313 3076 1372 3142 ἐξ
1402 3079 1652 3148 αἵματος.
1694 3077 1805 3130 Καὶ

210 3177 276 3229 οὐ
308 3173 584 3243 λογίζεται
619 3175 685 3229 ὲκ
728 3172 929 3244 σαρκὸς
966 3173 1059 3226 καὶ
1098 3172 1331 3243 αἵματος
1357 3174 1390 3242 ἡ
1435 3170 1688 3241 γέννησις
1717 3168 1804 3222 διὰ

210 3269 317 3338 τὴν
358 3267 665 3338 μεταϐολὴν
711 3266 807 3337 τῆς
858 3264 1223 3335 δικαιοσύνης.
1260 3264 1519 3332 Καίτοιγε
1552 3265 1609 3316 ὲν
1641 3261 1805 3335 σαρκὶ
1834 3245 1875 3303 c

213 3360 314 3413 καὶ
329 3360 543 3430 αἵματι,
563 3358 637 3421 ὼς
654 3357 829 3427 λέγει⁸
859 3358 954 3409 Ἐν
973 3355 1155 3424 σαρκὶ
1185 3356 1293 3426 γάρ
1315 3354 1801 3425 περιπατοῦντες,

215 3455 289 3506 οὐ
334 3450 485 3505 κατὰ
517 3450 715 3519 σάρκα
761 3449 1224 3518 στρατευόμεθα.
1254 3448 1395 3517 ’Ἄρα
1421 3441 1512 3500 οὖν
1538 3446 1617 3499 ἔνι
1646 3446 1804 3517 σὰρξ,

213 3546 277 3598 ού
315 3544 461 3599 κατὰ
509 3543 689 3614 σάρκα
720 3542 1147 3614 στρατευομένη.
1182 3541 1292 3593 Καὶ
1319 3539 1405 3593 διὰ
1451 3538 1610 3592 τοῦτο
1656 3538 1804 3606 λέγει

217 3638 400 3707 σάρκα
429 3638 521 3690 καὶ
547 3630 689 3706 αἷμα
725 3634 800 3706 μὴ
830 3634 1187 3705 κληρονομεῖν
1220 3630 1499 3702 βασιλείαν
1525 3629 1768 3703 οὐρανῶν
1786 3646 1799 3661 ·

210 3729 277 3780 ού
305 3728 433 3798 περὶ
459 3726 558 3795 τῆς
584 3725 785 3796 σαρκὸς
814 3724 1019 3794 ταύτης
1047 3723 1144 3795 τῆς
1177 3720 1480 3793 καμούσης,
1518 3720 1617 3791 τῆς
1646 3722 1805 3789 ἁγια-

220 3821 465 3891 σθείσης,
498 3820 598 3890 τῆς
624 3819 702 3890 τῷ
730 3818 849 3889 Θεῷ
880 3816 1348 3889 εὐαρεστησάσης,
1379 3814 1515 3869 ἀλλὰ
1544 3815 1674 3885 περὶ
1704 3813 1804 3882 τῆς

219 3914 277 3965 ὲν
312 3912 611 3983 ἁμαρτίαις
644 3909 1047 3979 ἐξετασθείσης.
1081 3907 1235 3960 Ἐπεὶ
1270 3905 1387 3969 πῶς
1407 3904 1472 3960 ἂν
1502 3903 1803 3976 πληροῦται

216 4006 279 4060 τὺ
301 4004 595 4076 εἰρημένον
615 4020 629 4035 ο
662 4002 763 4057 Δεῖ
802 4002 909 4073 γὰρ
946 4000 1011 4054 τὸ
1045 3999 1310 4070 φθαρτὸν
1338 3996 1513 4052 τοῦτο
1547 3996 1806 4050 ἐνδύσα-

216 4098 359 4150 σθαι
394 4093 770 4164 ἀφθαρσίαν,
823 4091 923 4145 καὶ
965 4090 1029 4144 τὸ
1074 4088 1297 4157 θνητὸν
1330 4087 1506 4142 τοῦτο
1545 4086 1804 4141 ἐνδύσα-

216 4192 362 4243 σθαι
389 4187 764 4249 ἀθανασίαν;
796 4182 1241 4255 Τηλαυγέστερον
1272 4182 1329 4233 δὲ
1378 4180 1511 4251 περὶ
1552 4178 1741 4232 τούτου
1779 4179 1806 4231 ὁ

218 4281 385 4343 αὐτὸς
429 4277 751 4340 Ἀπὸστολος
786 4275 1102 4347 σημαίνων,
1149 4273 1237 4325 ἵνα
1281 4272 1354 4344 μή
1410 4289 1550 4336 τινες
1598 4270 1805 4340 πλανη-

219 4373 380 4435 θῶσι,
414 4372 509 4425 καὶ
543 4372 663 4426 am
701 4368 806 4423 τῶν
850 4367 1068 4437 φαύλων
1107 4364 1282 4436 ἔργων
1307 4363 1402 4434 τὴν
1431 4360 1523 4417 τοῦ
1557 4362 1806 4433 σώματος

222 4466 422 4519 πλάσιν
453 4464 823 4519 άπελπίσωσιν
863 4464 927 4515 ὲκ
957 4465 1053 4533 τῆς
1080 4461 1451 4524 ἀναστάσεως,
1481 4459 1628 4526 λέγει
1655 4474 1666 4485 ·
1700 4460 1805 4511 Νε-

220 4561 492 4628 κρώσατε
529 4559 600 4610 τὰ
648 4556 804 4626 μέλη
841 4555 913 4610 τὰ
955 4555 1055 4608 ἐπὶ
1110 4553 1219 4623 τῆς
1270 4551 1419 4622 γῆς’
1476 4550 1638 4606 eum
1689 4552 1805 4603 ἐστι
1840 4605 1883 4659 D

222 4651 472 4722 πορνεία,
501 4651 733 4720 μοιχεία,
760 4647 1038 4716 ἀσέλγεια,
1066 4647 1158 4699 καὶ
1183 4645 1251 4699 τά
1280 4645 1423 4715 ἑξῆς.
1505 4683 1519 4697 .
1602 4685 1615 4697 .
1695 4683 1707 4697 .
1789 4682 1802 4697 .

220 4835 359 4892 ἀλλὰ
389 4835 485 4887 καὶ
518 4835 645 4896 τοὺς
680 4833 943 4904 ὀφθέντας
980 4834 1093 4896 τοῖς
1140 4830 1465 4895 Γαλιλαίοις,
1495 4830 1589 4883 καὶ
1620 4828 1806 4897 λέγον-

220 4945 340 4993 τας,
381 4928 464 4979 ὅτι
523 4924 745 4979 Τοῦτον
798 4924 904 4978 τὸν
960 4922 1203 4991 Ἰησοῦν
1250 4921 1323 4975 ὃν
1368 4919 1663 4989 ἑωράκατε
1708 4920 1807 4990 ἀφ’

221 5019 392 5090 ὑμῶν
444 5018 1055 5087 ἀναλαμϐανόμενον,
1110 5014 1300 5078 οὕτως
1360 5013 1676 5068 ἐλεύσεται
1735 5013 1808 5067 ὃν

220 5115 447 5181 τρόπον
470 5110 659 5163 ειδετε
684 5110 870 5163 αὑτὸν
891 5106 1485 5176 ἀναλαμϐανόμενον.

1914 1969 2051 2025 leste
2086 1984 2313 2039 regnum
2347 1972 2618 2040 obtinere,
2648 1988 2748 2029 nec
2780 1975 3136 2040 adulterium,
3173 1992 3349 2047 neque
3372 1978 3498 2032 libi-

1913 2061 2119 2127 dinem,
2151 2078 2252 2118 nec
2276 2063 2640 2119 idololatriam
2665 2085 2677 2119 :
2703 2082 2828 2137 qua:
2859 2067 3042 2121 omnia
3073 2083 3171 2138 per
3200 2084 3419 2124 carnem
3442 2077 3499 2124 et

1913 2154 2235 2225 sanguinem
2286 2156 2641 2227 intelligenda
2690 2168 2841 2214 sunt.
2896 2157 3033 2214 Nam
3081 2160 3128 2216 si
3177 2176 3398 2216 carnem
3443 2168 3499 2217 et

1913 2248 2239 2317 sanguinem
2267 2248 2348 2303 sic
2380 2249 2785 2321 interpretaris,
2813 2260 2873 2306 ut
2903 2252 2970 2307 ad
3002 2253 3279 2323 propriam
3313 2253 3461 2308 homi
3480 2284 3497 2294 -

1914 2340 2001 2396 nis
2041 2354 2262 2395 carnem
2302 2342 2595 2410 pertineat,
2650 2359 2888 2413 quonam
2936 2346 3098 2401 modo
3137 2362 3326 2401 verum
3363 2348 3497 2402 illud

1912 2447 2036 2489 esse
2064 2434 2290 2503 poterit:
2326 2433 2595 2504 Quotquot
2620 2445 2795 2490 autem
2824 2447 3124 2507 receperunt
3152 2438 3325 2500 illum,
3353 2439 3498 2493 dedit

1911 2525 1988 2580 eis
2019 2534 2335 2593 potestatem
2374 2527 2514 2595 ﬁlios
2552 2526 2645 2580 Dei
2684 2529 2820 2597 ﬁeri,
2854 2531 2944 2599 qui
2987 2547 3091 2584 non
3120 2548 3184 2585 ea:
3218 2534 3499 2601 sanguini-

1913 2616 2031 2681 bus,
2055 2632 2217 2687 neque
2247 2631 2312 2670 ea:
2338 2633 2496 2671 carne
2520 2618 2633 2671 nati
2659 2627 2805 2681 sunt,
2837 2617 2928 2673 sed
2961 2635 3025 2673 ea:
3054 2619 3164 2675 Deo
3186 2620 3246 2676 ‘?
3271 2622 3405 2689 Quis
3438 2626 3496 2681 in

1912 2706 2120 2762 mundo
2151 2709 2271 2763 sine
2307 2723 2473 2764 carne
2502 2717 2665 2763 natus
2693 2710 2821 2765 est?
2862 2710 3063 2765 Verum
3099 2713 3358 2781 quoniam
3385 2732 3496 2772 non

1913 2805 2125 2853 natura:
2153 2798 2375 2868 quidem
2414 2799 2658 2865 illorum,
2689 2799 2781 2869 qui
2821 2814 2888 2855 ex
2930 2810 3215 2871 parentum
3244 2817 3414 2860 carne
3441 2814 3500 2861 et

1912 2890 2181 2963 sanguiue
2198 2891 2479 2961 propagati
2505 2901 2655 2955 sunt,
2679 2890 2774 2946 sed
2803 2892 2968 2946 animi
2999 2897 3319 2949 commutati
3343 2907 3494 2965 sunt,

1912 3000 1978 3041 ac
2029 2984 2273 3041 secunda
2319 2986 2671 3054 generatione
2722 3001 2752 3040 a
2809 2984 3037 3040 Domino
3092 3002 3189 3057 per
3240 2989 3496 3059 spiritum

1912 3079 2203 3151 ignemque
2249 3078 2545 3150 procreati,
2596 3089 2905 3149 propterea,
2951 3079 3114 3145 dedit,
3149 3081 3346 3152 inquit,
3385 3084 3495 3140 illis

1910 3182 2221 3242 potestatem
2250 3173 2394 3242 ﬁlios
2423 3171 2520 3226 Dei
2553 3172 2692 3242 ﬁeri.
2742 3172 2832 3227 Sic
2873 3173 3038 3244 igitur
3078 3190 3141 3229 ex
3174 3190 3339 3231 carne
3369 3178 3497 3232 istic

1909 3274 1966 3321 et
1994 3266 2264 3338 sanguine
2293 3265 2409 3320 nati
2453 3273 2603 3321 sunt.
2638 3266 2824 3336 Neque
2853 3272 3039 3320 tamen
3084 3266 3154 3321 ob
3188 3262 3499 3323 traductio-

1910 3373 2033 3414 nem
2080 3359 2229 3412 illam
2279 3358 2346 3412 ad
2388 3358 2681 3428 justitiam,
2732 3358 2957 3414 alterius
2996 3374 3060 3413 ex
3096 3374 3261 3415 carne
3287 3367 3341 3414 et
3371 3375 3499 3417 sau-

1910 3452 2077 3522 guine
2129 3450 2365 3506 habetur
2415 3451 2787 3522 generationis
2845 3452 3008 3506 ratio.
3065 3449 3389 3523 Quanquam
3440 3454 3499 3509 in

1912 3558 2079 3599 carne
2108 3543 2489 3609 nihilominus,
2521 3551 2576 3597 et
2611 3543 2775 3614 708
2815 3545 3082 3614 sanguine
3121 3555 3494 3616 permaneant,

1911 3634 2061 3688 velut
2093 3634 2203 3689 alio
2234 3634 2357 3688 loco
2386 3632 2521 3688 dicit
2553 3651 2565 3686 :
2596 3630 2663 3686 In
2705 3647 2864 3685 carne
2905 3632 3236 3686 ambulantes
3275 3650 3378 3686 non
3415 3651 3498 3688 se-

1910 3732 2143 3781 cundant
2171 3744 2383 3782 carnem
2416 3727 2709 3781 militamus
2733 3727 2776 3779 ⁸.
2811 3726 3079 3792 Quocirca
3112 3727 3251 3781 inest
3277 3727 3498 3796 quidem

1913 3829 2079 3882 caro;
2117 3815 2213 3870 sed
2248 3831 2359 3870 non
2386 3815 2692 3870 secundum
2724 3830 2948 3870 carnem
2983 3816 3196 3870 militat.
3244 3815 3381 3871 [line
3413 3825 3499 3873 est

1912 3907 2059 3977 quod
2093 3907 2189 3972 ait,
2234 3922 2455 3963 carnem
2506 3916 2560 3961 et
2609 3908 2930 3978 sanguinem
2991 3908 3213 3963 caeleste
3267 3923 3497 3979 regnum

1913 3998 2139 4068 minime
2184 3999 2485 4068 possidere.
2531 3999 2632 4054 Ubi
2673 4013 2781 4054 non
2816 3998 2883 4054 de
2911 4013 2973 4053 ea
3019 4013 3185 4054 carne
3233 3998 3495 4070 loquitur,

1914 4108 2035 4163 quae
2086 4094 2369 4147 laboribus
2421 4092 2632 4155 attrita,
2673 4108 2795 4162 quae
2826 4094 3119 4148 sanctitate
3150 4102 3495 4158 consecrata,

1914 4199 2035 4254 quae
2077 4183 2185 4238 Deo
2215 4182 2453 4253 denique
2487 4191 2642 4253 grata
2674 4184 2763 4248 sit,
2802 4182 2897 4237 sed
2928 4183 2995 4237 de
3020 4197 3103 4245 ea,
3137 4198 3258 4251 quze
3289 4182 3343 4236 in
3369 4198 3499 4252 pec-

1914 4285 2167 4333 catorum
2205 4275 2466 4331 sordibus
2490 4274 2786 4329 detinetur.
2822 4273 2978 4339 Quod
3006 4274 3111 4327 nisi
3142 4274 3213 4327 ita
3248 4284 3351 4337 est,
3375 4276 3497 4345 qui-

1914 4386 2040 4424 nam
2086 4370 2220 4424 illud
2266 4369 2478 4439 impleri
2516 4368 2757 4438 poterit:
2793 4366 3012 4437 Oportet
3056 4368 3197 4421 enim
3231 4369 3493 4436 corrupti-

1917 4462 2017 4515 bile
2051 4463 2147 4515 hoc
2181 4462 2397 4515 induere
2426 4462 2896 4529 incorruptionem,
2937 4468 2987 4513 et
3033 4459 3255 4515 mortale
3288 4460 3384 4513 hoc
3414 4461 3497 4512 iu-

1914 4556 2072 4609 duere
2108 4555 2646 4609 immortalitatem“?
2691 4554 2843 4621 Quod
2898 4554 3102 4609 clarius
3153 4553 3293 4610 idem
3348 4553 3496 4624 Apo-

1914 4648 2090 4703 stolus
2136 4646 2474 4718 significans,
2528 4664 2595 4703 ne
2635 4647 2728 4718 qui
2764 4646 2994 4702 forsitan
3028 4654 3304 4713 errarent,
3334 4656 3499 4715 atque

1917 4742 1989 4797 ob
2026 4742 2235 4797 scelera
2268 4740 2335 4795 de
2366 4740 2690 4795 formatione
2720 4740 2968 4810 corporis
3002 4739 3055 4793 in
3091 4740 3500 4794 resurrectione

1918 4834 2296 4905 desperarent,
2324 4834 2410 4888 his
2447 4834 2625 4889 verbis
2658 4835 2908 4911 hortatur
2936 4854 2947 4887 :
2989 4832 3309 4903 Mortiﬁcate
3334 4850 3500 4887 mem—

1917 4925 2032 4989 bra,
2072 4943 2189 4996 qua:
2228 4936 2351 4983 sunt
2401 4927 2455 4981 in
2508 4936 2649 4981 terra
2671 4928 2713 4992 ⁷,
2762 4926 2864 4982 hoc
2911 4934 3017 4994 est,
3052 4926 3497 4988 fornicationem,

1916 5018 2267 5082 adulterium,
2311 5018 2627 5085 libidinem,
2670 5027 2778 5074 ctc.
2826 5058 2840 5073 .
2906 5059 2919 5072 .
3000 5060 3014 5073 .
3093 5057 3108 5072 .

1916 5108 2029 5166 lmo
2050 5120 2103 5165 et
2127 5128 2221 5167 eos
2243 5114 2335 5182 qui
2366 5112 2607 5167 Galilaais
2629 5122 2999 5183 apparuerunt
3032 5128 3233 5184 eosque
3265 5114 3344 5166 sic
3372 5110 3499 5165 allo-

219 5209 330 5265 cuti
365 5214 496 5262 sunt
524 5225 535 5260 :
566 5205 612 5259 ll
622 5221 721 5259 unc
742 5204 948 5269 Iesum,
979 5221 1128 5275 quem
1152 5203 1355 5259 vidistis
1384 5220 1415 5256 a
1442 5203 1583 5257 vobis
1614 5216 1964 5268 assumptum,
1994 5210 2070 5262 sic
2099 5211 2262 5264 veniet
2284 5211 2724 5280 quemadmodum
2748 5213 2950 5267 vidistis
2968 5229 3084 5266 eum
3110 5219 3435 5276 assumptum
3454 5208 3493 5261 ⁸.

290 5301 417 5355 ΠΖ’.
473 5299 607 5352 Ἀπὸ
653 5299 712 5351 δὲ
750 5298 861 5351 τῶν
895 5298 1202 5369 εἰρημένων
1231 5297 1449 5350 πάντων
1474 5296 1729 5349 δύνανται
1761 5300 1810 5350 οἱ

219 5390 495 5461 νουνεχεῖς
546 5390 641 5442 τὸν
697 5388 824 5442 νοῦν
884 5388 1180 5457 ἐπιστῆσαι
1225 5387 1318 5439 ἐπὶ
1366 5388 1499 5439 πᾶσι
1559 5389 1670 5449 τοῖς
1713 5388 1812 5457 τῆς

220 5482 481 5554 ἀληθείας
515 5482 695 5550 λόγοις
731 5481 825 5535 καὶ
876 5483 989 5543 τοῖς
1042 5480 1150 5532 ἀπὸ
1196 5480 1508 5549 ψεύσματος
1544 5478 1639 5531 τοῦ
1680 5497 1813 5549 προ-

221 5574 517 5646 ειρημένου
571 5573 864 5644 λεγομένου
912 5571 1250 5642 Μανιχαίου·
1309 5571 1429 5635 ἵνα,
1469 5572 1515 5623 εί
1565 5571 1659 5624 καὶ
1710 5570 1810 5624 ούκ

222 5666 579 5740 ἐπεμνήσθην
615 5666 759 5728 τινὸς
796 5664 1123 5738 μαρτυρίας,
1162 5664 1270 5717 ἀπὸ
1307 5662 1412 5716 τῶν
1434 5662 1529 5716 δύο
1556 5662 1589 5717 ἢ
1641 5662 1808 5732 τριῶν

294 5789 311 5818 ¹
346 5786 405 5840 l".
444 5784 590 5839 εῐτι.
668 5784 689 5814 ³
725 5781 743 5834 l
775 5784 899 5839 Cor.
933 5800 987 5847 ν,
1025 5784 1076 5836 Ξ).
1155 5780 1174 5811 ⁸
1202 5779 1216 5831 l
1242 5782 1371 5836 Cor.
1403 5796 1489 5847 xv,
1519 5781 1604 5834 50.
1684 5778 1804 5836 δέοι

1921 5781 2068 5845 1,1⁴2.
2150 5785 2171 5814 ⁸
2206 5784 2248 5837 ll
2276 5784 2399 5837 Cur.
2436 5792 2492 5847 Χ,
2543 5782 2595 5836 5.

476 5857 500 5889 ⁸
530 5859 650 5910 Act.
683 5870 719 5919 ι,
759 5856 843 5909 if.

560 5953 827 6011 PATBOL.
864 5949 980 6007 Gn.
1022 5948 1213 6009 XL".

346 5859 372 5875 μυ

228 5874 304 5921 ιιι.
344 5874 395 5914 2}.

1996 5302 2301 5358 LXXXVII.
2324 5305 2406 5361 Ex
2443 5305 2525 5362 his
2557 5320 2678 5375 qua:
2703 5306 2966 5360 hactenus
2993 5309 3136 5359 (ticta
3160 5312 3307 5366 Stml,
3338 5302 3496 5356 facile

1923 5394 2291 5467 intelligentes
2348 5398 2600 5453 homines
2652 5408 2883 5467 possunt
2925 5408 3030 5450 tam
3072 5396 3136 5447 ad
3172 5410 3330 5449 veros
3376 5410 3495 5448 sero

1922 5502 2130 5548 mones.
2151 5504 2313 5558 quam
2332 5490 2399 5543 ad
2418 5488 2698 5544 Maniehtei
2722 5486 3002 5542 mendacia
3026 5486 3269 5539 animum
3299 5487 3495 5540 adver-

1921 5580 2053 5639 tere,
2090 5584 2149 5628 ut
2183 5579 2399 5633 tametsi
2429 5577 2724 5647 quodpiam
2761 5576 2981 5627 allatum
3028 5576 3097 5630 ab
3145 5592 3209 5629 eo
3244 5578 3494 5630 testium.

1920 5663 2070 5718 nium
2123 5668 2585 5735 prmtermiserim,
2639 5682 2705 5720 ex
2756 5666 2973 5720 duobus
3029 5666 3137 5721 illis
3188 5667 3494 5737 tribusque,

2688 5779 2707 5810 ‘
2735 5780 2754 5833 ι
2784 5778 2911 5835 Cor.
2949 5798 3036 5848 xv,
3067 5780 3157 5836 53.
3237 5783 3255 5813 "
3281 5781 3490 5834 Coloss.

3170 5940 3207 5994 ti
