3994 6226
155 410 267 473 £73

779 410 1147 467 ADVERSUS
1186 410 1522 467 [lJERESES
1572 410 1697 467 LIB.
1739 410 1799 465 II.
1844 410 2008 467 TOM.
2051 411 2116 467 ll.
2154 441 2223 454 —
2257 411 2529 471 IIIERES.
2574 414 2778 470 LXVII.

3316 414 3418 475 174

233 528 495 582 Βοὺλεται
531 526 639 597 γὰρ
670 526 767 581 καὶ⁵
794 520 948 591 οὗτος
974 525 1074 596 τὴν
1108 526 1286 596 σάρκα
1323 525 1398 596 μὴ
1422 522 1745 578 ἀνίστασθαι

1918 523 2091 597 Negat
2115 524 2162 580 is
2192 527 2417 583 omnino
2446 543 2730 600 resurgere
2759 543 3000 595 carnem,
3034 529 3199 602 idque
3226 530 3423 588 animae

157 624 222 679 τὸ
270 623 563 693 παράπαν,
597 618 735 673 ἀλλά
766 618 863 688 τὴν
904 618 1082 689 ψυχὴν
1128 618 1463 688 μονωτάτην.
1496 617 1747 685 Πνευμα-

158 718 321 787 τικὴν
365 715 423 767 δὲ
454 714 551 785 τὴν
576 712 873 767 ἀνάστασιν
898 711 1115 780 φάσκει.
1165 711 1275 762 Καὶ
1315 710 1416 763 ὅσα
1460 710 1607 764 ἐστὶν
1637 710 1746 763 ἀπὸ

158 810 273 863 τῶν
322 807 483 860 θείων
528 804 793 877 Γραφῶν,
826 804 903 866 είς
934 800 1129 856 ἑαυτοῦ
1159 800 1284 855 νοῦν
1320 799 1743 871 ἀναλεξάμενος,

161 900 340 961 οὕτως
365 896 546 967 ἑαυτῷ
575 895 954 966 ὲπεσώρευσεν
984 894 1202 948 ἀτόπων
1243 893 1567 963 πλάσματα,
1609 892 1748 947 ἄττα

164 991 348 1061 φαῦλα
379 988 559 1058 ἑαυτῷ
588 988 1043 1060 μηχανησάμενος
1073 986 1211 1058 πρὸς
1246 985 1503 1039 σύστασιν
1533 985 1632 1056 τῆς
1658 985 1748 1037 αὑ-

160 1082 261 1135 τοῦ
296 1082 579 1151 αἱρέσεως.
615 1074 726 1132 Ἦν
768 1078 825 1131 δὲ
872 1079 901 1131 ὁ
949 1076 1088 1149 ἀνὴρ
1129 1076 1433 1148 ἐκπληκτος
1474 1079 1543 1148 τῇ
1581 1075 1746 1130 αὑτοῦ

162 1173 422 1242 ἀσκήσει,
441 1171 537 1224 καὶ
561 1170 856 1240 δυνάμενος
880 1171 1064 1222 πεῖσαι
1093 1168 1291 1239 ψυχάς.
1324 1168 1533 1221 Αὐτίκα
1563 1167 1749 1221 πολλοί¹

164 1265 276 1317 τῶν
305 1264 559 1335 ἀσκητῶν
606 1263 713 1317 τῶν
754 1261 1066 1328 Αἰγυπτίων
1101 1260 1250 1331 αὑτῷ
1301 1259 1743 1332 συναπήχθησαν.

166 1352 336 1427 Οἶμαι
380 1355 520 1426 γὰρ,
569 1354 651 1407 ὅτι
687 1352 815 1424 περὶ
858 1353 1207 1416 ἀναστάσεως
1235 1351 1446 1423 νεκρῶν
1478 1352 1553 1415 ὼς
1582 1352 1752 1423 ἠρνή-

168 1465 304 1501 σατο
328 1448 426 1517 τὴν
450 1447 548 1517 τῆς
574 1445 778 1517 σαρκὸς
805 1444 1122 1507 ἀνάστασιν,
1166 1444 1276 1498 ἀπὸ
1315 1443 1621 1516 Ὠριγένους
1651 1444 1750 1507 τὰς

169 1540 474 1609 προφάσεις
502 1537 759 1609 εἰληφὼς,
788 1536 821 1606 ἢ
852 1537 945 1607 ἀφ’
979 1536 1172 1590 ἑαυτοῦ
1200 1537 1299 1609 τῆς
1326 1536 1565 1600 διανοίας
1591 1536 1752 1591 τοῦτο

167 1631 457 1699 ὲξεμέσας.
504 1629 578 1683 Οὐ
617 1628 984 1699 παραδέχεται
1034 1619 1188 1692 οὗτος
1230 1628 1430 1699 γάμον,
1480 1629 1748 1697 φάσκειν¹

168 1717 310 1773 εἶναι
353 1718 512 1772 τοῦτο
555 1718 798 1781 Παλαιᾶς
836 1718 1129 1789 Διαθήκης.
1161 1719 1299 1782 Τοὺς
1341 1720 1439 1789 μὲν
1478 1718 1587 1791 γὰρ
1626 1720 1753 1791 περὶ

168 1810 261 1864 τὸν
308 1808 573 1881 ’Λϐραάμί
601 1810 695 1864 καὶ
731 1809 915 1863 Ἰσαὰκ
956 1809 1048 1863 καὶ
1113 1808 1307 1863 Ἰακὼῦ
1366 1810 1461 1863 καὶ
1514 1811 1752 1865 Μωῦσέα

170 1902 270 1955 καὶ
303 1900 513 1971 Ἀαρὼν
561 1903 657 1954 καὶ
685 1900 894 1965 πάντας
953 1902 1079 1965 τοὺς
1117 1902 1307 1970 ἁγίους
1336 1940 1352 1966 ,
1395 1901 1623 1956 Ἡσαΐαν
1660 1903 1755 1956 καὶ

185 1994 461 2067 Ἱερεμίαν
485 1994 686 2065 ὁμοίως
711 1995 946 2065 δέχεται,
966 1996 1061 2049 καὶ
1084 1996 1368 2066 προφήτας
1395 1997 1632 2067 ἡγεῖται,
1659 1996 1754 2050 καὶ

176 2085 628 2157 συγκεχωρῆσθαι
694 2102 859 2158 φησιν
906 2087 964 2139 ὲν
1021 2088 1087 2157 τῇ
1130 2086 1343 2156 Παλαιᾷ
1390 2087 1634 2159 Διαθήκῃ
1679 2088 1754 2158 τῷ

173 2179 340 2251 γάμῳ
373 2176 775 2232 συνάπτεσθαιο
821 2177 930 2230 ἀπὸ
956 2177 1013 2231 δὲ
1059 2178 1157 2247 τῆς
1204 2178 1464 2250 ὲνδημίας
1495 2180 1587 2233 τοῦ
1624 2182 1756 2251 Χρι-

175 2270 307 2323 σ’τοῦ
341 2270 537 2341 μηκέτι
568 2269 659 2321 τὸν
688 2269 865 2340 γάμον
892 2268 1314 2340 παραδέχεσθαι,
1340 2272 1475 2343 μήτε
1497 2271 1755 2328 δύνασθαι

173 2362 340 2417 αὑτὸν
367 2361 723 2430 κληρονομεῖν
756 2358 1033 2429 βασιλείαν
1062 2361 1324 2431 οὐρανῶν.
1376 2362 1441 2415 Τί
1475 2362 1619 2434 γάρ,
1652 2382 1757 2435 φη-

174 2457 289 2518 σὶν,
319 2449 450 2525 ἦλθε
481 2455 655 2506 ποιεῖν
682 2452 869 2507 καινὸν
904 2454 932 2505 ὁ
964 2453 1172 2521 Λόγος;
1219 2452 1250 2523 ἢ
1304 2454 1357 2506 τί
1401 2455 1586 2507 καινὸν
1623 2450 1755 2525 ἦλθε

180 2546 421 2618 κηρύξαι
450 2549 478 2601 ὁ
505 2544 814 2615 Μονογενὴς
860 2544 951 2598 καὶ
994 2543 1370 2615 κατορθῶσαις
1431 2546 1491 2597 Ei
1524 2545 1622 2616 μὲν
1648 2546 1757 2617 γὰρ

175 2638 310 2708 περὶ
336 2636 506 2706 φόϐου
531 2635 690 2700 Θεοῦ,
708 2634 865 2687 τοῦτο
897 2631 1041 2705 εἶχεν
1070 2636 1099 2687 ὁ
1132 2634 1322 2705 νόμοςο
1353 2636 1401 2687 εἰ
1430 2635 1487 2688 δὲ
1513 2636 1640 2706 περὶ
1662 2635 1755 2691 τοῦ

174 2728 357 2797 γάμου
378 2768 393 2792 ,
430 2725 802 2797 κεκηρύχασιν
845 2725 899 2777 αί
929 2723 1142 2796 Γραφαί
1164 2741 1176 2754 ·
1214 2725 1263 2776 εἰ
1294 2724 1351 2777 δὲ
1382 2725 1508 2795 περὶ
1535 2725 1754 2794 φθόνου,

176 2819 493 2884 πλεονεξίας
538 2819 633 2872 καὶ
661 2815 907 2880 ἀδικίας,
967 2815 1139 2870 ταῦτα
1195 2816 1373 2869 πάντα
1408 2821 1684 2887 περιεῖχεν
1723 2818 1757 2888 ἡ

176 2910 392 2967 Παλαιὰ
426 2910 688 2981 Διαθήκη.
739 2909 836 2962 Ἕν
886 2907 942 2962 δὲ
992 2906 1153 2977 μόνον
1214 2906 1370 2960 τοῦτο
1415 2908 1758 2979 κατορθῶσαι

174 2995 334 3074 ἦλθε,
362 3001 426 3055 τὸ
449 3002 548 3071 τὴν
589 3001 915 3073 ἐγκράτειαν
946 2999 1182 3071 κηρύξαι
1210 3001 1269 3052 ὲν
1294 2998 1372 3071 τῷ
1404 3000 1594 3071 κόσμῳ
1615 3040 1629 3063 ,
1662 2999 1761 3055 καὶ

176 3093 361 3164 ἑαυτῷ
392 3091 753 3156 ἀναλέξασθαι
778 3090 1001 3159 ἁγνείαν
1029 3090 1122 3145 καὶ
1150 3090 1480 3162 ἐγκράτειαν
1497 3105 1511 3120 ·
1542 3091 1671 3146 ἄνευ
1700 3092 1760 3146 δὲ

175 3187 372 3244 τούτου
398 3186 473 3257 μὴ
500 3183 757 3238 δύνασθαι
792 3180 912 3252 ζῇν.

250 3450 327 3503 B'.
374 3448 486 3512 Τὰς
513 3448 572 3502 δὲ
598 3446 902 3518 προφάσεις
947 3447 1153 3511 ταύτας
1203 3444 1538 3515 πανταχόθεν
1568 3444 1762 3498 ἀναλέ-

180 3558 339 3612 γεται
361 3581 377 3605 ,
402 3542 530 3595 ὅταν
561 3541 690 3612 εἴπῃ
709 3579 725 3605 ,
753 3540 834 3594 ὅτι
862 3540 954 3594 καὶ
988 3540 1099 3594 Τὸν
1132 3537 1432 3609 ἁγιασμόν
1456 3536 1645 3606 ἡμῶν,
1686 3531 1760 3593 οὗ

180 3632 363 3700 χωρίς
399 3632 510 3685 τὸν
557 3629 706 3684 Θεὸν
751 3630 950 3697 οὐδεὶς
988 3629 1217 3698 ὄψεται.
1262 3627 1387 3682 Ἐὰν
1437 3628 1493 3681 δὲ
1533 3626 1762 3681 εἴπωσιν

180 3726 356 3799 αὐτῷ,
383 3726 510 3791 Πῶς
536 3728 565 3779 ὁ
603 3725 923 3791 Ἀπόστολος
954 3724 1084 3797 ἔφη,
1126 3726 1319 3794 Τίμιος
1356 3728 1390 3778 ὀ
1418 3725 1625 3794 γάμος,
1661 3724 1761 3778 καὶ

181 3822 221 3890 ἡ
253 3822 425 3885 κοίτη
456 3819 775 3889 ἀμίαντος·
821 3821 1085 3887 πόρνους
1120 3817 1189 3870 δέ
1220 3817 1318 3873 καὶ
1346 3817 1599 3885 μοιχοὺς
1631 3834 1758 3884 κρι-

182 3912 279 3966 νεῖ
306 3915 339 3966 ό
367 3912 545 3977 Θεός;
573 3911 668 3963 καὶ
692 3909 851 3973 εὐθὺς
874 3908 1124 3979 ἐπιφέρει
1152 3903 1309 3971 αὖθις
1331 3906 1503 3976 λέγων
1526 3923 1539 3936 ·
1572 3907 1763 3977 ’Υπερ-

181 4003 287 4064 6ἀς
322 4004 381 4056 δὲ
409 4002 593 4071 ὀλίγον
618 4001 789 4070 λέγει,
819 4001 901 4054 ὅτι
935 4001 999 4055 Ἠ
1021 4000 1249 4070 ἄγαμος
1272 3997 1527 4069 μεριμνᾷ
1555 3998 1627 4052 τὰ
1655 3998 1762 4053 τοῦ

181 4096 410 4163 Κυρίου
430 4136 445 4160 ,
480 4092 607 4159 πῶς
630 4091 834 4161 ἀρέσει
876 4090 958 4156 τῷ
984 4091 1200 4159 Κυρίῳ,
1232 4090 1331 4143 καὶ
1366 4090 1404 4156 ἡ
1445 4090 1760 4157 παρθένος.

194 4190 257 4243 Ἡ
281 4186 353 4241 δὲ
394 4185 715 4256 γαμήσασα
743 4181 999 4253 μεριμνᾷ
1031 4181 1157 4248 πῶς
1187 4181 1389 4251 ἀρέσει
1431 4180 1511 4246 τῷ
1551 4181 1721 4249 ἀνδρὶ
1746 4221 1762 4245 ,

182 4282 279 4335 καὶ
306 4278 679 4350 μεμέρισται.
724 4278 789 4330 Εἰ
818 4277 996 4329 τοίνυν
1029 4275 1147 4327 ἐστὶ
1178 4273 1446 4346 μερισμὸς
1466 4314 1480 4338 ,
1517 4273 1633 4337 πῶς
1669 4274 1761 4327 δύ-

184 4388 344 4425 ναται
370 4372 507 4423 ὅπου
540 4367 806 4439 μερισμὸς
828 4408 843 4429 ,
879 4366 971 4419 ἐπὶ
1000 4365 1060 4418 τὸ
1097 4365 1228 4419 αὐτὸ
1258 4366 1621 4436 κοινωνῆσαι;
1655 4366 1765 4419 Καὶ

183 4465 234 4517 εί
274 4460 397 4531 Θεῷ
429 4460 527 4513 οὐκ
572 4459 832 4531 ἀρέσκει,
868 4458 1005 4511 άλλά
1048 4457 1127 4528 τῷ
1156 4456 1344 4528 ἀνδρὶ,
1392 4457 1509 4521 πῶς
1543 4456 1764 4511 δύναται

1853 617 1955 674 soli
1990 617 2203 680 tribuit,
2232 618 2567 688 proindeque
2592 621 2893 691 spiritalem
2914 636 3037 678 esse
3063 624 3426 679 resurrectio-

1846 723 1969 764 nem
1990 709 2207 765 asserit.
2246 709 2538 765 Sacrarum
2576 713 2740 782 710
2768 728 2897 769 vero
2915 713 3242 770 Litterarum
3268 714 3426 772 testi-

1856 800 2039 856 monia
2066 801 2349 873 colligens,
2380 810 2435 858 et
2458 804 2524 857 ad
2571 804 2879 860 institutum
2907 819 3064 859 suum
3092 819 3156 859 ae
3185 813 3423 861 mentem

1848 892 2304 957 accommodans,
2369 895 2767 951 absurdissima
2818 896 3064 965 quaedam
3109 896 3424 967 dogmatum

1848 991 2154 1039 commenta
2186 987 2505 1051 cumulavit,
2539 996 2595 1042 et
2639 989 2706 1043 ad
2754 988 3004 1044 haeresim
3056 1002 3210 1043 suam
3256 987 3426 1042 stabi-

1848 1076 2084 1131 liendam
2115 1093 2283 1147 prava
2316 1081 2566 1151 quaedam
2599 1081 2951 1152 excogitavit.
3000 1080 3269 1136 Gtt-terum
3303 1081 3425 1134 vitae

1849 1169 1938 1224 ille
1966 1170 2221 1227 instituto
2264 1187 2336 1229 ac
2384 1188 2582 1243 genere
2622 1174 2782 1243 plane
2846 1172 3184 1227 admirabilis
3218 1171 3338 1235 fuit,
3373 1178 3428 1225 et

1850 1260 1917 1315 ad
1952 1261 2270 1319 alliciendos
2299 1264 2514 1319 animos
2562 1265 2615 1319 in
2639 1264 2830 1335 primis
2859 1263 3067 1319 efﬁcax.
3105 1263 3285 1329 Quare
3311 1262 3428 1332 ple-

1853 1351 2009 1423 rique
2038 1369 2103 1410 ex
2157 1353 2428 1426 [Egyptiis
2460 1357 2747 1412 monachis
2789 1357 2843 1411 in
2885 1356 3030 1411 illius
3075 1371 3292 1411 errores
3326 1355 3426 1409 ad—

1850 1444 2002 1500 ducti
2036 1454 2187 1502 sunt.
2230 1447 2365 1501 Nam
2397 1448 2543 1518 quod
2585 1450 2649 1504 ad
2686 1457 3025 1503 mortuorum
3065 1449 3430 1504 resurrectio-

1852 1552 1974 1593 nem
2008 1542 2223 1603 attinet,
2255 1540 2401 1609 quod
2432 1541 2615 1597 carnis
2640 1542 3095 1596 resurrectionem
3127 1539 3423 1600 inﬁciatur,

1853 1627 1907 1683 id
1959 1629 2026 1684 ab
2060 1629 2295 1701 Origene
2343 1640 2627 1687 mutuatus
2664 1632 2894 1697 videtur,
2945 1630 3050 1687 nisi
3095 1629 3149 1684 id
3193 1645 3258 1684 ex
3306 1644 3429 1684 sese
3522 1622 3527 1625 ”

1853 1722 2163 1776 evomuisse
2211 1721 2481 1795 dicendus
2528 1731 2632 1780 est.
2692 1722 2834 1779 Idem
2884 1724 3103 1795 nuptias
3154 1720 3424 1791 repudiat,

1854 1827 1991 1882 quas
2046 1812 2258 1871 Veteris
2315 1816 2648 1872 Testamenti
2717 1817 2967 1886 preprias
3028 1815 3197 1871 fuisse
3248 1814 3425 1869 docet.

1856 1902 2068 1975 Quippe
2126 1906 2517 1971 Abrahamum,
2566 1907 2811 1963 lsaacum
2855 1914 2909 1962 et
2952 1904 3239 1968 Jacobum,
3281 1902 3431 1974 Moy-

1857 2012 1993 2062 sem,
2027 1997 2294 2053 Aaronem
2319 2013 2384 2053 ac
2410 2006 2634 2053 sanctos
2680 2012 2891 2060 omnes,
2948 1997 3098 2052 velut
3131 1994 3324 2050 lsaiam
3378 2002 3431 2047 et

1854 2087 2145 2144 Jeremiam
2176 2092 2380 2161 puriter
2407 2090 2759 2147 asciscendos
2791 2090 3087 2153 existimat,
3110 2095 3165 2143 et
3196 2086 3433 2159 prophe-

1854 2192 1939 2239 tas
1988 2182 2321 2250 arbitratur;
2363 2183 2693 2254 nuptiasque
2745 2184 2800 2237 in
2838 2181 3022 2238 Veteri
3081 2180 3431 2237 Testamento

1854 2274 2035 2329 licitas
2072 2274 2277 2343 fuisse;
2319 2274 2416 2330 sed
2466 2282 2589 2345 post
2619 2273 2909 2329 adventum
2961 2271 3166 2328 Christi
3211 2272 3430 2326 easdem

1854 2364 2220 2433 rejieiendas,
2282 2373 2469 2436 utpote
2529 2365 2856 2435 quibuscum
2925 2364 3149 2419 caeleste
3203 2376 3431 2432 regnum

1856 2457 2089 2512 obtineri
2119 2464 2372 2527 nequeat.
2408 2456 2548 2523 Quid
2584 2457 2750 2520 enim,
2788 2456 2983 2525 inquit,
3022 2453 3261 2509 Verbum
3305 2450 3433 2507 novi

1856 2556 1915 2601 ut
1945 2545 2147 2601 faceret
2179 2545 2437 2603 advenit?
2476 2546 2629 2616 quid,
2674 2546 2918 2615 inquam,
2954 2544 3078 2598 novi
3112 2541 3431 2611 praedicare,

1856 2645 1951 2693 aut
1979 2636 2125 2707 quod
2157 2638 2436 2709 egregium
2480 2636 2695 2692 facinus
2746 2634 2926 2690 moliri
2970 2633 3179 2690 voluit?
3228 2631 3287 2686 Si
3336 2630 3428 2684 Dei

1855 2729 2110 2785 timorem
2159 2728 2388 2795 dixeris,
2433 2729 2537 2783 hoc
2573 2728 2686 2797 jam
2721 2728 2807 2782 lex
2845 2726 2960 2797 ipsa
2992 2725 3340 2789 continebat;
3387 2722 3437 2776 si

1856 2821 2097 2888 nuptias,
2130 2818 2295 2874 etiam
2343 2818 2399 2872 in
2439 2818 2616 2874 sacris
2663 2815 2886 2871 Litteris
2940 2809 3343 2886 praedicantur:
3387 2812 3437 2866 si

1857 2908 2151 2974 invidiam,
2206 2909 2518 2973 avaritiam,
2568 2907 2891 2976 iniustitiam
2922 2906 3213 2961 damnasse
3262 2906 3432 2971 dicas,

1859 3001 1973 3056 haec
2012 3001 2194 3056 omnia
2224 2999 2423 3056 Vetere
2465 2998 2815 3055 Testamento
2843 2998 3239 3068 comprehensa
3283 3006 3431 3053 sunt.

1860 3091 2122 3161 Superest
2171 3104 2303 3157 ergo
2353 3090 2407 3145 id
2470 3098 2529 3144 ut
2586 3105 2752 3145 unum
2813 3088 3022 3144 edicere
3072 3088 3322 3147 voluerit.
3374 3096 3436 3141 ut

1786 3210 1830 3267 ο
1862 3181 2254 3237 continentiam
2313 3180 2636 3250 praedicaret
2689 3180 2745 3235 in
2798 3179 3017 3245 mundo,
3068 3194 3133 3234 ac
3173 3180 3277 3235 sibi
3329 3178 3434 3249 ipsi

1863 3271 2243 3328 castimoniam
2275 3271 2553 3343 deligeret,
2593 3270 2714 3327 sine
2751 3285 2859 3340 qua
2907 3270 3143 3326 obtineri
3168 3271 3279 3325 vita
3322 3285 3435 3325 non

1861 3364 2056 3434 possit.

1932 3455 1997 3511 11.
2036 3455 2117 3512 Ad
2165 3456 2219 3511 id
2258 3471 2389 3513 vero
2418 3455 2615 3528 dogma
2654 3453 3122 3526 comprobandum
3153 3454 3437 3509 undecun-

1862 3564 1969 3620 que
1999 3557 2318 3619 argumenta
2355 3555 2630 3621 corrogat,
2660 3548 2809 3603 velut
2853 3548 3003 3602 illum
3034 3548 3211 3603 locum
3244 3564 3273 3602 :'
3294 3546 3437 3603 San-

1862 3640 2233 3710 ctiﬁcationem
2263 3649 2511 3706 vestram,
2540 3641 2652 3695 sine
2677 3657 2781 3707 qua
2807 3655 2957 3694 nemo
2982 3637 3172 3692 videbit
3193 3637 3361 3692 Deum
3389 3639 3433 3691 ’.

1863 3730 2017 3797 Quod
2050 3732 2094 3787 si
2122 3731 2367 3801 Apostoli
2397 3731 2606 3786 dictum
2639 3731 2769 3786 illud
2803 3730 3031 3799 objicias
3055 3748 3067 3783 :
3095 3729 3439 3784 Honorando:
3505 3786 3511 3792 _

1862 3830 1983 3875 sunt
2022 3822 2242 3889 nuptiar,
2273 3831 2323 3879 et
2356 3829 2502 3875 torus
2537 3820 2945 3884 immaculatus;
2974 3818 3318 3881 fornicatores
3341 3835 3441 3871 au-

1864 3920 1965 3967 tem
1992 3920 2041 3967 et
2074 3912 2341 3969 adulteros
2363 3911 2627 3981 judicabil
2655 3910 2795 3965 Deus
2824 3912 2865 3975 ³,
2884 3911 2964 3966 sic
2986 3911 3074 3965 ille
3104 3911 3433 3980 respondet:

1863 4005 2029 4075 Atqui
2070 4006 2232 4075 paulo
2282 4011 2405 4075 post
2464 4005 2604 4059 idem
2651 4003 2944 4074 Apostolus
2989 4002 3122 4058 dicit
3159 4022 3171 4057 :
3206 4002 3439 4072 Innupla

1864 4095 2094 4150 sollicita
2130 4104 2206 4149 est
2250 4096 2314 4148 de
2342 4094 2422 4147 his
2470 4111 2585 4163 qua:
2611 4093 2707 4147 Dei
2738 4102 2878 4160 sunt,
2917 4092 3180 4164 quomodo
3230 4094 3439 4161 placeat

1866 4183 2112 4247 Domino,
2149 4193 2198 4237 et
2226 4185 2385 4253 virgo.
2417 4182 2599 4253 Nupta
2620 4199 2742 4237 vero
2785 4184 3015 4237 sollicita
3059 4193 3137 4238 est
3172 4185 3432 4254 quomoda

1864 4276 2066 4343 placeat
2099 4276 2229 4333 viro.
2275 4284 2325 4329 ct
2363 4275 2535 4329 divisa
2566 4285 2642 4329 est
2670 4276 2711 4328 ⁵.
2748 4275 2902 4331 Unde
2945 4276 2990 4331 si
3029 4274 3228 4331 divisio
3270 4276 3435 4339 inest,

1865 4368 2140 4437 quomodo
2172 4367 2505 4422 intercedere
2543 4369 2854 4422 communio
2883 4368 3094 4438 potest?
3139 4365 3217 4421 Ac
3246 4367 3292 4421 si
3330 4366 3439 4421 Deo

1868 4477 1975 4515 non
2004 4461 2233 4531 placeat,
2276 4458 2371 4514 sed
2402 4460 2539 4524 viro,
2570 4467 2819 4530 potestne
2855 4458 3227 4514 hmreditatem
3260 4474 3289 4513 a
3331 4458 3441 4515 Deo

187 4553 338 4623 παρά
360 4552 481 4622 Θεῷ
503 4550 800 4621 κεκτῆσθαι
830 4551 928 4621 τὴν
951 4540 1316 4621 κληρονομίαν
1337 4565 1351 4614 ;
1394 4548 1496 4602 Διὰ
1520 4548 1629 4621 γὰρ
1659 4550 1756 4615 τὰς

1869 4551 2169 4621 consequi?
2205 4550 2341 4605 Cum
2386 4558 2563 4604 autem
2604 4551 2684 4605 sic
2733 4551 2981 4605 hortatur
3018 4568 3031 4604 :
3072 4549 3295 4619 Propter
3324 4551 3439 4620 for--

184 4647 469 4715 πορνείας
512 4644 767 4710 ἕκαστος
816 4643 932 4712 τὴν
982 4643 1200 4697 ἑαυτοῦ
1246 4642 1499 4712 γυναῖκα
1547 4642 1760 4712 ἐχέτω,

184 4739 285 4791 οὐκ
318 4734 577 4800 ἐπαινῶν,
606 4733 760 4804 φησὶ,
787 4733 963 4804 γάμον
994 4731 1131 4803 μετὰ
1156 4731 1255 4802 τὴν
1278 4733 1604 4803 παρουσίαν,
1629 4732 1764 4786 ἀλλὰ

188 4826 617 4898 συμϐαστάζων,
647 4824 734 4878 ἵνα
764 4824 837 4894 μὴ
865 4825 946 4888 είς
980 4820 1235 4893 περιττὸν
1262 4821 1481 4893 ὄλεθρον
1512 4824 1765 4893 ἐμπέσω-

188 4926 290 4969 σιν.
317 4915 455 4969 Εἰσὶ
486 4912 596 4983 γὰρ
625 4913 907 4981 εὐνοῦχοι
940 4915 994 4966 οὶ
1018 4911 1273 4978 ἑαυτοὺς
1296 4914 1766 4981 εὑνουχίσαντες

184 5005 281 5059 διὰ
326 5003 441 5071 τὴν
487 5003 816 5067 ,ϐασιλείαν
865 5001 981 5055 τῶν
1030 5000 1335 5071 οὐρανῶν·
1393 5002 1519 5066 καὶ,
1570 5007 1762 5068 Θέλω,

186 5096 319 5165 φησὶ
335 5137 351 5157 ,
384 5094 616 5157 πάντας
641 5090 793 5147 εἶναι
818 5093 900 5157 ὡς
926 5093 1185 5161 ἐμαυτόν
1206 5108 1219 5122 ·
1247 5094 1339 5147 καὶ
1360 5134 1374 5158 ,
1414 5094 1688 5164 Ὡμοιώθη
1725 5096 1763 5164 ἡ

179 5186 474 5251 ,βασιλειά
520 5184 638 5237 τῶν
683 5182 955 5251 οὐρανῶν
1005 5183 1151 5237 δέκα
1194 5183 1536 5253 παρθένοις,
1589 5187 1765 5241 πέντε

183 5279 410 5348 μωραῖς
429 5319 443 5336 .
476 5278 573 5331 καὶ
613 5275 793 5329 πέντε
821 5276 1149 5345 φρονίμοις.
1180 5277 1433 5347 Φρόνιμοι
1470 5277 1761 5349 παρθένοι,

191 5372 372 5443 μωραὶ
415 5369 673 5438 παρθένοι
693 5410 707 5431 ,
743 5367 880 5438 πλὴν
914 5367 1208 5437 παρθένοι,
1242 5368 1489 5440 βασιλείᾳ
1520 5371 1763 5441 οὐρανῶν

188 5461 616 5525 ἀπεικάζονται⁸
664 5459 758 5513 καὶ
802 5459 901 5511 οὐκ
940 5452 1113 5523 εἶπεν,
1160 5458 1411 5531 ἔγγαμοι.
1474 5462 1651 5515 Πολλὰ
1707 5464 1764 5517 δὲ

187 5552 415 5607 τοιαῦτα
465 5551 644 5621 ἑαυτῷ
691 5549 1050 5623 ἐπισωρεύει,
1100 5550 1186 5603 ἵνα
1235 5551 1394 5622 δῆθεν
1444 5554 1765 5626 παρεκὸάλῃ

191 5646 389 5714 γάμον.

265 5787 280 5816 ¹
313 5784 441 5840 Cor.
474 5784 718 5852 φάσκων.
820 5784 843 5852 ξ
874 5782 1039 5837 Hebr.
1065 5798 1161 5845 xu,
1195 5783 1278 5836 Li.

193 5856 212 5886 '
252 5853 270 5907 l
308 5855 436 5911 Cor.
468 5851 569 5920 vn,
598 5855 652 5907 7.
728 5855 750 5886 ⁸
786 5851 972 5908 Matth.
1000 5870 1125 5917 xxv,
1165 5853 1213 5919 1,
1247 5852 1304 5907 2.

1385 5785 1405 5817 ³
1443 5784 1609 5843 Hebr.
1643 5804 1761 5852 xui,
1797 5787 1849 5844 4.

1869 4644 2156 4697 nicationes
2182 4650 2375 4703 autem,
2400 4642 2755 4710 unusquisque
2774 4657 2925 4694 suam
2945 4656 3162 4694 uxorem
3184 4640 3371 4694 habeat
3397 4643 3440 4705 ⁵,

1870 4750 1977 4790 non
2028 4732 2328 4787 laudandas
2376 4732 2532 4802 711
2582 4738 2705 4802 post
2745 4731 3033 4787 adventum
3075 4730 3309 4792 Domini,
3346 4729 3440 4783 sed

1870 4826 2183 4882 tolerandas
2209 4826 2423 4897 nuptias
2452 4833 2622 4895 putat,
2655 4838 2723 4878 ne
2752 4824 2930 4893 majus
2960 4822 3013 4877 in
3040 4822 3266 4877 exitium
3298 4837 3441 4890 prte-

1873 4919 2068 4988 cipites
2119 4924 2298 4972 ruant.
2336 4915 2472 4972 Sunt
2518 4916 2658 4970 enim
2686 4915 2928 4977 eunuchi,
2977 4915 3066 4983 qui
3103 4915 3299 4983 scipsos
3351 4929 3444 4965 ca-
3517 4965 3521 4969 .

1873 5014 2171 5059 straverunt
2202 5014 2413 5073 propter
2436 5019 2648 5073 regnum
2676 5002 2924 5056 caelorum
2951 5002 2992 5055 ⁵.
3025 5000 3224 5056 lterum
3256 5019 3269 5055 :
3317 5000 3443 5054 Volo

1873 5112 2049 5150 omnes
2089 5112 2201 5149 esse
2242 5096 2380 5149 sicut
2414 5095 2666 5162 meipsum
2710 5094 2751 5146 ".
2805 5090 2942 5171 Tum
2975 5111 2987 5146 :
3022 5091 3206 5146 Simile
3242 5092 3441 5160 factum

1871 5198 1949 5243 est
1995 5202 2210 5257 regnum
2264 5186 2512 5240 caelorum
2564 5185 2787 5255 quinque
2839 5183 3160 5252 virginibus,
3220 5196 3443 5249 quarunt

1870 5281 2093 5352 quinque
2140 5288 2293 5333 erant
2344 5278 2529 5347 fatum,
2580 5286 2629 5331 et
2679 5277 2901 5347 quinque
2939 5274 3213 5342 prudentes
3246 5272 3286 5323 ⁸.
3339 5269 3439 5325 υΙιὶ

1872 5382 1979 5426 tam
2009 5372 2306 5442 prudentes
2337 5371 2597 5441 virgines,
2632 5385 2793 5440 quam
2836 5368 3016 5429 fatuae,
3043 5366 3135 5421 sed
3167 5364 3444 5418 nihilomi-

1871 5462 1974 5520 tius
2006 5464 2268 5535 virgines,
2298 5479 2424 5519 eum
2461 5464 2671 5518 caelesti
2706 5473 2871 5531 regno
2894 5466 3313 5526 comparantur;
3344 5473 3441 5512 nec

1871 5557 1938 5611 de
1972 5558 2180 5627 nuptiis
2233 5558 2560 5613 mentionem
2608 5554 2753 5609 fecit.
2805 5550 2970 5605 Multa
3014 5548 3068 5604 id
3115 5564 3286 5619 genus
3337 5548 3442 5602 alia

1874 5647 2135 5703 adversus
2167 5648 2384 5718 nuptias
2417 5644 2744 5700 accumulat.

1944 5788 2005 5841 "l
2063 5787 2187 5843 Cor.
2231 5804 2322 5849 vn,
2357 5786 2443 5840 3i.
2544 5785 2563 5815 ⁸
2598 5779 2727 5860 ibid.
2754 5780 2807 5833 2.
2907 5778 2926 5809 ⁸
2958 5777 3146 5835 Matlli.
3208 5774 3443 5838 1:11.92.
