3994 6226
547 392 664 448 175
1951 391 2010 446 ὃ.
2053 390 2397 448 EPIPHANII
3719 407 3826 467 {76

624 512 812 584 Neque
836 525 968 568 vero
995 512 1254 584 puerulos
1283 518 1411 568 ante
1438 511 1772 583 cognitionis
1803 526 1964 568 usum
1995 527 2142 567 mor-
2172 517 2201 574 Α

2315 515 2393 566 Οὐ
2430 513 2646 585 δέχεται
2675 515 2731 568 δὲ
2763 517 2888 580 τοὺς
2922 517 3119 581 παῖδας
3164 519 3291 582 τοὺς
3321 520 3687 596 τελευτῶνιας
3726 526 3835 596 πρὸ

545 613 680 664 tuos
729 604 990 672 admittit,
1037 606 1134 662 sed
1171 621 1203 660 a
1253 605 1532 677 proposita
1582 620 1681 676 spe
1721 605 1920 676 rejicit.
1966 603 2122 677 Negat

2258 604 2532 673 γνώσεως,
2582 606 2699 660 ἀλλ’
2742 608 3040 664 ἀποϐάλλει
3083 611 3282 676 αὐτοὺς
3331 592 3430 682 τῆς
3466 592 3835 688 νομιζομένης

547 700 696 754 enim
743 701 880 756 istas
909 698 1134 755 cmleste
1187 712 1413 768 regnum
1452 712 1759 767 capessere,
1793 698 2124 768 quandoqui-

2258 698 2471 763 ιλπίδος.
2517 699 2718 754 eam:
2759 699 2868 771 γὰρ
2916 701 3141 766 τούτους
3172 703 3246 774 μὴ
3281 703 3639 776 κληρονομεῖν
3673 707 3835 776 βασι-

549 792 674 847 dem
705 798 989 847 certamen
1029 789 1240 845 nullum
1291 790 1546 846 obierint.
1585 790 1719 845 Nam
1749 791 1842 861 qui
1874 783 1929 845 in
1958 801 2126 846 certa-

2258 791 2386 846 κείαν
2412 793 2678 862 οὐρανῶν,
2703 792 2924 864 ἐπειδὴ,
2953 794 3139 862 φησιν,
3183 795 3282 848 οὐκ
3304 797 3663 867 ἠγωνίσαντο.
3707 795 3835 853 Ἐὰν

551 901 676 940 men
713 883 1016 948 descendit,
1050 899 1154 936 non
1185 891 1498 948 coronatur,
1548 884 1651 937 nisi
1695 883 1922 953 legitime
1965 893 2128 938 certa-

2257 874 2353 953 γὰρ
2388 882 2523 954 ἀθλῇ
2562 900 2668 947 τις,
2699 886 2771 938 οὐ
2814 885 3255 953 στεφανοῦται,
3299 888 3421 944 ἐὰν
3438 889 3526 957 μὴ
3567 891 3834 960 νομίμως

551 978 682 1032 verit
718 978 758 1030 ⁸.
799 977 980 1042 Quare
1011 990 1137 1029 cum
1182 991 1248 1031 ne
1300 976 1334 1030 ii
1364 975 1586 1046 quidem
1621 975 1716 1045 qui
1755 984 1993 1038 certant,
2028 978 2128 1032 nisi

2256 976 2506 1044 ξθλήσῃ.
2538 977 2604 1030 Et
2634 977 2744 1049 γὰρ
2783 979 2878 1032 καὶ
2927 980 2955 1032 6
2996 979 3174 1032 ἀθλῶν
3215 980 3278 1034 οὐ
3318 981 3707 1050 στεφανοῦται,
3738 985 3833 1036 ἐὰν

549 1071 604 1124 id
638 1068 877 1140 legitime
915 1069 1290 1138 praestiterint,
1324 1076 1679 1134 coronentur,
1719 1080 1925 1139 quanto
1952 1070 2126 1126 minus

2257 1068 2314 1139 ιη
2345 1069 2591 1140 νομίμως
2612 1109 2626 1134 ,
2669 1070 2819 1140 πόσῳ
2847 1087 2910 1139 γε
2941 1071 3141 1142 μᾶλλον
3170 1074 3219 1126 οἱ
3249 1071 3478 1142 μηδέπω
3517 1076 3598 1138 είς
3644 1075 3834 1143 ἀγῶνα

551 1164 644 1233 qui
691 1178 758 1217 ne
799 1161 867 1216 ad
910 1169 1184 1218 certamen
1241 1161 1459 1232 quidem
1509 1161 1688 1216 adhuc
1739 1162 1917 1217 vocati
1966 1162 2128 1218 sunt!

2254 1162 2561 1233 ιεκλημένοι
2589 1179 2603 1227 ;
2644 1163 2720 1217 οὑ
2758 1163 3002 1217 πιστεύει
3043 1163 3100 1217 δὲ
3127 1163 3289 1220 πάλιν
3315 1159 3471 1229 οὗτος
3496 1167 3831 1237 παράδεισον

550 1254 878 1310 Paradisum
929 1269 1098 1326 porro
1143 1254 1456 1310 sensibilem
1503 1269 1627 1310 esse
1657 1269 1762 1308 non
1803 1262 1977 1325 putat,
2023 1272 2127 1326 quo

2248 1252 2373 1308 εἶναι
2420 1253 2698 1326 αἰσθητὸν,
2731 1254 2919 1328 ὥσπερ
2948 1256 3138 1328 ἀμέλει
3171 1259 3268 1311 καὶ¹
3307 1259 3587 1331 Ὠριγένης
3610 1275 3624 1291 ·
3664 1259 3825 1324 οὐδὲ,

551 1348 604 1402 in
633 1361 822 1403 errore
848 1353 1101 1402 versatus
1129 1353 1215 1402 est
1246 1353 1299 1402 et
1329 1344 1612 1416 Origenes.
1649 1346 1857 1418 Neque,
1887 1355 1947 1404 ut
1971 1357 2128 1403 antea

2250 1347 2310 1411 ὓς
2355 1346 2512 1419 ἔφην,
2561 1348 2772 1420 νεκρῶν
2818 1348 3114 1405 ἀνάστασιν
3149 1351 3247 1422 τὴν
3286 1350 3377 1404 διὰ
3424 1353 3660 1422 σαρκός·
3709 1353 3827 1407 ἀλλ’

517 1438 684 1505 -άίκί,
721 1445 1062 1492 mortuorum
1097 1439 1556 1494 resurrectionem
1591 1439 1658 1494 ad
1692 1457 1918 1497 carnem
1963 1447 2094 1514 perti

2251 1440 2532 1494 ινάστασιν
2581 1441 2679 1512 μὲν
2709 1440 2919 1513 νεκρῶν
2951 1441 3118 1512 λέγει,
3151 1443 3446 1499 ἀνάστασιν
3481 1444 3540 1497 δὲ
3578 1444 3680 1514 τὴν
3714 1443 3828 1498 τῶν

520 1565 529 1576 .ι
551 1546 704 1594 nere,
737 1531 833 1586 sed
882 1530 956 1585 ita
998 1545 1286 1601 resurgere
1335 1539 1581 1586 mortuos
1629 1530 1847 1601 fatetur,
1897 1534 2044 1590 solas
2073 1551 2097 1590 u

2244 1533 2440 1604 ψυχῶν,
2473 1533 2566 1586 καὶ
2609 1534 2988 1604 πνευματικήν
3029 1551 3151 1589 τινα
3195 1534 3422 1603 φάσκων
3468 1534 3821 1604 μυθολογίαν.

539 1623 765 1678 animas
796 1621 850 1675 id
880 1621 1100 1692 assequi
1133 1622 1281 1686 velit,
1319 1637 1382 1676 ac
1409 1623 1708 1693 spiritalem
1747 1625 1934 1680 nescio
1965 1640 2116 1696 quam

2246 1625 2420 1689 )ὐδεὶς
2452 1624 2510 1680 δὲ
2546 1623 2663 1695 μετ’
2703 1624 2882 1680 αὐτῶν
2915 1624 3229 1693 συνάγεται,
3253 1624 3390 1679 ἀλλὰ
3416 1626 3464 1679 εί
3490 1626 3574 1696 εἴη
3605 1625 3823 1697 παρθέ-

549 1715 790 1769 fabulam
822 1721 1095 1769 contexet.
1137 1713 1408 1769 Caeterum
1451 1731 1612 1770 nemo
1658 1717 1712 1772 in
1750 1719 1966 1772 illorum
1999 1733 2126 1790 gre-

2248 1733 2356 1781 ρος,
2387 1717 2420 1788 ἢ
2457 1717 2725 1787 μονάζων,
2773 1717 2808 1788 ἢ
2850 1718 3160 1789 ἐγκρατὴς,
3197 1717 3230 1788 ἢ
3265 1719 3432 1790 χήρα.
3468 1717 3605 1789 Περὶ
3633 1717 3692 1770 δὲ
3731 1717 3825 1771 τὸν

549 1823 669 1879 gem
708 1806 1037 1869 admittitur,
1073 1806 1177 1862 nisi
1210 1806 1362 1877 virgo
1395 1807 1488 1870 sit,
1531 1818 1626 1862 aut
1672 1809 1996 1874 monachus,
2035 1818 2126 1865 aut

2248 1809 2454 1880 Πατέρα
2485 1809 2580 1862 καὶ
2615 1809 2744 1863 Υἱδν
2779 1809 2871 1862 καὶ
2903 1807 3059 1874 ἅγιον
3102 1807 3327 1880 Πνεῦμα
3356 1809 3416 1862 οὐ
3447 1807 3648 1879 φάσκει
3675 1810 3825 1864 κατὰ

547 1863 860 1963 continens,
922 1909 1019 1952 aut
1061 1899 1243 1953 vidua.
1295 1863 1371 1954 ὗε
1412 1897 1592 1964 Patre,
1638 1898 1776 1954 Filio
1824 1908 1879 1956 et
1922 1902 2124 1973 Spiritu

2247 1901 2322 1955 ιὸν
2359 1863 2638 1972 ’ὀριγένην
2657 1917 2674 1933 ο
2701 1900 2836 1954 ἀλλὰ
2867 1863 3115 1954 πιστεύει
3142 1863 3313 1965 ὅντως
3341 1901 3432 1955 τὸν
3456 1863 3585 1963 λ’ίδν
3614 1903 3679 1955 ὲκ
3705 1863 3824 1956 lla.—

527 2003 740 2051 esancto
769 2007 875 2046 non
908 1990 1095 2046 eadem
1127 2005 1251 2045 cum
1301 1989 1534 2061 Origene
1563 1992 1762 2058 sentit;
1787 1993 1920 2062 quin
1949 1993 2104 2063 potin:

2241 1993 2359 2065 πρὸς
2412 1993 2812 2064 γεγεννημένον
2843 2009 2858 2025 ο
2893 1993 2990 2046 καὶ
3044 1993 3175 2063 περὶ
3223 1993 3319 2048 τοῦ
3354 1992 3675 2062 Πνεῦματος
3721 1992 3818 2048 τοῦ

533 2095 600 2141 et
636 2103 676 2139 a-
701 2083 861 2139 Patre
909 2081 1104 2136 Filium
1137 2096 1323 2136 revera
1349 2083 1612 2153 genitum,
1637 2093 1686 2138 et
1711 2083 1972 2155 Spiritum
2001 2099 2110 2140 sant

1352 2083 1612 2153 genitum,
1637 2093 1686 2138 et
1711 2083 1972 2155 Spiritum
2001 2099 2132 2140 sano
2235 2084 2414 2153 ἁγίου,
2445 2085 2511 2137 ὲκ
2537 2081 2752 2156 Πατρὸς
2773 2077 2929 2137 εἶναι.

545 2197 695 2242 ctum
729 2185 904 2239 credit
933 2199 962 2237 a
998 2180 1156 2238 Patre
1190 2182 1504 2254 procedere.

619 2275 700 2332 ιιι.
743 2275 912 2342 Quem
943 2275 1162 2350 quidem
1205 2273 1490 2344 Spiritum,
1541 2269 2000 2343 quemadmodum
2033 2286 2125 2326 su-

2300 2263 2374 2320 l".
2403 2262 2606 2317 Φάσκει
2637 2263 2695 2318 δὲ
2732 2256 2906 2328 οὗτος,
2950 2263 3028 2328 ὡς
3061 2263 3174 2319 ἄνω
3203 2282 3291 2335 μοι
3329 2266 3388 2318 ὲν
3415 2265 3484 2335 τῇ
3509 2263 3622 2318 τῶν
3666 2264 3821 2318 Μελ-

526 2385 644 2440 —pra
675 2371 727 2423 in
764 2367 1377 2423 Melchiscdccianorum
1413 2365 1606 2421 haeresi
1653 2364 1964 2429 docuimus,
1997 2361 2103 2419 Mel

2242 2356 2610 2427 (ισεδεκιανῶν
2678 2357 2889 2428 αἱρέσει
2941 2356 3264 2430 δεδήλωται,
3329 2357 3458 2428 περὶ
3507 2355 3603 2410 τοῦ
3657 2355 3819 2426 ἁγίου

537 2461 892 2517 chisedecum
920 2474 1043 2515 esse
1078 2458 1180 2514 sibi
1220 2457 1535 2528 persuadet,
1568 2473 1669 2528 pro
1701 2471 1769 2513 eo
1799 2455 1943 2527 quod
1984 2455 2114 2511 seri-

2240 2449 2568 2520 Πνεύματος,
2616 2450 2700 2502 ὅτι
2737 2449 2902 2511 αὐτὸς
2939 2445 3086 2502 ἐστιν
3131 2453 3159 2502 6
3200 2449 3554 2519 Μελχισεδὲκ,
3590 2450 3679 2504 διὰ
3731 2451 3817 2514 τὸ,

529 2557 802 2622 .plum'esl
825 2569 837 2604 :
872 2548 979 2603 Pro
1002 2549 1152 2603 nobis
1175 2557 1291 2602 orat
1311 2547 1588 2619 gemitibus
1619 2545 2062 2600 inenarrabiiibus
2081 2547 2104 2576 ²

2244 2543 2416 2611 ρησὶν,
2436 2541 2720 2614 εἰρηκέναι
2751 2587 2766 2609 ,
2793 2543 2877 2597 ὅτι
2913 2544 3436 2613 Ὑπερεντυτχάνει
3457 2546 3821 2616 στεναγμοῖς

545 2644 612 2699 Et
647 2643 774 2714 quis
803 2642 892 2697 ille
921 2640 1138 2696 tandem
1169 2640 1290 2696 est?
1334 2639 1537 2704 Manet,
1570 2640 1768 2710 inquit,
1797 2640 2044 2693 sacerdos
2072 2639 2122 2692 in

2241 2633 2558 2698 ἠλαλήτοις
2583 2634 2737 2702 ὑπὲρ
2763 2633 2949 2704 ἡμῶν.
2992 2635 3102 2692 Kal
3131 2635 3214 2698 τίς
3243 2637 3390 2690 ἐστιν
3414 2631 3604 2702 οὗτος;
3650 2638 3818 2692 una

543 2744 800 2804 wtepmm
822 2731 862 2786 ³.
895 2730 1067 2788 Porro
1097 2731 1342 2785 sacerdos
1378 2732 1432 2784 in
1491 2741 1739 2785 retentum
1772 2729 1894 2785 ideo
1925 2737 2120 2788 manet.

2241 2722 2385 2778 [λέγει
2416 2724 2607 2794 ἱερεὺς
2641 2727 2729 2790 είς
2759 2725 2823 2778 τὸ
2851 2724 3144 2792 διηνεκές.
3176 2725 3252 2779 Τὸ
3279 2726 3360 2791 δὲ,
3397 2727 3588 2796 ἱερεὺς
3623 2730 3711 2794 εὶς
3747 2729 3818 2784 τὸ

543 2833 603 2882 ιιι
644 2841 805 2881 orare
852 2826 1048 2896 possit.
1082 2822 1241 2878 Hunc
1283 2824 1460 2894 ipsum
1511 2820 1776 2894 Spiritum
1811 2822 2120 2876 Abrahamo

2240 2816 2538 2884 Smrsxéc,
2607 2817 2695 2872 διὰ
2741 2817 2802 2871 τὸ
2845 2819 3364 2888 ὑπερεντυγχάνειν.
3425 2820 3596 2874 Τοῦτο
3643 2821 3703 2874 δὲ
3751 2822 3817 2875 τὺ

544 2936 640 2991 per
662 2919 794 2975 illud
820 2926 1035 2988 tempus
1062 2917 1374 2973 occurrisse
1393 2923 1566 2987 putat.
1601 2913 1697 2971 Est
1726 2916 1892 2980 enim,
1921 2913 2121 2984 inquit,

2236 2907 2452 2978 Πνεῦμα
2491 2910 2881 2982 συνηντηκέναι
2910 2910 2989 2982 τῷ
3032 2911 3285 2983 Ἀϐραὰμ
3327 2913 3448 2968 κατ’
3471 2915 3650 2968 έκεῖνο
3679 2931 3813 2968 και-

543 3011 683 3067 Filio
710 3010 926 3068 similis.
959 3007 1139 3077 Quare
1186 3008 1255 3063 ab
1281 3005 1542 3079 Apostolo
1567 3005 1769 3061 dicitur
1823 3020 1948 3063 esse
2013 3006 2120 3060 sine

2235 3001 2323 3075 ροῦ
2349 3017 2361 3032 '
2389 3002 2575 3075 ἐπειδὴ
2605 3003 2714 3074 γὰρ
2758 3003 2942 3074 ὅμοιόν
2990 3004 3105 3058 ἐστι
3131 3004 3210 3075 τῷ
3244 3005 3360 3076 Υίῷ
3378 3023 3391 3037 ·
3421 3005 3514 3059 xal
3535 3005 3624 3060 διὰ
3649 3005 3812 3063 τοῦτό

517 3115 715 3178 φυηρ,
763 3105 876 3160 sine
924 3112 1115 3170 matre,
1165 3103 1279 3157 sine
1315 3099 1618 3172 genealogis:
1671 3101 1694 3132 δ
1735 3117 1747 3132 ο
1786 3101 1900 3154 sine
1927 3108 2094 3153 matre

2236 3112 2391 3166 φησιν
2417 3098 2446 3151 6
2474 3096 2814 3162 Ἀπόστολος,
2833 3095 3094 3166 ἀπάτωρ,
3120 3097 3382 3168 ἀμήτωρ,
3409 3097 3813 3168 ars-"agdn.

515 3199 684 3268 quod
733 3197 956 3252 omnino
1004 3196 1209 3250 nullam
1261 3194 1558 3258 habuerit;
1595 3194 1706 3247 sine
1767 3203 1937 3262 patre,
1973 3207 2092 3262 qum

2233 3207 2326 3257 τος
2350 3207 2363 3221 ·
2409 3189 2646 3260 ἀμήτωρ
2674 3191 2860 3262 φησιν,
2887 3190 2976 3244 ὅτι
3000 3191 3100 3244 οὐκ
3143 3190 3254 3262 ἔχει
3292 3191 3502 3263 μητέρα
3521 3207 3536 3220 ·
3563 3189 3810 3260 ἀπάτωρ

514 3305 660 3345 cum
688 3289 744 3344 in
775 3297 919 3343 terra
947 3302 1055 3342 non
1101 3287 1370 3341 habuerit.
1421 3284 1625 3339 Similis
1675 3301 1794 3338 vero
1841 3282 1983 3338 Filio
2028 3284 2091 3338 De

2235 3282 2408 3352 φησιν,
2434 3282 2515 3335 ὅτι
2539 3283 2631 3336 ἐπὶ
2657 3282 2759 3352 γῆς
2787 3283 2888 3336 οὐκ
2911 3282 3036 3354 ἔσχε
3066 3281 3297 3354 πατέρα.
3329 3281 3812 3352 Ἆςρωμοιωμένος

538 3381 714 3450 factus
747 3390 923 3435 manet
974 3378 1224 3434 sacerdos
1269 3378 1322 3430 in
1363 3387 1614 3431 (sternunt
1658 3376 1702 3432 ⁸.
1762 3375 1967 3431 Practer
2008 3377 2115 3431 haec

2228 3372 2290 3425 δὲ
2318 3371 2398 3438 τῷ
2429 3371 2539 3441 Υιῷ
2564 3373 2672 3428 τοῦ
2695 3374 2863 3441 Θεοῦ,
2889 3375 3055 3445 μένει
3083 3375 3274 3444 ἱερεὺς
3296 3378 3383 3443 εἰς
3414 3376 3481 3430 τὸ
3503 3374 3805 3444 διηνεκές.

527 3474 708 3527 multa
757 3471 862 3525 alia
894 3469 962 3525 de
1006 3468 1214 3539 Spiritu
1249 3477 1441 3523 sancto
1490 3469 1737 3538 garriens
1786 3467 2104 3522 fusissiman

2228 3462 2334 3516 Kal
2376 3462 2548 3516 πολλὰ
2608 3462 2867 3538 φλυαρῶν
2917 3465 3046 3536 περὶ
3099 3465 3192 3519 τοῦ
3242 3467 3398 3534 ἁγίου
3449 3465 3805 3538 Πνεύματος,

537 3565 605 3620 de
635 3581 698 3620 eo
734 3562 1162 3636 disputationem
1193 3560 1453 3616 instituit.
1494 3557 1599 3615 Sed
1633 3559 1968 3630 praecipuum
2004 3560 2114 3632 epi-

2230 3552 2462 3624 Ξιεξῆλθε
2493 3555 2623 3625 περὶ
2661 3555 2848 3608 τούτου
2881 3555 3084 3627 πολλὴν
3108 3556 3509 3629 πραγματείαν.
3544 3557 3807 3612 Βούλεται

538 3656 719 3712 nionis
765 3655 927 3726 712
973 3669 1085 3711 sua:
1130 3652 1530 3708 ﬁrmamentum
1577 3667 1641 3708 ex
1679 3651 1818 3706 libro
1857 3652 2115 3725 quodam,

2227 3641 2408 3714 δὲτὴν
2453 3642 2668 3698 τελείαν
2713 3643 2879 3699 αὐτοῦ
2926 3645 3185 3700 σύστασιν
3230 3647 3499 3701 ποιεῖσθαι
3540 3647 3651 3701 ἀπὸ
3700 3646 3804 3702 τοῦ

535 3749 633 3820 qui
684 3748 1012 3803 Anabaticus
1037 3744 1202 3801 Isaia:
1247 3745 1550 3816 inscriptus
1589 3753 1694 3810 est,
1727 3746 1978 3811 arcessit,
2010 3760 2112 3815 quia

2231 3735 2618 3790 ’Λναϐατικοῦ
2653 3735 2921 3802 Ἡσαΐου,
2952 3737 3113 3808 δῆθεν
3134 3737 3210 3802 ὡς
3237 3740 3297 3792 ἐν
3333 3738 3412 3809 τῷ
3451 3739 3806 3804 Ἁναϐατικῷ

536 3839 593 3894 in
629 3838 768 3894 libro
811 3837 892 3894 sic
933 3835 1176 3907 loquitur
1231 3854 1244 3890 ε
1282 3832 1534 3890 Ostendit
1582 3835 1715 3889 mihi
1778 3835 2005 3906 angelus
2051 3835 2113 3889 de

2227 3829 2498 3902 λεγομένῳ
2535 3829 2722 3898 ἔλεγεν
2751 3834 2929 3886 ἐκεῖσε
2955 3872 2969 3898 ,
3007 3833 3089 3886 ὅτι
3122 3833 3333 3900 Ἔδειξέ
3369 3849 3460 3903 μοι
3503 3834 3532 3886 6
3567 3831 3804 3901 ἄγγελος

533 3929 793 3985 omnibus
846 3941 1032 3984 coram
1085 3941 1193 3992 me,
1251 3933 1306 3982 et
1354 3924 1592 3982 ostendit
1637 3923 1793 3986 mihi,
1829 3934 1882 3980 et
1931 3924 2110 3980 dixit:

2226 3922 2346 3993 περὶ
2391 3923 2606 3976 πάντων
2655 3922 2961 3995 ἔμπροσθέν
3014 3941 3116 3995 μου
3139 3966 3153 3990 ,
3191 3926 3286 3980 καὶ
3322 3925 3492 3991 sane:
3543 3943 3632 3997 μοι
3651 3967 3666 3991 ,
3703 3928 3803 3981 καὶ

529 4021 670 4090 Quis
718 4029 804 4077 est
838 4019 905 4076 ad
935 4019 1216 4076 dexteram
1254 4017 1386 4073 Dei?
1418 4017 1483 4073 Et
1532 4017 1642 4073 dixi
1676 4036 1689 4073 :
1727 4015 1808 4071 Tu
1843 4017 1975 4082 scis,
2005 4015 2106 4071 Do-

2223 4006 2335 4066 εἷπε
2359 4030 2372 4043 ·
2405 4013 2501 4076 Τίς
2541 4013 2687 4068 ἐστιν
2723 4017 2751 4068 6
2776 4016 2834 4069 ὲν
2871 4014 3021 4086 δεξιᾷ
3052 4015 3146 4069 τοῦ
3179 4016 3347 4083 Θεοῦ;
3380 4017 3491 4069 Kal
3519 4012 3685 4070 εἶπαο
3722 4018 3800 4071 Σὺ

533 4115 702 4170 mine.
739 4111 879 4168 Tum
914 4111 1040 4168 ille:
1079 4109 1178 4167 Hic
1205 4117 1288 4169 est
1324 4109 1580 4166 Dilectus.
1614 4109 1679 4164 Et
1710 4110 1835 4181 quis
1860 4116 1946 4164 est
1979 4109 2110 4162 alter

2224 4101 2379 4170 οἳδας,
2422 4105 2616 4179 Κύριε.
2648 4107 2844 4176 Λέγει’
2883 4103 3048 4172 Οὗτός
3071 4109 3220 4163 ἐστιν
3255 4111 3286 4162 6
3325 4109 3654 4180 ’Λγαπητός.
3687 4110 3801 4163 Καὶ

530 4208 581 4263 ei
618 4207 814 4263 similis
843 4205 937 4280 qui
984 4219 1016 4259 a
1065 4205 1288 4260 sinistra
1317 4203 1487 4270 venit,
1524 4209 1579 4259 et
1608 4202 1720 4257 dixi
1760 4221 1772 4257 :
1813 4201 1895 4256 Tu
1929 4200 2107 4267 nosti;

2218 4197 2296 4262 τίς
2323 4200 2471 4251 ἐστιν
2501 4201 2530 4252 6
2552 4199 2709 4262 ἄλλος
2734 4199 2763 4251 6
2791 4201 2976 4270 ὅμοιος
3009 4201 3159 4272 αὐτῷ
3180 4201 3238 4268 ἐξ
3259 4201 3563 4273 ἀριστερῶν
3584 4199 3760 4254 ἐλθών
3782 4218 3795 4266 ;

529 4298 622 4354 hic
655 4305 739 4355 est
775 4297 1015 4368 Spiritus
1053 4304 1300 4362 sanctus,
1352 4296 1445 4367 qui
1479 4297 1532 4351 in
1580 4302 1633 4350 te
1660 4294 1906 4365 loquitur
1959 4301 2014 4348 et
2055 4292 2106 4346 in

2222 4292 2323 4345 Kal
2357 4288 2516 4346 εἶπα·
2549 4294 2622 4346 Σὺ
2660 4290 2979 4361 γινώσκεις,
3013 4294 3259 4347 τουτέστι
3292 4294 3354 4348 τὸ
3387 4294 3541 4364 άγιον
3567 4293 3799 4364 Πνεῦμα

530 4390 834 4463 prophetis.
872 4389 936 4445 Et
966 4400 1108 4454 erat,
1137 4388 1336 4460 inquit,
1371 4387 1567 4442 similis
1619 4385 1848 4441 Dilecto.
1899 4383 1976 4438 Ex
2007 4384 2107 4439 hoc

2217 4382 2272 4436 τὺ
2317 4383 2513 4438 λαλοῦν
2548 4385 2607 4437 ὲν
2660 4384 2740 4437 σοὶ
2775 4384 2868 4437 καὶ¹
2910 4385 2967 4437 ὲν
3009 4387 3123 4448 τοῖς
3175 4387 3502 4458 προφήταις.
3548 4387 3658 4439 Καὶ
3699 4382 3794 4458 ἦν,

515 4481 652 4536 :loco
674 4481 822 4534 illam
853 4477 1152 4552 Scripturae
1180 4478 1504 4535 sententiam
1527 4475 1852 4532 conﬁrmare
1878 4475 2092 4530 nititur:

2218 4477 2376 4548 φησὶν
2399 4518 2415 4544 ,
2463 4477 2648 4552 ὅμοιον
2689 4476 2766 4548 τῷ
2811 4478 3122 4550 ⁷Αγαπητῷ.
3161 4479 3255 4532 Ἐκ
3301 4479 3492 4533 τούτου
3543 4479 3795 4550 βούλεται

526 4571 876 4627 Assimilatus
927 4545 1074 4625 Filio
1139 4569 1239 4625 Dei
1292 4579 1470 4625 manet
1516 4571 1763 4625 sacerdos
1808 4569 1865 4622 in
1925 4584 2099 4639 perpe-

2218 4545 2467 4642 συ-νιστᾷν
2496 4545 2558 4623 ab
2587 4545 2909 4642 εἰρημένον-ο
2944 4545 3414 4642 Ἁᾴωμοιωμένος
3434 4570 3514 4637 τῷ
3543 4545 3662 4638 ras
3681 4569 3795 4625 τ’υῦ

524 4679 695 4724 tuum.
1430 4662 1433 4666 ’
1880 4669 1884 4672 ’
2215 4662 2364 4717 Θεοῦ
2387 4663 2555 4733 μένει
2595 4663 2787 4732 ἱερεὺς
2809 4665 2896 4729 εὶς
2931 4663 2995 4717 τὸ
3023 4662 3317 4731 διηνεκές.

593 4758 797 4819 Verum
845 4775 1011 4834 quam
1043 4758 1217 4816 multa
1265 4756 1333 4812 de
1371 4757 1476 4811 hoc
1529 4761 1851 4826 argumento
1882 4753 2103 4824 excogi-

2281 4757 2430 4810 Πόσα
2454 4757 2632 4811 τοίνυν
2669 4757 2957 4828 δυνήσεται
3003 4759 3032 4810 6
3071 4756 3340 4830 ἡμέτερος
3368 4755 3494 4822 νοῦς
3524 4757 3617 4811 καὶ
3657 4758 3790 4829 περὶ

522 4863 636 4908 tare
667 4867 821 4908 mens
852 4859 1039 4907 nostra
1070 4857 1268 4922 potest,
1318 4863 1382 4903 ac
1418 4847 1748 4918 disputando
1790 4849 2097 4918 complecti,

2214 4847 2399 4902 τούτου
2436 4848 2822 4921 διαλαμϐάνειν
2859 4850 2995 4921 πρὸς
3023 4848 3295 4904 ἀντίθεσιν
3322 4849 3423 4920 τῆς
3451 4849 3618 4903 αὐτοῦ
3659 4849 3791 4903 πολ-

441 4938 449 4944 ’
519 4945 720 5016 quibus
771 4943 1065 5016 depravata
1107 4942 1254 4997 illius
1308 4939 1663 5011 intelligentia
1713 4955 1776 4996 ac
1829 4948 2017 4997 senten

2213 4939 2307 5011 λῆς
2352 4942 2880 5013 παραπεποιημένης
2912 4941 3178 5006 διανοίας;
3215 4934 3380 5005 Οὗτος
3423 4939 3480 4994 δὲ
3517 4940 3790 5012 γηραλέος

519 5035 837 5094 refellatur!
879 5036 1146 5093 Caeterum
1196 5035 1298 5090 iste
1348 5042 1588 5090 extrema
1637 5041 1917 5090 senectute
1948 5049 2096 5089 mor-

2212 5033 2473 5088 ὲτελεύτα.
2509 5033 2891 5106 Συνεγράψατο
2943 5033 2999 5087 δὲ
3041 5033 3366 5105 Ἑλληνικῶς
3394 5049 3453 5085 τε
3484 5038 3577 5086 καὶ
3612 5033 3789 5101 Δίγυ-

518 5139 647 5186 ιιιιιε
673 5139 778 5195 εει,
811 5145 876 5186 ac
913 5128 1100 5185 Graeca
1131 5127 1564 5200 lEgyptiacaque
1593 5126 1776 5199 lingua
1806 5127 2095 5199 quamplu-

2213 5123 2478 5188 πτιακῶς,
2519 5123 2928 5197 ἐξηγησάμενος
2973 5124 3067 5178 καὶ
3099 5123 3364 5190 συντάξας
3387 5124 3486 5193 τῆς
3517 5123 3790 5196 Ἐξαημέ-

517 5223 656 5285 rima
701 5222 942 5294 scripsit.
983 5221 1128 5276 Inter
1189 5229 1384 5276 caetera
1427 5219 1875 5285 commentarios,
1909 5229 1962 5274 et
2010 5221 2094 5273 lu-

2211 5234 2298 5287 ρου
2339 5217 2540 5289 μύθους
2577 5217 2730 5280 τινὰς
2758 5217 3123 5290 πλασάμενος,
3156 5219 3250 5272 καὶ
3287 5217 3597 5289 κομπώδεις
3617 5218 3788 5290 άλλη-

515 5315 870 5372 cubrationes
913 5315 981 5372 de
1026 5329 1190 5386 opere
1237 5330 1332 5370 sex
1375 5313 1606 5380 dierum,
1650 5313 1850 5384 quibus
1882 5311 2092 5370 fabulas

2207 5311 2410 5381 γορίας.
2461 5311 2554 5374 Εἰς
2605 5310 2738 5364 ἄλλα
2781 5311 2838 5364 δὲ
2879 5311 3065 5364 πόσα⁶
3115 5311 3221 5364 ἀπὸ
3265 5310 3364 5381 τῆς
3405 5311 3627 5382 Γραφῆς
3660 5328 3784 5364 συν-

515 5407 808 5463 nonnullas
839 5413 893 5461 et
944 5405 1269 5460 vanissimas
1297 5403 1586 5476 allegorias
1612 5409 1956 5458 commentus
1985 5412 2089 5458 est.

2202 5401 2377 5466 έταξε,
2412 5400 2659 5471 ψαλμοὺς
2687 5419 2746 5454 τε
2790 5401 3018 5465 πολλοὺς
3073 5403 3434 5474 νεοηερικοὺς
3482 5403 3779 5458 ἐπλάσατο.

513 5496 737 5553 Necnon
775 5503 830 5551 et
859 5496 962 5550 alia
996 5495 1242 5566 quaedam
1271 5509 1338 5550 ex
1367 5493 1542 5550 sacris
1574 5493 1890 5563 deprompta
1925 5491 2090 5548 Litte-

2209 5494 2500 5565 Ἐμψύχων
2551 5511 2609 5546 τε
2653 5493 2838 5548 πολλοὶ
2889 5493 2950 5559 ἐξ
2999 5493 3180 5548 αὐτῶν
3230 5495 3290 5547 οὐ
3338 5494 3627 5565 μετέχουσι
3671 5497 3780 5551 τῶν

513 5588 590 5647 ris
621 5607 635 5645 :
667 5588 866 5660 quibus
893 5597 947 5644 et
972 5589 1212 5661 psalmos
1237 5585 1504 5659 quosdam
1537 5586 1774 5641 novitios
1805 5599 1834 5639 a
1866 5600 1925 5640 se
1957 5600 2089 5641 con-

2201 5587 2463 5658 ἀληθινῶν
2485 5586 2663 5640 αὐτῶν
2698 5587 2789 5640 τοῦ
2818 5586 3106 5658 δόγματος.
3144 5586 3203 5641 '0
3233 5586 3290 5641 δὲ
3333 5588 3582 5659 Ἱέρακας
3613 5589 3778 5655 αὐτὸς

579 5835 598 5868 ι
639 5831 681 5887 ιι
711 5831 853 5889 Tim.
897 5849 956 5900 η,
978 5831 1030 5888 5.
1115 5832 1136 5863 ⁸
1170 5831 1327 5885 Rom.
1359 5845 1479 5898 vnn,
1503 5827 1593 5883 26.
1706 5831 1727 5864 ⁸
1761 5828 1927 5886 Hebr.
1960 5847 2056 5899 vn,
2091 5833 2145 5890 3.

1508 5827 1593 5883 26.
1706 5831 1727 5864 ⁸
1761 5828 1927 5886 Hebr.
1960 5847 2056 5899 vn,
2091 5833 2145 5890 5.
2215 5834 2236 5868 ⁸
2266 5835 2397 5890 ibid.
2468 5837 2488 5868 ⁵
2515 5835 2646 5892 ibid.
2723 5838 2743 5869 ⁸
2769 5834 2896 5892 For.
2932 5853 3085 5892 ποσα.
