3994 6226
531 375 636 435 179

1941 399 1995 454 8.
2040 401 2380 459 ΕΡΙΡΗΛΝΙΙ

3698 423 3803 479 180

527 493 684 550 venis
730 493 972 566 implevit
1020 507 1264 570 tempora
1321 505 1511 560 multa.
1583 511 1789 566 Placita
1826 517 1961 569 enim
1996 534 2094 571 era.

2214 522 2398 593 κρούς.
2440 525 2676 592 Ἀρεστή
2705 525 2817 595 γὰρ
2843 522 2920 597 ἦν
2954 531 3147 597 Κιιρίῳ
3171 530 3209 598 ἠ
3238 531 3408 601 ψυχὴ
3447 535 3668 588 αὐτοῦ·
3702 536 3800 592 διὰ

525 581 757 638 Domino
789 587 970 640 anima
999 588 1144 644 illius
1173 607 1192 644 :
1223 605 1498 662 propterea
1543 598 1808 666 festinavit
1834 621 1952 658 eum
1981 608 2110 660 edu-

525 690 640 728 cere
685 677 749 729 de
791 678 961 732 medio
1014 681 1236 736 malitia:
1271 684 1308 738 ¹.
1344 686 1484 752 Quin
1526 700 1582 744 et
1637 696 1779 764 apud
1818 696 2108 756 Jeremiam

523 763 792 822 Dominus
821 807 835 831 ,
866 769 1181 841 Antequam,
1210 775 1404 846 inquit,
1438 781 1491 833 in
1538 763 1686 837 utero
1723 785 2008 855 formarem
2040 800 2108 853 te,

514 859 644 913 novi
691 869 760 926 te,
804 871 854 915 et
911 872 1192 932 antequam
1251 871 1421 926 exires
1465 873 1530 927 de
1577 877 1749 950 vulva,
1783 883 2110 951 sanctiﬁcavi

510 963 558 1005 te
599 951 641 1005 ’.

593 1040 681 1136 ν.-
697 1042 802 1136 Sed
838 1046 906 1101 ad
939 1047 1275 1108 Salvatorem
1313 1055 1512 1125 ipsum,
1554 1066 1608 1114 et
1641 1075 1704 1117 os
1751 1063 1880 1118 illud
1912 1081 2107 1136 expers

518 1133 791 1190 mendacii
845 1141 1200 1212 omniumque
1254 1161 1434 1201 rerum
1481 1151 1790 1222 cognitione
1823 1133 2106 1224 praeditum

519 1225 828 1284 veniamus.
863 1229 1028 1285 Adsis
1062 1233 1247 1302 igitur,
1279 1251 1310 1290 ο
1362 1236 1606 1306 Domine,
1643 1250 1697 1298 et
1738 1245 2109 1316 intelligentia:

517 1326 726 1374 nostrae
760 1336 916 1392 opem
952 1323 1128 1382 ferens
1165 1326 1448 1384 Hieracam
1484 1331 1633 1389 illum
1677 1336 1906 1405 ejusque
1937 1344 2106 1392 teme-

520 1408 736 1466 ritatem
782 1429 965 1486 argue.
1013 1418 1374 1488 Accesserant,
1421 1423 1617 1494 inquit,
1665 1427 1734 1480 ad
1777 1428 1930 1482 illuni
1980 1445 2107 1498 pue-

517 1501 647 1567 ruli,
677 1514 733 1558 ut
765 1523 952 1562 manus
978 1509 1085 1564 illis
1124 1511 1408 1581 imponeret
1447 1515 1610 1589 714
1639 1535 1701 1572 ac
1745 1518 2064 1576 benediceret
2084 1537 2103 1586 ;

517 1593 771 1664 discipuli
815 1616 932 1654 vero
982 1604 1294 1670 repellebant
1343 1603 1462 1662 illos
1495 1620 1543 1662 et
1573 1611 1932 1678 prohibebant.
1987 1612 2106 1683 Ipse

518 1704 638 1745 vero
663 1690 800 1745 dixit
833 1693 941 1748 illis
972 1711 990 1747 :
1023 1695 1194 1751 Sinite
1232 1700 1500 1767 parvulos,
1531 1711 1582 1757 et
1631 1721 1694 1758 ne
1738 1706 2004 1773 prohibete
2033 1708 2104 1760 il-

518 1780 600 1834 los
638 1783 812 1837 venire
858 1790 926 1838 ad
975 1802 1073 1840 me.
1124 1788 1337 1844 Talium
1381 1793 1518 1846 enim
1561 1804 1636 1848 est
1681 1813 1896 1866 regnum
1949 1800 2105 1853 emto-

2212 614 2387 668 τοῦτο
2418 616 2727 671 ἔσπευσεν
2757 619 2827 672 ἐκ
2852 619 3047 688 μέσου
3085 625 3395 692 πονηρίας.
3438 626 3550 680 Kal.
3579 627 3659 698 τῷ
3704 631 3800 682 ἰε-

2215 709 2378 777 ρεμίᾳ
2409 709 2572 778 φησιν
2603 707 2632 759 ὁ
2667 709 2870 782 Κύριος
2889 728 2904 743 ·
2939 712 3057 781 Πρύ
3095 714 3202 768 τοῦ
3227 732 3306 784 με
3337 717 3572 772 πλάσαι
3622 737 3698 773 σε
3727 721 3799 774 ἐν

2211 799 2426 865 κοιλίᾳ,
2463 801 2787 870 ἐπίσταμαί
2825 818 2918 869 σε,
2959 805 3056 859 καὶ
3093 807 3207 874 πρὸ
3254 808 3358 862 τοῦ
3401 809 3676 874 ἐξελθεῖν
3720 830 3797 867 σε

2211 887 2279 942 ἐκ
2309 889 2562 959 μήτρας,
2593 893 2814 964 ily-laud
2844 912 2938 950 σε.

2279 1072 2354 1124 Ε’.
2417 1073 2644 1145 ’Ἱδωμεν
2695 1076 2750 1130 δὲ
2790 1077 2952 1132 αὑτὸν
2993 1078 3086 1135 τὸν
3131 1082 3390 1154 Σωτῆρα,
3443 1083 3504 1137 τὺ
3556 1084 3796 1154 ἀψευδὲς

2210 1160 2402 1231 στόμα,
2438 1163 2498 1215 τὸ
2521 1165 2786 1232 γινῶσκον
2816 1167 2885 1221 τά
2912 1169 3110 1225 πάντα.
3141 1172 3334 1244 Δεῦρο.
3380 1173 3574 1246 Κύριε,
3605 1175 3793 1247 βοήθει

2206 1255 2272 1323 τῇ
2302 1253 2511 1327 διανοίᾳ
2559 1257 2717 1327 ἡμῶν
2739 1277 2753 1290 ·
2795 1258 3012 1330 ἔλεγξον
3045 1261 3101 1315 δὲ
3148 1264 3240 1318 τὸν
3288 1265 3526 1336 Ἰέρακα,
3563 1268 3658 1321 καὶ
3685 1269 3794 1337 τὴν

2206 1345 2386 1398 αὐτῶν
2445 1348 2797 1418 προπέτειαν.
2849 1352 3209 1423 Προσῆλθον
3263 1355 3443 1423 αὐτῷ,
3503 1358 3660 1429 φησὶ,
3719 1359 3796 1412 τὰ

2205 1439 2430 1505 παιδία,
2464 1441 2566 1496 ἵνα
2589 1441 2665 1510 θῇ
2683 1443 2885 1512 χεῖρας
2911 1446 3004 1498 ἐπ’
3036 1448 3188 1502 αὐτὰ
3224 1450 3323 1502 καὶ
3352 1451 3686 1520 εὺλογήσῃ.
3727 1454 3794 1505 οι

2204 1531 2273 1584 δὲ
2315 1535 2573 1602 μαθηταὶ
2625 1535 2973 1591 ἀπωθοῦντο
3016 1540 3194 1601 αὐτὰ,
3233 1540 3334 1596 καί
3369 1541 3658 1598 ἐκώλυον.
3729 1543 3793 1598 '0

2203 1621 2272 1676 δὲ
2303 1622 2452 1690 πρὸς
2488 1626 2709 1692 αὐτοὺς
2741 1627 2857 1696 ἔφη
2878 1645 2892 1658 ο
2925 1631 3140 1698 ’Ἄφετε
3171 1631 3243 1686 τὰ
3276 1633 3502 1698 παιδία,
3553 1636 3655 1688 καί
3699 1636 3790 1706 μὴ

2204 1714 2463 1768 κωλύετε
2499 1715 2652 1770 αὐτὰ
2679 1717 2876 1772 ἐλθεῖν
2903 1721 3052 1789 πρός
3083 1739 3180 1791 με.
3219 1722 3340 1776 Τῶν
3367 1727 3476 1794 γὰρ
3504 1728 3794 1782 τοιούτων

2203 1801 2376 1857 ἐστὶν
2426 1805 2466 1873 ἡ
2507 1805 2797 1870 ,ϐασιλεία
2841 1807 2964 1862 τῶν
3019 1811 3312 1878 οὐρανῶν.
3379 1813 3490 1868 Καὶ
3548 1815 3637 1869 ἵνα
3710 1817 3792 1886 μὴ

517 1886 639 1924 rum
683 1871 723 1926 ³.
770 1871 876 1928 Sed
923 1891 993 1931 ne
1039 1879 1389 1946 puerulorum
1426 1886 1824 1951 tantummodo,
1877 1902 1941 1942 ac
1991 1905 2094 1944 non

2206 1894 2364 1964 μόνον
2406 1871 2706 1968 παιδαρίων
2749 1901 2913 1972 νοηθῇ
2969 1903 3001 1973 ἡ
3061 1871 3307 1973 βασιλεία
3358 1906 3465 1960 τῶν
3514 1871 3789 1975 οὐρανέ-ι,

517 1962 743 2032 reliquae
770 1967 948 2023 artatis
973 1969 1194 2025 cceleste
1217 1986 1444 2042 regnum
1475 1989 1596 2030 esse
1619 1978 1988 2047 crederemus,
2019 1983 2100 2037 sic

517 2054 590 2110 ab
620 2057 728 2114 illis
760 2073 988 2116 exorsus
1020 2070 1124 2127 est,
1157 2071 1218 2118 ut
1246 2079 1589 2123 communem
1621 2083 1744 2124 eum
1775 2069 1841 2127 iis
1872 2073 2101 2129 haeredi-

514 2151 684 2201 tatem
728 2147 940 2204 illorum
985 2152 1256 2211 similibus
1299 2156 1579 2214 tribueret.
1613 2156 1732 2214 Jam
1769 2176 1896 2217 vero
1930 2164 1977 2218 si
2011 2164 2099 2222 his

515 2236 675 2307 ipsis,
709 2240 800 2310 qui
827 2243 1076 2312 proxime
1111 2245 1180 2300 ad
1211 2247 1334 2304 iilos
1365 2251 1719 2321 accesserint,
1758 2254 1981 2314 caeleste
2009 2273 2098 2314 re-

513 2344 680 2400 gnum
710 2334 1080 2404 promittitur:
1111 2347 1318 2408 quanto
1354 2340 1409 2397 id
1442 2343 1545 2414 ipsi
1583 2345 1758 2416 magis
1797 2361 2086 2419 assequen-

515 2427 606 2475 tur
639 2438 652 2476 :
689 2437 919 2492 quorum
955 2426 1023 2482 ad
1049 2431 1325 2501 exemplar
1354 2447 1420 2488 ac
1463 2436 1819 2508 archetypum
1847 2442 2096 2510 expressi

511 2521 644 2569 sunt
676 2515 807 2571 alii?
830 2518 982 2576 Adeo
1018 2521 1205 2578 nullus
1250 2524 1412 2582 istius
1459 2526 1655 2583 fabulae
1697 2530 1852 2587 locus
1883 2541 1969 2589 est
2009 2548 2095 2589 re-

510 2605 693 2663 lictus.
727 2607 983 2666 Omnium
1011 2614 1212 2685 quippe
1241 2617 1534 2673 miseretur
1560 2616 1826 2677 Dominus
1859 2641 1872 2677 :
1906 2622 2098 2680 Custo-

512 2697 662 2752 diens
717 2701 854 2754 enim
904 2704 1153 2768 parvulos
1203 2704 1462 2763 Dominus
1509 2709 1550 2762 ⁸.
1602 2707 1734 2766 Item
1779 2729 1792 2766 :
1832 2711 2093 2783 Laudate,

509 2789 679 2856 pueri,
715 2789 1052 2850 Dominum'.
1071 2795 1276 2855 Deinde
1308 2800 1658 2869 praedicatum
1677 2804 1808 2861 illud
1840 2821 1870 2860 a
1904 2810 2090 2878 pueris

509 2890 597 2938 est
622 2903 636 2937 :
663 2884 982 2942 "osannaiu
1005 2888 1242 2945 excelsis.
1273 2889 1585 2948 Benedictus
1616 2897 1708 2967 qui
1743 2899 1875 2954 venit
1907 2899 1962 2954 in
1993 2917 2090 2958 no-

2201 1988 2297 2038 καὶ
2330 1986 2450 2057 οὐχὶ
2477 1988 2570 2040 ἐπὶ
2598 1991 2776 2043 πᾶσαν
2804 1993 3041 2064 ἡλικίαν,
3080 1995 3175 2049 ἀπ’
3215 1996 3396 2050 αὐτῶν
3431 1997 3528 2067 μὲν
3553 1998 3654 2069 τὴν
3684 1999 3791 2068 ἀρ-

2201 2077 2591 2150 χὴνδάρχεται,
2625 2086 2738 2146 τοῖς
2783 2083 2840 2138 δὲ
2873 2085 3079 2155 ὁμοίοις
3113 2088 3293 2142 αὐτῶν
3324 2088 3623 2160 δεδώρηται
3661 2094 3788 2161 μετ’

2199 2165 2378 2220 αὐτῶν
2410 2167 2554 2239 ἔχειν
2581 2171 2681 2238 τὴν
2713 2172 3101 2245 κληρονομίαν.
3139 2177 3202 2231 Ei
3225 2178 3335 2249 γάρ
3359 2180 3406 2232 οἱ
3442 2180 3561 2234 κατ’
3583 2180 3791 2246 αὐτοὺς

2201 2255 2502 2346 βασιλεύειν
2546 2262 2752 2333 ἔχουσι,
2809 2267 2960 2339 πόσῳ
2989 2285 3052 2338 γε
3110 2271 3311 2341 μᾶλλον
3369 2272 3419 2325 oi
3482 2274 3790 2344 ἀρχέτυποι

2196 2352 2304 2407 τῶν
2338 2359 2460 2408 κατ’
2493 2353 2688 2418 αὐτοὺς
2727 2358 3110 2432 ὐπαρχόντωνς
3149 2363 3258 2417 Καὶ
3293 2365 3582 2420 πέπτωκεν
3612 2367 3787 2422 αὑτοῦ

2196 2446 2226 2499 ὁ
2269 2447 2520 2518 μυθώδης
2551 2450 2730 2520 λόγος.
2777 2450 2995 2520 Πάντας
3027 2455 3136 2528 γὰρ
3166 2458 3308 2512 ἐλεεῖ
3333 2459 3362 2513 b
3395 2457 3617 2532 Κύριος.
3659 2462 3787 2514 Φυ-

2195 2539 2451 2591 λασσων
2481 2539 2590 2610 γὰρ
2640 2542 2714 2596 τὰ
2754 2543 2944 2612 νήπια
2995 2548 3028 2600 d
3073 2548 3320 2616 Κύριος-ο
3369 2548 3485 2610 καὶ,
3532 2548 3783 2608 Αίνεῖιηε.

2196 2626 2425 2695 παῖδες,
2455 2631 2690 2698 Κύριον.
2728 2634 2839 2688 Καὶ
2864 2635 2934 2688 τὰ
2957 2637 3146 2690 παιδία
3171 2637 3446 2710 ἐκήρυξαν
3469 2657 3483 2672 ο
3519 2640 3787 2695 Ὡσαννὰ

2195 2717 2266 2771 ἐν
2299 2718 2422 2785 τοῖς
2463 2721 2766 2790 ὑψίστοις.
2830 2727 3255 2797 Εὐλογημένος
3283 2731 3316 2783 ὁ
3348 2729 3665 2800 ἐρχόμενος
3709 2730 3788 2785 ἐν

2195 2811 2438 2882 ὀνόματι
2452 2815 2674 2882 Κυρίου
2687 2830 2703 2845 '
2722 2815 2838 2885 καὶ,
2871 2818 2972 2873 Ἐκ
2997 2819 3294 2891 στόματος
3306 2824 3539 2891 νηπίων
3559 2821 3664 2879 καί
3675 2824 3787 2891 θη-

2194 2903 2494 2964 λαζόντων
2507 2910 2844 2988 κατηρτίσω
2869 2905 3064 2968 uiror.
3091 2913 3199 2967 Καὶ
3223 2913 3362 2968 πόσα
3387 2915 3504 2968 ἐστὶ
3521 2913 3780 2988 τοιαῦτα;

509 2976 650 3031 mine
691 2975 901 3034 Domini
929 2980 970 3035 ⁸.
1042 2981 1174 3038 Item
1233 3003 1248 3039 :
1289 2984 1374 3039 Ex
1417 3003 1506 3044 ore
1551 2989 1834 3060 infantium
1889 3003 1939 3048 et
1998 2996 2302 3052 lactentium
2338 2980 2604 3070 ρει-[τάδιὶ
2648 2975 2866 3058 laudem
2918 3004 2961 3058 ⁷.
3022 3003 3178 3061 Mitto
3227 3005 3332 3060 alia
3377 3007 3498 3079 ejus
3560 2975 3785 3078 generis

506 3069 744 3128 infinita.

579 3167 670 3223 Vl.
698 3170 777 3226 Ad
810 3173 994 3229 carnis
1034 3190 1164 3231 vero
1203 3182 1660 3238 resurrectionem
1689 3185 1836 3255 quod
1871 3186 2084 3254 attinet,

2263 3190 2360 3256 σε.
2403 3189 2541 3260 Περὶ
2571 3188 2627 3242 δὲ
2662 3188 2863 3261 σαρκὸς
2883 3189 3251 3257 ἀναστάσεως,
3284 3189 3403 3254 πῶς
3423 3189 3542 3262 οὐχὶ
3576 3189 3786 3264 σαρκὸς

506 3275 694 3317 nonne
751 3268 1043 3322 convenire
1097 3269 1188 3322 illa
1245 3273 1396 3326 carni
1458 3274 1650 3341 debet,
1705 3291 1739 3330 ο
1793 3278 2090 3334 vanissime

507 3352 762 3416 Hicraca,
792 3371 914 3410 cum
938 3368 991 3413 et
1035 3359 1151 3430 ipsa
1179 3362 1435 3432 loquendi
1470 3368 1611 3422 ratio
1639 3369 1774 3424 satis
1810 3371 1916 3425 vim
1946 3372 2091 3428 illius

508 3445 743 3512 arguat?
766 3444 974 3502 Etenim
1006 3455 1336 3509 resurrectio
1362 3454 1428 3511 de
1451 3471 1516 3512 eo
1549 3473 1656 3514 non
1697 3459 1920 3523 dicitur,
1946 3463 2092 3532 quod

507 3535 736 3591 minime
764 3539 1044 3595 ceciderit.
1092 3539 1361 3607 Quidnam
1412 3549 1578 3618 igitur
1624 3552 1756 3607 illud
1812 3564 1899 3610 est
1946 3555 2090 3626 quod

507 3630 727 3695 cecidit,
765 3633 908 3702 quod
945 3636 1214 3704 sepultum
1246 3647 1330 3695 est
1375 3649 1537 3711 atque
1571 3641 1918 3709 dissolutum,
1955 3664 2093 3719 prae-

507 3723 759 3790 terqua’m
783 3727 1020 3795 corpus?
1052 3725 1237 3797 Neque
1267 3729 1413 3784 enim
1462 3731 1531 3787 de
1571 3733 1751 3788 anima
1797 3735 1904 3792 dici
1945 3738 2092 3794 istud

507 3823 710 3886 potest,
751 3833 871 3888 illia:
912 3833 1086 3890 neque
1133 3822 1346 3888 cadere,
1387 3841 1561 3896 neque
1602 3830 1843 3897 separari
1891 3838 2088 3901 potest.

508 3906 674 3963 Plura
728 3911 833 3964 alia
895 3911 963 3966 de
1025 3926 1089 3966 ea
1139 3927 1198 3968 re
1235 3913 1504 3986 disputari
1548 3930 1799 3988 possunt,
1832 3922 1927 3977 sed
1977 3923 2094 3978 haec

507 4014 722 4056 summa
771 4010 891 4059 esto
935 4018 950 4055 :
1005 4003 1461 4064 resurrectionem
1503 4025 1842 4082 nequaquam
1897 4015 2093 4069 anima:

506 4093 696 4160 tribui,
727 4096 824 4152 sed
865 4112 1067 4169 corpus
1103 4116 1226 4156 esse
1269 4101 1415 4172 quod
1456 4107 1713 4176 resurgit.
1768 4104 1923 4171 Quod
1964 4121 2092 4162 vero

505 4185 576 4242 de
634 4181 898 4246 electione
953 4192 1108 4262 plura
1169 4194 1340 4260 dicit,
1395 4209 1502 4264 qua
1562 4195 1814 4252 Salvator
1865 4198 2094 4270 virgini-

505 4285 696 4344 tatem,
743 4282 1136 4338 continentiam
1196 4293 1250 4339 et
1287 4286 1669 4340 castimoniam
1715 4288 1925 4358 elegit:
1967 4288 2092 4358 quis

505 4369 612 4424 hoc
652 4386 760 4425 non
810 4368 1080 4446 intelligit,
1116 4376 1184 4430 de
1220 4375 1408 4432 eodem
1449 4376 1662 4433 delectu
1695 4379 1915 4449 gloriari
1951 4395 2091 4450 quo-

507 4477 615 4532 que
639 4473 906 4530 sanctam,
935 4468 1258 4522 catholicam
1288 4476 1341 4524 et
1375 4471 1734 4540 apostolicam
1758 4471 2092 4529 Ecclesium?

508 4550 616 4609 Sed
645 4554 832 4610 eadem
863 4557 1220 4614 nihilominus
1249 4568 1302 4613 et
1328 4574 1423 4616 eos
1448 4576 1685 4632 quoque,
1717 4563 1815 4632 qui
1845 4563 2086 4619 honestis

505 4645 715 4717 nuptiis
748 4646 936 4718 illigati
968 4657 1116 4715 sunt,
1146 4665 1247 4720 pro
1289 4653 1376 4706 sui
1428 4653 1744 4707 conditione
1781 4661 1978 4716 status,
2017 4654 2085 4709 ad

506 4738 738 4794 salutem
765 4740 1049 4809 pervenire
1081 4757 1242 4811 posse
1271 4758 1379 4797 non
1413 4743 1646 4797 dubitat.
1693 4743 1828 4798 Nam
1862 4761 2085 4800 venera-

504 4829 645 4887 biles
667 4846 791 4888 esse
820 4833 1040 4902 nuptias
1067 4835 1110 4898 ⁸,
1140 4849 1203 4889 ac
1233 4833 1326 4889 Dei
1360 4835 1636 4906 aspirante
1660 4836 1835 4907 gratia
1864 4837 2085 4894 caeleste

503 4936 732 4994 regnum
765 4924 1012 4981 obtinere
1041 4928 1164 4996 quis
1191 4926 1273 4982 vel
1300 4941 1368 4982 ex
1398 4940 1466 4982 eo
1493 4941 1600 4982 non
1627 4936 1906 4999 agnoscat,
1936 4929 2082 4999 quod

502 5011 572 5067 ad
603 5013 822 5083 nuptias
853 5014 1114 5071 invitatus
1139 5013 1389 5071 Salvator
1423 5015 1540 5086 ipse
1571 5014 1754 5086 fuerit,
1795 5025 1856 5073 ut
1889 5018 1955 5074 iis
1983 5019 2081 5074 be-

500 5104 815 5160 nediceret‘l
841 5106 995 5172 Quod
1030 5107 1076 5162 si
1107 5114 1222 5161 tum
1253 5107 1461 5179 nuptiis
1502 5108 1767 5166 interesse
1795 5111 2078 5178 noluisset,

501 5196 818 5253 earumdem
859 5212 1085 5255 eversor
1124 5198 1338 5265 fuisset,
1370 5215 1471 5256 nec
1507 5217 1950 5274 unumquemque
1982 5219 2083 5276 pro

499 5300 598 5341 sua
633 5285 1006 5342 imbecillitate
1036 5286 1269 5358 benigne
1301 5294 1464 5359 atque
1500 5288 1848 5360 indulgenter
1887 5289 2083 5345 admit-

497 5385 617 5433 tere
642 5409 644 5414 -
670 5384 978 5448 putaretur.
1039 5375 1400 5443 Quamobrem
1469 5381 1806 5436 venerabiles
1876 5383 2081 5452 nuptiae

501 5475 652 5532 sunt,
683 5483 808 5523 cum
838 5483 934 5524 eas
979 5468 1098 5539 ipse
1135 5468 1499 5526 constituerit.
1535 5471 1769 5544 Ideoque
1795 5481 1851 5529 et
1887 5473 2080 5530 adesse

501 5557 698 5615 iisdem
723 5559 916 5626 voluit,
947 5569 1007 5614 ut
1031 5575 1220 5633 eorum
1250 5575 1346 5618 ora
1377 5563 1732 5634 praeluderet
1760 5565 1853 5636 qui
1889 5576 2078 5620 contra

524 5759 591 5831 ,__'
635 5751 763 5831 S_ap.
794 5753 1012 5831 iv,_H_._
1066 5754 1218 5831 "lar.
1252 5771 1290 5821 ι,
1457 5757 1478 5788 ³
1501 5755 1693 5831 Matth.
1725 5773 1838 5820 χιχ,
1872 5758 1967 5831 15,
1993 5759 2089 5831 Η.

2198 5756 2340 5815 Psal.
2383 5775 2526 5821 στιν.
2555 5763 2605 5819 6.
2685 5766 2704 5798 ⁵
2731 5763 2874 5821 Psal.
2901 5777 3036 5831 οιιιι,
3079 5769 3122 5822 l.

2193 3279 2347 3335 ἔσται
2392 3282 2709 3346 ἀνάστασις,
2753 3275 2800 3336 ὦ
2845 3281 3394 3356 ὲθελόσοφεῚέρακας
3425 3283 3572 3354 Αὑτὴ
3599 3283 3709 3355 γὰρ
3744 3287 3782 3356 ἡ

2193 3374 2457 3445 ὀνομασία
2489 3375 2589 3446 τῆς
2618 3373 2872 3446 φράσεως
2911 3375 3152 3430 δείκνυσι
3184 3375 3283 3447 τὴν
3321 3374 3568 3447 δῦναμιν.
3616 3377 3784 3430 Ἀνά-

2196 3483 2383 3530 στασις
2415 3466 2522 3540 γὰρ
2560 3467 2620 3521 οὐ
2665 3467 2907 3523 καλεῖται
2937 3466 3031 3522 τοῦ
3078 3468 3154 3540 μὴ
3189 3469 3556 3532 πεπτωκότος.
3619 3471 3784 3524 Ποῐον

2193 3556 2250 3610 δέ
2287 3556 2401 3612 ἐστί
2428 3556 2490 3611 τὸ
2523 3559 2722 3624 πεσὸν;
2772 3561 2922 3613 ποῖον
2955 3558 3029 3621 ,τὸ
3073 3558 3279 3629 ταφέν;
3329 3561 3480 3612 ποῖον
3531 3559 3582 3613 τὸ
3618 3559 3784 3615 λυθὲν

2193 3647 2310 3700 ἀλλ’
2343 3647 2377 3718 ἦ
2406 3647 2465 3700 τὸ
2500 3647 2678 3718 σῶμα,
2735 3647 2830 3700 καὶ
2872 3649 2969 3718 οὐχ
3015 3649 3048 3719 ἡ
3083 3647 3270 3719 ψυχή;
3308 3648 3468 3719 Ψυχὴ
3507 3649 3687 3703 τοίνυν
3713 3650 3780 3703 οὐ

2195 3738 2402 3804 πίπτει,
2438 3738 2562 3792 οὔτε
2596 3739 2880 3794 θάπτεται.
2925 3741 3035 3794 Καὶ
3084 3741 3229 3795 πόσα
3269 3741 3388 3794 ἐστὶ
3421 3742 3546 3813 περὶ
3583 3741 3781 3794 τούτου

2194 3831 2403 3899 λέγειν;
2461 3831 2657 3902 Ψυχῆς
2709 3832 2818 3902 γὰρ
2849 3832 2910 3884 οὐ
2945 3832 3191 3886 καλεῖται
3249 3833 3576 3897 ἀνάστασις,
3641 3834 3784 3888 ἀλλὰ

2197 3921 2356 3992 σῶμά
2393 3922 2510 3974 ἐστι
2552 3921 2613 3975 τὸ
2660 3922 3031 3994 ἐγειρόμενον.
3072 3925 3209 3996 Περὶ
3261 3925 3318 3979 δὲ
3353 3925 3452 3996 τῆς
3484 3926 3781 3997 ἀναλογῆς,

2193 4006 2262 4083 ἧς
2324 4007 2488 4083 ἦλθεν
2544 4014 2574 4066 ὁ
2622 4013 2812 4084 Σωτὴρ
2873 4013 3238 4081 ἀναλέξασθαι
3301 4015 3626 4086 παρθενίαν,
3682 4016 3782 4070 καὶ

2194 4104 2542 4176 ἐγκράτειαν,
2579 4106 2674 4157 καὶ
2715 4105 2959 4174 ἁγνείαν,
3004 4106 3114 4160 τίνι
3151 4107 3248 4160 οὐκ
3303 4106 3418 4160 ἔστι
3470 4107 3652 4178 δῆλον,
3693 4108 3782 4164 ὅτι

2195 4193 2341 4248 ἐστιν
2365 4196 2562 4266 ἐκλογὴ
2598 4185 2691 4250 καὶ
2717 4197 2826 4267 ,τῆς
2847 4199 3014 4268 ⁴ἁγίας
3041 4198 3336 4271 καθολικῆς
3366 4202 3460 4253 καὶ
3488 4201 3782 4254 ἀποστολι-

2194 4284 2297 4354 κῆς
2335 4285 2660 4358 Ἑκκλησίας
2685 4285 2944 4358 καύχημα
2964 4288 3057 4341 καὶ
3087 4289 3213 4352 τοὺς
3235 4289 3255 4320 ⁹
3280 4291 3338 4342 ὲν
3367 4289 3550 4361 σεμνῷ
3575 4291 3777 4362 γάμῳς

2195 4379 2468 4434 Ἐκαστον
2521 4379 2631 4448 γὰρ
2679 4377 2822 4431 κατὰ
2873 4378 2934 4431 τὸ
2965 4378 3096 4432 ίδιον
3139 4379 3326 4451 τάγμα
3359 4379 3552 4446 σώζειν
3591 4381 3778 4436 εἴωθε.

2192 4467 2320 4532 Πῶς
2344 4467 2453 4540 γάρ
2477 4468 2577 4521 οὐκ
2608 4467 2760 4521 ἔσται
2785 4467 2965 4539 τίμιος
2993 4471 3021 4523 ὁ
3050 4472 3246 4541 γάμος,
3281 4472 3373 4524 καὶ
3407 4474 3463 4525 ὲν
3491 4472 3610 4544 Θεῷ
3637 4473 3780 4544 ἔχων

2191 4558 2288 4630 τὴν
2327 4558 2434 4614 τῶν
2461 4560 2704 4631 οὐρανῶν
2739 4559 3040 4631 βασιλείαν,
3086 4562 3249 4615 ὁπότε
3301 4563 3610 4635 κέκληταιό
3662 4567 3780 4619 Σω-

2190 4649 2294 4720 τὴρ
2325 4651 2405 4714 εἰς
2438 4650 2670 4722 γάμους,
2703 4651 2788 4704 ἵνα
2835 4652 3105 4726 εὐλογήσῃ
3135 4653 3346 4725 γάμον;
3395 4655 3462 4708 Εἰ
3513 4655 3614 4726 μὲν
3661 4656 3777 4728 γὰρ

2191 4743 2549 4814 παρῃτήσατο
2577 4745 2657 4807 εἰς
2679 4744 2856 4814 γάμον
2886 4745 3132 4810 εἰσιέναι,
3166 4746 3274 4818 ἄρα
3301 4747 3480 4818 γάμου
3505 4743 3574 4817 ἧν
3607 4765 3779 4802 κατα-

2191 4833 2373 4905 λυτὴς,
2404 4835 2497 4888 καὶ
2521 4835 2620 4889 οὐκ
2645 4835 3043 4907 ἀποδεχόμενος
3071 4837 3300 4891 ’ἑκαστον
3345 4837 3489 4892 κατὰ
3522 4839 3779 4908 συγγνώ-

2193 4944 2300 4998 μην
2350 4927 2452 4996 τῆς
2497 4927 2662 4982 αὑτοῦ
2708 4927 3014 4992 ἀσθενείας.
3050 4928 3245 5000 Τίμιος
3275 4929 3454 4985 τοίνυν
3507 4932 3536 4984 ὁ
3571 4931 3773 5002 γάμος,

2186 5018 2269 5071 ὅτι
2303 5017 2464 5082 αὐτὸς
2494 5018 2654 5072 αὑτὸν
2680 5017 2870 5090 ὥρισε.
2907 5019 3000 5072 Διὸ
3028 5020 3392 5091 παραγίνεται
3436 5023 3520 5085 εἰς
3568 5024 3772 5093 γάμον,

2189 5109 2275 5163 ἵνα
2313 5110 2493 5182 φράξῃ
2533 5110 2603 5165 τὰ
2642 5111 2886 5182 στόματα
2917 5111 3025 5166 τῶν
3049 5111 3312 5180 λεγόντων
3339 5113 3482 5167 κατά
3509 5114 3609 5186 τῆς
3637 5115 3776 5184 άλη-

2188 5201 2359 5264 θείας.
2408 5202 2556 5255 Ἐκεῖ
2574 5202 2684 5273 γὰρ
2713 5201 2928 5272 πρῶτον
2962 5205 3186 5273 σημεῖον
3214 5203 3470 5275 ἐπτοίησεν
3495 5207 3524 5258 ὁ
3562 5205 3774 5276 Ἰησοῦς

2188 5294 2245 5345 ὲν
2275 5293 2432 5346 Κανᾶ
2461 5293 2560 5364 τῆς
2593 5293 2885 5357 Γαλιλαίας
2914 5293 2977 5348 τὸ
3013 5294 3157 5367 ὕδωρ
3189 5292 3331 5349 οἶνον
3363 5298 3614 5369 ποιήσας.
3679 5298 3773 5360 Ὦς

2188 5386 2296 5458 γὰρ
2327 5387 2594 5440 ἀνέτειλεν
2639 5386 2747 5440 ἀπὸ
2782 5387 3080 5459 Παρθένου,
3113 5388 3200 5443 ἵνα
3243 5388 3392 5460 δείξῃ
3423 5390 3484 5442 τὸ
3512 5389 3627 5458 φῶς
3657 5390 3772 5442 ἀπὸ

2189 5473 2466 5544 Παρθένου
2518 5475 2804 5530 ἀνατεῖλαν
2854 5478 2921 5548 τῇ
2972 5477 3300 5549 οἰκουμένῃ’
3361 5477 3504 5532 οὕτω
3555 5480 3650 5532 xa‘t
3701 5479 3769 5533 τὸ

2189 5564 2406 5636 πρῶτον
2441 5570 2665 5638 σημεῖον
2694 5570 2774 5632 είς
2802 5567 3014 5638 γάμους
3044 5569 3340 5640 πεποίηκεν
3371 5569 3429 5622 ὲν
3468 5569 3626 5640 Κανᾷ
3661 5569 3766 5642 τῆς

3239 5766 3259 5797 ⁸
3284 5765 3476 5820 Matth.
3511 5765 3730 5828 “1J6.

504 5823 688 5882 'l’sal.
714 5837 834 5884 vul,
864 5825 932 5892 5;
966 5823 1156 5880 Matth.
1191 5841 1301 5892 χιιι,
1345 5827 1430 5881 16.
1511 5829 1532 5861 ⁸
1572 5826 1738 5886 llebr.
1784 5844 1904 5896 xm,
1945 5829 1996 5883 4.
2075 5829 2094 5862 ’

2198 5844 2258 5883 η’.
2295 5832 2387 5885 καὶ
2409 5836 2539 5893 τοῖς.
