3994 6226
277 373 380 440 {Si

870 382 1248 442 ADVERSUS'
1277 385 1623 445 HIERESES
1663 384 1789 443 ιλιι.
1843 386 1908 442 ll.
1953 383 2121 442 TDM‘.‘
2159 384 2604 444 Il.-—HA£RES.
2647 384 2850 444 LXVII.

3453 380 3578 437 183'

273 501 591 565 Γαλιλαίας,
621 500 708 554 ἵνα
738 500 837 573 τὴν
871 503 969 574 μὲν
1016 503 1316 577 παρθενίαν
1358 508 1568 582 τιμήσῃ
1605 505 1694 560 διά
1726 506 1864 560 ἀπο-

1986 503 2254 560 veritatem
2275 482 2582 575 disputant.
2616 504 2758 570 Quin
2787 511 2844 559 et
2873 501 2982 556 illic
3026 499 3167 571 apud
3211 498 3412 554 Canam
3444 496 3555 553 Gaio
3593 537 3603 582 ἔ

275 595 531 666 κυήσεως
563 595 659 648 καὶ
696 595 874 663 φωτὸς
909 596 1070 669 βολῆς
1101 598 1204 669 τῆς
1249 599 1316 652 δι’
1366 600 1540 671 αὐτῆς
1583 598 1869 654 ἀνατειλά·

275 705 401 759 σης.
454 687 551 741 τὸν
587 687 646 742 δὲ
694 689 891 760 σεμνὸν
927 691 1102 763 γάμον
1139 693 1346 765 τιμήσῃ
1382 692 1469 747 διὰ
1517 690 1630 747 τῶν
1675 691 1868 763 θεοση-

277 779 474 849 μείων,
507 779 566 832 ὲν
599 781 713 842 τοῖς
760 778 963 850 γάμοις
1001 780 1218 852 πρῶτον
1254 780 1594 849 ἐπιτελέσας,
1631 780 1694 834 τὸ
1726 778 1871 852 ὕδωρ

186 901 224 944 γε
275 872 359 933 είς
390 871 632 942 ἄκρατον
666 871 1010 943 μεταϐαλών.
1076 872 1353 938 Ὡσαύτως
1394 873 1453 927 δὲ
1499 874 1549 927 εί
1591 871 1872 944 ἀλλότριος

201 953 228 962 “
273 952 348 1029 ἦν
377 958 407 1011 6
435 959 637 1030 γάμος,
673 960 791 1025 πῶς
825 961 1196 1032 παραγγέλλει
1225 965 1254 1017 6
1284 963 1394 1018 τῶν
1419 961 1589 1017 ἐθνῶν
1613 962 1873 1016 διδάσκα-

276 1048 392 1114 λος,
422 1050 500 1110 ὡς
539 1051 687 1120 λέγει
710 1067 734 1085 τ
779 1053 1084 1123 Νεωτέρας
1137 1055 1331 1125 χήρας
1361 1053 1671 1124 παραιτοῦ.
1715 1053 1876 1109 Μετὰ

275 1140 390 1210 τὰρ
445 1139 514 1194 τὸ
568 1144 1089 1213 καταστρηνιώσαι
1143 1146 1256 1201 τοῦ
1315 1145 1576 1214 Χριστοῦ
1596 1185 1611 1210 ,
1666 1145 1876 1216 γαμεῖν

275 1232 622 1298 ἐθέλουσιν,
636 1233 889 1303 ἔχουσαι
922 1235 1120 1306 κρῖμα,
1151 1236 1240 1290 ὅτι
1265 1235 1382 1306 τὴν
1403 1235 1877 1306 πρώτηνπιστιν

276 1321 628 1392 ἡθέτησαν;
687 1324 753 1377 Τί
806 1321 898 1379 οὖν
959 1343 1159 1399 φησιν;
1227 1327 1414 1383 Ἀλλὰ
1475 1329 1872 1398 γαμείτωσαν,

278 1416 852 1484 τεκνογονείτωσαν,
907 1418 1543 1475 οἱκοδεσποτείτωσαν.
1600 1422 1662 1475 Εἰ
1696 1423 1876 1476 τοίνυν

277 1504 456 1560 ταῦτα
490 1507 876 1579 παραδέχεται,
911 1509 1031 1575 πῶς
1070 1513 1221 1583 παρὰ
1271 1512 1406 1575 σοὶ,“
1441 1513 1678 1585 Ἱέρακά,
1715 1518 1744 1568 6
1773 1517 1874 1583 γά-

281 1614 384 1668 μος
413 1599 566 1652 ἐστὶν
595 1600 988 1672 ἐκϐαλλόμενος
1021 1605 1158 1679 μετὰ
1202 1604 1299 1676 τὴν
1326 1604 1590 1678 ἕνσαρκον
1633 1607 1872 1679 Χριστοῦ

279 1691 590 1760 παρουσίαν
608 1709 623 1759 ;

1969 594 2138 659 lilazaa,
2166 595 2402 666 primum
2426 595 2642 666 signum
2674 595 2871 650 fecitet
2900 595 2952 648 in
2980 593 3168 648 vinum
3197 605 3392 661 aquam
3424 604 3557 645 eou-
3665 626 3670 630 -

1967 687 2188 742 vertit'.
2240 686 2378 742 Nam
2427 695 2487 741 ut
2519 697 2674 743 ortus
2718 703 2782 743 ex
2821 685 2982 758 715
3016 685 3235 757 Virgine
3265 681 3462 746 fuerat,
3496 691 3558 737 ut

1968 780 2089 836 orbi
2119 789 2388 836 terrarum
2436 781 2726 836 excitatam
2775 795 2842 835 ex
2877 778 3097 850 Virgine
3143 778 3318 832 lucem
3367 784 3556 831 osten-
3595 769 3601 778 ’

1969 873 2124 930 deret
2155 891 2168 929 :
2202 873 2277 928 ita
2307 881 2361 930 et
2387 874 2622 944 primum
2656 872 2982 927 miraculum
3015 870 3331 940 nuptiarum
3356 867 3410 922 in
3438 883 3558 940 gra-

1973 968 2105 1022 tiam
2134 967 2278 1038 apud
2303 966 2508 1023 Canam
2546 965 2780 1020 Galilaeae
2811 963 2990 1024 facere
3017 962 3204 1018 voluit.
3235 961 3356 1028 Quo
3389 961 3554 1016 nimi-,-

1972 1077 2093 1116 rum
2129 1069 2183 1117 et
2210 1060 2514 1132 virginitati
2539 1075 2699 1118 suum
2732 1059 2824 1114 illo
2853 1063 3035 1128 partu,
3065 1055 3314 1125 lucisque
3335 1068 3467 1123 quat
3488 1067 3575 1107 er-

1972 1153 2062 1207 illa
2092 1153 2386 1223 prodierat,
2417 1151 2710 1207 emissione
2743 1149 3007 1204 honorem
3056 1147 3340 1207 tribueret,
3368 1150 3424 1200 et
3454 1144 3556 1197 ho-

1973 1249 2160 1298 nestas
2197 1243 2418 1314 nuptias
2464 1241 2728 1314 prodigiis
2770 1255 2833 1295 ac
2883 1238 3163 1294 miraculis
3211 1237 3554 1292 illustraret:

1975 1334 2174 1404 quibus
2203 1333 2438 1404 primum
2465 1333 2722 1388 mutanda
2758 1334 2812 1387 in
2843 1333 3029 1387 vinum
3063 1345 3204 1402 aqua
3234 1329 3561 1384 miraculum

1973 1432 2059 1480 est
2095 1426 2336 1480 molitus.
2374 1424 2452 1478 Ad
2494 1425 2608 1479 haec
2652 1424 2698 1480 si
2744 1423 3116 1480 abalienanda:
3159 1419 3336 1476 forent
3379 1420 3446 1474 ab
3495 1433 3562 1473 eo

1975 1519 2198 1590 nuptiae,
2226 1534 2489 1590 quorsum
2523 1519 2595 1573 ita
2624 1519 2864 1590 gentium
2910 1519 3170 1588 magister
3196 1515 3515 1587 prteciperct
3544 1532 3559 1567 :

1974 1610 2224 1666 Iuniores
2272 1611 2458 1666 viduas
2503 1611 2696 1680 rejice;
2755 1618 3033 1680 postquam
3093 1608 3227 1662 enim
3275 1605 3563 1660 luxuriata:

1978 1704 2172 1773 fuerint
2229 1704 2280 1757 iu
2335 1701 2626 1766 Christum,
2668 1702 2860 1757 nubere
2906 1700 3106 1764 uolunt,
3140 1697 3386 1752 habentes
3411 1694 3566 1765 judi-

273 1786 439 1850 cium,
471 1787 969 1857 Ψιοηίαηιρνίηιαηι
999 1791 1156 1861 ﬁdem
1189 1794 1403 1848 ίννίίαηι
1432 1793 1720 1860 [εεενωιιι.
1752 1795 1894 1863 Quid
1919 1799 2080 1870 igitur
2105 1799 2297 1870 jubet?
2330 1798 2572 1863 Nubant,
2613 1799 2809 1870 inquit,
2834 1798 2977 1868 ﬁtios
3010 1804 3300 1864 praemem,
3333 1802 3564 1846 matres:-

278 1882 522 1951 famitias
553 1882 710 1940 siut".
737 1883 871 1951 Quae
901 1899 1026 1939 eum
1059 1887 1308 1956 Apostoli
1347 1889 1670 1945 auctoritate
1711 1873 2158 1962 eoinprobentur,
2196 1908 2294 1948 cur
2325 1909 2354 1946 a
2395 1900 2469 1958 te,
2502 1907 2536 1949 o
2569 1890 2819 1956 Hieraca,
2850 1900 2970 1962 post
2993 1887 3196 1944 Christi
3225 1885 3438 1940 Domini
3465 1883 3585 1941 ad--

273 1983 501 2030 ventum
531 1976 582 2029 iu
613 1988 778 2030 carne
811 1976 1012 2045 nuptiae
1037 1975 1503 2032 condemnamur?

353 2070 428 2124 Z'.
464 2069 600 2140 Περὶ
646 2069 705 2123 δὲ
759 2069 854 2123 τοῦ
903 2069 1233 2142 Μελχισεδὲκ
1285 2072 1539 2142 φάσκεις,
1586 2074 1668 2129 ὅτι
1702 2074 1864 2141 αὐτός

2037 2078 2151 2134 VII.
2183 2077 2258 2135 De
2277 2077 2669 2136 Meiehisedeco
2692 2077 2844 2149 quod
2860 2075 3083 2133 asset-is.
3118 2073 3382 2146 Spiritum
3415 2073 3592 2129 illum.

276 2161 399 2215 ἐστι
425 2159 489 2214 τὸ
526 2160 754 2233 Πνεῦμα
776 2181 790 2196 ·
822 2162 1004 2218 τοίνυν
1036 2159 1169 2234 ἦλθε
1203 2164 1266 2219 τὸ
1299 2165 1546 2238 Πνεῦμα,
1576 2167 1672 2221 καὶ
1717 2167 1876 2223 ἔλαϐε

280 2252 488 2324 σάρκα.
531 2251 731 2307 Οὐκέτι
783 2247 876 2307 οῦν
925 2256 954 2307 6
1000 2256 1316 2328 Μονογενὴς
1365 2255 1526 2327 μόνος
1553 2257 1876 2331 γεγέννηται

279 2343 426 2400 κατά
463 2344 666 2416 σάρκα,
693 2344 829 2401 ἀλλὰ
861 2345 956 2399 καὶ
981 2345 1044 2399 τὸ
1085 2345 1332 2418 Πνεῦμα.
1363 2347 1427 2401 Et
1457 2347 1515 2402 δὲ
1549 2349 1878 2422 γεγέννηται

283 2437 432 2489 κατὰ
476 2435 656 2508 σάρκα
682 2435 742 2489 τὸ
779 2434 1024 2508 Πνεῦμα,
1061 2436 1170 2490 ἰδοὺ
1201 2438 1236 2509 ἡ
1279 2439 1467 2511 Μαρία
1510 2441 1544 2510 ἡ
1572 2443 1880 2512 γεννήσασα

281 2528 378 2584 τδν
411 2527 663 2601 Σωτῆρα,
720 2527 925 2598 λεγέτω
958 2527 1228 2602 Ἰέρακας,
1278 2528 1382 2584 ποῦ
1434 2529 1644 2605 ἔστινὴ
1687 2533 1882 2606 γεννή-

285 2637 431 2674 σασα
461 2620 524 2675 τὺ
551 2620 808 2692 Πνεῦμα;
866 2622 979 2676 Καὶ
1025 2623 1087 2675 τὸ
1130 2624 1340 2688 εἰπεῖν,
1402 2625 1882 2700 Ἀςρωμοιωμένος

283 2712 370 2779 τῷ
416 2713 525 2779 Υίῷ
576 2714 684 2769 τοῦ
730 2714 880 2770 Θεοῦ
918 2716 1089 2786 μένει
1121 2716 1318 2784 ἱερεὺς
1345 2720 1433 2784 είς
1465 2719 1532 2773 τὸ
1581 2719 1878 2789 διηνεκὲς,

284 2806 474 2862 οὐκέτι
500 2807 628 2878 περὶ
666 2805 985 2877 Πνεύματος
1013 2807 1170 2875 ἁγίου
1200 2809 1230 2861 6
1259 2807 1434 2878 λόγος.
1467 2809 1541 2863 Οὐ
1567 2811 1676 2883 γὰρ
1702 2806 1879 2874 εἴπεν,

286 2899 475 2970 ὅμοιον
500 2897 577 2970 τῷ
605 2898 722 2971 Υίῷ
746 2898 841 2952 τοῦ
857 2898 1016 2964 Θεοῦ,
1031 2899 1189 2966 ἀλλὰ,
1204 2899 1688 2973 ἀφωμοιωμένον.
1709 2904 1783 2958 T6
1800 2903 1878 2968 δὲ,

286 2991 775 3062 ἀφωμοιωμένον,
825 2990 1119 3064 μετέπειτα
1199 2993 1312 3064 ἔχει
1379 2995 1479 3065 τὴν
1529 2996 1772 3067 ἀγωγήν.
1819 2997 1884 3049 Et

286 3083 350 3138 δὲ
411 3083 551 3155 μετὰ
595 3085 686 3138 τὸν
735 3085 929 3157 χρόνον
965 3084 1060 3138 τοῦ
1099 3084 1351 3157 Ἀϐραάμ
1379 3086 1440 3140 τὸ
1492 3085 1717 3158 Πνεῦμα
1775 3088 1883 3157 ὰφ-

291 3177 580 3248 ομοιοῦται
637 3177 717 3248 τῷ
767 3178 1011 3251 Χριστῷ,
1063 3179 1172 3250 ἄρα
1193 3179 1294 3232 οὐκ
1343 3175 1411 3250 ἦν
1464 3197 1627 3234 ποτεο
1664 3181 1760 3234 καὶ
1797 3180 1886 3235 διὰ

290 3269 454 3324 τοῦτο
487 3271 845 3355 άφομοιοῦται
875 3272 952 3342 τῷ
998 3273 1116 3345 Υίῷ
1164 3273 1258 3327 τοῦ
1304 3273 1460 3330 Θεοῦ.
1494 3273 1613 3336 ΚαὶἸ
1657 3272 1886 3343 ἀπάτωρ

288 3363 415 3427 πῶς
459 3362 684 3417 δύναται
715 3357 891 3430 siuet;
928 3365 989 3418 Ei
1023 3365 1122 3436 μὲν
1163 3365 1271 3437 γὰρ
1298 3365 1432 3420 αὐτὸ
1475 3365 1721 3435 ὑπάρχον
1767 3363 1886 3418 ἐστὶ

289 3456 358 3508 τὸ
386 3454 632 3525 Πνεῦμα,
664 3453 760 3509 καὶ
790 3455 889 3508 οὐκ
923 3453 1072 3508 ἐστιν
1099 3456 1164 3509 ὲκ
1189 3455 1288 3527 τῆς
1316 3455 1523 3519 οἰκείας
1551 3454 1740 3518 οὐσίας
1780 3453 1883 3524 τῆς

295 3546 576 3619 θεότητος,
611 3545 839 3610 εἰκότως
863 3545 1095 3619 ἀπάτωρ
1127 3546 1386 3618 δειχθείη.
1413 3547 1523 3600 Καὶ
1547 3545 1657 3617 γάρ
1684 3543 1761 3616 τῷ
1784 3544 1883 3615 μὲν

290 3634 410 3689 ὅντι
462 3634 758 3708 μονογενὴς
787 3637 816 3689 6
844 3634 994 3701 Υἱὸς,
1030 3637 1123 3690 καὶ
1169 3636 1398 3706 ἀδελφὸν
1439 3637 1540 3690 οὐκ
1569 3635 1704 3708 ἔχει,
1753 3634 1885 3699 Υἱὸς

293 3728 354 3782 δὲ
379 3727 539 3782 Θεοῦ.
582 3727 742 3782 Ἀλλά
775 3727 877 3782 κάν
900 3744 961 3782 τε
989 3728 1051 3782 οὑ
1081 3727 1314 3800 λέγομεν
1349 3727 1410 3781 τὺ
1443 3725 1669 3799 Πνεῦμα
1692 3742 1886 3797 γεννη-

296 3820 413 3885 τὸν,
465 3819 654 3893 ἐπειδὴ
697 3818 993 3893 μονογενὴς
1045 3820 1074 3873 6
1102 3820 1264 3887 Υίδς,
1318 3819 1456 3874 ἀλλὰ
1513 3819 1738 3892 Πνεῦμα
1789 3817 1884 3872 τοῦ

295 3911 518 3984 Πατρὸς
576 3912 1045 3984 ἐκπορευόμενον,
1095 3913 1194 3965 καὶ
1254 3911 1350 3965 τοῦ
1396 3911 1531 3983 ἐμοῦ
1581 3911 1881 3984 λαμϐάνον,

294 4007 465 4078 φησιν
491 4005 520 4057 6
551 4004 806 4077 Χριστός.
846 4006 920 4059 Τὸ
946 4002 1078 4074 γοῦν
1109 4006 1173 4058 ἐκ
1207 4003 1303 4058 τοῦ
1349 4005 1562 4078 Πατρὸς
1590 4007 1886 4078 ἐκπορευό-

298 4117 483 4172 μενον,
515 4099 611 4152 και
646 4099 740 4153 τοῦ
786 4097 920 4170 ἐμοῦ
951 4097 1249 4170 λαμϐάνον,
1285 4098 1514 4172 ἀπάτωρ
1560 4099 1621 4153 οὐ
1661 4099 1884 4154 δύναται

295 4187 460 4244 εἶναι.
495 4188 616 4244 Κᾶν
647 4189 705 4243 δὲ
755 4188 885 4260 εἴπῃ
915 4189 1150 4262 ἀμήτωρ
1179 4191 1236 4243 ἐν
1265 4189 1501 4262 οὐρανῷ,
1527 4190 1622 4244 καὶ
1650 4191 1883 4263 ἀπάτωρ

295 4284 392 4338 ἐπὶ
426 4284 525 4354 τῆς
567 4284 700 4354 γῆς·
742 4283 964 4338 δύναται
995 4284 1105 4356 γὰρ
1129 4284 1293 4338 τοῦτο
1319 4284 1413 4337 καὶ
1455 4284 1548 4337 ιπι
1579 4283 1673 4338 τοῦ
1703 4286 1886 4358 Σωτῆ-

299 4394 393 4449 ρος
425 4375 713 4445 λέγεσθαιο
747 4377 864 4440 πῶς
896 4372 989 4431 οὖν
1017 4378 1108 4430 ἐπὶ
1135 4375 1276 4431 τέλει
1312 4377 1340 4430 6
1387 4377 1709 4443 Ἀπόστολος
1743 4378 1889 4450 φρά-

295 4469 380 4535 ζει
407 4469 615 4538 λέγων·
665 4469 718 4523 '0
753 4469 822 4522 δὲ
844 4469 930 4540 μὴ
983 4470 1531 4540 γενεαλογούμενος
1574 4469 1645 4534 ἐξ
1687 4469 1888 4525 αὐτῶν

295 4560 664 4617 ὃεδεκὰτωκε
714 4562 822 4617 τὸν
892 4561 1150 4632 Ἀϐραὰμ
1193 4561 1300 4616 τὸν
1360 4561 1769 4632 πατριάρχην;
1826 4562 1888 4616 τὸ

295 4656 430 4726 γάρ,
483 4654 553 4720 ἐξ
596 4653 816 4719 αὐτῶν,
855 4653 1144 4724 ἀκριϐείας
1194 4653 1310 4706 ἐστὶ
1339 4653 1672 4726 δηλωτικόν·
1724 4653 1888 4708 ὁπότε

295 4747 406 4820 γάρ
435 4748 501 4802 ὲκ
529 4745 637 4800 τῶν
664 4746 794 4800 υἱῶν
831 4745 1049 4817 Ἰσραὴλ
1076 4745 1150 4818 μὴ
1176 4744 1668 4817 γενεαλογούμενος
1707 4746 1766 4814 ἐξ
1795 4747 1890 4802 ἆλ-

295 4810 405 4895 λων
435 4839 655 4904 πάντως
688 4839 859 4894 ὲθνῶν
892 4810 1016 4911 εἶχε.
1188 4810 1564 4909 γενεαλογίαν.
1600 4810 1700 4893 Διὰ
1741 4810 1798 4892 δὲ
1826 4841 1887 4893 τὸ
1924 4810 1968 4865 1)

298 4931 376 5004 μὴ
414 4929 728 5004 γεγράφθαι
757 4931 857 5001 τὴν
900 4929 1095 4984 ἑαυτοῦ
1134 4931 1344 5003 μητέρα
1403 4931 1436 5003 ἢ
1484 4932 1719 5003 πατέρα,
1754 4931 1890 4985 ἄλλα

291 5023 418 5076 ἀντὶ
445 5019 623 5076 ἄλλων
654 5020 1018 5090 φαντάζονται
1045 5021 1096 5074 oi
1121 5022 1456 5091 συκοφάνται
1480 5021 1578 5092 τῆς
1606 5021 1886 5094 ἀληθείας.

306 5113 501 5184 Ἡμεῖς
527 5109 587 5164 δὲ
615 5111 710 5166 καὶ
732 5111 833 5182 τὴν
867 5111 1082 5184 μητέρα
1113 5112 1279 5167 αὑτοῦ
1307 5113 1365 5166 ὲν
1400 5113 1770 5185 Παραδόσεσιν
1800 5112 1892 5167 εὖ·

297 5219 489 5275 ρομεν,
522 5203 616 5257 καὶ
663 5202 756 5257 τὸν
804 5204 1037 5276 πατέρα.
1069 5198 1179 5258 Ἦν
1210 5203 1320 5276 γὰρ
1352 5198 1506 5269 οὗτος
1555 5203 1664 5260 τῶν
1717 5203 1891 5275 γενῶν

294 5295 512 5360 Σιδόνος
536 5295 633 5350 καὶ
664 5295 774 5350 τῶν
801 5295 1144 5352 Χαναναίων.
1191 5295 1420 5350 Διέπεσε
1446 5295 1626 5352 τοίνυν
1651 5298 1680 5351 ὁ
1713 5295 1893 5368 μυθώ-

291 5385 392 5456 δης
427 5383 600 5440 αὑτοῦ
627 5385 806 5455 λόγος,
843 5386 936 5441 καὶ
973 5387 1150 5459 μάτην
1200 5386 1366 5443 αὑτοῦ
1400 5388 1493 5442 καὶ
1541 5389 1574 5459 ή
1621 5387 1887 5444 πολιτεία.

295 5477 372 5530 οὐ
403 5478 517 5548 γὰρ
569 5477 632 5530 τὸ
680 5477 911 5549 ἀψύχοις
967 5477 1255 5532 ἀσκεῖσθαι
1309 5481 1448 5551 μετὰ
1505 5481 1889 5546 κακοπιστίας,

293 5570 458 5624 τοῦτο
501 5570 652 5641 ζωῆς
701 5571 820 5624 ἐστι
866 5571 964 5626 καὶ
1011 5569 1244 5636 ἐλπίδος,
1291 5572 1664 5629 διδασκαλεῖον
1718 5592 1892 5647 σωτη-

298 5660 420 5734 ρίας
437 5661 480 5716 ⁸.
511 5661 716 5717 Πάντα
743 5663 878 5736 γὰρ,
900 5663 1086 5736 φησιν,
1115 5667 1201 5732 είς
1219 5665 1408 5732 δόξαν
1433 5669 1580 5724 Θεοῦ
1614 5669 1887 5740 γινέσθω.

375 5781 391 5810 ¹
421 5777 549 5849 Leg.
575 5779 671 5833 καὶ
698 5796 827 5832 σωτ.

301 5851 322 5883 ⁸
352 5849 511 5906 Joau.
545 5866 658 5921 xvr,
694 5850 775 5918 ti,
818 5850 900 5907 l5.
977 5851 998 5884 ⁸
1029 5849 1190 5908 Hebr.
1224 5867 1321 5920 vn,
1353 5852 1404 5912 6.

939 5778 1141 5860 'doan.
1175 5796 1237 5843 ιι,
1265 5782 1405 5860 ιιι.
1495 5785 1559 5839 ³1
1603 5785 1751 5844 Tim.
1781 5805 1832 5853 ν,
1866 5788 1955 5860 Η,
1981 5789 2063 5845 l‘l.

1981 2187 2104 2228 esse
2148 2180 2424 2236 sanctum,
2457 2170 2510 2226 id
2561 2170 2608 2228 si
2653 2185 2839 2226 verum
2885 2178 2992 2236 est,
3033 2169 3251 2224 venisse
3281 2165 3566 2238 Spiritum,

1979 2270 2034 2320 et
2075 2277 2297 2318 carnem
2344 2261 2625 2328 induisse,
2675 2275 2784 2316 non
2827 2261 2979 2317 solus
3027 2259 3216 2330 utique
3261 2258 3568 2314 secundum

1979 2369 2200 2410 carnem
2253 2360 2415 2409 natus
2462 2363 2546 2410 est
2594 2351 2787 2416 Filius,
2836 2352 2932 2408 sed
2983 2360 3037 2407 et
3082 2367 3209 2406 cum
3251 2367 3316 2406 eo
3352 2365 3571 2422 quoque

1983 2443 2241 2516 Spiritus.
2281 2444 2439 2512 Quod
2489 2444 2535 2500 si
2577 2443 2879 2501 secundum
2929 2457 3148 2498 carnem
3200 2454 3363 2496 natus
3395 2450 3480 2496 est
3517 2450 3571 2494 et

1982 2536 2241 2608 Spiritus,
2267 2551 2392 2591 cum
2426 2534 2594 2591 Maria
2628 2535 2968 2590 Salvatorem
2999 2533 3252 2596 ediderit,
3283 2533 3432 2588 dicat
3467 2547 3572 2587 uo-

1981 2629 2066 2686 bis
2095 2627 2376 2692 ilteracas,
2415 2628 2633 2683 ubinam
2666 2627 2908 2697 gentium
2937 2641 3001 2681 ea
3049 2625 3122 2681 sit
3153 2640 3274 2697 qua:
3316 2625 3571 2696 spiritqu

1981 2720 2291 2793 pepererit?
2332 2718 2467 2774 Nam
2502 2719 2648 2791 quod
2682 2719 2979 2790 Apostolus
3013 2718 3169 2784 dicit,
3227 2718 3602 2772 Assimilatus—

1982 2811 2128 2868 Filio
2180 2811 2273 2868 Dei
2316 2821 2493 2867 manet
2534 2814 2782 2866 sacerdos
2833 2813 2887 2864 in
2937 2811 3270 2873 utentum",
3304 2810 3449 2864 nulla
3489 2815 3604 2863 estc

1983 2907 2094 2962 illic
2130 2905 2198 2961 de
2252 2904 2458 2975 Spiritu
2507 2915 2699 2961 saneto
2740 2906 2965 2959 mentio.
3015 2903 3134 2958 Non
3165 2903 3310 2958 enim
3340 2903 3605 2958 similem:-

1985 2997 2138 3051 illum
2177 2994 2315 3048 Filio
2370 2993 2484 3061 Dei,
2531 2992 2626 3047 sed
2671 2991 3028 3046 assimilalum
3088 3007 3204 3046 esse
3248 2989 3405 3043 dixit.
3441 2988 3578 3054 Quae

1985 3105 2090 3143 vox
2121 3087 2474 3151 assimilatas,
2513 3083 2786 3155 posterius
2820 3083 3077 3154 quiddam
3109 3089 3168 3136 ut
3202 3081 3574 3149 intelligamus

1987 3181 2218 3236 inducit.
2249 3180 2326 3234 Ac
2358 3180 2402 3233 si
2437 3187 2560 3248 post
2595 3177 2884 3232 Abrahami
2917 3183 3162 3245 tempora
3193 3173 3412 3229 Christo
3446 3171 3574 3242 Spi-

1990 3273 2128 3327 ritus
2159 3270 2512 3329 assitnilatur,
2550 3267 2842 3338 aliquando
2874 3282 2984 3320 non
3028 3264 3299 3319 exstiterit
3336 3269 3573 3332 oportet,

1990 3373 2050 3418 ut
2077 3367 2360 3434 propterea
2390 3359 2485 3416 Dei
2519 3359 2658 3415 Filio
2687 3358 2883 3414 similis
2931 3357 3004 3412 sit
3054 3355 3254 3410 factus.
3292 3351 3412 3407 Jam
3453 3353 3576 3407 sine
3677 3382 3690 3393 ~

1990 3461 2146 3526 patre
2173 3467 2296 3509 esse
2331 3452 2423 3522 qui
2454 3450 2670 3522 potest?
2700 3447 2837 3502 Nam
2865 3448 2912 3503 si
2957 3461 3053 3518 per
3091 3460 3212 3501 sese
3234 3452 3379 3499 esset
3399 3439 3575 3512 Spiri-

1990 3556 2104 3610 tus,
2137 3562 2237 3601 nec
2269 3560 2334 3600 ex
2365 3543 2584 3615 propria
2631 3539 2937 3597 divinitatis
2990 3547 3184 3593 natura
3234 3531 3576 3604 procederet,

1991 3639 2184 3694 merito
2213 3637 2332 3694 sine
2362 3633 2521 3690 Patre
2550 3647 2673 3688 esse
2705 3631 2996 3687 diceretur.
3035 3627 3244 3684 Revera
3273 3626 3420 3682 enim
3454 3623 3578 3678 uni-

1992 3731 2208 3802 genitus
2241 3740 2326 3784 est
2353 3725 2548 3793 Filius,
2579 3739 2752 3794 neque
2783 3723 3006 3778 fratrem
3035 3720 3221 3785 habet,
3246 3727 3440 3787 estque
3483 3715 3576 3770 Dei

1993 3821 2182 3878 Filius.
2212 3821 2318 3876 Sed
2347 3821 2446 3875 etsi
2491 3818 2731 3890 genitum
2768 3830 2889 3871 esse
2925 3811 3188 3884 Spiritum
3231 3821 3578 3880 nequaquam

1993 3915 2242 3979 velimus,
2272 3928 2396 3967 cum
2438 3911 2756 3981 uuigenitus
2787 3907 2879 3971 sit,
2913 3913 2972 3961 ut
3006 3904 3138 3971 dixi,
3171 3902 3362 3966 Filius,
3388 3914 3594 3955 verum.

1995 4007 2236 4078 Spiritus
2299 4005 2369 4062 sit
2410 4019 2442 4058 a
2492 4002 2652 4059 Patre
2699 3999 3000 4072 procedens
3028 3996 3070 4061 ‘,
3113 4003 3169 4051 et
3213 3995 3281 4050 de
3328 4006 3472 4056 meo,
3521 3996 3579 4044 ut

1993 4100 2197 4157 Christi
2233 4097 2414 4154 verbis
2464 4104 2610 4162 utar,
2659 4095 2933 4164 accipiens
2956 4093 2998 4157 ⁷,
3035 4097 3184 4146 certe
3220 4086 3441 4158 quidem
3483 4083 3580 4155 qui

1994 4203 2050 4251 et
2100 4209 2131 4248 a
2177 4191 2339 4247 Patre
2394 4187 2760 4261 progreditur,
2797 4192 2852 4240 ct
2891 4185 2959 4239 de
3009 4197 3132 4238 meo
3182 4178 3406 4249 accipit,
3459 4177 3581 4232 sine

1996 4285 2156 4340 Patre
2185 4299 2309 4340 esse
2339 4298 2449 4338 non
2476 4287 2671 4352 potest.
2721 4276 2877 4344 Quod
2922 4277 2968 4331 si
3014 4284 3067 4329 et
3119 4274 3173 4327 in
3208 4271 3348 4326 cmlo
3383 4276 3578 4330 matre,

1993 4386 2047 4434 et
2077 4378 2132 4432 in
2157 4384 2301 4431 terra
2331 4384 2484 4446 patre
2522 4387 2710 4428 carere
2751 4369 2970 4431 dixerit,
3008 4375 3190 4438 potest
3231 4372 3286 4424 et
3332 4361 3474 4418 istud
3509 4359 3581 4414 ad
3612 4393 3620 4408 ι

1996 4473 2328 4527 Salvatorem
2359 4467 2673 4524 convenire.
2711 4464 2822 4520 Cur
2868 4463 3031 4532 igitur
3055 4457 3348 4530 Apostolus
3376 4456 3449 4510 ita
3480 4469 3580 4526 po-

1997 4570 2203 4618 stremo
2245 4560 2485 4631 loquitur
2525 4557 2737 4626 :Cujus
2788 4564 2963 4608 autem
3005 4549 3311 4623 genealogia
3364 4562 3429 4601 ea:
3470 4545 3580 4598 illis

1998 4673 2101 4711 non
2125 4655 2340 4708 ducitur
2360 4652 2638 4707 decimauit
2677 4649 2946 4703 Abraham
2979 4643 3339 4716 patriarcham
3365 4641 3424 4694 ’?
3444 4639 3579 4693 Nam

1995 4747 2112 4801 lucc
2146 4747 2330 4809 verba,
2360 4760 2425 4798 ea:
2455 4745 2601 4808 ipsis,
2635 4737 2997 4797 aecuratioris
3038 4732 3422 4806 explicationis
3460 4744 3603 4800 gra—-

1997 4839 2070 4892 tia
2102 4837 2266 4909 716
2292 4837 2532 4893 adhibita
2563 4843 2712 4900 sunt,
2740 4842 2800 4889 ut
2843 4831 2976 4887 illud
3013 4829 3310 4890 indicaret,
3333 4821 3583 4893 eumqui

1996 4931 2066 4984 ab
2091 4928 2353 4986 lsraelitis
2384 4929 2755 5000 genealogiam
2785 4941 2895 4980 non
2931 4923 3178 4988 duceret,
3207 4937 3274 4977 ea
3299 4919 3442 4972 aliis-
3467 4930 3586 4969 oua-

1996 5022 2128 5077 nino
2160 5021 2415 5093 gentibus
2467 5019 2714 5076 eamdem
2746 5029 3045 5072 arcessere.
3076 5012 3152 5068 Ex
3182 5026 3258 5066 eo
3275 5024 3406 5065 vero
3435 5003 3581 5074 quod

1997 5125 2230 5184 uterque
2269 5112 2416 5168 illius
2445 5127 2642 5183 parens
2687 5111 2741 5169 in
2788 5105 3095 5180 Seripturis
3133 5114 3428 5173 expressus
3473 5110 3584 5150 non

1999 5206 2197 5272 fuerit,
2245 5206 2354 5260 alia
2415 5219 2514 5276 pro
2553 5203 2675 5260 aliis
2721 5201 2973 5257 veritatis
3014 5195 3439 5252 calumniatores
3488 5204 3582 5242 so-

2000 5297 2232 5354 mniant.
2263 5295 2375 5351 Nos
2414 5303 2596 5351 autem
2633 5302 2742 5348 tam
2776 5293 2897 5363 ejus
2927 5298 3155 5346 matrem
3172 5298 3344 5355 quam
3375 5287 3584 5352 patrem

2000 5391 2057 5446 in
2088 5389 2496 5446 Traditiouibus
2545 5388 2871 5442 invenimus.
2923 5384 3100 5450 Atque
3132 5377 3225 5431 hie
3254 5390 3286 5432 e
3326 5371 3584 5428 Sidonio-

2001 5501 2121 5540 rum
2149 5491 2205 5541 et
2228 5481 2662 5539 Chananaaorum
2698 5493 2896 5551 genere
2943 5475 3112 5530 fuisse
3152 5461 3409 5526 traditur.
3435 5468 3584 5534 Qua-

2000 5583 2220 5649 propter
2257 5583 2370 5630 tota
2407 5575 2476 5630 ab
2523 5589 2588 5629 eo
2633 5572 2867 5628 conficta
2903 5566 3087 5623 fabula
3112 5560 3499 5636 corruit.-Sed
3528 5565 3584 5615 et

1999 5671 2163 5726 inane
2183 5677 2269 5725 est
2298 5673 2609 5736 susceptum
2661 5663 2729 5717 ab
2771 5676 2837 5716 eo
2881 5661 3005 5714 vita:
3039 5656 3330 5715 severioris
3358 5655 3583 5713 institu-

2179 5787 2200 5821 ⁸
2237 5785 2365 5841 ibid.
2409 5785 2490 5838 ii.
2567 5782 2587 5811 ⁸
2630 5777 2791 5832 Hebr.
2829 5794 2922 5855 ru,
2957 5777 3010 5831 5.
3117 5773 3318 5829 ‘Jo’an.
3354 5787 3463 5837 xiv,
3490 5771 3582 5828 es.
