3994 6226
494 369 600 427 185

1908 361 1966 415 S.
2003 356 2341 412 EPIPHANII

3634 347 3737 400 {Si

487 493 625 541 tum.
657 481 838 552 Neque
866 481 1009 535 enim
1043 480 1112 533 iis
1144 477 1406 532 duntaxat
1433 477 1576 531 vesci
1637 489 1758 543 quze
1795 475 1974 526 anima
2026 479 2234 530 carent,
2299 468 2346 522 si
2403 483 2526 520 cum
2593 465 2713 520 fidei
2779 464 3172 534 depravatione
3222 459 3579 531 conjunctum
3644 459 3748 511 hoc

489 572 673 635 fuerit,
718 550 785 622 ad
827 569 990 621 vitam
1044 566 1208 618 ullam
1267 572 1322 618 et
1375 578 1550 632 spem,
1600 571 1692 615 aut
1747 561 1812 616 ad
1873 557 2066 614 salutis
2127 557 2504 627 magisterium
2561 555 2813 627 pertinet.
2875 552 3345 624 0nmia,.inquit,
3401 550 3468 604 ad
3517 551 3748 617 gloriam

487 667 585 721 Dei
618 666 751 734 ﬁant
784 665 824 714 ¹.

557 730 691 813 Vlll.
746 755 850 810 Sed
882 753 996 808 haec
1030 730 1289 806 adversus
1324 751 1472 807 illius
1513 767 1752 806 errorem
1787 751 2050 821 disputata

2237 749 2319 803 H'.
2377 748 2538 802 ’Λλλὰ
2567 750 2696 820 περὶ
2727 749 2932 801 τούτων
2961 747 3054 800 καὶ
3079 745 3230 816 αὐτῷ
3257 743 3542 817 ἀρκεῖσθαι
3585 742 3751 815 ἡγοῦ·

484 851 777 912 sulliciant,
810 847 1011 916 quibus
1057 842 1257 912 scorpii
1296 843 1412 896 alas
1462 840 1850 909 confregimus.
1888 842 2061 896 illius-

482 959 588 1011 que
628 941 736 993 vim
771 935 1190 1007 proﬂigavimus.
1231 933 1325 988 E'st
1359 934 1502 988 enim
1541 934 1627 988 ille
1663 942 1898 1003 pennato
1942 950 2060 989 ser-

483 1034 630 1103 penti
678 1046 741 1084 ac
789 1029 1004 1097 scorpio
1049 1026 1262 1089 similis,
1293 1026 1386 1094 qui
1433 1025 1649 1094 quidem
1689 1025 1855 1080 variis
1886 1026 2062 1081 modis

398 1128 423 1151 ⁸
483 1131 599 1180 :Ilas
629 1124 849 1184 habere,
881 1135 943 1174 ac
979 1121 1161 1175 volare
1199 1119 1464 1174 dicendus
1497 1126 1612 1182 est;
1641 1133 1874 1188 cumque
1899 1119 2063 1188 virgi-

482 1218 707 1270 nitatem
746 1212 990 1266 imitetur
1020 1209 1297 1274 Ecclesize,
1350 1209 1696 1265 conscientia:
1739 1217 1917 1264 tamen
1971 1210 2059 1262 illa

409 1287 419 1293 ’
481 1306 796 1360 sinceritate
821 1313 989 1358 caret.
1017 1304 1196 1368 Quare
1225 1303 1290 1357 ad
1333 1318 1454 1358 eum
1483 1302 1712 1370 ejusque
1744 1302 1948 1356 similes
1974 1301 2060 1354 di-

479 1407 628 1450 ctum
673 1396 803 1449 illud
835 1395 1078 1464 Apostoli
1119 1395 1372 1448 convenit
1406 1412 1420 1446 :
1459 1391 1823 1449 Cauteriatam
1869 1393 2062 1447 haben-

483 1489 615 1540 tium
651 1485 1047 1545 conscientiam,
1075 1483 1457 1552 prohibentium
1508 1498 1695 1535 uxores
1735 1481 1942 1546 ducere,
1969 1482 2062 1533 ab-

482 1581 675 1631 stinere
713 1595 746 1628 ιι
776 1577 926 1640 cibis,
956 1592 1082 1645 quos
1123 1574 1258 1627 Deus
1299 1574 1366 1626 ad
1403 1591 1553 1626 usum
1593 1574 1824 1626 condidit
1855 1575 1894 1626 ³.
1927 1573 2057 1628 Nam

483 1683 579 1737 per
612 1667 828 1722 verbum
862 1664 952 1719 Dei
983 1665 1214 1720 viventis
1267 1673 1320 1717 et
1357 1667 1658 1719 orationem
1689 1665 1795 1718 eihi
1825 1664 1899 1717 illi
1934 1679 2060 1718 san-

482 1759 814 1823 ctilicantur,
853 1766 1088 1828 suntque
1114 1767 1164 1812 et
1198 1757 1322 1812 boni
1360 1772 1570 1818 omnes.
1601 1767 1649 1812 et
1687 1755 1932 1825 iucundi,
1965 1772 2060 1810 ne-

473 1867 589 1921 .que
621 1851 915 1922 quidquam
947 1847 1087 1920 apud
1121 1847 1287 1902 Deum
1336 1847 1599 1918 rejicitur.
1631 1847 1897 1902 Ca‘terum
1931 1847 2058 1901 ridi-

483 1943 590 1999 culi
626 1943 708 1998 vel
744 1943 977 1996 maxime
1010 1941 1291 1995 llieracita‘
1325 1951 1470 2002 sunt,
1526 1941 1596 1994 ob
1634 1941 1896 1995 ascilitias
1940 1940 2060 1994 illas

482 2043 536 2088 et
579 2033 918 2088 introductas
963 2031 1226 2096 feminas,
1261 2046 1398 2100 quas
1435 2047 1557 2086 cum
1609 2031 1748 2100 apud
1793 2046 1913 2086 sese
1964 2032 2061 2084 ha-

2171 861 2289 914 μαι.
2323 842 2726 913 Συνετρίψαμεν
2762 842 2870 910 γὰρ
2904 839 2996 893 τοῦ
3025 839 3284 910 σκορπίου
3313 837 3412 902 τὰς
3444 838 3749 909 πτέρυγας,

2169 935 2262 988 καὶ
2298 917 2724 1004 κατεσπάσαμεν
2774 932 2937 986 αὑτοῦ
2984 931 3082 995 τὰς
3129 931 3403 998 δυνάμεις.
3446 933 3608 1000 Ὄφις
3637 932 3750 1000 γὰρ

2168 1025 2443 1097 πτερωτὸς
2476 1020 2628 1088 οὗτος
2659 1024 2754 1078 καὶ
2799 1023 3078 1093 σκορπίος,
3115 1022 3392 1094 πτέρυγας
3423 1021 3562 1091 ἔχων
3608 1023 3750 1076 κατὰ

2168 1117 2395 1179 πολλοὺς
2431 1116 2682 1188 τρόπους,
2735 1116 2828 1168 καὶ
2879 1114 3210 1184 πετόμενος,
3263 1113 3358 1166 καὶ
3409 1113 3750 1184 μιμούμενος

2171 1210 2268 1279 μὲν
2317 1210 2415 1279 τῆς
2466 1207 2788 1279 Ἐκκλησίας
2837 1207 2935 1279 τὴν
2987 1207 3308 1279 παρθενίαν,
3341 1206 3441 1260 οὐκ
3491 1207 3630 1277 ἔχων
3690 1207 3748 1260 δὲ

2167 1302 2412 1373 καθαρὰν
2444 1302 2542 1371 τὴν
2587 1299 2910 1370 συνείδησιν.
2975 1301 3100 1354 Ἐπὶ⁹
3149 1299 3255 1370 γὰρ
3288 1298 3464 1369 τούτῳ
3494 1299 3588 1352 καὶ
3634 1301 3749 1362 τοῖς

2165 1393 2371 1462 ὁμοίοις
2423 1392 2586 1445 αὐτοῦ
2644 1390 2944 1463 πληροῦται
2995 1391 3076 1454 τὸ,
3136 1390 3749 1460 Κεκαυτηριιισμένιιιη*⁵

2167 1482 2279 1549 τὴν
2327 1482 2714 1549 συνείδησιν,
2769 1483 2867 1536 καὶ
2935 1482 3292 1535 κωλυόντων
3341 1482 3582 1551 γαμεῖν,
3635 1482 3749 1535 ἀπ’

2165 1575 2407 1642 έχεσθαι
2471 1573 2830 1642 βρωμάτων,
2893 1572 2933 1627 ἄ
2996 1575 3028 1627 d
3093 1572 3237 1638 Θεὸς
3269 1574 3355 1636 εἰς
3403 1573 3748 1642 μετάληψιν

2170 1666 2480 1731 ἐποίησεν.
2519 1663 2832 1733 Ἀγιάζεται
2883 1665 2981 1734 μὲν
3027 1663 3116 1716 διὰ
3146 1663 3303 1731 λόγον
3337 1663 3470 1716 Θεοῦ
3517 1663 3743 1727 ζῶντος,

2167 1758 2259 1810 καὶ
2288 1756 2601 1821 ἐντεύξεως,
2646 1757 2727 1810 ὅτι
2758 1756 2935 1809 πάντα
2959 1754 3122 1818 καλὰ,
3156 1754 3250 1806 καί⁵
3279 1754 3429 1824 ἡδέα,
3469 1755 3562 1808 καὶ
3592 1754 3744 1806 οὐδὲν

2167 1849 2469 1921 ἀπόϐλητον
2496 1848 2645 1919 παρὰ
2675 1846 2794 1917 Θεῷ
2815 1865 2827 1877 ·
2869 1846 3221 1918 χλευάζονται
3250 1847 3305 1900 δὲ
3334 1846 3649 1900 τελειόταται
3675 1846 3743 1898 δι’

2167 1941 2232 2006 ἃς
2260 1942 2551 2012 κέκτηνται
2585 1942 2811 2004 ἕκαστος
2853 1941 3234 2004 συνε-ισάκτους
3264 1943 3547 2008 γυναῖκας,
3579 1939 3646 1993 δι’
3677 1940 3744 2004 ἃς

2168 2034 2364 2088 εἴωθαν
2411 2032 2811 2104 φιλοτιμεῖσθαι
2865 2033 3008 2104 ἔχειν
3057 2033 3137 2096 είς
3191 2032 3517 2102 ὑπηρεσίαν,
3581 2030 3746 2085 ’Λλλά

484 2127 666 2187 beant,
724 2125 789 2179 ad
821 2124 1195 2194 quotidianum
1245 2124 1505 2178 duntaxat
1554 2123 1909 2179 ministerium
1967 2139 2050 2178 eas

2165 2128 2258 2180 καὶ
2295 2127 2506 2191 τούτου,
2536 2126 2610 2189 ὡς
2637 2125 2792 2196 ἔφην,
2822 2125 2919 2190 τὰς
2949 2125 3226 2199 πτέρυγας
3267 2123 3741 2190 κατασπάσαντες,

484 2234 544 2271 se
600 2214 856 2270 adhibere
908 2214 1231 2284 gloriantur.
1289 2214 1394 2268 Sed
1432 2229 1555 2268 eum
1604 2213 1788 2283 hujus,
1822 2214 1898 2268 uti
1925 2213 2058 2278 dixi,

483 2311 599 2362 alas
650 2308 1052 2373 evulscrimus,
1105 2316 1378 2376 caputque
1428 2306 1551 2360 vitae
1607 2307 1772 2376 ligno,
1828 2305 1930 2360 hoc
1977 2315 2062 2362 est

483 2398 696 2452 Domini
726 2399 898 2453 nostri
929 2396 1057 2453 Jesu
1091 2397 1292 2452 Christi
1333 2412 1516 2458 cruce,
1550 2396 2057 2460 comminuerimus,

483 2490 766 2557 implorata
799 2492 1030 2560 primum
1068 2503 1169 2557 ope
1223 2487 1337 2549 Dei,
1390 2494 1449 2540 ut
1497 2487 1732 2556 reliquas
1776 2486 2061 2540 confutare

483 2581 740 2644 haereses,
784 2591 838 2636 et
886 2581 1119 2635 inaniter
1171 2581 1239 2634 ab
1295 2581 1359 2635 iis
1405 2580 1456 2633 in
1509 2580 1694 2634 orbem
1751 2580 2058 2634 introducta

483 2671 736 2742 dogmata
767 2670 974 2724 diluere
1011 2669 1308 2740 possimus,
1339 2669 1404 2721 ad
1433 2683 1526 2722 cas
1554 2669 1949 2738 aggrediamur.

789 2798 1060 2854 MELETII
1099 2798 1213 2854 ιιΕο
1227 2798 1401 2854 YPTll
1444 2799 1734 2856 SCH‘ISMA
1747 2844 1760 2868 ,

641 2979 773 3045 Qua:
803 2991 881 3035 est
920 2980 1133 3035 Itwresis
1167 2979 1437 3045 XLVIII,
1469 2983 1575 3036 sive
1603 2981 1700 3036 LX
1716 2981 1875 3039 VIII.

551 3070 591 3125 1.
625 3072 721 3127 Est
749 3072 992 3142 quaedam
1041 3073 1094 3126 in
1137 3072 1370 3144 Egypto
1416 3072 1823 3130 Meletianorum
1870 3074 2053 3142 factio,

480 3179 601 3232 quae
628 3179 655 3218 a
689 3163 899 3219 Meletio
926 3164 1161 3234 quodam
1211 3164 1267 3218 in
1311 3163 1584 3221 Thebaide
1621 3165 1748 3219 olim
1800 3167 2056 3237 episcopo

482 3263 848 3325 nuncupatur.
886 3254 986 3321 Qui
1027 3255 1243 3326 quidem
1291 3256 1356 3311 ad
1387 3257 1708 3311 catholicam
1759 3257 2054 3314 Ecclesiam

482 3348 864 3417 sinceramque
928 3347 1083 3401 fidem
1150 3347 1505 3403 nihilominus
1567 3348 1810 3404 adhaesit.
1870 3348 2056 3419 Neque

2164 2220 2258 2272 καὶ
2282 2218 2382 2286 τὴν
2411 2217 2652 2289 κεφαλὴν
2694 2217 3128 2281 καταθλάσαντες
3146 2217 3223 2288 τῷ
3257 2217 3399 2288 ξύλῳ
3428 2217 3529 2286 τῆς
3569 2215 3741 2286 ζωῆς,

2161 2310 2409 2364 τουτέστι
2451 2308 2530 2378 τῷ
2568 2307 2784 2380 σταυρῷ
2809 2308 2904 2362 τοῦ
2941 2309 3148 2380 Κυρίου
3199 2307 3354 2379 ἡμῶν
3403 2307 3574 2378 Ἰησοῦ
3605 2309 3743 2377 Χρι-

2164 2403 2312 2467 στοῦ,
2347 2404 2438 2456 ἐπὶ
2467 2401 2565 2466 τὰς
2603 2403 2730 2474 ἑξῆς
2760 2401 2947 2473 ἴωμεν,
2997 2401 3414 2472 ἐπικαλούμενοι
3458 2400 3620 2454 αὑτὸν
3648 2400 3740 2453 τὸν

2160 2494 2292 2548 Θεὸν
2324 2494 2535 2564 βοηθὸν,
2568 2495 2704 2566 πρὸς
2732 2493 2832 2566 τὴν
2877 2495 2984 2548 τῶν
3013 2494 3217 2548 λοιπῶν
3256 2494 3522 2564 αἱρέσεων
3553 2492 3739 2566 ἀντίρ-

2162 2585 2318 2656 ῥησίν
2349 2603 2408 2638 τε
2449 2586 2543 2639 καὶ
2583 2587 2894 2657 ἀνατροπὴν
2939 2585 3049 2638 τῶν
3093 2587 3224 2657 παρ’
3257 2585 3441 2648 αὐτοῖς
3491 2584 3740 2655 ματαίως

2159 2678 2235 2748 τῷ
2265 2677 2453 2748 κόσμῳ
2483 2677 2955 2747 ὑποϐαλλομένων.

2189 2787 2325 2840 ΤΟΥ
2361 2788 2722 2842 ΜΕΛΗΤΙΟΥ
2761 2786 3304 2913 (ὅῃῖξέᾇΣΜΑΤΟΣ
3340 2787 3477 2842 ΤΟΥ
3517 2787 3707 2842 ΑΙΓΥ-

2199 2978 2665 3047 Τεσσαρακοστὴ
2694 2979 2895 3050 ὀγδόη,
2931 2981 2969 3050 ἡ
3014 2983 3111 3036 καί
3153 2984 3453 3052 ἐξηκοστὴ
3499 2985 3700 3055 ὀγδόη.

2226 3067 2303 3120 Λ’.
2320 3067 2671 3138 Μελητιανῶν
2685 3088 2736 3124 τι
2758 3073 2941 3144 τάγμα
2961 3076 3019 3128 ὲν
3037 3077 3101 3145 τῇ
3130 3075 3240 3128 τῶν
3258 3077 3566 3145 Αἰγυπτίων
3584 3079 3736 3152 χώρᾳ

2155 3158 2411 3229 ὑπάρχει,
2444 3161 2552 3214 ἀπὸ
2597 3163 2867 3234 Μελητίου
2896 3167 3040 3229 τινὸς
3087 3168 3388 3222 ἐπισκόπου
3439 3172 3497 3223 ὲν
3528 3173 3594 3241 τῇ
3627 3172 3735 3242 Θη-

2154 3249 2298 3303 ϐαΐδι
2327 3253 2619 3320 γενομένου
2654 3255 2752 3324 τῆς
2781 3255 3075 3326 καθολικῆς
3125 3257 3450 3329 Ἐκκλησίας
3497 3262 3591 3314 καὶ
3634 3262 3732 3331 τῆς

2152 3342 2316 3413 ὀρθῆς
2343 3343 2596 3407 πίστεως.
2630 3347 2703 3398 Ού
2739 3347 2846 3417 γάρ
2873 3365 2927 3401 τι
2957 3350 3319 3420 μετήλλαττεν
3349 3353 3381 3422 ἠ
3424 3353 3605 3417 πίστις
3635 3355 3729 3407 ai)-

481 3437 626 3493 enim
673 3436 783 3490 ullo
823 3443 1065 3504 tempore
1109 3451 1138 3490 a
1180 3446 1379 3492 sancta:
1409 3445 1462 3492 et
1489 3439 1768 3494 catholica:
1803 3441 2050 3497 Ecclesiae

2159 3435 2248 3487 τοῦ
2280 3435 2336 3487 ὲν
2368 3435 2543 3507 καιρῷ
2567 3454 2672 3490 τινι
2699 3437 2798 3508 τῆς
2844 3439 3006 3509 ἁγίας
3038 3441 3334 3514 καθολικῆς
3377 3445 3722 3517 Ἐκκλησίας.

481 3522 743 3594 religione
770 3522 1016 3576 descivit.
1055 3522 1261 3578 Floruit
1305 3525 1394 3580 hic
1438 3526 1626 3580 eodem
1659 3543 1768 3598 quo
1803 3527 2058 3585 liieracas

481 3627 757 3684 tempore,
801 3629 1034 3684 euntque
1083 3615 1273 3670 ordine
1315 3622 1704 3687 consequitur:
1738 3635 1845 3690 quo
1893 3622 2056 3676 etiam

482 3715 724 3775 tempore
777 3715 1000 3761 sanctus
1063 3705 1254 3762 Petrus
1311 3707 1710 3765 Alexandrinus
1767 3711 2057 3780 cpiscopus

483 3797 644 3868 717
681 3797 832 3851 vixit.
882 3798 1058 3867 Atque
1092 3814 1282 3855 omnes
1333 3799 1422 3856 isti
1471 3803 1864 3870 persecutionis
1910 3803 2056 3858 illius

483 3899 727 3958 tempore
771 3889 1013 3952 fuerunt,
1044 3905 1164 3959 quae
1210 3906 1237 3944 a
1287 3889 1620 3947 Diocletiano
1650 3905 1703 3948 et
1731 3894 2056 3950 Maximiano

483 3981 902 4052 imperatoribus
950 3983 1184 4036 excitata
1233 3992 1336 4039 est.
1379 3983 1512 4049 Quae
1554 3992 1733 4040 autem
1777 3987 1843 4040 ad
1896 3985 2056 4042 Mele-

481 4074 616 4128 tium
644 4075 894 4141 attinent,
929 4077 1030 4130 hoc
1065 4075 1225 4132 modo
1252 4091 1372 4132 sese
1401 4075 1744 4132 habuerunt:

549 4179 649 4235 llic
681 4182 980 4237 Eeclesiam
1036 4182 1332 4236 schismate
1378 4178 1620 4238 discidit,
1669 4184 1738 4226 ita
1769 4180 1945 4224 tamen
1993 4178 2051 4220 ut

480 4267 637 4320 fidem
667 4271 812 4323 nulla
849 4286 915 4325 ex
952 4281 1104 4340 parte
1150 4275 1406 4322 mutaret.
1438 4266 1542 4330 Qui
1573 4266 1626 4318 in
1673 4263 1760 4315 illa
1797 4269 2047 4329 persecu-

478 4359 624 4413 tione
663 4375 767 4413 una
808 4376 931 4415 cum
973 4367 1163 4416 sancto
1204 4358 1369 4412 Petro
1407 4357 1666 4426 episcopo
1715 4360 1770 4406 et
1813 4355 2050 4419 martyre

477 4451 796 4519 ereterisque
817 4451 1146 4520 martyribus
1169 4449 1598 4520 comprehensus
1619 4453 1704 4500 est
1731 4442 1800 4496 ab
1816 4440 2050 4494 Alexan-

476 4539 608 4594 dria:
636 4547 691 4595 et
715 4540 931 4612 Δίωνι)ιὶ
966 4540 1255 4611 praefectis,
1293 4539 1494 4610 quibus
1528 4539 1629 4592 hoc
1662 4536 1729 4589 ab
1767 4534 2050 4602 imperato-

476 4616 630 4685 ribus
699 4631 1015 4685 mandatum
1077 4634 1273 4686 fuerat.
1328 4631 1564 4685 Praeerat
1617 4635 1730 4682 tum
1788 4622 2050 4680 Thebaidi

544 4712 559 4742 ¹
594 4710 613 4764 l
641 4711 766 4766 Cor.
792 4729 847 4778 κ,
879 4713 968 4767 3|.
1046 4717 1066 4746 ³
1097 4714 1115 4767 Ι
1146 4714 1285 4769 Tim.
1312 4731 1384 4779 tv,
1410 4713 1465 4779 2,
1496 4715 1548 4769 5.

2157 3523 2324 3592 Οὗτος
2391 3530 2421 3581 ό
2486 3529 2751 3600 Μελήτιος
2828 3531 3119 3604 σύγχρονος
3164 3528 3234 3604 ἦν
3301 3535 3395 3588 καὶ
3445 3553 3725 3607 συνακμα-

2157 3620 2288 3690 στὴς
2317 3619 2411 3674 τοῦ
2441 3621 2840 3692 προειρημένου
2883 3622 3098 3693 Ἱέρακά
3126 3642 3183 3677 τε
3205 3664 3220 3689 ,
3250 3626 3343 3679 καὶ
3360 3627 3596 3696 καθεξῆς
3615 3628 3725 3682 δια-

2154 3712 2472 3783 δεξάμενος·
2522 3711 2581 3776 ὃς
2617 3708 2685 3784 ἧν
2735 3715 2828 3767 καὶ
2877 3713 2972 3767 τοῦ
3018 3716 3172 3784 ἁγίου
3216 3718 3424 3787 Πέτρου
3485 3718 3579 3771 τοῦ
3625 3720 3722 3788 τῆς

2167 3803 2570 3876 ’Δλεξανδρείας
2650 3801 2946 3856 ἐπισκόπου
3033 3805 3346 3876 σύγχρονος.
3447 3811 3555 3864 Καὶ
3579 3803 3721 3864 οὗτοι

2153 3897 2354 3959 πάντες
2403 3895 2495 3948 ἐπὶ
2544 3893 2638 3948 τοῦ
2685 3895 2922 3966 διωγμοῦ
2972 3891 3112 3966 ἦσαν
3155 3897 3249 3950 τοῦ
3288 3899 3580 3968 γενομένου
3631 3901 3720 3954 ἐπὶ

2153 3985 2534 4055 Διοκλητιανοῦ
2561 3987 2656 4039 καὶ
2691 3987 3054 4056 Μαξιμιανοΰ.
3101 3988 3162 4041 Ἥ
3200 3988 3257 4041 δὲ
3289 3988 3430 4043 κατὰ
3473 3989 3569 4044 τὸν
3610 3992 3721 4046 Me-

2150 4078 2330 4140 λήτιον
2355 4077 2607 4140 ὑπόθεσις
2635 4077 2820 4131 τοῦτον
2849 4078 2972 4148 ἔσχε
2995 4079 3085 4132 τὸν
3113 4079 3332 4149 τρόπον’

2226 4156 2437 4228 Σχίσμα
2473 4161 2726 4228 ἐποίησεν
2751 4181 2765 4194 ο
2799 4164 2859 4216 οὐ
2903 4166 3009 4236 μὴν
3045 4165 3484 4236 μετηλλαγμένος
3513 4165 3612 4234 τὴν
3642 4163 3727 4215 πί-

2156 4265 2271 4302 στιν
2302 4250 2611 4322 γεγένηται.
2659 4249 2827 4319 Οὗτος
2876 4258 2932 4310 ὲν
2974 4256 3152 4328 καιρῷ
3195 4256 3290 4310 τοῦ
3331 4257 3573 4326 διωγμοῦ
3619 4257 3726 4326 ἅμα

2156 4341 2348 4413 Πέτρῳ
2390 4342 2470 4413 τῷ
2519 4344 2658 4415 ἁγίῳ
2705 4347 2988 4418 ὲπισκόπῳ
3037 4347 3130 4401 καὶ
3177 4348 3435 4419 μάρτυρι,
3483 4349 3578 4402 καὶ
3622 4351 3726 4411 τοῖς

2155 4433 2331 4497 ἄλλοις
2364 4435 2988 4508 μάρτυσι,,συλληφοε“ις
3024 4438 3127 4490 ὑπὸ
3146 4438 3256 4491 τῶν
3290 4439 3382 4491 ἐπὶ
3420 4439 3596 4509 τούτῳ
3629 4435 3726 4490 ὑπὸ

2155 4523 2246 4576 τοῦ
2280 4524 2542 4594 βασιλέως
2576 4530 3018 4598 ἐπιτεταγμένων
3047 4528 3152 4581 τῶν
3183 4531 3302 4582 κατ’
3336 4532 3509 4583 ἐκεῖνο
3537 4527 3726 4597 καιροῦ

2156 4614 2436 4682 ἡγεμόνων
2457 4616 2552 4684 τῆς
2593 4615 2998 4687 Ἀλεξανδρείας
3020 4617 3113 4672 καὶ
3134 4617 3433 4687 Αἰγύπτου·
3459 4617 3726 4688 Κουληῖα-

541 4825 654 4900 (50)
693 4826 1141 4900 TqﬁMeerdov.
1187 4826 1260 4882 De
1286 4826 1600 4900 _Lieletianis
1620 4826 1803 4900 Actis,
1837 4845 1899 4886 ac
1930 4839 2040 4888 tota
2067 4838 2110 4895 υ
2145 4843 2251 4900 que
2281 4842 2478 4900 causas
2507 4843 2570 4883 ac
2603 4844 2868 4899 personas
2905 4829 3043 4899 stylo
3076 4842 3176 4882 suo
3206 4843 3313 4900 non
3336 4829 3508 4900 modo
3534 4829 3714 4884 suble-

467 4895 784 4972 schismatis
814 4897 1063 4972 historia,
1090 4913 1252 4972 quam
1285 4897 1373 4952 hic
1391 4899 1656 4972 proponit
1679 4896 2038 4972 Epiphanius,

466 4967 600 5037 quid
627 4967 970 5042 sentiendum
995 4968 1173 5042 sit,_iu
1206 4967 1838 5042 BaronianisAnnalibits
1867 4967 2040 5042 explié

465 5048 625 5108 eatur
657 5052 802 5092 anno
835 5038 958 5103 506,
993 5037 1191 5108 quibus
1211 5053 1313 5106 ego
1343 5039 1703 5098 libentissime
1726 5037 2035 5100 subseri-bo.

465 5105 849 5182 (lenissimum
882 5105 1027 5182 enim
1052 5117 1136 5163 est
1176 5123 1204 5161 a
1239 5105 1525 5182 Meletiano
1549 5111 1737 5182 aliquo
1773 5113 2041 5182 scriptore

463 5178 607 5253 falsa
642 5177 843 5253 Meletii
871 5181 1007 5253 Acta
1033 5180 1349 5253 conscripta
1377 5179 1582 5246 fuisse;
1617 5177 1671 5237 in
1702 5177 2040 5253 quibustur-

462 5248 748 5316 pissimam
795 5249 1036 5305 hominis
1084 5248 1364 5304 infamiam
1409 5260 1463 5304 et
1511 5248 1868 5310 exsecrabilia
1904 5253 2038 5310 faci-

462 5320 987 5394 nora__dissimu_lare
1012 5331 1236 5394 conatus
1269 5327 1372 5375 est.
1396 5322 1456 5374 In
1477 5336 1541 5394 ea
1565 5338 1686 5377 cum
1719 5324 2038 5394 imprudens

463 5387 751 5446 incidisset
782 5390 1140 5460 Epiphanius,
1156 5405 1337 5445 veram
1360 5405 1424 5445 ac
1448 5391 1718 5448 sinceram
1746 5387 1892 5449 illam
1912 5411 2035 5452 esse

461 5461 838 5515 narrationem
882 5463 1084 5515 frustra
1137 5460 1388 5515 credidit.
1439 5461 1592 5527 Quod
1642 5466 1852 5520 utinam
1897 5467 1946 5520 ei
1978 5467 2033 5520 in

462 5536 704 5584 mentem
739 5544 848 5584 non
880 5532 1156 5587 venisset!
1189 5530 1432 5587 Pessime
1457 5533 1674 5601 quidem
1697 5536 1764 5590 de
1794 5535 2034 5590 humano

463 5613 664 5671 genere
694 5609 972 5654 merentur
1010 5603 1086 5656 illi
1109 5602 1203 5671 qui
1234 5613 1639 5657 sacrosanctam
1671 5605 1912 5661 historia:
1937 5622 2030 5660 ve-

462 5667 698 5743 ritatenr
719 5671 1014 5743 mendaciis
1050 5667 1346 5743 aspergunt
1389 5674 1526 5728 suis.
1567 5671 1669 5728 Sed
1724 5677 1894 5730 multo
1939 5675 2034 5730 de-

465 5740 701 5814 testandi
738 5741 910 5814 magis
965 5758 1028 5795 ac
1059 5740 1274 5812 publice
1313 5743 1597 5814 coercendi
1646 5746 1898 5814 videntur
1939 5747 2032 5814 qui

465 5807 532 5860 ad
564 5807 877 5882 falsitatem,
899 5807 1192 5882 impietatis
1220 5829 1283 5865 ae
1307 5813 1576 5880 sacrilegii
1599 5813 1805 5868 crimen
1839 5807 2036 5880 adjun-

464 5887 619 5936 mult.
647 5881 774 5935 dum
804 5896 893 5938 res
939 5881 1317 5939 hiercticorum
1353 5882 1650 5942 hominum,
1685 5885 2029 5938 eorumdem~

2144 4899 2294 4962 vant,
2348 4899 2442 4954 sed
2497 4900 2658 4953 etiam
2703 4909 2893 4955 contra
2930 4900 3085 4954 fidem
3132 4899 3377 4952 veritatis
3419 4910 3708 4953 exornant.

2144 4967 2464 5040 Cuiusmodi
2518 4979 2674 5024 aelate
2727 4979 2913 5024 nostra
2955 4968 3263 5040 complures
3305 4969 3558 5040 Historiae
3584 4986 3712 5038 pro-

2145 5038 2331 5102 deunt,
2358 5056 2384 5091 a
2419 5039 2735 5102 Catholicis,
2788 5049 2846 5094 ut
2889 5039 3057 5094 videri
3091 5039 3300 5097 volunt.
3349 5048 3403 5092 et
3454 5038 3713 5094 Romanae

2145 5109 2545 5164 communionis
2581 5110 2889 5166 hominibus
2913 5111 3102 5172 edita);
3133 5108 3229 5164 sed
3258 5125 3378 5177 qua:
3406 5108 3710 5164 Genevensi

2146 5179 2328 5249 aliquo
2375 5188 2643 5234 conventu
2697 5180 2966 5238 meditatae
3033 5180 3359 5249 dictataque
3397 5179 3707 5234 videantur.

2147 5248 2878 5320 Quarunrprtedicandarum
2911 5249 3072 5305 finem
3105 5248 3314 5304 nullum
3345 5248 3585 5304 haeretici
3607 5250 3709 5320 ipsi

2142 5317 2352 5372 faciunt
2377 5317 2668 5388 Catholici,
2720 5335 2828 5372 non
2863 5329 2921 5373 ut
2953 5328 3237 5388 suspectas
3263 5320 3460 5382 solum,
3508 5320 3601 5374 sed
3628 5317 3711 5374 'ut

2137 5389 2335 5456 impias
2379 5404 2451 5456 ac,
2483 5387 2770 5442 damnatas
2799 5387 3177 5444 exsecrantur.
3213 5389 3494 5456 Ejusmodi
3547 5388 3713 5445 Mele-

2138 5455 2287 5512 tiana
2311 5458 2401 5511 illa
2437 5455 2538 5528 fuit
2567 5456 2818 5528 historia,
2854 5476 2974 5528 qua:
3003 5455 3414 5514 sanctissimum
3442 5459 3621 5513 virum
3658 5461 3712 5514 in

2135 5543 2377 5582 errorem
2409 5527 2655 5601 adduxit.
2682 5527 2814 5601 Nam
2839 5527 3016 5601 qualis
3041 5544 3234 5601 revera
3255 5529 3500 5584 Melctius
3522 5530 3710 5601 fuerit,

2135 5613 2322 5669 quaeve
2345 5597 2654 5669 concitandi
2677 5597 3002 5669 rschismatis
3026 5600 3247 5654 occasio
3281 5615 3343 5652 ae
3369 5600 3707 5669 progressio,

2133 5667 2534 5739 multocertius
2565 5668 2944 5739 exrAthanasii
2968 5670 3188 5737 scriptis
3233 5667 3395 5739 atque
3419 5667 3709 5739 ex’Nicaeui

2136 5737 2354 5818 concilii
2407 5738 2688 5823 synodic'i‘s
2716 5740 2912 5820 litteris
2943 5740 3170 5821 intelligi
3189 5737 3390 5823 potest:
3421 5737 3558 5823 Vide
3585 5757 3707 5823 om-

2139 5807 2270 5862 nino
2301 5823 2418 5878 qua'
2442 5807 2556 5864 illic
2581 5824 2608 5862 a
2631 5809 2864 5867 Baronio
2892 5807 3308 5866 accuratissime
3340 5811 3704 5882 disputantur.

3758 4721 3773 4755 ί
