3994 6226
367 325 471 383 εδει
1042 331 1413 388 Αωτειιευε
1447 328 1789 385 ιικειιεεεε
1815 281 1936 383 Διιι)

2049 367 2057 381 .
2102 324 2265 381 ΤΟΜ.
2309 323 2372 378 ll.
2414 355 2480 364 ~—
2517 321 2788 376 ιΙίΙΞΒΕΒ.
2814 317 3046 374 LXVIII.
3516 311 3620 367 186

365 447 456 508 νὸς
487 445 587 516 μὲν
617 440 686 516 ἦν
718 443 953 516 ἔπαρχος
991 446 1088 517 τῆς
1125 445 1413 516 Θηδαῖδος,
1465 445 1866 516 Ἀλεξανδρείας
1891 444 1939 497 δὲ

2049 441 2380 508 Culejanus,
2434 439 2774 494 Alexandria:
2821 453 2952 492 vero
3014 433 3312 490 Hierocles.
3371 432 3615 488 Meletius

313 611 316 614 _
376 537 667 608 Ἱεροκλῆς·
717 538 813 590 καὶ
861 538 890 589 ὁ
941 537 1038 607 μὲν
1083 537 1352 610 Μελήτιος
1385 539 1442 591 ὲν
1488 537 1564 608 τῷ
1590 535 1939 607 δεσμωτηρίῳ

2049 533 2226 601 itaque
2255 548 2378 586 cum
2434 531 2788 600 martyribus.
2825 544 2888 583 ac
2932 527 3203 598 prmcipue
3241 524 3401 581 l’etro
3442 525 3617 578 archi-

365 629 764 699 καθειργμένος
792 624 879 700 ἦν,
905 629 1067 692 αὐτός
1093 646 1153 682 τε
1180 630 1276 682 καὶ
1304 631 1352 682 οί
1388 628 1774 700 προειρημένοι
1801 627 1942 698 μάρ-

363 735 528 787 τυρες
561 719 679 787 ἅμα
707 719 785 788 τῷ
824 719 1209 790 προειρημένῳ
1237 719 1428 788 Πέτρῳ
1450 718 1526 788 τῷ
1561 719 1657 787 τῆς
1698 715 1944 780 Ἀλεξαν-

363 809 1008 880 δρείας-ἁρχιεπισκόπῳ.
1046 809 1250 862 Ἐδόκει
1281 810 1337 863 δὲ
1371 810 1464 864 καὶ
1496 812 1523 863 ὁ
1549 808 1815 878 Μελήτιος
1835 807 1943 861 τῶν

364 898 509 971 [τὴν]
540 900 682 953 κατὰ
718 900 816 971 τὴν
853 900 1127 969 Αἴγυπτον
1166 901 1447 972 προήκων,
1491 901 1582 952 καὶ
1613 897 1942 969 δευτερεύων

362 989 440 1060 τῷ
468 991 665 1062 Πέτρῳ
699 992 841 1044 κατὰ
879 991 976 1062 τὴν
1018 991 1475 1063 άρχιεπισκοπὴν,
1519 989 1594 1052 ὼς
1628 989 1696 1043 δι’
1723 988 1940 1058 ἀντιλή-

362 1081 509 1149 ψεως
539 1081 705 1134 αὐτοῦ
744 1081 925 1152 χάριν,
957 1081 1048 1134 ὑπ’
1083 1082 1246 1135 αὑτὸν
1277 1081 1334 1134 δὲ
1362 1081 1459 1145 ὢν,
1488 1082 1583 1134 καὶ
1609 1081 1698 1132 ὑπ’
1730 1079 1893 1131 αὐτὸν
1922 1079 1936 1109 ί

361 1172 432 1225 τά
465 1172 896 1242 ὲκκλησιαστικά
943 1173 1250 1244 ἀναφέρων.
1304 1171 1474 1226 Τοῦτο
1510 1172 1617 1242 γὰρ
1654 1171 1772 1232 έθος
1801 1170 1938 1234 ἐστὶ,

361 1265 452 1319 τὸν
467 1266 524 1319 ἐν
540 1263 608 1334 τῇ
626 1259 1538 1336 Ἀλεξανδρείᾳ(51)ἀρχιεπίσκοπον
1568 1266 1744 1333 πάσης
1770 1281 1828 1316 τε
1851 1265 1944 1317 Αί-

361 1353 571 1421 γύπτου
609 1356 706 1410 καὶ
753 1356 1038 1427 Θηϐαΐδος,
1089 1355 1418 1428 Μαραιὼτου
1464 1373 1525 1409 τε
1575 1357 1668 1410 καὶ
1713 1355 1938 1426 Λιϐύης,

373 1446 786 1518 Ἀμμωνιακῆς,
837 1445 1215 1519 Μαραιὼτιδός
1272 1464 1330 1500 τε
1385 1447 1480 1500 καὶ
1530 1446 1940 1512 Πενταπόλεως,

362 1537 508 1607 ἔχειν
530 1539 629 1609 τὴν
651 1538 1109 1608 ἐκκλησιαστικὴν
1129 1537 1413 1608 διοίκησιν.
1453 1537 1605 1589 Ἐπεὶ
1628 1533 1721 1590 οὖν
1747 1536 1941 1608 συλλη-

2043 624 2302 694 episc0po
2339 621 2725 683 Alexandrino,
2770 628 2884 673 tum
2936 621 2990 673 in
3025 618 3259 672 vinculis
3297 616 3610 670 habebatur.

2041 716 2324 785 Atqueille
2341 713 2560 783 quidem
2581 712 2795 768 cancris
2828 709 3044 780 JEgypti
3065 708 3336 779 episcopis
3375 707 3614 760 antecel-

2043 807 2180 869 lens,
2207 806 2505 860 secundum
2536 817 2564 855 a
2585 803 2747 856 Petro
2782 800 3064 872 dignitatis
3098 801 3279 852 locum
3313 797 3616 860 obtinebat,

2043 906 2233 968 utpote
2275 897 2424 952 illius
2453 895 2690 964 adjutor,
2718 894 2813 948 sed
2833 893 3007 948 eidem
3027 901 3203 945 tamen
3233 889 3529 958 subjectus,
3565 894 3621 941 et

2042 991 2109 1044 ad
2136 989 2310 1059 ipsum
2335 989 2401 1043 de
2431 986 2612 1041 causis
2636 983 3026 1041 ecclesiasticis
3051 981 3313 1037 referens.
3349 980 3446 1033 llic
3472 979 3617 1033 enim

2041 1096 2160 1136 mos
2196 1088 2279 1137 est
2310 1077 2802 1134 Alexandrinorum
2838 1075 3396 1145 archiepiscoporum,
3429 1080 3487 1126 ut
3524 1087 3619 1141 per

2043 1181 2210 1230 totam
2261 1171 2552 1242 AEgyptnm
2598 1184 2661 1227 ac
2693 1168 3067 1230 Thebaidem,
3123 1165 3496 1229 Mareotidem,
3539 1162 3616 1216 Li-

2045 1267 2238 1338 byam,
2271 1264 2717 1327 Ammoniacam,
2775 1261 3126 1316 Mareotidem
3178 1266 3232 1315 et
3284 1257 3618 1325 Pentapolim

2047 1356 2422 1413 ecclesiastica
2455 1354 2669 1425 negotia
2698 1354 3099 1408 administrent.
3135 1351 3276 1420 Ergo
3319 1364 3508 1404 omnes
3542 1347 3621 1401 illi

2046 1450 2116 1505 ob
2144 1448 2349 1503 Christi
2389 1462 2585 1502 nomen
2618 1447 2672 1500 in
2706 1445 3012 1501 custodiam
3034 1443 3145 1498 dati
3183 1442 3274 1496 diu
3313 1441 3367 1496 in
3389 1439 3623 1493 vinculis

2047 1542 2250 1596 delenti
2295 1547 2451 1605 sunt;
2505 1545 2636 1600 ante
2663 1553 2802 1608 quos
2835 1537 3080 1591 nonnulli
3118 1535 3306 1591 eadem
3355 1533 3422 1586 de
3455 1546 3622 1585 causa

362 1630 590 1698 φθέντες
619 1623 764 1684 οὗτοι
795 1630 994 1692 πάντες
1023 1628 1321 1699 μαρτυρίου
1352 1629 1512 1698 χάριν
1542 1630 1598 1682 ἐν
1629 1631 1694 1700 τῇ
1725 1629 1939 1701 φυλακῇ

2049 1633 2202 1687 vincti
2225 1631 2543 1703 martyrium
2573 1630 2848 1693 obierunt,
2877 1643 2941 1684 ac
2968 1628 3250 1697 praemium
3284 1635 3459 1678 morte
3489 1638 3623 1676 con-

361 1722 654 1793 ἐπραττονσ
692 1721 869 1793 χρόνῳ
902 1719 958 1772 δὲ
1003 1718 1172 1789 ἱκανῷ
1211 1719 1504 1789 ἐπέμειναν
1534 1718 1940 1791 καθειργμένοι·

2040 1724 2214 1781 secuti
2249 1730 2410 1790 sunt;
2442 1737 2566 1776 eum
2597 1721 2821 1776 interim
2857 1719 2948 1774 isti
2984 1727 3238 1788 tanquam
3273 1713 3515 1786 primarii
3551 1727 3618 1769 ac

361 1785 514 1865 ἄλλοι
543 1811 600 1864 δὲ
770 1785 949 1865 αὐτῶν
979 1785 1376 1879 παραδοθέντες
1405 1785 1814 1881 ἐμαρτύρησαν,
1849 1812 1939 1864 καὶ

2049 1815 2454 1885 pi-aastantiores
2483 1816 2547 1882 in,
2565 1822 2842 1883 posterum
2870 1811 3131 1866 reservati
3162 1816 3365 1864 essent.

359 1905 423 1958 τὸ
468 1904 619 1970 τέλος
643 1904 738 1958 τοῦ
770 1902 1026 1976 βραδείου
1070 1901 1399 1972 ἀπείληφαν,
1452 1903 1544 1956 καὶ
1579 1902 1950 1974 ἐκοιμήθησαν
1978 1923 1992 1937 ⁸
2027 1902 2172 1963 οὗτοι
2228 1908 2285 1962 δὲ
2313 1909 2387 1971 ὡς
2425 1906 2722 1978 ἀκρέμονες
2764 1903 2860 1958 καὶ
2916 1902 3135 1973 μείζους
3174 1899 3462 1970 ἐσύστερον
3499 1897 3622 1964 ἐτη-

364 2013 576 2069 ρουντο.

431 2091 509 2146 Βι.
550 2091 660 2145 Καὶ
687 2094 872 2166 ἐπειδὴ
905 2094 1067 2150 τινῶν
1099 2097 1197 2167 μὲν
1241 2097 1726 2170 μαρτυρησάντων,
1767 2098 1940 2151 ἄλλων

359 2179 418 2234 δὲ
444 2181 538 2236 τοῦ
566 2185 862 2255 μαρτυρίου
895 2187 1256 2253 ἐκπεσόντων,
1284 2190 1378 2243 καί⁸
1402 2189 1500 2260 τὴν
1519 2189 1941 2260 άθεμιτουργίαν

360 2272 461 2343 τῆς
486 2274 596 2327 τῶν
621 2275 855 2329 εἰδώλων
882 2276 1178 2350 θρησκείας
1204 2280 1528 2350 πραξάντων
1554 2283 1602 2334 oi
1636 2283 1754 2334 κατ’
1778 2283 1944 2350 ἀνάγ-

361 2381 466 2433 κην
499 2365 594 2418 καὶ
633 2365 863 2420 θυσίαν¹
905 2369 1207 2440 ἐφήψαντο.
1249 2372 1669 2442 Παραπεσόντες
1706 2367 1818 2436 οὖν,
1850 2375 1944 2426 καὶ

365 2453 626 2519 θύσαντες
650 2457 781 2528 (52),
817 2459 911 2512 καὶ
950 2461 1318 2530 παραϐάντες,
1348 2463 1652 2533 προσῆλθον
1677 2466 1789 2527 τοῖς
1810 2466 1941 2534 ὁμο-

361 2539 618 2615 λογηταῖς
649 2563 708 2599 τε
751 2549 843 2601 καὶ
880 2549 1170 2622 μάρτυσιν,
1206 2551 1354 2614 ὅπως
1389 2553 1627 2622 τύχωσιν
1644 2553 1828 2616 ’ἐλέους
1855 2554 1944 2607 διὰ

366 2635 674 2702 μετανοίας,
715 2638 764 2690 οί
808 2639 904 2708 μὲν
936 2640 1044 2692 ἀπὸ
1076 2640 1422 2711 στρατιωτῶν
1454 2641 1628 2707 ὄντες,
1667 2642 1804 2695 οί’δὲ
1836 2642 1944 2695 ἀπὸ

361 2723 640 2796 κληρικῶν
682 2727 1019 2800 ὑπάρχοντες
1064 2730 1322 2802 διαφόρου
1363 2732 1587 2803 κλήρου,
1641 2733 1942 2804 πρεσϐυτε-

365 2816 477 2888 ρίου
515 2835 600 2881 τε,
639 2819 736 2872 καὶ
772 2820 1070 2888 διακονίας,
1119 2823 1211 2876 καὶ
1242 2822 1438 2889 ἄλλων,
1479 2823 1693 2895 κίνησις
1729 2824 1946 2893 ἐγένετο

365 2910 638 2980 ἆναμέσον
669 2910 780 2964 τῶν
815 2913 1129 2986 μαρτύρων,
1165 2915 1258 2968 καὶ
1291 2908 1531 2987 τάραχος
1565 2917 1664 2986 οὐχ
1692 2917 1720 2968 ὁ
1745 2914 1940 2986 τυχών

367 3001 470 3053 τῶν
503 3000 600 3071 μέν
629 3001 894 3069 λεγόντων
926 3005 1050 3066 τοὺς
1078 3003 1224 3068 ἅπαξ
1252 3005 1692 3075 παραπεσόντας,
1725 3006 1820 3058 καὶ
1848 3005 1946 3076 ἀρ-

363 3093 722 3164 νησαμένους,
759 3094 853 3147 καὶ
891 3095 948 3148 ἐν
983 3095 1320 3166 ἀνδρειότητι
1363 3097 1437 3166 μὴ
1475 3097 1940 3168 παραμείναντας,

366 3182 502 3253 μηδέ
526 3183 992 3254 ἀγωνισαμένους,
1015 3185 1088 3255 μὴ
1109 3185 1217 3238 δεῖν
1238 3185 1518 3249 ἀξιοῦσθαι
1533 3187 1612 3248 είς
1632 3187 1941 3256 μετάνοιαν,

361 3271 454 3325 ενα
479 3271 554 3343 μὴ
578 3275 674 3326 καὶ
705 3275 754 3326 oi
781 3272 861 3325 ἔτι
888 3273 1348 3344 περιλειφθέντες,
1380 3274 1598 3328 ἔλαττον
1625 3276 1944 3345 φροντίσαν-

365 3380 454 3426 τες
483 3364 584 3434 τῆς
605 3363 882 3442 ἐπιτιμίας
909 3364 995 3418 διὰ
1019 3365 1114 3435 τὴν
1144 3364 1400 3437 τοιαύτην
1429 3365 1619 3418 θᾶττον
1644 3365 1944 3437 γενομένην

360 3453 548 3518 αὐτοῖς
587 3455 954 3526 συγχώρησιν,
997 3455 1334 3526 ἐκτραπῶσι,
1385 3458 1476 3510 καὶ
1524 3458 1602 3519 είς
1644 3458 1943 3528 ἐπαρνησι-

371 3547 516 3600 ὰεῖαν
548 3548 643 3600 καὶ
684 3547 1109 3618 ἁθεμιτουργίαν
1153 3547 1515 3620 Ἑλληνισμοῦ
1569 3549 1783 3603 ἔλθωσι.
1835 3551 1944 3602 Καὶ

370 3633 431 3710 ἦν
461 3637 682 3708 εὔλογον
723 3639 782 3691 τὸ
825 3641 951 3710 παρ’
991 3639 1170 3693 αὐτῶν
1209 3639 1316 3693 τῶν
1345 3641 1690 3710 ὁμολογητῶν
1721 3641 1946 3710 λεγόμε-

363 3744 474 3780 νον.
512 3723 690 3780 Ἦσαν
730 3728 784 3781 δὲ
831 3731 877 3782 at
911 3729 1067 3782 τοῦτο
1093 3729 1362 3798 λέγοντες,
1390 3731 1676 3802 Μελήτιος,
1712 3734 1804 3784 καὶ
1835 3734 1946 3802 Πη-

368 3818 512 3881 λεὺς,
541 3819 635 3871 καί
654 3835 799 3882 τινες
832 3819 981 3872 ἄλλοι
1013 3820 1230 3883 πλείους
1255 3821 1361 3874 τῶν
1392 3822 1678 3893 μαρτύρων
1703 3824 1793 3875 καὶ
1817 3825 1944 3891 δμθ”

367 3908 610 3979 λογητῶν
653 3908 770 3982 ἅμα
810 3911 1012 3974 αὐτοῖς.
1058 3912 1228 3982 Ζῆλον
1273 3913 1452 3965 τοίνυν
1497 3913 1586 3964 τὸν
1628 3913 1768 3983 ὑπὲρ
1809 3911 1944 3965 Θεοῦ

367 3999 824 4069 ὰναδεδειγμένοι,
862 3999 1042 4070 δῆλον,
1085 4002 1167 4053 ὅτι
1206 4000 1444 4071 ἔπασχον
1469 4001 1640 4054 ταῦτα
1673 4001 1940 4068 λέγοντες.

370 4091 649 4158 Ἕφασκον
680 4090 757 4156 δὲ,
792 4093 840 4144 εί
862 4091 967 4163 ἆρα
999 4093 1135 4161 μετὰ
1159 4092 1219 4145 τὸ
1245 4091 1551 4145 παύσασθαι
1590 4092 1678 4144 τὸν
1706 4091 1943 4162 διωγμὸν

369 4183 509 4254 μετὰ
546 4183 737 4255 χρόνον
765 4184 946 4237 ἱκανὸν
973 4184 1208 4237 δίδοσθαι
1246 4188 1358 4248 τοῖς
1397 4185 1812 4257 προειρημένοις
1844 4203 1947 4254 με·

365 4275 586 4329 τάνοιαν
625 4277 682 4328 ἐν
716 4276 892 4347 καιρῷ
934 4275 1230 4346 γενομένης
1273 4277 1513 4347 εἰρήνης,
1560 4276 1653 4328 ἐὰν
1695 4276 1780 4327 ἐπ’
1813 4275 1944 4345 άλη-

368 4366 520 4431 θείας
547 4368 942 4439 μετανοήσωσι,
967 4368 1061 4421 καί¹
1085 4369 1294 4439 καρπὸν
1319 4369 1420 4438 τῆς
1449 4367 1736 4438 μετανοίας
1765 4367 1944 4421 αὐτῶν

2118 2093 2182 2147 ll.
2214 2091 2462 2160 Cumque
2501 2089 2750 2144 nonnulli
2802 2087 3122 2158 martyrium
3170 2083 3401 2140 feliciter
3429 2083 3626 2139 subiis-

2048 2193 2188 2248 sent,
2233 2184 2324 2238 alii
2353 2198 2483 2237 vero
2521 2183 2589 2236 ab
2627 2181 2814 2236 eodem
2869 2180 3223 2239 excidissent,
3270 2185 3322 2232 et
3362 2177 3623 2232 nefariam

2048 2272 2314 2327 idolorum
2355 2271 2798 2340 superstitionen'i
2821 2258 3358 2330 admisissentfadeo
3394 2277 3451 2320 ut
3489 2267 3536 2318 vi
3561 2281 3625 2320 ac

2048 2365 2377 2419 necessitate
2433 2361 2825 2428 sacrificarent,
2875 2363 3034 2417 iidem
3063 2371 3189 2430 post
3216 2362 3424 2430 lapsum
3453 2371 3498 2415 et
3541 2377 3621 2416 sa-

2048 2456 2250 2511 crificia
2278 2455 2346 2509 ad
2378 2455 2721 2509 confessores
2763 2462 2815 2508 et
2865 2462 3132 2522 martyres
3167 2463 3534 2513 accesserunt,
3567 2461 3627 2505 ut

2047 2547 2367 2619 poenitentia
2416 2545 2842 2600 misericordiam
2890 2545 3219 2599 obtinerent.
3254 2543 3494 2610 Quorum
3535 2545 3626 2598 alii

2046 2640 2249 2694 milites
2295 2647 2469 2703 erant,
2513 2637 2605 2690 alii
2653 2652 2718 2691 ex
2747 2635 2915 2690 variis
2951 2637 3273 2690 clericorum
3314 2636 3624 2701 ordinibus,

2045 2729 2404 2800 presbyteris,
2437 2727 2708 2792 diaconis,
2750 2741 2814 2781 ac
2853 2715 3077 2796 reliquis
3124 2727 3266 2782 aliis.
3327 2726 3466 2781 Hinc
3519 2743 3628 2780 non

2045 2822 2268 2874 minima
2319 2821 2462 2875 inter
2510 2825 2776 2888 martyres
2810 2804 3102 2871 commotio
3160 2833 3222 2871 ac
3251 2818 3524 2873 dissensio
3546 2824 3631 2872 est

2045 2917 2256 2971 exorta,
2287 2908 2617 2978 negantibus
2646 2907 2768 2960 aliis
2793 2921 2906 2970 eos,
2929 2907 3023 2976 qui
3055 2907 3220 2961 semel
3253 2907 3389 2977 lapsi
3419 2916 3627 2972 essent,

2050 3015 2115 3055 ac
2141 2998 2422 3052 Christum
2455 2999 2837 3067 abnegassent,
2872 3013 2971 3051 nec
3001 2996 3375 3052 fortitudinem
3407 3013 3470 3052 ac
3502 3013 3632 3051 con-

2047 3091 2308 3147 stantiam
2336 3089 2716 3152 retinuissent,
2750 3096 2844 3141 ant
2869 3097 3144 3142 certamen
3163 3089 3454 3156 obiissent,
3489 3089 3628 3142 reei-

2046 3183 2274 3254 piendos
2299 3181 2363 3236 ad
2398 3181 2775 3251 paenitentiam
2815 3195 2937 3235 esse
2975 3198 2989 3236 :
3028 3196 3094 3234 ne
3142 3179 3282 3234 forte
3326 3181 3520 3250 reliqui
3561 3183 3631 3235 ob

2045 3275 2328 3329 celerrime
2387 3273 2731 3342 impetratam
2784 3271 2852 3325 ab
2887 3271 2955 3326 iis
2986 3272 3378 3341 indulgentiam
3421 3273 3632 3327 minore

2046 3379 2329 3435 poenarum
2373 3373 2541 3429 metu,
2575 3362 2749 3432 abripi
2815 3377 2936 3422 sese
2977 3371 3312 3432 paterentur,
3351 3377 3415 3416 ac
3463 3361 3630 3418 Deum

2047 3464 2325 3526 negarent,
2363 3455 2835 3522 cxsecrandisque‘
2882 3469 2940 3508 se
2983 3454 3263 3524 gentilium
3298 3453 3470 3509 sacris
3509 3455 3631 3523 pol-

2046 3549 2277 3603 luerent.
2331 3547 2396 3600 Et
2461 3554 2580 3602 erat
2618 3546 2761 3615 qubd
2797 3547 2865 3600 ab
2903 3545 3169 3614 ejusmodi
3218 3545 3630 3600 confessoribus

2045 3641 2327 3695 dicebatur
2361 3657 2390 3695 a
2442 3641 2653 3694 ratione
2707 3656 2819 3693 non
2866 3641 3125 3694 alienum.
3177 3639 3240 3692 lli
3277 3648 3432 3694 erant
3469 3640 3634 3710 718

2047 3732 2314 3795 Meletius,
2374 3742 2426 3786 et
2476 3731 2693 3796 Peleus,
2717 3732 2920 3800 aliique
2975 3731 3286 3800 complures
3337 3739 3629 3801 martyres,

2046 3832 2097 3879 ct
2144 3823 2512 3889 confessores,
2545 3839 2682 3894 quos
2711 3822 2881 3877 divini
2921 3824 3147 3878 honoris
3192 3823 3374 3878 studio
3407 3838 3472 3878 ac
3514 3824 3631 3878 zelo

2049 3915 2433 3981 inﬂammatos,
2462 3932 2584 3972 eum
2604 3919 2720 3972 haec
2747 3917 3014 3980 dicerent,
3060 3916 3228 3971 fuisse
3267 3933 3374 3971 non
3403 3917 3630 3971 dubium

2049 4016 2150 4062 est.
2185 4008 2450 4063 Auctores
2479 4024 2642 4078 porro
2673 4009 2834 4064 iidem
2884 4016 3062 4073 erant,
3102 4015 3162 4061 ut
3185 4007 3483 4062 secundum
3515 4023 3636 4076 per-

2049 4099 2407 4162 secutionem,
2445 4100 2792 4168 postjustum
2816 4099 3036 4169 aliquod
3070 4099 3329 4167 temporis
3368 4099 3631 4167 spatium,

2049 4201 2183 4257 pace
2216 4187 2536 4250 constituta,
2563 4187 2898 4257 pmnitentia:
2931 4188 3035 4241 illis
3067 4187 3220 4240 locus
3241 4186 3634 4256 indulgeretur,

2051 4277 2095 4332 si
2132 4276 2349 4346 quidem
2374 4293 2499 4332 vere
2533 4278 2678 4330 illam
2695 4287 2746 4331 ct
2775 4291 2840 4330 ex
2871 4276 3053 4329 animo
3080 4277 3442 4345 susciperent,
3474 4282 3638 4344 atque

2050 4367 2168 4437 ejus
2191 4367 2399 4424 fructus
2426 4369 2743 4423 exhibercnt
2783 4387 2795 4422 :
2823 4383 2923 4422 nec
2958 4367 3030 4420 ita
3059 4375 3259 4432 tamen,
3297 4375 3354 4426 ut
3377 4366 3638 4421 eclericis

369 4437 852 4522 ἐπιδείξωνταιίοὺ
877 4456 981 4529 μὴν
1005 4457 1090 4510 ἵνα
1120 4437 1348 4522 ἕκαστος
1382 4437 1608 4529 δεξιωθῇ
1643 4456 1754 4528 (55)
1786 4456 1939 4527 ἐντῷ

2053 4460 2428 4530 unusquisque
2474 4459 2766 4530 pristinum
2818 4459 2874 4513 in
2931 4457 3179 4512 ordinem
3231 4456 3636 4520 restitueretur,

443 4614 462 4645 ⁸
494 4612 622 4690 Cor.
659 4612 746 4667 ἐπ’
785 4613 967 4668 αὐτόν.
1044 4613 1066 4643 ²
1099 4611 1226 4667 Cor.
1254 4611 1465 4676 θυσίας.

438 4814 551 4887 (5-1)
598 4814 778 4869 Τοῦτο
797 4815 904 4887 πὰρ
916 4817 1054 4882 ἔθος
1073 4815 1170 4870 ἐπὶ
1195 4816 1299 4871 τὸν
1319 4818 1388 4871 ἐν
1409 4817 1482 4886 τῇ
1506 4818 1933 4887 Ἀλεξανδρείᾳ.

368 4884 459 4960 §ic
492 4885 546 4938 in
574 4899 776 4960 magno
821 4884 1340 4960 Nicarnoconeilio,
1377 4884 1497 4960 can.
1526 4890 1567 4960 ti
1591 4909 1603 4943 :
1629 4889 1708 4942 Τὰ
1734 4884 1937 4960 ἀρχαῖα

365 4955 458 5026 ἔθη
490 4955 762 5031 κρατείτω
803 4956 872 5031 τὰ
915 4957 1285 5031 ένλᾼ-ίγόπτῳ,
1312 4959 1411 5031 ’καὶ
1439 4959 1633 5031 Λιϐύῃ.
1667 4955 1932 5014 καὶῚῘεν-

363 5021 769 5098 ταῄόλὲι,ὦστε
795 5026 971 5098 τὸνέν
986 5021 1360 5098 Ἀλεξανδρείᾳ
1395 5021 1689 5083 ἐπίσκοπον
1720 5031 1935 5084 πάντων

362 5095 569 5149 τούτων
593 5096 737 5169 ἔχειν
767 5096 866 5166 τὴν
896 5095 1162 5169 ἐξουσίαν.
1199 5095 1370 5153 Ferro
1430 5099 1482 5152 in
1535 5100 1602 5154 iis
1639 5100 1933 5169 provinciis

339 5167 739 5236 'recensendis,
761 5181 882 5236 qua:
908 5167 1248 5222 Alexandria:
1276 5167 1722 5228 contribuuntur.
1756 5170 1933 5223 anim-

363 5235 791 5309 advertendum,
833 5236 1276 5309 e_st,7_distingui
1331 5239 1400 5309 ab
1459 5239 1760 5309 Epiphanio
1833 5240 1933 5309 τὴν

364 5305 670 5377 Μαρεώτην
714 5314 770 5360 et
821 5305 918 5377 τῂν
956 5305 1295 5377 Μαρεώτὶδα.
1341 5305 1661 5365 Ptolemaeus
1702 5310 1794 5363 lib.
1855 5305 1929 5373 Iv,

365 5373 714 5429 Mareotidem
742 5384 796 5430 et
827 5373 1140 5444 Marmotam
1174 5379 1246 5430 ita
1280 5378 1636 5444 discernit,ut
1665 5379 1932 5434 Maraeotis

363 5445 621 5520 oppidum
648 5446 720 5520 sit
736 5445 919 5515 Libya:
946 5443 1219 5520 N_om_idis,_
1245 5447 1389 5520 haud
1421 5443 1609 5520 procul
1635 5450 1702 5503 ab
1724 5447 1927 5516 Oasite,

363 5525 418 5587 at
458 5517 486 5567 ὁ
513 5514 1269 5587 Mapsib'g‘qgfprovincia,psit,
1319 5514 1436 5573 sive
1472 5519 1676 5574 Nomus
1705 5533 1768 5572 ac
1795 5514 1932 5587 pra-'-

367 5584 577 5657 fgctura
607 5584 673 5639 ad
708 5584 970 5657 uanam,
991 5585 1106 5657 sive
1138 5585 1487 5643 Mareotidem
1515 5584 1851 5657 lacum,qu—a:
1875 5589 1930 5644 in

363 5651 600 5729 Egypto
625 5663 901 5729 censetur.
942 5655 1152 5729 P_l_inius
1181 5672 1318 5729 vero
1344 5657 1617 5729 hiareotas
1648 5651 1796 5714 velut
1835 5675 1930 5729 po-

359 5725 547 5850 pﬁm;
569 5726 858 5796 quemdam
886 5727 942 5780 in
970 5724 1266 5783 Mareotide
1298 5726 1465 5800 Libya
1499 5730 1730 5787 collocat
1753 5724 1851 5788 lib:
1872 5747 1928 5798 ν,

364 5806 480 5861 cap.
513 5806 566 5850 υ.

2120 4829 2234 4900 (5:2)
2268 4831 2731 4899 Παραπεσόντες
2760 4826 2873 4886 οὖν
2899 4831 2995 4885 καί
3027 4833 3344 4899 θύσαντες.
3385 4831 3628 4889 Tametsi

2047 4900 2403 4972 impetrandae
2473 4902 2806 4970 paenitentiae
2867 4917 3034 4956 causa
3091 4904 3155 4956 ad
3219 4912 3487 4972 martyres
3546 4905 3623 4956 id-

2046 4970 2199 5042 circo
2254 4971 2568 5042 confugisse
2613 4973 2784 5026 videri
2843 4973 3077 5038 possint.
3131 4974 3274 5042 quod
3333 4970 3494 5027 iidem
3543 4973 3623 5042 illi

2046 5040 2287 5109 episcopi
2315 5040 2515 5106 forent,
2547 5056 2576 5094 a
2605 5042 2808 5111 quibus
2831 5043 2882 5095 id
2911 5040 3353 5097 obtineri—debuit
3379 5061 3390 5096 :
3423 5041 3624 5094 nihilo-

2046 5111 2228 5165 minus
2255 5119 2490 5166 veterem
2523 5112 2588 5165 ad
2625 5113 2789 5165 ritum
2836 5111 3089 5168 fortassis
3142 5114 3290 5166 istud
3341 5113 3618 5180 pertinet;

2047 5193 2158 5252 quo
2183 5181 2376 5252 lapsos
2427 5181 2494 5235 ad
2523 5189 2790 5252 martyres
2830 5182 3032 5236 adiisse
3075 5183 3306 5244 scimus,
3341 5191 3396 5232 ut
3451 5181 3521 5234 ab
3547 5182 3617 5236 iis

2048 5249 2262 5304 libellos
2292 5266 2355 5306 ac
2411 5249 2618 5306 litteras
2658 5249 2726 5304 ad
2773 5252 3044 5306 antistites
3075 5259 3337 5319 peterent.
3373 5265 3619 5319 quorum

2040 5320 2307 5391 beneficio
2369 5319 2422 5373 in
2474 5321 2742 5391 integrum
2776 5323 3228 5391 restituerentur.
3287 5319 3362 5372 De
3413 5320 3615 5388 quibus

2038 5388 2299 5459 frequens
2323 5399 2409 5446 est
2439 5388 2979 5461 apud'Cyprianu-in,
3013 5390 3236 5445 Tertull.
3272 5405 3336 5443 ac
3384 5396 3616 5444 caeteros

2035 5464 2260 5517 mentio.

2115 5593 2228 5672 (5;)
2263 5595 2344 5672 0i)
2371 5595 2499 5661 μὴν
2529 5593 2627 5672 ἴοι-α
2649 5592 2908 5672 ἕκαστος
2931 5595 3200 5672 δεξιωθῇ,
3246 5599 3440 5653 Clerici
3497 5611 3620 5672 post

2039 5663 2416 5728 ptenitentiam
2472 5664 2742 5731 publicam
2802 5665 2868 5717 ad
2918 5669 3362 5724 communionem
3421 5663 3617 5726 laicam

2038 5746 2432 5810 nonnunquam
2446 5733 2678 5810 redacti.
2701 5731 2849 5787 Alias
2867 5734 3072 5810 honore
3086 5752 3148 5810 ac
3167 5739 3427 5810 dignitate
3443 5742 3617 5804 salva,

2041 5803 2111 5857 ab
2140 5805 2285 5858 omni
2304 5802 2584 5857 functione
2606 5800 2873 5858 duntaxat
2901 5800 3443 5866 “administratione
3489 5800 3617 5866 sub;
