3994 6226
386 333 506 396 ’187
596 363 607 382 κ

1809 344 1867 400 S.
1910 335 2254 401 ΕΡΙῬΙΙᾹΝΙΙ

3571 337 3680 400 {38

400 458 495 514 sed
533 465 590 513 ut
619 466 742 528 post
773 457 992 529 aliquod
1029 466 1244 531 tempus
1280 459 1347 514 ad
1405 459 1702 519 Ecclesium
1741 479 1806 520 ac
1833 479 1974 520 com-

2093 469 2209 539 ἰδίῳ
2235 465 2443 538 κλήρῳ,
2477 461 2612 517 ἀλλά
2640 460 2778 534 μετά
2806 462 2996 533 χρόνου
3032 461 3310 532 διάστημα
3349 459 3686 528 συνάγεσθαι

399 552 713 606 munionem
737 549 1016 607 admissus
1043 551 1098 606 in
1133 553 1340 622 reliqua
1371 555 1556 624 p0puli
1607 556 1980 622 multitudine,

397 659 506 696 non
566 643 706 697 inter
759 643 998 715 reliquos
1046 653 1384 700 censeretur.
1440 644 1676 716 Eratque
1727 647 1862 712 base,
1903 649 1981 703 uti

395 733 529 795 dixi,
569 749 599 787 a
655 734 901 792 veritatis
931 748 1120 792 amore
1148 735 1428 806 profecta,
1468 745 1523 795 et
1563 737 1735 795 divini
1765 739 1982 796 ardoris

393 826 710 896 plenissima
750 828 910 885 ratio.
1638 835 1647 844 ’

469 915 553 971 Ill.
582 915 786 972 Contra
817 918 1203 975 sanctissimus
1235 919 1449 988 Petrus,
1483 928 1671 992 utpote
1706 921 1979 994 benignus

394 1022 459 1063 ac
491 1007 825 1075 misericors,
864 1019 918 1066 et
951 1011 1097 1066 velut
1128 1012 1440 1067 communis
1463 1014 1707 1067 omnium
1754 1029 1976 1084 parens,

392 1098 482 1156 his
502 1100 624 1155 illos
655 1102 837 1157 verbis
859 1102 1185 1159 obsecrabat
1211 1105 1612 1160 :Admittamus
1631 1105 1775 1170 illos,
1804 1119 1977 1177 quan-

391 1194 685 1264 doquidem
717 1196 926 1264 peccati
960 1210 1054 1252 eos
1085 1197 1332 1266 poenitet,
1365 1212 1429 1252 ac
1461 1197 1839 1268 paenitentiam
1868 1198 1978 1254 illis

392 1285 814 1349 constituamus,
836 1294 896 1340 ut
933 1287 1000 1342 ad
1033 1287 1330 1343 Ecclesiam
1359 1289 1654 1354 assideant,
1688 1304 1863 1360 neque
1885 1297 1978 1343 aut

391 1374 566 1445 ipsos,
588 1385 678 1429 aut
703 1376 934 1432 clericos
966 1393 1283 1434 aversemur
1303 1379 1412 1449 (his
1435 1379 1580 1434 enim
1614 1379 1794 1434 verbis
1818 1395 1976 1434 usum

390 1482 510 1522 csse
553 1470 823 1523 constanti
891 1469 1034 1523 fama
1079 1469 1417 1542 didicimus),
1461 1485 1530 1526 Ie
1577 1481 1629 1526 et
1665 1470 1894 1541 pudore,
1924 1480 1978 1526 ct

390 1556 653 1612 dilatione
686 1559 775 1612 illa
806 1561 1086 1630 temporis,
1119 1565 1212 1632 qui
1244 1564 1412 1618 semel
1459 1577 1570 1632 pra:
1609 1564 1980 1620 imbecillitate

388 1656 443 1702 et
469 1651 681 1720 ignavia
721 1665 750 1704 a
789 1652 1008 1706 diabolo
1051 1654 1303 1707 concussi
1358 1668 1422 1707 ac
1475 1653 1786 1709 labefactati
1826 1662 1974 1720 sunt,

389 1739 606 1810 penitus
660 1739 995 1808 desciscant,
1055 1757 1154 1794 nec
1228 1741 1528 1795 remedium
1585 1742 1754 1795 ullum
1820 1742 1977 1796 adhi-

2085 561 2142 613 ἐν
2171 562 2237 631 τῇ
2277 555 2576 627 Ἐκκλησία
2605 556 2697 621 καὶ
2726 554 2783 606 ἐν
2808 555 2872 623 τῇ
2906 554 3184 625 κοινωνίᾳ,
3217 554 3274 606 ἐν
3305 552 3384 622 τῷ
3410 552 3682 622 τάγματι,

2084 652 2177 705 καὶ
2205 651 2305 706 οὐκ
2326 652 2382 702 ἐν
2401 647 2642 719 κλήροις.
2671 646 2780 699 Καὶ
2805 641 2878 718 ἦν
2908 645 3204 717 φιλάληθες
3230 645 3324 698 καὶ
3344 642 3507 715 ζήλου
3535 641 3680 712 πλῆο

2085 760 2178 815 ρες
2205 759 2383 797 τουτο.

2151 918 2225 973 Ρ.
2267 919 2326 972 '0
2363 917 2420 972 δὲ
2451 916 2760 986 ἀγιὼτατος
2795 915 3022 988 Πέτρος,
3051 911 3426 982 εὖσπλαγχνος
3453 909 3552 973 ὢν,
3577 908 3677 962 καὶ

2079 1011 2156 1076 ώς
2193 1011 2376 1082 πατὴρ
2411 1009 2630 1064 πάντων
2673 1008 2958 1080 ὑπάρχων,
3002 1005 3182 1060 ἐδέετο
3221 1005 3318 1057 καὶ
3346 1001 3676 1056 καθικέτευε

2078 1101 2272 1171 λέγων·
2308 1098 2596 1170 Δεξώμεθα
2633 1098 2830 1158 αὐτοὺς
2859 1093 3275 1169 μετανοοῦντας,
3301 1093 3394 1148 καὶ
3419 1091 3677 1162 τάξωμεν

2081 1195 2263 1258 αὐτοῖς
2296 1193 2586 1265 μετάνοιαν
2612 1194 2692 1257 είς
2724 1193 2785 1246 τὸ
2822 1188 3304 1264 παρακαθέζεσθαι
3333 1189 3398 1258 τῇ
3438 1185 3675 1254 Ἐκκλη-

2082 1283 2193 1354 σίᾳ,
2225 1283 2319 1338 καὶ
2347 1283 2422 1355 μὴ
2446 1282 2884 1354 ἀποστρέψωμεν
2907 1279 3126 1342 αὐτοὺς,
3155 1279 3296 1348 μήτε
3329 1270 3420 1329 τὸν
3443 1274 3671 1345 κλῆρον,

2079 1375 2156 1439 ὡς
2184 1377 2212 1429 ό
2237 1377 2316 1440 είς
2343 1377 2492 1446 ἡμᾶς
2533 1373 2703 1428 ἐλθὼν
2732 1373 2889 1443 λόγος
2926 1371 3192 1444 περιέχει,
3229 1370 3436 1440 μήποτε
3479 1369 3560 1431 εἰς
3585 1369 3676 1420 αἰρ-

2081 1466 2283 1538 σχύντιν
2324 1467 2418 1522 καὶ
2451 1466 2538 1521 διά
2577 1464 2860 1538 παρολκὴν
2899 1463 2993 1518 τοῦ
3029 1463 3220 1536 χρόνου
3265 1463 3315 1515 οἱ
3364 1460 3521 1525 ἀπαξ-
3562 1457 3674 1514 ὑπὸ

2081 1559 2375 1632 ἀνανδρίας
2403 1558 2497 1612 καί⁵
2540 1557 2825 1618 ἀσθενείας
2863 1555 2967 1608 ὑπὸ
2993 1553 3239 1608 διαϐόλου
3268 1551 3674 1614 ἐπισεισθέντες

2081 1651 2174 1703 καὶ
2206 1649 2712 1720 παρασαλευόμενοι
2734 1647 2956 1710 τελείως
2987 1643 3326 1716 ἐκτραπώσι,
3351 1643 3445 1696 καὶ
3479 1642 3560 1713 μὴ
3585 1644 3671 1694 ia-

2082 1741 2265 1795 θῶσινο
2311 1741 2386 1805 ὼς
2432 1740 2575 1795 κατά
2620 1740 2680 1793 τὸ
2709 1737 3097 1810 γεγραμμένον
3124 1754 3135 1767 ’
3163 1737 3254 1806 Μὴ
3313 1733 3672 1806 ἐκτραπῆναι

389 1829 575 1897 beant,
627 1831 1088 1900 quemadmodum
1143 1847 1313 1888 sacrm
1366 1831 1584 1887 Litterae
1622 1833 1974 1904 praecipiunt:

2084 1833 2146 1886 τὺ
2189 1833 2382 1904 χωλὸν,
2418 1833 2635 1904 ἰαθῆναι
2683 1831 2740 1884 δὲ
2797 1829 3018 1902 μᾶλλον.
3059 1829 3168 1881 Καὶ
3216 1824 3284 1899 ἦν
3315 1826 3410 1898 μὲν
3435 1826 3527 1878 τοῦ
3557 1826 3667 1878 Πέ-

389 1919 506 1976 Non
526 1922 761 1992 perverti
828 1923 1104 1987 claudum,
1158 1922 1252 1977 sed
1306 1924 1488 1978 sanari
1545 1924 1749 1994 potius.
1787 1923 1981 1990 Quam-

387 2009 579 2067 obrem
620 2011 765 2067 Petri
799 2013 1017 2083 quidem
1050 2016 1228 2070 oratio
1250 2016 1316 2070 ad
1346 2016 1690 2071 clementiam
1726 2016 1981 2071 humani-

396 2109 664 2173 tatemque
685 2105 989 2174 spectabat,
1029 2106 1226 2163 Meletii
1270 2121 1398 2162 vero
1441 2123 1504 2163 ac
1545 2107 1823 2164 fautorum
1857 2109 1979 2178 ejus

391 2193 660 2260 veritatis,
695 2209 758 2249 ac
790 2194 960 2250 divini
990 2197 1207 2254 ardoris
1231 2199 1599 2269 patrocinium
1633 2211 1973 2272 susceperat.

386 2280 524 2338 Cum
552 2299 682 2356 ergo
717 2300 746 2339 a
781 2300 840 2342 se
863 2287 1095 2344 invicem
1124 2288 1341 2347 diversa
1370 2292 1661 2359 sentirent,
1690 2309 1757 2349 ex
1779 2309 1973 2350 eorum

385 2389 510 2446 qua:
541 2377 802 2448 utrinque
831 2379 919 2450 pie
961 2395 1026 2436 ac
1067 2381 1322 2454 religiose
1365 2383 1784 2455 proferebantur
1816 2396 1978 2442 occa;

387 2467 542 2523 sione
575 2461 636 2524 et
671 2470 856 2540 specie
882 2471 1120 2528 schisma
1146 2473 1442 2530 conflatum
1473 2484 1578 2532 est.
1611 2476 1823 2534 Etenim
1856 2479 1963 2534 Pe-

384 2563 507 2614 trus
541 2560 990 2633 archiepiscopus
1029 2578 1156 2619 cum
1198 2569 1973 2627 animadverteretconsilium

386 2665 548 2706 suum
588 2650 948 2708 lnnuanitatis
988 2656 1365 2726 plenissimum
1413 2659 1718 2718 Meletianis
1752 2663 1976 2718 minime

386 2740 680 2811 placuisse,
731 2742 876 2812 quod
925 2743 1234 2802 ardentiore
1285 2746 1455 2802 divini
1522 2749 1750 2806 honoris
1790 2751 1975 2808 studio

391 2831 708 2903 ﬂagrarent,
746 2834 1000 2890 medioin
1023 2851 1244 2892 carcere
1273 2839 1515 2908 pallium,
1547 2842 1688 2911 quod
1719 2842 1974 2898 lodieium

387 2921 610 2991 dicitur,
644 2925 746 2980 veli
787 2925 962 2982 instar
1006 2929 1346 3000 oppandcns,
1375 2932 1697 3002 proclamari
1736 2933 1973 2988 adiaco-

387 3031 459 3072 no
485 3017 648 3086 jussit
683 3034 696 3070 :
734 3018 837 3084 Qui
861 3034 1070 3075 meeum
1103 3023 1368 3087 sentiunt,
1390 3023 1575 3080 hucad
1604 3040 1689 3080 me
1717 3025 1971 3091 veniant;

389 3109 482 3178 qui
503 3108 697 3164 Meletii
725 3111 970 3181 opinioni
1009 3111 1211 3180 favent,
1241 3115 1306 3170 ad
1333 3114 1624 3170 Meletium.
1649 3115 1810 3183 Quod
1830 3133 1955 3173 eum

2082 1940 2210 1996 τρου
2238 1927 2266 1978 ὁ
2287 1923 2442 1993 λόγος
2467 1924 2607 1996 ὑπὲρ
2642 1923 2826 1986 ἐλέους
2853 1923 2950 1976 καὶ
2987 1920 3416 1992 φιλανθρωπίας,
3444 1919 3538 1972 καὶ
3570 1917 3668 1970 τοῦ

2080 2015 2376 2088 Μελητίου,
2407 2017 2502 2071 καὶ
2525 2016 2634 2070 τῶν
2659 2016 2772 2086 ἅμα
2804 2013 2974 2086 αὐτῷ,
2999 2015 3139 2085 ὑπὲρ
3167 2011 3422 2084 ἀληθείας
3455 2010 3548 2064 καὶ
3573 2011 3670 2080 ςή-

2079 2112 2192 2168 λου.
2235 2113 2511 2166 Ἐντεῦθεν
2537 2113 2625 2166 διὰ
2643 2111 2738 2165 τοῦ
2765 2109 3057 2182 προσώπου
3083 2108 3184 2178 τῆς
3205 2108 3313 2161 ἀπὸ
3338 2105 3667 2178 ἀμφοτέρων

2077 2203 2342 2275 δοκούσης
2377 2202 2636 2266 εὐσεϐοῦς
2665 2201 2978 2264 ὑποθέσεως
3008 2199 3068 2252 τὺ
3103 2199 3308 2270 σχίσμα
3351 2196 3665 2268 γεγένηται,

2076 2292 2187 2346 τῶν
2224 2292 2322 2364 μὲν
2356 2291 2515 2346 τοῦτο
2551 2289 2888 2362 φασκόντων,
2936 2287 3046 2342 τών
3082 2287 3139 2342 δὲ
3169 2285 3344 2341 τοῦτο.
3385 2286 3515 2340 Ὅτε
3553 2287 3665 2356 γάρ

2077 2380 2217 2439 εἶδεν
2260 2385 2290 2438 ό
2331 2383 2765 2456 ἀρχιεπίσκοπος
2815 2381 3043 2454 Πέτρος,
3091 2381 3175 2434 ὅτι
3215 2378 3552 2449 ἀντέστησαν
3593 2381 3663 2450 τῇ

2079 2475 2242 2548 βουλῇ
2264 2476 2365 2546 τῆς
2391 2474 2556 2530 αὐτοῦ
2579 2472 2989 2546 φιλανθρωπίας
3019 2474 3068 2526 οἰ
3096 2472 3224 2544 περὶ
3244 2470 3336 2524 τὸν
3365 2471 3663 2542 Μελήτιον,

2076 2565 2224 2637 ζήλῳ
2254 2564 2420 2636 θεῖ.κῷ
2451 2563 2856 2636 περισσοτέρως
2901 2561 3210 2634 φερόμενοι,
3257 2559 3664 2630 καταπέτασμα

2073 2655 2236 2720 αὐτὸς
2263 2655 2520 2728 δ’Πέτρος
2557 2654 2780 2724 ἐποίησε
2815 2651 2977 2724 μέσον
3007 2653 3106 2724 τῆς
3137 2649 3405 2722 φυλακῆς,
3443 2651 3666 2722 ἰμάτιον

2074 2748 2404 2815 ἐκπετάσας,
2429 2746 2672 2802 τουτέστι
2701 2745 2970 2811 λωδίκιον,
3014 2745 3112 2798 εἰτ’
3146 2741 3240 2798 οὖν
3267 2743 3490 2798 πάλλιον
3511 2743 3656 2813 (54),

2073 2840 2170 2896 καὶ
2201 2837 2443 2912 κηρύξας
2485 2838 2734 2893 διακόνου
2765 2839 2806 2903 ⁸,
2854 2837 2936 2891 ὅτι
2973 2836 3184 2900 υἵτινές
3225 2835 3332 2888 εἰσι
3373 2837 3473 2906 τῆς
3518 2834 3662 2907 ὲμῆς

2072 2933 2316 3005 γνώμης,
2370 2928 2790 3003 παρελθέτωσαν
2837 2928 2974 2998 πρὸς
3027 2929 3116 2999 μέ·
3173 2927 3267 2981 καὶ
3315 2927 3510 2991 οἵτινες
3562 2927 3662 2998 τῆς

2071 3024 2342 3096 ὶίελητίου
2379 3022 2605 3093 γνώμης
2642 3019 2985 3090 τυγχάνουσι,
3036 3019 3177 3090 πρδς
3217 3019 3506 3090 Μελήτιον.
3547 3019 3660 3072 Καὶ

2073 3117 2300 3191 διῃρέθη
2334 3115 2397 3168 τὸ
2426 3114 2524 3186 μὲν
2557 3113 2758 3183 πλῆθος
2793 3112 2910 3182 ἅμα
2933 3111 3209 3182 Μελητίῳ,
3244 3111 3558 3164 ἐπισκώπτων
3580 3127 3660 3176 τε,

392 3198 468 3252 ita
501 3197 701 3254 factum
763 3211 927 3269 esset,
961 3205 1138 3259 diviso
1170 3207 1223 3260 in
1270 3218 1454 3276 partes
1487 3209 1708 3278 pepulo,
1748 3211 1962 3280 episco-

2084 3187 2176 3262 K63.-
2191 3206 2460 3279 μοναχῶν,
2478 3206 2571 3259 καὶ
2592 3202 2861 3275 πρεσϐυτέ
2873 3220 2999 3273 ρων,
3025 3201 3117 3254 καὶ
3138 3201 3312 3255 ἄλλων
3338 3199 3658 3271 ταγμάτων·

401 3307 617 3361 porum,
683 3296 1074 3351 monachorum
1135 3306 1190 3353 et
1242 3301 1680 3370 presbyterorum
1737 3318 1801 3355 ac
1843 3302 1970 3356 reli-

391 3397 626 3454 quorum
659 3384 914 3440 ordinum
949 3388 1124 3457 major
1145 3405 1407 3446 numerus
1447 3407 1566 3446 sese
1588 3393 1653 3446 ad
1697 3391 1969 3446 Mcletium

395 3472 680 3542 adjuuxit,
722 3475 882 3544 pauci
920 3476 1139 3547 quidem
1197 3479 1580 3550 episcoporum
1625 3489 1680 3535 et
1741 3481 1969 3536 aliorum

391 3555 622 3620 Petrum.
650 3567 1122 3640 archiepiscopum
1162 3571 1334 3626 secuti
1380 3581 1527 3627 sunt.
1563 3573 1684 3639 Quo
1716 3589 1781 3628 ex
1833 3581 1971 3628 tem-

396 3671 532 3727 pore
572 3673 764 3728 preces
793 3674 857 3714 ac
887 3661 1156 3716 sacrificia
1213 3673 1548 3735 eaeterasque
1593 3680 1784 3720 omnes
1815 3680 1977 3721 caere-

394 3749 610 3804 monias
630 3753 866 3822 separati
900 3768 930 3807 a
956 3769 1014 3809 se
1041 3753 1272 3810 invicem
1297 3757 1572 3812 obierunt.

465 3837 631 3909 719
687 3839 816 3895 Post
882 3841 998 3896 haec
1055 3840 1253 3900 Petrus
1303 3846 1569 3916 martyrio
1614 3843 1844 3900 affectus
1865 3852 1970 3906 est,

395 3927 705 3984 Alexandro
773 3946 1092 3988 successore
1151 3934 1382 4001 relicto;
1431 3934 1518 3988 hic
1547 3935 1693 3989 enim
1731 3943 1854 4004 post
1880 3933 1975 3993 Pe-

394 4029 538 4077 trum
567 4022 949 4080 Alexandrinae
967 4024 1226 4083 Ecclesiae
1248 4027 1573 4098 praepositus
1594 4035 1698 4082 est.
1724 4025 1972 4082 Meletius

396 4129 527 4170 vero
547 4129 672 4170 cum
695 4115 818 4172 aliis
845 4118 1121 4190 plerisque
1156 4120 1462 4190 relegatus,
1504 4128 1559 4174 et
1597 4118 1666 4174 ad
1704 4117 1976 4173 Phanesia

397 4207 618 4262 metalla
673 4207 967 4266 danmatus
999 4219 1105 4267 est.
1135 4209 1268 4268 Post
1298 4210 1430 4266 illud
1473 4217 1690 4283 tempus
1727 4209 1976 4266 Ileletius

470 4339 488 4372 ⁸
517 4339 646 4396 For.
671 4341 760 4396 διὰ
782 4343 924 4400 διακ.

2075 3302 2247 3370 ὀλίγοι
2284 3300 2341 3353 δὲ
2388 3297 2667 3360 παντελῶς
2718 3295 2834 3366 ἅμα
2881 3295 3073 3365 Πέτρῳ
3106 3292 3186 3364 τῷ
3224 3292 3662 3364 ἀρχιεπισκόπῳ,

2080 3390 2369 3445 ἐπίσκοποί
2394 3406 2454 3440 τε
2477 3387 2569 3441 καὶ
2597 3386 2745 3439 ἄλλοι
2771 3385 2962 3452 ὀλίγοι.
2987 3383 3096 3436 Καὶ
3122 3382 3304 3436 λοιπὸν
3348 3374 3494 3435 οῦτοι
3540 3381 3659 3435 κατ’

2084 3481 2222 3534 ἰδίαν
2253 3479 2500 3551 ηὔχοντο,
2532 3479 2626 3530 καὶ
2671 3468 2817 3529 οῦτοι
2865 3477 2982 3529 κατ’
3027 3475 3182 3537 ἰδίαν,
3223 3474 3317 3527 καὶ
3360 3474 3459 3538 τάς
3497 3473 3662 3538 ἄλλας

2081 3572 2390 3645 ἰερουργὶας
2425 3568 2686 3632 ὡσαύτως
2713 3567 2941 3631 ἕκαστος
2975 3566 3082 3623 ἰδίει
3109 3565 3373 3620 ἐπετέλει.

2151 3829 2360 3883 Γίνεται
2389 3827 2446 3881 δὲ
2482 3826 2689 3899 Πέτρον
2714 3826 3058 3899 μαρτυρῆσαι
3082 3825 3216 3897 (55),
3249 3825 3342 3880 καὶ
3373 3825 3659 3897 ἐτελειώθη

2077 3924 2106 3977 ό
2135 3921 2423 3993 μακάριος,
2463 3920 2704 3990 διάδοχον
2735 3919 3066 3988 καταλείψας
3113 3918 3457 3990 Ἀλέξανδρον
3495 3920 3552 3972 ἐν
3593 3921 3659 3991 τῇ

2093 4011 2489 4085 Ἀλεξανδρείᾳ.
2521 4012 2692 4076 Αὐτὸς
2715 4010 2823 4083 γὰρ
2849 4011 3152 4082 διαδέχεται
3180 4011 3273 4065 τὸν
3302 4005 3491 4082 θρόνον
3521 4010 3662 4082 μετά

2082 4105 2174 4159 τὸν
2199 4104 2594 4176 προειρημένον
2624 4104 2848 4174 Πέτρον.
2875 4102 3144 4174 Μελήτιος
3164 4103 3220 4156 δὲ
3248 4103 3340 4156 καὶ
3362 4101 3510 4156 ἄλλοι
3535 4102 3662 4155 πολ-

2083 4197 2166 4250 λοὶ
2192 4189 2466 4268 ἐξορισμῷ
2496 4196 2789 4260 ὑπέπεσον,
2825 4193 3276 4266 ὑπερορισθέντες
3306 4196 3364 4248 ἐν
3389 4196 3505 4256 τοῖς
3533 4196 3661 4248 Φαι-

403 4497 733 4574 moti_sunt.
784 4501 1131 4574 Ancyramtm
1162 4517 1340 4574 geonc.
1381 4518 1503 4557 can.
1540 4504 1599 4574 ἰ,
1625 4503 1977 4574 presbyteros
2013 4508 2054 4562 D
2080 4503 2174 4574 qui
2195 4501 2368 4574 coacti
2394 4500 2728 4574 pmnitentize
2738 4499 2982 4574 speciem
3008 4497 3660 4574 adumbrarant,asacris

403 4568 767 4642 sacrificales.
791 4572 889 4642 qui
905 4568 1088 4640 postea
1111 4572 1178 4626 ad
1205 4581 1480 4626 certamen
1514 4568 1974 4642 redierintﬁubet

399 4637 498 4707 τῆς
527 4638 626 4714 μέν
651 4637 821 4714 τιμῆς
844 4637 957 4714 τῆς
971 4641 1111 4714 κατά
1143 4642 1410 4711 καθέδραν
1439 4643 1706 4714 μετέχειν,
1744 4637 1978 4714 προσφέ-

405 4707 620 4784 ρεινδέ
666 4707 972 4784 αὐτοὺς,ίῆΔ
996 4713 1231 4784 όμιλεῖν,
1283 4707 1327 4783 ἢ“
1354 4707 1490 4784 ὅλως
1542 4707 1873 4784 λειτουργεῖν
1901 4707 1974 4767 ’τι

401 4777 836 4853 τῶνῌὶερατᾼικῶν
864 4780 937 4852 μὴ
954 4777 1176 4846 ἐξεῖναι.
1210 4777 1367 4849 Quod
1393 4784 1533 4836 idem
1569 4798 1692 4837 can.
1722 4777 1970 4853 sequenti

401 4847 468 4902 de
493 4847 739 4925 diaConis
765 4847 1139 4925 constituitur,
1171 4847 1294 4925 cum
1325 4869 1411 4914 eo,
1445 4861 1501 4905 ut
1521 4854 1565 4906 si
1599 4869 1738 4922 quos
1762 4847 1975 4925 episco-

402 4933 504 4996 ptis
529 4918 882 4996 _l_1un_ii|i_tatis,
935 4924 1289 4996 pcenitentite,
1341 4939 1404 4996 ac
1441 4918 1654 4978 caneris
1686 4925 1753 4996 id
1797 4918 1975 4996 genus

401 4987 885 5061 officiisinsignes
934 4987 1400 5056 animadverterit,
1455 5009 1579 5047 cum
1649 4994 1731 5050 eis
1789 4987 1975 5052 mitius

402 5067 566 5135 atque
610 5059 904 5135 humanius
931 5063 1128 5135 possit
1170 5078 1351 5133 agere.
1394 5065 1464 5116 At
1494 5062 1602 5119 Leo
1634 5081 1768 5135 papa
1797 5081 1884 5135 ep.
1917 5068 1971 5132 '5,

402 5129 636 5205 clericos
659 5130 727 5184 ab
758 5131 1029 5186 haereticis
1055 5129 1396 5205 revertentes
1423 5144 1546 5203 post
1571 5129 1972 5205 pdmiteut'iam,

403 5199 522 5271 sine
545 5201 654 5253 nlla
697 5216 792 5268 spe
835 5203 1194 5271 promotionis
1229 5204 1282 5258 in
1319 5199 1509 5259 eodem
1541 5199 1761 5260 manere
1783 5199 1976 5261 ordine

401 5267 665 5346 decrevit,
692 5267 746 5346 in
774 5267 884 5346 quo
919 5272 1157 5346 fuerant.
1198 5275 1268 5346 At
1316 5274 1444 5346 olim
1482 5276 1699 5330 clericis
1718 5291 1862 5346 aegre
1889 5278 1974 5330 in-

399 5337 550 5416 dulta
578 5337 918 5421 paenitentia.
953 5341 1081 5421 Ideo
1105 5343 1158 5421 in
1193 5344 1532 5421 Arausicano
1563 5361 1575 5398 l
1609 5387 1624 5410 ,
1661 5337 1977 5421 eanthno-

402 5409 649 5464 minatim
676 5425 902 5466 cavetur
931 5431 942 5466 :
983 5412 1351 5468 Paenitentiam
1375 5413 1794 5471 desiderantibus
1813 5409 1974 5470 etiam

405 5479 614 5554 ctericis
648 5497 768 5554 ⁸ιιοη
823 5483 1150 5554 negandum.
1191 5485 1388 5539 Verum
1442 5487 1534 5554 qui
1596 5487 1975 5554 pmnitentiam

405 5548 699 5619 aliquando
751 5548 1022 5619 publicam
1047 5551 1328 5618 obiissent,
1356 5548 1609 5610 ordinari
1633 5557 1786 5612 nefas
1832 5565 1971 5619 erat,

401 5633 562 5694 conc.
620 5618 790 5694 Tolct.
841 5637 878 5682 ι,
922 5639 1043 5676 can.
1076 5623 1128 5677 2.
1165 5624 1301 5678 Hine
1346 5623 1576 5694 Optatus
1631 5618 1974 5680 Milevitanus

404 5687 503 5742 lib.
546 5703 599 5763 _ll
634 5707 659 5763 :7
686 5690 989 5750 lnrenistis.
1048 5695 1242 5761 inquit,
1297 5687 1507 5763 pueros.
1547 5697 1620 5750 De
1669 5697 1975 5763 pa‘nitcnlia

401 5760 708 5828 ιαιιιὲαειίε,
741 5778 800 5817 ηε
822 5764 984 5834 aliqui
1013 5760 1252 5819 ordinari
1270 5760 1576 5834 potuissent.
1602 5760 1775 5820 ltavcl
1797 5766 1973 5839 pueri,

2079 4569 2365 4628 ordinibus
2397 4572 2604 4640 rejecti.
2639 4569 2696 4624 In
2727 4570 2914 4624 Carth.
2940 4587 2993 4635 v,
3015 4585 3116 4624 can
3150 4571 3236 4629 Η.
3266 4570 3547 4626 decretum
3567 4579 3652 4625 est

2080 4660 2150 4698 ne
2197 4639 2554 4725 presbyteris.
2580 4641 2687 4725 ‘vel
2735 4641 2981 4725 diaconis
3016 4639 3286 4711 gravioris
3316 4642 3488 4710 culpa:
3518 4657 3652 4721 con-

2080 4710 2265 4773 vietis.
2307 4710 2537 4779 ideoque
2563 4710 2921 4782 deponendis.
2947 4710 3151 4782 manus
3183 4719 3444 4780 tanquam
3472 4711 3654 4782 poeni-

2078 4784 2344 4844 tentihus.
2394 4783 2476 4837 vel
2514 4791 2772 4851 tanquam
2814 4781 3079 4852 fidelibus,
3114 4781 3270 4835 laicis
3318 4781 3656 4852 imponatur.

2077 4857 2196 4922 Quo
2225 4853 2600 4924 etAAugustini
2653 4853 2804 4924 locus
2832 4851 2919 4904 ille
2944 4851 3183 4924 pertinet
3229 4852 3322 4906 lib.
3372 4867 3385 4906 I
3418 4853 3490 4924 De
3513 4851 3657 4919 bapt.

2075 4919 2245 4978 contr.
2269 4919 2491 4986 Domit,
2518 4938 2639 4992 cap.
2661 4923 2683 4975 1
2713 4919 2794 4975 :N
2799 4938 2883 4973 am
2907 4919 3041 4974 sicut
3056 4922 3348 4982 redeuntes.
3375 4923 3462 4990 qui
3484 4923 3662 4990 prius-

2077 5012 2236 5064 quam
2268 4995 2565 5048 recederent
2588 4992 2845 5062 baptizati
2859 5000 3001 5064 sunt,
3020 5007 3122 5044 non
3141 4993 3568 5064 rehaptizantur:
3585 4992 3661 5044 ita

2079 5060 2348 5119 redeuntes
2365 5066 2452 5134 qui
2477 5060 2784 5134 priusquam
2799 5060 3094 5134 recederent
3119 5060 3351 5134 ordinati
3381 5071 3525 5125 sunt,
3560 5077 3662 5134 non

2078 5137 2255 5205 utrque
2283 5130 2834 5205 rursus‘ordinantur.
2864 5130 2953 5205 sed
2967 5140 3063 5205 aut
3091 5130 3494 5205 administrant,
3523 5132 3660 5199 quod

2077 5200 2614 5268 adiitinistrabant,si
2643 5203 2739 5256 hoc
2773 5200 3025 5256 Ecclesia:
3053 5201 3258 5255 utilitas
3289 5201 3520 5269 postulat
3537 5209 3662 5265 ;aut

2077 5277 2125 5329 si
2154 5292 2255 5330 non
2304 5274 2706 5335 administrant,
2737 5282 3130 5326 sacramentum
3165 5271 3520 5326 ordinationis
3551 5285 3664 5324 aut:

2079 5355 2253 5399 tamen
2274 5353 2484 5414 gerunt,
2499 5353 2548 5397 et
2573 5343 2688 5396 ideo
2709 5342 2797 5414 eis
2827 5358 3015 5414 manus
3031 5343 3206 5414 *ἰαὶ-(ξοδ
3229 5358 3331 5414 non
3350 5341 3658 5414 imponitur.

2150 5407 2295 5486 (54)"
2311 5411 2584 5486 Τουτέστι
2610 5411 2914 5486 λωδίκ.·ον,
2937 5411 3044 5486 εἶτ’
3067 5408 3183 5467 οὖν
3216 5407 3503 5486 πολζλιον.
3530 5407 3661 5486 Pal-

2078 5479 2209 5539 linin
2237 5479 2382 5538 enim
2413 5499 2511 5552 pro
2537 5483 2732 5552 quavis
2759 5489 2930 5552 veste,
2953 5482 3116 5535 etiam
3139 5481 3379 5552 stragula
3401 5479 3656 5552 stltititur.

2151 5555 2264 5626 (55)
2293 5548 2531 5626 Γίνεται
2556 5548 2655 5605 ’δὲ
2706 5551 2932 5626 Πέτρον
2973 5551 3366 5626 μαρτυρῆσαι..
3405 5548 3477 5604 De
3518 5549 3661 5626 Petti

2079 5619 2402 5679 successore
2425 5624 2671 5698 dicemus
2704 5622 2769 5674 ad
2803 5630 3120 5698 sequentem
3162 5620 3436 5698 haeresim,
3479 5619 3659 5698 muti;

2084 5711 2207 5748 nam
2241 5703 2294 5747 ct
2326 5695 2619 5764 plurimum
2653 5694 2707 5748 in
2737 5706 2800 5747 ea
2837 5687 3152 5746 narratione
3206 5690 3377 5747 falsus
3419 5698 3503 5745 cst
3531 5687 3661 5761 Epi-

2081 5765 2338 5836 phanius.
