3994 6226
378 379 476 435 I89

997 382 1362 445 ADVEIISUS
1391 390 1732 448 IIEIIESES
1766 391 1891 449 LIB.
1928 394 1953 449 ll

2057 393 2187 452 'OM.
2234 396 2369 451 II.--
2402 395 2672 450 IIAIIII‘IS.
2716 395 2946 451 LXVIII.

3538 389 3636 453 190

380 491 583 562 νησίοις
612 492 894 563 μετάλλοις
925 494 1061 565 (56).
1087 499 1196 554 Καὶ
1221 501 1340 555 τότε
1365 502 1550 578 λοιπὸν
1579 506 1626 558 οἱ
1661 506 1946 575 συρόμενοι

2057 524 2176 560 eum
2239 511 2495 564 omnibus
2532 511 2641 566 illis
2684 511 3109 578 confessor-ibus,
3147 527 3240 581 qui
3295 512 3454 566 tracti
3488 513 3642 568 abre-

376 584 526 648 ὅντες
556 585 886 658 ὁμολογηταὶ
917 587 1031 659 ἅμα
1063 591 1339 664 Μελητίῳ,
1371 596 1467 649 καὶ
1499 597 1661 660 αὐτὸς
1684 596 1950 667 Μελήτιος

375 678 433 729 ἐν
471 679 537 747 τῇ
587 677 800 750 εἱρκτῇ,
851 679 994 734 κατά
1037 681 1137 753 τὴν
1175 683 1504 757 ὁδοιπορίαν,
1551 688 1670 742 καθ’
1715 688 1952 760 ἑκάστην

376 763 557 836 χώραν
591 767 686 820 καὶ
718 768 841 822 καθ’
874 770 1102 826 ἕκαστον
1144 773 1306 829 τόπον
1344 776 1689 849 διερχόμενος
1721 779 1952 834 καθίστα

375 855 689 928 κληρικοὺς,
716 860 1046 927 ἐπισκόπους
1070 881 1129 917 τε
1154 867 1244 919 καὶ
1276 868 1697 942 πρεσϐυτέρους,
1722 872 1815 926 καὶ
1835 871 1952 924 δια-

376 949 588 1018 κόνους,
619 953 713 1005 καὶ
736 953 1000 1026 ᾠκοδόμει
1029 942 1323 1028 ἐκκλησίας
1353 960 1506 1025 ίδίας’
1538 963 1631 1016 καὶ
1658 961 1782 1016 οὔτε
1807 956 1952 1017 οὗτοι

382 1039 584 1105 τούτοις
605 1042 941 1110 ἐκοινώνουν,
973 1043 1095 1098 ούτε
1119 1048 1316 1102 ἐκεῖνοι
1345 1049 1574 1115 τούτοις.
1610 1052 1953 1124 Ἐπὲγραφον

380 1132 428 1184 δὲ
465 1133 696 1197 ἕκαστος
727 1134 786 1188 ἐν
818 1139 883 1208 τῇ
919 1137 1027 1209 ίδίᾳ
1063 1140 1350 1211 ἐκκλησίᾳ,
1389 1143 1436 1194 οί
1471 1142 1567 1213 μὲν
1600 1141 1707 1195 ἀπὸ
1730 1142 1824 1195 τοῦ
1851 1143 1955 1195 Πέ-

381 1238 503 1292 τρου
532 1222 924 1296 διαδεξάμενοι,
948 1227 1162 1299 ἔχοντες
1187 1231 1284 1295 τὰς
1313 1231 1478 1296 οὔσας
1503 1234 1736 1304 ἀρχαίας
1755 1235 1951 1306 ἐκκλη-

379 1316 516 1379 σίας,
557 1317 640 1369 ὅτι
687 1317 977 1389 Ἐκκλησία
1007 1321 1292 1396 καθολικὴ,
1332 1327 1382 1377 οί
1425 1325 1481 1380 δὲ
1523 1327 1630 1379 ἀπὸ
1660 1326 1950 1395 Μελητίου,

387 1407 680 1479 Ἐκκλησία
713 1411 1022 1484 μαρτύρων.
1067 1415 1229 1468 Ὅθεν
1264 1417 1357 1470 καὶ
1394 1417 1451 1470 ἐν
1495 1417 1951 1487 Ἐλευθεροπόλει,

378 1504 469 1556 καὶ
496 1503 553 1555 ἐν
586 1501 754 1574 Γάζῃ,
788 1505 881 1558 καὶ
917 1506 974 1558 ἐν
1007 1506 1163 1578 Αίλίᾳ
1197 1508 1484 1579 παρελθὼν
1521 1510 1549 1563 ὁ
1587 1511 1747 1574 αὐτὸς
1772 1512 1955 1582 Μελή-

378 1608 487 1656 τιος
519 1591 748 1656 πολλοὺς
771 1593 943 1659 οὕτως
975 1595 1369 1668 ἐχειροτόνησε.
1407 1599 1519 1652 Καὶ
1545 1599 1766 1668 γέγονεν
1792 1600 1953 1653 αὐτὸν

377 1685 791 1758 χρονοτριϐῆσαι
817 1687 873 1740 ἐν
894 1689 1004 1751 τοῖς
1024 1691 1438 1769 προειρημένοις
1460 1691 1760 1769 μετάλλοις.
1796 1693 1954 1747 Ἀλλά

379 1773 583 1847 μεταξὺ
621 1774 946 1832 ἀπολύονται
974 1779 1082 1833 τῶν
1115 1781 1392 1852 μετάλλων
1427 1773 1487 1837 oi
1515 1782 1863 1855 όμολογηταὶ,
1903 1785 1957 1838 οἵ

2060 599 2246 668 ptique
2270 614 2394 654 cum
2418 616 2483 655 eo
2514 599 2748 664 fuerant,
2788 611 2895 656 tam
2937 602 2992 656 in
3027 616 3249 657 carcere
3281 615 3442 672 quam
3472 603 3525 656 in
3551 603 3638 657 iti-

2058 705 2190 745 nere
2235 705 2298 745 ac
2321 707 2710 762 quamcunque
2751 694 3022 762 regionem
3058 693 3345 762 locumque
3378 707 3640 764 peragra-

2061 787 2162 842 ret,
2197 779 2270 834 ibi
2296 780 2550 845 clericos,
2571 782 2880 852 episcopos,
2931 783 3276 855 presbyteros
3297 793 3351 839 et
3377 785 3640 842 diaconos

2061 869 2316 946 instituit,
2340 887 2402 926 ac
2426 871 2667 942 privatas
2700 873 2962 928 ecclesias
2982 873 3246 939 fundavit,
3275 890 3398 930 cum
3419 875 3639 930 interim

2061 974 2163 1013 nec
2198 958 2251 1013 hi
2293 975 2416 1014 cum
2449 962 2580 1022 illis.
2611 977 2712 1016 nec
2735 961 2812 1016 illi
2846 977 2970 1016 cum
3002 963 3088 1018 his
3119 978 3407 1020 commune
3432 965 3639 1035 aliquid

2061 1048 2344 1105 baberent.
2385 1050 2556 1107 Porro
2596 1067 2750 1108 suam
2809 1054 3044 1125 quisque
3081 1055 3366 1110 ecclesiam
3410 1057 3639 1114 diversis
3675 1045 3682 1056 ’

2057 1141 2373 1198 nominibus
2427 1143 2806 1200 inscribebat:
2842 1161 2968 1201 nam
3050 1145 3199 1201 Petri
3255 1163 3635 1212 successores,

2061 1246 2227 1300 penes
2283 1248 2424 1302 quos
2455 1243 2668 1290 veteres
2716 1245 2874 1291 erant
2917 1235 3197 1300 Ecclesia),
3225 1239 3510 1294 catholicae
3540 1239 3642 1295 Ec-

2059 1322 2243 1378 clesia:
2301 1324 2518 1378 titulum
2575 1328 2951 1396 usurpabant;
3006 1327 3282 1386 Meletiani
3336 1329 3641 1388 Ecclesiam

2060 1418 2381 1481 martyrum.
2455 1413 2624 1483 Igitur
2713 1415 3211 1487 Eleutheropolim,
3289 1420 3492 1475 Gazam
3589 1430 3644 1477 ct

2060 1500 2264 1556 {Eliam
2313 1503 2596 1573 prolectus
2629 1506 2874 1564 Meletius
2922 1509 3213 1580 plerosque
3257 1512 3322 1565 ad
3362 1528 3484 1567 eum
3526 1529 3644 1568 Ino-

2059 1593 2189 1647 dum
2239 1593 2533 1650 ordinavit.
2588 1596 2911 1669 Acciditque
2955 1608 3012 1654 ut
3065 1601 3134 1655 ad
3176 1603 3394 1656 metalla
3431 1603 3641 1660 diutius

2058 1685 2415 1742 detineretur.
2456 1685 2562 1744 Sed
2596 1690 2665 1746 ab
2698 1690 2767 1746 iis
2793 1691 3010 1746 tandem
3047 1693 3398 1750 confessores
3426 1695 3641 1749 liberati

2059 1786 2209 1842 sunt,
2238 1786 2349 1832 tam
2377 1779 2470 1849 qui
2493 1778 2656 1835 Petro
2700 1780 2958 1838 favebant
2991 1783 3193 1854 (adhuc
3218 1786 3364 1839 enim
3392 1787 3640 1856 complu-

376 1885 435 1921 τε
458 1868 554 1922 τοῦ
586 1868 784 1941 μέρους
812 1871 1019 1942 Πέτρου
1045 1867 1206 1944 (ἦσαν
1255 1872 1363 1946 γάρ
1407 1874 1489 1928 ἐτι
1525 1875 1754 1946 πολλοὶ),
1789 1876 1884 1929 καὶ
1908 1879 1953 1930 oi

2059 1881 2146 1922 res
2172 1868 2376 1937 erant),
2438 1884 2602 1940 quam
2663 1870 2958 1928 Meletiani.
3015 1872 3120 1939 Qui
3174 1874 3390 1943 quidem
3435 1877 3488 1930 in
3529 1891 3642 1933 me-

377 1957 468 2012 τοῦ
499 1960 792 2031 Μελητίου.
831 1960 970 2016 Οὔτε
999 1962 1107 2036 γὰρ
1145 1965 1203 2017 ἐν
1241 1967 1353 2029 τοῖς
1391 1965 1679 2037 μετάλλοις
1709 1967 1959 2038 ἀλλήλοις

376 2049 716 2118 ἐκοινώνουν,
753 2051 786 2122 ἢ
821 2053 1166 2125 συνηύχοντο.
1213 2054 1422 2110 Γίνεται
1465 2056 1522 2110 δὲ
1557 2057 1649 2111 τὸν
1687 2059 1958 2131 Μελήτιον

377 2139 457 2194 ἔτι
493 2141 772 2214 διατρίψαι
816 2145 874 2198 ἐν
913 2142 1102 2217 κόσμῳ
1139 2145 1353 2217 χρόνον,
1417 2147 1562 2203 ὥστε
1609 2149 1958 2220 συνακμάσαι

375 2232 469 2286 καὶ
518 2235 854 2310 Ἀλεξάνδρῳ
885 2237 964 2309 τῷ
993 2237 1088 2292 τοῦ
1122 2239 1328 2310 Πέτρου
1359 2239 1605 2312 διαδόχῳ,
1641 2241 1709 2296 τά
1739 2241 1868 2311 φίλα
1897 2259 1957 2295 τε

378 2323 543 2395 ἐχειν·
581 2327 850 2400 ἐμερίμνα
887 2347 943 2384 τε
977 2330 1046 2384 τά
1079 2332 1208 2403 περὶ
1235 2330 1334 2402 τῆς
1380 2331 1704 2403 Ἐκκλησίας
1737 2333 1840 2411 καί,ί
1870 2333 1958 2386 πί-

380 2430 570 2480 στεως.
611 2417 790 2490 Ἐφην
820 2419 927 2492 γάρ
967 2419 1244 2488 πολλάκις,
1276 2421 1358 2474 ὅτι
1388 2419 1540 2475 οὐδὲν
1591 2417 1703 2492 εἶχε
1743 2421 1955 2495 παρηλ-

377 2505 670 2578 λαγμένον.

448 2601 524 2655 Δ’.
553 2600 727 2666 Αὐτὸς
755 2600 863 2672 γὰρ
903 2596 1055 2669 οὗτος
1097 2603 1125 2656 6
1155 2604 1444 2675 Μελήτιος,
1483 2605 1542 2658 ἐν
1583 2603 1958 2677 Ἀλεξανδρείᾳ

381 2692 690 2763 γενόμενος,
723 2695 945 2748 κάκεῖσε
965 2695 1257 2767 διατρίϐων
1284 2697 1494 2768 χρόνον,
1525 2696 1663 2770 ἔχων
1700 2697 1836 2751 ίδίαν
1856 2699 1956 2769 τὴν

383 2782 604 2849 σύναξιν
651 2787 748 2841 σὺν
784 2788 898 2852 τοῖς
940 2787 1111 2854 ἰδίοις,
1142 2787 1233 2847 τὴν
1266 2788 1482 2860 Ἀρειον
1532 2787 1814 2861 ἐφώρασεν
1863 2790 1956 2843 ἀν-

383 2873 614 2944 ενέγκας
657 2877 752 2929 ἐπὶ
796 2877 889 2931 τὸν
953 2875 1321 2952 Ἀλέξανδρον.
1391 2879 1478 2944 Ὠς
1511 2879 1750 2950 ἐνηχήθη
1783 2878 1839 2932 δὲ
1865 2878 1955 2932 τὸν

387 2967 604 3038 Ἀρειον
641 2966 701 3021 ἐν
735 2969 856 3032 ταῖς
901 2968 1066 3022 αὐτοῦ
1109 2968 1432 3041 ἐξηγήσεσιν
1467 2969 1572 3034 ἔξω
1604 2969 1698 3023 τοῦ
1735 2987 1955 3042 προκει-

385 3053 546 3128 μένου
576 3058 679 3130 τῆς
708 3059 944 3124 πίστεως
972 3058 1259 3131 βεϐηκότα·
1293 3056 1362 3133 ἦν
1394 3061 1504 3132 γάρ
1537 3056 1689 3124 οὗτος
1723 3063 1780 3114 ἐν
1817 3061 1956 3113 Βαυ-

383 3149 519 3221 κάλῃ
567 3154 633 3224 τῇ
687 3151 984 3226 Ἐκκλησία
1019 3151 1161 3207 οὕτω
1193 3151 1500 3226 καλουμένῃ
1551 3152 1954 3224 Ἀλεξανδρείας

381 3242 769 3312 πρεσϐύτερος.
824 3241 960 3296 Καθ’
1012 3242 1246 3316 ἑκάστην
1297 3242 1404 3315 γάρ
1453 3239 1534 3304 εἷς
1593 3242 1954 3314 πρεσϐύτερός

380 3334 526 3388 ἐστιν
562 3333 999 3406 ἀποτεταγμένος
1029 3353 1044 3367 ο
1091 3330 1234 3406 ἦσαν
1268 3333 1376 3406 γὰρ
1418 3333 1608 3387 πολλαὶ
1645 3333 1949 3403 ἐκκλησίαι,

377 3422 474 3478 νῦν
500 3423 558 3479 δέ
593 3424 828 3491 πλείους,
864 3425 956 3478 καὶ
983 3424 1131 3496 αύτῷ
1158 3427 1191 3498 ἠ
1236 3425 1530 3496 Ἐκκλησία
1559 3425 1950 3496 ἐγκεχείριστο’

382 3516 485 3570 κάν
506 3533 568 3569 τε
605 3515 762 3580 ἄλλος
794 3517 890 3571 σὺν
916 3515 1064 3588 αὐτῷ
1089 3513 1176 3588 ἦν·
1215 3509 1289 3570 ὧν
1309 3515 1470 3570 ἓνεκα
1490 3517 1769 3587 γενόμενοι
1795 3518 1852 3570 ἐν
1877 3517 1952 3586 τῷ

376 3609 530 3680 τόπῳ
552 3607 780 3680 λέξομεν
805 3609 946 3664 κατά
970 3609 1293 3681 λεπτότητα,
1319 3611 1407 3664 ὅτε
1430 3609 1588 3682 χρεία
1614 3610 1741 3680 περὶ
1763 3607 1950 3662 τούτου

379 3693 812 3754 ἐστααἘπεὶοῦν
835 3698 1085 3772 ἐφώρασε
1113 3699 1204 3753 τὸν
1229 3701 1445 3771 ’Δρειον
1467 3699 1770 3763 σπουδαίως
1809 3698 1954 3752 Ἀλέ-

383 3788 624 3860 ξανδρος,
657 3789 997 3858 συγκαλέσας
1026 3791 1358 3854 ἐπισκόπους
1385 3791 1478 3844 καὶ
1509 3790 1747 3856 σύνοδον,
1771 3790 1953 3862 ἐζήτει

377 3878 546 3944 ἀξιῶν
586 3882 714 3951 περὶ
746 3881 1002 3947 πίστεως,
1045 3883 1139 3936 καὶ
1181 3882 1424 3937 ἀπαιτῶν
1455 3882 1547 3936 τὸν
1583 3883 1800 3954 Ἀρειον
1826 3883 1955 3953 περὶ

377 3968 477 4040 τῆς
502 3969 565 4024 ἐν
585 3969 731 4042 αύτῷ
754 3971 1170 4046 ἐγκισσηοείσης
1198 3973 1374 4044 λύμης
1403 3976 1500 4045 τῆς
1525 3973 1862 4042 κακοδοξίας.
1895 3975 1954 4028 '0

378 4059 435 4113 δὲ
467 4061 680 4131 ’Ἄρειος
713 4061 772 4114 ού
799 4061 906 4133 μὴν
937 4063 1236 4134 ἠρνήσατο,
1271 4063 1408 4120 ἀλλά
1440 4063 1535 4118 καὶ
1568 4064 1705 4135 μετὰ
1728 4081 1952 4136 τετριμ-

383 4149 542 4220 μένου
578 4150 890 4222 προσώπου,
924 4152 999 4217 ώς
1038 4149 1203 4226 εἶχεν,
1237 4155 1408 4220 οὕτως
1450 4157 1800 4228 ἀπεκρίνατο.
1844 4155 1956 4208 Καὶ

379 4243 520 4309 ἐξεοῖ
549 4243 649 4316 μὲν
693 4243 1035 4317 Ἀλέξανδρος
1066 4247 1228 4305 αὐτὸν
1257 4248 1356 4319 τῆς
1398 4247 1742 4320 Ἐκκλησίας·
1776 4247 1956 4315 ἐξεοῦο

379 4350 468 4387 ται
500 4333 559 4387 δέ
585 4333 702 4406 ἅμα
731 4333 880 4406 αὗτῷ
913 4334 1113 4408 πλῆθος
1139 4336 1295 4402 πολὺ,
1322 4338 1371 4390 οί
1394 4337 1487 4390 ἀπ’
1514 4336 1676 4391 αὐτοῦ
1706 4354 1954 4408 κεχραμ-

384 4427 556 4498 μένοι,
601 4426 1046 4497 παρθενευουσῶν
1096 4429 1190 4482 καὶ
1233 4428 1406 4483 ἄλλων
1453 4429 1746 4501 κληρικῶν.
1801 4431 1860 4483 '0
1896 4429 1954 4483 δὲ

383 4521 624 4593 Ἀρειος,
657 4520 990 4592 ἀποδράσας,
1019 4521 1112 4575 ἐπὶ
1147 4522 1244 4594 τὴν
1274 4522 1645 4576 Παλαιστίνων
1678 4523 1953 4578 στέλλεται

378 4611 478 4684 τὴν
514 4611 757 4684 πορείαν.
805 4614 892 4668 Ἐν
932 4613 1269 4686 Νικομηδείᾳ
1305 4614 1363 4668 δὲ
1403 4599 1663 4680 ἀνελθὼν,
1697 4615 1957 4690 κάκεῖθεν

379 4705 594 4776 γράψας
631 4706 919 4770 ἐπιστολὰς
963 4705 1311 4776 Ἀλεξάνδρῳ,
1344 4706 1442 4777 οὐχ
1485 4705 1809 4776 ὑπερέϐαινε
1854 4705 1954 4776 τῆς

379 4797 546 4851 αὑτοῦ
587 4796 908 4863 κακοδοξίας
947 4799 1048 4870 τὴν
1093 4797 1331 4869 μανιώδη
1366 4797 1620 4853 διάνοιαν.
1670 4798 1830 4852 Ἀλλὰ
1856 4815 1952 4868 με·

377 4887 512 4952 ταξὺ
550 4886 731 4955 ὀλίγου
768 4887 862 4941 τοῦ
890 4889 1100 4959 χρόνου.
1135 4888 1228 4942 τοῦ
1262 4889 1426 4943 αὐτοῦ
1479 4889 1826 4961 Ἀλεξάνδρου
1855 4889 1950 4942 τοῦ

378 4979 534 5048 ἁγίου
564 4979 864 5034 ἐπισκόπου
909 4980 1308 5054 Ἀλεξανδρείας
1335 4980 1827 5054 ἐπιμελησαμένου,
1857 4981 1952 5034 καὶ

378 5072 698 5142 κινήσαντος
727 5071 819 5127 τὸν
845 5073 1112 5146 μακάριον
1137 5076 1564 5138 Κωνσταντῖνον,
1590 5075 1952 5155 συνεκρότησε

380 5162 595 5217 σύνοδον
627 5163 687 5218 ἐν
715 5167 782 5236 τῇ
815 5165 1019 5237 Νικαίᾳ
1046 5168 1112 5237 τῇ
1152 5165 1323 5220 πόλει.
1356 5167 1466 5220 Καὶ
1499 5165 1952 5238 ἀναθεματίζεται

381 5255 479 5326 μὲν
507 5257 542 5327 ὴ
577 5255 798 5328 ’Δρείου
830 5257 1058 5328 αἵρεσις,
1094 5257 1234 5328 μετὰ
1258 5256 1321 5310 τὸ
1350 5257 1645 5312 ἀποθανεῖν
1673 5258 1852 5312 αὐτόν.
1878 5258 1952 5312 Τὸ

380 5345 597 5416 πρῶτον
624 5347 723 5417 μὲν
751 5345 860 5417 γὰρ
888 5349 1105 5418 ἠρνεῖτο
1133 5351 1211 5414 είς
1237 5349 1529 5422 πρόσωπον
1559 5348 1652 5403 τοῦ
1679 5350 1950 5422 μακαρίου

452 5501 564 5571 (56)
598 5501 703 5556 Ἐν
729 5501 855 5568 τοῖς
874 5503 1220 5570 Φαινησίοις
1245 5503 1588 5572 μετάλλοις.
1621 5503 1868 5560 Meminit:
1890 5505 1945 5562 in

382 5572 570 5625 eadem
592 5575 976 5628 persecutione
990 5572 1318 5628 declaranda
1342 5573 1744 5628 Phaenesiorum
1764 5575 1949 5628 metal-

385 5640 558 5712 l_nrum
596 5640 865 5712 Eusebius
891 5658 982 5696 vm
1005 5643 1142 5696 libro
1169 5643 1568 5711 inAppendice,
1601 5645 1680 5712 vel
1704 5659 1823 5712 cap.
1847 5645 1942 5700 I7:

385 5709 507 5784 Τοῖς
538 5711 678 5784 κατὰ
704 5712 880 5766 Φαινώ
921 5712 1019 5784 τῆς
1052 5709 1411 5784 Παλαιστίνης
1440 5711 1638 5784 χαλκοῦ
1666 5709 1948 5783 μετάλλοις

383 5780 506 5841 τοὺς
535 5780 742 5848 πάντας
790 5780 1144 5854 παραδίδωσι.
1176 5780 1347 5850 Quam
1369 5780 1796 5840 'bo'i'rcnda'baw
1830 5799 1946 5840 mc-

2060 1959 2208 2015 tallis
2241 1973 2270 2013 a
2304 1970 2494 2016 mutua
2534 1965 3329 2030 communioneabstinebant,
3365 1981 3428 2020 ac
3456 1983 3524 2022 ne
3557 1967 3634 2022 si-

2059 2051 2172 2104 mul
2199 2049 2418 2120 quidem
2453 2052 2703 2108 orabant.
2754 2053 3003 2110 Meletius
3032 2069 3163 2110 vero
3203 2053 3296 2110 diu
3331 2064 3518 2126 postea
3555 2071 3642 2112 su-

2057 2147 2268 2212 perstes
2301 2139 2407 2196 fuit
2439 2142 2610 2200 :adeo
2635 2152 2695 2199 ut
2721 2159 2846 2200 cum
2895 2146 3210 2202 Alexandro
3241 2163 3458 2217 quoque
3494 2147 3636 2202 Petri

2057 2247 2381 2290 successore
2407 2233 2678 2303 floruerit,
2713 2252 2837 2292 cum
2883 2252 3059 2310 eoque
3090 2238 3513 2296 familiaritatem
3541 2241 3639 2295 ba-

2056 2324 2275 2393 buerit;
2309 2327 2638 2398 praecipuam
2689 2344 2854 2399 porro
2881 2329 3140 2388 Ecclesia:
3180 2331 3420 2402 fideique
3445 2346 3636 2386 curam

2056 2417 2246 2488 gessit.
2286 2416 2443 2485 Nam,
2470 2427 2528 2474 ut
2552 2435 2695 2490 smpe
2718 2420 2856 2479 dixi.
2881 2422 3018 2477 nihil
3042 2423 3112 2479 ab
3141 2438 3206 2479 ea
3235 2424 3513 2480 diversum
3544 2433 3640 2480 aut

2056 2509 2294 2563 alienum
2325 2510 2534 2565 docuit.

2127 2595 2216 2678 IY.
2262 2597 2571 2664 Quinetiam
2629 2615 2754 2654 cum
2799 2599 2940 2656 idem
2993 2598 3350 2657 Alexandriae
3391 2600 3640 2658 Melctius

2055 2697 2220 2751 esset,
2265 2689 2449 2760 ibique
2492 2691 2735 2761 privatos
2767 2707 2892 2746 cum
2930 2693 3047 2750 suis
3086 2702 3390 2749 conventus
3430 2694 3642 2750 habens

2055 2779 2373 2849 aliquandiu
2414 2779 2730 2845 mansisset,
2760 2783 2949 2837 Arium
2982 2799 3011 2837 a
3054 2799 3113 2840 se
3140 2785 3540 2856 deprehensum
3568 2785 3637 2840 ad

2054 2871 2425 2927 Alexandrum
2480 2873 2694 2938 detulit,
2742 2889 2868 2929 cum
2903 2891 3028 2931 eum
3077 2877 3381 2947 accepisset
3411 2893 3439 2930 a
3477 2888 3639 2932 recue

2054 2964 2180 3018 ﬁdei
2216 2979 2384 3034 scopo
2437 2965 2490 3019 in
2541 2963 2843 3036 Scripturis
2879 2967 3022 3038 apud
3073 2971 3332 3038 populum
3374 2969 3640 3037 interpre-

2055 3055 2236 3112 tandis
2292 3057 2569 3112 aberrare.
2634 3058 2797 3113 Arius
2849 3059 2993 3113 enim
3047 3058 3293 3112 Bancalae
3348 3058 3636 3128 cujusdam

2056 3147 2201 3220 apud
2259 3149 2642 3205 Alexandriam
2705 3147 2969 3205 Ecclesiae
3014 3151 3298 3221 presbyter
3333 3159 3470 3206 erat.
3499 3149 3636 3204 Nam

2061 3241 2359 3311 unicuique
2405 3240 2680 3307 Ecclesiae,
2715 3257 2836 3312 qua:
2867 3251 2980 3296 tum
3037 3244 3222 3298 multa:
3253 3250 3430 3307 erant,
3475 3243 3637 3297 hodie

2054 3345 2188 3386 vero
2237 3331 2422 3401 plures
2470 3339 2620 3394 sunt,
2668 3345 2804 3386 suus
2858 3329 3259 3385 attribuebatur
3303 3329 3632 3400 presbyter:

2055 3437 2164 3494 qua
2215 3423 2426 3478 ratione
2481 3421 2878 3492 procurandam
2930 3420 3231 3477 Ecelesiam
3283 3421 3430 3476 illam
3470 3420 3635 3476 Arius

2055 3519 2393 3583 susceperat,
2425 3515 2540 3568 sive
2571 3513 2696 3582 quis
2724 3511 2865 3567 alius
2899 3510 3190 3583 adjunctus
3231 3511 3280 3567 ei
3338 3510 3534 3576 fuerat,
3567 3509 3636 3565 de

2052 3607 2253 3677 quibus
2310 3619 2411 3660 suo
2478 3605 2615 3672 loco,
2665 3619 2788 3660 cum
2835 3604 2888 3658 id
2917 3619 3140 3661 necesse
3175 3605 3299 3667 erit,
3325 3601 3636 3657 accuratius

2053 3713 2301 3769 agemus.
2328 3695 2680 3768 Deprehenso
2714 3695 2880 3766 igitur
2921 3694 3069 3762 Ario,
3097 3687 3401 3750 Alexander
3432 3692 3636 3747 indicto

2053 3792 2439 3861 episcoporum
2491 3790 2724 3846 concilio
2757 3789 2824 3846 de
2853 3787 2958 3844 fide
3012 3787 3309 3859 diligenter
3362 3783 3632 3854 inquisiit,

2055 3891 2108 3938 et
2137 3881 2205 3938 ab
2235 3881 2370 3936 Ario
2419 3895 2599 3952 pravae
2649 3896 2712 3936 ac
2767 3879 3092 3951 perniciosae
3153 3877 3300 3933 illius
3335 3875 3632 3946 opinionis,

2055 3990 2216 4046 quam
2237 3974 2420 4028 animo
2435 3981 2783 4044 conceperat,
2821 3972 3096 4028 rationem
3115 3970 3309 4038 exegit.
3341 3967 3440 4022 Hic
3471 3966 3635 4021 Arius

2055 4064 2194 4120 nihil
2238 4064 2610 4135 tergiversari,
2667 4071 2762 4118 aut
2801 4062 3170 4127 dissimulare,
3205 4061 3367 4131 720
3389 4059 3481 4114 sed
3515 4075 3634 4129 pcr-

2055 4155 2216 4210 f’ricta
2249 4154 2450 4218 fronte,
2484 4154 2560 4207 uti
2614 4169 2672 4209 se
2709 4170 2794 4209 res
2839 4153 3092 4218 habebat,
3132 4150 3432 4221 reSpondil.
3461 4151 3631 4215 Quam

2055 4247 2128 4303 ob
2160 4261 2273 4302 rem
2328 4243 2638 4300 Alexander
2666 4259 2791 4299 eum
2841 4259 2908 4299 ex
2942 4242 3182 4297 Ecclesia
3221 4241 3549 4302 deturbavit,
3578 4247 3633 4292 et

2056 4355 2182 4396 cum
2211 4354 2278 4395 eo
2317 4339 2509 4410 ingens
2535 4335 2807 4408 virginum
2835 4349 2899 4389 ac
2937 4343 3257 4390 cancrorum
3285 4332 3630 4395 clericorum,

2055 4448 2195 4503 quos
2257 4430 2348 4486 ille
2395 4429 2740 4498 depravarat,
2797 4426 2878 4481 vis
2926 4425 3166 4496 ejicitur.
3189 4425 3302 4480 Sub
3329 4425 3442 4479 haec
3470 4423 3632 4477 Arius

2057 4523 2270 4591 fugiens
2296 4523 2351 4576 in
2390 4521 2736 4576 Palaestinam
2777 4517 2930 4574 abiit.
2957 4515 3082 4573 Inde
3110 4516 3476 4572 Nicomediam
3507 4529 3633 4584 pro-

2056 4613 2255 4678 fectus,
2283 4627 2347 4666 ex
2375 4626 2438 4668 ea
2467 4611 2600 4666 urbe
2630 4611 2841 4665 litteras
2869 4607 2936 4664 ad
2978 4607 3348 4664 Alexandrum
3372 4607 3542 4672 dedit,
3573 4605 3629 4660 in

2054 4706 2254 4776 quibus
2283 4704 2352 4760 ab
2384 4707 2578 4760 insana
2631 4711 2814 4759 mente
2859 4718 2923 4757 ac
2959 4702 3170 4758 furioso
3214 4702 3466 4773 dogmate
3519 4716 3628 4754 non

2051 4800 2303 4856 recessit.
2360 4795 2560 4855 Verum
2593 4797 2756 4867 paulo
2783 4804 2926 4866 post,
2962 4793 3256 4851 Alexandri
3292 4792 3629 4849 sanctissimi

2053 4890 2396 4947 Alexandriae
2427 4889 2670 4960 episcopi
2705 4887 2890 4944 studio
2949 4894 3004 4943 et
3043 4887 3287 4950 hortatu,
3313 4885 3484 4940 beatae
3513 4898 3630 4938 me-

2057 4984 2244 5040 moria:
2268 4982 2666 5038 Constantinus
2714 4979 2984 5052 synodum
3035 4978 3090 5032 in
3118 4979 3252 5032 urbe
3286 4975 3464 5030 Nicaea
3495 4990 3628 5029 con-

2058 5084 2265 5148 gregat,
2300 5077 2393 5132 ubi
2418 5076 2528 5130 Arii
2554 5075 2747 5147 dogma
2776 5083 2900 5146 post
2917 5073 3040 5144 ejus
3052 5081 3280 5129 mortem
3307 5070 3626 5124 damnatum

2055 5179 2159 5224 est.
2191 5166 2465 5238 Principio
2491 5166 2636 5221 enim
2671 5181 2856 5222 coram
2905 5168 3231 5236 imperatore
3264 5160 3625 5216 Constantino

2057 5259 2327 5315 iuliciatus
2368 5258 2562 5324 fuerat,
2592 5265 2646 5312 et
2702 5258 3007 5312 cavillando
3053 5271 3116 5309 ac
3166 5251 3472 5309 simulando
3497 5267 3622 5306 cum

2056 5358 2204 5407 recta
2231 5350 2334 5406 fide
2359 5356 2744 5415 consentanea,
2786 5345 3146 5420 jurejurando
3183 5345 3342 5400 etiam
3381 5343 3624 5414 interpo-

2054 5503 2427 5580 talla_l‘uerint,
2455 5505 2615 5580 docet
2652 5504 2852 5580 Athan.
2893 5499 3063 5580 Epig}.
3090 5498 3175 5580 Δατί
3212 5498 3381 5580 talin,
3415 5497 3618 5580 ρπβδε,

2056 5576 2149 5630 ubi
2179 5568 2500 5646 Eutycbium
2521 5575 2953 5646 hypodiaeonum
2976 5571 3048 5646 ab
3077 5570 3291 5646 Arianis
3322 5568 3619 5646 scribituad

2054 5645 2271 5699 metalla
2284 5636 2617 5699 'damnatu'n't
2646 5661 2658 5695 :
2687 5642 2794 5693 Kal
2840 5639 3098 5710 μέταλλον
3137 5641 3236 5709 οὐχ
3270 5638 3478 5710 ἀπλιῖις,
3503 5636 3617 5691 ἀλλ’

2054 5717 2133 5778 είς
2167 5715 2226 5767 τὸ
2258 5715 2358 5783 τῆς
2390 5713 2596 5783 Φαινώ⁹
2629 5711 2754 5783 Evilat
2783 5707 2873 5762 καὶ
2907 5711 3099 5783 φονεὺς
3130 5707 3619 5783 καταδικαζόμενος

2054 5777 2236 5854 ὀλίγας
2271 5777 2482 5855 ἡμέρας
2514 5781 2669 5852 μόγις
2698 5777 2928 5834 δύνατκι
2949 5781 3129 5852 ζῆσαι.
3169 5777 3300 5835 Vide
3327 5777 3616 5834 Caelium.
