3994 6226
325 286 416 344 mi
1711 280 1769 340 S.
1816 279 2159 341 EPIPllANiI

3495 291 3599 349 £92

321 403 693 466 sito,locutus
753 401 946 456 fuerat.
1000 399 1101 456 Cui
1157 399 1472 470 imperator,
1527 398 1608 454 Tu
1658 401 1900 471 quidem,

2021 404 2272 471 Ξασιλέως
2308 404 2741 466 Κωνσταντίνου,
2784 405 2875 457 καὶ
2913 405 2978 457 δι’
3006 405 3182 477 ὅρκων
3216 410 3598 478 προσεποιεῖτο

321 495 521 563 inquit,
557 495 602 548 si
630 510 753 548 vere
775 493 995 562 juratus
1024 491 1522 562 sis,jusiurandum
1552 501 1702 545 tuum
1729 501 1906 548 ratum

321 599 460 650 esto,
493 595 545 640 et
581 586 844 641 innocens
872 587 1004 642 eris.
1059 585 1153 639 Sin
1187 586 1237 640 id
1277 586 1398 639 ficte
1422 601 1485 640 ac
1529 585 1908 641 fraudulenter

321 676 520 745 egeris,
555 677 643 730 ille
678 677 813 745 ipse,
847 691 941 745 per
989 691 1150 746 quem
1187 675 1412 745 jurasti,
1442 690 1469 728 a
1502 683 1554 729 te
1582 690 1772 745 ptenas
1795 677 1909 730 exi-

321 778 411 839 gat
447 785 459 820 :
501 768 645 838 quod
703 770 903 838 ipsum,
942 775 999 821 ut
1033 776 1219 838 postea
1276 767 1543 832 dicemus,
1596 768 1757 837 paulo
1784 775 1908 838 post

323 858 572 928 contigit.
601 858 764 912 Arius
797 872 924 912 vero
957 872 1082 910 cum
1113 855 1178 912 de
1216 855 1436 912 Eusebii
1468 855 1904 912 Nieomediensis

298 949 588 1020 °cpisc0pi,
641 949 732 1018 qui
788 946 975 1003 eadem
1023 964 1145 1002 cum
1180 949 1300 1018 ipso
1349 948 1642 1012 sentiebat,
1670 947 1906 1004 factione

322 1048 489 1104 esset,
523 1040 591 1094 ab
648 1055 713 1093 eo
760 1038 829 1093 ad
879 1039 1264 1108 imperatorem
1301 1039 1598 1110 perductus
1635 1048 1741 1103 est,
1782 1048 1905 1093 tan-

323 1144 486 1198 quam
521 1127 768 1182 haeresim
793 1142 947 1180 suam
981 1127 1261 1198 abjuraret
1299 1143 1362 1182 ac
1393 1127 1699 1182 damnaret.
1752 1127 1905 1184 Ideo-

322 1236 430 1291 que
459 1221 752 1289 imperator
783 1218 1018 1275 Eusebio
1063 1221 1305 1284 mandat,
1339 1228 1397 1275 ut
1427 1220 1613 1274 Arium
1637 1220 1905 1276 Constan-

324 1311 548 1381 tinopoli
594 1310 660 1364 ad
685 1312 1123 1374 cominunionem
1169 1311 1500 1376 admitteret,
1537 1315 1640 1368 sub
1673 1314 1906 1367 Alexan-

324 1405 424 1458 dro
447 1405 725 1473 episcopo,
759 1405 851 1474 qui
883 1403 1126 1472 ejusdem
1152 1419 1275 1457 cum
1325 1403 1696 1459 Alexandrino
1724 1405 1904 1459 notui-

325 1498 412 1552 nis
437 1495 1096 1566 Constantinopolitanam
1132 1495 1314 1551 sedem
1342 1496 1580 1550 tenebat.

399 1666 465 1720 γ.
493 1667 597 1721 Per
628 1668 768 1722 idem
794 1679 1005 1736 tempus
1046 1666 1392 1721 Alexandria:
1428 1665 1602 1721 beatae
1631 1665 1904 1720 memoriae

2014 496 2268 568 εἰρωνείᾳ
2287 495 2353 548 τά
2389 497 2488 566 τῆς
2512 492 2820 565 όρθοδοξίας
2852 495 3092 565 ρήματω
3115 498 3390 566 φήσαντος
3415 497 3473 552 δέ
3503 497 3597 551 τοῦ

2014 587 2274 655 βασιλέως
2333 587 2466 658 πρὸς
2533 587 2716 651 αὑτὸν,
2762 588 2843 641 ὅτι
2883 589 2945 640 Et
2993 588 3090 658 μὲν
3129 589 3442 643 δικαιότατα
3487 590 3593 643 ἀπ-

2011 679 2264 748 όμνυσαι,
2295 679 2588 751 πιστωθείη
2611 681 2639 732 6
2665 679 2757 743 σὸς
2787 679 2966 750 ὅρκος,
3001 681 3094 733 καὶ
3122 681 3299 746 άθῶος
3326 682 3444 752 ἔσῃ·
3465 683 3512 735 εί
3539 682 3597 737 δὲ

2013 770 2222 834 δολίως,
2251 772 2370 824 καθ’
2395 765 2456 825 οὗ
2495 770 2742 842 ὤμοσας,
2778 773 3007 842 ποιήσαι
3036 773 3134 842 τὴν
3165 774 3305 827 κατὰ
3335 775 3430 828 σοῦ
3455 774 3592 826 ἐκδι-

2011 861 2152 914 κίαν·
2179 862 2314 932 ὅπερ
2339 862 2438 914 οὐκ
2458 864 2537 924 εἰς
2565 867 2780 932 μακρὰν
2813 861 2961 933 αὐτῷ
2983 863 3229 932 γέγονεν,
3261 863 3337 927 ὡς
3368 862 3595 933 ὕστερον

2013 955 2266 1026 ἐροῦμεν.
2301 955 2678 1026 Συμπράττων
2708 954 2886 1009 τοίνυν
2916 950 3070 1019 οὗτος
3101 957 3130 1009 6
3168 958 3386 1027 Ἄρειος
3426 957 3593 1011 E66:-

2011 1046 2110 1117 ϐίῳ
2132 1045 2208 1117 τῷ
2235 1047 2520 1118 ἐπισκόπῳ
2552 1047 2939 1118 Νικομηδείας,
2969 1047 3038 1105 τὰ
3071 1047 3209 1101 αὐτὰ
3249 1047 3392 1101 οὕτω
3422 1049 3438 1078 ⁸
3470 1065 3603 1118 φρο-

2011 1139 2211 1203 νοῦντι,
2240 1138 2585 1211 προσηνέχθη
2619 1138 2698 1210 τῷ
2723 1139 2871 1210 αὐτῷ
2913 1139 3142 1210 βασιλεῖ,
3181 1138 3258 1202 ὡς
3299 1139 3459 1210 δῆθεν
3504 1140 3605 1210 ἀρ-

2009 1230 2100 1283 νού
2110 1247 2288 1301 μενος,
2311 1231 2402 1284 καὶ
2429 1230 2840 1302 άναθεματίζων
2865 1231 2963 1302 τὴν
2987 1231 3152 1284 αὐτοῦ
3174 1232 3407 1302 αἵρεσιν.
3436 1230 3602 1284 Ὅθεν

2010 1321 2221 1374 κελεύει
2246 1322 2341 1375 καὶ
2372 1322 2659 1392 ἐπιτρέπει
2691 1321 2935 1391 Εὑσεϐίῳ
2973 1321 3063 1374 τὸν
3090 1320 3252 1375 αὐτὸν
3284 1318 3509 1384 συνάξαι
3539 1319 3600 1370 ἐν

2010 1411 2580 1466 Κωνσταντινουπόλει
2613 1413 2704 1464 ἐπὶ
2747 1410 3096 1480 Ἀλεξάνδρου
3127 1409 3429 1462 ἐπισκόπου
3454 1410 3602 1477 ὁμω-

2010 1505 2180 1576 νύμου
2209 1503 2302 1558 τοῦ
2342 1507 2399 1558 ἐν
2442 1503 2820 1574 Ἀλεξανδρείᾳ
2848 1501 3176 1568 ἐπισκόπου,
3207 1499 3360 1562 ὄντος
3393 1497 3452 1552 δέ
3478 1499 3600 1550 ἐπι-

2013 1599 2216 1654 σκόπου
2245 1597 2888 1659 Κωνσταντινουπόλεως.

2083 1687 2154 1741 E'.
2197 1688 2334 1758 Ἤδη
2383 1687 2440 1741 δὲ
2485 1688 2513 1741 6
2559 1684 2866 1758 μακαρίτης
2911 1685 3023 1756 (57)
3083 1682 3430 1754 Ἀλέξανδρος
3475 1684 3502 1736 6
3540 1681 3599 1734 ἐν

326 1761 632 1814 Alexander
687 1769 808 1830 post
866 1758 1089 1823 Meletii,
1136 1759 1201 1814 de
1236 1777 1342 1829 quo
1393 1759 1541 1824 dixi,
1581 1759 1912 1814 confessoris

2028 1751 2400 1854 Ἀλεξανδρείᾳ
2437 1751 2576 1854 μετά
2609 1751 3298 1852 τὴνυτελευτὴνγΜελητίου
3336 1751 3430 1828 τοῦ
3466 1793 3598 1847 προ-

327 1853 561 1916 obitum,
597 1852 859 1906 adversus
885 1851 1144 1906 Ecclesiae
1166 1852 1405 1905 schisma
1439 1851 1744 1904 vehementi
1773 1865 1912 1920 quo—

327 1944 452 1997 dam
503 1942 697 1997 ardore
753 1958 1052 1996 suet-ensus
1110 1941 1466 2007 Meletianos,
1524 1942 1616 2011 qui
1669 1941 1912 2010 privatos

329 2046 635 2090 conventus
695 2035 987 2100 habebant,
1051 2036 1256 2104 agitare
1313 2049 1377 2088 ac
1439 2048 1636 2089 vexare
1691 2044 1745 2088 et
1804 2033 1911 2086 vim

331 2128 591 2183 adhibere
639 2135 903 2198 cmperat,
965 2129 1150 2182 ne'ab
1181 2143 1289 2181 una
1330 2127 1632 2195 eademque
1667 2123 1913 2180 Ecclesia

329 2219 727 2274 contumaciter
760 2217 1158 2285 desciscerent;
1199 2218 1275 2270 illi
1326 2225 1519 2271 contra
1548 2215 1913 2270 detrectantes

331 2310 652 2366 tumultuari
711 2325 774 2365 ac
829 2309 1155 2380 perturbare
1202 2309 1406 2363 omnia.
1479 2307 1658 2372 Quare
1725 2322 1912 2377 perse—

333 2413 534 2473 quente
571 2419 687 2466 eos,
729 2410 782 2455 et
823 2409 1049 2470 urgente
1074 2399 1258 2453 acrius
1300 2399 1632 2469 Alevaiidro,
1663 2398 1914 2452 nonnulli

333 2511 362 2549 e
392 2506 550 2548 sectae
584 2493 881 2563 primariis,
934 2507 998 2546 ac
1032 2493 1232 2560 pietate
1263 2499 1316 2546 et
1350 2492 1549 2547 virtute
1569 2491 1728 2546 facile
1767 2492 1915 2562 prin-

331 2589 502 2656 cipes,
530 2595 586 2640 ut
620 2585 685 2638 iis
717 2584 1080 2638 incommodis
1107 2584 1474 2647 mederentur,
1502 2583 1567 2638 ad
1593 2585 1914 2640 comitatum

333 2679 561 2752 profecti
595 2684 745 2741 sunt,
783 2686 838 2730 ut
867 2676 1182 2746 imperatori
1217 2677 1610 2746 supplicarent,
1645 2678 1712 2732 ab
1744 2693 1916 2748 eoque

333 2773 673 2842 privatorum
714 2776 1080 2824 conventuum
1128 2767 1246 2823 sine
1285 2768 1398 2822 ullo
1429 2768 1814 2838 impedimenta
1839 2768 1912 2823 fa-

335 2867 593 2920 cultatem
647 2861 983 2917 obtinerent.
1045 2859 1123 2914 Ex
1174 2861 1262 2916 his
1311 2861 1572 2930 praecipui
1605 2869 1764 2916 erant
1811 2859 1917 2917 Pa-

335 2957 600 3029 phnutius
629 2953 849 3026 quidam
914 2953 995 3009 vir
1024 2967 1254 3022 magnus
1284 2960 1337 3008 et
1375 2952 1725 3016 anachoreta,
1755 2953 1911 3023 721

335 3051 496 3121 cujus
530 3056 703 3104 mater
757 3047 1038 3102 Christum
1067 3046 1195 3100 olim
1235 3044 1488 3101 confessa
1520 3043 1714 3109 fuerat,
1747 3045 1842 3100 sed
1863 3051 1915 3098 et

341 3141 460 3210 ipse
489 3139 672 3208 aliqua
703 3153 770 3192 ex
809 3144 963 3206 parte
986 3135 1231 3189 eamdem
1255 3133 1653 3188 confessionem
1683 3132 1914 3187 obierat.
1947 3132 2008 3156 ν·

336 3231 470 3284 Cum
499 3244 563 3284 eo
599 3234 716 3282 erat
753 3236 806 3282 et
837 3225 1077 3280 Joannes
1131 3225 1350 3278 illorum
1401 3224 1712 3294 episcopus,
1749 3224 1830 3277 vir
1865 3233 1921 3278 et

341 3324 460 3392 ipse
486 3336 609 3375 cum
645 3319 838 3390 primis
876 3316 1227 3380 venerabilis,
1273 3330 1486 3369 necnon
1519 3322 1572 3368 et
1622 3313 1920 3368 Callinicus

341 3411 544 3467 Pelusii
574 3411 883 3480 episcopus,
923 3423 1045 3462 eum
1108 3407 1230 3461 aliis
1257 3405 1608 3476 quibusdam,
1630 3405 1723 3474 qui
1757 3405 1919 3474 hujus

339 3503 555 3558 consilii
587 3500 880 3572 participes
913 3497 1144 3552 fuerant.
1167 3496 1414 3562 Quicum
1444 3495 1509 3549 ad
1540 3495 1920 3564 imperatorem

340 3579 644 3654 venissent,
704 3601 758 3645 et
796 3590 946 3645 adire
995 3588 1213 3652 vellent,
1253 3587 1394 3658 pulsi
1431 3602 1495 3640 ac
1537 3585 1724 3655 rejecti
1762 3595 1916 3642 sunt.

344 3685 477 3740 Nam
509 3683 738 3737 Palatini
759 3682 944 3737 audito
969 3679 1379 3736 Meletianorum
1405 3677 1642 3743 nomine,
1661 3677 1789 3746 quid
1818 3678 1919 3732 hoc

344 3777 449 3834 sibi
477 3775 635 3831 vellet
670 3774 1009 3847 ignorantes,
1045 3769 1196 3825 adire
1229 3767 1527 3839 principem
1552 3763 1775 3820 minime
1798 3780 1920 3835 per-

345 3870 632 3925 miserunt.

421 3961 505 4016 Vl.
567 3961 716 4015 Inter
767 3957 883 4012 hazc
931 3953 1312 4025 Paphnutius,
1351 3951 1592 4011 Joannes
1639 3971 1702 4012 ac
1740 3954 1921 4011 caeteri

341 4049 818 4120 ConstantinOpnli
880 4059 935 4102 et
983 4046 1316 4100 Nicomediae
1363 4046 1663 4117 longiorem
1710 4061 1919 4102 moram

346 4147 649 4210 trahentes,
691 4156 816 4197 cum
842 4138 1082 4195 Eusebio
1109 4137 1446 4194 Nicomediae
1474 4139 1732 4210 episcopo
1762 4139 1922 4195 fami-

349 4238 636 4291 liaritatem
661 4231 1021 4298 contrahunt,
1053 4229 1214 4300 eique
1239 4243 1353 4284 rem
1386 4243 1602 4283 onmem
1631 4228 1920 4299 aperiunt;

351 4333 621 4382 noverant
675 4324 821 4378 enim
869 4322 1016 4377 hunc
1049 4321 1193 4392 apud
1243 4321 1622 4390 imperatorem
1663 4319 1838 4392 gratia
1868 4328 1924 4376 et

421 4506 437 4538 ¹
471 4502 534 4558 F.
558 4499 753 4573 τούτῳ,
783 4501 865 4556 vel
895 4498 1061 4569 αὐτῷ.

2013 1877 2304 1948 ειρημένου
2353 1872 2714 1946 ὁμολογητοῦ,
2765 1872 2926 1942 ζῆλον
2972 1869 3276 1940 ἀνειληφὼς
3323 1867 3466 1920 κατὰ
3503 1867 3598 1920 τοῦ

2015 1966 2311 2037 σχίσματος
2358 1965 2456 2036 τῆς
2516 1961 2866 2034 Ἐκκλησίας,
2916 1962 3092 2031 πάντη
3147 1961 3271 2021 τοὺς
3319 1958 3426 2028 ἰδίᾳ
3478 1974 3596 2010 συν⁶

2014 2053 2267 2121 άγοντας.
2322 2050 2426 2104 ὑπὸ
2478 2051 2533 2105 δὲ
2576 2049 2846 2122 Μελητίου
2901 2047 3384 2117 καταλειφθέντας,
3426 2046 3598 2101 ἐδόκει

2011 2139 2306 2209 ταράσσειν
2343 2155 2401 2191 τε
2444 2137 2850 2209 καισυνέχειν,
2896 2135 3180 2208 βιάζεσθαί
3217 2153 3298 2200 τε,
3341 2137 3489 2200 ὅπως
3522 2140 3598 2208 μὴ

2013 2229 2354 2300 ἁφηνιάσωσι
2381 2229 2480 2301 τῆς
2515 2230 2643 2301 μιᾶς
2677 2228 3024 2300 Ἐκκλησίας.
3059 2228 3125 2282 Oi
3151 2227 3208 2281 δὲ
3231 2230 3304 2300 μὴ
3336 2227 3590 2297 βουλόμε-

2014 2339 2094 2375 νοι
2135 2322 2460 2393 ἐτάραττον,
2510 2323 2607 2376 καὶ
2649 2321 2894 2393 ταραχὰς
2940 2322 3226 2392 ἐνήργουν.
3263 2319 3360 2374 Ἐκ
3407 2319 3598 2373 τούτου

2015 2413 2330 2483 πιεζόμενοι
2358 2411 2453 2468 καὶ
2484 2413 2833 2484 συνεχόμενοι
2873 2413 2978 2467 ὑπὸ
3006 2411 3102 2464 τοῦ
3143 2411 3416 2482 μακαρίου
3445 2410 3597 2463 Ἀλε-

2016 2504 2264 2575 ξάνδρου,
2296 2503 2634 2575 ἐπιχειροῦσί
2673 2521 2820 2567 τινες
2847 2503 2906 2570 ἐξ
2935 2502 3115 2556 αὐτῶν
3143 2501 3466 2573 ἀκρέμονες,
3505 2501 3599 2554 καὶ

2015 2596 2085 2648 τὰ
2116 2597 2356 2664 πρωτεῖα
2382 2594 2782 2666 ἀποφερόμενοι
2811 2594 2868 2646 ἐν
2898 2611 2959 2647 τε
2987 2592 3238 2662 εὐσεϐείᾳ
3263 2592 3356 2644 καὶ
3389 2593 3445 2644 ἐν
3478 2591 3596 2661 βίῳ,

2016 2687 2110 2740 καὶ
2142 2686 2446 2740 στέλλονται
2471 2687 2562 2740 ἐπὶ
2586 2686 2648 2740 τὸ
2677 2687 2984 2757 κομητᾶτον
3017 2683 3268 2754 ἐντυχίας
3298 2682 3481 2745 ἕνεκα,
3505 2681 3596 2734 τοῦ

2017 2780 2275 2849 ἐντυχεῖν,
2319 2777 2415 2831 καὶ
2464 2777 2720 2847 ἀνεθῆναι
2766 2775 2858 2830 τοῦ
2917 2776 3174 2844 συνάγειν
3224 2773 3347 2844 ἰδίᾳ,
3395 2772 3597 2844 καὶμὴ

2017 2869 2343 2925 κωλύεσθαι.
2389 2865 2496 2923 ’Ἦν
2539 2869 2596 2923 δὲ
2636 2867 2973 2937 Παφνούτιός
2994 2867 3106 2937 (58)
3135 2883 3219 2930 τις
3261 2864 3434 2936 μέγας
3460 2864 3597 2934 ἀνὴρ

2017 2962 2393 3033 ἁναχωρητὴς,
2422 2961 2517 3016 καὶ
2540 2960 2700 3024 αὐτὸς
2729 2960 2844 3023 υίὸς
2865 2956 3261 3030 ὀμολογητρίας
3291 2953 3594 3025 τυγχάνων,

2019 3052 2409 3124 παραψάμενος
2441 3053 2535 3106 καὶ
2564 3051 2726 3115 αὐτὸς
2747 3049 2927 3114 ποσῶς
2949 3050 3042 3119 τῆς
3073 3046 3388 3118 ὁμολογίας,
3416 3044 3596 3097 Ἰωάνα

2023 3163 2120 3217 νης
2149 3163 2207 3198 τε
2238 3145 2532 3208 ἐπίσκοπος
2561 3144 2669 3197 τῶν
2695 3143 2896 3205 αὐτῶν,
2926 3141 3065 3212 ἀνὴρ
3093 3141 3186 3194 καὶ
3219 3137 3379 3200 αὐτὸς
3399 3135 3594 3208 τιμιώ-

2021 3250 2202 3299 τατος,
2233 3233 2556 3296 Καλλίνικός
2582 3250 2640 3285 τε
2677 3234 2703 3285 6
2737 3235 2794 3286 ἐν
2827 3231 3112 3302 Πηλουσίῳ
3145 3229 3463 3291 ἐπίσκοπος,
3504 3229 3596 3280 καὶ⁵

2021 3325 2167 3379 ἄλλοι
2189 3325 2331 3388 τινὲς
2357 3326 2406 3377 οί
2429 3323 2586 3378 τοῦτο
2616 3324 2996 3394 ποιησάμενον
3028 3322 3245 3384 οἵτινες,
3273 3317 3596 3381 ἀπελθόντες

2021 3417 2116 3471 καὶ
2141 3416 2450 3487 ἐντυχόντες
2487 3415 2566 3486 τῷ
2605 3414 2813 3484 βασιλεῖ
2851 3412 3237 3484 ἀπετρέποντο,
3265 3411 3357 3464 καὶ
3381 3409 3596 3474 ἐξεϐάλ-

2019 3507 2189 3562 λοντο.
2211 3509 2272 3562 Oi
2298 3507 2406 3577 γάρ
2431 3508 2489 3560 ὲν
2516 3505 2592 3577 τῷ
2620 3505 2865 3576 παλατίῳ
2893 3504 3223 3566 ἀκούσαντες
3243 3500 3595 3571 Μελητιανῶν

2020 3599 2209 3672 ὄνομα,
2241 3600 2335 3654 καὶ
2364 3598 2682 3669 ἀγνοοῦντες
2709 3597 2759 3652 τί
2795 3597 2860 3652 ἂν
2888 3598 2980 3667 εἴη
3009 3597 3068 3649 τὺ
3099 3596 3355 3657 τοιοῦτον,
3382 3594 3441 3646 οὐ
3481 3610 3594 3646 συν·

2021 3691 2258 3764 εχώρουν
2286 3691 2469 3754 αὐτοῖς
2503 3690 2742 3762 ἐντυχεῖν
2771 3687 2847 3758 τῷ
2878 3687 3104 3759 βασιλεῖ.

2091 3956 2184 4022 ς’.
2224 3953 2335 4008 Καὶ
2371 3953 2428 4008 ἐν
2452 3951 2626 4022 τούτῳ
2662 3949 2974 4022 συμϐέϐηκε
3009 3944 3424 4019 χρονοτριϐῆσαι
3469 3942 3594 4008 τοὺς

2023 4046 2151 4117 περὶ
2175 4045 2528 4116 Παφνούτιον,
2577 4047 2670 4100 καὶ
2714 4045 2986 4117 Ἰωάννην,
3013 4045 3108 4099 κοιλ⁸
3147 4043 3365 4106 λοιποὺς
3395 4041 3487 4096 ἐπὶ
3525 4039 3595 4095 τὰ

2027 4137 2169 4208 μέρη
2215 4138 2316 4206 τῆς
2373 4138 2997 4202 Κωνσταντινουπόλεως
3059 4137 3154 4190 καὶ
3206 4133 3591 4206 Νικομηδείας.

2022 4228 2156 4281 Τότε
2185 4229 2241 4282 δὲ
2271 4229 2571 4298 φιλιοῦνται
2613 4231 2895 4300 ἐπισκόπῳ
2932 4227 3296 4301 Νικομηδείας
3324 4225 3401 4298 τῷ
3431 4226 3595 4279 Εὑσευ

2024 4324 2146 4396 ϐίῳ,
2173 4325 2266 4380 καὶ
2297 4324 2657 4398 ἀναφέρουσιν
2683 4323 2831 4395 αὑτῷ
2856 4323 2924 4377 τὰ
2962 4321 3103 4382 κατά
3141 4321 3237 4393 τὴν
3269 4319 3436 4391 αὐτὴν
3467 4317 3594 4372 ὑπό-

424 4662 535 4736 (57)
574 4661 725 4728 Ἤδη
761 4658 832 4736 δέ
856 4660 888 4712 ό
916 4655 1267 4736 μακαρίτης.
1431 4651 1647 4736 ¹ιιιιιιιιιη
1705 4652 1915 4736 ofﬁcina

2025 4656 2080 4714 in
2102 4657 2467 4736 conciliabula
2495 4653 2662 4727 Tyrio
2701 4669 2800 4728 pro
2826 4652 3124 4736 Athanasio
3149 4648 3594 4736 adversushria-

352 4723 722 4801 consequens
757 4723 991 4801 historia
1024 4723 1289 4801 _prodiit;
1322 4723 1615 4801 _Meletiani
1637 4724 1920 4801 _videlicet

353 4793 661 4874 eujuspiam
684 4798 989 4874 nebulonis.
1024 4793 1216 4874 hiqua
1239 4795 1491 4874 ‘primum
1520 4793 1654 4874 illud
1685 4793 1921 4874 falsissi-

357 4863 646 4936 mum'est,
677 4869 972 4941 superstite
1024 4863 1201 4921 adhuc
1248 4863 1921 4941 Alexandqueletianos

354 4963 482 5003 cum
511 4934 724 4998 Aria’nis
748 4934 1133 5009 conspirasse;
1163 4935 1310 5009 quod
1343 4934 1658 5009 Alexandro
1699 4935 1918 5009 demum

357 5025 576 5073 mortuo
593 5004 1066 5080 contigisse'docet
1091 5005 1426 5080 Athanasius
1451 5004 1602 5072 Apol.
1631 5005 1700 5080 ᾖ,
1725 5005 1920 5075 p.603.

359 5087 493 5142 Nam
531 5074 834 5140 Alexander
862 5079 1102 5134 nondum
1126 5094 1156 5131 v
1190 5075 1468 5130 mensibus
1490 5083 1612 5144 post
1640 5074 1920 5131 Nictenum

361 5158 655 5212 concilium
696 5152 928 5224 expletis
963 5148 1215 5224 moritur.
1261 5144 1391 5200 Post
1415 5145 1534 5212 ejus
1563 5145 1776 5224 obitum
1785 5161 1922 5224 _cum

305 5261 308 5263 λ
363 5227 612 5282 Meletius
644 5215 940 5296 iper'idegn
985 5218 1096 5273 fere
1125 5225 1348 5296 tempus
1371 5216 1717 5296 e_i§cessisset,
1759 5215 1922 5296 licio-

362 5298 495 5352 tiani
525 5298 592 5351 ab
621 5285 855 5350 Eusebio
881 5287 1283 5344 Nicomediensi
1311 5285 1586 5341 sollicitati
1615 5301 1740 5340 cum
1769 5285 1921 5338 Aria-

365 5383 559 5422 norum
592 5365 829 5420 factione
859 5361 1127 5416 coierunt.
1158 5357 1288 5422 Qute
1315 5356 1575 5411 historica
1609 5357 1782 5412 series
1815 5355 1926 5410 Me-

365 5437 550 5495 letéani
578 5433 890 5504 ignpostoris
913 5430 1148 5504 fabulam
1182 5426 1414 5504 jugulat.

439 5507 556 5577 (58)
584 5495 706 5577 Ἦν
721 5503 801 5577 ἑὲ
827 5495 1218 5577 numellas-
1241 5495 1399 5577 Alius
1439 5496 1526 5576 ιιίο
1554 5510 1677 5551 esse
1703 5495 1924 5577 delicis

369 5564 567 5646 magno
604 5576 695 5630 illo
721 5564 1023 5646 Paphnutio
1053 5568 1343 5646 Thebaidis
1385 5567 1658 5646 episeopo,
1696 5566 1788 5646 qui
1829 5564 1924 5617 Ni-

370 5635 534 5703 ςειεῖιιι
577 5635 816 5719 synodo'
838 5640 1117 5719 interfuit,
1145 5639 1365 5719 quique.
1397 5643 1449 5716 et
1493 5637 1606 5703 ipse
1639 5635 1921 5719 confessor

372 5703 992 5785 exstitit,‘Constantino
1037 5703 1178 5782 imp:
1218 5703 1595 5764 charissinms.
1641 5703 1737 5757 llic
1773 5703 1916 5759 enim

2023 4744 2127 4785 nos
2149 4729 2374 4784 restitit.
2403 4721 2660 4783 Fortasse
2685 4721 2816 4782 vero
2851 4725 3170 4781 Meletianns
3195 4722 3318 4781 iste.
3341 4721 3432 4791 qui
3457 4721 3597 4775 hanc

2019 4799 2261 4855 fabulam
2295 4799 2665 4862 concinnavit,
2718 4797 2772 4850 in
2819 4795 3112 4866 Paphnutii
3153 4793 3371 4866 nomine
3403 4791 3588 4844 lucum

2021 4870 2258 4942 posteris
2285 4869 2429 4932 fecit,
2465 4878 2522 4924 ut
2551 4857 2918 4942 Paphnutiuni
2936 4882 2966 4942 εξ
2991 4857 3398 4942 Meletianortun
3426 4875 3588 4942 grege

2022 4931 2333 5011 quempiam
2365 4931 2490 5011 cum
2522 4931 2695 5011 altero
2717 4937 2808 5011 illo
2833 4935 3150 5011 confessore
3171 4940 3225 5011 et
3247 4931 3446 5011 insigni
3473 4931 3591 4985 viro

2024 5003 2356 5066 confuderit.
2394 5009 2580 5082 iSaner
2623 5007 2994 5082 Paphnutios_
3023 5004 3233 5082 aliquot
3305 5003 3594 5082 episcopos

2025 5089 2277 5152 recenset
2318 5081 2658 5135 Athanasius
2697 5074 2748 5133 in
2776 5077 3062 5145 Apologia;
3114 5074 3212 5152 sed
3265 5074 3359 5143 qui
3417 5074 3592 5152 ipsius

2027 5167 2208 5206 causae
2248 5151 2512 5213 faverint,
2568 5164 2734 5204 unum
2795 5143 2921 5203 vero
2950 5143 3305 5206 monachum,
3338 5143 3592 5213 quiinsi-

2027 5222 2239 5276 diarum
2271 5211 2776 5288 ealumniarumque
2809 5225 3003 5288 contra
3050 5230 3109 5268 se
3155 5214 3223 5288 ab
3265 5211 3483 5288 Arianis
3504 5279 3516 5288 _
3537 5217 3591 5264 et

2029 5291 2333 5347 Meletianis
2388 5279 2844 5359 excogitatarum
2871 5287 3144 5359 particeps
3195 5283 3392 5359 fuerit";
3420 5279 3590 5359 cujus

2027 5363 2312 5428 epistolam
2369 5361 2423 5413 in
2473 5351 2624 5427 Αῇοι.
2655 5358 2691 5412 2
2722 5351 2950 5427 profert.
3006 5351 3286 5428 Postremo
3337 5351 3585 5406 Calliniti

2032 5426 2301 5486 Meletiani
2356 5430 2410 5483 in
2448 5426 2636 5484 eadem
2687 5426 2841 5500 A’pot.
2888 5426 3156 5488 meminit,
3185 5435 3589 5500 _eu_mque_cmu

2030 5501 2209 5557 [sione
2258 5510 2311 5555 et
2357 5500 2684 5554 Eudaemone
2734 5491 3100 5554 subornatum
3149 5495 3218 5548 ab
3267 5491 3590 5570 Eusebianis

2026 5573 2240 5699 Scit-ibit,
2261 5580 2316 5624 ut
2347 5571 2607 5629 falsorum
2635 5570 2930 5625 criminum
2956 5581 3108 5623 reum
3141 5578 3265 5622 sese
3297 5559 3368 5618 ad
3395 5559 3590 5631 imper.

2062 5661 2091 5698 e
2116 5650 2317 5699 errent.

2062 5650 2317 5699 el‘errent.
