3994 6226
335 319 428 376 191

1722 313 1779 372 S.
1826 313 2170 373 EPlPllANil

3507 321 3610 379 £32

332 435 705 498 sito,loculus
764 433 956 488 fuerat.
1011 432 1111 488 Cui
1167 431 1483 502 imperator,
1538 430 1618 486 Tu
1669 433 1911 503 quidem,

2034 436 2282 499 Ξασιλέως
2319 435 2752 497 Κωνσταντίνου,
2795 437 2886 488 καὶ
2925 435 2989 488 δι’
3017 436 3194 508 ὅρκων
3228 440 3608 509 προσεποιεῖτο

333 528 532 596 inquit,
569 527 613 581 si
641 542 764 580 vere
785 526 1006 594 juratus
1035 522 1532 594 sis,jusiurandum
1563 533 1714 577 tuum
1740 533 1917 579 ratum

332 632 472 683 esto,
504 627 556 673 et
592 619 854 673 innocens
883 619 1014 674 eris.
1070 617 1164 671 Sin
1198 617 1248 672 id
1288 618 1409 671 ficte
1433 633 1497 671 ac
1540 617 1920 672 fraudulenter

333 708 531 778 egeris,
567 709 653 762 ille
688 709 823 778 ipse,
858 723 952 778 per
1001 723 1162 778 quem
1199 707 1423 776 iurasti,
1453 722 1481 760 a
1513 715 1565 761 te
1593 723 1783 776 pinnas
1807 709 1920 762 exi-

332 810 422 871 gat
457 818 470 852 :
512 801 656 871 quod
714 802 914 871 ipsum,
953 808 1010 854 ut
1044 807 1230 870 postea
1288 799 1555 864 dicemus,
1607 799 1768 868 paulo
1795 806 1920 870 post

333 890 582 961 contigit.
611 891 776 944 Arius
808 905 936 944 vero
969 904 1092 942 cum
1125 887 1190 943 de
1228 887 1447 944 Eusebii
1481 887 1917 944 Nicomediensis

309 981 599 1052 'cpiscopi,
651 981 743 1050 qui
799 979 986 1036 eadem
1035 996 1157 1034 cum
1191 981 1312 1050 ipso
1361 980 1653 1044 sentiebat,
1682 979 1917 1036 factione

333 1080 500 1136 esset,
535 1072 602 1126 ab
660 1087 725 1126 eo
772 1070 840 1125 ad
891 1071 1276 1141 imperatorem
1312 1070 1610 1142 perductus
1647 1079 1752 1134 est,
1794 1080 1917 1124 tan-

334 1177 498 1230 quam
533 1159 780 1214 haeresim
805 1175 958 1213 suam
993 1159 1273 1230 abjuraret
1310 1175 1374 1214 ac
1404 1159 1711 1214 damnaret.
1763 1159 1917 1215 Ideo-

333 1268 442 1323 que
471 1253 765 1322 imperator
795 1250 1029 1307 Eusebio
1073 1252 1317 1316 mandat,
1351 1259 1408 1306 ut
1439 1252 1624 1306 Arium
1649 1251 1918 1307 Constan-

336 1344 560 1414 tinopoli
607 1343 672 1396 ad
697 1344 1134 1398 conmmnionem
1181 1343 1512 1407 admitteret,
1549 1347 1652 1400 sub
1685 1345 1918 1398 Alexan-

337 1438 436 1492 dro
459 1437 736 1506 episeopo,
770 1437 863 1506 qui
894 1435 1138 1505 ejusdem
1164 1451 1288 1489 cum
1336 1436 1708 1491 Alexandrino
1736 1437 1916 1490 nomi-

337 1530 424 1584 nis
449 1528 1108 1598 Constantinopolitauam
1143 1527 1326 1583 sedem
1354 1528 1592 1582 tenebat.

411 1699 476 1752 γ.
504 1699 609 1753 Per
640 1700 780 1754 idem
806 1711 1018 1768 tempus
1059 1699 1405 1753 Alexandria:
1440 1698 1615 1753 beata:
1642 1697 1917 1752 memoria:

2025 527 2279 600 εἰρωνείᾳ
2297 526 2364 579 τά
2399 529 2498 597 τῆς
2523 523 2830 596 ὀρθοδοξίας
2863 527 3102 596 ῥήματα·
3127 529 3402 597 φήσαντος
3427 528 3485 582 δέ
3515 528 3606 582 τοῦ

2025 619 2286 686 βασιλέως
2345 619 2477 689 πρὸς
2545 618 2728 683 αὑτὸν,
2773 619 2854 672 ὅτι
2895 619 2957 672 Εἰ
3004 619 3102 689 μὲν
3139 620 3454 674 δικαιότατα
3499 621 3602 674 ἀπ-

2022 711 2275 780 όμνυσαι,
2305 711 2600 782 πιστωθείη
2623 712 2650 764 6
2677 710 2768 774 σὸς
2799 711 2977 782 ὅρκος,
3012 711 3105 764 καὶ
3133 711 3310 776 ἁΘῶος
3337 712 3455 782 ἔσῃ·
3477 713 3524 766 εἰ
3550 712 3608 768 δὲ

2025 801 2234 866 δολίως,
2261 803 2381 856 καθ’
2407 797 2467 856 οὗ
2507 801 2754 872 ὤμοσας,
2790 804 3018 873 ποιήσαι
3048 804 3145 873 τὴν
3176 805 3317 858 κατὰ
3347 805 3442 858 σοῦ
3467 804 3601 856 ἐκδι-

2023 893 2164 945 κίανο
2190 893 2325 964 ὅπερ
2351 893 2449 946 οὐκ
2470 895 2549 956 εἰς
2577 897 2792 964 μακρὰν
2825 892 2972 964 αὑτῷ
2993 893 3241 963 γέγονεν,
3273 894 3348 958 ὠς
3379 893 3604 964 ὕστερον

2025 985 2278 1057 ἐροῦμεν.
2313 986 2689 1058 Συμπράττων
2719 985 2897 1039 τοίνυν
2928 980 3082 1050 οὗτος
3113 989 3142 1040 6
3180 988 3397 1058 Ἄρειος
3437 987 3602 1041 Εὐσε-

2022 1077 2122 1148 6ίῳ
2143 1077 2220 1148 τῷ
2246 1078 2532 1149 ἐπισκόπῳ
2564 1078 2951 1148 Νικομηδείας,
2981 1079 3050 1136 τὰ
3082 1078 3221 1132 αὐτὰ
3261 1077 3404 1131 οὕτω
3434 1079 3449 1108 ⁸
3482 1095 3613 1149 φρο-

2022 1170 2223 1234 νοῦντι,
2251 1169 2597 1242 προσηνέχθη
2631 1169 2710 1241 τῷ
2735 1169 2883 1240 αὐτῷ
2924 1169 3154 1240 βασιλεῖ,
3194 1169 3270 1232 ὡς
3311 1169 3471 1240 δῆθεν
3516 1170 3616 1240 ἀρ-

2021 1261 2111 1315 νού
2122 1279 2300 1332 μενος,
2323 1263 2414 1315 καὶ
2441 1261 2852 1334 ἀναθεματίζων
2877 1262 2974 1333 τὴν
2998 1261 3164 1316 αὐτοῦ
3186 1262 3419 1333 αἵρεσιν.
3448 1261 3612 1314 ’ΌΘεν

2022 1352 2233 1406 κελεύει
2258 1353 2353 1406 καὶ
2384 1353 2671 1423 ἐπιτρέπει
2702 1351 2946 1422 Εὑσεϐίῳ
2985 1351 3074 1405 τὸν
3102 1351 3264 1406 αὑτὸν
3296 1349 3521 1415 συνάξαι
3551 1349 3610 1400 ἐν

2022 1443 2592 1498 Κωνσταντινουπόλει
2625 1443 2716 1495 ἐπὶ
2760 1441 3108 1511 Ἀλεξάνδρου
3139 1440 3440 1492 ἐπισκόπου
3466 1439 3612 1507 ὁμω⁴

2023 1536 2192 1607 νύμου
2222 1535 2314 1589 τοῦ
2354 1539 2411 1589 ἐν
2454 1534 2832 1604 ’Δλεξανδρείᾳ
2860 1532 3188 1599 ἐπισκόπου,
3219 1529 3372 1592 ὄντος
3405 1528 3463 1582 δὲ
3489 1529 3611 1580 ἐπιο

2025 1630 2228 1685 σκόπου
2257 1628 2900 1690 Κωνσταντινουπόλεως.

2095 1718 2167 1772 Ε’.
2210 1719 2347 1788 Ἤδη
2396 1718 2452 1772 δὲ
2497 1720 2525 1772 6
2570 1715 2879 1788 μακαρίτης
2923 1716 3035 1786 (57)
3095 1712 3442 1784 Ἀλέξανδρος
3487 1714 3514 1766 6
3552 1711 3610 1764 ἐν

337 1793 644 1847 Alexander
699 1801 821 1863 post
878 1791 1102 1855 Meletii,
1148 1791 1214 1846 de
1249 1809 1354 1862 quo
1406 1791 1554 1856 dixi,
1593 1790 1924 1845 confessoris

2041 1782 2412 1886 Ἀλεξανδρείᾳ
2449 1782 2588 1885 μετά
2621 1782 3310 1883 τὴντελευτὴννΜελητίου
3347 1782 3441 1859 τοῦ
3479 1822 3608 1876 προ-

338 1885 574 1948 obitmn,
609 1884 871 1938 adversus
897 1884 1156 1938 Ecclesia:
1178 1884 1417 1938 schisma
1453 1883 1756 1936 vehementi
1785 1897 1925 1951 quo-

339 1977 464 2030 dam
515 1974 709 2030 ardore
766 1990 1065 2029 suerensus
1122 1973 1478 2039 Meletiauos,
1537 1974 1629 2043 qui
1681 1973 1924 2042 privatos

341 2079 647 2122 conventus
707 2067 999 2133 habebant,
1064 2068 1268 2136 agitare
1326 2082 1389 2120 ac
1450 2080 1649 2121 vexare
1703 2075 1757 2120 et
1818 2065 1924 2118 vim

343 2161 604 2216 adhibere
652 2168 916 2231 cmpcrat,
979 2176 1046 2215 ne
1095 2161 1162 2212 ab
1194 2175 1302 2214 una
1343 2159 1644 2227 eademque
1679 2155 1926 2212 Ecclesia

342 2252 739 2307 contumaciter
773 2250 1171 2317 desciscerent;
1212 2250 1288 2302 illi
1339 2258 1531 2303 contra
1560 2247 1926 2302 detrectantes

344 2343 664 2399 tumultuari
724 2357 787 2398 ac
843 2342 1167 2413 perturbare
1214 2340 1418 2395 omnia.
1491 2339 1671 2404 Quare
1738 2353 1925 2409 perse-

346 2446 546 2506 quente
584 2451 700 2499 eos,
741 2442 796 2488 et
836 2441 1062 2502 urgente
1087 2431 1270 2485 acrius
1313 2431 1645 2501 Alexandro,
1675 2429 1926 2484 nonnulli

345 2544 375 2581 e
405 2537 562 2580 secta:
597 2525 894 2596 primariis,
947 2539 1010 2578 ac
1045 2525 1245 2592 pietate
1275 2530 1329 2578 et
1363 2524 1562 2578 virtute
1582 2523 1740 2578 facile
1780 2523 1928 2593 prin-

343 2622 515 2689 cipes,
543 2628 598 2672 ut
633 2618 698 2670 iis
729 2616 1092 2670 incommodis
1120 2616 1487 2679 mederentur,
1515 2615 1580 2669 ad
1607 2617 1926 2671 comitatum

344 2711 574 2784 profecti
608 2716 758 2773 sunt,
795 2718 851 2762 ut
880 2709 1194 2778 imperatori
1231 2708 1622 2777 supplicarent,
1659 2710 1726 2763 ab
1757 2724 1930 2779 eoque

346 2806 685 2874 privatorum
727 2809 1093 2856 conventuum
1141 2799 1258 2855 sine
1298 2799 1411 2854 ullo
1442 2799 1827 2869 impedimento
1851 2799 1926 2854 fa-

347 2899 606 2951 cultatem
659 2893 996 2949 obtinerent.
1058 2891 1135 2946 E1
1187 2893 1275 2946 his
1323 2892 1586 2962 pracipui
1619 2900 1778 2947 erant
1825 2891 1930 2948 Pa-

348 2989 612 3061 phnutius
643 2985 863 3058 quidam
927 2986 1008 3042 vir
1038 2999 1267 3054 magnus
1297 2992 1350 3039 et
1389 2983 1738 3047 anachoreta,
1769 2984 1924 3055 721

347 3083 509 3152 cujus
543 3087 741 3136 mater
770 3078 1051 3134 Christum
1079 3079 1208 3132 olim
1248 3075 1500 3132 confessa
1533 3074 1728 3141 fuerat,
1760 3075 1856 3131 sed
1876 3083 1929 3129 et

353 3173 473 3241 ipse
503 3171 685 3240 aliqua
716 3185 784 3224 ex
823 3177 975 3238 parte
999 3167 1244 3222 eamdem
1268 3165 1666 3220 confessionem
1697 3163 1928 3218 obierat.

349 3263 484 3316 Cum
512 3276 575 3316 eo
612 3266 729 3314 erat
767 3267 818 3313 et
850 3256 1090 3312 Joannes
1144 3257 1363 3310 illorum
1414 3255 1726 3325 episcopus,
1762 3254 1844 3308 vir
1879 3263 1934 3309 et

353 3355 473 3424 ipse
499 3367 622 3407 cum
658 3350 852 3421 primis
889 3348 1240 3411 venerabilis,
1286 3361 1499 3401 necnon
1532 3353 1586 3399 et
1635 3344 1934 3399 Callinicus

354 3443 557 3499 Pelusii
587 3443 896 3511 episcopus,
935 3455 1058 3493 cum
1121 3439 1243 3492 aliis
1271 3436 1620 3506 quibusdam,
1644 3435 1736 3506 qui
1770 3436 1932 3505 hujus

353 3534 568 3589 consilii
600 3531 893 3602 participes
927 3529 1157 3583 fuerant.
1180 3527 1427 3594 Quicum
1457 3526 1522 3580 ad
1553 3526 1933 3595 imperatorem

353 3612 657 3686 venissent,
717 3632 771 3676 et
809 3621 960 3676 adire
1008 3619 1226 3683 vellent,
1267 3619 1407 3688 pulsi
1444 3633 1508 3671 ac
1550 3617 1738 3686 reiecti
1775 3625 1929 3672 sunt.

357 3717 490 3771 Nam
522 3714 750 3769 Palatini
772 3713 957 3768 audito
982 3711 1392 3766 Meletianorum
1419 3707 1803 3776 nominc,quid
1832 3708 1932 3762 hoc

358 3809 463 3865 sibi
491 3806 648 3862 vellet
683 3805 1022 3878 ignorantes,
1058 3800 1210 3856 adire
1243 3798 1539 3870 principem
1565 3794 1789 3851 minime
1811 3810 1934 3865 per-

358 3901 645 3956 miserunt.

434 3993 518 4048 Vl.
581 3993 728 4046 Inter
781 3989 896 4044 haec
943 3984 1326 4056 Paphnutius,
1365 3981 1605 4042 Joannes
1652 4001 1716 4042 ac
1754 3985 1936 4042 caeteri

354 4080 832 4151 Constantinopoli
893 4090 948 4134 et
997 4077 1329 4132 Nicomedia:
1377 4076 1676 4148 longiorem
1724 4093 1933 4133 moram

359 4178 662 4242 trahentes,
703 4187 829 4228 cum
855 4170 1095 4226 Eusebio
1122 4167 1459 4226 Nicomedia:
1487 4170 1746 4241 episcopo
1776 4171 1936 4226 fami-

362 4270 649 4322 liaritatem
674 4263 1034 4330 contrahunt,
1066 4261 1227 4332 eique
1251 4275 1366 4316 rem
1399 4275 1616 4315 omnem
1645 4261 1934 4331 aperiunt;

364 4364 634 4413 noverant
688 4356 834 4410 enim
881 4354 1029 4409 hunc
1062 4351 1207 4423 apud
1255 4353 1636 4422 imperatorem
1677 4352 1852 4424 gratia
1882 4361 1938 4410 et

435 4536 450 4568 ¹
485 4533 548 4589 F.
572 4530 766 4603 τούτῳ,
796 4532 879 4587 vel
909 4529 1074 4600 αὐτῷ.

2026 1907 2316 1980 ειρημένου
2365 1903 2726 1977 ὁμολογητοῦ,
2778 1903 2940 1973 ζῆλον
2984 1899 3288 1970 ἀνειληφὼς
3335 1897 3478 1951 κατὰ
3516 1896 3608 1950 τοῦ

2027 1998 2324 2068 σχίσματος
2371 1996 2468 2066 τῆς
2528 1992 2879 2064 Ἐκκλησίας,
2929 1992 3104 2062 πάντη
3159 1991 3283 2052 τοὺς
3333 1988 3438 2058 ἰδίᾳ
3491 2003 3607 2040 συν⁶

2027 2083 2280 2152 άγοντας,
2335 2081 2440 2136 ὑπὸ
2491 2082 2546 2136 δέ
2588 2080 2858 2152 Μελητίου
2913 2077 3396 2147 καταλειφθέντας,
3439 2077 3608 2130 ἐδόκει

2025 2170 2319 2240 ταράσσειν
2355 2187 2414 2222 τε
2457 2168 2553 2223 καὶ
2595 2168 2863 2239 συνέχειν,
2909 2165 3193 2238 βιάζεσθαί
3229 2184 3311 2230 τε,
3353 2167 3502 2230 ὅπως
3534 2169 3608 2237 μὴ

2026 2261 2366 2332 ἀφηνιάσωσι
2393 2260 2492 2332 τῆς
2527 2261 2656 2332 μιᾶς
2689 2259 3038 2331 Ἐκκλησίας.
3071 2258 3137 2313 Ol
3163 2257 3220 2311 δέ
3243 2261 3316 2330 μὴ
3349 2257 3601 2326 βουλόμε-

2027 2371 2107 2407 νοι
2148 2353 2472 2425 ἐτάραττον,
2523 2354 2619 2406 καὶ
2661 2351 2906 2424 ταραχὰς
2953 2352 3238 2423 ἐνήργουν.
3275 2349 3372 2404 Ἐκ
3419 2349 3608 2402 τούτου

2028 2444 2342 2515 πιεζόμενοι
2370 2443 2466 2499 καὶ
2496 2444 2846 2515 συνεχόμενοι
2886 2443 2991 2496 ὑπὸ
3019 2441 3114 2494 τοῦ
3155 2440 3430 2512 μακαρίου
3458 2441 3608 2493 Ἀλε-

2029 2536 2277 2607 ξάνδρου,
2309 2534 2646 2606 ἐπιχειροῦσί
2685 2552 2832 2598 τινες
2859 2533 2918 2602 ἐξ
2947 2533 3128 2586 αὐτῶν
3155 2531 3478 2604 ἀκρέμονες.
3518 2531 3611 2584 καὶ

2029 2627 2098 2680 τὰ
2130 2628 2369 2696 πρωτεῖα
2395 2625 2795 2696 ἀποφερόμενοι
2823 2625 2880 2677 ἐν
2911 2641 2972 2678 τε
2999 2622 3250 2693 εὐσεϐείᾳ
3276 2623 3368 2674 καὶ
3403 2624 3460 2688 ἐν
3490 2620 3608 2691 βίῳ,

2030 2717 2123 2771 καὶ
2155 2717 2458 2771 στέλλονται
2484 2717 2576 2770 ἐπὶ
2598 2717 2661 2771 τδ
2689 2717 2997 2788 κομητᾶτον
3031 2714 3280 2785 ἐντυχίας
3310 2712 3494 2774 ἕνεκα,
3518 2710 3608 2764 τοῦ

2030 2811 2288 2879 ἐντυχεῖν,
2333 2807 2428 2862 καὶ
2477 2808 2733 2878 ἀνεθῆναι
2778 2806 2871 2861 τοῦ
2930 2806 3186 2874 συνάγειν
3236 2803 3360 2875 ἰδίᾳ,
3407 2802 3500 2856 καὶ
3536 2801 3609 2874 μὴ

2030 2901 2356 2956 κωλύεσθαι.
2402 2895 2509 2954 Ἦν
2553 2899 2610 2953 δέ
2650 2897 3118 2968 Παφνούτιός(58)
3148 2914 3231 2960 τις
3274 2894 3448 2966 μέγας
3473 2894 3609 2965 ἀνὴρ

2031 2993 2406 3064 άναχωρητὴς,
2435 2992 2530 3046 καὶ
2553 2991 2712 3054 αὐτὸς
2741 2990 2857 3054 υἱὸς
2878 2986 3274 3061 όμολογητρίας
3303 2984 3607 3055 τυγχάνων,

2032 3083 2422 3156 παραψάμενος
2455 3083 2548 3137 καὶ
2577 3082 2740 3146 αὐτὸς
2761 3079 2940 3144 ποσῶς
2963 3081 3056 3150 τῆς
3086 3077 3402 3148 ὁμολογίας,
3430 3075 3608 3127 Ἰωάν-

2037 3194 2133 3248 νης
2162 3194 2221 3229 τε
2251 3176 2546 3239 ἐπίσκοπος
2574 3175 2682 3228 τῶν
2709 3174 2909 3236 αὐτῶν,
2939 3172 3078 3243 ἀνὴρ
3106 3172 3199 3224 καὶ
3232 3168 3392 3231 αὐτὸς
3412 3166 3608 3237 τιμιώ-

2034 3281 2215 3329 τατος,
2247 3264 2570 3326 Καλλίνικός
2595 3280 2653 3316 τε
2690 3265 2717 3315 6
2751 3265 2807 3317 ἐν
2840 3261 3125 3334 Πηλουσίῳ
3158 3259 3476 3321 ἐπίσκοπος,
3517 3259 3609 3310 καὶ

2035 3355 2180 3409 ἄλλοι
2203 3356 2344 3418 τινές
2371 3356 2418 3408 οἱ
2443 3353 2600 3409 τοῦτο
2630 3355 3010 3425 ποιησάμενον
3041 3353 3258 3414 οἵτινες,
3286 3348 3608 3411 ἀπελθόντες

2035 3448 2130 3501 καὶ
2154 3447 2464 3517 ἐντυχόντες
2500 3445 2579 3517 τῷ
2619 3445 2826 3514 βασιλεί
2864 3443 3251 3515 ἀπετρέποντο,
3278 3442 3370 3495 καὶ
3394 3439 3608 3505 ἐξεϐάλ-

2033 3537 2202 3592 λοντο.
2225 3539 2286 3593 Ol
2312 3537 2420 3608 γάρ
2445 3539 2502 3590 ἐν
2529 3536 2606 3608 τῷ
2633 3535 2878 3606 παλατίῳ
2907 3535 3236 3597 ἀκούσαντες
3257 3530 3608 3601 Μελητιανῶν

2033 3629 2223 3702 ὄνομα,
2255 3630 2349 3684 καὶ
2377 3629 2695 3700 ἀγνοοῦντες
2723 3628 2774 3682 τί
2809 3628 2874 3682 ἂν
2901 3629 2994 3698 εἴη
3022 3627 3081 3680 τὺ
3113 3627 3368 3688 τοιοῦτον,
3396 3624 3455 3677 οὑ
3495 3640 3607 3677 συν-

2035 3722 2272 3796 εχώρουν
2300 3721 2483 3786 αὐτοῖς
2516 3721 2756 3792 ἐντυχεῖν
2784 3719 2861 3790 τῷ
2891 3718 3117 3790 βασιλεῖ.

2106 3987 2165 4053 (ἵ
2165 3991 2198 4039 ⁸.
2238 3985 2349 4039 Καὶ
2385 3985 2443 4038 ἐν
2467 3983 2640 4053 τούτῳ
2676 3979 2988 4053 συμϐέϐηκε
3023 3974 3438 4050 χρονοτριϐῆσαι
3483 3973 3607 4038 τοὺς

2037 4077 2165 4149 περὶ
2189 4077 2542 4148 Παφνούτιον,
2591 4078 2684 4132 καὶ
2729 4076 3000 4148 Ἰωάννην,
3027 4076 3121 4130 καὶ
3161 4075 3378 4136 λοιποὺς
3408 4073 3500 4126 ἐπὶ
3538 4069 3608 4125 τά

2041 4168 2183 4240 μέρη
2229 4170 2330 4239 τῆς
2388 4168 3011 4233 Κωνσταντινουπόλεως
3073 4168 3168 4220 καὶ
3219 4163 3604 4236 Νικομηδείας.

2037 4260 2171 4313 Τότε
2199 4260 2256 4314 δὲ
2285 4261 2585 4331 φιλιοῦνται
2627 4261 2909 4331 ἐπισκόπῳ
2946 4259 3311 4331 Νικομηδείας
3338 4256 3415 4328 τῷ
3445 4257 3608 4309 Εὐσε-

2038 4357 2160 4429 6ίῳ,
2187 4357 2281 4412 καὶ⁴
2312 4356 2671 4430 ἀναφέρουσιν
2697 4355 2846 4427 αὑτῷ
2871 4353 2938 4408 τὰ
2976 4353 3117 4413 κατά
3155 4352 3250 4423 τὴν
3283 4349 3450 4422 αὐτὴν
3481 4348 3607 4402 ὑπό-

437 4693 548 4766 (5'7)
587 4691 738 4758 ’Πδη
870 4690 902 4742 ὁ
930 4686 1280 4766 μακαρίτης.
1445 4685 1661 4766 eadem
1719 4684 1928 4766 ofﬁcina

2040 4689 2095 4744 in
2117 4687 2481 4766 conciliabulo
2510 4685 2677 4758 Tyrio
2715 4699 2814 4758 pro
2840 4683 3138 4766 Athanasio
3163 4679 3608 4766 adversushria-

366 4755 735 4832 consequens
769 4755 1005 4832 historia
1037 4758 1303 4832 _prodiit;
1336 4755 1630 4832 ‘Meletiani
1651 4755 1935 4832 _v_ide_licet

367 4825 675 4905 cuiuspiam
697 4829 1002 4905 nebulonis.
1037 4825 1230 4905 hiqua
1253 4826 1504 4905 primum
1534 4825 1668 4905 illud
1699 4825 1936 4905 falsissi-

369 4894 660 4967 mum'est,
691 4899 986 4971 superstite
1037 4894 1216 4952 adhuc
1261 4894 1936 4971 Alexandqueletianos

368 4994 496 5034 cum
524 4965 738 5030 Arianis
762 4965 1147 5038 conspirasse;
1178 4966 1324 5036 quod
1359 4965 1672 5038 Alexandro
1714 4967 1933 5038 demum

371 5056 590 5105 mortuo
607 5036 1080 5111 contigisse—docet
1105 5037 1440 5111 Athanasius
1465 5036 1616 5104 Apol.
1646 5037 1714 5111 ᾖ,
1739 5036 1936 5107 p.605.

373 5118 506 5173 Nam
546 5105 849 5171 Alexander
876 5111 1116 5165 nondum
1141 5125 1171 5163 ν
1204 5108 1483 5176 mensibus
1505 5115 1627 5176 post
1655 5105 1935 5163 Niéamum

375 5190 669 5244 concilium
711 5182 942 5255 expletis
977 5180 1230 5255 moritur.
1274 5175 1404 5232 Post
1429 5175 1548 5244 ejus
1577 5177 1790 5255 obitum
1800 5192 1938 5255 cum

319 5291 328 5294 -
377 5258 626 5313 Meletius
670 5246 954 5327 per'idegn
999 5250 1110 5305 fere
1140 5257 1361 5327 tempus
1386 5247 1732 5327 efcessissct,
1773 5246 1938 5327 ηεξα-

377 5329 510 5383 tiani
540 5329 606 5383 ab
635 5317 869 5382 Eusebio
896 5318 1297 5376 Nicomediensi
1325 5317 1601 5372 sollicitati
1631 5332 1755 5371 cum
1784 5317 1936 5369 Aria-

380 5415 573 5454 norum
607 5397 843 5452 factione
873 5394 1141 5448 coierunt.
1173 5389 1302 5455 Quae
1329 5387 1590 5442 historica
1624 5387 1797 5442 series
1830 5385 1941 5440 Me-

379 5469 565 5526 ietiani
593 5466 904 5536 iinpostoris
927 5463 1162 5536 fabulam
1197 5457 1429 5536 jugulat.

454 5539 572 5608 (58)
599 5525 719 5608 Ἦν
737 5536 815 5608 ῥὰ
841 5525 1233 5608 Παφνούξμιοςῖ.
1256 5525 1414 5608 Alius
1455 5526 1542 5607 hic
1569 5540 1692 5582 esse
1719 5525 1940 5608 debet}

384 5595 582 5678 magno
619 5607 710 5661 illo
735 5595 1038 5678 Paphnutio
1068 5595 1358 5678 Thebaidis
1400 5598 1674 5678 episcopo,
1711 5597 1804 5678 qui
1843 5595 1939 5650 Nic

385 5667 549 5734 caedas
592 5667 1117 5749 synodo-interfuit,
1160 5671 1379 5749 quique
1412 5675 1464 5748 et
1508 5668 1621 5736 ipse
1654 5667 1936 5749 confessor

387 5735 1007 5815 exstitit,'Constantiiio
1054 5735 1194 5813 imp:
1234 5735 1610 5796 charissimus.
1657 5735 1752 5791 llic
1787 5736 1932 5793 enim

2038 4775 2141 4816 nos
2165 4759 2387 4814 restitit.
2417 4751 2674 4813 Fortasse
2700 4751 2830 4812 v'ero
2865 4756 3184 4812 Meh-tianus
3209 4753 3332 4812 iste,
3357 4751 3447 4822 qui
3471 4751 3610 4806 hanc

2034 4829 2277 4884 fabulam
2309 4829 2679 4898 concinnavit,
2731 4827 2785 4880 in
2833 4825 3127 4898 Paphnutii
3167 4823 3385 4898 nomine
3417 4821 3602 4875 fucum

2036 4900 2273 4971 posteris
2300 4899 2444 4962 fecit,
2480 4909 2537 4954 ut
2566 4893 2980 4971 Paphnutiume
3004 4893 3412 4971 Meletianprtun
3441 4905 3602 4971 grege

2037 4961 2348 5041 quempiam
2379 4961 2504 5041 cum
2537 4961 2710 5041 altej'o
2731 4967 2823 5041 illo
2847 4965 3164 5041 confessori:
3185 4971 3239 5041 et
3261 4961 3460 5040 insigni
3489 4961 3605 5015 viro

2039 5033 2372 5096 confuderit.
2437 5039 2580 5094 Sane
2638 5037 3008 5110 Paphnutios
3037 5034 3248 5110 aliquot
3319 5033 3608 5110 episcopos

2040 5119 2292 5167 recenset
2332 5110 2672 5165 Athanasius
2712 5101 2762 5163 in
2791 5106 3076 5176 Apologia;
3128 5101 3225 5180 sed
3279 5103 3374 5172 qui
3431 5101 3606 5180 ipsius

2042 5197 2222 5236 causa:
2264 5180 2527 5244 faverint,
2582 5194 2750 5234 unum
2810 5173 2935 5233 vero
2965 5173 3319 5236 monachum,
3352 5173 3606 5244 quiinsi-

2042 5251 2254 5305 diarum
2287 5242 2791 5318 calumniarumque
2823 5255 3014 5300 contra
3064 5259 3124 5299 se
3169 5244 3237 5318 ab
3279 5242 3606 5318 Arianis_ct

2045 5321 2348 5377 Meletianis
2403 5310 2860 5390 excogitata-rum‘
2885 5317 3158 5390 particeps
3210 5313 3406 5390 fuerit“;
3434 5310 3604 5390 cujus

2042 5392 2327 5460 epistolam
2384 5391 2438 5444 in
2488 5382 2639 5459 Αροι.
2671 5389 2706 5443 2
2737 5382 2964 5460 profert.
3021 5382 3300 5460 Postremo
3352 5382 3600 5436 Calliniii

2047 5457 2316 5518 Meletiani
2371 5461 2426 5514 in
2463 5457 2652 5516 eadem
2702 5457 2856 5527 Apol.
2903 5457 3170 5519 meminit,
3199 5465 3603 5529 _eu_r_nque_cmn

2045 5531 2224 5588 lsione
2273 5541 2327 5587 et
2371 5532 2700 5586 Eudaemone
2749 5521 3114 5585 subornatum
3163 5525 3231 5579 ab
3281 5521 3604 5601 Eusebianis

2044 5605 2254 5665 scribit,
2276 5612 2331 5656 ut
2363 5602 2622 5661 falsorum
2651 5601 2945 5656 criminum
2971 5611 3122 5654 reum
3156 5608 3279 5652 sese
3311 5590 3382 5649 ad
3409 5590 3604 5662 imper.

2041 5674 2332 5732 deferrent.
