3994 6226
369 394 470 453 193

963 397 1331 456 ADVERSUS
1372 398 1716 457 ILERESES
1754 401 1884 457 LIB.
1927 401 1988 456 II.
2032 400 2197 457 ΤΟΜ.
2239 401 2303 457 II.
2345 432 2412 442 --
2456 403 2727 458 lI/ERES.
2772 403 3000 460 LXVIII.

3448 476 3459 487 κ
3556 409 3658 467 «at

357 511 532 567 θεσιν.
572 512 832 585 ᾜδεισαν
867 514 976 587 γὰρ
1012 518 1175 572 αὐτὸν
1225 518 1362 588 πρὸς
1410 519 1502 572 τὸν
1550 520 1773 591 βασιλέα
1804 522 1953 574 Κων-

2069 521 2399 576 auctoritate
2461 521 2643 576 valere
2702 523 3021 591 plurimum.
3096 521 3197 576 Per
3263 523 3407 578 hunc
3472 526 3657 597 itaque

359 607 643 658 σταντῖνον
674 608 995 679 παρρησίαν
1022 609 1183 680 ἔχειν,
1211 609 1422 674 ἀξιοῦσί
1450 629 1507 664 τε
1530 612 1690 664 αὑτὸν
1711 613 1779 665 δι’
1801 613 1963 667 αὐτοῦ

357 696 437 765 τῷ
464 696 679 766 βασιλεί
705 702 1092 772 γνωρισθῆναι.
1142 703 1201 755 '0
1246 703 1322 768 δὲ,
1360 703 1496 774 μετὰ
1542 704 1601 757 τὸ
1633 705 1962 775 ὑποσχέσθαι

359 789 561 852 αὐτοὺς
609 790 847 845 ἀνοίσειν
881 791 960 863 τῷ
997 792 1226 862 βασιλεῖ,
1272 794 1363 849 καὶ
1412 795 1638 866 ποιῆσαι
1676 797 1861 859 αὐτοῖς
1903 796 1964 849 τὸ

358 882 597 951 πρᾶγμα
627 882 726 952 τῆς
750 882 1005 955 δεήσεως,
1042 886 1272 938 αἰτεῖται
1300 887 1429 958 παρ’
1458 886 1637 939 αὐτῶν
1664 888 1723 941 τὸ
1752 888 1962 958 αἴτημα

354 973 537 1036 τοῦτο,
571 975 720 1039 ὅπως
743 975 1002 1042 δέξωνται
1036 978 1258 1049 ’Ἄρειον
1296 978 1413 1049 μετ’
1448 978 1627 1032 αὐτῶν
1666 980 1745 1043 εἰς
1773 997 1963 1032 κοινωο

355 1064 499 1127 νίαν,
531 1066 692 1137 δῆθεν
734 1068 1120 1141 προσποιητῶς
1161 1069 1324 1123 αὐτὸν
1354 1072 1448 1123 καὶ
1493 1071 1747 1143 εἰρωνεία
1796 1089 1981 1142 μετα-η

354 1156 605 1212 νοοῦντα.
645 1162 707 1212 Oi
742 1160 797 1214 δὲ
844 1162 1235 1233 ὑπισχνοῦνται
1270 1163 1432 1218 αὐτόν
1456 1164 1499 1217 ⁸.
1551 1165 1662 1218 Καὶ
1710 1165 1959 1219 ἐντεῦθεν

356 1250 663 1321 προσφέρει
712 1254 910 1317 αὐτοὺς
958 1254 1035 1327 τῷ
1088 1255 1315 1326 βασιλεῖ,
1352 1257 1445 1310 καὶ
1497 1257 1566 1311 τὰ
1610 1260 1731 1311 κατ’
1760 1259 1958 1323 αὐτοὺς

356 1338 623 1406 Εὐσέϐιος
662 1343 1005 1400 ἀναδιδάσκει
1030 1364 1043 1377 ο
1081 1348 1175 1402 καὶ
1221 1352 1578 1421 συγχωρείται
1614 1354 1727 1415 τοῖς
1772 1352 1957 1423 Μελη-

355 1436 563 1497 τιανοίς
605 1434 790 1490 ἔκτοτε
837 1438 959 1493 καθ’
1002 1440 1227 1504 ἑαυτοὺς
1277 1442 1554 1511 συνάγειν,
1601 1443 1693 1496 καὶ
1744 1443 1817 1514 μὴ
1854 1444 1957 1496 ὑπό

357 1541 521 1577 τινων
559 1526 855 1596 ὀχλεῖσθαι.
898 1531 984 1594 Ὠς
1030 1531 1141 1585 είθε
1196 1532 1394 1603 μᾶλλον
1446 1536 1493 1587 oi
1554 1536 1707 1589 αὐτοὶ
1749 1537 1798 1589 οἱ
1858 1536 1955 1607 τὴν

356 1620 847 1693 ἁκροδικαιοσύνην
879 1624 977 1695 τῆς
1024 1624 1284 1696 ἀληθείας
1323 1625 1740 1698 άναδεδεγμένοι
1777 1626 1957 1699 Μελη-

356 1713 530 1766 τιανοὶ
566 1713 706 1784 μετὰ
734 1714 842 1767 τῶν
872 1717 1302 1788 παραπεσόντων
1331 1719 1470 1789 μετὰ
1504 1720 1790 1790 μετάνοιαν
1814 1721 1955 1773 ἐκοι-

356 1803 611 1876 νώνησαν
662 1807 807 1878 ἤπερ
848 1807 1045 1879 Ἀρείῳ
1082 1809 1175 1862 καὶ
1217 1812 1329 1875 τοῖς
1381 1810 1476 1863 ἀπ’
1511 1808 1704 1864 αὐτοῦί
1758 1811 1952 1879 Γέγονε

356 1896 463 1969 γὰρ
492 1898 678 1962 αὐτοῖς
707 1898 867 1952 τοῦτο
889 1898 1031 1953 κατὰ
1059 1900 1157 1971 τὴν
1190 1902 1511 1973 παροιμίαν,
1550 1903 1631 1955 ὅτι
1662 1902 1952 1971 φεύγοντες

355 1989 445 2041 τον
493 1988 703 2042 καπνὸν
759 1990 839 2052 είς
895 1988 1006 2059 πῦρ
1045 1990 1318 2045 ἐνέπεσον.
1369 1990 1505 2044 Οὐτε
1564 1991 1673 2063 γὰρ
1736 1993 1951 2059 ’Ἄρειος

352 2080 587 2152 ἠδύνατο
641 2079 785 2151 ἔχειν
832 2081 1020 2133 στάσιν
1074 2082 1167 2134 καὶ
1215 2082 1552 2154 παρρησίαν,
1598 2081 1672 2155 μὴ
1716 2081 1803 2137 διὰ
1852 2084 1951 2155 τῆς

354 2172 614 2242 τοιαύτης
668 2172 1013 2237 ὑποθέσεως,
1061 2174 1184 2244 ἥτις
1225 2174 1449 2243 γέγονεν
1485 2175 1667 2239 αὐτοῖς
1718 2176 1811 2229 καὶ
1872 2178 1951 2240 είς

355 2263 517 2335 δεῦρο
573 2263 721 2335 κακὴ
770 2265 1055 2333 συνάφεια.
1109 2265 1492 2335 Συνεμίγησαν
1538 2264 1647 2339 γὰρ
1691 2267 1739 2320 οἱ
1785 2267 1952 2321 καθα-

360 2354 611 2427 ρεύοντές
645 2372 776 2409 ποτε
812 2357 901 2409 καὶ
930 2356 1268 2427 ὰκροδίκαιοι
1301 2358 1368 2427 τῇ
1412 2358 1593 2411 πίστει
1624 2357 1951 2429 Μελητιανοὶ

359 2447 501 2516 μετά
528 2447 639 2500 τῶν
664 2446 759 2500 τοῦ
802 2447 1012 2517 Ἀρείου
1049 2447 1307 2519 μαθητῶν
1329 2464 1342 2478 ο
1378 2448 1473 2501 καὶ
1508 2449 1556 2501 oi
1591 2449 1809 2513 πλείους
1851 2451 1950 2521 μὲν

356 2540 456 2611 ἤδη
484 2539 825 2611 ἐχράνθησαν
848 2542 914 2611 τῇ
951 2540 1043 2594 τοῦ
1092 2540 1303 2612 Ἀρείου
1332 2541 1686 2613 κακοπιστίᾳ,
1715 2542 1821 2595 ἀπὸ
1849 2543 1949 2613 τῆς

357 2631 595 2694 πίστεως
636 2632 999 2703 ἐκτραπέντες
1029 2634 1086 2685 ὲν
1128 2632 1337 2697 τούτοις
1375 2635 1487 2696 τοῖς
1530 2634 1775 2704 χρόνοις’
1806 2635 1949 2699 τινὲς

356 2725 432 2789 δὲ,
462 2726 511 2777 εί
541 2725 637 2779 καὶ
659 2724 879 2795 ἔμειναν
902 2724 1116 2796 ἔχοντες
1140 2724 1238 2797 τὴν
1263 2724 1521 2796 ἀληθινὴν
1543 2726 1743 2793 πίστιν,
1769 2726 1949 2797 έχουσι

304 2824 317 2833 '
361 2816 480 2886 μὲν,
527 2817 589 2869 οὑ
633 2815 736 2887 μὴν
776 2815 831 2869 δέ
885 2817 1023 2869 εἰσιν
1063 2815 1472 2887 ἀπηλλαγμένοι
1527 2817 1628 2886 τῆς
1675 2817 1949 2890 βορϐορώ-

355 2908 480 2972 δους
514 2908 781 2980 ρυπαρίας
811 2908 898 2962 διὰ
932 2908 1031 2979 τὴν
1061 2909 1197 2979 πρὸς
1228 2907 1319 2961 τὸν
1348 2908 1564 2979 Ἀρειον
1596 2911 1692 2962 καὶ
1730 2910 1949 2981 Ἀρεια-

354 3002 482 3064 νούς
503 3002 807 3057 κοινωνίαν.
853 3000 985 3054 Ἀπὸ
1005 3000 1062 3053 δὲ
1084 3000 1184 3071 τῆς
1212 3000 1617 3071 προειρημένης
1643 3001 1951 3067 ὑποθέσεως

356 3093 518 3165 ἔσχεν
536 3096 567 3164 ἡ
584 3095 719 3165 πρὸς
739 3094 960 3159 τούτους
978 3094 1240 3165 συνάφεια
1264 3093 1532 3166 Μελητίου
1550 3111 1609 3147 τε
1631 3096 1723 3149 καὶ
1740 3095 1950 3168 Ἀρεια-
1979 3122 2022 3183 c

355 3186 467 3241 νῶν
498 3186 820 3258 προφάσεις.

442 3278 603 3332 Ἀλλά
633 3278 837 3350 μεταξὺ
885 3278 1065 3349 ὀλίγου
1100 3278 1293 3349 χρόνον
1326 3276 1530 3349 (καθὼς
1558 3280 1578 3308 ²
1635 3276 1955 3348 ὑπεσχόμην

357 3372 537 3425 εἰπεῖν
571 3372 668 3443 τὴν
715 3372 971 3426 ὑπόθεσιν
1011 3371 1245 3425 ἐνταῦθα
1280 3370 1668 3443 διηγήσομαι),
1714 3372 1956 3439 ἀναγκα-

357 3464 419 3530 ζο
427 3465 590 3536 μένου
605 3464 955 3536 Ἀλεξάνδρου
970 3464 1063 3517 τοῦ
1084 3464 1184 3535 τῆς
1207 3463 1831 3525 Κωνσταντινουπόλεως
1845 3464 1957 3514 ἐπι-

360 3558 569 3611 σκόπου
598 3558 929 3622 συνάξαιτὸν
953 3559 1191 3629 Ἀρειον,
1223 3557 1317 3611 καὶ
1347 3555 1513 3611 αὐτοῦ
1545 3556 1838 3627 εὐχομένου
1862 3556 1956 3609 καὶ

360 3650 737 3718 στενάξαντος,
762 3648 852 3703 καὶ
877 3649 1157 3713 κλίναντος
1175 3647 1245 3701 τὰ
1258 3648 1461 3717 γόνατα
1486 3665 1553 3700 πε
1563 3648 1615 3718 pi.
1633 3646 1781 3719 ὥραν
1802 3647 1954 3715 ἐννά-

354 3760 458 3813 την
488 3742 573 3814 τῷ
598 3742 865 3813 Σαϐϐάτῳ
894 3740 1123 3795 ἐνώπιον
1151 3739 1246 3794 τοῦ
1280 3738 1686 3813 θυσιαστηρίου,
1722 3738 1815 3792 τοῦ
1848 3739 1954 3791 Εὐ-

360 3834 543 3888 σεϐίου
575 3833 845 3904 λέγοντος,
878 3834 960 3889 ὅτι
993 3835 1056 3887 Ei
1118 3835 1192 3905 μὴ
1247 3832 1567 3905 βουληθείης
1603 3832 1744 3886 ἑκὼν
1765 3830 1953 3886 τοῦτον

357 3926 521 3981 αὐτὸν
556 3926 801 3992 συνάξαι,
836 3926 1058 3989 άκοντός
1077 3944 1173 3979 σου
1206 3927 1300 3980 σὺν
1318 3924 1443 3996 ἐμοὶ
1479 3923 1843 3977 εἰσελεύσεται
1884 3924 1950 3993 τῇ

360 4016 552 4088 αὔριον
590 4016 776 4088 ἡμέρᾳ
805 4014 1080 4087 ’Κυριακὴ
1119 4016 1176 4069 δὲ
1226 4015 1567 4085 ἐπέφωσκενο
1597 4014 1671 4078 ὼς
1696 4014 1751 4067 δὲ
1794 4013 1948 4084 ἔφην,

360 4108 663 4178 εὐξαμένου
710 4107 806 4161 τοῦ
848 4106 1219 4179 Ἀλεξάνδρου,
1259 4109 1353 4162 καὶ
1383 4107 1666 4179 δεηθέντος
1713 4106 1808 4161 τού
1842 4110 1953 4162 Κυ-

362 4200 478 4270 ρίου
518 4197 677 4270 ήμῶν
709 4198 743 4268 ἢ
784 4198 945 4251 αὐτὸν
976 4198 1199 4269 ἐπᾶραι,
1234 4198 1321 4251 ἵνα
1359 4200 1433 4269 μὴ
1467 4198 1818 4271 συμμολυνθῇ
1873 4198 1951 4271 τῷ

372 4291 570 4363 Ἀρείῳ
596 4290 675 4360 τῷ
702 4289 843 4343 κατὰ
873 4287 967 4343 τοῦ
998 4290 1205 4362 Κυρίου
1239 4289 1714 4363 βλασφημήσαντι,
1740 4290 1773 4362 ἢ
1803 4291 1962 4361 ποιῆ-

360 4400 452 4435 σαι
488 4381 792 4452 παράδοξόν
820 4399 895 4453 τι,
924 4382 1000 4445 ὡς
1034 4382 1223 4435 εἴωθεν
1251 4385 1308 4436 ὲν
1341 4386 1502 4454 γενεᾷ
1531 4384 1625 4438 καὶ
1658 4385 1820 4455 γενεᾷ
1848 4401 1952 4437 πα-

363 4475 766 4549 ραδοξοποιεῖν,
826 4476 926 4529 οὐκ
980 4477 1061 4540 είς
1113 4474 1332 4548 μακράν
1384 4478 1417 4546 ἠ
1468 4476 1604 4548 εὐχὴ
1653 4476 1746 4529 τοῦ
1794 4476 1948 4545 ἁγίου

2069 613 2353 665 conciliari
2385 628 2442 668 sc
2477 614 2798 682 imperatori
2846 630 2908 667 ac
2950 613 3175 684 perduci
3216 617 3513 685 postulant.
3550 617 3655 686 Qui

2067 720 2191 759 cum
2228 706 2436 775 prolixe
2475 705 2561 759 Itis
2612 706 2795 759 omnia
2832 705 3108 759 facturum
3144 723 3201 762 se
3233 710 3554 780 recepisset,
3596 719 3657 766 ut

2066 806 2117 852 et
2149 797 2215 852 de
2243 799 2460 851 illorum
2495 811 2662 853 causa
2702 798 2767 851 ad
2800 797 3184 867 imperatorem
3231 800 3477 866 referret,
3516 815 3568 857 et
3601 804 3655 860 id

2065 892 2211 961 quod
2244 891 2501 961 petebant
2534 891 2878 961 impetraret,
2910 892 3154 947 vicissim
3178 893 3282 948 hoc
3308 896 3375 949 ab
3414 886 3523 952 illis
3557 915 3656 967 po-

2066 985 2251 1049 stulat,
2297 994 2354 1038 ut
2387 984 2583 1037 Arimn
2624 985 2675 1037 in
2711 985 3156 1039 communionem
3188 988 3514 1057 reciperent,
3561 990 3655 1059 qui

2065 1076 2242 1131 ﬁctam
2282 1078 2712 1147 simulatamque
2763 1077 3144 1146 pmnitentiam
3187 1094 3298 1148 prae
3336 1096 3393 1135 se
3428 1082 3653 1137 tulerat.

2063 1166 2219 1233 Quod
2259 1168 2349 1224 ubi
2394 1167 2821 1238 spopondissem
2845 1206 2859 1231 ,
2895 1168 2962 1221 ad
3002 1167 3388 1238 imperatorem
3425 1173 3655 1227 eos.ad-

2062 1259 2216 1313 ducit
2251 1257 2560 1323 Eusebius,
2598 1259 2934 1329 exponitque
2970 1258 3102 1329 quid
3145 1259 3252 1315 illis
3302 1261 3505 1332 negotii
3540 1262 3652 1330 sit;

2062 1365 2125 1405 ac
2168 1358 2452 1420 postremo
2489 1349 2793 1405 Meletianis
2821 1351 2888 1405 ab
2919 1366 2984 1405 eo
3021 1360 3264 1421 tempore
3295 1353 3651 1423 permissum,

2060 1443 2313 1512 privatim
2367 1452 2425 1497 ut
2464 1444 2582 1498 sine
2624 1444 2731 1497 ulla
2779 1444 3109 1514 cujusquam
3156 1445 3407 1500 molestia
3454 1462 3654 1502 conve-

2060 1531 2177 1584 nire
2208 1539 2453 1600 possent.
2489 1530 2709 1585 Utinam
2763 1531 3034 1586 Mcletiani
3084 1532 3198 1599 isti,
3239 1535 3329 1604 qui
3362 1538 3653 1591 exactissio

2058 1636 2200 1674 mam
2254 1620 2481 1692 justitize
2528 1638 2593 1678 ac
2632 1624 2900 1679 veritatis
2944 1625 3214 1681 rationem
3259 1626 3498 1697 professi
3540 1628 3653 1684 fue-

2059 1722 2221 1785 rant,
2271 1730 2394 1769 cum
2446 1717 2513 1771 iis
2549 1717 2642 1787 qui
2698 1718 2837 1788 lapsi
2889 1727 3045 1771 erant
3097 1729 3219 1789 post
3268 1710 3646 1789 paenitentiam

2058 1807 2499 1863 communionem
2546 1809 2771 1875 habere,
2804 1824 2969 1879 quam
3014 1824 3141 1864 cum
3170 1810 3394 1867 Arianis
3423 1813 3649 1869 maluis-

2059 1900 2210 1953 sentl
2246 1899 2490 1971 Contigit
2524 1900 2673 1955 enim
2717 1902 2828 1956 illis
2855 1900 2999 1971 quod
3038 1910 3123 1957 est
3158 1902 3211 1955 in
3245 1905 3554 1973 proverbio,
3590 1914 3649 1960 ut

2059 1990 2152 2058 qui
2204 1989 2415 2043 fumum
2470 1989 2755 2056 devitant,
2810 1992 2865 2045 in
2906 1993 3086 2062 ignem
3142 1991 3406 2047 incidant.
3460 1993 3648 2065 Neque

2058 2081 2204 2135 enim
2236 2083 2541 2137 consistere
2575 2082 2763 2147 Arius,
2800 2090 2890 2136 aut
2943 2082 3198 2138 ﬁduciam
3237 2085 3405 2142 ullam
3448 2085 3648 2143 habere

2058 2170 2349 2238 potuisset,
2384 2170 2489 2224 nisi
2520 2184 2637 2225 eam
2676 2178 2827 2225 esset
2873 2171 3223 2227 occasionem
3273 2180 3489 2240 nactus,
3526 2189 3647 2244 quae

2058 2260 2355 2329 pessimam
2419 2260 2563 2314 inter
2616 2260 2741 2316 illos
2796 2260 2863 2314 ad
2918 2261 3244 2316 hodiernum
3294 2280 3471 2335 usque
3503 2266 3647 2319 diem

2058 2352 2411 2406 concordiam
2452 2352 2715 2407 devinxit.
2776 2353 3060 2425 Siquidem
3117 2353 3389 2411 Meleliani
3443 2357 3647 2412 sinceri

2058 2444 2332 2512 quondam
2380 2445 2612 2515 ﬁdeique
2664 2447 2994 2501 tenacissimi
3061 2462 3185 2501 cum
3239 2448 3456 2502 Arianis
3497 2464 3646 2503 com-

2058 2537 2203 2591 misti
2249 2547 2412 2604 sunt;
2448 2546 2501 2591 et
2531 2538 2778 2608 plerique
2813 2539 2950 2594 falsa
2992 2540 3103 2592 Arii
3153 2539 3405 2594 doctrina
3456 2552 3644 2594 conta-

2058 2627 2247 2680 minati
2308 2641 2337 2679 a
2397 2635 2546 2681 recta
2602 2628 2704 2682 ﬁde
2750 2628 2855 2682 hoc
2915 2636 3160 2698 tempore
3210 2628 3642 2697 degenerarunt;

2058 2718 2309 2775 nonnulli
2345 2735 2478 2774 vero
2507 2720 2611 2774 etsi
2646 2730 2966 2775 constanter
2996 2721 3052 2774 in
3083 2735 3144 2774 ea
3179 2730 3599 2788 perseverarunt
3628 2737 3643 2785 ;

2058 2813 2129 2868 ob
2161 2813 2307 2867 illam
2336 2822 2513 2868 tamen
2553 2830 2677 2867 cum
2711 2813 2842 2869 Ario
2872 2814 3205 2885 Arianisque
3235 2814 3547 2869 societatem
3591 2817 3643 2868 in

2058 2918 2219 2959 como
2260 2904 2355 2959 illo
2389 2920 2451 2957 ac.
2486 2907 2747 2960 sordibus
2801 2906 3099 2960 haeserunt.
3140 2904 3265 2961 "rec
3315 2906 3411 2959 fuit
3443 2915 3645 2960 mutua:

2060 2994 2202 3050 inter
2249 2995 2567 3051 Meletianos
2597 3007 2649 3051 et
2678 2997 2917 3052 Arianos
2943 2998 3353 3067 conjunctionis
3396 2996 3640 3052 oecasio.

2129 3278 2289 3349 722
2340 3277 2609 3334 Cancrum
2660 3278 2811 3334 brevi
2855 3279 3143 3349 interjecto
3195 3288 3441 3350 tempore
3491 3280 3639 3352 (jam

2058 3370 2204 3424 enim
2257 3371 2336 3424 uti
2386 3371 2667 3441 pollicitus
2722 3386 2844 3427 sum
2888 3373 3228 3428 narrationis
3278 3375 3473 3430 seriem
3515 3391 3642 3445 per-

2059 3463 2305 3529 texam),
2337 3478 2462 3518 cum
2496 3464 2808 3519 Alexander
2837 3463 3489 3535 Constantinopolitanus
3519 3466 3641 3536 epi-

2058 3570 2258 3626 scopus
2287 3556 2475 3610 Arium
2510 3556 2577 3611 ad
2608 3557 3051 3611 communionem
3086 3556 3378 3613 admittere
3418 3568 3642 3615 coactus

2056 3649 2123 3703 ad
2170 3664 2362 3720 preces
2391 3657 2444 3703 et
2475 3648 2713 3719 suspiria
2750 3647 3117 3717 confugisset,
3170 3647 3331 3703 ﬂexis
3360 3664 3508 3703 eirea
3543 3649 3643 3703 bo-

2058 3758 2174 3796 ram
2226 3758 2429 3797 nonam
2489 3741 2712 3796 Sabbati
2776 3749 2904 3796 ante
2952 3742 3123 3796 altare
3176 3741 3440 3811 genibus,
3493 3742 3639 3811 quod

2056 3832 2327 3890 Eusebius
2378 3836 2451 3888 ita
2504 3834 2877 3889 comminatus
2922 3840 3069 3889 esset
3118 3851 3130 3887 :
3180 3832 3295 3888 Nisi
3340 3844 3533 3903 sponte
3587 3835 3639 3887 in

2054 3925 2495 3979 communionem
2526 3925 2677 3977 illum
2709 3924 2953 3994 recipere
2977 3923 3241 3986 volueris,
3261 3923 3503 3977 crastino
3528 3923 3638 3987 die,

2056 4026 2109 4071 te
2140 4017 2305 4071 etiam
2340 4016 2536 4081 invito,
2568 4031 2777 4071 mecum
2807 4006 3429 4085 ingredietur.lnstabat
3456 4024 3639 4069 autem

2055 4110 2376 4165 Dominicus
2425 4109 2580 4175 dies;
2616 4124 2787 4178 quare
2827 4123 2951 4162 cum
3005 4107 3335 4171 Alexander,
3386 4115 3447 4160 ut
3496 4106 3641 4161 dixi-

2053 4218 2213 4267 mus,
2264 4199 2501 4255 orationi
2550 4213 2607 4253 se
2650 4197 2926 4259 dedisset,
2974 4204 3027 4250 et
3074 4210 3103 4249 a
3143 4194 3372 4249 Domino
3409 4195 3637 4266 supplex

2054 4302 2281 4365 peteret,
2316 4300 2376 4346 ut
2398 4291 2480 4346 vel
2506 4305 2565 4346 se
2587 4306 2650 4344 ex
2676 4289 2778 4343 hac
2807 4288 2915 4342 vita
2949 4287 3184 4353 tolleret,
3216 4303 3284 4343 ne
3309 4287 3444 4353 Arii,
3463 4288 3555 4358 qui
3584 4289 3637 4342 in

2054 4385 2225 4440 Deum
2266 4381 2701 4438 contumeliosus
2746 4378 2959 4444 fuerat,
3014 4379 3338 4450 contagione
3369 4379 3641 4451 polluere-

2052 4485 2172 4543 tur;
2226 4486 2318 4530 aut
2375 4474 2698 4529 inusitatum
2755 4472 3029 4543 quoddam
3072 4472 3382 4545 prodigium
3430 4470 3637 4534 ederet,

360 4568 693 4640 ἐπληροῦτο*
726 4568 868 4623 κατὰ
906 4568 1005 4634 τὰς
1044 4569 1245 4632 νύκτας
1278 4568 1535 4623 εἰσελθὼν
1562 4572 1591 4623 ὁ
1628 4571 1845 4641 ’Λρειος
1866 4572 1949 4633 είς

2060 4568 2363 4639 cujusmodi
2407 4567 2573 4621 certis
2610 4565 2954 4636 temporibus
3005 4564 3216 4620 eﬁicere
3265 4566 3435 4630 solet,
3476 4565 3639 4635 paulo

361 4666 528 4719 θᾶκον
558 4664 695 4736 πρὸς
725 4665 822 4725 τὰς
850 4664 1016 4718 αὐτοῦ
1044 4653 1233 4735 χρείας
1258 4663 1803 4735 παρασκευασθῆναι,
1831 4663 1949 4719 ἐλά-

310 4770 317 4787 ⁴
362 4775 505 4821 κισε,
535 4758 788 4829 καθάπερ
812 4757 907 4812 καὶ
950 4756 1150 4820 Ἰούδας
1178 4755 1342 4810 ποτέ·
1381 4757 1473 4808 καὶ
1507 4755 1679 4820 οὕτως
1710 4756 1768 4810 τὸ
1797 4755 1948 4819 τέλος

360 4851 528 4907 αὑτοῦ
566 4852 789 4923 γέγονεν
817 4852 874 4904 ἐν
899 4849 1051 4921 τόπῳ
1080 4848 1303 4904 δυσώδει
1336 4849 1435 4917 τῆς
1460 4848 1820 4919 ἀκαθαρσίας.

430 5119 505 5174 Ζ’.
548 5114 706 5170 Μετὰ
751 5113 808 5169 δὲ
838 5114 1026 5167 τοῦτον
1058 5112 1151 5167 τὸν
1198 5111 1389 5184 χρόνον
1430 5110 1615 5166 λοιπὸν
1658 5110 1949 5165 ἐκαττύετο

361 5211 539 5284 att-291'
570 5208 677 5262 τῶν
722 5206 911 5261 τούτου
955 5204 1209 5278 μαθητῶν
1248 5204 1316 5257 τὰ
1361 5204 1505 5257 κατὰ
1550 5204 1647 5275 τὴν
1682 5204 1948 5276 συσκευὴν

360 5302 459 5371 τῆς
513 5300 864 5372 Ἐκκλησίας.
915 5297 1201 5352 Ἐτελεύτα
1251 5297 1308 5351 δὲ
1354 5297 1698 5369 Ἀλέξανδρος
1735 5298 1762 5349 ὁ
1803 5297 1949 5350 Ἀλε-

364 5394 646 5465 ξανδρείας
680 5393 820 5464 μετὰ
858 5392 955 5463 τὴν
990 5393 1046 5445 ἐν
1076 5390 1279 5462 Νικαίᾳ
1310 5390 1546 5445 σύνοδον.
1574 5390 1647 5443 Οὐ
1688 5390 1869 5462 παρῆν
1893 5390 1949 5442 δὲ

376 5488 691 5551 Ἀθανάσιος
720 5485 858 5557 μετά
880 5486 973 5538 τὸν
998 5484 1225 5539 θάνατον
1242 5484 1471 5555 Ἀρείου.
1490 5484 1744 5546 Διάκονος
1759 5482 1867 5554 γάρ
1881 5478 1948 5553 ἦν

362 5580 480 5633 κατ’
502 5578 677 5632 ἐκεῖνο
702 5575 893 5648 καιροῦ
919 5574 1025 5629 ὑπὸ
1057 5571 1425 5644 Ἀλεξάνδρου,
1441 5575 1536 5627 καὶ
1562 5573 1839 5644 ἀπεστάλη
1856 5573 1946 5627 ὑπ’

365 5670 531 5724 αὐτοῦ
558 5672 638 5735 είς
652 5669 714 5723 τὸ
733 5669 1060 5741 κομητᾶτον.
1107 5665 1457 5737 Ἀλεξάνδρου
1487 5666 1543 5720 δὲ
1565 5666 1943 5739 ἐντειλαμένου

436 5856 453 5891 ¹
476 5853 538 5913 F.
564 5854 733 5927 αὐτῷ.
810 5858 829 5889 ²
859 5854 1019 5911 Deest
1045 5853 1173 5927 γάρ.
1252 5854 1270 5886 ³
1301 5853 1425 5909 Cor.
1456 5854 1615 5928 παρά.

2055 4667 2176 4729 post
2230 4659 2405 4713 sancti
2456 4658 2558 4713 viri
2604 4657 2752 4727 quod
2804 4657 3020 4711 volebat
3080 4656 3394 4727 impetravit
3440 4658 3637 4713 oratio.

2053 4751 2218 4805 Arius
2264 4750 2410 4804 enim
2460 4747 2529 4804 de
2576 4754 2736 4804 nocte
2791 4747 3006 4802 levandi
3067 4748 3277 4802 ventris
3332 4749 3507 4818 gratia
3568 4748 3639 4803 ad

2052 4842 2243 4895 cellam
2284 4840 2509 4896 veniens
2548 4839 2761 4910 crepuit
2804 4839 3263 4909 quemadmodum
3295 4838 3466 4895 ludas
3508 4842 3637 4895 olim

2052 4933 2300 5003 proditor
2326 4973 2340 4995 ,
2373 4941 2428 4987 et
2466 4931 2519 4986 in
2573 4931 2790 5004 impuro
2834 4932 2928 4988 illo
2964 4947 3027 4987 ac
3067 4932 3261 4988 [αειὶάο
3308 4934 3429 4989 Ioco
3475 4934 3637 4987 linem

2055 5026 2271 5080 vivendi
2302 5024 2449 5080 fecit.
3670 5012 3688 5022 ”

2128 5116 2241 5171 VII.
2287 5117 2600 5171 Secundum
2652 5117 2767 5173 haec
2817 5117 2884 5172 ab
2928 5119 3048 5188 ejus
3093 5116 3377 5187 discipulis
3406 5115 3637 5169 fraudu-

2056 5205 2202 5259 lenta
2254 5206 2342 5258 illa
2396 5217 2591 5261 contra
2644 5206 2944 5263 Ecclesiam
3005 5211 3136 5263 inita
3195 5208 3423 5263 consilia
3483 5218 3633 5263 sunt.

2056 5298 2365 5352 Alexander
2411 5314 2539 5353 vero
2588 5299 2933 5355 Alexandria:
2983 5301 3273 5370 cpiscopus
3316 5308 3436 5368 post
3469 5299 3638 5354 Nicae-

2057 5406 2183 5444 nam
2235 5390 2504 5463 synodum
2556 5391 2723 5457 obiit,
2780 5392 3007 5447 absente
3061 5399 3185 5460 post
3232 5390 3347 5444 Arii
3401 5400 3634 5447 mortem

2056 5481 2379 5545 Athanasio,
2430 5484 2523 5551 qui
2555 5481 2819 5537 diaconus
2856 5495 2952 5551 per
3004 5481 3137 5534 illud
3171 5489 3384 5552 tempus
3411 5483 3636 5537 ordina-

2056 5580 2144 5628 tus
2186 5573 2256 5628 ab
2286 5544 2614 5637 Alexandro,
2652 5574 2719 5626 ab
2750 5544 2940 5626 eodem
2974 5571 3178 5630 missus
3212 5544 3646 5637 ad-comitatum!

2055 5665 2254 5724 fuerat.
2302 5666 2551 5739 Cumque
2583 5666 2824 5723 moriens
2857 5664 3169 5723 Alexander
3211 5669 3423 5723 nullum
3464 5664 3644 5727 alium}
