3994 6226
309 313 414 371 195

1712 310 1769 363 S.
1810 306 2152 363 EPIPHANII

3458 308 3562 366 196

308 429 480 487 sumci
513 426 620 484 sibi
649 433 846 498 praeter
873 425 1233 483 Athanasium
1290 427 1633 495 mandasset,
1677 437 1736 484 ut
1773 436 1883 482 tam

2014 427 2191 497 ιηδένα
2225 425 2631 498 κατασταθῆναι
2663 426 2808 498 εἰμὴ
2851 426 3184 489 Ἀθανάσιον,
3215 428 3289 490 ὡς
3316 426 3479 490 αὐτός
3506 443 3565 481 τε

311 521 449 591 ipse,
483 535 646 590 quam
674 519 884 582 clerici,
913 528 966 574 et
1005 518 1266 574 universa
1291 518 1426 574 adeo
1461 517 1708 575 Ecclesia
1739 520 1889 576 testi-

309 613 596 675 ﬁcabatur,
638 610 916 666 Meletiani
971 609 1190 682 Egypti
1241 610 1486 681 episcopi
1527 611 1886 666 occasionem

309 704 452 758 nacti
503 706 665 771 (nam
701 703 1032 757 Alexandria
1065 718 1345 774 nunquam
1383 711 1441 758 ut
1484 703 1603 758 alia:
1637 703 1888 757 civitates

307 797 445 850 duos
476 796 765 864 episcopos
791 794 1034 862 habuit),
1086 810 1213 850 cum
1247 795 1647 851 Alexandrinus
1677 797 1889 866 episeo-

308 904 409 956 pus
442 888 658 942 abesset
683 929 696 951 ,
731 885 1011 941 Theonam
1048 886 1339 956 quemdam
1370 889 1731 943 substituunt.
1771 886 1890 952 Quo

306 979 527 1048 quidem
565 985 692 1048 post
733 979 952 1031 tertium
992 992 1234 1032 mensem
1272 987 1518 1042 mortuo,
1558 979 1720 1048 paulo
1763 986 1886 1047 post

329 1070 654 1127 Athanasius
698 1068 936 1122 advenit.
993 1066 1130 1121 Tum
1181 1069 1419 1137 undique
1470 1078 1660 1124 coacto
1701 1076 1889 1126 othe-

310 1162 578 1215 (loxorum
625 1160 860 1214 concilio
910 1159 963 1212 in
1016 1160 1384 1215 Alexandrina
1438 1161 1569 1216 sede
1609 1163 1893 1216 constitui-

312 1260 432 1316 tur;
490 1250 659 1319 eique
713 1249 1048 1320 postliminio
1096 1249 1333 1320 dignitas
1389 1251 1444 1305 in
1490 1252 1580 1306 illa
1615 1254 1886 1317 redditur,

310 1341 403 1412 qui
439 1348 493 1396 et
531 1340 729 1412 dignus
768 1347 922 1402 erat,
975 1348 1029 1394 et
1075 1347 1186 1394 tam
1231 1339 1327 1395 Dei
1374 1342 1685 1408 voluntate,
1727 1358 1891 1414 quam

311 1431 454 1486 beati
487 1428 784 1486 Alexandri
817 1428 1079 1499 sull‘ragio
1113 1437 1166 1484 et
1187 1430 1447 1487 mandato
1477 1431 1817 1506 designatus.

385 1723 515 1778 Post
559 1723 675 1778 haec
717 1723 1057 1779 Athanasius
1092 1724 1164 1780 ob
1204 1723 1337 1781 illud
1375 1724 1791 1784 Meletianorum
1825 1730 1894 1784 ab

1989 519 2148 572 καὶοὶ
2177 517 2268 572 τοῦ
2287 518 2510 581 κανόνος
2538 517 2902 589 ἐμαρτύρουν,
2921 518 3013 573 καὶ
3033 520 3181 572 πᾶσα
3198 520 3230 588 ὴ
3247 518 3564 589 Ἐκκλησία,

1989 609 2277 682 λαϐόμενοι
2299 610 2492 682 καιρὸν
2508 610 2715 664 οἱκατὰ
2729 610 2997 680 Μελήτιον
3014 610 3124 682 (59)
3153 611 3452 665 ἐπίσκοπον
3472 610 3567 681 τῆς

1988 703 2602 772 Αἰγύπτον,ἐπισκόπου
2629 701 2702 773 μὴ
2735 702 2998 773 παρόντος
3031 705 3131 774 τῆς
3163 701 3569 774 Ἀλεξανδρείας

1992 795 2074 864 (οὐ
2104 796 2210 866 γάρ
2245 812 2376 848 ποτε
2409 797 2440 864 ή
2487 793 2866 866 Ἀλεξάνδρεια
2896 793 2989 848 δύο
3033 794 3363 856 ἐπισκόπους
3391 793 3567 864 ἔσχεν,

1989 885 2065 948 ὡς
2095 889 2149 939 αἱ
2178 885 2334 940 ἄλλαι
2368 886 2576 954 πόλεις)
2596 900 2612 917 ⁶
2649 885 2946 938 καθιστῶσι
2965 885 3142 939 τοίνυν
3164 883 3285 938 ἀντὶ
3327 884 3572 950 Ἀλεξάν-

1991 973 2119 1044 δρου
2153 973 2370 1028 Θεωνᾶν
2415 991 2540 1028 τινα
2570 974 2817 1044 ὀνόματι,
2847 973 2911 1036 ὃς
2945 973 3121 1045 μῆνας
3159 977 3299 1045 τρεῖς
3341 977 3572 1046 ποιήσας

1993 1064 2265 1118 ἐτελεύτα.
2301 1066 2410 1118 Καὶ
2457 1064 2788 1136 παρεγένετο
2830 1063 3146 1130 Ἀθανάσιος
3193 1067 3313 1136 μετ’
3337 1067 3398 1120 οὐ
3437 1065 3570 1122 πολ)

1999 1157 2135 1228 μετὰ
2173 1157 2270 1227 τὴν
2296 1157 2552 1226 τελευτὴν
2589 1157 2796 1211 Θεωνᾶ.
2833 1158 2943 1210 Καὶ
2976 1161 3040 1211 ἐκ
3083 1157 3416 1229 πανταχόθεν
3448 1176 3570 1212 συν-

1995 1248 2266 1321 εκροτήθη
2300 1246 2597 1320 ὀρθοδόξων
2626 1247 2860 1314 σύνοδος.
2891 1251 3002 1304 Καὶ
3041 1250 3215 1314 οὕτως
3241 1251 3571 1315 κατάστασις

1993 1337 2215 1406 γέγονεν
2249 1335 2438 1399 αὐτοῦ,
2474 1337 2568 1390 καὶ
2594 1336 2827 1409 ἀπεδόθη
2859 1337 3009 1409 αὐτῷ
3035 1341 3064 1392 6
3097 1338 3282 1409 θρόνος
3308 1339 3384 1410 τῷ
3415 1338 3570 1410 ἀξίῳ,

1995 1431 2090 1484 καὶ
2188 1425 2254 1502 ἦν
2280 1429 2682 1501 ἡτοιμασμένος
2723 1430 2862 1484 κατὰ
2888 1431 2988 1500 τὴν
3015 1430 3149 1484 Θεοῦ
3180 1430 3449 1502 βούλησιν,
3481 1433 3573 1486 καὶ

1995 1523 2136 1576 κατὰ
2180 1521 2278 1592 τὴν
2333 1521 2602 1592 μακαρίου
2649 1520 2996 1592 Ἀλεξάνδρου
3035 1522 3342 1594 μαρτυρίαν
3371 1539 3431 1576 τε
3484 1522 3572 1576 καὶ

1996 1610 2233 1683 ἐντολήν.

2079 1703 2360 1758 Ἐντεῦθεν
2387 1704 2613 1778 ἄρχεται
2664 1703 2978 1766 Ἀθανάσιος
3010 1703 3379 1773 βιοφορείσθαί
3396 1719 3456 1757 τε
3486 1703 3577 1756 καὶ

313 1813 558 1868 Ecclesia
588 1812 858 1868 catholica
889 1812 1187 1868 divortium
1235 1817 1478 1871 exerceri
1530 1817 1895 1888 aliiictarique

2014 1798 2283 1852 ιυπεῖσθαι
2314 1797 2402 1851 διὰ
2425 1773 2522 1851 ῄτδν
2557 1796 2825 1868 μερισμὸν
2864 1797 2964 1867 τῆς
2999 1796 3346 1867 Ἐκκλησίας,
3381 1796 3490 1850 τῶν
3521 1812 3580 1848 τε

311 1904 498 1974 coepit.
547 1901 720 1973 Igitur
747 1903 953 1958 hortari
994 1903 1087 1959 ille
1119 1919 1183 1959 ac
1220 1894 1553 1976 supplicare,
1581 1908 1898 1968 detrectan-

317 2001 402 2050 tes
429 1994 590 2064 723
624 2010 817 2066 urgere
854 2009 919 2050 ac
970 2010 1184 2066 cogere.
1225 1994 1446 2052 Solebat
1472 2009 1654 2057 autem
1688 2003 1899 2060 vicinas

319 2085 617 2150 Ecclesias,
661 2101 862 2156 easque
891 2089 1189 2156 praesertim
1214 2103 1334 2158 qua:
1354 2088 1422 2143 ad
1449 2088 1793 2160 Mareotiilem
1821 2095 1900 2148 la-

315 2193 442 2231 cum
481 2178 600 2233 sitae
634 2187 797 2238 sunt.
840 2178 1098 2234 invisere.
1152 2177 1318 2236 Forte
1353 2181 1520 2251 igitur
1557 2187 1904 2254 congregatis

319 2266 653 2333 Heletianis,
677 2269 944 2326 diaconus
972 2270 1193 2342 quidem
1223 2289 1290 2328 ex
1319 2273 1610 2336 Athanasii
1638 2276 1901 2332 comitatu

317 2376 443 2415 cum
479 2361 810 2430 quibusdam
841 2360 908 2418 de
933 2364 1153 2433 populo,
1186 2372 1247 2418 ut
1277 2365 1419 2421 fama
1450 2376 1554 2431 est,
1591 2367 1906 2437 irrumpens

325 2448 609 2506 candelam
671 2451 812 2524 (vas
850 2451 984 2509 illud
1035 2453 1347 2526 quoddam)
1403 2457 1708 2538 confregit,
1761 2461 1908 2517 unde

317 2541 561 2612 iurgium
610 2559 674 2597 ac
715 2560 893 2615 pugna
941 2547 1192 2602 conﬂata.
1247 2547 1385 2604 llinc
1431 2550 1695 2625 adversus
1740 2552 1910 2606 Atha-

325 2633 540 2687 nasium
597 2634 826 2688 occultae
873 2635 1190 2692 molitiones
1230 2636 1572 2710 fraudesque
1602 2643 1906 2707 concitatae,

327 2723 717 2778 accusantibus
777 2723 1118 2790 Meletianis,
1173 2734 1226 2782 et
1275 2729 1779 2800 calumniantibus,
1842 2748 1907 2789 ac

327 2812 559 2867 conﬁcta
591 2813 1304 2884 quaedam,objicientibus,
1346 2821 1574 2880 Arianis
1618 2839 1744 2880 vero
1779 2825 1916 2878 alla-

1997 1890 2352 1962 Μελητιανῶν
2376 1889 2470 1944 καὶ
2497 1890 2600 1961 τῆς
2629 1889 2923 1959 καθολικῆς
2954 1889 3299 1959 Ἐκκλησίας.
3334 1886 3577 1954 Ἐπειθε,

2000 1982 2325 2054 παρεκάλει,
2355 1983 2448 2036 καὶ
2479 1982 2578 2036 οὐκ
2607 1981 2910 2053 ἠνείχοντο·
2951 1980 3278 2050 ἠνάγκαζεν,
3313 1979 3577 2046 ἐϐιάζετο.

2013 2076 2510 2147 Ἐπισκεπτόμενος
2538 2076 2595 2130 δέ
2642 2075 2900 2139 πολλάκις
2929 2073 3137 2143 ἐγίνετο
3174 2073 3273 2137 τὰς
3319 2073 3584 2142 σύνεγγυς

2016 2167 2362 2238 Ἐκκλησίας,
2400 2167 2634 2239 μάλιστα
2661 2167 2760 2232 τὰς
2794 2165 2935 2221 κατὰ
2962 2164 3053 2219 τὸν
3078 2164 3432 2237 Μαραιώτην.
3478 2161 3586 2217 Καὶ

2005 2260 2138 2314 ποτὲ
2187 2260 2543 2333 Μελητιανῶν
2575 2259 2913 2328 συναγόντων
2962 2258 3182 2328 γέγονεν
3211 2258 3275 2310 ἐκ
3317 2255 3413 2310 τοῦ
3449 2255 3584 2325 πλή-

2007 2351 2133 2416 θους
2173 2350 2268 2405 τοῦ
2311 2351 2448 2422 μετὰ
2489 2350 2804 2406 Ἀθανάσιον
2837 2351 2852 2382 ¹
2881 2350 3128 2404 διάκονόν
3177 2365 3300 2403 τινα
3341 2345 3586 2402 ἐπεισελ-

2009 2440 2191 2504 θόντα,
2231 2440 2369 2512 μετὰ
2420 2441 2514 2494 καί
2552 2458 2714 2495 τινων
2741 2439 2850 2494 τῶν
2881 2440 2989 2494 ἀπὸ
3032 2439 3127 2494 τοῦ
3167 2439 3298 2494 λαοῦ
3328 2438 3586 2506 κατεάξαι

2010 2532 2277 2603 κανδῆλαν
2301 2530 2433 2603 (60),
2463 2533 2539 2596 ὡς
2571 2531 2683 2602 ἔχει
2713 2534 2741 2585 6
2773 2531 2948 2602 λόγος,
2984 2533 3078 2586 καὶ
3113 2532 3296 2604 μάχην
3314 2529 3584 2601 γενέσθαι.

2023 2625 2303 2678 Ἐντεῦθεν
2337 2626 2370 2697 ὴ
2405 2625 2545 2680 κατὰ
2596 2625 2910 2679 Ἀθανασίου
2962 2626 3197 2694 συσκευὴ
3237 2625 3449 2694 γέγονε,
3483 2623 3589 2678 τῶν

2014 2716 2368 2788 Μελητιανῶν
2412 2716 2908 2788 κατηγορησάντων
2945 2717 3039 2770 καὶ
3073 2715 3591 2786 συκοφαντησάντων

2016 2809 2199 2872 αὐτὴν,
2235 2808 2397 2880 ἔτερα
2431 2807 2549 2862 ἀνθ’
2577 2807 2800 2879 ἐτέρων,
2848 2805 3142 2879 Ἀρειανῶν
3179 2807 3236 2860 δὲ
3267 2822 3592 2859 συνεσκευα-

328 2906 655 2963 borantibus
685 2915 740 2963 et
779 2909 1005 2964 consilia
1053 2913 1648 2986 communicantibus,
1690 2928 1907 2990 propter

2019 2902 2253 2972 σμένων,
2287 2900 2380 2990 καὶ
2408 2899 2800 2954 συνεπιδόντων
2829 2899 3076 2963 ἐαυτοὺς,
3100 2899 3189 2954 διὰ
3220 2897 3310 2952 τὸν
3336 2897 3471 2969 πρὸς
3499 2897 3593 2966 τὴν

329 2995 550 3054 insitam
598 2997 653 3052 in
695 2999 1056 3056 orthodoxam
1109 3001 1267 3060 Iidem
1309 2979 1809 3082 invidiairi."Ergo'
1834 3011 1907 3065 illi

2019 2991 2182 3061 ἁγίαν
2212 2979 2346 3046 Θεοῦ
2379 2992 2563 3046 πίστιν
2593 2993 2688 3045 καὶ
2734 2989 3040 3063 ὀρθοδοξίαν
3073 2991 3284 3061 φθόνον.
3319 2991 3430 3045 Καὶ
3462 2992 3593 3044 ἀνα-

333 3105 446 3145 rem
481 3089 551 3145 ad
598 3091 986 3161 imperatorem
1028 3093 1452 3153 Constantinum
1482 3079 1774 3174 deferunt:
1813 3120 1903 3161 cu-

2023 3083 2324 3139 κοινοῦνται
2352 3084 2430 3156 τῷ
2459 3083 2672 3156 βασιλεῖ
2702 3083 3114 3154 Κωνσταντίνῳ.
3146 3083 3404 3146 Εὐσὲσιος
3439 3083 3495 3137 δέ
3528 3079 3596 3154 ἦν

331 3177 424 3250 jus
451 3181 619 3236 totius
645 3181 898 3241 factionis
925 3183 1249 3243 administer
1301 3204 1367 3245 ac
1406 3191 1635 3262 satelles
1657 3192 1911 3252 Nicome-o

335 3270 545 3326 diensis
575 3269 844 3330 Eusebius
880 3275 1004 3340 fuit,
1034 3291 1097 3332 ac
1131 3294 1286 3334 noxae
1311 3281 1460 3338 illius
1491 3284 1674 3352 omnis
1695 3285 1915 3354 artifex,

338 3377 460 3432 qua:
497 3360 758 3420 Ecclesiae
801 3367 1006 3435 pariter
1053 3376 1108 3423 et
1157 3367 1461 3429 Athanasio
1491 3361 1642 3450 papa:
1690 3377 1760 3433 ab
1801 3379 1918 3446 illis

338 3458 424 3508 est
452 3453 721 3508 conscita.
755 3453 1121 3514 Accusatores
1168 3458 1352 3530 itaque
1401 3461 1786 3533 imperatorem
1825 3468 1922 3523 ad-

339 3551 532 3597 euntes
561 3557 657 3598 vas
685 3543 956 3614 quoddam
987 3555 1048 3601 ut
1089 3563 1250 3604 usum
1285 3550 1600 3612 divinorum
1631 3557 1920 3626 mysterio-

341 3645 462 3684 rum
499 3629 732 3685 fractum
766 3632 1124 3703 objiciebant.
1155 3637 1303 3708 quod
1329 3639 1647 3711 candelam,
1677 3651 1736 3698 ut
1769 3647 1918 3707 diii-

341 3738 486 3788 mus,
517 3725 859 3808 appellavere
891 3729 1160 3784 nonnulli.
1187 3729 1330 3797 Quin
1361 3741 1414 3788 et
1447 3733 1516 3789 de
1548 3725 1670 3792 aliis
1702 3751 1921 3812 quoque

338 3814 666 3870 criminibus
740 3827 1105 3886 accusarunt,
1176 3829 1230 3877 et
1281 3821 1336 3876 in
1376 3823 1568 3893 primis
1627 3824 1917 3894 Arsenlum

339 3905 628 3977 quemdam
661 3906 980 3964 Mareotidis
1013 3911 1396 3982 presbyterum
1425 3915 1494 3969 ab
1521 3931 1589 3971 eo
1617 3895 1918 3986 pulsatum,

339 3997 503 4068 cujus
541 4013 760 4054 manum
816 4001 886 4056 ab
933 4003 1218 4061 Athanasii
1264 4004 1476 4064 faulore
1527 4009 1761 4080 populo.
1804 4011 1921 4068 sive

337 4093 572 4164 ipsemet
613 4096 798 4162 potius
839 4096 1160 4165 Athanasio,
1207 4093 1516 4170 pr'ecisam,
1563 4117 1724 4172 quam
1752 4103 1920 4158 etiam

339 4185 405 4239 ad
439 4186 759 4241 comitatum
811 4186 954 4241 intra
999 4189 1242 4246 arculam
1271 4196 1504 4244 delatam
1545 4193 1915 4252 ostentabant.

416 4269 546 4328 Vlll.
569 4272 664 4329 His
683 4275 905 4340 auditis,
926 4277 1582 4348 imperatorvehementer
1603 4286 1917 4348 excanduit,

337 4377 463 4415 cum
497 4362 682 4416 divino
723 4366 956 4432 quodam
1001 4369 1117 4422 zelo
1165 4369 1426 4436 majorem
1478 4371 1532 4424 in
1566 4374 1784 4428 modum
1827 4374 1921 4428 ﬂa-

2017 3181 2046 3233 6
2078 3177 2472 3251 προειρημένος
2490 3175 2590 3247 τῆς
2615 3175 2979 3248 Νικομηδείας
3002 3177 3030 3230 6
3053 3175 3325 3246 ὑπουργὸς
3350 3175 3446 3229 τοῦ
3473 3193 3597 3229 παν-

2017 3268 2110 3332 τὸς
2140 3268 2320 3323 αὐτῶν
2370 3269 2734 3339 συστήματος,
2762 3267 2855 3321 καὶ
2903 3269 3278 3338 συσκευαστὴς
3321 3266 3420 3338 τῆς
3458 3266 3596 3322 κατὰ

2017 3358 2118 3431 τὴν
2158 3357 2484 3430 Ἐκκλησίαν
2517 3375 2578 3412 τε
2627 3358 2722 3411 καὶ
2758 3358 2850 3414 τὸν
2888 3357 3075 3413 πάπαν
3133 3358 3451 3414 ’Δθανάσιον
3481 3359 3600 3429 βλά-

2021 3452 2142 3524 ϐης.
2175 3454 2238 3507 Ol
2261 3453 2557 3524 κατήγοροι
2587 3449 2681 3507 οὖν
2707 3453 3009 3526 προσῆλθον
3036 3455 3114 3525 τῷ
3143 3454 3374 3526 βασιλεῖ,
3405 3453 3597 3518 σκεῦός

2020 3560 2073 3597 τι
2117 3545 2431 3617 μυστηρίων
2481 3545 2732 3614 λέγοντες
2764 3540 2926 3610 εἶναι,
2965 3545 3102 3616 ὅπερ
3153 3544 3420 3616 κανδῆλαν
3455 3543 3598 3608 τινὲς

2021 3632 2249 3706 ἔφασαν,
2278 3636 2344 3708 ἢν
2378 3639 2658 3708 προεῖπον.
2694 3636 2860 3691 Ἀλλά
2896 3637 2955 3692 τέ
2983 3653 3105 3692 τινα
3138 3637 3476 3709 κατηγόρουν
3501 3635 3601 3704 φά-

2024 3746 2244 3794 σκοντες
2275 3729 2644 3802 πρεσϐύτερόν
2676 3748 2797 3785 τινα
2827 3730 2925 3784 τοῦ
2961 3728 3289 3802 Μαραιώτου
3327 3728 3601 3800 Ἀρσένιον

2022 3822 2413 3895 τετυπτῆσθαι,
2444 3824 2635 3878 τούτου
2668 3824 2722 3877 δὲ
2768 3823 2865 3895 τὴν
2891 3825 3051 3894 χεῖρα
3081 3823 3326 3896 μαχαίρᾳ
3349 3822 3455 3876 ὑπὸ
3493 3824 3601 3876 τῶν

2021 3917 2117 3972 τοῦ
2189 3916 2506 3970 Ἀθανασίου
2553 3915 2718 3983 λαῶν,
2777 3916 2956 3970 είτουν
3009 3915 3173 3970 αὐτοῦ
3244 3915 3598 3978 Ἀθανασίου,

2021 4009 2344 4082 τετμῆσθαι.
2394 4008 2754 4082 Ἐπεφέροντο
2781 4007 2888 4079 γὰρ
2918 4007 3012 4061 καὶ
3045 4010 3202 4081 χεῖρα
3233 4010 3292 4063 ἐν
3317 4008 3396 4079 τῷ
3426 4025 3601 4080 κομη-

2021 4104 2191 4174 τάτῳ,
2218 4103 2314 4156 καὶ
2343 4102 2706 4166 ἐπεδείκνυον,
2734 4101 2858 4172 ἥτις
2881 4095 2949 4172 ἦν
2977 4101 3035 4153 ἐν
3067 4099 3456 4172 γλωσσοκόμῳ.

2099 4273 2180 4326 H'.
2219 4271 2404 4327 Ταῦτα
2424 4273 2453 4325 6
2481 4272 2728 4342 βασιλεὺς
2751 4270 3012 4337 ἀκούσας,
3045 4269 3256 4341 αἴρεται
3285 4272 3383 4338 μὲν
3409 4271 3596 4343 θυμῷ·

2026 4362 2138 4434 εἶχε
2184 4364 2294 4436 γὰρ
2354 4362 2511 4434 ζῆλον
2550 4363 2728 4417 θεῖκὸν
2769 4366 2796 4417 ό
2837 4362 3172 4436 μακαρίτης·
3220 4363 3280 4416 οὐ
3331 4364 3437 4435 μὴν
3462 4365 3598 4436 ᾔδει,

339 4461 546 4521 graret,
574 4467 676 4506 nec
702 4452 828 4507 illos
863 4456 1295 4512 calumniatores
1331 4474 1453 4514 esse
1481 4471 1692 4524 nosset,
1728 4472 1821 4517 aut
1851 4479 1907 4520 eo

2020 4458 2100 4510 ὅτι
2125 4457 2457 4525 συκοφάνται
2475 4449 2635 4527 ἦσαν,
2657 4454 2722 4508 δι’
2739 4455 2796 4508 ὃν
2816 4457 3076 4527 προεῖπον
3093 4453 3250 4525 ζῆλον
3264 4455 3370 4510 τῶν
3400 4457 3602 4526 Ἀρεια-

341 4541 507 4595 livore
537 4539 685 4604 ferri,
720 4560 881 4612 quem
910 4544 1143 4602 Arianos
1172 4547 1434 4605 adversus
1460 4552 1731 4607 sinceram
1765 4554 1922 4610 [idem

339 4633 651 4702 suscepisse
692 4634 951 4690 diximus.
1002 4635 1173 4706 Igitur
1205 4637 1332 4710 Tyri
1375 4641 1430 4695 in
1492 4641 1752 4700 thnice
1792 4661 1924 4702 con-

341 4724 526 4780 vocari
579 4725 845 4796 synodum
884 4727 1060 4797 jubet,
1093 4729 1253 4801 eique
1279 4730 1490 4798 judicio
1523 4749 1758 4803 praeesse
1797 4751 1923 4790 cum

341 4813 466 4868 aliis
497 4814 777 4869 nonnullis
820 4816 1212 4874 Caesariensem
1247 4819 1568 4888 Eusebium,
1599 4825 1695 4894 qui
1729 4841 1922 4883 omnes

342 4905 398 4960 in
450 4904 779 4958 Arianorum
842 4905 1226 4962 inanissimum
1281 4910 1478 4979 dogma
1537 4917 1921 4985 propensiores

339 5005 518 5052 erant.
572 4995 707 5050 Cum
746 4997 831 5052 bis
860 5014 923 5053 ex
965 4999 1234 5055 catholica
1272 5001 1491 5074 Egypti
1541 5005 1782 5062 Ecclesia
1807 5049 1822 5073 ,
1866 5017 1920 5064 et

339 5087 644 5168 Athanasio
673 5089 942 5159 subjecta,
968 5091 1209 5162 episcOpi
1236 5095 1458 5163 quidam
1490 5097 1736 5153 advocati
1763 5109 1916 5164 sunt,

343 5181 590 5252 primarii
625 5182 846 5252 quidem
894 5199 957 5238 ac
989 5193 1312 5254 praestantes
1342 5188 1480 5255 viri,
1515 5199 1676 5260 atque
1705 5194 1920 5264 egregia
1963 5199 1969 5204 '

417 5332 437 5366 ⁸
469 5333 597 5390 Cor.
641 5337 980 5393 Ἀθανασίου.
1058 5341 1078 5371 ¹
1110 5340 1237 5396 Cur.
1269 5343 1741 5414 προσκεκλιμένοι.

421 5518 530 5592 {59)
566 5523 631 5574 Οἱ
659 5520 807 5592 κατὰ
827 5522 1144 5590 Μελήτιον.
1169 5521 1486 5576 Meletianos
1508 5521 1797 5592 episcopos
1829 5521 1882 5575 in

342 5590 556 5662 gellige,‘
587 5606 694 5644 nou
733 5590 1026 5654 Meletium.
1068 5593 1161 5662 qui
1201 5594 1310 5659 jam
1351 5610 1382 5647 e
1409 5590 1557 5647 vivis
1583 5590 1914 5646 excesserat.

344 5658 629 5784 gelliujus
652 5663 893 5719 historia:
929 5658 1214 5719 mendacio
1239 5666 1306 5717 ad
1339 5669 1656 5733 sequentem
1686 5662 1918 5716 haeresin

381 5743 450 5784 lCl
483 5745 562 5784 ur.

381 5743 562 5784 lCllUl‘.

2026 4547 2132 4601 νῶν
2166 4547 2305 4602 κατὰ
2331 4548 2427 4617 τῆς
2455 4545 2782 4618 ὀρθοδοξίας.
2816 4545 3044 4601 Κελεύει
3070 4546 3127 4599 δὲ
3165 4548 3600 4620 συγκρατηθῆναι

2028 4638 2245 4694 σύνοδον
2273 4637 2416 4694 κατὰ
2445 4640 2544 4710 τὴν
2575 4640 2830 4712 Φοινίκην
2856 4641 2914 4693 ἐν
2952 4638 3116 4711 Τύρῳ
3145 4643 3212 4711 τῇ
3239 4641 3411 4694 πόλει.
3448 4642 3600 4696 Ἐκέ-

2024 4730 2183 4784 λευσε
2209 4731 2266 4784 δὲ
2300 4731 2546 4797 δικάζειν
2576 4731 2834 4786 Εὑσέὃιον
2853 4731 2945 4784 τὸν
2974 4730 3332 4802 Καισαρείας,
3378 4732 3473 4785 καὶ
3509 4731 3603 4786 ἄλο

2024 4821 2148 4885 λους
2175 4823 2346 4886 τινάς.
2376 4817 2556 4876 *Ησαν
2596 4822 2653 4876 δὲ
2687 4822 3155 4895 προσκεκλημένοι
3185 4823 3207 4854 ⁸
3235 4816 3379 4876 οῦτοι
3422 4823 3604 4886 ποσῶς

1975 4937 1980 4939 ·
2031 4917 2231 4988 μᾶλλον
2265 4920 2329 4989 τῇ
2363 4918 2469 4971 τῶν
2515 4917 2807 4990 Ἀρειανῶν
2853 4915 3195 4988 χυδαιολογίᾳ
3215 4933 3229 4947 ο
3259 4916 3353 4968 καὶ
3383 4915 3610 4987 ἐκλήθη-

2031 5025 2128 5060 σαν
2159 5007 2448 5060 ἐπίσκοποι
2469 5007 2568 5078 τῆς
2597 5006 2875 5076 Αίγύπτου
2905 5005 3006 5076 τῆς
3034 5004 3348 5076 καθολικῆς,
3379 5005 3472 5060 καὶ
3503 5005 3608 5059 ὑπὸ

2039 5101 2351 5156 Ἀθανάσιον
2378 5100 2681 5173 άκρέμονές
2705 5117 2850 5164 τινες
2901 5098 3095 5172 ἄνδρες
3120 5100 3214 5155 καὶ
3247 5099 3486 5170 μείζους,
3511 5099 3609 5153 καὶ

2029 5195 2085 5246 ἐν
2113 5193 2231 5263 Θεῷ
2264 5193 2476 5264 ἔχοντες
2503 5191 2737 5262 διαφανῆ
2763 5191 2856 5245 τὸν
2889 5191 3002 5264 βίον
3021 5207 3037 5223 °
3073 5195 3129 5247 ἐν
3163 5189 3241 5258 οἷς
3270 5184 3343 5262 ἦν
3365 5193 3394 5246 ό
3429 5209 3608 5264 μακα-

2101 5519 2212 5587 (60)
2248 5518 2537 5583 Κατειὶξαι
2587 5515 2920 5584 κανδῆλαν.
2976 5523 3237 5589 Quianam
3291 5541 3355 5582 ea
3393 5543 3500 5583 vox
3539 5530 3612 5582 sit

2028 5590 2584 5668 noiidunlncouipcri.
2619 5589 2844 5668 Qertum
2872 5602 2987 5668 est
3029 5599 3291 5668 ποτήριον
3347 5599 3609 5668 μυστικὸν

2029 5661 2221 5785 fuisse).
2257 5658 2391 5718 Vide
2419 5658 2618 5715 Athan.
2645 5661 2826 5731 ipsum
2871 5666 2924 5720 in
2959 5666 3133 5734 Apol.,
3155 5658 3605 5733 'Thcodoretzun,

2029 5749 2058 5785 ι
2109 5747 2178 5783 ai
2220 5745 2266 5784 s.

2029 5745 2082 5786 α
2109 5745 2266 5784 auos.
