3994 6226
312 377 417 435 197

919 376 1289 434 ADVERSUS
1327 374 1670 433 II/ERESES
1708 374 1838 433 LIB.
1875 375 1940 432 II.
1979 377 2145 435 ΤΟΜ.
2188 376 2250 434 II.
2274 411 2341 421 —-
2370 377 2640 437 HA‘ZRES.
2686 379 2917 436 LXVIII.

3482 382 3583 444 I98

312 490 469 561 ρίτης
501 488 768 562 Ποτάμων
804 492 832 545 ὁ
873 492 1067 562 μέγας,
1103 496 1131 547 ὁ
1161 494 1261 563 τῆς
1305 491 1630 566 Ἡρακλείας
1676 492 1898 547 ἐπίσκο-

2002 494 2125 549 νίιῖιι
2154 496 2445 551 sanctitate
2471 504 2525 550 et
2551 495 2815 567 religione
2852 497 3085 569 prmditi,
3119 499 3259 555 inter
3288 513 3428 571 quos
3464 499 3584 557 feli—

314 598 414 645 πος
448 583 543 635 καὶ
585 582 922 654 ὁμολογητής
942 600 955 614 ο
981 583 1118 637 ἀλλά
1157 587 1250 639 καὶ
1282 585 1332 639 οί
1374 585 1485 637 τῶν
1517 584 1893 655 Μελητιανῶν,

314 672 549 743 μάλιστα
588 675 634 727 οἱ
668 674 761 727 τοῦ
804 674 1121 729 Ἀθανασίου
1151 674 1604 747 κατηγοροῦντες.
1641 675 1897 747 Ζηλωτὴς

311 765 367 819 δὲ
398 764 473 819 ὣν
506 766 648 838 ὑπὲρ
677 766 936 837 ἀληθείας
962 768 1058 820 καὶ
1098 767 1405 839 ὸρθοδοξίας
1434 771 1462 822 ό
1501 768 1897 840 προειρημένος

310 858 580 927 Ποτάμων
613 860 641 911 ό
669 858 1008 928 μακαρίτης,
1043 858 1532 930 ὲλευθεροστομῶν,
1560 861 1617 923 ὃς
1646 859 1896 912 οὐδέποτε

308 947 499 1019 εἱληφε
554 947 843 1017 πρόσωπόν
895 964 1071 1010 τινος’
1119 947 1210 1000 τὸν
1262 948 1539 1019 ὀφθαλμὸν
1568 949 1676 1021 γὰρ
1728 952 1785 1002 ὲν
1819 948 1897 1018 τῷ

308 1036 534 1107 διωγμῷ
573 1037 660 1090 διὰ
692 1037 788 1108 τὴν
834 1038 1090 1109 ἀλήθειαν
1137 1037 1455 1109 ἐτυφλώθη·
1500 1040 1762 1111 ἑωρακὼς
1803 1040 1897 1093 τὸν

309 1131 573 1184 Εύσέόιον
604 1128 966 1201 καθεζόμενον
999 1130 1091 1183 καὶ
1113 1129 1420 1195 δικάζοντα,
1454 1132 1547 1184 καὶ
1584 1130 1896 1185 Ἀθανάσιον

308 1222 544 1289 ἑστῶτα,
590 1222 989 1292 καταπονηθεὶς
1028 1226 1094 1293 τῇ
1138 1224 1303 1294 λύπῃ,
1338 1223 1431 1276 καὶ
1474 1222 1772 1296 δακρύσας,
1808 1217 1896 1276 οἶα

307 1314 516 1382 γίνεται
565 1315 713 1385 παρὰ
749 1316 862 1377 τοῖς
912 1313 1190 1384 ἀληθέσιν,
1236 1314 1559 1368 ἀπετείνατο
1609 1316 1761 1385 φωνῇ
1800 1332 1895 1384 tte—

307 1406 449 1476 γάλῃ
482 1404 725 1474 Εὑσεὸίῳ
749 1404 920 1473 λέγων
941 1422 952 1433 ·
981 1405 1053 1457 Σὺ
1077 1402 1303 1477 καθέζῃ,
1332 1404 1581 1466 Εὐσέϐιε,
1614 1404 1708 1457 καὶ
1747 1405 1899 1457 Ἀθα-

306 1500 495 1561 νάσιος
526 1497 703 1561 ἀθῶος
734 1496 811 1549 ὢν
842 1496 991 1567 παρὰ
1018 1494 1112 1549 σοῦ
1159 1497 1435 1568 κρίνεται;
1463 1496 1558 1560 Τίς
1586 1496 1796 1564 ἐνέγκοι
1830 1496 1897 1549 τά

306 1590 561 1653 τοιαῦτα;
598 1588 738 1658 Λέγε
775 1589 831 1641 δέ
879 1605 969 1659 μοι
1016 1589 1101 1652 σὺ,
1151 1588 1211 1641 ού
1250 1588 1347 1642 σὺν
1382 1589 1503 1659 ἐμοὶ
1535 1583 1678 1660 ἦσθα
1728 1590 1785 1643 ὲν
1827 1591 1893 1660 τῇ

305 1681 524 1753 φυλακῇ
558 1682 651 1734 ἐπὶ
682 1679 776 1734 τοῦ
804 1679 1076 1750 διωγμοῦ;
1111 1680 1283 1749 Κάγὼ
1327 1682 1425 1752 μὲν
1454 1680 1731 1753 ὀφθαλμὸν
1784 1682 1892 1735 ἀπ-

305 1770 583 1842 εϐαλὸμην
607 1768 748 1840 ὑπὲρ
784 1767 1041 1839 ἀληθείας
1061 1782 1075 1798 ⁸
1107 1769 1173 1822 σὺ
1212 1769 1268 1823 δὲ
1312 1767 1434 1822 οὔτε
1467 1768 1633 1841 φαίνῃ
1660 1768 1898 1840 λελωῦη-

1998 586 2081 642 cis
2127 588 2406 642 memoriae
2462 602 2695 660 magnus
2743 588 2832 644 ille
2883 590 3108 646 Potamo
3158 591 3262 645 fuit
3308 590 3585 649 Heraclea:

1998 679 2289 749 episcopus
2324 687 2378 733 et
2411 678 2722 735 confessor.
2752 679 2995 735 Aderant
3027 690 3082 737 et
3109 678 3382 738 Meletiani
3410 682 3583 738 Atha-

1997 772 2136 826 nasii
2166 772 2469 840 praesertim
2503 779 2878 827 accusatores.
2912 774 2979 827 At
3012 772 3203 829 beatus
3235 773 3465 828 Potamo
3487 790 3584 829 ve-

1998 863 2176 919 ritatis
2216 878 2280 917 ac
2318 871 2482 919 rectae
2535 863 2655 919 fidei
2711 862 2906 919 ardore
2948 874 3211 931 aestuans,
3246 867 3329 920 vir
3367 882 3585 921 summa

1998 950 2258 1020 loquendi
2297 952 2571 1016 libertate,
2607 951 2702 1022 qui
2739 953 2906 1008 nullis
2939 969 3177 1023 unquam
3213 970 3457 1024 personae
3498 971 3586 1007 ra»

1996 1043 2200 1097 tionem
2231 1043 2519 1106 habuerat,
2557 1053 2610 1098 et
2661 1059 2759 1115 pro
2785 1045 3033 1099 veritatis
3065 1045 3415 1101 confessione
3452 1046 3586 1100 alte--

1997 1149 2118 1187 rum
2151 1134 2204 1187 in
2234 1134 2614 1204 persecutione
2645 1135 2867 1189 oculum
2899 1136 3175 1198 amiserat,
3211 1137 3257 1190 is
3286 1135 3583 1191 Eusebium

2007 1222 2284 1278 sedentem
2358 1233 2411 1279 et
2468 1224 2846 1294 jndicantem,
2920 1234 3156 1281 stantem
3227 1227 3389 1299 724
3455 1242 3587 1282 vero

1998 1314 2358 1371 Athanasium
2410 1318 2765 1388 conspicatus
2795 1318 2984 1374 dolore
3015 1318 3305 1375 confectus
3327 1362 3341 1386 ,
3377 1328 3429 1374 et
3462 1319 3583 1374 illa-

1999 1421 2283 1477 crymans,
2333 1406 2640 1476 cujusmodi
2691 1409 2924 1464 sinceris
2971 1409 3248 1465 mentibus
3294 1409 3587 1465 usuvenire

1999 1498 2156 1555 solet.
2198 1513 2393 1568 magna
2424 1514 2557 1553 voce
2580 1499 2844 1557 adversus
2874 1500 3166 1556 Eusebium
3196 1501 3443 1556 invectus
3474 1509 3579 1556 est.

1997 1588 2097 1653 Et,
2147 1588 2311 1655 Tene,
2365 1591 2559 1661 inquit,
2609 1589 2829 1657 Eusebi,
2885 1590 3075 1647 sedere
3134 1599 3187 1646 et
3226 1591 3573 1645 innocentem

1996 1679 2357 1735 Athanasium
2390 1696 2418 1732 a
2452 1689 2505 1735 te
2530 1680 2805 1751 judicari?
2836 1680 2971 1747 Quis
3007 1682 3110 1737 ista
3141 1682 3415 1737 sustinere
3441 1696 3571 1751 pos-

1998 1771 2106 1825 sit?
2140 1769 2270 1841 Dic,
2312 1772 2495 1837 sodes,
2535 1789 2718 1829 nonne
2752 1789 2965 1829 mecum
3003 1774 3403 1846 persecutionis
3442 1783 3583 1829 tem-

306 1863 472 1933 μένον
513 1880 569 1916 τι
614 1861 753 1932 ἔχων
794 1862 851 1914 ὲν
898 1860 978 1933 τῷ
1020 1859 1256 1932 σώματι,
1295 1859 1419 1915 οὔτε
1468 1861 1895 1933 ἐμαρτύρησας·

2000 1879 2131 1937 pore
2164 1866 2219 1921 in
2251 1866 2500 1922 custodia
2554 1867 2744 1924 fuisti?
2775 1869 2952 1940 Atque
2980 1883 3082 1940 ego
3108 1868 3327 1939 quidem
3359 1868 3582 1923 oculum

303 1952 445 2007 ἀλλὰ
493 1952 730 2022 ἕστηκας
790 1950 901 2017 ζῶν
956 1952 1124 2025 μηδὲν
1176 1953 1720 2025 ὴκρωτηριασμένος.
1769 1953 1896 2014 Πῶς

303 2044 663 2117 ἀνεχώρησας
707 2043 817 2097 ἀπὸ
865 2044 965 2116 τῆς
1010 2043 1279 2115 φυλακῆς,
1310 2045 1359 2098 εί
1410 2044 1487 2117 μὴ
1533 2046 1616 2099 ὅτι
1659 2027 1900 2116 ὑπέσχου¹

303 2138 419 2200 τοῖς
457 2135 559 2207 τὴν
588 2135 833 2206 ἀνάγκην
866 2133 960 2188 τοῦ
1006 2133 1249 2205 διωγμοῦ
1297 2136 1429 2207 ἡμῖν
1470 2135 1796 2205 ἐπενέγκασι
1836 2136 1899 2189 τὸ

306 2225 566 2298 ἀθέμιτον
594 2224 820 2298 πρᾶξαι,
856 2225 888 2297 ἢ
921 2223 1201 2298 ἔπραξαςς
1233 2225 1419 2280 Ταῦτα
1449 2225 1689 2290 ἀκούσας
1726 2227 1897 2280 Εὐσέ-

306 2315 443 2380 ϐιος,
478 2315 692 2387 αἴρεται
729 2315 827 2385 μὲν
865 2315 944 2378 είς
976 2315 1366 2386 ἀγανάκτησιν,
1397 2315 1492 2369 καὶ
1515 2316 1751 2379 ἀναστὰς
1791 2315 1900 2369 διέ-

306 2407 436 2460 λυσε
462 2406 525 2460 τὸ
556 2406 924 2477 δικαστήριον,
952 2405 1143 2475 λέγων,
1178 2408 1260 2460 ὅτι
1295 2407 1358 2460 El
1409 2407 1643 2461 ἐνταῦθα
1687 2408 1896 2479 ἤλθετε,

307 2500 401 2554 καὶ
435 2500 572 2569 πρὸς
608 2500 753 2571 ἡμᾶς
779 2500 846 2552 τὰ
880 2499 1103 2553 τοιαῦτα
1141 2500 1470 2569 ἀντιλέγετε,
1498 2500 1607 2571 ἄρα
1638 2497 1730 2554 οῦν
1760 2502 1896 2572 ἁλη-

308 2592 557 2646 θεύουσιν
584 2594 629 2645 οἱ
667 2593 962 2663 κατήγοροι
995 2592 1168 2661 ὑμῶν.
1200 2592 1259 2644 Εἰ
1293 2591 1401 2663 γὰρ
1431 2585 1532 2645 ὦδε
1558 2594 1893 2663 τυραννεῖτε,

308 2682 488 2753 πολλῷ
524 2683 721 2753 μᾶλλον
751 2684 807 2735 ἐν
837 2681 900 2753 τῇ
933 2682 1085 2753 ὑμῶν
1121 2682 1360 2751 πατρίδι.

1998 1972 2097 2026 pro
2125 1956 2354 2012 veritate
2394 1958 2645 2028 perdidi;
2681 1967 2737 2013 tu
2770 1959 2919 2013 nulla
2953 1959 3207 2029 corporis
3236 1964 3390 2028 parte
3422 1957 3586 2011 mnti-

2000 2046 2143 2101 latus
2168 2061 2250 2112 es,
2285 2062 2464 2119 neque
2492 2051 2818 2121 martyrium
2854 2049 3095 2115 subiisti,
3129 2049 3224 2104 sed
3254 2049 3411 2104 vivus
3441 2048 3585 2103 inte-

1999 2154 2203 2210 gerque
2238 2142 2520 2198 consistis.
2550 2143 2797 2209 Quanam
2842 2143 3058 2199 ratione
3095 2158 3126 2198 e
3170 2141 3420 2197 custodia
3455 2155 3584 2195 evo-

2000 2232 2163 2297 lasti,
2216 2232 2323 2288 nisi
2373 2233 2521 2304 quod
2571 2235 3022 2306 persecutoribus
3058 2234 3266 2289 nostris
3310 2232 3583 2288 nefarium

2003 2322 2216 2377 facinus
2242 2322 2613 2379 admissurum
2646 2336 2696 2380 te
2730 2341 2853 2382 esse
2876 2325 3153 2395 recepisti,
3178 2324 3260 2381 vel
3292 2326 3455 2380 etiam
3486 2322 3584 2377 ad-

2001 2410 2249 2466 misisti?
2279 2412 2405 2466 llaac
2448 2411 2724 2468 Eusebius
2755 2414 2985 2468 audiens
3026 2428 3356 2484 magnopere
3388 2412 3583 2477 doluit,

1998 2512 2052 2557 et
2092 2510 2314 2572 repente
2346 2519 2580 2575 surgens
2613 2506 2909 2559 concilium
2951 2505 3190 2569 dimisit,
3223 2505 3406 2574 itaque
3436 2504 3588 2558 locu-

1998 2602 2087 2649 tus
2130 2603 2257 2649 est:
2298 2595 2354 2650 Si
2390 2597 2495 2650 huc
2546 2597 2868 2653 accedentes
2918 2603 3201 2667 tantopere
3252 2596 3412 2650 nobis
3450 2610 3587 2650 eou-

1998 2685 2268 2742 tradicere
2317 2687 2548 2754 audetis,
2587 2705 2776 2745 verum
2818 2698 2901 2745 est
2955 2693 3205 2761 profecto
3231 2687 3376 2758 quod
3415 2684 3585 2742 vestri

313 2784 672 2829 accusatores
711 2774 999 2843 objiciunt.
1040 2772 1176 2827 Nam
1203 2788 1327 2828 cum
1368 2772 1469 2828 hoc
1510 2773 1563 2827 in
1596 2772 1716 2828 loco
1744 2774 2083 2844 tyrannidem
2113 2776 2406 2846 quamdam
2460 2780 2783 2846 exerceatis,
2832 2780 3004 2834 multo
3056 2780 3109 2834 id
3150 2779 3324 2849 magis
3382 2776 3437 2830 in
3488 2789 3583 2845 pa-

308 2876 415 2929 tria
444 2885 625 2931 vestra
664 2874 864 2929 facitis.

379 2968 457 3023 8'.
494 2963 625 3020 Εἶτα
660 2965 1015 3038 ἐπεχείρησεν
1044 2963 1307 3028 Εὐσέϐιος
1344 2965 1437 3017 καὶ
1469 2962 1519 3015 οἱ
1554 2959 1669 3032 μετ’
1696 2960 1893 3015 αὐτοῦ’

2071 2954 2164 3011 IX.
2211 2953 2308 3011 His
2335 2957 2440 3012 hoc
2474 2959 2635 3013 modo
2668 2959 2977 3023 transactis,
3002 2959 3147 3014 aliud
3195 2959 3452 3029 quiddam
3478 2960 3588 3016 Eu-

309 3060 405 3115 xal.
426 3058 817 3113 ἀποστέλλουσι
846 3055 938 3108 δύο
968 3055 1118 3119 τινάς
1146 3055 1253 3108 τῶν
1292 3055 1398 3109 ἀπὸ
1431 3053 1734 3108 Παννονίων
1772 3054 1895 3105 ὲπιο

312 3152 529 3205 σκόπων
575 3150 643 3203 τὰ
692 3150 902 3220 Ἀρείου
949 3149 1298 3221 φρονοῦντας,
1349 3146 1651 3219 υύρσάκιόν
1689 3161 1749 3197 τε
1799 3143 1894 3198 καὶ

310 3243 608 3306 Οὐάλεντα,
641 3243 722 3306 εῐς
750 3259 809 3295 τε
840 3244 938 3312 τὴν
978 3241 1385 3311 Ἀλεξάνδρειαν
1423 3239 1515 3292 καὶ
1544 3226 1894 3308 Μαραιιωην,

309 3334 437 3390 ἔνθα
466 3336 652 3404 ελεγον
682 3334 1009 3407 γεγενῆσθαι
1040 3333 1110 3387 τὰ
1141 3332 1515 3405 προειρημένα
1542 3330 1634 3385 τοῦ
1666 3330 1896 3392 σκεύους

310 3426 406 3480 καὶ
434 3425 543 3479 τῶν
576 3424 751 3479 ἄλλων
791 3424 1133 3495 πραγμάτων
1163 3422 1261 3491 τῆς
1300 3421 1498 3491 μάχης.
1534 3420 1598 3472 0i
1641 3418 1697 3471 δὲ
1730 3416 1898 3471 ἀπελ-

311 3517 495 3581 θόντες
541 3520 644 3571 οὐκ
686 3518 867 3570 ἐκεῖνα
925 3516 1231 3586 ἀνήνεγκαν
1277 3512 1378 3565 ὅσα
1418 3506 1486 3582 ἦν
1528 3509 1726 3581 ἀληθῆ,
1779 3506 1893 3562 ἀλλ’

309 3613 477 3683 ἔτερα
505 3609 620 3665 ἀνθ’
649 3609 851 3681 ἐτέρων
879 3607 1405 3679 παραχωρήσαντες,
1432 3600 1763 3673 ἐψεύσαντο·
1801 3599 1898 3653 καὶ

311 3702 760 3773 ἐσυκοφάντησαν
780 3700 871 3754 τὸν
899 3699 1205 3769 μακαρίτην
1219 3696 1406 3751 πάπαν
1438 3694 1900 3748 ’Δθανάσιον.Κά·

312 3799 468 3851 κεῖνα
482 3796 539 3848 δὲ
555 3794 630 3858 ὠς
645 3792 818 3864 ἀληθῆ
839 3792 966 3846 ὅντα
982 3790 1318 3861 πλασάμενοι
1339 3787 1628 3857 ἐγγράφως
1645 3784 1899 3852 ἐνέγκαν-

311 3906 401 3952 τες
437 3889 703 3957 ἀνέφερον
746 3886 839 3940 inti.
877 3883 974 3955 τὴν
1004 3882 1218 3937 σύνοδον
1245 3882 1335 3935 τὸν
1379 3880 1507 3952 περὶ
1530 3876 1786 3931 Εὑσέϐιον
1806 3876 1900 3930 καὶ

310 3982 436 4044 τοὺς
457 3979 473 4009 ¹
491 3979 683 4040 ἄλλους
700 3977 775 4041 ὡς
797 3974 1107 4046 εἰσύστερον
1125 3972 1329 4038 ἔδειξαν
1355 3968 1740 4043 μετανοοῦντες
1756 3968 1829 4023 Οὐ
1839 3985 1897 4037 ρ·-

315 4072 502 4134 σάκιος
522 4070 616 4123 καὶ
641 4068 874 4139 Οὐάλης,
914 4065 1051 4137 μετά
1096 4064 1352 4118 λιόέλλων
1396 4060 1783 4135 προσελθόντες
1822 4059 1900 4130 τῷ

316 4162 600 4235 μακαρίτῃ
637 4159 839 4229 Ἰουλίῳ
890 4156 967 4228 τῷ
998 4156 1282 4226 ὲπισκόπῳ
1330 4153 1568 4224 Ῥώμης,
1624 4153 1901 4222 ὑπεραποι-

312 4255 634 4324 λογούμενοι
665 4252 758 4305 τοῦ
789 4250 968 4305 αὐτῶν
996 4248 1340 4318 σφάλματος·
1373 4247 1455 4299 ὅτι
1501 4244 1901 4314 Ἐσυκοφαντή-

2006 3047 2192 3102 sebius
2229 3060 2355 3101 cum
2406 3048 2523 3103 suis
2577 3050 2912 3119 aggreditur.
2965 3048 3100 3102 Nam
3145 3050 3285 3105 duos
3320 3052 3586 3119 quosdam

1995 3132 2298 3189 Pannoniae
2365 3137 2646 3207 episc0pis
2701 3137 2814 3191 Arii
2868 3136 3150 3201 asseclas,
3189 3135 3467 3193 Ursatium
3532 3147 3589 3194 et

1995 3223 2277 3281 Valentem
2311 3227 2704 3281 Alexandriam
2749 3236 2802 3282 et
2839 3227 2895 3281 in
2942 3225 3292 3283 hlareotidem
3337 3230 3585 3294 mittunt,

1996 3318 2090 3373 ubi
2132 3317 2446 3388 superiores
2479 3332 2671 3373 omnes
2734 3317 2858 3373 illas
2893 3318 3124 3385 turbas,
3172 3319 3465 3389 jurgiaque
3517 3321 3592 3374 ob

1995 3428 2093 3469 vas
2123 3412 2410 3477 violatum,
2445 3418 2500 3467 et
2551 3411 2657 3465 alia
2699 3410 2753 3466 id
2783 3426 2959 3483 genus
2993 3410 3268 3466 accidisse
3312 3427 3591 3467 memora-

1997 3503 2147 3558 bant.
2182 3502 2260 3557 Illi
2295 3502 2569 3575 legatione
2599 3517 2702 3557 sua
2738 3501 2910 3557 functi
2940 3517 3054 3557 rem
3088 3517 3201 3558 non
3254 3503 3468 3558 sincere
3506 3502 3589 3557 uti

1999 3609 2059 3650 se
2103 3595 2389 3661 habuerat,
2434 3593 2528 3650 sed
2560 3592 2699 3649 falsa
2725 3594 2977 3664 quaedam
3025 3601 3079 3648 et
3110 3593 3341 3647 conficta
3375 3593 3592 3649 detule-

2000 3694 2162 3752 runt;
2194 3686 2367 3741 multa
2417 3685 2684 3741 adversus
2716 3685 2937 3739 beatum
2990 3700 3187 3754 papam
3224 3684 3589 3740 Athanasium

2001 3778 2231 3847 suhdole
2261 3784 2315 3832 et
2344 3774 2685 3831 calumniose
2715 3774 3047 3839 commenti,
3080 3789 3202 3843 quae
3224 3774 3441 3843 quidem
3487 3788 3591 3843 pro

2000 3870 2148 3925 veris
2179 3876 2231 3923 et
2262 3866 2559 3937 compertis
2606 3865 2661 3920 in
2704 3873 2824 3919 acta
2864 3864 3169 3918 referentes
3227 3864 3280 3917 in
3319 3862 3589 3933 synodum

2001 3962 2068 4017 ad
2104 3961 2401 4016 Eusebium
2427 3968 2481 4015 et
2510 3957 2652 4013 alios
2684 3956 2958 4012 deferunt.
3000 3957 3060 4010 Id
3089 3955 3237 4027 quod
3286 3954 3491 4011 Ursatii
3532 3963 3590 4009 et

2000 4050 2251 4107 Valentis
2300 4049 2651 4104 confessione
2699 4056 2887 4117 postea
2925 4048 3264 4102 declaratum
3306 4055 3423 4110 est,
3461 4062 3587 4099 eum

2002 4141 2326 4213 pmnitentia
2373 4138 2523 4192 ducti
2576 4136 2725 4192 Julio
2773 4137 3022 4192 Romano
3077 4136 3322 4208 pontifici
3372 4136 3589 4190 libellos

2002 4234 2344 4297 obtulerunt,
2379 4229 2581 4301 quibus
2624 4245 2866 4284 errorem
2917 4244 3078 4283 suum
3128 4227 3584 4297 deprecabantur.

317 4318 495 4418 σαμεν
531 4346 623 4398 τὸν
664 4344 853 4397 πάπαν
893 4340 1242 4395 Ἀθανάσιονο
1280 4337 1419 4391 ἀλλά
1461 4336 1607 4401 δέξαι
1638 4337 1783 4406 ἡμᾶς
1817 4337 1897 4398 εἰς

2001 4323 2366 4387 Calumniam,
2398 4322 2740 4392 inquiebant,
2768 4331 2963 4376 contra
2997 4335 3193 4390 papam
3221 4318 3586 4374 Athanasium

313 4439 604 4495 κοινωνίαν
634 4436 727 4491 καὶ
756 4438 835 4500 είς
873 4434 1180 4506 μετάνοιαν.
1217 4432 1327 4485 Καὶ
1373 4430 1508 4500 πρὸς
1537 4428 1697 4482 αὐτὸν
1721 4428 1777 4480 δὲ
1809 4426 1899 4480 τὸν

328 4532 645 4586 ’Δθανάσιον
676 4531 796 4593 ταῖς
827 4527 1008 4581 αὐτῶν
1032 4527 1332 4597 ἐχρήσαντο
1358 4521 1656 4594 ἐγγράφοις
1688 4521 1775 4574 διά
1801 4537 1927 4591 μεε

315 4624 535 4686 τανοίας
571 4622 912 4676 συστάσεσιν.
959 4617 1224 4690 Ὁρῶντος
1260 4617 1316 4669 δὲ
1348 4614 1442 4668 τοῦ
1472 4613 1629 4666 πάπα
1673 4610 1901 4664 Ἀθανα-

319 4715 433 4768 σίου
460 4714 613 4776 ὄντος
640 4713 696 4765 ὲν
723 4713 789 4782 τῇ
821 4710 983 4782 Τύρῳ
1013 4708 1235 4779 βαρεῖαν
1263 4705 1363 4777 τὴν
1399 4705 1519 4758 τότε
1548 4701 1815 4773 συσκευὴν
1837 4702 1902 4756 ὲκ

317 4802 678 4873 πανταχόθεν,
713 4800 879 4871 πρινὴ
929 4796 1191 4852 εἰσελθεῖν
1235 4796 1315 4860 εἰς
1350 4795 1412 4848 τὸ
1451 4792 1822 4865 δικαστήριον,
1863 4790 1898 4863 ἢ

318 4899 397 4960 εἰς
430 4897 723 4967 πρόσωπον
767 4892 834 4946 τά
885 4888 1365 4961 συκοφαντούμενοι
1397 4886 1457 4955 ἐξ
1502 4883 1899 4942 ἀντικαταστάσ-

319 5005 457 5051 σεως
488 4987 736 5056 γένηται,
766 4983 981 5054 νύκτωρ
1019 4980 1403 5052 ἀναχωρήσας,
1445 4977 1730 5049 ἀνέρχεται
1760 4975 1898 5048 πρὸς

317 5080 731 5133 Κωνσταντῖνον
755 5077 834 5139 εις
862 5075 923 5128 τὸ
944 5074 1274 5145 κομητᾶτον,
1303 5070 1397 5124 καὶ
1417 5069 1716 5141 προσφέρει
1748 5064 1899 5137 αὐτῷ

316 5174 383 5227 τά
417 5174 539 5226 κατ’
572 5170 733 5225 αὐτὸν
764 5167 1153 5222 ἀναδιδάσκων.
1194 5165 1253 5217 '0
1281 5163 1357 5229 δὲ,
1382 5161 1461 5216 ἔτι
1499 5160 1643 5233 λύπῃ
1666 5159 1902 5230 φερόμε-

318 5282 427 5328 νος,
461 5265 557 5318 καὶ
582 5260 815 5333 νομίζων
849 5260 922 5331 μή
946 5276 1022 5329 πη
1065 5257 1172 5329 ἄρα
1204 5254 1556 5327 ἀληθεύουσιν
1576 5253 1626 5306 οἱ
1663 5267 1901 5321 κατηγο-

324 5360 611 5429 ρήσαντες,
638 5353 891 5424 ψεύδεται
934 5351 990 5404 δὲ
1022 5353 1050 5404 ὁ
1094 5346 1548 5415 ἀπολογούμενος,
1594 5344 1672 5397 ἔτι
1718 5342 1906 5413 ἐχαλέ-

323 5466 501 5504 παινε.
531 5446 963 5508 Χαλεπαίνοντος
993 5443 1047 5495 δὲ
1086 5440 1271 5503 αὑτοῦ,
1295 5442 1322 5494 ό
1366 5436 1554 5501 πάπας
1594 5434 1907 5497 ’Λθανάσιος

324 5542 479 5611 λόγον
510 5540 681 5611 βαρὺν
713 5537 791 5608 τῷ
820 5536 1028 5608 βασιλεῖ
1072 5532 1398 5594 ἐπετείνετο,
1430 5529 1506 5592 ὡς
1552 5528 1634 5581 ὃτι
1688 5524 1909 5579 Δικάσει

327 5635 531 5708 Κύριος
563 5630 832 5702 ἀναμέσον
864 5624 997 5699 ἐμοῦ
1028 5624 1122 5679 καὶ
1148 5622 1260 5688 σοῦ,
1290 5623 1447 5675 ὁποῖα
1476 5618 1571 5673 καὶ
1594 5614 1756 5679 αὐτὸς
1782 5631 1913 5685 συμ-

408 5805 427 5839 ¹
455 5806 517 5863 F.
544 5805 667 5863 τῶν.

2009 4417 2346 4479 struximus;
2397 4423 2453 4467 tu
2490 4427 2619 4466 vero
2660 4412 2726 4466 ad
2760 4411 3200 4465 communionem
3234 4417 3287 4465 et
3320 4411 3587 4480 peniten-

2006 4511 2139 4565 tiam
2182 4523 2285 4563 nos
2319 4506 2569 4562 admitte.
2603 4504 2720 4559 lmo
2744 4513 2798 4559 et
2825 4503 2967 4574 apud
3011 4504 3191 4574 ipsum
3223 4504 3587 4559 Athanasium

2005 4602 2197 4657 eadem
2228 4599 2283 4654 in
2315 4599 2524 4668 scripto
2557 4596 2962 4667 supplicatione
2998 4594 3082 4651 usi
3116 4601 3265 4650 sunt.
3298 4591 3445 4648 Inter
3471 4593 3590 4648 haec

2004 4691 2341 4748 Athanasius
2385 4705 2509 4746 cum
2541 4687 2683 4759 apud
2715 4686 2920 4758 Tyrum
2952 4700 3172 4757 gravem
3203 4700 3267 4739 ac
3298 4685 3591 4740 vehemen-

2006 4794 2114 4842 tem
2144 4784 2285 4841 hane
2307 4782 2773 4852 conspirationem
2800 4795 2925 4834 esse
2952 4784 3224 4846 cerneret,
3262 4777 3587 4848 priusquam

2005 4877 2062 4933 in
2085 4874 2355 4947 judicium
2384 4873 2651 4946 prodiret,
2681 4878 2773 4925 aut
2807 4884 3002 4926 omnes
3037 4869 3157 4926 ista:
3182 4868 3472 4924 calumnia:
3498 4881 3588 4921 co-

2003 4985 2121 5025 ram
2152 4968 2279 5031 sibi,
2311 4976 2366 5021 et
2399 4982 2466 5022 ex
2497 4964 2730 5019 adverso
2761 4961 3153 5032 objicerentur,
3186 4958 3253 5014 de
3286 4967 3442 5013 noete
3467 4956 3585 5011 dis-

2006 5057 2207 5115 cedens
2250 5058 2305 5111 in
2352 5056 2676 5110 comitatum
2723 5052 2790 5107 ad
2831 5049 3253 5106 Constantinum
3306 5052 3584 5116 properat,

2006 5152 2185 5222 deque
2236 5156 2352 5203 tota
2408 5164 2468 5203 re
2518 5146 2808 5202 certiorem
2869 5144 3022 5198 illum
3072 5140 3223 5195 facit.
3284 5139 3586 5208 Imperator

2007 5242 2189 5298 adhuc
2215 5241 2406 5296 dolore
2436 5240 2596 5311 725
2623 5246 2935 5294 commotus
2954 5276 2970 5302 ,
3000 5248 3065 5289 ac
3090 5246 3217 5285 vera
3250 5244 3371 5284 esse
3398 5228 3584 5298 suspi-

2003 5342 2186 5399 catus,
2214 5348 2335 5405 quae
2362 5341 2715 5387 accusatores
2750 5331 3173 5401 preposuerant,
3206 5318 3423 5374 mentiri
3456 5333 3585 5371 vero

2007 5434 2328 5482 accusatum
2360 5424 2747 5484 Athanasium,
2774 5417 2911 5474 nihil
2937 5417 3008 5471 de
3034 5411 3319 5468 iracundia
3351 5409 3588 5465 remitte-

2006 5520 2124 5576 bat.
2158 5519 2317 5587 Quod
2361 5518 2557 5575 videns
2600 5511 2934 5569 Athanasius
2985 5507 3098 5562 acri
3139 5505 3294 5560 illum
3336 5503 3588 5559 oratione

2009 5610 2335 5683 perstrinxit
2363 5625 2377 5664 :
2418 5608 2493 5666 De
2525 5615 2599 5673 te,
2641 5603 2840 5673 inquit,
2873 5614 2938 5654 ac
2971 5614 3059 5656 me
3092 5597 3365 5670 iudicabit
3403 5593 3586 5651 Domi-
