3994 6226
357 340 459 396 199

1769 323 1826 380 S.
1871 322 2218 380 EPlPlIANIl

3529 313 3641 371 ἵίῖ

356 472 482 523 nus,
510 452 656 526 quod
687 457 741 507 et
778 452 893 521 ipse
927 446 1329 503 mediocritatis
1370 457 1505 498 meae
1532 444 1942 498 calumniatori-

2071 445 2242 504 unst;
2270 443 2382 505 τοῖς
2418 437 2817 509 συκοφαντοῦσι
2845 438 2940 509 τὴν
2976 437 3248 509 ἡμετέραν
3280 434 3637 508 μετριότητα.

357 547 462 602 bus
498 541 838 600 assentiaris.
870 537 1077 593 Deinde
1108 535 1254 590 datis
1289 549 1320 588 a
1360 532 1574 605 synodo
1605 531 1674 586 ad
1707 532 1943 600 impera-

357 644 531 689 torem
581 629 783 685 litteris
834 627 889 681 in
953 625 1210 680 exsilium
1268 623 1541 693 relegatur
1583 620 1942 674 Athanasius.

2061 532 2339 588 Ἐντεῦθεν
2382 531 2668 603 συμϐαίνει
2699 530 2860 584 αὐτὸν
2887 528 3073 602 ὲξορίᾳ
3108 531 3402 584 ὑποπεσεῖν
3443 528 3551 582 ἀπό
3579 544 3642 580 τε

2047 622 2154 677 τῶν
2183 624 2504 695 γραφέντων
2532 623 2639 677 ἀπὸ
2666 623 2767 694 τῆς
2799 622 3018 676 συνόδου
3058 620 3136 692 τῷ
3171 620 3400 691 βασιλεῖ.
3443 620 3642 674 Ἀπόν-

357 728 574 781 Absens
605 722 809 794 quippe
835 719 1119 789 depositus
1149 724 1255 781 est,
1280 731 1405 770 cum
1427 715 1494 770 ad
1525 722 1726 770 caetera
1753 727 1946 767 recens

2071 733 2140 780 τος
2181 715 2288 789 γὰρ
2317 714 2484 769 αὐτοῦ
2533 715 2855 785 καθαίρεσιν
2903 713 3183 767 ποιοῦνται
3217 711 3408 777 αὑτοῦ,
3445 712 3540 766 καὶ
3582 709 3646 775 ἐξ

360 819 448 872 illa
481 815 744 886 principis
783 810 1116 866 accessisset
1149 807 1398 863 oifensio.
1433 806 1730 862 Duodecim
1759 806 1947 876 itaque

2071 799 2121 860 ὃν
2149 809 2178 859 ὁ
2213 808 2471 878 βασιλεὺς
2503 807 2862 878 παροξυνθεὶς
2887 807 3022 878 πρὸς
3045 803 3208 858 αὐτὸν
3234 804 3503 858 ἐλυπεῖτο.
3530 804 3645 857 Καὶ

356 911 442 966 vel
476 908 740 964 tredecim
771 904 933 960 annis
959 903 1014 956 in
1040 901 1194 956 italia
1224 900 1448 957 mansit.

428 1089 501 1144 Χ.
555 1086 668 1141 Sub
699 1085 846 1149 haec,
881 1091 941 1138 ut
973 1081 1243 1152 frequenti
1281 1080 1564 1135 hominum
1597 1093 1818 1134 rumore
1863 1077 1948 1133 di-

361 1183 642 1252 vulgatum
670 1185 772 1243 est,
793 1176 1059 1232 Arsenius
1098 1175 1208 1239 ille,
1232 1174 1323 1244 qui
1348 1173 1558 1245 pridem
1591 1188 1621 1226 a
1655 1171 1952 1226 calumnia-

365 1271 578 1327 toribus
613 1268 758 1322 inter
792 1273 1040 1322 mortuos
1078 1264 1493 1328 numerabatur,
1529 1263 1727 1331 cuique
1758 1276 1952 1332 ampuo

366 1371 478 1417 tata
527 1375 723 1415 manus
774 1357 1060 1414 dicebatur
1085 1395 1100 1422 ,
1137 1356 1192 1412 in
1223 1355 1428 1413 Arabia
1463 1361 1714 1424 repertus
1767 1359 1867 1408 est.
1902 1352 1954 1408 ls

365 1453 511 1507 enim
569 1451 872 1505 Athanasio
906 1490 921 1514 ,
977 1463 1101 1504 cum
1155 1447 1210 1501 in
1273 1445 1468 1501 exsilio
1528 1444 1709 1500 adhuc
1764 1451 1951 1509 esset,

367 1545 610 1614 scipsum
657 1541 922 1612 prodidit.
974 1538 1150 1606 Quem
1191 1538 1280 1594 ille
1309 1537 1484 1602 clam,
1524 1544 1584 1591 ut
1616 1535 1952 1607 accepimus,

376 1635 700 1692 arcessitum
723 1673 738 1698 ,
796 1648 922 1688 mox
965 1640 1022 1686 ut
1057 1630 1309 1694 advenit,
1367 1643 1553 1683 coram
1580 1625 1875 1682 Constante
1901 1633 1956 1681 et

367 1729 696 1786 Constantio
727 1725 1076 1783 Constantini
1112 1723 1260 1786 filiis,
1296 1724 1387 1794 qui
1427 1732 1538 1777 tum
1587 1721 1729 1776 forte
1753 1735 1954 1776 conve-

2053 900 2206 970 μένει
2239 901 2298 953 ὲν
2352 902 2465 963 τοῖς
2516 899 2708 969 μέρεσι
2769 900 2868 966 τῆς
2908 898 3138 962 Ἰταλίας
3189 897 3302 967 (61)
3349 897 3442 949 ἐπὶ
3496 896 3646 950 ἔτεσι

2051 991 2222 1045 ⁴πλείω
2246 989 2452 1045 δώδεκα
2477 992 2510 1062 ἢ
2541 989 2936 1064 δεκατέσσαρα.

2122 1084 2178 1138 I'.
2233 1083 2407 1147 Πολὺς
2441 1083 2498 1136 δὲ
2552 1084 2848 1154 μετέπειτα
2877 1082 3063 1154 ᾄδεται
3108 1081 3285 1151 λόγος,
3343 1080 3418 1144 ώς
3454 1080 3650 1152 ’Δρσέ-

2053 1195 2163 1241 νιος
2196 1179 2224 1230 ό
2251 1176 2419 1230 πάλαι
2461 1178 2519 1230 ἐν
2563 1176 2821 1230 τεθνεῶσι
2871 1175 3020 1246 παρά
3051 1173 3404 1244 συκοφαντῶν
3437 1190 3649 1242 καταγ-

2053 1269 2393 1341 γελλόμενος,
2429 1269 2524 1321 καὶ
2547 1269 2647 1340 τὴν
2679 1271 2839 1340 χεῖρα
2879 1267 3182 1339 τετμῆσθαι
3217 1265 3526 1337 λεγόμενος,
3558 1263 3652 1318 εὖ·

2057 1377 2218 1432 ρηται
2244 1363 2301 1414 ὲν
2327 1363 2440 1424 τοῖς
2469 1361 2664 1430 μέρεσι
2693 1361 2791 1431 τῆς
2821 1359 3102 1431 Ἀραϐίας.
3127 1359 3238 1413 Καὶ
3275 1359 3352 1422 ὡς
3386 1358 3650 1428 ἀνήγγει-

2055 1455 2145 1509 λεν
2192 1454 2380 1510 ὲαυτδν
2419 1454 2555 1518 ὅλως
2597 1454 2626 1506 ὁ
2673 1453 2948 1526 Ἀρσένιος
2997 1451 3076 1524 τῷ
3128 1453 3287 1525 πάπᾳ
3339 1449 3651 1520 Ἀθανασίῳ

2056 1548 2170 1603 ὄντι
2205 1550 2262 1602 ὲν
2288 1551 2353 1619 τῇ
2389 1547 2594 1620 ὲξορίᾳ,
2627 1549 2720 1601 καὶ
2754 1547 2849 1601 τοῦ
2881 1549 3034 1603 πάπα
3057 1545 3379 1600 Ἀθανασίου
3422 1543 3651 1613 λεληθό-

2057 1657 2165 1703 τως
2189 1638 2351 1692 αὑτὸν
2389 1636 2905 1710 μεταστειλαμένου,
2941 1636 3018 1701 ὡς
3049 1637 3081 1706 ἠ
3123 1637 3203 1699 είς
3240 1635 3391 1706 ἡμᾶς
3418 1631 3655 1687 ἐλθοῦσα

2060 1732 2215 1802 φήμη
2249 1729 2514 1802 περιέχει,
2556 1731 2651 1784 καὶ
2680 1728 2846 1784 αὐτοῦ
2882 1728 3159 1800 Ἀρσενίου
3200 1727 3336 1800 πρὸς
3366 1725 3458 1781 τὸν
3486 1724 3654 1779 αὐτὸν

369 1829 582 1882 nerant.
603 1821 809 1882 vivum,
831 1818 1102 1875 et-ambas
1131 1831 1327 1872 manus
1353 1815 1642 1871 habentem
1671 1813 1952 1884 produxit.

2071 1795 2372 1895 μακαρίτην
2401 1795 2721 1877 ίᾸθανάσιον
2759 1795 3072 1894 γενομένου,
3107 1795 3256 1894 ὁμοῦ.
3287 1837 3347 1872 τε
3404 1819 3496 1872 ἐπὶ
3538 1819 3656 1881 τοῖς

369 1912 489 1979 Quo
525 1912 668 1966 facto
714 1925 881 1982 penes
917 1917 1271 1964 accusatores
1301 1922 1412 1962 non
1446 1906 1610 1962 modo
1647 1905 1957 1970 calumniae,

372 2003 468 2059 sed
517 2005 682 2058 etiam
735 2003 818 2058 ob.
851 2001 1230 2057 circumlatam
1282 2001 1431 2055 illam
1478 2000 1680 2054 mortui
1739 2013 1958 2054 manum

372 2097 587 2152 violatae
616 2097 996 2166 sepulcrorum
1045 2094 1328 2166 religionis
1366 2093 1575 2148 crimen
1608 2091 1847 2157 resedit;
1897 2106 1961 2146 ac

370 2179 635 2254 deinceps
673 2187 864 2255 ingens
899 2185 1046 2241 risus
1078 2200 1147 2240 ex
1201 2183 1296 2239 tali
1337 2189 1599 2253 tantaque
1649 2181 1833 2237 fabula
1859 2221 1874 2246 ,
1907 2188 1962 2236 et

373 2281 666 2337 admiratio
689 2286 1008 2334 consecuta.
1030 2277 1219 2350 Neque
1247 2278 1384 2334 satis
1413 2276 1800 2342 conveniebat,
1828 2275 1963 2347 quid

373 2376 441 2431 de
496 2378 958 2444 accusatoribus,
1001 2385 1097 2432 aut
1151 2392 1248 2431 reo
1304 2376 1424 2447 ipso
1454 2415 1468 2440 ,
1521 2376 1696 2445 deque
1748 2373 1963 2429 caeteris

374 2466 633 2519 omnibus
665 2467 956 2521 dicendum
1020 2467 1318 2522 videretur.
1355 2465 1489 2532 Qum
1546 2464 1594 2521 si
1645 2465 1962 2535 singillatim

374 2573 602 2613 narrare
634 2559 892 2625 voluero,
951 2559 1252 2628 longiorem
1295 2557 1603 2612 orationem
1654 2556 1960 2611 instituam.

375 2647 505 2704 Post
535 2648 882 2704 Constantini
937 2650 1183 2714 obitum,
1218 2648 1552 2704 Athanasius
1606 2647 1703 2717 qui
1749 2661 1964 2702 summa

375 2743 430 2796 in
485 2741 729 2796 omnium
782 2742 1115 2797 auctoritate
1172 2750 1225 2797 et
1273 2741 1485 2812 gratia,
1517 2754 1584 2794 ac
1637 2755 1749 2794 non
1802 2738 1966 2794 modo

376 2833 560 2887 Romae
589 2873 604 2900 ,
642 2832 738 2888 sed.
782 2839 836 2886 et
891 2831 1062 2886 Italia:
1111 2831 1280 2887 totius
1309 2870 1324 2896 ,
1357 2830 1468 2884 imo
1506 2836 1561 2884 et
1614 2828 1966 2899 imperatoris

372 2923 609 2992 ejusque
663 2921 963 2978 liberorum
999 2921 1317 2978 Constantis
1355 2935 1422 2976 ac
1471 2919 1824 2976 Constantini
1869 2935 1967 2990 ap-

375 3016 705 3089 probatione
737 3013 991 3076 llorebat,
1050 3014 1120 3068 ab
1157 3012 1245 3069 his
1286 3011 1502 3068 duobus
1542 3010 1966 3076 imperatoribus

2061 1913 2192 1984 crept
2214 1913 2478 1968 Κώνσταν
2508 1914 2604 1967 καὶ
2637 1912 3008 1969 Κωνστάντιον
3039 1914 3153 1977 τοῖς
3194 1913 3329 1975 υἱοῖς
3361 1911 3658 1964 Κώνσταν-

2060 2005 2206 2060 τίνου
2239 2007 2551 2078 γενομένοις
2581 2007 2718 2079 ἅμα,
2761 2008 2790 2061 ὁ
2845 2007 2942 2079 μὲν
2972 2004 3288 2068 ’Δθανάσιος
3320 2003 3412 2058 τὸν
3457 2001 3656 2074 Ἀρσέ-

2061 2113 2173 2151 νιον
2198 2095 2437 2148 ἐδείκνυε
2469 2094 2649 2160 ζῶντά
2683 2112 2763 2163 τε,
2791 2095 2884 2150 καὶ
2911 2093 3005 2148 δύο
3027 2095 3217 2168 χεῖρας
3254 2091 3463 2164 ἔχοντα.
3486 2091 3660 2144 Συκο-

2063 2187 2292 2259 φαντίας
2334 2205 2394 2242 τε
2426 2188 2614 2242 λοιπὸν
2657 2190 2705 2242 οἱ
2751 2188 3045 2260 κατήγοροι
3090 2187 3249 2241 αἴτιοι
3288 2186 3346 2238 οὑ
3379 2184 3540 2256 μόνον
3566 2183 3660 2236 εὑ-

2067 2281 2334 2354 ρίσκοντο,
2365 2278 2499 2333 ἀλλά
2542 2279 2638 2332 καὶ
2685 2277 3073 2351 τυμϐωρυχίας
3119 2275 3207 2330 διὰ
3249 2277 3346 2347 τήν
3381 2291 3512 2328 ποτε
3551 2291 3658 2326 πε-

2066 2371 2428 2444 ριφερομένην
2474 2371 2672 2443 νεκρὰν
2718 2372 2895 2442 χεῖρα.
2936 2368 3218 2423 Ἐντεῦθεν
3267 2367 3329 2421 τὸ
3387 2368 3487 2438 μὲν
3545 2369 3659 2420 πᾶν

2065 2465 2270 2531 γελοῖον
2305 2459 2394 2535 ἦν,
2432 2464 2526 2518 καὶ
2556 2462 2816 2534 ἔκπληξις
2842 2461 2936 2516 τοῦ
2969 2461 3213 2516 τοιούτου
3263 2459 3356 2514 καὶ
3396 2459 3660 2513 τοσούτου

2065 2556 2627 2626 δραματουργήματος
2673 2556 2768 2608 καὶ
2812 2554 3046 2626 ἀπορίας
3094 2555 3134 2621 ¹,
3167 2552 3228 2606 τὸ
3272 2551 3353 2616 τίς
3396 2551 3464 2606 ἂν
3511 2553 3660 2607 εἴποι

2067 2647 2194 2718 περί
2228 2663 2287 2700 τε
2317 2646 2424 2700 τῶν
2451 2644 2969 2717 κατηγορησάντων,
3003 2645 3131 2718 περί
3179 2661 3241 2698 τε
3283 2643 3378 2698 τοῦ
3423 2660 3662 2715 κατηγο-

2071 2737 2355 2810 ρουμένου,
2407 2737 2537 2809 περί
2591 2755 2650 2790 τε
2703 2737 2812 2791 τῶν
2867 2737 3043 2792 ἄλλων
3097 2736 3338 2802 πάντων,
3383 2728 3459 2790 ὧν
3513 2734 3662 2789 κατά

2071 2831 2236 2904 μέρος
2263 2833 2434 2884 εἰπεῖν
2475 2830 2640 2885 πολὺν
2684 2830 2946 2885 ἀναλώσω
2979 2830 3189 2902 χρόνον.
3222 2829 3662 2902 Τελευτήσαντος

2066 2923 2123 2976 δὲ
2167 2923 2578 2976 Κωνσταντίνου
2599 2965 2612 2988 ,
2660 2923 2755 2977 τοῦ
2807 2923 2966 2977 πάπα
3015 2921 3335 2978 Ἀθανασίου
3383 2923 3442 2976 ὲν
3489 2921 3658 2993 πολλῇ

2067 3015 2350 3088 παρρησίᾳ
2383 3015 2481 3068 καὶ
2527 3015 2895 3086 εὐδοκιμήσει,
2932 3014 3028 3068 καὶ
3065 3011 3310 3079 δεξιώσει
3350 3013 3572 3086 Ῥώμης
3599 3031 3661 3068 τε

375 3116 500 3178 post
529 3114 760 3162 mortem
795 3104 1040 3177 parentis
1071 3104 1128 3159 in
1158 3103 1458 3176 Egyptum
1498 3101 1827 3165 remittitur,
1878 3117 1964 3158 as-

2071 3105 2163 3160 καὶ
2206 3107 2384 3176 πάσης
2419 3105 2675 3170 Ἰταλίας,
2736 3105 2830 3158 καὶ
2881 3103 3017 3177 πρὸς
3066 3104 3230 3160 αὑτὸν
3271 3105 3364 3159 τὸν
3411 3104 3659 3175 βασιλέα,

378 3203 648 3254 sentiente
677 3199 1001 3254 Constantio
1025 3239 1040 3266 ,
1072 3198 1167 3268 qui
1203 3205 1318 3251 tum
1351 3196 1658 3250 Antiochiae
1703 3196 1966 3250 versaba-

379 3295 487 3339 tur.
524 3285 697 3354 Cujus
730 3287 808 3340 rei
840 3287 1037 3342 serient
1071 3301 1138 3340 ex
1179 3286 1344 3340 trium
1379 3286 1770 3354 imperatorum
1825 3284 1967 3339 datis

376 3375 448 3429 ad
481 3375 910 3440 Alexandrinos,
961 3383 1016 3430 et
1048 3373 1406 3430 Athanasium
1440 3375 1620 3444 ipsum
1659 3374 1858 3429 litteris
1885 3373 1969 3428 di—

379 3466 636 3522 dicimus.
676 3465 755 3520 lta
782 3466 871 3521 ille
901 3465 1018 3522 sedi
1049 3481 1163 3521 suae
1193 3465 1482 3522 restitutus
1515 3472 1620 3529 est,
1655 3475 1777 3534 post
1806 3465 1970 3537 726

375 3559 706 3629 Gregorium
728 3599 742 3624 ,
776 3573 937 3630 quem
985 3557 1259 3614 exsulanti
1294 3555 1595 3612 Athanasio
1633 3557 1822 3611 Ariani
1850 3556 1968 3612 suf-

381 3651 649 3707 fecerant.
1607 3644 1616 3654 ’

2070 3199 2162 3250 καὶ
2192 3198 2318 3260 τοὺς
2345 3197 2509 3250 αὐτοῦ
2548 3197 2745 3260 παῖδας
2788 3197 3170 3251 Κωνστάντιον
3194 3197 3287 3252 καὶ
3321 3195 3585 3251 Κώνσταν
3615 3199 3658 3262 ⁸,

2070 3286 2457 3341 ἀποστέλλεται
2479 3289 2544 3339 ἐκ
2579 3286 2689 3339 τῶν
2726 3285 2820 3338 δύο
2843 3284 3105 3356 βασιλέων
3144 3285 3284 3356 μετά
3303 3285 3402 3356 τὴν
3430 3283 3526 3338 τοῦ
3559 3301 3658 3355 με·

2069 3378 2236 3448 γάλου
2259 3377 2668 3432 Κωνσταντίνου
2697 3377 2973 3449 τελευτὴν,
3008 3378 3354 3432 Κωνσαντίου
3383 3377 3535 3441 δντος
3564 3379 3661 3431 ἐπὶ

2069 3469 2167 3540 τῆς
2209 3469 2562 3540 Ἀντιοχείας,
2611 3469 2706 3521 καὶ
2753 3468 3195 3532 συνευδοκοῦντος
3237 3468 3383 3522 ἰδίων
3409 3467 3434 3501 ⁸
3459 3484 3521 3521 τε
3561 3468 3659 3523 καὶ

2071 3561 2364 3632 ἐγγράφων
2422 3560 2752 3614 ἐπιστολῶν·
2811 3560 2965 3633 παρά
3007 3561 3117 3615 τῶν
3167 3560 3336 3632 τριῶν
3389 3559 3659 3630 βασιλέων

2072 3651 2317 3722 ἔγνωμεν
2342 3651 2653 3723 γραφεισῶν
2684 3655 2796 3714 τοῖς
2820 3652 3227 3725 ’Λλεξανδρεῦσι
3260 3652 3356 3706 καὶ
3397 3652 3549 3722 αὐτῷ
3581 3651 3662 3721 τῷ

380 3749 540 3820 πάπᾳ
569 3747 898 3818 Ἀθανασίῳ·
933 3747 1027 3801 καὶ
1065 3745 1350 3811 καθέζεται
1397 3745 1558 3800 πάλιν
1599 3747 1679 3809 είς
1714 3746 1808 3798 τὸν
1854 3747 2042 3819 θρόνον
2089 3749 2225 3820 μετὰ
2271 3750 2363 3802 τὸν
2405 3747 2782 3820 διαδεξάμενον
2831 3749 2994 3803 αὐτὸν
3052 3749 3159 3802 ὑπὸ
3215 3749 3324 3802 τῶν
3364 3747 3662 3821 Ἀρειανῶν

380 3840 701 3912 πεμφθέντα
733 3839 1053 3911 Γρηγόριον,
1091 3838 1179 3891 ὅτε
1212 3833 1280 3909 ἦν
1322 3839 1379 3890 ὲν
1427 3839 1490 3908 τῇ
1527 3836 1713 3909 ὲξορίᾳ
1746 3835 2088 3906 Ἀθανάσιος.

455 3931 544 3986 XI.
581 3929 686 3986 Sed
733 3946 954 3986 rursum
996 3944 1151 3984 nova:
1183 3929 1260 3983 illi
1295 3928 1472 3983 turbae
1520 3942 1584 3982 ac
1619 3929 1909 3986 calumniae
1935 3947 1966 3986 a

384 4024 666 4095 Stephano
697 4023 927 4094 ejusque
977 4021 1206 4078 asseclis
1241 4020 1384 4092 apud
1417 4019 1801 4077 Constantium
1835 4038 1971 4079 con-

381 4113 542 4180 ﬂata-3,
576 4115 778 4184 quibus
805 4114 986 4168 denuo
1015 4111 1083 4167 de
1111 4112 1241 4167 sede
1264 4125 1362 4168 sua
1393 4113 1586 4182 pulsus
1613 4120 1718 4168 est.
1752 4113 1974 4169 lterum-

380 4223 490 4278 que
519 4206 785 4262 Leontius
813 4207 1102 4262 eunuchus
1130 4205 1285 4259 illum
1312 4219 1437 4258 cum
1473 4203 1592 4258 suis
1631 4205 1734 4258 alia
1765 4204 1974 4258 machi-

384 4301 609 4354 natione
644 4299 880 4369 pcreulit
903 4338 916 4362 ,
950 4313 1047 4368 per
1081 4311 1244 4367 quam
1284 4295 1493 4366 ejectus
1524 4335 1538 4361 ,
1571 4310 1635 4351 ac
1661 4295 1858 4351 deinde
1883 4311 1972 4350 re-

385 4394 612 4448 stitutus
662 4399 791 4457 est;
833 4405 961 4445 nam
1030 4403 1154 4443 cum
1205 4387 1475 4458 Georgius
1531 4401 1561 4440 a
1614 4387 1976 4443 Constantino

2132 3933 2234 3987 lA'.
2263 3932 2432 3986 Πάλιν
2455 3933 2510 3986 δὲ
2540 3931 2942 4004 συνεσκευάσθη
2972 3932 3108 4004 πρὸς
3142 3934 3520 3989 Κωνστάντιον
3551 3936 3661 3988 ἀπὸ

2072 4023 2182 4078 τῶν
2231 4026 2359 4095 περὶ
2409 4023 2700 4094 Στέφανον,
2757 4024 2850 4077 καὶ
2895 4022 3168 4094 ἐξεώσθη*
3218 4023 3313 4078 καὶ
3361 4025 3659 4094 μετέπειτα

2077 4114 2241 4169 πάλιν
2275 4115 2677 4186 συνεσκευάσθη
2704 4115 2811 4168 ἀπὸ
2838 4114 2946 4169 τῶν
2976 4116 3105 4187 ’περὶ⁸
3137 4115 3385 4169 Λεόντιον
3409 4115 3500 4169 τὸν
3525 4116 3658 4171 ἀπό-

2079 4224 2268 4272 κοπον,
2296 4209 2391 4262 καὶ
2440 4209 2565 4273 τοὺς
2603 4209 2720 4279 ἅμα
2764 4209 2968 4273 αὐτοῖς.
3002 4208 3194 4263 Ἔνθεν
3243 4210 3452 4278 ὲγίνετο
3500 4211 3660 4264 αὑτὸν

2081 4299 2457 4363 ἐκϐάλλεσθαι,
2493 4301 2588 4354 καὶ
2630 4301 2792 4354 πάλιν
2834 4302 3201 4373 εἰσφέρεσθαι.
3243 4300 3512 4374 Γεώργιος
3553 4303 3659 4374 γὰρ

2082 4391 2186 4444 ὑπὸ
2214 4391 2588 4445 Κωνσταντίου
2631 4392 3040 4460 ἀποστέλλεται,
3076 4394 3169 4446 καὶ
3197 4393 3472 4464 ὑποχωρεί
3507 4395 3654 4447 Ἀθα-

388 4483 594 4538 missus
620 4491 804 4548 esset,
847 4479 1188 4534 Athanasius
1239 4478 1368 4550 fuga
1401 4494 1461 4534 se
1499 4477 1813 4534 subducens
1868 4479 1964 4533 ali-

2077 4483 2279 4549 νάσιος,
2329 4483 2551 4555 κρυόεις
2593 4483 2782 4555 χρόνον
2823 4485 2963 4547 τινὰ,
3015 4485 3119 4550 ἕως
3158 4487 3245 4539 ὅτε
3302 4488 3330 4538 ὁ
3388 4485 3658 4558 Γεώργιος

384 4575 631 4646 quandiu
663 4573 920 4637 delituit,
957 4572 1133 4627 donec
1165 4569 1437 4642 Georgius
1485 4570 1806 4628 interfectus
1845 4580 1929 4628 est
1958 4591 1969 4626 :

384 4680 498 4736 quo
549 4674 790 4735 tempore
837 4663 1092 4719 Julianus
1141 4663 1486 4735 imperabat,
1532 4663 1624 4734 qui
1660 4671 1784 4734 post
1829 4664 1974 4719 Con-

388 4755 582 4813 stantii
615 4755 824 4810 obitum
874 4754 942 4810 ad
980 4755 1264 4825 gentilium
1305 4756 1753 4826 superstitionem
1794 4755 1976 4810 desci-

387 4860 564 4908 verat.
619 4850 833 4906 Etenim
871 4848 1231 4905 Alexandrini
1267 4847 1561 4920 Georgium
1606 4855 1788 4902 vetere
1821 4847 1876 4900 in
1909 4847 1975 4901 il-

389 4948 502 5001 lum
544 4944 670 4999 odio
713 4951 1011 5014 concepto,
1043 4942 1290 4998 occisum
1334 4946 1794 5003 concremarunt,
1825 4938 1975 5007 ejus-

388 5055 497 5112 que
548 5039 763 5094 cinercs
811 5038 868 5092 in
919 5043 1114 5091 ventos
1152 5043 1496 5106 sparserunt.
1529 5031 1724 5088 Postea
1753 5031 1974 5086 Juliano

392 5137 445 5188 in
477 5132 704 5188 Perside
747 5139 987 5197 mortuo,
1022 5128 1288 5187 Iovianus
1328 5127 1505 5184 felicis
1539 5125 1811 5180 memoriae
1843 5139 1971 5179 suc-

387 5227 577 5283 cessit.
603 5225 706 5293 Qui
739 5223 1338 5288 honorificentissimis,
1369 5220 1604 5290 fideique
1635 5217 1970 5288 plenissimis

2079 4575 2348 4648 ἀνῃρέθη·
2400 4576 2458 4627 ὲν
2504 4569 2548 4643 ᾧ
2599 4577 2772 4646 χρόνῳ
2829 4577 3175 4631 ἐϐασίλευσεν
3222 4579 3527 4644 Ἰουλιανὸς,
3567 4583 3658 4634 καὶ

2081 4669 2160 4731 είς
2205 4666 2554 4736 Ἐλληνισμὸν
2609 4668 2820 4740 ἐτράπη
2875 4669 3012 4740 μετά
3053 4670 3152 4741 τὴν
3201 4670 3458 4742 τελευτὴν
3509 4674 3658 4726 Κων-

2083 4757 2350 4812 σταντίουο
2391 4757 2780 4831 Ἀλεξανδρέων
2820 4759 2925 4831 γὰρ
2977 4762 3137 4833 μῆνιν
3183 4764 3540 4834 τηρησάντων
3584 4764 3657 4834 τῷ

2080 4847 2358 4922 Γεωργίῳ,
2406 4849 2591 4904 τοῦτον
2642 4853 3002 4918 ἀπέκτειναν,
3049 4854 3144 4906 καὶ
3187 4854 3522 4919 καύσαντες,
3570 4858 3656 4910 καὶ

2080 4941 2284 5012 τέφραν
2314 4942 2656 5013 ποιήσαντες,
2692 4945 2770 5007 είς
2822 4944 3055 5015 ἀνέμους
3097 4947 3446 5018 ὲσκόρπισαν.
3502 4949 3656 5001 Ἀπο-

2082 5035 2326 5100 θανόντος
2347 5036 2401 5090 δὲ
2425 5036 2518 5090 τοῦ
2549 5037 2834 5090 Ἰουλιανοῦ
2862 5039 2917 5091 ὲν
2939 5041 3004 5109 τῇ
3030 5039 3270 5110 Περσίδι,
3297 5041 3390 5093 καὶ
3415 5041 3655 5108 διαδεξα-

2082 5129 2242 5198 μένου
2284 5128 2345 5182 τὸ
2396 5129 2663 5199 βασίλειον
2701 5128 2956 5182 Ἰοὸιανοῦ
3001 5130 3096 5183 τοῦ
3147 5133 3475 5205 μακαρίτου,
3525 5134 3654 5204 μετά

2079 5219 2278 5290 πολλῆς
2322 5221 2512 5292 τιμῆς.
2548 5221 2643 5274 καὶ
2686 5221 3016 5286 ἀξιοπίστων
3047 5225 3389 5294 γραμμάτων
3416 5227 3652 5297 γράψαν-

465 5367 478 5396 ¹
511 5365 572 5419 F.
605 5365 826 5437 ἀπορία.
899 5365 920 5396 ¹
954 5362 1015 5418 l“.
1051 5363 1459 5419 Κωνσταντῖνον
1484 5357 1883 5425 Κωνστάντιον,
1911 5375 1964 5414 κς

2071 5337 2286 5415 ,ώνσταν
2319 5377 2334 5426 ;
2367 5359 2464 5416 sed
2503 5359 2618 5414 haec
2641 5369 2920 5429 corrupta.
2997 5358 3018 5390 ³
3041 5357 3102 5414 F.
3137 5359 3212 5424 ώς
3240 5357 3300 5424 ἐξ
3325 5360 3390 5415 ίδ.

465 5520 578 5593 (6|)
611 5521 717 5576 Καὶ
735 5522 902 5591 μένει
937 5521 1008 5575 ἐν
1033 5521 1158 5586 τοῖς
1191 5519 1534 5593 μέρεσιᾼτῆς
1565 5518 1833 5593 Ἰταλίας.
1865 5515 1970 5574 Ne-

393 5590 499 5663 que
540 5593 670 5647 illud
703 5590 890 5646 verum
920 5599 1027 5653 est.
1081 5601 1163 5646 tot
1197 5590 1374 5646 annos
1404 5591 1458 5644 in
1483 5590 1674 5645 Galliis
1705 5590 1969 5656 hazsisse;

396 5679 505 5718 non
564 5663 706 5716 enim
766 5663 1002 5732 amplius
1059 5678 1222 5732 quam
1280 5677 1570 5732 annosﬂn,
1631 5675 1846 5732 menses
1884 5675 1966 5732 tv,

392 5733 682 5793 exsulavit,
713 5741 770 5785 ut
801 5729 1027 5788 testatur
1050 5729 1740 5788 ThcodoretusNideAnn.
1765 5729 1968 5786 Eccles.

374 5806 616 5877 .an.558.
649 5802 872 5874 Reliqua
909 5803 1246 5862 narrationis
1279 5803 1464 5876 hujus,
1495 5819 1615 5875 qua:
1641 5818 1695 5857 tn
1719 5802 1970 5874 sequenti

2078 5533 2309 5574 numero
2361 5517 2504 5570 haud
2538 5516 2753 5572 sincera
2785 5525 2938 5580 sunt,
2973 5515 3232 5572 Historiis
3266 5517 3650 5574 ecclesiasticis

2078 5598 2132 5643 et
2168 5587 2462 5643 Annalibus
2520 5587 2843 5643 Barouianis
2884 5589 3004 5642 luce
3053 5587 3289 5641 clariora
3343 5597 3495 5644 sunt.
3526 5588 3651 5654 Quae

2079 5668 2136 5712 tu
2166 5661 2316 5712 illinc
2343 5666 2575 5726 repetes.
2612 5656 2728 5711 Sub
2768 5657 3130 5728 Constantino
3163 5660 3498 5728 imperatore
3530 5667 3651 5713 ante

2076 5729 2468 5804 relegationem
2518 5728 2828 5804 Athanasii,
2864 5727 3082 5786 Arsenii
3144 5727 3340 5784 dratua
3404 5729 3652 5804 contigit,

2077 5816 2186 5854 non
2223 5807 2345 5871 post
2379 5799 2528 5855 illius
2565 5800 2794 5854 obitum.
