3994 6226
431 377 535 435 207

1812 367 1867 424 S.
1909 367 2246 425 EPIPHANII

3567 375 3678 430 298

429 496 828 568 hemipltorium
858 495 1204 550 ctcolobium
1236 493 1459 548 indutus
1500 492 1555 547 in
1595 491 1886 562 colloquiis
1930 508 1991 546 ac

2100 494 2454 568 προσηγορίᾳ,
2486 495 2687 549 πείθων
2715 496 2798 550 ἀεὶ
2823 497 3000 568 ψυχὰς
3027 497 3123 549 καὶ
3153 494 3434 550 θωπεύων.
3473 496 3678 568 Διόπερ

431 587 853 646 salutationibus
910 585 1142 640 blandus
1179 593 1300 642 erat
1341 585 1629 655 inprimis,
1681 592 1842 654 atque
1881 599 1998 637 om-

430 682 578 735 nium
624 679 836 733 animos
880 676 1254 731 adulationum
1288 677 1558 731 illecebris
1586 675 1868 729 devinctos
1914 665 2034 729 te?

431 771 612 827 nebat.
659 769 838 835 Quare
879 769 1026 823 brevi
1065 768 1440 838 septingentas
1489 765 1602 822 fere
1639 766 1751 821 Deo
1799 782 1997 822 conse-

429 871 611 917 cratas
662 860 904 930 virgines
949 859 1018 913 ab
1066 857 1309 915 Ecclesia
1369 859 1671 914 abstractas
1720 859 1773 912 in
1830 873 1996 916 unum

427 954 628 1024 coegit.
676 950 896 1006 Addunt
934 957 989 1005 et
1037 949 1384 1020 presbyteros
1435 949 1501 1004 ab
1544 965 1610 1005 co
1653 957 1881 1019 septem,
1933 964 1998 1004 ac

428 1041 715 1096 duodecim
765 1038 1026 1093 diaconos
1072 1037 1358 1094 abductos.
1403 1035 1711 1102 Quinetiam
1766 1035 1998 1090 subinde

429 1129 746 1201 pestiferum
778 1129 924 1184 illius
952 1128 1105 1182 virus
1127 1127 1196 1180 ad
1221 1127 1509 1198 episcopos
1532 1141 1708 1196 usque
1731 1126 1993 1196 pervasit.

427 1223 564 1279 Nam
613 1220 924 1277 Secundum
968 1217 1441 1289 Pentapolitanum
1483 1219 1800 1288 episcopum
1871 1231 1996 1270 cum

428 1316 550 1370 aliis
579 1314 857 1370 nonnullis
883 1313 936 1366 in
958 1319 1142 1382 partes
1167 1326 1298 1366 suas
1329 1311 1630 1382 pertraxit;
1667 1325 1788 1379 qua:
1812 1309 1993 1362 omnia

428 1409 568 1461 clam
619 1405 777 1460 beato
823 1404 1137 1458 Alexandro
1186 1401 1443 1471 episcopo
1472 1401 1527 1455 in
1553 1400 1796 1455 Ecclesia
1840 1413 1996 1471 gere-

428 1497 866 1554 bantur:donec
912 1494 1171 1551 Meletius
1193 1491 1488 1547 Thebaidis
1523 1492 1578 1546 in
1619 1490 1857 1562 IEgypto
1905 1505 1996 1544 ar-

427 1587 833 1658 chiepiscopus,
911 1595 970 1641 ut
1013 1600 1178 1655 supra
1218 1584 1330 1638 dixi
1364 1575 1626 1652 (necdum
1659 1581 1803 1638 enim
1836 1580 1998 1636 Mele-

427 1680 574 1733 tiaua
619 1677 783 1733 factio
827 1677 881 1732 iu
917 1675 1148 1732 hostiles
1172 1680 1226 1731 et
1263 1673 1632 1743 implacabiles
1683 1671 1996 1727 inimicitias

427 1777 682 1840 eruperat
729 1788 743 1825 :
783 1770 870 1824 hic
917 1768 1084 1840 igitur
1125 1767 1322 1823 ardore
1365 1763 1994 1840 pietatisinﬂammatus,

427 1875 551 1915 cum
582 1860 717 1916 nihil
750 1874 779 1914 a
823 1867 969 1914 recta
1003 1857 1107 1914 fide
1136 1859 1374 1914 alienum
1415 1865 1471 1913 et
1515 1857 1820 1912 abhorrens
1854 1866 1997 1912 tene-

429 1959 529 2015 ret,
587 1950 682 2008 sed
731 1951 846 2006 sola
895 1949 1156 2006 affectatae
1205 1948 1488 2019 cujusdam
1537 1947 1765 2017 iustitiae
1809 1948 1997 2018 specie

427 2043 688 2108 differret,
721 2057 816 2113 per
851 2055 1013 2112 quam
1044 2039 1422 2105 nihilominus,
1463 2046 1522 2094 ut
1557 2045 1715 2094 antea
1752 2053 1875 2092 cum
1909 2037 1998 2092 ad-

427 2153 618 2194 versus
643 2150 768 2191 eum
798 2133 1202 2204 disputaremus
1231 2131 1592 2195 ostendimus,
1627 2143 1882 2202 magnum
1905 2143 1999 2184 or-

425 2229 478 2284 bi
511 2235 778 2283 terrarum
811 2225 1037 2282 exitium
1063 2223 1250 2280 attulit
1283 2241 1298 2278 :
1341 2230 1456 2278 tum
1501 2236 1630 2277 vero
1657 2223 1703 2276 is
1735 2221 1851 2292 ipse
1884 2219 1995 2275 hle-

427 2319 586 2374 lctius
612 2316 1056 2388 archiepiscopus
1084 2315 1137 2370 iu
1164 2313 1422 2385 Egypto,
1449 2321 1504 2368 et
1529 2312 1840 2368 Alexandro
1870 2311 1996 2368 sub-

423 2413 636 2483 jectus,
685 2425 801 2466 rem
857 2424 1072 2465 omnem
1125 2408 1192 2463 ad
1245 2405 1537 2462 Alexandri
1595 2404 1994 2476 archiepiscopi

425 2520 587 2560 aures
623 2502 835 2560 detulit.
867 2500 988 2557 lam
1018 2509 1200 2556 autem
1245 2499 1486 2554 diximus
1513 2497 1789 2553 Meletium
1825 2497 1992 2554 istum

426 2594 484 2650 Β.
517 2593 661 2649 Petri
707 2591 948 2662 episcopi
978 2599 1033 2645 ct
1065 2588 1326 2660 martyris
1363 2588 1630 2658 aequalem
1670 2587 1856 2642 fuisse.
1890 2585 1995 2652 Qui

425 2699 553 2740 cum
579 2684 692 2740 Arii
726 2682 971 2738 facinora
1017 2679 1200 2735 omnia
1235 2680 1620 2751 significasset,
1653 2677 1910 2732 nimirum
1941 2684 1995 2731 ct

425 2793 460 2835 a
480 2777 710 2834 veritate
731 2775 880 2830 illum
914 2773 1190 2838 aberrare,
1216 2786 1281 2826 ac
1303 2772 1593 2842 plerosque
1622 2770 1691 2825 ab
1711 2777 1857 2825 recta
1891 2767 1995 2824 fide

424 2886 528 2928 sua
558 2869 916 2941 persuasione
957 2867 1282 2938 depravatos
1319 2871 1374 2919 et
1418 2863 1732 2934 inquinatos
1769 2862 1821 2916 in
1880 2861 1993 2918 exi-

427 2963 562 3018 tium
586 2960 824 3022 trahere,
850 2955 1154 3012 Alexander
1190 2953 1381 3008 Arium
1417 2954 1482 3006 ad
1508 2968 1630 3008 sese
1665 2967 1867 3008 vocans
1902 2966 1994 3006 ec-

424 3053 554 3125 quid
591 3051 666 3106 ita
695 3063 814 3106 sese
844 3063 930 3104 res
961 3047 1185 3102 haberet
1213 3044 1534 3114 interrogat.
1571 3042 1710 3098 Tum
1739 3043 1829 3099 ille
1857 3042 1994 3096 nihil

2101 583 2296 638 αὑτίκα
2327 585 2488 655 μάλα·
2515 587 2566 640 τί
2600 585 2708 656 γὰρ
2737 587 2849 640 ἀλλ’
2879 588 2911 658 ἢ
2945 586 3276 650 ἑπτακοσίας
3305 584 3674 657 παρθενετεοὺ-

2103 693 2200 739 σας
2225 675 2312 729 τὸν
2340 676 2570 749 ἀριθμὸν
2601 678 2699 748 τῆς
2739 678 3064 750 Ἐκκλησίας
3088 677 3193 731 ὑπὸ
3221 676 3278 732 ἓν
3306 677 3635 748 παρείλκυσε
3658 695 3673 743 ;

2099 769 2191 821 καὶ
2219 770 2534 824 ἀποσπᾶσαι
2580 770 2671 823 τὸν
2710 770 2870 825 αὐτὸν
2914 771 3024 841 ἔχει
3073 770 3230 839 λόγος
3273 771 3678 842 πρεσϐυτέρως

2098 877 2155 913 τε
2177 860 2315 915 ἑπτὰ
2363 863 2456 915 καὶ
2488 861 2767 926 διακόνους
2787 861 3012 917 δώδεκα.
3048 864 3207 934 Ἄχρι
3239 863 3295 917 δὲ
3334 863 3428 916 καὶ
3452 863 3677 916 ἐπισκό-

2097 969 2216 1006 πων
2257 952 2416 1015 εὐθὺς
2457 953 2657 1022 ἔφθασε
2700 954 2762 1007 τὸ
2812 953 2975 1008 αὑτοῦ
3003 954 3343 1027 δηλητήριον.
3385 955 3680 1009 Σεκοῦνδον

2096 1043 2206 1113 γὰρ
2227 1044 2317 1096 τὸν
2361 1044 2746 1108 Πενταπόλεως
2779 1044 2914 1116 (72),
2949 1046 3044 1099 καὶ¹
3085 1045 3276 1110 ἀλλους
3308 1045 3522 1099 ἔπεισεν
3559 1047 3676 1116 ἅμα

2097 1135 2246 1206 αὐτῷ
2273 1135 2702 1206 συναπαχθῆναι.
2746 1137 2983 1205 Ἐγίνετο
3031 1137 3087 1190 δὲ
3132 1138 3305 1192 ταῦτα
3345 1138 3402 1190 ἐν
3433 1140 3499 1208 τῇ
3549 1138 3675 1190 Ἐκ·

2098 1227 2312 1299 κλησία,
2353 1227 2672 1298 ἀγνοοῦντος
2710 1228 2806 1283 τοῦ
2853 1229 3125 1300 μακαρίου
3182 1227 3530 1299 Ἀλεξάνδρου
3578 1226 3675 1280 τοῦ

2096 1320 2414 1386 ἐπισκόπου,
2455 1320 2559 1384 ἕως
2597 1323 2685 1374 ὅτε
2741 1320 3010 1392 Μελήτιος
3051 1320 3080 1373 6
3115 1319 3214 1390 τῆς
3244 1317 3518 1388 Αἰγύπτου
3566 1317 3679 1372 ἀπὺ

2096 1409 2358 1480 Θηϐαΐδος
2401 1410 2573 1464 δοκῶν
2612 1405 2771 1475 εἶναι,
2807 1411 2902 1464 καὶ
2929 1409 3089 1473 αὐτὸς
3129 1408 3586 1480 ἀρχιεπίσκοπος,
3644 1408 3678 1460 6

2095 1503 2194 1574 ἥδη
2227 1521 2317 1573 μοι
2343 1503 2754 1574 προειρημένος·
2785 1501 2937 1556 οὔπω
2956 1502 3065 1573 γὰρ
3095 1501 3166 1555 τά
3197 1493 3338 1555 κατά
3366 1501 3459 1553 τὸν
3487 1499 3676 1570 Μελή-

2094 1609 2210 1646 τιον
2247 1594 2327 1658 είς
2367 1593 2568 1665 έχθραν
2610 1594 2840 1658 ἀτοπίας
2873 1594 3123 1665 ἐλήλακεο
3165 1592 3313 1664 ζήλῳ
3354 1591 3532 1646 τοίνυν
3583 1593 3677 1644 ὲνο

2096 1683 2273 1756 εχθεὶς
2297 1687 2324 1740 6
2347 1685 2634 1757 Μελήτιος·
2661 1684 2812 1740 οὐδὲν
2843 1684 2952 1756 γὰρ
2979 1681 3046 1756 ἦν
3073 1683 3460 1755 διηλλαγμένος
3479 1685 3545 1754 τῇ
3578 1683 3676 1736 πί-

2099 1789 2213 1827 στει
2257 1773 2291 1844 ἢ
2338 1773 2497 1845 μόνον
2536 1775 2879 1845 προσχήματι
2905 1771 3441 1843 ’ὲθελοδικαιοσύνης,
3479 1772 3618 1842 ὅπερ
3656 1773 3672 1803 ¹

2100 1866 2195 1920 καὶ
2225 1865 2387 1929 αὐτὸς
2415 1865 2588 1919 δεινόν
2611 1883 2663 1920 τι
2684 1865 3052 1937 ἑπειργάσατο
3077 1863 3156 1934 τῷ
3180 1862 3300 1936 βίῳ,
3341 1864 3418 1928 ὡς
3448 1863 3550 1935 ήδη
3579 1865 3678 1920 καὶ

2099 1958 2227 2030 περὶ
2245 1957 2409 2013 αὐτοῦ
2430 1958 2672 2029 εἴπομεν.
2711 1958 3002 2028 Ἀνήνεγκε
3029 1960 3204 2011 τοίνυν
3232 1957 3312 2021 είς
3331 1957 3400 2011 τά
3433 1950 3549 2012 ὦτα
3579 1955 3675 2012 τοῦ

2098 2048 2525 2120 ἀρχιεπισκόπου
2569 2049 2920 2121 Ἀλεξάνδρου
2964 2051 2992 2104 6
3029 2048 3457 2120 ἀρχιεπίσκοπος
3485 2049 3673 2119 Μελή-

2097 2155 2210 2202 τιος
2238 2140 2267 2192 6
2287 2139 2428 2193 κατά
2451 2139 2550 2211 τὴν
2577 2141 2867 2209 Αἴγυπτον,
2893 2138 2999 2194 ὑπὸ
3035 2138 3090 2192 δὲ
3123 2139 3280 2209 χεῖρα
3324 2137 3674 2210 Ἀλεξάνδρου

2097 2231 2270 2286 ἐδόκει
2305 2225 2464 2288 ε’ναι.
2507 2231 2807 2304 Σύγχρονος
2845 2232 2904 2286 δὲ
2928 2225 3080 2294 οὗτος
3114 2231 3144 2282 6
3170 2228 3437 2300 Μελήτιος
3481 2229 3674 2297 γέγονε

2097 2321 2306 2394 Πέτρου
2340 2323 2434 2376 τοῦ
2469 2323 2766 2393 μακαρίτου
2797 2321 3099 2376 ἐπισκόπου
3129 2319 3233 2398 ικαὶ
3267 2319 3562 2390 μάρτυρος,
3596 2318 3676 2382 ὡς

2096 2414 2252 2484 ἔφην.
2294 2414 2382 2476 Ὠς
2407 2409 2500 2467 οὖν
2530 2415 2768 2485 ὲσήμανε
2808 2413 2876 2467 τά
2915 2413 3054 2468 κατά
3081 2412 3173 2467 τὸν
3212 2411 3426 2484 Ἀρειον
3467 2411 3674 2475 πάντα,

2096 2505 2172 2568 ὡς
2197 2504 2352 2568 ἐκτὸς
2381 2503 2580 2576 βέϐηκε
2609 2506 2706 2575 τῆς
2736 2502 3014 2574 ἀληθείας,
3037 2504 3130 2556 καὶ
3153 2502 3230 2566 ὡς
3260 2501 3486 2564 πολλοὺς
3506 2501 3670 2572 ἔχρα-

2096 2613 2154 2650 νε
2179 2596 2274 2649 καὶ
2300 2596 2582 2665 ἠφάνισεν,
2617 2594 2952 2666 ὑποφθείρας
2975 2594 3083 2649 ἀπὸ
3103 2593 3203 2665 τῆς
3231 2592 3396 2664 ὀρθῆς
3435 2590 3676 2655 πίστεως

2095 2686 2219 2748 τοὺς
2244 2684 2390 2756 αὑτῷ
2422 2684 2761 2748 πεισθέντας,
2798 2684 2920 2738 τότε
2966 2682 3453 2754 μεταστειλάμενος
3493 2681 3522 2734 ὀ
3557 2681 3677 2734 ἐπίρ-

2097 2792 2297 2839 σκοπος
2341 2775 2502 2830 αὑτὸν
2546 2775 2637 2828 τὸν
2674 2777 2910 2848 Ἀρειον,
2945 2774 3133 2846 ἠρώτα
3163 2775 3292 2846 περὶ
3329 2773 3435 2828 τῶν
3476 2773 3677 2844 ὲνηχη-

2096 2865 2316 2927 θέντων,
2351 2863 2606 2935 εί-ταῢτα
2638 2864 2810 2927 οὕτως
2852 2863 2987 2935 ἔχει.
3032 2863 3090 2917 Ὀ
3121 2863 3180 2917 δὲ
3215 2861 3338 2916 οὕτε
3371 2861 3674 2924 έδίστασεν,

2095 2954 2216 3008 οὔτε
2243 2953 2553 3020 ὲδειλίασεν,
2577 2954 2691 3009 ἀλλ’
2723 2954 2782 3020 ἐξ
2809 2955 3056 3026 ὑπαρχῆς
3085 2953 3429 3025 παρατρίψας
3458 2952 3518 3005 τὸ
3545 2951 3675 3022 μέτ-

2093 3065 2262 3115 ωπον,
2303 3049 2400 3122 τὴν
2444 3049 2622 3102 πᾶσαν
2653 3047 2816 3102 αὐτοῦ
2867 3046 3099 3118 ὲξήμεσε
3133 3045 3467 3109 κακοδοξίαν,
3501 3044 3578 3106 ὼς
3613 3043 3673 3096 αἱ

426 3145 833 3215 tergiversatus,
885 3149 980 3196 aut
1023 3145 1338 3200 cunctatus,
1377 3138 1562 3192 statim
1608 3136 1843 3192 frontem
1877 3151 1991 3206 per-

2097 3141 2259 3196 αὑτοῦ
2289 3139 2566 3194 ἐπιστολαὶ
2605 3137 2928 3202 δεικνύουσι,
2965 3138 3058 3192 καὶ
3101 3137 3136 3210 ἡ
3179 3139 3297 3192 κατ’
3324 3135 3486 3190 αὐτὸν
3517 3151 3674 3204 γενο-

425 3232 631 3287 fricans
673 3245 893 3301 pravam
925 3243 1140 3284 omnem
1177 3241 1334 3283 suam
1375 3225 1685 3296 opinionem
1727 3223 1989 3288 evomuit,

427 3334 488 3378 ut
531 3339 597 3378 ex
629 3323 801 3392 ipsius
839 3321 1109 3392 epistolis.
1149 3326 1206 3374 et
1243 3317 1383 3394 actis
1429 3317 1576 3372 illius
1617 3315 1994 3386 inquisitionis

423 3420 664 3470 constat.
696 3411 1056 3479 Quamobrem
1105 3410 1411 3465 Alexander
1439 3407 1624 3463 habito
1655 3407 1996 3478 presbytero-

427 3521 548 3560 rum
580 3518 642 3558 ac
667 3502 1026 3574 quorumdam
1081 3500 1461 3570 episcoporum
1493 3499 1584 3567 qui
1615 3497 1841 3552 aderant
1869 3511 1996 3550 con-

425 3608 612 3665 tentu,
636 3597 702 3652 de
721 3611 788 3652 eo
817 3595 1172 3666 quaestionem
1201 3593 1360 3647 habet
1387 3606 1451 3646 ac
1471 3591 1762 3662 diligenter
1785 3593 1992 3647 exami-

425 3700 538 3746 nat.
589 3688 724 3743 Tum
771 3685 988 3742 veritati
1040 3685 1232 3740 cedere
1284 3684 1672 3740 detrectantem
1727 3683 1879 3754 ejicit
1925 3699 1990 3739 ex

427 3781 694 3845 Ecclesia,
741 3793 805 3834 ac
833 3784 949 3832 tota
992 3776 1208 3831 civitate
1254 3773 1582 3844 proscribit;
1623 3787 1745 3828 cum
1785 3787 1894 3842 quo
1938 3783 1990 3829 et

430 3875 670 3947 virgines
697 3871 823 3936 illae,
857 3883 920 3925 ac
951 3867 1160 3931 clerici,
1190 3879 1327 3936 quos
1359 3873 1517 3919 antea
1546 3864 1989 3931 commemoravi,

425 3983 548 4024 cum
593 3965 800 4034 reliqua
846 3959 1192 4016 multitudine
1237 3956 1382 4012 haud
1411 3955 1607 4026 exigua
1649 3955 1716 4011 ab
1743 3953 1990 4012 Ecclesia

425 4055 672 4114 distracti
704 4060 852 4109 sunt.

492 4147 654 4219 73o
691 4143 777 4199 IV.
821 4141 959 4197 Hinc
1003 4139 1134 4194 Ario
1160 4138 1458 4210 longiorem
1513 4138 1566 4192 in
1614 4137 1747 4192 urbe
1779 4151 1988 4190 moram

425 4241 690 4300 trahente,
713 4236 943 4292 moritur
971 4231 1254 4289 confessor
1286 4231 1530 4287 Meletius
1567 4237 1618 4286 et
1652 4237 1878 4300 martyr.
1907 4228 1990 4282 ln-

423 4333 580 4387 terim
614 4329 776 4384 Arius
799 4327 1092 4384 divortium
1120 4339 1184 4378 ac
1213 4323 1502 4378 dissidium
1531 4321 1733 4391 ubique
1757 4319 1988 4387 faciens,

2101 3234 2234 3305 μένη
2264 3233 2384 3287 τότε
2419 3232 2681 3298 ἐξέτασις.
2708 3231 3062 3300 Συγηλεῖται
3087 3230 3262 3284 τοίνυν
3285 3228 3344 3282 τὸ
3369 3225 3666 3299 πρεσσυτέ-

2097 3342 2210 3396 ριον
2261 3327 2289 3378 6
2343 3323 2706 3395 Ἀλέξανδρος,
2739 3324 2834 3378 καὶ
2884 3321 3077 3387 ἀλλους
3128 3320 3280 3384 τινὰς
3329 3319 3667 3382 ἐπισκόπους

2095 3416 2386 3486 παρόντας,
2423 3415 2517 3469 καὶ
2541 3414 2793 3469 ἀνέτασιν
2822 3413 3010 3468 τούτου
3041 3416 3273 3467 ποιεῖται
3311 3411 3403 3465 καὶ
3437 3411 3672 3480 ἀνάκρι-

2096 3525 2199 3562 σιν.
2229 3507 2316 3571 Ὠς
2347 3507 2404 3560 δὲ
2431 3508 2530 3561 οὐκ
2558 3505 2783 3578 ἐπείσθη
2815 3508 2879 3577 τῇ
2907 3503 3154 3576 ἀληθεία,
3195 3503 3334 3568 ὲξεοί
3365 3502 3528 3555 αὑτὸν
3564 3500 3669 3570 τῆς

2106 3598 2448 3670 Ἐκκλησίας,
2481 3600 2575 3652 καὶ
2607 3599 2943 3670 ὲκκήρυκτον
2974 3599 3116 3650 ποιεῖ
3147 3598 3205 3650 έν
3242 3597 3308 3666 τῇ
3339 3594 3512 3647 πόλει.
3562 3594 3672 3646 Σὺν

2092 3689 2240 3758 αὺτῷ
2266 3688 2324 3742 δὲ
2349 3687 2780 3758 ἀπεσπάσθησαν
2801 3689 2858 3741 αἱ
2885 3686 3277 3758 προειρημέναι
3310 3682 3674 3756 παρθενεύου-

2093 3799 2204 3840 σαι.
2243 3782 2336 3834 καὶ
2367 3779 2617 3852 κληρικοὶ
2655 3781 2705 3834 oi
2746 3778 3152 3852 προειρημένοι,
3186 3776 3282 3832 καὶ
3325 3775 3479 3847 ὄχλος
3508 3773 3672 3838 ἄλλος

2092 3871 2277 3936 πολύς.
3003 3880 3009 3885 ’

2159 4136 2229 4190 Δ’.
2268 4134 2638 4206 Διατρίδοντος
2673 4133 2729 4187 δι
2773 4131 2982 4206 Ἀρείου
3042 4130 3208 4185 πολὺν
3255 4129 3444 4202 χρόνον
3486 4131 3545 4184 ὲν
3591 4131 3662 4201 τῇ

2090 4230 2262 4295 πόλει,
2326 4228 2485 4292 εὐθὺς
2534 4226 2757 4298 τελευτᾷ
2798 4227 2826 4278 6
2856 4222 3188 4296 ὁμολογητὴς
3226 4223 3336 4292 (75)
3385 4220 3662 4292 Μελήτιος

2091 4320 2183 4373 καὶ
2223 4320 2450 4392 μάρτυς.
2491 4318 2774 4388 Σχίσματα
2819 4312 2911 4370 οὖν
2953 4315 3122 4370 ποιῶν
3158 4315 3186 4368 6
3221 4313 3382 4377 αὐτὸς
3417 4313 3662 4384 ΙἌρειος,

423 4431 477 4478 et
508 4421 563 4476 in
584 4419 1023 4487 uniuscujusque
1053 4416 1271 4468 animos
1302 4413 1501 4466 callide
1531 4427 1653 4467 sese
1692 4411 1987 4465 insinuans

2097 4411 2183 4463 καὶ
2236 4411 2466 4465 ἕκαστον
2513 4407 2890 4470 ὑποκλέπτων,
2943 4405 3169 4469 πολλοὺς
3205 4403 3486 4475 ἠφάνισεν.
3532 4404 3662 4457 Εἰσ-

425 4511 625 4566 multos
655 4483 1076 4579 perdidit.—Scd
1121 4504 1212 4558 ubi
1245 4501 1640 4574 deprehensus,
1667 4509 1722 4555 et
1752 4500 1810 4554 in
1849 4500 1985 4554 urbe

2097 4502 2313 4572 ὑστερον
2333 4501 2411 4566 δὲ,
2432 4500 2618 4572 ἐπειδὴ
2634 4499 2913 4572 ἐφωράθη,
2939 4499 3033 4552 καὶ
3060 4499 3138 4561 εἰς
3159 4495 3376 4566 ἔλεγχον
3403 4491 3569 4568 ἦλθεν
3602 4499 3664 4550 ὲν

422 4601 728 4663 convictus,
765 4605 927 4666 atque
958 4593 1201 4647 oumium
1250 4591 1523 4662 prazconio
1565 4588 1851 4645 traductus
1878 4597 1984 4654 est,

421 4690 746 4747 Alexandria
773 4687 989 4759 fugiens
1015 4686 1067 4740 in
1095 4683 1441 4738 Palaestinam
1461 4682 1612 4736 abiit.
1643 4681 1718 4736 Ibi
1741 4681 1986 4752 singulos

421 4785 706 4855 episcopos
725 4778 896 4840 adire,
916 4783 979 4831 a'c
1005 4789 1284 4848 prensare,
1308 4772 1632 4840 adularique
1662 4771 1852 4840 cmpit,
1875 4785 1986 4841 quo

2081 4596 2147 4664 τῇ
2184 4592 2353 4657 πόλει,
2396 4593 2490 4647 καὶ
2525 4593 2864 4663 ὲκκήρυκτος
2904 4589 3213 4660 γεγένηται,
3271 4587 3663 4660 ἀποδιδράσκει

2081 4683 2189 4736 ἀπὸ
2243 4681 2340 4752 τῆς
2406 4679 2825 4752 Ἀλεξανδρείας,
2877 4681 2971 4734 καὶ
3012 4681 3104 4733 ἐπὶ
3147 4679 3248 4750 τὴν
3290 4677 3659 4750 Παλαιστίνην

2083 4773 2357 4827 στέλλεται
2389 4773 2632 4846 πορείαν.
2669 4776 2765 4836 Ὃς
2797 4772 2965 4825 ἐλθὼν
3003 4768 3410 4843 προσεπέλαζεν
3445 4770 3666 4841 ἑκάστῳ

421 4875 602 4942 plures
635 4870 737 4927 sibi
765 4867 1152 4938 suﬂragatores
1175 4863 1510 4934 adjungeret.
1540 4860 1617 4915 Ex
1645 4861 1731 4916 his
1763 4861 1982 4931 quidam

2097 4865 2186 4918 τῶν
2212 4863 2528 4918 ἐπισκόπων
2560 4863 2698 4936 μετά
2735 4863 2972 4927 θωπείας
3005 4881 3063 4916 τε
3103 4863 3196 4917 καὶ
3227 4861 3538 4924 κολακείας,
3575 4862 3664 4917 ἵνα

417 4969 570 5024 illum
610 4967 955 5033 receperunt,
1004 4957 1096 5011 alii
1135 4970 1261 5012 vero
1300 4954 1638 5025 repulerunt.
1683 4953 1816 5018 Quae
1854 4968 1980 5008 mox

2097 4953 2229 5023 ιὺτῷ
2270 4953 2498 5018 πολλοὺς
2535 4954 2736 5024 ποιήσῃ
2770 4951 3082 5022 συνεργούς.
3125 4950 3237 5005 Καὶ
3269 4950 3513 5020 δέχονται
3563 4948 3664 5019 μὲν

493 5146 510 5174 ¹
547 5139 608 5197 F.
635 5140 807 5211 ὅσπερ
841 5137 923 5194 vel
956 5133 1107 5189 αὐτό.

416 5297 746 5368 respondere
781 5291 954 5368 _dicit_
992 5291 1384 5368 indumentum
1417 5282 1548 5337 illud
1587 5297 1654 5337 ex
1678 5295 1971 5368 ‘purpura,

416 5352 560 5436 quod
587 5382 615 5418 a
650 5364 863 5419 cervice
891 5361 957 5414 ad
980 5369 1184 5436 pectus“
1207 5353 1806 5436 ostentmn'gestabaut
1826 5352 1974 5420 priu-

415 5423 586 5507 t-Tiltcs.
618 5436 757 5504 Ergo
781 5423 1075 5507 propterea
1103 5426 1364 5507 κολόῦιον,
1411 5434 1463 5478 et
1491 5423 1779 5494 ἡμιφόριον
1810 5436 1976 5507 voca-

417 5499 530 5561 tu'm
562 5512 666 5568 est,
694 5499 826 5571 quia
851 5503 1012 5571 justas
1044 5499 1212 5571 vestis
1239 5507 1752 5571 morc_nequaquam
1787 5499 1978 5571 exten-

415 5560 664 5630 debalur.
686 5560 965 5625 A'liud'est
996 5568 1301 5640 ὡμοφόριον
1328 5560 1734 5635 episcoporum,
1771 5560 1838 5615 de
1866 5575 1976 5628 quo

415 5585 662 5630 debalur.
686 5585 842 5625 Aliud
882 5585 965 5624 est
996 5585 1301 5691 ωμοφοριον
1328 5585 1734 5635 episcoporum,
1771 5585 1838 5615 ue
1866 5585 1950 5628 qm

414 5645 717 5702 Germanus
750 5642 1182 5709 Constantinopo
1210 5639 1411 5710 itanuis.
1615 5700 1660 5710 Α,
1856 5695 1896 5710 ﬁ
1941 5697 1950 5710 '

484 5695 965 5786 (ἸξίίίΣέκοῦξξδον
997 5695 1131 5786 ,γὰρ’
1173 5708 1278 5761 τὸν
1323 5700 1792 5786 ῌενταπετιίτηκ.

415 5767 523 5842 iste
546 5767 894 5840 P'toletuaidis
924 5767 1239 5852 episcopus,
1272 5775 1364 5846 qui
1391 5788 1514 5828 cum
1551 5770 1796 5835 Thoona,
1829 5767 1976 5836 quod

2081 5283 2267 5334 Arium
2294 5283 2553 5336 damnare
2580 5278 2765 5342 nollet,
2784 5273 2838 5328 in
2869 5275 3090 5331 Nicmno
3115 5275 3346 5330 concilio
3367 5275 3658 5330 damnatus

2081 5361 2185 5415 est,
2222 5353 2382 5404 homo
2431 5349 2764 5405 teterrimus.
2819 5346 2992 5416 Cujus
3039 5347 3270 5416 sparsim
3317 5346 3658 5400 Athanasius

2083 5421 2348 5475 meminit.

2155 5491 2264 5561 ('75)
2300 5489 2498 5554 Εὐθὺς
2531 5483 2788 5561 τελευτᾷ.
2813 5488 2846 5540 ό
2879 5483 3271 5561 ὁμολογητ-ήμς.
3311 5483 3488 5561 Tanto
3531 5492 3658 5561 ante

2083 5555 2373 5614 Alexandri
2405 5567 2632 5613 mortem
2663 5556 3009 5611 etNicaenum
3032 5556 3322 5610 concilium
3349 5555 3655 5609 decessisse

2086 5631 2354 5700 hleletium
2382 5637 2556 5700 putat.
2584 5629 2642 5682 In
2673 5643 2791 5700 quo
2811 5627 3158 5700 vehementer
3190 5635 3367 5700 errat;
3405 5633 3464 5677 ut
3488 5637 3653 5694 supra

2085 5694 2515 5757 detnonstratum
2547 5709 2630 5756 est
2661 5694 2714 5753 in
2747 5697 3157 5754 hleletianorum
3195 5694 3512 5752 schismate.
