  <div class='ocr_page' id='page_1' title='image "/cluster/home/n/w/nwhite01/storage/ocr_20150623/42/mdp.39015052824052/124.png"; bbox 0 0 3994 6226; ppageno 0'>
   <div class='ocr_carea' id='block_1_1' title="bbox 300 338 408 397">
    <p class='ocr_par' dir='ltr' id='par_1_1' title="bbox 300 338 408 397">
     <span class='ocr_line' id='line_1_1' title="bbox 300 338 408 397; baseline -0.037 0"><span class='ocrx_word' id='word_1_1' title='bbox 300 338 408 397; x_wconf 79' lang='lat'><strong>209</strong></span> 
     </span>
    </p>
   </div>
   <div class='ocr_carea' id='block_1_2' title="bbox 298 542 1745 647">
    <p class='ocr_par' dir='ltr' id='par_1_2' title="bbox 298 542 1745 647">
     <span class='ocr_line' id='line_1_2' title="bbox 298 542 1745 647; baseline 0.023 -50"><span class='ocrx_word' id='word_1_2' title='bbox 298 548 380 611; x_wconf 76' lang='grc' dir='ltr'><strong>είς</strong></span> <span class='ocrx_word' id='word_1_3' title='bbox 432 542 547 603; x_wconf 82' lang='grc' dir='ltr'>ὦτα</span> <span class='ocrx_word' id='word_1_4' title='bbox 603 551 824 624; x_wconf 78' lang='grc' dir='ltr'>ἔρχεται</span> <span class='ocrx_word' id='word_1_5' title='bbox 868 557 963 611; x_wconf 81' lang='grc' dir='ltr'>τοῦ</span> <span class='ocrx_word' id='word_1_6' title='bbox 1013 562 1313 621; x_wconf 78' lang='grc' dir='ltr'><strong>ἐπισκόπου</strong></span> <span class='ocrx_word' id='word_1_7' title='bbox 1373 571 1745 647; x_wconf 82' lang='grc' dir='ltr'><strong>Ἀλεξάνδρου,</strong></span> 
     </span>
    </p>
   </div>
   <div class='ocr_carea' id='block_1_3' title="bbox 297 644 1891 739">
    <p class='ocr_par' dir='ltr' id='par_1_3' title="bbox 297 644 1891 739">
     <span class='ocr_line' id='line_1_3' title="bbox 297 644 1891 739; baseline 0.02 -43"><span class='ocrx_word' id='word_1_8' title='bbox 297 644 503 739; x_wconf 68' lang='grc' dir='ltr'>γράφει</span> <span class='ocrx_word' id='word_1_9' title='bbox 533 647 820 739; x_wconf 80' lang='grc' dir='ltr'>ἐπιστολὰς</span> <span class='ocrx_word' id='word_1_10' title='bbox 859 653 1199 723; x_wconf 72' lang='grc' dir='ltr'><strong>ἐγκυκλίους,</strong></span> <span class='ocrx_word' id='word_1_11' title='bbox 1231 661 1436 727; x_wconf 75' lang='grc' dir='ltr'>αἵτινες</span> <span class='ocrx_word' id='word_1_12' title='bbox 1484 644 1639 738; x_wconf 81' lang='grc' dir='ltr'><strong>παρά</strong></span> <span class='ocrx_word' id='word_1_13' title='bbox 1669 670 1891 739; x_wconf 80' lang='grc' dir='ltr'>φιλοκά-</span> 
     </span>
    </p>
   </div>
   <div class='ocr_carea' id='block_1_4' title="bbox 295 734 1890 829">
    <p class='ocr_par' dir='ltr' id='par_1_4' title="bbox 295 734 1890 829">
     <span class='ocr_line' id='line_1_4' title="bbox 295 734 1890 829; baseline 0.019 -42"><span class='ocrx_word' id='word_1_14' title='bbox 295 734 411 829; x_wconf 78' lang='grc' dir='ltr'>λοις</span> <span class='ocrx_word' id='word_1_15' title='bbox 440 737 520 791; x_wconf 77' lang='grc' dir='ltr'>ἔτι</span> <span class='ocrx_word' id='word_1_16' title='bbox 551 738 814 804; x_wconf 74' lang='grc' dir='ltr'>σώζονται</span> <span class='ocrx_word' id='word_1_17' title='bbox 848 745 925 809; x_wconf 83' lang='grc' dir='ltr'>ὡς</span> <span class='ocrx_word' id='word_1_18' title='bbox 960 747 1051 801; x_wconf 83' lang='grc' dir='ltr'>τὸν</span> <span class='ocrx_word' id='word_1_19' title='bbox 1087 750 1322 823; x_wconf 84' lang='grc' dir='ltr'>ἀριθμὸν</span> <span class='ocrx_word' id='word_1_20' title='bbox 1356 734 1746 829; x_wconf 74' lang='grc' dir='ltr'>ἐϐδομήκοντα,</span> <span class='ocrx_word' id='word_1_21' title='bbox 1780 763 1890 818; x_wconf 84' lang='grc' dir='ltr'><strong>τῶν</strong></span> 
     </span>
    </p>
   </div>
   <div class='ocr_carea' id='block_1_5' title="bbox 296 828 1886 927">
    <p class='ocr_par' dir='ltr' id='par_1_5' title="bbox 296 828 1886 927">
     <span class='ocr_line' id='line_1_5' title="bbox 296 828 1886 927; baseline 0.019 -48"><span class='ocrx_word' id='word_1_22' title='bbox 296 828 617 885; x_wconf 86' lang='grc' dir='ltr'>ἐπισκόπων</span> <span class='ocrx_word' id='word_1_23' title='bbox 638 833 875 907; x_wconf 80' lang='grc' dir='ltr'>ἑκάστῳ,</span> <span class='ocrx_word' id='word_1_24' title='bbox 906 838 1152 912; x_wconf 80' lang='grc' dir='ltr'>Εὑσεϐίῳ</span> <span class='ocrx_word' id='word_1_25' title='bbox 1178 843 1340 910; x_wconf 84' lang='grc' dir='ltr'>εὐθὺς</span> <span class='ocrx_word' id='word_1_26' title='bbox 1370 846 1445 919; x_wconf 85' lang='grc' dir='ltr'>τῷ</span> <span class='ocrx_word' id='word_1_27' title='bbox 1469 828 1526 904; x_wconf 89' lang='grc' dir='ltr'><strong>ἐν</strong></span> <span class='ocrx_word' id='word_1_28' title='bbox 1556 853 1886 927; x_wconf 75' lang='grc' dir='ltr'><strong>Καισαρείᾳ,</strong></span> 
     </span>
    </p>
   </div>
   <div class='ocr_carea' id='block_1_6' title="bbox 294 920 1889 1017">
    <p class='ocr_par' dir='ltr' id='par_1_6' title="bbox 294 920 1889 1017">
     <span class='ocr_line' id='line_1_6' title="bbox 294 920 1889 1017; baseline 0.017 -44"><span class='ocrx_word' id='word_1_29' title='bbox 526 922 654 993; x_wconf 77' lang='grc' dir='ltr'>γάρ,</span> <span class='ocrx_word' id='word_1_30' title='bbox 688 925 784 979; x_wconf 78' lang='grc' dir='ltr'>καὶ</span> <span class='ocrx_word' id='word_1_31' title='bbox 815 928 1088 1002; x_wconf 82' lang='grc' dir='ltr'>Μακαρίῳ</span> <span class='ocrx_word' id='word_1_32' title='bbox 1122 933 1530 1009; x_wconf 83' lang='grc' dir='ltr'>Ἱεροσολύμων,</span> <span class='ocrx_word' id='word_1_33' title='bbox 1574 920 1889 1017; x_wconf 77' lang='grc' dir='ltr'>Ἀσκληπιῷ</span> 
     </span>
    </p>
   </div>
   <div class='ocr_carea' id='block_1_7' title="bbox 294 1013 1887 1109">
    <p class='ocr_par' dir='ltr' id='par_1_7' title="bbox 294 1013 1887 1109">
     <span class='ocr_line' id='line_1_7' title="bbox 294 1013 1887 1109; baseline 0.019 -46"><span class='ocrx_word' id='word_1_34' title='bbox 294 1013 356 1063; x_wconf 84' lang='grc' dir='ltr'><strong>ἐν</strong></span> <span class='ocrx_word' id='word_1_35' title='bbox 394 1014 562 1109; x_wconf 57' lang='grc' dir='ltr'>Γάζῃ,</span> <span class='ocrx_word' id='word_1_36' title='bbox 618 1018 866 1091; x_wconf 78' lang='grc' dir='ltr'><strong>Λογγίνῳ</strong></span> <span class='ocrx_word' id='word_1_37' title='bbox 911 1024 969 1075; x_wconf 84' lang='grc' dir='ltr'><strong>ἐν</strong></span> <span class='ocrx_word' id='word_1_38' title='bbox 1028 1024 1349 1093; x_wconf 87' lang='grc' dir='ltr'>Ἀσκάλωνι,</span> <span class='ocrx_word' id='word_1_39' title='bbox 1398 1034 1664 1108; x_wconf 84' lang='grc' dir='ltr'>Μακρίνῳ</span> <span class='ocrx_word' id='word_1_40' title='bbox 1707 1013 1785 1109; x_wconf 75' lang='grc' dir='ltr'>τῷ</span> <span class='ocrx_word' id='word_1_41' title='bbox 1829 1013 1887 1093; x_wconf 80' lang='grc' dir='ltr'><strong>ἐν</strong></span> 
     </span>
    </p>
   </div>
   <div class='ocr_carea' id='block_1_8' title="bbox 307 1106 1885 1200">
    <p class='ocr_par' dir='ltr' id='par_1_8' title="bbox 307 1106 1885 1200">
     <span class='ocr_line' id='line_1_8' title="bbox 307 1106 1885 1200; baseline 0.02 -45"><span class='ocrx_word' id='word_1_42' title='bbox 307 1106 539 1200; x_wconf 43' lang='grc' dir='ltr'>ξίαμνία,</span> <span class='ocrx_word' id='word_1_43' title='bbox 578 1109 672 1163; x_wconf 83' lang='grc' dir='ltr'>καὶ</span> <span class='ocrx_word' id='word_1_44' title='bbox 698 1112 897 1181; x_wconf 80' lang='grc' dir='ltr'>ἄλλοις,</span> <span class='ocrx_word' id='word_1_45' title='bbox 950 1115 1006 1169; x_wconf 78' lang='grc' dir='ltr'>ἔν</span> <span class='ocrx_word' id='word_1_46' title='bbox 1056 1135 1117 1171; x_wconf 84' lang='grc' dir='ltr'><strong>τε</strong></span> <span class='ocrx_word' id='word_1_47' title='bbox 1156 1123 1221 1191; x_wconf 81' lang='grc' dir='ltr'>τῇ</span> <span class='ocrx_word' id='word_1_48' title='bbox 1265 1124 1489 1199; x_wconf 76' lang='grc' dir='ltr'><strong>Φοινίκῃ</strong></span> <span class='ocrx_word' id='word_1_49' title='bbox 1528 1106 1885 1200; x_wconf 40' lang='grc' dir='ltr'>Ζήνωνί-τινι</span> 
     </span>
    </p>
   </div>
   <div class='ocr_carea' id='block_1_9' title="bbox 290 1199 1886 1297">
    <p class='ocr_par' dir='ltr' id='par_1_9' title="bbox 290 1199 1886 1297">
     <span class='ocr_line' id='line_1_9' title="bbox 290 1199 1886 1297; baseline 0.02 -48"><span class='ocrx_word' id='word_1_50' title='bbox 290 1199 509 1297; x_wconf 78' lang='grc' dir='ltr'>ἀρχαίῳ</span> <span class='ocrx_word' id='word_1_51' title='bbox 532 1202 590 1255; x_wconf 87' lang='grc' dir='ltr'><strong>ἐν</strong></span> <span class='ocrx_word' id='word_1_52' title='bbox 608 1202 795 1297; x_wconf 52' lang='grc' dir='ltr'>Τύρῳ,</span> <span class='ocrx_word' id='word_1_53' title='bbox 828 1208 921 1261; x_wconf 78' lang='grc' dir='ltr'>καὶ</span> <span class='ocrx_word' id='word_1_54' title='bbox 944 1209 1144 1277; x_wconf 77' lang='grc' dir='ltr'>ἄλλοις,</span> <span class='ocrx_word' id='word_1_55' title='bbox 1173 1213 1290 1284; x_wconf 75' lang='grc' dir='ltr'>ἅμα</span> <span class='ocrx_word' id='word_1_56' title='bbox 1312 1217 1405 1270; x_wconf 78' lang='grc' dir='ltr'>καὶ</span> <span class='ocrx_word' id='word_1_57' title='bbox 1432 1220 1490 1272; x_wconf 86' lang='grc' dir='ltr'><strong>ἐν</strong></span> <span class='ocrx_word' id='word_1_58' title='bbox 1510 1223 1575 1293; x_wconf 86' lang='grc' dir='ltr'><strong>τῇ</strong></span> <span class='ocrx_word' id='word_1_59' title='bbox 1601 1224 1770 1297; x_wconf 85' lang='grc' dir='ltr'>Κοίλῃ</span> <span class='ocrx_word' id='word_1_60' title='bbox 1793 1228 1886 1280; x_wconf 91' lang='grc' dir='ltr'><strong>Συ-</strong></span> 
     </span>
    </p>
   </div>
   <div class='ocr_carea' id='block_1_10' title="bbox 292 1290 1883 1387">
    <p class='ocr_par' dir='ltr' id='par_1_10' title="bbox 292 1290 1883 1387">
     <span class='ocr_line' id='line_1_10' title="bbox 292 1290 1883 1387; baseline 0.019 -46"><span class='ocrx_word' id='word_1_61' title='bbox 292 1290 405 1387; x_wconf 63' lang='grc' dir='ltr'>ρία.</span> <span class='ocrx_word' id='word_1_62' title='bbox 460 1290 669 1357; x_wconf 80' lang='grc' dir='ltr'><strong>Ὠςοῦν</strong></span> <span class='ocrx_word' id='word_1_63' title='bbox 703 1296 1088 1371; x_wconf 81' lang='grc' dir='ltr'><strong>ἀπεστάλησαν</strong></span> <span class='ocrx_word' id='word_1_64' title='bbox 1110 1306 1167 1357; x_wconf 86' lang='grc' dir='ltr'><strong>αί</strong></span> <span class='ocrx_word' id='word_1_65' title='bbox 1195 1308 1496 1376; x_wconf 80' lang='grc' dir='ltr'>ἐπιστολαὶ,</span> <span class='ocrx_word' id='word_1_66' title='bbox 1531 1290 1883 1387; x_wconf 72' lang='grc' dir='ltr'>μεμφόμεναι</span> 
     </span>
    </p>
   </div>
   <div class='ocr_carea' id='block_1_11' title="bbox 287 1384 1883 1482">
    <p class='ocr_par' dir='ltr' id='par_1_11' title="bbox 287 1384 1883 1482">
     <span class='ocr_line' id='line_1_11' title="bbox 287 1384 1883 1482; baseline 0.019 -47"><span class='ocrx_word' id='word_1_67' title='bbox 287 1384 418 1446; x_wconf 79' lang='grc' dir='ltr'>τοὺς</span> <span class='ocrx_word' id='word_1_68' title='bbox 450 1386 613 1440; x_wconf 86' lang='grc' dir='ltr'>αὑτὸν</span> <span class='ocrx_word' id='word_1_69' title='bbox 656 1388 1113 1462; x_wconf 76' lang='grc' dir='ltr'><strong>ὑποδεξαμένους,</strong></span> <span class='ocrx_word' id='word_1_70' title='bbox 1169 1397 1397 1463; x_wconf 79' lang='grc' dir='ltr'>ἕκαστος</span> <span class='ocrx_word' id='word_1_71' title='bbox 1448 1384 1755 1479; x_wconf 77' lang='grc' dir='ltr'>ἀντέγραψε</span> <span class='ocrx_word' id='word_1_72' title='bbox 1804 1409 1883 1482; x_wconf 78' lang='grc' dir='ltr'>τῷ</span> 
     </span>
    </p>
   </div>
   <div class='ocr_carea' id='block_1_12' title="bbox 292 1480 1881 1573">
    <p class='ocr_par' dir='ltr' id='par_1_12' title="bbox 292 1480 1881 1573">
     <span class='ocr_line' id='line_1_12' title="bbox 292 1480 1881 1573; baseline 0.02 -44"><span class='ocrx_word' id='word_1_73' title='bbox 292 1480 555 1573; x_wconf 71' lang='grc' dir='ltr'>μακαρίῳ</span> <span class='ocrx_word' id='word_1_74' title='bbox 599 1482 932 1556; x_wconf 80' lang='grc' dir='ltr'>Ἀλεξάνδρῳ</span> <span class='ocrx_word' id='word_1_75' title='bbox 966 1487 1422 1563; x_wconf 64' lang='grc' dir='ltr'>ἀπολογούμενος,</span> <span class='ocrx_word' id='word_1_76' title='bbox 1464 1500 1560 1553; x_wconf 72' lang='grc' dir='ltr'><strong>καὶ¹</strong></span> <span class='ocrx_word' id='word_1_77' title='bbox 1591 1503 1641 1554; x_wconf 80' lang='lat' dir='ltr'><strong>oi</strong></span> <span class='ocrx_word' id='word_1_78' title='bbox 1678 1503 1776 1573; x_wconf 87' lang='grc' dir='ltr'>μὲν</span> <span class='ocrx_word' id='word_1_79' title='bbox 1803 1480 1881 1559; x_wconf 49' lang='lat' dir='ltr'><strong>ei;-</strong></span> 
     </span>
    </p>
   </div>
   <div class='ocr_carea' id='block_1_13' title="bbox 289 1572 1883 1664">
    <p class='ocr_par' dir='ltr' id='par_1_13' title="bbox 289 1572 1883 1664">
     <span class='ocr_line' id='line_1_13' title="bbox 289 1572 1883 1664; baseline 0.02 -44"><span class='ocrx_word' id='word_1_80' title='bbox 289 1572 495 1664; x_wconf 68' lang='grc' dir='ltr'>ρωνεία</span> <span class='ocrx_word' id='word_1_81' title='bbox 518 1574 883 1644; x_wconf 81' lang='grc' dir='ltr'><strong>γεγράφασιν,</strong></span> <span class='ocrx_word' id='word_1_82' title='bbox 913 1577 1062 1633; x_wconf 79' lang='grc' dir='ltr'>ἄλλοι</span> <span class='ocrx_word' id='word_1_83' title='bbox 1084 1582 1142 1634; x_wconf 86' lang='grc' dir='ltr'>δὲ</span> <span class='ocrx_word' id='word_1_84' title='bbox 1182 1586 1239 1637; x_wconf 85' lang='grc' dir='ltr'><strong>ἐν</strong></span> <span class='ocrx_word' id='word_1_85' title='bbox 1271 1586 1519 1662; x_wconf 78' lang='grc' dir='ltr'>ἀληθείᾳ·</span> <span class='ocrx_word' id='word_1_86' title='bbox 1552 1594 1600 1645; x_wconf 86' lang='grc' dir='ltr'><strong>οί</strong></span> <span class='ocrx_word' id='word_1_87' title='bbox 1625 1572 1725 1664; x_wconf 86' lang='grc' dir='ltr'><strong>μέν</strong></span> <span class='ocrx_word' id='word_1_88' title='bbox 1751 1597 1883 1651; x_wconf 53' lang='grc' dir='ltr'>ὑπο.</span> 
     </span>
    </p>
   </div>
   <div class='ocr_carea' id='block_1_14' title="bbox 285 1661 1875 1757">
    <p class='ocr_par' dir='ltr' id='par_1_14' title="bbox 285 1661 1875 1757">
     <span class='ocr_line' id='line_1_14' title="bbox 285 1661 1875 1757; baseline 0.019 -45"><span class='ocrx_word' id='word_1_89' title='bbox 285 1661 541 1732; x_wconf 86' lang='grc' dir='ltr'>δέχεσθαι</span> <span class='ocrx_word' id='word_1_90' title='bbox 567 1664 779 1731; x_wconf 81' lang='grc' dir='ltr'>τοῦτον,</span> <span class='ocrx_word' id='word_1_91' title='bbox 802 1668 951 1726; x_wconf 79' lang='grc' dir='ltr'>ἄλλοι</span> <span class='ocrx_word' id='word_1_92' title='bbox 977 1670 1036 1723; x_wconf 77' lang='grc' dir='ltr'>δὲ</span> <span class='ocrx_word' id='word_1_93' title='bbox 1068 1674 1210 1728; x_wconf 82' lang='grc' dir='ltr'>κατὰ</span> <span class='ocrx_word' id='word_1_94' title='bbox 1240 1677 1463 1745; x_wconf 81' lang='grc' dir='ltr'>ἄγνοιαν</span> <span class='ocrx_word' id='word_1_95' title='bbox 1498 1661 1875 1757; x_wconf 82' lang='grc' dir='ltr'>ὑποδέχεσθαι·</span> 
     </span>
    </p>
   </div>
   <div class='ocr_carea' id='block_1_15' title="bbox 284 1755 1877 1850">
    <p class='ocr_par' dir='ltr' id='par_1_15' title="bbox 284 1755 1877 1850">
     <span class='ocr_line' id='line_1_15' title="bbox 284 1755 1877 1850; baseline 0.019 -45"><span class='ocrx_word' id='word_1_96' title='bbox 284 1755 466 1850; x_wconf 73' lang='grc' dir='ltr'>ἕτεροι</span> <span class='ocrx_word' id='word_1_97' title='bbox 488 1755 556 1850; x_wconf 67' lang='grc' dir='ltr'><strong>Δδὲ</strong></span> <span class='ocrx_word' id='word_1_98' title='bbox 587 1758 912 1850; x_wconf 79' lang='grc' dir='ltr'>φάσκοντες,</span> <span class='ocrx_word' id='word_1_99' title='bbox 955 1763 1031 1827; x_wconf 84' lang='grc' dir='ltr'>ὡς</span> <span class='ocrx_word' id='word_1_100' title='bbox 1068 1764 1155 1819; x_wconf 84' lang='grc' dir='ltr'><strong>διὰ</strong></span> <span class='ocrx_word' id='word_1_101' title='bbox 1183 1768 1282 1840; x_wconf 85' lang='grc' dir='ltr'><strong>τῆς</strong></span> <span class='ocrx_word' id='word_1_102' title='bbox 1309 1771 1582 1845; x_wconf 81' lang='grc' dir='ltr'><strong>ὑποδοχῆς</strong></span> <span class='ocrx_word' id='word_1_103' title='bbox 1618 1755 1877 1850; x_wconf 80' lang='grc' dir='ltr'>κερδῆσαι</span> 
     </span>
    </p>
   </div>
   <div class='ocr_carea' id='block_1_16' title="bbox 285 1845 1878 1939">
    <p class='ocr_par' dir='ltr' id='par_1_16' title="bbox 285 1845 1878 1939">
     <span class='ocr_line' id='line_1_16' title="bbox 285 1845 1878 1939; baseline 0.02 -44"><span class='ocrx_word' id='word_1_104' title='bbox 285 1845 452 1939; x_wconf 54' lang='grc' dir='ltr'>αὐτόν</span> <span class='ocrx_word' id='word_1_105' title='bbox 476 1846 924 1921; x_wconf 80' lang='grc' dir='ltr'>ἀπολογούμενοι.</span> <span class='ocrx_word' id='word_1_106' title='bbox 956 1854 1133 1929; x_wconf 78' lang='grc' dir='ltr'>Πολλὴ</span> <span class='ocrx_word' id='word_1_107' title='bbox 1159 1858 1245 1923; x_wconf 89' lang='grc' dir='ltr'><strong>τίς</strong></span> <span class='ocrx_word' id='word_1_108' title='bbox 1272 1861 1420 1916; x_wconf 83' lang='grc' dir='ltr'>ἐστιν</span> <span class='ocrx_word' id='word_1_109' title='bbox 1448 1866 1480 1935; x_wconf 81' lang='grc' dir='ltr'><strong>η</strong></span> <span class='ocrx_word' id='word_1_110' title='bbox 1512 1870 1639 1939; x_wconf 68' lang='grc' dir='ltr'>περὶ</span> <span class='ocrx_word' id='word_1_111' title='bbox 1670 1845 1878 1927; x_wconf 71' lang='grc' dir='ltr'>τούτων</span> 
     </span>
    </p>
   </div>
   <div class='ocr_carea' id='block_1_17' title="bbox 282 1935 562 2001">
    <p class='ocr_par' dir='ltr' id='par_1_17' title="bbox 282 1935 562 2001">
     <span class='ocr_line' id='line_1_17' title="bbox 282 1935 562 2001; baseline 0.021 -14"><span class='ocrx_word' id='word_1_112' title='bbox 282 1935 562 2001; x_wconf 80' lang='grc' dir='ltr'>ὑπόθεσις.</span> 
     </span>
    </p>
   </div>
   <div class='ocr_carea' id='block_1_18' title="bbox 357 2027 1879 2119">
    <p class='ocr_par' dir='ltr' id='par_1_18' title="bbox 357 2027 1879 2119">
     <span class='ocr_line' id='line_1_18' title="bbox 357 2027 1879 2119; baseline 0.02 -38"><span class='ocrx_word' id='word_1_113' title='bbox 357 2027 436 2083; x_wconf 86' lang='grc' dir='ltr'><strong>Ε’.</strong></span> <span class='ocrx_word' id='word_1_114' title='bbox 481 2030 794 2089; x_wconf 85' lang='grc' dir='ltr'>Μετέπειτα</span> <span class='ocrx_word' id='word_1_115' title='bbox 822 2034 879 2090; x_wconf 81' lang='grc' dir='ltr'>δὲ</span> <span class='ocrx_word' id='word_1_116' title='bbox 907 2038 983 2102; x_wconf 86' lang='grc' dir='ltr'><strong>ώς</strong></span> <span class='ocrx_word' id='word_1_117' title='bbox 1007 2038 1147 2109; x_wconf 77' lang='grc' dir='ltr'>ἔγνω</span> <span class='ocrx_word' id='word_1_118' title='bbox 1170 2045 1198 2097; x_wconf 98' lang='lat'><strong>6</strong></span> <span class='ocrx_word' id='word_1_119' title='bbox 1231 2046 1467 2119; x_wconf 70' lang='grc' dir='ltr'>Ἄρειος,</span> <span class='ocrx_word' id='word_1_120' title='bbox 1489 2050 1571 2105; x_wconf 85' lang='grc' dir='ltr'>ὅτι</span> <span class='ocrx_word' id='word_1_121' title='bbox 1598 2053 1879 2112; x_wconf 86' lang='grc' dir='ltr'>ἐπιστολαὶ</span> 
     </span>
    </p>
   </div>
   <div class='ocr_carea' id='block_1_19' title="bbox 283 2120 1883 2208">
    <p class='ocr_par' dir='ltr' id='par_1_19' title="bbox 283 2120 1883 2208">
     <span class='ocr_line' id='line_1_19' title="bbox 283 2120 1883 2208; baseline 0.021 -38"><span class='ocrx_word' id='word_1_122' title='bbox 283 2120 598 2194; x_wconf 79' lang='grc' dir='ltr'>ἠνέχθησαν</span> <span class='ocrx_word' id='word_1_123' title='bbox 630 2128 744 2190; x_wconf 84' lang='grc' dir='ltr'>τοῖς</span> <span class='ocrx_word' id='word_1_124' title='bbox 777 2129 1099 2197; x_wconf 81' lang='grc' dir='ltr'>ἐπισκόποις</span> <span class='ocrx_word' id='word_1_125' title='bbox 1122 2136 1321 2208; x_wconf 84' lang='grc' dir='ltr'>πάντη,</span> <span class='ocrx_word' id='word_1_126' title='bbox 1348 2140 1441 2194; x_wconf 81' lang='grc' dir='ltr'>καὶ</span> <span class='ocrx_word' id='word_1_127' title='bbox 1467 2141 1653 2197; x_wconf 86' lang='grc' dir='ltr'>λοιπὸν</span> <span class='ocrx_word' id='word_1_128' title='bbox 1683 2163 1883 2202; x_wconf 87' lang='grc' dir='ltr'>παντα-</span> 
     </span>
    </p>
   </div>
   <div class='ocr_carea' id='block_1_20' title="bbox 280 2213 1881 2310">
    <p class='ocr_par' dir='ltr' id='par_1_20' title="bbox 280 2213 1881 2310">
     <span class='ocr_line' id='line_1_20' title="bbox 280 2213 1881 2310; baseline 0.018 -45"><span class='ocrx_word' id='word_1_129' title='bbox 280 2213 443 2283; x_wconf 84' lang='grc' dir='ltr'>χόθεν</span> <span class='ocrx_word' id='word_1_130' title='bbox 466 2217 831 2287; x_wconf 86' lang='grc' dir='ltr'>ἀπηλαύνετο,</span> <span class='ocrx_word' id='word_1_131' title='bbox 864 2222 959 2276; x_wconf 79' lang='grc' dir='ltr'>καὶ</span> <span class='ocrx_word' id='word_1_132' title='bbox 981 2224 1163 2280; x_wconf 82' lang='grc' dir='ltr'>οὐκέτι</span> <span class='ocrx_word' id='word_1_133' title='bbox 1188 2244 1273 2292; x_wconf 84' lang='grc' dir='ltr'><strong>τις</strong></span> <span class='ocrx_word' id='word_1_134' title='bbox 1310 2230 1474 2286; x_wconf 79' lang='grc' dir='ltr'>αὑτὸν</span> <span class='ocrx_word' id='word_1_135' title='bbox 1503 2237 1881 2310; x_wconf 77' lang='grc' dir='ltr'>προσελαμδά-</span> 
     </span>
    </p>
   </div>
   <div class='ocr_carea' id='block_1_21' title="bbox 279 2308 1880 2397">
    <p class='ocr_par' dir='ltr' id='par_1_21' title="bbox 279 2308 1880 2397">
     <span class='ocr_line' id='line_1_21' title="bbox 279 2308 1880 2397; baseline 0.017 -39"><span class='ocrx_word' id='word_1_136' title='bbox 279 2324 405 2397; x_wconf 84' lang='grc' dir='ltr'>νετο</span> <span class='ocrx_word' id='word_1_137' title='bbox 451 2308 483 2379; x_wconf 79' lang='grc' dir='ltr'>ἢ</span> <span class='ocrx_word' id='word_1_138' title='bbox 528 2311 578 2362; x_wconf 76' lang='lat' dir='ltr'><strong>oi</strong></span> <span class='ocrx_word' id='word_1_139' title='bbox 610 2312 776 2367; x_wconf 78' lang='grc' dir='ltr'>αὑτοῦ</span> <span class='ocrx_word' id='word_1_140' title='bbox 824 2317 1095 2388; x_wconf 77' lang='grc' dir='ltr'><strong>συνεργοί⁹</strong></span> <span class='ocrx_word' id='word_1_141' title='bbox 1132 2320 1392 2387; x_wconf 80' lang='grc' dir='ltr'>Εὐσέϐιος</span> <span class='ocrx_word' id='word_1_142' title='bbox 1441 2324 1552 2397; x_wconf 88' lang='grc' dir='ltr'><strong>γὰρ</strong></span> <span class='ocrx_word' id='word_1_143' title='bbox 1588 2329 1617 2381; x_wconf 92' lang='lat'><strong>6</strong></span> <span class='ocrx_word' id='word_1_144' title='bbox 1650 2308 1880 2396; x_wconf 81' lang='grc' dir='ltr'>παλαιὸς</span> 
     </span>
    </p>
   </div>
   <div class='ocr_carea' id='block_1_22' title="bbox 279 2396 1880 2493">
    <p class='ocr_par' dir='ltr' id='par_1_22' title="bbox 279 2396 1880 2493">
     <span class='ocr_line' id='line_1_22' title="bbox 279 2396 1880 2493; baseline 0.019 -46"><span class='ocrx_word' id='word_1_145' title='bbox 279 2396 462 2493; x_wconf 80' lang='grc' dir='ltr'>γέρων</span> <span class='ocrx_word' id='word_1_146' title='bbox 522 2400 867 2493; x_wconf 50' lang='grc' dir='ltr'>ίξίικομηδεὺς</span> <span class='ocrx_word' id='word_1_147' title='bbox 916 2407 946 2458; x_wconf 88' lang='lat'><strong>6</strong></span> <span class='ocrx_word' id='word_1_148' title='bbox 1005 2407 1163 2477; x_wconf 84' lang='grc' dir='ltr'>λόγος</span> <span class='ocrx_word' id='word_1_149' title='bbox 1204 2412 1219 2442; x_wconf 88' lang='grc'>¹</span> <span class='ocrx_word' id='word_1_150' title='bbox 1255 2412 1405 2485; x_wconf 84' lang='grc' dir='ltr'>αὑτῷ</span> <span class='ocrx_word' id='word_1_151' title='bbox 1454 2396 1722 2489; x_wconf 81' lang='grc' dir='ltr'>ὑπῆρχεν,</span> <span class='ocrx_word' id='word_1_152' title='bbox 1759 2422 1880 2493; x_wconf 78' lang='grc' dir='ltr'>ἅμα</span> 
     </span>
    </p>
   </div>
   <div class='ocr_carea' id='block_1_23' title="bbox 276 2489 1880 2575">
    <p class='ocr_par' dir='ltr' id='par_1_23' title="bbox 276 2489 1880 2575">
     <span class='ocr_line' id='line_1_23' title="bbox 276 2489 1880 2575; baseline 0.019 -35"><span class='ocrx_word' id='word_1_153' title='bbox 276 2489 569 2562; x_wconf 85' lang='grc' dir='ltr'>Λουκιανῷ</span> <span class='ocrx_word' id='word_1_154' title='bbox 618 2493 676 2547; x_wconf 85' lang='grc' dir='ltr'><strong>ἐν</strong></span> <span class='ocrx_word' id='word_1_155' title='bbox 718 2494 1057 2572; x_wconf 77' lang='grc' dir='ltr'>Νικομηδείᾳ</span> <span class='ocrx_word' id='word_1_156' title='bbox 1098 2501 1213 2573; x_wconf 71' lang='grc'><strong>(74)</strong></span> <span class='ocrx_word' id='word_1_157' title='bbox 1252 2504 1668 2575; x_wconf 77' lang='grc' dir='ltr'>συμϐεϐιωκὼς.</span> <span class='ocrx_word' id='word_1_158' title='bbox 1720 2489 1880 2570; x_wconf 75' lang='grc' dir='ltr'><strong>Ἀλλὰ</strong></span> 
     </span>
    </p>
   </div>
   <div class='ocr_carea' id='block_1_24' title="bbox 278 2581 1877 2676">
    <p class='ocr_par' dir='ltr' id='par_1_24' title="bbox 278 2581 1877 2676">
     <span class='ocr_line' id='line_1_24' title="bbox 278 2581 1877 2676; baseline 0.018 -44"><span class='ocrx_word' id='word_1_159' title='bbox 278 2581 378 2634; x_wconf 83' lang='grc' dir='ltr'>καὶ</span> <span class='ocrx_word' id='word_1_160' title='bbox 410 2583 663 2676; x_wconf 65' lang='grc' dir='ltr'>ᾼεόντιος</span> <span class='ocrx_word' id='word_1_161' title='bbox 686 2587 714 2640; x_wconf 94' lang='lat'><strong>6</strong></span> <span class='ocrx_word' id='word_1_162' title='bbox 736 2588 1013 2655; x_wconf 82' lang='grc' dir='ltr'>ἀπόκοπος</span> <span class='ocrx_word' id='word_1_163' title='bbox 1038 2593 1098 2646; x_wconf 91' lang='grc' dir='ltr'><strong>ἐν</strong></span> <span class='ocrx_word' id='word_1_164' title='bbox 1125 2593 1445 2670; x_wconf 83' lang='grc' dir='ltr'>Ἀντιοχείᾳ,</span> <span class='ocrx_word' id='word_1_165' title='bbox 1466 2599 1618 2656; x_wconf 83' lang='grc' dir='ltr'>οὔπω</span> <span class='ocrx_word' id='word_1_166' title='bbox 1640 2604 1738 2676; x_wconf 86' lang='grc' dir='ltr'>τὴν</span> <span class='ocrx_word' id='word_1_167' title='bbox 1758 2607 1877 2660; x_wconf 86' lang='grc' dir='ltr'>ἐπι-</span> 
     </span>
    </p>
   </div>
   <div class='ocr_carea' id='block_1_25' title="bbox 280 2668 1923 2756">
    <p class='ocr_par' dir='ltr' id='par_1_25' title="bbox 280 2668 1923 2756">
     <span class='ocr_line' id='line_1_25' title="bbox 280 2668 1923 2756; baseline 0.019 -33"><span class='ocrx_word' id='word_1_168' title='bbox 280 2673 495 2742; x_wconf 79' lang='grc' dir='ltr'>σκοπὴν</span> <span class='ocrx_word' id='word_1_169' title='bbox 542 2679 997 2751; x_wconf 85' lang='grc' dir='ltr'>πεπιστευμένος,</span> <span class='ocrx_word' id='word_1_170' title='bbox 1030 2684 1124 2738; x_wconf 71' lang='lat' dir='ltr'><strong>acati.</strong></span> <span class='ocrx_word' id='word_1_171' title='bbox 1150 2684 1297 2740; x_wconf 80' lang='grc' dir='ltr'>ἄλλοι</span> <span class='ocrx_word' id='word_1_172' title='bbox 1329 2668 1495 2756; x_wconf 86' lang='grc' dir='ltr'>τινές·</span> <span class='ocrx_word' id='word_1_173' title='bbox 1536 2695 1660 2749; x_wconf 76' lang='grc' dir='ltr'>ἐπεὶ</span> <span class='ocrx_word' id='word_1_174' title='bbox 1695 2668 1787 2751; x_wconf 78' lang='grc' dir='ltr'>οὖν</span> <span class='ocrx_word' id='word_1_175' title='bbox 1815 2701 1879 2754; x_wconf 86' lang='grc' dir='ltr'><strong>ἐκ</strong></span> 
     </span>
    </p>
   </div>
   <div class='ocr_carea' id='block_1_26' title="bbox 276 2764 1875 2860">
    <p class='ocr_par' dir='ltr' id='par_1_26' title="bbox 276 2764 1875 2860">
     <span class='ocr_line' id='line_1_26' title="bbox 276 2764 1875 2860; baseline 0.019 -45"><span class='ocrx_word' id='word_1_176' title='bbox 276 2764 379 2860; x_wconf 70' lang='grc' dir='ltr'><strong>τῆς</strong></span> <span class='ocrx_word' id='word_1_177' title='bbox 397 2765 571 2860; x_wconf 74' lang='grc' dir='ltr'>αὐτῆς</span> <span class='ocrx_word' id='word_1_178' title='bbox 596 2768 691 2822; x_wconf 84' lang='grc' dir='ltr'>τοῦ</span> <span class='ocrx_word' id='word_1_179' title='bbox 712 2769 1039 2844; x_wconf 83' lang='grc' dir='ltr'>δηλητηρίου</span> <span class='ocrx_word' id='word_1_180' title='bbox 1071 2777 1303 2849; x_wconf 85' lang='grc' dir='ltr'>φατρίας</span> <span class='ocrx_word' id='word_1_181' title='bbox 1325 2773 1469 2836; x_wconf 78' lang='grc' dir='ltr'>οὗτοι</span> <span class='ocrx_word' id='word_1_182' title='bbox 1499 2785 1699 2852; x_wconf 85' lang='grc' dir='ltr'>πάντες</span> <span class='ocrx_word' id='word_1_183' title='bbox 1714 2785 1875 2860; x_wconf 80' lang='grc' dir='ltr'>ἦσαν,</span> 
     </span>
    </p>
   </div>
   <div class='ocr_carea' id='block_1_27' title="bbox 278 2857 1877 2954">
    <p class='ocr_par' dir='ltr' id='par_1_27' title="bbox 278 2857 1877 2954">
     <span class='ocr_line' id='line_1_27' title="bbox 278 2857 1877 2954; baseline 0.019 -46"><span class='ocrx_word' id='word_1_184' title='bbox 278 2857 602 2929; x_wconf 83' lang='grc' dir='ltr'>ὑποδέχεται</span> <span class='ocrx_word' id='word_1_185' title='bbox 631 2861 731 2929; x_wconf 86' lang='grc' dir='ltr'>μὲν</span> <span class='ocrx_word' id='word_1_186' title='bbox 772 2864 933 2919; x_wconf 84' lang='grc' dir='ltr'>αὑτὸν</span> <span class='ocrx_word' id='word_1_187' title='bbox 960 2867 1220 2933; x_wconf 84' lang='grc' dir='ltr'>Εὑσέσιος</span> <span class='ocrx_word' id='word_1_188' title='bbox 1245 2872 1423 2946; x_wconf 85' lang='grc' dir='ltr'>χρόνῳ</span> <span class='ocrx_word' id='word_1_189' title='bbox 1459 2878 1647 2949; x_wconf 78' lang='grc' dir='ltr'>ίκανῷ’</span> <span class='ocrx_word' id='word_1_190' title='bbox 1670 2857 1793 2935; x_wconf 76' lang='grc' dir='ltr'>ὅθεν</span> <span class='ocrx_word' id='word_1_191' title='bbox 1813 2884 1877 2954; x_wconf 87' lang='grc' dir='ltr'>δὴ</span> 
     </span>
    </p>
   </div>
   <div class='ocr_carea' id='block_1_28' title="bbox 278 2950 1880 3045">
    <p class='ocr_par' dir='ltr' id='par_1_28' title="bbox 278 2950 1880 3045">
     <span class='ocr_line' id='line_1_28' title="bbox 278 2950 1880 3045; baseline 0.017 -44"><span class='ocrx_word' id='word_1_192' title='bbox 278 2950 567 3015; x_wconf 79' lang='grc' dir='ltr'>ἐπιστολὰς</span> <span class='ocrx_word' id='word_1_193' title='bbox 595 2954 774 3026; x_wconf 81' lang='grc' dir='ltr'>πάσης</span> <span class='ocrx_word' id='word_1_194' title='bbox 793 2957 1061 3029; x_wconf 82' lang='grc' dir='ltr'>φλυαρίας</span> <span class='ocrx_word' id='word_1_195' title='bbox 1081 2964 1563 3038; x_wconf 80' lang='grc' dir='ltr'>ἐμπεπλησμένας,</span> <span class='ocrx_word' id='word_1_196' title='bbox 1596 2950 1880 3045; x_wconf 54' lang='grc' dir='ltr'>περιεχούλ</span> 
     </span>
    </p>
   </div>
   <div class='ocr_carea' id='block_1_29' title="bbox 280 3046 1878 3136">
    <p class='ocr_par' dir='ltr' id='par_1_29' title="bbox 280 3046 1878 3136">
     <span class='ocr_line' id='line_1_29' title="bbox 280 3046 1878 3136; baseline 0.018 -43"><span class='ocrx_word' id='word_1_197' title='bbox 280 3058 381 3106; x_wconf 87' lang='grc' dir='ltr'><strong>σας</strong></span> <span class='ocrx_word' id='word_1_198' title='bbox 432 3046 613 3100; x_wconf 64' lang='grc' dir='ltr'>πᾶσαν</span> <span class='ocrx_word' id='word_1_199' title='bbox 654 3048 819 3103; x_wconf 79' lang='grc' dir='ltr'>αὑτοῦ</span> <span class='ocrx_word' id='word_1_200' title='bbox 865 3051 965 3121; x_wconf 85' lang='grc' dir='ltr'>τὴν</span> <span class='ocrx_word' id='word_1_201' title='bbox 1003 3055 1296 3124; x_wconf 87' lang='grc' dir='ltr'>κακόδοξον</span> <span class='ocrx_word' id='word_1_202' title='bbox 1338 3059 1542 3128; x_wconf 88' lang='grc' dir='ltr'>πίστιν,</span> <span class='ocrx_word' id='word_1_203' title='bbox 1592 3065 1810 3136; x_wconf 68' lang='grc' dir='ltr'>γράψας</span> <span class='ocrx_word' id='word_1_204' title='bbox 1850 3070 1878 3121; x_wconf 91' lang='lat'><strong>6</strong></span> 
     </span>
    </p>
   </div>
   <div class='ocr_carea' id='block_1_30' title="bbox 994 346 1876 430">
    <p class='ocr_par' dir='ltr' id='par_1_30' title="bbox 994 346 1876 417">
     <span class='ocr_line' id='line_1_30' title="bbox 994 346 1876 417; baseline 0.018 -15"><span class='ocrx_word' id='word_1_205' title='bbox 994 346 1365 409; x_wconf 79' lang='lat' dir='ltr'><strong>ADVERSUS</strong></span> <span class='ocrx_word' id='word_1_206' title='bbox 1402 353 1749 416; x_wconf 66' lang='lat' dir='ltr'><strong>[MERESES</strong></span> <span class='ocrx_word' id='word_1_207' title='bbox 1787 361 1876 417; x_wconf 76' lang='lat' dir='ltr'><strong>Li!</strong></span> 
     </span>
    </p>
   </div>
   <div class='ocr_carea' id='block_1_31' title="bbox 1984 346 2966 430">
    <p class='ocr_par' dir='ltr' id='par_1_31' title="bbox 1984 363 2966 430">
     <span class='ocr_line' id='line_1_31' title="bbox 1984 363 2966 430; baseline 0.01 -11"><span class='ocrx_word' id='word_1_208' title='bbox 1984 363 2023 420; x_wconf 87' lang='lat' dir='ltr'><strong>l.</strong></span> <span class='ocrx_word' id='word_1_209' title='bbox 2066 366 2231 429; x_wconf 76' lang='lat' dir='ltr'><strong>TOM.</strong></span> <span class='ocrx_word' id='word_1_210' title='bbox 2272 368 2335 427; x_wconf 80' lang='lat' dir='ltr'><strong>ll.</strong></span> <span class='ocrx_word' id='word_1_211' title='bbox 2361 401 2430 414; x_wconf 89' lang='lat'><strong><em>—</em></strong></span> <span class='ocrx_word' id='word_1_212' title='bbox 2470 371 2748 429; x_wconf 63' lang='lat' dir='ltr'><strong>lleliES.</strong></span> <span class='ocrx_word' id='word_1_213' title='bbox 2787 374 2966 430; x_wconf 75' lang='lat' dir='ltr'><strong>LXIX.</strong></span> 
     </span>
    </p>
   </div>
   <div class='ocr_carea' id='block_1_32' title="bbox 299 455 1964 549">
    <p class='ocr_par' dir='ltr' id='par_1_32' title="bbox 299 455 1964 549">
     <span class='ocr_line' id='line_1_32' title="bbox 299 455 1964 549; baseline 0.02 -42"><span class='ocrx_word' id='word_1_214' title='bbox 299 455 466 549; x_wconf 71' lang='grc' dir='ltr'>αὐτόν</span> <span class='ocrx_word' id='word_1_215' title='bbox 491 474 656 526; x_wconf 75' lang='grc' dir='ltr'>τινες,</span> <span class='ocrx_word' id='word_1_216' title='bbox 683 459 833 516; x_wconf 77' lang='grc' dir='ltr'>ἄλλοι</span> <span class='ocrx_word' id='word_1_217' title='bbox 869 462 926 517; x_wconf 80' lang='grc' dir='ltr'>δὲ</span> <span class='ocrx_word' id='word_1_218' title='bbox 959 466 1122 523; x_wconf 85' lang='grc' dir='ltr'>αὑτὸν</span> <span class='ocrx_word' id='word_1_219' title='bbox 1149 470 1459 532; x_wconf 82' lang='grc' dir='ltr'>ἀπώσαντο.</span> <span class='ocrx_word' id='word_1_220' title='bbox 1488 479 1802 536; x_wconf 85' lang='grc' dir='ltr'>Μετέπειτα</span> <span class='ocrx_word' id='word_1_221' title='bbox 1833 484 1890 539; x_wconf 87' lang='grc' dir='ltr'><strong>δέ</strong></span> <span class='ocrx_word' id='word_1_222' title='bbox 1919 491 1964 549; x_wconf 82' lang='grc' dir='ltr'><strong>Α</strong></span> 
     </span>
    </p>
   </div>
   <div class='ocr_carea' id='block_1_33' title="bbox 3472 388 3574 444">
    <p class='ocr_par' dir='ltr' id='par_1_33' title="bbox 3472 388 3574 444">
     <span class='ocr_line' id='line_1_33' title="bbox 3472 388 3574 444; baseline -0.02 0"><span class='ocrx_word' id='word_1_223' title='bbox 3472 388 3574 444; x_wconf 77' lang='grc' dir='ltr'>ςιια</span> 
     </span>
    </p>
   </div>
   <div class='ocr_carea' id='block_1_34' title="bbox 1995 490 3576 584">
    <p class='ocr_par' dir='ltr' id='par_1_34' title="bbox 1995 490 3576 584">
     <span class='ocr_line' id='line_1_34' title="bbox 1995 490 3576 584; baseline 0.013 -40"><span class='ocrx_word' id='word_1_224' title='bbox 1995 498 2056 545; x_wconf 91' lang='lat' dir='ltr'><strong>ut</strong></span> <span class='ocrx_word' id='word_1_225' title='bbox 2089 490 2154 544; x_wconf 88' lang='lat' dir='ltr'><strong>ad</strong></span> <span class='ocrx_word' id='word_1_226' title='bbox 2187 507 2350 548; x_wconf 83' lang='lat' dir='ltr'><strong>aures</strong></span> <span class='ocrx_word' id='word_1_227' title='bbox 2386 492 2681 550; x_wconf 83' lang='lat' dir='ltr'><strong>Alexandri</strong></span> <span class='ocrx_word' id='word_1_228' title='bbox 2709 496 2954 568; x_wconf 77' lang='lat' dir='ltr'><strong>episcopi</strong></span> <span class='ocrx_word' id='word_1_229' title='bbox 2994 502 3201 571; x_wconf 90' lang='lat' dir='ltr'><strong>perlata</strong></span> <span class='ocrx_word' id='word_1_230' title='bbox 3234 514 3383 575; x_wconf 90' lang='lat' dir='ltr'><strong>sunt,</strong></span> <span class='ocrx_word' id='word_1_231' title='bbox 3411 523 3576 584; x_wconf 71' lang='lat' dir='ltr'><strong>ency-</strong></span> 
     </span>
    </p>
   </div>
   <div class='ocr_carea' id='block_1_35' title="bbox 1794 580 3577 674">
    <p class='ocr_par' dir='ltr' id='par_1_35' title="bbox 1794 580 3577 674">
     <span class='ocr_line' id='line_1_35' title="bbox 1794 580 3577 674; baseline 0.015 -41"><span class='ocrx_word' id='word_1_232' title='bbox 1794 580 1892 634; x_wconf 75' lang='grc' dir='ltr'>καὶ</span> <span class='ocrx_word' id='word_1_233' title='bbox 1993 584 2161 641; x_wconf 90' lang='lat' dir='ltr'><strong>clicas</strong></span> <span class='ocrx_word' id='word_1_234' title='bbox 2215 586 2284 642; x_wconf 88' lang='lat' dir='ltr'><strong>ad</strong></span> <span class='ocrx_word' id='word_1_235' title='bbox 2328 586 2575 658; x_wconf 79' lang='lat' dir='ltr'><strong>singulos</strong></span> <span class='ocrx_word' id='word_1_236' title='bbox 2620 589 2913 664; x_wconf 86' lang='lat' dir='ltr'><strong>episcopos</strong></span> <span class='ocrx_word' id='word_1_237' title='bbox 2949 594 3162 653; x_wconf 90' lang='lat' dir='ltr'><strong>litteras</strong></span> <span class='ocrx_word' id='word_1_238' title='bbox 3216 598 3396 666; x_wconf 90' lang='lat' dir='ltr'><strong>dedit,</strong></span> <span class='ocrx_word' id='word_1_239' title='bbox 3454 580 3577 674; x_wconf 73' lang='lat' dir='ltr'><strong>qua:</strong></span> 
     </span>
    </p>
   </div>
   <div class='ocr_carea' id='block_1_36' title="bbox 1993 674 3575 756">
    <p class='ocr_par' dir='ltr' id='par_1_36' title="bbox 1993 674 3575 756">
     <span class='ocr_line' id='line_1_36' title="bbox 1993 674 3575 756; baseline 0.013 -27"><span class='ocrx_word' id='word_1_240' title='bbox 1993 674 2266 747; x_wconf 84' lang='lat' dir='ltr'><strong>hodieque</strong></span> <span class='ocrx_word' id='word_1_241' title='bbox 2312 679 2685 737; x_wconf 84' lang='lat' dir='ltr'><strong>studiosorum</strong></span> <span class='ocrx_word' id='word_1_242' title='bbox 2719 683 2775 737; x_wconf 94' lang='lat' dir='ltr'><strong>in</strong></span> <span class='ocrx_word' id='word_1_243' title='bbox 2816 679 3073 741; x_wconf 89' lang='lat' dir='ltr'><strong>manibus</strong></span> <span class='ocrx_word' id='word_1_244' title='bbox 3113 698 3427 756; x_wconf 87' lang='lat' dir='ltr'><strong>versantur,</strong></span> <span class='ocrx_word' id='word_1_245' title='bbox 3473 710 3575 749; x_wconf 87' lang='lat' dir='ltr'><strong>nu-</strong></span> 
     </span>
    </p>
   </div>
   <div class='ocr_carea' id='block_1_37' title="bbox 1993 769 3574 848">
    <p class='ocr_par' dir='ltr' id='par_1_37' title="bbox 1993 769 3574 848">
     <span class='ocr_line' id='line_1_37' title="bbox 1993 769 3574 848; baseline 0.01 -24"><span class='ocrx_word' id='word_1_246' title='bbox 1993 784 2148 824; x_wconf 84' lang='lat' dir='ltr'><strong>mero</strong></span> <span class='ocrx_word' id='word_1_247' title='bbox 2176 769 2290 827; x_wconf 81' lang='lat' dir='ltr'><strong>fere</strong></span> <span class='ocrx_word' id='word_1_248' title='bbox 2320 773 2687 845; x_wconf 79' lang='lat' dir='ltr'><strong>septuaginta.</strong></span> <span class='ocrx_word' id='word_1_249' title='bbox 2721 775 2957 848; x_wconf 80' lang='lat' dir='ltr'><strong>Scripsit</strong></span> <span class='ocrx_word' id='word_1_250' title='bbox 2983 779 3124 835; x_wconf 84' lang='lat' dir='ltr'><strong>inter</strong></span> <span class='ocrx_word' id='word_1_251' title='bbox 3149 781 3287 837; x_wconf 78' lang='lat' dir='ltr'><strong>alios</strong></span> <span class='ocrx_word' id='word_1_252' title='bbox 3306 784 3372 838; x_wconf 87' lang='lat' dir='ltr'><strong>ad</strong></span> <span class='ocrx_word' id='word_1_253' title='bbox 3404 783 3574 840; x_wconf 86' lang='lat' dir='ltr'><strong>Euse-</strong></span> 
     </span>
    </p>
   </div>
   <div class='ocr_carea' id='block_1_38' title="bbox 1989 862 3575 946">
    <p class='ocr_par' dir='ltr' id='par_1_38' title="bbox 1989 862 3575 946">
     <span class='ocr_line' id='line_1_38' title="bbox 1989 862 3575 946; baseline 0.01 -28"><span class='ocrx_word' id='word_1_254' title='bbox 1989 862 2139 918; x_wconf 89' lang='lat' dir='ltr'><strong>bium</strong></span> <span class='ocrx_word' id='word_1_255' title='bbox 2176 864 2442 922; x_wconf 59' lang='lat' dir='ltr'><strong>Caasareae</strong></span> <span class='ocrx_word' id='word_1_256' title='bbox 2484 868 2825 939; x_wconf 88' lang='lat' dir='ltr'><strong>episcopum,</strong></span> <span class='ocrx_word' id='word_1_257' title='bbox 2855 870 2953 941; x_wconf 81' lang='lat' dir='ltr'><strong>qui</strong></span> <span class='ocrx_word' id='word_1_258' title='bbox 2986 862 3167 928; x_wconf 83' lang='lat' dir='ltr'><strong>adhuc</strong></span> <span class='ocrx_word' id='word_1_259' title='bbox 3194 888 3496 946; x_wconf 87' lang='lat' dir='ltr'><strong>supererat,</strong></span> <span class='ocrx_word' id='word_1_260' title='bbox 3520 886 3575 934; x_wconf 88' lang='lat' dir='ltr'><strong>et</strong></span> 
     </span>
    </p>
   </div>
   <div class='ocr_carea' id='block_1_39' title="bbox 1988 955 3571 1036">
    <p class='ocr_par' dir='ltr' id='par_1_39' title="bbox 1988 955 3571 1036">
     <span class='ocr_line' id='line_1_39' title="bbox 1988 955 3571 1036; baseline 0.011 -28"><span class='ocrx_word' id='word_1_261' title='bbox 1988 955 2055 1009; x_wconf 89' lang='lat' dir='ltr'><strong>ad</strong></span> <span class='ocrx_word' id='word_1_262' title='bbox 2098 955 2395 1013; x_wconf 86' lang='lat' dir='ltr'><strong>Macarium</strong></span> <span class='ocrx_word' id='word_1_263' title='bbox 2444 957 2988 1034; x_wconf 80' lang='lat' dir='ltr'><strong>Hierosolymorum,</strong></span> <span class='ocrx_word' id='word_1_264' title='bbox 3029 963 3340 1036; x_wconf 83' lang='lat' dir='ltr'><strong>Asclepium</strong></span> <span class='ocrx_word' id='word_1_265' title='bbox 3384 968 3571 1034; x_wconf 66' lang='lat' dir='ltr'><strong>Gazm,</strong></span> 
     </span>
    </p>
   </div>
   <div class='ocr_carea' id='block_1_40' title="bbox 1995 1047 3624 1129">
    <p class='ocr_par' dir='ltr' id='par_1_40' title="bbox 1995 1047 3624 1129">
     <span class='ocr_line' id='line_1_40' title="bbox 1995 1047 3624 1129; baseline 0.009 -26"><span class='ocrx_word' id='word_1_266' title='bbox 1995 1047 2301 1115; x_wconf 80' lang='lat' dir='ltr'><strong>Longinum</strong></span> <span class='ocrx_word' id='word_1_267' title='bbox 2353 1050 2680 1119; x_wconf 88' lang='lat' dir='ltr'><strong>Ascalonis,</strong></span> <span class='ocrx_word' id='word_1_268' title='bbox 2739 1052 3043 1109; x_wconf 84' lang='lat' dir='ltr'><strong>Macrinum</strong></span> <span class='ocrx_word' id='word_1_269' title='bbox 3090 1055 3317 1112; x_wconf 75' lang='lat' dir='ltr'><strong>Jamniae</strong></span> <span class='ocrx_word' id='word_1_270' title='bbox 3365 1060 3575 1129; x_wconf 86' lang='lat' dir='ltr'><strong>episco-</strong></span> <span class='ocrx_word' id='word_1_271' title='bbox 3621 1116 3624 1118; x_wconf 24' lang='grc' dir='ltr'>γ</span> 
     </span>
    </p>
   </div>
   <div class='ocr_carea' id='block_1_41' title="bbox 1989 1140 3571 1205">
    <p class='ocr_par' dir='ltr' id='par_1_41' title="bbox 1989 1140 3571 1205">
     <span class='ocr_line' id='line_1_41' title="bbox 1989 1140 3571 1205; baseline 0.009 -18"><span class='ocrx_word' id='word_1_272' title='bbox 1989 1151 2153 1205; x_wconf 88' lang='lat' dir='ltr'><strong>pum,</strong></span> <span class='ocrx_word' id='word_1_273' title='bbox 2202 1149 2257 1192; x_wconf 90' lang='lat' dir='ltr'><strong>et</strong></span> <span class='ocrx_word' id='word_1_274' title='bbox 2293 1140 2450 1195; x_wconf 85' lang='lat' dir='ltr'><strong>alios.</strong></span> <span class='ocrx_word' id='word_1_275' title='bbox 2501 1140 2635 1197; x_wconf 89' lang='lat' dir='ltr'><strong>ltem</strong></span> <span class='ocrx_word' id='word_1_276' title='bbox 2690 1144 2742 1196; x_wconf 91' lang='lat' dir='ltr'><strong>in</strong></span> <span class='ocrx_word' id='word_1_277' title='bbox 2793 1142 3133 1199; x_wconf 70' lang='lat' dir='ltr'><strong>thniclam</strong></span> <span class='ocrx_word' id='word_1_278' title='bbox 3181 1146 3248 1200; x_wconf 89' lang='lat' dir='ltr'><strong>ad</strong></span> <span class='ocrx_word' id='word_1_279' title='bbox 3297 1145 3571 1202; x_wconf 86' lang='lat' dir='ltr'><strong>Zenonem</strong></span> 
     </span>
    </p>
   </div>
   <div class='ocr_carea' id='block_1_42' title="bbox 1986 1229 3575 1307">
    <p class='ocr_par' dir='ltr' id='par_1_42' title="bbox 1986 1229 3575 1307">
     <span class='ocr_line' id='line_1_42' title="bbox 1986 1229 3575 1307; baseline 0.008 -27"><span class='ocrx_word' id='word_1_280' title='bbox 1986 1229 2278 1297; x_wconf 79' lang='lat' dir='ltr'><strong>quemdam</strong></span> <span class='ocrx_word' id='word_1_281' title='bbox 2305 1233 2590 1302; x_wconf 88' lang='lat' dir='ltr'><strong>antiquum</strong></span> <span class='ocrx_word' id='word_1_282' title='bbox 2624 1234 2752 1306; x_wconf 82' lang='lat' dir='ltr'><strong>Tyri</strong></span> <span class='ocrx_word' id='word_1_283' title='bbox 2784 1237 3127 1307; x_wconf 86' lang='lat' dir='ltr'><strong>episcopum,</strong></span> <span class='ocrx_word' id='word_1_284' title='bbox 3149 1246 3203 1292; x_wconf 89' lang='lat' dir='ltr'><strong>et</strong></span> <span class='ocrx_word' id='word_1_285' title='bbox 3228 1238 3388 1293; x_wconf 90' lang='lat' dir='ltr'><strong>alios.</strong></span> <span class='ocrx_word' id='word_1_286' title='bbox 3423 1238 3575 1294; x_wconf 85' lang='lat' dir='ltr'><strong>Scri-</strong></span> 
     </span>
    </p>
   </div>
   <div class='ocr_carea' id='block_1_43' title="bbox 1985 1320 3574 1401">
    <p class='ocr_par' dir='ltr' id='par_1_43' title="bbox 1985 1320 3574 1401">
     <span class='ocr_line' id='line_1_43' title="bbox 1985 1320 3574 1401; baseline 0.008 -28"><span class='ocrx_word' id='word_1_287' title='bbox 1985 1320 2094 1389; x_wconf 89' lang='lat' dir='ltr'><strong>psit</strong></span> <span class='ocrx_word' id='word_1_288' title='bbox 2128 1328 2181 1376; x_wconf 90' lang='lat' dir='ltr'><strong>et</strong></span> <span class='ocrx_word' id='word_1_289' title='bbox 2230 1322 2283 1376; x_wconf 93' lang='lat' dir='ltr'><strong>in</strong></span> <span class='ocrx_word' id='word_1_290' title='bbox 2323 1323 2509 1379; x_wconf 85' lang='lat' dir='ltr'><strong>Coelen</strong></span> <span class='ocrx_word' id='word_1_291' title='bbox 2540 1324 2774 1397; x_wconf 83' lang='lat' dir='ltr'><strong>Syriam.</strong></span> <span class='ocrx_word' id='word_1_292' title='bbox 2806 1327 2989 1384; x_wconf 84' lang='lat' dir='ltr'><strong>Missis</strong></span> <span class='ocrx_word' id='word_1_293' title='bbox 3019 1329 3107 1384; x_wconf 89' lang='lat' dir='ltr'><strong>his</strong></span> <span class='ocrx_word' id='word_1_294' title='bbox 3156 1330 3423 1400; x_wconf 87' lang='lat' dir='ltr'><strong>epistolis,</strong></span> <span class='ocrx_word' id='word_1_295' title='bbox 3462 1332 3574 1401; x_wconf 80' lang='lat' dir='ltr'><strong>qui-</strong></span> 
     </span>
    </p>
   </div>
   <div class='ocr_carea' id='block_1_44' title="bbox 1984 1411 3572 1490">
    <p class='ocr_par' dir='ltr' id='par_1_44' title="bbox 1984 1411 3572 1490">
     <span class='ocr_line' id='line_1_44' title="bbox 1984 1411 3572 1490; baseline 0.007 -25"><span class='ocrx_word' id='word_1_296' title='bbox 1984 1411 2087 1466; x_wconf 85' lang='lat' dir='ltr'><strong>bus</strong></span> <span class='ocrx_word' id='word_1_297' title='bbox 2123 1428 2218 1468; x_wconf 90' lang='lat' dir='ltr'><strong>eos</strong></span> <span class='ocrx_word' id='word_1_298' title='bbox 2257 1413 2566 1481; x_wconf 82' lang='lat' dir='ltr'><strong>incusabat,</strong></span> <span class='ocrx_word' id='word_1_299' title='bbox 2600 1418 2693 1486; x_wconf 91' lang='lat' dir='ltr'><strong>qui</strong></span> <span class='ocrx_word' id='word_1_300' title='bbox 2739 1417 2929 1471; x_wconf 87' lang='lat' dir='ltr'><strong>Arium</strong></span> <span class='ocrx_word' id='word_1_301' title='bbox 2974 1428 3320 1490; x_wconf 83' lang='lat' dir='ltr'><strong>receperant,</strong></span> <span class='ocrx_word' id='word_1_302' title='bbox 3368 1421 3572 1476; x_wconf 86' lang='lat' dir='ltr'><strong>rescri-</strong></span> 
     </span>
    </p>
   </div>
   <div class='ocr_carea' id='block_1_45' title="bbox 1983 1505 3573 1579">
    <p class='ocr_par' dir='ltr' id='par_1_45' title="bbox 1983 1505 3573 1579">
     <span class='ocr_line' id='line_1_45' title="bbox 1983 1505 3573 1579; baseline 0.008 -22"><span class='ocrx_word' id='word_1_303' title='bbox 1983 1519 2142 1574; x_wconf 89' lang='lat' dir='ltr'><strong>psere</strong></span> <span class='ocrx_word' id='word_1_304' title='bbox 2160 1505 2225 1559; x_wconf 88' lang='lat' dir='ltr'><strong>ad</strong></span> <span class='ocrx_word' id='word_1_305' title='bbox 2250 1507 2618 1562; x_wconf 81' lang='lat' dir='ltr'><strong>Alexandrum</strong></span> <span class='ocrx_word' id='word_1_306' title='bbox 2645 1510 2867 1579; x_wconf 83' lang='lat' dir='ltr'><strong>singuli,</strong></span> <span class='ocrx_word' id='word_1_307' title='bbox 2898 1510 3119 1579; x_wconf 88' lang='lat' dir='ltr'><strong>quidam</strong></span> <span class='ocrx_word' id='word_1_308' title='bbox 3152 1511 3573 1570; x_wconf 84' lang='lat' dir='ltr'><strong>dissimulanter</strong></span> 
     </span>
    </p>
   </div>
   <div class='ocr_carea' id='block_1_46' title="bbox 1984 1594 3568 1657">
    <p class='ocr_par' dir='ltr' id='par_1_46' title="bbox 1984 1594 3568 1657">
     <span class='ocr_line' id='line_1_46' title="bbox 1984 1594 3568 1657; baseline 0.003 -8"><span class='ocrx_word' id='word_1_309' title='bbox 1984 1605 2037 1649; x_wconf 89' lang='lat' dir='ltr'><strong>et</strong></span> <span class='ocrx_word' id='word_1_310' title='bbox 2063 1594 2281 1657; x_wconf 82' lang='lat' dir='ltr'><strong>callide,</strong></span> <span class='ocrx_word' id='word_1_311' title='bbox 2316 1595 2407 1649; x_wconf 90' lang='lat' dir='ltr'><strong>alii</strong></span> <span class='ocrx_word' id='word_1_312' title='bbox 2441 1612 2507 1650; x_wconf 72' lang='lat' dir='ltr'><strong>ex</strong></span> <span class='ocrx_word' id='word_1_313' title='bbox 2533 1596 2716 1649; x_wconf 89' lang='lat' dir='ltr'><strong>animo</strong></span> <span class='ocrx_word' id='word_1_314' title='bbox 2742 1605 2795 1651; x_wconf 89' lang='lat' dir='ltr'><strong>et</strong></span> <span class='ocrx_word' id='word_1_315' title='bbox 2815 1596 3053 1652; x_wconf 86' lang='lat' dir='ltr'><strong>sincere.</strong></span> <span class='ocrx_word' id='word_1_316' title='bbox 3088 1597 3163 1651; x_wconf 85' lang='lat' dir='ltr'><strong>Ac</strong></span> <span class='ocrx_word' id='word_1_317' title='bbox 3192 1600 3442 1653; x_wconf 87' lang='lat' dir='ltr'><strong>nonnulli</strong></span> <span class='ocrx_word' id='word_1_318' title='bbox 3469 1616 3568 1654; x_wconf 80' lang='lat' dir='ltr'><strong>ex-</strong></span> 
     </span>
    </p>
   </div>
   <div class='ocr_carea' id='block_1_47' title="bbox 1982 1688 3567 1762">
    <p class='ocr_par' dir='ltr' id='par_1_47' title="bbox 1982 1688 3567 1762">
     <span class='ocr_line' id='line_1_47' title="bbox 1982 1688 3567 1762; baseline 0.004 -21"><span class='ocrx_word' id='word_1_319' title='bbox 1982 1695 2199 1757; x_wconf 76' lang='lat' dir='ltr'><strong>Ceptum</strong></span> <span class='ocrx_word' id='word_1_320' title='bbox 2238 1702 2267 1739; x_wconf 90' lang='lat' dir='ltr'><strong>a</strong></span> <span class='ocrx_word' id='word_1_321' title='bbox 2298 1702 2358 1743; x_wconf 89' lang='lat' dir='ltr'><strong>se</strong></span> <span class='ocrx_word' id='word_1_322' title='bbox 2398 1688 2676 1743; x_wconf 88' lang='lat' dir='ltr'><strong>hominem</strong></span> <span class='ocrx_word' id='word_1_323' title='bbox 2725 1689 3015 1760; x_wconf 83' lang='lat' dir='ltr'><strong>negabant,</strong></span> <span class='ocrx_word' id='word_1_324' title='bbox 3044 1690 3136 1747; x_wconf 90' lang='lat' dir='ltr'><strong>alii</strong></span> <span class='ocrx_word' id='word_1_325' title='bbox 3176 1707 3273 1761; x_wconf 91' lang='lat' dir='ltr'><strong>per</strong></span> <span class='ocrx_word' id='word_1_326' title='bbox 3302 1692 3567 1762; x_wconf 84' lang='lat' dir='ltr'><strong>ignoran-</strong></span> 
     </span>
    </p>
   </div>
   <div class='ocr_carea' id='block_1_48' title="bbox 1982 1776 3570 1849">
    <p class='ocr_par' dir='ltr' id='par_1_48' title="bbox 1982 1776 3570 1849">
     <span class='ocr_line' id='line_1_48' title="bbox 1982 1776 3570 1849; baseline 0.004 -19"><span class='ocrx_word' id='word_1_327' title='bbox 1982 1778 2112 1831; x_wconf 88' lang='lat' dir='ltr'><strong>tiam</strong></span> <span class='ocrx_word' id='word_1_328' title='bbox 2157 1776 2484 1833; x_wconf 89' lang='lat' dir='ltr'><strong>admissum.</strong></span> <span class='ocrx_word' id='word_1_329' title='bbox 2523 1778 2693 1832; x_wconf 80' lang='lat' dir='ltr'><strong>Erant</strong></span> <span class='ocrx_word' id='word_1_330' title='bbox 2718 1786 2772 1833; x_wconf 86' lang='lat' dir='ltr'><strong>et</strong></span> <span class='ocrx_word' id='word_1_331' title='bbox 2798 1779 2889 1849; x_wconf 89' lang='lat' dir='ltr'><strong>qui</strong></span> <span class='ocrx_word' id='word_1_332' title='bbox 2928 1794 2993 1833; x_wconf 88' lang='lat' dir='ltr'><strong>eo</strong></span> <span class='ocrx_word' id='word_1_333' title='bbox 3028 1794 3088 1835; x_wconf 91' lang='lat' dir='ltr'><strong>se</strong></span> <span class='ocrx_word' id='word_1_334' title='bbox 3143 1782 3378 1837; x_wconf 88' lang='lat' dir='ltr'><strong>consilio</strong></span> <span class='ocrx_word' id='word_1_335' title='bbox 3418 1797 3570 1837; x_wconf 87' lang='lat' dir='ltr'><strong>rece-</strong></span> 
     </span>
    </p>
   </div>
   <div class='ocr_carea' id='block_1_49' title="bbox 1982 1868 3567 1939">
    <p class='ocr_par' dir='ltr' id='par_1_49' title="bbox 1982 1868 3567 1939">
     <span class='ocr_line' id='line_1_49' title="bbox 1982 1868 3567 1939; baseline 0.006 -18"><span class='ocrx_word' id='word_1_336' title='bbox 1982 1868 2130 1939; x_wconf 90' lang='lat' dir='ltr'><strong>pisse</strong></span> <span class='ocrx_word' id='word_1_337' title='bbox 2164 1869 2486 1933; x_wconf 79' lang='lat' dir='ltr'><strong>faterentur,</strong></span> <span class='ocrx_word' id='word_1_338' title='bbox 2528 1878 2730 1925; x_wconf 88' lang='lat' dir='ltr'><strong>uteum</strong></span> <span class='ocrx_word' id='word_1_339' title='bbox 2776 1870 2915 1925; x_wconf 90' lang='lat' dir='ltr'><strong>lucri</strong></span> <span class='ocrx_word' id='word_1_340' title='bbox 2947 1870 3212 1927; x_wconf 83' lang='lat' dir='ltr'><strong>facerent.</strong></span> <span class='ocrx_word' id='word_1_341' title='bbox 3255 1874 3313 1928; x_wconf 87' lang='lat' dir='ltr'><strong>In</strong></span> <span class='ocrx_word' id='word_1_342' title='bbox 3349 1888 3567 1930; x_wconf 85' lang='lat' dir='ltr'><strong>summa</strong></span> 
     </span>
    </p>
   </div>
   <div class='ocr_carea' id='block_1_50' title="bbox 1980 1962 3100 2035">
    <p class='ocr_par' dir='ltr' id='par_1_50' title="bbox 1980 1962 3100 2035">
     <span class='ocr_line' id='line_1_50' title="bbox 1980 1962 3100 2035; baseline 0.005 -20"><span class='ocrx_word' id='word_1_343' title='bbox 1980 1962 2132 2015; x_wconf 88' lang='lat' dir='ltr'><strong>varia</strong></span> <span class='ocrx_word' id='word_1_344' title='bbox 2163 1963 2469 2018; x_wconf 89' lang='lat' dir='ltr'><strong>litterarum</strong></span> <span class='ocrx_word' id='word_1_345' title='bbox 2504 1973 2826 2035; x_wconf 82' lang='lat' dir='ltr'><strong>argumenta</strong></span> <span class='ocrx_word' id='word_1_346' title='bbox 2861 1965 3100 2021; x_wconf 84' lang='lat' dir='ltr'><strong>fuerunt.</strong></span> 
     </span>
    </p>
   </div>
   <div class='ocr_carea' id='block_1_51' title="bbox 2052 2052 3568 2129">
    <p class='ocr_par' dir='ltr' id='par_1_51' title="bbox 2052 2052 3568 2129">
     <span class='ocr_line' id='line_1_51' title="bbox 2052 2052 3568 2129; baseline 0.006 -22"><span class='ocrx_word' id='word_1_347' title='bbox 2052 2052 2117 2110; x_wconf 85' lang='lat' dir='ltr'><strong>V.</strong></span> <span class='ocrx_word' id='word_1_348' title='bbox 2170 2055 2238 2109; x_wconf 83' lang='lat' dir='ltr'><strong>At</strong></span> <span class='ocrx_word' id='word_1_349' title='bbox 2286 2055 2453 2111; x_wconf 72' lang='lat' dir='ltr'><strong>Arius</strong></span> <span class='ocrx_word' id='word_1_350' title='bbox 2503 2058 2595 2113; x_wconf 90' lang='lat' dir='ltr'><strong>ubi</strong></span> <span class='ocrx_word' id='word_1_351' title='bbox 2646 2058 2882 2129; x_wconf 85' lang='lat' dir='ltr'><strong>scriptas</strong></span> <span class='ocrx_word' id='word_1_352' title='bbox 2931 2058 2999 2113; x_wconf 91' lang='lat' dir='ltr'><strong>ad</strong></span> <span class='ocrx_word' id='word_1_353' title='bbox 3041 2073 3235 2115; x_wconf 91' lang='lat' dir='ltr'><strong>omnes</strong></span> <span class='ocrx_word' id='word_1_354' title='bbox 3276 2057 3568 2128; x_wconf 82' lang='lat' dir='ltr'><strong>episcopos</strong></span> 
     </span>
    </p>
   </div>
   <div class='ocr_carea' id='block_1_52' title="bbox 1980 2146 3568 2223">
    <p class='ocr_par' dir='ltr' id='par_1_52' title="bbox 1980 2146 3568 2223">
     <span class='ocr_line' id='line_1_52' title="bbox 1980 2146 3568 2223; baseline 0.003 -22"><span class='ocrx_word' id='word_1_355' title='bbox 1980 2146 2192 2203; x_wconf 84' lang='lat' dir='ltr'><strong>litteras</strong></span> <span class='ocrx_word' id='word_1_356' title='bbox 2231 2150 2520 2220; x_wconf 88' lang='lat' dir='ltr'><strong>comperit,</strong></span> <span class='ocrx_word' id='word_1_357' title='bbox 2547 2165 2670 2205; x_wconf 91' lang='lat' dir='ltr'><strong>cum</strong></span> <span class='ocrx_word' id='word_1_358' title='bbox 2698 2150 2765 2204; x_wconf 91' lang='lat' dir='ltr'><strong>ab</strong></span> <span class='ocrx_word' id='word_1_359' title='bbox 2784 2150 3045 2205; x_wconf 89' lang='lat' dir='ltr'><strong>omnibus</strong></span> <span class='ocrx_word' id='word_1_360' title='bbox 3073 2150 3279 2223; x_wconf 83' lang='lat' dir='ltr'><strong>passim</strong></span> <span class='ocrx_word' id='word_1_361' title='bbox 3307 2150 3568 2207; x_wconf 86' lang='lat' dir='ltr'><strong>exclusus</strong></span> 
     </span>
    </p>
   </div>
   <div class='ocr_carea' id='block_1_53' title="bbox 1980 2241 3568 2313">
    <p class='ocr_par' dir='ltr' id='par_1_53' title="bbox 1980 2241 3568 2313">
     <span class='ocr_line' id='line_1_53' title="bbox 1980 2241 3568 2313; baseline 0.001 -18"><span class='ocrx_word' id='word_1_362' title='bbox 1980 2256 2012 2295; x_wconf 91' lang='lat' dir='ltr'><strong>a</strong></span> <span class='ocrx_word' id='word_1_363' title='bbox 2043 2241 2297 2307; x_wconf 89' lang='lat' dir='ltr'><strong>nemine,</strong></span> <span class='ocrx_word' id='word_1_364' title='bbox 2334 2249 2698 2312; x_wconf 60' lang='lat' dir='ltr'><strong>praeterquam</strong></span> <span class='ocrx_word' id='word_1_365' title='bbox 2729 2257 2760 2296; x_wconf 86' lang='lat' dir='ltr'><strong>a</strong></span> <span class='ocrx_word' id='word_1_366' title='bbox 2793 2241 3105 2297; x_wconf 82' lang='lat' dir='ltr'><strong>fautoribus</strong></span> <span class='ocrx_word' id='word_1_367' title='bbox 3138 2242 3277 2307; x_wconf 86' lang='lat' dir='ltr'><strong>suis,</strong></span> <span class='ocrx_word' id='word_1_368' title='bbox 3314 2242 3568 2313; x_wconf 83' lang='lat' dir='ltr'><strong>suscipe—</strong></span> 
     </span>
    </p>
   </div>
   <div class='ocr_carea' id='block_1_54' title="bbox 1980 2332 3566 2405">
    <p class='ocr_par' dir='ltr' id='par_1_54' title="bbox 1980 2332 3566 2405">
     <span class='ocr_line' id='line_1_54' title="bbox 1980 2332 3566 2405; baseline 0.001 -19"><span class='ocrx_word' id='word_1_369' title='bbox 1980 2338 2150 2399; x_wconf 86' lang='lat' dir='ltr'><strong>retur,</strong></span> <span class='ocrx_word' id='word_1_370' title='bbox 2186 2346 2420 2402; x_wconf 87' lang='lat' dir='ltr'><strong>quorum</strong></span> <span class='ocrx_word' id='word_1_371' title='bbox 2465 2333 2721 2403; x_wconf 84' lang='lat' dir='ltr'><strong>princeps</strong></span> <span class='ocrx_word' id='word_1_372' title='bbox 2763 2341 2881 2387; x_wconf 91' lang='lat' dir='ltr'><strong>erat</strong></span> <span class='ocrx_word' id='word_1_373' title='bbox 2921 2332 3191 2394; x_wconf 88' lang='lat' dir='ltr'><strong>Eusebius</strong></span> <span class='ocrx_word' id='word_1_374' title='bbox 3238 2334 3430 2405; x_wconf 79' lang='lat' dir='ltr'><strong>grandi</strong></span> <span class='ocrx_word' id='word_1_375' title='bbox 3469 2334 3566 2388; x_wconf 88' lang='lat' dir='ltr'><strong>ad-</strong></span> 
     </span>
    </p>
   </div>
   <div class='ocr_carea' id='block_1_55' title="bbox 1980 2422 3563 2494">
    <p class='ocr_par' dir='ltr' id='par_1_55' title="bbox 1980 2422 3563 2494">
     <span class='ocr_line' id='line_1_55' title="bbox 1980 2422 3563 2494; baseline 0.001 -16"><span class='ocrx_word' id='word_1_376' title='bbox 1980 2422 2203 2478; x_wconf 88' lang='lat' dir='ltr'><strong>modum</strong></span> <span class='ocrx_word' id='word_1_377' title='bbox 2243 2432 2375 2477; x_wconf 88' lang='lat' dir='ltr'><strong>natu</strong></span> <span class='ocrx_word' id='word_1_378' title='bbox 2422 2422 2858 2479; x_wconf 87' lang='lat' dir='ltr'><strong>Nicomediensis</strong></span> <span class='ocrx_word' id='word_1_379' title='bbox 2910 2425 3237 2494; x_wconf 85' lang='lat' dir='ltr'><strong>episcopus;</strong></span> <span class='ocrx_word' id='word_1_380' title='bbox 3290 2425 3384 2494; x_wconf 89' lang='lat' dir='ltr'><strong>qui</strong></span> <span class='ocrx_word' id='word_1_381' title='bbox 3436 2441 3563 2480; x_wconf 89' lang='lat' dir='ltr'><strong>cum</strong></span> 
     </span>
    </p>
   </div>
   <div class='ocr_carea' id='block_1_56' title="bbox 1979 2513 3566 2573">
    <p class='ocr_par' dir='ltr' id='par_1_56' title="bbox 1979 2513 3566 2573">
     <span class='ocr_line' id='line_1_56' title="bbox 1979 2513 3566 2573; baseline 0.001 -4"><span class='ocrx_word' id='word_1_382' title='bbox 1979 2514 2222 2571; x_wconf 84' lang='lat' dir='ltr'><strong>Luciano</strong></span> <span class='ocrx_word' id='word_1_383' title='bbox 2284 2513 2615 2570; x_wconf 70' lang='lat' dir='ltr'><strong>Nicomedia:</strong></span> <span class='ocrx_word' id='word_1_384' title='bbox 2671 2515 2835 2570; x_wconf 91' lang='lat' dir='ltr'><strong>simul</strong></span> <span class='ocrx_word' id='word_1_385' title='bbox 2902 2514 3117 2570; x_wconf 81' lang='lat' dir='ltr'><strong>vixerat</strong></span> <span class='ocrx_word' id='word_1_386' title='bbox 3176 2533 3189 2569; x_wconf 91' lang='lat'><strong>:</strong></span> <span class='ocrx_word' id='word_1_387' title='bbox 3244 2531 3455 2571; x_wconf 88' lang='lat' dir='ltr'><strong>necnon</strong></span> <span class='ocrx_word' id='word_1_388' title='bbox 3509 2525 3566 2573; x_wconf 89' lang='lat' dir='ltr'><strong>et</strong></span> 
     </span>
    </p>
   </div>
   <div class='ocr_carea' id='block_1_57' title="bbox 1940 2601 3563 2681">
    <p class='ocr_par' dir='ltr' id='par_1_57' title="bbox 1940 2601 3563 2681">
     <span class='ocr_line' id='line_1_57' title="bbox 1940 2601 3563 2681; baseline 0.003 -25"><span class='ocrx_word' id='word_1_389' title='bbox 1940 2669 1955 2681; x_wconf 37' lang='grc' dir='ltr'><em>τ</em></span> <span class='ocrx_word' id='word_1_390' title='bbox 1981 2601 2243 2658; x_wconf 81' lang='lat' dir='ltr'><strong>Leontius</strong></span> <span class='ocrx_word' id='word_1_391' title='bbox 2284 2601 2529 2658; x_wconf 91' lang='lat' dir='ltr'><strong>eviratus</strong></span> <span class='ocrx_word' id='word_1_392' title='bbox 2554 2602 2879 2669; x_wconf 67' lang='lat' dir='ltr'><strong>Antiochiae,</strong></span> <span class='ocrx_word' id='word_1_393' title='bbox 2914 2603 3159 2660; x_wconf 87' lang='lat' dir='ltr'><strong>nondum</strong></span> <span class='ocrx_word' id='word_1_394' title='bbox 3191 2605 3563 2677; x_wconf 80' lang='lat' dir='ltr'><strong>episcopalem</strong></span> 
     </span>
    </p>
   </div>
   <div class='ocr_carea' id='block_1_58' title="bbox 1980 2693 3565 2769">
    <p class='ocr_par' dir='ltr' id='par_1_58' title="bbox 1980 2693 3565 2769">
     <span class='ocr_line' id='line_1_58' title="bbox 1980 2693 3565 2769; baseline 0.004 -21"><span class='ocrx_word' id='word_1_395' title='bbox 1980 2694 2048 2748; x_wconf 87' lang='lat' dir='ltr'><strong>ad</strong></span> <span class='ocrx_word' id='word_1_396' title='bbox 2073 2694 2256 2749; x_wconf 88' lang='lat' dir='ltr'><strong>sedem</strong></span> <span class='ocrx_word' id='word_1_397' title='bbox 2287 2701 2592 2765; x_wconf 86' lang='lat' dir='ltr'><strong>promotus,</strong></span> <span class='ocrx_word' id='word_1_398' title='bbox 2624 2693 2823 2765; x_wconf 86' lang='lat' dir='ltr'><strong>aliique</strong></span> <span class='ocrx_word' id='word_1_399' title='bbox 2858 2696 3107 2751; x_wconf 90' lang='lat' dir='ltr'><strong>nonnulli</strong></span> <span class='ocrx_word' id='word_1_400' title='bbox 3138 2714 3152 2751; x_wconf 91' lang='lat'><strong>:</strong></span> <span class='ocrx_word' id='word_1_401' title='bbox 3192 2712 3316 2753; x_wconf 91' lang='lat' dir='ltr'><strong>cum</strong></span> <span class='ocrx_word' id='word_1_402' title='bbox 3337 2713 3468 2769; x_wconf 83' lang='lat' dir='ltr'><strong>ergo</strong></span> <span class='ocrx_word' id='word_1_403' title='bbox 3496 2714 3565 2755; x_wconf 80' lang='lat' dir='ltr'><strong>ex</strong></span> 
     </span>
    </p>
   </div>
   <div class='ocr_carea' id='block_1_59' title="bbox 1979 2787 3563 2859">
    <p class='ocr_par' dir='ltr' id='par_1_59' title="bbox 1979 2787 3563 2859">
     <span class='ocr_line' id='line_1_59' title="bbox 1979 2787 3563 2859; baseline 0.002 -16"><span class='ocrx_word' id='word_1_404' title='bbox 1979 2788 2289 2859; x_wconf 88' lang='lat' dir='ltr'><strong>pernicioso</strong></span> <span class='ocrx_word' id='word_1_405' title='bbox 2331 2787 2480 2844; x_wconf 91' lang='lat' dir='ltr'><strong>illius</strong></span> <span class='ocrx_word' id='word_1_406' title='bbox 2520 2787 2777 2844; x_wconf 88' lang='lat' dir='ltr'><strong>sodalitio</strong></span> <span class='ocrx_word' id='word_1_407' title='bbox 2818 2802 3010 2844; x_wconf 91' lang='lat' dir='ltr'><strong>omnes</strong></span> <span class='ocrx_word' id='word_1_408' title='bbox 3041 2789 3118 2844; x_wconf 91' lang='lat' dir='ltr'><strong>illi</strong></span> <span class='ocrx_word' id='word_1_409' title='bbox 3150 2799 3358 2855; x_wconf 90' lang='lat' dir='ltr'><strong>essent,</strong></span> <span class='ocrx_word' id='word_1_410' title='bbox 3404 2807 3563 2846; x_wconf 90' lang='lat' dir='ltr'><strong>eum-</strong></span> 
     </span>
    </p>
   </div>
   <div class='ocr_carea' id='block_1_60' title="bbox 1978 2878 3563 2953">
    <p class='ocr_par' dir='ltr' id='par_1_60' title="bbox 1978 2878 3563 2953">
     <span class='ocr_line' id='line_1_60' title="bbox 1978 2878 3563 2953; baseline 0.003 -20"><span class='ocrx_word' id='word_1_411' title='bbox 1978 2896 2085 2950; x_wconf 90' lang='lat' dir='ltr'><strong>que</strong></span> <span class='ocrx_word' id='word_1_412' title='bbox 2113 2880 2205 2933; x_wconf 89' lang='lat' dir='ltr'><strong>diu</strong></span> <span class='ocrx_word' id='word_1_413' title='bbox 2252 2878 2397 2950; x_wconf 89' lang='lat' dir='ltr'><strong>apud</strong></span> <span class='ocrx_word' id='word_1_414' title='bbox 2439 2895 2499 2935; x_wconf 91' lang='lat' dir='ltr'><strong>se</strong></span> <span class='ocrx_word' id='word_1_415' title='bbox 2537 2878 2809 2936; x_wconf 87' lang='lat' dir='ltr'><strong>Eusebius</strong></span> <span class='ocrx_word' id='word_1_416' title='bbox 2857 2880 3163 2946; x_wconf 84' lang='lat' dir='ltr'><strong>habuisset,</strong></span> <span class='ocrx_word' id='word_1_417' title='bbox 3194 2882 3458 2953; x_wconf 90' lang='lat' dir='ltr'><strong>epistolas</strong></span> <span class='ocrx_word' id='word_1_418' title='bbox 3493 2883 3563 2938; x_wconf 87' lang='lat' dir='ltr'><strong>ad</strong></span> 
     </span>
    </p>
   </div>
   <div class='ocr_carea' id='block_1_61' title="bbox 1979 2970 3563 3044">
    <p class='ocr_par' dir='ltr' id='par_1_61' title="bbox 1979 2970 3563 3044">
     <span class='ocr_line' id='line_1_61' title="bbox 1979 2970 3563 3044; baseline 0.002 -19"><span class='ocrx_word' id='word_1_419' title='bbox 1979 2972 2127 3027; x_wconf 90' lang='lat' dir='ltr'><strong>hunc</strong></span> <span class='ocrx_word' id='word_1_420' title='bbox 2169 2972 2347 3042; x_wconf 91' lang='lat' dir='ltr'><strong>ipsum</strong></span> <span class='ocrx_word' id='word_1_421' title='bbox 2392 2970 2690 3027; x_wconf 88' lang='lat' dir='ltr'><strong>Eusebium</strong></span> <span class='ocrx_word' id='word_1_422' title='bbox 2736 2971 2960 3043; x_wconf 87' lang='lat' dir='ltr'><strong>scripsit</strong></span> <span class='ocrx_word' id='word_1_423' title='bbox 2994 2988 3262 3044; x_wconf 79' lang='lat' dir='ltr'><strong>nugarum</strong></span> <span class='ocrx_word' id='word_1_424' title='bbox 3306 2974 3563 3044; x_wconf 87' lang='lat' dir='ltr'><strong>plenissi-</strong></span> 
     </span>
    </p>
   </div>
   <div class='ocr_carea' id='block_1_62' title="bbox 1979 3063 3559 3135">
    <p class='ocr_par' dir='ltr' id='par_1_62' title="bbox 1979 3063 3559 3135">
     <span class='ocr_line' id='line_1_62' title="bbox 1979 3063 3559 3135; baseline 0.002 -17"><span class='ocrx_word' id='word_1_425' title='bbox 1979 3079 2121 3128; x_wconf 93' lang='lat' dir='ltr'><strong>mas,</strong></span> <span class='ocrx_word' id='word_1_426' title='bbox 2162 3065 2365 3135; x_wconf 89' lang='lat' dir='ltr'><strong>quibus</strong></span> <span class='ocrx_word' id='word_1_427' title='bbox 2397 3063 2622 3134; x_wconf 90' lang='lat' dir='ltr'><strong>impium</strong></span> <span class='ocrx_word' id='word_1_428' title='bbox 2657 3078 2820 3117; x_wconf 91' lang='lat' dir='ltr'><strong>omne</strong></span> <span class='ocrx_word' id='word_1_429' title='bbox 2853 3063 3050 3133; x_wconf 83' lang='lat' dir='ltr'><strong>dogma</strong></span> <span class='ocrx_word' id='word_1_430' title='bbox 3092 3064 3411 3135; x_wconf 82' lang='lat' dir='ltr'><strong>complexus</strong></span> <span class='ocrx_word' id='word_1_431' title='bbox 3452 3076 3559 3122; x_wconf 91' lang='lat' dir='ltr'><strong>est.</strong></span> 
     </span>
    </p>
   </div>
   <div class='ocr_carea' id='block_1_63' title="bbox 278 3135 1876 3239">
    <p class='ocr_par' dir='ltr' id='par_1_63' title="bbox 278 3135 1871 3228">
     <span class='ocr_line' id='line_1_63' title="bbox 278 3135 1871 3228; baseline 0.016 -41"><span class='ocrx_word' id='word_1_432' title='bbox 278 3135 446 3199; x_wconf 72' lang='grc' dir='ltr'>αὐτὸς</span> <span class='ocrx_word' id='word_1_433' title='bbox 486 3138 703 3209; x_wconf 75' lang='grc' dir='ltr'>Ἄρειος</span> <span class='ocrx_word' id='word_1_434' title='bbox 751 3141 998 3213; x_wconf 79' lang='grc' dir='ltr'>Εὑσεϐίῳ</span> <span class='ocrx_word' id='word_1_435' title='bbox 1038 3145 1119 3217; x_wconf 82' lang='grc' dir='ltr'>τῷ</span> <span class='ocrx_word' id='word_1_436' title='bbox 1154 3148 1214 3201; x_wconf 88' lang='grc' dir='ltr'><strong>ἐν</strong></span> <span class='ocrx_word' id='word_1_437' title='bbox 1249 3148 1607 3226; x_wconf 81' lang='grc' dir='ltr'>Νικομηδείᾳ,</span> <span class='ocrx_word' id='word_1_438' title='bbox 1644 3157 1871 3228; x_wconf 78' lang='grc' dir='ltr'>μηδέπω</span> 
     </span>
    </p>
   </div>
   <div class='ocr_carea' id='block_1_64' title="bbox 1984 3135 3558 3239">
    <p class='ocr_par' dir='ltr' id='par_1_64' title="bbox 1984 3154 3558 3226">
     <span class='ocr_line' id='line_1_64' title="bbox 1984 3154 3558 3226; baseline 0.001 -15"><span class='ocrx_word' id='word_1_439' title='bbox 1984 3156 2306 3226; x_wconf 84' lang='lat' dir='ltr'><strong>Quanquam</strong></span> <span class='ocrx_word' id='word_1_440' title='bbox 2348 3156 2591 3210; x_wconf 86' lang='lat' dir='ltr'><strong>nondum</strong></span> <span class='ocrx_word' id='word_1_441' title='bbox 2627 3154 3000 3212; x_wconf 86' lang='lat' dir='ltr'><strong>Nicomediam</strong></span> <span class='ocrx_word' id='word_1_442' title='bbox 3029 3157 3096 3212; x_wconf 93' lang='lat' dir='ltr'><strong>ad</strong></span> <span class='ocrx_word' id='word_1_443' title='bbox 3128 3156 3280 3211; x_wconf 91' lang='lat' dir='ltr'><strong>illum</strong></span> <span class='ocrx_word' id='word_1_444' title='bbox 3316 3166 3558 3214; x_wconf 76' lang='lat' dir='ltr'><strong>venerat.</strong></span> 
     </span>
    </p>
   </div>
   <div class='ocr_carea' id='block_1_65' title="bbox 279 3227 1867 3323">
    <p class='ocr_par' dir='ltr' id='par_1_65' title="bbox 279 3227 1867 3323">
     <span class='ocr_line' id='line_1_65' title="bbox 279 3227 1867 3323; baseline 0.016 -44"><span class='ocrx_word' id='word_1_445' title='bbox 279 3227 505 3323; x_wconf 53' lang='lat' dir='ltr'><strong>tpOéoac</strong></span> <span class='ocrx_word' id='word_1_446' title='bbox 516 3232 655 3302; x_wconf 82' lang='grc' dir='ltr'>πρὸς</span> <span class='ocrx_word' id='word_1_447' title='bbox 679 3232 843 3287; x_wconf 83' lang='grc' dir='ltr'>αὑτὸν</span> <span class='ocrx_word' id='word_1_448' title='bbox 871 3236 929 3287; x_wconf 80' lang='grc' dir='ltr'><strong>ἐν</strong></span> <span class='ocrx_word' id='word_1_449' title='bbox 953 3236 1002 3288; x_wconf 87' lang='grc' dir='ltr'>Ν</span> <span class='ocrx_word' id='word_1_450' title='bbox 1008 3239 1313 3313; x_wconf 76' lang='grc' dir='ltr'>ικομηδείᾳ,</span> <span class='ocrx_word' id='word_1_451' title='bbox 1336 3243 1489 3297; x_wconf 85' lang='grc' dir='ltr'>οὐδὲν</span> <span class='ocrx_word' id='word_1_452' title='bbox 1510 3246 1671 3301; x_wconf 84' lang='grc' dir='ltr'>πλέον</span> <span class='ocrx_word' id='word_1_453' title='bbox 1698 3227 1811 3303; x_wconf 83' lang='grc' dir='ltr'>ἀλλ’</span> <span class='ocrx_word' id='word_1_454' title='bbox 1834 3252 1867 3323; x_wconf 82' lang='grc' dir='ltr'>ἢ</span> 
     </span>
    </p>
   </div>
   <div class='ocr_carea' id='block_1_66' title="bbox 279 3319 1869 3407">
    <p class='ocr_par' dir='ltr' id='par_1_66' title="bbox 279 3319 1869 3407">
     <span class='ocr_line' id='line_1_66' title="bbox 279 3319 1869 3407; baseline 0.017 -36"><span class='ocrx_word' id='word_1_455' title='bbox 279 3319 350 3372; x_wconf 80' lang='grc' dir='ltr'>τὰ</span> <span class='ocrx_word' id='word_1_456' title='bbox 379 3320 522 3374; x_wconf 87' lang='grc' dir='ltr'><strong>αὑτά</strong></span> <span class='ocrx_word' id='word_1_457' title='bbox 558 3324 721 3376; x_wconf 85' lang='grc' dir='ltr'>ὁποῖα</span> <span class='ocrx_word' id='word_1_458' title='bbox 764 3326 857 3379; x_wconf 77' lang='grc' dir='ltr'>καὶ</span> <span class='ocrx_word' id='word_1_459' title='bbox 906 3328 1121 3400; x_wconf 79' lang='grc' dir='ltr'>ἐφρόνει</span> <span class='ocrx_word' id='word_1_460' title='bbox 1154 3333 1213 3386; x_wconf 82' lang='grc' dir='ltr'><strong>ἐν</strong></span> <span class='ocrx_word' id='word_1_461' title='bbox 1240 3334 1432 3401; x_wconf 86' lang='grc' dir='ltr'>αὑταῖς</span> <span class='ocrx_word' id='word_1_462' title='bbox 1470 3338 1716 3407; x_wconf 80' lang='grc' dir='ltr'>ἐντάξας,</span> <span class='ocrx_word' id='word_1_463' title='bbox 1749 3319 1869 3397; x_wconf 53' lang='lat' dir='ltr'><strong>acac;</strong></span> 
     </span>
    </p>
   </div>
   <div class='ocr_carea' id='block_1_67' title="bbox 279 3412 1869 3505">
    <p class='ocr_par' dir='ltr' id='par_1_67' title="bbox 279 3412 1869 3505">
     <span class='ocr_line' id='line_1_67' title="bbox 279 3412 1869 3505; baseline 0.018 -43"><span class='ocrx_word' id='word_1_464' title='bbox 279 3412 487 3465; x_wconf 87' lang='grc' dir='ltr'>ἐκεῖνον</span> <span class='ocrx_word' id='word_1_465' title='bbox 514 3413 605 3467; x_wconf 84' lang='grc' dir='ltr'><strong>τὸν</strong></span> <span class='ocrx_word' id='word_1_466' title='bbox 634 3417 827 3488; x_wconf 84' lang='grc' dir='ltr'>καιρὸν</span> <span class='ocrx_word' id='word_1_467' title='bbox 856 3420 1367 3492; x_wconf 80' lang='grc' dir='ltr'>ἐπραγματεύσατο’</span> <span class='ocrx_word' id='word_1_468' title='bbox 1406 3429 1468 3495; x_wconf 79' lang='grc' dir='ltr'>ἐξ</span> <span class='ocrx_word' id='word_1_469' title='bbox 1509 3425 1585 3486; x_wconf 87' lang='grc' dir='ltr'>ὧν</span> <span class='ocrx_word' id='word_1_470' title='bbox 1618 3435 1749 3505; x_wconf 88' lang='grc' dir='ltr'>μίαν</span> <span class='ocrx_word' id='word_1_471' title='bbox 1782 3436 1869 3490; x_wconf 87' lang='grc' dir='ltr'>ἐλ-</span> 
     </span>
    </p>
   </div>
   <div class='ocr_carea' id='block_1_68' title="bbox 280 3504 1869 3595">
    <p class='ocr_par' dir='ltr' id='par_1_68' title="bbox 280 3504 1869 3595">
     <span class='ocr_line' id='line_1_68' title="bbox 280 3504 1869 3595; baseline 0.016 -38"><span class='ocrx_word' id='word_1_472' title='bbox 280 3504 481 3560; x_wconf 83' lang='grc' dir='ltr'>θοῦσαν</span> <span class='ocrx_word' id='word_1_473' title='bbox 519 3508 599 3572; x_wconf 83' lang='grc' dir='ltr'><strong>εἰς</strong></span> <span class='ocrx_word' id='word_1_474' title='bbox 633 3508 733 3574; x_wconf 83' lang='grc' dir='ltr'><strong>τάς</strong></span> <span class='ocrx_word' id='word_1_475' title='bbox 764 3512 1039 3585; x_wconf 82' lang='grc' dir='ltr'>ἡμετέρας</span> <span class='ocrx_word' id='word_1_476' title='bbox 1071 3519 1260 3589; x_wconf 83' lang='grc' dir='ltr'>χεῖρας</span> <span class='ocrx_word' id='word_1_477' title='bbox 1298 3521 1532 3577; x_wconf 79' lang='grc' dir='ltr'>ἐνταῦθα</span> <span class='ocrx_word' id='word_1_478' title='bbox 1572 3504 1869 3595; x_wconf 83' lang='grc' dir='ltr'>ἀναγκαῖον</span> 
     </span>
    </p>
   </div>
   <div class='ocr_carea' id='block_1_69' title="bbox 279 3598 1866 3688">
    <p class='ocr_par' dir='ltr' id='par_1_69' title="bbox 279 3598 1866 3688">
     <span class='ocr_line' id='line_1_69' title="bbox 279 3598 1866 3688; baseline 0.014 -37"><span class='ocrx_word' id='word_1_479' title='bbox 279 3598 578 3671; x_wconf 74' lang='grc' dir='ltr'>ἡγησάμην</span> <span class='ocrx_word' id='word_1_480' title='bbox 607 3603 965 3673; x_wconf 79' lang='grc' dir='ltr'>παραθέσθαι,</span> <span class='ocrx_word' id='word_1_481' title='bbox 992 3600 1139 3673; x_wconf 84' lang='grc' dir='ltr'>ὅπως</span> <span class='ocrx_word' id='word_1_482' title='bbox 1165 3610 1324 3665; x_wconf 78' lang='grc' dir='ltr'>ἴδοιεν</span> <span class='ocrx_word' id='word_1_483' title='bbox 1350 3614 1401 3665; x_wconf 75' lang='grc' dir='ltr'>οἱ</span> <span class='ocrx_word' id='word_1_484' title='bbox 1430 3615 1866 3688; x_wconf 87' lang='grc' dir='ltr'>ἐντυγχάνοντες,</span> 
     </span>
    </p>
   </div>
   <div class='ocr_carea' id='block_1_70' title="bbox 277 3688 1866 3782">
    <p class='ocr_par' dir='ltr' id='par_1_70' title="bbox 277 3688 1866 3782">
     <span class='ocr_line' id='line_1_70' title="bbox 277 3688 1866 3782; baseline 0.018 -44"><span class='ocrx_word' id='word_1_485' title='bbox 277 3688 358 3740; x_wconf 85' lang='grc' dir='ltr'>ὅτι</span> <span class='ocrx_word' id='word_1_486' title='bbox 391 3688 455 3741; x_wconf 80' lang='grc' dir='ltr'><strong>οὑ</strong></span> <span class='ocrx_word' id='word_1_487' title='bbox 488 3707 539 3742; x_wconf 87' lang='grc' dir='ltr'><strong>τι</strong></span> <span class='ocrx_word' id='word_1_488' title='bbox 568 3692 711 3745; x_wconf 87' lang='grc' dir='ltr'>κατά</span> <span class='ocrx_word' id='word_1_489' title='bbox 735 3711 878 3758; x_wconf 86' lang='grc' dir='ltr'>τινος</span> <span class='ocrx_word' id='word_1_490' title='bbox 908 3702 1463 3772; x_wconf 85' lang='grc' dir='ltr'>σεσυκοφαντημένως</span> <span class='ocrx_word' id='word_1_491' title='bbox 1485 3708 1810 3781; x_wconf 80' lang='grc' dir='ltr'>είρήκαμεν,</span> <span class='ocrx_word' id='word_1_492' title='bbox 1834 3711 1866 3782; x_wconf 85' lang='grc' dir='ltr'>ἦ</span> 
     </span>
    </p>
   </div>
   <div class='ocr_carea' id='block_1_71' title="bbox 279 3776 1012 3857">
    <p class='ocr_par' dir='ltr' id='par_1_71' title="bbox 279 3776 1012 3857">
     <span class='ocr_line' id='line_1_71' title="bbox 279 3776 1012 3857; baseline 0.014 -27"><span class='ocrx_word' id='word_1_493' title='bbox 279 3776 537 3850; x_wconf 86' lang='grc' dir='ltr'>λέγομεν.</span> <span class='ocrx_word' id='word_1_494' title='bbox 572 3782 681 3835; x_wconf 75' lang='grc' dir='ltr'>Καὶ</span> <span class='ocrx_word' id='word_1_495' title='bbox 714 3781 860 3838; x_wconf 78' lang='grc' dir='ltr'>ἐστιν</span> <span class='ocrx_word' id='word_1_496' title='bbox 898 3786 1012 3857; x_wconf 81' lang='grc' dir='ltr'>ἥδε·</span> 
     </span>
    </p>
   </div>
   <div class='ocr_carea' id='block_1_72' title="bbox 771 3982 1389 4059">
    <p class='ocr_par' dir='ltr' id='par_1_72' title="bbox 771 3982 1389 4059">
     <span class='ocr_line' id='line_1_72' title="bbox 771 3982 1389 4059; baseline 0.019 -23"><span class='ocrx_word' id='word_1_497' title='bbox 771 3982 1099 4056; x_wconf 77' lang='grc' dir='ltr'>Ἐπιστολὴ</span> <span class='ocrx_word' id='word_1_498' title='bbox 1149 3989 1389 4059; x_wconf 79' lang='grc' dir='ltr'>Ἀρείου.</span> 
     </span>
    </p>
   </div>
   <div class='ocr_carea' id='block_1_73' title="bbox 354 4093 1864 4185">
    <p class='ocr_par' dir='ltr' id='par_1_73' title="bbox 354 4093 1864 4185">
     <span class='ocr_line' id='line_1_73' title="bbox 354 4093 1864 4185; baseline 0.017 -42"><span class='ocrx_word' id='word_1_499' title='bbox 354 4095 448 4160; x_wconf 69' lang='grc' dir='ltr'>ς’.</span> <span class='ocrx_word' id='word_1_500' title='bbox 491 4093 685 4165; x_wconf 86' lang='grc' dir='ltr'>Κυρίῳ</span> <span class='ocrx_word' id='word_1_501' title='bbox 717 4096 1081 4169; x_wconf 86' lang='grc' dir='ltr'>ποθεινοτάτῳ</span> <span class='ocrx_word' id='word_1_502' title='bbox 1135 4101 1410 4178; x_wconf 84' lang='grc' dir='ltr'>ἀνθρώπῳ</span> <span class='ocrx_word' id='word_1_503' title='bbox 1467 4108 1603 4163; x_wconf 81' lang='grc' dir='ltr'>Θεοῦ</span> <span class='ocrx_word' id='word_1_504' title='bbox 1669 4112 1864 4185; x_wconf 82' lang='grc' dir='ltr'>πιστῷ,</span> 
     </span>
    </p>
   </div>
   <div class='ocr_carea' id='block_1_74' title="bbox 280 4185 1869 4269">
    <p class='ocr_par' dir='ltr' id='par_1_74' title="bbox 280 4185 1869 4269">
     <span class='ocr_line' id='line_1_74' title="bbox 280 4185 1869 4269; baseline 0.014 -31"><span class='ocrx_word' id='word_1_505' title='bbox 280 4185 549 4256; x_wconf 77' lang='grc' dir='ltr'>όρθοδόξῳ</span> <span class='ocrx_word' id='word_1_506' title='bbox 585 4186 851 4259; x_wconf 84' lang='grc' dir='ltr'>Εὑσεϐίῳ,</span> <span class='ocrx_word' id='word_1_507' title='bbox 887 4190 1104 4260; x_wconf 76' lang='grc' dir='ltr'>’Ἄρειος</span> <span class='ocrx_word' id='word_1_508' title='bbox 1152 4195 1181 4246; x_wconf 92' lang='lat'><strong>6</strong></span> <span class='ocrx_word' id='word_1_509' title='bbox 1218 4194 1545 4269; x_wconf 87' lang='grc' dir='ltr'>διωκόμενος</span> <span class='ocrx_word' id='word_1_510' title='bbox 1580 4203 1683 4256; x_wconf 86' lang='grc' dir='ltr'>ὑπὸ</span> <span class='ocrx_word' id='word_1_511' title='bbox 1721 4206 1869 4260; x_wconf 83' lang='grc' dir='ltr'>Ἀλε-</span> 
     </span>
    </p>
   </div>
   <div class='ocr_carea' id='block_1_75' title="bbox 282 4277 1870 4368">
    <p class='ocr_par' dir='ltr' id='par_1_75' title="bbox 282 4277 1870 4368">
     <span class='ocr_line' id='line_1_75' title="bbox 282 4277 1870 4368; baseline 0.013 -38"><span class='ocrx_word' id='word_1_512' title='bbox 282 4277 508 4349; x_wconf 82' lang='grc' dir='ltr'>ξάνδρου</span> <span class='ocrx_word' id='word_1_513' title='bbox 545 4280 704 4331; x_wconf 87' lang='grc' dir='ltr'><strong>πάπα</strong></span> <span class='ocrx_word' id='word_1_514' title='bbox 749 4280 949 4344; x_wconf 86' lang='grc' dir='ltr'>ἀδίκως</span> <span class='ocrx_word' id='word_1_515' title='bbox 981 4281 1067 4337; x_wconf 80' lang='grc' dir='ltr'><strong>διὰ</strong></span> <span class='ocrx_word' id='word_1_516' title='bbox 1100 4283 1199 4355; x_wconf 79' lang='grc' dir='ltr'>τὴν</span> <span class='ocrx_word' id='word_1_517' title='bbox 1238 4288 1412 4342; x_wconf 77' lang='grc' dir='ltr'>πάντα</span> <span class='ocrx_word' id='word_1_518' title='bbox 1453 4292 1690 4348; x_wconf 84' lang='grc' dir='ltr'>νικῶσαν</span> <span class='ocrx_word' id='word_1_519' title='bbox 1734 4297 1870 4368; x_wconf 85' lang='grc' dir='ltr'>ἀλή-</span> 
     </span>
    </p>
   </div>
   <div class='ocr_carea' id='block_1_76' title="bbox 285 4366 1870 4460">
    <p class='ocr_par' dir='ltr' id='par_1_76' title="bbox 285 4366 1870 4460">
     <span class='ocr_line' id='line_1_76' title="bbox 285 4366 1870 4460; baseline 0.012 -37"><span class='ocrx_word' id='word_1_520' title='bbox 285 4370 459 4438; x_wconf 88' lang='grc' dir='ltr'>θειαν,</span> <span class='ocrx_word' id='word_1_521' title='bbox 529 4366 599 4444; x_wconf 85' lang='grc' dir='ltr'>ἦς</span> <span class='ocrx_word' id='word_1_522' title='bbox 644 4372 738 4427; x_wconf 80' lang='grc' dir='ltr'>καὶ</span> <span class='ocrx_word' id='word_1_523' title='bbox 797 4374 863 4428; x_wconf 78' lang='grc' dir='ltr'>σὺ</span> <span class='ocrx_word' id='word_1_524' title='bbox 918 4376 1333 4450; x_wconf 76' lang='grc' dir='ltr'>ὑπερασπίζεις,</span> <span class='ocrx_word' id='word_1_525' title='bbox 1398 4382 1455 4438; x_wconf 88' lang='grc' dir='ltr'><strong>ἐν</strong></span> <span class='ocrx_word' id='word_1_526' title='bbox 1516 4386 1708 4460; x_wconf 86' lang='grc' dir='ltr'>Κυρίῳ</span> <span class='ocrx_word' id='word_1_527' title='bbox 1749 4366 1870 4460; x_wconf 84' lang='grc' dir='ltr'>χαί-</span> 
     </span>
    </p>
   </div>
   <div class='ocr_carea' id='block_1_77' title="bbox 285 4479 424 4534">
    <p class='ocr_par' dir='ltr' id='par_1_77' title="bbox 285 4479 424 4534">
     <span class='ocr_line' id='line_1_77' title="bbox 285 4479 424 4534; baseline 0.014 -20"><span class='ocrx_word' id='word_1_528' title='bbox 285 4479 424 4534; x_wconf 84' lang='grc' dir='ltr'>ρειν.</span> 
     </span>
    </p>
   </div>
   <div class='ocr_carea' id='block_1_78' title="bbox 353 4553 1872 4644">
    <p class='ocr_par' dir='ltr' id='par_1_78' title="bbox 353 4553 1872 4644">
     <span class='ocr_line' id='line_1_78' title="bbox 353 4553 1872 4644; baseline 0.015 -38"><span class='ocrx_word' id='word_1_529' title='bbox 353 4553 463 4607; x_wconf 81' lang='grc' dir='ltr'>Τοῦ</span> <span class='ocrx_word' id='word_1_530' title='bbox 496 4555 702 4627; x_wconf 85' lang='grc' dir='ltr'>πατρός</span> <span class='ocrx_word' id='word_1_531' title='bbox 743 4576 844 4629; x_wconf 92' lang='grc' dir='ltr'><strong>μου</strong></span> <span class='ocrx_word' id='word_1_532' title='bbox 899 4561 1207 4633; x_wconf 89' lang='grc' dir='ltr'>Ἀμμωνίου</span> <span class='ocrx_word' id='word_1_533' title='bbox 1244 4566 1323 4630; x_wconf 87' lang='grc' dir='ltr'><strong>είς</strong></span> <span class='ocrx_word' id='word_1_534' title='bbox 1364 4567 1463 4640; x_wconf 82' lang='grc' dir='ltr'>τὴν</span> <span class='ocrx_word' id='word_1_535' title='bbox 1505 4566 1872 4644; x_wconf 79' lang='grc' dir='ltr'>Νικομήδειαν</span> 
     </span>
    </p>
   </div>
   <div class='ocr_carea' id='block_1_79' title="bbox 283 4646 1870 4736">
    <p class='ocr_par' dir='ltr' id='par_1_79' title="bbox 283 4646 1870 4736">
     <span class='ocr_line' id='line_1_79' title="bbox 283 4646 1870 4736; baseline 0.014 -39"><span class='ocrx_word' id='word_1_536' title='bbox 283 4646 642 4717; x_wconf 80' lang='grc' dir='ltr'>ἀφικομένου,</span> <span class='ocrx_word' id='word_1_537' title='bbox 697 4649 919 4720; x_wconf 76' lang='grc' dir='ltr'>εὔλογον</span> <span class='ocrx_word' id='word_1_538' title='bbox 974 4654 1069 4707; x_wconf 71' lang='grc' dir='ltr'>καὶ</span> <span class='ocrx_word' id='word_1_539' title='bbox 1125 4656 1476 4729; x_wconf 80' lang='grc' dir='ltr'>ὀφειλόμενον</span> <span class='ocrx_word' id='word_1_540' title='bbox 1532 4662 1708 4734; x_wconf 86' lang='grc' dir='ltr'>ἐφάνη</span> <span class='ocrx_word' id='word_1_541' title='bbox 1779 4683 1870 4736; x_wconf 89' lang='grc' dir='ltr'><strong>μοι</strong></span> 
     </span>
    </p>
   </div>
   <div class='ocr_carea' id='block_1_80' title="bbox 282 4737 1871 4825">
    <p class='ocr_par' dir='ltr' id='par_1_80' title="bbox 282 4737 1871 4825">
     <span class='ocr_line' id='line_1_80' title="bbox 282 4737 1871 4825; baseline 0.014 -39"><span class='ocrx_word' id='word_1_542' title='bbox 282 4737 731 4810; x_wconf 80' lang='grc' dir='ltr'>προσαγορεῦσαί</span> <span class='ocrx_word' id='word_1_543' title='bbox 768 4757 828 4793; x_wconf 86' lang='grc' dir='ltr'><strong>σε</strong></span> <span class='ocrx_word' id='word_1_544' title='bbox 864 4742 930 4793; x_wconf 80' lang='grc' dir='ltr'>δι’</span> <span class='ocrx_word' id='word_1_545' title='bbox 960 4743 1147 4811; x_wconf 82' lang='grc' dir='ltr'>αὑτοῦ,</span> <span class='ocrx_word' id='word_1_546' title='bbox 1178 4746 1314 4817; x_wconf 85' lang='grc' dir='ltr'>ὁμοῦ</span> <span class='ocrx_word' id='word_1_547' title='bbox 1348 4765 1409 4801; x_wconf 85' lang='grc' dir='ltr'><strong>τε</strong></span> <span class='ocrx_word' id='word_1_548' title='bbox 1443 4750 1536 4804; x_wconf 78' lang='grc' dir='ltr'>καὶ</span> <span class='ocrx_word' id='word_1_549' title='bbox 1560 4752 1871 4825; x_wconf 84' lang='grc' dir='ltr'>ὑπομνῆσαι</span> 
     </span>
    </p>
   </div>
   <div class='ocr_carea' id='block_1_81' title="bbox 288 4828 1872 4919">
    <p class='ocr_par' dir='ltr' id='par_1_81' title="bbox 288 4828 1872 4919">
     <span class='ocr_line' id='line_1_81' title="bbox 288 4828 1872 4919; baseline 0.014 -40"><span class='ocrx_word' id='word_1_550' title='bbox 288 4828 388 4899; x_wconf 83' lang='grc' dir='ltr'>τὴν</span> <span class='ocrx_word' id='word_1_551' title='bbox 417 4828 659 4899; x_wconf 76' lang='grc' dir='ltr'>ἔμφυτόν</span> <span class='ocrx_word' id='word_1_552' title='bbox 690 4848 784 4885; x_wconf 90' lang='grc' dir='ltr'><strong>σου</strong></span> <span class='ocrx_word' id='word_1_553' title='bbox 815 4834 1035 4905; x_wconf 80' lang='grc' dir='ltr'>ἀγάπην</span> <span class='ocrx_word' id='word_1_554' title='bbox 1065 4842 1159 4891; x_wconf 79' lang='grc' dir='ltr'>καὶ</span> <span class='ocrx_word' id='word_1_555' title='bbox 1184 4838 1442 4907; x_wconf 86' lang='grc' dir='ltr'>διάθεσιν,</span> <span class='ocrx_word' id='word_1_556' title='bbox 1470 4842 1535 4911; x_wconf 76' lang='grc' dir='ltr'>ἢν</span> <span class='ocrx_word' id='word_1_557' title='bbox 1567 4842 1709 4914; x_wconf 78' lang='grc' dir='ltr'>ἔχεις</span> <span class='ocrx_word' id='word_1_558' title='bbox 1736 4847 1872 4919; x_wconf 84' lang='grc' dir='ltr'>πρὸς</span> 
     </span>
    </p>
   </div>
   <div class='ocr_carea' id='block_1_82' title="bbox 282 4920 1863 5002">
    <p class='ocr_par' dir='ltr' id='par_1_82' title="bbox 282 4920 1863 5002">
     <span class='ocr_line' id='line_1_82' title="bbox 282 4920 1863 5002; baseline 0.013 -31"><span class='ocrx_word' id='word_1_559' title='bbox 282 4920 410 4983; x_wconf 77' lang='grc' dir='ltr'>τοὺς</span> <span class='ocrx_word' id='word_1_560' title='bbox 447 4920 710 4991; x_wconf 77' lang='grc' dir='ltr'>ἀδελφοὺς</span> <span class='ocrx_word' id='word_1_561' title='bbox 764 4925 852 4979; x_wconf 77' lang='grc' dir='ltr'><strong>διὰ</strong></span> <span class='ocrx_word' id='word_1_562' title='bbox 883 4927 974 4980; x_wconf 79' lang='grc' dir='ltr'><strong>τὸν</strong></span> <span class='ocrx_word' id='word_1_563' title='bbox 1003 4928 1136 4982; x_wconf 84' lang='grc' dir='ltr'>Θεὸν</span> <span class='ocrx_word' id='word_1_564' title='bbox 1170 4930 1263 4983; x_wconf 74' lang='grc' dir='ltr'>καὶ</span> <span class='ocrx_word' id='word_1_565' title='bbox 1292 4931 1384 4985; x_wconf 88' lang='grc' dir='ltr'>τὸν</span> <span class='ocrx_word' id='word_1_566' title='bbox 1416 4930 1650 5002; x_wconf 85' lang='grc' dir='ltr'>Χριστὸν</span> <span class='ocrx_word' id='word_1_567' title='bbox 1676 4936 1863 5002; x_wconf 79' lang='grc' dir='ltr'>αὑτοῦ,</span> 
     </span>
    </p>
   </div>
   <div class='ocr_carea' id='block_1_83' title="bbox 280 5012 1867 5090">
    <p class='ocr_par' dir='ltr' id='par_1_83' title="bbox 280 5012 1867 5090">
     <span class='ocr_line' id='line_1_83' title="bbox 280 5012 1867 5090; baseline 0.011 -27"><span class='ocrx_word' id='word_1_568' title='bbox 280 5012 365 5065; x_wconf 83' lang='grc' dir='ltr'>ὅτι</span> <span class='ocrx_word' id='word_1_569' title='bbox 395 5012 649 5082; x_wconf 81' lang='grc' dir='ltr'>μεγάλως</span> <span class='ocrx_word' id='word_1_570' title='bbox 685 5017 834 5087; x_wconf 75' lang='grc' dir='ltr'>ἡμᾶς</span> <span class='ocrx_word' id='word_1_571' title='bbox 863 5018 1119 5090; x_wconf 82' lang='grc' dir='ltr'>ἐκπορθεί</span> <span class='ocrx_word' id='word_1_572' title='bbox 1156 5022 1248 5074; x_wconf 73' lang='grc' dir='ltr'>καὶ</span> <span class='ocrx_word' id='word_1_573' title='bbox 1270 5021 1475 5089; x_wconf 85' lang='grc' dir='ltr'>διώκει,</span> <span class='ocrx_word' id='word_1_574' title='bbox 1504 5026 1597 5078; x_wconf 72' lang='grc' dir='ltr'>καὶ</span> <span class='ocrx_word' id='word_1_575' title='bbox 1623 5029 1732 5080; x_wconf 79' lang='grc' dir='ltr'><strong>πᾶν</strong></span> <span class='ocrx_word' id='word_1_576' title='bbox 1766 5045 1867 5082; x_wconf 84' lang='grc' dir='ltr'>κα-</span> 
     </span>
    </p>
   </div>
   <div class='ocr_carea' id='block_1_84' title="bbox 283 5105 1868 5187">
    <p class='ocr_par' dir='ltr' id='par_1_84' title="bbox 283 5105 1868 5187">
     <span class='ocr_line' id='line_1_84' title="bbox 283 5105 1868 5187; baseline 0.011 -30"><span class='ocrx_word' id='word_1_577' title='bbox 283 5105 379 5158; x_wconf 81' lang='grc' dir='ltr'><strong>κὸν</strong></span> <span class='ocrx_word' id='word_1_578' title='bbox 414 5109 558 5160; x_wconf 87' lang='grc' dir='ltr'><strong>κινεί</strong></span> <span class='ocrx_word' id='word_1_579' title='bbox 580 5108 692 5177; x_wconf 79' lang='grc'><strong>(75)</strong></span> <span class='ocrx_word' id='word_1_580' title='bbox 725 5109 845 5162; x_wconf 87' lang='grc' dir='ltr'>καθ’</span> <span class='ocrx_word' id='word_1_581' title='bbox 871 5113 1026 5182; x_wconf 81' lang='grc' dir='ltr'>ἡμῶν</span> <span class='ocrx_word' id='word_1_582' title='bbox 1048 5115 1076 5166; x_wconf 94' lang='lat'><strong>6</strong></span> <span class='ocrx_word' id='word_1_583' title='bbox 1104 5114 1422 5184; x_wconf 85' lang='grc' dir='ltr'>ἐπίσκοπος,</span> <span class='ocrx_word' id='word_1_584' title='bbox 1455 5117 1594 5170; x_wconf 83' lang='grc' dir='ltr'>ὥστε</span> <span class='ocrx_word' id='word_1_585' title='bbox 1615 5120 1868 5187; x_wconf 79' lang='grc' dir='ltr'>ἐκδιῶξαι</span> 
     </span>
    </p>
   </div>
   <div class='ocr_carea' id='block_1_85' title="bbox 282 5200 1866 5287">
    <p class='ocr_par' dir='ltr' id='par_1_85' title="bbox 282 5200 1866 5287">
     <span class='ocr_line' id='line_1_85' title="bbox 282 5200 1866 5287; baseline 0.011 -36"><span class='ocrx_word' id='word_1_586' title='bbox 282 5200 433 5269; x_wconf 77' lang='grc' dir='ltr'>ἡμᾶς</span> <span class='ocrx_word' id='word_1_587' title='bbox 468 5201 535 5254; x_wconf 79' lang='grc' dir='ltr'><strong>ἐκ</strong></span> <span class='ocrx_word' id='word_1_588' title='bbox 564 5203 663 5273; x_wconf 82' lang='grc' dir='ltr'><strong>τῆς</strong></span> <span class='ocrx_word' id='word_1_589' title='bbox 699 5204 925 5269; x_wconf 84' lang='grc' dir='ltr'>πόλεως,</span> <span class='ocrx_word' id='word_1_590' title='bbox 962 5205 1037 5270; x_wconf 85' lang='grc' dir='ltr'>ὡς</span> <span class='ocrx_word' id='word_1_591' title='bbox 1067 5208 1386 5279; x_wconf 84' lang='grc' dir='ltr'>ἀνθρώπους</span> <span class='ocrx_word' id='word_1_592' title='bbox 1422 5210 1637 5277; x_wconf 83' lang='grc' dir='ltr'>ἀθέους,</span> <span class='ocrx_word' id='word_1_593' title='bbox 1679 5215 1866 5287; x_wconf 85' lang='grc' dir='ltr'>ἐπειδὴ</span> 
     </span>
    </p>
   </div>
   <div class='ocr_carea' id='block_1_86' title="bbox 281 5293 1869 5375">
    <p class='ocr_par' dir='ltr' id='par_1_86' title="bbox 281 5293 1869 5375">
     <span class='ocr_line' id='line_1_86' title="bbox 281 5293 1869 5375; baseline 0.01 -30"><span class='ocrx_word' id='word_1_594' title='bbox 281 5293 342 5345; x_wconf 92' lang='grc' dir='ltr'><strong>οὑ</strong></span> <span class='ocrx_word' id='word_1_595' title='bbox 389 5295 792 5363; x_wconf 79' lang='grc' dir='ltr'>συμφωνοῦμεν</span> <span class='ocrx_word' id='word_1_596' title='bbox 838 5298 987 5371; x_wconf 87' lang='grc' dir='ltr'><strong>αὑτῷ</strong></span> <span class='ocrx_word' id='word_1_597' title='bbox 1019 5301 1257 5375; x_wconf 79' lang='grc' dir='ltr'>δημοσίᾳ</span> <span class='ocrx_word' id='word_1_598' title='bbox 1290 5303 1519 5372; x_wconf 76' lang='grc' dir='ltr'>λέγοντιο</span> <span class='ocrx_word' id='word_1_599' title='bbox 1573 5306 1685 5359; x_wconf 83' lang='grc' dir='ltr'><strong>Ἀεὶ</strong></span> <span class='ocrx_word' id='word_1_600' title='bbox 1711 5307 1869 5373; x_wconf 84' lang='grc' dir='ltr'>Θεὸς,</span> 
     </span>
    </p>
   </div>
   <div class='ocr_carea' id='block_1_87' title="bbox 360 5452 881 5525">
    <p class='ocr_par' dir='ltr' id='par_1_87' title="bbox 360 5452 881 5525">
     <span class='ocr_line' id='line_1_87' title="bbox 360 5452 881 5525; baseline 0.006 -18"><span class='ocrx_word' id='word_1_601' title='bbox 360 5453 376 5483; x_wconf 85' lang='grc'>¹</span> <span class='ocrx_word' id='word_1_602' title='bbox 405 5452 533 5507; x_wconf 84' lang='lat' dir='ltr'><strong>Cor.</strong></span> <span class='ocrx_word' id='word_1_603' title='bbox 566 5452 686 5517; x_wconf 84' lang='grc' dir='ltr'>ὅλος</span> <span class='ocrx_word' id='word_1_604' title='bbox 709 5455 881 5525; x_wconf 82' lang='grc' dir='ltr'>αὑτῷ.</span> 
     </span>
    </p>
   </div>
   <div class='ocr_carea' id='block_1_88' title="bbox 358 5608 1872 5684">
    <p class='ocr_par' dir='ltr' id='par_1_88' title="bbox 358 5608 1872 5684">
     <span class='ocr_line' id='line_1_88' title="bbox 358 5608 1872 5684; baseline 0.008 -22"><span class='ocrx_word' id='word_1_605' title='bbox 358 5608 473 5684; x_wconf 70' lang='grc'><strong>(74)</strong></span> <span class='ocrx_word' id='word_1_606' title='bbox 511 5610 673 5684; x_wconf 69' lang='grc' dir='ltr'>’Ἅμα</span> <span class='ocrx_word' id='word_1_607' title='bbox 713 5611 1027 5678; x_wconf 78' lang='grc' dir='ltr'>Λουκιανῷ</span> <span class='ocrx_word' id='word_1_608' title='bbox 1067 5612 1137 5668; x_wconf 81' lang='grc' dir='ltr'><strong>ἐν</strong></span> <span class='ocrx_word' id='word_1_609' title='bbox 1178 5616 1563 5684; x_wconf 80' lang='grc' dir='ltr'>Νικομηδείᾳ.</span> <span class='ocrx_word' id='word_1_610' title='bbox 1626 5617 1872 5674; x_wconf 87' lang='lat' dir='ltr'><strong>Luciano</strong></span> 
     </span>
    </p>
   </div>
   <div class='ocr_carea' id='block_1_89' title="bbox 289 5682 1869 5758">
    <p class='ocr_par' dir='ltr' id='par_1_89' title="bbox 289 5682 1869 5758">
     <span class='ocr_line' id='line_1_89' title="bbox 289 5682 1869 5758; baseline 0.006 -25"><span class='ocrx_word' id='word_1_611' title='bbox 289 5682 645 5736; x_wconf 79' lang='lat' dir='ltr'><strong>sanctissimo</strong></span> <span class='ocrx_word' id='word_1_612' title='bbox 678 5692 934 5754; x_wconf 75' lang='lat' dir='ltr'><strong>martyre,</strong></span> <span class='ocrx_word' id='word_1_613' title='bbox 966 5699 1127 5753; x_wconf 87' lang='lat' dir='ltr'><strong>quem</strong></span> <span class='ocrx_word' id='word_1_614' title='bbox 1163 5682 1525 5758; x_wconf 74' lang='lat' dir='ltr'><strong>nihilominus</strong></span> <span class='ocrx_word' id='word_1_615' title='bbox 1556 5689 1740 5742; x_wconf 87' lang='lat' dir='ltr'><strong>Ariani</strong></span> <span class='ocrx_word' id='word_1_616' title='bbox 1768 5705 1869 5758; x_wconf 86' lang='lat' dir='ltr'><strong>pa-</strong></span> 
     </span>
    </p>
   </div>
   <div class='ocr_carea' id='block_1_90' title="bbox 292 5755 1869 5832">
    <p class='ocr_par' dir='ltr' id='par_1_90' title="bbox 292 5755 1869 5832">
     <span class='ocr_line' id='line_1_90' title="bbox 292 5755 1869 5832; baseline 0.01 -32"><span class='ocrx_word' id='word_1_617' title='bbox 292 5759 515 5809; x_wconf 87' lang='lat' dir='ltr'><strong>tronum</strong></span> <span class='ocrx_word' id='word_1_618' title='bbox 552 5761 947 5826; x_wconf 85' lang='lat' dir='ltr'><strong>auctoremque</strong></span> <span class='ocrx_word' id='word_1_619' title='bbox 979 5769 1137 5811; x_wconf 92' lang='lat' dir='ltr'><strong>suum</strong></span> <span class='ocrx_word' id='word_1_620' title='bbox 1156 5755 1458 5828; x_wconf 88' lang='lat' dir='ltr'><strong>jactabant.</strong></span> <span class='ocrx_word' id='word_1_621' title='bbox 1477 5756 1552 5815; x_wconf 91' lang='lat' dir='ltr'><strong>De</strong></span> <span class='ocrx_word' id='word_1_622' title='bbox 1572 5775 1682 5831; x_wconf 90' lang='lat' dir='ltr'><strong>quo</strong></span> <span class='ocrx_word' id='word_1_623' title='bbox 1705 5755 1869 5832; x_wconf 78' lang='lat' dir='ltr'><strong>paulo</strong></span> 
     </span>
    </p>
   </div>
   <div class='ocr_carea' id='block_1_91' title="bbox 291 5832 429 5892">
    <p class='ocr_par' dir='ltr' id='par_1_91' title="bbox 291 5832 429 5892">
     <span class='ocr_line' id='line_1_91' title="bbox 291 5832 429 5892; baseline 0.036 -19"><span class='ocrx_word' id='word_1_624' title='bbox 291 5832 429 5892; x_wconf 79' lang='lat' dir='ltr'><strong>post.</strong></span> 
     </span>
    </p>
   </div>
   <div class='ocr_carea' id='block_1_92' title="bbox 1900 4520 1947 4577">
    <p class='ocr_par' dir='ltr' id='par_1_92' title="bbox 1900 4520 1947 4577">
     <span class='ocr_line' id='line_1_92' title="bbox 1900 4520 1947 4577; baseline 0 0"><span class='ocrx_word' id='word_1_625' title='bbox 1900 4520 1947 4577; x_wconf 83' lang='grc' dir='ltr'><strong>Ι)</strong></span> 
     </span>
    </p>
   </div>
   <div class='ocr_carea' id='block_1_93' title="bbox 1972 3249 3556 3321">
    <p class='ocr_par' dir='ltr' id='par_1_93' title="bbox 1972 3249 3556 3321">
     <span class='ocr_line' id='line_1_93' title="bbox 1972 3249 3556 3321; baseline 0.001 -15"><span class='ocrx_word' id='word_1_626' title='bbox 1972 3253 2152 3321; x_wconf 83' lang='lat' dir='ltr'><strong>Atque</strong></span> <span class='ocrx_word' id='word_1_627' title='bbox 2198 3252 2282 3306; x_wconf 70' lang='lat' dir='ltr'><strong>hac</strong></span> <span class='ocrx_word' id='word_1_628' title='bbox 2324 3249 2546 3320; x_wconf 84' lang='lat' dir='ltr'><strong>quidem</strong></span> <span class='ocrx_word' id='word_1_629' title='bbox 2596 3250 2841 3321; x_wconf 71' lang='lat' dir='ltr'><strong>epistolae</strong></span> <span class='ocrx_word' id='word_1_630' title='bbox 2871 3249 3008 3305; x_wconf 90' lang='lat' dir='ltr'><strong>nihil</strong></span> <span class='ocrx_word' id='word_1_631' title='bbox 3052 3250 3199 3305; x_wconf 89' lang='lat' dir='ltr'><strong>aliud</strong></span> <span class='ocrx_word' id='word_1_632' title='bbox 3240 3254 3556 3317; x_wconf 83' lang='lat' dir='ltr'><strong>continent,</strong></span> 
     </span>
    </p>
   </div>
   <div class='ocr_carea' id='block_1_94' title="bbox 1973 3343 3561 3417">
    <p class='ocr_par' dir='ltr' id='par_1_94' title="bbox 1973 3343 3561 3417">
     <span class='ocr_line' id='line_1_94' title="bbox 1973 3343 3561 3417; baseline 0.001 -22"><span class='ocrx_word' id='word_1_633' title='bbox 1973 3344 2131 3417; x_wconf 78' lang='lat'><strong>731</strong></span> <span class='ocrx_word' id='word_1_634' title='bbox 2172 3350 2372 3414; x_wconf 61' lang='lat' dir='ltr'><strong>praeter</strong></span> <span class='ocrx_word' id='word_1_635' title='bbox 2404 3343 2673 3398; x_wconf 67' lang='lat' dir='ltr'><strong>doctrinm</strong></span> <span class='ocrx_word' id='word_1_636' title='bbox 2722 3359 2837 3400; x_wconf 61' lang='lat' dir='ltr'><strong>suae</strong></span> <span class='ocrx_word' id='word_1_637' title='bbox 2887 3343 3347 3410; x_wconf 88' lang='lat' dir='ltr'><strong>declarationem,</strong></span> <span class='ocrx_word' id='word_1_638' title='bbox 3395 3361 3561 3415; x_wconf 85' lang='lat' dir='ltr'><strong>quam</strong></span> 
     </span>
    </p>
   </div>
   <div class='ocr_carea' id='block_1_95' title="bbox 1972 3435 3561 3509">
    <p class='ocr_par' dir='ltr' id='par_1_95' title="bbox 1972 3435 3561 3509">
     <span class='ocr_line' id='line_1_95' title="bbox 1972 3435 3561 3509; baseline 0.001 -18"><span class='ocrx_word' id='word_1_639' title='bbox 1972 3454 2069 3509; x_wconf 89' lang='lat' dir='ltr'><strong>per</strong></span> <span class='ocrx_word' id='word_1_640' title='bbox 2114 3437 2247 3491; x_wconf 91' lang='lat' dir='ltr'><strong>illud</strong></span> <span class='ocrx_word' id='word_1_641' title='bbox 2284 3446 2500 3506; x_wconf 89' lang='lat' dir='ltr'><strong>tempus</strong></span> <span class='ocrx_word' id='word_1_642' title='bbox 2527 3436 2853 3492; x_wconf 85' lang='lat' dir='ltr'><strong>elaboravit.</strong></span> <span class='ocrx_word' id='word_1_643' title='bbox 2887 3435 3090 3492; x_wconf 78' lang='lat' dir='ltr'><strong>[larum</strong></span> <span class='ocrx_word' id='word_1_644' title='bbox 3122 3452 3310 3502; x_wconf 85' lang='lat' dir='ltr'><strong>unam,</strong></span> <span class='ocrx_word' id='word_1_645' title='bbox 3339 3453 3461 3508; x_wconf 69' lang='lat' dir='ltr'><strong>qua:</strong></span> <span class='ocrx_word' id='word_1_646' title='bbox 3491 3435 3561 3493; x_wconf 83' lang='lat' dir='ltr'><strong>ad</strong></span> 
     </span>
    </p>
   </div>
   <div class='ocr_carea' id='block_1_96' title="bbox 1974 3528 3562 3598">
    <p class='ocr_par' dir='ltr' id='par_1_96' title="bbox 1974 3528 3562 3598">
     <span class='ocr_line' id='line_1_96' title="bbox 1974 3528 3562 3598; baseline 0 -13"><span class='ocrx_word' id='word_1_647' title='bbox 1974 3537 2191 3585; x_wconf 87' lang='lat' dir='ltr'><strong>nostras</strong></span> <span class='ocrx_word' id='word_1_648' title='bbox 2237 3544 2436 3583; x_wconf 90' lang='lat' dir='ltr'><strong>manus</strong></span> <span class='ocrx_word' id='word_1_649' title='bbox 2475 3528 2747 3598; x_wconf 84' lang='lat' dir='ltr'><strong>pervenit,</strong></span> <span class='ocrx_word' id='word_1_650' title='bbox 2781 3530 2885 3584; x_wconf 92' lang='lat' dir='ltr'><strong>hoc</strong></span> <span class='ocrx_word' id='word_1_651' title='bbox 2929 3529 3049 3584; x_wconf 91' lang='lat' dir='ltr'><strong>loco</strong></span> <span class='ocrx_word' id='word_1_652' title='bbox 3088 3530 3438 3594; x_wconf 78' lang='lat' dir='ltr'><strong>subscribere</strong></span> <span class='ocrx_word' id='word_1_653' title='bbox 3463 3546 3562 3585; x_wconf 88' lang='lat' dir='ltr'><strong>ne-</strong></span> 
     </span>
    </p>
   </div>
   <div class='ocr_carea' id='block_1_97' title="bbox 1970 3616 3563 3691">
    <p class='ocr_par' dir='ltr' id='par_1_97' title="bbox 1970 3616 3563 3691">
     <span class='ocr_line' id='line_1_97' title="bbox 1970 3616 3563 3691; baseline 0 -18"><span class='ocrx_word' id='word_1_654' title='bbox 1970 3619 2278 3675; x_wconf 85' lang='lat' dir='ltr'><strong>cessarium</strong></span> <span class='ocrx_word' id='word_1_655' title='bbox 2330 3616 2541 3688; x_wconf 86' lang='lat' dir='ltr'><strong>putavi,</strong></span> <span class='ocrx_word' id='word_1_656' title='bbox 2582 3628 2642 3673; x_wconf 92' lang='lat' dir='ltr'><strong>ut</strong></span> <span class='ocrx_word' id='word_1_657' title='bbox 2679 3618 2773 3689; x_wconf 92' lang='lat' dir='ltr'><strong>qui</strong></span> <span class='ocrx_word' id='word_1_658' title='bbox 2807 3634 2928 3675; x_wconf 88' lang='lat' dir='ltr'><strong>eam</strong></span> <span class='ocrx_word' id='word_1_659' title='bbox 2960 3618 3216 3690; x_wconf 80' lang='lat' dir='ltr'><strong>legerint,</strong></span> <span class='ocrx_word' id='word_1_660' title='bbox 3255 3620 3563 3691; x_wconf 76' lang='lat' dir='ltr'><strong>intelligant</strong></span> 
     </span>
    </p>
   </div>
   <div class='ocr_carea' id='block_1_98' title="bbox 1972 3709 3564 3783">
    <p class='ocr_par' dir='ltr' id='par_1_98' title="bbox 1972 3709 3564 3783">
     <span class='ocr_line' id='line_1_98' title="bbox 1972 3709 3564 3783; baseline 0.001 -18"><span class='ocrx_word' id='word_1_661' title='bbox 1972 3710 2106 3765; x_wconf 84' lang='lat' dir='ltr'><strong>nihil</strong></span> <span class='ocrx_word' id='word_1_662' title='bbox 2149 3725 2180 3764; x_wconf 88' lang='lat' dir='ltr'><strong>a</strong></span> <span class='ocrx_word' id='word_1_663' title='bbox 2210 3709 2368 3765; x_wconf 91' lang='lat' dir='ltr'><strong>nobis</strong></span> <span class='ocrx_word' id='word_1_664' title='bbox 2404 3718 2597 3766; x_wconf 88' lang='lat' dir='ltr'><strong>contra</strong></span> <span class='ocrx_word' id='word_1_665' title='bbox 2644 3711 2961 3782; x_wconf 84' lang='lat' dir='ltr'><strong>quempiam</strong></span> <span class='ocrx_word' id='word_1_666' title='bbox 3008 3712 3354 3769; x_wconf 86' lang='lat' dir='ltr'><strong>calumniose</strong></span> <span class='ocrx_word' id='word_1_667' title='bbox 3382 3713 3564 3783; x_wconf 81' lang='lat' dir='ltr'><strong>jacta-</strong></span> 
     </span>
    </p>
   </div>
   <div class='ocr_carea' id='block_1_99' title="bbox 1972 3803 3563 3878">
    <p class='ocr_par' dir='ltr' id='par_1_99' title="bbox 1972 3803 3563 3878">
     <span class='ocr_line' id='line_1_99' title="bbox 1972 3803 3563 3878; baseline 0.003 -21"><span class='ocrx_word' id='word_1_668' title='bbox 1972 3816 2085 3858; x_wconf 84' lang='lat' dir='ltr'><strong>tum</strong></span> <span class='ocrx_word' id='word_1_669' title='bbox 2119 3805 2279 3870; x_wconf 89' lang='lat' dir='ltr'><strong>alias,</strong></span> <span class='ocrx_word' id='word_1_670' title='bbox 2310 3811 2406 3860; x_wconf 87' lang='lat' dir='ltr'><strong>aut</strong></span> <span class='ocrx_word' id='word_1_671' title='bbox 2434 3803 2805 3877; x_wconf 78' lang='lat' dir='ltr'><strong>impracsentia</strong></span> <span class='ocrx_word' id='word_1_672' title='bbox 2828 3807 3046 3878; x_wconf 83' lang='lat' dir='ltr'><strong>jactari.</strong></span> <span class='ocrx_word' id='word_1_673' title='bbox 3080 3805 3177 3863; x_wconf 79' lang='lat' dir='ltr'><strong>Est</strong></span> <span class='ocrx_word' id='word_1_674' title='bbox 3203 3814 3385 3863; x_wconf 87' lang='lat' dir='ltr'><strong>autem</strong></span> <span class='ocrx_word' id='word_1_675' title='bbox 3416 3806 3563 3878; x_wconf 88' lang='lat' dir='ltr'><strong>ejus-</strong></span> 
     </span>
    </p>
   </div>
   <div class='ocr_carea' id='block_1_100' title="bbox 1970 3895 2953 3953">
    <p class='ocr_par' dir='ltr' id='par_1_100' title="bbox 1970 3895 2953 3953">
     <span class='ocr_line' id='line_1_100' title="bbox 1970 3895 2953 3953; baseline -0.006 -2"><span class='ocrx_word' id='word_1_676' title='bbox 1970 3895 2114 3953; x_wconf 86' lang='lat' dir='ltr'><strong>modi</strong></span> <span class='ocrx_word' id='word_1_677' title='bbox 2160 3916 2176 3952; x_wconf 85' lang='lat'><strong>:</strong></span> <span class='ocrx_word' id='word_1_678' title='bbox 2924 3924 2953 3945; x_wconf 71' lang='grc' dir='ltr'><strong>κ</strong></span> 
     </span>
    </p>
   </div>
   <div class='ocr_carea' id='block_1_101' title="bbox 2569 4011 2965 4081">
    <p class='ocr_par' dir='ltr' id='par_1_101' title="bbox 2569 4011 2965 4081">
     <span class='ocr_line' id='line_1_101' title="bbox 2569 4011 2965 4081; baseline 0.005 -16"><span class='ocrx_word' id='word_1_679' title='bbox 2569 4011 2689 4066; x_wconf 78' lang='lat' dir='ltr'><strong>Arii</strong></span> <span class='ocrx_word' id='word_1_680' title='bbox 2714 4012 2965 4081; x_wconf 73' lang='lat' dir='ltr'><strong>epistola.</strong></span> 
     </span>
    </p>
   </div>
   <div class='ocr_carea' id='block_1_102' title="bbox 2043 4118 3559 4189">
    <p class='ocr_par' dir='ltr' id='par_1_102' title="bbox 2043 4118 3559 4189">
     <span class='ocr_line' id='line_1_102' title="bbox 2043 4118 3559 4189; baseline 0.003 -16"><span class='ocrx_word' id='word_1_681' title='bbox 2043 4118 2131 4174; x_wconf 73' lang='grc' dir='ltr'>Ἢ.</span> <span class='ocrx_word' id='word_1_682' title='bbox 2174 4120 2406 4181; x_wconf 84' lang='lat' dir='ltr'><strong>Domino</strong></span> <span class='ocrx_word' id='word_1_683' title='bbox 2430 4120 2812 4189; x_wconf 88' lang='lat' dir='ltr'><strong>dilectissimo,</strong></span> <span class='ocrx_word' id='word_1_684' title='bbox 2857 4122 2976 4177; x_wconf 91' lang='lat' dir='ltr'><strong>viro</strong></span> <span class='ocrx_word' id='word_1_685' title='bbox 3016 4120 3136 4188; x_wconf 88' lang='lat' dir='ltr'><strong>Dei,</strong></span> <span class='ocrx_word' id='word_1_686' title='bbox 3173 4122 3340 4187; x_wconf 84' lang='lat' dir='ltr'><strong>ﬁdeli,</strong></span> <span class='ocrx_word' id='word_1_687' title='bbox 3372 4123 3559 4177; x_wconf 84' lang='lat' dir='ltr'><strong>ortho-</strong></span> 
     </span>
    </p>
   </div>
   <div class='ocr_carea' id='block_1_103' title="bbox 1972 4210 3562 4286">
    <p class='ocr_par' dir='ltr' id='par_1_103' title="bbox 1972 4210 3562 4286">
     <span class='ocr_line' id='line_1_103' title="bbox 1972 4210 3562 4286; baseline 0.003 -20"><span class='ocrx_word' id='word_1_688' title='bbox 1972 4211 2116 4267; x_wconf 79' lang='lat' dir='ltr'><strong>doxo</strong></span> <span class='ocrx_word' id='word_1_689' title='bbox 2150 4210 2408 4278; x_wconf 84' lang='lat' dir='ltr'><strong>Eusebio,</strong></span> <span class='ocrx_word' id='word_1_690' title='bbox 2444 4213 2629 4278; x_wconf 82' lang='lat' dir='ltr'><strong>Arius,</strong></span> <span class='ocrx_word' id='word_1_691' title='bbox 2658 4228 2820 4283; x_wconf 83' lang='lat' dir='ltr'><strong>quem</strong></span> <span class='ocrx_word' id='word_1_692' title='bbox 2852 4213 3166 4270; x_wconf 76' lang='lat' dir='ltr'><strong>Alexander</strong></span> <span class='ocrx_word' id='word_1_693' title='bbox 3192 4223 3329 4286; x_wconf 89' lang='lat' dir='ltr'><strong>papa</strong></span> <span class='ocrx_word' id='word_1_694' title='bbox 3353 4211 3562 4284; x_wconf 84' lang='lat' dir='ltr'><strong>injuste</strong></span> 
     </span>
    </p>
   </div>
   <div class='ocr_carea' id='block_1_104' title="bbox 1971 4304 3564 4377">
    <p class='ocr_par' dir='ltr' id='par_1_104' title="bbox 1971 4304 3564 4377">
     <span class='ocr_line' id='line_1_104' title="bbox 1971 4304 3564 4377; baseline 0.003 -20"><span class='ocrx_word' id='word_1_695' title='bbox 1971 4304 2041 4360; x_wconf 91' lang='lat' dir='ltr'><strong>ob</strong></span> <span class='ocrx_word' id='word_1_696' title='bbox 2080 4305 2364 4361; x_wconf 83' lang='lat' dir='ltr'><strong>victricem</strong></span> <span class='ocrx_word' id='word_1_697' title='bbox 2410 4304 2658 4360; x_wconf 92' lang='lat' dir='ltr'><strong>omnium</strong></span> <span class='ocrx_word' id='word_1_698' title='bbox 2696 4305 2979 4360; x_wconf 88' lang='lat' dir='ltr'><strong>veritatem</strong></span> <span class='ocrx_word' id='word_1_699' title='bbox 3017 4305 3348 4375; x_wconf 71' lang='lat' dir='ltr'><strong>insequitur,</strong></span> <span class='ocrx_word' id='word_1_700' title='bbox 3395 4306 3564 4377; x_wconf 82' lang='lat' dir='ltr'><strong>cujus</strong></span> 
     </span>
    </p>
   </div>
   <div class='ocr_carea' id='block_1_105' title="bbox 1969 4395 3272 4477">
    <p class='ocr_par' dir='ltr' id='par_1_105' title="bbox 1969 4395 3272 4477">
     <span class='ocr_line' id='line_1_105' title="bbox 1969 4395 3272 4477; baseline 0.002 -26"><span class='ocrx_word' id='word_1_701' title='bbox 1969 4405 2024 4451; x_wconf 92' lang='lat' dir='ltr'><strong>et</strong></span> <span class='ocrx_word' id='word_1_702' title='bbox 2055 4405 2115 4477; x_wconf 82' lang='lat' dir='ltr'><strong>tu</strong></span> <span class='ocrx_word' id='word_1_703' title='bbox 2142 4404 2518 4469; x_wconf 77' lang='lat' dir='ltr'><strong>propugnator</strong></span> <span class='ocrx_word' id='word_1_704' title='bbox 2550 4412 2630 4465; x_wconf 86' lang='lat' dir='ltr'><strong>es,</strong></span> <span class='ocrx_word' id='word_1_705' title='bbox 2667 4397 2722 4451; x_wconf 92' lang='lat' dir='ltr'><strong>in</strong></span> <span class='ocrx_word' id='word_1_706' title='bbox 2754 4395 2989 4452; x_wconf 88' lang='lat' dir='ltr'><strong>Domino</strong></span> <span class='ocrx_word' id='word_1_707' title='bbox 3017 4398 3272 4455; x_wconf 80' lang='lat' dir='ltr'><strong>salutem.</strong></span> 
     </span>
    </p>
   </div>
   <div class='ocr_carea' id='block_1_106' title="bbox 2046 4575 3557 4654">
    <p class='ocr_par' dir='ltr' id='par_1_106' title="bbox 2046 4575 3557 4654">
     <span class='ocr_line' id='line_1_106' title="bbox 2046 4575 3557 4654; baseline 0.004 -22"><span class='ocrx_word' id='word_1_708' title='bbox 2046 4575 2182 4633; x_wconf 77' lang='lat' dir='ltr'><strong>Cum</strong></span> <span class='ocrx_word' id='word_1_709' title='bbox 2228 4577 2557 4639; x_wconf 86' lang='lat' dir='ltr'><strong>Ammonius</strong></span> <span class='ocrx_word' id='word_1_710' title='bbox 2594 4586 2752 4652; x_wconf 89' lang='lat' dir='ltr'><strong>pater</strong></span> <span class='ocrx_word' id='word_1_711' title='bbox 2785 4596 2942 4638; x_wconf 86' lang='lat' dir='ltr'><strong>meus</strong></span> <span class='ocrx_word' id='word_1_712' title='bbox 2969 4580 3345 4637; x_wconf 82' lang='lat' dir='ltr'><strong>Nicomediam</strong></span> <span class='ocrx_word' id='word_1_713' title='bbox 3386 4583 3557 4654; x_wconf 78' lang='lat' dir='ltr'><strong>proii-</strong></span> 
     </span>
    </p>
   </div>
   <div class='ocr_carea' id='block_1_107' title="bbox 1972 4669 3557 4743">
    <p class='ocr_par' dir='ltr' id='par_1_107' title="bbox 1972 4669 3557 4743">
     <span class='ocr_line' id='line_1_107' title="bbox 1972 4669 3557 4743; baseline 0.006 -21"><span class='ocrx_word' id='word_1_714' title='bbox 1972 4669 2297 4735; x_wconf 77' lang='lat' dir='ltr'><strong>cisceretur,</strong></span> <span class='ocrx_word' id='word_1_715' title='bbox 2329 4686 2440 4727; x_wconf 89' lang='lat' dir='ltr'><strong>non</strong></span> <span class='ocrx_word' id='word_1_716' title='bbox 2471 4672 2636 4729; x_wconf 89' lang='lat' dir='ltr'><strong>modo</strong></span> <span class='ocrx_word' id='word_1_717' title='bbox 2668 4673 2866 4728; x_wconf 88' lang='lat' dir='ltr'><strong>rationi</strong></span> <span class='ocrx_word' id='word_1_718' title='bbox 2889 4676 3557 4743; x_wconf 59' lang='lat' dir='ltr'><strong>consentaneum,e¢oliir</strong></span> 
     </span>
    </p>
   </div>
   <div class='ocr_carea' id='block_1_108' title="bbox 1972 4761 3557 4840">
    <p class='ocr_par' dir='ltr' id='par_1_108' title="bbox 1972 4761 3557 4840">
     <span class='ocr_line' id='line_1_108' title="bbox 1972 4761 3557 4840; baseline 0.004 -23"><span class='ocrx_word' id='word_1_719' title='bbox 1972 4761 2060 4817; x_wconf 87' lang='lat' dir='ltr'><strong>cio</strong></span> <span class='ocrx_word' id='word_1_720' title='bbox 2094 4763 2331 4833; x_wconf 92' lang='lat' dir='ltr'><strong>quodam</strong></span> <span class='ocrx_word' id='word_1_721' title='bbox 2356 4779 2385 4818; x_wconf 91' lang='lat' dir='ltr'><strong>a</strong></span> <span class='ocrx_word' id='word_1_722' title='bbox 2418 4781 2504 4821; x_wconf 90' lang='lat' dir='ltr'><strong>me</strong></span> <span class='ocrx_word' id='word_1_723' title='bbox 2527 4764 2767 4822; x_wconf 90' lang='lat' dir='ltr'><strong>debitum</strong></span> <span class='ocrx_word' id='word_1_724' title='bbox 2813 4767 3022 4837; x_wconf 82' lang='lat' dir='ltr'><strong>putavi,</strong></span> <span class='ocrx_word' id='word_1_725' title='bbox 3053 4768 3147 4824; x_wconf 93' lang='lat' dir='ltr'><strong>tibi</strong></span> <span class='ocrx_word' id='word_1_726' title='bbox 3177 4778 3236 4823; x_wconf 94' lang='lat' dir='ltr'><strong>ut</strong></span> <span class='ocrx_word' id='word_1_727' title='bbox 3274 4784 3370 4840; x_wconf 86' lang='lat' dir='ltr'><strong>per</strong></span> <span class='ocrx_word' id='word_1_728' title='bbox 3403 4768 3557 4823; x_wconf 91' lang='lat' dir='ltr'><strong>illum</strong></span> 
     </span>
    </p>
   </div>
   <div class='ocr_carea' id='block_1_109' title="bbox 1975 4855 3559 4930">
    <p class='ocr_par' dir='ltr' id='par_1_109' title="bbox 1975 4855 3559 4930">
     <span class='ocr_line' id='line_1_109' title="bbox 1975 4855 3559 4930; baseline 0.001 -18"><span class='ocrx_word' id='word_1_729' title='bbox 1975 4857 2210 4912; x_wconf 83' lang='lat' dir='ltr'><strong>salutem</strong></span> <span class='ocrx_word' id='word_1_730' title='bbox 2241 4855 2506 4925; x_wconf 89' lang='lat' dir='ltr'><strong>dicerem,</strong></span> <span class='ocrx_word' id='word_1_731' title='bbox 2531 4874 2751 4930; x_wconf 84' lang='lat' dir='ltr'><strong>unaque</strong></span> <span class='ocrx_word' id='word_1_732' title='bbox 2779 4858 3035 4914; x_wconf 86' lang='lat' dir='ltr'><strong>charitati</strong></span> <span class='ocrx_word' id='word_1_733' title='bbox 3066 4866 3192 4925; x_wconf 87' lang='lat' dir='ltr'><strong>tuae,</strong></span> <span class='ocrx_word' id='word_1_734' title='bbox 3228 4875 3293 4916; x_wconf 90' lang='lat' dir='ltr'><strong>ac</strong></span> <span class='ocrx_word' id='word_1_735' title='bbox 3325 4860 3559 4915; x_wconf 86' lang='lat' dir='ltr'><strong>benevo-</strong></span> 
     </span>
    </p>
   </div>
   <div class='ocr_carea' id='block_1_110' title="bbox 1977 4945 3558 5020">
    <p class='ocr_par' dir='ltr' id='par_1_110' title="bbox 1977 4945 3558 5020">
     <span class='ocr_line' id='line_1_110' title="bbox 1977 4945 3558 5020; baseline 0.004 -21"><span class='ocrx_word' id='word_1_736' title='bbox 1977 4945 2178 5010; x_wconf 60' lang='lat' dir='ltr'><strong>lentiae,</strong></span> <span class='ocrx_word' id='word_1_737' title='bbox 2209 4962 2315 5016; x_wconf 89' lang='lat' dir='ltr'><strong>qua</strong></span> <span class='ocrx_word' id='word_1_738' title='bbox 2344 4955 2567 5019; x_wconf 86' lang='lat' dir='ltr'><strong>propter</strong></span> <span class='ocrx_word' id='word_1_739' title='bbox 2588 4948 2779 5012; x_wconf 90' lang='lat' dir='ltr'><strong>Deum,</strong></span> <span class='ocrx_word' id='word_1_740' title='bbox 2806 4948 3035 5020; x_wconf 88' lang='lat' dir='ltr'><strong>ejusque</strong></span> <span class='ocrx_word' id='word_1_741' title='bbox 3052 4948 3331 5006; x_wconf 87' lang='lat' dir='ltr'><strong>Christum</strong></span> <span class='ocrx_word' id='word_1_742' title='bbox 3358 4949 3558 5006; x_wconf 76' lang='lat' dir='ltr'><strong>fratres</strong></span> 
     </span>
    </p>
   </div>
   <div class='ocr_carea' id='block_1_111' title="bbox 1976 5037 3559 5112">
    <p class='ocr_par' dir='ltr' id='par_1_111' title="bbox 1976 5037 3559 5112">
     <span class='ocr_line' id='line_1_111' title="bbox 1976 5037 3559 5112; baseline 0.004 -23"><span class='ocrx_word' id='word_1_743' title='bbox 1976 5037 2330 5107; x_wconf 83' lang='lat' dir='ltr'><strong>prosequeris</strong></span> <span class='ocrx_word' id='word_1_744' title='bbox 2364 5038 2712 5108; x_wconf 84' lang='lat' dir='ltr'><strong>subjicerem,</strong></span> <span class='ocrx_word' id='word_1_745' title='bbox 2740 5056 2905 5109; x_wconf 88' lang='lat' dir='ltr'><strong>quam</strong></span> <span class='ocrx_word' id='word_1_746' title='bbox 2937 5056 3038 5097; x_wconf 89' lang='lat' dir='ltr'><strong>nos</strong></span> <span class='ocrx_word' id='word_1_747' title='bbox 3066 5043 3417 5096; x_wconf 82' lang='lat' dir='ltr'><strong>vehementer</strong></span> <span class='ocrx_word' id='word_1_748' title='bbox 3441 5041 3559 5112; x_wconf 69' lang='lat' dir='ltr'><strong>epio</strong></span> 
     </span>
    </p>
   </div>
   <div class='ocr_carea' id='block_1_112' title="bbox 1976 5130 3558 5203">
    <p class='ocr_par' dir='ltr' id='par_1_112' title="bbox 1976 5130 3558 5203">
     <span class='ocr_line' id='line_1_112' title="bbox 1976 5130 3558 5203; baseline 0.002 -19"><span class='ocrx_word' id='word_1_749' title='bbox 1976 5144 2178 5198; x_wconf 86' lang='lat' dir='ltr'><strong>secpus</strong></span> <span class='ocrx_word' id='word_1_750' title='bbox 2225 5130 2474 5195; x_wconf 70' lang='lat' dir='ltr'><strong>infestet,</strong></span> <span class='ocrx_word' id='word_1_751' title='bbox 2524 5139 2687 5201; x_wconf 90' lang='lat' dir='ltr'><strong>atque</strong></span> <span class='ocrx_word' id='word_1_752' title='bbox 2728 5132 3001 5188; x_wconf 87' lang='lat' dir='ltr'><strong>hostiliter</strong></span> <span class='ocrx_word' id='word_1_753' title='bbox 3050 5132 3408 5203; x_wconf 87' lang='lat' dir='ltr'><strong>insequatur,</strong></span> <span class='ocrx_word' id='word_1_754' title='bbox 3454 5147 3558 5187; x_wconf 90' lang='lat' dir='ltr'><strong>nec</strong></span> 
     </span>
    </p>
   </div>
   <div class='ocr_carea' id='block_1_113' title="bbox 1974 5221 3555 5293">
    <p class='ocr_par' dir='ltr' id='par_1_113' title="bbox 1974 5221 3555 5293">
     <span class='ocr_line' id='line_1_113' title="bbox 1974 5221 3555 5293; baseline 0.003 -18"><span class='ocrx_word' id='word_1_755' title='bbox 1974 5221 2145 5275; x_wconf 91' lang='lat' dir='ltr'><strong>ullum</strong></span> <span class='ocrx_word' id='word_1_756' title='bbox 2194 5221 2318 5274; x_wconf 87' lang='lat' dir='ltr'><strong>mali</strong></span> <span class='ocrx_word' id='word_1_757' title='bbox 2350 5237 2522 5293; x_wconf 78' lang='lat' dir='ltr'><strong>genus</strong></span> <span class='ocrx_word' id='word_1_758' title='bbox 2564 5238 2676 5278; x_wconf 91' lang='lat' dir='ltr'><strong>non</strong></span> <span class='ocrx_word' id='word_1_759' title='bbox 2712 5224 3005 5280; x_wconf 89' lang='lat' dir='ltr'><strong>adversum</strong></span> <span class='ocrx_word' id='word_1_760' title='bbox 3046 5239 3148 5279; x_wconf 90' lang='lat' dir='ltr'><strong>nos</strong></span> <span class='ocrx_word' id='word_1_761' title='bbox 3176 5231 3555 5290; x_wconf 67' lang='lat' dir='ltr'><strong>commoveat,</strong></span> 
     </span>
    </p>
   </div>
   <div class='ocr_carea' id='block_1_114' title="bbox 1975 5313 3569 5387">
    <p class='ocr_par' dir='ltr' id='par_1_114' title="bbox 1975 5313 3569 5387">
     <span class='ocr_line' id='line_1_114' title="bbox 1975 5313 3569 5387; baseline 0.006 -24"><span class='ocrx_word' id='word_1_762' title='bbox 1975 5327 2150 5381; x_wconf 83' lang='lat' dir='ltr'><strong>usque</strong></span> <span class='ocrx_word' id='word_1_763' title='bbox 2197 5326 2265 5367; x_wconf 90' lang='lat' dir='ltr'><strong>eo</strong></span> <span class='ocrx_word' id='word_1_764' title='bbox 2304 5322 2364 5368; x_wconf 88' lang='lat' dir='ltr'><strong>ut</strong></span> <span class='ocrx_word' id='word_1_765' title='bbox 2398 5328 2498 5369; x_wconf 90' lang='lat' dir='ltr'><strong>nos</strong></span> <span class='ocrx_word' id='word_1_766' title='bbox 2527 5314 2691 5369; x_wconf 79' lang='lat' dir='ltr'><strong>etiam</strong></span> <span class='ocrx_word' id='word_1_767' title='bbox 2722 5315 2870 5371; x_wconf 79' lang='lat' dir='ltr'><strong>velut</strong></span> <span class='ocrx_word' id='word_1_768' title='bbox 2903 5315 3101 5387; x_wconf 70' lang='lat' dir='ltr'><strong>impios</strong></span> <span class='ocrx_word' id='word_1_769' title='bbox 3142 5329 3208 5370; x_wconf 89' lang='lat' dir='ltr'><strong>ac</strong></span> <span class='ocrx_word' id='word_1_770' title='bbox 3257 5313 3429 5370; x_wconf 86' lang='lat' dir='ltr'><strong>Deum</strong></span> <span class='ocrx_word' id='word_1_771' title='bbox 3459 5331 3569 5372; x_wconf 50' lang='lat' dir='ltr'><strong>nam</strong></span> 
     </span>
    </p>
   </div>
   <div class='ocr_carea' id='block_1_115' title="bbox 2053 5616 3558 5690">
    <p class='ocr_par' dir='ltr' id='par_1_115' title="bbox 2053 5616 3558 5690">
     <span class='ocr_line' id='line_1_115' title="bbox 2053 5616 3558 5690; baseline 0.004 -17"><span class='ocrx_word' id='word_1_772' title='bbox 2053 5620 2165 5690; x_wconf 63' lang='grc'><strong>(75)</strong></span> <span class='ocrx_word' id='word_1_773' title='bbox 2204 5619 2315 5675; x_wconf 73' lang='grc' dir='ltr'>Καὶ</span> <span class='ocrx_word' id='word_1_774' title='bbox 2349 5617 2472 5675; x_wconf 81' lang='grc' dir='ltr'><strong>πᾶν</strong></span> <span class='ocrx_word' id='word_1_775' title='bbox 2498 5621 2689 5673; x_wconf 76' lang='grc' dir='ltr'>κακὸν</span> <span class='ocrx_word' id='word_1_776' title='bbox 2737 5617 2910 5672; x_wconf 81' lang='grc' dir='ltr'>κινεῖ.</span> <span class='ocrx_word' id='word_1_777' title='bbox 2953 5616 3082 5687; x_wconf 65' lang='lat' dir='ltr'><strong>heg.</strong></span> <span class='ocrx_word' id='word_1_778' title='bbox 3116 5633 3182 5674; x_wconf 78' lang='lat' dir='ltr'><strong>ex</strong></span> <span class='ocrx_word' id='word_1_779' title='bbox 3212 5617 3558 5679; x_wconf 80' lang='lat' dir='ltr'><strong>Theodoreto</strong></span> 
     </span>
    </p>
   </div>
   <div class='ocr_carea' id='block_1_116' title="bbox 1979 5690 3548 5758">
    <p class='ocr_par' dir='ltr' id='par_1_116' title="bbox 1979 5690 3548 5758">
     <span class='ocr_line' id='line_1_116' title="bbox 1979 5690 3548 5758; baseline 0.001 -15"><span class='ocrx_word' id='word_1_780' title='bbox 1979 5690 2075 5744; x_wconf 91' lang='lat' dir='ltr'><strong>lib.</strong></span> <span class='ocrx_word' id='word_1_781' title='bbox 2110 5708 2151 5756; x_wconf 84' lang='grc' dir='ltr'><strong>ι,</strong></span> <span class='ocrx_word' id='word_1_782' title='bbox 2182 5704 2305 5758; x_wconf 90' lang='lat' dir='ltr'><strong>cap.</strong></span> <span class='ocrx_word' id='word_1_783' title='bbox 2338 5691 2392 5754; x_wconf 81' lang='grc'>5,</span> <span class='ocrx_word' id='word_1_784' title='bbox 2436 5691 2527 5744; x_wconf 90' lang='lat' dir='ltr'><strong>ubi</strong></span> <span class='ocrx_word' id='word_1_785' title='bbox 2566 5690 2695 5743; x_wconf 68' lang='lat' dir='ltr'><strong>ham&#39;</strong></span> <span class='ocrx_word' id='word_1_786' title='bbox 2722 5690 2909 5744; x_wconf 89' lang='lat' dir='ltr'><strong>eadem</strong></span> <span class='ocrx_word' id='word_1_787' title='bbox 2950 5690 3181 5758; x_wconf 88' lang='lat' dir='ltr'><strong>epistola</strong></span> <span class='ocrx_word' id='word_1_788' title='bbox 3223 5693 3548 5755; x_wconf 83' lang='lat' dir='ltr'><strong>continetur,</strong></span> 
     </span>
    </p>
   </div>
   <div class='ocr_carea' id='block_1_117' title="bbox 1980 5760 3555 5821">
    <p class='ocr_par' dir='ltr' id='par_1_117' title="bbox 1980 5760 3555 5821">
     <span class='ocr_line' id='line_1_117' title="bbox 1980 5760 3555 5821; baseline 0.004 -10"><span class='ocrx_word' id='word_1_789' title='bbox 1980 5760 2156 5813; x_wconf 84' lang='grc' dir='ltr'>πάντα</span> <span class='ocrx_word' id='word_1_790' title='bbox 2186 5760 2367 5815; x_wconf 87' lang='grc' dir='ltr'>κάλων</span> <span class='ocrx_word' id='word_1_791' title='bbox 2401 5763 2559 5821; x_wconf 87' lang='grc' dir='ltr'>κινεῖ,</span> <span class='ocrx_word' id='word_1_792' title='bbox 2591 5775 2795 5817; x_wconf 73' lang='lat' dir='ltr'><strong>omnem</strong></span> <span class='ocrx_word' id='word_1_793' title='bbox 2820 5770 2984 5814; x_wconf 82' lang='lat' dir='ltr'><strong>movet</strong></span> <span class='ocrx_word' id='word_1_794' title='bbox 3009 5761 3300 5818; x_wconf 80' lang='lat' dir='ltr'><strong>rudentem.</strong></span> <span class='ocrx_word' id='word_1_795' title='bbox 3323 5761 3555 5819; x_wconf 86' lang='lat' dir='ltr'><strong>Notissi-</strong></span> 
     </span>
    </p>
   </div>
   <div class='ocr_carea' id='block_1_118' title="bbox 1981 5830 2640 5899">
    <p class='ocr_par' dir='ltr' id='par_1_118' title="bbox 1981 5830 2640 5899">
     <span class='ocr_line' id='line_1_118' title="bbox 1981 5830 2640 5899; baseline 0.002 -15"><span class='ocrx_word' id='word_1_796' title='bbox 1981 5830 2131 5886; x_wconf 81' lang='lat' dir='ltr'><strong>inuin</strong></span> <span class='ocrx_word' id='word_1_797' title='bbox 2160 5840 2243 5887; x_wconf 91' lang='lat' dir='ltr'><strong>est</strong></span> <span class='ocrx_word' id='word_1_798' title='bbox 2270 5831 2640 5899; x_wconf 83' lang='lat' dir='ltr'><strong>proverbium.</strong></span> 
     </span>
    </p>
   </div>
  </div>
