3994 6226
167 326 178 362 ὲ
277 324 414 382 ’215

903 326 1277 385 ADVERSUS
1316 327 1658 385 [UERESES
1694 326 1824 382 LIB.
1865 327 1926 382 ll.
1971 325 2134 382 TOM.
2175 324 2238 381 ll.
2266 320 2629 379 --ll.£RES.
2674 320 2859 378 LXIX.

3448 316 3552 374 3H

367 443 441 495 Z'.
495 439 656 496 Ἀλλὰ
685 440 779 496 καὶ
803 441 968 514 ἄλλην
998 443 1107 498 ἀπὸ
1129 443 1498 515 Νικομηδείας
1538 443 1615 514 τῷ
1643 443 1882 512 ἁγιωτάι

2061 438 2173 494 Vll.
2214 439 2390 493 Aliam
2419 449 2679 510 praeterea
2710 436 3026 493 Nicomedia
3052 437 3118 491 ad
3147 435 3552 492 sanctissimum

294 550 372 602 τῳ
405 530 564 603 πάπᾳ
595 531 928 604 Ἀλεξάνδρῳ
955 533 1248 602 ἀπολογίας
1283 535 1441 606 χάριν
1468 535 1631 605 δῆθεν
1649 537 1877 604 γραφεῖ-

296 639 420 689 σαν,
461 623 556 676 καὶ
583 623 752 695 χείρω
779 624 939 677 πάλιν
965 625 1064 695 τῆς
1099 625 1534 690 αὑτοῦίοϐολίας
1561 625 1878 697 άπαραλεί-

296 731 450 777 πτως
477 713 689 786 βλασφή
700 733 816 784 μων
842 717 1100 788 ῥημάτων
1129 718 1614 790 ἐμπεπλησμένην,
1655 719 1748 772 καὶ
1783 719 1875 772 ὑπ’

294 805 466 859 αὑτοῦ
510 807 568 861 ὲν
621 809 996 882 Ἀλεξανδρείᾳ
1034 811 1448 883 ἀπεσταλμένην
1505 812 1872 882 ὑπετάξαμεν.

295 899 409 951 Καὶ
441 897 590 952 ἐστιν
617 900 733 969 ἥδε·

489 1012 810 1082 Ἐπιστολὴ
853 1013 1078 1082 Ἀρείου
1101 1015 1251 1083 πρὸς
1285 1014 1700 1084 Ἀλέξανδρον.

371 1126 646 1197 Μακαρίῳ
705 1129 864 1197 πάπᾳ.
923 1127 1016 1180 καὶ
1076 1126 1361 1198 ἐπισκόπιρ
1409 1126 1568 1198 ἡμῶν
1631 1125 1882 1193 Ἀλεξάν-

297 1215 414 1284 δρῳ
452 1217 502 1268 οἰ
547 1215 906 1288 πρεσϐύτεροι
951 1217 1044 1277 καὶ
1075 1219 1125 1270 οἱ
1160 1217 1398 1272 διάκονοι
1443 1220 1500 1272 ὲν
1539 1219 1726 1288 Κυρίῳ
1761 1218 1880 1289 χαί-

305 1323 361 1376 ρε
371 1323 438 1358 ιν.

385 1420 450 1472 Ἠ
479 1418 660 1482 πίστις
708 1419 864 1490 ήμῶν
914 1421 946 1490 ἡ
989 1420 1054 1473 ὲκ
1084 1419 1383 1492 προγόνων,
1425 1420 1490 1491 ἣν
1519 1419 1613 1472 καὶ
1653 1419 1760 1474 ἀπὸ
1786 1419 1877 1472 σοῦ

304 1512 727 1583 μεμαθήκαμεν,
766 1514 1000 1584 μακάριε
1050 1515 1227 1578 πάπα,
1267 1511 1412 1565 ἔστιν
1447 1511 1610 1581 αὕτη·
1652 1511 1880 1581 Οἴδαμεν

205 1640 220 1643 -
302 1604 402 1656 ἕνα
429 1603 561 1655 Θεὸν
587 1605 744 1672 μόνον
774 1605 1086 1675 ἀγέννητον,
1121 1604 1279 1674 μόνον
1301 1604 1488 1669 ἀΐδιον,
1527 1604 1686 1674 μόνον
1717 1605 1883 1674 ἄναρ-

303 1711 418 1765 χον,
453 1695 611 1764 μόνον
635 1694 905 1761 ἀληθινὸν,
943 1695 1242 1748 ἀθανασίαν
1267 1694 1477 1765 έχοντα,
1514 1695 1672 1766 μόνον
1697 1695 1878 1763 σοφὸν,

307 1785 470 1853 μόνον
517 1783 736 1851 ἀγαθὸν,
783 1785 941 1854 μόνον
981 1785 1264 1855 δυνάστην.
1314 1786 1470 1855 μόνον
1508 1786 1701 1855 κριτὴν
1746 1786 1882 1839 πάν-

303 1893 436 1935 των,
468 1875 763 1946 διοικητὴν,
796 1877 1097 1946 οἰκονόμον,
1139 1876 1426 1946 ἄτρεπτον,
1461 1878 1555 1930 καὶ
1594 1876 1886 1929 ἀναλλοίω-

303 1987 418 2033 τον,
447 1969 673 2033 δὶκαιον,
719 1971 813 2024 καὶ
842 1970 1066 2039 ἀγαθὸν,
1098 1971 1262 2042 νόμου
1309 1972 1405 2026 καὶ
1440 1972 1754 2042 προφητῶν,
1793 1971 1886 2025 καὶ

305 2061 517 2132 Καινῆς
547 2061 820 2133 Διαθήκης
846 2060 1036 2116 τοῦτον
1059 2062 1190 2117 Θεὸν
1215 2064 1549 2134 γεννήσαντα
1577 2063 1702 2116 Υἰὸν
1728 2080 1887 2134 μονο-

307 2153 441 2223 γενῆ
464 2152 572 2224 πρὸ
593 2155 800 2224 χρόνων
829 2155 1082 2218 αἰωνίων,
1107 2153 1172 2207 δι’
1199 2146 1260 2206 οὗ
1283 2155 1376 2207 καὶ
1398 2156 1523 2217 τοὺς
1545 2154 1766 2218 αἰῶνας,
1795 2155 1888 2207 καὶ

304 2245 378 2299 τὰ
422 2245 584 2300 λοιπὰ
617 2246 904 2318 πεποίηκε·
938 2248 1279 2318 γεννήσαντα
1311 2246 1368 2299 δὲ
1407 2247 1469 2299 οὐ
1500 2247 1738 2314 δοκήσει,
1773 2245 1885 2299 ἀλλ’

307 2337 556 2409 ἀληθείᾳ·
591 2339 972 2409 ὑποστήσαντα
991 2339 1047 2392 δὲ
1077 2339 1190 2409 ἰδίῳ
1212 2337 1493 2408 θελήματι,
1511 2338 1778 2408 ἄτρεπτον
1796 2336 1889 2390 καί¹

309 2430 685 2495 ἀναλλοίωτον,
715 2430 918 2501 κτίσμα
945 2430 1038 2484 τοῦ
1061 2429 1195 2483 Θεοῦ
1225 2429 1449 2492 τέλειον,
1484 2429 1713 2499 ἀλλὀὐχ
1728 2429 1802 2492 ὼς
1831 2429 1889 2483 ἓν

308 2523 418 2577 τῶν
449 2524 786 2592 κτισμάτων,
824 2524 1090 2594 γέννημα,
1127 2522 1241 2576 ἀλλ’
1265 2523 1362 2592 οὐχ
1389 2521 1463 2587 ὡς
1485 2521 1542 2574 ἓν
1563 2521 1672 2574 τῶν
1696 2538 1890 2592 γεννη-

314 2616 519 2686 μάτων·
546 2615 653 2668 οὑδ⁹
683 2615 759 2679 ὡς
791 2615 1140 2678 Οὐαλεντῖνος
1167 2614 1436 2686 προϐολὴν
1463 2613 1577 2684 (78)
1610 2613 1670 2666 τὸ
1695 2614 1890 2684 γέννη-

313 2724 391 2777 μα
418 2706 509 2759 τοῦ
535 2707 747 2778 Πατρὸς
770 2707 1143 2777 ἐδογμάτισεν·
1173 2708 1281 2760 οὐδ’
1306 2706 1378 2771 ὡς
1406 2708 1702 2777 Μανιχαίος
1728 2708 1893 2778 μέρος

309 2796 594 2866 όμοούσιον
628 2797 719 2849 τοῦ
750 2796 960 2868 Πατρὸς
1003 2795 1064 2848 τὸ
1105 2796 1352 2866 γέννημα
1398 2798 1746 2867 εἰσηγήσατο·
1783 2795 1890 2849 οὐδ’

307 2887 386 2949 ὡς
413 2885 702 2949 Σαϐέλλιος
723 2888 752 2939 ὁ
773 2885 871 2955 τὴν
903 2885 1106 2956 μονάδα
1136 2885 1362 2956 διαιρῶν
1390 2887 1686 2956 υἰοπάτορα
1717 2881 1888 2939 εἶπεν·

310 2975 420 3029 οὐδ’
453 2975 529 3038 ὡς
565 2975 813 3046 Ἰέρακας
847 2973 1035 3044 λύχνον
1067 2973 1175 3027 ἀπὸ
1207 2972 1421 3044 λύχνου,
1458 2975 1492 3046 ἢ
1524 2976 1598 3038 ὡς
1639 2975 1894 3046 λαμπάδα

311 3069 393 3134 εἰς
421 3066 536 3119 δύο·
567 3067 687 3120 οὐδὲ
713 3066 803 3119 τὸν
832 3066 960 3119 ὄντα
992 3067 1254 3138 πρότερον
1286 3065 1511 3139 ὕστερον
1539 3067 1890 3139 γεννηθέντα,

1986 545 2178 600 papam
2203 531 2570 586 Alexandrum
2598 530 2756 601 quasi
2788 529 3087 585 excusandi
3109 529 3192 585 sui
3221 529 3391 599 gratia
3419 533 3557 583 scrt-

1985 626 2093 692 psit
2131 624 2288 693 longe
2350 624 2633 695 superiore
2685 623 2775 677 illa
2809 623 3070 692 pejorcm,
3107 636 3228 692 quze
3258 629 3372 675 tota
3408 620 3557 674 illius

1985 719 2071 766 est
2117 726 2344 776 veneno,
2395 727 2459 768 ac
2507 711 2919 766 contumeliosis
2965 711 3020 764 in
3059 710 3302 765 dQvinum
3353 724 3556 764 numen

1985 804 2212 858 vocibus
2256 802 2478 868 referta,
2520 819 2684 874 quam
2734 802 3156 858 Alexandrinam
3205 802 3374 858 misit.
3423 800 3556 855 Eam

1987 908 2090 950 nos
2121 894 2520 964 subjiciendam
2553 893 2885 964 putavimus.

2317 1003 2562 1074 Epistola
2591 1004 2709 1058 Arii
2741 1002 2812 1058 ad
2842 1004 3230 1058 Alexandrum.

2055 1119 2221 1175 Beato
2271 1135 2423 1193 papa:
2458 1127 2511 1175 et
2542 1120 2797 1191 episcopo
2829 1126 3018 1174 nostro
3069 1115 3397 1181 Alexandro,
3431 1131 3554 1186 pre-

1987 1212 2188 1282 sbyteri
2217 1223 2270 1268 et
2297 1211 2534 1278 diaconi,
2571 1215 2802 1267 salutem
2834 1211 2888 1272 in
2930 1210 3181 1264 Domino.

2060 1431 2220 1486 Fides
2245 1430 2336 1486 illa
2373 1446 2536 1502 quam
2566 1438 2673 1490 eta
2703 1430 3003 1500 majoribus
3046 1430 3380 1500 accepimus,
3433 1438 3486 1483 et
3527 1445 3558 1484 a

1989 1532 2040 1580 te
2069 1523 2382 1585 didicimus,
2419 1523 2736 1579 beatissime
2767 1537 2924 1594 papa,
2969 1521 3237 1592 ejusmodi
3270 1533 3355 1577 est
3386 1539 3397 1574 :
3431 1522 3561 1577 Cre-

1989 1620 2169 1674 dimus
2213 1632 2381 1672 unum
2398 1615 2565 1686 Deum
2589 1655 2605 1682 ,
2657 1617 2832 1672 solum
2865 1616 3184 1686 ingenitum,
3212 1615 3385 1670 solum
3405 1623 3562 1668 aeter-

1990 1722 2141 1772 num,
2196 1706 2371 1761 solum
2419 1683 2683 1776 principio
2757 1717 3054 1769 carentem,
3120 1705 3298 1760 solum
3346 1719 3558 1769 verum,

1992 1800 2168 1852 solum
2219 1797 2601 1859 immortalem,
2638 1797 2814 1850 solum
2869 1796 3189 1866 sapientem,
3237 1795 3413 1849 solum
3467 1794 3562 1849 bo-

1993 1902 2146 1948 num,
2181 1885 2355 1940 solum
2395 1884 3291 1954 praepotentem,solumjudicem,
3318 1883 3564 1938 omnium

1992 1977 2388 2032 moderatorem
2436 1986 2490 2030 et
2535 1978 3066 2038 administratorem,
3150 1976 3435 2030 immotum
3511 1979 3567 2028 et

1993 2066 2408 2131 iuunutabilem,
2442 2067 2673 2136 justum,
2724 2069 2958 2134 bonum,
2997 2065 3136 2136 legis
3179 2077 3234 2125 et
3275 2067 3564 2138 propheta—

1921 2211 1924 2213 .
1994 2173 2134 2221 rum,
2171 2173 2235 2213 ac
2273 2158 2409 2212 Novi
2443 2158 2778 2215 Testameuti
2813 2160 3020 2229 pariter
3061 2157 3231 2214 Deum
3254 2197 3268 2221 ,
3319 2157 3410 2228 qui
3445 2156 3568 2210 uui-

1994 2250 2234 2320 genitum
2276 2249 2474 2304 Filium
2525 2260 2652 2306 ante
2695 2253 3029 2321 sempiterna
3077 2257 3320 2319 tempora
3353 2248 3565 2319 genuit,

1995 2356 2092 2409 per
2130 2357 2290 2410 quem
2329 2352 2384 2396 et
2418 2344 2640 2407 saecula,
2671 2350 2727 2398 et
2760 2343 2972 2412 reliqua
3019 2340 3327 2412 procreavit
3355 2340 3564 2394 omnia.

1995 2429 2260 2486 Genuisse
2293 2448 2461 2502 porro
2487 2432 2723 2488 dicimus
2758 2433 2959 2502 reipsa,
2996 2447 3106 2486 non
3147 2431 3335 2501 specie
3385 2442 3568 2494 tenus,

1997 2539 2060 2578 ac
2087 2513 2473 2578 subsistentem
2499 2525 2648 2578 illum
2676 2534 2869 2594 suapte
2897 2525 3176 2578 voluntate
3206 2523 3555 2586 condidisse;

1997 2613 2287 2681 ejusmodi,
2320 2622 2377 2667 ut
2404 2630 2582 2684 neque
2612 2614 2884 2675 converti,
2914 2629 3093 2684 neque
3124 2613 3325 2667 mutari
3358 2611 3572 2682 possit;

1999 2704 2292 2774 perfectam
2331 2705 2424 2760 Dei
2456 2713 2786 2769 creaturam,
2821 2705 2914 2761 sed
2949 2722 3057 2761 non
3091 2714 3350 2775 tanquam
3386 2719 3570 2759 rerum

1998 2805 2301 2851 creatarum
2347 2799 2584 2868 aliquam
2619 2797 2827 2852 :I'etum
2869 2797 3096 2864 itidem,
3151 2797 3247 2852 sed
3296 2810 3404 2850 non
3455 2804 3574 2850 tan-

1999 2904 2159 2956 quam
2207 2905 2372 2943 uuum
2403 2907 2433 2944 e
2465 2891 2674 2945 cmteris
2709 2905 2848 2955 ;nec
2891 2889 3348 2960 quemadmodum
3389 2887 3576 2941 Valen-

2001 2981 2149 3035 tinus
2183 2982 2551 3043 asseverabat,
2574 2982 2921 3036 emissionem
2952 2979 3243 3052 quamdam
3279 2979 3431 3033 illum
3455 2992 3576 3032 esse

2001 3066 2176 3123 Patris
2227 3069 2436 3123 fetum:
2476 3079 2570 3123 aut
2623 3079 2682 3124 ut
2731 3069 3064 3124 Maniclueus
3114 3067 3364 3122 eumdem
3423 3067 3575 3118 illum

311 3162 347 3232 ἢ
389 3159 772 3213 ἐπικτισθέντα
807 3160 887 3221 εἰς
915 3158 1062 3222 Υἰὸν,
1094 3158 1164 3223 ὡς
1211 3159 1306 3213 καὶ
1335 3161 1399 3212 σὺ
1436 3160 1618 3225 αὐτὸς,
1660 3161 1891 3232 μακάριε

2005 3158 2166 3213 fetum
2215 3169 2419 3228 partem
2459 3175 2582 3216 esse
2621 3160 2758 3214 dixit
2806 3159 2954 3214 Patri
3003 3157 3576 3223 consubstantialem;

313 3252 496 3316 πάπα,
541 3253 598 3304 ἐν
639 3251 777 3324 μέσῃ
803 3268 861 3303 τε
893 3251 1157 3324 ἐκκλησίᾳ
1198 3254 1292 3306 καὶ
1331 3254 1592 3326 συνεδρίῳ
1640 3255 1896 3309 πλειστά-

313 3360 403 3403 κις
435 3345 560 3405 τοὺς
588 3345 757 3397 ταῦτα
790 3346 1258 3416 εἰσηγησαμένους
1301 3347 1707 3418 ἀπηγόρευσας·
1745 3347 1881 3415 ἀλλ’,

316 3438 394 3500 ὡς
439 3436 639 3506 φαμὲν,
683 3435 947 3514 θελήματι
989 3435 1081 3489 τοῦ
1117 3435 1250 3488 Θεοῦ
1296 3437 1401 3508 πρὸ
1433 3439 1639 3508 χρόνων
1668 3438 1762 3492 καὶ
1790 3441 1895 3510 πρὸ

316 3526 531 3581 αἰώνων
561 3525 869 3586 κτισθέντα,
898 3527 990 3586 καὶ
1013 3526 1072 3580 τὸ
1102 3526 1200 3598 ζῇν
1231 3527 1326 3580 καὶ
1361 3528 1419 3582 τὸ
1446 3527 1584 3584 εἶναι
1609 3523 1776 3600 τπαρά
1801 3529 1895 3583 τοῦ

315 3621 530 3691 ΙΙατρδς
553 3619 831 3691 εἰληφότα,
860 3619 954 3672 καὶ
983 3619 1078 3685 τὰς
1101 3619 1256 3684 δόξας
1279 3622 1782 3692 συνυποστήσαντος
1802 3624 1900 3675 αὑ-

313 3709 396 3780 τῷ,
432 3709 524 3762 τοῦ
557 3709 799 3780 Πατρός·
834 3708 894 3761 οὐ
924 3707 1032 3779 γὰρ
1060 3709 1088 3762 ὁ
1118 3709 1310 3780 Πατὴρ
1330 3709 1452 3771 δοὺς
1488 3708 1639 3778 αὐτῷ
1677 3709 1896 3767 πάντων

314 3805 415 3874 τήν
466 3801 828 3872 κληρονομίαν
876 3801 1167 3873 ὲστέρησεν
1217 3801 1408 3854 ἑαυτὸν
1434 3800 1540 3852 τδί
1589 3803 1898 3872 ἀγεννήτως

315 3895 464 3964 ἔχειν
488 3895 544 3946 ἐν
573 3892 768 3962 ἑαυτῷ.
806 3893 964 3964 Πηγὴ
993 3893 1100 3963 γάρ
1129 3893 1244 3945 ἐστι
1268 3892 1504 3946 πάντων.

2001 3268 2179 3322 neque
2213 3263 2270 3308 ut
2303 3252 2577 3310 Sabellius
2611 3256 2704 3325 qui
2743 3255 3006 3310 unitatem
3036 3254 3245 3312 divisit,
3277 3260 3332 3308 et
3379 3251 3581 3306 Filium‘

2000 3345 2213 3400 Patrem
2249 3347 2537 3417 appellavit
2565 3366 2578 3414 ;
2618 3364 2725 3406 non
2757 3349 2917 3419 733
2943 3345 3464 3409 item,utllieracas,
3493 3344 3578 3397 lu-

2002 3453 2220 3491 cernam
2255 3453 2286 3494 e
2333 3440 2574 3504 lucerna,
2629 3449 2724 3494 aut
2774 3440 3076 3510 lampadem
3120 3439 3173 3492 in
3219 3436 3358 3491 duas
3398 3441 3581 3504 partes

2003 3529 2253 3594 divisam,
2284 3546 2459 3602 neque
2490 3549 2616 3588 vero
2636 3533 2927 3603 ejusmodi,
2953 3541 3012 3587 ut
3033 3548 3155 3588 cum
3177 3531 3330 3601 prius
3363 3528 3578 3587 fuisset.

2005 3631 2192 3690 postea
2244 3623 2315 3678 sit
2362 3625 2616 3692 genitus,
2675 3640 2740 3680 ac
2782 3625 2963 3680 denuo
3017 3632 3235 3678 creatus
3271 3622 3326 3676 in
3362 3618 3580 3673 Filium.

2008 3712 2475 3778 Quemadmodum
2509 3723 2567 3769 tu
2608 3715 2745 3785 ipse,
2769 3715 3087 3769 beatissime
3117 3726 3275 3782 papa,
3313 3708 3492 3764 media
3528 3708 3582 3762 in

2003 3806 2254 3868 ecclesia,
2296 3816 2350 3860 ct
2379 3823 2642 3862 consessu
2681 3822 3054 3879 saepenumero
3092 3805 3185 3875 qui
3218 3805 3334 3859 lucc
3365 3816 3582 3857 asserc-

2006 3905 2125 3951 reut
2159 3898 2442 3964 refutasti;
2476 3900 2594 3964 sed,
2631 3908 2690 3954 ut
2718 3900 2978 3964 diximus,
3012 3899 3106 3954 Dci
3138 3899 3418 3953 voluntate
3451 3901 3578 3948 ante

321 3995 591 4055 tempora,
623 3993 678 4038 et
720 3987 920 4039 szecula
956 3986 1139 4038 omnia
1197 3974 1576 4046 creatum,'ut
1614 3985 1837 4051 viveret,
1893 3996 2056 4056 atque
2104 3995 2272 4054 esset,
2324 4004 2355 4043 a
2393 3988 2555 4046 Patre
2599 3993 2875 4062 accepisse
2917 3990 3243 4046 conﬁtemur
3280 4007 3293 4042 :
3332 3986 3466 4041 adeo
3515 3991 3576 4038 ut

316 4077 509 4132 eadem
542 4077 634 4131 illa
666 4078 941 4132 creatione
973 4077 1202 4147 gloriam
1238 4077 1288 4132 ei
1326 4075 1486 4131 Pater
1525 4076 1978 4150 splendoremque
2024 4082 2318 4137 contulerit

2369 4099 2597 4154 :neque
2633 4083 2779 4137 enim
2833 4083 3256 4139 existimandum
3311 4087 3416 4138 est,
3473 4077 3574 4130 Pa-

320 4177 482 4234 trem,
526 4183 650 4223 cum
686 4170 929 4224 omnium
965 4184 1149 4224 rerum
1221 4169 1272 4224 ei
1319 4169 1721 4238 possessionem
1791 4171 2050 4239 traderet,
2097 4175 2198 4231 sibi
2240 4174 2343 4246 ipsi
2391 4176 2534 4245 quod
2581 4175 2819 4246 ingenita
2862 4174 3096 4246 quadam
3132 4173 3187 4227 in
3249 4186 3308 4226 se
3359 4168 3573 4223 ratione

317 4263 636 4318 continebat
663 4264 950 4319 ademisse.
993 4263 1138 4320 Fons
1163 4263 1310 4319 enim
1338 4263 1428 4318 ille
1453 4263 1696 4317 omnium
1729 4274 1831 4319 est.

395 4357 475 4411 H'.
511 4357 675 4410 Ὥστε
724 4359 870 4428 τρεῖς
929 4357 1064 4409 εἰσιν
1122 4356 1466 4422 ὑποστάσεις,
1517 4354 1893 4427 Πατὴρ,’Υἰὸς

2075 4356 2206 4412 VIII.
2244 4357 2606 4426 Quamobrem
2658 4365 2770 4411 tres
2826 4363 2954 4412 sunt
3004 4354 3345 4426 liypostases,
3400 4350 3578 4416 Pater,

316 4451 416 4506 καί
446 4448 602 4517 ἆγιον
629 4448 870 4519 Πνεῦμα.
893 4448 1049 4502 Καὶὸ
1078 4449 1177 4519 μὲν
1197 4447 1329 4511 Θεὸς
1357 4448 1527 4510 αἴτιος
1546 4446 1654 4500 τῶν
1685 4446 1891 4502 πάντων

2009 4446 2201 4510 Filius,
2239 4447 2476 4517 Spiritus
2512 4458 2757 4508 sanctus.
2796 4447 2859 4502 Et
2889 4445 3110 4518 quidem
3144 4443 3306 4510 Deus,
3337 4459 3460 4497 cum
3496 4460 3582 4498 re-

317 4543 603 4613 τυγχάνων
631 4543 778 4595 ἐστὶν
805 4541 1056 4612 ἄναρχος,
1091 4540 1418 4612 μονώτατος·
1447 4539 1548 4593 ὁδὲ
1583 4540 1729 4604 Υἱὸς,
1749 4540 1905 4613 ἀχρό-

399 4697 412 4727 ¹
446 4694 502 4750 F.
530 4694 645 4749 τοῦ.

394 4841 508 4923 (78)
551 4852 687 4907 Οὐδ’
737 4854 818 4920 ὡς
876 4851 1274 4918 Qualem/War;
1318 4852 1643 4923 :tpc6u.lt_jt'.
1682 4849 1904 4923 Hieron.

318 4926 478 4988 Apol.
494 4919 536 4980 ’2
563 4927 614 4978 in
660 4919 1054 4991 Ruﬁllabetur
1082 4923 1334 4992 Dialogus
1361 4919 1505 4990 apud
1531 4921 1740 4992 Gri-arcos
1779 4919 1908 4974 Ori-

320 4998 487 5066 genis,
515 5007 563 5049 et
591 4993 819 5066 Candidi
860 4991 1252 5066 ιῖαἰεηιὶηἰαπωξ
1277 4991 1857 5066 Inrreseosdefensoris
1889 5004 1907 5041 :

323 5063 424 5136 (in)
453 5083 583 5134 quos
615 5065 746 5117 duos
778 5063 1101 5136 Audubatas
1143 5063 1505 5136 digladianles
1541 5063 1678 5136 inter
1710 5077 1765 5136 se
1792 5077 1907 5136 spe-

322 5130 494 5190 rtasse
545 5153 624 5189 me
657 5136 846 5202 fateor.
890 5133 1029 5187 Dicit
1063 5130 1356 5194 Candidus,
1401 5130 1597 5185 Filium
1631 5131 1694 5184 de
1730 5130 1907 5183 Patris

319 5224 434 5263 esse
481 5205 806 5266 substantia,
839 5221 1022 5258 errans
1053 5205 1106 5257 in
1136 5220 1194 5261 eo
1225 5204 1363 5274 quod
1394 5202 1663 5274 προϐολήν
1693 5203 1904 5254 asserit.

327 5278 372 5330 Ε
402 5278 607 5345 regione
634 5275 884 5345 Origenes
899 5274 1061 5342 juxta
1094 5271 1278 5345 Ariani
1310 5285 1358 5326 et
1392 5271 1708 5345 Eunomium
1754 5287 1912 5345 repu-

313 5339 478 5416 gnat:
498 5364 616 5401 eum
643 5347 718 5401 vel
733 5339 1156 5416 'prolainntesse.
1182 5343 1481 5416 velunatum,
1503 5359 1564 5416 ne
1587 5339 1909 5416 Deus_Patrr

321 5412 592 5473 dividatur
619 5417 669 5470 in
701 5412 896 5484 partes.
933 5414 1208 5469 Marianus
1246 5413 1554 5482 i-lieroaymi
1584 5412 1907 5484 selioliastes

327 5487 598 5562 προϐολήν
653 5482 742 5540 hic
799 5485 1134 5562 esse-credit
1174 5484 1556 5562 excellentialn,
1589 5491 1642 5536 et
1671 5482 1902 5562 ὲξοχήνε

321 5551 383 5614 et
406 5551 593 5614 errare
615 5564 903 5626 propterea
926 5555 1252 5626 Candidum,
1281 5554 1426 5626 quod
1469 5553 1696 5626 Patrem
1715 5551 1901 5605 excel-

313 5621 685 5691 .leuttorem'F
691 5621 782 5681 ilio
798 5627 1024 5681 diceret.
1059 5624 1165 5679 Sed
1197 5621 1339 5678 aliud
1361 5633 1446 5680 est
1471 5621 1715 5694 προϐολή.
1733 5635 1894 5694 quam

323 5698 655 5778 excellentia.
689 5696 874 5767 Neque
898 5696 1042 5778 enim
1064 5703 1211 5778 recte
1237 5695 1504 5778 quispiam
1518 5691 1767 5778 ’προϐολή
1793 5691 1900 5744 dici

330 5778 543 5840 potest;
577 5769 679 5824 hoc
707 5759 1140 5828 est'escellentia
1167 5759 1377 5836 majore
1403 5759 1678 5837 prmlitus.
1713 5759 1900 5832 Magne

2012 4555 2132 4596 rum
2165 4540 2408 4595 omnium
2437 4554 2604 4596 causa
2636 4539 2726 4605 sit,
2764 4540 2916 4596 solus
2948 4555 3014 4596 ex
3050 4538 3307 4594 omnibus
3330 4535 3588 4618 principii

2007 4848 2279 4920 προϐολήν
2313 4845 2641 4903 Valentinus
2673 4843 3088 4920 fll'OtﬂlClipnpﬂi
3121 4843 3390 4911 ejusmodi
3421 4858 3583 4920 voca-

2008 4913 2120 4982 bat,
2160 4913 2264 4987 qua
2289 4923 2631 4987 procreatum
2664 4914 2732 4968 εἰ)
2763 4913 3034 4987 monibus
3064 4913 3248 4987 Jesu-m
3281 4914 3580 4968 asserebat.

2009 4983 2630 5054 Nituir'um'composito
2689 4999 2753 5037 ac
2803 4985 3125 5054 constituto
3156 4983 3477 5045 Pleromate,
3527 4991 3584 5038 et

2015 5057 2192 5112 Eone
2238 5053 2507 5117 restituto,
2528 5054 2594 5108 de
2655 5055 2927 5108 communi
2981 5053 3225 5107 omnium
3281 5055 3580 5117 voluntate,

2008 5145 2144 5204 cuni
2170 5127 2548 5201 unusquisque
2594 5125 2739 5194 quod
2777 5122 3582 5204 ltaltcbat“priest'antissimum

2013 5199 2307 5259 t'mtferrct,
2334 5190 2558 5256 "nov-tun
2593 5190 2881 5262 quemdam
2911 5190 3180 5265 prodiissc
3213 5193 3402 5253 fetum,
3427 5190 3582 5265 vide...

2012 5271 2134 5324 l'u-ct
2178 5267 2384 5328 Iesum.
2437 5269 2553 5320 sive
2605 5259 2883 5319 Christum
2912 5259 2995 5317 'ct
3054 5262 3411 5316 Salvatorem.
3445 5259 3584 5328 Vide

2011 5339 2212 5394 Περι-οε.
2247 5339 2333 5400 51,
2367 5326 2517 5391 num.
2562 5337 2656 5400 15;
2692 5335 2781 5390 ubi
2811 5333 3019 5400 Aionas
3047 5345 3236 5400 omnes
3259 5331 3338 5400 ait,
3375 5326 3583 5400 προϐα-

2006 5409 2190 5462 λέσθαι
2250 5399 2542 5478 πρόὸλήμα
2593 5399 2672 5468 εἰς
2726 5404 2890 5478 τιμὴν
2915 5399 3025 5478 ’καὶ
3055 5399 3215 5478 δόξαν
3247 5399 3341 5478 τοῦ
3383 5399 3578 5478 Ruﬁni};

2000 5479 2131 5535 “me
2181 5487 2264 5533 est
2294 5469 2684 5531 'Valen'tiniana
2743 5469 3583 5543 apo'601ﬁ.__Alioqui$906on

2020 5551 2173 5605 Verbi
2200 5549 2599 5618 productionem
2638 5539 2911 5618 appellare
2964 5539 3419 5618 nihiluproliibtft:
3455 5539 3518 5593 Et
3550 5555 3581 5594 ι

2003 5609 2264 5689 Gregorio
2300 5619 2557 5689 Nazianzt
2601 5609 2930 5681 ueterisque.
2967 5609 3221 5674 Ratrilius
3254 5610 3414 5667 Verbi
3448 5625 3588 5689 προς

2003 5685 2192 5755 ϐολέύς
2219 5691 2380 5751 Pater
2414 5686 2743 5744 nominatur,
3524 5685 3530 5691 '
