3994 6226
317 325 425 377 ’ΞΠ

958 318 1339 376 ADVERSUS
1377 317 1724 375 [UERESES
1762 317 1889 372 LIB.
1931 314 1996 373 ll.
2038 315 2200 371 ΤΟΜ.
2243 315 2309 370 ll.
2344 343 2411 357 --
2450 259 2726 381 IlAERES.
2770 309 2954 366 LXIX.

3477 311 3582 366 218

314 459 432 509 νον,
461 441 557 494 καὶ
586 440 856 511 ἀρνεῖσαι,
874 439 1060 510 τάχιον
1083 441 1112 494 ὁ
1136 440 1355 495 πάντων
1376 441 1653 511 Δεσπότης
1685 439 1901 508 ἐλέγξαι

2019 455 2166 510 piam
2210 437 2497 492 celerrime
2527 443 2580 491 te
2611 436 2680 489 ab
2711 433 2956 487 omnium
2996 429 3226 485 Domino
3263 428 3577 511 convictum

314 551 382 588 σε
411 532 543 604 ἔχει,
581 532 813 603 μάλιστα
841 531 963 586 καθ’
992 527 1053 587 οὗ
1079 531 1322 604 ὤμοσας.
1343 533 1506 587 Ὅθεν
1530 533 1622 586 καὶ
1644 532 1902 604 ἐφωράθη

312 622 385 676 τὰ
435 621 578 677 αὐτὰ
627 621 860 693 φρονῶν,
897 623 993 677 καὶ
1045 625 1125 686 είς
1158 623 1450 695 πρόσωπον
1493 621 1589 676 τοῦ
1643 621 1906 692 βασιλέως

313 714 580 786 ἠλέγχθη.
630 715 800 770 Πάλιν
849 715 907 768 δὲ
964 713 1226 780 ὡσαύτως
1277 717 1517 787 ἠρνεῖτο·
1577 715 1671 768 καὶ
1721 711 1906 766 πολλοὶ

314 809 484 862 αὐτοῦ
527 809 941 881 ὐπερασπισταὶ
989 807 1469 880 ὑπερεδέοντοδιὰ
1501 805 1764 860 Εὑσεϐίου
1811 802 1905 858 τοῦ

314 901 710 971 Νικομηδείας.
753 900 922 972 Ὁμοῦ
973 900 1031 954 δὲ
1075 901 1224 972 ζήλῳ
1268 900 1528 971 ἐπαρθεὶς
1557 898 1669 971 (82)
1699 901 1727 953 ὁ
1755 897 1930 969 βασι-¹

315 993 467 1054 λεὺς,
501 993 598 1046 καὶ
628 991 918 1061 ἐπιστολὴν
947 991 1190 1062 μεγάλην
1219 989 1505 1058 ἐγκύκλιον
1531 989 1627 1059 ὅλῃ
1661 991 1726 1060 τῇ
1774 988 1907 1041 Ῥω-

321 1079 494 1152 μανίᾳ
520 1081 766 1154 γέγραφε
806 1080 947 1134 κατά
975 1079 1188 1150 Ἀρείου
1214 1081 1309 1133 καὶ
1333 1079 1434 1150 τῆς
1463 1078 1626 1132 αὐτοῦ
1644 1077 1904 1143 πίστεως,

319 1174 504 1244 πάσης
533 1172 726 1242 σοφίας
767 1171 1019 1244 ἔμπλεων
1066 1173 1161 1225 καὶ
1203 1170 1472 1242 ἀληθινῶν
1511 1169 1789 1242 ῥημάτων·
1831 1166 1909 1230 ὡς

319 1266 417 1319 καὶ
451 1265 591 1337 αῦτη
629 1267 709 1328 είς
761 1264 842 1318 ἔτι
886 1263 1047 1336 δεῦρο
1099 1263 1250 1333 παρά
1305 1261 1615 1332 φιλοκάλοις
1652 1258 1904 1324 σώζεται,

318 1358 654 1428 περιέχουσα
668 1355 765 1428 τὴν
785 1357 978 1427 ἀρχήν·
1011 1375 1030 1406 ‹
1056 1356 1461 1415 Κωνσταντῖνος
1483 1351 1775 1414 Σεὸαστὺς,
1809 1349 1907 1420 μέ-

317 1464 526 1516 γιστος.
566 1448 785 1517 Ἀρειος
807 1447 902 1500 καὶ
940 1444 1210 1517 Ἀρειανοὶ
1229 1443 1400 1505 κακὸς
1430 1441 1725 1513 ἑρμηνεὺς,
1747 1439 1910 1492 αὑτό-

318 1554 511 1609 χρημα
527 1535 690 1589 εἰκών
719 1553 778 1589 τε
807 1536 903 1588 καὶ
923 1534 1144 1604 ἀνδριάς
1162 1533 1279 1584 ὲστι
1304 1531 1399 1583 τοῦ
1419 1529 1688 1582 διαϐόλου.
1719 1547 1736 1578 ι
1774 1524 1909 1581 Εἶτα

323 1627 446 1697 μεθ’
475 1627 662 1697 ἔτερα,
689 1627 784 1679 καὶ
818 1625 955 1696 μετά
986 1626 1045 1678 τὸ
1078 1622 1278 1693 πολλὴν
1303 1621 1439 1693 πρὸς
1464 1619 1626 1673 αὑτὸν
1657 1617 1907 1671 ἐκθέσθαι

321 1722 390 1773 ὲκ
423 1720 584 1772 θείων
621 1719 818 1787 λογίων
843 1717 1176 1786 ἀντιλογίαν,
1197 1716 1292 1769 καὶ
1315 1713 1444 1776 ἔπος
1471 1711 1579 1767 ἀπὸ
1609 1709 1704 1764 τοῦ
1739 1710 1907 1780 ’0μή-

323 1829 421 1883 ρου
455 1813 591 1884 πρὸς
643 1812 805 1865 αὑτὸν
864 1806 1226 1881 σχετλιασμοῦ
1275 1806 1436 1859 ἓνεκα
1491 1800 1906 1872 ἀποτεινόμενος

2019 1806 2157 1860 illius
2191 1806 2606 1874 refutationem,
2651 1815 2929 1877 postremo
2963 1821 3180 1861 versum
3210 1807 3497 1876 quemdam
3524 1822 3594 1862 ex
3701 1801 3708 1810 ’

321 1905 616 1975 παρέθετο,
653 1905 791 1975 ὅπερ
832 1884 927 1956 καὶ
957 1901 1089 1957 αὐτὸ
1135 1900 1433 1968 ἀναγκαῖον
1465 1895 1698 1950 ἐνταῦθα
1730 1910 1906 1964 παρα-

321 1993 518 2048 θέσθαι
591 1993 892 2064 ἡγησάμην
956 1993 1052 2044 καὶ
1114 1988 1295 2043 ἔστιν·
1356 1988 1491 2056 Ἀγε
1549 1986 1613 2057 δὴ
1697 1983 1852 2046 ἄδδες
1887 1983 1903 2012 ⁸

325 2085 516 2157 Ἀρειε
550 2085 685 2156 (85),
725 2084 966 2138 ἀσπίδων
1003 2081 1184 2153 χρεία.
1234 2079 1327 2149 Μή
1362 2095 1426 2147 γε
1460 2079 1524 2130 σὺ
1551 2076 1709 2129 τοῦτο
1752 2074 1909 2144 ποιή-

323 2194 446 2252 σῃς,
485 2176 821 2247 ἱκετεύομεν·
857 2173 1128 2245 ἐπισχέτω
1175 2172 1232 2226 δέ
1262 2189 1324 2225 σε
1352 2173 1386 2242 ἠ
1414 2168 1547 2239 γοῦν
1590 2166 1910 2238 Ἀφροδίτης

321 2267 530 2339 ὁμιλία.

392 2378 450 2434 ι’.
483 2379 819 2450 Βουλομένω
853 2377 1031 2431 τοίνυν
1057 2377 1151 2430 τοῦ
1185 2375 1399 2447 Ἀρείου
1431 2375 1490 2428 ὲν
1513 2376 1579 2447 τῇ
1615 2378 1909 2450 Κωνσταν-

322 2471 629 2526 τ.νουπόλει
651 2447 786 2542 δμοῦ
815 2467 1170 2540 συναχθῆναι,
1195 2467 1455 2521 Εὐσεϐίου
1482 2447 1904 2535 ἀναγκάζοντος,

323 2570 416 2620 καὶ
455 2560 534 2620 ’τά
566 2565 778 2638 μεγάλα
826 2563 978 2635 παρὰ
1031 2563 1296 2633 βασιλέως
1330 2562 1605 2632 ἰσχύοντος
1633 2563 1724 2616 καὶ
1766 2578 1908 2630 παρ-

321 2659 669 2728 ενοχλοῦντος
691 2657 767 2729 τῷ
789 2658 848 2709 ὲν
879 2655 1450 2709 Κωνσταντινουπύλει
1479 2655 1766 2726 ὲπισκόπῳ
1788 2655 1908 2708 κατ’

322 2751 501 2802 ἐκεῖνο
550 2748 764 2818 καιροῦ,
796 2747 1051 2800 κάκείνου
1108 2745 1183 2816 μὴ
1235 2745 1558 2816 βουλομένου
1587 2748 1703 2816 μετ’
1747 2744 1909 2799 αὐτοῦ

323 2840 685 2911 συναχθῆναι,
730 2841 869 2911 μήτε
913 2841 992 2902 εἰς
1022 2837 1310 2892 κοινωνίαν
1357 2837 1522 2892 αὐτοῦ
1577 2837 1770 2903 ἐλθεῖν,
1818 2837 1913 2891 καὶ

325 2933 774 3004 βιοφορουμένου,
827 2933 920 2986 καὶ
957 2931 1252 2994 στένοντος,
1299 2928 1394 2982 τοῦ
1443 2929 1500 2982 δὲ
1529 2928 1788 2981 Εὐσεϐίου
1822 2928 1911 2982 λέ-

324 3042 535 3094 γοντος·
573 3025 635 3077 Εἰ
669 3023 742 3094 μὴ
786 3022 965 3093 βούλει
1008 3022 1113 3092 ἰδίᾳ
1138 3024 1202 3093 τῇ
1233 3020 1570 3093 προαιρέσει,
1603 3020 1698 3092 τῇ“
1725 3018 1913 3091 αὔριον

323 3119 532 3190 ἡμέρα,
552 3116 836 3188 Κυριακῆς
859 3115 1306 3185 ὲπιφωσκούσης,
1344 3116 1439 3168 σὺν
1465 3115 1589 3186 ἐμοὶ
1610 3114 1912 3167 εἰσελεύσε-
1940 3152 1983 3210 C

323 3227 457 3276 ται,
507 3209 600 3262 καὶ
647 3207 699 3261 τί
737 3205 963 3260 δύνασαι
1014 3205 1274 3275 ποιῆσαι;
1337 3205 1396 3259 '0
1419 3205 1476 3258 δὲ
1523 3202 1916 3269 εὐλαϐέστατος

324 3303 626 3366 ἐπίσκοπος
661 3299 757 3352 καὶ
786 3299 919 3352 Θεὸν
953 3297 1284 3368 φοϐούμενος
1325 3296 1694 3370 Ἀλέξανδρος,
1738 3299 1767 3351 ὁ
1818 3299 1918 3368 τῆς

324 3394 506 3464 αὐτῆς
535 3393 764 3463 ἀρίστης
801 3390 1004 3454 πόλεως
1033 3391 1330 3453 ἐπίσκοπος
1360 3391 1671 3461 (ὁμώνυμος
1707 3388 1816 3462 γὰρ
1850 3385 1918 3461 ἦν

327 3486 423 3538 καὶ
445 3477 599 3546 οὗτος
630 3481 707 3553 τῷ
747 3484 806 3535 ἐν
852 3480 1271 3553 ’Δλεξανδρείᾳ),
1301 3480 1367 3534 δι’
1398 3481 1527 3552 δλης
1553 3483 1653 3552 τῆς
1684 3479 1916 3554 ἡμέρας,

289 3577 300 3586 ’
328 3576 516 3642 ὲξὸτου
559 3575 782 3645 ἤκουσε,
822 3573 918 3628 καὶ
961 3574 1060 3644 τῆς
1106 3574 1319 3640 νυκτὸς,
1362 3573 1633 3636 στενάζων
1661 3574 1755 3626 καὶ
1795 3589 1920 3625 στυ-

327 3669 549 3739 γνάζων
597 3662 896 3722 διετέλεσεν
949 3665 1246 3738 εὐχόμενος
1303 3666 1400 3720 καὶ
1449 3665 1781 3738 παρακαλῶν
1826 3664 1918 3718 τὸν

325 3765 488 3831 Θεὸν,
522 3764 555 3836 ἢ
593 3763 758 3817 αὐτοῦ
789 3763 889 3834 τὴν
917 3761 1094 3835 ψυχὴν
1141 3761 1501 3833 παραλαϐεῖν,
1535 3761 1620 3814 ἵνα
1666 3759 1741 3831 μὴ
1781 3776 1919 3830 συμ-

331 3858 535 3932 μιανθῇ
568 3859 636 3928 τῇ
663 3855 757 3909 τοῦ
799 3855 1007 3926 Ἀρείου
1035 3855 1311 3925 κοινωνίᾳ,
1347 3853 1381 3925 ἢ
1422 3852 1644 3923 ποιῆσαί
1665 3869 1717 3904 τι
1744 3849 1921 3921 παρά-

326 3953 502 4018 δοξον·
545 3951 682 4020 ὅπερ
735 3949 831 4002 καὶ
888 3947 1105 4016 ἐγένετο
1157 3946 1352 4017 τούτῳ.
1406 3945 1513 3998 Τοῦ
1565 3945 1674 4014 γὰρ
1707 3943 1917 4014 Ἀρείου

329 4043 617 4117 προελθεῖν
646 4041 789 4096 κατά
807 4039 905 4104 τάς
938 4039 1138 4103 νύκτας
1170 4036 1512 4109 ἐπειχθέντος
1536 4037 1630 4088 ἐπὶ
1657 4035 1718 4086 τὸ
1745 4050 1920 4104 παρα-

332 4135 724 4205 σκευασθῆναι,
775 4135 1049 4205 διέρχεται
1100 4131 1262 4203 μέχρι
1313 4129 1405 4183 τοῦ
1452 4127 1780 4199 ἀφεδρῶνος,
1824 4125 1920 4179 καὶ

329 4232 482 4286 ἔνδον
516 4233 574 4283 ἐν
625 4231 736 4292 τοῖς
763 4226 986 4289 ἀϐάτοις
1023 4224 1388 4295 καθεζόμενος
1437 4220 1634 4292 εὑρέθη
1676 4219 1921 4288 λακήσας

331 4326 428 4379 καὶ
456 4323 692 4384 ἕκπνους
711 4319 968 4390 γεγονὼς.
1016 4318 1104 4378 Ὠς
1134 4315 1190 4368 δὲ
1221 4313 1360 4368 οὕτω
1382 4311 1738 4382 κατείληπται
1764 4313 1820 4362 ὲν
1843 4306 1919 4380 τῷ

330 4413 561 4470 summa:
591 4413 740 4482 τόπῳ
783 4410 1015 4472 ἀποδοὺς
1043 4407 1204 4460 αὑτοῦ
1249 4405 1318 4458 τά
1344 4405 1469 4476 τέλη
1503 4403 1638 4474 (84),
1668 4401 1920 4471 καθάπερ

331 4505 431 4560 καὶ
464 4502 731 4574 ἐξήμεσεν
758 4500 1068 4571 ἀκάθαρτον
1101 4497 1482 4551 κακοπιστίαν.

405 4597 516 4650 IA'.
542 4573 630 4658 Ὦς
657 4589 749 4647 οὖν
781 4591 956 4647 ταῦτα
999 4589 1278 4662 ἐτελέσθη,
1305 4588 1616 4660 ὀβασιλεὺς
1648 4573 1916 4660 μέριμναν

334 4684 890 4754 συνεισενεγκάμενος
916 4679 983 4754 τῇ
1017 4680 1334 4752 Ἐκκλησίᾳ,
1369 4679 1455 4733 διὰ
1489 4680 1552 4734 τὸ
1589 4680 1689 4752 ἤδη
1719 4679 1918 4734 πολλά-

333 4798 424 4845 κις
443 4779 674 4842 πολλοὺς
696 4779 774 4840 εἰς
794 4775 1058 4847 ἀλλήλους
1079 4773 1430 4845 διαφέρεσθαί
1473 4781 1532 4826 τε
1561 4773 1656 4826 καὶ
1683 4772 1920 4844 σχίσμα-

333 4888 406 4928 τα
433 4870 604 4925 πολλὰ
637 4866 799 4934 εἶναι,
853 4868 1247 4939 συνεκρότησεν
1293 4865 1672 4936 οίκουμενικὴν
1704 4864 1921 4918 σύνοδον

332 4955 411 5018 ὧν
439 4963 534 5017 καὶ
570 4962 640 5016 τὰ
669 4962 912 5031 ὀνόματα
927 4962 1008 5022 εἰς
1039 4959 1119 5012 ἐτι
1144 4957 1305 5032 δεῦρο
1328 4957 1560 5023 σώζεται
1588 4959 1916 5028 τριακοσίων

333 5055 473 5109 δέκα
509 5053 604 5108 καὶ
631 5052 775 5107 ὀκτὼ
807 5051 1139 5105 ἐπισκόπων·
1173 5051 1266 5104 καὶ
1311 5047 1770 5119 ἀναθεματίζουσι
1819 5049 1919 5120 τὴν

337 5146 551 5218 ’Δρείου
578 5145 762 5198 πίστιν
790 5145 848 5198 ὲν
878 5145 946 5216 τῇ
981 5141 1228 5197 Νικαέων
1255 5140 1441 5206 πόλει,
1478 5139 1574 5193 καὶ
1597 5140 1919 5212 ὁμολογοῦσι

412 5307 428 5338 ¹
457 5304 680 5361 Mutilus
708 5305 881 5358 locus.
911 5301 975 5360 F.
1009 5298 1198 5375 Ἆρες.

413 5466 528 5537 (82)
580 5463 759 5534 Ὁμοῦ
797 5461 878 5537 ,δὲ-
917 5461 1074 5537 ζήλῳ
1103 5461 1400 5537 ἐπαρθείς.
1449 5460 1613 5537 Edita
1664 5471 1786 5537 est__
1801 5461 1920 5537 haec

341 5531 691 5593 Constantini
744 5536 807 5588 ad
855 5535 1045 5586 Arium
1074 5541 1127 5587 et
1156 5531 1387 5588 Arianos
1420 5534 1650 5601 cpistola
1685 5548 1713 5585 a
1748 5531 1919 5588 Fede-

345 5612 462 5663 rico
496 5607 716 5660 Morcllo
741 5667 744 5670 ,
772 5619 917 5657 anno
963 5603 1114 5657 1595.
1150 5601 1227 5656 Ex
1254 5620 1359 5670 qua
1397 5604 1770 5659 emendandus
1829 5602 1917 5658 hic

349 5677 634 5747 ISpiphanii
692 5678 863 5729 locus.
896 5672 1025 5737 Lee.
1068 5673 1252 5747 itaque
1295 5675 1523 5747 hunein
1559 5675 1776 5747 modum
1801 5674 1921 5747 ejus

347 5743 565 5805 initium
600 5763 614 5800 :
648 5747 1052 5807 Κωνσταντῖνος
1109 5744 1370 5800 Σεϐαστὸς
1408 5745 1675 5812 Μέγιστος
1724 5743 1920 5814 ’Λρείῳ

351 5821 444 5875 καί
474 5819 792 5882 ’Δρειανοίς,
841 5831 961 5880 qua:
1016 5822 1100 5871 est
1131 5815 1438 5882 inscriptio.
1483 5815 1686 5872 Deinde
1738 5814 1919 5879 Κακὸς

2006 502 2096 595 iri,
2130 529 2362 584 maxime
2383 542 2478 598 per
2500 541 2661 597 quem
2689 524 3078 601 jusjurandum
3104 502 3439 591 conceperis.
3463 520 3585 588 Quo

2005 639 2069 678 ex
2115 628 2360 690 tempore
2385 618 2578 674 iisdem
2609 618 2661 671 in
2684 607 2965 673 erroribus
2985 615 3192 670 haerere
3211 613 3586 684 deprehensus

2007 726 2071 765 ac
2100 723 2286 765 coram
2319 708 2570 779 principe
2599 707 2910 770 convictus,
2941 707 3138 760 iterum
3174 704 3447 759 inliciatus
3476 710 3582 759 est.

2007 801 2074 856 Et
2105 801 2348 872 plerique
2378 801 2528 855 illius
2565 799 2782 870 patroni
2816 812 2916 868 pro
2945 811 3012 852 eo
3046 812 3143 866 per
3176 795 3468 852 Eusebium
3495 793 3588 849 Ni-

2005 893 2263 949 comedia;
2294 892 2609 961 episcopum
2660 890 2800 960 apud
2847 889 3147 959 principem
3191 896 3438 959 egerunt.
3479 886 3586 942 Sed

2008 984 2368 1040 nihilominus
2393 985 2693 1054 imperator
2731 981 2932 1036 divinae
2963 980 3086 1035 fidei
3120 980 3316 1035 ardore
3344 994 3590 1034 commo-

2007 1085 2116 1141 tus,
2162 1075 2448 1144 epistolam
2478 1075 2614 1129 bene
2637 1073 2853 1142 longam
2876 1079 2932 1126 ct
2952 1070 3286 1142 encyclicam
3309 1069 3376 1124 ad
3398 1085 3589 1125 omnes

2008 1166 2258 1222 Romano
2288 1166 2520 1236 imperio
2553 1166 2808 1221 subditos
2840 1164 3105 1218 adversus
3133 1163 3324 1217 Arium
3364 1163 3592 1232 ejusque

2008 1257 2206 1326 dogma
2237 1256 2480 1325 scripsit,
2500 1254 2651 1309 omni
2675 1255 2946 1324 sapientia
2971 1269 3034 1307 ac
3056 1254 3286 1308 veritate
3309 1253 3591 1318 refertam,

2007 1363 2128 1420 quae
2157 1348 2211 1402 in
2241 1347 2565 1403 hodiernum
2601 1363 2779 1417 usque
2803 1348 2947 1401 diem
2973 1347 3313 1402 eruditorum
3337 1349 3594 1404 manibus

2009 1439 2224 1495 teritur.
2244 1437 2650 1510 Hujusinitium
2671 1447 2788 1493 est:
2820 1459 2838 1490 ι
2862 1438 3259 1494 Constantinus
3288 1439 3591 1510 Augustus,

2009 1531 2304 1595 maximus,
2344 1539 2452 1585 etc.
2491 1531 2652 1585 Arius
2689 1546 2813 1585 cum
2855 1531 3074 1588 Arianis
3118 1532 3294 1586 malus
3325 1533 3594 1601 interpres

2011 1621 2284 1692 ipsissima
2312 1629 2396 1677 est
2421 1623 2600 1692 imago
2632 1636 2697 1684 ac
2742 1621 3096 1676 simulacrum
3138 1621 3362 1676 diaboli.
3403 1640 3419 1672 ι
3452 1619 3591 1675 Τιιιιι

2009 1725 2134 1784 post
2165 1715 2268 1768 alia
2295 1715 2545 1784 quaedam
2569 1729 2653 1769 .-ac
2702 1715 2922 1785 longam
2973 1731 3038 1769 ex
3089 1714 3392 1785 Scripturis
3417 1714 3593 1768 sacris

2014 1896 2248 1951 Homero
2279 1912 2403 1952 cmn
2432 1896 2810 1968 indignatione
2841 1911 2905 1950 ac
2934 1896 3217 1952 stomacho
3245 1903 3590 1966 contorquet,

2012 2003 2172 2058 quem
2204 1988 2292 2043 hic
2327 1978 2715 2042 ascribendum
2763 1988 2970 2057 putavi.
3018 1987 3149 2059 Age,
3199 1987 3395 2056 inquit,
3448 1987 3594 2044 Mars

2013 2081 2130 2144 Ari,
2157 2079 2367 2152 elypeis
2401 2096 2540 2150 opus
2577 2089 2682 2137 est.
2717 2080 2919 2137 Verum
2952 2097 3019 2136 ne
3051 2081 3104 2136 id
3135 2081 3306 2137 facias
3334 2083 3596 2150 obsecra-

2016 2188 2160 2238 mus,
2201 2187 2266 2227 ac
2293 2180 2347 2230 te
2372 2173 2564 2228 saltem
2585 2173 2812 2229 Veneris
2842 2172 3183 2229 consuetudo
3213 2174 3486 2229 cohibeat.

2082 2386 2154 2442 Χ.
2202 2385 2331 2444 Post
2375 2386 2492 2442 haec
2532 2401 2660 2442 cum
2699 2387 2866 2444 Arius
2897 2386 3377 2458 Constantinopoli
3407 2387 3598 2444 catho-

2018 2480 2134 2534 lica:
2188 2478 2446 2534 Ecclesiae
2494 2479 2940 2534 communionem
2997 2479 3300 2544 aﬂ‘ectaret,
3359 2479 3599 2535 instante

2017 2571 2280 2625 violenter
2303 2568 2557 2635 Eusebio,
2584 2571 2675 2640 qui
2711 2572 2854 2641 apud
2886 2571 3269 2642 imperatorem
3303 2571 3598 2641 plurimum

2018 2671 2247 2731 poterat,
2294 2671 2348 2718 ct
2393 2661 3070 2732 Constantinopolitanum
3117 2661 3435 2732 episcopum
3475 2677 3596 2714 mo-

2017 2754 2207 2810 lestius
2239 2763 2486 2826 urgente,
2512 2754 2606 2825 qui
2631 2755 3076 2808 connnunioucm
3110 2753 3188 2807 illi
3221 2752 3352 2808 dare
3383 2753 3597 2816 nolens,

2017 2855 2069 2901 et
2103 2862 2198 2916 per
2228 2849 2335 2900 vim
2366 2861 2666 2916 oppressus
2699 2845 3127 2914 ingemiscebat;
3163 2859 3396 2914 euntque
3430 2843 3602 2897 Eusc-

2020 2935 2142 2991 liius
2163 2937 2398 3005 iactaret
2431 2935 2584 2990 :Nisi
2608 2947 2804 3006 sponte
2839 2936 2972 2990 velis
3007 2935 3316 2998 admittere,
3356 2934 3599 2988 crastina

2020 3029 2160 3094 luce,
2196 3044 2318 3098 qum
2360 3027 2643 3082 Dominica
2685 3027 2813 3092 erit,
2852 3041 3069 3081 mecum
3110 3027 3164 3080 in
3195 3027 3487 3081 ecclesiam
3519 3025 3602 3079 i-n-

2020 3120 2184 3173 trahit
2227 3118 2393 3188 :quid
2416 3126 2596 3173 autem
2634 3125 2826 3173 contra
2860 3131 2962 3172 nos
2988 3116 3216 3172 eﬂicies?
3241 3125 3352 3170 tum
3381 3117 3599 3171 demmn

2018 3210 2464 3281 religiosissimus
2517 3210 2812 3280 cpiscopus
2848 3223 2914 3263 ac
2948 3207 3116 3263 Deum
3146 3209 3346 3264 timens
3367 3207 3602 3263 Alexan-

2017 3303 2114 3357 der
2135 3303 2392 3357 Ecclesiae
2434 3301 2511 3356 illi
2545 3300 2854 3371 praefectus,
2902 3304 2996 3373 qui
3047 3299 3422 3356 Alexandrino
3483 3299 3602 3370 epi-

2019 3410 2186 3464 scopo
2225 3395 2573 3466 cognominis
2591 3403 2731 3459 erat,
2751 3396 2842 3450 ubi
2878 3396 2994 3450 haec
3031 3393 3222 3457 audiit,
3247 3403 3357 3447 tota
3405 3393 3493 3447 die
3539 3406 3605 3448 ac

2020 3501 2178 3543 nocte
2204 3502 2328 3541 cum
2358 3487 2519 3558 735
2547 3490 2754 3559 gemitu
2779 3503 2844 3544 ac
2872 3503 3110 3544 mmrore
3131 3489 3186 3541 in
3208 3486 3456 3541 oratione
3481 3501 3606 3556 per-

2019 3579 2311 3642 severavit,
2365 3580 2594 3650 supplex
2627 3596 2657 3634 a
2693 3579 2803 3634 Deo
2855 3589 3070 3651 petens,
3119 3587 3180 3635 ut
3226 3580 3313 3634 vel
3359 3579 3600 3632 animam

2014 3684 2174 3739 suam
2241 3669 2528 3739 reciperet,
2567 3685 2635 3725 ne
2669 3686 2728 3726 se
2757 3671 2873 3725 Arii
2903 3672 3290 3726 communione
3317 3671 3600 3740 pollueret,

2020 3770 2114 3815 aut
2134 3762 2461 3832 stupendum
2487 3761 2746 3832 quiddam
2763 3775 2817 3818 et
2839 3763 3164 3818 inusitatutn
3195 3763 3430 3819 faceret:
3457 3763 3604 3833 quod

2019 3851 2238 3921 quidem
2263 3854 2535 3922 posterius
2560 3855 2818 3909 obtinuit.
2853 3853 2988 3909 Nam
3011 3857 3175 3910 Arius
3199 3864 3365 3910 noctu
3395 3854 3604 3910 ventris

2019 3943 2232 3999 levandi
2279 3946 2455 4016 gratia
2505 3945 2762 4018 progredi
2813 3955 3071 4014 coactus,
3120 3955 3174 4002 et
3221 3947 3277 4000 in
3323 3961 3603 4002 secessum

2023 4036 2235 4102 abiens,
2269 4037 2324 4090 in
2367 4039 2479 4107 ipsa
2516 4039 2649 4093 cella
2689 4039 2943 4096 desidens
2987 4040 3218 4109 crepuit,
3256 4055 3321 4094 ac
3349 4048 3604 4094 mortuus

2019 4143 2104 4186 est
2133 4133 2411 4188 inventus.
2473 4133 2552 4186 Ita
2585 4132 2911 4189 fctidissimo
2953 4134 3007 4188 iu
3063 4134 3184 4188 loco
3223 4139 3469 4203 repertus
3496 4138 3602 4195 est,

2019 4241 2142 4280 cum
2176 4225 2434 4280 intestina
2482 4226 2666 4280 omnia
2708 4227 2934 4296 perinde
2969 4226 3247 4296 ejeCisset,
3296 4236 3461 4296 atque
3499 4223 3600 4278 im-

2021 4319 2375 4388 purissimum
2406 4319 2604 4389 dogma
2642 4326 2944 4375 vomuerat.

2091 4595 2181 4651 XI.
2216 4599 2313 4652 nis
2341 4597 2408 4652 ad
2437 4612 2562 4652 eum
2590 4597 2810 4654 modum
2839 4601 3006 4670 gestis
3029 4600 3326 4671 imperator
3348 4600 3603 4658 Ecclesia:

2019 4691 2337 4756 consulens,
2369 4705 2495 4746 cum
2532 4689 2670 4761 jam,
2713 4692 2992 4764 plerisque
3019 4707 3051 4747 a
3083 4708 3142 4748 se
3171 4693 3403 4750 invicem
3435 4693 3604 4750 dissi-

2020 4781 2302 4848 dentibus,
2329 4782 2482 4837 varia
2507 4793 2694 4838 essent
2723 4784 3446 4849 schismata,mcumenieam
3473 4801 3604 4857 syn-

2023 4873 2187 4930 odum
2243 4874 2448 4946 colligit
2494 4889 2728 4931 cccxvm
2770 4877 3174 4948 episcoporum,
3208 4893 3439 4949 quorum
3497 4893 3603 4932 no«

2025 4961 2174 5017 mina
2198 4963 2264 5017 ad
2289 4963 2394 5018 hoc
2430 4979 2607 5034 usque
2645 4971 2860 5036 tempus
2897 4973 3116 5020 exstant
3137 4984 3151 5020 :
3175 4967 3230 5020 hi
3259 4964 3451 5019 Nicaxe
3472 4977 3603 5017 con-

2026 5055 2250 5126 gregati,
2275 5056 2536 5111 damnato
2561 5057 2678 5112 Arii
2695 5057 2970 5128 dogmate,
2987 5058 3348 5113 orthodoxam
3378 5055 3599 5110 Patrum

2027 5143 2186 5200 ﬁdem
2242 5145 2662 5214 immutabilem,
2711 5157 2765 5205 et
2811 5149 2882 5205 ab
2919 5148 3182 5220 apostolis
3225 5161 3288 5202 ac
3321 5136 3602 5217 prophetis

2025 5463 2875 5588 Episjs‘itii-g’ffgg’ﬁéw.
2903 5530 3028 5587 Cor.
3048 5545 3115 5587 ex
3142 5529 3332 5588 eadem
3370 5531 3452 5588 eni

2021 5529 2347 5634 τ’.ζ85)”ᾒτε
2371 5529 2875 5604 δὴῖἳδδεςἈρειε.
2903 5530 3028 5587 Cor.
3048 5545 3115 5587 ex
3142 5529 3332 5588 eadem
3370 5531 3602 5604 epistola

2251 5608 2546 5740 4.492360%
2581 5672 2767 5729 αὐτοῦ
2793 5672 2864 5729 τὰ
2888 5671 3052 5743 τέλη.
3093 5672 3234 5746 Τέλη
3267 5673 3359 5730 hic
3389 5687 3492 5746 pro
3517 5673 3603 5728 in-

2030 5748 2236 5802 testinis
2266 5756 2577 5803 sumuntur.
