3994 6226
278 312 380 372 2?.I

924 325 1292 419 ADVERSUS
1331 326 1677 385 IIIEBESES
1715 328 1841 388 LIB.
1883 328 1948 385 II.
1990 329 2157 388 TOM.
2202 330 2351 387 ll.—
2379 332 2657 391 ΙίίΕΒΕΒ.
2699 330 2885 388 LXIX.

3452 328 3561 385 2??

353 448 455 501 IB'.
488 448 712 520 Ἀρειος
746 447 925 503 τοίνυν
957 441 1112 512 οὗτος
1141 448 1473 520 ὲνεπνεύσθη
1503 450 1609 504 ὑπὸ
1631 450 1868 504 διαϐολι-

2047 452 2164 509 XII.
2204 453 2387 508 Redeo
2412 454 2523 524 jam
2555 453 2622 507 ad
2655 454 2867 518 Arium,
2900 449 2993 522 qui
3030 447 3256 521 pessimi
3291 446 3557 504 dzetnonis

286 542 388 611 τῆς
425 543 726 612 ἐνεργείας,
776 542 869 595 καὶ
899 540 1324 614 ἀθυρογλώττως
1365 543 1682 613 ἀναισχυντὶ
1712 544 1873 614 φερὸο

289 650 470 701 μενος,
525 634 733 705 ἐπῆρεν
790 633 955 687 αὑτοῦ
1007 634 1107 705 τὴν
1147 633 1394 702 γλῶτταν
1430 635 1571 688 κατὰ
1597 631 1697 689 ’τοῦ
1744 636 1872 689 ἰδίου

288 726 589 791 Δεσπότου,
608 719 669 780 εε
696 725 872 797 ἀρχῆς
904 718 1063 795 δῆθεν
1084 724 1182 796 τὴν
1211 725 1362 796 παρὰ
1391 726 1470 796 τῷ
1501 725 1773 798 Σολομῶνι
1816 727 1873 779 ὲν

284 816 409 877 ταῖς
465 815 629 868 αὐτοῦ
682 816 1016 886 Παροιμίαις
1057 816 1266 883 λέξεσιν
1316 817 1653 889 ἑρμηνεῦσαι
1693 817 1876 887 βουλό-

288 923 476 975 μενος,
501 906 584 968 τὸ,
625 906 678 958 Ὀ
712 908 927 973 Κύριος
945 906 1148 960 ἐκτισέ
1163 924 1242 975 με
1269 907 1471 975 ἀρχὴν
1487 905 1642 961 ὁδῶν
1665 907 1873 971 αὐτοῦ,

290 998 405 1065 τιξρὸ
428 996 537 1053 τοῦ
568 996 1151 1067 αἰῶνοςὲθεμελίωσέ
1165 1015 1262 1067 με.
1306 999 1408 1052 Ἐν
1434 997 1594 1068 ἀρχῇ
1624 998 1737 1066 πρὸ
1770 996 1877 1051 τοῦ

288 1088 407 1157 τὴν
455 1089 573 1158 γῆν
625 1089 899 1157 ποιῆσαι,
942 1088 1041 1143 καὶ
1079 1089 1195 1156 πρὸ
1251 1089 1358 1144 τοῦ
1413 1090 1521 1157 τὰς
1569 1090 1881 1157 ἀϐύσσους

288 1182 563 1249 ποιῆσαι,
595 1182 711 1252 πρὸ
748 1182 853 1236 τοῦ
884 1182 1203 1250 προελθεῖν
1227 1183 1335 1248 τὰς
1359 1183 1557 1253 πηγὰς
1586 1182 1703 1236 τῶν
1731 1182 1879 1238 ὑδά-

287 1290 431 1335 των,
482 1274 597 1341 πρὸ
654 1273 762 1326 τοῦ
821 1274 927 1341 ὅρη
974 1273 1358 1342 ἑδρασθῆναι,
1390 1274 1503 1341 πρὸ
1535 1273 1603 1327 δὲ
1640 1273 1884 1328 πάντων

285 1366 538 1430 ﬂow-(Br
580 1366 764 1436 γεννᾷ
810 1385 905 1436 με.
958 1368 1149 1421 Ἔνθεν
1189 1368 1338 1439 αὐτῷ
1392 1369 1425 1438 ἡ
1470 1369 1746 1438 εἰσαγωγὴ
1783 1368 1884 1436 τῆς

290 1457 504 1528 πλάνης
526 1459 843 1529 γεγένηται.
865 1460 974 1512 Καὶ
1006 1460 1104 1512 οὐκ
1130 1459 1350 1531 ᾐδέσθη,
1386 1461 1479 1513 καὶ
1500 1462 1549 1514 οἰ
1573 1459 1740 1513 αὑτοῦ
1775 1477 1878 1529 μα-

292 1554 480 1624 θηταὶ,
522 1553 727 1622 κτίσμα
779 1551 1075 1605 ἀποκαλεῖν
1107 1553 1198 1605 τὸν
1248 1551 1325 1605 τὰ.
1370 1552 1548 1606 πάντα
1599 1552 1882 1613 κτίσαντα,

293 1646 385 1698 τὸν
417 1644 483 1697 ἐκ
529 1642 742 1713 Πατρός
774 1643 1019 1713 ἀχρόνως
1061 1642 1153 1695 καὶ
1188 1642 1442 1713 ἀνάρχως
1487 1640 1885 1711 γεγεννημένον

294 1738 488 1805 Λόγον.
518 1735 718 1788 Λοιπὸν
741 1735 799 1787 δὲ
824 1734 931 1787 ἀπὸ
955 1732 1047 1787 τοῦ
1082 1733 1200 1797 ἐνὸς
1222 1733 1412 1787 τούτου
1458 1732 1616 1802 λόγου
1656 1735 1736 1796 εἰς
1759 1733 1887 1785 πολ-

295 1828 395 1891 λὰς
419 1828 513 1880 xa‘t
546 1824 719 1888 κακὰς
751 1824 973 1896 τρίϐους
996 1824 1192 1887 ἐλάσας
1214 1824 1310 1894 τὴν
1334 1822 1526 1876 ἑαυτοῦ
1549 1822 1886 1894 κακότροπον
1921 1814 1958 1869 Β

298 1917 549 1989 γνώμην,
596 1916 690 1969 καὶ
718 1916 767 1967 οί
823 1916 917 1967 ἀπ’
962 1914 1125 1967 αὑτοῦ
1174 1914 1407 1983 διάδοχοι
1450 1914 1638 1986 μυρία,
1674 1914 1766 1966 καὶ
1793 1915 1889 1965 έπ-

296 2010 483 2062 έκεινα
516 2010 595 2069 εἰς
614 2006 705 2060 τὸν
730 2006 857 2059 Υἰδν
880 2005 972 2058 τοῦ
1005 2004 1139 2057 Θεοῦ
1172 2005 1265 2057 καὶ
1290 2007 1369 2067 εἰς
1398 2005 1460 2057 τὸ
1492 2004 1643 2072 ἂγιον
1668 2003 1889 2073 Πνεῦμα

300 2099 692 2168 βλασφημῆσαι
738 2095 1123 2168 ἐπεχείρησαν.
1180 2094 1498 2164 Παρέλυσαν
1553 2093 1629 2154 δὲ,
1669 2092 1744 2156 ὡς
1802 2093 1877 2143 εἰ-

301 2167 534 2253 eamea
552 2191 736 2255 στῖφος
763 2186 857 2240 καὶ
889 2167 986 2255 τὴν
1015 2185 1265 2256 ὁμόνοιαν
1292 2186 1389 2253 τῆς
1415 2185 1574 2252 ἁγίας
1606 2184 1698 2237 καὶ
1721 2181 1878 2254 ὀρθο-

299 2282 451 2347 δόξου
474 2280 709 2342 πίστεως
747 2278 841 2331 καὶ
894 2276 1237 2347 Ἐκκλησίας,
1271 2276 1331 2328 οὐ
1359 2276 1444 2329 διὰ
1469 2276 1564 2345 τῆς
1594 2274 1775 2329 αὐτῶν
1810 2273 1893 2325 δυ-

301 2374 519 2444 νάμεως
657 2370 867 2439 σοφίαςο
920 2368 1089 2436 ὀλίγοι
1134 2366 1244 2438 γὰρ
1306 2367 1355 2421 οἱ
1408 2365 1839 2437 προσκληθέντες
1874 2365 1891 2395 ¹

304 2462 669 2533 ἠπατημένοι,
716 2460 901 2512 πολλοὶ
931 2458 987 2510 δὲ
1039 2459 1087 2511 οἰ
1139 2456 1426 2528 ὑποκρίσει
1459 2455 1889 2517 ύπεισδύνοντες.

305 2554 498 2608 Πολλοί
527 2552 584 2605 δὲ
617 2550 712 2603 καὶ
738 2549 880 2604 κατὰ
910 2548 1031 2619 βίαν
1073 2547 1146 2618 μὴ
1177 2546 1394 2616 ἔχοντες
1430 2545 1603 2607 οὕτως
1649 2544 1894 2597 κοινωνοὶ

302 2648 418 2709 τοίς
440 2640 1024 2711 αὐτοῖςτυγχάνουσιν.
1057 2638 1245 2701 Οὐδεὶς
1273 2637 1329 2690 δὲ
1378 2635 1583 2689 τούτων
1616 2635 1893 2705 πρόξενος,

304 2738 446 2792 ἀλλὰ
479 2735 693 2808 πρῶτον
752 2735 849 2804 μὲν
896 2731 1187 2802 δοκιμασία
1237 2729 1466 2793 πιστῶν,
1525 2726 1785 2798 βασιλέων
1840 2726 1897 2779 δὲ

307 2827 751 2898 ύπερασπισμὸς,
773 2824 914 2896 ἀρχὴ
944 2824 1041 2894 μὲν
1071 2822 1448 2883 Κωνστάντιος
1469 2820 1496 2871 ὁ
1537 2817 1806 2889 βασιλεὺς,
1829 2816 1898 2869 τὰ

311 2924 413 2994 μὲν
455 2922 587 2977 ἄλλα
615 2921 790 2975 πάντα
816 2919 989 2989 πρᾶος
1025 2916 1119 2970 καὶ
1152 2915 1375 2983 ἀγαθὸς,
1409 2913 1485 2974 ὡς
1529 2912 1645 2975 υἰὸς
1683 2909 1775 2963 τοῦ
1804 2930 1899 2981 με·

222 3014 233 3023 -
308 3015 479 3084 γάλου
520 3014 615 3066 καὶ
651 3010 856 3084 τελείου
889 3008 1300 3063 Κωνσταντίνου
1324 3004 1418 3058 τοῦ
1452 3002 1756 3067 θεοσεϐοῦς,
1808 3002 1902 3054 καὶ

310 3082 497 3160 πίστιν
532 3082 697 3176 ὀρθὴν
742 3101 1011 3172 ἀληθινῶς
1066 3098 1461 3167 πεφυλακότος,
1520 3095 1616 3148 καὶ
1645 3093 1810 3148 ἄύτοῦ
1843 3094 1899 3146 δὲ

309 3196 406 3252 τοῦ
439 3193 815 3249 Κωνσταντίου
851 3192 961 3261 (87)
1010 3189 1295 3252 θεοσεϐοῦς
1342 3188 1515 3250 ὄντος,
1569 3186 1661 3240 καὶ
1693 3184 1899 3252 ἀγαθοῦ

311 3285 457 3339 κατὰ
492 3281 718 3344 πολλοὺς
743 3282 1000 3352 τρόπουςο
1033 3281 1089 3332 ὲν
1126 3278 1300 3348 τούτῳ
1330 3277 1385 3330 δὲ
1422 3277 1603 3346 μόνον,
1634 3276 1692 3329 ὲν
1717 3276 1794 3345 τῷ
1828 3274 1902 3346 μὴ

312 3376 458 3430 κατὰ.
488 3375 588 3443 τὴν
618 3373 804 3426 πίστιν
836 3372 930 3425 τοῦ
974 3370 1178 3441 πατρὸς
1204 3369 1365 3423 αὐτὸν
1387 3368 1704 3430 ὡδευκέναι,
1733 3367 1902 3435 ἐσφά-

314 3470 406 3540 λη,
436 3468 537 3520 οὐκ
560 3466 652 3534 ἀφ’
693 3464 887 3518 ἑαυτοῦ
920 3463 1120 3527 αἰτίας,
1160 3460 1297 3516 ἀλλὰ
1325 3453 1433 3514 ἆπὸ
1462 3460 1570 3513 τῶν
1601 3460 1904 3530 μελλόντων

312 3559 501 3616 δοῦναι
543 3558 701 3627 λόγον
740 3559 819 3621 είς
867 3556 1082 3628 ἡμέραν
1110 3553 1345 3627 κρίσεως
1380 3552 1489 3606 τῶν
1519 3551 1738 3623 δοκήσει
1783 3553 1904 3604 ἐπι·

320 3652 540 3707 σκόπων
596 3649 922 3720 λεγομένων,
998 3644 1487 3718 παραφθειράντων
1541 3643 1598 3697 δὲ
1627 3643 1726 3714 τὴν
1772 3640 1906 3696 Θεοῦ

316 3742 579 3815 ἀληθινὴν
640 3743 845 3795 πίστινο
893 3738 1093 3802 οἵτινες
1160 3737 1342 3809 έχουσι
1381 3735 1565 3790 δοῦναι
1606 3734 1765 3803 λόγον
1813 3734 1909 3788 καὶ

318 3836 463 3906 ὑπὲρ
492 3835 594 3905 τῆς
636 3835 893 3897 πίστεως,
937 3832 1032 3885 καὶ
1061 3830 1202 3901 ὑπὲρ
1227 3828 1335 3882 τῶν
1365 3827 1621 3898 διωγμῶν
1647 3828 1743 3897 τῆς
1783 3827 1908 3879 Ἐκ-

317 3924 570 3996 κλησίας,
603 3923 698 3976 καὶ
722 3920 991 3975 τοσούτων
1019 3919 1225 3983 κακῶν,
1259 3917 1355 3971 καὶ
1384 3917 1558 3987 φόνων
1580 3916 1688 3968 τῶν
1718 3916 1774 3967 ὲν
1791 3917 1910 3978 ταῖς

333 4017 685 4089 Ἑκκλησίαις
705 4015 890 4069 ἕνεκεν
905 4012 1082 4067 αὐτῶν
1098 4010 1501 4082 γεγενημένων,
1524 4006 1745 4063 καὶτῶν
1766 4006 1910 4061 λαῶν

318 4110 431 4166 τῶν
457 4112 516 4163 ὲν
545 4107 798 4179 ὑπαίθρῳ
830 4106 911 4159 ἔτι
938 4104 1097 4175 δεῦρο
1129 4102 1399 4157 τοσούτων
1425 4100 1699 4172 μυριάδων
1732 4098 1912 4169 θλίψιν

324 4200 740 4278 ὑπομενουσῶν,
764 4200 858 4254 καὶ
888 4198 1027 4271 ὑπὲρ
1065 4194 1230 4250 αὐτοῦ
1267 4193 1359 4248 τοῦ
1404 4192 1708 4265 μακαρίτου
1758 4192 1915 4245 Κων-

325 4298 581 4354 σταντίου
621 4296 718 4351 τοῦ
749 4297 841 4350 ὑπ’
875 4293 1056 4348 αὐτῶν
1110 4292 1360 4363 πεπλανη
1368 4291 1555 4363 μένου,
1596 4289 1691 4343 καὶ
1724 4289 1915 4359 ἀγνοή-

327 4408 521 4455 σαντος
544 4391 644 4461 τὴν
673 4390 858 4443 πίστιν
882 4387 983 4458 τῆς
1006 4385 1336 4458 ὀρθοδοξίας,
1360 4383 1456 4437 καὶ
1483 4381 1801 4447 ὑπείξαντος
1826 4381 1916 4435 αὐ-

1980 542 2160 597 aﬁlatu
2195 544 2309 612 pari
2343 543 2538 613 linguae
2563 542 3021 597 immoderatione
3048 547 3103 594 et
3134 538 3470 609 impudentia
3497 552 3562 594 os

1980 652 2141 691 suum
2162 636 2427 691 adversus
2451 634 2738 689 Dominum
2764 634 2958 690 eﬁ‘erre
2980 649 3088 687 non
3113 631 3403 687 dubitavit.
3422 628 3560 687 Cum

1981 728 2233 797 inprimis
2288 728 2543 783 videlicet
2589 727 2900 781 Salomonis
2950 726 3099 779 illam
3151 726 3206 779 in
3251 723 3566 778 Proverb“s

1984 820 2311 876 sententiam
2348 820 2698 891 interpretari
2728 819 2930 874 vellet:
2973 817 3231 871 Dominus
3265 816 3461 870 creavit
3486 829 3566 866 me

1981 912 2295 980 principium
2343 910 2549 963 viarum
2600 924 2851 972 suarum;
2893 916 3016 961 ante
3065 907 3272 961 swcula
3326 905 3566 974 fundarit

1986 1020 2086 1066 me,
2129 1004 2181 1055 in
2208 1002 2360 1055 initio
2399 1012 2681 1071 antequam
2715 1011 2912 1055 terram
2959 1000 3173 1068 faceret,
3207 1008 3256 1052 et
3286 1012 3566 1068 antequam

1986 1103 2186 1148 crearet
2213 1094 2467 1163 abyssos;
2491 1104 2776 1164 antequam
2801 1092 3072 1162 prodirent
3095 1092 3264 1160 fontes
3287 1104 3560 1159 aquarum,

1988 1199 2265 1256 antequam
2294 1199 2493 1241 montes
2532 1187 2901 1255 ﬁrmarentur,
2932 1193 3053 1237 ante
3084 1199 3262 1237 omnes
3293 1180 3451 1234 colles
3478 1196 3568 1250 ge-

1989 1280 2103 1331 nuit
2132 1279 2269 1331 me'.
2299 1277 2437 1330 lliuc
2462 1278 2669 1332 erroris
2702 1277 2787 1331 sui
2822 1274 3200 1329 introdurendi
3224 1271 3570 1326 occasionem

1991 1378 2186 1426 naelus
2213 1378 2317 1425 est.
2340 1368 2451 1423 Nec
2478 1369 2631 1423 illum
2664 1367 2854 1437 ejusve
2887 1364 3187 1434 discipulos
3218 1362 3410 1432 puduit
3440 1359 3571 1415 Ver-

1992 1464 2118 1516 bum
2161 1460 2315 1519 illud.
2352 1461 2503 1530 quod
2544 1460 2726 1513 omnia
2771 1458 2994 1525 creavit,
3028 1455 3171 1526 quod
3205 1469 3234 1507 a
3266 1452 3429 1507 Patre
3458 1452 3572 1508 sine

1994 1564 2235 1624 tempore
2265 1554 2530 1622 initioque
2565 1552 2806 1622 genitum
2855 1559 2959 1613 est,
3009 1555 3320 1602 creaturam
3369 1545 3573 1600 dicere.

1993 1646 2109 1711 Qua
2141 1661 2203 1700 ex
2244 1662 2347 1698 una
2384 1661 2516 1698 voce
2544 1644 2799 1712 deinceps
2832 1642 2884 1695 in
2917 1641 3082 1694 multa
3116 1654 3178 1693 ac
3216 1652 3381 1707 prava
3412 1650 3562 1692 erro-

1998 1750 2114 1788 rum
2148 1734 2467 1788 divertieula
2515 1733 2944 1788 eousceleratam
2980 1738 3215 1784 mentem
3255 1728 3573 1792 immittens,

1991 1844 2090 1881 nec
2122 1827 2238 1897 ipse
2270 1826 2452 1888 modo,
2485 1827 2578 1881 sed
2616 1825 2736 1895 ejus
2768 1833 2821 1878 et
2852 1824 3115 1877 doctrinm
3144 1831 3445 1877 sectatores
3474 1820 3562 1873 in-

1990 1920 2171 1974 ﬁnitas
2202 1919 2255 1973 in
2293 1918 2383 1972 Dei
2416 1917 2607 1971 Filium
2659 1932 2723 1971 ac
2762 1916 3026 1986 Spiritum
3073 1924 3324 1969 sanetum
3376 1921 3574 1966 contu-

1992 2013 2178 2065 melias
2213 2010 2487 2079 conjicere
2531 2025 2638 2063 non
2684 2010 3022 2063 dubitarunt.
3071 2006 3242 2062 Porro
3303 2006 3464 2060 iidem
3501 2003 3579 2058 illi

1991 2109 2195 2155 sancta:
2220 2111 2273 2157 et
2303 2100 2623 2155 orthodoxae
2670 2101 2821 2165 ﬁdei,
2870 2113 3031 2170 atque
3060 2099 3316 2154 Ecclesiae
3359 2096 3582 2153 confer-

1994 2199 2104 2242 tum
2138 2190 2304 2243 veluti
2348 2191 2568 2259 globum
2616 2188 3083 2258 concordiamque
3131 2188 3436 2249 solverunt,
3470 2199 3582 2239 non

1993 2278 2099 2330 ulla
2132 2277 2359 2347 quidem
2395 2279 2638 2347 ipsorum
2674 2278 2725 2330 vi
2764 2287 2857 2331 aut
2887 2278 3157 2345 sapientia
3194 2295 3206 2330 :
3246 2279 3405 2346 pauci
3435 2276 3581 2330 enim

1992 2370 2059 2422 ab
2098 2369 2165 2422 iis
2210 2369 2450 2433 inducti,
2503 2384 2566 2423 ac
2600 2368 2956 2424 circumventi
2990 2379 3148 2433 sunt;
3182 2369 3275 2423 sed
3314 2368 3581 2438 plerique,

1995 2468 2221 2538 ant‘per
2263 2461 2671 2515 simulationem
2728 2461 3082 2530 obrepentes,
3138 2468 3233 2513 aut
3280 2462 3330 2514 vi
3381 2458 3581 2524 coacti,

1994 2568 2119 2604 cum
2158 2551 2315 2621 longe
2360 2552 2504 2604 aliud
2556 2552 2608 2605 in
2656 2552 2842 2605 animo
2874 2551 3141 2615 foverent,
3176 2553 3358 2606 socios
3389 2567 3448 2606 se
3477 2550 3587 2605 illis

1996 2643 2154 2713 737
2191 2643 2581 2713 adjunxernnt.
2612 2642 2799 2714 Neque
2832 2662 2960 2699 vero
2994 2646 3044 2699 id
3079 2645 3300 2699 aliunde
3325 2644 3586 2699 concilia-

1997 2744 2111 2787 tum
2148 2745 2255 2798 est,
2306 2734 2409 2790 nisi
2460 2737 2604 2805 quod
2646 2736 2713 2789 ad
2754 2736 2992 2790 ﬁdelium
3044 2737 3425 2806 probationem
3474 2737 3587 2790 ida

2001 2825 2107 2879 Deo
2135 2825 2460 2895 permissum
2488 2837 2592 2882 est.
2623 2830 2875 2884 Accessit
2905 2842 2959 2883 et
2992 2830 3383 2898 imperatorum
3414 2827 3586 2891 favor,

2001 2913 2161 2983 cujus
2207 2913 2423 2967 initium
2463 2931 2491 2968 a
2523 2916 2851 2971 Constantio
2902 2918 3236 2987 imperatore
3281 2918 3587 2987 profectum

2002 3011 2105 3058 est.
2161 3002 2262 3069 Qui
2296 3020 2419 3057 cum
2454 3008 2670 3062 ca‘teris
2718 3007 2769 3060 in
2801 3008 2966 3061 rebus
3000 3008 3372 3076 perhumanus
3406 3022 3471 3060 ac
3500 3008 3590 3061 bo-

2006 3112 2109 3151 nus
2139 3104 2305 3157 esset,
2342 3106 2528 3165 utpote
2581 3099 2759 3167 magni
2810 3099 2973 3160 illius,
3004 3107 3055 3153 et
3098 3098 3153 3152 in
3186 3101 3332 3153 enini
3368 3099 3591 3154 virtutis

2004 3202 2201 3257 genere
2236 3187 2485 3256 perfecti,
2517 3190 2869 3259 religiosiqne
2899 3190 3248 3246 Constantini
3287 3190 3454 3254 ﬁlius,
3495 3191 3592 3261 qui

2006 3282 2277 3333 sinceram
2311 3296 2377 3332 ex
2410 3282 2593 3333 animo
2626 3282 2783 3336 ﬁdem
2822 3290 3146 3338 constanter
3186 3282 3455 3349 retinuit;
3497 3282 3594 3339 sed

2004 3379 2058 3425 et
2083 3369 2440 3423 Constantius
2472 3371 2590 3441 ipse
2625 3372 2747 3440 pius
2783 3372 3053 3442 alioquin,
3090 3387 3155 3426 ac
3188 3372 3379 3428 multis
3408 3374 3597 3443 probi-

2007 3463 2134 3517 tatis
2181 3463 2521 3517 ornamentis
2572 3464 2859 3532 praaditus,
2914 3464 3018 3518 hac
3058 3480 3166 3518 una
3203 3479 3261 3518 re
3298 3464 3594 3528 aberravit,

2008 3554 2151 3624 quod
2186 3569 2295 3607 non
2329 3554 2597 3623 impressa
2633 3570 2663 3608 a
2700 3563 2928 3625 parente
2960 3553 3084 3609 ﬁdei
3116 3555 3345 3624 vestigia
3374 3562 3597 3610 secutus

2007 3650 2112 3698 est.
2143 3642 2299 3708 Quod
2355 3644 2535 3713 ipsum
2587 3654 2771 3700 tamen
2823 3660 2932 3698 non
2982 3644 3131 3699 illius
3170 3645 3332 3714 culpa
3372 3643 3594 3711 factum,

2008 3734 2103 3789 sed
2133 3736 2521 3789 nonnullorum
2546 3736 2760 3800 fraude,
2789 3737 2881 3806 qui
2914 3736 3086 3792 in-die
3109 3737 3307 3807 judicii
3333 3739 3598 3792 rationem

2010 3826 2279 3881 reddituri
2314 3834 2475 3891 sunt;
2501 3828 2593 3897 qui
2618 3829 2805 3898 specie
2828 3844 2890 3883 ac
2916 3832 3140 3885 nomine
3171 3839 3331 3885 tenus
3356 3830 3598 3899 episcopi

2012 3918 2285 3974 sinceram
2320 3917 2413 3972 Dei
2448 3918 2606 3973 ﬁdem
2649 3920 3082 3989 labefactarunt;
3126 3922 3383 3992 aquibus
3408 3921 3599 3991 procul

2012 4010 2182 4064 dubio
2218 4025 2329 4064 non
2372 4010 2549 4080 ipsius
2600 4011 2765 4067 modo
2813 4011 2937 4068 ﬁdei
2988 4012 3268 4068 reddenda
3322 4014 3464 4066 ratio
3491 4019 3601 4075 est,

2015 4107 2111 4163 sed
2157 4106 2584 4162 insectationum
2638 4103 2895 4159 Ecclesiae
2933 4104 3201 4169 omnium,
3233 4119 3297 4158 ac
3322 4111 3601 4156 tantarum

2015 4199 2415 4259 calamitatum,
2456 4204 2511 4251 et
2549 4195 2802 4259 cardium,
2840 4210 2962 4265 quae
2992 4193 3045 4249 in
3081 4193 3358 4249 Ecclesias
3382 4178 3601 4247 illorum

2014 4304 2181 4348 causa
2230 4288 2491 4344 derivata:
2542 4294 2705 4353 sunt;
2769 4301 2986 4341 necnon
3020 4292 3076 4341 et
3116 4283 3455 4339 inﬁnitorum
3501 4283 3603 4338 ho-

2017 4385 2224 4438 minum
2255 4381 2508 4443 millium,
2540 4394 2661 4450 quae
2694 4379 2748 4433 in
2778 4378 3105 4434 hodiernum
3132 4392 3306 4447 usque
3335 4375 3481 4431 diem
3508 4389 3604 4430 va-

324 4486 440 4548 τοῖς
478 4483 555 4547 ὡς
612 4481 814 4556 ἱερεῦσι
858 4478 1003 4533 κατὰ
1047 4479 1290 4547 ἄγνοιαν,
1323 4476 1691 4546 ἀγνοήσαντος
1730 4472 1831 4544 τὴν
1857 4474 1897 4525 et

2021 4474 2117 4529 riis
2155 4472 2416 4528 aerumnis
2462 4481 2619 4527 extra
2653 4470 2819 4528 urbes
2864 4486 2930 4527 ac
2976 4478 3122 4525 tecta
3174 4466 3602 4534 conﬂictantur;

330 4576 514 4639 αὐτοῖς
546 4573 753 4644 πλάνην
780 4570 881 4641 τῆς
911 4568 1234 4639 τυφλώσεως
1265 4567 1358 4621 καὶ
1379 4564 1741 4628 κακοπιστίας
1760 4580 1915 4633 γενο-

327 4669 501 4740 μένης
530 4668 596 4720 ὲκ
617 4664 863 4720 διαϐόλου
898 4661 1276 4733 παρασκευῆς.

2023 4575 2301 4639 postremo
2330 4574 2385 4619 et
2414 4563 2559 4618 beati
2588 4578 2806 4632 quoque
2834 4559 3144 4616 Constantii
3179 4559 3235 4614 in
3265 4571 3510 4613 errorem
3537 4556 3606 4611 ab

2025 4657 2134 4712 illis
2185 4654 2416 4719 inducti,
2471 4653 2565 4723 qui
2625 4663 2787 4708 recta:
2840 4651 2965 4706 ﬁdei
3010 4650 3257 4721 regulam
3311 4646 3604 4718 ignoravit,

328 4763 629 4834 eademque
655 4760 961 4833 ignorantia
992 4760 1057 4813 ad
1086 4759 1305 4812 illorum
1334 4771 1394 4811 se
1425 4761 1614 4825 utpote
1643 4752 1988 4809 sacerdotum
2049 4753 2433 4808 auctoritatem
2466 4748 2905 4804 accommodavit
2941 4789 2957 4815 ,
3020 4746 3167 4819 quod
3216 4746 3401 4817 ipsum
3450 4758 3607 4800 error

327 4858 571 4929 illorum,
601 4872 666 4912 ac
697 4857 937 4918 caecitas,
974 4853 1377 4923 depravataque
1410 4849 1567 4915 ﬁdes,
1600 4860 1656 4905 et
1687 4865 1753 4904 ex
1791 4849 1996 4905 diaboli
2042 4848 2286 4920 profecta
2323 4846 2555 4901 consilio
2585 4845 2798 4899 lateret.

399 4952 499 5006 ll".
529 4951 794 5021 Δεύτερον
823 4949 903 5002 ἔτι
929 4947 1177 5018 ὲνίσχυσε
1208 4945 1320 5018 (88)
1346 4946 1407 4998 τὸ
1437 4947 1640 4999 τούτων
1670 4945 1913 5016 ἑρπετῶ-

328 5044 417 5108 δες
450 5043 816 5115 ἐργαστήριον
849 5041 914 5095 δι’
957 5038 1216 5092 Εύσεϐίου
1262 5037 1356 5091 τοῦ
1398 5035 1777 5099 ὐπεισδύντος,
1813 5035 1916 5090 ικαὶ

328 5135 808 5207 πραφοείραντος
868 5133 967 5204 τὴν
1023 5131 1191 5202 ἀκοὴν
1248 5130 1410 5185 πάλιν
1467 5128 1766 5191 Οὐάλεντος
1826 5126 1920 5180 τοῦ

334 5228 622 5291 θεοσεϐοῦς
655 5226 952 5299 βασιλέως,
992 5224 1088 5279 καὶ
1132 5221 1561 5285 εὐλαϐεστάτου,
1607 5221 1702 5273 καί¹
1737 5218 1920 5289 θεοφι-

412 5388 430 5419 ¹
455 5382 516 5439 F.
560 5381 1002 5453 προσκλιθέντες.
1077 5380 1096 5411 ²
1134 5379 1292 5435 Prov.
1326 5395 1447 5444 vttt,
1481 5376 1553 5432 22
1577 5392 1730 5448 seqq.

408 5502 521 5585 (87)
558 5500 667 5585 Καρ
709 5500 919 5585 αὐτοῦ.
1059 5497 1169 5585 τοῦ,
1220 5495 1666 5585 [fferat-artior).
1731 5492 1921 5585 lSiutile

338 5564 603 5634 Imiefac
650 5571 809 5641 longe
851 5570 1015 5641 etiam
1061 5567 1527 5641 honorificentius
1586 5576 1645 5641 et_
1681 5564 1916 5641 liberius

338 5644 586 5709 ejusdem
638 5634 993 5711 imperatoris
1026 5639 1260 5711 elogium
1291 5645 1471 5711 exstat
1504 5636 1646 5706 apud
1677 5634 1914 5711 Nazian-

335 5706 535 5767 aerium
573 5706 849 5782 inpriore
878 5706 1270 5782 στηλιτευτικῷ
1294 5706 1467 5782 ιαμοό
1486 5706 1729 5782 oratorio
1750 5720 1924 5770 more,

345 5797 411 5839 ac
431 5781 649 5839 dicendi
668 5777 913 5854 impetu,
944 5777 1001 5839 et
1025 5781 1211 5838 calore
1242 5777 1528 5851 profusum
1558 5777 1731 5851 magis
1759 5789 1923 5848 quam

2092 4943 2228 4999 XIII.
2272 4942 2517 4998 Accessit
2564 4949 2620 4995 et
2668 4941 2772 4994 alia
2823 4953 3013 5003 causa,
3047 4952 3169 5008 quae
3212 4936 3339 4990 huic
3372 4950 3599 5006 serpen-

2027 5044 2142 5089 tum
2172 5033 2400 5087 oﬁicinm
2430 5033 2720 5101 plurimum
2740 5030 2939 5099 adjecit
2959 5029 3180 5090 virium,
3205 5027 3474 5082 Eusebius
3502 5025 3608 5080 sci-

2032 5127 2178 5188 licet,
2213 5124 2305 5195 qui
2338 5123 2534 5179 callide
2568 5138 2627 5177 se
2671 5123 2983 5185 insinuans,
3041 5119 3280 5174 Valentis
3331 5132 3494 5172 aures
3535 5116 3607 5186 pii

2028 5232 2092 5273 ac
2140 5216 2379 5288 religiosi
2414 5214 2783 5286 imperatoris,
2815 5228 2879 5270 ac
2927 5212 3096 5269 divini
3128 5210 3373 5265 numinis
3419 5222 3611 5264 aman-

2025 5504 2091 5545 ex
2129 5487 2205 5541 rei
2230 5487 2460 5543 veritate
2496 5488 2802 5557 profectum
2828 5482 3063 5537 videtur.

2097 5558 2210 5625 (88)
2246 5549 2534 5626 Δειῖτεροίε
2564 5558 2653 5611 ἐτι
2697 5555 3015 5626 ἐνίσχησε.
3063 5550 3187 5626 *Νοη
3245 5549 3314 5605 ab
3345 5549 3607 5626 Eusebio,

2018 5630 2112 5689 sed
2128 5622 2200 5683 ab
2219 5622 2490 5693 Eudoxio,
2514 5629 2602 5696 qui
2621 5622 3282 5696 Constantinopolitanam
3302 5623 3498 5696 sedem
3511 5635 3607 5696 oo-

2032 5692 2615 5774 enpargtnbaptizaius
2637 5706 2722 5761 est
2740 5693 2957 5750 Valens.
2985 5696 3165 5762 Quare
3198 5708 3298 5765 pro
3324 5692 3610 5757 Εὐσεσίον,

2032 5768 2170 5848 lege,
2206 5768 2479 5835 Εὑδοξίου.
2962 5787 2965 5790 '
