3994 6226
399 334 508 388 ίὶὲὖ
1867 334 1925 390 8.
1970 335 1984 390 I

2090 333 2310 392 PHANII
3564 339 3669 395 Eii

401 455 601 508 tissimi
658 456 922 526 COI'l‘ttpit.
959 455 1064 522 Qui
1098 455 1245 527 quod
1311 457 1379 512 ab
1429 457 1522 512 illo
1582 456 1858 526 baptismo
1911 461 1984 511 sit

2090 457 2230 522 λοῦς.
2279 461 2510 533 Ἐπειδὴ,
2528 463 2636 533 γὰρ
2674 463 2805 534 παρ’
2833 459 2998 516 αὑτοῦ
3024 461 3086 514 τὸ
3107 461 3330 531 λουτρὸν
3352 461 3672 532 ἐκομίσατο.

403 547 674 610 initiatus,
732 563 794 603 ea
848 563 1015 602 causa
1060 549 1317 604 videlicet
1354 549 1473 612 fuit,
1522 564 1620 604 cur
1654 549 1769 603 haec
1816 547 1984 602 factio

2090 549 2181 603 διὰ
2232 551 2490 622 τοιαύτης
2531 552 2840 616 ὑποθέσεως
2885 551 3224 623 ἠδυνήθησαν
3259 547 3406 606 οὗτοι
3457 552 3672 623 στῆναι.

402 638 621 695 stabilis
655 654 720 693 ac
763 639 916 693 firma
951 640 1298 696 consisteret.
1347 639 1484 694 Nam
1529 640 1734 710 alioqui
1765 639 1986 710 jamdu-

401 729 529 783 dum
578 729 661 784 vel
725 745 755 784 a
808 731 1150 786 mulierculis
1207 745 1270 784 ac
1325 730 1591 800 ptterulis,
1649 746 1717 784 ne
1765 729 1986 784 adultos

397 835 845 886 commemorem,
871 823 962 892 qui
1004 834 1166 876 rectae
1199 821 1326 876 lidei
1358 837 1422 875 ac
1447 821 1728 891 religionis
1749 820 1988 875 exactis-

400 908 538 962 sima
571 909 804 964 scientia
834 909 1045 978 praediti
1078 918 1228 974 sunt,
1259 911 1330 965 ab
1364 910 1452 974 iis,
1490 909 1736 980 inquam,
1775 910 1867 980 qui
1899 910 1986 965 vel

400 999 725 1054 tenuissima
778 1001 1024 1055 veritatis
1079 1001 1272 1056 notitia
1321 1001 1528 1073 perfusi
1583 1011 1732 1066 sunt,
1792 1000 1984 1072 primis

401 1090 742 1158 temporibus
771 1090 1042 1146 confutati
1080 1091 1362 1163 fugatique
1389 1101 1598 1156 essent,
1631 1100 1893 1163 tauquam
1927 1101 1986 1148 et

402 1180 459 1234 in
501 1181 787 1236 Dominum
835 1185 1240 1246 contumeliosi.
1281 1193 1335 1241 et
1365 1186 1522 1240 alteri
1560 1187 1783 1257 quidam
1835 1186 1984 1242 illius

400 1268 804 1336 interfectores,
842 1287 906 1327 ac
952 1271 1167 1330 Domini
1221 1277 1396 1331 nostri
1445 1275 1575 1331 Jesu
1613 1277 1818 1331 Christi
1861 1291 1987 1346 per-

403 1361 558 1416 fectae
604 1362 909 1420 divinitatis
941 1380 1228 1424 eversores
1273 1386 1286 1423 :
1338 1367 1390 1422 id
1436 1368 1584 1438 quod
1636 1369 1985 1439 imperatoris

403 1454 588 1509 favore
611 1470 674 1508 ac
698 1457 1002 1526 patrocinio
1026 1467 1409 1529 susceperunt,
1435 1469 1493 1513 ut
1521 1475 1713 1516 e0rum
1734 1459 1983 1513 omnium

403 1547 674 1600 malorum
730 1557 984 1604 auctores
1018 1558 1224 1612 essent.
1257 1565 1378 1618 quae
1421 1558 1476 1604 et
1503 1551 1768 1606 hactenus
1806 1550 1984 1605 exsti-

401 1645 606 1704 terunt,
635 1645 692 1693 et
725 1640 994 1712 hodieque
1027 1658 1124 1712 per
1159 1642 1282 1697 illos
1316 1640 1676 1706 Alexandriae,
1729 1640 1986 1697 Nicome-

401 1730 538 1793 dire,
589 1733 640 1786 in
696 1731 1089 1803 McSOpotamia
1139 1749 1203 1787 ac
1253 1733 1544 1788 Palaestina
1605 1734 1980 1798 concitantur,

402 1823 608 1892 ubique
641 1832 908 1887 praesente
947 1840 1012 1879 ac
1053 1832 1373 1896 protegente
1408 1825 1677 1895 principe.

472 1914 638 1984 738
675 1914 817 1970 XIV.
855 1914 1221 1982 Quamobrem
1273 1933 1340 1972 ex
1392 1917 1494 1972 hac
1525 1932 1632 1972 una
1663 1932 1818 1984 voce,
1861 1933 1988 1989 qua:

403 2004 460 2058 in
495 2003 810 2064 Proverbiis
846 2005 1160 2063 Salomonis
1210 2009 1408 2079 legitur
1441 2028 1456 2064 :
1491 2009 1749 2064 Dominus
1792 2011 1984 2064 creavit

401 2112 483 2150 nte
521 2097 729 2150 initium
761 2099 964 2152 viarum
1001 2116 1214 2154 suarunt
1263 2102 1315 2155 in
1364 2117 1522 2172 opera
1574 2118 1673 2156 sua
1703 2101 1747 2166 ⁸,
1781 2109 1980 2157 caetera

403 2187 474 2242 ab
529 2188 638 2244 illis
691 2191 1094 2262 excogitantur,
1150 2207 1271 2262 qua:
1323 2201 1598 2263 utcunque
1646 2193 1712 2247 ad
1767 2191 1984 2246 illorum

399 2277 706 2334 orationem
770 2282 1170 2338 accommodari
1217 2291 1470 2353 possunt,
1505 2293 1560 2339 et
1593 2283 1840 2339 eamdem
1884 2286 1986 2338 ha-

401 2370 532 2426 bere
569 2372 702 2435 vim,
755 2388 819 2428 ac
872 2386 1242 2432 consentanea
1272 2392 1396 2433 esse
1426 2377 1701 2442 videntur,
1735 2391 1860 2431 cum
1904 2384 1988 2430 ta-

401 2477 525 2516 men
559 2478 734 2533 neque
765 2479 945 2521 sermo
976 2466 1114 2537 ipse,
1163 2481 1263 2523 nec
1307 2467 1518 2538 reliqua
1548 2468 1716 2521 verba
1746 2466 1813 2522 de
1844 2466 1985 2522 divi-

402 2551 574 2607 nitate
605 2551 725 2607 Filii
762 2553 857 2610 Dei
898 2558 1228 2612 meutioncm
1257 2559 1423 2612 ullam
1456 2557 1726 2627 ejusmodi
1759 2559 1983 2615 faciant.

397 2643 620 2698 Addunt
641 2653 696 2699 et
725 2647 830 2700 alia
856 2649 1102 2716 quaadam
1135 2648 1222 2704 his
1257 2650 1458 2704 similia
1490 2652 1634 2714 loca,
1658 2651 1808 2705 velut
1838 2653 1984 2721 quod

399 2737 472 2792 ab
502 2738 764 2807 Apostolo
794 2740 1056 2809 scriptum
1083 2751 1168 2796 est
1201 2761 1213 2796 :
1250 2743 1482 2812 Accipite
1520 2745 1818 2814 pontiﬁcem
1844 2760 1974 2798 con-

399 2831 643 2900 fessionis
679 2843 883 2894 vestra',
917 2832 1123 2900 ﬁdelem
1150 2833 1198 2886 ei
1249 2835 1338 2903 qui
1378 2835 1498 2902 fecit
1540 2837 1710 2904 ipsum
1737 2839 1793 2904 ’;
1842 2838 1972 2892 item

399 2941 465 2977 ex
497 2922 726 2979 Joannis
765 2922 1059 2992 Evangelio
1092 2943 1105 2980 :
1141 2923 1247 2978 llic
1297 2935 1372 2979 est
1406 2925 1469 2979 de
1499 2942 1601 2996 quo
1635 2925 1749 2980 dixi
1794 2927 1936 2980 vobis
1965 2941 1986 2981 :

401 3015 507 3081 Qui
533 3025 650 3082 post
681 3032 759 3070 me
786 3017 942 3080 venit,
970 3025 1092 3070 ante
1132 3034 1215 3071 me
1242 3017 1414 3085 factus
1449 3027 1526 3072 est
1561 3017 1621 3085 ³;
1666 3027 1719 3073 et
1751 3021 1805 3074 in
1833 3019 1986 3076 Actis

2102 641 2254 694 Ἐπεὶ
2289 641 2357 696 ἂν
2383 641 2618 696 ἔκπαλαι
2648 642 2744 696 καὶ
2778 643 2883 696 ὑπὸ
2921 642 3194 711 γυναικῶν
3225 641 3317 696 καὶ
3344 641 3673 713 παιδαρίων,

2086 729 2149 782 ού
2172 729 2314 799 λέγω
2333 731 2590 803 περὶτῶν
2613 732 3026 803 ἐντελεστέρων,
3048 733 3158 786 τῶν
3180 734 3280 804 τὴν
3306 735 3488 787 πᾶσαν
3521 734 3674 806 ἀκρί-

2087 821 2240 876 ϐειαν
2286 823 2386 893 τῆς
2417 822 2727 890 θεοσεϐείας
2763 824 2860 879 καὶ
2887 825 3122 889 πίστεως
3157 826 3257 896 τῆς
3283 825 3451 897 ὀρθῆς
3487 827 3672 893 ἐπιγι-

2088 915 2431 980 νωσκόντων,
2465 916 2602 970 ἀλλὰ
2633 916 2729 970 καὶ
2766 917 2872 972 ὑπὸ
2918 917 3026 972 τῶν
3071 935 3124 971 τι
3163 918 3270 972 ἀπὺ
3295 918 3519 988 μέρους,
3565 916 3676 972 κᾶν

2085 1005 2148 1060 τὸ
2169 1005 2329 1076 τυχὸν
2353 1009 2456 1078 τῆς
2482 1006 2740 1078 ἀληθείας
2769 1007 3145 1077 ἐπισταμένων
3161 1024 3173 1037 ·
3201 1008 3296 1062 καὶ
3322 1007 3674 1078 ἐλεγχόμενοι

2085 1098 2195 1158 ἀπὸ
2215 1098 2323 1152 τῶν
2345 1099 2611 1162 παλαιῶν,
2628 1097 2932 1160 ἐδιώκοντο,
2953 1097 3028 1161 ὼς
3048 1099 3357 1170 βλάσφημοι
3373 1098 3670 1161 Δεσπότου,

2086 1189 2181 1242 καὶ
2214 1187 2456 1259 δεύτεροι
2481 1188 2819 1260 κυριοκτόνοι
2847 1188 3012 1250 τινὲς,
3037 1187 3128 1240 καὶ
3154 1185 3415 1257 ἁθετηταὶ
3444 1187 3545 1257 τῆς
3572 1187 3672 1240 τοῦ

2085 1280 2292 1351 Κυρίου
2319 1279 2476 1350 ἡμῶν
2519 1279 2694 1351 Ἰησοῦ
2727 1279 2912 1333 ἐνθέου
2942 1277 3295 1350 τελειότητος,
3325 1277 3413 1331 διὰ
3445 1277 3546 1347 τῆς
3572 1277 3672 1331 τοῦ

2087 1368 2353 1439 βασιλέως
2379 1370 2714 1440 προστασίας
2735 1386 2748 1402 ·
2777 1371 2916 1442 ὅπερ
2944 1371 3090 1423 ἐστὶν
3119 1370 3538 1440 ύπερασπισμδς
3572 1370 3675 1423 αύ-

2083 1461 2224 1524 τῶν,
2265 1464 2346 1524 εἰς
2384 1460 2446 1513 τὸ
2468 1463 2764 1535 ἐπιχειρεῖν
2810 1462 2988 1516 πάντα
3029 1460 3100 1515 τὰ
3143 1460 3289 1514 κακὰ
3325 1461 3426 1514 ὅσα
3453 1463 3673 1529 γέγονε,

2085 1553 2179 1608 καὶ¹
2210 1552 2290 1606 ἐτι
2317 1553 2382 1607 δι’
2413 1554 2594 1608 αὐτῶν
2616 1554 2825 1622 γίνεται
2851 1554 2910 1607 ἐν
2947 1552 3342 1624 Ἀλεξανδρείᾳ,
3367 1553 3461 1606 καὶ
3491 1555 3548 1606 ἐν
3573 1553 3674 1605 Ni.-

2085 1644 2386 1716 κομηδείᾳ,
2416 1647 2474 1699 ἐν
2499 1645 2916 1717 Μεσοποταμίᾳ,
2964 1646 3023 1698 ἐν
3067 1643 3429 1716 Παλαιστίνῃ,
3463 1642 3548 1716 [ἡ]
3575 1642 3674 1697 τοῦ

2087 1735 2267 1789 αὐτῶν
2293 1735 2557 1807 παρόντος
2585 1735 2846 1807 βασιλέως
2880 1737 3184 1808 προστασία
3204 1736 3248 1790 ⁷.

2157 1915 2256 1968 ῙΔ’.
2304 1915 2399 1969 Ἐκ
2433 1913 2638 1985 ταύτης
2673 1908 2767 1970 οῦν
2800 1914 2898 1986 τῆς
2922 1914 3119 1982 λέξεως
3137 1915 3237 1986 τῆς
3269 1918 3328 1969 ἐν
3368 1913 3448 1986 τῷ
3474 1933 3673 1986 παροι-

2089 2009 2291 2078 μιαστῇ
2322 2006 2746 2078 γεγραμμένης,
2777 2007 2858 2061 ὅτι
2884 2008 3100 2076 Κύριος
3129 2006 3336 2062 eum
3357 2024 3436 2077 με
3472 2008 3676 2076 ἀρχὴν

2088 2092 2244 2148 ὁδῶν
2262 2095 2449 2148 αὑτοῦ
2475 2098 2562 2161 εὶς
2596 2097 2740 2166 ἔργα
2766 2095 2956 2151 αὑτοῦ
2976 2138 2991 2162 ,
3025 2095 3210 2150 λοιπὸν
3252 2095 3322 2151 τὰ
3365 2098 3544 2152 πάντα
3571 2099 3676 2152 αὐ-

2086 2187 2198 2248 τοῖς
2228 2187 2559 2251 ἐπινοεῖται,
2594 2188 2696 2242 ὃσα
2735 2205 2795 2242 τε
2831 2187 3054 2242 δύναται
3103 2188 3368 2260 σύμφωνα
3402 2188 3483 2260 τῷ
3527 2189 3676 2261 λόγῳ

2085 2272 2245 2343 εἶναι,
2280 2279 2375 2332 καὶ
2409 2280 2706 2350 ἰσορροπεῖ,
2742 2281 2837 2334 καὶ
2872 2280 3094 2336 δύναται
3121 2283 3388 2354 συνᾴδειν,
3419 2280 3544 2336 οὒτε
3574 2283 3677 2337 αύ-

2085 2366 2179 2420 τοῦ
2223 2367 2318 2420 τοῦ
2347 2367 2505 2437 λόγου
2528 2410 2542 2433 ,
2578 2369 2704 2423 οὔτε
2745 2369 2854 2424 τῶν
2892 2370 3066 2426 ἄλλων
3109 2373 3370 2444 ῥημάτων
3403 2373 3536 2444 περὶ
3572 2373 3678 2445 τῆς

2087 2457 2337 2528 θεότητος
2363 2457 2456 2512 τοῦ
2502 2459 2633 2513 Υἱοῦ
2660 2458 2755 2513 τοῦ
2788 2460 2924 2514 Θεοῦ
2964 2461 3204 2515 τοιοῦτόν
3234 2479 3287 2516 τι
3329 2463 3675 2532 φασκόντων.

2099 2549 2258 2603 Ἀλλὰ
2280 2549 2468 2605 λοιπὸν
2498 2551 2598 2605 ὅσα
2627 2553 2743 2606 ἐστὶ
2770 2552 2979 2618 τούτοις
3006 2555 3198 2624 ὃμοια,
3221 2554 3284 2608 τὸ
3314 2556 3372 2607 ἐν
3399 2553 3479 2626 τῷ
3515 2555 3676 2608 Ἀπο-

2088 2642 2259 2713 στόλῳ
2289 2643 2694 2715 γεγραμμένον,
2721 2645 2802 2710 τὸ,
2833 2644 3097 2710 Δέξασθε
3127 2646 3234 2700 τὸν
3259 2646 3536 2716 ἀρχιερέα
3565 2644 3678 2713 τῆς

2087 2733 2409 2803 ὁμολογίας
2449 2733 2615 2804 ὑμῶν
2641 2736 2864 2791 πιστὸν
2901 2737 3047 2790 ὄντα
3091 2735 3171 2803 τῷ
3203 2737 3527 2804 ποιήσαντι
3567 2740 3675 2792 αὑ-

2085 2826 2222 2880 τόνο
2259 2827 2354 2880 καὶ
2390 2829 2449 2881 ἐν
2489 2827 2568 2899 τῷ
2598 2829 2739 2884 κατὰ
2782 2829 3036 2900 Ἰωάννην
3073 2829 3390 2899 Εὐαγγελίῳ
3418 2846 3676 2901 γεγραμ-

2090 2916 2250 2986 μένον
2273 2957 2288 2983 ,
2319 2919 2401 2971 ὅτι
2434 2914 2624 2984 Οὗτός
2664 2919 2797 2974 ἐστι
2839 2920 2971 2989 ,περὶ
3007 2915 3080 2977 οὗ
3111 2917 3286 2976 εἶπον
3322 2921 3494 2990 ὑμῖν,
3525 2921 3614 2974 ὅτι
3640 2925 3676 2976 d

2087 3009 2280 3064 ὀπίσω
2303 3027 2423 3079 μου
2453 3011 2772 3081 ἐρχόμενος
2803 3013 3142 3083 ἔμπροσθέν
3163 3031 3284 3083 μου
3307 3013 3514 3084 γέγονε
3534 3031 3547 3043 ·
3577 3013 3678 3066 καὶ

398 3107 773 3175 apostolorum
799 3125 812 3162 :
841 3107 1040 3162 Notum
1071 3108 1214 3163 vobis
1247 3110 1337 3175 sit,
1367 3111 1538 3164 omnis
1568 3109 1755 3166 domus
1793 3110 1984 3178 Israel,

2090 3103 2149 3156 τὸ
2197 3104 2255 3156 ἐν
2298 3106 2417 3168 ταῖς
2471 3105 2709 3175 Πράξεσι
2753 3103 3176 3178 γεγραμμένον,
3234 3109 3318 3162 ὅτι
3377 3107 3678 3160 Γνωστὸν

399 3199 538 3269 quod
571 3200 707 3254 hunc
760 3199 944 3254 Iesum
985 3218 1134 3271 quem
1183 3219 1272 3256 vos
1312 3203 1680 3272 cruciﬁxistis,
1711 3214 1762 3257 et
1803 3203 1984 3259 Domi-

398 3307 525 3344 num
552 3301 600 3345 et
632 3291 902 3346 Christum
925 3291 1112 3346 Iesum
1138 3293 1278 3348 Deus
1306 3293 1426 3364 fecit
1456 3294 1500 3348 ⁸.
1533 3296 1611 3349 Ac
1643 3295 1691 3350 si
1723 3310 1830 3365 qua
1862 3309 1992 3354 sunt

399 3381 615 3450 generis
667 3382 914 3452 ejusdem
970 3385 1101 3438 alia.
1142 3383 1274 3450 Quae
1324 3386 1506 3441 omnia
1555 3386 1623 3440 ad
1654 3387 1986 3453 cautionem,

401 3481 457 3527 ct
485 3472 946 3538 observationem,
976 3482 1032 3529 et
1060 3475 1464 3544 propulsandos
1489 3475 1677 3533 hostes
1708 3478 1763 3531 in
1803 3493 1990 3548 prom-

402 3574 498 3636 ptu
557 3581 682 3621 esse
731 3566 956 3620 debent.
1018 3565 1216 3622 llostes
1263 3566 1411 3620 enim
1465 3581 1653 3623 revera
1704 3569 1989 3624 insidiato-

402 3674 602 3724 resque
637 3666 784 3713 sunt.
821 3648 1124 3714 Ae'nescio
1173 3673 1240 3713 an
1287 3659 1353 3713 ad
1389 3659 1538 3729 ipsos
1567 3675 1868 3731 eorumque
1912 3661 1989 3717 si-

401 3751 562 3804 miles
611 3747 913 3820 Scriptura:
970 3751 1126 3806 locus
1179 3751 1267 3805 illo
1321 3752 1612 3806 conveniat
1655 3771 1668 3808 :
1717 3752 1987 3824 Exsurgat

400 3841 570 3905 Deus,
602 3851 650 3896 et
674 3841 996 3912 dissipentur
1026 3843 1226 3898 inimici
1257 3845 1370 3914 ejus
1400 3846 1448 3909 ⁵,
1481 3861 1604 3900 cum
1633 3846 1852 3902 interim
1885 3847 1988 3900 do-

402 3934 617 3989 mestici
646 3950 770 3990 esse
801 3935 1107 3992 videantur.
1138 3935 1340 3992 Verum
1371 3939 1554 3994 nullus
1575 3947 1658 3993 est
1682 3939 1986 3994 domestico

402 4025 561 4081 hoste
593 4026 833 4082 deterior
864 4046 877 4082 :
911 4027 1126 4082 Inimici
1159 4031 1296 4084 enim
1328 4030 1554 4085 hominis
1597 4047 1776 4087 omnes
1811 4031 1985 4087 deine-

399 4121 520 4173 stici
565 4119 677 4190 ejus
708 4122 752 4176 ⁸.
787 4119 940 4189 Quod
974 4122 1152 4192 ipsum
1178 4122 1429 4180 fortassis
1472 4131 1529 4180 et
1558 4124 1612 4179 in
1649 4124 1773 4181 istis
1803 4125 1984 4180 locum

401 4212 584 4266 habet.

471 4302 590 4359 XV.
629 4303 764 4358 Nam
811 4305 1124 4360 rabidorum
1171 4321 1370 4363 canum
1427 4323 1579 4363 more
1613 4314 1873 4379 tanquam
1925 4310 1980 4365 in

400 4392 657 4446 inimicos
689 4393 962 4449 insiliunt.
1011 4394 1086 4448 ita
1137 4411 1267 4450 vero
1309 4397 1520 4465 jactare
1550 4405 1604 4452 et
1643 4396 1982 4469 interrogare

2089 3194 2233 3265 ὑμῖν
2277 3196 2433 3250 ἔστω
2476 3196 2595 3264 πᾶς
2635 3194 2798 3265 οἶκος
2852 3197 3119 3266 Ἰσραὴλ.
3167 3197 3258 3251 ὅτι
3300 3197 3520 3252 τοῦτον
3565 3198 3678 3251 τὸν

2103 3286 2366 3354 Ἰησοῦν,
2389 3287 2462 3342 ὃν
2477 3289 2916 3358 ἐσταυρώσατε,
2933 3289 3031 3343 καὶ
3053 3289 3270 3358 Κύριον
3293 3289 3391 3342 καί
3412 3289 3678 3359 Χριστὸν

2088 3377 2278 3432 αὐτὸν
2317 3381 2350 3433 ὀ
2391 3379 2535 3446 Θεὸς
2575 3380 2847 3448 ἐποίησε.
2894 3380 3006 3437 Καὶ
3049 3380 3185 3435 ἄλλα
3236 3381 3445 3446 τούτοις
3483 3382 3672 3451 ὃμοια.

2089 3469 2310 3524 ⁸⁸⁸οπου
2337 3471 2446 3544 γὰρ
2495 3474 2576 3538 είς
2607 3474 2989 3548 παρατήρησιν
3044 3475 3125 3538 εἰς
3177 3472 3387 3545 ἐχθρῶν
3435 3472 3673 3542 ἄμυναν.

2102 3561 2319 3635 Ἑχθροὶ
2346 3566 2456 3638 γάρ
2499 3567 2640 3620 εἰσιν
2673 3566 2750 3630 ὼς
2786 3567 3004 3638 ἀληθῶς
3042 3567 3138 3621 καὶ
3178 3566 3470 3620 ἐπίϐουλα.
3516 3565 3678 3635 Τάχα

2088 3657 2198 3728 γὰρ
2234 3657 2362 3730 περὶ
2388 3658 2567 3712 αὐτῶν
2591 3656 2924 3730 γέγραπται,
2954 3659 3050 3713 καὶ
3087 3658 3195 3712 τῶν
3223 3659 3408 3722 αὐτοῖς
3443 3659 3674 3730 ὁμοίων,

2086 3748 2169 3802 ὅτι
2224 3749 2566 3815 Ἀναστήτω
2601 3754 2635 3805 ὁ
2678 3750 2843 3818 Θεὸς,
2884 3751 2982 3806 καὶ
3024 3749 3677 3820 διασκορπισθήτωσαν

2087 3844 2141 3895 οὶ
2167 3841 2366 3909 ἐχθροὶ
2397 3841 2605 3898 αὐτοῦ.
2629 3843 2857 3896 Δοκοῦσι
2880 3843 2937 3896 δὲ
2960 3844 3054 3897 καὶ
3089 3843 3354 3898 οίκειακοὶ
3376 3838 3535 3898 εἶναι.
3568 3843 3676 3896 Οὑ-

2085 3932 2198 3997 δεὶς
2233 3932 2290 3985 δὲ
2328 3932 2525 4004 χείρων
2557 3934 2844 3988 οἰκειακῶν
2878 3933 3107 4005 ἐχθρῶν.
3147 3934 3381 4003 Ἐχθροι
3414 3932 3524 4005 γὰρ
3565 3933 3676 3988 τοῦ

2085 4023 2398 4093 ἀνθρώπου
2437 4024 2702 4092 ἅπαντες
2741 4028 2794 4080 οι
2838 4024 3054 4094 ἄνδρες
3098 4023 3205 4080 τοῦ
3245 4026 3415 4080 οἴκου
3457 4025 3671 4080 αὑτοῦ.

2085 4116 2196 4170 Καὶ
2227 4100 2550 4188 τοῦτο’τάχα
2581 4117 2676 4171 καὶ
2705 4117 2833 4188 περὶ
2862 4117 3070 4172 τούτων
3108 4116 3432 4190 πληροῦται.

2155 4297 2256 4352 1Ε’.
2287 4298 2625 4370 Ἀναπηδῶσι
2636 4297 2745 4371 γὰρ
2759 4297 2834 4363 ὼς
2848 4298 3186 4370 λυσσητῆρες
3197 4273 3356 4362 κύνες
3371 4297 3450 4361 εἰς
3460 4295 3555 4366 ὲχθ
3565 4295 3675 4365 ρῶν

2081 4387 2312 4460 ἄμυναν.
2339 4389 2448 4443 Καί
2472 4407 2621 4458 φασι’
2641 4389 2765 4454 Πῶς
2785 4389 2964 4459 λέγεις
2979 4389 3106 4462 περὶ
3126 4387 3220 4444 τοῦ
3245 4388 3374 4443 Υίοῦ
3386 4389 3480 4443 τοῦ
3495 4388 3631 4443 Θεοῦ
3655 4406 3673 4455 ;

400 4484 582 4538 solent
611 4503 624 4537 :
663 4484 803 4549 Quid
833 4485 973 4540 dicis
1001 4487 1067 4540 de
1095 4485 1186 4541 Dei
1223 4485 1398 4542 Filio?
1430 4487 1556 4544 Hac
1578 4489 1834 4544 nimirum
1863 4491 1984 4547 illo-

2090 4482 2276 4536 Ταῦτα
2303 4483 2412 4556 γὰρ
2435 4481 2615 4538 αὐτῶν
2637 4483 2755 4536 ἐστι
2777 4483 2845 4536 τὰ
2866 4482 3215 4552 τεχνάσματα
3236 4482 3335 4548 τῆς
3359 4482 3674 4552 εἰσαγωγῆς

399 4590 522 4630 rum
547 4576 777 4631 artificia
808 4587 955 4642 sunt,
980 4579 1182 4646 quibus
1213 4581 1363 4634 virus
1392 4597 1554 4636 suum
1585 4581 1982 4652 simpliciorum

2090 4576 2185 4631 τοῦ
2219 4575 2546 4648 δηλητηρίου
2575 4575 2754 4630 αὐτῶν
2788 4575 2924 4647 πρὸς
2952 4575 3076 4640 τοὺς
3109 4573 3345 4643 ἀφελεῖς.
3378 4575 3487 4627 Καὶ
3513 4574 3567 4626 τί
3592 4573 3675 4627 ἔνι

398 4668 602 4722 animis
643 4668 932 4722 instillant.
970 4667 1296 4739 Quanquam
1331 4671 1464 4741 quid
1521 4671 1590 4727 ad
1644 4672 1761 4727 haec
1818 4673 1983 4744 adjici

2092 4671 2231 4741 μετὰ
2251 4669 2443 4733 ταῦτα,
2480 4670 2619 4741 μετὰ
2637 4669 2699 4722 τὸ
2724 4668 2902 4735 λέγειν
2928 4669 3055 4722 Υἱὺν
3080 4665 3214 4721 Θεοῦ
3235 4683 3250 4731 ;
3279 4663 3351 4720 Ὦ
3376 4666 3586 4720 συνετοὶ
3613 4667 3675 4720 ἐν

399 4767 602 4830 potest,
658 4767 947 4830 postquam
982 4759 1077 4814 Dei
1111 4758 1282 4815 Filius
1310 4762 1615 4832 appellatus
1651 4765 1784 4820 .est?
1812 4767 1856 4821 Ο
1885 4766 1984 4821 ho-

2090 4763 2324 4826 ἑαυτοῖς,
2367 4762 2463 4816 καὶ
2490 4759 2863 4832 ἐπιγνώμονες
2896 4758 3128 4814 ἐνώπιον
3155 4758 3370 4825 αὐτῶν,
3406 4757 3502 4811 καὶ
3545 4759 3674 4810 ἐπι-

401 4850 578 4904 miues
617 4849 761 4920 apud
811 4851 1135 4922 semctipsos
1180 4852 1478 4928 sapientes,
1511 4865 1565 4910 et
1597 4857 1857 4928 Opinione
1883 4875 1983 4916 sua

2090 4855 2357 4926 στήμονες
2393 4853 2676 4918 δοκοῦντες
2717 4847 2889 4908 εἷναιί
2928 4853 2994 4905 Τί
3027 4851 3108 4906 έτι
3151 4850 3414 4922 προσθείη
3463 4867 3550 4914 τις
3593 4849 3674 4920 τῷ

397 4957 464 4998 ac
500 4943 684 5012 specie
733 4952 894 4998 tenus
927 4945 1165 4999 eruditi!
1215 4944 1358 5011 Quid
1387 4953 1472 5002 est
1503 4948 1649 5019 quod
1690 4949 1756 5004 ad
1786 4966 1982 5008 nomen

2090 4948 2314 5019 ὀνόματι
2357 4947 2554 5019 Ἰησοῦ,
2590 4947 2640 5000 εί
2672 4947 2745 5018 μή
2776 4964 2828 4999 τι
2864 4945 2992 5000 Υἰὸν
3022 4945 3244 5015 γνήσιον
3286 4943 3433 5012 λέγοι
3469 4945 3534 4997 ἐκ
3562 4944 3674 4996 Πα-

401 5035 532 5092 Jesu
568 5035 746 5106 possit
792 5037 1074 5103 accedere,
1111 5039 1218 5093 nisi
1267 5038 1547 5110 legitimus
1573 5039 1751 5098 Patris
1784 5041 1978 5113 Filius,

397 5129 467 5183 ab
497 5144 673 5198 eoque
713 5126 1015 5198 productus
1060 5127 1302 5194 dicatur,
1350 5145 1453 5186 nec
1501 5131 1615 5186 ulla
1649 5135 1863 5191 ratione
1892 5136 1980 5190 di-

392 5222 628 5277 Versus?
659 5221 762 5276 Sed
797 5220 1028 5277 subinde
1075 5237 1199 5276 cum
1232 5222 1345 5278 risu
1389 5239 1455 5279 ac
1485 5225 1722 5282 ludibrio
1771 5229 1852 5283 sic
1903 5231 1984 5284 in-

399 5314 629 5368 vadunt:
650 5313 937 5381 Quomodo
966 5328 997 5367 a
1029 5312 1139 5368 Deo
1169 5329 1293 5370 esse
1320 5317 1539 5386 potest?
1568 5317 1725 5384 Quod
1753 5321 1798 5376 si
1830 5324 1983 5391 quis-

400 5405 544 5475 piam
587 5406 900 5461 seiscitetur
930 5406 1073 5462 sitne
1108 5405 1278 5463 Filius
1313 5423 1510 5476 necne,
1543 5412 1708 5467 verbo
1763 5413 1979 5482 quidem

399 5493 598 5551 Filium
633 5513 756 5554 esse
787 5497 1138 5565 conﬁtentur,
1187 5499 1371 5570 reipsa
1417 5516 1550 5558 vero
1590 5517 1656 5558 ac
1699 5507 1976 5562 sententia

487 5704 510 5734 ί
543 5701 697 5756 i‘mv.
730 5720 848 5772 vut.
875 5706 966 5760 92.
1070 5708 1090 5738 ³
1128 5706 1291 5760 llcbr.
1327 5724 1408 5769 ιιι,
1437 5707 1490 5760 Ξ.
1599 5708 1619 5739 ³
1648 5707 1784 5763 Joan
1819 5729 1858 5774 ι,
1887 5713 1976 5770 ΞΠ.

405 5764 421 5795 ⁷
449 5774 579 5830 Cor.
617 5769 936 5848 προστασίᾳ.
1011 5777 1032 5808 ⁸
1059 5776 1238 5833 Locus
1283 5764 1528 5834 defectus
1553 5778 1761 5851 aliquot
1787 5764 1988 5853 viiii}.

2085 5042 2214 5112 τρὸς
2237 5040 2386 5108 ὄντα,
2417 5040 2512 5095 καὶ
2553 5040 2654 5094 οὐκ
2682 5038 3078 5110 ηλλοαομένον;
3115 5033 3248 5090 Εἶτα
3281 5034 3441 5098 εὐθὺς
3476 5033 3672 5105 χλευα-

2086 5130 2286 5194 στικῶς
2317 5129 2635 5201 ἁναπηδῶσι
2654 5169 2669 5194 ,
2700 5128 2948 5197 λέγοντες
2967 5145 2979 5157 ’
3018 5127 3141 5190 Πῶς
3172 5125 3394 5180 δύναται
3427 5121 3568 5178 εἶναι
3606 5126 3674 5178 ὲκ

2083 5225 2250 5290 Θεοῦ;
2310 5221 2683 5295 Ἐρωτώμενοι
2722 5221 2801 5284 δὲ,
2833 5223 2916 5276 ὃτι
2949 5221 3064 5274 Οὐκ
3107 5219 3253 5273 ἐστιν
3287 5217 3443 5284 ride;
3473 5217 3535 5271 τὸ
3571 5217 3672 5288 μὲν

2085 5316 2212 5380 Υἱὸς
2231 5316 2456 5385 ὀνόματι
2494 5313 2846 5385 ὁμολογοῦσι,
2875 5315 2941 5384 τῇ
2973 5312 3029 5366 δὲ
3071 5311 3295 5383 δυνάμει
3327 5313 3422 5364 καὶ
3459 5308 3672 5380 διανοίᾳ

2083 5407 2391 5478 ἀρνοῦνται,
2420 5405 2574 5459 νόθον
2603 5405 2761 5458 αὐτὸν
2788 5405 3102 5460 παντάπασι
3127 5403 3436 5474 βουλόμενοι
3460 5401 3667 5470 λέγειν,

2083 5501 2180 5554 καὶ
2206 5499 2307 5553 οὐκ
2331 5497 2608 5570 ἀληθινόν.
2639 5498 2704 5552 Et
2729 5498 2861 5570 γὰρ,
2905 5497 3090 5567 φασὶν,
3124 5497 3190 5549 ἐκ
3225 5494 3360 5549 Θεοῦ
3393 5495 3548 5558 ἐστι,
3571 5491 3669 5546 καὶ

2085 5722 2105 5752 ⁸
2144 5722 2266 5776 Act.
2301 5736 2374 5787 ιι,
2416 5719 2508 5775 56.
2618 5718 2640 5750 ⁵
2665 5714 2810 5772 Psal.
2858 5727 3027 5780 vatt,
3059 5711 3114 5766 2.
3217 5711 3239 5743 ⁸
3266 5706 3454 5763 Matth.
3488 5721 3543 5772 ι,
3571 5701 3660 5758 56.
