3994 6226
413 385 523 442 29.7

1794 381 1856 439 S.
1897 379 2235 436 EPII’HANII

3563 371 3667 427 2'28

411 502 590 575 magis
617 503 720 560 erit
742 504 858 574 ipse
891 501 1050 568 liber,
1081 507 1274 572 utpote
1333 498 1427 570 qui
1464 497 1532 554 sit
1585 499 1812 578 veritas,
1847 513 2054 569 eosque
2105 498 2159 552 in
2208 495 2512 551 libertatem
2552 508 2618 550 ex
2669 490 2930 549 servitute
2966 487 3224 554 vindicet,
3272 487 3366 558 qui
3417 485 3522 541 sibi
3574 484 3676 553 ipsi

417 610 624 650 morem
667 596 898 667 gerant?
954 595 1226 663 Quoniam
1278 595 1464 649 omnia
1509 602 1618 648 tam
1671 594 1776 666 ipsi
1829 610 1994 665 quam
2033 593 2155 664 ejus
2188 591 2356 656 Patri,
2390 589 2618 662 Spiritui
2651 595 2842 645 saneto
2870 587 3136 643 serviunt.

489 682 648 738 XVII.
691 685 800 742 Sed
832 687 965 741 illud
1012 686 1276 755 objiciunt
1311 703 1324 738 :
1359 685 1646 750 Quomodo
1690 701 1748 740 se
1792 685 1990 739 infudit

2163 687 2262 739 lZ'.
2317 679 2448 738 Εἶτα
2501 683 2663 736 πάλιν
2709 682 2965 749 λέγουσι’
3021 677 3144 738 Πῶς
3201 673 3534 743 ἐνεδήμησεν
3598 669 3724 734 είς-

416 776 472 830 Ιιι
505 791 749 842 carnem,
785 779 832 834 si
859 795 926 834 es
963 777 1145 833 Patris
1190 780 1428 832 essentia
1463 776 1773 848 processit?
1807 774 1996 829 Dieant

416 876 471 920 et
519 866 625 937 ipsi
659 883 762 922 cur
793 869 992 939 angeli,
1026 867 1119 936 qui
1167 867 1339 937 ipsius
1390 869 1533 923 servi
1577 877 1726 930 sunt,
1777 880 1996 920 carnem

419 956 646 1013 minime
693 957 1074 1027 susceperint?
1109 973 1210 1011 cur
1245 973 1343 1012 nec
1378 957 1712 1027 archangeli,
1747 969 1846 1010 nec
1889 970 2000 1010 cm-

419 1048 587 1103 lestes
624 1050 920 1110 exercitus,
955 1063 1054 1102 nec
1098 1049 1293 1119 reliqui
1334 1065 1526 1104 oumes
1558 1047 1823 1119 spiritus?
1857 1046 1997 1113 Quid

419 1138 569 1208 quod
598 1145 652 1191 et
681 1139 717 1192 ii
757 1154 844 1193 em
886 1139 1200 1194 inferiorem
1227 1154 1350 1194 esse
1389 1137 1528 1193 Filio
1563 1139 1824 1208 Spiritum
1853 1138 1998 1191 attir-

423 1238 597 1293 mant,
643 1238 698 1284 et
750 1231 978 1286 alterius
1025 1238 1356 1292 creaturam,
1409 1245 1602 1300 nempe
1636 1227 1840 1283 Verbi?
1889 1227 1999 1282 Cur

411 1335 533 1376 non
568 1320 732 1392 igitur
773 1313 998 1377 carnem
1047 1321 1284 1393 Spiritus
1342 1321 1538 1385 induit,
1587 1336 1712 1376 cum
1762 1335 1828 1375 ex
1885 1319 1997 1374 Arii

421 1413 693 1468 sententia
725 1413 897 1467 multo
925 1413 1096 1484 magis
1123 1413 1213 1468 sit
1241 1412 1386 1466 illius
1417 1411 1730 1494 qtlatn'Filti
1763 1425 1999 1482 persuna

423 1502 746 1557 mutabilis?
775 1499 1253 1557 Verumenimvero
1283 1501 1431 1572 quod
1464 1502 1552 1556 ille
1581 1502 1850 1572 sapientia
1894 1499 2000 1554 Pa-

423 1595 526 1648 tris
556 1602 724 1658 esset,
753 1603 966 1650 suamet
996 1595 1172 1664 ipsius
1207 1595 1542 1664 perfectione
1572 1594 1999 1650 imbecillitatem

425 1692 672 1738 nostram
705 1683 989 1753 suscipere
1017 1684 1208 1748 voluit,
1236 1692 1297 1737 ut
1339 1684 1501 1752 hujus
1540 1683 1729 1738 mundi
1758 1683 1909 1738 salus
1937 1683 2001 1737 il—

425 1775 535 1831 lius
564 1775 826 1831 beneﬁcio
857 1784 1290 1846 compararetur.
1325 1775 1394 1828 At
1442 1775 1518 1829 illi
1573 1776 1715 1830 bona
1761 1775 1815 1829 in
1860 1775 2001 1829 mala

426 1874 850 1931 comminantes,
901 1866 1147 1937 ingratos
1181 1882 1303 1921 sese
1341 1867 1604 1936 praebent,
1650 1866 1786 1920 tanti
1837 1865 2002 1921 bene-

429 1956 537 2010 t‘icii
567 1957 934 2024 immemores,
987 1967 1150 2028 atque
1182 1959 1236 2011 in
1281 1956 1568 2011 Dominum
1615 1971 1774 2011 suum
1808 1965 2002 2010 contu-

2101 785 2296 851 σάρκα,
2329 778 2377 829 εί
2401 772 2468 846 ἦν
2498 776 2561 828 ἐκ
2589 774 2690 845 τῆς
2721 772 2815 827 τοῦ
2849 771 3061 842 [Ia-:96;
3087 769 3309 831 οὑσίας;
3342 767 3547 818 Εῖπωσι
3579 765 3671 816 τοί-

2097 888 2191 923 νυν
2217 871 2370 940 ήμίν,
2402 867 2521 930 πῶς
2561 866 2781 934 ἄγγελοι
2814 865 2992 936 σάρκα
3021 863 3120 916 οὑκ
3150 859 3361 923 ἔλαϐον,
3385 857 3538 918 ὅντες
3562 853 3678 908 δοῦ-

2097 960 2178 1014 λοι
2209 959 2405 1024 αὐτοῦς
2438 945 2554 1022 πῶς
2591 955 2920 1029 ἀρχάγγελοι
2947 973 2961 1020 ;
2995 954 3112 1016 πῶς
3148 949 3432 1020 στρατιαί;
3461 947 3580 1010 πῶς
3611 945 3680 998 τὰ

2098 1052 2234 1108 ἄλλα
2265 1053 2438 1106 πάντα
2465 1050 2533 1104 τά
2562 1047 2941 1120 πνευματικά;
2985 1045 3143 1098 Ἀλλὰ
3173 1045 3266 1098 καὶ
3291 1037 3680 1110 ὑποδεέστερόν

2100 1157 2264 1210 φασιν
2308 1135 2446 1192 εἶναι
2497 1139 2548 1191 οἱ
2601 1136 2833 1190 τοιοῦτοι
2886 1135 2947 1189 τὸ
3007 1133 3254 1204 Πνεῦμα,
3323 1132 3416 1185 καὶ
3475 1130 3684 1198 κτίσμα

2100 1232 2414 1302 κτίσματος,
2446 1231 2520 1294 ὡς
2539 1229 2704 1285 αὑτοῦ
2727 1229 2822 1282 τοῦ
2853 1229 3050 1296 Λόγου.
3080 1226 3202 1288 Πῶς
3231 1221 3323 1278 οὖν
3364 1223 3424 1276 τὸ
3460 1219 3683 1290 Πνεῦμα

2099 1323 2197 1376 οὑκ
2220 1321 2378 1375 ἔλαϐε
2402 1322 2598 1392 σάρκα,
2628 1320 2924 1392 δυνάμενον
2951 1319 3093 1389 ἔχειν
3129 1316 3419 1389 πρὸσωπον
3447 1311 3686 1384 τρεπτὺν

2102 1413 2240 1483 ὑπὲρ
2273 1411 2365 1464 τὸν
2406 1411 2554 1474 Υίδν,
2588 1411 2730 1463 κατὰ
2763 1410 2856 1463 τὸν
2885 1407 3048 1462 αὑτοῦ
3081 1407 3270 1476 λόγον;
3324 1404 3460 1457 Ἀλλ’
3496 1401 3684 1470 ἐπειδὴ

2103 1503 2260 1572 σοφία
2303 1499 2372 1576 ἦν
2407 1503 2502 1557 τοῦ
2539 1503 2773 1574 Πατρὸς,
2820 1501 3089 1572 ηὑδόκησε
3117 1498 3184 1552 δι’
3229 1495 3419 1550 ἑαυτοῦ
3465 1495 3563 1564 τῆς
3601 1509 3684 1544 τε·

2099 1595 2372 1667 λειότητος
2396 1595 2485 1647 κτδ
2523 1593 2792 1666 ἡμέτερον
2831 1591 3055 1654 ἀσθενὲς
3106 1587 3394 1643 ἀναλαϐεῖν
3418 1627 3432 1650 ,
3473 1587 3563 1639 ἵνα
3615 1584 3682 1636 δι’

2101 1687 2295 1742 ἑαυτοῦ
2321 1689 2470 1741 πᾶσα
2489 1687 2731 1758 σωτηρία
2751 1683 2828 1756 τῷ
2846 1685 3035 1755 κόσμῳ
3057 1681 3301 1751 γένηται.
3325 1681 3367 1731 Τ
3371 1679 3406 1732 ά
3424 1678 3480 1730 δὲ
3501 1675 3686 1744 ἀγαθὰ

2101 1781 2184 1844 είς
2226 1779 2372 1833 κακὰ
2424 1779 2856 1850 μετατρέποντος
2909 1771 3329 1846 ἀχαριστοῦσιν,
3375 1772 3684 1841 ἀχάριστοι,

2063 1895 2066 1898 ’
2103 1873 2199 1926 καὶ
2251 1871 2600 1942 ἀγνώμονες,
2649 1872 2745 1922 καὶ
2781 1867 3055 1923 Δεσπότου
3098 1865 3226 1919 ίδίου
3270 1863 3553 1935 ὑϐρισταὶ,
3591 1863 3689 1914 καὶ

2109 1964 2438 2036 βλάσφημοι.
2479 1962 2560 2014 Τὰ
2598 1960 2654 2013 δὲ
2693 1959 2828 2014 ἄλλα
2870 1957 3055 2011 λοιπὸν
3091 1959 3191 2010 ὅσα
3213 1956 3488 2024 λέγοντες,
3519 1953 3689 2022 ἠλατ-

427 2052 638 2107 meliosi
679 2052 896 2121 penitus
924 2057 978 2105 et
1010 2025 1216 2119 injurii.
1267 2049 1468 2104 Eodem
1504 2049 1666 2104 modo
1711 2056 1763 2103 et
1812 2049 1866 2101 in
1899 2063 2006 2102 cae-

2115 2054 2370 2125 τωμένως
2398 2055 2672 2124 φρονοῦσι.
2697 2051 2821 2114 Πῶς
2849 2049 2906 2104 δὲ
2935 2049 3253 2112 ἐπείνασεν,
3283 2049 3331 2099 εί
3355 2041 3424 2116 ἦν
3461 2045 3560 2113 τῆς
3592 2042 3688 2096 τοῦ

427 2143 564 2201 teris
596 2144 670 2196 ita
699 2142 768 2198 de
797 2157 862 2198 eo
893 2142 1156 2203 sentiunt,
1188 2151 1248 2196 ut
1281 2141 1521 2196 divinam
1567 2139 1619 2193 in
1665 2154 1730 2193 eo
1773 2139 2009 2208 dignita—

428 2241 540 2288 tem
585 2233 931 2288 imminuant.
966 2233 1222 2299 Quinam,
1279 2232 1554 2301 inquiunt,
1605 2229 1819 2294 esuriit,
1864 2230 1908 2283 si
1943 2246 2008 2284 ex

428 2323 612 2379 Patris
648 2327 888 2380 essentia
932 2325 1174 2395 prodiit?
1221 2322 1293 2379 De
1345 2323 1456 2378 Deo
1503 2337 1704 2392 quippe
1739 2323 2002 2390 scriptum

428 2424 517 2472 est
548 2435 561 2471 :
599 2415 719 2470 Non
760 2417 973 2480 esuriat,
1026 2431 1186 2486 neque
1215 2402 1394 2480 sitiet;
1429 2429 1590 2483 neque
1617 2423 1691 2467 est
1737 2413 2014 2481 investiga-

431 2510 508 2564 tio
541 2511 814 2578 sapientia:
851 2510 1000 2563 illius
1036 2510 1076 2561 ⁸.
1113 2507 1214 2562 llic
1258 2519 1439 2562 autem
1479 2518 1532 2561 et
1563 2507 1778 2567 esuriit,
1808 2513 1861 2558 rt
1894 2505 2015 2558 siti-

428 2601 529 2656 vit.
577 2599 817 2670 Fatigari
869 2599 1068 2654 deinde
1113 2614 1180 2654 ex
1227 2599 1442 2661 itinere,
1491 2605 1584 2650 aut
1638 2596 1828 2651 sedere
1877 2611 2014 2664 quo-

435 2688 600 2743 modo
626 2687 802 2757 potuit
845 2701 968 2740 cum
1015 2685 1279 2755 scriptum
1334 2685 1406 2740 sit
1441 2706 1453 2740 :
1488 2684 1625 2738 Deus
1668 2700 1769 2737 non
1798 2683 2013 2736 labora--

434 2778 509 2834 bit
530 2779 585 2833 ‘1’
607 2778 719 2833 Cur
749 2791 880 2832 vero
912 2777 1029 2847 ipse
1053 2777 1217 2830 dixit:
1257 2776 1362 2842 Qui
1394 2778 1534 2831 misit
1563 2793 1640 2830 me
1655 2776 1815 2830 Pater
1843 2777 2016 2840 major

439 2885 522 2925 me
540 2880 618 2924 est
638 2872 657 2901 ³
679 2869 872 2924 ?Alius
903 2879 982 2925 est
1012 2868 1155 2925 enim
1172 2868 1265 2940 qui
1296 2868 1480 2930 mittit,
1497 2867 1634 2922 alius
1652 2869 1741 2939 qui
1761 2871 2012 2924 mittitur.

425 2961 555 3016 .Nec
605 2961 898 3016 obscurum
927 2972 1012 3015 est
1049 2957 1267 3014 Patrem
1299 2974 1407 3013 non
1444 2975 1567 3014 esse
1597 2957 1815 3024 Filium,
1844 2977 2016 3032 inerme

438 3051 636 3107 Filium
679 3069 802 3108 esse
848 3052 1086 3107 Patrem.
1139 3051 1256 3106 Non
1303 3051 1448 3108 enim
1489 3053 1744 3108 assentiri
1780 3051 2018 3109 Sabellio

436 3162 753 3215 possumus,
777 3145 869 3216 qui
901 3144 1096 3198 Filium
1121 3143 1336 3199 Patrem
1361 3144 1517 3214 quasi
1546 3160 1713 3198 unum
1737 3145 2018 3200 eumdem-

434 3250 542 3304 que
569 3234 873 3288 constituit.
910 3233 1128 3303 Alioqui
1159 3248 1266 3287 non
1307 3233 1514 3289 diceret
1549 3252 1562 3288 :
1601 3235 1756 3290 Alius
1793 3245 1896 3301 est,
1922 3235 2016 3306 qui

436 3322 588 3377 misit
634 3338 740 3376 me.
775 3322 840 3375 Et
874 3340 888 3376 :
936 3321 1082 3376 Vada
1125 3323 1192 3375 ad
1228 3322 1394 3377 Deum
1442 3340 1631 3389 meum,
1655 3334 1704 3379 et
1744 3326 1908 3380 Deum
1940 3345 2019 3382 re-

435 3423 608 3469 strum
632 3431 652 3479 ;
695 3415 915 3469 Patrem
958 3433 1127 3469 meum
1160 3424 1208 3469 et
1235 3415 1449 3469 Patrem
1491 3427 1715 3471 vestrum
1742 3419 1780 3470 ⁸.
1831 3420 2020 3490 Neque

439 3519 570 3560 vero
607 3521 672 3559 ex
708 3505 894 3560 divina
927 3508 1165 3561 essentia
1211 3509 1533 3563 naturaliter
1564 3509 1732 3579 geniti
1769 3519 1898 3566 sunt
1943 3511 2021 3567 di-

441 3595 659 3664 sciputi.
694 3595 760 3649 Et
790 3595 858 3651 iis
889 3605 1066 3652 tamen
1097 3597 1232 3652 dixit
1261 3617 1274 3652 :
1315 3599 1526 3652 Patrem
1560 3610 1808 3658 vestrum.

511 3685 714 3741 Verum
747 3687 840 3756 qui
875 3688 976 3742 ista
1015 3688 1269 3758 jactitaut
1302 3689 1632 3746 intolerabili
1660 3693 1895 3762 quodam
1937 3695 2024 3750 fu—

441 3793 567 3832 rore
601 3788 651 3832 et
705 3779 946 3833 amentia
1000 3779 1270 3834 feruntur.
1303 3781 1514 3835 Etenim
1557 3783 1603 3838 si
1653 3784 1769 3838 solo
1803 3787 2023 3844 nomine

442 3870 807 3935 dicitur,‘nec
854 3880 1052 3926 natura
1090 3871 1261 3928 Filius
1290 3882 1396 3940 est,
1437 3877 1790 3944 quantumvis
1839 3877 2021 3949 digni-

442 3968 554 4015 tate
610 3969 870 4032 superet,
930 3962 1066 4016 nihil
1121 3964 1190 4017 ab
1245 3965 1578 4034 reliquarum
1643 3975 2020 4022 creaturarum

445 4052 766 4108 conditione
791 4053 982 4110 distat.
1017 4054 1151 4108 Nam
1181 4063 1236 4110 et
1264 4071 1357 4110 rex
1394 4057 1518 4111 licet
1542 4057 1697 4128 7&1
1725 4059 2018 4128 praefectis,

440 4158 505 4200 ac
554 4145 785 4199 militum
842 4145 1122 4216 magistris
1197 4149 1520 4210 antecellat,
1571 4161 1679 4202 non
1747 4149 1870 4206 ideo
1911 4167 2021 4207 non

439 4234 685 4304 ejusdem
727 4244 814 4292 est
845 4238 1006 4308 cujus
1037 4237 1218 4293 caeteri
1266 4239 1620 4305 conditionis,
1652 4248 1746 4294 aut
1776 4256 1886 4296 non
1929 4257 2023 4296 ea-

441 4325 566 4379 dem
617 4340 742 4379 cum
795 4325 904 4382 illis
952 4327 1215 4382 servitute
1264 4329 1610 4394 continetur,
1650 4338 1907 4400 tanquam
1954 4346 2022 4386 ex

441 4416 632 4471 eadem
660 4418 939 4473 creatione
985 4418 1286 4482 derivatus,
1317 4428 1372 4476 et
1425 4421 1674 4477 mortalis
1708 4437 1817 4476 non
1863 4439 2022 4479 secus

442 4521 508 4560 ac
536 4505 627 4574 qui
664 4507 769 4560 sibi
801 4508 1034 4576 subjecti
1067 4517 1217 4564 sunt.
1265 4509 1529 4567 Similiter
1560 4528 1626 4567 ex
1660 4528 1726 4569 eo
1751 4515 1900 4584 quod
1935 4517 2018 4571 sol

443 4605 542 4650 aut
579 4597 705 4650 luna
764 4599 1037 4654 sideribus
1068 4608 1328 4670 praestant
1371 4603 1619 4673 reliquis,
1658 4620 1768 4660 non
1814 4606 2020 4663 idcirco

2113 2147 2325 2219 Πατρὸς
2357 2147 2574 2209 οὑσίας;
2608 2145 2743 2217 Περὶ
2780 2143 2889 2214 γὰρ
2927 2141 3021 2196 τοῦ
3061 2140 3194 2194 Θεοῦ
3232 2140 3570 2209 γέγραπται’
3605 2137 3690 2189 Οὐ

2112 2239 2405 2304 πεινάσει,
2457 2237 2598 2291 οὐδὲ
2636 2235 2882 2305 διψήσει
2907 2251 2921 2265 ·
2974 2235 3112 2287 οὔτε
3162 2231 3334 2285 ἐστιν
3377 2229 3692 2296 ἐξεύρεσις

2112 2329 2224 2399 τῆς
2251 2329 2603 2400 φρονήσεως
2634 2326 2844 2382 αὑτοῦ.
2882 2320 3048 2388 Οὗτος
3073 2324 3129 2376 δὲ
3160 2323 3252 2376 καὶ
3274 2321 3530 2373 ὲπείνασε
3551 2358 3565 2382 ,
3595 2319 3691 2371 καὶ

2114 2421 2354 2490 ἐδίψησε.
2399 2420 2523 2484 Πῶς
2552 2420 2829 2490 κέκμηκεν
2857 2418 2922 2470 ὲκ
2946 2416 3044 2486 τῆς
3065 2413 3388 2486 ὁδοιπορίας,
3421 2413 3514 2464 καὶ
3555 2409 3688 2462 ἐκά-

2114 2511 2252 2575 θισε,
2289 2513 2384 2565 καὶ
2415 2513 2498 2565 ὃτι
2529 2515 2562 2565 ὁ
2592 2510 2735 2574 Θεὸς
2767 2510 2837 2562 οὐ
2869 2507 3138 2562 recalcitrat
3166 2523 3183 2570 ,'
3225 2503 3346 2567 Πῶς
3381 2502 3460 2565 δὲ,
3498 2501 3688 2569 φησιν,

2114 2597 2286 2669 εἶπεν,
2334 2603 2387 2654 '0
2420 2601 2790 2666 ἀποστείλας
2828 2615 2904 2670 με
2944 2598 3147 2666 Πατήρ
3187 2613 3304 2665 μου
3335 2591 3550 2663 μείζων
3568 2589 3690 2658 μού

2113 2696 2319 2758 ἐστιν;
2361 2694 2552 2757 Ἀλλος
2588 2693 2696 2764 γὰρ
2729 2695 2757 2746 ὁ
2799 2691 3175 2754 ἀποστέλλων,
3210 2686 3365 2748 ἄλλος
3406 2683 3463 2736 δὲ
3495 2684 3524 2735 6
3561 2683 3694 2734 ἀπο-

2117 2787 2487 2858 στελλόμενος.
2533 2787 2644 2840 Καὶ⁸
2693 2785 2885 2855 δῆλον,
2915 2785 2996 2836 ὅτι
3033 2780 3281 2851 ὁηιῖατὴί.
3331 2778 3424 2832 οὑκ
3479 2776 3625 2828 ἔστιν
3661 2777 3691 2826 ὀ
3764 2828 3779 2842 _

2118 2878 2269 2942 Υἱὸς,
2313 2879 2404 2932 καὶ
2443 2878 2471 2928 6
2506 2878 2632 2940 Υἱὸς
2676 2877 2776 2929 οὑκ
2818 2875 2963 2928 ἐστιν
2996 2876 3026 2926 6
3063 2874 3268 2943 Πατήρ.
3301 2871 3374 2923 Οὑ
3409 2869 3518 2938 γάρ
3548 2866 3693 2920 κατὰ

2117 2971 2210 3024 τὸν
2229 2968 2514 3022 Σαϐέλλιον
2543 2971 2704 3039 ἡμεῖς
2733 2967 2963 3037 λέγομεν
2982 3007 2997 3031 ,
3026 2965 3116 3018 τὸν
3142 2964 3365 3032 λέγοντα
3391 2960 3692 3029 υίοπάτορα

2118 3058 2258 3115 εἶναι
2282 3063 2325 3115 ⁵.
2354 3062 2416 3114 Ei
2447 3059 2522 3130 μὴ
2545 3059 2655 3131 γάρ
2689 3054 2862 3122 εἶπεν,
2889 3058 2971 3111 ὅτι
2996 3057 3183 3119 Ἀλλος
3203 3056 3348 3108 ἐστὶν
3372 3056 3400 3107 6
3438 3052 3694 3106 ἀποστεί-

2117 3152 2215 3215 λας
2259 3168 2346 3220 με·
2380 3150 2504 3214 καὶ,
2545 3149 2888 3218 Ἀπέρχομαι
2923 3147 3073 3216 πρὸς
3113 3146 3218 3200 τὸν
3248 3145 3394 3198 Θεόν
3424 3162 3546 3213 μου
3594 3143 3692 3195 καί

2121 3246 2272 3300 Θεὸν
2313 3243 2499 3312 ὑμῶν,
2549 3241 2698 3310 πρὸς
2744 3240 2851 3294 τὸν
2884 3240 3114 3308 Πατέρα
3147 3257 3266 3308 μου
3320 3237 3419 3290 καὶ
3464 3234 3695 3302 Πατέρα

2046 3369 2091 3430 C
2122 3334 2317 3404 ὑμῶν,
2351 3331 2489 3387 εἷπε.
2524 3335 2633 3386 Καὶ
2659 3333 2758 3386 οὑκ
2797 3334 2860 3385 ὲκ
2882 3332 2981 3399 τῆς
3015 3331 3108 3384 τοῦ
3137 3330 3272 3384 Θεοῦ
3301 3330 3488 3393 οὐσίας
3515 3331 3562 3381 oi
3593 3346 3699 3399 μα-

2124 3426 2284 3497 θηταὶ
2317 3425 2457 3479 κατὰ
2489 3424 2649 3492 φύσιν
2689 3424 3074 3496 ἐγεννήθησαν.
3123 3424 3234 3476 Καὶ
3258 3423 3444 3491 ἔλεγεν
3487 3423 3695 3486 αὑτοῖς,

2121 3515 2352 3587 Πατέρα
2380 3517 2565 3587 ὑμῶν.

2193 3697 2367 3768 Πολλὴ
2391 3698 2447 3750 δὲ
2477 3695 2866 3768 φρενοϐλάϐεια
2902 3693 3011 3748 τῶν
3038 3692 3106 3748 τά
3147 3690 3371 3746 τοιαῦτα
3401 3691 3692 3760 λεγόντων.

2125 3791 2186 3844 Εί
2211 3789 2320 3861 γὰρ
2349 3789 2572 3859 ὀνόματι
2619 3787 3089 3859 μόνον-καλεῖται,
3130 3785 3225 3838 καὶ
3264 3786 3364 3838 οὑκ
3394 3784 3511 3838 ἔστι
3555 3786 3700 3838 κατὰ

2124 3880 2311 3950 φύσιν,
2337 3879 2487 3932 οὐδὲν
2511 3878 2752 3948 διαφέρει
2781 3877 2886 3930 τῶν
2921 3875 3093 3930 ἄλλων
3121 3875 3334 3929 πάντων
3360 3875 3699 3944 κτισμάτων,

2123 3972 2225 4026 κᾶν
2267 3989 2326 4024 τε
2366 3973 2422 4023 ἐν
2457 3971 2695 4041 ὑπεροχῇ
2733 3968 3042 4039 ἀξιώματος
3084 3968 3336 4038 ὑπάρχει.
3370 3967 3444 4019 Οὑ
3477 3966 3584 4035 γὰρ
3615 3967 3703 4018 ὅτι

2123 4064 2152 4116 6
2181 4063 2431 4134 βασιλεὺς
2467 4061 2722 4132 ὑπερέχει
2755 4061 2864 4114 τῶν
2891 4062 3145 4132 ἐπάρχων
3173 4063 3266 4115 καὶ
3293 4060 3700 4130 στρατηλατῶν,

2121 4155 2184 4209 οὑ
2211 4154 2362 4225 παρὰ
2395 4154 2552 4208 τοῦτο
2575 4154 2673 4206 οὑκ
2700 4153 2846 4206 ἔστιν
2876 4152 3206 4225 ὁμοιοπαθὴς
3232 4153 3340 4206 τῶν
3378 4153 3574 4216 ἄλλων,
3607 4154 3705 4206 καὶ

2125 4244 2406 4308 σύνδουλος
2433 4243 2534 4313 τῆς
2559 4245 2726 4313 αὑτῆς
2752 4244 3000 4307 κτίσεως,
3031 4244 3220 4314 θνητός
3251 4261 3333 4308 τις
3355 4244 3431 4297 ὢν
3466 4282 3483 4308 ,
3512 4245 3704 4315 ὥσπερ

2123 4336 2218 4390 καὶ
2239 4337 2286 4388 οἱ
2319 4337 2410 4388 ὑπ’
2431 4335 2596 4388 αὑτοῦ
2623 4335 2934 4406 ἀρχόμενοι.
2964 4335 3074 4388 Καὶ
3089 4336 3184 4405 οὑχ
3204 4337 3286 4389 ὅτι
3309 4336 3339 4387 6
3358 4335 3508 4407 ἥλιος
3534 4337 3706 4406 ὑπερ-

2124 4429 2236 4500 έχει
2281 4428 2390 4481 τῶν
2418 4427 2592 4480 ἄλλων
2626 4428 2841 4498 ἄστρων
2860 4466 2876 4490 ,
2907 4427 3002 4480 καὶ
3028 4429 3060 4498 ἡ
3093 4428 3285 4499 σελήνη
3320 4429 3377 4481 ὲν
3410 4427 3566 4499 μέρει
3590 4467 3605 4491 ,
3636 4429 3705 4481 οὑ

2124 4519 2276 4591 παρὰ
2305 4518 2464 4573 τοῦτο
2494 4519 2594 4572 οὑκ
2619 4517 2756 4570 εἰσὶν
2785 4518 3198 4589 ὑποτεταγμένα
3233 4522 3490 4590 στοιχεῖα,
3516 4521 3608 4574 καὶ
3631 4524 3702 4589 τῇ

2129 4611 2222 4664 τοῦ
2261 4611 2380 4674 ἑνὸς
2425 4608 2665 4675 διατάξει
2693 4609 3024 4680 δημιουργοῦ
3057 4626 3118 4661 τε
3159 4609 3253 4662 καὶ
3305 4610 3557 4674 κτίστου,
3599 4613 3708 4663 Πα-

442 4685 681 4739 obnoxia
706 4701 829 4741 esse
844 4687 1124 4742 ‘elementa
1153 4689 1430 4754 desinunt,
1449 4701 1502 4746 et
1529 4693 1691 4748 unius
1719 4695 2013 4752 conditoris

2121 4701 2269 4773 τρὸς,
2299 4702 2394 4755 καὶ
2418 4700 2570 4764 Υίοῦ,
2595 4701 2689 4754 καὶ
2713 4701 2868 4769 ἁγίου
2888 4699 3026 4753 Πνεύ
3036 4717 3223 4770 ματος.
3251 4700 3564 4756 ὑπείκοντα.
3592 4704 3709 4757 Καὶ

441 4785 499 4831 et
529 4775 774 4840 artiﬁcis,
804 4775 1000 4840 Patris,
1022 4793 1084 4831 ac
1126 4777 1249 4833 Filii
1293 4788 1346 4833 et
1387 4781 1625 4851 Spiritus
1671 4785 1872 4850 sancti,
1908 4802 2026 4842 mo-

444 4866 727 4923 deratione
757 4869 1022 4940 subjecta.
1053 4869 1240 4941 Neque
1268 4871 1414 4942 quod
1446 4875 1621 4944 angeli
1651 4876 1816 4932 rebus
1843 4882 2022 4933 omni-

445 4957 551 5014 bus
569 4951 1024 5028 aspectabilibus,
1049 4963 1294 5033 adeoque
1319 4965 1520 5021 creatis
1541 4968 1800 5025 omnibus
1831 4971 2025 5027 ordine

446 5064 512 5106 ac
559 5051 830 5121 dignitate
882 5055 1294 5122 praestantiores
1342 5064 1492 5122 sunt,
1545 5066 1732 5129 utpote
1779 5063 1874 5131 qui
1922 5065 2026 5120 sub

446 5149 725 5212 aspectum
757 5143 955 5199 cadere
986 5153 1282 5215 nequeant,
1313 5154 1369 5203 et
1397 5149 1632 5218 primum
1675 5151 1857 5207 cultus
1897 5169 2024 5225 erga

444 5229 690 5286 divinum
721 5247 946 5297 numen,
977 5242 1033 5290 et
1081 5234 1331 5304 obsequii
1367 5238 1545 5292 locum
1593 5255 1657 5293 ac
1702 5239 2022 5311 dignitatem

445 5321 760 5390 obtineant;
790 5340 951 5396 quem
982 5327 1205 5383 assidue
1233 5328 1450 5399 hymnis
1495 5345 1560 5384 ac
1601 5331 1850 5389 laudibus
1877 5337 2024 5390 cele-

446 5410 640 5480 brant;
675 5429 707 5468 e
749 5430 859 5485 quo
903 5424 957 5470 et
1002 5416 1340 5476 immortales
1366 5436 1474 5476 non
1504 5431 1700 5478 natura
1745 5435 1892 5494 sunt,
1926 5428 2022 5484 sed

445 5503 617 5574 gratia
662 5507 869 5562 conditi
902 5508 971 5562 ab
1001 5523 1066 5564 eo
1093 5510 1186 5580 qui
1222 5510 1547 5571 immortalis
1572 5526 1681 5584 est,
1721 5526 1780 5574 et
1801 5519 1856 5574 in
1902 5535 2026 5576 sese

525 5656 540 5686 ⁸
575 5654 679 5710 lsa.
708 5657 910 5725 XL,‘28.
988 5663 1008 5692 ²
1032 5660 1164 5718 ibid.
1234 5663 1256 5695 ³
1291 5661 1448 5722 Joan.
1481 5685 1595 5735 xw,
1623 5668 1716 5730 28.

2131 4791 2228 4861 οὐχ
2257 4792 2338 4844 ὅτι
2371 4791 2590 4860 ἄγγελοι
2624 4792 2926 4862 ὑπάρχουσι
2961 4791 3074 4862 (89)
3113 4789 3222 4844 τῶν
3250 4795 3458 4863 ὁρατῶν
3481 4833 3496 4858 ,
3523 4797 3618 4848 καὶ
3645 4799 3708 4849 ὲν

2130 4881 2416 4948 τάξειτῶν
2443 4883 2639 4949 ἄλλων,
2675 4882 2891 4954 μείζους
2917 4883 3132 4937 πάντων
3165 4885 3322 4949 εἰσὶν,
3353 4878 3439 4938 οἷα
3458 4886 3522 4957 δὴ
3549 4888 3709 4957 ἀόρα-

2129 4991 2213 5028 τοι
2254 4975 2583 5039 κτισθέντες,
2620 4977 2715 5040 κα),
2743 4975 2806 5028 τὸ
2844 4975 3060 5047 πρῶτον
3105 4977 3275 5048 γέρας
3307 4979 3408 5049 τῆς
3445 4979 3537 5031 τοῦ
3569 4979 3708 5032 Θεοῦ

2133 5066 2428 5138 θεραπείας
2457 5069 2939 5140 άποκαρποὺμενοι
2969 5070 3026 5122 ὲν
3062 5071 3250 5141 ὑμνοις
3281 5071 3584 5142 διηνεκέσιο
3615 5075 3710 5127 καὶ

2132 5159 2388 5214 ἀθάνατοι
2435 5160 2576 5214 κατὰ
2614 5162 2772 5231 χάριν
2800 5161 2890 5214 ὑπ’
2929 5163 3093 5216 αὑτοῦ
3133 5164 3464 5229 κτισθέντες,
3499 5167 3594 5218 καὶ
3644 5168 3709 5219 οὐ

2132 5250 2274 5304 κατὰ
2311 5251 2506 5327 φύσιν,
2541 5251 2796 5305 ἀθάνατοί
2827 5269 2910 5316 τε,
2951 5251 3112 5323 φύσιν
3143 5253 3202 5319 ἐξ
3239 5254 3404 5307 αὑτοῦ
3435 5255 3528 5309 τοῦ
3575 5257 3708 5309 ἀθα-

2131 5341 2292 5394 νάτου
2344 5342 2438 5394 καὶ
2475 5342 2626 5405 ὄντος
2659 5344 2716 5395 ὲν
2745 5342 2923 5413 ἑαυτῷ
2963 5343 3076 5416 ζωὴ
3131 5346 3225 5398 καὶ
3256 5346 3526 5400 ἀθανασία
3575 5365 3706 5402 κατ-

2131 5431 2452 5498 αξιωθέντες
2481 5431 2764 5501 γενέσθαι,
2797 5434 2858 5486 οὑ
2893 5435 3040 5506 παρὰ
3084 5436 3242 5490 τοῦτο
3272 5439 3373 5490 οὑκ
3411 5439 3518 5492 εἰσὶ
3559 5439 3708 5509 φὸὅῳ

2131 5523 2226 5575 καὶ
2249 5523 2472 5596 τρόμῳ,
2513 5525 2607 5578 καὶ
2643 5524 2750 5579 ὑπὸ
2796 5526 3128 5596 ἀπολογίαν,
3169 5529 3263 5582 καὶ
3306 5529 3570 5594 ἐξέτασιν,
3613 5533 3708 5584 καὶ

1831 5675 1854 5704 ⁸
1880 5671 2039 5729 Joan.
2078 5688 2170 5742 xx,
2200 5677 2282 5730 l7.
2361 5679 2381 5709 ⁸
2408 5677 2650 5737 Vitiosus
2674 5681 2759 5736 hic
2793 5681 2955 5738 locus.

520 5773 632 5850 (89)
665 5779 770 5834 Καὶ
837 5781 948 5850 οὐχ
999 5782 1367 5857 (“inﬁrmior
1412 5787 1768 5860 ὑπάρχουσι.
1827 5790 2004 5847 Scrib.

2115 5794 2384 5865 ερέχουσι.
