3994 6226
296 376 407 432 2⁴Ξ9

934 371 1302 429 ADVERSUS
1341 368 1681 426 IIAillleES
1722 368 1847 424 LIB.
1892 368 1952 424 ll.
1994 365 2160 424 TOM.
2203 362 2640 421 IL-IUERES.
2688 363 2873 420 LXIX.

3442 361 3551 421 230

299 493 569 554 κέλευσιν,
607 490 701 544 καὶ
739 490 1051 562 προσταγὴν
1078 490 1175 561 τῆς
1217 489 1375 559 ἁγίας
1417 488 1667 558 θεότητος
1697 486 1874 540 δεδου-

2001 482 2084 537 ’ἰιιι
2115 484 2232 553 ipsa
2265 492 2349 538 est
2370 489 2426 538 et
2450 483 2857 544 immortalitas,
2887 478 3297 534 immortalitate
3325 477 3551 535 donati:

300 582 557 655 λωμένοι.

376 841 484 896 IH'.
522 840 711 894 Ἔνθεν
743 840 853 911 γάρ
881 840 996 893 ζεστι
1042 838 1103 893 τὸ
1135 837 1465 909 ζητούμενον
1497 838 1595 908 τῆς
1623 836 1878 907 ἀληθείας

296 931 647 1003 ἀκρίϐασμα,
682 928 772 981 τὸν
804 929 930 981 rm
967 927 1064 998 μὲν
1088 928 1289 996 λέγειν,
1324 927 1502 995 λέγειν
1528 926 1584 979 δὲ
1619 927 1711 979 καὶ
1736 925 1878 995 ἔχειν

298 1021 403 1090 οὐχ
432 1018 621 1081 ἁπλῶς
639 1017 809 1088 δνομά
825 1034 897 1081 τι,
927 1016 1063 1070 ἀλλὰ
1085 1018 1212 1070 Υίὸν
1242 1016 1385 1071 κατὰ
1419 1016 1577 1086 φύσιν
1600 1017 1747 1069 Υίόν.
1772 1016 1881 1070 Καὶ

299 1114 362 1165 ὲν
407 1111 539 1179 ἡμῖν
580 1109 690 1178 γὰρ
726 1106 911 1160 πολλοὶ
950 1105 1240 1160 καλοῦνται
1273 1106 1402 1169 υἱοὶ,
1441 1106 1514 1176 μὴ
1541 1106 1692 1168 ὄντες
1722 1104 1880 1177 ἡμῶν

300 1205 413 1256 υίοὶ
446 1190 599 1256 κατὰ
628 1200 811 1269 φύσιν.
871 1199 935 1253 Οἱ
975 1198 1032 1251 δὲ
1059 1198 1303 1269 ἀληθινοὶ
1332 1199 1438 1252 υἱοὶ
1469 1200 1517 1251 οἱ
1552 1198 1764 1268 γνήσιοι
1788 1214 1885 1249 κα-

299 1293 545 1356 λοῦνται,
584 1293 633 1345 οί
658 1290 798 1344 κατὰ
831 1290 991 1359 φύσιν
1021 1291 1110 1359 ὑφ’
1151 1290 1304 1361 ήμῶν
1331 1288 1739 1359 γεγεννημένοι.
1771 1286 1885 1341 Καὶ

237 1372 247 1380 ’
301 1390 357 1441 εί
384 1386 483 1458 μὲν
509 1380 603 1439 οὖν
621 1383 749 1446 Υίδς
780 1382 940 1453 μόνον
973 1382 1240 1445 ἐκαλεῖτο,
1261 1381 1337 1444 ὡς
1373 1380 1468 1434 καὶ
1490 1379 1693 1443 πάντες
1722 1376 1885 1449 ἐκλή-

303 1480 480 1550 θησαν
517 1478 625 1532 υίοὶ
661 1473 829 1529 Θεοῦ’
882 1474 991 1546 ἄρα
1027 1474 1176 1528 οὐδὲν
1208 1472 1512 1526 διαλλάττει
1544 1472 1652 1525 τῶν
1685 1469 1877 1524 ἄλλων.

302 1572 419 1626 Ka‘t
437 1569 555 1633 πῶς
570 1568 645 1632 ὡς
666 1568 798 1633 Θεὸς
819 1567 1232 1638 προσκυνεῖται;
1267 1564 1414 1616 Ἔδει
1433 1558 1524 1615 οὖν
1547 1562 1640 1615 καὶ
1663 1560 1730 1614 τὰ
1752 1559 1888 1614 ἄλλα

303 1661 389 1718 πά
421 1678 506 1724 τα,
540 1660 624 1728 ἐφ’
665 1658 759 1722 οὓς
790 1659 851 1712 τὸ
873 1659 1043 1729 ὄνομα
1073 1656 1173 1725 τῆς
1200 1653 1470 1717 υἱοθεσίας
1503 1651 1886 1722 ἐπικέκληται,

304 1755 429 1810 κατ’
461 1755 621 1808 αὑτὸν
655 1751 1097 1824 προσκυνεῖσθαι,
1120 1748 1307 1817 ἐπειδὴ
1333 1746 1437 1798 υίοὶ
1458 1744 1592 1797 Θεοῦ
1614 1759 1888 1816 προσαγο-

1980 591 2088 629 non
2140 583 2319 628 tamen
2353 581 2638 644 propterea
2661 588 2769 626 non
2792 578 2938 627 metu
2968 586 3032 625 ac
3057 580 3290 625 tremore
3323 570 3394 624 ita
3423 585 3554 624 con-

1980 665 2224 718 tinentur
2286 670 2378 726 ut,
2435 661 2712 731 exigenda:
2779 677 2809 715 a
2880 677 2941 717 se
2996 660 3204 715 rationi
3259 674 3323 713 ac
3359 659 3558 717 divina:

1982 754 2289 821 majestatis
2315 752 2658 823 inquisitioni
2696 751 3035 822 imperioque
3060 750 3289 821 subjecti
3322 749 3451 804 sint.

2053 844 2237 901 XVIII.
2282 844 2422 900 Hine
2466 845 2633 916 igitur
2684 853 2943 898 accurata
2994 844 3109 905 illa,
3170 844 3238 897 de
3264 857 3372 912 qua
3404 856 3554 912 quae-

1980 936 2088 989 stio
2115 944 2220 999 est,
2281 936 2524 990 veritatis
2565 932 2858 1004 repetenda
2900 932 3066 998 ratio,
3115 939 3175 985 ut
3209 945 3332 985 cum
3361 930 3554 984 Filium

1981 1030 2232 1093 dicimus,
2302 1044 2409 1083 non
2434 1028 2636 1082 nudum
2668 1042 2833 1098 penes
2875 1025 3025 1079 illum
3059 1024 3299 1079 residere
3324 1024 3560 1078 vocabu-

1984 1120 2092 1176 lum
2155 1120 2549 1181 existimemus,
2571 1118 2664 1174 sed
2694 1127 3047 1173 esse'natura
3082 1104 3303 1169 Filium:
3353 1114 3565 1183 Quippe

1995 1228 2060 1267 ex
2094 1227 2197 1267 usu
2232 1226 2450 1282 quoque
2482 1218 2674 1264 nostro
2708 1210 2998 1280 plerosque
3028 1208 3167 1262 ﬁlios
3191 1205 3563 1269 nominamus,

1984 1307 2077 1377 qui
2129 1314 2325 1360 natura
2388 1320 2730 1375 nequaquam
2791 1304 2886 1358 ﬁlii
2944 1302 3119 1360 nostri
3174 1303 3304 1358 sint.
3344 1300 3415 1355 At
3452 1301 3566 1355 veri

1991 1395 2088 1450 lilii
2127 1395 2370 1467 germani
2401 1395 2679 1457 dicuntur,
2711 1394 2806 1464 qui
2837 1392 3066 1449 naturali
3097 1408 3127 1446 a
3158 1391 3315 1446 nobis
3341 1406 3570 1461 genera-

2002 1485 2149 1539 tione
2193 1483 2480 1553 prodeunt.
2537 1482 2691 1549 Quod
2744 1482 2789 1537 si
2839 1481 3012 1536 Filius
3050 1480 3317 1534 duntaxat
3360 1493 3423 1533 ea
3473 1493 3566 1531 ra-

1987 1575 2138 1630 tione
2169 1574 2401 1629 Verbum
2434 1574 2769 1639 nominatur,
2800 1588 2907 1643 qua
2933 1574 3114 1627 caeteri
3140 1586 3330 1625 omnes
3352 1570 3445 1623 lilii
3473 1568 3566 1623 Dei

1990 1667 2167 1721 vocati
2198 1674 2348 1727 sunt,
2384 1665 2518 1719 nihil
2551 1666 2717 1735 igitur
2747 1664 2818 1719 ab
2843 1662 2966 1719 aliis
2997 1661 3352 1731 discrepabit.
3386 1658 3568 1725 Quare

1991 1773 2092 1813 cur
2128 1766 2389 1827 tanluam
2429 1757 2569 1812 Deus
2617 1755 2913 1810 adoratur?
2965 1754 3100 1809 Nam
3141 1750 3195 1809 et
3236 1753 3311 1807 illi
3352 1766 3569 1822 quoque

307 1845 579 1919 ριύονται.
628 1844 789 1899 Ἀλλά
817 1846 851 1916 ἡ
873 1842 1099 1913 ἀλήθεια
1128 1840 1229 1893 οὐκ
1252 1838 1361 1909 ἔχει
1384 1836 1578 1900 οὕτως,
1607 1826 1722 1889 ἀλλ’
1746 1830 1886 1888 οἶδεν

2001 1865 2198 1914 amnes,
2231 1849 2298 1902 ad
2330 1863 2470 1918 quos
2515 1863 2711 1902 nomen
2757 1846 2891 1901 illud
2937 1844 3246 1916 adoptionis
3288 1845 3567 1908 convenit,

305 1936 399 1989 ἀεὶ
419 1936 516 1989 ἕνα
545 1935 804 2006 μονογενῆ
838 1933 965 1986 Υίὸν
987 1930 1122 1985 Θεοῦ
1143 1946 1157 1959 ο
1196 1921 1239 1997 ᾧ
1273 1927 1469 1982 πάντα
1501 1927 1770 1994 λατρεύει
1792 1925 1888 1978 καί

306 2027 672 2097 προσκυνεῖ,
725 2025 823 2080 καί
868 2023 992 2079 πᾶν
1028 2023 1177 2093 γόνυ
1222 2021 1445 2090 κάμψει
1493 2018 1886 2086 ἐπουρανίων,

308 2120 409 2173 καί
436 2119 729 2187 ἐπιγείων,
751 2114 847 2168 καί
874 2113 1300 2183 καταχθονίων.
1322 2110 1419 2164 καὶ
1445 2108 1614 2164 πᾶσα
1641 2108 1892 2179 γλῶσσα

306 2204 843 2276 ἐξομολογήσεται,
881 2202 970 2257 ὅτι
998 2203 1209 2269 Κύριος
1265 2198 1493 2266 Ἰησοῦς
1525 2197 1777 2267 Χριστὸς
1804 2200 1891 2263 εἰς

307 2297 499 2363 δόξαν
544 2296 693 2351 Θεοῦ
727 2295 977 2363 Πατρός.
1042 2292 1180 2345 Ἀλλ’
1213 2289 1337 2345 οὔτε
1375 2290 1436 2343 τὸ
1479 2290 1631 2358 ἆγιον
1668 2289 1891 2359 Πνεῦμα

308 2388 589 2455 ἐξισοῦται
616 2391 729 2451 τοῖς
761 2388 939 2448 ἄλλοις
976 2385 1280 2455 πνεύμασιν
1299 2400 1311 2413 ⁸
1371 2382 1558 2452 ἐπειδὴ
1597 2382 1655 2435 ἓν
1685 2385 1802 2434 ἐστι
1833 2382 1893 2434 τὸ

310 2479 535 2550 Πνεῦμα
556 2478 651 2531 τοῦ
679 2477 834 2542 Θεοῦ,
854 2475 1079 2546 Πνεῦμα
1109 2478 1172 2528 ἐκ
1199 2472 1412 2544 Πατρὸς
1436 2472 1890 2542 ἐκπορευόμενον,

309 2573 409 2625 καὶ
452 2570 547 2624 τοῦ
594 2569 723 2623 Υἰοῦ
774 2569 1069 2640 λαμϐάνον.
1114 2560 1272 2619 Οὗτοι
1325 2565 1381 2618 δὲ
1432 2564 1710 2634 βούλονται
1764 2563 1895 2617 αὐτὸ

309 2659 451 2715 εἶναι
469 2662 675 2731 κτίσμα
692 2661 1009 2730 κτίσματος.
1039 2660 1174 2711 Φασὶ
1197 2658 1327 2728 γὰρ,
1342 2657 1422 2709 ὅτι
1448 2656 1624 2709 πάντα
1642 2656 1708 2707 δι’
1730 2654 1893 2708 αὐτοῦ

311 2754 529 2821 γέγονε,
559 2752 652 2805 καὶ
683 2752 851 2821 χωρὶς
879 2748 1044 2803 αὑτοῦ
1072 2748 1288 2817 ἐγένετο
1313 2747 1433 2800 οὐδὲ
1461 2747 1519 2800 ’ἐν
1540 2764 1552 2777 ο
1579 2747 1707 2817 ἄρα,
1740 2747 1892 2815 φασὶ,

316 2846 414 2900 καὶ
455 2845 517 2897 τὸ
550 2843 775 2914 Πνεῦμα
813 2845 877 2896 ἐκ
917 2841 1026 2895 τῶν
1061 2832 1379 2912 ποιημάτων
1410 2839 1675 2909 ὑπᾶρχεν
1712 2838 1897 2907 ἐπειδὴ

313 2934 514 3008 ,πάντα
534 2933 605 2987 δι’
626 2932 810 2988 αὑτοῦ
828 2932 1054 3003 γέγονε.
1074 2932 1185 2986 Καὶ
1203 2930 1486 3000 ἀγνοοῦσιν
1506 2932 1553 2983 οἱ
1579 2929 1755 3000 μάτην
1774 2930 1900 2981 εαυ-

314 3030 426 3081 τῶν
458 3029 554 3099 τὴν
589 3027 766 3097 ψυχὴν
811 3025 1195 3088 ἀπολέσαντες,
1232 3024 1313 3076 ὅτι
1350 3021 1487 3076 ἄλλα
1528 3022 1645 3073 ἐστὶ
1691 3021 1758 3073 τὰ
1786 3020 1905 3073 κτί-

320 3137 526 3190 σματα,
571 3121 666 3172 καὶ
688 3118 825 3172 ἄλλα
858 3118 928 3171 τὰ
954 3116 1149 3170 mm
1170 3118 1209 3181 ί,
1251 3114 1461 3185 Πατὴρ,
1495 3114 1589 3166 καὶ
1619 3112 1766 3177 Υἱὸς,
1807 3112 1901 3165 καὶ

1995 1940 2260 1996 adorandi
2301 1941 2448 1994 illius
2478 1939 2733 2010 opinione
2767 1936 3006 2000 fuerant,
3035 1953 3157 1992 cum
3186 1935 3277 1991 Dei
3311 1935 3405 1989 ﬁlii
3439 1950 3573 1989 nun-

2002 2040 2289 2104 cupentur.
2342 2032 2505 2102 Atqui
2548 2031 2719 2101 longe
2767 2030 2925 2085 aliter
2969 2045 3091 2086 sese
3138 2029 3344 2084 veritas
3387 2028 3569 2093 habet,

2000 2139 2121 2194 qua:
2151 2121 2482 2191 singularem
2510 2130 2562 2176 et
2595 2122 2932 2191 unigenitum
2965 2118 3059 2174 Dei
3090 2119 3283 2173 Filiutn
3309 2128 3569 2189 perpetuo

1997 2215 2269 2284 cognovit,
2313 2213 2403 2268 cui
2443 2213 2708 2275 serviunt,
2764 2227 2924 2281 quem
2970 2211 3199 2264 adorant
3242 2211 3448 2272 omnia,
3483 2209 3573 2263 tui

1999 2323 2149 2359 omne
2180 2322 2309 2376 genu
2340 2305 2579 2373 ﬂectetur
2615 2303 2928 2367 caelestium,
2978 2302 3301 2356 terrestrium
3323 2310 3371 2355 et
3406 2301 3570 2369 infer-

1999 2414 2209 2459 narum,
2243 2407 2291 2449 et
2326 2396 2493 2449 cumis
2520 2395 2702 2463 lingua
2738 2393 3089 2461 conﬁtebitur,
3117 2393 3366 2461 quoniam
3402 2390 3575 2445 Domi-

2000 2505 2095 2542 nus
2129 2486 2286 2540 Jesus
2322 2484 2562 2539 Christus
2595 2487 2648 2537 iu
2686 2483 2859 2555 gloria
2888 2492 2963 2536 est
2990 2481 3085 2536 Dei
3122 2482 3299 2536 Patris
3320 2482 3358 2535 ³.
3393 2481 3577 2551 Neque

2001 2596 2129 2634 vero
2180 2579 2417 2648 Spiritus
2456 2587 2681 2632 sant-tus
2720 2591 2843 2631 cum
2888 2576 3116 2646 reliquis
3162 2575 3447 2645 spiritibus
3473 2575 3572 2628 ad-

2000 2670 2299 2739 aujtiaitdtts
2329 2678 2433 2733 est,
2466 2685 2588 2723 cum
2643 2686 2786 2726 unus
2831 2668 2902 2722 sit
2942 2667 3031 2722 Dei
3074 2667 3310 2736 Spiritus
3343 2682 3370 2719 a
3412 2664 3573 2726 Patre

2005 2761 2304 2833 procedens
2326 2764 2367 2825 ³,
2401 2770 2453 2815 et
2486 2761 2551 2815 de
2573 2759 2708 2813 Filio
2724 2761 2997 2831 accipiens
3019 2758 3058 2813 ‘.
3096 2759 3163 2811 At
3196 2759 3281 2813 isti
3310 2766 3576 2813 creatum

2006 2855 2149 2907 hunc
2175 2865 2297 2906 esse
2326 2860 2633 2905 creaturam
2664 2860 2936 2905 asserunt.
2971 2850 3061 2903 Sic
3089 2850 3234 2903 enim
3266 2848 3533 2916 objiciunt
3559 2865 3572 2901 :

2004 2938 2140 2993 Cum
2186 2938 2367 2992 omnia
2418 2954 2513 3006 per
2565 2940 2740 3007 ipsum
2779 2938 2918 2991 facta
2960 2938 3090 2999 sint,
3125 2947 3173 2991 et
3204 2938 3322 2990 sine
3352 2938 3473 3006 ipso
3498 2936 3580 2989 fa-

2005 3039 2154 3083 ctum
2207 3028 2278 3082 sit
2326 3029 2561 3095 nihil";
2621 3044 2750 3097 ergo
2798 3029 2958 3082 etiam
3006 3026 3243 3096 Spiritus
3280 3028 3422 3080 inter
3459 3026 3578 3095 ejus

2007 3136 2168 3189 opera
2209 3119 2580 3173 numerandus
2622 3129 2704 3174 est
2728 3158 2743 3183 ,
2797 3118 2955 3190 742
3000 3120 3256 3188 quoniam
3290 3133 3380 3186 per
3413 3118 3584 3186 ipsum

319 3216 478 3283 ἅγιον
500 3213 753 3284 Πνεῦμα,
783 3207 863 3275 εἷς
888 3211 1019 3274 Θεὸς
1044 3208 1214 3280 Τριάς
1244 3210 1302 3260 ὲν
1334 3206 1581 3277 ἀληθείᾳ,
1616 3205 1708 3258 καὶ
1733 3203 1893 3273 μονὰς

2001 3208 2145 3277 facta
2201 3216 2322 3261 sunt
2373 3208 2572 3261 omnia.
2624 3205 2729 3262 Sed
2755 3208 2937 3262 miseri
2966 3207 3233 3270 homines,
3260 3206 3354 3276 qui
3386 3212 3587 3260 temere

320 3307 382 3359 ἑν
409 3304 644 3376 ἑνότητι.
695 3302 796 3356 Διὰ
836 3301 993 3354 τοῦτο
1022 3301 1149 3371 γὰρ,
1197 3301 1278 3352 ὅτι
1318 3293 1398 3361 εἷς
1435 3296 1587 3359 Θεὸς,
1615 3296 1695 3348 ὅτι
1728 3294 1787 3346 οὐ
1811 3293 1904 3346 δύο

322 3397 589 3468 Πατὲρες,
635 3394 759 3448 οὔτε
801 3394 894 3447 δύο
922 3392 1061 3456 Υἱοὶ,
1098 3390 1225 3444 οὔτε
1272 3388 1363 3441 δύο
1400 3386 1697 3457 Πνεῦματα
1740 3385 1900 3453 am-

321 3486 422 3539 καὶ
466 3484 652 3555 ἐπειδὴ
688 3483 788 3536 οῦκ
836 3481 1114 3552 ἀλλότριος
1144 3482 1170 3533 6
1198 3479 1324 3542 Υίὸς
1356 3478 1449 3531 τοῦ
1493 3476 1704 3547 Πατρός
1727 3516 1741 3538 ,
1791 3469 1905 3528 ἀλλ’

322 3576 386 3642 ἐξ
406 3575 571 3630 αὑτοῦ
593 3574 1010 3645 γεγεννημένος,
1035 3573 1128 3625 καὶ
1153 3571 1253 3624 οὐκ
1290 3568 1567 3639 ἀλλότριον
1596 3566 1656 3619 τὸ
1682 3565 1906 3635 Πνεῦμα

323 3671 386 3723 τὸ
407 3668 596 3736 ἅγιον·
649 3667 763 3721 ἀλλ’
809 3668 837 3719 6
879 3665 975 3735 μὲν
1010 3663 1135 3727 Υἱὸς
1175 3660 1469 3732 μονογενὴς
1513 3655 1908 3726 γεγεννημένος

325 3758 597 3827 άνάρχως,
628 3756 891 3827 ἀχρόνους,
919 3754 978 3807 τὸ
1006 3753 1062 3806 δὲ
1093 3753 1246 3821 ἅγιον
1272 3749 1514 3819 Πνεῦμα,
1542 3749 1617 3812 ὼς
1640 3742 1780 3799 οἶδεν
1800 3746 1907 3799 καῦ-

323 3850 417 3913 τὸς
455 3850 483 3902 6
516 3847 704 3918 Πατὴρ
748 3847 839 3899 καὶ
876 3848 903 3899 6
937 3844 1267 3912 Μονογενὴς,
1304 3841 1427 3895 οὔτε
1470 3839 1747 3909 γεννητὸν,
1782 3836 1905 3890 οὔτε

328 3938 566 4003 κτιστὸν,
609 3936 734 3990 οὔτε
780 3936 1061 4007 ἀλλότριον
1101 3935 1315 4005 Πατρὸς
1354 3934 1445 3987 καὶ
1487 3931 1639 3995 Υίοῠ,
1691 3932 1803 3983 ἀλλ’
1841 3931 1906 3981 ἐκ

328 4029 546 4099 Πατρὸς
576 4028 1028 4099 ἐκπορευόμενον,
1064 4026 1159 4080 καὶ
1185 4025 1280 4078 τοῦ
1313 4023 1444 4077 Υἱοῦ
1475 4023 1771 4093 λαμϐάνον.
1828 4021 1903 4075 Τὸ

327 4120 573 4189 Πνεῦμά
585 4138 706 4189 μου
730 4122 861 4190 γὰρ,
886 4118 1069 4189 φησὶν,
1090 4117 1424 4185 ἐφέστηκεν
1446 4113 1691 4184 ἐνμέσῳ
1713 4113 1905 4182 ὑμῶν·

2010 3300 2226 3355 animas
2276 3315 2405 3355 suas
2450 3300 2712 3369 perdunt,
2760 3299 2892 3354 illud
2940 3300 3236 3369 ignorant:
3270 3299 3415 3351 aliud
3466 3311 3589 3351 esse

2010 3400 2313 3457 creaturas,
2351 3392 2497 3446 aliud
2526 3392 2842 3448 Creatorem
2884 3395 3082 3462 ipsum,
3121 3391 3358 3459 Patrem,
3391 3390 3587 3445 Filium

2010 3490 2065 3537 et
2100 3480 2364 3553 Spiritum
2395 3491 2644 3537 sanctum
2678 3501 2846 3539 unum
2886 3485 3072 3549 Deum,
3107 3486 3197 3554 qui
3241 3498 3427 3538 revera
3465 3483 3590 3537 Tri-

2014 3572 2159 3627 nitas
2195 3582 2298 3639 est,
2329 3582 2384 3627 et
2418 3574 2472 3627 in
2518 3575 2897 3645 singularitate
2943 3576 3145 3630 unitas.
3185 3576 3396 3645 Quippe
3445 3590 3589 3629 unus

2016 3663 2159 3718 Deus
2191 3672 2294 3728 est,
2326 3680 2433 3718 non
2464 3666 2572 3720 duo
2599 3666 2805 3729 Patres,
2839 3681 3014 3734 neque
3042 3665 3163 3720 Filii
3193 3668 3321 3731 duo,
3360 3667 3442 3719 vel
3479 3665 3588 3719 duo

2016 3752 2253 3823 Spiritus
2275 3756 2467 3810 sancti.
2493 3755 2602 3811 Nee
2630 3772 2659 3810 a
2686 3755 2847 3810 Patre
2878 3758 3089 3812 alienus
3127 3766 3209 3811 est
3242 3755 3444 3821 Filius;
3490 3756 3588 3810 sed

2014 3848 2083 3901 ab
2113 3848 2232 3918 ipso
2261 3849 2498 3919 genitus,
2536 3864 2636 3903 nec
2662 3850 2874 3905 alienus
2898 3852 3024 3905 item
3055 3850 3293 3921 Spiritus
3317 3857 3545 3903 sanctus
3572 3867 3587 3903 :

1990 3953 2079 3992 lex
2130 3940 2559 4009 quibus’Filius
2610 3942 2924 4012 unigenitus
2970 3942 3088 3997 sine
3141 3930 3249 3996 ullo
3300 3942 3452 3995 initio
3508 3941 3591 3995 vel

2013 4036 2256 4100 tempore
2286 4034 2506 4101 genitus
2533 4050 2547 4098 ;
2602 4030 2841 4101 Spiritus
2872 4042 3051 4088 autem
3089 4042 3312 4089 sanctus
3340 4048 3405 4087 eo
3431 4032 3593 4087 modo

2018 4138 2179 4193 quem
2212 4122 2372 4178 Pater
2398 4135 2453 4179 et
2491 4124 2811 4195 Unigenitus
2839 4134 3202 4198 cognoscunt,
3236 4143 3413 4196 neque
3444 4127 3595 4195 geni-

330 4212 446 4271 καὶ,
493 4213 735 4280 Ἕχρισε
765 4210 874 4263 τόν
913 4207 1172 4277 Χριστόν
1192 4208 1261 4261 ἐν
1289 4207 1585 4275 Πνεύματι
1614 4205 1778 4275 ἁγίῳ.
1846 4204 1909 4258 Et

330 4303 493 4366 αὐτὸς
521 4305 549 4357 ό
570 4303 880 4373 Μονογενὴς
908 4302 1119 4373 χρίεται
1150 4303 1207 4356 ὲν
1230 4300 1530 4371 Πνεῦματι,
1564 4299 1647 4362 τίς
1679 4298 1893 4365 ἐγκαλέ-

2016 4305 2319 4373 procedens
2346 4313 2399 4360 et
2422 4305 2488 4359 de
2516 4304 2657 4360 Filio
2685 4307 2983 4377 accipiens.
3020 4308 3251 4373 Spiritus
3273 4310 3409 4360 enim
3428 4323 3593 4372 turus,

334 4410 417 4447 σει
440 4397 503 4465 τῇ
536 4394 666 4466 άγίᾳ
692 4394 880 4466 Τριάδι
903 4412 917 4460 ;
1446 4422 1447 4425 η

2015 4396 2214 4463 inquit,
2262 4404 2368 4448 stat
2411 4397 2464 4449 in
2503 4397 2672 4451 medio
2722 4400 2877 4452 vestri
2909 4399 2930 4429 ⁸
2959 4416 2973 4466 ;
3002 4409 3057 4454 et
3089 4417 3100 4450 :
3140 4398 3299 4452 Unxit
3327 4398 3595 4453 Christum

333 4491 387 4543 in
421 4488 624 4558 Spiritu
659 4502 840 4545 sancto
879 4492 900 4523 '
924 4530 937 4543 .
971 4488 1029 4543 Si
1055 4487 1382 4559 Unigenitus
1420 4486 1539 4558 ipse
1581 4487 1789 4558 Spiritu
1845 4497 2036 4545 sancto
2088 4491 2345 4546 iuunetus
2376 4491 2596 4560 dicitur,
2640 4492 2789 4571 ‘quis'
2832 4493 3236 4549 sanctissimam
3269 4491 3599 4546 Trinitatem

336 4580 563 4635 audebit
590 4580 897 4636 incessere?

2018 4222 2109 4267 tus
2166 4228 2344 4282 neque
2392 4222 2613 4268 creatus
2659 4230 2688 4267 a
2731 4215 2893 4270 Patre
2930 4224 2984 4270 et
3023 4215 3158 4270 Filio
3189 4236 3201 4270 :
3237 4219 3330 4271 sed
3368 4232 3396 4269 a
3429 4216 3594 4271 Patre

406 4693 506 4748 ΙΘ¹.
550 4687 682 4744 Εἶτα
710 4690 872 4744 πάλιν
905 4691 1069 4760 φησὶν
1106 4691 1136 4744 6
1182 4688 1455 4761 μανιώδης
1492 4690 1740 4759 Ἀρειος’
1785 4686 1893 4747 Πῶς

2085 4684 2207 4737 XIX
2272 4684 2450 4753 Pergit
2477 4702 2604 4740 vero
2642 4685 2881 4741 furiosus
2921 4695 3084 4756 atque
3117 4703 3304 4744 amens
3332 4690 3513 4755 Arius,
3545 4700 3600 4748 et

336 4783 488 4841 εἶπεν
529 4787 557 4838 6
595 4783 825 4854 Κύριος·
884 4783 942 4835 Τί
974 4798 1050 4851 με
1086 4781 1283 4851 ,λέγεις
1309 4782 1571 4850 drawn;
1610 4776 1711 4845 Εἷς
1747 4780 1893 4833 ἐστιι

2002 4790 2136 4838 cur,
2190 4777 2386 4846 inquit,
2430 4777 2689 4831 Dominus
2715 4776 2851 4830 dixit
2877 4795 2891 4831 :
2925 4778 3064 4843 Quid
3095 4797 3174 4834 me
3203 4780 3338 4835 dicis
3366 4783 3601 4840 bonum?

336 4876 556 4947 ἀγαθὸς
574 4880 605 4929 ὀ
627 4877 800 4941 Θεός;
819 4875 893 4938 ὼς
915 4874 1079 4927 αὑτοῦ
1105 4874 1438 4945 ἀρνουμένου
1464 4873 1561 4943 τὴν
1583 4873 1890 4943 άγαθότητα

2023 4865 2168 4922 Unus
2218 4878 2295 4939 est
2345 4867 2510 4922 bonus
2556 4866 2698 4923 Deus
2731 4870 2789 4923 δῖ
2837 4871 2991 4940 quasi
3040 4870 3389 4924 bonitatema
3417 4888 3476 4927 se
3514 4872 3599 4928 his

337 4972 448 5025 Καὶ
471 4970 555 5032 τίς
580 4969 737 5031 ἄλλος
766 4966 938 5030 οὕτως
959 4964 1162 5034 ἀγαθὸς
1186 4965 1261 5027 ὡς
1287 4968 1314 5018 6
1343 4965 1682 5034 Μονογενήςς
1709 4963 1768 5026 ὃς
1789 4962 1889 5015 ἔδω

2016 4961 2197 5015 verbis
2243 4961 2540 5029 abjudicct.
2592 4960 2912 5031 Quanquam
2970 4965 3095 5033 quis
3160 4964 3300 5018 alius
3358 4965 3600 5019 bonitate

338 5080 432 5115 κεν
452 5058 979 5129 ἐαυτὸνάντίλυτρον
1006 5057 1420 5127 τῶνὴμετέρων
1445 5054 1652 5125 ψυχῶν.
1683 5056 1790 5107 Καὶ
1815 5055 1893 5107 06:

2015 5067 2139 5105 cum
2176 5053 2455 5123 unigenito
2489 5052 2582 5107 Dei
2626 5052 2765 5109 Filio
2794 5056 3196 5123 comparandus
3235 5065 3314 5110 cst
3337 5094 3352 5118 ,
3386 5056 3476 5125 qui
3513 5073 3599 5111 se—

339 5154 513 5206 οἴδασι
538 5150 674 5203 Θεοῦ
699 5149 797 5219 τὴν
822 5148 1049 5218 δύναμιν
1072 5147 1166 5200 καὶ
1190 5146 1287 5217 τὴν
1310 5144 1642 5215 ἁγαθότητα.
1666 5142 1789 5196 οὔτε
1817 5143 1893 5212 τὴ·

2019 5146 2313 5213 metipsum
2366 5145 2699 5201 redimendis
2761 5146 3049 5201 animabus
3101 5148 3301 5202 nostris
3366 5148 3597 5215 pretium

340 5242 650 5312 οἰκονομίαν
686 5240 783 5310 τῆς
825 5239 920 5291 τοῦ
963 5236 1097 5291 Θεοῦ
1127 5238 1338 5307 σοφίας,
1379 5236 1599 5307 ψυχικοί.
1640 5236 1791 5299 ὄντες
1826 5253 1893 5289 κα

2017 5235 2241 5289 obtulit?
2275 5233 2461 5304 Usque
2493 5252 2559 5293 eo
2590 5236 2828 5290 divinam
2869 5239 2977 5291 vim
3012 5244 3068 5291 et
3094 5237 3389 5295 bonitatem
3446 5239 3599 5309 igno-

342 5329 619 5399 σαρκικοί,
645 5326 1071 5398 ἀνακρινόμενοι
1096 5327 1203 5380 ἀπὸ
1236 5327 1391 5396 άγίου
1428 5326 1766 5397 Πνεύματος,
1797 5325 1893 5379 κοῦ

2020 5333 2174 5389 rant;
2226 5340 2327 5380 nec
2372 5327 2517 5382 illius
2552 5328 2834 5396 sapientiae
2880 5326 3277 5397 providentiam
3322 5335 3375 5381 et
3420 5330 3597 5384 admi-

342 5436 436 5489 φοι
465 5418 620 5481 ὄντες
644 5418 739 5471 ἀπ’
769 5416 956 5479 αὑτοῦ,
983 5416 1058 5488 μὴ
1089 5416 1304 5487 ἔχοντες
1332 5417 1431 5489 τὴν
1454 5417 1548 5471 τοῦ
1574 5417 1729 5485 ἁγίου
1753 5416 1891 5470 Πνεύ

2022 5415 2404 5470 niStrationem
2458 5416 2791 5487 intelligunt,
2838 5417 3106 5471 animales
3139 5415 3411 5483 homines,
3460 5427 3513 5474 et
3542 5419 3601 5476 in

347 5527 515 5581 ματος
544 5508 773 5581 δωρεὰν.
800 5509 899 5580 τὴν
931 5508 1249 5577 σοφίζουσαν
1272 5509 1449 5562 πάντα
1478 5508 1784 5579 ἄνθρωπον.
1812 5498 1893 5561 Πά

2024 5522 2242 5563 carnem
2286 5509 2451 5565 altius
2489 5509 2754 5573 immersi,
2791 5508 2884 5578 qui
2918 5522 2948 5560 a
2981 5507 3189 5577 Spiritu
3226 5518 3418 5565 sancto
3452 5510 3600 5582 diju-

430 5685 444 5716 ¹
473 5683 612 5753 Nisi!
638 5684 891 5738 mendum
922 5692 1035 5745 est,
1072 5685 1261 5738 κτιστά
1295 5700 1391 5752 pro
1422 5684 1671 5749 κτίζοντα
1703 5682 1893 5751 posuit.

2001 5688 2003 5710 ξ
2034 5682 2264 5753 Philipp.
2299 5698 2360 5746 Il,
2398 5685 2482 5739 I0.

2585 5684 2798 5745 "Joan.
2836 5698 2921 5747 xv,
2952 5680 3042 5738 26.
3122 5683 3143 5716 ⁸
3173 5682 3332 5745 Joan.
3368 5702 3478 5752 xw,
3508 5686 3599 5755 14,

356 5754 443 5812 15.
531 5756 553 5787 ⁵
583 5751 743 5809 Joau.
777 5771 816 5813 I.
980 5755 999 5785 ⁶
1029 5760 1163 5816 Aug.
1191 5771 1248 5817 ιι,
1283 5751 1333 5810 6.
1413 5756 1433 5787 ⁷
1469 5755 1588 5810 Act.
1617 5771 1669 5817 .\',
1715 5756 1802 5809 53.
1896 5755 1917 5785 ⁸
1944 5752 2074 5806 Luc.
2110 5751 2261 5813 sviti.
2293 5757 2368 5812 l9.
2855 5796 2861 5801 ρ
3359 5784 3365 5792 ·
