3994 6226
393 327 493 381 2⁸51

1809 317 1866 374 S.
1907 317 2106 374 EPIPH
2117 317 2253 372 AN“

3560 315 3675 373 252

397 441 584 502 dicati,
629 437 882 506 illiusque
913 434 1100 490 inanes
1139 443 1194 490 et
1227 435 1408 499 vacui,
1453 435 1699 505 ejusdem
1742 450 1970 500 milnere

2081 440 2152 491 λιν
2196 437 2252 491 δὲ
2296 434 2569 490 αἰτοῦνται
2617 434 2811 499 αὑτὸν,
2865 434 3060 504 φησιν,
3107 435 3158 486 οἱ
3205 434 3312 485 υἱοὶ
3377 433 3674 488 Ζεϐεδαίου

397 547 462 586 ac
503 529 766 584 beneﬁcio
813 535 1022 591 carent,
1077 541 1190 597 quo
1244 526 1510 581 mortales
1547 540 1738 582 omnes
1780 524 1980 580 eruditi

399 625 674 692 sapientes
730 620 993 676 evadunt.
1045 617 1313 674 Praeterea
1370 633 1494 672 cum
1543 617 1662 683 ﬁlii,
1708 617 1982 693 inquiunt,

399 712 656 768 Zebedaei
706 704 1017 766 intei-ventu
1068 708 1260 763 matris
1309 723 1424 764 suae
1469 707 1538 762 ab
1582 707 1675 761 illo
1709 706 2003 778 postulas‘-‘

397 814 542 868 sent,
575 812 634 858 ut
670 803 725 857 in
771 804 945 875 ipsius
973 816 1140 873 regno
1167 801 1307 855 alter
1332 798 1398 853 ad
1424 798 1703 855 dexteram
1735 797 1986 853 conside-

397 903 503 960 ret,
539 897 678 949 alter
704 894 770 949 ad
806 894 1110 954 sinistram,
1151 892 1224 946 ita
1261 889 1370 946 illis
1404 888 1721 958 respondit:
1751 886 1983 942 Nescitis

396 985 523 1058 quid
554 987 766 1054 petatis.
799 986 1024 1040 Potestis
1055 982 1230 1037 bibere
1271 963 1519 1044 calicem,
1544 994 1693 1049 quem
1725 977 1984 1034 bibiturus

397 1077 558 1130 sum?
605 1073 1082 1144 Respondentibus
1120 1071 1228 1124 illis
1285 1087 1300 1123 :
1339 1066 1673 1128 Possumus;
1708 1064 1981 1134 subjecit:

399 1166 630 1221 Calicem
677 1165 884 1234 quidem
943 1179 1115 1218 meum
1179 1160 1410 1215 bibetis:
1447 1157 1625 1213 sedere
1681 1167 1860 1212 autem
1913 1155 1984 1210 ad

397 1261 671 1314 dexteram
719 1275 894 1312 meam
942 1267 992 1312 ετ
1058 1257 1334 1311 sinistram
1381 1271 1484 1308 non
1525 1263 1602 1308 εει
1648 1269 1820 1307 meum
1857 1251 1986 1307 dare

398 1347 563 1409 vobis,
589 1346 679 1400 sed
709 1348 895 1417 quibus
925 1354 1174 1416 paratum
1203 1353 1278 1397 est
1303 1361 1334 1397 a
1361 1342 1523 1396 Patre
1548 1359 1659 1396 meo
1687 1343 1725 1394 ¹.
1759 1341 1841 1395 Ad
1873 1344 1986 1396 haec

397 1443 694 1511 Apostolus
719 1440 908 1495 scribit
935 1458 950 1494 :
981 1439 1119 1492 Deus
1149 1437 1421 1491 suscitavit
1453 1435 1606 1489 illum
1637 1452 1670 1488 a
1701 1435 1921 1488 mortuis
1939 1437 1980 1501 ¹;

400 1542 658 1602 tanquam
705 1533 1012 1588 suscitante
1049 1529 1235 1599 aliquo
1266 1543 1406 1599 opus
1435 1526 1621 1582 fuerit.
1647 1525 1791 1592 Quin
1820 1525 1982 1581 etiam

386 1625 646 1693 Apparuit
706 1623 787 1677 illi
839 1622 1056 1692 angelus
1106 1621 1320 1676 Domini
1374 1619 1682 1687 confortans
1737 1620 1911 1688 ipsum
1939 1618 1979 1669 ³.

397 1712 533 1767 Nam
570 1715 626 1767 in
669 1713 862 1784 agonia
919 1713 1251 1768 constitutus
1289 1710 1523 1773 sudavit,
1570 1717 1624 1763 et
1665 1708 1832 1764 sudor
1863 1706 1984 1777 ejus

2083 528 2172 582 διὰ
2208 529 2307 599 τῆς
2356 527 2534 582 αὐτῶν
2580 525 2783 596 μητρὸς
2815 524 2875 578 τὸ
2916 526 2975 577 ἐν
3003 527 3068 595 τῇ
3105 523 3348 595 βασιλείᾳ
3375 524 3545 577 αὑτοῦ
3575 527 3673 578 Eva.

2084 620 2303 674 καθίσαι
2326 623 2406 672 ’ἐκ
2449 619 2638 683 δεξιῶν
2688 619 2780 671 καὶ
2817 618 2914 670 ἕνα
2959 617 3016 682 ἐξ
3051 617 3369 687 εὐωνύμων.
3408 619 3519 669 Και
3563 617 3670 688 ἔφη

2084 713 2295 775 αὐτοῖς·
2358 712 2479 764 Οὐκ
2523 708 2725 764 οἴδατε
2766 709 2825 762 τί
2862 707 3144 762 αἰτεῖσθε.
3207 709 3481 762 Δύνασθε
3506 709 3674 763 πιεῖν

2083 803 2154 858 τὸ
2183 801 2472 871 ποτήριον
2503 801 2536 855 δ
2577 801 2783 870 μέλλω
2821 799 3054 862 πίνειν;
3099 797 3313 852 -Αὐτῶν
3351 794 3411 854 δὶ
3450 797 3666 868 φησάν-

2093 913 2226 962 των,
2255 895 2375 950 Ναί·
2419 892 2532 961 ἔφη
2552 891 2703 960 πρὸς
2724 891 2946 956 αὐτούς
2969 908 2981 922 ·
3020 889 3089 943 Τὸ
3106 889 3224 961 μὲν
3245 889 3534 959 ποτήριόν
3549 908 3676 960 μου

2083 985 2314 1051 πίεσθε,
2347 983 2415 1038 τὸ
2446 983 2514 1036 δὲ
2543 983 2784 1037 καθίσαι
2815 982 2885 1036 ἐκ
2905 980 3121 1045 δεξιῶν
3143 999 3262 1050 μου
3293 981 3393 1035 καὶ
3425 983 3670 1050 ἀριστε-

2075 1075 2222 1145 ρῶν,
2251 1078 2362 1129 οὐκ
2395 1076 2566 1130 ἐστιν
2589 1074 2737 1144 ἐμὸν
2761 1072 2992 1137 δοῦναι,
3015 1074 3154 1126 ἀλλ’
3185 1068 3277 1139 οἷς
3309 1074 3673 1142 ἡτοίμασται

2084 1167 2243 1236 παρὰ
2290 1166 2398 1222 τοῦ
2439 1167 2689 1234 Πατρός.
2735 1161 2869 1218 Εἶτά
2922 1181 3087 1235 φησιν
3129 1166 3158 1217 ὁ
3202 1165 3553 1228 ’Λπόστολοςο
3616 1165 3674 1216 '0

2085 1261 2232 1328 Θεὸς
2255 1260 2492 1331 ἤγειρεν
2519 1261 2706 1314 αὐτὸν
2742 1260 2812 1312 ἐκ
2844 1256 3071 1326 νεκρῶν
3093 1274 3106 1288 ·
3156 1257 3230 1321 ὡς
3270 1257 3436 1311 αὑτοῦ
3478 1259 3674 1328 χρείαν

2084 1353 2293 1421 ἔχοντος
2323 1351 2418 1404 τοῦ
2448 1351 2758 1421 ἐγείραντος
2784 1347 2948 1404 αὐτόν
2970 1365 2984 1379 ο
3017 1350 3112 1402 καὶ
3137 1349 3240 1412 ὅτι,
3266 1349 3453 1417 φησὶν,
3477 1350 3674 1418 ἐφάνη

2083 1445 2336 1515 ἄγγελος
2368 1445 2588 1512 Κυρίου
2620 1442 2922 1511 ἐνισχύων
2957 1442 3146 1494 αὐτόν
3167 1457 3181 1472 ο
3238 1441 3320 1493 ὅτι
3358 1442 3415 1492 ἐν
3459 1442 3674 1510 ἀγωνίᾳ.

2083 1537 2274 1604 γέγονε
2339 1536 2434 1588 καὶ
2506 1535 2734 1604 ἵδρωσε,
2790 1533 2883 1586 καὶ
2944 1535 2975 1586 ὁ
3028 1530 3184 1603 ἱδρὼς
3235 1530 3400 1584 αὐτοῦ
3445 1531 3675 1599 γέγονεν

2082 1628 2230 1698 αὐτῷ
2281 1627 2356 1690 ὡς
2405 1626 2632 1697 θρόμϐοι
2675 1626 2903 1696 αἵματος
2928 1668 2941 1691 ,
3008 1626 3069 1678 ἐν
3116 1623 3193 1694 τῷ
3255 1624 3397 1677 κατὰ
3452 1627 3675 1676 Λουκᾶν

2084 1718 2428 1788 Εὖαγγελίῳ,
2465 1719 2555 1770 ὅτε
2603 1716 2854 1772 ἀπελθὼν
2894 1715 3090 1788 ηὔχετο
3130 1715 3340 1786 μέλλων
3383 1715 3677 1786 παραδίδο-

401 1806 548 1860 velut
575 1804 754 1875 grumi
785 1803 1068 1874 sanguinis
1091 1802 1334 1865 decidit;
1385 1809 1445 1856 ut
1486 1799 1647 1855 Luca:
1691 1798 1977 1869 Evangelia

2089 1809 2232 1864 σθαι.
2311 1811 2421 1862 Καὶ
2460 1808 2632 1863 ’πάλιν
2678 1809 2740 1860 ἐν
2781 1807 2859 1878 τῷ
2900 1806 3148 1878 σταυρῷ,
3207 1807 3404 1876 φησὶν,
3448 1806 3670 1873 ἕλεγεψ

400 1895 672 1965 proditum
705 1901 809 1957 est,
843 1910 966 1950 cum
1001 1894 1058 1948 in
1094 1909 1315 1950 secessu
1351 1893 1514 1963 paulo
1555 1899 1846 1962 antequam
1885 1888 1980 1945 Ju-

397 1984 531 2040 daeis
561 1983 868 2038 traderetur
904 1993 1108 2038 oraret.
1137 1981 1298 2054 743
1333 1979 1439 2036 Sed
1485 1988 1539 2036 et
1569 1981 1623 2035 in
1651 1995 1813 2035 cruce
1837 1977 1984 2034 dice-

401 2076 514 2139 bat,
550 2075 846 2145 inquiunt:
875 2072 984 2136 Eli,
1018 2071 1128 2137 Eli,
1163 2073 1306 2126 lama
1342 2072 1687 2129 Sabactliani.
1716 2073 1829 2126 Hoc
1856 2078 1980 2125 est:

405 2149 542 2220 Deus
571 2180 738 2228 meus,
808 2163 947 2219 Deus
992 2182 1171 2228 meus,
1220 2162 1404 2233 utquid
1448 2179 1528 2216 me
1572 2159 1984 2230 dereliquisti‘?

402 2253 590 2318 Vides,
626 2255 805 2318 aiunt,
835 2253 1296 2325 quemadmodum
1327 2253 1550 2308 alterius
1577 2267 1732 2322 opem
1767 2250 1984 2304 deside-

400 2346 519 2400 ret?
545 2344 698 2411 Quod
733 2359 861 2400 vero
895 2345 962 2400 ad
1010 2346 1100 2400 illa
1144 2345 1309 2399 verba
1338 2344 1572 2414 pertinet
1599 2362 1612 2398 :
1654 2341 1764 2413 Ego
1796 2343 1850 2396 in
1875 2341 1982 2395 Pa-

401 2446 477 2490 tre
519 2446 570 2491 et
611 2435 772 2491 Pater
812 2437 869 2490 in
907 2452 988 2492 me
1025 2446 1103 2492 est
1127 2438 1183 2502 5;
1220 2437 1491 2505 itemque:
1533 2434 1648 2489 Duo
1683 2450 1847 2488 unum
1892 2449 1984 2488 su-

401 2545 542 2592 mus,
564 2537 621 2581 ut
651 2537 700 2582 et
729 2528 830 2596 ipsi
867 2544 1029 2581 unum
1063 2528 1168 2582 sint
1197 2528 1248 2593 ⁸;
1286 2527 1382 2592 ita,
1412 2525 1688 2596 inquiunt,
1731 2541 1898 2580 unum
1924 2542 1984 2582 se

398 2635 522 2676 esse
561 2619 714 2682 dicit,
756 2627 815 2674 ut
850 2635 957 2674 non
985 2618 1052 2673 ad
1091 2626 1364 2681 naturam,
1395 2617 1490 2672 sed
1521 2615 1589 2671 ad
1641 2617 1981 2671 voluntatum

403 2710 755 2765 concordiam
791 2710 864 2766 sit
910 2711 1095 2766 unitas
1142 2711 1234 2764 illa
1289 2707 1590 2764 referenda.
1646 2707 1833 2779 Neque
1881 2709 1984 2763 hoc

399 2815 586 2857 errore
667 2803 948 2866 contenti,
1002 2813 1201 2872 negant
1259 2802 1480 2871 insuper
1537 2801 1772 2856 humana
1831 2801 1981 2856 illum

399 2893 581 2947 anima
615 2893 902 2962 praeditum
960 2891 1152 2949 fuisse.
1217 2891 1375 2958 Quod
1429 2899 1581 2946 certo
1631 2892 1865 2947 consilio
1909 2892 1982 2946 ita

401 2991 755 3055 praestruunt,
795 2992 856 3038 ut
889 2999 1071 3039 veram
1123 2999 1192 3041 ex
1247 2982 1416 3037 Maria
1465 2981 1690 3054 Virgine
1735 2997 1980 3050 carnem,

399 3076 718 3147 reliquaque
755 3090 878 3146 quae
906 3083 1036 3131 sunt
1065 3075 1307 3131 hominis
1345 3075 1586 3146 pr0pria,
1621 3074 1772 3128 illum
1811 3089 1974 3130 acce-

399 3167 545 3236 pisse
568 3166 861 3232 fateantur,
887 3166 934 3223 si
965 3181 1126 3220 unam
1155 3167 1390 3221 animam
1413 3165 1694 3236 excipias:
1721 3165 1977 3220 nimirum

396 3265 481 3322 .ut,
515 3272 641 3310 cum
679 3256 898 3325 famem,
934 3264 1028 3312 aut
1063 3258 1229 3322 sitim,
1256 3264 1350 3312 aut
1371 3257 1606 3324 labores,
1636 3258 1852 3324 itinera,
1885 3274 1980 3315 su-

398 3341 610 3405 dorem,
635 3338 907 3408 somnum,
937 3343 1363 3415 indignationem
1396 3344 1636 3402 audieris
1657 3360 1724 3402 ac
1743 3344 1973 3412 dixeris,

400 3442 622 3504 propter
645 3433 940 3488 humanam
965 3449 1132 3506 quam
1158 3443 1532 3506 assumpserat
1558 3443 1813 3492 naturam
1837 3453 1977 3509 opus

402 3525 508 3579 illis
541 3523 820 3589 habuisse,
855 3524 1037 3578 statim
1067 3524 1308 3594 objicere
1329 3527 1563 3596 possint,
1593 3542 1690 3597 per
1713 3542 1835 3584 sese
1861 3528 1977 3585 haec

401 3620 665 3682 praestare
699 3626 944 3677 carnem,
1007 3612 1116 3669 nisi
1173 3613 1356 3669 anima
1419 3617 1646 3685 prazdita
1701 3619 1811 3685 sit,
1867 3635 1975 3676 non

398 3716 585 3773 posse.
615 3700 682 3755 Et
715 3702 932 3771 quidem
965 3719 1094 3760 vere
1141 3705 1243 3760 hoc
1283 3705 1355 3762 ab
1403 3707 1512 3763 illis
1557 3708 1779 3766 dicitur.
1833 3711 1974 3778 Quid

397 3802 483 3848 est
509 3793 692 3864 igitur,
724 3795 1003 3863 inquiunt,
1030 3795 1203 3862 aliud,
1239 3801 1580 3870 quamquod
1605 3801 1688 3858 his
1717 3806 1973 3862 omnibus

398 3884 544 3938 illius
574 3883 833 3940 divinitas
861 3885 1172 3957 indigebat?
1217 3887 1304 3955 Ut,
1341 3904 1466 3944 cum
1493 3891 1734 3964 indigere
1771 3896 1972 3953 divini-

401 3984 563 4030 tatem
595 3974 768 4044 ipsius
819 3974 1082 4041 dixerint,
1133 3979 1282 4034 velut
1335 3982 1681 4054 peregrinum
1716 3989 1969 4043 eumdem

395 4066 770 4136 pronuntient,
819 4073 874 4122 et
902 4081 933 4120 a
964 4066 1141 4123 Patris
1184 4071 1424 4127 essentia
1467 4088 1534 4128 ac
1576 4083 1773 4132 natura
1813 4094 1973 4149 βιοτε-

394 4171 489 4210 sus
538 4155 802 4212 alienum.
844 4156 956 4227 Ego
1002 4173 1132 4213 vero
1170 4160 1245 4216 ita
1288 4163 1514 4219 omnino
1556 4174 1738 4222 statuo
1775 4186 1790 4224 :
1821 4179 1970 4239 post-

392 4261 556 4316 quam
607 4262 779 4316 pauca
827 4248 917 4302 illa
973 4264 1255 4320 perperam
1303 4251 1373 4306 ab
1414 4254 1499 4310 bis
1548 4259 1874 4328 excogitata,
1915 4269 1970 4316 et

2099 1901 2253 1966 Ἠλὶ,
2287 1901 2440 1963 Ἠλὶ,
2461 1898 2665 1969 λαμμᾶ
2687 1901 3058 1970 σαϐαχθανίς
3085 1899 3366 1952 τουτέστι·
3391 1898 3499 1953 Θεέ
3522 1917 3669 1967 μου,

2087 1990 2194 2045 Θεέ
2215 2009 2354 2061 μου,
2387 1992 2488 2044 ἵνα
2516 1992 2572 2044 τί
2597 2009 2673 2061 με
2704 1992 3090 2060 ἐγκατέλιπες
3112 2008 3130 2055 ;
3161 1993 3271 2046 Καὶ
3300 1993 3452 2063 ὁρᾷς,
3478 1994 3671 2063 φησιν.

2084 2083 2161 2148 ὼς
2191 2083 2462 2136 ἐπιδέεται
2493 2081 2776 2154 βοηθείας;
2819 2081 2954 2136 ἀλλὰ
2987 2086 3115 2154 περὶ
3145 2081 3241 2135 τοῦ
3269 2081 3467 2151 λέγειν,
3522 2083 3674 2151 Ἐγὼ

2085 2175 2156 2228 ἐν
2183 2176 2263 2242 τῷ
2283 2176 2490 2245 Πατρὶ,
2519 2175 2617 2229 καί
2638 2178 2671 2229 ό
2699 2173 2903 2243 Πατὴρ
2927 2174 2997 2228 ἐν
3020 2175 3152 2245 ἐμοί
3169 2193 3183 2206 ο
3206 2175 3302 2228 καὶ
3333 2176 3416 2228 ὅτι
3463 2177 3530 2227 Oi
3556 2173 3671 2226 δύο

2085 2269 2155 2323 ἐν
2180 2269 2388 2339 ἐσμεν,
2423 2268 2524 2322 ἵνα
2555 2267 2654 2322 καὶ
2683 2267 2852 2321 αὐτοὶ
2881 2265 2954 2320 ἐν
2994 2261 3173 2321 ὦσιν·
3213 2266 3354 2320 ὥστε
3379 2262 3474 2321 οὖν
3515 2267 3580 2320 τὸ
3612 2267 3673 2318 ἓν

2087 2357 2223 2416 εἶναι
2266 2360 2483 2424 πάντως
2519 2360 2580 2412 οὐ
2618 2358 2758 2414 κατὰ
2813 2358 2976 2429 φύσιν
3007 2359 3176 2429 λέγει,
3219 2343 3504 2412 sna‘xac'
3544 2357 3672 2427 ὀμό-

2086 2469 2254 2508 νοιαν.
2289 2452 2363 2505 Οὐ
2399 2451 2561 2522 μόνον
2597 2450 2654 2504 δὲ
2680 2447 2858 2520 τοῦτο,
2892 2451 3029 2506 ἀλλὰ
3060 2451 3152 2505 καὶ
3176 2449 3464 2520 ἀρνοῦνται
3486 2449 3670 2520 ψυχὴν

2085 2544 2244 2597 αὑτὸν
2293 2542 2637 2609 ἀνθρωπείαν
2690 2542 2987 2614 εἰληφέναι,
3024 2542 3156 2596 αὐτὸ
3187 2542 3344 2596 τοῦτο
3384 2558 3668 2612 προκατα‹

2087 2633 2460 2700 σκευάζοντες.
2496 2635 2686 2708 Σάρκα
2713 2634 2823 2705 γὰρ
2855 2633 3245 2705 ὑμνολογοῦσιν
3276 2631 3535 2704 ἀληθινὴν
3557 2633 3670 2686 ἀπὸ

2085 2727 2302 2798 Μαρίας
2331 2727 2490 2782 αὐτὸν
2525 2728 2814 2798 ἐσχηκότα,
2865 2727 2959 2781 καὶ
2988 2726 3164 2780 πάντα
3191 2726 3292 2778 ὅσα
3314 2726 3462 2779 ἐστὶν
3491 2726 3551 2777 ἐν
3585 2725 3669 2795 τῷ

2083 2817 2354 2890 ἀνθρώπῳ
2383 2820 2549 2890 χωρὶς
2579 2818 2785 2890 ψυχῆς·
2824 2819 2930 2882 ἵνα,
2963 2819 3091 2872 ὅταν
3123 2817 3362 2890 ἀκούσῃς
3394 2818 3525 2888 περὶ
3545 2818 3671 2870 πεί-

2095 2925 2215 2979 νης,
2250 2908 2284 2979 ἢ
2313 2909 2548 2980 eid/agi)
2578 2909 2844 2980 καμάτου,
2869 2909 2903 2980 ἢ
2925 2909 3250 2981 ὁδοιπορίας,
3291 2908 3324 2979 ἢ
3355 2909 3600 2980 ἱδρῶτος,
3631 2910 3666 2981 ἢ

2085 2995 2276 3062 ὕπνου,
2302 2997 2336 3069 ἢ
2368 2998 2776 3069 ἐμϐριμήσεως,
2811 2999 2906 3052 καὶ
2938 2999 3120 3070 εἴπῃς,
3155 2999 3238 3051 ὅτι
3271 2999 3360 3053 διὰ
3382 2998 3482 3070 τὴν
3509 3001 3668 3052 ἐναν-

2083 3087 2364 3159 θρώπησιν
2399 3089 2601 3142 τούτων
2629 3090 2898 3153 ἐπεδέετο,
2930 3090 3126 3155 λέξωσί
3175 3107 3257 3142 σοι
3302 3089 3549 3161 ὕστερον,
3579 3092 3667 3144 ὅτι

2082 3179 2218 3251 σὰρξ
2249 3179 2368 3234 καθ’
2399 3179 2597 3252 ἑαυτὴν
2623 3180 2796 3235 ταῦτα
2825 3182 2925 3235 οὐκ
2950 3183 3183 3254 ἐνεργεῖ,
3211 3181 3306 3234 ἐὰν
3338 3181 3411 3252 μὴ
3435 3181 3539 3252 ἔχῃ
3562 3185 3668 3250 τὴν

2075 3271 2273 3341 ψυχήν.
2304 3270 2547 3342 Καὶ.γὰρ
2574 3271 2653 3342 τῷ
2681 3271 2780 3342 μὲν
2800 3271 2912 3325 ὄντι
2933 3271 3105 3336 οὓτως
3132 3273 3271 3326 ἐστί.
3306 3272 3370 3325 Τί
3397 3268 3493 3326 οὖν
3521 3275 3664 3338 ἐστι,

2079 3361 2271 3432 φησὶν,
2316 3359 2453 3414 ἀλλά
2481 3378 2534 3414 τι
2569 3362 2603 3432 η
2643 3361 2830 3432 θεότης
2860 3361 3026 3416 αὑτοῦ
3070 3363 3352 3431 ἐπεδέετο;
3395 3364 3522 3427 ἵνα,
3566 3365 3662 3418 ὅτε

2075 3450 2270 3504 εἴπωσι
2298 3450 2397 3522 τὴν
2428 3451 2657 3522 θεότητα
2699 3451 2864 3506 αὐτοῦ
2910 3453 3287 3525 ἐπιδεομένην,
3333 3453 3485 3520 ξένον
3521 3455 3664 3507 ἀπο-

2076 3544 2314 3613 φάνωσιν
2336 3541 2517 3611 αὑτὸν,
2543 3543 2639 3598 καὶ
2665 3543 2945 3615 ἀλλότριον
2973 3545 3074 3615 τῆς
3101 3543 3194 3598 τοῦ
3232 3545 3446 3616 Πατρὸς
3469 3546 3664 3609 οὐσίας

2074 3650 2134 3687 τε
2163 3633 2257 3687 καὶ
2288 3632 2502 3702 φύσεως
2530 3632 2806 3703 ἀληθινῆς.
2860 3633 3085 3705 Νομίζω
3117 3635 3174 3688 δέ
3211 3634 3287 3705 τῷ
3316 3634 3536 3688 σύνεσιν
3566 3652 3663 3688 κε-

2075 3719 2333 3789 κτημένῳ
2360 3717 2470 3771 ἀπὸ
2514 3720 2666 3790 μιᾶς,
2699 3720 2733 3790 ἢ
2772 3719 2866 3774 δύο
2900 3722 3236 3794 μαρτυριῶν,
3269 3724 3304 3794 ἢ
3340 3723 3506 3776 πέντε
3530 3712 3662 3778 ’τῶν

2072 3808 2260 3874 κακῶς
2287 3811 2417 3882 παρ’
2446 3811 2630 3875 αὐτοῖς
2658 3813 3091 3884 ἐπινενοημένων
3120 3815 3216 3868 καὶ
3257 3814 3658 3885 ἐλεγχομένων,

2071 3903 2167 3956 καὶ
2190 3903 2664 3974 ἀνατρεπομένων,
2686 3904 2786 3973 τῆς
2817 3904 2994 3974 πάσης
3027 3905 3284 3978 ἀληθείας
3315 3908 3662 3978 κηρυττομέ-

2071 4010 2189 4062 νης,
2221 3993 2316 4046 καὶ
2343 3992 2528 4062 σαφῶς
2559 3993 2616 4046 ἐν
2637 3996 2702 4065 τῇ
2732 3993 2912 4047 πίστει
2941 3995 3042 4066 τῆς
3066 3995 3370 4068 ὀρθοδοξίας
3405 3996 3660 4067 βεϐαιου-

2074 4084 2263 4154 μένης,
2299 4082 2716 4155 ἐλεγχθήσονται
2738 4085 2890 4157 παρὰ
2915 4088 3028 4148 τοῖς
3061 4087 3498 4159 προειρημένοις,
3530 4088 3658 4142 νοῦν

2072 4173 2253 4228 θεῖκὸν
2286 4175 2664 4246 κεκτημένοις,
2699 4176 2804 4230 κᾶν
2832 4193 2893 4229 τε
2930 4176 3068 4246 μετὰ
3093 4177 3298 4242 ταύτας
3334 4178 3435 4242 τὰς
3468 4180 3658 4233 ἐπιλύ-

2072 4281 2188 4327 σεις
2228 4257 2652 4336 ἕπινενοημένας
2693 4266 2866 4332 λέξεις
2895 4269 3094 4338 μυρίας
3133 4269 3298 4333 ἄλλας
3330 4271 3650 4339 ἐνέγκωσιν.

393 4335 666 4390 intellecta
709 4339 1021 4394 testimonia
1071 4341 1308 4396 refutatu
1364 4361 1668 4418 eversaque
1725 4352 1964 4420 fuerint,

2083 4348 2221 4410 ’Δπδ
2252 4357 2362 4428 γὰρ
2414 4335 2523 4411 τῶν
2557 4358 2751 4427 ὀλίγων
2786 4359 2842 4413 αἱ
2887 4335 3133 4413 πλεῖσται
3174 4335 3520 4432 λυθήσονται,
3554 4361 3654 4434 τὴν

393 4439 515 4478 cum
539 4426 738 4480 veritas
768 4429 950 4482 omnis
999 4431 1289 4487 manifeste
1319 4426 1650 4503 praedicata,
1679 4450 1845 4511 atque
1908 4447 1963 4502 in

2077 4450 2200 4522 ῐσην
2227 4450 2455 4520 δύναμιν
2493 4449 2777 4522 φέρουσαι.

391 4516 690 4619 orthodoxa
734 4519 836 4573 [ide
881 4527 936 4574 et
985 4521 1244 4592 religione
1273 4528 1630 4584 corroborata
1660 4529 1848 4600 fuerit,
1887 4553 1977 4610 api

2081 4516 2375 4599 irridentes
2393 4551 2448 4599 et
2475 4516 2750 4614 sapientes
2782 4543 2930 4600 viros
2963 4543 3258 4616 divinaque
3305 4552 3487 4599 mente
3507 4559 3651 4614 pra:-

390 4607 533 4662 dilos
562 4609 710 4712 nullo
741 4611 956 4712 negotio
985 4615 1392 4712 convincendos
1423 4637 1567 4686 esse,
1601 4631 1978 4698 quantumvis,
2011 4607 2138 4704 post
2169 4635 2388 4690 illorum
2427 4607 2674 4692 loco-rum
2715 4607 3186 4704 dissolutionem;
3216 4635 3464 4692 infinitas
3507 4607 3653 4693 alias

389 4704 682 4802 arcessitos
723 4704 964 4802 undique
989 4708 1293 4802 sententias
1323 4709 1380 4765 in
1411 4712 1649 4770 medium
1712 4731 1987 4778 asscrant.
2047 4726 2328 4797 Siquidem
2377 4744 2442 4785 ex
2491 4730 2681 4800 paucis
2718 4743 2882 4800 quam
2915 4729 3186 4800 plurimae,
3233 4745 3356 4802 quae
3399 4730 3648 4786 eamdem

388 4793 499 4846 vim
527 4791 750 4860 habent,
777 4797 1218 4867 explicabuntur.

460 4880 578 4936 XX.
639 4883 905 4940 Exordiar
950 4886 1113 4958 igitur
1171 4891 1239 4946 ab
1289 4891 1384 4948 illo
1428 4892 1739 4956 Salomonis
1794 4901 1963 4970 dicto,

389 4988 550 5044 quam
600 4975 1002 5030 amarissimam
1049 4978 1320 5052 dogmatis
1367 4986 1453 5039 sui
1499 4987 1738 5046 radicem
1785 5009 1969 5052 serere

389 5078 546 5134 posse
581 5063 682 5118 sibi
721 5077 1157 5134 persuaserunt:
1203 5069 1459 5128 Dominus
1505 5078 1698 5130 creavit
1740 5096 1820 5133 me
1861 5082 1966 5135 ini-

2138 4907 2222 4958 K'.
2249 4907 2359 4960 Kal
2389 4909 2624 4981 ἄρξομαι
2649 4910 2865 4982 πρῶτον
2893 4911 2988 4965 τοῦ
3017 4912 3217 4980 λέγειν,
3243 4915 3366 4968 ὅθεν
3396 4916 3646 4975 διέλαϐον

2064 4995 2252 5058 κακῶς
2276 4998 2524 5066 φυτεύειν
2550 5001 2647 5072 τὴν
2668 5003 2764 5073 τῆς
2794 5003 3018 5074 πικρίας
3038 5005 3217 5060 αὐτῶν
3244 5007 3400 5078 ῥίζαν
3431 5011 3526 5065 τοῦ
3558 5013 3646 5067 λό-

2062 5099 2182 5150 γου,
2217 5084 2312 5138 τοῦ
2349 5087 2453 5140 ὑπὸ
2479 5089 2822 5160 Σολομῶντος
2853 5093 3165 5164 εἰρημένου,
3195 5097 3274 5161 τὸ,
3303 5100 3521 5167 Κύριος
3547 5103 3645 5157 ἐκ·

387 5155 518 5208 tium
563 5156 770 5209 viarum
818 5173 1039 5212 suarum
1089 5161 1145 5214 in
1182 5177 1340 5231 opera
1363 5181 1462 5219 sua
1487 5168 1527 5220 ⁷.
1564 5167 1737 5234 Quem
1778 5172 1957 5228 locum

2081 5174 2189 5228 τισέ
2210 5193 2288 5244 με
2315 5177 2512 5247 ἀρχὴν
2537 5155 2692 5233 ὁδῶν
2732 5155 2918 5238 αὐτοῦ
3039 5155 3180 5256 ἔργα
3201 5155 3408 5244 actori.
3439 5155 3639 5248 Καὶ-οὐ

385 5261 653 5316 nusquam
705 5247 992 5319 Scriptura
1065 5254 1360 5322 repetendo
1421 5259 1803 5327 confirmavit,
1863 5274 1956 5318 aut

2081 5267 2274 5331 πάντως
2301 5285 2404 5322 που
2435 5271 2730 5326 ἐϐεϐαίωσε
2750 5274 2960 5348 Γραφὴ,
2990 5247 3380 5354 οὐδὲῐέμνήσθη
3411 5301 3497 5348 τις
3529 5247 3639 5339 τῶν

383 5340 752 5408 apostolorum
784 5343 1076 5412 quisquam
1109 5352 1581 5416 commemoravit,
1615 5359 1674 5407 ut
1699 5354 1766 5408 ad
1797 5355 1956 5410 Chri-

383 5434 526 5484 stum
592 5437 1053 5492 accommodaret.
1118 5437 1484 5504 Quamobrem
1536 5443 1604 5500 de
1656 5443 1796 5500 Filio
1863 5446 1954 5502 Dei

450 5632 468 5663 ¹
505 5630 811 5712 Μέιειιιηχξ,
846 5636 933 5694 22.
1034 5643 1056 5672 ¹
1080 5639 1234 5700 Rom.
1271 5662 1320 5712 x,
1345 5647 1398 5703 9.

375 5715 509 5767 xvn,
541 5703 630 5762 25.
698 5706 726 5774 ,⁷
757 5705 918 5763 Prov.
959 5725 1070 5776 vin,
1107 5714 1192 5768 12.

1501 5648 1522 5680 ³
1547 5646 1683 5704 Luc.
1729 5664 1861 5718 xxii,
1896 5651 1966 5706 45
2006 5667 2128 5724 sqq.

2061 5357 2372 5414 ἀποστόλων
2402 5361 2503 5429 τῆς
2527 5361 2726 5429 λέξεως
2757 5364 2982 5437 ταύτης,
3024 5369 3110 5422 ἵνα
3139 5375 3437 5446 παραγάγῃ
3465 5377 3634 5448 αὐτὴν

2062 5451 2142 5513 εἰς
2163 5450 2332 5522 ὄνομα
2350 5453 2607 5523 Χριστοῦ.
2629 5456 2791 5511 Ὥστε
2807 5455 2900 5515 οῦν
2920 5461 2980 5513 οὐ
3005 5461 3220 5528 πάντως
3242 5467 3370 5540 περὶ
3389 5468 3485 5523 τοῦ
3505 5467 3631 5522 Υιοῦ

2241 5655 2262 5686 δ
2297 5638 2476 5710 Marc.
2497 5673 2586 5724 xv,
2635 5661 2722 5716 5i.

2827 5661 3027 5719 'Joan.
3063 5681 3173 5730 xw,
3225 5671 3301 5726 10.
3407 5667 3623 5726 'Joan.
