3994 6226
430 315 538 373 ’ἒῦιῖ

1814 314 1872 370 S.
1914 312 2258 370 EPIPiiANll

3596 313 3710 372 236

432 435 634 506 quitus
669 434 783 490 haec
817 434 1112 507 appellatio
1158 435 1425 491 abusione
1459 433 1694 506 quadam
1727 435 2013 489 convenit:

2125 435 2300 489 πάντα
2349 435 2377 487 ὁ
2408 432 2541 498 Θεὸς
2595 434 2653 486 ὲν
2708 429 2872 502 σοφία
2926 429 3184 486 ἐπιτελεῖ.
3233 428 3348 484 Μία
3390 429 3448 483 δέ
3499 429 3651 484 ἐστιν
3678 434 3714 503 ἡ

430 528 633 598 quippe
679 527 824 582 Deus
877 529 1063 583 omnia
1107 529 1372 598 sapientia
1426 527 1658 598 perlicit.
1709 527 1816 583 Sed
1857 529 2017 582 unica

431 631 612 676 tamen
638 635 702 676 ac
729 621 1028 692 singularis
1048 631 1132 678 est
1156 623 1247 676 illa
1277 620 1456 678 Patris
1485 621 1776 692 sapientia,
1800 636 1864 675 ac
1889 621 2020 676 sub-

428 714 632 768 sistens
671 712 764 768 Dei
795 712 1060 770 Verbum.
1102 713 1290 786 Neque
1319 729 1450 770 vero
1482 714 1575 768 illo
1607 714 1893 784 sapientia:
1923 727 2021 768 vo-

429 804 628 858 cabulo
655 805 1032 876 constringor,
1071 812 1129 858 ut
1163 807 1228 857 ad
1263 803 1356 860 Dei
1385 803 1584 858 Filium
1608 796 1800 858 referri
1834 811 2019 873 putem

428 903 705 966 aportere.
742 895 862 951 Non
890 896 1036 951 enim
1063 895 1116 950 id
1139 904 1232 950 aut
1260 911 1291 949 a
1315 897 1607 951 Salomone
1629 895 2017 964 signiﬁcatum,

432 993 529 1039 aut
559 985 630 1040 ab
663 986 912 1055 apostolo
943 986 1127 1056 aliquo
1159 985 1522 1052 declaratum,
1557 996 1651 1040 aut
1685 986 1739 1040 in
1774 983 2020 1058 Evange-

431 1077 509 1130 lio
537 1084 621 1130 est
665 1091 1010 1147 expressum.
1063 1077 1219 1144 Quod
1249 1076 1296 1132 si
1328 1076 1396 1131 de
1432 1076 1526 1132 Dei
1561 1075 1701 1131 Filio
1733 1084 2019 1147 utcunque

431 1167 816 1236 accipiendum
859 1167 1096 1232 videtur,
1147 1183 1258 1222 non
1301 1173 1596 1223 esttamen
1630 1168 1820 1223 eadem
1855 1183 2021 1223 voca-

435 1258 548 1314 buli
583 1259 691 1319 vis,
741 1274 920 1330 neque
947 1274 1014 1314 ex
1056 1259 1292 1330 simplici
1334 1261 1625 1314 verborum
1671 1274 1808 1314 sono
1842 1259 1911 1315 de
1955 1274 2022 1315 eo

427 1351 785 1421 indicandum
815 1360 918 1408 est.
962 1351 1094 1406 Nam
1121 1367 1246 1407 cum
1276 1361 1423 1408 totus
1476 1351 1568 1408 ille
1617 1351 1756 1408 liber
1783 1366 1851 1405 ex
1890 1365 2019 1421 pro-

435 1442 639 1499 verbiis
659 1451 950 1499 contextus
971 1445 1063 1508 sit,
1077 1442 1341 1516 quidquid
1362 1450 1541 1499 autem
1565 1459 1660 1515 per
1674 1444 2021 1515 proverbium

431 1535 680 1600 etlertur,
714 1535 864 1590 aliud
890 1535 1070 1591 verbis
1099 1551 1210 1606 pra:
1239 1551 1298 1590 se
1328 1534 1490 1601 ferat,
1517 1535 1664 1590 aliud
1698 1550 1864 1590 sensu
1898 1535 2020 1604 ipso

432 1643 526 1698 per
570 1629 886 1699 allegoriam
933 1628 1241 1700 signiﬁcet;
1283 1628 1329 1684 si
1365 1627 1526 1682 fuerit
1574 1628 1687 1692 illa,
1719 1642 1882 1696 quam
1929 1626 2019 1683 isti

431 1727 648 1791 putant,
683 1718 993 1775 Salomonis
1026 1735 1206 1784 mens,
1252 1729 1306 1774 et
1343 1719 1412 1773 ad
1450 1718 1542 1774 Dei
1576 1718 1775 1773 Filium
1812 1718 2020 1788 referre

2123 521 2259 580 οὖσα
2305 525 2469 594 σοφία
2515 522 2610 577 τοῦ
2644 523 2878 595 Πατρὸς,
2914 523 3007 576 καὶ
3045 522 3408 586 ὲνυπόστατος
3446 523 3577 587 Θεὸς
3615 525 3715 577 Δό-

2122 635 2236 687 γος.
2281 617 2423 670 Αὐτὸ
2467 616 2576 685 γὰρ
2624 616 2686 669 τὸ
2733 617 2886 687 ῥῆμα
2929 615 2991 669 οὐ
3038 614 3256 676 πάντως
3304 615 3608 683 ἀναγκάζει
3648 633 3714 687 με

2123 709 2255 781 περὶ
2291 708 2386 763 τοῦ
2421 709 2554 762 Υίοῦ
2598 707 2691 762 τοῦ
2725 707 2860 761 Θεοῦ
2897 707 3095 776 λέγειν.
3150 707 3227 760 υὺ
3273 708 3384 779 γὰρ
3417 709 3714 778 ἐδήλωσεν,

2122 800 2244 854 οὐδέ
2271 817 2356 864 τις
2394 800 2502 854 τῶν
2545 799 2860 854 ἀποστόλων
2903 800 3329 871 ἐμνημόνευσεν,
3353 794 3471 851 ἀλλ’
3500 798 3627 852 οὔτε
3656 800 3719 852 τδ

2125 892 2475 962 Εὑαγγὲλιον.
2505 893 2568 946 Ei
2598 892 2654 946 δὲ
2684 893 2791 963 ἄρα
2819 892 2947 963 περὶ
2973 891 3068 945 τοῦ
3097 891 3225 945 Υίοῦ
3260 891 3353 945 τοῦ
3384 890 3522 944 Θεοῦ
3556 891 3719 944 τοῦτο

2125 981 2485 1053 ἐλαμϐάνετο,
2525 982 2626 1035 οὐκ
2671 981 2787 1034 ἐστι
2837 981 3034 1034 ταυτὸν
3072 981 3134 1035 τὸ
3181 983 3366 1052 ῥῆμα,
3411 979 3536 1034 οὗτε
3578 983 3720 1053 πρὸς

2123 1073 2336 1128 εὐθεῖαν
2369 1073 2549 1145 κρίσιν
2597 1073 2868 1143 κείμενον.
2895 1057 3033 1144 ’δολη
3081 1072 3191 1144 γὰρ
3215 1076 3249 1141 ἡ
3287 1072 3469 1144 βίϐλος
3517 1091 3717 1146 παροι-

2126 1166 2248 1235 μίαι
2282 1166 2418 1219 εἰσίο
2463 1167 2574 1220 πᾶν
2622 1165 2679 1219 δὲ
2731 1166 2792 1220 τὸ
2846 1165 3344 1236 παροιμιαζόμενον
3397 1166 3458 1218 οὐ
3516 1167 3719 1220 ταυτόν

2124 1259 2241 1311 ἐστι
2280 1260 2347 1329 τῇ
2387 1257 2647 1328 δυνάμει,
2699 1257 2834 1310 ἀλλὰ
2868 1256 3001 1328 ἄλλῃ
3053 1257 3153 1328 μὲν
3205 1258 3363 1328 ρήσει
3408 1257 3717 1328 διηγεῖται,

2123 1349 2258 1420 ἄλλῃ
2291 1349 2347 1402 δὲ
2373 1349 2600 1422 δυνάμει
2645 1350 3050 1422 ἀλληγορεϊται.
3092 1350 3156 1402 Et
3199 1349 3380 1404 τοίνυν
3423 1349 3581 1404 τοῦτο
3623 1351 3719 1402 λέ-

2122 1457 2230 1510 γει,
2258 1440 2354 1496 καὶ
2383 1440 2624 1513 τολμῶσί
2658 1459 2802 1506 τινες
2841 1442 2935 1495 ἐπὶ
2971 1440 3062 1494 τὸν
3092 1441 3218 1495 Υίδν
3251 1440 3346 1494 τοῦ
3391 1440 3529 1494 Θεοῦ
3556 1441 3721 1496 τοῦτο

2123 1532 2330 1605 φέρειν,
2371 1534 2446 1605 μὴ
2481 1535 2716 1602 γένοιτοῑ
2755 1535 2848 1588 ἐπὶ
2881 1537 2948 1605 τῇ
2984 1533 3197 1604 θεότητι
3235 1533 3403 1588 αὑτοῦ
3447 1533 3607 1586 τοῦτο
3653 1537 3718 1589 οὐ

2123 1628 2346 1698 φέρεται
2398 1626 2460 1679 τὸ
2512 1626 2685 1698 ῥῆμα.
2742 1627 2803 1680 Εἰ
2849 1627 2928 1693 δὲ,
2968 1625 3191 1681 δύναται
3241 1626 3299 1680 ὲν
3351 1628 3418 1697 τῇ
3462 1627 3720 1698 ἐνσάρκῳ

2123 1715 2289 1770 αὑτοῦ
2347 1716 2692 1788 πληροῦσθαι
2745 1717 3042 1788 παρουσίᾳ.
3083 1714 3302 1786 Ἐπειδὴ
3354 1715 3497 1788 γάρ·
3549 1715 3718 1784 Αὐτὴ

429 1781 679 1868 nonnulli
706 1810 973 1868 audeant:
1007 1781 1244 1882 primum
1265 1809 1331 1866 de
1353 1810 1639 1865 di\inilate
1665 1810 1837 1880 ipsius
1861 1809 2018 1865 intel-

2125 1807 2160 1875 ἠ
2215 1805 2402 1875 σοφία
2445 1781 2841 1876 ᾦκοδόμησειί
2885 1781 3074 1874 ἑαυτῇ
3123 1805 3230 1858 τὸν
3279 1781 3475 1859 ἄθιοῆ
3525 1807 3618 1858 καὶ
3668 1781 3720 1859 εί

432 1902 602 1972 ligere
633 1902 860 1955 omnino
907 1898 1062 1955 nefas
1099 1911 1218 1966 est;
1273 1898 1492 1965 deinde,
1541 1899 1588 1954 si
1619 1899 1778 1962 forte,
1830 1898 1898 1952 ad
1931 1912 2021 1952 as-

432 1996 709 2060 sumptam
745 1990 815 2044 ah
839 2003 905 2044 eo
931 1988 1175 2043 hominis
1197 1997 1452 2043 naturam
1477 1987 1773 2043 convenire
1794 1986 2016 2058 poterit.

429 2077 885 2149 Quandoquidem
913 2095 926 2133 :
975 2079 1255 2149 Sapientia
1283 2081 1399 2149 ipsa
1429 2080 1530 2134 sibi
1561 2080 1777 2134 domum
1805 2091 2018 2136 exstru-

429 2171 570 2225 ait‘.
629 2169 786 2236 Quod
830 2171 876 2226 si
925 2171 999 2224 ita
1043 2183 1143 2237 est,
1181 2175 1250 2228 ab
1298 2173 1537 2226 humana
1580 2179 1776 2226 natura
1811 2171 2018 2227 dictum

429 2261 735 2316 existimari
780 2262 932 2318 salva
970 2263 1173 2334 pietate
1216 2271 1419 2334 potest,
1453 2277 1578 2334 quae
1621 2266 1690 2318 de
1732 2263 2023 2319 divinitate

431 2368 531 2408 sua
565 2353 854 2424 loquatur:
903 2354 1163 2410 Dominus
1193 2357 1389 2410 creavit
1432 2371 1534 2421 me,
1580 2356 1684 2411 hoc
1721 2365 1827 2420 est,
1853 2355 2022 2411 aediﬁ-

429 2444 576 2499 cavit
619 2459 705 2501 me
736 2447 790 2500 in
827 2457 983 2502 utero
1017 2445 1236 2510 Marias,
1282 2447 1497 2502 initium
1535 2447 1741 2501 uiarum
1779 2461 2018 2512 suarum,

429 2538 486 2591 in
513 2553 672 2601 opera
696 2538 882 2608 ipsius.
914 2537 1138 2593 Initium
1167 2538 1373 2610 quippe
1401 2538 1644 2605 viarum,
1670 2549 1724 2594 et
1751 2538 2021 2594 adventus

433 2627 490 2682 in
521 2628 668 2683 hunc
694 2627 960 2683 mundum
994 2627 1223 2694 Christi,
1252 2643 1457 2700 corpus
1489 2627 1610 2699 ejus
1637 2636 1723 2684 est
1756 2645 1822 2684 ex
1851 2627 2022 2684 Maria

429 2726 733 2790 sumptum,
763 2721 829 2774 ad
859 2719 1088 2790 iustitia:
1120 2727 1176 2776 et
1232 2721 1431 2777 salutis
1463 2735 1602 2792 Opus
1635 2721 1888 2777 ascitum.
1915 2719 2022 2776 Ve—

429 2825 555 2866 rum
585 2811 746 2867 facile
778 2819 962 2868 mente
1017 2820 1208 2884 :aptus
1242 2813 1464 2884 aliquis,
1512 2821 1567 2869 et
1595 2814 1749 2883 gravi
1779 2813 1872 2868 illo
1903 2821 2021 2868 tan-

430 2913 598 2969 quam
623 2899 850 2956 vulnere
870 2901 1174 2966 saueiatus,
1201 2902 1405 2973 quique
1435 2902 1490 2957 in
1513 2901 1606 2957 Dei
1631 2899 1828 2956 Filium
1853 2902 2020 2957 animi

429 2993 669 3063 quodam
719 2993 848 3048 odio
891 2993 1132 3061 feratur,
1193 2995 1429 3051 ulterius
1483 2994 1803 3066 prosiliendi
1850 3010 1916 3050 ex
1955 3008 2022 3050 eo

2118 1900 2227 1970 ἄρα
2265 1898 2374 1953 ἀπὸ
2407 1896 2696 1970 προσώπου
2738 1897 2839 1969 τῆς
2877 1896 3042 1952 αὐτοῦ
3100 1896 3570 1968 ὲνανθρωπὴσεως
3623 1897 3715 1951 εὐ-

2124 1987 2298 2051 σεϐῶς
2337 1987 2578 2058 λεχθείη,
2614 1987 2690 2050 ὡς
2719 1989 2752 2058 ἡ
2791 1987 3052 2058 ἐνσαρκος
3085 1985 3250 2040 αὐτοῦ
3287 1987 3558 2059 παρουσία
3587 1987 3723 2058 περὶ

2118 2079 2217 2152 τῆς
2255 2079 2422 2133 αὑτοῦ
2453 2078 2705 2149 Θεότητος
2739 2079 2960 2146 φάσκει,
2997 2078 3079 2141 τό,
3126 2079 3340 2146 Κύριος
3379 2078 3589 2132 ἕκτισέ
3618 2095 3720 2149 με,

2121 2171 2423 2235 τουτέστιν,
2463 2170 2780 2242 ᾠκοδόμησέ
2824 2187 2890 2240 με
2926 2172 2983 2223 ἐν
3016 2170 3217 2240 γαστρὶ
3249 2168 3487 2240 Μαρίας,
3517 2169 3724 2238 ἀρχὴν

2121 2261 2278 2316 ὁδῶν
2330 2259 2519 2316 αὐτοῦ
2570 2263 2658 2328 εἰς
2706 2260 2855 2330 ἔργα
2905 2261 3115 2315 αὐτοῦ.
3173 2259 3372 2331 Ἀρχὴν
3419 2261 3530 2331 γὰρ
3579 2261 3724 2315 ὁδῶν

2119 2353 2219 2425 τῆς
2254 2353 2487 2408 καθόδου
2520 2352 2755 2425 Χριστοῦ
2809 2354 2889 2416 είς
2952 2352 3045 2406 τὸν
3098 2352 3302 2423 κόσμον
3347 2351 3407 2406 τὺ
3456 2351 3620 2422 σῶμα
3657 2355 3726 2406 ὲκ

2121 2443 2336 2516 Μαρίας
2365 2444 2426 2498 τὸ
2474 2443 2678 2516 ληφθὲν
2729 2445 2786 2497 ὲν
2836 2441 2915 2514 τῷ
2947 2442 3098 2514 ἔργῳ
3147 2441 3312 2496 αὐτοῦ
3364 2443 3464 2512 τῆς
3511 2443 3723 2496 δικαιο-

2122 2536 2290 2609 σύνης
2342 2537 2437 2589 καὶ
2493 2536 2786 2608 σωτηρίας.
2825 2534 2994 2589 Ἀλλὰ
3043 2535 3261 2599 πάντως
3313 2535 3724 2606 προπηδήσειεν

2120 2628 2152 2682 δ
2180 2628 2278 2700 τὴν
2318 2629 2544 2701 καρδίαν
2583 2627 2977 2700 βεσλαμμένος,
3029 2629 3126 2682 καλ⁵
3153 2627 3252 2699 τὴν
3301 2627 3480 2699 δεινὴν
3511 2628 3726 2700 ταύτην

2121 2721 2336 2792 πληγὴν
2368 2719 2772 2791 πεπληγμένος,
2820 2719 2951 2792 περὶ
2980 2717 3077 2773 τοῦ
3118 2707 3251 2773 Υίοῦ
3282 2719 3377 2773 τοῦ
3405 2718 3543 2774 Θεοῦ
3581 2720 3724 2790 ἔχων

2119 2814 2220 2884 τὴν
2266 2813 2464 2886 ἔχθραν
2495 2815 2552 2866 ὲν
2593 2816 2660 2886 τῇ
2692 2813 2925 2886 διανοίᾳ·
2966 2815 3070 2880 ὅτι,
3126 2815 3311 2886 φησὶν,
3345 2810 3526 2869 εἶπενο
3580 2817 3724 2869 Ἐὰν

2123 2905 2456 2976 drum-suco
2477 2905 2619 2975 ὑμῖν
2648 2905 2722 2960 τὰ
2747 2906 2875 2959 καθ’
2899 2904 3131 2975 ἡμέραν
3157 2908 3460 2976 γινόμενα,
3495 2922 3741 2975 μνημο-

2121 2995 2322 3050 νεύσω
2341 2995 2412 3049 τὰ
2430 2995 2498 3060 ἐξ
2518 2993 2732 3063 αἰῶνος
2755 2995 2901 3069 [καὶ]
2924 2997 3269 3067 ἀριθμῆσαι.
3298 2997 3407 3050 Καὶ
3454 2998 3612 3068 bay,
3640 2997 3724 3049 ὅτι

429 3099 622 3141 ansam
656 3086 902 3156 arripiet,
935 3087 1082 3157 quod
1118 3088 1399 3158 sequitur:
1445 3086 1507 3142 Si
1539 3087 1848 3142 nuntiavere
1874 3085 2018 3142 vobis

2125 3087 2190 3154 ἐξ
2218 3088 2434 3155 αἰῶνος
2455 3088 2604 3158 λέγει
2622 3105 2636 3119 ⁸
2668 3091 2701 3160 ή
2737 3090 2792 3142 δὲ
2818 3089 3079 3161 ἔνσαρκος
3104 3089 3240 3143 Θεοῦ
3261 3089 3538 3159 παρουσία
3574 3090 3725 3159 μετὰ

427 3193 548 3249 quc
584 3177 822 3249 quotidie
849 3180 1006 3248 ﬁunt,
1060 3195 1537 3234 commemorarem
1583 3195 1704 3250 qua:
1744 3195 1778 3232 a
1824 3179 2018 3233 sucula

2125 3181 2384 3251 ἑξήκοντα
2419 3179 2512 3233 δύο
2540 3180 2732 3252 γενεὰς
2765 3181 2873 3253 (90)
2909 3181 3050 3236 κατὰ
3103 3181 3192 3237 τὸν
3224 3181 3505 3236 Ματθαῖον
3553 3177 3722 3250 ἧλθε’

429 3279 574 3334 sunt,
605 3278 660 3322 ut
691 3285 1009 3325 enumerem.
1059 3269 1247 3335 Vides,
1291 3272 1569 3342 inquiunt,
1610 3270 1759 3341 quod
1788 3269 1948 3338 dixit,
1986 3287 2018 3324 a

2125 3270 2236 3334 πῶς
2259 3266 2351 3325 οὖν
2369 3266 2593 3324 ’δύναται
2623 3271 2693 3324 τὰ
2723 3271 2781 3339 ἐξ
2807 3273 2981 3344 ἀρχῆς
3005 3274 3199 3337 αίῶνος
3223 3274 3395 3344 τούτῳ
3426 3273 3723 3341 λέγεσ.αι;

431 3361 648 3416 ueruto.
705 3361 870 3431 Atqui
901 3361 992 3415 illa
1029 3362 1216 3418 carnis
1263 3362 1571 3434 assumptio
1622 3361 1844 3417 nonnisi
1893 3369 2017 3431 post
2048 3361 2187 3418 duas
2220 3371 2273 3417 et
2319 3365 2601 3435 sexaginta
2651 3366 3029 3435 generationes
3079 3364 3328 3420 Matthzeo
3359 3366 3536 3420 tesze'
3594 3379 3723 3419 con-

432 3455 576 3524 tigit.
600 3453 706 3516 Qui
745 3464 975 3522 possunt
1025 3454 1194 3526 igitur
1230 3470 1352 3525 quae
1385 3457 1455 3511 ab
1505 3456 1686 3521 initio,
1734 3464 1900 3527 atque
1934 3457 2003 3512 ab
2038 3467 2244 3513 aeterno
2277 3456 2520 3524 fuerunt,
2555 3459 2624 3513 ab
2657 3459 2749 3512 illo
2776 3461 3199 3515 commemorari
3230 3459 3253 3513 ?

508 3542 675 3598 XXII.
717 3542 912 3599 Verum
945 3546 1074 3600 caeci
1105 3546 1377 3610 homines,
1409 3562 1474 3602 ac
1518 3555 1627 3602 tota
1653 3547 1739 3603 via
1775 3549 2016 3606 veritatis

431 3637 774 3702 aberrantes,
831 3638 971 3691 hanc
1033 3653 1155 3693 esse
1205 3637 1501 3709 Scripturae
1565 3641 2015 3697 consuetudinem

432 3729 706 3800 ignorant,
750 3737 809 3782 ut
853 3743 1193 3800 quaecunque
1220 3729 1415 3788 docere
1448 3731 1596 3798 velit,
1632 3748 1740 3788 non
1772 3735 1840 3789 ab
1875 3734 2010 3790 anti-

430 3820 718 3890 quissimis
745 3821 1082 3892 temporibus
1127 3830 1356 3893 repetat,
1400 3831 1494 3878 aut
1543 3825 1615 3879 ab
1663 3825 1783 3896 ipso
1817 3827 2017 3897 capite,

433 3924 492 3969 ut
522 3915 594 3968 ita
615 3913 814 3979 dicam,
836 3924 1102 3981 arcessat,
1124 3916 1219 3971 sed
1243 3917 1310 3972 ab
1339 3917 1428 3982 iis,
1451 3933 1574 3988 quae
1596 3920 1840 3988 proxima
1866 3929 2017 3985 sunt,

433 4017 491 4061 ut
520 4006 668 4076 quod
707 4016 869 4062 antea
901 4009 1172 4063 exstiterit
1201 4016 1534 4079 postremum
1570 4010 1734 4084 746
1762 4013 2018 4084 appellet.

430 4101 608 4170 Atque
639 4113 702 4154 ea
734 4113 902 4154 causa
933 4110 1016 4155 est
1045 4115 1147 4156 cur
1172 4102 1373 4157 dixerit
1405 4119 1417 4154 :
1447 4102 1508 4158 Si
1538 4106 1846 4159 nuntiavero
1877 4105 2020 4160 vobis

419 4208 546 4262 qua:
601 4191 834 4262 quotidie
883 4193 1055 4262 ﬁunt;
1107 4194 1334 4259 deinde,
1379 4197 1799 4251 commemorabo
1833 4215 1948 4264 qum
1987 4211 2021 4249 α

330 4349 337 4357 κ
428 4285 624 4339 swculo
652 4295 811 4341 sunt:
846 4303 952 4358 qua
982 4288 1143 4343 etiam
1179 4286 1351 4360 Moysi
1383 4289 1619 4360 primum
1653 4288 1794 4347 Deus
1822 4291 2021 4346 arden—

2196 3551 2324 3604 KB’.
2364 3552 2475 3605 Καὶ
2502 3552 2602 3604 οὐκ
2633 3552 2834 3605 οἴδασιν
2859 3551 2911 3604 oi
2945 3550 3042 3622 τὴν
3073 3552 3253 3605 πᾶσαν
3298 3550 3415 3605 ὁδὸν
3443 3551 3545 3622 τῆς
3586 3551 3725 3622 ἀλη-

2133 3645 2285 3708 θείας
2335 3645 2771 3716 πεπλανημένοι,
2804 3646 2886 3702 ὅτι
2918 3644 3006 3700 ἀεὶ
3049 3647 3083 3714 ὴ
3132 3644 3252 3698 θεία
3297 3645 3489 3717 Γραφὴ
3541 3645 3726 3700 πάντα

2126 3739 2226 3793 ὅσα
2255 3739 2503 3810 βούλεται
2531 3740 2802 3795 διδάσκειν
2825 3743 3051 3813 ἄρχεται
3076 3741 3402 3812 διηγεῖσθαι,
3430 3743 3532 3796 οὐκ
3559 3741 3726 3807 εὐθὺς

2127 3834 2206 3896 εἰς
2234 3833 2294 3886 τὸ
2317 3833 2598 3905 ἀρχοῒζον,
2625 3833 2740 3898 καὶ,
2766 3835 2841 3898 ὼς
2868 3835 3063 3898 εἰπεῖν,
3094 3835 3172 3898 είς
3198 3833 3259 3887 τὸ
3282 3833 3575 3903 κεφάλαιον
3601 3835 3726 3887 ἔπιε

2129 3925 2402 3992 ὅὰλλεται,
2458 3926 2571 3980 ἀλλ’
2604 3927 2716 3982 ἀπὸ
2747 3927 2856 3980 τῶν
2899 3926 3215 3996 ὲγγυτάτων
3246 3926 3498 3998 ἄρχεται,
3535 3926 3626 3980 ἵνα
3659 3928 3728 3982 τὺ

2126 4021 2292 4089 προδν
2339 4018 2562 4090 ἔσχατον
2607 4018 2870 4091 σημαίνῃ.
2919 4017 3021 4072 Δια
3048 4016 3207 4072 τοῦτο
3256 4017 3366 4090 γὰρ
3397 4019 3492 4071 καὶ
3525 4014 3722 4072 εἶπεν·

2137 4110 2274 4164 Ἐὰν
2313 4111 2645 4180 arm-rebito
2678 4110 2820 4181 ὑμῖν
2858 4109 2931 4164 τὰ
2977 4111 3109 4165 καθ’
3139 4111 3370 4180 ἡμέραν
3407 4111 3720 4181 γινόμενα,

2125 4202 2234 4256 ἀπὸ
2266 4203 2468 4256 τούτων
2506 4202 2586 4266 δὲ,
2636 4204 3004 4270 Μνημονεὺω
3029 4203 3052 4236 ⁸
3094 4204 3194 4258 καὶ
3243 4202 3316 4256 τὰ
3353 4202 3422 4268 ἐξ
3463 4201 3684 4269 αίῶνος
3707 4219 3724 4234 ·

2125 4295 2200 4359 ὼς
2234 4296 2329 4349 καὶ
2357 4297 2436 4366 τῷ
2467 4297 2691 4350 Μωῦσεῖ
2718 4298 2992 4368 ἐσήμανεν
3022 4297 3050 4351 ὁ
3078 4296 3211 4361 Θεὸς
3248 4295 3463 4368 πρῶτον
3510 4295 3572 4348 τὸ
3608 4295 3727 4367 πῦρ

433 4383 541 4427 tem
574 4375 750 4444 ignem
784 4376 1106 4444 ostendit’;
1161 4379 1434 4448 pauloque
1463 4387 1588 4449 post
1626 4381 1677 4432 in
1705 4381 1881 4434 medio
1905 4382 2018 4436 rubi

2132 4387 2435 4458 καιόμενον,
2467 4387 2560 4442 καὶ
2591 4389 2648 4442 ὲν
2691 4389 2826 4459 πυρὶ
2865 4388 3026 4459 βάτου
3070 4389 3291 4459 γέγονεν
3321 4391 3355 4462 ἡ
3387 4390 3630 4444 ὀπτασὶα
3659 4390 3728 4443 τὸ

432 4462 687 4518 ἰιιευιιιίὶο
731 4465 908 4520 visum
943 4467 1074 4520 illud
1108 4468 1354 4522 oblatum
1389 4476 1493 4523 est.
1541 4469 1678 4524 Tum
1711 4473 1938 4540 angelus
1968 4473 2017 4528 ci

430 4553 662 4608 subinde
703 4556 919 4613 locutus
959 4567 1078 4626 est;
1134 4573 1199 4613 ac
1240 4571 1429 4628 postea
1464 4561 1726 4617 Dominus
1774 4581 1839 4619 ex
1883 4566 2019 4621 rubo

431 4648 687 4703 similiter
709 4650 908 4705 allatus
931 4658 1032 4706 est.
1067 4652 1134 4705 At
1157 4653 1270 4722 ipse
1297 4669 1405 4708 non
1439 4670 1502 4708 ea
1531 4655 1764 4711 subinde
1790 4673 1911 4727 qua:
1941 4659 2013 4713 vi-

429 4741 702 4797 debantur
744 4743 1030 4811 alloquens
1076 4744 1346 4814 requirit;
1403 4745 1498 4799 sed
1541 4745 1608 4800 de
1655 4747 1738 4800 his
1783 4764 1904 4817 qua:
1947 4751 2017 4805 ab

431 4834 588 4888 initio
618 4833 850 4899 fuerant,
879 4836 1201 4908 interrogat.
1240 4835 1386 4902 Veni,
1425 4837 1620 4905 inquit,
1651 4848 1700 4892 et
1731 4841 1938 4894 mittam
1968 4851 2018 4896 te

429 4929 500 4984 ad
527 4929 674 5000 ﬁlias
705 4928 896 4990 Israel.
923 4939 971 4984 εἰ
998 4929 1139 4984 dices
1165 4929 1234 4983 ad
1258 4946 1346 4984 eos
1368 4948 1386 4984 :
1416 4929 1554 4984 Deus
1577 4943 1788 4999 patrum
1817 4945 2015 4988 vestra-

428 5036 548 5075 rum
582 5021 730 5074 misit
761 5037 862 5084 me,
899 5020 1036 5076 Deus
1073 5020 1369 5086 Abraham,
1406 5020 1542 5076 Deus
1575 5021 1756 5090 Isaac,
1791 5039 1840 5079 et
1875 5027 2015 5082 Deus

428 5112 600 5168 Iacob
620 5113 664 5168 ⁸.
714 5112 812 5168 Ubi
857 5111 1228 5169 Abrahamum
1275 5114 1599 5181 nominavit,
1650 5118 1741 5187 qui
1777 5117 2016 5188 Moysent

428 5206 673 5276 quinque
715 5211 810 5258 aut
857 5220 951 5258 sex
998 5205 1455 5275 generationibus
1503 5209 1823 5264 antecessit.
1879 5210 2016 5264 Cum

430 5307 611 5354 autem
645 5298 811 5353 Deum
837 5307 1073 5366 patrum,
1097 5297 1255 5363 dixit,
1285 5299 1429 5368 quod
1459 5301 1746 5374 antiquum
1780 5313 1898 5358 erat
1931 5307 2016 5357 in-

429 5391 651 5447 dicavit.
699 5393 771 5446 At
797 5389 1010 5463 Moyses
1036 5391 1299 5462 singulari
1325 5394 1560 5464 quadam
1595 5395 1886 5465 prudentia
1924 5396 2017 5451 Dei

504 5547 522 5578 ί
559 5546 722 5601 Prov.
756 5564 831 5614 Ix,
870 5549 920 5602 Ι.
998 5550 1018 5580 ¹
1051 5548 1239 5604 Matth.
1282 5568 1320 5614 ι,
1363 5550 1384 5605 1
1417 5567 1538 5620 sqq.

1619 5551 1640 5582 ³
1675 5550 1846 5608 Exod.
1878 5566 1959 5615 Ill,
1991 5549 2027 5603 Ε).
2056 5567 2177 5620 sqq.

2124 4477 2368 4550 ἔναγχος.
2399 4480 2664 4550 Ἀγγελος
2692 4481 2748 4536 δὲ
2789 4482 2937 4554 αὑτῷ
2969 4483 3266 4554 λελάληκεν
3314 4484 3517 4546 εὐθέως
3537 4500 3551 4514 ⁸
3587 4500 3725 4554 μετ-

2123 4572 2314 4627 έπειτα
2367 4573 2424 4626 δὲ
2459 4573 2660 4646 Κύριος
2697 4575 2805 4629 ἀπὸ
2838 4576 2936 4646 τῆς
2972 4575 3154 4646 βάτου.
3196 4577 3258 4630 Ὁ
3282 4576 3339 4629 δὲ
3370 4575 3509 4648 πρὸς
3556 4577 3728 4630 αὐτὸν

2123 4666 2286 4730 εὐθὺς
2307 4667 2367 4721 οὐ
2389 4667 2457 4720 τὰ
2487 4667 2738 4740 ὁρώμενα
2770 4669 2942 4740 ζητεῖ,
2975 4669 3110 4722 ἀλλὰ
3133 4669 3202 4722 τὰ
3225 4670 3481 4740 ἀπαρχῆς
3513 4671 3722 4740 ἐρωτᾷ.

2122 4757 2304 4827 Δεῦρο
2333 4759 2463 4830 γὰρ,
2497 4761 2678 4831 φησὶν,
2712 4761 3053 4815 ἀποστείλω
3081 4776 3156 4816 σε
3188 4761 3338 4829 πρὸς
3371 4762 3516 4828 τοὺς
3548 4765 3726 4828 υἱοὺς

2136 4849 2395 4918 Ἰσραὴλ,
2427 4851 2526 4904 καὶ
2554 4852 2707 4920 ἐρεῖς
2737 4854 2887 4921 πρὸς
2919 4854 3164 4919 αὐτοὺς,
3199 4853 3289 4906 ὅτι
3325 4854 3378 4906 Ὁ
3414 4854 3563 4920 Θεὸς
3601 4855 3727 4908 τῶν

2124 4943 2396 5012 πατέρων
2445 4943 2616 5014 ἡμῶν
2653 4947 3002 5006 ἀπέσταλθιέ
3043 4965 3140 5016 με,
3178 4952 3210 5002 ό
3253 4948 3397 5014 Θεὸς
3437 4951 3723 5020 Ἀϐραὰμ,

2124 5036 2224 5089 καὶ
2259 5039 2292 5090 ό
2331 5037 2476 5104 Θεὸς
2517 5037 2744 5100 Ἰσαὰκ,
2799 5039 2900 5094 καὶ
2945 5042 2976 5093 ό
3015 5041 3160 5106 Θεὸς
3201 5041 3418 5106 Ἰακὼϐ,
3455 5042 3564 5113 πρὸ
3622 5061 3724 5112 γε·

2124 5124 2260 5178 νεῶν
2291 5125 2384 5178 τοῦ
2424 5128 2699 5191 Μωῡσέως
2733 5130 2959 5200 πέντεῆ
3001 5129 3060 5195 ἓξ
3101 5131 3378 5201 ὀνομάσας
3427 5135 3552 5196 τοὺς
3591 5136 3728 5205 περὶ

2136 5214 2406 5286 Ἁϐραάμ.
2438 5219 2546 5271 Καὶ
2587 5219 2776 5290 ἐπειδὴ
2825 5215 2945 5272 εἷπε
2983 5219 3135 5274 Θεὸν
3171 5220 3288 5274 τῶν
3323 5221 3617 5292 πατέρων,
3661 5225 3729 5276 τὸ

2124 5308 2349 5378 ἀρχαῖον
2384 5310 2719 5381 ἀπεφήνατο.
2761 5313 2819 5364 'U
2848 5313 2906 5365 δὲ
2938 5313 3199 5384 Μωῦσῆς,
3233 5315 3547 5368 συνέσει’ἐκ
3579 5315 3727 5367 Θεοῦ

2127 5400 2598 5471 κεχαριτωμένος,
2649 5403 2836 5474 ἠρώτα
2870 5405 2930 5458 οὑ
2977 5403 3179 5472 ταῦτα,
3225 5405 3365 5459 ἀλλὰ
3401 5408 3496 5460 καὶ
3529 5406 3590 5459 τὸ
3638 5406 3724 5459 ἔτι

2259 5552 2280 5583 ⁸
2312 5553 2444 5608 ibid.
2495 5557 2555 5610 15
2587 5573 2706 5628 sqq.
2785 5561 2806 5590 ⁸
2841 5560 2966 5614 Cor.
3006 5561 3388 5632 μνημονεύσω.

500 5701 615 5769 (90)
653 5703 814 5786 Μεςὰ
845 5702 1141 5786 ἐξήκοντα
1171 5707 1281 5760 δύο
1319 5706 1552 5786 ferreae.
1608 5708 1690 5762 Ab
1719 5707 1927 5774 Adaljlo
1954 5705 2018 5760 ad

2125 5708 2426 5763 n'ahamum
2456 5713 2640 5782 γενεαί
2671 5723 2798 5770 sunt
2837 5732 2938 5786 xx;
2965 5717 3032 5773 ab
3066 5717 3381 5775 Abrabatuo
3437 5715 3508 5774 ad
3552 5713 3722 5772 Chri—

431 5780 576 5828 stum
608 5787 739 5841 xui,
759 5773 858 5829 hoc
887 5784 969 5831 est
1001 5786 1080 5832 ter
1112 5773 1554 5848 quatuoidCcim.
