3994 6226
327 317 431 374 237

997 309 1364 370 ADVERSUS
1404 308 1743 365 HAERESES
1779 306 1905 363 LIB.
1949 306 2013 363 ll.
2055 306 2218 362 ΤΟΜ.
2260 305 2322 360 II.
2366 337 2433 347 —
2471 308 2749 365 HIERES.
2782 307 2967 365 LXIX.

3460 310 3569 367 238

329 436 625 498 ἀνώτατον,
676 434 757 487 ὅτι
799 431 934 486 Ἐὰν
964 433 1199 487 ἀπέλθω
1240 432 1391 499 πρὸς
1423 429 1661 495 αὐτοὺς.
1696 430 1792 482 καὶ
1824 428 1904 481 εἴ.-

2021 425 2269 484 ieneﬁcio
2298 425 2580 493 praeditus,
2612 424 2748 479 nihil
2780 426 2846 480 de
2875 425 2962 479 his
2997 421 3309 479 sciscitatus
3337 431 3439 487 est,
3473 426 3567 479 sed

328 540 486 578 πωσι
517 526 665 593 πρὸς
698 524 804 594 με’
843 526 903 577 Τί
933 521 1091 588 αὐτῷ
1123 522 1344 591 ὄνομα;
1372 522 1429 573 τί
1456 520 1569 588 ἐγὼ
1608 518 1756 587 πρὸς
1799 520 1903 571 αὐ·-

327 616 505 680 τούς;
547 615 602 667 Ὀ
641 613 697 665 δὲ
744 613 927 666 λοιπὸν
978 612 1374 671 ἀποκαλύπτει·
1414 609 1559 680 Ἐγώ
1590 613 1701 678 ειμι
1733 612 1767 662 ό
1799 608 1900 662 ὡν.

328 705 446 757 Καὶ
476 704 542 756 τὰ
578 702 677 771 μὲν
714 704 904 773 πρῶτα
931 702 1037 755 ἀπὸ
1080 702 1189 755 τῶν
1222 701 1532 769 ὲγγυτάτων
1563 699 1786 770 ἤρξατο,
1827 700 1907 761 εἰς

330 794 557 864 ἔσχατον
589 795 645 847 δὲ
682 794 741 846 τὸ
770 794 1040 849 ἀνώτατον
1071 793 1273 864 ἐδήλου.
1312 790 1469 844 Ἀλλὰ
1510 792 1601 843 καὶ
1632 792 1660 842 6
1694 790 1906 852 Λουκᾶς

330 885 558 956 ἄρχεται
582 886 689 937 ἀπὸ
712 872 820 937 τῶν
848 885 996 937 κάτω
1021 884 1113 937 καὶ
1145 881 1447 949 ἐγγυτάτω,
1473 882 1555 933 ὅτι
1580 876 1699 934 ἾΙν
1725 877 1907 943 αὐτὸς

331 980 369 1030 ό
404 976 633 1043 Ἰησοῦς
658 978 989 1045 ἀρχόμενος
1013 975 1091 1038 ὼς
1118 973 1267 1026 ἐτῶν
1292 974 1624 1041 τριάκοντα,
1647 969 1732 1023 ὢν
1752 970 1904 1034 υἱὸς,

330 1070 413 1133 ὡς
438 1066 753 1137 ἐνομίζετο,
784 1066 890 1120 τοῦ
926 1066 1165 1133 Ἰωσὴφ,
1202 1065 1307 1118 τοῦ
1334 1063 1475 1125 Ἠλὶ,
1506 1065 1610 1116 τοῦ
1642 1061 1905 1125 Ματθιῐν,

333 1159 443 1212 τοῦ
473 1159 697 1222 Νάθαν,
745 1158 852 1212 τοῦ
884 1158 1081 1222 Δαϐὶδ,
1141 1157 1247 1211 τοῦ
1286 1156 1491 1220 Ἰούδα,
1535 1156 1642 1208 τοῦ
1683 1152 1906 1217 Ἰακὼϐ,

332 1250 443 1305 τοῦ
478 1250 741 1319 Ἀϐραὰμ,
764 1251 870 1305 τοῦ
890 1249 1239 1319 Ναχὼρ,τοῦ
1261 1248 1407 1311 Νῶε,
1432 1246 1538 1300 τοῦ
1554 1245 1773 1314 Λάμεχ,
1801 1243 1907 1297 τοῦ

347 1340 559 1409 Ἑνὼχ,
578 1340 680 1394 τοῦ
698 1341 840 1408 Σὴθ,
855 1341 961 1394 τοῦ
978 1341 1167 1409 Ἀδὰμ,
1186 1340 1291 1392 τοῦ
1306 1338 1471 1392 Θεοῦ.
1490 1338 1598 1391 Καὶ
1618 1338 1770 1407 ὁρᾷς,
1790 1335 1908 1398 πῶς

330 1431 429 1501 τὴν
471 1431 732 1501 ἑνσαρκον
782 1432 1079 1503 παρουσίαν
1110 1430 1323 1501 πρῶτον
1353 1428 1570 1495 ἔδειξεν,
1613 1430 1802 1482 ἔπειτα
1847 1429 1909 1481 τὸ

329 1524 579 1592 ἔσχατον,
609 1523 699 1575 Διὸ
737 1523 829 1576 καὶ
879 1522 1152 1585 Ματθαῖος
1192 1522 1333 1575 κατὰ
1378 1522 1477 1591 τὴν
1505 1521 1766 1591 ἔνσαρκον
1813 1537 1907 1589 γε·

328 1613 635 1681 νεαλογίαν,
670 1614 985 1686 βουλόμενος
1012 1617 1344 1683 καταγαγεῖν
1372 1614 1467 1684 τὴν
1493 1613 1728 1685 Χριστοῦ
1770 1630 1905 1684 παρα

328 1708 518 1760 ουσίαν
548 1710 626 1770 είς
669 1709 766 1778 τὴν
807 1708 915 1761 τῶν
962 1706 1262 1778 ἀνθρώπων
1295 1706 1552 1769 διάνοιαν,
1597 1707 1697 1759 οὐκ
1748 1705 1908 1769 εὐθὺς

330 1792 507 1860 εἶπεν,
546 1797 625 1850 ὅτι
666 1796 915 1863 Γένεσις
954 1797 1147 1864 Ἰησοῦ
1184 1796 1441 1866 Χριστοῦ
1474 1795 1608 1850 υἱοῦ
1643 1795 1905 1864 Ἀϐραὰμ,

2021 1792 2342 1847 mentionem
2373 1807 2495 1848 esse
2534 1792 2729 1847 factam
2779 1811 2790 1845 :

330 1888 469 1941 ἀλλά
495 1888 627 1943 υἱοῦ
651 1889 829 1943 Δαϐὶδ
854 1890 1086 1960 πρῶτον,
1117 1885 1235 1943 εἶτα
1269 1888 1402 1942 υίοῦ
1438 1888 1700 1958 Ἀϐραὰμ,
1738 1888 1823 1941 ἵνα
1848 1889 1909 1941 τὸ

332 1981 649 2053 πρόσφατον
679 1983 973 2053 ὁρώμενον,
1004 1982 1097 2035 καὶ
1139 1981 1199 2033 τὸ
1250 1980 1475 2049 ἔγγιστα
1520 1979 1913 2051 συγκροτούμε-

330 2088 445 2136 νον,
482 2073 576 2124 καὶ
604 2072 663 2124 τὸ
692 2072 771 2125 ἔτι
812 2070 1079 2141 ἀνώτερον
1114 2071 1459 2125 ὑποδεικνύον
1485 2071 1525 2135 ¹,
1560 2071 1621 2124 τὸ
1651 2071 1730 2124 ἔτι
1769 2069 1909 2141 ὑπὲρ

332 2164 514 2214 πᾶσαν
549 2164 721 2216 κτίσιν
756 2163 973 2235 σημάνῃ
1003 2164 1381 2233 ἀναφαίρετον.

2006 518 2152 587 quod
2177 516 2606 570 vetustissimum
2637 522 2721 569 est
2749 514 3015 584 quaesivit.
3056 513 3136 579 Si,
3165 514 3359 582 inquit,
3382 515 3569 567 vadum

2005 609 2072 663 ad
2100 609 2241 671 illos,
2274 618 2322 661 et
2352 607 2578 659 dixerint
2606 606 2763 659 mihi:
2813 605 2965 671 Quod
2991 615 3066 659 est
3094 606 3141 659 ei
3176 609 3401 661 nomen?
3445 608 3567 675 quid

2004 701 2111 754 illis
2158 696 2518 768 respondebo?
2564 697 2805 751 Tandem
2854 712 2983 765 ergo
3017 696 3158 751 Deus
3208 698 3447 767 scipsnm
3494 699 3569 751 illi

2006 790 2361 862 patefaciens,
2401 788 2531 857 Ego,
2560 789 2753 857 inquit,
2780 803 2893 840 sum
2924 789 3011 857 qui
3036 804 3171 840 sum.
3210 786 3311 843 Ubi
3338 791 3569 858 primum
3624 848 3633 856 κ

2007 883 2074 937 ab
2103 883 2169 935 iis
2199 895 2318 950 quae
2352 881 2597 949 proxima
2631 886 2785 934 erant
2820 878 3105 946 incepisse,
3148 887 3261 933 tum
3299 889 3573 950 postremo

2006 973 2151 1045 quod
2198 988 2469 1028 sunnnum
2501 979 2555 1025 et
2595 971 2842 1024 ultimum
2888 979 3005 1023 erat
3050 971 3359 1027 declarasse
3396 975 3573 1027 cerni-

2009 1084 2151 1122 IIIlIS.
2197 1066 2394 1119 Eodem
2430 1064 2592 1118 modo
2626 1063 2800 1117 Lucas
2830 1062 2899 1114 ab
2927 1062 3128 1115 inlim's
3162 1076 3224 1115 ac
3257 1064 3459 1119 citiniis
3485 1080 3575 1119 or-

2007 1160 2170 1214 ditur.
2206 1156 2326 1226 Ipse
2359 1156 2537 1219 Jesus,
2573 1156 2767 1224 inquit,
2809 1165 2924 1207 erat
2957 1154 3209 1221 incipiens
3237 1156 3387 1223 quasi
3409 1162 3576 1210 aimb-

2008 1260 2125 1297 rum
2156 1244 2391 1313 triginta,
2412 1243 2576 1311 ﬁlius,
2596 1253 2651 1294 ut
2674 1241 3314 1311 putabatur,Joseph,qui
3340 1244 3439 1312 fuit
3465 1242 3576 1307 Eli,

2006 1337 2095 1405 qui
2134 1334 2234 1403 fuit
2274 1332 2518 1397 Malliau,
2559 1333 2646 1403 qui
2692 1332 2793 1401 fuit
2841 1330 3079 1396 Nathan,
3123 1335 3213 1402 qui
3248 1334 3349 1402 fuit
3383 1336 3574 1400 David,

2007 1426 2097 1495 qui
2118 1426 2216 1494 fuit
2246 1424 2427 1492 Iuda),
2459 1426 2545 1495 qui
2577 1424 2676 1492 fuit
2703 1423 2891 1488 Iacob,
2920 1428 3009 1494 qui
3037 1428 3137 1494 fuit
3170 1426 3459 1493 Abraham,
3488 1436 3577 1499 qui

2008 1518 2108 1586 fuit
2142 1516 2378 1583 Nachor,
2429 1519 2518 1587 qui
2560 1518 2661 1586 fuit
2686 1514 2821 1581 Noe,
2858 1519 2949 1587 qui
2987 1518 3085 1587 fuit
3116 1518 3325 1585 Lamec,
3360 1523 3449 1592 qui
3477 1523 3577 1591 fuit

2012 1610 2211 1674 Enoclt,
2247 1610 2337 1678 qui
2360 1609 2459 1679 fuit
2497 1608 2643 1672 Setlt,
2674 1610 2763 1680 qui
2806 1612 2906 1671 fuit
2941 1611 3132 1678 Adam,
3161 1615 3250 1682 qui
3289 1614 3389 1682 fuit
3422 1613 3575 1672 Dei”.

2010 1700 2070 1754 In
2113 1701 2311 1770 quibus
2360 1700 2746 1757 animadvertis
2803 1702 3034 1773 primum
3085 1717 3352 1776 suscepere
3395 1709 3579 1764 carnis

2846 1792 3042 1849 deinde
3073 1797 3215 1864 quod
3246 1806 3579 1867 postremum

2014 1893 2132 1941 erat
2162 1886 2440 1956 injectum.
2487 1886 2660 1952 Quam
2697 1888 2768 1942 ob
2803 1903 3024 1944 causam
3056 1888 3340 1947 Matthzeus
3365 1909 3583 1963 quoque

2010 1977 2300 2032 adventum
2333 1992 2458 2031 cum
2491 1993 2657 2033 carne
2693 1979 2893 2035 Christi
2928 1982 2993 2035 ad
3023 1981 3300 2036 hominum
3333 1986 3582 2040 notitiam

2011 2069 2329 2140 perducere,
2367 2085 2431 2123 ac
2453 2071 2701 2139 corporis
2725 2071 3034 2142 prosapiam
3062 2082 3344 2143 pertexere
3373 2077 3582 2143 volens,

2011 2175 2121 2213 non
2172 2160 2252 2214 sic
2297 2174 2527 2215 exorsus
2564 2169 2646 2215 est
2685 2178 2699 2214 :
2748 2160 3025 2216 Ceneratio
3052 2162 3179 2218 Jesu
3210 2164 3428 2231 Christi,
3484 2168 3584 2237 ﬁlii

332 2255 606 2308 Abraham
624 2257 661 2320 ⁸,
688 2255 781 2311 sed
807 2256 1038 2324 primum
1065 2255 1168 2322 lilii
1193 2254 1385 2322 David,
1414 2261 1600 2325 postea
1630 2253 2041 2323 ﬁliiAbraham,
2076 2259 2132 2305 ut
2163 2252 2309 2322 quod
2373 2266 2566 2307 recens
2618 2260 2704 2308 est
2763 2265 3135 2325 cormpectum.
3170 2273 3234 2313 ac
3265 2259 3408 2329 quod
3461 2275 3589 2330 pro-

333 2349 542 2401 ximum
590 2357 673 2403 est
712 2348 1110 2413 conﬁrmatum,
1158 2348 1413 2419 quodque
1451 2349 1705 2419 superius
1731 2349 1911 2404 adhuc
1948 2357 2034 2407 est
2081 2340 2354 2415 indicans,
2406 2345 2538 2401 illud
2572 2362 2676 2401 una
2712 2347 3004 2419 signiﬁcet,
3034 2352 3177 2423 quod
3229 2363 3439 2411 creatas
3498 2370 3587 2411 res

335 2456 532 2496 Omnes
564 2449 807 2510 supcrat,
844 2434 1156 2512 auferrique
1184 2459 1294 2498 non
1328 2452 1527 2514 potest.

445 2530 571 2583 Kl".
612 2527 702 2605 Διὸ
744 2530 838 2582 καὶ
866 2533 894 2583 6
932 2531 1182 2603 Ἰωάννης
1220 2532 1387 2585 ἐλθὼν
1425 2533 1453 2584 6
1485 2531 1773 2603 μακάριος,
1818 2531 1913 2584 καὶ

334 2620 511 2693 εὑρὼν
535 2622 661 2684 τοὺς
698 2619 1016 2691 ἀνθρώπους
1045 2622 1245 2694 ἠσχολη
1255 2623 1445 2693 μένους
1482 2622 1609 2693 περὶ
1636 2622 1734 2692 τὴν
1762 2620 1913 2675 κάτω

337 2711 576 2783 Χριστοῦ
620 2713 943 2782 παρουσίαν,
988 2714 1083 2766 καὶ
1118 2714 1225 2767 τῶν
1258 2713 1357 2784 μὲν
1400 2712 1725 2767 Ἐὁιωναίων
1772 2711 1909 2765 πλα-

338 2804 615 2873 νηθέντων
666 2803 753 2857 διὰ
805 2802 902 2874 τὴν
958 2804 1221 2876 ἔνσαρκον
1268 2804 1504 2876 Χριστοῦ
1564 2803 1913 2873 γενεαλογίαν

338 2895 449 2948 ἀπὸ
486 2895 735 2966 Ἀϐραὰμ
771 2895 1168 2967 καταγομένην,
1196 2896 1290 2949 καὶ
1322 2898 1503 2951 Λουκᾶ
1526 2899 1546 2927 ²
1574 2896 1915 2965 ἀναγομένην

340 2988 468 3056 ἄχρι
509 2986 602 3039 τοῦ
640 2986 828 3057 Ἀδὰμ,
878 2987 1054 3057 εὑρὼν
1096 2986 1153 3040 δὲ
1203 2989 1328 3050 τοὺς
1376 2987 1771 3058 Κηρινθιανοὺς
1818 2985 1911 3039 καὶ

2086 2526 2273 2582 XXIII.
2308 2526 2577 2594 Quocirca
2630 2528 2824 2585 beatus
2868 2529 3106 2589 Joannes
3152 2546 3274 2605 post
3315 2538 3452 2596 alios
3496 2556 3587 2598 ve-

1998 2612 2194 2684 niens,
2229 2632 2351 2673 cum
2398 2618 2647 2674 homines
2687 2620 2742 2674 in
2772 2620 2957 2677 inﬁma
2985 2624 3186 2681 Christi
3215 2638 3409 2685 natura
3444 2641 3589 2691 totos

2017 2711 2273 2780 occupari
2313 2720 2582 2775 cerneret,
2626 2722 2789 2781 atque
2830 2712 3113 2772 Ebionaeos
3156 2719 3225 2774 ob
3267 2735 3586 2792 corpoream

2018 2800 2221 2856 Christi
2264 2802 2633 2872 genealogiam
2682 2804 2751 2858 ab
2781 2803 3091 2863 Abraliamo
3125 2808 3434 2879 deductam,
3464 2823 3518 2869 et
3556 2831 3588 2871 a

2019 2891 2166 2946 Luca
2197 2892 2264 2946 ad
2293 2892 2559 2947 Adamum
2604 2908 2777 2963 usque
2821 2911 3041 2951 sursum
3076 2907 3388 2968 provectam
3418 2904 3473 2958 in
3501 2921 3589 2961 er-

2019 2999 2199 3039 rorem
2243 2983 2507 3039 abductos
2545 2984 2750 3039 videret
2795 3004 2809 3040 :
2863 2987 2973 3042 imo
3010 2997 3065 3043 et
3102 2990 3483 3050 Cerinthianos
3522 3012 3587 3051 ac

342 3074 743 3147 Μηρινθιανοὺς
791 3077 855 3130 ὲκ
890 3078 1235 3148 παρατριὸἧς
1282 3078 1440 3131 αὑτὸν
1473 3078 1731 3146 λέγοντας
1774 3071 1913 3130 εἶναι

2021 3073 2409 3128 Merinthianos
2437 3088 2504 3128 ex
2537 3072 2697 3145 747
2731 3073 3019 3147 utriusque
3047 3093 3211 3135 sexus
3242 3084 3585 3152 copulatione

341 3166 496 3234 ψιλὸν
532 3165 833 3236 ἄνθρωπον,
881 3167 974 3219 καὶ
1016 3169 1139 3229 τοὺς
1177 3166 1562 3237 Ναζωραίους,
1612 3166 1708 3221 καὶ
1751 3165 1916 3229 ἄλλας

344 3256 545 3316 πολλὰς
613 3255 871 3325 αἱρέσεις,
904 3256 978 3321 ὡς
1020 3257 1245 3311 κατόπιν
1291 3256 1456 3310 ἐλθὼν
1489 3257 1766 3328 (τέταρτος
1811 3256 1918 3328 γὰρ

344 3339 499 3409 οὗτος
541 3344 997 3415 εὐαγγελίζεται),
1028 3347 1252 3419 ἄρχεται
1281 3346 1685 3411 ἀνακαλεῖσθαι,
1720 3346 1794 3409 ὡς
1841 3347 1919 3398 εί-

348 3441 490 3501 πείν,
514 3438 637 3502 τοὺς
665 3438 1053 3509 πλανηθέντας,
1082 3441 1177 3493 καὶ
1221 3438 1421 3511 ἠσχολη
1431 3439 1622 3509 μένους
1666 3438 1793 3511 περὶ
1821 3438 1919 3508 τὴν

348 3530 500 3582 κάτω
524 3528 758 3600 Χριστοῦ
784 3531 1104 3602 παρουσίαν,
1136 3531 1228 3584 καὶ
1254 3531 1428 3599 λέγειν
1457 3531 1658 3594 αὐτοῖς,
1690 3531 1765 3593 ὡς
1787 3546 1919 3582 κατ-

348 3620 473 3675 όπιν
526 3620 741 3689 βαίνων,
789 3622 881 3675 καὶ
929 3620 1069 3693 ὁρῶν
1128 3638 1279 3685 τινας
1341 3624 1419 3685 είς
1465 3622 1721 3691 τραχείας
1770 3620 1921 3684 ὁδοὺς

345 3711 692 3777 κεκλικότας,
730 3714 821 3765 καὶ
856 3712 1090 3782 ἀφέντας
1133 3712 1231 3784 τὴν
1272 3712 1482 3766 εὐθεῖαν
1512 3714 1606 3766 καὶ
1642 3712 1921 3785 ἀληθινὴν,

348 3810 428 3866 ὼς
468 3804 664 3857 εἰπεῖν’
696 3805 793 3856 Ποῖ
822 3804 1088 3874 φέρεσθε-;
1125 3808 1215 3856 ποῖ
1242 3804 1517 3874 βαδίζετες
1548 3806 1611 3858 Οἱ
1653 3806 1753 3877 τὴν
1796 3822 1925 3878 τρα-

352 3896 505 3961 χεῖαν
527 3894 639 3947 όδὸν
672 3895 765 3948 καὶ
801 3894 1165 3964 σκανδαλώδη,
1193 3896 1288 3949 καὶ
1316 3897 1395 3959 είς
1427 3896 1615 3967 χάσμα
1654 3896 1924 3967 φέρουσαν

351 3982 681 4051 βαδίζοντες,
708 3986 1085 4056 ἀνακάμψατε.
1116 3986 1229 4040 Οὐκ
1256 3986 1399 4040 ἔστιν
1424 3988 1594 4051 οὕτως
1614 4005 1625 4017 ·
1652 3990 1751 4042 οὐκ
1777 3989 1925 4043 ἔστιν

355 4075 465 4127 ἀπὸ
501 4076 718 4146 Μαρίας
749 4077 907 4146 μόνον
943 4079 971 4130 6
1005 4077 1140 4140 Θεὸς
1165 4078 1355 4146 Λόγος,
1388 4080 1415 4131 6
1444 4080 1506 4130 ἐκ
1530 4079 1741 4150 Πατρὸς
1786 4079 1927 4133 ἀνω-

366 4162 460 4216 θεν
518 4165 909 4234 γεγεννημένος
934 4182 947 4195 ·
1005 4166 1104 4218 οὐκ
1162 4165 1308 4219 ἔστιν
1384 4166 1491 4219 ἀπὸ
1562 4166 1668 4219 τῶν
1724 4168 1927 4238 χρόνων

368 4254 568 4323 Ἰωσὴφ
608 4254 702 4307 τοῦ
736 4255 938 4323 ταύτης
969 4256 1242 4328 όρμαστοῦ
1274 4256 1294 4286 ³
1319 4256 1460 4326 (9l)°
1491 4258 1590 4310 οὐκ
1625 4257 1769 4311 ἔστιν
1820 4258 1925 4310 ἀπὸ

356 4347 465 4399 τῶν
508 4348 709 4419 χρόνων
756 4347 1044 4420 Σαλαθιήλ,
1082 4349 1174 4402 καὶ
1219 4349 1553 4420 Ζοροϐάϐελ,
1595 4349 1688 4402 καὶ
1740 4350 1924 4415 Δαϐὶδ,

2021 3176 2229 3215 nierum
2277 3162 2549 3217 hominem
2582 3174 2767 3217 natum
2806 3165 2958 3220 illum
3002 3182 3283 3238 asserere;
3335 3172 3588 3244 idemque

2020 3260 2073 3305 et
2112 3250 2417 3317 Nazarzeos,
2472 3259 2527 3306 et
2556 3252 2844 3308 nonnullas
2891 3254 3024 3311 alias
3067 3256 3301 3315 hzereses
3342 3263 3586 3331 sentire;

2020 3350 2281 3413 tanquam
2338 3351 2645 3412 postremus
2693 3346 2937 3400 omnium
3002 3346 3253 3418 (quartus
3307 3353 3448 3407 enim
3498 3353 3588 3409 hic

2023 3432 2371 3505 Evangelium
2403 3436 2643 3492 scribere
2666 3451 2958 3508 aggressus
2978 3440 3083 3512 est)
3106 3441 3421 3499 aberrantes
3442 3445 3599 3509 illos,‘

2023 3534 2077 3581 ct
2102 3526 2156 3579 in
2183 3528 2475 3580 humanam
2501 3526 2706 3583 Christi
2733 3532 3135 3599 generationem
3166 3534 3289 3604 plus
3312 3551 3471 3605 quam
3495 3553 3592 3607 par

2023 3628 2169 3672 esset
2187 3619 2425 3672 intentos
2437 3633 2691 3674 revocare
2707 3620 2962 3685 instituit,
2970 3623 3299 3694 perindeque
3312 3640 3375 3682 ac
3389 3627 3434 3681 si
3452 3644 3592 3685 non-

2024 3714 2207 3768 nullos
2230 3728 2327 3783 per
2349 3713 2504 3768 devia
2526 3729 2590 3769 ac
2613 3716 2892 3771 salebrosa
2907 3717 3174 3788 divagari,
3201 3734 3327 3774 vera
3352 3735 3416 3776 ac
3443 3730 3592 3776 recta

2024 3804 2112 3858 via
2139 3802 2419 3867 derelicta,
2453 3820 2593 3874 pone
2624 3805 2910 3860 ambulans
2940 3817 3208 3873 cerneret,
3241 3825 3305 3864 ea
3332 3809 3595 3879 quodam-

2026 3895 2187 3949 modo
2212 3902 2295 3950 est
2323 3896 2615 3951 allocutus.
2650 3896 2769 3962 Quo
2803 3898 3065 3954 tenditis?
3087 3915 3265 3970 quove
3300 3903 3399 3957 iter
3430 3902 3597 3957 habe-

2027 3985 2137 4039 tisi
2174 3983 2283 4039 Vos
2310 3986 2403 4055 qui
2434 4001 2687 4056 asperum
2710 3994 2763 4041 et
2792 3987 3061 4045 lubricum
3084 3991 3189 4045 iter
3211 3994 3430 4062 tenetis,
3448 3996 3593 4064 quod

2029 4075 2085 4129 in
2119 4079 2429 4146 voraginem
2466 4087 2520 4133 et
2559 4078 2919 4148 praecipitium
2953 4080 3175 4144 desinit,
3206 4082 3397 4152 pedem
3442 4086 3597 4142 reﬂe-

2030 4164 2178 4218 ctite.
2216 4165 2333 4219 Non
2368 4168 2441 4221 ita
2472 4176 2531 4220 ut
2566 4169 2768 4237 putatis
2802 4183 2922 4223 sese
2956 4184 3043 4223 res
3083 4170 3277 4239 habet;
3328 4189 3503 4244 neque
3529 4192 3596 4231 ex

2032 4257 2146 4311 sola
2179 4256 2346 4311 Maria
2379 4259 2469 4312 Dei
2498 4257 2731 4313 Verbum
2762 4259 2965 4315 editum
2996 4269 3098 4324 est,
3128 4265 3273 4331 quod
3301 4265 3369 4320 ab
3391 4275 3597 4323 aeterno

2031 4342 2191 4399 Pater
2211 4347 2417 4416 genuit,
2447 4361 2623 4416 neque
2654 4347 2722 4402 ab
2740 4344 2964 4418 Iosephi
2986 4346 3226 4420 Virginis
3262 4356 3473 4423 sponsi,
3506 4364 3599 4410 aut

357 4438 454 4491 καὶ
478 4414 745 4509 ἈδραάμἿ
774 4442 868 4492 καὶ
903 4414 1113 4503 Ἰακὼϐ,
1138 4440 1230 4492 καὶ
1264 4414 1405 4505 Νῶε,
1436 4441 1530 4492 καὶ
1558 4434 1727 4511 Ἀδάμ
1746 4456 1760 4471 °
1791 4440 1914 4494 ἀλλᾶ

2034 4414 2314 4501 Salathiel,
2341 4414 2660 4505 Zorobabel,
2691 4414 2889 4503 David,
2910 4414 3205 4509 Abraham,
3241 4414 3431 4512 Jacob,
3462 4414 3599 4517 Noe,

371 4527 470 4579 Ἑν
494 4527 650 4595 ἀρχῇ
685 4524 764 4599 ἦν
792 4533 824 4582 ὁ
855 4530 1063 4598 Λόγος,
1103 4530 1199 4582 καὶ
1233 4532 1265 4582 d
1296 4530 1486 4599 Λόγος
1527 4527 1606 4600 ἦν
1632 4531 1782 4598 πρὸς
1818 4531 1925 4584 τὸν

362 4619 533 4683 Θεὸν,
568 4621 665 4672 καὶ
708 4620 850 4687 Θεὸς
885 4617 964 4691 ἦν
1012 4624 1044 4674 d
1075 4622 1284 4689 Λόγος.
1316 4621 1389 4672 Τὸ
1436 4621 1493 4674 δὲ
1536 4621 1637 4689 ἦν,
1680 4622 1773 4674 καὶ
1822 4619 1923 4688 ἦν,

355 4714 457 4768 καὶ
480 4708 581 4782 ἦν,
612 4714 708 4784 οὐχ
738 4713 1054 4783 ὑποδέχεται
1082 4713 1175 4765 τοῦ
1199 4713 1220 4744 ⁸
1256 4714 1330 4785 μὴ
1360 4709 1498 4767 εἷναί
1529 4730 1677 4768 ποτε.

435 4975 545 5027 Καὶ
590 4975 720 5044 ὁρᾷς
766 4971 883 5033 πῶς
927 4972 1087 5036 εὐθὺς
1138 4972 1205 5025 τὰ
1259 4972 1539 5041 ἐγγυτάτω
1586 4971 1799 5043 πρῶτον
1830 4987 1928 5043 ση-

2032 4535 2085 4582 et
2102 4528 2269 4582 Adam
2300 4530 2633 4598 temporibus
2656 4530 2921 4586 duntaxat
2942 4533 3178 4600 exstitit;
3213 4534 3329 4600 sed,
3369 4536 3433 4589 In
3455 4539 3604 4605 prin-

2032 4619 2166 4685 cipio
2186 4628 2299 4673 erat
2314 4618 2555 4686 Verbum,
2580 4629 2627 4673 et
2644 4618 2866 4674 Verbum
2888 4631 2999 4676 erat
3020 4623 3159 4692 apud
3178 4623 3367 4691 Deum,
3392 4636 3441 4680 et
3459 4626 3601 4681 Deus

2032 4718 2147 4762 erat
2182 4709 2463 4764 Verbum’.
2509 4710 2686 4782 Atque
2721 4712 2835 4766 luec
2868 4714 3133 4783 particula
3173 4725 3288 4770 erat
3336 4726 3417 4772 ter
3449 4734 3603 4788 repe-

2039 4799 2134 4852 tita
2186 4815 2294 4854 non
2340 4802 2562 4871 patitur,
2617 4812 2675 4858 ut
2718 4804 2869 4859 illum
2909 4807 3234 4877 quandoque
3268 4824 3375 4863 non
3431 4809 3606 4866 fuisse

2036 4906 2396 4960 suspicemur.

2105 4978 2507 5036 Animadvertis
2562 4983 2728 5052 igitur
2786 5000 2907 5053 qua:
2957 4988 3201 5055 proxima
3251 5000 3380 5044 sunt
3422 4991 3605 5060 priore

367 5067 582 5137 μαίνει·
614 5066 689 5127 ὡς
729 5064 1003 5126 ΜατΟαῖος
1054 5063 1151 5133 μὲν
1197 5064 1297 5134 τὴν
1343 5063 1462 5117 ὁδὸν
1509 5063 1675 5128 ἔδειξε
1705 5064 1793 5117 διά
1833 5064 1914 5135 τῆς

2036 5063 2160 5119 loco
2210 5066 2380 5123 fuisse
2418 5070 2743 5139 signiﬁcata.
2804 5073 2895 5129 Sic
2932 5074 3219 5133 Matthazus
3262 5080 3604 5134 contexetth

359 5156 733 5226 γενεαλογίας,
763 5154 857 5206 καὶ
884 5154 1003 5206 οὐδὲ
1042 5154 1202 5217 αὐτὸς
1231 5154 1558 5225 ἠκρίϐωσεν,
1602 5154 1717 5208 ἀλλ’
1747 5154 1914 5209 ἐπειδὶ

2038 5154 2241 5211 Christi
2272 5161 2587 5232 genealogia
2619 5164 2761 5219 viam
2804 5168 3208 5235 quodammodo
3248 5168 3601 5238 monstravit;

365 5246 574 5301 ἄνωθεν
619 5247 780 5316 ἔφερε
849 5245 1090 5313 καίτοιγε
1123 5246 1220 5316 τὴν
1255 5247 1637 5316 γενεαλογίαν
1666 5245 1783 5308 πῶς
1821 5263 1914 5298 τε‹

2040 5262 2216 5317 neque
2242 5262 2494 5308 accurate
2529 5261 2711 5311 tamen
2752 5257 2856 5311 ista
2884 5260 3156 5320 tractavit,
3195 5274 3319 5313 cum
3351 5261 3603 5330 genealo-

447 5384 459 5413 '
488 5381 551 5436 F.
586 5382 971 5435 ὑποδεικνύων.
1068 5382 1088 5412 ²
1120 5380 1180 5434 F.
1216 5383 1319 5434 ὑπο
1364 5384 1565 5436 Λουκᾶ.

373 5452 443 5508 23
468 5468 588 5523 sqq.
667 5452 687 5482 ⁸
714 5453 901 5507 Matth.
930 5466 967 5516 I,
998 5451 1051 5504 1.
1127 5451 1146 5481 ⁷
1181 5450 1337 5507 Joan.
1375 5471 1411 5517 i,
1446 5455 1494 5508 l.
1600 5488 1619 5505 .

444 5610 555 5679 (9|)
594 5610 705 5665 Τοῦ
746 5611 965 5677 ταύτης
1019 5608 1341 5679 όρμαστοῦ.
1392 5607 1518 5677 Leg.
1566 5608 1781 5663 videtur
1832 5608 1934 5678 ἀρ-

421 5678 599 5735 οστοῦ.
634 5679 746 5733 Nisi
788 5681 926 5735 forte
968 5679 1152 5747 γλωσσ
1195 5678 1434 5749 ματώδες
1464 5679 1736 5746 quoddam
1770 5692 1933 5731 νοω-

375 5699 567 5811 gulam
612 5752 701 5805 sit.
733 5749 940 5820 Quippe
975 5751 1105 5805 hair.
1154 5696 1240 5815 ?8,
1275 5765 1424 5804 num.
1455 5750 1539 5808 i3.
1592 5747 1934 5820 όρμασῦἧναι

454 5754 567 5807 lum
612 5752 701 5805 sit.
733 5749 940 5821 Quippe
975 5751 1105 5805 ltaar.

1679 5382 1698 5413 ³
1728 5378 1804 5436 De
1830 5381 1914 5436 hat

2021 5397 2095 5437 tce
2123 5387 2398 5459 ὀρμαστοῦ
2428 5390 2661 5446 viderint
2708 5392 2927 5448 eruditi.
3005 5394 3027 5423 δ
3051 5391 3112 5445 F.
3147 5393 3226 5445 τό.
3302 5400 3323 5431 ⁸
3352 5393 3485 5447 Luc.
3522 5410 3603 5460 III,

2044 5608 2231 5663 eadem
2278 5609 2671 5680 signiﬁcatione
2733 5608 2893 5671 dixit,
2939 5618 2992 5661 ct
3049 5626 3201 5665 num.
3253 5610 3340 5677 t6,
3380 5604 3598 5668 Thecla:

2044 5680 2334 5750 ὁρμαστὸν,
2373 5683 2474 5735 huc
2500 5688 2579 5735 est
2613 5693 2858 5745 sponsum
2896 5681 3149 5750 appellat.
