3994 6226
411 313 520 370 5ἱ59

1825 311 1883 367 S.
1923 301 2261 367 EPlPllANII

3549 315 3666 370 240

412 432 553 502 giam
583 429 730 484 illam
758 427 826 482 ab
850 423 1230 496 superioribus
1264 421 1594 490 deduceret;
1626 421 1822 478 deinde
1853 422 1976 478 Mar-

2095 423 2320 493 Μάρκος
2354 422 2480 493 περὶ
2506 420 2612 475 τῶν
2641 423 2698 476 ὲν
2737 421 2813 492 τῷ
2851 423 3040 494 κόσμῳ
3065 425 3664 495 πεπραγματευμέιθωνο

412 539 509 578 cus
535 536 598 576 ea
630 535 750 590 qua:
781 519 835 572 in
863 518 964 573 hoc
990 517 1191 571 mundo
1220 525 1372 586 gesta
1406 525 1536 571 sunt
1566 514 1802 583 aperuit,
1828 529 1890 569 ac
1916 515 1984 570 de

414 628 541 667 voce
574 612 664 665 illa
708 609 761 663 in
797 615 1016 665 deserto
1045 608 1338 670 clamante,
1382 606 1559 675 deque
1609 605 1856 667 Domino,
1889 605 1982 673 qui

410 719 440 756 a
468 701 744 772 prophetis
773 715 836 753 ac
865 701 978 769 lege
1009 706 1168 753 antea
1199 699 1486 752 nuntiatus
1512 695 1704 762 fuerat,
1731 696 1979 766 scripsit;

410 793 711 848 secundum
738 803 897 860 quem
921 777 1093 842 Lucas
1128 788 1194 842 ab
1223 785 1578 842 inferioribus
1601 784 1664 838 ad
1698 787 1981 855 superiora

411 883 752 938 conscendit.
795 881 1034 946 Quartus
1068 879 1300 948 denique
1329 877 1568 933 Joannes
1592 876 1734 930 velut
1766 876 1981 929 coroni-

414 974 534 1029 dem
586 973 872 1041 imponens
911 969 1246 1025 sublimioris
1297 968 1350 1022 in
1385 966 1610 1022 Christo
1651 967 1980 1022 conditionis

412 1078 476 1118 ac
517 1071 744 1123 naturae,
785 1069 839 1114 et.
870 1059 1211 1128 sempiternae
1252 1058 1551 1114 divinitatis
1591 1059 1858 1126 interpres
1885 1071 1982 1110 ea-

410 1154 569 1210 stitit.
605 1152 724 1219 Quo
751 1167 913 1207 sensu
947 1151 1114 1206 videri
1158 1158 1336 1221 potest
1367 1151 1622 1204 Salomon
1660 1149 1711 1202 in
1748 1149 1978 1203 Prover-

412 1245 516 1300 biis
541 1245 749 1297 viarum
777 1243 1078 1313 appellasse
1098 1239 1422 1312 principium
1451 1243 1498 1294 ‘:
1533 1240 1576 1295 si
1605 1240 1818 1309 quidem
1844 1255 1980 1292 non-

411 1335 575 1392 nullis
608 1335 720 1390 htec
749 1337 864 1404 ipsa
893 1334 1055 1389 verba
1089 1333 1344 1400 religiose
1389 1332 1552 1385 libeat
1585 1333 1648 1385 ad
1683 1331 1976 1384 humanam

409 1427 613 1484 Christi
649 1437 894 1480 naturam
933 1423 1252 1488 transferre,
1291 1425 1445 1494 quasi
1477 1423 1544 1478 de
1569 1423 1811 1492 ejusdem
1843 1423 1978 1478 divi-

412 1522 582 1576 nitate
611 1520 714 1574 ista
751 1519 1096 1587 pronuntiet,
1137 1517 1395 1570 nimirum
1429 1515 1765 1570 divinitatem
1803 1517 1975 1585 ipsam

411 1613 629 1667 domum
667 1608 1030 1664 exstruxisse.
1084 1605 1292 1675 Quippe
1323 1619 1546 1660 carnem
1587 1613 1639 1659 et
1671 1616 1974 1674 susceptam

411 1702 647 1756 hominis
677 1709 925 1753 naturam
958 1697 1214 1752 divinitas
1247 1695 1554 1757 fabricavit,
1582 1703 1838 1764 tanquam
1866 1695 1976 1748 viu-

411 1803 527 1847 rztm
561 1808 776 1846 suarum
803 1790 1032 1851 initium,
1055 1797 1102 1842 et
1133 1788 1200 1840 ad
1227 1803 1384 1856 opera
1425 1788 1588 1854 sua';
1623 1786 1722 1840 hoc
1750 1793 1834 1839 est
1861 1801 1979 1855 quae
2013 1775 2054 1831 Β

411 1886 475 1938 ad
509 1885 786 1938 hominum
829 1881 1058 1935 salutem
1103 1879 1508 1947 bonitatemque
1549 1879 1840 1946 pertinent.
1879 1875 1982 1931 Dc-

412 1976 537 2030 inde
569 1989 698 2028 vero
745 1974 798 2025 in
849 1987 1141 2042 progressu
1192 1971 1310 2039 ipso
1343 1985 1558 2034 renum,
1607 1969 1848 2036 fundavit
1877 1985 1974 2032 me,

412 2065 618 2135 inquit,
668 2063 840 2117 initio.
901 2061 1218 2115 Utrnmnam
1263 2051 1428 2130 igitur
1479 2058 1572 2113 Dei
1610 2058 1800 2118 Filius.
1835 2061 1977 2128 quod

411 2157 480 2213 ad
509 2155 848 2210 divinitatem
881 2151 1096 2214 attinet,
1131 2157 1317 2218 postea
1350 2149 1607 2202 fundatus
1635 2149 1755 2204 est?
1791 2147 1980 2200 Dicant

411 2249 516 2303 hoc
543 2247 700 2301 nobis
730 2243 1010 2298 architecti
1039 2243 1126 2297 isti
1155 2257 1220 2294 ac
1250 2241 1552 2296 caelestium
1581 2255 1762 2294 rerum
1792 2239 1974 2309 inspe-

411 2349 612 2401 ctores,
649 2352 880 2408 quanam
913 2346 1027 2390 arte
1048 2333 1264 2388 condita
1295 2334 1385 2399 sit,
1411 2348 1586 2402 quove
1615 2325 1976 2388 instrumento

411 2429 638 2484 fundata
671 2427 834 2498 74.8
862 2423 1162 2493 Sapientia.
1193 2421 1556 2489 Quamobrem
1591 2421 1634 2476 si
1661 2424 1788 2491 quid
1821 2425 1975 2479 nobis

409 2523 478 2576 de
506 2537 568 2574 ea
597 2535 656 2574 re
685 2519 926 2588 cogitare
955 2519 1100 2578 licet,
1124 2523 1237 2568 tam
1269 2515 1376 2568 alta
1401 2514 1748 2583 blasphemia:
1779 2531 1976 2586 vorago

413 2610 685 2682 fugienda,
717 2623 813 2662 nec
839 2605 1096 2660 tentanda
1123 2604 1385 2674 nnigeniti
1417 2603 1536 2656 Filii
1561 2604 1838 2668 divinitas,
1860 2622 1978 2674 qmc

411 2717 534 2756 cum
564 2700 724 2754 Patre
754 2713 965 2767 semper
995 2705 1100 2759 est,
1135 2695 1202 2748 ab
1228 2710 1402 2764 eoque
1429 2695 1713 2764 processit.
1743 2693 1976 2750 Verbum

410 2794 554 2848 enim
591 2805 713 2845 eum
743 2788 902 2842 Patre
934 2801 1146 2856 semper
1185 2785 1415 2848 exstitit,
1449 2800 1663 2855 semper
1691 2787 1974 2856 sapientia,

2090 513 2184 566 καὶ
2231 513 2412 584 φωνῆς
2447 512 2654 584 βοὼσης
2683 515 2740 566 ὲν
2777 515 2843 584 τῇ
2885 515 3096 585 ἐρήμῳ,
3143 515 3270 586 περὶ
3315 517 3406 570 τοῦ
3459 517 3666 589 Κυρίου

2087 604 2182 655 τοῦ
2235 603 2322 656 διὰ
2373 603 2668 675 προφητῶν
2723 605 3260 674 προπεφητευμένου,
3313 609 3403 660 καὶ
3453 609 3660 678 νόμου·

2088 694 2205 758 πῶς
2241 712 2308 746 τε
2342 697 2370 748 6
2399 695 2613 757 Λουκᾶς
2643 695 2751 747 ἀπὸ
2779 694 2885 748 τῶν
2911 695 3058 748 κάτω
3089 696 3180 748 ἐπὶ
3205 697 3273 750 τὰ
3299 697 3410 751 ἄνω
3435 699 3659 770 ἀνῆγεν,

2087 785 2374 857 ἐσύστερον
2407 783 2596 837 ἐλθὼν.
2630 785 2896 855 Τέταρτος
2925 788 2953 838 6
2993 785 3239 864 Ἰωάννης
3269 789 3364 858 τὴν
3391 791 3662 860 κορωνίδα

2088 877 2180 931 καὶ
2217 877 2276 929 τὸ
2313 875 2612 948 ἀκραιφνὲς
2653 875 2752 945 τῆς
2795 876 2906 929 ἄνω
2956 875 3193 941 τάξεως,
3227 880 3322 931 καὶ
3373 880 3458 932 ἀεὶ
3491 879 3662 951 οὔσης

2087 967 2362 1038 θεότητος,
2411 967 2472 1020 τὺ
2520 966 2746 1037 ὔστερον
2788 967 3082 1038 ἐδήλωσεν·
3113 970 3187 1033 ὡς
3220 971 3315 1023 καὶ¹
3355 973 3381 1024 6
3409 971 3662 1042 Σολομὼν

2089 1060 2472 1132 παροιμιωὸῶς
2514 1059 2684 1128 λέγων
2726 1060 2824 1132 τὴν
2851 1062 3023 1134 ἀρχὴν
3063 1063 3172 1116 τῶν
3212 1063 3366 1129 ὁδῶν,
3397 1065 3510 1134 εἴγε
3553 1067 3660 1119 xiv

2085 1150 2318 1214 εὐσεϐῶς
2362 1151 2644 1222 θελήσαιέν
2685 1168 2828 1215 τινες
2867 1153 3043 1221 λέγειν
3087 1153 3343 1224 περὶτῆς
3385 1156 3658 1226 ὲνσάρκου

2083 1241 2413 1310 οἰκονομίας,
2443 1241 2518 1304 ὼς
2555 1241 2724 1307 αὐτῆς
2767 1242 3078 1312 φασκούσης
3107 1244 3234 1312 περὶ
3279 1243 3377 1312 τῆς
3405 1243 3496 1297 τοῦ
3524 1246 3660 1316 Χρι-

2085 1331 2210 1384 στοῦ
2260 1331 2526 1402 θεότητος,
2556 1334 2634 1386 ὅτι
2670 1333 2818 1403 Αὐτὴ
2849 1333 2881 1402 ἠ
2915 1333 3104 1404 θεότης
3130 1335 3308 1388 ἔκτισε
3339 1335 3434 1387 τὸν
3477 1331 3656 1390 οἶκονο

2081 1423 2162 1476 ὅτι
2186 1421 2322 1493 αὐτὴ
2351 1424 2384 1493 ἡ
2433 1421 2626 1492 θεότης
2649 1423 2747 1491 τὴν
2785 1424 2961 1492 σάρκα
3003 1425 3095 1476 καὶ
3123 1424 3218 1494 τὴν
3248 1424 3658 1497 ὲνανθρὼπησιν

2081 1513 2372 1585 εἰργάσατο
2415 1512 2612 1581 ἀρχὴν
2641 1511 2795 1565 ὁδῶν
2826 1514 3010 1568 αὐτοῦ
3037 1517 3124 1592 εἰς
3145 1516 3287 1582 ἔργα
3324 1515 3528 1580 αὑτοῦ,
3555 1517 3660 1587 τῆς

2080 1606 2187 1659 τῶν
2211 1607 2508 1677 ἀνθρώπων
2535 1606 2804 1677 σωτηρίας
2827 1607 2919 1660 καὶ
2946 1607 3293 1678 ἁγαθότητος.
3319 1606 3452 1663 Εἶτα
3493 1610 3656 1672 εὐθῦς

2085 1699 2405 1768 μετέπειτα,
2448 1699 2526 1750 ἔτι
2561 1698 2972 1769 προκοπτόντων
3011 1699 3119 1751 τῶν
3169 1700 3521 1769 πραγμάτων,
3566 1701 3658 1753 λέ-

2083 1807 2198 1858 γει’
2249 1789 2637 1859 Ἐθεμελίωσέ
2666 1807 2742 1858 με
2783 1791 2851 1842 ἐν
2891 1788 3068 1858 ἀρχῇ.
3095 1786 3240 1860 Ἀρι
3293 1791 3422 1858 γοῦν
3465 1791 3492 1842 ὁ
3527 1793 3656 1853 Υἱὸς

2081 1883 2172 1935 τοῦ
2207 1881 2341 1934 Θεοῦ
2375 1881 2515 1934 κατὰ
2555 1881 2652 1952 τὴν
2681 1880 2909 1948 θεότητα
2939 1881 3176 1943 κτισθεὶς
3207 1880 3428 1952 ὔστερον
3461 1881 3655 1950 ἐθεμε-

2081 1971 2282 2042 λιώθη;
2314 1971 2632 2038 Λεγέτωσαν
2670 1973 2800 2040 ἡμῖν
2841 1972 2892 2024 oi
2939 1973 3250 2040 μηχανικοὶ,
3293 1975 3340 2025 οἱ
3382 1973 3492 2026 τῶν
3523 1972 3656 2028 ἄνω

2081 2059 2471 2122 κατοπτευταὶ,
2517 2059 2647 2128 ποίᾳ
2701 2060 2866 2130 τέχνῃ
2919 2061 3140 2131 ἐκτίσθη
3273 2061 3461 2128 σοφία,
3516 2061 3655 2130 ποίῳ

2080 2150 2344 2220 ἐργαλείῳ
2411 2149 2765 2219 ἐθεμελιώθη.
2822 2151 2980 2204 Ἀλλὰ
3033 2155 3081 2204 εί
3132 2152 3264 2214 ὅλως
3327 2152 3656 2205 διανοεῖσθαι

2086 2242 2212 2311 χρὴ,
2242 2241 2432 2309 φεύγει
2459 2240 2477 2270 ³
2509 2240 2607 2310 μὲν
2645 2239 2753 2293 ἀπὸ
2781 2241 3034 2294 τοσούτου
3067 2241 3226 2310 βυθοῦ
3267 2242 3366 2311 τῆς
3414 2242 3656 2312 βλασῳη-

2085 2333 2230 2402 μίας,
2263 2332 2356 2384 καὶ
2384 2330 2456 2400 μὴ
2484 2330 2816 2400 προσψαύειν
2839 2333 2904 2401 τῇ
2932 2333 3140 2400 θεότητι
3169 2331 3258 2384 τοῦ
3293 2330 3656 2399 Μονογενοῦς,

2081 2425 2145 2492 τῇ
2187 2422 2272 2474 ἀεὶ
2317 2422 2411 2474 σὺν
2458 2421 2632 2489 Ila-cpt
2679 2420 2998 2493 ὑπαρχούσῃ
3041 2422 3134 2474 καὶ
3179 2421 3548 2492 γεγεννημένη
3595 2421 3656 2485 ἐξ

2083 2513 2270 2566 αὐτοῦ.
2307 2513 2416 2564 Ἀεὶ
2445 2511 2551 2580 γὰρ
2578 2507 2645 2579 ἦν
2669 2513 2698 2562 6
2727 2511 2900 2578 Λόγος
2935 2513 3030 2564 σὺν
3065 2512 3258 2582 Πατρὶ,
3287 2512 3372 2564 ἀεὶ
3395 2513 3430 2579 ὴ
3467 2511 3652 2578 σοφία,

2083 2605 2167 2656 ἀεὶ
2198 2604 2326 2665 Θεὸς
2355 2605 2418 2654 ἐκ
2451 2600 2585 2654 Θεοῦ
2625 2599 2844 2670 Κύριος,
2884 2601 2970 2653 ἀεὶ
3011 2601 3125 2670 φῶς
3158 2601 3426 2672 ἀληθινὸν,
3461 2602 3556 2654 καὶ
3588 2601 3653 2655 οὐ

2083 2695 2253 2752 νόθον.
2289 2694 2374 2746 ἀεὶ
2403 2693 2462 2744 τὸ
2488 2691 2546 2744 ὃν
2577 2691 2636 2755 ἐξ
2666 2691 2832 2744 αὐτοῦ
2859 2692 3018 2763 ἔχων,
3049 2696 3144 2746 καὶ
3173 2695 3395 2763 ἀλήθεια
3425 2693 3520 2757 ὦν,
3553 2695 3650 2748 καὶ

2086 2785 2198 2856 ζωὴ
2235 2787 2514 2855 ὑπάρχων.

412 2902 626 2957 semper
673 2884 812 2938 heus
851 2897 912 2936 ex
959 2880 1066 2934 Deo
1111 2879 1389 2942 Dominus,
1441 2893 1652 2948 semper
1689 2895 1837 2948 vera,
1889 2897 1988 2937 nec
2021 2879 2326 2936 adulterina
2363 2879 2488 2945 lux;
2535 2895 2747 2950 semper
2781 2879 2828 2932 is
2873 2877 2964 2947 qui
3024 2879 3090 2934 ab
3143 2881 3260 2949 ipso
3297 2889 3545 2934 naturam
3593 2891 3652 2938 et

411 2979 703 3036 essentiam
736 2976 920 3036 habet,
949 2973 1151 3042 quique
1179 2973 1377 3027 veritas
1408 2980 1492 3026 est
1521 2983 1575 3025 et
1611 2973 1738 3026 vita.

481 3070 670 3126 XXIV.
711 3069 853 3134 Quid
893 3075 1070 3121 autem
1113 3055 1358 3135 pluribus
1398 3083 1458 3120 ea
1501 3066 1568 3120 de
1613 3083 1670 3123 re
1705 3069 1976 3138 disputare

2154 3061 2280 3112 KA'.
2321 3059 2430 3112 Καὶ
2464 3059 2516 3112 τί
2567 3076 2654 3128 μοι
2697 3059 2765 3111 τά
2812 3058 2978 3112 πολλὰ
3019 3059 3196 3128 λέγειν
3242 3061 3366 3132 περὶ
3421 3062 3653 3127 τούτους

411 3178 635 3218 necesse
661 3161 783 3216 est?
823 3158 1007 3228 Pergit
1041 3155 1297 3210 Salomon
1326 3175 1337 3210 :
1373 3156 1456 3221 Et,
1489 3157 1728 3226 {undavit
1764 3176 1862 3222 me,
1895 3161 1976 3214 in-

411 3253 550 3323 quit,
579 3251 748 3304 initio.
789 3247 889 3302 Ubi
923 3249 1008 3317 pie
1042 3247 1176 3300 illud
1205 3247 1635 3301 animadvertere
1665 3262 1974 3315 possumus,

415 3346 706 3397 humanam
737 3340 823 3394 his
861 3339 1040 3394 verbis
1077 3339 1312 3391 animam
1353 3337 1642 3392 declarari.
1699 3337 1832 3412 Nam
1866 3341 1978 3396 haec

413 3431 556 3500 ipsa,
606 3429 856 3482 Dominus
897 3427 1088 3480 creavit
1135 3443 1236 3490 me,
1277 3427 1320 3480 si
1363 3428 1428 3480 ad
1470 3442 1593 3481 eum
1637 3444 1854 3484 sensum
1895 3445 1979 3486 re-

415 3521 555 3574 ferre
583 3519 811 3589 placeat,
841 3517 909 3570 ab
932 3516 1270 3570 humanitate
1295 3517 1546 3586 usurpari
1571 3522 1807 3588 putanda
1827 3527 1974 3575 sunt.

411 3609 567 3677 Quod
616 3617 793 3663 autem
845 3605 1102 3661 fundasse
1143 3605 1298 3670 dicit,
1351 3609 1584 3662 animam
1633 3611 1974 3680 potissimum

413 3708 656 3772 spectat;
692 3699 850 3769 cujus
881 3697 1088 3752 ratione
1121 3696 1378 3753 fundatus
1411 3699 1630 3755 dicitur.
1679 3700 1796 3756 Jam
1829 3705 1973 3773 quod

414 3792 656 3846 additum
683 3798 767 3844 est
788 3830 802 3854 ,
837 3789 969 3843 Ante
999 3803 1176 3844 omnes
1199 3789 1355 3842 colles
1388 3793 1562 3860 genuit
1599 3809 1696 3857 me,
1727 3793 1805 3847 sic
1831 3795 1976 3848 acci-

413 3881 665 3951 piendum
695 3889 796 3941 est,
837 3888 894 3932 ut
927 3877 1201 3931 ctelestem
1249 3877 1393 3930 illam
1444 3881 1847 3947 generationem
1876 3882 1973 3936 de-

412 3982 700 4030 monstret.
740 3974 914 4042 Atquc
953 3971 1066 4025 lucc
1099 3970 1170 4024 ita
1201 3969 1455 4038 dicimus,
1489 3987 1596 4026 non
1627 3980 1684 4026 ut
1714 3987 1777 4028 eo
1812 3974 1974 4028 modo

409 4084 469 4122 se
503 4067 702 4120 habere
729 4063 946 4134 penitus
979 4061 1323 4126 deliniamus,
1353 4063 1446 4118 sed
1483 4070 1542 4117 ut
1571 4063 1657 4132 pie
1699 4063 1974 4117 nihilomi-

411 4173 514 4212 nus
567 4155 634 4210 de
662 4154 864 4211 Christi
892 4152 1103 4206 Domini
1155 4153 1322 4206 nostri
1357 4153 1733 4208 incarnatione
1774 4155 1974 4208 sentia-

409 4261 565 4310 ums,
615 4245 881 4314 siquidem
935 4241 1200 4312 ejusmodi
1253 4257 1374 4298 esse
1421 4243 1612 4298 debeat
1657 4245 1757 4298 loci
1812 4245 1972 4314 hujus

409 4339 694 4393 sententia.
755 4337 1074 4406 Quanquam
1121 4350 1280 4390 nemo
1311 4351 1506 4406 cogere
1540 4351 1641 4391 nos
1689 4347 1884 4406 potest,
1913 4347 1972 4391 ut

2081 3148 2214 3204 Εἶτά
2243 3166 2434 3222 φησιν·
2480 3149 2865 3218 Ἐϐεμενῑίωσὲ
2897 3169 2972 3220 με
3010 3152 3079 3203 ἐν
3107 3151 3284 3221 ἀρχῇ.
3333 3153 3470 3223 Ἀρα
3501 3155 3650 3209 ἐστιν

2081 3243 2208 3294 ἰδεῖν
2260 3243 2512 3305 εὐσεὸὲς,
2557 3243 2639 3295 ὃτι
2672 3241 2770 3312 τὴν
2812 3241 2987 3313 ψυχὴν
3025 3244 3122 3313 τὴν
3174 3245 3512 3314 ἀνθρωπείαν
3555 3249 3648 3300 ὲν-

2077 3335 2246 3388 ταῦθα
2283 3335 2554 3406 σημαίνει.
2596 3335 2670 3386 Τὸ
2705 3334 2801 3403 μὲν
2829 3335 2955 3405 γὰρ,
2996 3336 3200 3403 Κύριος
3245 3335 3445 3390 ἐκτισέ
3481 3355 3576 3406 με,
3613 3342 3648 3398 ἡ

2078 3425 2484 3498 ἐνανθρώπησις
2516 3425 2661 3494 λέγει
2709 3428 2742 3496 ή
2781 3425 3073 3496 ἐνσαρκος,
3121 3427 3215 3478 ὲάν
3258 3443 3320 3494 γε
3369 3430 3462 3480 καὶ
3505 3428 3648 3482 οὔτω

2077 3519 2277 3570 νοοῖτο·
2313 3517 2372 3569 τὸ
2397 3517 2476 3579 δὲ,
2529 3516 2905 3586 ἐθεμελίωσεν,
2944 3517 3018 3578 ὡς
3053 3517 3109 3570 ἐν
3143 3519 3208 3587 τῇ
3258 3515 3400 3588 ψυχῇ
3451 3517 3648 3588 ἐθεμε-

2077 3607 2243 3678 λιώθη
2267 3625 2280 3637 ·
2318 3609 2378 3661 τὸ
2405 3608 2482 3673 δὲ,
2519 3607 2637 3675 Πρὸ
2673 3607 2912 3660 πάντων
2942 3607 3188 3671 βουνῶν
3218 3607 3400 3675 γεννᾷ
3431 3627 3526 3678 με,
3558 3611 3646 3664 ἵνα

2074 3701 2220 3771 δείξῃ
2263 3701 2361 3770 τὴν
2389 3701 2640 3769 γέννησιν
2670 3699 2891 3752 ἄνωθεν.
2925 3699 3033 3751 Καὶ
3065 3699 3232 3752 ταῦτα
3276 3699 3520 3769 εἴπομεν,
3547 3703 3648 3772 οὐχ

2073 3791 2244 3856 οὔτως
2295 3793 2510 3853 πάντως
2553 3783 2888 3860 ὁριζόμενοι,
2933 3789 3171 3852 εὐσεϐῶς
3217 3789 3272 3842 δὲ
3315 3790 3514 3859 μᾶλλον
3563 3795 3646 3856 εἰς

2073 3881 2172 3951 τὴν
2214 3880 2472 3949 ἔνσαρκον
2521 3878 2819 3949 παρουσίαν
2854 3878 3246 3948 διανοηθέντες.
3289 3880 3350 3932 Εἰ
3395 3880 3491 3932 καὶ
3537 3883 3646 3950 χρὴ

2073 3972 2213 4024 οὕτω
2257 3972 2454 4040 λέγειν,
2487 3973 2636 4041 ὅμως
2671 3971 2845 4034 οὐδεὶς
2880 3971 3028 4040 ἡμᾶς
3057 3971 3384 4038 ἀναγκάσειε
3424 3971 3645 4035 πάντως

2074 4063 2201 4133 περὶ
2228 4062 2322 4115 τοῦ
2364 4061 2598 4132 Χριστοῦ
2647 4061 2824 4130 λέγειν
2865 4061 2924 4114 τὸ
2955 4061 3106 4132 ῥῆμα
3135 4061 3306 4115 τοῦτο.
3337 4064 3398 4116 Εἰ
3430 4063 3485 4116 δὲ
3517 4064 3647 4134 περὶ

2080 4155 2174 4208 τοῦ
2211 4153 2444 4225 Χριστοῦ
2478 4153 2790 4224 ῥηθήσεται,
2819 4153 2930 4223 ἔχει
2961 4155 3054 4206 καὶ
3082 4154 3178 4222 τὴν
3205 4153 3366 4206 αὐτοῦ
3393 4153 3620 4224 δύναμιν
3645 4199 3662 4224 ,

2073 4249 2134 4300 οὐ
2170 4247 2311 4300 κατὰ
2355 4247 2611 4316 μαντείαν
2650 4245 2968 4315 λεγομένην,
3000 4245 3134 4298 ἀλλὰ
3171 4246 3310 4300 κατὰ
3335 4245 3395 4299 τὸ
3421 4247 3646 4310 εὐσεϐὲς

2073 4337 2164 4392 τοῦ
2198 4338 2476 4407 λογισμοῦ,
2509 4338 2602 4390 τοῦ
2637 4336 2709 4407 μὴ
2761 4336 3068 4404 λογίζεσθαι
3118 4339 3196 4401 εἰς
3243 4338 3373 4392 Θεὸν
3402 4340 3455 4392 τί
3485 4340 3646 4393 ἐλατ-

409 4425 477 4481 dc
505 4426 724 4480 Christo
751 4425 954 4480 dictum
989 4425 1118 4479 illud
1153 4425 1548 4481 existimemus.
1588 4425 1968 4482 Verumtamen

2078 4429 2339 4500 τώματος,
2365 4429 2764 4500 ὑποϐεϐηκυῖαν
2795 4431 3031 4500 νομίζειν
3056 4431 3215 4484 αὐτὸν
3240 4431 3465 4500 θεότητα
3491 4433 3642 4502 παρὰ

407 4525 468 4571 ut
488 4515 555 4570 ad
577 4515 852 4571 Christum
880 4521 1126 4585 spectare
1154 4515 1366 4579 demus,
1391 4531 1548 4571 suum
1573 4517 1772 4572 habere
1796 4526 1972 4587 potest

408 4620 668 4672 sensum;
721 4605 812 4676 qui
861 4619 972 4659 non
1023 4605 1370 4662 vaticinando
1418 4607 1719 4670 conﬁctos,
1769 4609 1864 4664 sed
1907 4625 1971 4664 ex

408 4697 576 4754 animi
611 4697 810 4766 pietate
849 4695 1126 4766 profectus
1157 4703 1262 4764 est,
1311 4713 1380 4753 ne
1413 4713 1570 4767 quem
1603 4699 1657 4752 in
1687 4697 1853 4752 Deum
1882 4713 1972 4754 ca-

407 4789 538 4844 dere
583 4785 854 4841 defectum
909 4784 1276 4850 arbitremur,
1329 4795 1422 4840 aut
1469 4786 1589 4840 Filii
1635 4786 1969 4842 divinitatem

406 4876 647 4934 essentia
679 4875 854 4931 Patris
889 4875 1201 4931 inferiorem
1232 4890 1353 4931 esse
1391 4877 1490 4931 sibi
1529 4877 1813 4947 quisquam
1850 4895 1970 4948 per-

406 4969 654 5026 suadeat.
709 4965 842 5022 Nam
889 4974 943 5022 et
983 4967 1231 5021 nonnulli
1280 4967 1706 5023 orthodoxorum
1749 4969 1966 5024 Patrum

404 5061 586 5114 locum
621 5055 774 5111 illum
811 5055 1119 5110 Salomonis
1150 5056 1216 5111 de
1246 5055 1619 5113 incarnatione
1651 5057 1851 5112 Christi
1889 5060 1969 5112 in-

404 5148 684 5219 terpretati
723 5155 889 5203 sunt:
939 5146 1191 5201 Dominus
1231 5147 1462 5216 possedit
1500 5165 1599 5214 me,
1633 5159 1682 5202 et
1719 5151 1964 5218 [undavit

404 5257 500 5292 me.
533 5237 735 5306 Estque
765 5237 852 5289 hic
875 5234 1092 5302 demum
1123 5251 1316 5292 sensus
1337 5237 1520 5306 pietati
1546 5249 1964 5306 consentaneus,

404 5345 524 5386 cum
557 5331 652 5391 ita,
695 5337 756 5383 ut
790 5327 922 5390 dixi,
964 5327 1144 5396 magni
1187 5328 1404 5396 quidam
1448 5327 1635 5386 Patres
1681 5331 1966 5386 intellexe-

400 5423 529 5475 rint.
585 5419 794 5485 Quibus
825 5419 870 5472 si
905 5420 1028 5488 quis
1063 5418 1159 5472 hac
1191 5421 1242 5472 in
1279 5429 1428 5488 parte
1457 5423 1710 5476 assentiri
1740 5423 1966 5478 minime

403 5513 548 5576 velit,
582 5511 704 5580 cogi
732 5512 880 5564 nullo
911 5511 1070 5565 modo
1102 5519 1295 5580 potest.
1337 5511 1490 5578 Quod
1522 5523 1699 5569 autem
1735 5516 1802 5568 ad
1832 5517 1963 5571 alie-

477 5678 496 5711 ¹
521 5675 682 5733 Prov.
713 5692 829 5739 vm,
861 5675 948 5730 22.
1023 5675 1043 5707 '
1071 5673 1198 5729 ibid.
1229 5687 1347 5741 sq}.
1425 5672 1444 5703 ³
1467 5671 1598 5726 Cor.
1621 5671 1846 5738 φεύγειν
1893 5673 1989 5728 δεῖ.

2070 4521 2167 4590 τὴν
2195 4521 2288 4574 τοῦ
2337 4521 2548 4590 Πατρὺς
2595 4520 2738 4590 ἔχειν
2771 4521 2977 4574 οὐσίαν.
3025 4523 3129 4574 Καὶ
3183 4524 3288 4592 γάρ
3339 4540 3478 4588 τινες
3530 4525 3642 4579 τῶν
3721 4529 3734 4536 “

2071 4611 2324 4682 Πατέρων
2376 4599 2554 4681 ήμῶιί
2579 4613 2670 4664 καὶ
2707 4611 2999 4683 ὀρθοδόξων
3037 4613 3320 4667 ἀπέδωκαν
3365 4615 3522 4668 τοῦτο
3559 4618 3641 4679 είς

2069 4701 2165 4771 τὴν
2205 4702 2464 4771 ἓνσαρκον
2511 4703 2809 4772 παρουσίαν
2857 4704 3250 4774 διανοηθέντες·
3288 4707 3336 4762 εἰ
3387 4708 3478 4760 καὶ
3533 4707 3641 4778 χρὴ

2069 4791 2208 4844 οὔτω
2239 4792 2419 4860 λέγειν
2463 4791 2524 4844 τὸ
2573 4793 2700 4863 περὶ
2742 4793 2857 4857 τοῦ,
2907 4797 3120 4861 Κύριος
3160 4797 3360 4850 ἕκτισέ
3394 4815 3491 4864 με,
3542 4799 3641 4852 καὶ

2071 4881 2429 4952 ἐθεμελίωσέ
2452 4899 2546 4952 με.
2577 4884 2686 4936 Καὶ
2713 4879 2866 4947 οὗτός
2901 4887 3044 4938 ἐστιν
3077 4887 3104 4938 6
3133 4887 3292 4956 σεϐὴς
3313 4887 3334 4920 ⁸
3360 4888 3637 4960 λογισμὸς,

2073 4973 2294 5042 μεγάλοι
2333 4972 2573 5042 Πατέρες
2605 4973 2762 5026 τοῦτο
2803 4975 3166 5046 ὐφηγήσαντο.
3197 4981 3304 5031 Καὶ
3355 4982 3402 5032 εἰ
3448 4983 3520 5051 μή
3555 4997 3640 5043 τις

2070 5063 2353 5134 βουληθείη
2401 5063 2509 5116 τῶν
2555 5064 2845 5134 ὀρθοδόξων
2918 5068 3336 5137 καταδέξασθαι,
3383 5073 3444 5125 οὐ
3511 5090 3640 5126 κατ-

2069 5153 2557 5224 αναγκασθήσεται.
2583 5154 2726 5224 Πρὸς
2768 5157 2824 5208 δὲ
2864 5158 2990 5220 τοὺς
3043 5157 3224 5223 ξένους
3253 5161 3350 5232 τῆς
3390 5163 3632 5227 πίστεως

2067 5247 2159 5299 καὶ
2203 5245 2514 5315 ἀλλοτρίους
2547 5246 2627 5307 εἰς
2673 5248 2824 5302 οὐδέν
2871 5251 3017 5303 ἐστιν
3063 5255 3095 5322 ἡ
3133 5253 3322 5322 paeon.
3356 5253 3493 5306 Οὔτε
3529 5253 3638 5324 γὰρ

2065 5335 2220 5387 τοῦτο
2250 5337 2381 5404 ἡμῖν
2417 5334 2670 5406 ὲνσκὴψει
2717 5339 2796 5401 εἰς
2831 5339 2884 5391 τὶ
2934 5341 3334 5412 ἐλαττώματος,
3378 5343 3476 5413 τῆς
3522 5342 3636 5395 θεό-

2063 5443 2222 5496 τητος
2254 5424 2537 5496 ἐλευθέρας
2569 5423 2753 5497 οὔσης,
2783 5431 2876 5482 καὶ
2905 5431 2990 5484 ἀεὶ
3012 5431 3177 5501 οὔσης
3209 5434 3304 5487 σὺν
3336 5434 3413 5503 τῷ
3439 5433 3631 5502 Πατρί.

2063 5519 2172 5572 Καὶ
2198 5519 2226 5571 ὃ
2252 5537 2301 5571 τι
2337 5519 2432 5590 μὲν
2457 5519 2717 5573 πέπονθεν
2746 5525 2773 5575 ὁ
2805 5525 3056 5594 Χριστὸς,
3083 5525 3366 5590 πέπονθεν,
3396 5525 3506 5580 ἀλλ’
3537 5525 3634 5577 οὐκ

2067 5675 2088 5707 ι
2115 5674 2238 5732 Cor.
2268 5653 2517 5752 εὐσεϐές,
2549 5695 2670 5736 mox
2713 5681 2786 5746 ὡς
2823 5680 3066 5751 μεγάλοι.
