3994 6226
247 365 256 386 ’
338 382 441 448 "ait

949 390 1315 447 ADVERSUS
1354 389 1696 446 transeas
1735 389 1862 445 LIB.
1905 391 1966 446 ιι.
2011 389 2174 446 TOM.
2216 391 2280 446 ιι.
2321 422 2390 432 -
2431 377 2702 448 uacuas.
2744 392 2928 446 max.

3493 391 3602 447 942

337 509 552 580 ἐτράπη
584 507 681 577 τὴν
711 507 892 578 φύσιν,
925 509 1103 580 ἔμεινε
1141 510 1197 562 δὲ
1235 513 1294 563 ὲν
1324 513 1388 580 τῇ
1425 509 1587 563 αὑτοῦ
1616 507 1855 578 ἀπειθείᾳ
1883 510 1915 578 ἡ

2035 527 2134 567 nos
2167 525 2197 563 a
2241 509 2364 575 ﬁde,
2415 521 2468 566 et
2517 510 2804 565 harrcticos
2854 509 3068 574 attinet,
3122 509 3328 562 nullum
3378 509 3605 563 omnino

339 596 507 650 αὑτοῦ
537 597 744 666 θεότης.
775 597 886 662 Διὸ,
917 597 1146 668 θελήσας
1176 599 1368 651 παθεῖν
1404 598 1506 668 ἰδίξι
1537 597 1755 668 εὐδοκία
1784 597 1923 666 ὑπὲρ

335 689 433 740 τοῦ
456 689 643 756 γένους
663 688 770 740 τῶν
784 688 880 740 ἀνθ
891 687 1104 758 ρώπων,
1118 689 1302 758 ἐπειδὴ
1317 689 1416 741 οὐκ
1439 688 1656 741 ἐδύνατο
1678 690 1710 759 ὴ
1734 688 1926 759 θεότης

337 779 553 842 παθεῖν,
579 778 704 832 καθ’
740 780 936 849 ἑαυτὴν
964 779 1182 850 ἀπαθὴς
1209 776 1362 843 οὖσα,
1395 779 1552 832 ἔλασε
1582 781 1640 832 τὸ
1662 779 1926 850 ἡμέτερον

336 872 581 942 παθητὸν
616 872 792 941 σῶμα,
825 872 983 939 σοφία
1018 869 1114 933 ὢν,
1147 871 1234 923 ἵνα
1269 873 1326 923 ὲν
1355 869 1504 940 αὺτῷ
1553 869 1922 943 συνευδοκήσῃ

334 962 432 1014 τοῦ
487 961 696 1026 παθεῖν,
741 962 834 1014 καὶ
870 963 1194 1032 ἀναδέξηται
1227 962 1298 1014 τὰ
1342 961 1589 1033 ἡμέτερα
1640 961 1818 1033 πάθη,
1866 964 1925 1014 ἐν

335 1054 504 1125 σαρκὶ
546 1054 810 1127 συνούσης
841 1057 937 1126 τῆς
970 1055 1242 1127 θεότητος.
1272 1055 1380 1108 Καὶ
1420 1055 1529 1126 γὰρ
1555 1058 1588 1126 ἡ
1628 1055 1819 1126 θεότης
1862 1059 1920 1109 οὐ

335 1148 559 1217 πάσχει.
595 1147 718 1210 Πῶς
750 1148 856 1218 γὰρ
893 1151 921 1199 ὁ
967 1149 1161 1216 λέγων,
1385 1149 1504 1215 ειμι
1541 1148 1578 1214 ἠ
1611 1144 1754 1213 ζωὴ,
1785 1148 1922 1200 ἀπο-

281 1234 289 1240 ’
335 1239 521 1291 θανεῖν
569 1239 890 1309 δυνήσεταις
937 1239 1097 1291 Ἀλλὰ
1142 1238 1363 1307 ἀπαθὴς
1413 1237 1656 1308 διαμένει
1700 1240 1728 1289 ὁ
1771 1237 1922 1300 Θεός.

337 1329 660 1398 Συμπόισχει
700 1329 754 1380 δὲ
785 1332 852 1400 τῇ
887 1330 1070 1400 σαρκὶ,
1103 1330 1188 1382 ἵνα
1222 1329 1282 1380 τὺ
1319 1328 1492 1391 πάθος
1532 1329 1610 1390 εἰς
1659 1328 1758 1398 τὴν
1802 1327 1922 1379 θεό-

335 1436 478 1488 τητα
507 1419 754 1489 λογισθῇ,
802 1412 1113 1491 πασχούσης
1146 1421 1244 1489 τῆς
1276 1419 1550 1487 θεότητος,
1585 1419 1662 1481 εἰς
1693 1419 1755 1471 τὸ
1781 1414 1924 1470 εἶναι

337 1511 473 1579 ἡμῖν
506 1513 559 1562 ὲν
597 1510 714 1580 Θεῷ
747 1511 845 1581 τὴν
897 1510 1201 1580 σωτηρίαν⁶
1241 1512 1298 1562 έν
1331 1510 1492 1580 σαρκὶ
1532 1509 1588 1561 δὲ
1635 1509 1695 1562 τὸ
1728 1509 1919 1572 πάθος,

337 1601 428 1654 ἵνα
464 1602 538 1671 μὴ
589 1601 831 1671 παθητὸν
870 1601 1003 1653 Θεὸν
1042 1599 1279 1670 ἔχωμεν,
1333 1599 1466 1652 ἀλλὰ
1521 1597 1728 1667 ἀπαθῆ,
1778 1598 1926 1650 ἐλλο-

2029 603 2287 656 damnttm
2330 601 2461 657 hinc
2501 610 2745 656 metuere
2795 600 3076 654 debemus.
3143 600 3330 669 Neque
3358 601 3502 653 enirn
3535 599 3602 653 ad

2029 693 2196 747 ul‘am
2227 692 2532 748 divinitatis
2553 692 2991 746 imminutionem
3026 692 3298 761 pertinere
3331 691 3474 744 istud
3505 704 3604 759 po-

2029 792 2154 848 test,
2183 800 2304 854 qua:
2332 785 2501 839 libera
2534 791 2639 851 est,
2675 791 2726 836 et
2761 798 2884 837 cum
2928 781 3090 836 Patre
3122 798 3337 852 semper
3370 781 3599 836 exstitit.

2030 874 2196 927 Porro
2235 888 2433 943 passus
2473 882 2556 928 est
2582 873 2801 942 quidem
2833 870 3088 926 Christus
3123 873 3486 940 quodcunque
3507 870 3606 924 de-

2028 979 2173 1018 mum
2207 979 2402 1034 passus
2425 974 2546 1033 est;
2597 964 2691 1020 sed
2721 978 2827 1017 non
2863 962 2982 1031 ejus
3025 972 3216 1016 natura
3260 970 3464 1016 mutata
3497 968 3602 1026 est,

2027 1063 2189 1124 atque
2221 1053 2468 1123 ejusdem
2502 1054 2760 1108 divinitas
2803 1053 2858 1105 in
2909 1066 3008 1106 sua
3061 1051 3150 1103 illa
3192 1050 3466 1120 passionis
3509 1064 3607 1104 ex-

2029 1152 2178 1213 perte
2225 1143 2540 1197 conditione
2591 1142 2850 1212 perstitit.
2919 1140 3100 1207 Quare
3159 1154 3282 1193 cum
3340 1138 3408 1192 de
3479 1152 3607 1208 pro-

2029 1233 2144 1301 pria
2179 1232 2456 1285 voluntate
2486 1247 2584 1301 pro
2619 1232 2900 1286 hominum
2935 1233 3110 1286 salute
3140 1230 3249 1299 pati
3285 1230 3606 1287 constituis-

2024 1331 2126 1386 set,
2158 1323 2302 1391 quod
2336 1321 2593 1377 divinitas
2617 1323 2821 1393 perpeti
2855 1323 2990 1376 nihil
3018 1329 3219 1391 posset,
3249 1335 3368 1389 quae
3395 1335 3490 1389 per
3517 1335 3606 1374 se-

2027 1413 2199 1481 ipsam
2229 1427 2422 1481 expers
2462 1413 2731 1481 passionis
2757 1420 2860 1476 est,
2896 1426 3098 1480 corpus
3145 1420 3422 1473 nostrum,
3458 1411 3602 1478 quod

2027 1505 2139 1573 pati
2179 1503 2342 1574 749
2385 1504 2631 1559 videlicet
2671 1513 2872 1574 potest.
2925 1502 3100 1558 induit
3139 1504 3325 1557 divina
3372 1503 3464 1556 illa
3512 1502 3607 1554 Sa-

2028 1597 2251 1664 pientia,
2292 1603 2351 1648 ut
2391 1597 2444 1648 in
2478 1597 2596 1665 ipso
2629 1603 2822 1665 sponte
2869 1613 2966 1651 sua
3012 1603 3314 1666 pateretur,
3365 1609 3430 1646 ac
3473 1608 3605 1646 con-

338 1690 538 1758 γοῡντα
571 1692 648 1752 εἰς
687 1690 878 1742 ἑαυτὸν
918 1688 980 1742 τὸ
1028 1688 1220 1753 πάθος,
1266 1688 1406 1742 κατὰ
1455 1689 1792 1759 προαίρεσιν,
1827 1689 1923 1740 καὶ

2030 1688 2213 1756 iuncta
2250 1702 2373 1740 cum
2411 1703 2579 1742 carne
2613 1688 2921 1751 divinitate,
2955 1686 3267 1741 aﬂ‘ectiones
3303 1692 3519 1738 nostras
3550 1685 3602 1736 in

335 1781 399 1832 οὐ
437 1779 580 1832 κατὰ
604 1780 866 1848 ἀνάγκην.

2030 1793 2147 1832 sese
2169 1777 2494 1846 susciperet.
2530 1776 2741 1830 Etenim
2771 1778 3030 1831 divinitas
3061 1775 3179 1844 ipsa
3203 1782 3356 1828 extra
3387 1789 3602 1828 omnem

337 1882 425 1928 est
466 1875 702 1942 patiendi
749 1873 1144 1927 conditionem.
1191 1872 1475 1938 Quomodo
1505 1872 1649 1927 enim
1685 1879 1912 1925 mortem
1945 1871 1994 1925 is
2033 1870 2186 1925 obire
2220 1879 2425 1938 posset,
2456 1869 2548 1938 qui
2585 1869 2746 1922 dicit:
2781 1869 2889 1938 Ego
2913 1883 3028 1921 sum
3062 1867 3240 1920 vita'?
3266 1865 3453 1936 Itaque
3478 1881 3603 1919 cum

337 1964 614 2032 passionis
646 1979 841 2032 expers
885 1971 1195 2033 perseveret
1228 1963 1394 2024 Deus,
1428 1976 1552 2016 cum
1582 1976 1747 2016 carne
1767 1968 1949 2013 tamen
1983 1961 2206 2028 patitur,
2235 1957 2371 2010 adeo
2399 1964 2457 2010 ut
2505 1956 2778 2010 divinitati
2825 1958 3009 2026 passio
3041 1957 3129 2010 illa
3159 1956 3451 2019 tribuatur,
3478 1971 3602 2008 cum

335 2054 476 2106 nihil
501 2062 678 2107 tamen
705 2069 799 2122 per
829 2068 948 2107 sese
982 2053 1069 2104 illa
1095 2053 1359 2121 patiatur:
1385 2059 1446 2105 ut
1469 2051 1726 2104 nimirum
1761 2049 1910 2102 salus
1933 2047 2089 2102 nobis
2119 2062 2214 2116 per
2240 2045 2405 2101 Deum
2440 2033 2808 2114 comparetur,
2831 2061 2960 2100 caro
2983 2054 3160 2101 autem
3194 2046 3309 2116 ipsa
3341 2047 3604 2100 duntaxat

336 2145 626 2208 aﬂiciatur,
680 2153 738 2196 ut
773 2158 840 2198 ne
871 2141 1222 2212 passionibus
1275 2140 1597 2207 obnoxium,
1630 2140 1724 2194 sed
1769 2139 1838 2193 ab
1885 2139 1952 2193 iis
1987 2138 2166 2207 potius
2213 2137 2508 2189 immunem
2550 2134 2719 2190 Deum
2761 2136 3079 2200 habeamus,
3123 2136 3215 2207 qui
3267 2146 3463 2206 sponte
3495 2153 3596 2192 sua

336 2252 440 2292 nec
494 2236 599 2288 ulla
641 2238 968 2288 necessitate
1016 2243 1262 2296 coactus,
1306 2233 1555 2288 eamdem
1600 2233 1748 2286 illam
1791 2230 2134 2286 affectionem
2161 2230 2418 2297 imputari
2450 2229 2554 2282 sibi
2585 2229 2733 2283 velit.

411 2329 541 2382 KE'.
576 2328 766 2395 Ὅμως
783 2327 839 2379 δὲ
863 2327 956 2379 καὶ
980 2318 1144 2388 οὗτοι,
1165 2327 1262 2388 τὰς
1282 2325 1458 2390 λέξεις
1484 2327 1582 2388 τὰς
1626 2324 1918 2394 Ἐϐραῖκὰς

2089 2321 2256 2378 XXV.
2298 2322 2366 2375 At
2414 2321 2502 2376 isti
2543 2337 2668 2377 cum
2700 2320 2996 2379 Hebraicas
3019 2338 3183 2378 voces
3231 2339 3299 2378 ne
3326 2326 3605 2396 attigerint

339 2417 468 2471 οὒτε
527 2417 966 2487 ψηλαφήσαντες,
1017 2415 1142 2469 οὒτε
1173 2417 1412 2485 γνόντες,
1441 2415 1565 2469 οὔτε
1607 2415 1726 2479 πῶς
1753 2415 1864 2486 ἔχει
1885 2416 1918 2484 ἡ

236 2579 242 2584 _
337 2509 544 2561 τούτων
580 2507 826 2576 δύναμις,
873 2507 1128 2576 προαλῶς
1172 2509 1267 2560 καὶ
1315 2507 1601 2578 προπετῶς
1646 2507 1922 2575 ἀνέκυψαν

339 2599 506 2652 δεινοὶ
531 2595 736 2666 ἐχθροὶ,
771 2595 1059 2666 ζητοῦντες
1097 2597 1388 2667 πρόφασιν,
1427 2596 1590 2650 πόθεν
1615 2597 1715 2666 τὴν
1740 2598 1923 2651 πίστιν

338 2687 666 2756 λωϐήσουσι,
693 2688 889 2756 μᾶλλον
917 2686 974 2739 δὲ
1005 2686 1257 2754 ἑαυτούς·
1289 2687 1351 2738 οὺ
1377 2686 1486 2756 γὰρ
1516 2685 1616 2756 τὴν
1643 2685 1920 2756 ἀλήθειαν⁹

341 2780 438 2832 καὶ
475 2778 662 2849 ἐπειδὴ
704 2770 883 2849 εὗρον,
919 2778 1000 2830 ὃτι
1051 2778 1115 2830 '0
1154 2778 1363 2845 Κύριος
1405 2776 1606 2831 ἐκτισέ
1635 2795 1733 2846 με,
1770 2776 1924 2846 atq/o-

342 2870 603 2931 κινδύνως
659 2869 850 2940 ὥσπερ
915 2867 1309 2939 φανταζόμενοι
1366 2867 1802 2940 ὀνειροπολοῦσι,
1855 2867 1924 2920 τὰ

344 2960 512 3030 μηδὲν
552 2960 799 3030 χρήσιμα
839 2959 1320 3026 ὲπεισενέγκαντες
1353 2958 1428 3030 τῷ
1477 2958 1598 3029 βίῳ.
1633 2959 1726 3012 καὶ
1754 2958 1923 3028 ταρά-

343 3053 532 3116 ξαντες
570 3053 667 3122 τὴν
714 3052 1054 3121 οἰκουμένην.
1097 3051 1169 3103 Τὸ
1199 3050 1254 3104 δὲ
1311 3050 1593 3122 Ἐϐραῖκὺν
1629 3051 1726 3120 οὐχ
1754 3049 1926 3114 οὕτως

341 3143 459 3212 ἔχει
480 3160 493 3174 ⁸
525 3144 645 3196 ὅθεν
673 3142 902 3206 ’Λκύλας
928 3142 1105 3210 λέγει·
1137 3143 1348 3208 Κύριος
1371 3141 1672 3209 ἐκτήσατό
1689 3158 1783 3210 με.
1817 3142 1926 3194 Ἀεὶ

340 3234 401 3286 δὲ
432 3235 480 3285 οἱ
501 3233 793 3301 γεννῶντες
841 3233 1032 3295 παῖδας
1070 3232 1344 3300 λέγουσιν’
1397 3231 1743 3301 Ἑκτησάμην
1788 3232 1922 3285 υἱόν.

356 3324 496 3374 Ἀλλ’
524 3321 644 3374 οὔτε
674 3321 904 3384 Ἀκύλας
941 3321 1039 3390 τὴν
1058 3320 1282 3386 δύναμιν
1313 3321 1645 3390 ἡρμήνευσε.
1683 3320 1792 3373 Καὶ
1818 3320 1927 3390 γὰρ

342 3411 431 3473 τὸ,
467 3409 845 3477 Ἐκτησάμην
864 3409 1016 3468 υἱὸν,
1052 3408 1125 3471 ὡς
1158 3409 1466 3477 πρόσφατόν
1497 3410 1671 3462 ἐστιν·
1715 3411 1773 3463 έν
1807 3409 1928 3480 Θεῷ

342 3502 403 3555 δὲ
451 3501 604 3552 οὐδὲν
669 3500 748 3552 ἔνι
800 3499 1129 3571 πρόσφατον.
1168 3498 1282 3552 Κᾶν
1333 3515 1392 3550 τε
1445 3498 1678 3570 ὁμολογῇ
1725 3501 1848 3563 τις¹
1899 3501 1928 3552 ὂ

344 3592 668 3660 γεγέννηται
699 3593 726 3643 ὁ
758 3591 883 3652 Tib;
927 3591 991 3641 ὲκ
1023 3587 1116 3641 τοῦ
1148 3589 1380 3659 Πατρὸς,
1410 3591 1502 3644 καὶ
1537 3589 1635 3642 οὐκ
1664 3589 1924 3647 ἔκτισται.

2029 2416 2278 2484 quidem,
2327 2420 2423 2468 aut
2470 2412 2578 2467 ulla
2614 2427 2802 2467 earum
2848 2414 3158 2482 cognitione
3208 2413 3412 2483 perfusi
3462 2416 3604 2478 sint,

2030 2520 2207 2575 neque
2237 2504 2368 2574 quid
2403 2504 2506 2559 sibi
2543 2503 2711 2556 velint
2741 2503 3065 2574 intelligant,
3114 2513 3318 2558 temere
3343 2520 3407 2558 ac
3441 2513 3603 2575 petu-

2029 2595 2209 2648 lanter
2245 2595 2598 2649 vehementes
2636 2592 2826 2648 hostes
2874 2593 3204 2664 insurgunt,
3255 2595 3604 2649 occasionem

2032 2686 2273 2756 undique
2301 2694 2609 2755 captantes,
2643 2701 2750 2756 qua
2785 2685 2946 2740 tidem
2984 2694 3252 2751 nostram,
3286 2688 3368 2742 vel
3396 2689 3606 2757 seipsos

2031 2778 2213 2848 potius
2265 2777 2440 2848 (nihil
2493 2777 2639 2831 enim
2685 2777 2950 2832 adversus
2995 2779 3286 2833 veritatem
3340 2779 3604 2850 possunt)

2031 2883 2356 2938 quacunque
2391 2868 2601 2922 ratione
2637 2868 2986 2922 labefactent.
3022 2867 3177 2924 Unde
3205 2885 3326 2923 cum
3366 2871 3437 2922 ita
3469 2871 3607 2925 scri-

2030 2967 2181 3028 ptum
2210 2959 2565 3027 reperissent,
2597 2957 2851 3011 Dominus
2899 2959 3094 3012 creavit
3129 2976 3227 3024 me,
3259 2961 3508 3014 insubide
3538 2974 3602 3013 ac

2032 3051 2152 3107 sine
2193 3051 2302 3102 ullo
2331 3049 2574 3117 judicio,
2624 3049 2770 3102 velut
2802 3064 2894 3118 per
2928 3053 3198 3105 somnium
3222 3090 3236 3115 ,
3269 3051 3382 3106 visa
3419 3051 3605 3104 nescio

2032 3155 2153 3208 quae
2200 3139 2305 3194 sibi
2354 3138 2660 3203 tinxerunt,
2702 3149 2864 3208 atque
2907 3141 3088 3194 inania
3134 3142 3382 3209 quamam
3435 3142 3606 3196 intro-

2032 3230 2325 3293 duxerunt,
2365 3231 2566 3300 quibus
2596 3240 2867 3286 tcrrarum
2905 3232 3090 3285 orbem
3125 3247 3450 3302 magnopere
3482 3248 3606 3301 per-

2035 3322 2344 3376 turbarunt.
2377 3321 2642 3376 Czeterum
2685 3322 2949 3377 Hebraice
2995 3323 3150 3393 longe
3179 3323 3336 3376 aliter
3384 3323 3603 3392 legitur,

2035 3413 2264 3481 ideoque
2307 3413 2388 3466 sic
2419 3413 2615 3482 Aquila
2652 3415 3044 3483 interpretatur
3076 3433 3087 3466 :
3129 3415 3386 3468 Dominus
3426 3432 3607 3481 posse-

2034 3505 2111 3556 dit
2158 3520 2256 3558 me.
2297 3502 2485 3560 Solent
2518 3505 2660 3558 enim
2697 3507 2788 3575 qui
2844 3506 3045 3560 liberos
3091 3507 3400 3575 suscipiunt
3441 3509 3606 3578 vulgo

2035 3597 2219 3651 dicere
2248 3615 2260 3651 :
2289 3596 2512 3651 Possedi
2548 3597 2736 3651 lilium.
2792 3599 3114 3668 Quanquam
3151 3615 3218 3654 ne
3248 3599 3439 3668 Aquila
3479 3602 3603 3670 qui-

346 3683 680 3750 Γεγέννηται
725 3681 781 3733 δὲ
824 3681 1068 3750 ἁχρόνως
1103 3679 1197 3732 καὶ
1236 3679 1508 3750 ἀνάρχως.
1548 3681 1684 3734 Οὔτε
1713 3681 1822 3752 γὰρ
1852 3681 1926 3735 ἔνι

2033 3688 2154 3743 dem
2189 3689 2294 3742 vim
2330 3689 2463 3743 satis
2488 3690 2776 3757 expressit.
2810 3688 2944 3742 Nam
2973 3689 3127 3754 illud,
3157 3690 3368 3758 possedi
3400 3691 3603 3758 ﬁlium,

347 3774 541 3844 χρόνος
567 3770 840 3839 ἁναμέσον
869 3770 996 3823 Υίοῦ
1027 3769 1118 3823 καὶ
1147 3770 1380 3840 Πατρὸς,
1417 3771 1502 3824 ἵνα
1533 3772 1606 3842 μὴ
1637 3772 1825 3841 χρόνος
1851 3791 1933 3839 τις

350 3865 492 3933 ὑπὲρ
525 3862 692 3916 πλείω
735 3860 955 3930 γένηται
994 3860 1088 3913 τοῦ
1122 3859 1273 3916 Υἱοῦ.
1306 3861 1369 3914 Ei
1410 3862 1522 3933 γὰρ
1540 3862 1612 3915 δι’
1646 3863 1830 3917 αὐτοῦ
1861 3864 1934 3919 τὰ

348 3955 567 4019 πάντα,
597 3954 703 4024 ἄρα
735 3954 826 4006 καὶ
854 3954 900 4005 οἱ
928 3956 1132 4023 χρόνοι.
1162 3953 1367 4021 Χρόνου
1397 3954 1451 4006 δὲ
1480 3955 1813 4025 ὑπάρχοντος
1837 3954 1930 4008 τοῦ

351 4045 462 4117 πρὸ
491 4046 709 4098 πάντων
752 4045 924 4119 ὄντος,
967 4045 1084 4107 πῶς
1124 4043 1276 4097 ἔσται
1323 4045 1507 4112 route;
1553 4046 1710 4099 Ἀλλὰ
1744 4049 1793 4100 εἰ
1823 4047 1932 4117 ἄρα

353 4134 719 4205 ζητηθήσεται
748 4133 904 4196 ἄλλος
935 4134 1082 4197 Υἱὸς,
1117 4133 1184 4186 δι’
1217 4126 1282 4186 οὗ
1325 4135 1431 4205 πρὸ
1463 4136 1554 4188 τοῦ
1589 4136 1716 4188 Υίοῦ
1744 4137 1934 4204 γέγονε

356 4225 563 4296 χρόνος.
589 4225 697 4276 Καὶ
738 4224 906 4278 πολλά
932 4227 1103 4288 ἐστιν,
1122 4225 1158 4280 ἃ.
1183 4228 1260 4290 εἰς
1293 4226 1516 4296 ἄπειρον
1553 4226 1780 4296 ἀπορίαν
1808 4227 1931 4294 ἄγει

355 4318 424 4371 τὰ
453 4316 560 4369 τῶν
596 4315 1130 4386 περιεργαζομένων,
1159 4317 1250 4370 καὶ
1279 4317 1443 4387 μηδὲν
1475 4318 1677 4384 ἀγαθὸν
1702 4317 1930 4389 ἐργαζο-

359 4407 536 4477 μένων
560 4407 654 4459 ἀνθ
661 4406 858 4478 ρώπων
876 4410 1042 4478 φρονή
1051 4426 1212 4478 ματα.
1233 4411 1319 4461 Ἐν
1336 4410 1391 4462 δὲ
1411 4409 1488 4480 τῷ
1516 4409 1790 4480 Ἐὅραῐκῷ
1814 4410 1927 4479 (92)

355 4490 525 4563 λέγει,
571 4495 824 4562 Ἄδωναῒ,
855 4497 882 4549 ὃ
925 4498 1139 4565 λέγεται
1179 4501 1414 4567 Κύριος·
1451 4500 1681 4565 advari,
1705 4500 1927 4576 δύναται

2031 3794 2224 3834 recens
2253 3779 2458 3848 aliquid
2507 3793 2571 3832 ac
2619 3795 2816 3833 novum
2866 3780 3167 3849 signiﬁcat,
3201 3780 3506 3848 cuiusmodi
3549 3781 3605 3834 in

2037 3869 2146 3923 Deo
2175 3870 2312 3923 nihil
2341 3878 2443 3923 est.
2471 3870 2546 3922 Ac
2578 3871 2623 3924 si
2662 3872 2786 3938 quis
2817 3871 3172 3924 nihilominus
3204 3869 3337 3923 illud
3375 3886 3605 3925 conces-

2035 3961 2200 4024 serit,
2234 3961 2449 4030 genitus
2486 3969 2665 4015 tamen
2716 3977 2744 4013 a
2797 3960 2958 4015 Patre
3002 3959 3201 4025 Filius,
3232 3977 3338 4014 non
3385 3970 3602 4016 creatus

2033 4050 2432 4105 existimandus
2481 4058 2584 4104 est.
2619 4051 2797 4119 Atque
2849 4053 2922 4104 ita
2975 4052 3189 4120 quidem
3239 4053 3487 4120 genitus,
3544 4060 3602 4106 ut

2034 4140 2152 4193 sine
2201 4147 2443 4207 tempore
2486 4146 2580 4191 aut
2630 4140 2784 4194 initio
2833 4141 2904 4194 sit
2943 4144 3181 4207 genitus.
3230 4139 3415 4208 Neque
3456 4140 3601 4194 enim

2034 4227 2228 4283 Filium
2263 4230 2403 4283 inter
2432 4237 2486 4283 et
2529 4227 2747 4282 Patrem
2789 4238 3003 4298 tempus
3035 4230 3204 4282 ullum
3238 4230 3604 4298 interceptum

2031 4329 2117 4376 est
2138 4361 2153 4384 ,
2198 4336 2266 4375 ne
2305 4335 2410 4390 qua
2443 4321 2702 4390 temporis
2733 4336 2862 4390 pars
2895 4320 3014 4374 Filii
3057 4321 3323 4397 originem
3356 4329 3605 4375 anteces-

2029 4411 2170 4466 sisse
2199 4410 2435 4464 dicatur.
2467 4408 2601 4462 Nam
2629 4410 2674 4466 si
2713 4425 2804 4478 per
2834 4409 3019 4476 ipsum
3041 4409 3185 4477 facta
3211 4419 3332 4462 sunt
3360 4411 3539 4463 omnia
3558 4410 3600 4474 ",

2031 4502 2194 4556 etiam
2251 4512 2496 4571 tempora
2540 4502 2659 4571 ipsa
2714 4501 2868 4554 facta.
2909 4502 3017 4557 sint
3073 4508 3305 4571 oportet.
3354 4502 3506 4567 Quod
3555 4502 3601 4555 si

357 4585 650 4653 λέγεσθαι,
694 4587 786 4640 καὶ
832 4580 1170 4643 ἐνόσσευσὲ
1215 4607 1322 4659 με,
1354 4593 1444 4643 καὶ
1490 4575 1788 4657 exmiaan
1829 4609 1924 4660 με.

2035 4601 2248 4660 tempus
2277 4592 2497 4659 aliquod
2524 4599 2647 4646 ante
2673 4594 2855 4646 omnia
2885 4591 3165 4647 exstitisse
3191 4591 3432 4656 dicatur,
3466 4609 3605 4662 quo-

359 4677 434 4730 Τὸ
455 4677 510 4731 δὲ
545 4677 930 4749 ἀκριϐέστατον
968 4680 1203 4749 λέγεται,
1253 4683 1590 4737 ὲνόσσευσέ
1624 4700 1719 4752 με.
1769 4684 1928 4746 Ποῖος

2033 4699 2159 4737 nam
2194 4680 2355 4738 modo
2393 4683 2524 4739 illud
2556 4684 2822 4740 exsistet?
2867 4683 3206 4750 Quazrendus
3233 4685 3491 4739 nimirum
3524 4688 3602 4740 al-

436 4832 454 4864 ¹
483 4829 689 4885 Vitium
715 4833 903 4887 subest
937 4835 1063 4889 huic
1101 4835 1239 4890 loco.
1315 4837 1334 4866 ’
1362 4835 1518 4891 Joan.
1555 4853 1630 4904 xi,
1665 4838 1766 4905 25;
1805 4853 1930 4904 xiv,
1967 4837 2018 4894 6.
2096 4840 2116 4870 ³
2155 4838 2311 4895 Joan.
2349 4856 2388 4907 i,
2415 4841 2468 4895 5.

433 4991 545 5062 (92)
583 4992 683 5046 Ἐν
725 4993 794 5046 δὲ
836 4991 917 5057 τῷ
954 4989 1227 5058 Ἐϐραϊκῷ
1273 4990 1451 5059 λέγει.
1494 4990 1788 5046 Latissime
1839 4993 1929 5046 hic

365 5085 521 5139 locus
575 5083 902 5152 expenditur
948 5083 1005 5135 in
1049 5081 1331 5134 Ancorato.
1373 5080 1636 5136 llcbraica
1686 5097 1788 5136 vox
1829 5094 1935 5168 mp

360 5173 628 5242 possidere
652 5172 944 5242 signiﬁcat.
979 5171 1104 5225 Ideo
1136 5171 1329 5238 Aquila
1369 5173 1635 5242 ἐκτήσατο
1657 5172 1837 5225 vertit.
1866 5173 1936 5224 At

363 5240 932 5311 exeniplariamaca
979 5243 1142 5311 vulgo
1194 5242 1374 5294 ἔκτισε
1401 5240 1511 5308 jam
1547 5249 1660 5293 tum
1695 5242 1846 5303 olim,
1877 5250 1935 5293 ut

365 5310 634 5381 hodieque
673 5312 985 5381 praeferunt.
1019 5310 1191 5381 Quam
1234 5311 1519 5363 lectionem
1551 5311 1704 5381 haud
1741 5311 1936 5380 probat

304 5445 308 5450 _
366 5379 589 5434 Hieron.
625 5379 690 5433 ad
731 5397 878 5440 xxvr,
914 5380 1162 5450 cap.lsa.
1198 5394 1339 5432 com.
1368 5381 1470 5450 A15,
1512 5380 1602 5432 ubi
1650 5379 1755 5442 ait,
1785 5395 1933 5448 qme—

365 5452 487 5503 dam
517 5451 848 5518 exemplaria
873 5449 1085 5518 inalein
1128 5448 1432 5503 Proverbiis
1461 5464 1558 5517 pro
1598 5452 1925 5516 possessione

369 5519 567 5573 habere
594 5517 912 5572 creaturam.
940 5517 1139 5570 Verum
1192 5518 1567 5586 antiquissima
1601 5528 1685 5572 est
1711 5519 1925 5574 ϐιωεο-

369 5603 488 5657 rum
546 5589 793 5642 codicum
845 5589 932 5640 illa
985 5587 1172 5650 lectio;
1218 5602 1379 5655 quam
1436 5589 1677 5657 plerique
1734 5604 1926 5642 omnes

369 5656 558 5711 Patres
589 5658 1088 5725 agnoscunt,etiani
1126 5657 1198 5708 illi
1225 5657 1472 5725 quiante
1505 5656 1735 5713 Arianos
1761 5659 1922 5712 exsti-

371 5724 686 5798 ternntqiti
712 5729 880 5798 Clem.
918 5725 1204 5798 Alexandr.
1233 5724 1656 5798 in_l’rotreptico,
1689 5729 1924 5798 lgnatins

369 5798 528 5868 epist.
565 5797 622 5861 4,
655 5796 723 5848 ad
761 5797 1063 5861 Tarsenses,
1093 5794 1755 5853 Tcrtullianuslibxontr.
1796 5797 1926 5852 Iler-

2028 5009 2164 5062 ntog.
2213 5007 2334 5062 cap.
2366 4992 2419 5056 9,
2454 4991 2762 5062 Cyprianus
2796 4995 2890 5048 lib.
2931 5011 2987 5058 ιι,
3029 4995 3314 5051 Testimon.
3347 4997 3596 5052 adversus

2029 5061 2270 5133 Judteos,
2324 5077 2446 5130 cap.
2477 5061 2620 5126 17,7ut
2669 5065 3061 5126 Athanasium,
3113 5064 3430 5133 Gregorium
3493 5066 3598 5119 Na-

2031 5132 2206 5185 zianz.
2243 5147 2306 5186 ac
2344 5140 2571 5187 caeteros
2619 5133 2885 5186 omittam.
2920 5137 3161 5200 Quorum
3198 5132 3288 5188 alii
3325 5134 3393 5188 de
3418 5143 3596 5188 creata

2034 5202 2293 5270 sapientia
2327 5201 2505 5272 locum
2542 5202 2690 5255 illum
2722 5203 3019 5272 accipiunt,
3052 5205 3144 5257 alii
3190 5204 3258 5257 ad
3299 5203 3596 5258 increatam

2035 5272 2298 5323 referunt.
2347 5269 2477 5335 Quae
2511 5286 2610 5326 nos
2643 5269 2921 5326 sacrarunt
2956 5271 3281 5325 Litterarum
3327 5273 3580 5340 interpre-

2035 5340 2182 5393 tibus
2211 5341 2548 5394 enucleanda
2590 5341 2926 5409 reliquimus.
2952 5343 3017 5392 At
3043 5341 3375 5409 Epiphanius
3396 5357 3593 5396 novam

2023 5409 2314 5480 quamdam
2373 5409 2638 5464 l-lebraico
2699 5411 3201 5480 verbornozionem
3253 5411 3477 5480 aliingit.
3535 5421 3596 5465 ut

2024 5477 2164 5530 idem
2200 5478 2269 5531 sit
2291 5485 2406 5564 uzp
2433 5489 2595 5548 atque
2625 5479 2908 5531 ὲνόσσευσὲ
2931 5497 3020 5547 με,
3051 5481 3207 5547 quasi
3239 5477 3497 5550 scripturn
3523 5487 3594 5536 sit

2023 5576 2138 5654 ’ΒΡ
2171 5585 2199 5621 a
2229 5569 2543 5636 duplicante
2571 5571 2715 5622 Aiin.
2747 5568 2879 5621 Nam
2908 5577 2996 5651 pp
3029 5577 3112 5622 est
3150 5570 3426 5638 nidiﬁcure
3473 5574 3589 5626 sive

2024 5659 2172 5731 nidos
2206 5670 2542 5712 construere:
2571 5659 2713 5727 quod
2747 5674 2858 5731 non;
2886 5659 3034 5712 idem.
3056 5671 3140 5714 est
3170 5679 3232 5715 ac
3257 5664 3390 5731 fetus
3415 5663 3598 5718 exclu-

2022 5729 2163 5802 dere,
2200 5731 2279 5802 vel
2309 5731 2611 5802 producere,
2637 5736 2706 5802 Διιι
2746 5729 3046 5784 arbitratur
3085 5729 3436 5802 Epiphanius.
3463 5733 3594 5787 Ideo

2023 5801 2205 5855 nullus
2228 5800 2351 5868 huic
2379 5799 2602 5869 argutiae
2634 5799 2786 5852 locus
2817 5809 2919 5854 esi.
