3994 6226
345 371 450 430 2ί5

1762 373 1819 426 S.
1863 369 2198 426 EPIPIIANII

3513 356 3626 413 ΞΗ

347 497 423 540 ter
473 483 630 538 nobis
665 481 858 548 Filius,
903 499 932 538 a
979 499 1090 553 quo
1143 490 1359 554 tempus
1407 493 1535 540 ante
1570 483 1766 538 Filium
1799 501 1924 554 pro-

2040 484 2086 536 Βὲ
2126 481 2316 542 vostro;
2361 479 2462 532 οὐκ
2512 477 2619 531 ἀπὸ
2665 475 2879 546 φύσεως
2924 473 3018 528 τοῦ
3059 471 3450 544 γεγεννηκότος
3497 485 3622 539 γεν-

345 573 572 630 ductum
603 575 694 630 sit.
725 576 991 630 Sexcenta
1025 584 1153 630 sunt
1185 577 1316 640 alia,
1347 576 1548 646 quibus
1578 577 1922 631 curiosorum

2033 575 2211 638 vit-at;

343 671 664 734 hominum,
721 685 898 740 neque
949 669 1074 724 boni
1133 670 1434 740 quidquam
1514 669 1858 724 aﬂ‘ercutium
1913 668 2131 739 ingenia
2199 663 2671 720 iuextricabilibus
2725 659 3106 716 ditlicultatum
3169 656 3382 726 laqueis
3441 653 3624 723 impli-

344 769 561 818 cantur.
611 759 731 816 Jam
777 779 908 818 vero
961 763 1230 820 llebraice
1295 765 1366 818 ita
1422 763 1666 834 legitur:
1705 763 1956 828 Adonai,
2011 764 2118 818 hoc
2167 769 2252 818 est
2303 760 2600 824 Dominus,
2653 755 2880 818 canani,
2933 754 3040 808 hoc
3075 760 3190 815 est,
3241 750 3378 806 velut
3415 747 3622 818 pullum

342 853 506 907 edidit
547 871 656 920 me,
711 853 794 908 vel
831 855 1061 923 possedit
1105 871 1206 910 me.
1261 853 1430 908 Multo
1489 863 1668 910 autem
1726 855 2072 910 commodius
2111 862 2230 919 est,
2267 859 2327 907 ut
2357 852 2540 922 priore
2585 847 2750 904 modo
2796 845 3079 908 reddatur,
3141 852 3396 912 tanquam
3456 839 3622 910 750

343 946 549 1014 pullum
581 945 764 1000 edidit.
793 963 896 1001 me.
937 947 1139 1016 Ecquis
1170 962 1298 1002 vero
1346 947 1528 1016 pullus
1570 961 1636 1002 ex
1681 947 1804 1016 ejus
1831 960 2026 1002 natura
2053 961 2162 1000 non
2195 945 2590 1014 proﬁciscitur,
2625 955 2656 994 a
2685 953 2796 1010 quo
2829 938 3046 1008 genitus
3080 935 3214 992 est?
3647 929 3658 944 ’

417 1039 514 1096 Est
545 1039 635 1093 illa
665 1039 888 1109 quidem
921 1039 1332 1096 formandorum
1356 1055 1650 1113 corporum
1681 1045 1842 1104 ratio,
1871 1053 1930 1099 ut

345 1147 413 1188 ex
445 1132 735 1202 utriusque
760 1131 1150 1201 conjunctione
1190 1148 1356 1190 sexus
1397 1134 1538 1190 fetus
1563 1149 1755 1191 omnes
1787 1136 1930 1190 exsi-

350 1229 524 1285 stant,
555 1221 718 1292 idque
747 1223 930 1293 ipsum
963 1233 1072 1278 tam
1107 1224 1162 1278 in
1195 1225 1434 1290 homine,
1476 1240 1640 1295 quam
1679 1226 1732 1280 in
1763 1241 1932 1294 pecu-

347 1317 534 1384 dibus,
552 1318 893 1383 volucribus,
922 1334 986 1373 ac
1016 1320 1231 1376 razteris
1253 1321 1632 1376 animantibus
1657 1319 1929 1376 videmus.

345 1411 712 1478 Quamobrem
772 1413 1088 1482 unigenitus
1117 1411 1210 1468 Dei
1243 1411 1282 1466 F
1287 1413 1432 1478 ilius,
1465 1413 1719 1484 idemque
1751 1413 1930 1483 perfe-

346 1507 435 1554 cta
463 1500 638 1556 Patris
663 1502 932 1571 sapientia
967 1517 1092 1557 cum
1122 1503 1196 1558 ita
1229 1503 1492 1573 perlicere
1521 1505 1708 1558 omnia
1743 1505 1927 1568 vellet,

347 1605 408 1650 ut
449 1597 514 1648 ad
564 1596 816 1652 homines
861 1596 1230 1652 Inoderandos
1271 1613 1335 1652 ac
1390 1599 1749 1668 corrigendos
1779 1597 1929 1652 vale-

347 1693 492 1748 rent,
545 1701 614 1740 ne
647 1686 773 1756 quis
808 1685 874 1741 de
919 1686 1039 1758 ipso
1069 1686 1206 1742 falsa
1245 1687 1494 1759 quaedam
1530 1689 1930 1757 suspicaretur,

347 1783 402 1830 et
426 1791 456 1830 a
490 1777 716 1833 veritate
735 1777 1036 1846 excideret,
1053 1789 1305 1834 naturam
1333 1779 1573 1836 hominis
1597 1780 1929 1850 suscipiens,

350 1876 538 1938 atque.
574 1877 633 1923 ut
681 1878 879 1924 natura
923 1869 1050 1934 fert,
1077 1869 1144 1926 de
1173 1873 1404 1928 muliere
1429 1872 1672 1942 genitus,
1705 1879 1934 1942 totoque

351 1960 734 2028 parturitionis
787 1972 1032 2032 tempore
1078 1962 1132 2017 in
1171 1963 1414 2033 Virginis
1463 1971 1620 2020 utero
1656 1965 1931 2030 residens,

353 2064 698 2120 nequaquam
729 2061 814 2106 est
857 2067 922 2106 ex
956 2052 1092 2106 virili
1146 2054 1356 2110 semine
1399 2054 1657 2124 genitus,
1699 2069 1770 2110 ne
1825 2069 1934 2124 qua

353 2141 436 2196 vel
468 2141 522 2194 in
555 2142 656 2196 hac
686 2157 950 2213 corporea
979 2144 1334 2213 generatione
1362 2161 1590 2202 sexuum
1625 2146 1822 2217 copula
1855 2161 1938 2203 es—

351 2241 436 2288 set
487 2248 550 2288 ac
594 2235 935 2304 conjunctio.
975 2235 1176 2291 Verum
1221 2237 1338 2293 sola
1381 2253 1448 2294 ex
1498 2247 1674 2295 matre
1711 2253 1934 2294 carnem

358 2328 592 2396 accepit,
647 2328 1053 2400 perfectamque
1097 2331 1152 2385 in
1199 2347 1320 2388 sese
1364 2331 1604 2388 hominis
1653 2341 1931 2398 naturam,

355 2433 530 2487 neque
567 2433 838 2484 mancam,
871 2427 963 2474 aut
995 2419 1286 2484 defectam,
1342 2422 1436 2476 sed
1478 2437 1660 2476 veram
1692 2436 1758 2475 ac
1795 2437 1934 2476 con-

357 2517 682 2564 summatam
714 2513 1004 2580 expressit.
1051 2509 1190 2566 Nam
1226 2511 1446 2566 tametsi
1477 2511 1703 2566 minime
1728 2525 1795 2566 ex
1832 2509 1936 2566 viri

353 2607 476 2654 satu
513 2600 804 2670 prodierit,
857 2603 994 2658 nihil
1023 2603 1074 2660 ei
1107 2609 1290 2658 tamen
1325 2601 1394 2656 ad
1430 2601 1798 2672 integritatem
1839 2599 1937 2656 de-

357 2691 492 2756 fuit;
521 2693 768 2763 adeoque
805 2694 922 2750 suis
951 2693 1208 2748 omnibus
1249 2693 1496 2764 partibus
1523 2693 1809 2748 absolutus
1840 2707 1936 2746 cx-

356 2779 515 2842 stitit,
562 2795 746 2847 carne,
779 2783 985 2846 nervis,
1034 2783 1213 2846 venis,
1256 2798 1320 2836 ac
1369 2783 1594 2852 reliquis
1627 2781 1932 2850 ejusmodi,

356 2866 540 2920 anima
569 2875 832 2938 przeterea
859 2887 1022 2942 quam
1057 2887 1166 2932 non
1197 2857 1380 2942 specie
1407 2880 1590 2938 tenus,
1626 2873 1722 2929 sed
1756 2873 1944 2943 reipsa

2107 1042 2220 1095 Kal.
2275 1033 2378 1094 ὦδε
2431 1038 2530 1108 μὲν
2579 1038 2638 1090 tv
2687 1037 2798 1097 τοῖς
2837 1033 3172 1102 σωματικοῖς
3211 1027 3494 1090 πλαστίοις
3533 1027 3624 1080 διὰ

2039 1133 2394 1203 συνδυασμῶν
2439 1127 2665 1202 ἄρῤενός
2687 1143 2744 1180 τε
2784 1125 2878 1180 καὶ
2903 1122 3123 1194 θηλείας
3155 1119 3225 1174 τὰ
3253 1119 3625 1188 νοσσευόμενα

2037 1225 2245 1295 γίνεται
2277 1221 2386 1278 ἀπὸ
2425 1219 2712 1294 ἀνθρώπου
2757 1219 2861 1280 ἓως
2907 1217 3157 1286 κτήνους,
3207 1213 3298 1266 καὶ
3333 1211 3623 1276 πετεινῶν,

2039 1319 2132 1372 καὶ
2161 1317 2270 1370 τῶν
2290 1315 2484 1370 ἄλλων.
2511 1313 2710 1384 Διόπερ
2733 1314 2762 1366 ὁ
2791 1309 3126 1379 Μονογενὴς,
3153 1307 3224 1360 τά
3243 1306 3422 1359 πάντα
3459 1304 3626 1372 σοφία

2035 1405 2112 1460 ῶν
2151 1406 2246 1460 τοῦ
2299 1405 2531 1476 Πατρὸς,
2571 1405 2664 1458 καὶ
2715 1401 3034 1472 βουλόμενος
3089 1398 3182 1450 ἐπὶ
3227 1393 3511 1466 διορθώσει
3555 1393 3626 1447 τὰ

2037 1501 2214 1554 πάντα
2237 1495 2596 1568 ἐργάσασθαι,
2635 1496 2723 1548 ἵνα
2754 1495 2828 1565 μή
2855 1510 2938 1556 τις
2965 1493 3044 1554 εἰς
3077 1488 3240 1542 αὑτὸν
3275 1485 3562 1556 λογίσηται
3587 1484 3626 1536 ἃ

2040 1591 2115 1662 μὴ
2166 1589 2302 1655 ἔστι,
2342 1589 2435 1642 καὶ
2487 1586 2694 1658 ἐκπέσῃ
2725 1586 2825 1656 τῆς
2857 1583 3138 1655 ἀληθείας,
3191 1580 3504 1651 ὲνδημήσας
3541 1575 3626 1648 τῷ

2037 1681 2143 1736 τῶν
2171 1680 2472 1752 ἀνθρώπων
2493 1678 2661 1747 γένει,
2695 1677 2788 1732 καὶ
2807 1676 2968 1745 φύσει.
2997 1673 3106 1730 ἀπὸ
3135 1671 3393 1741 γυναικὸς
3427 1686 3626 1740 γεννη-

2039 1773 2172 1836 θεὶς,
2233 1773 2326 1827 καὶ
2371 1773 2429 1824 tv
2483 1771 2668 1842 μήτρα
2713 1767 2992 1839 Παρθένου
3038 1763 3348 1824 ἀνακλιθεὶς
3389 1761 3482 1814 τὸν
3513 1759 3626 1814 τῶν
3699 1837 3708 1844 _

2039 1866 2345 1937 κυοφορίων
2389 1863 2602 1934 χρόνον,
2646 1861 2748 1916 οὐκ
2788 1859 2896 1914 ἀπὸ
2926 1857 3240 1929 σπέρματος
3271 1853 3462 1925 ἀνδρὸς
3491 1869 3620 1905 συν-

2036 1955 2268 2026 ελήφθη,
2301 1956 2388 2008 ἵνα
2416 1955 2490 2026 μὴ
2515 1952 2856 2023 συνδυασμὸς
2898 1951 2992 2004 καὶ
3019 1947 3370 2020 παραπλοκὴ,
3401 1943 3538 2017 [καὶ]
3563 1945 3626 1996 ὲν

2035 2053 2103 2122 τῇ
2137 2049 2384 2120 ἐνσάρκῳ
2429 2048 2680 2116 γεννήσει
2718 2046 2967 2114 γένηται,
3018 2041 3132 2096 ἀλλ’
3169 2041 3236 2094 ὲκ
3287 2038 3492 2108 μητρὸς
3522 2054 3624 2106 μο-

2035 2138 2252 2202 νοειδῶς
2297 2137 2456 2190 ἔλαϐε
2504 2135 2604 2205 τὴν
2632 2135 2834 2205 σάρκα,
2869 2131 2964 2186 καὶ
2997 2132 3078 2194 είς
3107 2127 3300 2182 ἑαυτὸν
3333 2126 3628 2195 ἐπλήρωσε

2035 2230 2246 2284 τελείαν
2269 2229 2366 2300 τὴν
2395 2227 2590 2282 ἑαυτοῦ
2615 2225 2772 2280 ένανο
2783 2224 3052 2297 ρώπησιν,
3081 2221 3182 2275 οὐκ
3207 2218 3400 2288 ἐλλιπῆ
3429 2213 3624 2280 οὖσαν,

2035 2321 2172 2376 ἀλλὰ
2191 2320 2471 2392 ἀληθινήν.
2501 2317 2611 2374 Καὶ
2641 2319 2722 2372 ὅτι
2751 2317 2852 2370 οὐκ
2895 2315 3004 2370 ἀπὸ
3037 2313 3348 2384 σπέρματος
3383 2311 3402 2340 ⁸
3429 2307 3628 2378 ἀνδρὸς

2034 2413 2134 2466 οὐκ
2162 2407 2252 2484 ἦν,
2285 2407 2398 2482 εἶχέ
2435 2429 2487 2464 τι
2523 2409 2756 2473 ἐλλιπές.
2795 2407 2980 2461 Πάντα
3013 2405 3119 2476 γὰρ
3147 2403 3368 2466 τελείως
3399 2401 3528 2470 ἔσχε
3553 2399 3628 2452 τὰ

2035 2504 2213 2558 πάντα
2261 2503 2422 2574 έχων,
2451 2501 2651 2574 σάρκα,
2689 2499 2786 2554 καὶ
2826 2498 3016 2578 νεῦρα,
3051 2496 3146 2550 καὶ
3181 2493 3404 2563 φλέϐας,
3432 2490 3628 2548 καὶτὰ

2037 2596 2174 2651 ἄλλα
2201 2596 2380 2650 πάντα
2402 2595 2504 2648 ὅσα
2531 2594 2648 2648 toti.
2669 2609 2686 2625 ⁸
2715 2591 2894 2664 ψυχὴν
2917 2591 2974 2644 δὲ
3005 2587 3296 2660 ἀληθινῶς,
3329 2586 3424 2640 καὶ
3444 2585 3506 2638 οὐ
3531 2585 3628 2636 δο-

2037 2690 2216 2760 κήσει,
2251 2686 2376 2741 νοῦν
2395 2687 2453 2740 δὲ
2481 2687 2576 2740 καὶ
2609 2685 2677 2739 τὰ
2706 2685 2884 2739 πάντα
2903 2684 3006 2736 ὅσα
3047 2679 3198 2734 ἐστὶν
3237 2681 3294 2732 ὲν
3319 2681 3384 2748 τῇ
3413 2676 3628 2748 ἀνθρω-

2037 2782 2203 2852 πήσει
2225 2780 2394 2851 χωρὶς
2434 2777 2731 2850 ἁμαρτίας,
2763 2777 2838 2841 ὡς
2876 2777 3184 2846 γέγραπται
3207 2790 3222 2804 ο
3257 2767 3628 2838 Πεπειραμέ-

2037 2889 2145 2937 νος
2192 2871 2344 2925 κατὰ
2400 2870 2600 2924 πάντα
2644 2870 2724 2936 ὡς
2744 2867 3058 2936 ἅνθρωπος
3082 2863 3260 2934 χωρίς
3287 2861 3580 2931 ἁμαρτίας
3601 2875 3620 2892 ο

357 2959 635 3025 suscepit;
667 2959 922 3014 similiter
947 2967 1001 3016 et
1037 2969 1300 3024 mentem,
1329 2963 1546 3032 aliaque
1578 2964 1790 3021 omnia,
1813 2964 1934 3032 qni-

2040 2965 2146 3028 i'vct,
2199 2966 2258 3015 tv
2303 2961 2382 3034 τῷ
2441 2961 2730 3032 μονοειδῶς
2779 2958 3010 3013 ἐνταῦθα
3061 2956 3170 3011 ἀπὺ
3213 2953 3418 3026 μητρὸς
3475 2951 3626 3004 κατὰ

359 3048 462 3102 bus
495 3047 736 3105 hominis
771 3060 966 3110 natura
1002 3062 1238 3118 constat,
1273 3062 1468 3125 praeter
1500 3063 1810 3125 peccatum,
1839 3071 1934 3124 pro

2040 3053 2218 3125 σάρκα
2251 3052 2628 3123 γεγεννῆσθαι,
2663 3051 2906 3114 τελείως,
2929 3051 3024 3104 καὶ
3055 3050 3156 3102 οὐκ
3187 3045 3440 3109 ἐλλιπῶς,
3469 3045 3626 3116 δείξῃ

357 3153 424 3191 eo
473 3153 538 3192 ac
583 3140 848 3210 scriptum
894 3153 978 3200 est
1019 3159 1034 3195 :
1083 3142 1332 3202 Teutalus
1381 3160 1475 3210 per
1522 3145 1702 3200 omnia
1741 3144 1934 3211 absque

2040 3147 2148 3208 τοῖς
2173 3143 2514 3214 βουλομένοις
2537 3143 2669 3212 ὸρᾷν
2698 3140 2798 3212 τὴν
2827 3137 3105 3209 ἀλήθειαν,
3137 3137 3230 3190 καὶ
3265 3135 3340 3205 μὴ
3369 3133 3626 3220 τυφλῶτη

359 3237 570 3292 peccato
594 3231 634 3284 ⁸.
673 3228 742 3292 Ut
767 3247 890 3286 cum
923 3233 1036 3288 sola
1061 3249 1124 3288 ex
1153 3243 1326 3290 matre
1355 3233 1616 3303 Perfecto,
1645 3243 1700 3290 et
1725 3235 1934 3304 absque

2040 3255 2150 3290 τειν
2173 3237 2264 3289 τὸν
2295 3235 2424 3289 ἴδιον
2451 3232 2608 3294 νοῦν·
2645 3233 2727 3284 ὃτι
2765 3231 2862 3284 καὶ
2897 3230 3008 3284 ἄνω
3043 3231 3107 3282 ὲκ
3146 3227 3360 3300 Πατρὸς
3399 3225 3624 3288 τελείως

362 3317 472 3372 ullo
497 3319 710 3377 deiectu
739 3325 1042 3380 secundum
1072 3339 1294 3380 carnem
1328 3327 1420 3384 hic.
1447 3326 1663 3396 genitus
1695 3327 1802 3382 sit:
1830 3328 1934 3380 hoc

2040 3328 2380 3397 γεγέννηται,
2443 3325 2688 3396 ἀχρόνως
2740 3323 2835 3376 καὶ
2881 3323 3170 3392 ἀνάρχως,
3213 3319 3309 3374 καὶ
3359 3318 3510 3372 κάτω
3555 3317 3626 3368 ὲκ

359 3408 540 3478 ipsum
583 3411 666 3466 bis
695 3415 968 3478 ostendat,
1007 3416 1100 3485 qui
1125 3417 1406 3472 veritatem
1441 3415 1666 3476 intueri,
1699 3431 1798 3470 nec
1836 3431 1934 3471 et.

2043 3419 2248 3491 μητρὸς
2277 3419 2445 3490 μόνης
2473 3416 2792 3486 γεγέννηται
2817 3413 3104 3484 ἀχράντως
3146 3413 3240 3466 καὶ
3276 3409 3596 3480 ἀμολύντως

362 3508 564 3554 earcata
591 3512 773 3558 mente
803 3519 923 3560 esse
952 3506 1248 3570 voluerint,
1274 3521 1400 3561 cum
1437 3505 1490 3560 in
1521 3508 1662 3562 coelo
1693 3507 1934 3576 perfecte
1969 3511 2090 3566 sine
2116 3513 2228 3567 ullo
2257 3521 2522 3581 tempore,
2557 3517 2652 3562 aut
2686 3507 2845 3562 initio
2873 3521 2938 3560 ex
2973 3505 3154 3571 Patre,
3179 3511 3293 3557 tum
3363 3504 3416 3558 in
3473 3511 3624 3558 tera

360 3590 476 3655 sine
510 3591 627 3654 labe
658 3593 768 3652 ulla
797 3604 850 3648 et
883 3595 1115 3662 macula,
1147 3597 1262 3652 sola
1293 3611 1353 3654 se
1382 3611 1506 3652 esse
1535 3597 1602 3652 de
1629 3605 1804 3654 matre
1833 3599 2094 3668 genitum.

431 3681 622 3742 XXVI.
667 3687 842 3754 Atque
875 3693 934 3740 ut
965 3702 1130 3743 voces
1157 3688 1275 3743 illas
1307 3687 1748 3759 interpretemur,
1791 3689 1936 3744 Ado-

360 3777 486 3838 nai,
561 3777 786 3840 canant,
847 3777 950 3833 hoc
1001 3787 1114 3840 est,
1158 3779 1419 3836 Dominus
1463 3780 1768 3849 fwdi/icaeit
1818 3797 1934 3844 me;

362 3867 626 3938 quidquid
661 3867 890 3932 alterum
915 3869 1109 3940 gignit,
1166 3870 1347 3926 simile
1381 3871 1572 3939 utique
1601 3871 1706 3926 sibi
1737 3871 1936 3942 gignit.

366 3961 505 4028 l-lrgo
530 3966 585 4012 et
616 3959 888 4014 hominem
931 3960 1094 4015 ho.no
1130 3971 1387 4034 generat,
1433 3969 1490 4018 et
1530 3963 1676 4018 Deus
1717 3961 1886 4018 Deum
1917 3977 1934 4016 :

365 4049 453 4106 ille
483 4064 670 4112 carne.
699 4051 789 4106 hic
816 4053 1012 4122 Spiritu
1042 4063 1286 4124 generat.
1318 4053 1509 4122 Qualis
1545 4070 1710 4125 porro
1741 4062 1826 4111 est
1851 4071 1940 4126 ge—

363 4157 566 4202 nerans
595 4143 778 4204 homo.
805 4145 930 4208 talis
958 4153 1041 4202 est
1066 4153 1120 4202 ct
1143 4148 1375 4216 genitus.
1395 4145 1570 4204 Homo
1596 4148 1690 4217 qui
1715 4155 1940 4218 generat

361 4251 486 4296 eum
529 4236 912 4295 aﬂectionibus
949 4239 1024 4294 sit
1069 4240 1340 4296 obnoxius
1364 4279 1379 4302 ,
1427 4241 1652 4310 perinde
1679 4251 1732 4296 et
1765 4241 1938 4295 tilium

365 4327 576 4396 gignit;
631 4327 772 4384 Deus
817 4340 1000 4384 autem
1042 4333 1190 4386 omni
1241 4333 1530 4386 adiectione
1556 4347 1774 4399 carens,
1815 4332 1941 4386 sine

364 4420 552 4474 eadem
583 4427 637 4474 et
669 4421 912 4488 genitum
951 4437 984 4482 a
1007 4438 1066 4477 se
1093 4421 1288 4476 Filium
1317 4423 1612 4492 produxit;
1639 4430 1694 4476 ct
1717 4423 1936 4492 quidem

2109 3689 2250 3755 Κεῖ-
2272 3691 2388 3747 ⁹⁹Ινα
2421 3691 2478 3745 δὲ
2511 3691 2606 3745 καὶ
2650 3688 3074 3761 έρμηνεύσωμεν
3101 3687 3198 3756 τὴν
3246 3684 3342 3739 τοῦ
3384 3687 3622 3741 Ἀδωναῖ

2017 3784 2252 3840 Δκιιινανι
2303 3783 2465 3851 XéEtv,
2509 3783 2647 3854 ὅπερ
2693 3781 2828 3844 ἐστὶ,
2865 3781 3078 3848 Κύριος
3127 3779 3468 3832 ὲνόσσευσέ
3509 3791 3618 3847 με·

2039 3879 2148 3930 πᾶν
2172 3877 2278 3948 γὰρ
2331 3875 2393 3928 τὸ
2431 3875 2634 3944 γεννῶν
2684 3871 2867 3943 ὅμοιόν
2895 3889 2944 3924 τι
2975 3871 3246 3939 γεννήσει.
3299 3869 3620 3939 Ἄνθρωπος,

2039 3968 2326 4040 ἄνθρωπον
2371 3967 2554 4037 γεννᾷ,
2581 3967 2674 4018 καὶ
2713 3963 2842 4027 Θεὸς
2870 3963 3020 4016 Θεὸν.
3063 3963 3173 4015 Καὶ
3205 3961 3234 4013 ὁ
3267 3959 3366 4031 μὲν
3412 3961 3624 4031 ἄνθρω-

2044 4077 2146 4123 πος
2187 4061 2348 4129 γεννᾷ
2401 4058 2542 4112 κατὰ
2574 4059 2772 4128 σάρκα,
2809 4056 2940 4118 Θεὸς
2971 4055 3028 4109 δὲ
3063 4054 3202 4108 κατὰ
3243 4051 3478 4123 πνεῦμα.
3509 4053 3622 4105 Kal.

2041 4149 2152 4216 οἶος
2179 4153 2206 4203 ὁ
2240 4150 2443 4218 γεννῶν
2487 4149 2791 4222 ἄνθρωπος,
2851 4148 3092 4210 τοιοῦτος
3131 4147 3225 4200 καὶ
3255 4153 3284 4200 ὁ
3319 4145 3410 4198 ὑπ’
3451 4145 3620 4198 αὐτοῦ

2042 4243 2396 4313 γεννώμενος.
2445 4243 2588 4295 Εἴσω
2639 4240 2824 4294 παθῶν
2855 4239 3238 4309 περιεχόμενος
3278 4239 3306 4290 ὑ
3353 4237 3624 4306 γεννήσας

2042 4334 2325 4402 ἄνθρωπος
2355 4333 2446 4386 τὸν
2483 4333 2612 4386 ἴδιον
2659 4331 2801 4384 υἱόν·
2827 4331 2920 4384 καὶ
2946 4331 2974 4382 ὀ
3003 4327 3220 4397 ἀπαθὴς
3253 4327 3384 4390 Θεὸς
3409 4327 3500 4378 τὸν
3525 4327 3620 4378 ὑπ¹

2041 4425 2208 4478 αὐτοῦ.
2227 4427 2622 4496 γεγεννημένον
2639 4425 2766 4478 Υίὸν
2781 4421 3006 4485 ἀπαθῶς
3027 4421 3310 4490 ἐγέννησεν
3325 4418 3618 4489 ἀληθινῶς,

367 4525 494 4568 vere
524 4526 632 4564 non
668 4513 848 4580 specie
889 4513 1027 4576 sola,
1071 4529 1136 4568 ex
1184 4515 1502 4582 semetipso,
1533 4531 1642 4570 non
1687 4524 1844 4569 extra
1879 4529 1934 4569 se

2043 4518 2135 4569 καὶ
2176 4519 2236 4570 οὺ
2289 4517 2507 4587 δοκήσει
2532 4515 2640 4570 ἀπὸ
2671 4513 2887 4578 ἑαυτοῦ,
2915 4513 3010 4568 καὶ
3048 4514 3147 4566 οὐκ
3177 4512 3372 4580 ἔξωθεν
3399 4512 3618 4576 ἑαυτοῦ,

367 4603 587 4672 genuit;
632 4604 858 4673 spiritus
912 4606 1120 4674 utique,
1175 4605 1296 4661 sine
1335 4607 1466 4670 ulla,
1519 4609 1594 4660 uti
1625 4607 1771 4669 dixi,
1803 4607 1932 4662 ειπε-

366 4693 570 4760 etione,
601 4707 665 4746 ac
693 4694 814 4748 sine
841 4693 1030 4748 eadem
1059 4695 1310 4764 spiritum
1344 4711 1633 4764 generans,
1673 4695 1816 4750 Deus
1855 4696 1939 4750 af-

367 4785 622 4840 fectionis
653 4801 850 4856 expers
879 4801 1066 4844 verum
1108 4787 1276 4842 Deum
1313 4789 1433 4843 sine
1467 4787 1752 4843 affectione
1778 4787 1934 4862 75],

367 4875 696 4946 producens.
733 4879 941 4932 Etenim
977 4879 1064 4934 ille
1109 4879 1244 4948 ipse,
1276 4879 1368 4948 qui
1401 4879 1604 4934 creavit
1638 4880 1841 4943 omnia,
1885 4879 1940 4933 id

365 4969 510 5039 quod
543 4985 610 5024 ne
636 4977 690 5024 tu
727 4971 946 5042 quidem
981 4971 1209 5025 inticiari
1241 4970 1429 5034 amics,
1456 4985 1488 5023 0
1511 4970 1626 5036 Ari,
1661 4971 1822 5033 idem,
1855 4971 1940 5025 in-

363 5075 564 5131 quam,
601 5060 794 5116 Filium
827 5063 1034 5133 genuit.
1083 5063 1263 5130 Quare
1313 5062 1358 5119 si
1403 5061 1546 5118 istud
1580 5062 1846 5132 objicias:
1884 5061 1942 5118 Si

367 5153 576 5221 genuit,
613 5154 924 5223 passionem
965 5155 1204 5225 aliquam
1233 5154 1503 5226 gignendo
1531 5163 1788 5224 expertus
1819 5163 1938 5222 est;

365 5245 460 5298 tibi
495 5243 595 5299 hoc
619 5245 854 5300 vicissim
887 5261 1224 5314 opponemus
1258 5263 1270 5297 :
1310 5243 1364 5300 Si
1393 5247 1704 5318 generando
1733 5249 1938 5317 aliquid

367 5349 559 5402 passus
601 5343 678 5392 est
703 5377 716 5400 ,
765 5337 929 5391 etiam
981 5337 1034 5390 in
1067 5336 1303 5390 creando
1342 5335 1628 5392 laboravit.
1673 5339 1780 5394 lles
1821 5341 1938 5408 ipsa

363 5438 527 5491 porro
549 5425 626 5480 sic
653 5441 712 5480 se
745 5425 930 5490 habet,
949 5431 1010 5480 ut
1033 5441 1374 5495 quacunque
1397 5427 1647 5490 voluerit,
1675 5429 1726 5481 in
1755 5429 1938 5498 seipso

363 5515 602 5585 perfecte
631 5517 944 5582 contineat;
979 5532 1041 5570 ac
1087 5531 1261 5587 neque
1285 5518 1354 5572 'in
1386 5517 1548 5572 rebus
1583 5518 1937 5587 procreandis

361 5605 700 5670 aﬂ‘ectioncm
755 5607 919 5662 ullam
973 5610 1266 5680 suscipiat,
1318 5625 1495 5680 neque
1529 5621 1750 5680 propter
1797 5611 1938 5666 inte-

2037 4607 2264 4677 Πνεῦμα
2281 4607 2356 4660 ῶν
2380 4607 2606 4670 ἀπαθὲς,
2633 4609 2726 4660 καὶ
2750 4605 2952 4676 γεννῶν
2973 4605 3196 4675 Πνεῦμα
3213 4603 3460 4668 ἀπαθῶς,
3483 4603 3620 4668 Θεὸς

2037 4697 2112 4750 ῶν
2143 4698 2376 4769 ἀπαθὴς,
2404 4698 2536 4752 Θεὸν
2565 4699 2816 4769 ἀληθινὸν
2839 4699 3104 4768 γεννήσας
3135 4695 3378 4758 ἀπαθῶς.
3415 4696 3476 4747 Εἰ
3507 4695 3618 4766 γὰρ

2037 4788 2198 4852 αὐτὸς
2225 4787 2404 4842 ἔκτισε
2431 4789 2500 4842 τὰ
2521 4789 2719 4852 πάντα,
2755 4789 2848 4842 καὶ
2889 4788 3190 4858 ὁμολογεῖς,
3221 4781 3266 4840 ὧ
3296 4787 3502 4857 ’Λρειε,
3534 4788 3616 4838 ὅτι

2039 4878 2288 4932 κέκτικεν
2315 4881 2343 4933 ὁ
2374 4879 2506 4943 Θεὸς
2534 4879 2601 4942 τὰ
2637 4881 2838 4946 πάντα,
2867 4879 3024 4942 αὐτὸς
3057 4877 3268 4940 καὶτὸν
3303 4877 3428 4930 Υίδν
3467 4877 3618 4944 ἐγέν-

2040 4985 2222 5040 νησεν.
2251 4971 2314 5024 Εἰ
2337 4971 2394 5024 δὲ
2415 4971 2612 5039 λέγεις,
2651 4970 2778 5025 Ἐὰν
2805 4970 3110 5040 ἐγέννησεν,
3133 4969 3299 5024 ἔπαθε
3325 4970 3615 5038 γεννήσας

2039 5062 2134 5114 καὶ
2189 5063 2348 5133 ἡμεῖς
2393 5062 2530 5133 πρὸς
2565 5063 2626 5116 σὲ
2661 5061 2916 5134 ἐροῦμεν,
2939 5063 3044 5126 ὅτι,
3075 5063 3126 5116 εί
3157 5061 3370 5130 γεννῶν.
3412 5059 3616 5124 ἔπαθε,

2041 5155 2288 5225 κέκμηκε
2309 5155 2522 5223 κτίσας,
2566 5155 2702 5212 ἀλλὰ
2733 5156 2850 5226 ἅμα
2879 5155 3056 5209 πάντα
3085 5155 3120 5209 ἃ
3147 5154 3415 5225 βούλεται,
3443 5153 3620 5206 πάντα

2038 5248 2152 5318 ἔχει
2175 5250 2233 5300 tv
2287 5248 2462 5318 ἑαυτῷ
2492 5249 2550 5301 ἐν
2575 5248 2874 5316 τελειότητι
2895 5265 2908 5278 ·
2941 5247 3035 5310 καὶ
3067 5245 3190 5300 οὔτε
3221 5248 3279 5298 tv
3312 5245 3390 5316 τῷ
3411 5243 3616 5310 κτίζειν

2036 5337 2230 5402 εἰςκτὸν
2263 5339 2426 5392 Υἱὺν³
2455 5338 2622 5402 πάθος
2645 5339 2927 5410 ὲνσκήψει,
2957 5337 3082 5390 οὔτε
3117 5337 3278 5398 πάθει
3297 5335 3615 5408 συνέχεσθαι

2035 5427 2096 5480 τὸ
2122 5428 2274 5482 Θείον
2309 5429 2398 5484 διὰ
2427 5429 2522 5499 τὴν
2563 5429 2829 5499 ἄχραντον
2857 5429 2950 5482 τοῦ
2981 5429 3110 5483 Υἱοῦ
3145 5429 3396 5499 γέννησιν
3419 5429 3614 5498 νοηθή·

2038 5537 2210 5573 σεται.
2258 5522 2562 5591 ’Λτρεπτος
2617 5521 2725 5590 γὰρ
2769 5523 2797 5574 ὁ
2843 5521 3055 5592 Πατὴρ,
3093 5521 3357 5593 ἄτρεπτος
3394 5524 3422 5576 ὁ
3464 5520 3610 5583 Υἱὸς,

2035 5610 2300 5682 ἄτρεπτον
2331 5611 2389 5664 τὺ
2418 5611 2640 5683 Πνεῦμα
2663 5613 2722 5664 τὸ
2753 5611 2928 5680 ἅγιον,
2951 5613 3050 5683 μία
3071 5613 3246 5678 οὐσία,
3277 5613 3376 5684 μία
3403 5612 3610 5682 θεότης.

436 5763 636 5820 ευριπ.
672 5781 744 5832 ιν,
775 5766 861 5830 15.
939 5767 958 5798 ¹
981 5765 1106 5823 Cor.
1131 5767 1222 5821 καὶ
1255 5766 1352 5836 οὐχ
1387 5767 1467 5819 ὅτι
1501 5764 1606 5818 ἀπὸ
1639 5764 1800 5836 strip,
1828 5764 1916 5827 ἀν.

2050 5805 2062 5820 .
2141 5765 2160 5796 ³
2185 5765 2244 5820 F.
2271 5765 2468 5832 ὁτιοῦν,
2502 5783 2602 5838 pro
2632 5769 2710 5830 εἰς
2737 5767 2823 5820 τὸν
2869 5768 3013 5826 Υίὸν.
