3994 6226
287 357 394 414 245

971 360 1343 420 ADVERSUS
1383 365 1728 426 [IEBESES
1761 370 1890 430 LIB.
1925 371 1991 430 Il.
2029 372 2195 431 TOM.
2231 373 2368 430 IL—
2386 374 2660 433 ΗΕΒΕᾶ
2702 376 2887 436 LXIX.

3466 377 3574 437 246

306 475 468 532 Ἀλλὰ
495 475 715 542 πάντως
737 478 882 551 ἐρεῖς
923 498 1014 552 μοι
1045 482 1181 554 (9:0-
1212 484 1394 540 θέλων
1415 488 1727 559 ὲηίιένντισενι
1759 490 1890 562 ἡμὴ

2003 508 2167 566 gram,
2201 509 2266 550 ae
2293 493 2647 567 purissimam
2677 495 2800 552 Filii
2829 494 3235 568 generationem
3275 493 3388 566 pati
3418 494 3578 566 quid-

291 568 484 623 θέλων.
518 569 626 622 Καὶ
658 570 760 624 οὐκ
787 571 905 643 εἰμὶ
937 573 1079 627 κατὰ
1109 576 1191 642 σέ,
1236 569 1282 630 ὦ
1316 576 1610 650 φιλόνεικε,
1636 580 1724 634 ἵνα
1751 581 1809 635 ἓν
1833 599 1886 635 τι

289 659 533 714 τοιοῦτον
564 662 643 726 είς
687 661 820 715 Θεὸν
872 662 1158 734 διανοηθῶ.
1200 664 1263 718 Et
1303 666 1404 738 μὲν
1436 667 1545 739 γὰρ
1592 669 1667 740 μὴ
1699 669 1884 740 βουλό-

293 769 461 823 μενος
487 751 797 834 ἐγέννησεν,
821 752 970 807 ἄκων
999 754 1258 826 ἐγέννησε
1280 771 1294 784 ⁸
1345 757 1440 812 καὶ
1469 760 1518 811 εἰ
1562 759 1886 830 βουλόμενος

291 843 607 914 ἐγέννησεν,
662 843 773 915 ἄρα
804 838 872 916 ἦν
914 844 977 898 τὸ
1039 843 1294 918 βούλημα
1327 848 1435 919 πρὸ
1462 847 1558 902 τοῦ
1586 849 1716 902 Υἱοῦ
1745 865 1758 880 ⁸
1791 850 1887 904 καὶ

289 934 450 989 ἔσται
488 936 591 990 κᾶν
628 936 769 1008 ῥοπὴ
811 937 1003 1008 χρόνου
1042 940 1249 1009 μεταξὺ
1289 940 1422 995 Υῐοῦ
1452 942 1541 996 διὰ
1564 942 1658 996 τοῦ
1691 942 1887 1015 βουλή-

293 1043 490 1095 ματος.
537 1025 626 1079 Ἐν
647 1023 767 1098 Θεῷ
790 1027 847 1080 δέ
871 1027 932 1080 οὐ
957 1029 1146 1099 χρόνος
1178 1030 1258 1094 εἰς
1292 1027 1510 1102 βουλὴν,
1545 1032 1604 1084 οὐ
1633 1031 1888 1103 βούλησις

289 1121 378 1183 εἰς
414 1120 712 1192 διανόησιν.
768 1122 905 1178 Οὔτε
953 1121 1048 1178 οὖν
1099 1126 1268 1180 θέλων
1313 1127 1622 1200 ἐγέννησεν,
1651 1127 1776 1183 οὔτε
1811 1128 1887 1200 μὴ

290 1209 488 1275 θέλων,
523 1211 660 1266 ἀλλὰ
705 1213 765 1266 ἐν
808 1215 876 1285 τῇ
928 1214 1070 1286 ὑπὲρ
1114 1214 1308 1286 βουλὴν
1358 1215 1538 1288 φύσει.
1570 1218 1738 1283 Φύσις
1775 1219 1887 1292 γὰρ

291 1301 450 1373 αὐτῷ
507 1303 625 1356 ἐστι
665 1303 944 1376 θεότητος,
978 1305 1104 1360 οὔτε
1154 1307 1353 1378 βουλῆς
1392 1310 1739 1382 ἐπιδεομένη,
1762 1310 1889 1366 οὔτε

291 1394 425 1446 ἄνευ
467 1392 660 1466 βουλῆς
701 1411 756 1447 τι
807 1394 1142 1466 πράττουσα,
1191 1397 1304 1452 ἀλλ’
1339 1398 1454 1470 ἅμα
1497 1399 1558 1466 ἐξ
1598 1400 1765 1472 αὐτῆς
1822 1401 1892 1457 τὰ

290 1485 480 1540 πάντα
513 1485 732 1558 ἔχουσα,
768 1489 862 1542 καὶ
892 1487 1046 1543 οὐδὲν
1074 1489 1336 1544 λείπουσα
1355 1489 1462 1545 τῶν
1488 1491 1682 1546 ὄντων.

1992 599 2158 656 quam
2216 585 2464 642 divinum
2515 601 2718 642 numen
2781 585 3028 658 aﬁicique
3081 586 3449 657 suspicemur.
3516 580 3630 643 SH

1997 676 2218 748 quidem
2247 676 2610 733 immutabiiis
2647 686 2734 733 est
2759 675 2942 745 Pater,
2989 675 3351 733 immutabilis
3381 675 3576 741 Filius.

1992 768 2351 826 immutabilis
2401 767 2643 840 Spiritus
2687 776 2936 834 sanctus,
2995 782 3104 824 una
3151 769 3415 834 essentia,
3468 781 3577 824 una

1992 859 2270 916 divinitas.
2295 859 2368 915 At
2396 859 2543 916 enim
2572 859 2723 916 dices
2751 879 2764 916 :
2793 858 2890 916 Vel
2923 859 3227 926 voluntate,
3267 860 3355 916 vel
3384 861 3573 930 praete!

1989 951 2326 1007 voluntatem
2375 951 2584 1024 genuit.
2634 951 2748 1023 Ego
2789 967 2924 1008 vero
2971 965 3319 1024 nequaquam
3363 965 3459 1008 ero
3498 950 3581 1006 tui

1989 1043 2208 1108 similis,
2239 1044 2402 1100 homo
2424 1044 2955 1110 eontentiosissime,
2971 1053 3031 1101 ut
3055 1045 3124 1101 de
3147 1044 3258 1100 Deo
3277 1043 3580 1114 quidquam

1989 1134 2264 1204 ejusmodi
2319 1135 2589 1209 cogitem;
2638 1149 2765 1191 nam
2825 1136 2942 1193 sive
2994 1142 3196 1206 praeter
3243 1135 3583 1190 voluntatem

1988 1224 2197 1295 genuit,
2243 1225 2448 1282 invitus
2475 1228 2685 1298 genuit,
2739 1226 2856 1284 sive
2903 1227 3186 1282 voluntate
3213 1226 3425 1298 genuit,
3466 1225 3585 1280 haec

1994 1315 2112 1386 ipsa
2141 1315 2392 1373 voluntas
2419 1314 2619 1372 Filium
2646 1315 2978 1374 antecessit:
3009 1315 3155 1373 unde
3179 1317 3266 1372 vel
3297 1315 3583 1370 minimum

1997 1406 2188 1460 saltem
2239 1413 2578 1462 momentum
2615 1415 2838 1478 propter
2887 1407 3023 1462 illud
3047 1407 3360 1466 ,voluntatis
3391 1405 3584 1461 decre-

1999 1504 2114 1552 tum
2144 1505 2270 1554 ante
2299 1497 2498 1556 Filium
2531 1501 2780 1572 intercipi
2822 1501 3039 1573 poterit.
3070 1501 3140 1556 At
3174 1501 3229 1555 in
3262 1500 3374 1556 Deo
3405 1513 3586 1568 neque
3669 1501 3676 1505 “

294 1592 516 1651 tempus
569 1583 638 1638 ad
693 1584 1018 1654 capiendum
1064 1587 1376 1651 consilium,
1427 1603 1601 1659 neque
1631 1589 1885 1645 voluntas
1912 1590 1977 1647 ad
2008 1593 2393 1666 cogitationem
2450 1597 2768 1670 requiritur.
2823 1598 3094 1665 Quocirca
3156 1613 3333 1669 neque
3393 1596 3586 1652 volens

295 1688 476 1742 neque
510 1689 637 1730 vero
688 1677 881 1732 nolens
918 1678 1126 1748 genuit,
1167 1679 1263 1734 sed
1318 1680 1372 1734 in
1411 1689 1632 1748 natura,
1677 1697 1798 1751 qua:
1830 1685 2063 1740 consilio
2101 1689 2250 1744 omni
2289 1691 2542 1762 superior
2595 1701 2698 1748 est.
2733 1689 2860 1747 Haec
2887 1692 3032 1748 enim
3076 1700 3162 1748 est
3204 1701 3398 1747 natura
3447 1688 3588 1742 divi—

295 1766 510 1829 nitatis,
542 1774 601 1819 ut
633 1781 810 1837 neque
860 1769 1094 1824 consilio
1123 1777 1300 1840 egeat,
1351 1786 1453 1826 nec
1495 1771 1704 1844 absque
1737 1774 1968 1830 consilio
2023 1779 2322 1851 quidquam
2366 1783 2644 1851 moliatur,
2694 1782 2790 1840 sed
2840 1797 2908 1838 ex
2954 1785 3135 1855 seipsa
3169 1781 3332 1839 simul
3389 1779 3588 1837 habent

249 1865 254 1868 ’
295 1859 506 1924 omnia,
543 1874 641 1915 nec
683 1861 793 1914 ulla
834 1875 893 1916 re
925 1861 1236 1916 deiiciatur.

372 1957 499 2009 KZ'.
530 1957 649 2011 Ἔτι
683 1957 737 2010 δὲ
760 1957 924 2012 πάλιν
954 1959 982 2010 6
1004 1957 1166 2022 αὐτὸς
1182 1958 1399 2030 ’Λρειος
1426 1958 1662 2032 θηρᾶται
1679 1959 1878 2026 λέξεις,

2061 1961 2274 2019 XXVII.
2313 1961 2433 2018 Jam
2467 1977 2595 2019 vero
2637 1959 2781 2018 idem
2823 1957 2915 2018 ille
2939 1939 3126 2026 Arius,
3159 1962 3252 2032 qui
3281 1961 3343 2016 in.
3370 1971 3590 2033 captan-

297 2046 638 2118 περινοστῶν
687 2048 776 2102 ἀεὶ¹
842 2049 910 2102 τὰ
972 2048 1184 2121 πόςντα,
1233 2049 1328 2103 καὶ
1386 2051 1887 2123 περιεργαζόμενος

295 2139 483 2210 ἑαυτῷ
534 2141 602 2194 τὰ
662 2141 930 2213 μοχθηρὰ,
960 2142 1058 2212 οὑχ
1097 2141 1172 2206 ὡς
1209 2141 1324 2212 ἔχει
1355 2142 1417 2196 τὸ
1459 2141 1603 2198 θεῖον
1634 2145 1892 2217 γράμμα,

297 2231 418 2285 ἀλλ’
452 2231 529 2296 ὡς
574 2231 737 2295 αὐτὸς
762 2233 934 2286 νοσῶν
974 2232 1102 2305 περὶ
1155 2233 1253 2296 τὰς
1294 2233 1549 2306 ζητήσεις
1603 2238 1695 2290 καὶ
1739 2236 1896 2306 λογο-

301 2323 508 2393 μαχίας
547 2325 627 2388 εἰς
667 2324 819 2379 οὐδὲν
873 2325 1179 2398 χρήσιμον,
1225 2326 1339 2380 ἀλλ’
1385 2327 1480 2380 ἐπὶ
1539 2330 1895 2400 καταστροφῇ

297 2414 497 2468 ἑαυτοῦ
555 2417 654 2470 καὶ
701 2415 810 2470 τῶν
840 2416 930 2470 ὑπ’
966 2416 1129 2470 αὑτοῦ
1165 2416 1616 2489 πεπλανημένων,
1658 2418 1900 2489 ἐπιλαμ-

297 2508 526 2561 ϐάνεται
587 2506 682 2562 τοῦ
756 2506 921 2580 ῥητοῦ
949 2550 966 2575 ,
1022 2503 1080 2563 οῦ
1123 2511 1152 2563 6
1195 2509 1397 2580 Κύριος
1470 2509 1706 2578 εὐλογῶν
1772 2512 1902 2575 τοὺς

301 2598 553 2670 μαθητὰς
594 2599 730 2670 ἔφη·
767 2599 980 2669 Πάτερ,
1031 2599 1138 2666 δὸς
1179 2601 1384 2668 αὐτοῖς
1428 2600 1582 2671 ζωὴν
1621 2603 1790 2672 ἔχειν
1834 2603 1903 2657 ἐν

297 2691 559 2758 ἑαυτοῖς.
602 2692 766 2759 Αὕτη
817 2691 884 2746 δέ
917 2692 1090 2746 ἐστιν
1128 2691 1167 2759 ή
1207 2691 1440 2760 αἰώνιος
1480 2690 1616 2762 ζὶυὴ,
1666 2694 1768 2749 ἵνα
1812 2713 1901 2766 γι-

298 2782 586 2838 νώσκωσι
657 2800 729 2840 σε
786 2784 895 2837 τὸν
931 2785 1125 2854 μόνον
1187 2785 1484 2852 ἀληθινὸν
1540 2786 1690 2841 Θεὸν
1714 2826 1730 2850 ,
1803 2786 1905 2841 καὶ

298 2876 376 2930 ὃν
422 2876 787 2943 ἀπέστειλας
843 2876 1079 2944 Ἰησοῦν
1115 2877 1394 2945 Χριστόν.
1460 2877 1603 2931 Ἀλλ’
1657 2879 1760 2950 ἣδη
1811 2895 1907 2950 μοι

300 2968 800 3040 πεπραγμάτευται
830 2970 959 3040 περὶ¹
985 2968 1192 3023 τούτων
1232 2968 1449 3024 πάντων
1481 2971 1538 3022 ἐν
1571 2968 1650 3040 τῷ
1677 2971 1900 3042 μεγάλῳ

299 3062 434 3132 περὶ
487 3060 723 3126 πίστεως
767 3059 933 3132 λόγῳ,
972 3052 1017 3128 ᾧ
1073 3059 1237 3114 πάλιν
1291 3061 1433 3115 κατὰ
1465 3059 1564 3132 τὴν
1603 3061 1760 3132 ἡμῶν
1811 3079 1908 3133 με·

298 3152 565 3224 τριὸτητα
590 3153 684 3206 καὶ
712 3152 1020 3218 ἀσθένειαν,
1060 3151 1501 3221 ἀναγκασθέντες
1525 3151 1631 3206 ὑπὸ
1658 3151 1759 3222 τῆς
1790 3150 1902 3206 τῶν

300 3243 552 3314 ἀδελφῶν
611 3243 1031 3316 προτρεπτικῆς
1080 3242 1504 3315 παρακλήσεως,
1550 3244 1910 3315 γεγράφαμεν

1996 2056 2083 2114 dis
2110 2057 2339 2113 vocibus
2363 2057 2438 2113 ita
2469 2064 2614 2112 totus
2637 2063 2746 2123 est,
2775 2054 2961 2110 omnia
2993 2061 3054 2108 ut
3083 2054 3373 2125 diligenter
3401 2055 3587 2120 obeat,

2002 2167 2069 2208 ac
2109 2152 2426 2222 perlustret,
2457 2159 2622 2221 atq-ue
2668 2149 2914 2220 improba
2948 2146 3197 2219 quaedam
3226 2147 3591 2217 undequaque

1997 2244 2247 2315 vestiget,
2291 2258 2398 2298 non
2439 2251 2498 2297 ut
2534 2241 2735 2297 divinis
2770 2239 2992 2296 Litteris
3044 2249 3414 2294 consentanea
3451 2240 3586 2304 sint,

1997 2336 2093 2392 sed
2129 2350 2226 2405 pro
2263 2349 2328 2391 eo
2358 2343 2520 2405 atque
2559 2335 2736 2404 ipsum
2789 2331 2958 2386 animi
3009 2332 3234 2386 morbus
3287 2331 3587 2402 impulerit,

1998 2442 2109 2498 quo
2138 2427 2203 2482 ad
2230 2429 2423 2482 inanes
2469 2425 2805 2496 quaestiones
2823 2461 2839 2488 ,
2865 2430 2920 2477 et
2950 2419 3243 2477 verborum
3273 2423 3579 2478 contentio-

2000 2535 2096 2577 nes
2126 2519 2494 2590 rapitur,quaz
2520 2518 2654 2573 nulli
2687 2518 2844 2573 alteri
2877 2516 3001 2572 usui
3033 2515 3165 2580 sint,
3193 2531 3355 2586 quam
3384 2523 3444 2571 ut
3479 2525 3588 2571 tam

2001 2614 2216 2685 ipsum,
2247 2627 2410 2683 quam
2459 2619 2760 2667 sectatores
2799 2624 2937 2666 suos
2976 2611 3033 2664 in
3073 2609 3371 2680 perniciem
3411 2609 3590 2678 conji-

2001 2706 2172 2761 ciant.
2208 2703 2410 2760 Eodem
2445 2703 2612 2774 igitur
2644 2701 2900 2758 instituto
2931 2701 3079 2756 illam
3115 2699 3328 2755 Domini
3359 2707 3583 2756 senten-

2007 2792 2136 2848 tiam
2171 2791 2388 2861 arripit,
2417 2807 2548 2862 qua,
2582 2805 2706 2845 cum
2738 2789 3028 2860 discipulis
3067 2789 3186 2845 suis
3233 2789 3372 2845 bene
3405 2803 3594 2860 preca-

2004 2891 2176 2948 netur,
2207 2899 2341 2940 usus
2372 2898 2497 2939 esse
2535 2882 2734 2954 legitur
2763 2898 2779 2936 :
2822 2880 3011 2946 Pater,
3045 2880 3118 2935 da
3147 2881 3258 2936 illis
3293 2882 3456 2935 vitam
3489 2879 3592 2934 Ita-

2006 2975 2124 3030 bers
2168 2976 2224 3029 in
2267 2974 2578 3042 semetipsis.
2617 2971 2742 3026 Ηωε
2768 2981 2848 3027 est
2885 2981 3062 3026 autem
3114 2970 3224 3026 vita
3268 2981 3490 3032 (eterna,
3527 2977 3588 3022 ut

2007 3072 2322 3136 cognoscant
2351 3073 2400 3117 te
2427 3062 2599 3116 solum
2629 3077 2810 3115 verum
2847 3060 3012 3115 Deum
3035 3099 3052 3124 ,
3099 3068 3152 3115 et
3195 3075 3349 3130 quem
3401 3059 3593 3113 misisti

2007 3155 2191 3210 Jssum
2226 3153 2553 3210 Christum'.
2587 3151 2789 3208 Verum
2820 3151 2889 3208 de
2920 3153 3005 3208 his
3031 3151 3288 3207 omnibus
3313 3151 3426 3221 jam
3467 3158 3594 3206 ante

2010 3244 2410 3315 disputavimus
2453 3243 2511 3298 in
2560 3257 2760 3312 magno
2805 3242 2901 3296 illo
2946 3241 3014 3297 de
3059 3241 3163 3296 title
3210 3240 3370 3304 libro,
3403 3255 3592 3310 quem,

303 3336 434 3408 περὶ
461 3335 696 3400 πίστεως
720 3353 733 3367 ·
753 3329 798 3404 ᾧ
824 3335 968 3408 λόγῳ
983 3333 1291 3404 ἐπεθέμεθα
1309 3334 1483 3405 ὄνομα
1508 3334 1891 3405 Ἀγκυρωτόν.

2007 3345 2109 3401 pro
2138 3331 2341 3402 ingenii
2374 3331 2552 3387 nostri
2581 3329 2960 3386 mediocritate
2991 3340 3156 3401 atque
3189 3330 3591 3394 imbecillitate,

304 3425 416 3478 Καὶ
445 3425 556 3497 γὰρ
590 3425 841 3493 καθάπερ
880 3426 909 3478 6
945 3425 1209 3497 ἡμέτερος
1239 3424 1486 3496 ἐξίσχυσε
1532 3424 1746 3496 πτωχὸς
1786 3424 1910 3488 νοῦς

303 3516 393 3571 διά
415 3519 515 3589 τῆς
537 3516 631 3571 τοῦ
651 3516 786 3571 Θεοῦ
813 3516 1086 3589 βοηθείας,
1102 3519 1166 3569 ἐκ
1193 3516 1374 3586 πάσης
1396 3516 1620 3588 Γραφῆς
1646 3516 1909 3586 συνάγον-

303 3627 396 3673 τες
434 3610 505 3663 τὰ
551 3610 780 3682 ἀληθινὰ
812 3610 914 3680 τῆς
951 3609 1045 3663 τοῦ
1079 3608 1217 3662 Θεοῦ
1244 3609 1613 3674 διδασκαλίας,
1653 3608 1904 3682 ἄγκυραν

305 3701 501 3775 ῶεπερ
528 3706 641 3769 τοῖς
694 3702 1044 3775 βουλομένοις
1081 3704 1181 3775 τὴν
1213 3703 1375 3772 ἀγίαν
1405 3702 1656 3774 πατέρων
1699 3701 1906 3767 πίστιν,

303 3795 676 3867 ἁποστολικήν
700 3813 762 3850 τε
803 3796 897 3851 καὶ
935 3795 1305 3867 προφητικὴν,
1332 3795 1427 3850 καὶ
1456 3795 1550 3848 ἀπ’
1577 3793 1752 3866 ἀρχῆς
1778 3792 1909 3863 ἄχρι

303 3889 402 3944 τοῦ
449 3885 609 3961 δεῦρο
665 3887 724 3942 ἐν
775 3889 843 3959 τῇ
896 3887 1029 3958 ἀγίᾳ
1073 3885 1168 3940 τοῦ
1204 3885 1340 3939 Θεοῦ
1378 3885 1694 3957 -Ἑκκλησίᾳ
1724 3900 1908 3954 κεκη-

309 3982 613 4056 ρυγμένην,
645 3979 832 4052 σαφῶς
845 3978 1218 4051 παρεθέμεθα,
1245 3979 1325 4042 εἰς
1356 3978 1418 4032 τὸ
1450 3977 1776 4048 κατέχεσθαι
1807 3976 1909 4049 τὴν

305 4072 572 4136 διάνοιαν,
605 4073 700 4126 καὶ
749 4069 1168 4140 ἀσφαλίζεσθαι,
1225 4069 1303 4141 μὴ
1347 4072 1470 4134 ταῖς
1512 4068 1778 4133 ἐπινοίαις
1809 4067 1904 4123 τοῦ

306 4164 557 4218 διαϐόλου
592 4162 927 4236 ῥιπίζεσθαι,
959 4162 1094 4234 μηδὲ
1135 4159 1495 4233 κλυδωνισμῷ
1524 4161 1909 4233 παραϐλάπτε-

308 4258 436 4312 σθαι
464 4257 542 4329 τῷ
576 4258 686 4312 ἀπὸ
737 4257 846 4312 τῶν
895 4255 1166 4328 αἱρέσεων
1194 4257 1254 4310 ἐν
1303 4256 1496 4328 κόσμῳ
1521 4255 1908 4320 πολυϐλύστως

306 4350 678 4422 κεκινημένῳ.
731 4350 891 4404 Οὕτω
943 4350 1054 4422 γὰρ
1113 4350 1208 4406 καὶ
1239 4351 1268 4403 ὁ
1297 4347 1502 4420 Κύριος
1541 4346 1750 4415 ἐδίδαξε
1778 4350 1906 4414 τοὺς

305 4439 504 4495 ἐαυτοῦ
579 4439 830 4512 μαθητὰς
881 4440 1078 4510 λέγων,
1123 4441 1205 4494 ὅτι
1266 4439 1411 4494 Ἐὰν
1456 4439 1603 4508 ὅπερ
1625 4439 1906 4509 ἀπαρχῆς

305 4534 638 4602 ἠκούσατε,
673 4533 832 4603 μένῃ
873 4533 942 4589 ἐν
987 4532 1151 4602 ὑμῖν,
1179 4531 1296 4604 [καὶ
1339 4531 1433 4586 ἐὰν
1461 4532 1520 4585 ἐν
1549 4531 1679 4601 ὑμῖν
1715 4531 1851 4603 μένῃ
1877 4531 1907 4584 ὃ

307 4624 580 4694 ἠκούσατε
612 4622 914 4696 ἀπαρχῆς,]
936 4623 1105 4694 ὑμεῖς
1134 4625 1205 4677 ἐν
1237 4623 1364 4693 ἐμοὶ
1377 4624 1632 4692 μενεῖτε,
1664 4623 1765 4676 καὶ
1788 4621 1904 4692 ἐγὼ

308 4717 379 4770 ἐν
427 4716 594 4786 ὑμῖν,
643 4717 805 4787 κάγὼ
855 4717 924 4770 ἐν
952 4715 1033 4782 τῷ
1069 4717 1275 4784 Πατρὶ,
1327 4715 1427 4769 καὶ
1457 4715 1626 4786 ὑμεῖς
1655 4716 1725 4770 ὲν
1753 4715 1903 4786 ἐμοί.

312 4805 474 4857 Ὥστε
505 4800 598 4858 οὖν
623 4805 692 4858 τὰ
719 4805 971 4878 ἀπαρχῆς
1005 4806 1342 4860 ἀκουσθέντα
1376 4805 1480 4859 ὑπὸ
1514 4805 1531 4836 ¹
1563 4805 1657 4859 τοῦ
1693 4806 1900 4877 Κυρίου

311 4895 548 4967 ἀληθινὰ
598 4895 700 4967 τῆς
751 4895 989 4960 πίστεως
1045 4898 1198 4967 μένει
1256 4899 1315 4951 ἐν
1343 4900 1408 4969 τῇ
1455 4896 1582 4970 ἁγίξι
1632 4896 1727 4951 τοῦ
1766 4897 1902 4951 Θεοῦ

322 4982 651 5056 Ἐκκλησία·
700 4985 794 5039 καὶ¹
847 4985 936 5040 διὰ
979 4985 1136 5040 τοῦτο
1191 4987 1340 5058 μένει
1375 4989 1410 5059 ἡ
1449 4987 1581 5056 ἁγία
1618 4987 1712 5042 τοῦ
1768 4987 1906 5042 Θεοῦ

322 5074 643 5146 Ἐκκλησία,
714 5077 807 5130 καὶ
854 5076 1136 5150 ὀρθόδοξος
1191 5079 1375 5144 πίστις
1427 5081 1485 5133 ἐν
1525 5080 1904 5150 Κυρίῳ.καὶὸ

2010 3423 2244 3478 fratrum
2292 3429 2606 3480 nostrorum
2654 3422 2913 3494 precibus
2953 3429 3009 3478 et
3057 3422 3462 3478 hortationibus
3498 3421 3597 3477 ad-

2009 3518 2160 3574 ducti
2216 3517 2676 3588 pcrseripsimus,
2713 3516 2803 3572 cui
2840 3518 3110 3570 Ancorata
3147 3529 3347 3571 nomen
3397 3515 3596 3570 indidi-

2012 3626 2171 3673 mus,
2203 3617 2496 3682 propterea
2533 3609 2683 3681 quod
2729 3615 2997 3680 quantum
3044 3623 3143 3678 pro
3177 3605 3379 3678 ingenii
3420 3607 3594 3660 nostri

2010 3703 2215 3774 inopia,
2247 3702 2542 3774 adjuvanle
2582 3701 2711 3766 Deo,
2743 3702 3007 3774 consequi
3039 3701 3340 3772 potuimus,
3371 3715 3436 3754 ex
3468 3699 3596 3752 uni-

2009 3809 2170 3848 versa
2220 3793 2505 3864 Scriptura
2551 3808 2679 3849 vera
2711 3808 2776 3848 ac
2804 3807 3066 3864 germana
3092 3793 3293 3847 divina:
3331 3791 3598 3846 doctrina:

2009 3882 2263 3954 dogmata
2301 3883 2645 3954 colligentes,
2690 3882 2853 3954 ’152
2882 3883 3035 3938 velut
3061 3882 3360 3938 anchoram
3401 3897 3598 3951 quam-

2009 3974 2137 4030 dam
2182 3975 2237 4029 in
2268 3989 2460 4030 eorum
2502 3975 2596 4046 qui
2639 3975 2720 4029 uti
2748 3975 2972 4039 vellent,
3018 3973 3275 4046 gratiam,
3310 3971 3599 4027 sanctissi-

2009 4082 2154 4122 mam
2188 4064 2406 4138 patrum
2437 4076 2755 4124 nostrorum
2795 4066 2980 4130 ﬁdem,
3021 4074 3078 4120 et
3108 4064 3491 4135 apostolicam,
3531 4078 3598 4118 ac

2009 4157 2382 4228 propheticam
2413 4156 2484 4211 ab
2521 4154 2681 4210 initio
2709 4155 2778 4210 ad
2811 4154 3136 4209 hodiernum
3175 4167 3350 4222 usque
3382 4161 3600 4221 tempus

2009 4247 2065 4302 in
2095 4256 2284 4304 sancta
2316 4245 2410 4302 Dei
2446 4245 2694 4301 Ecclesia
2733 4243 3084 4316 prmdicat-am
3138 4240 3431 4298 ntanifeste
3469 4254 3598 4311 pro-

2009 4341 2318 4412 posuimus,
2351 4340 2416 4393 ad
2451 4337 2757 4394 fulciendos
2781 4344 2835 4391 et
2866 4334 3228 4392 stabiliendos
3256 4335 3506 4398 animos,
3527 4348 3601 4390 ne

2007 4433 2211 4488 diaboli
2242 4431 2568 4488 commentis
2597 4446 2664 4486 ac
2696 4429 2983 4484 fraudibus
3015 4429 3123 4482 huc
3155 4428 3397 4498 illucque
3417 4426 3596 4497 jacta-

2007 4533 2220 4588 rentur,
2256 4534 2352 4580 aut
2389 4539 2455 4579 ex
2492 4524 2561 4580 iis
2589 4531 2980 4593 tempestatum
3015 4520 3295 4583 ﬂuctibus,
3321 4537 3474 4592 (plus
3497 4535 3596 4574 va-

2007 4619 2103 4673 ria:
2151 4618 2203 4671 in
2250 4617 2385 4672 orbe
2425 4616 2661 4671 haereses
2693 4614 2984 4685 multiplici
3014 4614 3314 4684 agitatione
3350 4629 3598 4669 commo-

2009 4720 2159 4773 vent,
2189 4709 2500 4765 detrimenti
2530 4709 2832 4780 quidquam
2858 4709 3193 4779 acciperent.
3247 4709 3339 4763 Sic
3371 4711 3515 4763 enim
3541 4719 3598 4764 et

2009 4801 2311 4872 discipulos
2345 4815 2474 4858 suos
2509 4799 2772 4856 Dominus
2803 4799 3023 4854 edocuit
3056 4818 3068 4854 :
3107 4798 3188 4862 Si,
3222 4799 3422 4869 inqttit,
3455 4799 3600 4868 quod

2009 4895 2161 4948 initio
2197 4893 2425 4947 audistis
2453 4893 2510 4946 in
2537 4891 2682 4947 vobis
2714 4892 2968 4946 manserit
2995 4932 3010 4956 ,
3044 4907 3144 4964 vos
3164 4892 3226 4945 in
3246 4908 3328 4946 me
3359 4891 3598 4945 manebis

2009 4989 2075 5041 tis
2098 5026 2114 5052 ,
2151 4996 2200 5041 et
2237 5003 2330 5058 ego
2362 4987 2418 5040 in
2458 4985 2654 5041 vobis:
2686 5003 2780 5057 ego
2819 4987 2872 5041 in
2923 4985 3089 5040 Patre
3127 4995 3178 5040 et
3218 5002 3306 5040 vos
3356 4986 3410 5039 in
3451 5001 3530 5038 me
3547 4984 3594 5040 ³.

2007 5081 2178 5151 igitur
2213 5094 2349 5134 verae
2377 5077 2498 5134 tidei
2524 5078 2761 5144 decreta,
2794 5094 2916 5150 quae
2941 5094 2973 5133 a
3009 5079 3227 5134 Christo
3258 5076 3492 5131 Domine
3523 5076 3597 5132 ab

309 5163 515 5236 Κύριος
548 5165 578 5218 ὁ
618 5167 914 5238 μονογενὴς
962 5169 1021 5221 ἐν
1076 5167 1154 5240 τῷ
1186 5170 1382 5241 Πατρὶ,
1412 5171 1508 5224 καὶ
1538 5172 1566 5225 6
1611 5170 1803 5243 Πατὴρ
1845 5174 1899 5228 ἐν

2011 5173 2170 5228 initio
2206 5181 2431 5244 accepta
2473 5180 2627 5240 sunt,
2677 5187 2850 5245 penes
2875 5179 3124 5229 sanctam
3156 5169 3251 5226 Dei
3287 5164 3596 5225 Ecclesth

383 5327 398 5358 ¹
431 5323 559 5379 Cor.
594 5323 724 5379 ἀπό.
799 5325 820 5356 ¹
850 5321 1009 5380 Joan.
1044 5339 1178 5390 xvn,
1199 5324 1254 5392 2,
1285 5325 1338 5380 5.
1416 5324 1438 5355 ³
1459 5323 1620 5380 Joan.
1650 5341 1768 5390 vm,
1791 5327 1850 5381 5|
1879 5345 1894 5394 ;
1924 5343 2012 5392 xv,
2035 5327 2104 5394 6;
2140 5343 2271 5393 xvn,
2300 5326 2388 5383 21.

393 5480 508 5551 (93)
536 5478 716 5534 Ἀλλὰ
761 5478 1000 5544 πάντως
1031 5478 1184 5548 ἐρεῖς
1215 5499 1332 5542 μοι.
1391 5479 1747 5537 Observanda
1785 5479 1900 5535 hzec

315 5551 624 5624 Εριῃιι-ιιιιὶὶΔ
651 5551 727 5624 ad
764 5552 1098 5624 Arianorum
1153 5553 1370 5624 objecta
1402 5553 1722 5624 _t-‘esp0ttsi0,
1771 5566 1903 5624 cum

315 5620 390 5676 sit.
425 5620 571 5674 οὔτε
606 5620 847 5683 θέλοντα,
882 5620 1009 5673 οὒτε
1041 5620 1116 5690 μὴ
1147 5620 1371 5676 θέλοντα
1400 5620 1613 5677 Patrem
1643 5621 1899 5691 genuisse

319 5692 516 5748 Filium
547 5710 562 5758 ;
594 5707 721 5745 nam
756 5693 1160 5748 vetustissimos
1183 5693 1369 5746 Patres
1396 5694 1530 5747 satis
1549 5702 1768 5746 constat
1796 5691 1900 5745 hac

317 5765 372 5817 in
414 5772 570 5833 parte
605 5779 711 5816 non
741 5765 862 5818 sine
885 5761 1140 5818 cautione
1178 5763 1456 5830 legendos,
1497 5764 1590 5832 qui
1640 5779 1899 5816 nonnun-

320 5849 487 5904 quam
541 5833 760 5890 Patrem
792 5841 1048 5890 asscrunt
1081 5833 1360 5890 voluntate
1401 5850 1500 5890 sua
1534 5834 1730 5888 Filium
1765 5848 1894 5904 pro-

2008 5481 2235 5536 duxisse
2307 5480 2384 5535 ita
2446 5481 2798 5541 Justinusmt
2842 5489 3010 5547 supra
3067 5477 3401 5540 monuimus,
3449 5476 3596 5534 ara-:1

2009 5553 2208 5622 βουλὴν
2253 5553 2386 5606 Θεὸν
2418 5553 2551 5607 ὄντα
2587 5551 2713 5606 Υίὸν
2749 5550 2914 5604 αὐτοῦ
2967 5549 3128 5603 dixit.
3160 5549 3430 5622 Caeterum
3452 5621 3457 5622 γ
3483 5551 3594 5602 Au-

2007 5621 2263 5692 gustinus
2300 5625 2619 5692 sophisticae
2657 5622 2734 5676 illi
2769 5623 3101 5692 Arianorum
3133 5621 3462 5675 :avillationi
3499 5623 3585 5673 in-

2007 5689 2225 5762 geniose
2276 5710 2341 5750 ac
2370 5689 2648 5750 Subtiliter
2674 5693 2942 5758 occurrit,
2988 5689 3126 5746 Trac
3157 5733 3170 5747 .
3218 5699 3388 5746 contr.
3429 5706 3589 5747 scrm.

2010 5766 2175 5820 Arion
2185 5805 2198 5818 .
