3994 6226
335 298 439 358 247
1729 291 1789 348 S.
1832 289 2176 346 EPIPHANII
3519 287 3634 343 2&8

331 403 589 460 resident.
621 401 856 472 Ideoque
885 402 1074 458 eadem
1115 403 1202 457 illa
1246 403 1336 459 Dei
1367 403 1628 470 Ecclesia,
1653 417 1706 461 et
1729 409 1905 462 ortho-
1937 461 1941 471 ,

2050 409 2148 481 ’ἱῷ,
2189 409 2282 463 καὶ
2335 410 2494 478 ἡμεῖς
2535 409 2592 460 ἐν
2641 407 2790 478 αὐτῷ
2839 405 2929 460 διὰ
2952 405 3046 459 τοῦ
3087 405 3243 473 ἀγίου
3281 404 3632 476 Πνεύματος,

331 496 472 550 dexa
503 496 638 549 ﬁdes
681 494 734 546 in
771 493 1002 548 Domino
1035 501 1256 556 manet;
1295 502 1348 548 et
1389 497 1704 566 unigenitus
1741 497 1920 552 Domi—

325 569 438 640 tius
465 587 517 638 in
557 585 738 649 Patre,
766 594 820 640 et
859 584 1024 644 Pater
1063 586 1120 640 in
1156 583 1320 648 Filio,
1351 597 1406 642 et
1432 601 1532 642 nos
1566 589 1622 642 in
1664 590 1784 658 ipso
1827 607 1921 660 per

323 661 604 747 Spiritum
663 687 966 740 sanctum,
1033 675 1080 732 Si
1138 677 1302 732 modo
1361 681 1562 749 templa
1626 681 1924 736 eﬂiciamur

331 768 641 844 ejusmodi,
694 785 816 839 qua:
860 779 1112 824 sanetum
1187 769 1310 839 ejus
1359 770 1626 840 Spiritum
1665 773 1921 843 capiant,

329 861 798 932 quemadmodum
851 862 1150 932 Apostolus
1199 863 1488 932 loquitur:
1536 863 1636 918 Vos
1672 865 1924 932 templum

2023 503 2120 556 ἐὰν
2146 500 2434 572 γενώμεθα
2459 501 2575 554 ναοὶ
2599 500 2900 572 χωροῦντες
2918 501 2976 554 τὸ
2991 500 3142 568 ἆγιον
3166 498 3332 552 αὐτοῦ
3365 497 3594 567 Πνεῦμα
3615 519 3632 530 ·

2027 593 2208 654 καθὼς
2272 589 2424 646 εἶπεν
2477 594 2506 645 ὁ
2559 592 2713 660 ἅγιος
2764 592 2859 644 τοῦ
2925 591 3061 645 Θεοῦ
3133 589 3476 652 ’Λπόστολος,

2043 685 2228 754 Ὑμεῖς
2267 685 2415 748 ναὸς
2456 683 2606 739 Θεοῦ
2634 684 2796 747 ἐστε,
2821 685 2918 738 καὶ
2951 683 3019 737 τὸ
3064 680 3308 750 Πνεῦμα
3336 678 3446 733 τοῦ
3474 677 3632 732 Θεοῦ

2025 777 2174 830 οἰκεῖ
2204 778 2274 829 ἐν
2321 775 2485 846 ὑμῖν.
2526 777 2669 847 Ι’Δρα
2705 776 2834 844 γοῦν
2860 775 2991 838 Θεὸς
3013 775 3078 827 ἐκ
3103 773 3240 826 Θεοῦ
3279 771 3340 826 τὺ
3375 771 3632 840 Πνεῦμα,

2026 869 2094 922 δι’
2121 862 2186 922 οῦ
2217 869 2538 940 Πνεύματος
2587 869 2745 937 ἁγίου
2785 869 2904 923 ναοὶ
2943 867 3280 939 καλούμεθα,
3316 867 3410 920 ἐὰν
3440 885 3630 919 κατοισ

3543 589 3633 640 ὅτι

335 955 432 1010 Dei
459 955 608 1018 estis,
646 966 692 1008 et
717 953 950 1020 Spiritus
979 953 1074 1008 Dei
1109 953 1316 1008 habitat
1357 956 1410 1009 in
1443 956 1586 1012 vobis
1607 959 1648 1010 ¹.
1687 957 1924 1014 Proinde

335 1048 482 1102 Deus
510 1063 576 1102 ex
611 1046 720 1101 Deo
774 1044 1016 1116 Spiritus
1048 1055 1152 1108 est,
1185 1063 1282 1118 per
1311 1063 1474 1118 quem
1503 1050 1706 1120 templa
1745 1052 1921 1105 sancti

336 1137 580 1207 Spiritus
613 1138 980 1207 appellantur,
1026 1136 1072 1192 si
1120 1138 1295 1207 ipsius
1342 1137 1396 1192 in
1448 1139 1607 1194 nobis
1657 1141 1926 1209 Spiritum

2031 961 2291 1031 κήσωμεν
2339 962 2401 1013 τὸ
2471 961 2636 1013 αὐτοῦ
2696 959 2922 1032 Πνεῦμα
2969 962 3028 1014 ὲν
3063 963 3213 1032 ἡμῖν.
3258 961 3482 1032 Πνεῦμα
3519 961 3638 1030 γὰρ

2033 1051 2548 1139 Χριστοῦιηνεῦμα
2605 1051 2818 1122 Πατρδς
2883 1052 3339 1123 ἐκπορευόμενον,
3393 1051 3488 1104 καὶ
3536 1049 3636 1103 τοῦ

2039 1143 2170 1196 Υἱοῦ
2198 1144 2495 1214 λαμϐάνον,
2531 1145 2608 1208 ὡς
2635 1145 2795 1207 αὐτὸς
2821 1146 2849 1199 ὁ
2883 1145 3195 1214 Μονογενὴς
3226 1145 3524 1224 ὁμολογεῖ.¹

337 1231 590 1294 habitare
628 1233 920 1302 patiamur.
964 1230 1175 1302 Quippe
1230 1231 1434 1288 Christi
1495 1232 1754 1304 Spiritus,
1799 1237 2060 1306 ‘Spiritus
2120 1247 2204 1296 est
2247 1257 2278 1295 a
2324 1240 2485 1296 Patre
2526 1241 2860 1312 procedens,
2901 1252 2956 1297 et
2995 1241 3272 1311 accipiens
3303 1259 3332 1293 a
3365 1240 3524 1302 Filio,
3571 1249 3637 1296 ut

343 1326 465 1395 ipse
501 1333 735 1378 testatur
767 1324 1152 1394 Unigcnitus'.

418 1415 652 1470 XXVIII.
695 1416 827 1482 Quae
859 1433 958 1472 nos
993 1419 1180 1472 omnia
1203 1421 1256 1471 in
1293 1432 1359 1473 co
1397 1433 1559 1488 quem
1593 1418 1832 1474 diximus
1865 1419 1931 1473 Ii-

345 1512 448 1566 ln'o
476 1511 697 1582 uberius
729 1510 1147 1580 explicavimus,
1179 1526 1342 1580 quem
1371 1511 1538 1566 etiam
1569 1511 1624 1564 in
1659 1510 1930 1581 Pamphyu

343 1603 471 1656 liam
500 1618 564 1656 ac
595 1600 856 1656 Pisidiam
891 1602 1168 1658 misimus.
1196 1601 1310 1658 Hoc
1339 1617 1468 1658 vero
1501 1604 1642 1669 loco,
1670 1595 1942 1673 quoniam

341 1697 532 1752 adeas
576 1695 880 1752 sententias
909 1695 977 1749 de
1003 1695 1205 1765 quibus
1244 1695 1502 1766 deinceps
1541 1697 1776 1767 quastio
1817 1713 1933 1752 mo-

341 1799 520 1852 vetur,
556 1788 930 1858 pervenimus,
977 1788 1292 1842 necessario
1321 1787 1508 1843 eadem
1540 1795 1786 1859 repetere
1815 1797 1933 1844 stu-

344 1881 589 1941 duimus,
621 1887 844 1950 propter
885 1878 1110 1934 haeresis
1145 1879 1309 1948 hujus
1339 1880 1680 1936 conditorem
1717 1881 1929 1946 Arium,

344 1981 400 2026 et
447 1973 684 2027 Arianos
711 1972 832 2041 ejus
861 1972 1124 2036 asseclas,
1177 1987 1286 2042 quo
1319 1987 1537 2028 omnem
1571 1972 1790 2028 illorum
1831 1972 1934 2026 im-

347 2064 671 2135 probitatem
697 2065 1076 2130 discutiamus,
1101 2081 1224 2135 quae
1249 2075 1302 2120 et
1325 2065 1376 2120 id
1407 2066 1554 2136 quod
1584 2065 1746 2120 dulce
1769 2067 1932 2121 estin

351 2173 623 2220 amarmn,
655 2157 940 2212 cLbonum
973 2157 1028 2211 in
1053 2157 1282 2220 malum,
1308 2167 1362 2214 et
1389 2158 1566 2213 lucem
1598 2157 1652 2212 in
1679 2157 1934 2214 tenebras

349 2250 638 2306 convertit.
689 2248 824 2304 Nam
861 2249 1122 2306 adversus
1153 2250 1424 2320 ejusmodi
1479 2253 1728 2308 homines
1757 2269 1834 2307 me
1867 2253 1934 2306 il-

347 2337 442 2392 lud
475 2337 699 2392 omnino
724 2353 821 2408 per
854 2337 1050 2394 Isaiam
1087 2340 1404 2410 prophetam
1435 2341 1696 2398 Dominus
1735 2343 1932 2412 impre-

349 2441 530 2494 catur,
575 2431 667 2501 qui
719 2431 861 2486 bona
920 2431 974 2486 in
1033 2432 1174 2486 mala
1229 2435 1630 2488 commutant-’2
1689 2434 1932 2501 Quorum

349 2523 569 2594 quidem
601 2539 769 2578 causa
799 2538 1144 2594 nequaquam
1181 2524 1510 2580 aserihenda
1561 2525 1674 2582 Deo
1698 2537 1802 2594 est,
1837 2527 1932 2582 sed

351 2615 574 2670 euilibet
617 2615 870 2676 istorum,
923 2615 1039 2670 sive
1083 2631 1220 2670 vana
1257 2617 1491 2687 quadam
1524 2618 1778 2687 gloriola,
1819 2619 1936 2673 sive

353 2711 650 2779 anticipate
681 2709 849 2762 animi
897 2709 1133 2778 judicio,
1167 2711 1282 2764 sive
1313 2709 1566 2778 aﬂectata
1597 2711 1787 2766 nescio
1828 2727 1934 2780 qua

354 2801 642 2871 sapientia,
669 2801 782 2856 sive
805 2799 990 2856 aIIlatu
1023 2800 1288 2857 dannonis
1314 2801 1578 2871 opinione
1605 2813 1864 2873 suscepta
1899 2819 1936 2856 ιι

351 2895 603 2950 veritatis
634 2895 828 2950 itinere
857 2893 1257 2961 aberraverint,
1289 2895 1730 2964 pravitatemque
1753 2909 1932 2958 suam,

355 2987 438 3042 sic
481 2994 741 3056 tanquam
774 2986 1044 3056 ingentem
1075 2987 1464 3052 calamitatem,
1514 2986 1570 3040 in
1603 2986 1792 3042 orbem
1827 2993 1936 3041 ter-

355 3095 539 3133 rarum
577 3077 903 3133 iuvexerint.
945 3077 1104 3148 753
1133 3078 1243 3148 Age
1281 3078 1449 3147 igitur
1483 3091 1585 3132 nos
1619 3077 1819 3132 iterum
1868 3079 1937 3134 de

2117 1421 2253 1473 KH".
2289 1418 2473 1472 Ταῦτα
2531 1413 2622 1471 οῦν
2672 1419 2850 1472 πάντα
2888 1419 2943 1470 ἐν
2969 1417 3046 1488 τῷ
3073 1418 3200 1488 περὶ
3225 1418 3457 1481 tristem;
3487 1418 3638 1488 λόγῳ

2037 1510 2420 1582 προειρημένῳ
2467 1509 2891 1581 ὑφηγησάμεθα,
2953 1515 3010 1563 ἐν
3055 1509 3151 1580 τῷ,
3191 1509 3266 1573 ὡς
3295 1506 3468 1574 εἷπον,
3503 1529 3638 1582 γρα-

2039 1605 2191 1674 φέντι
2221 1605 2301 1666 εἰς
2328 1603 2397 1656 τὰ
2435 1603 2575 1674 μέρη
2607 1589 2712 1672 τῆς
2759 1601 3087 1673 Παμφυλίας
3119 1603 3210 1656 καὶ
3242 1603 3480 1666 Πισίδος.
3523 1603 3652 1656 Ἐνο

2036 1695 2210 1749 ταῦθα
2237 1696 2314 1758 δὲ,
2349 1695 2538 1766 ἐπειδὴ
2585 1693 2902 1764 ἐφθάσαμεν
2942 1695 3022 1758 εἰς
3058 1695 3155 1758 τὰς
3203 1695 3328 1764 ἑξῆς
3363 1695 3638 1764 ζητουμέ-

2037 1806 2134 1852 νας
2163 1788 2356 1854 λέξεις,
2398 1788 2712 1856 ἀναγκαίως
2741 1787 2902 1840 πάλιν
2936 1787 3410 1858 έπιμνημονεῦσαι
3443 1791 3640 1840 ἐσπου-

2034 1883 2276 1951 δάσαμεν
2295 1881 2364 1934 τὰ
2393 1880 2534 1933 αὐτὰ
2555 1920 2569 1944 ,
2597 1879 2672 1941 ὡς
2704 1881 2900 1942 εἰπεῖν,
2927 1878 3015 1932 διά
3035 1879 3124 1931 τὸν
3151 1878 3514 1950 προκείμενον
3548 1879 3640 1931 αἰ-

2039 1973 2336 2045 ρεσιὰρχην
2369 1972 2608 2043 Ἀρειον,
2663 1971 2910 2033 καὶτοὺς
2949 1971 3046 2023 ὑπ’
3081 1969 3246 2023 αὑτοῦ
3297 1963 3638 2040 ’Λρειανῗοὶις,

2037 2065 2124 2118 ἵνα
2159 2063 2474 2134 ὲκλύσωμεν
2503 2061 2602 2126 τὰς
2648 2063 2830 2116 αὐτῶν
2868 2062 3087 2126 κακίας,
3127 2061 3222 2126 τὰς
3253 2061 3313 2114 τὸ
3353 2062 3525 2128 γλυκῦ
3559 2061 3640 2125 εἰς

2036 2158 2234 2230 πικρὸν
2299 2155 2760 2228 μεταϐαλλούσας,
2823 2155 2914 2207 καὶ
2963 2153 3026 2207 τὸ
3067 2153 3269 2222 ἀγαθὸν
3305 2155 3382 2216 εἰς
3409 2153 3640 2221 φαῦλον,

2036 2254 2132 2304 καὶ
2187 2249 2250 2302 τὸ
2297 2247 2411 2324 φῶς
2459 2248 2538 2310 εἰς
2569 2247 2777 2310 σκότος.
2827 2247 2953 2309 Τοῖς
2979 2245 3088 2317 γὰρ
3115 2245 3384 2309 τοιούτοις
3411 2246 3644 2307 τελείως

2037 2345 2142 2398 ὑπὸ
2169 2343 2258 2397 τοῦ
2285 2342 2487 2414 Κυρίου
2520 2339 2608 2394 διὰ
2632 2339 2721 2393 τοῦ
2756 2340 2909 2406 ἁγίου
2941 2340 3162 2392 Ἡσαΐου
3197 2340 3257 2391 τὸ
3296 2338 3430 2392 οὐαὶ
3457 2337 3642 2408 ὁρίζε-

2035 2454 2146 2503 ται,
2168 2438 2282 2498 τοῖς
2305 2435 2374 2488 τὰ
2395 2433 2586 2503 ἀγαθὰ
2607 2436 2694 2498 εἱς
2719 2433 2873 2486 κακὰ
2891 2431 3356 2502 μεταϐάλλουσι.
3377 2429 3480 2483 Καὶ
3504 2429 3644 2494 Θεὸς

2037 2529 2274 2600 οὐδαμοῦ
2302 2529 2474 2591 αἴτιος
2507 2527 2616 2580 τῶν
2652 2525 2910 2590 τοιούτων
2929 2541 2942 2558 ⁸
2973 2523 3087 2577 ἀλλ’
3113 2524 3342 2586 ἕκαστος
3365 2523 3572 2574 τούτων

2040 2621 2180 2676 κατά
2223 2617 2547 2684 κενοδοξίαν,
2581 2618 2612 2689 ἢ
2643 2617 2782 2672 κατά
2819 2615 3108 2690 πρόληψιν,
3151 2615 3183 2685 ἢ
3225 2615 3366 2668 κατά
3393 2613 3643 2668 ὲθελοσο-

2039 2718 2186 2784 φίαν,
2210 2716 2242 2785 ἢ
2269 2713 2411 2766 κατά
2437 2713 2611 2784 οἴησιν
2633 2710 2961 2782 ὃαιμονιὼδη
2985 2709 3206 2775 ἐξέπεσε
3235 2709 3330 2779 τῆς
3354 2709 3642 2778 ἀληθείας,

2039 2809 2133 2863 καὶ
2158 2808 2236 2878 τῷ
2260 2808 2449 2877 κόσμῳ
2473 2806 2850 2876 παρεισήγαγε
2875 2803 3073 2872 θλίψιν,
3098 2803 3196 2872 τὴν
3226 2802 3404 2855 αὐτῶν
3435 2802 3646 2872 μοχθη-

2041 2901 2180 2971 ρίαν.
2204 2898 2338 2968 Φέρε
2373 2897 2504 2966 γοῦν
2531 2897 2618 2950 διὰ
2657 2897 2860 2965 ταύτης
2902 2894 3000 2964 τῆς
3028 2893 3224 2959 λέξεως
3271 2893 3643 2962 διαλάϐωμεν,

2041 2994 2128 3046 ἵνα
2175 2991 2393 3060 γνῶμεν
2433 2989 2502 3043 τὰ
2548 2989 2651 3042 ὑπδ
2685 2989 2887 3060 Κυρίου
2927 2987 3121 3059 λελαλη
3133 2987 3290 3058 μένα,
3320 2985 3394 3049 ὥς
3425 3003 3594 3056 φησιν
3616 2991 3644 3041 ὁ

2041 3083 2194 3151 ἅγιος
2233 3082 2586 3144 Ἀπὸστολοςο
2613 3080 2723 3134 Καὶ
2747 3079 2913 3149 ἡμεῖς
2948 3080 3188 3147 Πνεῦμα
3219 3079 3365 3132 Θεοῦ
3396 3077 3641 3147 ἔχομεν,

355 3173 445 3228 his
472 3185 782 3226 sermonem
817 3169 1172 3224 instituamus
1203 3170 1307 3224 hoc
1337 3173 1478 3236 loco,
1510 3179 1570 3224 ut
1603 3185 1724 3241 qtae
1751 3171 1936 3224 Domi-

2050 3176 2144 3228 ἵνα
2183 3174 2416 3244 γνῶμεν
2437 3175 2510 3228 τὰ
2545 3173 2663 3228 ὑπὸ
2695 3174 2843 3227 Θεοῦ
2875 3173 3236 3242 χαρισθέντα
3279 3171 3442 3240 ἡμῖν,
3477 3169 3515 3224 ἃ
3546 3163 3651 3217 καὶ

355 3277 464 3318 nus
488 3261 737 3316 elocutus
768 3268 852 3315 est
869 3259 1153 3329 pervidere
1175 3260 1471 3328 possimus,
1489 3260 1948 3330 quemadmodum

357 3353 656 3424 Apostolus
669 3352 774 3407 ait:
795 3351 860 3404 Et
877 3369 989 3426 nos
1009 3351 1270 3420 Spiritum
1289 3352 1380 3407 Dei
1394 3353 1665 3413 habemus.
1680 3363 1735 3406 ut
1759 3369 1951 3424 cogno-

355 3461 568 3500 scamus
586 3459 702 3514 qua:
717 3461 750 3496 a
768 3443 876 3497 Deo
889 3444 1088 3498 donata
1103 3453 1224 3498 sunt
1249 3445 1418 3509 nobis,
1437 3455 1614 3514 qureet
1629 3446 1947 3516 loquimur‘.

361 3535 488 3590 Nare
511 3535 677 3603 igitur
711 3532 928 3588 Domini
954 3536 1118 3590 verba
1142 3543 1304 3588 sunt:
1331 3535 1410 3588 Da
1435 3535 1542 3588 illis
1565 3536 1728 3588 vitam
1761 3536 1950 3592 habere

2047 3265 2376 3335 λαλοῦμεν,
2415 3264 2510 3319 καὶ
2561 3265 2632 3318 τά
2683 3264 2827 3334 ἑξῆς.
2855 3263 2994 3334 Φησὶ
3027 3261 3157 3331 γοῦν
3183 3261 3211 3314 ὁ
3237 3261 3440 3332 Κύριος
3467 3277 3480 3291 ·
3527 3259 3646 3328 Ad;-

2047 3357 2253 3424 αὐτοῖς
2303 3357 2454 3424 ζωὴν
2503 3359 2666 3424 ἔχειν
2698 3357 2767 3409 ἐν
2813 3355 3072 3422 ἑαυτοῖς,
3107 3353 3269 3421 Αὕτη
3306 3351 3373 3405 δέ
3405 3354 3578 3406 ἐστιν
3604 3350 3644 3419 ἡ

2047 3448 2284 3514 αἰώνιος
2312 3449 2446 3517 (toﬁ,
2502 3449 2604 3502 ἵνα
2660 3446 3004 3518 γινώσκωσί
3037 3460 3112 3500 σε
3145 3445 3252 3499 τὸν
3271 3445 3464 3514 μόνον
3485 3444 3642 3512 άλη-

2047 3543 2218 3595 θινόν
2245 3540 2409 3600 Θεὸν,
2448 3539 2547 3592 καὶ
2572 3539 2642 3593 ὃν
2669 3539 3034 3603 ἀπέστειλας
3081 3537 3318 3600 Ἰησοῦν
3361 3535 3644 3603 Χρισιόν.

357 3635 416 3688 in
434 3635 640 3702 seipsis.
663 3633 792 3688 Illuc
815 3642 890 3686 est
916 3641 1092 3686 autem
1125 3633 1231 3687 vita
1267 3641 1485 3696 a'terna,
1509 3641 1564 3684 ut
1587 3641 1905 3701 cognOscant
1930 3642 1977 3688 te
2007 3636 2177 3689 solum
2200 3653 2374 3690 verum
2406 3633 2592 3693 Deum,
2621 3644 2670 3687 et
2697 3649 2844 3704 quem
2885 3633 3076 3685 misisti
3100 3629 3284 3683 Jesum
3310 3627 3645 3684 Cltristnm'.

433 3725 626 3781 XXIX.
659 3726 760 3781 llic
789 3729 970 3781 omnia
1001 3727 1208 3789 turbat,
1244 3741 1308 3780 ac
1343 3726 1636 3796 permiscet
1675 3728 1862 3792 Arius,
1893 3739 1947 3784 et

362 3822 480 3875 Arii
515 3820 784 3885 fautores,
817 3821 908 3890 qui
928 3819 1032 3874 hoc
1052 3819 1215 3874 nobis
1235 3818 1542 3888 objiciunt:
1573 3819 1707 3874 Cum
1723 3822 1948 3875 omnino

366 3914 537 3970 Deum
571 3914 920 3976 obsecrasse,
955 3919 1122 3983 atque
1167 3913 1282 3968 hmc
1325 3913 1492 3968 verba
1538 3929 1836 3983 usurpasse
1867 3914 1952 3968 di-

365 4018 544 4066 catur.
593 4005 778 4072 Pater,
810 4007 882 4060 da
927 4007 1038 4060 illis
1081 4007 1245 4060 vitam
1286 4004 1476 4060 habere
1505 4007 1557 4059 in
1590 4007 1802 4075 seipsis,
1838 4021 1950 4060 non

363 4108 546 4170 potest
573 4099 620 4154 ei
653 4099 745 4169 qui
783 4101 947 4153 vitam
989 4099 1230 4169 praebeat
1250 4098 1479 4169 aequalis
1503 4097 1700 4152 videri.
1732 4097 1866 4152 Nam
1904 4099 1948 4153 si

365 4207 432 4245 ex
466 4191 649 4246 Patris
679 4193 919 4248 essentia
953 4190 1116 4254 [οι-ει,
1148 4191 1316 4244 vitam
1350 4191 1470 4260 ipse
1516 4189 1807 4254 tribueret,
1841 4205 1950 4244 non

271 4273 288 4293 '
367 4298 398 4334 a
425 4281 585 4337 Patre
619 4291 843 4351 peteret,
881 4291 941 4336 ut
977 4283 1044 4337 iis
1075 4281 1436 4344 illam,daret,
1484 4284 1578 4352 qui
1611 4297 1674 4337 ea
1712 4297 1949 4352 quorum

2123 3732 2251 3785 ΚΘ.
2305 3731 2580 3801 ’Λναπηόᾷ
2613 3729 2670 3784 δὲ
2717 3728 2902 3782 κυκῶν
2930 3721 3082 3790 οὗτος
3126 3728 3154 3780 ό
3184 3726 3430 3797 Ἄρειος,
3469 3722 3563 3776 καὶ
3598 3723 3651 3774 οῑ

2051 3825 2142 3878 ὑπ’
2169 3823 2354 3886 αὑτοῦ,
2391 3823 2484 3876 καὶ
2509 3823 2760 3890 λέγουσι·
2797 3821 2905 3874 To“
2935 3821 3070 3882 ὅλως
3111 3817 3372 3883 εῦξασθαι
3397 3815 3474 3888 τῷ
3503 3815 3648 3887 Θεῷ,

2053 3917 2148 3970 καὶ
2175 3916 2354 3984 λέγειν
2374 3932 2386 3946 ·
2424 3913 2634 3982 Πάτερ,
2658 3913 2762 3979 δὸς
2790 3911 2995 3978 αὐτοῖς
3021 3909 3175 3978 ζωὴν
3205 3909 3377 3978 ἔχειν
3397 3909 3467 3960 ἐν
3507 3910 3649 3962 ἑαυ-

2060 4008 2216 4073 τοῖς·
2247 4008 2348 4060 ούκ
2369 4007 2516 4059 ἔστιν
2546 4005 2661 4067 ἴσος
2696 4003 2774 4074 τῷ
2803 4003 3098 4075 παρέχοντε
3122 4001 3220 4072 τὴν
3251 3998 3417 4071 ζωήν·
3443 3999 3507 4051 Εἰ
3539 3999 3648 4069 γὰρ

2055 4097 2125 4172 ἦν
2171 4103 2236 4154 ὲκ
2269 4099 2370 4170 τῆς
2412 4097 2507 4152 τοῦ
2553 4097 2764 4169 Πατρδς
2805 4097 3013 4160 οὐσίας,
3051 4095 3214 4157 αὐτὸς
3247 4093 3313 4148 ἂν
3363 4091 3652 4163 ἐχαρίζετο

2058 4189 2158 4258 τὴν
2194 4189 2359 4259 ζωὴν,
2396 4188 2490 4242 xa'l.
2512 4189 2614 4241 οὐκ
2657 4190 2723 4241 ἂν
2746 4189 2928 4259 ᾐτεῖτο
2956 4185 3049 4240 τὸν
3086 4183 3303 4255 Πατέρα
3331 4183 3514 4237 δοῦναι
3533 4185 3652 4247 τοῖς

2061 4281 2402 4352 λαμϐάνουσι
2430 4279 2498 4333 τὰ
2526 4281 2617 4333 ὑπ’
2645 4278 2812 4333 αὑτοῦ
2843 4278 3098 4350 διδόμενα
3122 4277 3188 4329 δι’
3225 4279 3514 4347 αἰτήσεων.
3543 4277 3654 4330 Καὶ

370 4375 490 4442 ipse
543 4373 772 4443 largitor
825 4375 930 4434 sit,
977 4373 1237 4443 precibus
1284 4373 1662 4444 impetrarent.
1706 4377 1777 4428 At
1823 4375 1940 4428 ῑΙΙιιι

2061 4375 2162 4428 οὐκ
2215 4373 2394 4427 ἴσασιν
2437 4373 2486 4425 οἱ
2538 4371 2661 4425 καθ’
2719 4370 2928 4424 ἑαυτῶν
2967 4371 3066 4441 τὴν
3115 4369 3354 4423 διάνοιαν
3397 4369 3650 4441 διαστρέ‹

373 4464 634 4530 ignorare
680 4462 932 4517 homines
969 4463 1062 4517 isti
1103 4461 1383 4526 videntur,
1428 4463 1522 4533 qui
1568 4469 1804 4518 mentem
1850 4461 1954 4516 sibi

369 4571 570 4625 magno
595 4570 698 4610 suo
727 4555 872 4608 malo
903 4555 1294 4624 depravarunt,
1327 4555 1398 4610 oh
1431 4555 1484 4609 id
1521 4571 1691 4609 unum
1727 4557 1832 4610 huc
1865 4570 1957 4608 ac—

370 4655 614 4712 cessisse
651 4653 742 4709 Dei
805 4652 1026 4714 Filinm,
1069 4654 1230 4707 nobis
1283 4661 1342 4706 ut
1383 4653 1662 4722 exemplar
1702 4667 1765 4706 ac
1811 4652 1959 4706 salus

371 4758 541 4808 esset.
576 4745 754 4802 medio
791 4747 845 4800 in
875 4747 1080 4801 mundo
1117 4745 1450 4810 consismns,
1475 4743 1624 4799 velut
1654 4745 1708 4798 in
1745 4743 1960 4798 theatro

373 4842 614 4913 quodam
643 4840 870 4902 athleta,
897 4841 988 4910 qui
1019 4838 1200 4895 omnia
1227 4838 1467 4908 disjieiat
1487 4849 1540 4892 et
1575 4843 1804 4900 evertat,
1839 4851 1962 4907 qua:

371 4932 636 4988 adversus
667 4931 950 4986 veritatem
977 4933 1288 4998 insurgunt,
1315 4943 1542 4999 qumque
1575 4929 1866 4984 intldclitas
1897 4942 1960 4982 ac

375 5025 584 5082 diaboli
617 5025 771 5080 fraus
805 5032 860 5079 et
881 5024 1158 5078 calumnia
1181 5023 1500 5084 concitavit,
1534 5021 1650 5078 sive
1668 5037 1762 5092 per
1785 5021 1961 5077 simu-

344 5120 650 5196 .Iacrorum
684 5116 917 5180 cultum,
960 5114 1076 5170 sive
1117 5129 1212 5185 per
1233 5113 1544 5169 Judaeorum
1590 5114 1809 5176 fastum,
1841 5115 1957 5170 sive

343 5229 364 5300 ί
373 5225 472 5281 per
501 5209 902 5272 inﬁdelitatem,
938 5207 1054 5263 sive
1074 5223 1172 5278 per
1204 5207 1458 5262 humana:
1491 5207 1766 5278 opinionis
1798 5222 1955 5278 arro-

373 5303 654 5374 gantiam;
692 5317 803 5372 quo
833 5301 1083 5356 homines
1103 5299 1535 5355 moderationem
1567 5297 1737 5352 animi
1770 5305 1824 5352 et
1855 5297 1956 5351 bu-

375 5395 664 5450 militatem
701 5395 962 5459 doceret;
999 5408 1068 5448 ne
1082 5393 1208 5462 quis
1239 5406 1364 5446 cum
1390 5392 1556 5447 homo
1585 5391 1677 5454 sit,
1697 5405 1956 5460 magnum

376 5499 438 5540 se
468 5500 594 5541 esse
616 5485 878 5555 quiddam
919 5487 1235 5548 arbitretur,
1269 5483 1364 5540 sed
1391 5483 1456 5538 ad
1483 5497 1826 5538 communem
1847 5497 1960 5536 om-

375 5577 530 5634 nium
561 5586 840 5646 parentem
872 5577 1127 5633 universa
1151 5577 1368 5633 referat.
1405 5574 1674 5642 Quocirca
1702 5573 1828 5628 licet
1848 5575 1958 5627 vita

453 5688 472 5720 ⁸
503 5685 522 5740 1
549 5689 675 5743 (lor.
712 5703 792 5754 ιιι,
829 5687 912 5742 I6.

383 5763 403 5793 ⁸
430 5759 490 5813 1⁴ὀ
519 5759 614 5828 τῷ,

2063 4469 2286 4538 ψαντες.
2313 4467 2394 4518 ὅτι
2412 4465 2479 4519 τὰ
2506 4465 2735 4538 πάνταᾼὸ
2761 4463 3072 4533 Μονογενὴς
3093 4457 3274 4532 ἦλθεν,
3304 4462 3391 4515 ἵνα
3423 4462 3652 4532 γένηται

2067 4560 2197 4628 ὑμῖν
2254 4557 2620 4628 ὑπογραμμὸς
2667 4559 2762 4610 καὶ
2811 4556 3093 4628 σωτηρία,
3147 4555 3309 4626 μέσος
3350 4553 3522 4618 ἑστὼς
3554 4555 3650 4607 τοῦ

2066 4653 2294 4722 κόσμου,
2335 4651 2407 4715 ὼς
2453 4652 2546 4704 ἐπὶ
2591 4651 2819 4722 θεάτρου
2849 4649 3083 4720 ἀθλοξτοῦ
3129 4649 3307 4718 δίκην,
3340 4647 3654 4711 διαλύοντος

2067 4742 2244 4796 πάντα
2275 4741 2344 4795 τά
2376 4741 2515 4795 κατά
2547 4741 2644 4812 τῆς
2672 4739 2930 4811 ἀληθείας
2962 4739 3346 4792 ἐπαναστάντα
3374 4737 3438 4790 ἐκ
3467 4755 3528 4790 τε
3553 4737 3654 4808 τῆς

2063 4834 2322 4897 ἀπιστίας
2348 4836 2442 4886 καὶ
2480 4832 2864 4901 συκοφαντίας,
2897 4831 2992 4884 καὶ
3029 4831 3238 4902 πλάνης
3270 4829 3542 4892 διαϐόλου,
3571 4827 3650 4900 πή

2066 4929 2166 4998 μὲν
2198 4925 2288 4981 διά
2319 4926 2783 4996 εἰδωλολατρείας,
2819 4924 2894 4997 πὴ
2940 4924 2997 4978 δὲ
3027 4923 3117 4978 διὰ
3163 4923 3461 4994 Ἰουδαϊκῆς
3500 4923 3650 4994 οίκή-

2064 5036 2224 5080 σεως,
2265 5018 2341 5089 πὴ
2373 5018 2428 5074 δὲ
2461 5017 2529 5071 δι’
2572 5017 2854 5079 ἀπιστίας.
2885 5015 3054 5088 πὴ-δὲ
3098 5015 3186 5068 διὰ
3225 5015 3327 5085 τῆς
3365 5015 3650 5086 ὲπάρσεως

2062 5115 2161 5186 τῆς
2187 5113 2296 5168 τῶν
2329 5113 2633 5183 ἀνθρώπων
2669 5111 2988 5182 ὑπολήψεως
3011 5130 3023 5140 ·
3058 5111 3146 5164 ἵνα
3177 5110 3363 5180 διδάξῃ
3391 5109 3519 5172 τοὺς
3553 5109 3650 5160 ἁνο

2065 5206 2317 5280 θρώπους
2349 5207 2812 5278 ταπεινοφρονεῖν,
2857 5203 2951 5258 τοῦ
2985 5205 3058 5275 μή
3105 5222 3228 5257 τινα
3277 5202 3470 5257 ἑαυτὸν
3515 5201 3652 5271 ἡγήο

2067 5297 2260 5353 σασθαί
2312 5317 2363 5351 τι
2413 5297 2701 5368 ἄνθρωπος
2741 5297 2837 5359 ὢν,
2888 5295 3002 5349 ἀλλ’
3037 5298 3116 5360 εἰς
3150 5296 3239 5349 τὸν
3277 5294 3496 5365 Πατέρα
3542 5292 3650 5345 τῶν

2063 5393 2200 5445 ὅλων
2229 5389 2524 5460 ἀναφέρειν
2553 5390 2613 5442 τὸ
2654 5393 2784 5443 πᾶν.
2820 5390 2930 5442 Καὶ
2966 5388 3054 5442 διά
3099 5385 3278 5448 τοῦτο,
3326 5386 3532 5456 καίπερ
3572 5383 3648 5438 ὣν

2067 5484 2202 5554 ζωὴ,
2232 5483 2309 5546 ὡς
2341 5482 2510 5550 λέγει,
2540 5481 2686 5550 Ἐγώ
2712 5484 2827 5552 εἶμι
2857 5484 2894 5551 ἡ
2926 5481 3360 5552 ἇυὴβυνάμενος
3381 5477 3647 5550 παρέχειν

2067 5576 2166 5646 τὴν
2211 5574 2388 5645 ζωὴν,
2441 5575 2501 5626 οὺ
2551 5573 2798 5643 βούλεται
2835 5573 3068 5644 ταράξαι
3121 5573 3182 5627 τὸ
3231 5572 3459 5634 δίκαιον,
3513 5567 3646 5623 ἀλλὰ

1017 5691 1037 5722 ²
1073 5685 1227 5744 Joan.
1277 5705 1365 5756 xv,
1407 5689 1512 5756 26;
1571 5705 1678 5744 ιιι-ι.
1719 5689 1817 5752 Η,
1865 5686 1941 5741 15.

2075 5685 2180 5742 Isa.
2231 5704 2279 5752 v,
2307 5687 2397 5742 21).
2475 5693 2496 5720 ⁸
2522 5687 2541 5742 ι
2571 5688 2702 5744 Cor.
2742 5703 2803 5756 ιι,
2828 5687 2915 5752 I2,
2948 5687 3029 5742 1‘5.
3105 5687 3126 5717 ‘
3159 5684 3317 5742 Joan.
3348 5684 3558 5750 “11,2,
3589 5679 3642 5738 5.
