3994 6226
266 360 376 416 ΞΗ)

913 355 1278 414 ADVERSUS
1319 358 1659 417 lIZERE‘SES
1701 361 1827 416 LIB.

1983 363 2147 419 ΤΟΜ.
2190 364 2252 420 ll.
2281 398 2345 406 -κ
2391 368 2663 425 ΠίΕΠΕΒ.
2709 370 2897 426 LXIX.

3440 374 3550 432 2ἷο

264 474 432 546 ἦλθεν
465 477 546 540 εις
593 476 724 547 μίαν
755 475 962 546 ἀρχὴν,
1007 478 1087 538 εἰς
1131 476 1258 546 μίαν
1299 476 1557 548 θεύτητα,
1603 480 1683 541 εἰς
1729 480 1858 549 μίαν

1985 496 2078 549 pse
2105 483 2196 546 sit,
2233 492 2292 538 ut
2325 493 2574 550 testatur,
2619 486 2728 558 Ego
2768 505 2885 541 sum
2934 489 3036 542 rita
3061 489 3099 552 ',
3157 505 3386 560 eamque
3419 507 3552 546 con-

266 572 561 640 ἀλήθειαν,
595 573 674 634 εις
707 569 836 640 μίαν
879 570 1170 640 ὁμόνοιαν,
1224 571 1305 634 εἰς
1347 571 1476 640 μίαν
1522 571 1858 640 δοξολογίαν,

269 665 610 732 συναγαγεῖν
657 663 766 715 τῶν
818 661 1120 732 ἀνθρώπων
1173 663 1452 732 σωτηρίαν
1498 681 1556 716 τε
1611 665 1705 718 καὶ
1749 664 1861 718 διὰ-

267 773 422 807 νοιαν
439 772 451 784 ·
478 754 570 806 καὶ
591 751 824 805 ἐνώπιον
843 753 949 805 τῶν
978 751 1237 822 μαθητῶν
1258 753 1350 806 τὸν
1368 754 1586 825 Πατέρα
1612 756 1857 807 αἰτεῖται.

267 846 371 908 Τίς
399 844 509 915 γὰρ
536 839 648 907 υἱὸς
684 841 834 913 παρά
866 842 1073 910 πατρὸς
1114 843 1216 894 οὐκ
1257 845 1528 909 αἱτεῖται;
1561 843 1644 907 τίς
1677 843 1733 896 δὲ
1759 857 1833 896 πα

266 939 377 1008 τὴρ
410 937 512 1008 υἱῷ
547 937 608 990 οὐ
652 936 869 1000 δίδωσι;
908 938 1056 998 ποῖος
1105 933 1160 986 δὲ
1195 934 1310 997 υἱὸς
1355 935 1566 998 ἀλλοῖος
1610 938 1865 1004 τυγχάνει

269 1031 430 1100 παρὰ
481 1029 579 1099 τὴν
617 1027 711 1081 τοῦ
762 1027 966 1098 πατρὸς
1000 1027 1204 1095 φύσιν;
1260 1027 1369 1080 Καὶ
1405 1027 1492 1080 διὰ
1541 1026 1698 1080 τοῦτο
1741 1026 1866 1090 Υἱὸς

271 1125 576 1194 μονογενὴς
607 1122 757 1192 παρά
802 1121 1036 1191 Πατρδε,
1082 1121 1296 1192 πλήρης
1334 1121 1555 1191 χάριτος
1596 1120 1690 1173 καὶ
1739 1119 1864 1187 ἀληη

307 1215 451 1276 είας,
481 1215 582 1266 οὐκ
627 1213 881 1266 ὲπεδέετο
923 1212 1016 1266 τοῦ
1069 1209 1466 1282 πληρώματος,
1500 1213 1602 1264 οὐκ
1647 1210 1868 1280 ἐλλιπὴς

269 1307 376 1374 τῆς
426 1305 706 1376 ἀληθείας,
746 1305 882 1357 ἀλλά
927 1305 1143 1375 πλήρης
1189 1304 1412 1374 χάριτος
1450 1304 1544 1356 καὶ
1589 1302 1864 1370 ἀληθείας.

285 1397 349 1453 ’0
399 1399 457 1451 δὲ
492 1399 705 1468 πλήρης
735 1397 808 1450 ὢν
861 1398 953 1449 καὶ
1003 1396 1218 1457 δίδωσι,
1263 1395 1356 1448 καὶ
1399 1393 1620 1448 δύναται
1665 1393 1864 1447 δοῦναι.

271 1491 539 1544 Βούλεται
561 1491 617 1544 δὲ
650 1490 828 1543 πάντα
860 1489 1081 1558 ἀνάγειν
1111 1489 1203 1540 ἐπὶ
1232 1488 1322 1541 τὸν
1354 1487 1594 1557 Πατέρα.
1632 1485 1870 1549 Δοξάζει

271 1582 390 1650 γὰρ
435 1581 566 1645 Υἱὸς
605 1581 712 1633 τόν
744 1579 977 1646 Πατέρα
999 1597 1012 1610 ο
1043 1578 1277 1643 δοξάζει
1311 1582 1342 1632 ό
1384 1577 1586 1646 Πατὴρ
1622 1579 1728 1630 τὸν
1751 1581 1870 1631 Μο-

270 1672 524 1741 νογενῆ.
566 1672 712 1742 Ἐγὼ
739 1671 849 1741 γάρ
887 1687 962 1724 σε
1009 1671 1274 1735 ἐδόξασα
1310 1671 1406 1722 ἐπὶ
1438 1668 1547 1737 τῆς
1584 1668 1717 1738 γῆς,
1758 1667 1871 1720 ἔλε-

271 1782 373 1833 γεν
403 1767 432 1817 6
465 1766 588 1826 Υἱὸς
626 1764 704 1834 τῷ
747 1764 921 1836 Πατρί
943 1779 958 1794 ο
995 1765 1086 1817 καὶ
1117 1765 1144 1815 6
1181 1761 1367 1832 Πατὴρ
1414 1762 1566 1830 ἔλεγε
1599 1760 1676 1831 τῷ
1716 1760 1828 1830 Υἱῷ
1854 1776 1866 1787 ·

1965 571 2106 627 ferre
2130 591 2224 643 per
2253 592 2373 630 sese
2403 579 2596 646 possit,
2619 579 2762 647 juris
2817 587 2997 634 tamen
3035 597 3098 634 ac
3126 582 3354 650 justitize
3379 583 3549 652 legem

1967 666 2290 735 perturbare
2320 669 2532 732 noluit;
2582 669 2676 724 sed
2725 669 2931 724 idcirco
2964 673 3134 734 venit,
3178 679 3234 725 ut
3268 673 3334 726 ad
3383 689 3548 726 unum

1966 757 2296 828 principium
2355 776 2631 830 unamque
2668 760 3032 825 divinitatem,
3075 765 3379 826 veritatem,
3420 780 3552 818 con-

1965 849 2233 913 cordiam,
2258 850 2530 920 uniusque
2549 851 2736 921 gloriae
2761 853 3228 916 prtedicationem,
3266 853 3549 905 hominum

1965 942 2222 1007 salutem,
2265 951 2614 1012 mentemque
2647 944 2984 997 traduceret.
3033 940 3114 996 Ob
3151 944 3202 995 id
3236 959 3422 996 coram
3465 945 3552 997 di-

1968 1032 2198 1102 scipulis
2229 1031 2377 1086 Patri
2420 1035 2735 1104 supplicare
2773 1035 2966 1088 voluit.
3000 1033 3134 1086 Nam
3162 1023 3288 1104 qitis
3333 1035 3551 1089 demum

1971 1123 2113 1176 tilius
2163 1138 2190 1175 a
2229 1135 2380 1192 patre
2429 1141 2538 1179 non
2589 1126 2878 1196 postulat?
2925 1135 3015 1179 aut
3060 1126 3184 1194 quis
3242 1135 3394 1195 pater
3440 1143 3550 1180 nou

1969 1216 2083 1268 lilio
2113 1217 2382 1286 largitur?
2429 1219 2553 1286 quis
2585 1233 2750 1288 porro
2795 1218 2937 1273 [ilius
2963 1235 2991 1271 a
3037 1220 3211 1284 patris
3252 1228 3445 1272 natura
3474 1220 3557 1272 di—

1971 1323 2167 1362 versus
2201 1310 2316 1362 est?
2345 1307 2640 1380 Propterea
2674 1311 2870 1365 unicus
2901 1309 2993 1362 Dei
3025 1309 3198 1365 Filius
3233 1326 3260 1363 a
3286 1310 3444 1363 Patre
3467 1327 3559 1378 ge-

1930 1459 1934 1464 ,
1972 1397 2140 1458 nitus,
2178 1397 2371 1466 plenus
2409 1399 2595 1469 gratia:
2629 1409 2682 1452 et
2707 1399 2953 1454 veritatis
2999 1400 3040 1463 ’,
3078 1400 3295 1462 nullum
3316 1401 3560 1467 comple-

1973 1499 2218 1543 mentum
2254 1490 2590 1559 requirebat,
2633 1507 2754 1545 cum
2790 1491 2927 1545 nihil
2965 1491 3066 1561 ipsi
3108 1492 3174 1545 de
3203 1493 3437 1545 veritate
3461 1492 3558 1544 de-

1973 1591 2142 1640 esset.
2177 1583 2270 1634 sed
2313 1582 2502 1650 plenus
2533 1583 2721 1652 gratiae
2760 1599 2823 1637 ac
2849 1583 3097 1637 veritatis
3127 1581 3286 1636 foret.
3317 1581 3422 1637 Sed
3451 1583 3557 1638 etsi

1975 1675 2170 1743 plenus
2211 1678 2302 1736 sit,
2342 1683 2508 1746 atque
2542 1685 2595 1730 et
2635 1676 2902 1745 largiatur
2947 1676 3087 1745 ipse,
3119 1683 3171 1730 ct
3202 1675 3389 1744 largiri
3432 1691 3558 1744 pos-

1976 1769 2070 1833 sit,
2100 1769 2457 1824 nihilominus
2482 1771 2535 1822 in
2574 1767 2788 1822 Patrem
2820 1767 3113 1822 refundere
3144 1767 3328 1821 omnia
3361 1767 3554 1821 voluit.

284 1856 594 1921 Ἐδόξιισὰ
637 1833 746 1919 σε,
799 1833 898 1909 καὶ
941 1855 1130 1908 πάλιν
1177 1855 1438 1918 δοξάσω.
1479 1854 1593 1905 Ούκ
1651 1852 1728 1904 ἔνι
1761 1853 1869 1922 γὰρ

1977 1858 2104 1910 Nam
2137 1857 2306 1912 Filius
2347 1859 2616 1930 gloriﬁcat
2656 1857 2875 1912 Patrem
2923 1857 2972 1924 ³,
3003 1872 3068 1910 ac
3114 1857 3354 1910 vicissim
3399 1855 3560 1910 Pater

270 1949 583 2012 διάστασις,
608 1950 708 2000 οὐκ
753 1947 832 2000 ἔνι
876 1947 1069 2016 φθόνος
1101 1947 1374 2017 θεότητος.
1421 1945 1520 2008 Δὸς
1563 1940 1655 1998 οὖν
1688 1945 1869 2007 αὐτοῖς

271 2042 426 2110 ἔχειν
455 2040 600 2110 ζωὴν
635 2041 692 2091 ὲν
728 2041 960 2102 ἑαυτοῖς.
1004 2040 1062 2092 ὐ
1097 2039 1208 2110 ζωὴ
1249 2038 1324 2092 ὢν
1354 2039 1498 2110 ζωὴν
1531 2037 1673 2090 θέλει
1721 2036 1870 2106 παρὰ

274 2130 496 2201 Πατρδς
523 2129 842 2200 λαμϐάνειν,
871 2131 967 2181 καὶ
1009 2129 1209 2182 διδόναι
1237 2132 1349 2192 τοῖς
1382 2128 1670 2198 μαθηταῖς,
1706 2125 1869 2189 αὐτὸς

271 2223 350 2274 ὢν
388 2223 526 2293 ζωὴ,
561 2223 648 2274 ἴνα
707 2222 780 2292 μὴ
814 2221 960 2292 διέλῃ
996 2222 1096 2291 τὴν
1157 2221 1384 2292 μονάδα,
1419 2221 1505 2273 ἵνα
1557 2219 1629 2290 μὴ
1666 2219 1870 2282 σκῶλος

271 2316 508 2383 γένηται
559 2317 672 2377 τοῖς
711 2314 1014 2376 Ἰουδαίοιςο
1068 2314 1154 2366 ἵνα
1193 2314 1500 2366 ἀκούσωσιν
1537 2315 1585 2366 οἱ
1630 2310 1870 2364 Ἰουδαῖοι

273 2409 436 2478 παρὰ
467 2407 559 2458 τοῦ
602 2406 814 2476 Πατρὺς
858 2405 1145 2470 αἰτοῦντα,
1181 2407 1275 2459 καὶ
1307 2404 1515 2458 διδόντα
1553 2405 1666 2467 τοῖς
1704 2400 1869 2454 αὐτοῦ

275 2501 576 2572 μαθηταῖς.

349 2774 437 2827 Δ’.
488 2771 613 2833 Πῶς
656 2765 749 2823 οὖν
804 2769 947 2823 αἰτεῖ
975 2768 1066 2820 τὸν
1117 2767 1336 2838 Πατέρα
1381 2767 1410 2818 ὁ
1447 2765 1611 2829 Υἱός;
1660 2765 1745 2827 Ὡς
1796 2763 1870 2836 μὴ

274 2867 425 2937 ἔχων
454 2865 548 2918 καὶ
577 2864 744 2917 αἰτῶν
771 2879 785 2927 ;
818 2861 950 2930 υύχί
967 2877 980 2890 ·
1005 2860 1140 2913 ἀλλὰ
1167 2859 1264 2927 τὴν
1289 2857 1489 2928 μονάδα
1516 2857 1615 2926 τῆς
1643 2855 1872 2926 Τριάδος

279 2959 595 3030 σημαίνων,
636 2956 856 3018 τελείως
905 2952 1252 3023 παρέχουσαν
1306 2950 1384 3021 τῷ
1426 2949 1757 3020 λαμϐάνοντι
1803 2949 1872 3001 τά

275 3054 435 3123 δῶρα
469 3049 615 3117 ἄξια.
648 3050 765 3101 Ἴνα
794 3049 850 3099 δὲ
886 3046 1125 3116 σημάνῃ,
1167 3045 1248 3096 ὅτι
1287 3043 1383 3112 μία
1413 3043 1560 3094 ἐστὶν
1595 3043 1626 3111 ή
1660 3040 1867 3106 θεότης,

273 3145 450 3196 πάλιν
478 3145 534 3192 ἐν
569 3141 712 3209 ἄλλῳ
739 3139 889 3208 τόπῳ
923 3137 1105 3189 οὐκέτι
1142 3134 1462 3203 αἰτούμενος
1492 3132 1726 3193 δίδωσιν,
1756 3130 1869 3183 ἀλλ’
1900 3164 1942 3220 c

275 3233 543 3304 αὑθεντίᾳ
567 3232 634 3285 τὰ
677 3231 806 3291 ἴδια,
839 3229 914 3292 ὡς
945 3227 1094 3298 πηγὴ
1122 3227 1196 3278 ὢν
1231 3224 1340 3278 ἀπὸ
1369 3224 1573 3294 πηγῆς,
1615 3222 1708 3274 καὶ
1739 3221 1868 3283 Θεὸς

274 3327 356 3379 ὢν
389 3328 453 3377 ἐκ
485 3323 638 3385 Θεοῦ,
665 3321 994 3390 ἐνεφύσησεν
1027 3321 1104 3381 εἰς
1134 3318 1194 3370 τὸ
1225 3317 1515 3384 πρόσωπον
1547 3311 1745 3376 αὐτῶν,
1777 3311 1872 3364 καὶ

276 3412 409 3469 εἷπε
432 3431 445 3444 ·
481 3413 700 3467 Λάϐετε
731 3411 972 3478 Πνεῦμα
992 3408 1181 3476 ἅγιον.
1208 3406 1319 3458 Καὶ
1344 3404 1529 3458 ἄλλοτε
1569 3403 1741 3472 ἐπῆρε
1773 3401 1874 3462 τὰς

277 3511 497 3580 χεῖρας,
530 3507 624 3560 καὶ
653 3500 773 3556 εἷπε
795 3520 808 3534 ·
855 3501 1076 3554 Λάϐετε
1109 3498 1351 3566 Πνεῦμα
1391 3496 1594 3565 ἅγιον·
1634 3495 1729 3547 καὶ
1761 3493 1872 3563 ἔχει

277 3601 340 3652 ἐν
379 3597 560 3666 ἑαυτῷ
593 3594 759 3664 ζωὴν,
791 3595 877 3645 ἵνα
916 3586 959 3659 ᾧ
1003 3590 1250 3660 βούλεται
1283 3587 1467 3640 δοῦναι
1500 3586 1592 3656 δῷ.
1641 3586 1734 3650 Ὠς
1766 3585 1874 3656 γὰρ

278 3693 314 3745 ὁ
362 3687 570 3754 Πατὴρ
610 3686 734 3752 ἔχει
778 3682 931 3751 ζωὴν
963 3683 1034 3735 ἐν
1072 3678 1282 3744 ἐαυτῷ,
1319 3678 1473 3731 οὕτω
1521 3678 1616 3730 καὶ
1653 3681 1685 3729 ὀ
1743 3676 1876 3742 Υἱὸς

278 3783 415 3851 ἔχει
457 3777 612 3848 ζωὴν
657 3777 726 3828 ἐι·
752 3772 968 3838 ἑαυτῷ.
1006 3773 1117 3825 Καὶ
1165 3772 1316 3840 ὁρᾷς,
1353 3770 1433 3821 ὅτι
1478 3769 1662 3821 ἕνεκεν
1709 3767 1877 3843 τιμῇς

279 3874 428 3946 πρὸς
460 3871 552 3924 τὸν
592 3869 845 3940 Πατέρα,
899 3865 992 3918 καὶ
1043 3864 1229 3916 ’ένεκεν
1281 3865 1408 3933 μιᾶς
1461 3861 1733 3931 ἑνότητος,
1784 3858 1878 3911 καὶ

284 3969 424 4039 μιᾶς
464 3961 789 4028 δοξολογίας,
822 3959 915 4012 καὶ
963 3957 1056 4010 τοῦ
1099 3955 1173 4026 μὴ
1204 3956 1329 4016 τοὺς
1366 3953 1614 4024 μαθητὰς
1659 3951 1879 4020 νομίσαι

283 4057 368 4128 μὴ
405 4053 512 4108 ἀπὸ
542 4053 637 4105 τοῦ
664 4049 799 4103 Θεοῦ
826 4048 920 4101 τοῦ
951 4047 1118 4116 νόμου
1155 4046 1249 4098 καὶ
1282 4046 1390 4096 τῶν
1418 4041 1713 4113 προφητῶν
1743 4057 1881 4112 παρ-

281 4147 564 4201 εκκλίνειν
613 4145 642 4196 6
673 4142 983 4211 Μονογενὴς
1030 4136 1160 4210 ἦλθε
1203 4137 1302 4198 τὰς
1351 4136 1587 4198 διανοίας
1637 4133 1744 4186 τῶν
1794 4150 1881 4186 πι-

283 4238 614 4302 στευόντων,
650 4234 843 4288 τούτου
869 4233 1032 4284 ἕνεκα
1067 4231 1200 4293 Θεὸς
1230 4229 1325 4291 ὢν,
1357 4228 1452 4280 καὶ
1490 4225 1881 4297 προγινώσκων

282 4335 388 4406 τὴν
423 4333 528 4386 τῶν
563 4329 866 4402 ἀνθρώπων
911 4326 1268 4396 κακοήθειαν,
1316 4323 1407 4375 τὸν
1441 4323 1596 4390 λόγον
1629 4321 1704 4384 ὡς
1747 4321 1884 4391 πρὸς

282 4429 380 4482 τὸν
410 4424 634 4481 Πατέρα
686 4423 914 4493 πέμπει,
958 4421 1054 4473 καὶ
1080 4419 1178 4489 τὴν
1217 4415 1372 4480 δόξαν
1405 4413 1772 4484 ἀναφαίρετον
1808 4411 1882 4482 τῷ

282 4518 467 4587 Πατρὶ
515 4516 752 4578 δίδωσιν,
803 4513 890 4565 ἵνα
939 4512 1236 4580 Μακθιχαίος
1269 4505 1642 4576 καταισχυνθῇ
1685 4503 1878 4574 ἀρνού-
1912 4503 1953 4557 D

287 4623 454 4680 μενος
485 4605 578 4656 τὸν
603 4603 843 4670 Πατέρα,
870 4602 956 4654 ἵνα
984 4601 1032 4653 οἱ
1063 4600 1302 4671 μαθηταὶ
1331 4597 1595 4668 μάθωσιν,
1626 4597 1709 4648 ὅτι
1739 4595 1876 4664 αὐτή

285 4701 442 4752 ἐστιν
473 4700 506 4768 ἡ
541 4697 732 4766 θεότης
772 4697 828 4747 ὲν
864 4694 1079 4764 Παλαιᾷ
1123 4693 1218 4746 καὶ
1257 4693 1434 4761 Καινῇ
1483 4688 1758 4762 Διαθήκῃ·
1793 4687 1878 4740 ἵνα

285 4795 338 4846 οἱ
378 4791 623 4843 Ἰουδαῖοι
667 4787 1028 4860 ἐντραπῶσιν,
1059 4786 1142 4838 ὅτι
1183 4786 1283 4838 οὐκ
1311 4779 1474 4855 ἦλθεν
1508 4783 1536 4834 6
1570 4779 1881 4850 Μονογενὴς

287 4883 500 4947 διδάξαι
559 4881 717 4935 ἄλλον
765 4880 936 4943 Θεὸν,
989 4877 1124 4931 ἀλλὰ
1167 4874 1516 4943 ἀποκαλύψαι
1566 4873 1732 4926 αὑτοῦ
1782 4872 1881 4942 τὴν

223 4956 231 4959 ξ
291 4977 549 5046 θεότητα,
587 4975 681 5026 καὶ
717 4972 930 5041 Πατρὺς
969 4967 1132 5022 αὑτοῦ
1166 4966 1260 5021 τοῦ
1297 4965 1642 5036 ἐπουρανίου.
1665 4963 1762 5026 Δὸς
1791 4959 1883 5015 οὖν

289 5072 478 5132 αὐτοῖς
525 5069 668 5138 ἔχειν
693 5065 840 5136 ζωὴν
884 5067 941 5116 ὲν
977 5063 1209 5124 ἑαυτοῖς.
1257 5060 1514 5128 Καίτοιγε
1558 5057 1717 5121 αὐτὸς
1761 5057 1886 5126 ext}.

291 5179 456 5235 ρυττε
487 5159 696 5229 ταύτην
739 5158 838 5227 τὴν
878 5157 1044 5226 ζωήν.
1078 5154 1204 5216 Πῶς
1235 5151 1328 5206 οὖν
1355 5154 1447 5205 τὸν
1489 5149 1708 5223 Πατέρα
1733 5150 1873 5220 ᾔτει,

289 5255 382 5308 ἵνα
410 5252 486 5324 δῷ
512 5253 697 5314 αὐτοῖς
730 5250 758 5303 ὃ
787 5249 950 5310 αὐτὸς
983 5247 1250 5310 ἐδίδασκε,
1277 5247 1372 5298 καὶ
1401 5245 1603 5310 ἐδίδου;
1634 5245 1744 5314 Τὴν
1776 5243 1884 5314 γὰρ

290 5347 437 5419 ζωὴν
465 5346 692 5416 ὕστερον
713 5342 1029 5412 ἀπεφήνατο
1054 5339 1225 5408 λέγων
1248 5356 1262 5368 ·
1295 5339 1476 5405 Αὕτη,
1509 5337 1693 5407 φησὶν,
1713 5338 1888 5389 ἐστὶν

293 5442 332 5508 ἡ
373 5438 521 5508 (toil,
574 5438 675 5490 ἵνα
724 5433 1066 5505 γινώσκωσι
1110 5449 1184 5486 σε
1224 5431 1333 5484 τὸν
1363 5432 1556 5501 μόνον
1593 5431 1888 5497 ἀληθινὸν

296 5533 407 5586 Θεό
413 5549 466 5584 ν.

1972 1948 2194 2001 unicum
2241 1947 2437 2001 Filium
2470 1948 2760 2018 glorilicat.
2809 1946 2920 2016 Ego
2970 1949 3108 2000 enim
3156 1948 3453 2013 clariﬁcari
3511 1956 3561 1999 te

1971 2055 2126 2106 super
2152 2049 2341 2092 terram
2361 2039 2402 2103 ⁸,
2421 2038 2584 2110 754Ι
2605 2041 2680 2092 ait
2707 2039 2851 2092 Patri
2881 2038 3154 2105 Filius;ct
3184 2037 3347 2093 Pater
3376 2035 3512 2091 Filio
3543 2053 3556 2087 :

1971 2129 2277 2198 Clariﬁcavi
2299 2141 2365 2192 te,
2391 2142 2438 2183 et
2460 2133 2644 2183 iterum
2671 2130 2979 2200 rlariﬁcabo
3015 2129 3055 2182 ⁵.
3087 2127 3272 2198 Neque
3305 2132 3448 2183 enim
3479 2129 3561 2181 ul-

1971 2223 2082 2275 lum
2127 2223 2179 2275 in
2211 2221 2500 2276 Divinitate
2535 2223 2849 2284 dissidium,
2891 2231 2983 2275 aut
3027 2222 3230 2274 invidia
3265 2222 3558 2292 reperitur.

1973 2313 2070 2376 Da,
2115 2313 2312 2382 inquit,
2351 2314 2459 2366 illis
2497 2313 2701 2368 habere
2733 2314 2896 2366 vitam
2933 2315 2987 2368 in
3021 2314 3244 2384 scipsis.
3281 2313 3424 2382 Ergo
3453 2312 3560 2364 vita

1973 2405 2090 2474 ipsa
2127 2405 2290 2458 vitam
2324 2422 2352 2457 a
2403 2403 2564 2457 Patre
2608 2402 2867 2472 postulat,
2901 2418 3064 2472 quam
3113 2418 3236 2454 cum
3273 2399 3563 2468 discipulis

1972 2498 2364 2560 communiret,
2411 2512 2477 2550 ne
2521 2508 2610 2548 aut
2661 2495 3288 2558 unitatem'dividerct,
3326 2501 3419 2545 aut
3467 2492 3564 2544 Ju-

1972 2587 2108 2642 dtcis
2134 2586 2494 2642 oﬂ‘et:sionem
2535 2587 2819 2656 praeberet,
2850 2595 2905 2638 ut
2930 2587 3104 2655 ipsum
3135 2584 3304 2638 Judaei
3341 2600 3368 2635 a
3404 2583 3564 2637 Patre

1972 2689 2248 2751 petentem
2290 2695 2353 2734 ac
2388 2679 2681 2749 discipulis
2717 2690 3033 2748 erogantcm
3066 2679 3342 2732 audirent.

2047 2771 2214 2826 XXX.
2261 2773 2547 2838 Quomodo
2597 2773 2762 2843 igitur
2813 2771 2985 2825 Filius
3021 2787 3049 2822 a
3085 2771 3244 2824 Patre
3291 2769 3568 2837 postulat?

1972 2865 2254 2936 Tanquam
2312 2866 2363 2920 id
2405 2881 2512 2935 quo
2561 2866 2781 2918 carebat
2827 2864 3072 2933 peteret?
3121 2862 3342 2915 Minime
3391 2876 3562 2924 vero;

1965 2957 2067 3012 ‘sed
2108 2956 2396 3010 Trinitatis
2452 2955 2720 3008 unitatem
2789 2953 3079 3021 expressit,
3118 2967 3237 3020 quae
3282 2963 3564 3005 consenta-

1974 3065 2073 3102 nea
2097 3047 2238 3101 dona
2272 3048 2337 3100 iis
2365 3047 2455 3116 qui
2484 3047 2760 3116 accipiunt
2788 3048 3028 3114 perferte
3059 3045 3272 3098 trilmit.
3299 3043 3476 3113 Atque
3503 3051 3563 3096 ut

1975 3136 2402 3205 intelligeremus
2435 3137 2652 3189 unicam
2691 3151 2813 3188 esse
2857 3135 3224 3194 divinitatem,
3276 3132 3417 3185 idem
3450 3133 3500 3184 al
3528 3150 3560 3182 υ

1975 3231 2094 3283 loco
2121 3245 2226 3282 non
2251 3229 2360 3298 jam
2394 3228 2704 3298 postulans,
2725 3226 2820 3280 sed
2855 3225 3072 3296 propria
3099 3223 3426 3277 auctoritate
3447 3224 3526 3274 \‘t'l
3547 3253 3559 3261 -

1975 3330 2033 3375 ut
2068 3335 2166 3376 sua
2222 3319 2472 3390 largitur,
2510 3327 2695 3388 utpote
2727 3319 2848 3372 fons
2889 3334 2951 3371 ex
3001 3317 3170 3379 fonte,
3202 3331 3265 3368 ac
3316 3315 3458 3367 Deus
3497 3332 3563 3367 ex

1977 3412 2089 3468 Deo
2128 3427 2474 3482 progressus,
2513 3426 2636 3464 cum
2673 3410 2880 3464 scilicet
2912 3409 2968 3462 in
3014 3407 3412 3476 discipulorum
3449 3409 3570 3457 νιιΙο

1975 3513 2066 3558 tus
2129 3503 2426 3571 inspirans,
2464 3501 2718 3570 Accipite,
2750 3500 2908 3561 dixit,
2947 3499 3210 3564 Spiritum
3245 3506 3486 3550 sanctum
3526 3497 3567 3552 ⁸,

1976 3597 2126 3650 Alias
2173 3610 2393 3664 quoque
2443 3594 2676 3650 sublatis
2731 3594 3007 3654 manibus,
3059 3592 3319 3659 Accipite,
3373 3591 3569 3658 inquit,

1979 3688 2239 3756 Spiritum
2267 3699 2533 3740 sanctum.
2561 3687 2690 3739 Item
2723 3705 2735 3740 :
2775 3685 2952 3739 Vitam
2987 3685 3150 3737 habet
3182 3684 3236 3736 in
3273 3683 3472 3751 seipso,
3515 3688 3574 3732 ut

1981 3779 2293 3847 cuicunque
2324 3780 2579 3841 voluerit,
2604 3778 2716 3832 det.
2746 3777 2902 3840 Nam,
2943 3776 3009 3828 Ut
3037 3775 3203 3828 Pater
3234 3776 3393 3828 vitam
3419 3773 3573 3824 habet

1983 3873 2036 3925 in
2070 3872 2258 3940 seipso.
2294 3872 2370 3924 sic
2394 3880 2442 3924 et
2482 3870 2656 3924 Filius
2673 3871 2912 3923 eumdem
2942 3869 3096 3922 habet
3122 3870 3176 3920 in
3207 3881 3319 3920 sese
3341 3867 3382 3918 ⁷.
3410 3864 3574 3916 Vides

1981 3965 2148 4036 igitur
2175 3963 2658 4033 quemadmodum,
2709 3971 2767 4015 ut
2810 3962 3076 4014 honorem
3113 3958 3263 4011 Patri
3313 3957 3572 4014 deferret,

1985 4068 2150 4126 atque
2184 4065 2242 4109 ut
2283 4055 2616 4124 singularem
2656 4070 2777 4108 esse
2819 4053 3185 4113 divinitatem,
3235 4049 3576 4119 gloriamque

1984 4148 2382 4219 signiﬁcarent,
2414 4157 2526 4200 tum
2560 4162 2627 4198 ne
2656 4145 2911 4213 discipuli
2939 4144 3007 4198 ab
3031 4145 3166 4211 legis
3191 4143 3340 4194 illum
3368 4150 3417 4193 et
3447 4155 3573 4207 pro-

1941 4287 1948 4296 .
1987 4242 2275 4311 phetarum
2315 4238 2423 4292 Deo
2454 4237 2694 4292 lidelium
2725 4237 2942 4289 animos
2973 4249 3235 4287 revocare
3275 4232 3411 4286 velle
3452 4231 3575 4282 uni-

1985 4347 2110 4385 cum
2140 4329 2231 4382 Dei
2265 4328 2461 4382 Filiqu
2491 4329 2801 4390 crederent,
2843 4342 2968 4379 cum
3009 4325 3149 4378 idem
3189 4325 3278 4378 ille
3317 4322 3459 4376 Deus
3487 4338 3576 4374 es-

1990 4432 2091 4487 set,
2117 4429 2170 4476 et
2201 4423 2478 4490 hominum
2520 4419 2925 4488 improbitatem
2953 4422 3332 4485 cognosceret,
3365 4414 3575 4467 oratio-

1985 4529 2110 4568 nem
2149 4513 2212 4565 ad
2256 4511 2473 4565 Patrem
2508 4511 2872 4571 converterit,
2931 4509 3092 4578 eique
3137 4507 3395 4576 gloriam.
3453 4519 3577 4573 qua:

1986 4605 2188 4658 auferri
2213 4605 2362 4657 nullo
2383 4601 2542 4656 modo
2570 4610 2747 4672 potest
2781 4602 3068 4665 tribuerit;
3093 4607 3220 4653 utet
3246 4595 3576 4650 Manichaaus

1985 4694 2103 4755 ille,
2133 4694 2223 4764 qui
2261 4693 2476 4747 Patrem
2517 4694 2774 4762 abnegat,
2816 4691 3194 4753 erubesceret,
3227 4697 3282 4743 ct.
3313 4687 3575 4757 diSt-ipuli

1985 4786 2232 4841 eamdem
2259 4785 2313 4838 iu
2345 4785 2520 4839 Veteri
2553 4782 2813 4853 Novoque
2843 4781 3199 4836 Testamento
3230 4780 3576 4834 divinitatem

1988 4897 2112 4935 esse
2140 4880 2445 4945 discerent;
2479 4879 2716 4948 denique
2741 4887 2800 4932 ut
2832 4877 3036 4932 Judmis
3069 4879 3331 4946 pudorem
3366 4877 3577 4930 incute-

1991 4982 2096 5036 ret,
2142 4974 2270 5026 dum
2319 4973 2818 5026 animadverterent
2853 4987 2959 5024 non
3010 4971 3239 5024 alterius
3285 4967 3576 5036 cujusdam

1994 5066 2086 5122 Dei
2125 5066 2456 5136 praedicandi
2497 5067 2670 5130 gratia
2714 5067 2932 5120 venisse
2979 5063 3191 5124 Filium,
3237 5063 3328 5116 sed
3378 5068 3437 5112 ut
3469 5067 3578 5112 tam

1995 5175 2175 5222 suam,
2209 5172 2373 5228 quam
2411 5159 2654 5213 cmlcstis
2700 5158 2783 5212 sui
2821 5157 3070 5210 Parentis
3104 5155 3444 5208 divinitatem
3483 5150 3579 5204 de-

1988 5257 2218 5318 tegeret.
2275 5246 2350 5301 Da
2400 5249 2599 5319 igitur,
2650 5249 2856 5318 inquit,
2900 5248 3006 5301 illis
3055 5246 3217 5297 vitam
3273 5241 3473 5294 habere
3523 5240 3579 5293 in

1987 5343 2207 5412 seipsis.
2249 5341 2415 5412 Atqui
2466 5342 2606 5396 hanc
2641 5345 2814 5412 ipsam
2869 5341 3034 5392 vitam
3081 5337 3169 5390 ille
3219 5333 3575 5403 prtcdicabat.

1987 5434 2099 5488 Cur
2133 5434 2304 5503 igitur
2330 5451 2359 5488 a
2400 5432 2563 5490 Patre
2603 5432 2930 5503 postulabat,
2969 5438 3026 5481 ut
3066 5429 3168 5480 hoc
3205 5426 3308 5479 illis
3345 5423 3567 5478 confer-

1991 5533 2095 5585 ret,
2143 5526 2286 5594 quod
2317 5527 2432 5596 ipse
2461 5526 2686 5580 doceret
2723 5540 2786 5578 ac
2822 5520 3124 5574 tribueret?
3147 5518 3306 5583 Nam,
3335 5515 3480 5586 quod
3513 5515 3581 5568 ad

296 5623 458 5675 vitam
491 5621 706 5682 attinet,
742 5617 882 5671 hanc
911 5615 1028 5686 ipse
1057 5624 1240 5684 postea
1266 5613 1585 5667 declaravit.
1621 5613 1746 5667 "tl'C
1771 5625 1870 5676 est,
1906 5617 2002 5679 ait,
2040 5618 2170 5680 vita,
2197 5628 2251 5669 ut
2284 5627 2602 5687 cognoscant
2629 5625 2676 5668 te
2705 5615 2878 5667 solum
2917 5626 3094 5664 rerum
3133 5609 3296 5662 Deum
3327 5608 3370 5660 ⁸.

367 5743 394 5806 ί,
417 5741 576 5798 Joan.
613 5755 688 5802 ιιι,
717 5739 820 5798 25;
853 5753 960 5794 xlv.
993 5736 1048 5789 6.
1122 5735 1141 5764 '
1175 5733 1331 5787 .loau.
1363 5750 1400 5798 ι,
1432 5736 1514 5789 li.

295 5810 380 5868 ει.
458 5812 478 5844 ⁷
510 5810 669 5868 Joan.
703 5827 752 5878 ν,
773 5809 861 5865 26.
938 5809 960 5840 ⁸
990 5807 1147 5862 Joan.
1175 5820 1306 5872 xm,
1339 5805 1390 5859 5.

1609 5735 1628 5767 ³
1660 5733 1817 5790 Joaa.
1850 5753 1958 5802 xiv,
1995 5738 2077 5794 13.

2160 5737 2359 5792 "Jian.
2399 5752 2530 5801 xvu,
2573 5733 2620 5786 tl.
2701 5732 2719 5760 "
2752 5727 2912 5784 Joan.
2951 5742 3051 5789 xu,
3080 5727 3173 5782 28.
3250 5721 3454 5778 ‘Joan.
3488 5737 3580 5788 xx,
