3994 6226
409 318 508 376 251

1819 320 1875 377 S.
1921 319 2268 376 EPlPllANll

3578 319 3700 378 252

482 439 676 495 XXXI.
710 440 807 495 llic
835 438 1002 495 Arius
1044 439 1276 510 ejusque
1309 439 1553 494 fautores
1582 440 1883 504 exsultant,
1910 449 1992 496 at-

2166 441 2290 494 AA'.
2324 433 2457 493 Εἶτα
2484 439 2513 492 6
2550 438 2768 509 ’Λρειος
2816 437 2906 492 καὶ
2941 439 2988 492 oi
3033 438 3130 494 ἀπ’
3163 437 3330 494 αὐτοῦ
3365 440 3694 512 ἁναπηδῶσι

411 547 516 599 que
545 547 612 586 cx
644 531 747 586 hac
779 545 935 597 voce,
970 545 1230 603 magnum
1263 546 1324 587 se
1356 531 1424 586 ad
1453 532 1873 602 oppugnandam
1901 550 1992 615 ve-

412 626 628 677 ritatem
674 623 1049 693 adjumentum
1103 632 1298 680 nactos
1354 633 1566 694 putant.
1611 624 1744 679 Nam
1798 628 1991 694 solum,

413 715 688 784 inquiunt.
721 732 898 770 verum
915 715 1082 770 Deum
1101 717 1410 787 appellavit.
1446 716 1605 789 Ergo,
1627 719 1873 781 utvides,
1904 734 1989 774 so-

412 806 498 862 lus
533 805 696 863 Pater
738 824 902 864 verus
931 808 1075 863 Deus
1106 815 1209 863 est.
1250 808 1410 879 755
1455 807 1558 865 Sed
1601 825 1704 865 nos
1747 807 1993 866 vicissim

412 899 535 954 illos
568 901 974 971 interrogamus
1011 899 1318 966 :Quidnam
1352 901 1518 972 igitur
1555 903 1778 956 dicitis?
1808 902 1991 970 Solus,

411 987 690 1057 inquiunt,
729 986 889 1042 Pater
918 1003 1080 1044 verus
1114 996 1216 1044 est.
1247 988 1389 1055 Quid
1420 1007 1550 1063 ergo
1578 992 1646 1048 de
1673 992 1813 1049 Filio
1845 993 1995 1051 dice-

412 1094 536 1133 mus
563 1078 584 1131 ?
609 1078 724 1132 Non
761 1087 845 1133 est
874 1094 1040 1135 verus
1068 1079 1283 1137 Filius?
1311 1081 1366 1137 Si
1398 1100 1561 1140 verus
1591 1101 1698 1140 non
1724 1093 1832 1152 est,
1871 1088 1993 1143 ina-

412 1168 501 1222 nis
549 1177 633 1224 est
685 1168 817 1224 fides
864 1180 1267 1236 nostra;vana
1314 1180 1399 1229 est
1441 1181 1496 1229 et
1523 1176 1810 1244 apudnos
1850 1176 1992 1232 facta

413 1257 747 1328 praedicatio.
782 1259 893 1316 Vcs
919 1271 1097 1318 autem
1124 1278 1189 1318 eo
1220 1264 1439 1320 tandem
1459 1267 1796 1339 redigemini,
1815 1277 1990 1326 utnon

413 1352 531 1405 sine
564 1352 766 1420 ingenti
803 1353 856 1408 in
908 1351 1075 1408 Deum
1119 1358 1472 1424 coittumelia,
1506 1374 1627 1428 quze
1670 1369 1909 1418 vestrum
1937 1365 1996 1420 in

410 1451 573 1512 caput
611 1444 836 1506 recidat,
868 1444 958 1498 Dei
992 1444 1189 1501 Filium
1232 1451 1696 1506 exsecrandorum
1737 1467 1802 1509 ac
1845 1455 2002 1510 dete-

411 1534 734 1589 standorum
761 1537 1182 1594 simulacrorum
1209 1539 1353 1596 haud
1373 1539 1694 1598 dissimilem
1719 1547 1993 1602 statuatis.

413 1624 486 1678 De
525 1625 726 1694 quibus
774 1626 829 1680 in
874 1642 1066 1682 eorum
1103 1629 1198 1699 qui
1249 1629 1460 1702 decepti
1503 1632 1722 1689 fuerant
1763 1651 1996 1705 persona

413 1716 689 1786 prophetae
719 1731 844 1772 cum
880 1717 1204 1789 loquuntur,
1235 1723 1482 1778 eamdem
1503 1739 1668 1794 quam
1704 1741 1802 1782 vos
1825 1729 1880 1782 in
1904 1727 1996 1784 Dei

2095 532 2184 586 διὰ
2208 532 2305 603 τῆς
2334 529 2555 596 λέξεως,
2574 530 2649 594 ῶς
2675 547 2728 584 τι
2757 531 2902 584 κατὰ
2926 531 3026 601 τῆς
3058 531 3318 603 ἀληθείας
3355 533 3656 604 εὑράμενοι
3675 549 3691 561 ο

2095 627 2177 678 ὅτι
2204 619 2350 690 εἷπε,
2383 624 2598 694 μόνον»
2630 624 2763 694 φησὶ
2783 666 2796 690 ν
2829 624 2935 679 τὸν
2975 625 3268 692 ἀληθίνὸν
3304 626 3472 702 θεόν’
3520 626 3697 697 Ὁρᾷς

2095 718 2294 780 τοίνυν,
2322 717 2404 770 ὅτι
2452 716 2613 788 μόνος
2654 717 2803 770 ἐστὶν
2833 719 2861 771 ὁ
2899 717 3088 789 Πατὴρ
3113 719 3147 772 6‘
3188 717 3464 790 ἀληθινός.
3515 719 3698 788 Ἐρωο

2094 809 2276 880 τῶμεν
2314 809 2368 864 δὲ
2400 809 2544 881 ὑμᾶς
2577 810 2672 864 κοιλ⁸
2699 811 2879 864 αὐτοῖο
2917 811 2982 864 Τί
3006 807 3097 865 οὖν
3119 827 3254 880 φατε
3282 828 3296 877 ;
3328 812 3505 876 Μόνος
3534 812 3697 864 ἐστὶν

2093 903 2123 954 6
2161 901 2351 973 Πατὴρ
2383 901 2412 953 6
2463 901 2740 973 ἀληθινός.
2787 902 2847 956 '0
2879 902 2936 955 δὲ
2965 902 3092 966 Υἱὸς
3122 902 3175 955 τί
3211 902 3320 974 ἄρα
3356 902 3540 969 ἔσταις
3573 905 3697 956 Οὐκ

2095 986 2240 1040 ἐστιν
2273 987 2528 1060 ἀληθινὸς
2551 991 2579 1042 6
2610 989 2774 1056 Υίός;
2807 991 2870 1043 Et
2901 992 3002 1044 οὐκ
3029 991 3178 1046 ἐστιν
3207 991 3458 1062 ἀληθινὸς
3483 995 3512 1047 6
3533 993 3693 1056 Υἱὸς,

2099 1077 2300 1148 ματαία
2337 1081 2370 1150 ἡ
2407 1079 2592 1143 πίστις
2639 1081 2824 1151 ἡμῶν.
2877 1081 3108 1150 μάταιον
3144 1081 3206 1136 τὸ
3250 1084 3308 1136 ἐν
3333 1084 3469 1153 ⁴ἡμῖν
3509 1085 3694 1154 κήρυ-

2094 1185 2211 1240 γμα
2227 1186 2240 1199 ·
2260 1168 2622 1241 εὑρεθήσεσθε
2651 1173 3040 1238 ἀπεικάζοντες
3063 1173 3154 1227 τὸν
3176 1174 3324 1240 Υἱὸν,
3353 1173 3494 1247 [τοῦ]
3521 1176 3706 1246 βλασ-

2096 1263 2406 1335 φημοῦντες
2457 1263 2578 1318 καθ’
2625 1264 2872 1331 ἑαυτῶν,
2927 1267 3040 1330 τοῖς
3076 1265 3385 1336 ἀνωνύμοις
3421 1267 3516 1319 καὶ
3560 1265 3698 1318 aea-

2099 1353 2275 1424 μίτοις
2303 1353 2568 1418 εἰδώλοις,
2611 1349 2691 1420 οἷς
2726 1355 2956 1428 εἴρηκαν
2995 1355 3046 1408 οἱ
3097 1356 3376 1426 προφῆται
3415 1357 3479 1409 ὲκ
3515 1371 3697 1426 προσ-

2099 1445 2246 1501 ώπου
2275 1447 2386 1501 τῶν
2425 1449 2822 1520 ἠπατημένων,
2863 1448 2941 1510 ὠς
2980 1450 3210 1513 ἕκαστος
3249 1447 3358 1502 τῶν
3388 1447 3698 1521 προφητῶν

2097 1539 2195 1611 τῆς
2228 1539 2436 1608 λέξεως
2485 1541 2691 1614 ταύτης
2732 1542 3051 1615 ἐπεμνήσθη
3086 1543 3280 1612 λέγων,
3308 1541 3403 1597 καὶ
3425 1542 3505 1609 τὸ,
3536 1542 3699 1596 Ψευο

2097 1631 2209 1696 δεῖς
2259 1634 2521 1704 ἐποίησαν
2573 1637 2788 1699 ἑαυτοῖς
2822 1635 2980 1700 θεοὺς
3025 1636 3075 1690 οί
3111 1635 3344 1708 πατέρες
3379 1634 3556 1706 ὑμῶν,
3593 1634 3699 1688 καὶ

2097 1723 2316 1793 ψευδεῖς
2368 1725 2618 1794 ἐγένοντο
2649 1728 2699 1780 oi
2753 1726 2956 1798 βουνοί.
3006 1728 3150 1800 ’Ᾱρα
3195 1724 3288 1782 οὖν
3327 1727 3421 1780 καὶ
3451 1729 3480 1780 6
3510 1727 3698 1780 Move-

410 1804 549 1861 Filio
577 1823 762 1863 vocem
789 1809 1186 1879 adhibuerunt;
1217 1814 1363 1868 velut
1394 1815 1448 1869 in
1476 1815 1579 1871 hoc
1607 1817 1728 1872 loco
1765 1834 1780 1870 :
1809 1817 1993 1876 Falsos

2101 1813 2264 1886 γενὴς
2292 1817 2421 1888 παρ’
2450 1816 2578 1888 ὑμῖν
2611 1816 2783 1882 οὕτως
2821 1817 3088 1888 κρίνεται,
3116 1817 3210 1870 καὶ
3235 1815 3408 1880 οὕτως
3442 1815 3698 1887 αἰσχρῶς

410 1899 515 1953 sibi
552 1899 797 1955 fecerunt
823 1901 955 1958 deos
983 1910 1166 1973 patres
1205 1908 1393 1972 vestri,
1431 1909 1721 1967 mendaces
1768 1911 1993 1968 fuerunt

407 1991 624 2046 colles’.
650 1993 930 2064 Ejusmodi
961 1997 1190 2068 proinde
1223 1998 1316 2056 Dei
1346 1997 1521 2057 Filius
1546 2017 1575 2055 a
1600 2003 1758 2059 vobis
1789 2005 1998 2059 consti-

409 2081 603 2146 tuitur,
639 2099 704 2137 ac
746 2092 854 2139 tam
888 2085 955 2142 de
996 2104 1062 2144 eo
1099 2090 1351 2160 turpiter,
1382 2091 1475 2162 qui
1518 2089 1619 2147 vos
1660 2094 1912 2160 redemit,
1945 2096 1992 2150 si

411 2180 592 2228 tamen
626 2176 939 2244 redemerit,
969 2181 1243 2253 cogitatis.
1281 2181 1554 2249 Quocirca
1588 2185 1725 2240 nihil
1769 2187 1835 2242 ad
1876 2187 1997 2257 ejus

409 2265 622 2318 caulam
649 2269 960 2340 pertinctis,
997 2286 1122 2346 c_um
1152 2288 1250 2328 vos
1283 2273 1621 2332 Salvatorem
1657 2289 1922 2342 vestrum,
1965 2293 1996 2334 a

408 2369 519 2423 quo
555 2358 724 2427 empti
765 2361 922 2426 estis,
961 2363 1268 2434 abnegetis.
1308 2365 1515 2420 Etenim
1550 2366 1598 2422 si
1647 2382 1810 2424 verus
1852 2367 1996 2426 Deus

407 2462 517 2502 non
555 2459 660 2514 est,
689 2464 865 2523 neque
899 2456 1216 2514 adorandus
1248 2468 1352 2517 est.
1389 2458 1448 2515 Si
1492 2469 1714 2530 creatus
1734 2471 1840 2527 est,
1882 2480 1995 2520 non

407 2547 492 2594 est
524 2539 685 2596 Deus.
721 2542 878 2610 Quod
912 2547 960 2602 si
991 2548 1217 2605 minime
1251 2551 1566 2609 adorandus
1595 2561 1700 2621 εει,
1719 2555 1995 2624 quomodo

407 2630 554 2688 Deus
575 2649 699 2690 esse
721 2637 1086 2706 praedicatur?
1125 2640 1368 2698 Desinite
1401 2643 1586 2714 itaque
1616 2659 1714 2700 vos
1748 2646 1990 2712 tandem,

408 2725 503 2793 qui
525 2741 722 2782 novam
751 2728 841 2782 hic
864 2729 1198 2802 Babylonem
1226 2733 1572 2800 instauratis,
1606 2751 1670 2790 ac
1693 2735 1991 2793 Nabucho-

407 2817 698 2875 donosoris
723 2820 952 2893 efﬁgiem
984 2833 1146 2896 atque
1172 2828 1468 2898 imaginem
1500 2829 1736 2900 erigitis,
1766 2829 1862 2900 qui
1900 2845 1994 2886 ce-

409 2908 751 2968 leberrimam
802 2914 944 2970 hanc
985 2916 1171 2972 tubam
1214 2919 1478 2990 cogendis
1524 2919 1791 2976 militibus
1832 2920 1993 2976 inﬂa-

406 3001 500 3064 tis,
537 3003 629 3072 qui
666 3005 914 3062 subdolis
952 3008 1153 3065 vestris
1175 3010 1427 3076 vocibus,
1467 3018 1726 3083 tanquam
1763 3013 1992 3071 musicis

407 3092 812 3160 instrumentis,
864 3100 1131 3170 cymbalis
1169 3108 1223 3156 et
1251 3102 1527 3174 psalteriis
1555 3104 1787 3174 populos
1821 3103 1876 3159 in
1916 3105 1992 3160 la-

404 3199 564 3251 psum
613 3200 965 3258 erroremque
995 3192 1372 3262 praecipitatis,
1424 3209 1564 3265 quos
1607 3195 1831 3265 imagini
1877 3212 1994 3252 ser-

406 3271 517 3326 \ire
550 3274 728 3341 potius
751 3293 915 3346 quam
948 3278 1056 3336 Deo
1076 3296 1140 3337 ac
1161 3281 1376 3338 veritati
1399 3283 1662 3354 jubetis'.
1684 3283 1821 3351 Quis
1846 3286 1994 3343 enim

408 3365 639 3434 perinde
689 3384 849 3424 verus
890 3380 972 3428 est
1013 3374 1152 3428 alter
1191 3389 1256 3430 ac
1307 3374 1400 3430 Dei
1444 3375 1655 3432 Filius?
1688 3375 1833 3432 Nam
1875 3379 1992 3448 quis

407 3457 702 3520 u'quabitur
734 3459 956 3516 Domino
1001 3463 1055 3517 in
1087 3464 1217 3534 [iliis
1244 3464 1338 3520 Dei
1362 3467 1481 3537 '(ut
1502 3465 1784 3538 Scriptura
1820 3468 1996 3539 loqui-

403 3551 540 3617 tur);
581 3558 636 3605 ει
669 3570 682 3606 :
721 3552 871 3607 Alter
924 3571 1045 3608 cum
1083 3558 1198 3626 ipso
1247 3558 1459 3612 minime
1511 3559 1908 3628 comparabitur
1948 3560 1991 3616 ⁸.

289 3682 292 3684 η
406 3641 549 3708 Quid
575 3645 780 3712 porro?
812 3644 880 3701 Ut
909 3646 976 3702 de
995 3645 1133 3705 Filio
1161 3665 1469 3706 sermonem
1505 3667 1628 3708 esse
1663 3667 1991 3723 cognoscas,

405 3733 667 3805 deinceps
702 3736 807 3792 ista
843 3739 1079 3808 subjecit
1120 3759 1134 3795 :
1167 3739 1377 3796 Invenit
1415 3759 1622 3798 omnem
1653 3745 1790 3798 viam
1822 3747 1996 3800 scien-

403 3827 515 3893 tiae,
555 3837 605 3880 et
647 3828 788 3884 dedit
822 3830 973 3885 illam
1001 3832 1047 3887 ⁸.
1089 3832 1226 3888 Tum
1273 3842 1460 3904 postea
1508 3855 1520 3890 :
1554 3835 1620 3891 In
1663 3847 1807 3891 terra
1853 3839 1994 3896 visus

400 3929 504 3984 est,
534 3929 582 3974 et
610 3937 727 3975 cum
767 3922 1064 3980 hominibus
1103 3936 1440 3982 conversatus
1474 3937 1554 3982 est
1587 3930 1630 3985 ⁸.
1656 3928 1848 3985 Nonne
1879 3929 1995 3985 haec

402 4028 531 4069 vere
551 4014 619 4070 de
649 4015 744 4070 illo
773 4015 920 4072 dicta
966 4019 1134 4074 sunt?
1164 4021 1256 4091 qui
1287 4027 1344 4076 et
1380 4019 1449 4077 de
1479 4035 1540 4077 se
1588 4029 1822 4078 testatus
1855 4029 1942 4079 est
1975 4039 1990 4076 :

2102 1908 2233 1977 περὶ
2253 1906 2346 1960 τοῦ
2391 1907 2822 1979 ἐξαγοράσαντος
2859 1909 3026 1979 ὑμᾶς,
3061 1907 3179 1977 εἴγε
3209 1906 3529 1978 ἑξηγόρασε,
3566 1906 3695 1960 δια-

2100 1998 2327 2054 νοεῖσθε.
2362 1999 2561 2054 Οὐκέτι
2587 2000 2644 2054 δὲ
2672 2001 2772 2072 τῆς
2801 1999 2967 2054 αὐτοῦ
3000 1997 3281 2064 έπαύλεὼς
3317 2001 3462 2064 ἐστε,
3490 1997 3699 2067 ἀρνού-

2103 2109 2254 2163 μενοι
2285 2091 2378 2145 τὸν
2411 2092 2566 2163 ὑμῶν
2606 2093 2856 2164 Σωτῆρα,
2888 2093 2980 2145 καὶ
3007 2092 3098 2146 τὸν
3131 2091 3480 2162 ἀγοράσαντα
3515 2091 3692 2160 ὑμᾶς.

2099 2183 2163 2236 El.
2212 2183 2322 2252 γὰρ
2367 2184 2467 2238 οὐκ
2499 2183 2649 2239 ἔστιν
2702 2183 2956 2251 ἀληθινὸς
2987 2185 3016 2238 6
3053 2183 3224 2248 Θεὸς,
3272 2183 3396 2237 οὔτε
3442 2200 3695 2254 προσκοσ-

2098 2274 2257 2345 νητός
2289 2277 2424 2330 ἐστι.
2467 2276 2578 2329 Καὶ
2623 2277 2672 2328 εί
2725 2275 2842 2330 ἔστι
2888 2277 3138 2340 κτιστὸς,
3189 2276 3250 2330 οὐ
3283 2276 3435 2340 Θεος.
3473 2277 3586 2331 Καὶ
3635 2277 3694 2330 εί

2095 2367 2196 2420 οὐκ
2237 2367 2353 2420 ἐστι
2385 2367 2781 2439 προσκυνητὸς,
2816 2367 2934 2431 πῶς
2975 2368 3084 2439 ἄρα
3125 2367 3492 2436 θεολογεῐται,
3531 2367 3693 2420 Παύ-

2098 2459 2286 2525 σασθε,
2322 2459 2372 2513 οἱ
2407 2459 2568 2513 πάλιν
2620 2459 2719 2530 τὴν
2753 2457 2916 2529 φύσιν
2954 2459 3313 2531 ἐργαζόμενοι
3354 2457 3454 2530 τὴν
3505 2459 3693 2512 Βαϐυ-

2095 2552 2290 2607 λωνίαν
2316 2554 2360 2616 θ,
2407 2554 2455 2606 οἱ
2502 2553 2601 2623 τὴν
2651 2554 2840 2606 εἰκόνα
2884 2554 2978 2605 καὶ
3023 2552 3116 2606 τὸν
3152 2555 3320 2605 τύπον
3368 2551 3694 2622 ἐγείραντες

2094 2642 2192 2698 τοῦ
2241 2643 2733 2715 Ναϐουχοδονόσορ,
2773 2643 2822 2696 οἱ
2872 2643 2972 2712 τὴν
3002 2641 3436 2712 -πολυθρύλλητον
3477 2642 3693 2714 ταύτην

2097 2734 2372 2804 σάλπιγγα
2392 2735 2587 2789 ἕνωσιν
2617 2736 2661 2768 ¹⁰
2687 2735 2796 2789 τῶν
2818 2735 3196 2806 πολεμούντων
3225 2733 3602 2799 σαλπίζοντες,
3635 2735 3694 2790 οἱ

2095 2827 2155 2880 ὲν
2191 2829 2475 2898 μουσικοῖς
2502 2828 2598 2881 καὶ
2629 2827 2688 2880 ὲν
2720 2825 3041 2896 κυμϐάλοις,
3076 2826 3169 2880 καί
3206 2827 3263 2880 ὲν
3287 2825 3574 2899 ψαλτηρὶῳ
3596 2825 3694 2882 διὰ

2093 2918 2203 2973 τῶν
2255 2918 2691 2989 πεπλανημένων
2719 2917 2873 2989 ὑμῶν
2905 2918 3168 2990 ῥημάτων
3202 2921 3282 2984 εἰς
3322 2919 3532 2973 πτῶσιν
3557 2919 3692 2983 τοὺς

2095 3010 2263 3075 λαοὺς
2291 3009 2569 3082 φέροντες,
2606 3011 2776 3065 εἰκόνι
2800 3011 3004 3084 μᾶλλον
3025 3009 3308 3066 δουλεῦσαι
3329 3010 3695 3082 παρασκευά-

2096 3101 2282 3167 ζοντες
2326 3102 2471 3174 ἢπερ
2521 3101 2641 3173 Θεῷ
2687 3103 2784 3156 καὶ
2827 3102 3078 3176 ἀληθείᾳ.
3131 3103 3242 3158 Καὶ
3291 3102 3376 3168 τίς
3429 3101 3692 3174 ἀληθινὸς

2097 3198 2306 3271 ἕτερος,
2329 3197 2406 3262 ὡς
2431 3199 2460 3252 6
2485 3198 2612 3262 Υιδς
2643 3197 2738 3251 τοῦ
2777 3198 2912 3252 Θεοῦ
2938 3218 2953 3268 ;
2995 3199 3089 3267 Τίς
3113 3199 3223 3270 γὰρ
3251 3197 3694 3268 ἐξισωθήσεται

2095 3290 2178 3357 τῷ
2226 3292 2424 3360 Κυρίῳ
2469 3292 2540 3346 ἐν
2589 3291 2741 3358 υἱοῖς
2772 3292 2954 3357 Θειοῦς
3002 3293 3166 3362 φησὶν
3203 3295 3237 3364 ή
3285 3293 3516 3363 Γραφή·
3554 3291 3691 3358 καὶ,

2098 3385 2346 3453 Ἕτερος
2400 3385 2552 3454 πρὸς
2607 3385 2796 3440 αὐτὸν
2825 3387 2900 3440 οὺ
2951 3385 3402 3457 λογισθήσεται.
3461 3385 3576 3439 Καὶ
3633 3384 3691 3438 τί

2097 3491 2304 3545 φησιν;
2334 3475 2453 3529 "lva
2492 3475 2629 3547 ἴδῃς,
2659 3475 2744 3530 ὅτι
2777 3475 2907 3548 περὶ
2932 3475 3028 3530 τοῦ
3071 3475 3203 3530 Υἱοῦ
3243 3475 3416 3544 λέγει,
3446 3474 3693 3546 καθεξῆς

2093 3565 2451 3639 διηγούμενός
2484 3585 2649 3639 φησιν
2669 3585 2683 3600 ο
2724 3567 2966 3637 Ἔξεῦρε
3009 3567 3219 3623 πᾶσαν
3253 3567 3400 3623 ὁδὸν
3435 3568 3692 3636 ἐπιστή-

2091 3677 2244 3730 μης,
2293 3659 2393 3714 καὶ
2437 3659 2667 3714 ἔδωκεν
2709 3658 2936 3727 αὑτήνο
2983 3660 3079 3714 καὶ
3124 3659 3263 3730 μετὰ
3305 3657 3510 3712 ταῦτα·
3560 3659 3693 3714 Ἐπὶ

2095 3751 2210 3822 γῆς
2258 3751 2449 3822 ὤφθη,
2488 3751 2590 3806 καί
2643 3750 2768 3819 τοῖς
2812 3751 3147 3821 ἀνθρώποις
3187 3750 3687 3821 συνανεστράφη.

2097 3843 2221 3907 Πῶς
2245 3839 2340 3898 οὗν
2368 3843 2470 3897 οὐκ
2509 3841 2782 3914 ἀληθινῶς
2812 3842 2951 3916 πρὸς
2971 3842 3134 3898 αὑτὸν
3163 3841 3338 3898 ταῦτα
3381 3842 3633 3915 εἶρηταις
3659 3843 3691 3899 ὁ

2096 3938 2192 3991 καὶ
2221 3937 2421 4006 λέγων·
2465 3935 2612 4007 Ἐγώ
2636 3938 2753 4008 ειμι
2784 3937 2823 4007 ἠ
2851 3936 3126 4008 eadem.

402 4105 515 4177 Ego
543 4123 662 4162 sum
697 4109 894 4164 veritas
925 4110 971 4167 ".
3049 4165 3052 4168 .
3411 4157 3418 4168 .

475 4197 690 4254 ΧΧΧΙΙ.
716 4201 786 4256 At
807 4203 954 4258 enim
979 4202 1130 4260 dices
1167 4222 1182 4260 :
1209 4203 1323 4260 Cur
1346 4204 1440 4263 Dei
1470 4205 1642 4264 Filius
1666 4223 1830 4267 verus
1848 4211 1993 4270 Deus

2167 4205 2290 4260 AB'.
2335 4204 2474 4258 Ἀλλ’
2507 4206 2650 4277 ἐρεῖς
2680 4216 2802 4274 μοι·
2838 4203 2964 4268 Πῶς
2989 4196 3140 4256 εἶπεν
3164 4199 3274 4274 (94)
3305 4201 3335 4255 6
3369 4198 3688 4272 Μονογενὴς

402 4289 476 4344 ita
509 4291 777 4364 loquitur:
809 4293 875 4348 Ut
901 4306 1223 4366 cognoscant
1253 4308 1300 4352 te
1318 4300 1494 4353 solum
1533 4315 1710 4354 verum
1732 4300 1903 4356 Deum
1927 4303 1988 4358 ’ἲ

2096 4296 2352 4368 ἀληθινὸς
2408 4296 2575 4360 Θεός·
2625 4296 2764 4351 Ἵνα
2818 4294 3161 4365 γινώσκωσι
3206 4309 3282 4349 σε
3337 4293 3447 4347 τὸν
3473 4293 3690 4363 ,μόνον

402 4379 480 4433 Nc
497 4382 712 4437 scilicet
739 4383 967 4440 deorum
989 4387 1118 4457 tingi
1152 4388 1314 4442 turba
1346 4398 1570 4458 posset;
1596 4405 1665 4445 ne
1695 4392 1878 4448 vitalis
1898 4407 1993 4448 co-

2096 4387 2390 4456 ἀληθιγόν
2433 4389 2618 4453 Θεόν;
2662 4388 2779 4440 Ἵνα
2832 4386 2908 4459 μὴ
2953 4385 3213 4441 πολυθεῖα
3259 4383 3563 4458 νομισθείη,
3597 4383 3686 4438 [va

401 4473 666 4542 gnitionis
695 4476 994 4532 divortium
1019 4479 1191 4534 ullum
1211 4479 1382 4536 fieret.
1408 4481 1545 4537 Nam
1577 4483 1625 4539 si
1656 4482 1817 4540 Pater
1836 4487 1988 4542 solus

2100 4480 2175 4551 μὴ
2204 4479 2469 4550 διαίρεσις
2507 4479 2734 4550 γένηται
2757 4479 2857 4547 τῆς
2893 4477 3134 4548 ζωτικῆς
3161 4475 3436 4546 γνώσεως.
3470 4476 3537 4529 Εἰ
3571 4474 3686 4548 γὰρ

401 4583 565 4622 verus
603 4566 744 4624 Deus
773 4577 878 4634 est,
917 4587 1084 4627 verus
1113 4581 1198 4628 est
1219 4575 1384 4629 etiam
1408 4591 1475 4631 ex
1500 4575 1660 4632 Patre
1696 4576 1890 4643 Filius,
1920 4580 1991 4638 ab

2096 4571 2255 4642 μόνος
2292 4569 2540 4642 ἀληθινὸς
2573 4569 2705 4634 Θεὸς
2741 4571 2770 4622 6
2819 4569 3032 4642 Πατὴρ,
3085 4567 3340 4640 ἀληθινὸς
3379 4569 3407 4621 6
3447 4567 3578 4632 Υἱὸς
3619 4569 3684 4622 ὲκ

399 4657 590 4713 eodem
621 4676 809 4716 revera
844 4663 1083 4733 genitus.
1109 4664 1248 4722 Cum
1266 4667 1410 4720 enim
1442 4665 1592 4722 Patri
1625 4668 1817 4734 defert,
1837 4686 1992 4724 eum-

2096 4663 2307 4733 Πατρὸς
2328 4701 2342 4727 ,
2395 4661 2664 4735 ἀληθινῶς
2722 4662 3141 4734 γεγεννημένος.
3189 4661 3378 4733 Τιμῶν
3432 4660 3544 4733 γὰρ
3589 4661 3684 4715 τὸν

400 4766 508 4820 que
557 4751 733 4805 solum
791 4768 979 4808 verum
1025 4752 1197 4809 Deum
1242 4769 1367 4811 esse
1415 4755 1694 4821 declarat,
1747 4759 1990 4828 seipsum

2096 4755 2335 4827 Πατέρα,
2385 4756 2480 4809 καὶ
2530 4756 2690 4828 μόνον
2725 4756 2889 4809 αὐτὸν
2931 4754 3065 4809 Θεὸν
3110 4753 3362 4826 ἀληθινὸν
3401 4753 3682 4809 ἀποκαλῦ-

400 4857 617 4912 qnoque
669 4858 855 4898 verum
887 4860 917 4897 a
962 4844 1122 4901 Patre
1185 4847 1426 4916 genitum
1471 4862 1594 4902 esse
1641 4849 1988 4903 monstravit.

2096 4865 2264 4914 πτων,
2308 4850 2500 4904 ἑαυτὸν
2535 4848 2736 4913 ἔδειξεν
2769 4851 2835 4903 ἐκ
2877 4848 3091 4921 Πατρὸς
3127 4846 3382 4919 ἀληθινὸν
3419 4863 3680 4919 γεγεννη-

399 4933 672 5000 Quocirca
711 4951 874 4992 verus
909 4935 1068 4992 Pater
1096 4937 1262 5010 756
1299 4937 1443 4994 Deus
1482 4947 1588 5003 est,
1627 4955 1788 4996 verus
1819 4939 1984 5007 Deus,

2098 4940 2278 5010 μένον.
2314 4939 2418 4994 Διὰ
2449 4939 2608 4994 τοῦτο
2638 4940 2891 5011 ἀληθινὸς
2932 4939 3144 5010 Πατὴρ,
3178 4941 3208 4993 6
3244 4937 3500 5009 ἀληθινὸς
3547 4938 3683 5004 Θεὸς

398 5035 452 5080 et
485 5026 801 5096 unigenitus
831 5026 1023 5084 Filius.
1047 5027 1152 5084 Sed
1172 5029 1446 5086 undenam
1468 5031 1816 5103 comprobari
1838 5031 1987 5088 istud

2096 5031 2123 5083 6
2149 5029 2278 5094 Υἱὸς
2303 5033 2332 5084 6
2367 5030 2684 5102 μονογενής.
2715 5031 2827 5084 Καὶ
2852 5028 3014 5083 πόθεν
3035 5025 3196 5082 τοῦτο
3231 5026 3505 5094 δεικτέον;
3542 5026 3682 5079 Ἀλλ’

404 5117 618 5184 potest?
640 5115 696 5172 Si
721 5118 980 5173 nimirum
1014 5134 1180 5175 voces
1212 5120 1360 5190 ipsas
1378 5128 1585 5176 attente
1615 5123 1984 5192 perspexeris.

2096 5124 2197 5196 δρα
2231 5141 2319 5194 μοι
2348 5123 2448 5187 τὰς
2472 5124 2648 5191 λέξεις
2677 5122 2912 5178 ἐνταῦθα
2945 5123 3023 5186 ὡς
3058 5121 3218 5193 μόνον
3256 5119 3511 5192 ἀληθινὸν
3546 5119 3682 5173 Θεὸν

404 5209 682 5278 Siquidem
713 5210 818 5267 hoc
842 5211 964 5268 loco
991 5211 1210 5268 Patrem
1237 5213 1416 5271 solum
1443 5229 1631 5270 verum
1665 5213 1835 5270 Deum
1863 5231 1987 5274 esse

2097 5215 2298 5287 φάσκει
2328 5215 2564 5272 ἐνταῦθα
2591 5216 2685 5271 τὸν
2711 5216 2958 5286 Πατέρα.
2997 5215 3085 5269 Ἐν
3125 5213 3183 5267 δὲ
3210 5211 3289 5285 τῷ
3325 5211 3469 5267 κατὰ
3501 5211 3680 5267 Ἱωάνε

477 5395 487 5468 _‘
517 5392 717 5450 Jerem.
757 5412 840 5468 ιιι,
888 5396 989 5468 23.
1056 5396 1076 5426 ¹
1109 5396 1244 5454 Dan.
1279 5412 1369 5462 ιιι,
1400 5398 1420 5451 l
1463 5413 1584 5468 sqq.
1661 5397 1683 5429 ³
1717 5397 1863 5454 Psal.
1899 5415 1993 5454 ιτα

2096 5416 2180 5464 ιιι,
2217 5401 2270 5453 7.
2346 5400 2369 5431 ‘
2401 5398 2638 5452 Barnch.
2675 5414 2767 5464 ιιι,
2795 5397 2884 5453 56.
2988 5398 3009 5430 ⁸
3044 5396 3177 5453 ibid.
3200 5395 3289 5452 52.
3370 5397 3392 5430 ⁸
3425 5396 3560 5454 ibid.
3586 5399 3676 5454 38.

398 5466 417 5496 "
458 5463 612 5519 Joan.
640 5481 751 5533 xiv,
914 5469 935 5498 ⁸
962 5466 1123 5523 Joan.
1162 5483 1294 5531 xvu,
1326 5469 1378 5523 5.
1457 5469 1476 5498 ⁹
1509 5463 1570 5526 Γ.
1607 5470 1766 5540 φύσει
1800 5479 1853 5526 ει
1885 5471 1993 5526 Bac“

2096 5463 2200 5526 ινα.
2280 5470 2324 5502 ¹⁰
2358 5469 2416 5524 F.
2446 5471 2503 5522 ἐν
2532 5470 2688 5533 ὠσίν,
2713 5463 2798 5526 vel
2824 5470 2905 5532 εἰς
2932 5468 3148 5522 ἕνωσιν.

482 5666 593 5730 (ει)
629 5668 791 5721 Ἀλλ’
828 5668 982 5737 ἐρεῖς
1011 5683 1129 5734 μοι’
1164 5671 1298 5737 Πῶς
1345 5671 1533 5725 εἶπεν.
1567 5670 1700 5725 Vide
1748 5646 1976 5725 concilii

2096 5676 2233 5730 inter
2260 5683 2456 5730 cmtera
2489 5672 2583 5728 Dei
2629 5671 2832 5728 Filium
2873 5687 3063 5726 verum
3100 5670 3268 5724 Deum
3310 5672 3470 5727 fateri
3520 5684 3670 5724 coru-

409 5739 779 5818 ⁸ςξιιιιὶΙειιῖιιιτῑίξιι
803 5742 958 5818 Acta,
993 5743 1082 5818 ubi
1109 5741 1383 5818 Ambrosii
1415 5759 1579 5818 opera
1615 5741 1889 5818 Palladius
1927 5751 1982 5818 et
2093 5747 2236 5818 pulsi
2270 5746 2424 5802 miris
2448 5744 2994 5816 tergiversatiouibus
3031 5743 3281 5798 cludunt.

415 5809 796 5868 Secundianus
842 5812 1032 5868 Ariani
1097 5814 1338 5884 episcopi
1397 5809 1638 5868 damnai
1688 5820 1838 5876 sunt,
1889 5813 1980 5880 qui
