3994 6226
230 363 346 421 253

928 358 1306 418 ADVERSUS
1341 359 1696 416 ΗᾸΞΒΕΞΕΞ·
1726 360 1854 419 LIB.
1898 359 1958 414 Il.
2002 359 2166 417 TOM.
2208 358 2348 414 II.—
2381 358 2657 416 IUERES.
2686 359 2875 416 LXIX.

3417 361 3522 420 251

232 493 337 548 νην
372 473 709 542 Εὐαγγελίῳ,
759 473 844 526 ὅτι
867 515 881 537 ,
917 475 1104 544 φησιν,
1137 469 1249 530 Ἦν
1285 473 1354 528 τὸ
1409 475 1536 544 ςρῶς
1577 474 1640 528 τὸ
1679 475 1829 544 ἁλη-

1940 475 2144 530 tleftnit.
2180 475 2248 528 At
2277 475 2332 529 in
2361 473 2592 530 Joannis
2637 475 2951 546 Evangelio,
2994 473 3151 539 Erat,
3189 474 3386 546 inquit,
3432 477 3527 531 tua;

231 569 429 623 θινόν.
464 566 575 618 Καὶ
605 567 754 618 ποῖον
781 565 899 633 φῶς
926 565 1178 635 ἀληθινὸν
1219 565 1334 619 ἀλλ’
1361 566 1393 636 ἢ
1416 569 1444 619 6
1481 567 1829 637 Μονογενής;

231 658 349 712 Καὶ
376 657 539 710 πάλιν
569 657 624 708 αἱ
662 655 1030 726 Γραφαίφασι
1070 655 1199 726 περὶ
1242 653 1338 708 τοῦ
1367 655 1530 718 Θεοῦ,
1569 657 1653 709 ὅτι
1702 655 1832 722 Φῶς

233 753 267 803 ὁ
306 748 476 814 Θεὸς,
513 748 609 800 καὶ
631 748 733 800 οὐκ
765 741 909 814 εἶπε,
931 746 1051 812 Φῶς
1085 746 1336 818 ἀληθινὸν
1361 749 1389 800 6
1419 747 1586 812 Θεός·
1619 748 1748 820 περὶ
1774 748 1832 802 δὲ

232 840 330 894 τοῦ
385 838 710 910 μονογενοῦς
749 838 882 892 Υίοῦ
914 821 1007 892 τοῦ
1041 838 1200 903 Θεοῦ,
1243 840 1324 893 ὅτι
1361 839 1477 909 φῶς
1521 840 1775 911 ἀληθινὸν
1804 842 1834 893 6

233 929 746 1004 Μονογενής·’περὶ
795 931 852 984 δὲ
896 932 990 986 τοῦ
1030 932 1276 1004 Πατρός·
1325 932 1466 998 Θεὸς
1505 933 1828 1000 ἀληθινός·

233 1024 334 1076 καί
368 1025 469 1076 οὐκ
518 1018 692 1086 εἶπεν,
725 1023 807 1076 ὅτι
855 1022 976 1086 Φῶς
1021 1023 1271 1092 ἀληθινὸν
1318 1025 1347 1076 6
1396 1023 1549 1087 Θεός.
1602 1023 1736 1094 Περὶ
1775 1025 1834 1078 66

232 1114 334 1168 τοῦ
377 1115 530 1178 Υἱοῦ,
566 1115 648 1168 ὅτι
681 1113 846 1181 Θεὸς,
879 1115 975 1168 καὶ
1029 1116 1123 1167 ἐπὶ
1160 1115 1276 1180 τοῦ,
1314 1117 1456 1181 Θεὸς
1500 1117 1534 1168 ό
1583 1115 1734 1180 Υἱὸς,
1769 1116 1832 1168 οὐ

235 1207 540 1279 προσέθετο
585 1207 646 1260 τὸ
679 1205 952 1278 ἀληθινόν.
999 1208 1110 1261 Καὶ
1159 1207 1296 1260 ὅπου
1333 1206 1446 1277 φῶς
1486 1209 1515 1261 6
1560 1206 1729 1273 Θεὸς,
1769 1210 1832 1262 οὗ

237 1299 540 1371 προσέθετο
573 1297 700 1369 φῶς
731 1299 1044 1367 ἀληθινόν.
1075 1299 1141 1352 Τί
1180 1295 1272 1354 οῦν
1310 1299 1542 1371 λέγομεν
1571 1300 1698 1371 περὶ
1735 1299 1832 1353 τοῦ

237 1391 488 1462 Πατρός;
529 1392 651 1445 Ὅτι
693 1391 792 1462 μὲν
841 1391 952 1462 γὰρ
1009 1390 1126 1461 φῶς
1169 1389 1425 1462 ἀληθινὸν
1459 1393 1488 1444 ὁ
1519 1389 1686 1454 Θεός·
1738 1389 1834 1442 καὶ

237 1485 342 1538 οὐκ
374 1484 483 1555 ἄρα
515 1483 732 1546 ἐλλιπὲς
759 1485 1056 1554 ποιήσομεν
1086 1483 1148 1538 16
1167 1483 1341 1538 Θεῖον.
1366 1483 1476 1536 Καὶ
1513 1483 1701 1555 ἐπειδὴ
1730 1483 1833 1536 οὐκ

237 1575 357 1629 ἔστι
407 1575 796 1648 γεγραμμένον
847 1575 907 1628 τὸ
954 1575 1068 1645 φῶς
1124 1575 1186 1629 τὸ
1232 1574 1515 1646 ἀληθινὸν,
1561 1575 1829 1644 εἴπομενί

238 1667 671 1740 ἁμαρτάνοντες,
699 1667 779 1720 ὅτι
801 1669 902 1720 οὐκ
925 1666 1040 1720 ἔστι
1070 1667 1184 1736 φῶς
1205 1667 1480 1739 ἀληθινόν.
1503 1667 1616 1720 Kal.
1642 1667 1830 1738 ἐπειδὴ

236 1761 266 1813 6
302 1760 431 1822 Υίὸς
461 1759 793 1828 γέγραπται,
835 1759 918 1812 ὃτι
965 1759 1096 1822 Θεός
1139 1762 1257 1812 ἐστι
1283 1773 1298 1787 ·
1353 1760 1464 1814 Καὶ
1515 1756 1583 1830 ἦν
1625 1761 1653 1811 6
1699 1758 1832 1822 Θεὸς

1945 586 2066 624 vera
2091 571 2112 600 '
2133 616 2148 637 ,
2180 583 2428 639 quamam
2456 583 2584 624 vera
2611 570 2702 623 illa
2733 570 2827 624 lux
2855 575 2961 633 est,
3012 575 3375 638 praeterquam
3407 571 3528 624 uni-

1941 661 2159 731 genitus
2191 658 2398 715 Filius?
2422 660 2647 714 Accedit
2671 660 2816 730 quod
2851 675 3024 716 sacrae
3052 660 3273 717 Litterae
3303 661 3450 716 hune
3472 663 3527 717 in

1941 752 2165 806 modum
2196 751 2263 807 de
2299 752 2408 806 Deo
2443 753 2744 822 loquuntur
2777 770 2789 806 :
2818 752 2936 806 Lua:
2963 763 3039 807 est
3080 753 3222 809 Deus
3261 754 3316 821 ³;
3349 770 3528 824 neque

1939 857 2126 897 veram
2166 844 2469 913 adjiciunt;
2499 843 2592 899 Dei
2629 858 2758 898 vero
2799 843 3000 898 Filium
3038 861 3223 899 veram
3273 861 3396 901 esse
3444 847 3527 900 lu-

1940 950 2059 990 cem
2115 945 2391 991 asserunt.
2429 935 2498 990 At
2533 935 2600 990 de
2640 934 2802 992 Patre
2834 952 2985 990 verus
3026 935 3200 1000 Deus;
3245 953 3350 992 non
3395 938 3525 992 item

1941 1029 2036 1082 tua:
2061 1046 2181 1082 vera
2217 1028 2354 1084 Deus
2385 1029 2758 1085 estdixerunt.
2790 1028 2926 1084 Cum
2959 1039 3138 1085 autem
3183 1030 3248 1086 de
3276 1029 3412 1086 Filio
3442 1032 3523 1085 lo-

1941 1133 2208 1191 quuntur,
2243 1123 2322 1178 sic
2347 1137 2471 1178 esse
2495 1121 2664 1177 Deum
2694 1123 2987 1186 afﬁrmant,
3019 1123 3160 1178 utad
3197 1124 3317 1180 illas
3342 1140 3523 1189 voces,

1946 1214 2082 1268 Deus
2107 1223 2183 1268 est
2215 1211 2415 1279 Filius,
2444 1215 2560 1269 veri
2589 1215 2919 1270 vocabulum
2944 1231 3052 1270 non
3074 1216 3397 1286 adjecerint.
3423 1216 3527 1271 Ubi

1941 1321 2070 1361 vero
2100 1307 2192 1360 lux
2223 1305 2367 1361 Deus
2398 1307 2734 1371 nominatur,
2760 1305 2855 1359 lux
2881 1323 3002 1360 vera
3031 1322 3141 1361 non
3166 1307 3388 1363 dicitur.
3425 1305 3528 1362 Ec-

1939 1396 2072 1465 quid
2118 1396 2283 1467 igitur
2317 1396 2385 1452 de
2421 1395 2583 1452 Patre
2621 1397 2964 1453 sentiemus?
3015 1397 3112 1454 Est
3142 1401 3288 1453 enim
3337 1400 3529 1470 utique

1940 1505 2070 1545 vera
2109 1490 2201 1543 lux
2236 1488 2418 1555 Deus;
2453 1504 2631 1560 neque
2673 1504 2932 1543 mancum
2958 1529 2972 1552 ,
3008 1500 3102 1545 aut
3135 1491 3408 1547 defectum
3445 1493 3528 1546 di-

1938 1581 2126 1634 vinum
2149 1595 2272 1636 esse
2307 1595 2510 1634 numen
2540 1581 3000 1635 existimabimus.
3039 1582 3102 1637 Et
3133 1585 3384 1653 quamvis
3425 1585 3528 1637 mi-

1940 1672 2089 1727 nime
2121 1675 2387 1742 scriptum
2419 1674 2511 1738 sit,
2546 1689 2728 1727 veram
2756 1674 2908 1727 illum
2937 1689 3057 1728 esse
3085 1675 3282 1739 lucem,
3308 1692 3416 1729 non
3444 1684 3526 1729 ta-

1941 1779 2066 1817 men
2115 1765 2542 1828 committemus,
2589 1780 2776 1820 veram
2829 1773 2887 1818 ut
2937 1781 3062 1821 esse
3107 1767 3279 1821 lucem
3321 1767 3528 1822 inficie-

239 1851 379 1922 πρὸς
421 1852 515 1904 τὸν
564 1851 694 1904 ὄντα
731 1851 983 1921 Πατέρα·
1028 1850 1124 1904 καὶ
1161 1849 1270 1920 γάρ
1302 1845 1367 1922 ἦν
1400 1850 1531 1913 Θεὸς
1571 1853 1598 1903 ὁ
1633 1851 1826 1918 Λόγος.

1940 1871 2094 1923 mur;
2129 1857 2436 1926 praesertim
2467 1873 2593 1912 cum
2633 1858 2700 1912 de
2726 1856 2863 1912 Filio
2898 1859 3167 1931 scriptum
3194 1861 3284 1923 sit,
3323 1859 3522 1914 Filium

237 1946 351 1999 Καὶ
383 1945 483 1998 οὐκ
514 1940 687 2006 εἶπεν,
723 1942 803 1995 ὃτι
838 1943 970 2006 Θεὸς
1005 1941 1222 2011 ἐγένετο
1249 1943 1277 1994 6
1307 1942 1498 2010 Λόγος,
1527 1941 1662 1995 ἀλλά
1698 1941 1831 2004 Θεὸς

235 2034 329 2110 ἦν.
367 2040 462 2092 Ἐκ
491 2039 549 2091 66
577 2037 684 2091 τῶν
709 2037 804 2090 δύο
836 2038 904 2091 τὰ
943 2037 1205 2106 ἰσόρῥοπα
1238 2035 1604 2106 δειχθήσεται,
1631 2038 1695 2089 ἐκ
1734 2035 1829 2088 τοῦ

239 2131 345 2200 μὲν
386 2130 521 2194 Θεὸς
567 2128 820 2200 ἀληθινὸς
857 2130 886 2182 6
939 2128 1130 2199 Πατὴρ
1154 2169 1169 2190 ,
1221 2129 1317 2181 καὶ
1366 2128 1480 2198 φῶς
1521 2127 1772 2198 ἀληθινὸν
1802 2128 1832 2180 6

238 2223 388 2285 Υἱὸς,
423 2222 492 2275 τὰ
545 2221 772 2290 ίσόζυγα
813 2223 1062 2290 φανεῖται
1093 2220 1193 2289 τῆς
1244 2219 1434 2285 ἀξίας·
1493 2219 1588 2272 καὶ
1638 2221 1703 2272 ὲκ
1735 2220 1830 2273 τοῦ

235 2315 372 2368 Θεοῦ
407 2317 437 2368 6
458 2316 606 2381 Υἱὸς,
639 2315 734 2368 καὶ
768 2313 882 2383 φῶς
905 2314 933 2365 6
966 2312 1118 2377 Θεὸς,
1156 2312 1224 2365 τὰ
1257 2313 1518 2384 ἰσόρροποι
1551 2315 1648 2383 τῆς
1677 2312 1827 2378 δοξο-

235 2407 425 2476 λογίας
463 2407 854 2478 εὑρεθήσεται·
891 2406 984 2459 καὶ
1016 2405 1168 2458 οὐδὲν
1198 2404 1410 2463 διοίσει,
1455 2404 1575 2457 οὐδὲ
1618 2403 1828 2457 ἀντιλέ-

235 2499 347 2566 ξειέ
379 2517 465 2563 τις
495 2502 561 2570 τῇ
605 2498 833 2570 ἀληθείᾳ
856 2537 870 2561 ,
906 2497 1045 2550 ἀλλὰ
1089 2497 1341 2568 ἀληθινὸς
1385 2496 1517 2560 Θεὸς
1542 2498 1570 2550 6
1616 2495 1826 2568 Πατὴρ,

235 2591 333 2642 καὶ
364 2589 624 2660 ἀληθινὸς
653 2588 778 2651 Υἱὸς
799 2590 826 2640 6
862 2589 1176 2658 μονογενής.

1931 1962 2055 2002 esse
2090 1949 2256 2003 Deum
2286 1967 2298 2002 :
2323 1941 2686 2004 EteratDeus
2709 1951 2848 2020 apud
2874 1951 3233 2005 exsislentem
3266 1951 3522 2018 Patrem;

1932 2048 2050 2095 erat
2087 2039 2234 2094 cnim
2283 2039 2428 2095 Deus
2457 2038 2721 2096 Verbum.
2759 2041 2874 2094 Non
2923 2042 3083 2102 dixit,
3131 2041 3276 2096 Deus
3320 2043 3536 2096 factum.

1932 2138 2014 2184 est
2062 2129 2339 2195 Verbum,
2394 2131 2489 2186 sed
2532 2131 2671 2185 Deus
2725 2141 2860 2185 erat.
2905 2131 3273 2198 Quamobrem
3319 2149 3383 2187 ex
3433 2135 3518 2188 his

1934 2222 2151 2279 duobus
2180 2225 2370 2278 eadem
2397 2233 2560 2294 atque
2583 2225 2812 2294 a‘qualia
2837 2226 3185 2295 colligentur.
3222 2224 3296 2278 Ex
3328 2241 3413 2288 eo,
3441 2225 3529 2277 in-

1934 2332 2122 2386 quam,
2163 2315 2307 2382 quod
2358 2330 2520 2370 verus
2575 2313 2720 2370 Deus
2769 2316 3073 2385 appellatur
3112 2302 3294 2383 Pater,
3345 2330 3396 2371 et
3433 2318 3526 2370 lux

1933 2421 2060 2460 vera
2106 2403 2307 2470 Filius,
2369 2405 2599 2475 aequalis
2649 2406 2941 2475 utriusque
2987 2407 3226 2476 dignitas
3276 2416 3522 2478 apparet.

1937 2497 2178 2566 Itemque
2206 2511 2270 2550 ex
2313 2511 2378 2550 eo
2404 2495 2550 2566 quod
2573 2504 2626 2550 et
2653 2495 2796 2552 Deus
2818 2495 3015 2556 Filius,
3049 2511 3100 2552 et
3126 2499 3216 2551 lux
3237 2515 3362 2553 esse
3384 2500 3528 2556 Deus

1936 2589 2160 2653 dicitur,
2195 2603 2292 2657 par
2319 2587 2621 2658 eademque
2653 2589 2941 2643 amborum
2969 2589 3141 2659 gloria
3171 2592 3474 2660 reperietur
3505 2610 3520 2647 :

235 2679 376 2736 adeo
413 2688 471 2734 ut
494 2679 628 2734 nihil
661 2678 877 2734 intersit
911 2679 1158 2741 onmiuo,
1185 2693 1285 2732 nec
1312 2676 1526 2731 veritati
1556 2677 1820 2749 refragari
1851 2679 2128 2750 quiSpiam
2157 2679 2283 2748 jure
2314 2680 2490 2749 possit
2516 2697 2530 2733 :
2560 2677 2797 2750 denique
2821 2686 2875 2734 et
2899 2695 3083 2747 .verus
3133 2678 3276 2734 Deus
3332 2678 3523 2743 Pater,

237 2787 407 2828 verus
440 2772 664 2842 perinde
691 2771 868 2825 Filius
899 2771 1212 2840 unigenitus
1239 2777 1540 2824 asseratur.

309 2863 434 2917 AI".
501 2865 622 2916 Ἔτι
673 2863 730 2915 δὲ
781 2863 876 2916 καὶ
931 2863 1062 2934 περὶ
1119 2863 1224 2915 τοῦ
1290 2861 1444 2930 ἁγίου
1518 2862 1837 2933 Πνεύματος

233 2953 620 3024 ἀναγκάζομαι
652 2952 746 3005 τοῦ
776 2953 955 3020 λέγειν
988 2951 1241 3014 ἐνταῦθα,
1269 2951 1357 3006 ἵνα
1385 2951 1459 3022 μὴ
1491 2951 1834 3023 παραλείψας

235 3063 313 3115 τι,
338 3046 416 3100 δῶ
443 3049 554 3109 τοῖς
585 3044 928 3116 βουλομένοις
962 3043 1171 3115 ἐχθροῖς
1199 3044 1296 3107 τὰς
1326 3043 1506 3096 αὑτῶν
1521 3043 1666 3114 ἔχειν
1696 3061 1834 3114 προ-

237 3139 456 3210 φάσεις.
481 3137 639 3192 Οὕτω
663 3137 775 3208 γὰρ
804 3137 900 3189 καὶ
929 3136 989 3189 τὸ
1011 3135 1239 3206 Πνεῦμα
1265 3135 1328 3188 τὸ
1365 3135 1540 3204 ἆγιον,
1568 3136 1645 3198 ὡς
1673 3135 1837 3198 αὐτὸς

2007 2857 2245 2913 XXXIII.
2279 2857 2353 2915 De
2396 2857 2605 2928 Spiritu
2635 2874 2766 2914 vero
2797 2869 2989 2915 sancto
3035 2874 3260 2915 necesse
3296 2869 3381 2915 est
3422 2861 3526 2916 ali-

1936 2949 2068 3018 quid
2108 2950 2211 3004 hoc
2235 2949 2356 3004 loco
2379 2949 2698 3019 disputare;
2735 2964 2821 3010 ne,
2859 2949 2906 3003 si
2935 2949 3066 3018 quid
3097 2950 3522 3018 praetermisero,

1938 3057 2038 3097 sua
2071 3041 2325 3097 hostibus
2348 3041 2557 3096 noswis
2582 3047 2904 3110 argumenta
2931 3056 2995 3094 ac
3028 3041 3280 3110 praesidia
3313 3041 3524 3109 integra

1939 3133 2234 3202 reliquisse
2272 3132 2482 3188 videar.
2531 3131 2734 3186 Eodem
2773 3132 2943 3203 igitur
2992 3133 3156 3186 modo
3196 3131 3262 3186 de
3313 3131 3522 3201 Spiritu

236 3234 265 3286 6
298 3230 505 3302 Κύριος
536 3232 806 3300 μαρτυρεί
829 3229 1027 3298 λέγων,
1059 3228 1122 3280 τὸ
1161 3227 1388 3298 Πνεῦμα
1427 3228 1527 3295 τῆς
1553 3226 1833 3298 ἀληθείας,

1940 3233 2132 3279 sancto
2168 3224 2375 3280 sentire
2405 3240 2506 3279 nos
2539 3233 2786 3294 oportet,
2826 3224 3288 3295 quemadmodum
3340 3224 3522 3276 Dolui-

235 3326 300 3380 16
329 3323 558 3395 Πνεῦμα
611 3321 706 3376 τοῦ
746 3322 991 3394 Πατρός·
1045 3323 1074 3376 6
1122 3320 1179 3374 66
1220 3319 1566 3387 Ἀπόστολος,
1608 3318 1837 3391 Πνεῦμα

240 3416 502 3489 Χριστοῦ.
525 3418 666 3487 Ἀρα
691 3414 824 3484 γοῦν
845 3414 908 3467 16
937 3413 1155 3485 πνεῦμα
1183 3413 1282 3482 τῆς
1308 3411 1586 3482 ἀληθείας,
1617 3411 1839 3483 πνεῦμα

239 3509 523 3579 ἀληθείας,
559 3507 778 3578 πνεῦμα
809 3505 968 3570 Θεοῦ,
1004 3504 1079 3568 ὡς
1119 3504 1256 3567 Θεὸς
1304 3503 1578 3574 ἀληθινὸς,
1610 3504 1687 3565 ὡς
1721 3501 1836 3572 φῶς

238 3601 516 3673 ἀληθινὸν,
545 3600 620 3664 ὼς
651 3599 872 3668 πνεῦμα
903 3597 1137 3668 Πατρὸς,
1170 3596 1245 3659 ὼς
1267 3597 1484 3667 πνεῦμα
1514 3595 1664 3652 Υἱοῦ.
1715 3596 1834 3650 Μία

238 3695 348 3764 γάρ
377 3695 528 3746 ἐστιν
556 3695 589 3762 ἡ
607 3691 796 3764 Τριὰς,
820 3691 966 3762 μίαή
989 3689 1288 3758 δοξολογία,
1315 3689 1414 3760 μία
1435 3691 1469 3760 ἡ
1491 3687 1702 3759 θεότης,
1737 3688 1836 3759 μία

239 3790 273 3858 ἡ
303 3787 587 3857 κυριότης.
616 3783 805 3854 Πατὴρ
834 3782 1043 3853 Πατὴρ,
1075 3781 1202 3845 Υίὸς
1229 3781 1377 3845 Υἱὸς,
1431 3779 1588 3849 ἅγιον
1609 3779 1836 3851 Πνεῦμα

239 3882 395 3951 ἅγιον
429 3879 654 3949 Πνεῦμα
677 3897 689 3909 ·
723 3878 785 3930 οὐ
819 3876 1115 3945 συναλοιφή
1155 3876 1189 3946 ἡ
1215 3874 1406 3946 Τριὰς,
1451 3874 1514 3926 οὐ
1556 3872 1826 3926 διεστῶσα

237 3974 338 4044 τῆς
362 3971 500 4034 ἰδίας
523 3971 692 4039 αὐτῆς
718 3969 964 4038 μονάδος,
980 3968 1079 4020 οὐκ
1102 3965 1324 4036 ἐλλιπὴς
1345 3965 1443 4035 τῆς
1471 3963 1831 4035 τελειότητος,

238 4067 339 4120 οὐκ
366 4063 556 4117 ἀλλοία
575 4064 671 4133 τῆς
705 4060 841 4123 ίδίας
870 4059 1150 4129 ἰδιότητος,
1178 4057 1313 4110 ἀλλὰ
1336 4057 1512 4110 πάντα
1532 4056 1828 4128 τελειότης,

237 4158 372 4229 τρία
414 4155 619 4218 τέλεια,
656 4155 756 4224 μία
801 4152 1010 4222 θεότης.
1042 4151 1152 4204 Καὶ
1205 4151 1495 4204 πέπτωκεν
1525 4151 1560 4220 ἡ
1611 4149 1720 4202 τῶν
1767 4148 1836 4201 δι’

239 4252 497 4310 ἐναντίας
548 4248 813 4316 μάχαιρα.
856 4244 966 4297 Kal.
1004 4243 1112 4315 γὰρ
1164 4243 1308 4296 οὓτω
1356 4242 1697 4312 γέγραπται,
1753 4241 1835 4294 ὅτι

238 4340 431 4406 Βέλος
473 4339 707 4407 νηπίων
757 4333 1156 4406 ἐγενήθησαν.
1195 4333 1306 4385 Καὶ
1348 4330 1459 4403 γὰρ
1509 4330 1578 4384 τὰ
1625 4330 1833 4401 νήπια,

241 4431 343 4486 κάν
374 4447 434 4482 τε
464 4427 598 4499 θέλῃ
633 4425 935 4494 λαμϐάνειν
969 4423 1119 4494 βέλη,
1145 4422 1416 4493 ἀνίσχυρα
1446 4419 1726 4489 τυγχάνει,
1759 4417 1834 4489 μὴ

1939 3331 2045 3370 nus
2079 3316 2196 3386 ipse
2222 3324 2474 3380 testatur,
2506 3331 2630 3369 cum
2667 3314 2932 3385 Spiritum
2960 3316 3207 3370 veritatis
3231 3317 3272 3379 δ,
3301 3331 3364 3369 ac
3400 3315 3528 3386 Spi-

1935 3409 2101 3464 ritum
2146 3407 2328 3464 Patris
2379 3409 2649 3477 appellat;
2704 3396 2998 3476 ApastOlus
3051 3423 3201 3470 vero,
3252 3407 3521 3476 Spiritum

1936 3501 2140 3557 Christi
2171 3503 2213 3556 ⁸.
2246 3501 2344 3554 Est
2373 3501 2540 3572 igitur
2569 3500 2810 3571 Spiritus
2836 3501 3107 3566 veritatis,
3143 3500 3381 3570 Spiritus
3405 3498 3523 3563 Dei,

1937 3595 2017 3647 uti
2049 3609 2214 3649 verus
2249 3591 2417 3657 Deus,
2454 3609 2580 3648 vera
2618 3594 2732 3656 lux,
2758 3591 2998 3661 Spiritus
3028 3591 3229 3654 Patris,
3281 3591 3525 3660 Spiritus

1935 3684 2081 3740 Filii.
2111 3685 2209 3741 Est
2229 3686 2374 3739 enim
2413 3701 2523 3738 una
2555 3682 2799 3738 Trinitas
2820 3725 2834 3750 ,
2865 3698 2971 3736 una
3011 3682 3184 3754 gloria
3208 3721 3222 3746 ,
3264 3681 3527 3736 divinitas

1937 3791 2064 3840 una,
2117 3791 2224 3830 una
2287 3775 2608 3841 dominatio,
2656 3773 2816 3829 Pater
2861 3774 3046 3839 Pater,
3092 3773 3265 3829 Filius
3324 3771 3521 3839 Filius,

1937 3867 2176 3939 Spiritus
2230 3877 2458 3926 sanctus
2511 3867 2749 3937 Spiritus
2780 3881 3034 3934 sanetus;
3067 3868 3218 3921 nulla
3259 3866 3310 3920 in
3342 3864 3525 3919 Trini—

1935 3969 2047 4015 tate
2088 3963 2396 4015 commistio
2443 3962 2520 4014 vel
2560 3959 2840 4026 confusio;
2895 3974 2993 4014 nec
3051 3959 3120 4012 ab
3169 3959 3378 4012 unitate
3422 3971 3522 4012 sua

1935 4054 2203 4120 dissidet;
2233 4069 2332 4108 nec
2378 4054 2443 4107 ad
2478 4052 2869 4123 perfectionem
2913 4051 3067 4106 deest
3096 4051 3169 4104 illi
3211 4049 3523 4120 quidpiam;

1937 4161 2039 4200 nee
2076 4153 2160 4199 est
2190 4160 2217 4197 a
2255 4145 2589 4214 proprietate
2632 4158 2732 4199 sua
2782 4143 3020 4206 diversa,
3055 4142 3214 4212 757
3249 4141 3342 4196 sed
3393 4143 3520 4194 uni-

1937 4251 2094 4291 versa
2129 4237 2393 4306 perfectio
2421 4243 2675 4305 occupat,
2715 4242 2771 4288 ut
2801 4243 2856 4289 et
2885 4235 3127 4304 perfecta
3168 4235 3269 4287 tria
3304 4233 3434 4298 sint,
3469 4241 3524 4288 et

1938 4329 2102 4382 trium
2138 4327 2500 4383 nihilominus
2536 4342 2643 4382 una
2689 4327 2974 4382 divinitas.
3029 4325 3148 4391 Qua
3190 4325 3401 4379 ratione
3428 4326 3528 4379 ad-

1939 4420 2199 4474 versariis
2228 4419 2434 4474 nostris
2481 4419 2696 4490 gladius
2739 4434 2771 4475 e
2822 4419 3076 4474 manibus
3112 4432 3381 4473 excussus
3413 4428 3524 4473 est.

238 4523 516 4593 δυνάμενα
544 4522 603 4574 ὲν
641 4518 828 4590 χερσὶν
855 4514 1036 4579 αὐτῶν
1073 4532 1129 4566 τι
1165 4513 1447 4584 πράττειν.
1492 4510 1618 4564 Ἐὰν
1645 4510 1700 4563 δὲ
1731 4509 1828 4563 καὶ

1940 4510 2118 4580 quue
2145 4509 2445 4578 Scriptume
2472 4511 2625 4565 locus
2651 4509 2743 4565 ille
2776 4511 3012 4580 pertinet
3046 4528 3060 4564 ι
3088 4509 3311 4580 Sugitur
3331 4523 3525 4576 parvu-

241 4611 646 4688 παραταραχθῇ
672 4610 740 4664 τὰ
794 4610 986 4680 νήπια,
1041 4606 1240 4677 μᾶλλον
1273 4605 1444 4659 ἑαυτά
1479 4601 1697 4673 σφάζει,
1739 4602 1833 4655 καὶ

1940 4605 2110 4658 larunt
2151 4604 2309 4673 facta:
2343 4612 2465 4656 sunt
2513 4603 2554 4656 ⁸.
2602 4602 2739 4657 Nam
2788 4604 2893 4658 tela
2931 4603 3060 4658 dum
3110 4603 3176 4657 ab
3221 4601 3524 4656 infantibus

239 4708 414 4776 ἑαυτά
452 4688 653 4767 ἀδικεῖ,
703 4701 778 4774 μὴ
833 4701 1108 4772 δυνάμενα
1158 4699 1340 4762 ἄλλοις
1391 4697 1690 4766 ἐπιχειρεῖν
1736 4693 1833 4747 τοῦ

1940 4705 2244 4750 tractantur
2275 4695 2545 4750 imbecilla
2588 4704 2740 4760 sunt,
2785 4711 2886 4752 nec
2930 4697 2986 4750 in
3024 4711 3215 4751 eorum
3267 4694 3525 4749 manibus

240 4801 435 4871 βέλους
463 4798 525 4851 τὸ
575 4796 950 4866 ἐπιχείρημα·
987 4792 1062 4854 ὡς
1113 4790 1210 4843 καὶ
1260 4781 1406 4842 οὗτοι
1453 4785 1575 4840 καθ’
1626 4782 1833 4838 ἑαυτῶν

1940 4787 2236 4858 quidquam
2267 4787 2480 4843 ellieere
2507 4793 2758 4858 possunt.
2791 4785 2946 4853 Quod
2974 4787 3020 4843 si
3048 4787 3385 4844 consternati
3415 4795 3525 4838 tur-

238 4891 686 4963 ἐπεστράτευσαν
737 4887 836 4957 τὴν
883 4882 1092 4953 πλάνην
1117 4899 1130 4912 ·
1177 4883 1328 4936 οὐδὲν
1373 4880 1430 4933 δὲ
1475 4879 1833 4950 ὲνσκήψουσιν

1941 4878 2164 4947 batique
2193 4877 2419 4944 fuerint,
2453 4879 2664 4948 seipsos
2692 4876 2966 4947 iugulant,
2999 4887 3093 4931 aut
3118 4877 3220 4931 sibi
3257 4876 3518 4930 damnum

237 4988 318 5050 είς
347 4985 479 5048 τοὺς
516 4982 667 5045 υἱοὺς
694 4979 798 5050 τῆς
826 4976 1106 5048 ἀληθείας.

1943 4969 2188 5024 inferunt
2220 4971 2401 5040 potius
2427 4986 2592 5040 quam
2628 4977 2686 5023 ut
2719 4970 2858 5024 alios
2891 4968 3000 5024 illis
3024 4969 3245 5039 aggredi
3275 4976 3330 5024 et
3357 4982 3523 5038 appe-

238 5090 356 5136 tere
381 5084 606 5148 queant.
644 5072 740 5128 Sic
770 5080 824 5126 et
843 5071 932 5126 isti
966 5083 1211 5125 errorem
1240 5082 1401 5124 suum
1431 5071 1625 5121 contra
1657 5063 1984 5133 semetipsos
2009 5070 2376 5130 convertunt;
2415 5078 2593 5133 neque
2620 5062 2920 5133 quidquam
2951 5060 3220 5116 adversus
3269 5059 3522 5115 veritatis

240 5177 386 5234 filios
413 5170 688 5240 inﬂigunt.

309 5268 433 5321 ΛΔ’.
472 5259 892 5334 Παρελεύσομαι
918 5257 975 5312 δὲ
1005 5256 1099 5335 καὶ
1127 5258 1205 5320 είς
1240 5255 1433 5325 ἐτέρας
1461 5252 1635 5318 λέξεις
1673 5251 1836 5306 πάλιν

235 5359 336 5421 τὰς
385 5353 706 5409 ὑπ’-αὑτῶν
741 5349 1158 5421 ὲπινοουμένας.
1199 5349 1308 5401 Καὶ
1347 5345 1565 5416 πρῶτον
1611 5344 1708 5415 μὲν
1747 5337 1840 5396 ἕκ-

236 5447 492 5519 πλήξεώς
519 5449 637 5500 ἐστι
663 5444 726 5499 τὸ
755 5446 944 5516 ἔργον,
979 5442 1054 5504 ὡς
1084 5441 1338 5512 εἰρωνείᾳ
1375 5438 1674 5509 κέχρηνται
1702 5436 1837 5508 πρὸς

236 5543 461 5611 ἀπάτην
493 5539 604 5592 τῶν
628 5537 848 5607 ἀφελῶν
886 5534 980 5589 καὶ
1015 5533 1288 5602 ἀκεραίων
1322 5533 1502 5601 φύσει.
1539 5531 1625 5593 Ὠς
1658 5531 1686 5582 6
1715 5528 1839 5597 ὸιρνς

243 5633 492 5703 ὴπὰτησε
523 5631 622 5702 τὴν
650 5628 792 5682 Εὕαν
824 5627 1093 5698 ἀκεραίαν
1135 5621 1324 5687 οὖσαν,
1364 5621 1440 5693 τῷ
1472 5621 1622 5691 αὐτῷ
1654 5619 1840 5692 τρόπῳ

1405 5797 1422 5827 ³
1459 5793 1656 5850 IJoan.
1690 5811 1723 5865 ι,

312 5812 329 5844 ¹
364 5807 426 5864 F.
459 5808 571 5862 ‘66::
596 5807 843 5878 εἴπομεν.
927 5806 946 5835 ¹
976 5801 1134 5857 Joau.
1175 5816 1208 5858 t,
1238 5799 1291 5854 9.

2006 5244 2248 5301 XXXIV.
2291 5243 2448 5298 Nunc
2475 5244 2542 5298 ad
2579 5244 2716 5299 alios
2750 5243 2966 5297 illorum
3010 5252 3292 5296 sermones
3322 5236 3525 5290 oratio-

1936 5358 2060 5397 nem
2123 5339 2367 5395 confero.
2429 5339 2485 5393 In
2534 5355 2644 5410 quo
2694 5338 2926 5409 primum
2982 5334 3112 5389 illud
3164 5331 3526 5386 admiratione

1937 5436 2154 5504 plenum
2193 5441 2313 5497 est;
2350 5439 2609 5501 quantam
2638 5431 2704 5483 ad
2731 5425 3241 5483 circumveniendos
3275 5422 3437 5476 rudes
3471 5430 3524 5475 rt

1937 5527 2215 5597 simplices
2265 5525 2620 5579 calliditatem
2661 5538 2724 5577 ac
2764 5519 3166 5576 simulationem
3207 5517 3519 5571 adhibeant.

1936 5617 2071 5671 Nam
2103 5625 2161 5670 ut
2207 5632 2432 5686 serpens
2477 5615 2640 5668 Evam
2683 5613 2963 5667 mulierem
3007 5611 3311 5666 siumlicem
3358 5610 3519 5664 dece-

1920 5794 1938 5827 ‘
1970 5793 2129 5850 Joan.
2181 5810 2291 5858 xw,
2335 5792 2419 5846 Π,
2500 5789 2520 5819 ⁵
2549 5787 2707 5842 lion].
2735 5802 2851 5855 vui,
2887 5786 2938 5842 9.
3020 5786 3039 5818 ⁸
3079 5785 3226 5844 Psal.
3265 5802 3425 5854 um,
3459 5789 3515 5848 9.
