3994 6226
411 317 517 374 9.55

1811 305 1866 360 S.
1907 301 2247 358 ΕΙἾΡΠΛΝΙΙ

3563 299 3698 355 256

415 431 492 496 pit
519 427 569 478 ’τ
601 424 672 479 ita
709 421 784 476 illi
819 435 958 492 quos
991 419 1058 476 ad
1089 427 1272 490 partes
1311 431 1441 472 suas
1470 416 1726 486 pellicere
1757 416 1942 469 volunt
1969 453 1984 476 ,

2116 415 2184 466 ταὶ
2219 387 2385 474 οὒτοῗ,
2435 412 2530 465 ἐὰν
2572 411 2766 465 θέλωσι
2817 409 3304 484 περιποιήσασθαι,
3355 406 3418 461 τὸ
3451 413 3702 485 πρῶτον

417 521 646 588 primum
707 513 986 568 blanditiis
1035 527 1099 566 ac
1171 509 1574 569 muniﬁcentia,
1629 508 1992 576 omnibusque

416 608 722 663 sedulitatis
765 604 963 658 ofﬁciis
997 601 1214 673 aggredi
1250 601 1462 665 solent;
1500 608 1610 652 tum
1649 597 1993 667 pollicitatio-

417 715 532 760 nes,
583 713 646 750 ac
695 708 932 751 terrores
993 693 1277 762 adjiciunt.
1337 689 1446 744 Vos
1492 690 1658 753 enim,
1719 689 1991 759 inquiunt,

417 789 680 860 principis
717 788 934 851 edictis,
967 794 1022 841 et
1071 784 1419 855 imperatoris
1453 781 1698 835 Valentis
1727 779 1992 834 voluntati

417 881 688 937 resistitis.
743 881 815 933 Ita
847 895 942 934 eos
975 879 1331 947 alloquuntur
1364 877 1456 946 qui
1502 891 1660 929 suum
1703 875 1767 928 ad
1800 875 1996 946 dogma

417 975 653 1028 transire
699 971 994 1026 noluerint.
1053 969 1256 1024 Deinde
1303 969 1432 1038 quid
1476 967 1692 1022 tandem
1741 968 1868 1022 est?
1913 967 1996 1020 iu-

415 1066 634 1134 quiunt.
660 1063 799 1129 Quid
837 1077 1000 1132 porro
1033 1061 1306 1116 dicimus?
1343 1059 1542 1114 Eadem
1577 1059 1708 1114 ﬁdes
1732 1069 1852 1125 est;
1889 1058 1996 1112 nisi

417 1155 562 1225 quod
593 1154 742 1212 inani
790 1153 976 1222 gloria:
1026 1153 1210 1207 studio
1250 1152 1536 1206 ducimini.
1578 1151 1873 1206 Videamus
1903 1150 1998 1204 ita-

419 1263 526 1316 que
561 1247 822 1302 eademne
854 1245 923 1298 sit
959 1244 1110 1298 lides.
1157 1242 1432 1312 Atqueilli
1479 1242 1698 1313 quidem
1737 1242 1816 1296 sic
1847 1255 1998 1296 asse-

420 1347 589 1393 runt:
638 1338 972 1392 Contitemur
1022 1333 1216 1390 Filium
1268 1351 1332 1390 ex
1379 1333 1540 1388 Patre
1574 1334 1854 1405 genitum;
1899 1347 1998 1387 nec

418 1445 542 1484 eum
593 1443 886 1497 negamus;
937 1441 1122 1480 vermn
1176 1425 1337 1480 nobis
1385 1436 1603 1493 quoque
1655 1435 1902 1476 creatura
1945 1427 2000 1476 et

419 1522 697 1590 opiﬁcium
738 1519 1129 1572 conﬁtendum.
1164 1516 1284 1582 Quo
1317 1516 1537 1586 quidem
1581 1515 1718 1568 nihil
1765 1522 1850 1570 est
1881 1513 1999 1567 ine-

419 1615 598 1683 ptius;
641 1612 907 1698 quidquid
964 1611 1108 1664 enim
1161 1617 1405 1664 creatum
1445 1617 1562 1674 est,
1614 1607 1881 1663 dissimile
1917 1614 2000 1661 est

420 1707 622 1775 genito,
655 1697 835 1774 neque
859 1701 1004 1772 quod
1034 1702 1274 1770 genitum
1299 1707 1383 1754 est
1413 1740 1426 1764 ,
1466 1707 1650 1754 creato
1673 1697 1851 1754 simile
1881 1704 1996 1761 est;

421 1796 723 1866 praesertim
769 1794 814 1848 si
859 1794 926 1848 de
978 1795 1192 1848 sincera
1247 1791 1337 1844 illa
1407 1790 1760 1862 perfectaque
1805 1796 2000 1843 natura

423 1903 601 1942 sermo
633 1887 720 1939 sit.
759 1883 892 1938 Nam
921 1885 1102 1937 omnia
1127 1898 1154 1936 a
1187 1883 1296 1936 Deo
1319 1890 1500 1937 creata
1535 1889 1698 1946 sunt;
1731 1881 1882 1935 solus
1909 1879 2001 1934 Dei

425 1977 596 2031 Filius
627 1977 842 2046 genitus
875 1984 978 2036 e51,
1016 1989 1078 2027 ac
1119 1973 1271 2028 solus
1305 1972 1543 2042 Spiritus
1578 1981 1803 2026 sanctus
1838 1986 1868 2024 a
1904 1969 2004 2023 Pa-

425 2078 506 2123 tre
542 2069 846 2137 proccssit'
889 2075 942 2119 ct
972 2081 1001 2119 a
1043 2063 1176 2118 Filio
1218 2065 1429 2133 accepit
1461 2066 1503 2116 ³.
1551 2062 1760 2118 ϐαδιεῖ-ιι
1819 2062 2004 2118 omnia

425 2169 608 2214 creata
667 2167 830 2223 sunt;
889 2173 1066 2226 neque
1097 2171 1124 2208 a
1171 2155 1328 2208 Patre
1369 2163 1786 2225 processerunt;
1829 2170 2006 2224 neque

427 2269 455 2306 a
493 2250 630 2304 Filio
657 2259 1007 2320 acceperunt;
1027 2248 1122 2303 scd
1141 2266 1202 2304 ex
1229 2250 1568 2320 plenitudine
1587 2248 1734 2314 Filii,
1761 2249 1838 2303 uti
1865 2250 2006 2304 scri-

428 2355 577 2414 ptum
612 2353 696 2398 est
722 2343 781 2394 δε
818 2343 1060 2412 Quippa,
1107 2342 1270 2396 Verbo
1311 2343 1522 2396 Domini
1558 2343 1735 2395 omnia
1787 2344 2008 2412 ﬁrmata

423 2444 570 2498 sunt,
595 2441 641 2486 et
679 2433 866 2498 spiritu
889 2433 1000 2483 oris
1021 2430 1134 2499 ejus
1166 2431 1332 2484 omnis
1361 2431 1524 2484 virtus
1553 2445 1733 2484 eorum
1765 2429 1808 2482 ⁵.
1839 2431 2004 2500 Atqui

427 2523 589 2574 etiam
631 2532 938 2574 creaturam
986 2522 1235 2574 conliteri
1289 2536 1390 2575 nos
1437 2528 1686 2589 oportet,
1733 2521 2006 2590 inquiunt,

428 2613 866 2682 quandoquidem
904 2612 1188 2680 Scriptura
1227 2620 1495 2664 creaturae
1537 2625 1758 2674 nomen,
1789 2611 2008 2666 itidem-

429 2718 536 2770 que
583 2701 725 2756 fctus
773 2717 867 2770 per
918 2711 1134 2770 tropum
1167 2715 1230 2753 ac
1283 2701 1655 2769 metaphoram
1704 2701 2006 2769 usurpavit.

430 2795 612 2860 Quare
641 2793 743 2847 etsi
777 2795 938 2846 t'etum
985 2793 1360 2862 appellemus,
1389 2807 1494 2844 non
1530 2792 1719 2846 eadem
1755 2793 1875 2861 ejus
1905 2801 2009 2858 est,

431 2903 496 2940 ac.
525 2895 844 2940 cantet-orum
892 2885 1098 2938 fetuum
1160 2885 1317 2937 ratio.
1355 2883 1519 2953 758
1565 2881 1835 2949 Quocirca
1882 2884 2012 2938 dum

433 2983 574 3033 lctus
599 2979 918 3032 vocabulum
956 2979 1035 3031 sic
1073 2989 1338 3046 usurpant
1359 3017 1374 3042 ,
1405 2993 1593 3031 verum
1619 2985 1677 3030 ut
1699 2992 1820 3032 esse
1845 2977 2010 3030 fetum

2098 505 2196 573 μὲν
2225 503 2540 568 κολακείαις
2589 505 2834 569 πολλαῖς,
2874 507 2970 558 καὶ
3010 505 3259 576 δαψιλείᾳ
3285 505 3376 557 καὶ
3407 505 3704 574 προσοχῇ,

2094 597 2384 666 ὑποσχέσει
2417 612 2474 648 τε
2507 595 2624 666 ἃμα
2657 597 2750 650 xui.
2785 596 3154 668 φοϐερισμοϊς,
3188 597 3270 649 ὅτι
3305 597 3430 658 Τοῖς
3461 595 3702 666 βασιλέα

2095 690 2210 749 κοῖς
2257 687 2661 757 προστάγμασι,
2709 690 2804 741 καὶ
2839 688 2918 759 τῷ
2947 689 3042 743 τοῦ
3079 689 3346 758 βασιλέως
3377 689 3708 748 Οὐάλεντος

2097 776 2253 848 θυμῷ
2302 779 2667 844 ὲναντιοῦσθε,
2709 783 2820 844 τοῖς
2871 780 2944 851 μὴ
2992 780 3339 852 βουλομένοις
3387 782 3528 835 κατὰ
3577 781 3710 850 τὴν

2095 869 2272 922 αὐτῶν
2301 871 2481 922 πίστιν
2517 871 2800 942 φέρεσθαι.
2837 873 2949 925 Καὶ
2975 872 3028 925 τί
3059 889 3222 942 φασι;
3253 873 3306 925 τί
3350 873 3453 943 γάρ
3481 875 3646 926 ἐστιν
3673 871 3712 922 ὅ

2097 960 2363 1031 λέγομεν;
2399 960 2538 1033 αῦτη
2585 962 2733 1016 ἐστὶν
2764 965 2797 1034 ἡ
2831 965 3031 1032 πίστις,
3066 965 3226 1035 μόνον
3261 965 3317 1018 δὲ
3359 967 3440 1019 ὅτι
3471 965 3712 1017 κενοδο-

2099 1049 2256 1114 ξεῖτε.
2282 1051 2508 1122 Ἴδωμεν
2533 1048 2647 1116 οὖν,
2679 1055 2726 1105 εἰ
2757 1055 2790 1125 ἡ
2821 1055 2958 1126 αὐτή
2991 1057 3105 1108 ἐστι
3135 1051 3336 1118 πίέττις.
3368 1055 3534 1107 Φασὶν
3557 1050 3670 1107 οὖν
3689 1070 3708 1082 -

2111 1139 2402 1210 Ὁμολογοῦ
2411 1158 2509 1211 μεν
2533 1142 2622 1195 τὸν
2645 1144 3042 1214 γεγεννημένον
3074 1140 3203 1197 Ῡίδν
3229 1147 3293 1198 ἐκ
3322 1145 3554 1215 Πατρδς,
3591 1143 3716 1196 καὶ

2098 1231 2196 1285 οὐκ
2229 1232 2558 1304 ἀρνούμεθα.
2601 1234 2762 1288 Ἀλλὰ
2787 1235 2867 1288 δεῖ
2890 1237 3056 1306 ἡμᾶς,
3083 1236 3238 1305 φασὶ,
3269 1236 3362 1288 xui.
3389 1236 3450 1288 τὸ
3477 1235 3716 1304 κτίσμα.

2098 1325 2402 1394 ὁμολογεῖν,
2429 1326 2522 1379 καὶ
2543 1326 2605 1379 τὸ
2630 1327 2754 1398 ποίη
2765 1345 2862 1398 μα.
2899 1329 3064 1382 Οὐδὲν
3085 1329 3141 1381 δὲ
3168 1329 3535 1400 ἡλιθιώτερον.
3573 1329 3716 1380 Πᾶν

2100 1417 2208 1488 γὰρ
2242 1419 2302 1471 τὸ
2329 1418 2644 1490 κτιζόμενον
2681 1419 2779 1490 οὐχ
2819 1421 3002 1491 ὅμοιον
3033 1422 3290 1490 τυγχάνει
3325 1422 3402 1491 τῷ
3429 1437 3716 1490 γεγεννη-

2105 1511 2272 1582 μένῳ,
2299 1510 2424 1564 οὔτε
2454 1511 2513 1565 τὸ
2543 1511 2882 1583 γεννώμενον
2909 1515 3093 1583 ὅμοιον
3231 1513 3553 1584 κτιζομένῳ,
3587 1513 3718 1582 μά.-

2102 1601 2258 1656 λιστα
2292 1604 2424 1674 πρὸς
2465 1605 2680 1674 ἐκείνην
2725 1606 2824 1672 τὴν
2873 1607 3001 1676 μίαν
3034 1607 3312 1678 ἀκραιφνῆ
3353 1608 3714 1660 καὶτελείαν

2103 1695 2290 1748 οὐσίαν
2349 1697 2533 1749 Πάντα
2561 1697 2668 1768 γὰρ
2714 1697 2818 1750 ὑπὸ
2856 1697 2991 1750 Θεοῦ
3039 1698 3312 1752 ἔκτισται·
3361 1700 3518 1769 μόνος
3565 1700 3626 1752 δὲ
3681 1701 3716 1750 ὁ

2109 1785 2231 1850 Υἱὸς
2265 1785 2358 1840 τοῦ
2383 1785 2518 1838 Θεοῦ
2537 1788 2880 1856 γεγέννηται,
2896 1788 2989 1840 καὶ
3021 1789 3179 1857 μόνον
3205 1789 3264 1841 τὸ
3289 1789 3442 1858 ἆγιον
3467 1789 3716 1860 Πνεῦμα

2103 1879 2166 1931 ὲκ
2206 1879 2420 1949 Πατρός
2453 1878 2710 1949 προῆλθε,
2749 1880 2842 1932 καὶ
2889 1878 2948 1944 ἐξ
2981 1879 3110 1932 Υἰοῦ
3145 1880 3322 1934 ἔλαϐε.
3361 1867 3440 1932 Τὰ
3469 1881 3525 1934 δὲ
3559 1881 3712 1938 ἄλλα

2105 1974 2282 2027 πάντα
2306 1971 2519 2036 κτιστὰ,
2549 1971 2643 2024 καὶ
2665 1971 2790 2024 οὔτε
2817 1972 3150 2043 προελθόντα
3171 1975 3235 2027 ἐκ
3261 1969 3468 2046 Πατρὺς
3489 1971 3718 2045 προῆλ-

2105 2063 2214 2130 θεν,
2250 2063 2372 2117 οὔτε
2405 2063 2498 2117 τοῦ
2529 2065 2659 2117 Υίοῦ
2685 2064 3051 2133 λαμϐάνοντα,
3083 2065 3220 2119 ἀλλὰ
3253 2067 3318 2120 ὲκ
3347 2066 3438 2120 τοῦ
3469 2068 3720 2138 πληρώ-

2109 2173 2276 2226 ματος
2301 2154 2394 2208 τοῦ
2445 2155 2600 2222 Υξοῦ,
2647 2155 2830 2219 καθὼς
2869 2157 3222 2227 γέγραπται·
3267 2158 3350 2223 Τῷ
3387 2158 3494 2228 γὰρ
3527 2161 3720 2228 Λόγῳ

2105 2246 2212 2300 τοῦ
2241 2245 2389 2299 Θεοῦ
2419 2247 2491 2300 τὰ
2519 2246 2717 2299 πάντα
2743 2247 3222 2316 ἐστερεώθησαν,
3253 2251 3351 2302 καὶ
3393 2248 3473 2315 τῷ
3513 2254 3720 2304 πνεύ-

2100 2357 2242 2410 ματι
2285 2339 2391 2392 τοῦ
2445 2341 2745 2410 στόματος
2789 2342 2977 2396 αὐτοῦ
3031 2341 3201 2396 πᾶσα
3241 2343 3278 2410 ἡ
3305 2343 3562 2414 δύναμις
3591 2347 3718 2398 αἰ·-

2107 2429 2246 2486 τῶν.
2296 2430 2478 2493 Ἀλλὰ,
2537 2431 2692 2500 φασὶ,
2751 2430 2832 2484 δεῖ
2879 2432 3164 2502 ὁμολογεῖν
3207 2435 3302 2486 καὶ
3355 2434 3415 2486 τὸ
3461 2435 3720 2504 κτίσμα-

2109 2523 2295 2593 ἐπειδὴ
2325 2519 2476 2574 εἶπεν
2512 2525 2544 2591 ή
2593 2523 2804 2594 Γραφὴ,
2855 2524 3260 2596 τροπικώτερον
3301 2525 3596 2596 λεγόμενον
3645 2527 3722 2579 τὺ

2109 2614 2336 2684 κτίσμα,
2387 2616 2482 2668 καὶ
2524 2615 2803 2686 τροπικῶς
2841 2615 3132 2686 λεγόμενον
3183 2617 3243 2670 τὸ
3277 2619 3542 2689 γέννημα.
3587 2620 3722 2672 Κᾶν

2109 2723 2168 2758 τε
2197 2706 2306 2776 γὰρ
2339 2705 2582 2777 εἴπωμεν
2611 2709 2879 2778 γέννημα,
2925 2709 3022 2778 οὐχ
3081 2709 3156 2773 ὡς
3197 2709 3254 2762 ἒν
3283 2711 3390 2763 τῶν
3429 2713 3726 2781 γεννημὰ-

2111 2815 2218 2850 των
2253 2798 2502 2868 ἐροῦμεν.
2550 2801 2691 2870 ’Ἄρα
2743 2795 2835 2852 οὖν
2876 2801 2934 2852 ἐν
2987 2794 3031 2868 ᾧ
3087 2802 3271 2872 ἐροῦσι
3319 2803 3378 2856 τὸ
3435 2805 3720 2875 γέννημα,

2113 2891 2206 2943 xui.
2247 2891 2344 2944 οὐκ
2393 2891 2645 2961 ἀληθινὸν
2689 2893 2750 2945 τὸ
2799 2893 3065 2964 γέννημα,
3119 2896 3245 2959 τοὺς
3283 2897 3728 2969 ἀκεραιοτέρους

2115 2984 2388 3038 ἀπατῶσι.
2441 2985 2549 3036 Καὶ
2599 2984 2660 3038 τὸ
2711 2987 2920 3057 κτίσμα
2965 2988 3022 3040 δὲ
3069 2989 3466 3060 ὁμολογοῦμεν,
3521 2994 3720 3061 φασιν.

433 3073 526 3127 Dei
560 3071 752 3125 Filium
775 3079 992 3142 negent,
1019 3070 1448 3140 simplicioribus
1473 3069 1726 3123 illudunt.
1747 3070 2010 3124 Praeterea

2133 3077 2347 3148 Ἐπειδὴ
2375 3077 2480 3149 γὰρ
2511 3080 2602 3132 xui.
2635 3079 2774 3150 θύρα
2801 3081 3062 3152 κέκληται
3095 3084 3122 3135 ὁ
3153 3084 3404 3152 Χριστὸς,
3441 3087 3536 3138 καὶ
3568 3088 3722 3155 ὁδὸς,

431 3165 594 3216 etiam
625 3169 953 3224 creaturam,
981 3161 1256 3228 inquiunt,
1279 3175 1402 3214 esse
1432 3161 1774 3213 conﬁtemur.
1799 3157 2014 3212 Etenim

431 3255 687 3306 Christus
733 3253 899 3320 janna
949 3253 1174 3313 dicitur,
1217 3261 1272 3304 et
1318 3253 1440 3313 via,
1478 3253 1770 3316 columna,
1823 3251 2014 3315 nubes,

437 3351 612 3413 petra,
643 3345 783 3406 ovis,
815 3358 1009 3412 agnus,
1073 3342 1282 3405 Inedus,
1329 3342 1558 3404 vitulus,
1595 3342 1698 3400 leo,
1742 3341 1886 3398 l'ons.
1931 3355 2019 3394 sa-

439 3432 663 3500 pientia,
705 3429 964 3492 Verbum,
1012 3428 1207 3492 Filius,
1239 3431 1488 3499 angelus,
1523 3429 1801 3492 Christus,
1839 3430 2022 3484 Salva-

436 3533 544 3583 tor,
585 3521 867 3583 Dominus,
905 3523 1062 3574 homo
1081 3561 1093 3584 ,
1127 3520 1298 3575 Filius
1324 3521 1562 3575 hominis
1583 3562 1597 3583 ,
1625 3522 1762 3591 lapis
1791 3524 2018 3592 angula-

439 3617 539 3674 ris,
573 3615 675 3676 sol,
698 3613 980 3682 propheta,
1015 3615 1191 3682 panis,
1223 3629 1338 3676 rex,
1371 3614 1727 3678 architectus,
1761 3619 2018 3686 agricola,

441 3712 650 3774 pastor,
683 3702 834 3768 vitis,
859 3711 912 3756 et
945 3703 994 3755 id
1024 3717 1196 3772 genus
1223 3704 1348 3756 alia.
1382 3703 1456 3756 Ita
1487 3711 1540 3758 et
1574 3713 1904 3768 creaturam,
1943 3709 2024 3759 in-

439 3797 654 3866 quiuut,
696 3795 868 3848 abusu
899 3795 1132 3864 quodam
1166 3795 1409 3848 nominis
1451 3795 1789 3866 appellamus
1819 3815 1831 3864 ;
1861 3797 2022 3868 idque

441 3889 599 3942 nobis
635 3888 858 3939 omnino
887 3886 1168 3940 fatendum
1210 3893 1314 3940 est.

511 3979 729 4034 XXXV.
783 3981 964 4049 Apage
1011 3979 1332 4032 sceleratam
1389 3979 1533 4033 illam
1597 3982 1909 4050 opinionem
1971 3992 2024 4037 et

441 4075 692 4128 callidam
720 4092 732 4134 ;
767 4087 866 4126 nec
897 4073 1175 4142 permittat
1201 4089 1438 4142 unquam
1475 4073 1760 4138 Dominus,
1797 4077 1939 4130 ullus
1969 4085 2026 4130 ut

441 4183 508 4222 ex
550 4167 794 4220 veritatis
845 4167 970 4218 ﬁliis
1012 4165 1281 4234 ejusmodi
1327 4166 1675 4222 cavillatione
1723 4171 2027 4222 circumve-

443 4261 628 4313 niatur
653 4277 666 4325 ;
693 4267 852 4328 atque
897 4259 963 4312 iis
993 4258 1296 4314 rationibus
1335 4259 1593 4318 inductus
1629 4274 1895 4318 creaturae
1927 4280 2025 4318 no-

445 4366 570 4404 men
599 4351 666 4404 ad
705 4350 794 4404 Dei
827 4349 1022 4404 Filium
1057 4353 1456 4407 accommodari
1485 4371 1649 4424 posse
1673 4357 1776 4411 sibi
1804 4373 2028 4427 persua-

2117 3167 2211 3220 xui.
2244 3168 2456 3231 στύλος,
2485 3169 2580 3221 καὶ
2607 3170 2828 3239 νεφέλη,
2877 3173 2971 3224 xui.
3017 3173 3212 3244 πέτρα,
3243 3177 3336 3227 καὶ
3373 3175 3582 3246 ἀρνίον,
3619 3181 3726 3231 καὶ

2119 3257 2310 3326 ἀμνὸς,
2339 3259 2434 3312 καὶ
2473 3259 2728 3331 χίμαρος,
2763 3263 2856 3314 καὶ
2891 3263 3110 3332 μόσχος,
3141 3265 3236 3319 καὶ
3277 3265 3435 3331 λέων,
3477 3269 3572 3321 καὶ
3611 3287 3730 3341 πη-

2119 3347 2210 3416 γὴ,
2239 3347 2333 3398 καὶ
2359 3349 2538 3415 σοιςία,
2570 3352 2662 3402 καὶ
2689 3351 2882 3418 Λόγος,
2917 3355 3012 3405 καὶ
3037 3355 3182 3422 Υἱὸς,
3209 3359 3304 3410 καὶ
3337 3359 3588 3427 ἄγγελος,
3619 3365 3730 3416 καὶ

2121 3439 2373 3507 Χριστὸς,
2413 3442 2506 3494 καὶ
2538 3443 2750 3513 Σωτὴρ,
2785 3444 2877 3495 xui.
2909 3444 3129 3515 Κύριος,
3159 3449 3251 3500 καὶ
3283 3447 3590 3521 ἄνθρωπος,
3623 3455 3728 3506 καὶ

2123 3531 2249 3594 Υἱὸς
2285 3532 2594 3602 ἀνθρώπου,
2641 3535 2734 3588 xui.
2767 3535 2912 3599 λίθος
2945 3538 3362 3608 ἀκρογωνιαῖος,
3408 3545 3500 3595 xui.
3538 3543 3726 3614 ἥλιος,

2123 3625 2218 3678 καὶ
2255 3627 2562 3696 προφήτης,
2613 3627 2706 3680 καὶ
2743 3627 2929 3698 ἄρτος,
2985 3631 3080 3684 καὶ
3129 3632 3402 3701 βασιλεὺς,
3451 3637 3542 3688 καὶ
3571 3639 3728 3690 οἰκο-

2122 3715 2302 3786 δόμος,
2341 3717 2434 3770 καὶ
2466 3719 2729 3788 γεωργὸς,
2779 3721 2874 3772 καὶ
2920 3722 3147 3794 ποιμὴν,
3184 3725 3276 3778 καὶ
3323 3725 3586 3796 ἄμπελος,
3624 3731 3732 3782 καὶ

2124 3807 2223 3860 ὅσα
2272 3807 2516 3862 τοιαῦτα.
2567 3809 2742 3872 Οὕτω,
2787 3811 2941 3879 φασὶ,
2993 3814 3171 3868 καὶτὸ
3218 3817 3421 3887 κτίσμα
3462 3818 3729 3889 λεγομεν,

2125 3899 2608 3970 καταχρηστικῶς·
2647 3901 2728 3954 δεῖ
2755 3901 2864 3972 γὰρ
2887 3903 3033 3973 ἡμᾶς
3062 3905 3359 3975 ὁμολογεῖν.

2195 3990 2317 4048 AE’.
2354 3991 2526 4061 Φεῦγε
2560 3993 2660 4062 τῆς
2702 3994 2958 4065 τοιαύτης
2987 3999 3166 4068 κακῆς
3195 4000 3448 4064 ὑπονοίας
3486 4005 3582 4056 καὶ
3618 4023 3732 4057 πα-

2127 4085 2402 4156 νουργίας.
2442 4085 2534 4155 Μὴ
2572 4085 2681 4156 δῴη
2733 4085 2938 4158 Κύριός
2994 4105 3098 4142 τινι
3143 4091 3254 4145 τῶν
3310 4093 3410 4163 τῆς
3459 4095 3730 4166 ἀληθείας

2128 4177 2258 4230 υἱῶν
2292 4177 2599 4248 ὑπαχθῆναι
2628 4181 2692 4250 τῇ
2737 4179 2958 4252 τοιαύτῃ
2989 4183 3260 4256 εἰρωνεία,
3295 4186 3380 4239 ἵνα
3415 4189 3454 4219 ¹¹
3487 4187 3578 4241 διὰ
3613 4191 3728 4244 τῶν

2130 4268 2388 4321 τοιούτων
2424 4269 2734 4324 ὑποθέσεων
2770 4273 2864 4324 καὶ
2895 4271 2955 4323 τὸ
2978 4273 3071 4326 τοῦ
3105 4275 3404 4344 κτίσματος
3433 4278 3608 4349 ὄνομα
3641 4283 3730 4345 εἰς

2128 4361 2218 4414 τὸν
2250 4361 2376 4414 Υἱὸν
2409 4361 2500 4414 τοῦ
2528 4361 2661 4414 Θεοῦ
2685 4361 3062 4434 εἰσδεξάμενον
3093 4366 3399 4437 πεισθῆναι,
3427 4373 3520 4423 καὶ
3545 4371 3730 4435 οῦτως

445 4439 593 4504 deat,
636 4448 798 4508 atque
827 4439 896 4491 ita
927 4441 1266 4508 proﬁteatur.
1307 4441 1512 4496 Etenim
1549 4446 1712 4515 hujus
1747 4449 1902 4502 nobis
1931 4465 2012 4520 ap-

2131 4452 2439 4520 ὁμολογεῖν·
2472 4452 2711 4506 δότωσαν
2737 4453 2845 4524 γὰρ
2881 4457 3012 4526 ἡμῖν
3045 4457 3235 4510 τούτου
3263 4459 3361 4530 τὴν
3386 4463 3602 4532 χρῆσιν,
3631 4466 3732 4517 καὶ

449 4531 755 4602 pellationis
786 4547 966 4592 usuin,
1000 4542 1160 4602 atque
1182 4535 1481 4603 explicatas
1511 4539 1750 4594 rationes
1776 4541 2024 4596 afferant.

447 4616 581 4670 Nam
618 4617 708 4670 illa
758 4619 974 4688 quidem
1023 4622 1202 4674 omnia
1247 4638 1342 4690 per
1379 4627 1720 4681 catachresin
1760 4645 2030 4699 usurpan-

451 4727 560 4781 lur,
610 4732 786 4786 neque
821 4715 942 4770 Filii
993 4717 1332 4773 divinitatem
1396 4721 1684 4790 impetunt,
1731 4731 1823 4778 aut
1883 4726 2028 4783 illius

447 4809 744 4865 essentiam
782 4824 810 4862 a
843 4818 1065 4879 paterna
1095 4812 1204 4866 ulla
1231 4827 1294 4866 ex
1323 4821 1475 4880 parte
1508 4814 1740 4870 deﬁcere
1769 4825 2025 4887 arguunt.

450 4901 578 4958 Sive
612 4901 819 4971 janua“
852 4914 1074 4956 vocetur
1121 4921 1133 4964 ;
1177 4905 1432 4972 quoniam
1481 4921 1575 4975 per
1620 4907 1769 4962 illum
1805 4910 2036 4981 ingredi-

449 5011 605 5061 mur;
657 4994 772 5048 sive
814 4993 900 5048 via
931 4995 970 5061 ⁷,
1001 4996 1257 5064 quoniam
1293 5012 1388 5064 per
1424 4997 1602 5066 ipsum
1645 5001 2029 5070 ambulamus;

450 5087 564 5142 sive
601 5088 880 5150 columna,
921 5087 1063 5156 quod
1099 5088 1342 5142 veritatis
1372 5087 1770 5146 ﬁrmamentum
1804 5094 1894 5150 ille
1926 5095 2028 5162 sit;

453 5181 568 5236 sive
602 5181 804 5242 nubes,
851 5180 994 5250 quod
1039 5181 1317 5235 lsraelitas
1347 5185 1641 5248 protexerit
1669 5185 1721 5251 ⁸;
1757 5187 1870 5242 sive
1923 5189 2030 5244 alio

455 5275 618 5328 modo
648 5274 924 5338 columna,
957 5283 1174 5344 propter
1208 5275 1348 5345 ignis
1377 5277 1521 5330 illius
1547 5279 1917 5347 splendorem,
1938 5285 2030 5352 qui

455 5381 552 5434 per
585 5368 930 5422 solitudinem
981 5369 1236 5432 illuxit’;
1277 5368 1392 5423 sive
1438 5385 1635 5424 manna
1663 5373 1728 5436 ¹⁰,
1774 5375 2030 5442 quoniam

453 5457 730 5514 cwlestcm
769 5461 917 5515 illum
947 5476 1138 5530 panem
1171 5471 1534 5532 negaverant;
1563 5464 1676 5519 sive
1711 5467 1886 5534 panis,
1907 5469 2034 5538 quia

533 5713 548 5744 ⁸
591 5711 727 5764 Cen.
757 5726 842 5773 Ill,
875 5713 896 5764 l
929 5727 1048 5780 sqq.
1128 5713 1146 5741 ⁸
1175 5711 1334 5767 Joau.
1373 5731 1458 5776 xv,
1493 5713 1582 5767 ‘26.

457 5783 478 5817 '
510 5781 672 5841 Joan.
708 5799 818 5852 xiv,
839 5783 892 5837 6.
1007 5783 1027 5814 ⁸
1063 5781 1233 5840 Exod.
1264 5801 1382 5855 xm,
1411 5785 1501 5854 2!,
1525 5785 1613 5839 ‘22.

1667 5715 1684 5745 ³
1709 5713 1869 5768 Juan.
1901 5713 2126 5774 “1.”,
2161 5713 2244 5766 15.

1691 5788 1712 5818 ⁰
1738 5784 1906 5838 Exod.
1940 5799 2046 5850 xiv,
2087 5783 2173 5838 19.

2133 4541 2232 4612 τὴν
2263 4543 2369 4596 τῶν
2410 4542 2686 4613 λογισμῶν
2719 4545 2996 4600 ἀπόδοσιν.
3035 4549 3218 4602 Πάντα
3248 4550 3357 4622 γὰρ
3398 4555 3582 4606 ἐκεῖνα
3627 4573 3732 4608 κα-

2133 4635 2516 4704 ταχρηστικῶς
2543 4636 2775 4707 εἴρηται,
2809 4638 2962 4692 οὐδὲν
2989 4641 3068 4704 εἰς
3093 4641 3191 4713 τὴν
3219 4642 3448 4714 θεότητα
3473 4645 3568 4698 τοῦ
3595 4647 3731 4702 Υἱοῠ

2137 4727 2530 4796 ὲνσκήπτοντα,
2565 4727 2688 4780 οὔτε
2734 4729 2926 4799 ἐλλιπῆ
2962 4732 3260 4802 ποιούμενα
3309 4736 3445 4804 πρὸς
3483 4738 3576 4790 τὸν
3611 4740 3732 4792 Πα-

2134 4819 2268 4890 τέρα
2297 4821 2398 4890 τῆς
2444 4821 2607 4876 αὐτοῦ
2653 4825 2983 4894 οὐσιότητος.
3033 4827 3150 4881 Κᾶν
3191 4847 3249 4881 τε
3298 4829 3436 4902 θύρα
3481 4833 3730 4906 λεχθείη,

2133 4912 2319 4982 ἐπειδὴ
2351 4912 2418 4964 δι’
2451 4913 2614 4966 αὐτοῦ
2644 4915 3030 4986 εἰσερχόμεθα·
3065 4921 3164 4974 κᾶν
3195 4939 3254 4974 τε
3281 4923 3417 4987 ὁδὸς,
3449 4927 3638 4998 ἐπειδὴ
3663 4927 3733 4982 δι’

2133 4999 2298 5053 αὐτοῦ
2340 5000 2648 5072 βαδίζομεν,
2685 5004 2786 5058 κᾶν
2825 5023 2884 5058 τε
2932 5006 3144 5073 στύλος,
3174 5011 3362 5082 ἐπειδὴ
3391 5015 3554 5080 αὑτός
3579 5019 3734 5071 ἐστιν

2135 5093 2417 5163 ἑδραίωμα
2449 5096 2547 5164 τῆς
2572 5095 2855 5166 ἀληθείας·
2891 5096 2991 5152 κᾶν
3015 5117 3072 5152 τε
3101 5101 3318 5174 νεφέλη,
3347 5107 3536 5178 ἐπειδὴ
3569 5111 3730 5164 me-

2136 5201 2278 5237 πασε
2328 5184 2454 5248 τοὺς
2486 5187 2634 5250 υἱοὺς
2677 5188 2920 5258 Ἰσραήλ·
2960 5189 3060 5242 κᾶν
3097 5209 3158 5244 τε
3193 5194 3382 5258 στύλος
3411 5197 3498 5250 διὰ
3529 5199 3590 5250 τὸ
3623 5218 3730 5268 (pm-

2136 5276 2312 5330 τεινὸν
2351 5275 2444 5328 τοῦ
2478 5277 2667 5346 πυρὸς,
2701 5279 2729 5330 ὃ
2775 5279 3041 5348 ἐφώτισεν
3080 5285 3138 5338 ἐν
3165 5288 3232 5356 τῇ
3271 5287 3461 5358 ἐρήμῳ
3484 5305 3498 5319 ο
3545 5290 3648 5343 κᾶν
3675 5309 3732 5344 τε

2143 5370 2338 5439 μάννα,
2373 5369 2561 5439 ἐπειδὴ
2610 5371 2918 5440 ἠρνήσαντο
2965 5374 3128 5428 αὐτὸν
3163 5377 3326 5448 ἄρτον
3371 5381 3730 5452 ἐπουράνιον·

2142 5463 2243 5516 κᾶν
2273 5479 2331 5513 τε
2363 5461 2549 5531 ἄρτος,
2575 5463 2763 5533 ἐπειδὴ
2787 5465 2854 5517 δι’
2883 5465 3046 5520 αὐτοῦ
3077 5470 3601 5544 ἰσχυροποιούμεθα·
3635 5475 3730 5530 κᾶν

2323 5710 2342 5741 ³⁵
2367 5709 2526 5764 Joan.
2555 5724 2592 5764 ι.
2623 5709 2707 5763 16.

2786 5711 2806 5742 ⁵
2837 5709 2982 5784 Ρδιιι.
3011 5728 3182 5778 xxxu,
3213 5717 3266 5768 ὓ.
3346 5717 3366 5747 ⁸
3396 5717 3556 5780 ιιυιιιι.
3587 5733 3642 5784 x,
3670 5715 3725 5772 9.

2253 5783 2296 5814 ιο
2331 5779 2500 5834 Exod.
2536 5796 2647 5846 va,
2673 5781 2759 5836 15.

2839 5782 2880 5813 ¹¹
2914 5781 3021 5840 Pro
3057 5784 3142 5838 ἵνα
3182 5783 3285 5852 lea.
3319 5785 3434 5843 καί.
