3994 6226
280 300 399 390 εει

1042 337 1412 397 Αυγιιιιευδ
1450 340 1564 399 ΗιΕ
1574 342 1792 400 ιιεδεε
1828 345 1866 399 L

1986 347 2049 403 ll.
2076 346 2240 404 ΤΟΜ.
2283 348 2343 405 ΙΙ.
2365 381 2431 393 --
2458 352 2727 412 ιιΑιιιΕδ.
2768 357 2953 415 LXIX.

3449 367 3554 423 25ft

281 462 352 499 τε
384 445 636 543 ἅγγελος,
677 446 864 519 ἐπειδὴ
897 449 1140 521 μεγάλης
1183 453 1379 525 βουλῆς
1409 453 1656 524 ἄγγελος.
1702 457 1866 528 Ὀμώε

1980 475 2079 516 nos
2109 462 2397 516 confirmat
2428 477 2492 519 ac
2526 465 2749 521 roborat
2777 469 2831 534 ¹;
2865 468 2979 525 sive
3022 471 3266 541 angelus.
3296 475 3551 543 quoniam

284 554 462 608 νυμον
485 538 595 610 γάρ
626 540 741 594 ἐστι
780 541 840 595 τὸ
871 541 966 595 τοῦ
996 543 1230 612 ἀγγέλου
1255 544 1445 616 ὄνομα.
1495 547 1740 612 Ἐδέξατο
1766 547 1876 619 γὰρ

284 626 324 697 ἡ
372 627 540 683 Ῥαὰϐ
576 628 702 692 τοὺς
745 630 1011 699 ἀγγέλους
1036 648 1051 663 ·
1077 632 1171 686 καὶ
1221 635 1322 687 οὐκ
1372 630 1513 707 ἦσαν
1572 636 1793 705 ἄγγελοι
1823 638 1874 689 οἱ

286 719 714 789 ἀπεσταλμένοι,
749 721 863 775 ἀλλ’
890 722 923 793 ἦ
959 724 1008 776 οἱ
1053 724 1476 794 ἁναγγείλαντες
1504 729 1632 799 περὶ
1657 727 1754 781 τοῦ
1785 730 1875 783 τό-

208 796 251 895 :
291 826 416 865 που.
460 811 617 864 Οῦτω
660 812 754 865 καὶ
792 816 821 866 6
854 815 1186 887 Μονογενὴς,
1252 817 1438 889 ἐπειδὴ
1482 796 1775 891 ἀνήγγειλε
1811 821 1873 875 τὸ

188 906 213 933 δ
282 901 502 972 θέλημα
530 904 624 957 τοῦ
658 905 866 977 Πατρὸς
895 909 1008 971 τοῖς
1040 908 1368 980 ἀνθρώποις,
1408 912 1649 983 μεγάλης
1678 912 1873 985 βουλῆς

280 993 537 1062 ἄγγελος,
567 997 625 1048 ὲν
650 995 729 1067 τῷ
764 997 953 1068 κόσμῳ
979 999 1328 1068 ἀναγγέλλων
1352 1002 1453 1073 τὴν
1482 1003 1723 1075 μεγάλην
1747 1003 1872 1073 βου-

282 1084 404 1155 λήν.
436 1085 538 1139 Ka‘:
564 1085 731 1150 λίθος.
766 1089 867 1142 οὐκ
910 1090 1234 1162 ἀναίσθητος
1271 1094 1299 1145 6
1328 1093 1491 1159 λίθος,
1533 1095 1667 1148 ἀλλὰ
1700 1112 1872 1150 κατα-

270 1171 619 1241 χρηστικῶς,
652 1174 739 1228 διὰ
773 1176 835 1229 τὸ
876 1177 1208 1250 πρόσκομμα
1252 1183 1532 1251 γεγονέναι
1576 1183 1869 1251 Ἰουδαίοις,

278 1262 419 1332 ἡμῖν
458 1262 515 1315 δὲ
554 1263 799 1334 θεμέλιον
827 1268 1120 1340 σωτηρίας.
1145 1271 1255 1324 Καὶ
1284 1273 1675 1344 ἀκρογωνιαῖος
1703 1275 1869 1342 λίθος,

278 1352 371 1406 διὰ
393 1352 456 1407 τὸ
477 1355 793 1424 ὲπισφίγξαι
821 1359 1067 1414 Παλαιὰν
1097 1364 1191 1416 καὶ
1214 1363 1359 1417 Νέαν
1388 1366 1687 1438 Διαθήκην,
1715 1385 1871 1440 περι-

280 1444 462 1513 τομήν
487 1461 547 1496 τε
594 1446 687 1499 καὶ⁹
722 1447 1088 1517 ἀκροϐυστίαν
1131 1453 1210 1516 εἰς
1263 1454 1391 1525 μίαν
1423 1455 1636 1512 ἕνωσιν.
1677 1459 1871 1528 Ἀμνδς

278 1533 361 1599 δὲ,
387 1535 475 1588 διὰ
503 1536 564 1588 τὸ
590 1537 815 1603 ἄκακον,
847 1541 939 1593 καὶ
968 1542 1029 1594 τὸ
1056 1543 1123 1596 δι’
1153 1545 1316 1599 αὑτοῦ
1347 1547 1445 1618 τὴν
1468 1549 1739 1621 ἁμαρτίαν
1763 1551 1871 1605 ἀπὸ

279 1626 391 1679 τῶν
444 1627 747 1698 ἀνθρώπιον
796 1633 1111 1701 ἠφανίσθαι,
1151 1638 1208 1690 ἐν
1252 1637 1330 1708 τῷ
1374 1640 1536 1692 αὐτὸν
1584 1641 1663 1712 τῷ
1696 1643 1871 1713 Πατρὶ

280 1722 715 1793 προσενηνέχθαι
746 1725 1014 1794 πρόϐατον
1057 1729 1135 1790 είς
1185 1730 1428 1799 σφαγήν·
1476 1732 1662 1801 ἐπειδὴ
1706 1728 1869 1803 ἦλθεν

279 1812 426 1884 ὑπὲρ
472 1815 630 1885 ἡμῶν
676 1817 869 1870 παθεῖν
902 1821 930 1873 6
964 1819 1201 1891 ἀπαθὴς,
1241 1820 1328 1874 ἴνα
1356 1797 1533 1892 -ήμεῖς
1585 1797 1866 1895 σωοιῦμεν.
1903 1797 1942 1851 Β

280 1907 395 1960 Καὶ
421 1907 477 1959 εῐ
500 1908 554 1961 τί
597 1910 744 1963 ἐστιν
779 1911 965 1982 ἕτερον
997 1915 1116 1975 ταῖς
1149 1914 1337 1977 αὐταῖς
1369 1916 1600 1986 κρήσεσι
1627 1917 1870 1988 συμϐαλ-

280 1995 511 2065 λόμενον
563 2001 645 2064 είς
695 2002 967 2072 σωτηρίαν
1008 2003 1140 2057 υίῶν
1170 2005 1278 2059 τῶν
1328 2006 1651 2077 ἀνθρώπων,
1702 2026 1870 2062 κατα-

280 2093 597 2161 χρηστικῶς
625 2094 731 2147 άπὺ
758 2095 857 2163 τῆς
883 2095 1031 2160 θείας
1057 2096 1277 2169 Γρατρῆς
1311 2100 1389 2162 είς
1414 2099 1576 2152 αὐτὸν
1601 2100 1870 2173 ἀναφέρει

281 2200 396 2236 ται.

1979 552 2162 622 magni
2193 553 2407 608 consilii
2440 556 2665 626 angelus
2697 565 2781 613 est
2815 559 2856 611 ’ζ
2900 558 2994 614 Est
3033 562 3176 615 enim
3224 565 3399 631 angeli
3452 555 3550 619 vox

1978 637 2326 710 homonyma.
2356 639 2570 712 Quippe
2598 642 2791 699 Rahab
2831 648 3051 716 angelos
3089 651 3370 719 excepisse
3416 653 3553 705 dici-

1977 735 2066 783 tur
2094 728 2137 783 ³.
2173 728 2358 801 Neque
2393 740 2574 788 tamen
2610 734 2784 804 angeli
2811 738 3081 806 erantqui
3117 739 3266 792 missi
3299 739 3553 804 fuerunt;

1975 820 2070 876 sed
2110 823 2313 888 nuntii,
2347 823 2442 893 qui
2466 824 2533 879 de
2567 825 2807 895 regionis
2844 834 3041 880 natura
3072 830 3205 882 certi
3234 831 3437 900 aliquid
3468 847 3554 885 re-

1974 915 2233 989 tulerunt.
2258 914 2377 981 Qua
2402 917 2591 972 eadem
2625 918 2837 973 ratione
2868 917 2961 973 Dei
2994 918 3163 974 Filius
3190 936 3381 990 proco
3408 924 3552 991 quod

1972 1000 2152 1059 Patris
2187 1007 2520 1064 voluntatem
2548 1010 2817 1064 nuntiavit
2838 1010 3171 1075 hominibus,
3206 1012 3388 1082 magni
3412 1028 3549 1065 con-

1974 1098 2080 1152 silii
2116 1100 2351 1169 Angelus
2395 1102 2616 1167 dicitur,
2666 1102 2758 1172 qui
2799 1117 3052 1173 maguum
3100 1103 3231 1156 illud
3262 1105 3550 1159 consilium

1974 1190 2180 1244 mundo
2227 1192 2582 1261 signiﬁcavit.
2632 1193 2750 1248 Jam
2793 1209 2916 1249 cum
2962 1194 3099 1264 lapis
3143 1195 3400 1261 dicitur",
3442 1210 3551 1249 non

1973 1296 2180 1354 sensus
2198 1298 2394 1354 expers
2440 1286 2577 1356 lapis
2626 1286 2825 1355 aliquis
2876 1286 3263 1357 intelligendus
3304 1295 3409 1349 cst,
3458 1288 3553 1343 sed

1977 1387 2074 1442 per
2119 1377 2463 1431 catachresin
2513 1385 2826 1446 usurpatur,
2860 1392 2925 1432 eo
2957 1377 3102 1447 quod
3148 1376 3349 1433 .Iudzeis
3385 1377 3553 1433 oti'en-

1973 1466 2114 1521 sioni
2158 1466 2318 1522 fuerit
2348 1487 2360 1521 :
2404 1468 2565 1523 nobis
2597 1483 2726 1523 vero
2756 1468 3166 1523 fundamentum
3194 1469 3409 1525 salutis.
3441 1470 3552 1523 An.

1973 1557 2180 1626 gularis
2232 1573 2362 1612 vero
2398 1560 2536 1628 lapis
2564 1558 2607 1624 ⁸,
2640 1559 2847 1613 idcirco
2875 1560 3019 1629 quod
3051 1559 3217 1615 Vetus
3245 1575 3308 1613 ac
3339 1560 3550 1614 Novum

1974 1646 2405 1713 Testamentum,
2457 1650 2932 1704 circumcisionem
2997 1664 3060 1704 ac
3117 1653 3440 1720 praeputium
3495 1651 3550 1708 in

1972 1753 2138 1792 unmn
2170 1741 2506 1795 consoeiarit
2544 1755 2607 1794 ac
2650 1742 2975 1796 devinxerit.
3001 1742 3225 1812 Agnus“
3251 1745 3377 1798 item
3424 1757 3548 1812 pro-

1974 1837 2094 1899 pter
2122 1831 2488 1885 innocentiam
2525 1849 2538 1885 :
2585 1838 2699 1884 tum
2745 1830 2891 1901 quod
2924 1831 3417 1889 hmninumascelus
3455 1847 3549 1902 per

1973 1922 2151 1991 ipsum
2205 1921 2370 1992 759
2417 1922 2634 1991 penitus
2674 1923 3002 1977 exstinctum
3052 1923 3242 1988 fuerit,
3281 1940 3402 1978 cum
3432 1925 3552 1980 ovis

1972 2016 2146 2069 instar
2168 2014 2443 2084 iugulatus
2474 2029 2536 2069 ac
2562 2014 2709 2068 Patri
2733 2016 2948 2072 oblatus
2972 2028 3087 2083 est;
3113 2018 3549 2088 quandoquidem

1973 2114 2031 2160 ut
2059 2115 2156 2175 pro
2197 2107 2353 2160 nobis
2385 2116 2686 2174 pateretur,
2710 2108 2758 2161 is
2791 2107 2885 2175 qui
2917 2107 3053 2161 nihil
3079 2109 3189 2176 pati
3215 2118 3425 2179 poterat
3453 2109 3544 2160 a.l-

1970 2197 2139 2258 venit,
2177 2204 2235 2250 ut
2266 2211 2366 2250 nos
2394 2197 2529 2251 salvi
2562 2215 2683 2253 esse
2712 2214 3018 2267 possemus.
3048 2198 3127 2252 Ac
3157 2200 3203 2253 si
3239 2198 3369 2268 quid
3399 2197 3547 2251 aliud

279 2282 371 2327 est
417 2274 563 2343 quod
595 2275 786 2330 eodem
829 2293 931 2333 usu
962 2278 1027 2333 ad
1061 2280 1292 2334 salutem
1331 2281 1614 2335 hominum
1645 2285 2048 2341 accommodari
2090 2287 2294 2356 possit,
2355 2301 2447 2356 per
2484 2287 2832 2343 catachresin
2872 2289 2928 2342 in
2977 2287 3148 2343 sacris
3206 2286 3428 2342 Litteris
3483 2285 3549 2340 ad

280 2368 437 2423 illum
474 2371 821 2427 transfertur.

351 2482 493 2549 Aq'.
515 2478 687 2537 Τίοῦν
714 2483 772 2536 τὸ
802 2484 1005 2555 κτίσμα
1027 2484 1389 2557 ὠφελήσειενς
1420 2487 1452 2558 ἢ
1487 2487 1645 2541 ποίαν
1673 2488 1866 2559 χρῆσιν

278 2576 520 2657 ποιεῖται
552 2575 687 2645 πρὸς
716 2575 813 2646 τὴν
836 2578 868 2646 ἠ
879 2576 993 2646 μῶν
1025 2579 1317 2649 σωτηρίαν,
1354 2580 1447 2633 καὶ
1482 2581 1617 2651 πρὸς
1644 2581 1741 2652 τὴν
1771 2581 1864 2634 τοῦ

278 2663 419 2717 Θεοῦ
454 2664 630 2731 Λόγου
666 2663 928 2735 ἔνσαρκον
961 2665 1267 2735 δοξολογίαν
1312 2667 1407 2721 καὶ
1439 2666 1647 2722 τελείαν
1681 2669 1867 2739 θεότη-

275 2771 347 2806 τα
368 2770 383 2818 ;
412 2753 478 2805 Τί
491 2754 850 2825 ὠφελεῖὴμᾶς
870 2755 930 2808 τὸ
949 2754 1128 2825 λέγειν
1145 2757 1306 2810 αὑτὸν
1326 2758 1557 2830 κτίσμα;
1579 2760 1644 2811 Τί
1660 2761 1864 2831 κτίσμα

276 2850 403 2910 ταῖς
437 2847 680 2901 κτίσεσιν
710 2848 1036 2919 ὲργάζεταις
1072 2849 1124 2902 τί
1157 2848 1359 2920 κτίσμα
1399 2850 1598 2919 ὠφελεῖ
1627 2850 1725 2914 τὰς
1753 2851 1887 2910 κτίο,

279 2952 431 2999 σεις;
466 2936 591 3000 Πῶς
633 2937 688 2990 δὲ
738 2937 950 2991 ἔκτισεν
994 2940 1023 2990 6
1062 2939 1193 3002 Θεὸς
1233 2939 1364 2995 Θεὸν
1391 2943 1471 3004 εἰς
1500 2942 1866 3013 προσκύνησιν

276 3028 476 3092 διδοὺς,
535 3029 697 3082 ὁπότε
754 3030 937 3099 λέγει·
998 3031 1094 3098 Μὴ
1145 3030 1407 3100 ποιήσῃς
1462 3032 1699 3098 σεαυτῷ
1746 3032 1869 3088 πᾶν

2044 2482 2282 2555 XXXVI.
2334 2482 2541 2553 Ecquid
2595 2499 2723 2555 ergo
2776 2484 3041 2556 prodesse
3093 2485 3250 2540 nobis
3301 2493 3549 2541 creatura

1971 2576 2188 2646 posset?
2232 2583 2325 2629 aut
2373 2577 2501 2644 quid
2535 2577 2600 2630 ad
2642 2578 2872 2630 salutem
2918 2577 3197 2631 hominum
3234 2577 3546 2644 conferret,

1971 2666 2055 2720 vel
2078 2665 2143 2719 ad
2163 2665 2333 2719 divini
2356 2663 2515 2718 Verbi
2541 2666 2807 2719 incarnati
2829 2666 3076 2735 gloriam,
3100 2665 3550 2736 divinitatemth

1974 2756 2311 2827 perfectam?
2340 2755 2501 2821 Quid,
2540 2757 2782 2826 inquam,
2812 2758 2971 2813 nobis
3004 2758 3286 2827 profuerit,
3315 2759 3358 2812 si
3390 2774 3547 2813 crea-

1975 2855 2154 2900 turam
2213 2847 2365 2901 illum
2410 2845 2746 2900 dixerimus?
2795 2846 2935 2912 Quid
2990 2856 3074 2900 est
3119 2847 3262 2915 quod
3300 2857 3548 2901 creatum

1975 2926 2181 3006 aliquid
2242 2936 2511 2990 creaturis
2571 2935 2849 3005 prodesse,
2904 2945 2997 2988 aut
3053 2935 3303 2989 utilitatis
3355 2922 3548 2989 afferre

1974 3027 2182 3096 possit?
2229 3027 2306 3079 Ad
2349 3028 2460 3080 hinc
2496 3026 2767 3095 quomodo
2816 3025 2959 3079 Deus
3015 3025 3182 3079 Deum
3231 3026 3454 3088 crearit,
3491 3032 3546 3080 et

279 3123 547 3191 ὁμοίωμα
589 3121 742 3191 μήτε
786 3121 883 3175 ἐπὶ
922 3121 1051 3192 γῆς,
1082 3123 1235 3192 μήτε
1280 3125 1350 3178 ἐν
1377 3125 1633 3192 οὐρανῷ,
1667 3124 1866 3193 καὶμὴ

1978 3118 2314 3173 adorandum
2355 3116 2675 3185 proposuit,
2708 3130 2830 3169 cum
2880 3117 3109 3183 ipsemet
3144 3114 3381 3167 dixerit:
3421 3113 3546 3170 Non

278 3211 737 3278 προσκυνήσεις
761 3210 955 3276 dimi);
986 3211 1105 3275 Πῶς
1136 3207 1229 3265 οῦν
1263 3212 1475 3268 ἔκτισεν
1511 3212 1695 3283 ἑαυτῷ
1716 3205 1863 3278 Υἱὺν,

278 3301 377 3357 καὶ
413 3301 638 3365 ἐπέταξε
666 3302 1119 3372 προσκυνεῖσθαι;
1159 3303 1390 3374 μάλιστα
1412 3303 1507 3360 τοῦ
1544 3304 1864 3358 Ἀποστόλου

278 3392 566 3459 λέγοντος’
618 3394 728 3446 Καὶ
778 3393 1154 3462 ἐλάτρευσαν
1199 3394 1274 3464 τῇ
1315 3396 1507 3450 κτίσει
1553 3396 1713 3464 παρὰ
1758 3394 1867 3448 τὸν

278 3487 595 3550 κτίσαντα,
628 3486 725 3539 καὶ
750 3464 1200 3556 ἐμωράνθησαν.
1232 3489 1431 3560 Μωρὺν
1468 3487 1576 3558 γὰρ
1599 3487 1659 3541 τὸ
1689 3488 1866 3540 κτίσιν

281 3576 576 3645 θεολογείν,
608 3578 819 3631 ἀθετεῖν
843 3577 901 3630 δὲ
940 3577 1163 3650 πρώτην
1190 3578 1408 3648 ἐντολὴν
1432 3579 1530 3650 τὴν
1560 3579 1823 3647 λέγουσαν
1847 3592 1860 3607 ·

281 3669 505 3736 Κύριον
540 3668 648 3722 τὸν
686 3670 836 3723 deor
876 3684 992 3723 σου
1039 3662 1509 3738 προσκυνήσεις,
1556 3669 1656 3723 καὶ
1704 3667 1863 3733 αὐτῷ

275 3763 447 3827 μόνῳ
491 3760 862 3831 λατρειξσεις.
906 3759 996 3812 Διὸ
1037 3761 1070 3830 ή
1105 3760 1236 3828 ἁγία
1264 3759 1356 3813 τοῦ
1394 3758 1863 3828 Θεοῦ-Ἐκκλησία

281 3848 344 3901 οὐ
374 3848 581 3917 κτίσμα
609 3852 928 3920 προσκυνεῖ,
947 3850 1083 3903 ἀλλὰ
1105 3850 1230 3904 Υἰὸν
1248 3850 1525 3921 γεννητὸν,
1559 3850 1777 3921 Πατέρα
1806 3852 1864 3904 ὲν

280 3940 421 4010 Υίῷ,
453 3940 581 3993 Υίὺν
607 3943 664 3993 ὲν
693 3941 885 4011 Πατρὶ,
917 3940 1013 3994 σὺν
1043 3941 1181 4011 ἁγίῳ
1225 3941 1517 4010 Πνεῦματι.
1566 3941 1724 3994 Ἀλλὰ
1755 3940 1863 4005 ναὶ,

283 4030 469 4100 φησίν.
514 4031 639 4084 Ἐὰν
670 4031 779 4103 γὰρ
810 4032 883 4102 μὴ
928 4033 1085 4095 εἴπω,
1119 4033 1202 4084 ὅτι
1235 4032 1458 4101 κτίσμα,
1490 4032 1671 4101 φησὶν,
1707 4031 1865 4085 ἐλάτ-

281 4139 450 4176 τωσιν
476 4122 768 4193 προσφέρω
789 4122 868 4192 τῷ
895 4123 1087 4193 Πατρί.
1118 4120 1191 4174 Τὸ
1212 4121 1317 4192 γὰρ
1346 4122 1559 4174 κτιστὺν
1585 4122 1683 4173 οὐκ
1712 4121 1866 4174 ἐλατ-

282 4217 368 4268 τοῖ
404 4214 495 4267 τὸν
546 4215 827 4269 κτίσαντα.
856 4215 930 4269 Τὸ
961 4214 1017 4268 δὲ
1050 4216 1447 4285 γεγεννημένον
1474 4214 1537 4268 ὲκ
1568 4213 1800 4282 φύσεως,
1830 4213 1863 4283 ἦ

283 4303 549 4375 συστολὴν
580 4303 888 4374 ἐργάζεται,
924 4306 957 4375 ἢ
992 4304 1328 4374 πλατυσμὸν,
1360 4304 1393 4374 ἦ
1430 4303 1673 4374 μείωσιν,
1703 4303 1735 4372 ἢ
1777 4320 1867 4355 το-

284 4395 417 4465 μὴν,
447 4395 482 4465 ἦ
512 4412 567 4447 τι
598 4394 708 4449 τῶν
737 4395 992 4449 τοιούτων
1019 4395 1206 4450 παθῶν
1236 4395 1539 4465 προσάπτει
1564 4392 1641 4463 τῷ
1670 4408 1862 4460 γεγεν-

1968 3210 2133 3280 facies
2168 3209 2262 3261 tibi
2291 3207 2695 3261 similitudinem
2735 3206 2900 3258 ullam
2925 3246 2939 3270 ,
2972 3221 3133 3274 neque
3163 3207 3216 3257 in
3253 3216 3414 3263 terra.
3448 3222 3541 3259 ue-

1965 3318 2063 3372 que
2088 3302 2142 3354 in
2172 3300 2333 3362 casio;
2357 3314 2516 3366 neque
2542 3297 2789 3351 adorabis
2812 3297 3002 3350 illam"
3024 3296 3049 3348 ?
3071 3296 3353 3361 Quomodo
3381 3296 3546 3365 igitur

1965 3395 2069 3449 sibi
2118 3392 2312 3446 Filium
2343 3392 2582 3455 creavit,
2635 3389 2961 3458 adorari-que
3002 3387 3205 3455 jussit?
3231 3386 3543 3441 Praesertim

1964 3501 2087 3540 cum
2116 3484 2410 3554 Aposmlus
2437 3482 2620 3535 dicat:
2654 3480 2718 3533 Et
2752 3483 3038 3533 servierunt
3084 3488 3341 3532 creatura:
3366 3479 3542 3546 potius

1970 3592 2129 3645 quam
2169 3575 2433 3638 Creatori,
2467 3582 2515 3627 et
2550 3573 2701 3625 stulti
2728 3571 2861 3640 facti
2889 3580 3008 3623 sunt
3039 3571 3081 3622 ⁸.
3116 3570 3353 3622 Stultum
3394 3567 3539 3622 enim

1964 3672 2051 3719 est
2082 3675 2348 3719 creaturae
2380 3663 2721 3717 divinitatem
2752 3660 3019 3722 tribuere,
3050 3673 3112 3712 ac
3144 3659 3377 3727 primum
3407 3657 3540 3725 legis

1962 3757 2166 3811 violare
2194 3756 2507 3809 mandatum
2537 3773 2549 3808 :
2583 3752 2869 3806 Dominum
2894 3750 3061 3804 Deum
3089 3760 3234 3802 tuum
3263 3749 3536 3807 adorabis.

1961 3857 2009 3902 et
2057 3847 2140 3901 illi
2175 3847 2277 3900 soli
2309 3845 2498 3899 servies
2533 3845 2575 3895 ’.
2602 3841 2892 3912 Propterea
2927 3847 3113 3895 sancta
3163 3837 3252 3893 Dei
3297 3837 3538 3891 Ecclesia

1963 3948 2272 3994 creaturam
2310 3952 2417 3991 non
2439 3936 2652 4000 adorat,
2684 3933 2778 3990 sed
2809 3933 3001 3988 Filium
3034 3933 3296 4001 genitum,
3321 3928 3533 3984 Patien

1964 4031 2018 4085 in
2052 4028 2213 4092 Filio,
2255 4026 2452 4082 Filium
2488 4027 2540 4080 in
2564 4025 2745 4089 Patre,
2770 4018 2903 4079 cum
2943 4023 3143 4093 Spiritu
3181 4030 3392 4076 sancto.
3423 4020 3538 4076 huo

1962 4139 2112 4186 vero,
2162 4120 2436 4189 inquiunt.
2488 4119 2590 4175 nisi
2649 4118 2792 4173 enim
2852 4126 3162 4188 creaturam
3208 4114 3358 4167 illum
3411 4129 3534 4166 esse

1963 4215 2181 4279 dixero,
2216 4210 2390 4265 Patris
2435 4209 2772 4276 majestate-ai
2810 4206 3095 4260 imminuo.
3145 4204 3354 4256 Etenim
3388 4201 3535 4271 quod

1962 4312 2203 4357 creatum
2242 4299 2460 4358 dicitur,
2494 4294 2807 4350 Creatorem
2845 4307 2951 4345 non
2986 4288 3202 4343 minuit.
3242 4287 3395 4354 Quod
3433 4303 3533 4341 auo

1964 4402 2071 4447 tem
2120 4408 2183 4447 ex
2220 4401 2413 4444 natura
2449 4387 2689 4455 genitum
2728 4393 2830 4446 est,
2871 4382 3295 4436 contractionem
3340 4393 3535 4448 quam-

280 4486 492 4559 νηκότι.
523 4486 700 4557 Πολλὴ
749 4486 807 4541 δὲ
848 4488 1029 4559 μωρία
1060 4488 1168 4541 τῶν
1215 4487 1438 4540 τοιαῦτα
1478 4484 1860 4555 λογιζομένων,

1970 4485 2113 4545 dam,
2138 4490 2233 4538 aut
2264 4481 2689 4541 collatationem,
2727 4489 2818 4531 aut
2850 4474 3287 4537 diminutionem,
3324 4480 3416 4524 aut
3446 4485 3536 4524 se-

279 4580 360 4644 ὼς
406 4581 499 4649 ἀφ’
529 4580 734 4633 ἑαυτῶν
761 4581 822 4634 τὸ
854 4580 1007 4634 Θεῖον
1047 4580 1307 4644 εἰκάζειν,
1332 4577 1425 4632 καὶ
1460 4576 1530 4631 τὰ
1557 4578 1635 4641 είς
1668 4576 1864 4639 αὐτοὺς

283 4672 431 4745 πάθη
483 4669 562 4741 τῷ
611 4670 730 4741 Θεῷ
779 4671 1112 4742 προσάπτειν
1163 4668 1533 4739 βουλομένων,
1585 4665 1679 4719 τοῦ
1725 4664 1861 4717 Θεοῦ

280 4762 530 4825 ἀπαθοῦς
570 4761 720 4824 ὖντος
760 4761 1055 4825 παντελῶς,
1095 4761 1189 4814 καὶ
1231 4761 1289 4813 ὲν
1317 4758 1394 4828 τῷ
1422 4758 1638 4828 γεννᾷν,
1669 4755 1764 4809 καὶ
1803 4756 1862 4808 ἐν

279 4856 360 4927 τῷ
386 4854 611 4919 κτίζειν.
648 4855 735 4918 Ὠς
758 4853 866 4925 γὰρ
888 4855 1050 4924 ἡμεῖς
1076 4854 1355 4924 πάσχομεν
1378 4848 1693 4919 γεννῶντες,
1715 4849 1863 4901 ἐπει-

277 4949 345 5019 δὴ
369 4944 583 5000 κτιστοί
615 4945 803 5015 ἐσμεν,
830 4945 972 4998 οὕτω
995 4944 1089 4997 καὶ
1114 4943 1393 5013 κάμνομεν
1424 4939 1717 5004 κτίζοντες.
1745 4938 1857 4992 Καὶ

279 5041 328 5092 εί
370 5036 573 5107 πάσχει
601 5038 630 5089 6
664 5036 851 5107 Πατὴρ
894 5033 1117 5104 γεννῶν,
1152 5034 1259 5106 ἄρα
1288 5033 1381 5087 καὶ
1412 5031 1610 5097 κτίζων
1636 5031 1853 5100 κάμνει.

279 5128 406 5191 Πῶς
430 5128 487 5181 δὲ
518 5128 646 5198 περὶ
669 5126 803 5181 Θεοῦ
823 5127 994 5190 πάθος
1020 5126 1164 5180 ἐστιν
1193 5128 1385 5190 είπεῖν,
1413 5125 1507 5178 καὶ
1526 5124 1585 5177 τὸ
1605 5123 1855 5194 κάμνειν,

280 5220 443 5290 εἰπερ
474 5219 710 5289 κάμνει;
750 5219 888 5273 Ἀλλ’
922 5219 984 5272 οὐ
1013 5219 1233 5289 κάμνει,
1267 5218 1343 5289 μὴ
1370 5217 1610 5286 γένοιτοῑ
1642 5217 1724 5270 Οὐ
1760 5233 1857 5270 κο-

281 5311 487 5366 πίάσει
518 5312 651 5382 γὰρ,
684 5312 847 5382 φησὶν
873 5313 906 5383 ἡ
931 5311 1139 5385 Γραφή.
1162 5310 1384 5381 Πνεῦμα
1411 5305 1503 5363 οὖν
1528 5310 1556 5363 6
1584 5308 1736 5374 Θεὸς,
1767 5306 1862 5361 καὶ

279 5402 510 5473 Πνεῦμα
562 5403 814 5474 ἀνάρχως
848 5403 942 5457 καὶ
984 5403 1227 5475 άχρόνως
1266 5402 1359 5457 τὸν
1394 5401 1523 5456 Υίδν
1551 5400 1860 5470 ἐγέννησεν,

357 5604 559 5659 ‘Joan.
588 5617 662 5659 vt.
691 5603 779 5656 33'.
859 5603 878 5633 ’
908 5598 1011 5654 lsa.
1039 5615 1112 5659 Ix.
1143 5600 1195 5655 5.
1272 5600 1293 5632 ³
1331 5597 1445 5653 Jo‘s.
1478 5616 1537 5659 ιι,
1574 5600 1593 5654 l
1630 5614 1746 5668 sqq.

1965 4577 2223 4641 ctionem,
2256 4582 2348 4627 aut
2371 4570 2642 4641 ejusmodi
2676 4569 3013 4623 allec-tionem
3038 4566 3271 4635 aliquam
3304 4564 3351 4618 ei
3380 4561 3535 4616 atl'ert

1965 4681 1994 4720 a
2050 4681 2159 4736 quo
2209 4664 2451 4736 genitum
2488 4670 2595 4717 est.
2653 4659 2758 4714 Sed
2798 4674 2986 4713 eorum
3032 4657 3122 4727 qui
3185 4657 3257 4709 ita
3293 4658 3536 4725 cog=tan¢

1965 4772 2177 4815 summa
2216 4749 2377 4825 plan’e
2421 4752 2649 4807 stultitia
2694 4760 2809 4810 est.
2847 4752 2938 4820 qui
2977 4749 3044 4802 de
3077 4748 3261 4802 divino
3308 4747 3535 4801 numine

1963 4849 2334 4917 conjecturam
2358 4863 2422 4901 ex
2456 4845 2652 4915 seipsis
2680 4844 2923 4913 capiunt,
2958 4840 3381 4908 alfectionesqne
3404 4851 3532 4890 suas

1964 4943 2019 4998 in
2065 4938 2231 4997 Deum
2281 4937 2664 4993 transfundere
2710 4943 2997 4999 conantur,
3037 4947 3159 4988 eum
3206 4939 3383 4984 tamen
3418 4936 3528 4980 tam

1965 5038 2018 5091 in
2051 5032 2381 5107 generando,
2411 5047 2573 5102 quam
2605 5031 2658 5084 in
2694 5030 2933 5085 creando
2965 5029 3032 5082 ab
3064 5029 3210 5082 omni
3242 5025 3529 5079 allectione
3578 5099 3591 5106 ~

1965 5128 2036 5184 sit
2073 5125 2349 5180 immunis.
2375 5122 2508 5176 Nam
2530 5121 2674 5193 quod
2701 5123 2764 5175 ad
2792 5137 2890 5177 nos
2912 5122 3125 5179 attinet,
3159 5117 3232 5171 uti
3260 5114 3529 5186 gignendo

1963 5219 2220 5290 patimur,
2255 5232 2321 5270 eo
2359 5213 2500 5285 quod
2539 5213 2705 5267 creati
2759 5203 2969 5270 sumus.
3002 5213 3072 5262 ita
3106 5219 3156 5261 et
3187 5205 3425 5261 creando
3467 5218 3530 5257 ac

1964 5307 2237 5362 moliendo
2268 5304 2575 5374 fatigamur.
2606 5300 2784 5369 Quare
2810 5302 2853 5357 si
2880 5296 3186 5371 generando
3211 5293 3371 5346 Pater
3392 5306 3530 5344 non-

1966 5398 2102 5454 nihil
2155 5397 2380 5469 patitur,
2435 5396 2598 5450 etiam
2654 5391 2892 5449 creando
2952 5388 3226 5457 fatigatur.
3290 5383 3528 5449 Quinam

1827 5598 1849 5630 δ
1884 5596 1898 5648 1
1930 5594 2054 5651 Cor.
2088 5611 2140 5653 x.
2172 5594 2226 5649 4.
2299 5594 2320 5625 ⁸
2349 5590 2452 5645 lsa.
2485 5604 2675 5654 xxvm,
2701 5585 2799 5652 ‘16;
2834 5582 3030 5654 Ephes.
3059 5596 3117 5647 ιι,
3149 5580 3243 5636 20.
3317 5578 3339 5610 ⁸
3362 5576 3529 5636 Joan.

283 5691 327 5739 ι.
362 5675 454 5730 36.
531 5675 551 5704 ⁷
587 5672 752 5727 Exod.
786 5689 875 5736 xx,
903 5672 955 5727 4.
1032 5672 1054 5703 ⁸
1091 5670 1247 5728 Rom.
1285 5686 1322 5735 ι,
1350 5671 1439 5724 25.
1515 5672 1535 5702 ⁹
1566 5664 1727 5725 Deut:
1756 5684 1830 5733 Vl,

2006 5665 2193 5720 Matth.
2227 5664 2280 5730 4,
2313 5664 2397 5718 ιι).
