3994 6226
424 326 531 381 259

1851 307 1891 360 S
1943 300 2284 360 EPIPIIANII

3575 278 3695 336 260

427 460 558 500 vero
601 443 709 496 Deo
749 440 910 495 tribui
955 439 1063 492 ulla
1102 433 1370 506 ejusmodi
1421 439 1597 503 potest
1643 427 2003 484 alleclio‘sivc

2137 423 2236 474 δεον
2261 422 2324 472 ὲκ
2349 415 2506 478 Θεοῦ,
2533 411 2649 482 φῶς
2682 411 2748 462 ὲκ
2778 407 2976 476 φωτὸς,
3011 401 3144 457 Θεὸν
3176 397 3425 470 ἀληθινὸν
3457 397 3522 449 ἐκ
3548 393 3700 448 Θεοῦ

427 537 780 606 del'atigatio?
806 533 960 587 Absit
992 546 1120 584 vero
1161 538 1219 581 ιιι
1265 527 1477 596 fatigari
1520 521 1839 576 credamus!
1874 516 1998 570 Non

427 629 565 681 enim
601 596 923 687 vtaborabit,
975 620 1152 690 inquit
1205 618 1489 685 Scriptura
1529 616 1568 667 ¹.
1617 612 1861 680 Denique
1921 623 2046 660 cum
2096 604 2240 658 Deus
2290 601 2360 654 sit
2419 596 2682 690 Spiritus,

2107 507 2384 581 ἀληθινοῦ,
2415 501 2744 574 γεννηθέντα
2772 499 2832 551 οὺ
2872 493 3178 550 κτισθέντα.

2727 589 2955 661 perinde
2999 596 3052 642 et
3097 583 3362 654 Spiritum
3411 579 3530 635 sine
3583 573 3704 629 ullo

429 722 586 776 initio
635 730 728 772 aut
768 676 1015 786 tempore
1051 676 1247 784 lgenuit
1296 708 1528 771 Filium,
1567 704 1735 760 Deum
1767 703 1834 758 de
1879 700 2010 764 Deo,
2055 699 2238 751 lumen
2280 693 2348 748 de
2387 690 2593 746 lumine
2617 726 2633 753 ,
2664 685 2839 740 Deum
2875 697 3062 738 verum
3095 679 3163 734 de
3223 676 3334 731 Deo
3373 688 3536 736 vero,
3603 685 3706 740 ge-

429 815 603 870 nitum
644 829 751 868 non
777 818 1045 874 creatum.

500 904 664 974 760
698 868 960 954 XXX-ill.
1002 898 1082 952 Ab
1126 897 1226 950 hac
1280 892 1576 964 Scriptum
1625 886 1898 943 sententia
1939 883 2006 938 ad

430 997 569 1050 alias
615 990 1009 1046 transeundum
1047 988 1209 1042 modo
1236 987 1396 1040 nobis
1421 991 1526 1047 est,
1557 997 1696 1052 quas
1722 992 2006 1050 perperam

431 1084 765 1153 accipientes
789 1094 1057 1148 usurpare
1084 1093 1147 1132 ac
1178 1078 1469 1132 decantare
1501 1075 1698 1134 solent,
1723 1086 1860 1141 quas
1888 1072 2010 1138 qui-

432 1177 556 1229 dem
585 1175 742 1228 initio
779 1169 1343 1226 commemoravimus.
1383 1166 1462 1220 Ac
1493 1165 1727 1236 primum
1760 1161 2006 1232 Apostoli

432 1267 648 1322 dictum
674 1263 807 1318 illud
854 1271 1058 1316 temere
1106 1258 1419 1329 pi'olerunt,
1465 1265 1518 1311 et
1557 1254 2010 1324 interpretatione

432 1370 536 1412 sua
564 1354 906 1424 depravant:
957 1348 1221 1418 Suscipite
1269 1348 1571 1416 pontiﬁcem
1609 1355 1870 1406 uestrum,
1921 1344 2011 1414 qui

435 1447 609 1516 ﬁdelis
645 1455 719 1499 est
751 1447 806 1499 ei
848 1443 938 1514 qui
980 1442 1101 1511 fecit
1135 1441 1362 1509 seipsum
1392 1442 1435 1492 ¹.
1475 1438 1580 1493 Sed
1616 1439 1848 1508 primum
1885 1435 2014 1505 Epi-

435 1538 638 1591 stolam
680 1537 848 1604 illam,
891 1551 1012 1606 quae
1057 1534 1122 1589 ad
1163 1533 1416 1588 Hebraeos
1451 1533 1656 1600 scripta
1694 1539 1812 1594 est,
1843 1543 2010 1598 repu-

434 1627 624 1691 diant,
655 1633 709 1681 et
744 1626 814 1681 ab
857 1624 1174 1695 apostolicis
1225 1623 1449 1692 scriptis
1479 1621 1760 1692 rejiciunt.
1795 1619 1870 1672 Ex
1904 1632 2014 1689 qua

2181 878 2304 932 AZ'.
2317 872 2731 946 Παρελεύσομαι
2755 869 2810 922 δὲ
2833 867 3104 922 καὶτοῦτο
3125 867 3188 919 τὸ
3215 866 3374 938 ῥητόν
3391 884 3404 896 ·
3432 867 3514 935 ἐφ’
3532 866 3708 937 ’ἐτερα

2110 969 2165 1022 δὲ
2195 967 2355 1020 πάλιν
2379 963 2604 1024 ἑαυτοὺς
2637 958 2908 1028 ὲπιδῶμεν
2943 955 3051 1010 τῶν
3084 956 3174 1009 ὑπ’
3203 953 3381 1008 αὐτῶν
3411 954 3467 1004 ὲν
3493 955 3710 1014 κακαῖς

2114 1057 2390 1118 ὑπονοίαις
2433 1051 2740 1123 λεγομένων
2784 1065 2846 1100 τε
2889 1046 2985 1100 καὶ
3035 1043 3330 1114 ᾀδομένων,
3383 1042 3490 1094 ἄνω
3514 1040 3576 1092 δέ
3610 1055 3712 1108 μοι

2117 1145 2592 1220 προτεταγμένων.
2629 1143 2740 1196 Καὶ
2767 1140 2877 1210 γάρ
2923 1137 3084 1190 πάλιν
3119 1135 3350 1206 χυδαίως
3379 1134 3506 1201 φασὶ
3541 1132 3714 1184 τοῦτο

2116 1243 2177 1295 τὸ
2209 1240 2370 1312 ῥητὸν
2401 1233 2927 1310 παρερμηνεύοντες,
2968 1229 3048 1293 τὸ,
3076 1227 3338 1292 Δέξασθε
3374 1225 3477 1278 τὸν
3501 1226 3717 1294 ἀρχιε-

2116 1333 2223 1402 ρέα
2254 1329 2423 1401 ὑμῶν
2464 1326 2685 1382 πιστὸν
2725 1324 2871 1377 ὄντα
2898 1320 2977 1385 τῷ
3001 1318 3321 1384 ποιήσαντι
3350 1316 3557 1370 αὐτόν.
3597 1315 3714 1368 Καὶ

2122 1423 2338 1495 πρῶτον
2396 1421 2493 1492 μὲν
2559 1418 2658 1489 τὴν
2717 1411 3036 1483 Ἐπιστολὴν
3088 1409 3292 1478 ταύτην
3320 1448 3334 1473 ,
3408 1407 3503 1478 τὴν
3566 1407 3715 1476 πρὸς

2130 1512 2414 1582 Ἐϐραίους
2443 1504 2994 1579 φημὶ,ἀπωθοῦνται,
3027 1500 3187 1570 φύσει
3219 1500 3386 1568 αὐτὴν
3419 1498 3717 1568 ἀναιροῦν-

2117 1621 2208 1668 τες
2242 1602 2349 1657 ἀπὸ
2376 1600 2471 1654 τοῦ
2507 1595 2852 1660 Ἀποστόλου,
2899 1593 2992 1648 καὶ
3025 1592 3273 1660 λέγοντες
3310 1588 3384 1660 μὴ
3431 1583 3575 1642 εἶναι
3610 1587 3716 1640 τοῦ

434 1727 620 1772 tamen
658 1718 838 1782 illam,
876 1716 956 1771 uti
997 1716 1130 1781 dixi,
1177 1715 1503 1770 sententiam
1544 1728 1642 1783 pro
1673 1712 1886 1781 privato
1914 1724 2016 1764 suo

2137 1695 2304 1750 ιὺτοῦ.
2341 1694 2414 1748 Τὸ
2446 1694 2503 1748 δὲ
2553 1692 2713 1763 ῥητὸν
2747 1689 2836 1745 διά
2865 1690 2963 1760 τὴν
2996 1688 3133 1741 ἰδίαν
3168 1685 3322 1740 νόσον
3349 1686 3427 1747 είς
3455 1684 3716 1750 ἑαυτοὺς,

439 1810 607 1864 animi
641 1810 832 1864 morbo
865 1809 1005 1864 male
1029 1809 1095 1862 ad
1123 1808 1435 1862 institutum
1456 1821 1615 1861 suum
1645 1803 2014 1870 transferunt;

439 1908 496 1955 et
525 1915 592 1955 ex
626 1900 710 1954 his
742 1900 945 1964 verbis,
979 1900 1068 1968 qui
1103 1899 1274 1968 ﬁdelis
1309 1906 1387 1952 est
1419 1897 1467 1951 ei
1491 1895 1581 1967 qui
1612 1894 1736 1963 fecit
1765 1897 2016 1962 seipsum,

440 2002 750 2047 creaturam
789 2007 912 2046 esse
965 1989 1166 2044 Filium
1211 1997 1489 2046 astruunt.
1540 1987 1739 2042 Verum
1783 1988 2019 2040 interro-

437 2101 572 2154 gare
601 2083 721 2138 illos
751 2083 1073 2153 prudentior
1113 2082 1312 2152 aliquis
1346 2081 1582 2151 poterit,
1608 2087 1662 2133 et
1694 2079 1768 2132 ita
1802 2092 2016 2146 urgere,

438 2183 505 2228 ut
527 2174 658 2244 quid
693 2172 1058 2242 respondeant
1088 2172 1221 2226 nihil
1244 2173 1510 2238 habeant;
1539 2171 1643 2225 hoc
1672 2169 1818 2224 enim
1849 2167 2018 2238 quaeri

439 2273 626 2336 potest
658 2284 671 2318 :
714 2263 1076 2330 Quandonam
1121 2263 1394 2335 pontiﬁcis
1431 2277 1628 2317 nomen
1669 2260 1801 2315 illud
1829 2258 2019 2314 Domi-

446 2372 550 2410 nus
587 2363 776 2408 ItOSlCI‘
805 2355 1184 2424 assumpserit.
1227 2352 1346 2408 Non
1376 2353 1522 2408 enim
1549 2360 1676 2406 ante
1706 2358 2019 2420 susceptam

438 2463 664 2501 carnem
724 2446 1035 2502 istiusmodi
1080 2445 1303 2500 nomina
1344 2444 1576 2501 sortitus
1613 2450 1737 2509 est,
1772 2452 1832 2496 ut
1883 2443 2021 2512 lapis

444 2544 755 2602 vocaretur,
786 2543 840 2590 et
885 2536 1006 2590 ovis
1041 2537 1108 2588 ad
1148 2534 1486 2590 occisionem
1527 2533 1712 2589 oblata
1745 2533 1797 2600 ³;
1839 2533 1968 2588 item
2004 2551 2018 2588 :

444 2625 635 2689 homo,
665 2635 718 2679 ct
747 2623 919 2679 Filius
943 2624 1203 2690 hominis,
1230 2623 1436 2694 aquila,
1463 2636 1659 2694 agnus,
1692 2631 1747 2678 et
1774 2623 1826 2678 id
1852 2638 2025 2693 genus

449 2718 575 2780 alia,
613 2731 735 2786 quae
760 2725 884 2786 post
910 2715 1344 2770 incarnationem
1371 2714 1549 2770 eidem
1579 2715 1839 2770 attributa
1875 2725 2022 2770 sunt.

443 2803 569 2872 Qua
600 2805 812 2860 ratione
837 2807 1079 2876 pontifex
1109 2820 1327 2876 quoque
1355 2805 1536 2862 dictus
1560 2813 1664 2872 est,
1692 2806 1763 2860 ob
1786 2805 2024 2876 elogium

451 2896 585 2951 illud
604 2935 618 2959 ,
648 2896 795 2966 quod
820 2897 886 2952 de
917 2898 1038 2967 ipso
1078 2897 1132 2950 in
1163 2897 1278 2967 lege
1300 2896 1627 2966 pradicatur
1653 2915 1666 2952 :
1701 2895 2027 2967 Prophetant

449 2998 516 3036 ex
542 2983 802 3052 fratribus
833 2985 1020 3040 vestris
1049 2985 1326 3039 suscitabit
1357 2984 1614 3040 Dominus
1638 2984 1778 3040 Deus
1809 2985 1952 3040 vobis
1980 2984 2025 3042 ⁵.

2117 1790 2194 1854 ὡς
2245 1790 2526 1860 προεῖπον,
2574 1784 2761 1849 κακῶς
2805 1782 3136 1851 ἐκδέχονται,
3171 1778 3334 1849 δῆθεν
3366 1778 3470 1831 ἀπὸ
3496 1776 3592 1830 τοῦ
3627 1778 3719 1828 εί-

2125 1877 2383 1949 ρημένου,
2429 1876 2512 1928 ὅτι
2550 1874 2770 1928 πιστὸν
2804 1872 2949 1926 ὄντα
3001 1870 3081 1935 τῷ
3132 1869 3451 1936 ποιήσαντι
3492 1868 3717 1933 αὑτὸν,

2119 1970 2178 2023 τὸ
2212 1968 2417 2039 κτίσμα
2450 1966 2931 2039 παρεισφέροντες.
2977 1963 3302 2035 Ἐρωτήσειε
3331 1962 3373 2015 δ’
3402 1962 3467 2015 ἄν
3493 1979 3580 2023 τις
3612 1963 3722 2014 αὐ-

2118 2065 2230 2124 τοῖς
2258 2061 2470 2114 σύνεσιν
2494 2058 2849 2129 κεκτημένος,
2882 2057 2972 2109 καὶ
2999 2056 3355 2126 ἀπορήσουσι,
3390 2054 3463 2126 μὴ
3489 2054 3722 2125 ἔχοντες

2121 2153 2174 2206 τί
2205 2152 2665 2223 ἀποκριθήσονται
2699 2150 2782 2202 ὅτι
2836 2148 2939 2200 Τὸν
2968 2147 3228 2218 ἀρχιερέα
3259 2146 3389 2199 πότε
3439 2145 3723 2218 προσελά-

2123 2243 2248 2295 6ετο
2273 2245 2301 2296 ό
2329 2240 2533 2312 Κύριος
2566 2239 2722 2310 ἡμῶν
2748 2238 2918 2308 ὄνομα
2948 2235 3096 2306 αὐτῷ
3122 2235 3419 2289 καλεῖσθαι.
3453 2235 3721 2306 Οὐδαμοῦ

2123 2332 2232 2404 γὰρ
2249 2331 2354 2403 πρὸ
2381 2332 2480 2403 τῆς
2510 2331 2773 2402 ὲνσάρκου
2799 2328 2964 2382 αὑτοῦ
2987 2328 3286 2399 παρουσίας
3308 2327 3478 2381 ταῦτα
3497 2327 3627 2397 ἔσχε
3645 2328 3725 2381 τὰ

2123 2425 2385 2496 ὀνόματα,
2418 2425 2479 2477 τὸ
2503 2423 2650 2476 λίθον
2676 2423 2974 2487 καλεῖσθαι,
3007 2421 3067 2475 τὸ
3097 2422 3366 2492 πρόϐατον
3388 2422 3467 2485 εἰς
3493 2422 3724 2493 σφαγὴν

2125 2516 2408 2588 φέρεσθαι,
2431 2514 2492 2568 τὸ
2519 2515 2802 2586 ἄνθρωπον
2831 2515 2925 2568 καὶ
2949 2514 3074 2567 Υίὺν
3100 2511 3410 2588 ἀνθρώπου,
3443 2513 3502 2566 τὸ
3527 2514 3721 2580 ἀετὸς,

2125 2610 2222 2664 καὶ
2263 2609 2469 2680 ἀρνίον,
2504 2609 2600 2661 καί
2633 2609 2702 2661 τὰ
2747 2607 2883 2662 ἄλλα
2925 2607 3125 2672 πάντα,
3167 2607 3376 2678 ὅσαπερ
3423 2607 3500 2670 είς
3545 2606 3724 2676 αὑτὸν

2127 2703 2269 2757 κατά
2313 2705 2410 2775 τὴν
2446 2702 2708 2775 ἐνσαρκον
2759 2702 3063 2774 παρουσίαν
3107 2702 3460 2772 ἀναφέρεται,
3491 2701 3567 2764 ὡς
3620 2703 3722 2755 καὶ

2127 2795 2388 2867 ἀρχιερέα
2432 2796 2593 2849 αὐτὸν
2645 2795 2926 2850 καλεῖσθαι
2969 2793 3035 2848 δι’
3085 2794 3152 2864 ἢν
3189 2795 3217 2847 ὁ
3254 2793 3414 2864 νόμος
3444 2794 3726 2864 ἐκήρυττε

2128 2889 2257 2960 περὶ
2287 2888 2452 2943 αὑτοῦ
2490 2889 2766 2953 ὑπόθεσιν,
2813 2890 2896 2941 ὅτι
2925 2889 3248 2958 Προφήτην
3284 2888 3353 2941 ἐκ
3393 2886 3511 2940 τῶν
3538 2889 3725 2942 d681-

2128 2982 2260 3050 φῶν
2292 2980 2457 3051 ὑμῶν
2485 2981 2682 3051 ἐγερεῖ
2706 2983 2922 3049 Κύριος
2957 2985 2992 3036 ὁ
3028 2983 3172 3048 Θεὸς
3215 2981 3378 3051 ὑμῖν.
3413 2981 3555 3051 ’Δρα
3587 2982 3726 3050 γοῦν

450 3072 633 3140 Quare
663 3074 1006 3145 prophetam,
1038 3082 1092 3130 et
1125 3075 1461 3146 pontiﬁcem,
1496 3081 1550 3131 et
1587 3089 1650 3128 ex
1683 3075 1816 3145 ipsis
1851 3075 2029 3132 susei-

2137 3073 2222 3127 τὸν
2255 3075 2560 3144 προφήτην,
2595 3074 2690 3128 καὶ
2718 3073 3002 3145 ἀρχιερέα,
3039 3075 3134 3126 καὶ
3163 3073 3222 3131 τὸ
3249 3073 3306 3139 ἐξ
3339 3075 3541 3137 αὐτῶν,
3581 3075 3727 3144 μετά

453 3172 624 3216 tatum
657 3175 775 3230 post
809 3163 951 3217 illam
985 3165 1040 3218 in
1083 3165 1246 3221 terris
1287 3165 1677 3221 habitationem
1698 3206 1713 3229 ,
1749 3166 2033 3238 Scriptura

455 3253 746 3308 manifeste
778 3253 1042 3309 declarat.
1077 3257 1156 3311 Ex
1195 3271 1306 3328 quo
1338 3257 1644 3313 certissime
1687 3259 1815 3314 illud
1856 3269 2037 3330 potest

457 3344 744 3412 intelligi:
799 3347 1258 3415 quemadmodum
1337 3349 1538 3403 invicta
1596 3349 1689 3405 Dei
1749 3352 1924 3406 virtus
1972 3368 2036 3407 ac

458 3435 831 3504 praescientia,
880 3447 939 3490 ut
969 3452 1032 3491 os
1062 3453 1224 3492 omne
1265 3439 1564 3508 praeeludat
1593 3440 1857 3496 adversus
1893 3442 2037 3496 veri-

458 3533 623 3576 tatem
654 3524 963 3595 insurgens,
995 3541 1122 3580 cum
1147 3527 1453 3582 admirabili
1484 3531 1722 3599 quadam
1751 3532 1871 3586 lucc
1899 3547 2039 3602 pric-

459 3615 663 3669 dixerit
695 3630 755 3668 ac
798 3617 1098 3671 lirmaverit
1128 3620 1332 3672 omnia.
1373 3620 1464 3674 Sic
1496 3622 1660 3691 igitur
1699 3624 1792 3677 illo
1828 3624 2039 3682 l0c0.itt

461 3706 821 3773 sequentibus
864 3706 1063 3776 legitur
1090 3725 1104 3761 :
1135 3707 1321 3762 Omnis
1357 3711 1594 3780 pontifex
1631 3729 1696 3766 ex
1741 3714 2038 3768 [caminibus

461 3807 785 3865 assumptus,
847 3813 942 3866 pro
991 3798 1292 3855 hominibus
1338 3806 1698 3868 constituitur,
1749 3815 1804 3859 ut
1851 3807 2040 3876 o/Terat

461 3888 602 3942 dona
640 3901 688 3943 et
723 3892 994 3961 sacriﬁcia
1036 3909 1132 3962 pro
1177 3898 1440 3963 peccatis;
1469 3899 1558 3968 qui
1593 3901 1759 3967 possit
1789 3902 2039 3970 compati.

465 3979 846 4036 Necessitatem
883 3985 1021 4037 enim
1053 3985 1205 4040 habet
1239 3997 1288 4040 et
1330 4003 1425 4055 pro
1453 3992 1563 4043 suis
1591 3989 1801 4045 delictis
1830 3993 2041 4060 o/ferrc.

465 4075 573 4140 Qui
599 4085 775 4130 autem
807 4087 1077 4145 peccatum
1111 4095 1216 4132 non
1251 4080 1424 4145 habet,
1457 4084 1683 4150 seipsum
1716 4083 1905 4137 obtulit
1932 4085 2039 4141 Pa-

466 4166 534 4219 tri
565 4167 607 4220 ⁵.
648 4165 747 4222 Ubi
778 4168 894 4224 haec
926 4169 1112 4235 verba,
1146 4186 1210 4224 ex
1235 4171 1532 4227 hominibus
1552 4213 1568 4238 ,
1600 4174 1666 4228 ad
1713 4175 2046 4232 incarnatio-

463 4274 588 4312 nem
623 4261 927 4330 pertinent;
960 4263 1075 4317 lucc
1105 4274 1312 4330 autem,
1349 4281 1455 4342 non
1485 4280 1548 4320 ea:
1576 4265 1875 4322 hominibus
1903 4309 1916 4333 ,
1955 4277 2042 4336 ct,

465 4367 570 4404 non
612 4351 809 4406 habens
841 4355 1225 4421 necessitatem,
1277 4357 1616 4412 divinitatem
1664 4359 1904 4414 indicant
1930 4400 1945 4426 ,
1987 4370 2047 4415 ut

2135 3167 2234 3238 τὴν
2275 3165 2508 3220 ἐνταῦθα
2541 3168 2865 3238 κατακωχὴν
2899 3165 3189 3238 ὲρμηνεύει
3227 3166 3413 3236 σαφῶς
3443 3167 3472 3218 ὁ
3518 3165 3682 3234 λόγος
3709 3181 3724 3194 °

2134 3260 2210 3324 ὡς
2242 3261 2337 3314 καὶ
2367 3259 2651 3332 ἀραρότως
2681 3260 2828 3314 ἔστιν
2865 3261 3011 3325 ἰδεῖν,
3053 3260 3170 3323 πῶς
3214 3259 3374 3312 πάλιν
3401 3263 3434 3330 ἡ
3464 3259 3731 3327 ἀνίκητος

2135 3349 2230 3404 τοῦ
2255 3349 2390 3404 θεοῦ
2419 3350 2646 3421 δύναμις
2687 3351 2781 3404 καὶ
2816 3351 3149 3419 προγνωσία,
3186 3353 3264 3413 εἰς
3287 3349 3348 3402 τὸ
3378 3349 3582 3421 φράξαι
3617 3351 3731 3401 πᾶν

2140 3442 2314 3512 στόμα
2343 3443 2757 3514 ἐπεγειρόμενον
2783 3443 2925 3497 κατά
2949 3443 3047 3514 τῆς
3070 3443 3348 3514 ἀληθείας,
3380 3443 3559 3496 πάντα
3588 3441 3733 3512 μετὰ

2139 3531 2460 3604 θαυμαστῆς
2485 3535 2845 3603 φωταγωγίας
2873 3534 3254 3605 προεθέσπισε,
3294 3533 3388 3586 καὶ
3421 3533 3734 3603 ἠσφαλίσαο

2139 3640 2220 3676 το.
2265 3624 2466 3678 Φάσκει
2513 3625 2623 3696 γάρ
2675 3625 2848 3690 οὕτως
2897 3627 2954 3678 ἐν
3001 3628 3068 3696 τῇ
3115 3626 3251 3696 αὐτῇ
3287 3624 3612 3694 ἀκολουθία·
3646 3624 3734 3677 ὅτι

2139 3714 2267 3781 Πᾶς
2292 3715 2599 3785 ἀρχιερεὺς
2629 3715 2698 3781 ἐξ
2732 3715 3060 3785 ἀνθρώπων
3084 3717 3537 3786 λαμϐανόμενος
3576 3715 3736 3781 ὑπὲρ

2140 3806 2466 3875 ἀνθρώπων
2493 3808 2862 3872 καθίσταται,
2887 3810 2974 3874 είς
2996 3808 3061 3861 τὸ
3086 3807 3451 3876 προσφέρειν
3481 3805 3642 3873 δῶρά
3667 3823 3738 3859 τε

2143 3899 2241 3952 καὶ
2283 3899 2520 3963 θυσίας,
2561 3898 2896 3968 δυνάμενος
2934 3898 3373 3968 μετριοπαθεῖν.
3431 3897 3738 3966 Ἀνάγκην

2143 3991 2254 4059 γὰρ
2285 3990 2411 4060 ἔχει
2441 3991 2539 4043 καὶ
2577 3991 2711 4060 περὶ
2757 3990 2876 4044 τῶν
2912 3991 3079 4045 ἰδίων
3106 3989 3420 4061 ἁμαρτιῶν.
3460 3990 3524 4072 'Q
3556 3989 3737 4058 δὲμὴ

2145 4083 2302 4152 ἔχων
2325 4082 2619 4151 ἁμαρτίαν
2648 4083 2866 4138 ἑαυτὸν
2893 4082 3269 4153 προσήνεγκε
3292 4081 3373 4148 τῷ
3390 4083 3594 4149 Πατρί.
3623 4083 3737 4134 Καὶ

2144 4173 2206 4225 τὸ
2239 4171 2337 4241 μὲν
2379 4173 2448 4225 ἐκ
2481 4171 2601 4225 τῶν
2636 4173 2964 4241 ἀνθρώπων
2997 4172 3089 4226 διὰ
3130 4173 3229 4243 τὴν
3261 4172 3645 4242 ὲνδημίανητὺ
3675 4173 3737 4224 δὲ

2148 4265 2259 4318 οὐκ
2292 4263 2361 4328 ἐξ
2395 4264 2744 4333 ἀνθρώπων,
2788 4265 2949 4335 τὸμὴ
2993 4267 3148 4335 ἔχων
3187 4263 3460 4335 ἀνάγκην
3509 4263 3598 4316 διὰ
3637 4264 3736 4333 τὴν

2150 4355 2412 4426 θεότηταο
2444 4357 2538 4410 καὶ
2565 4358 2693 4428 περὶ
2719 4360 2818 4429 τῆς
2846 4356 3010 4410 αὑτοῦ
3046 4357 3296 4427 θεότητός
3326 4372 3486 4427 φησι·
3519 4358 3737 4422 καίπερ

465 4449 521 4494 ct
551 4442 663 4508 illa,
693 4445 930 4511 quamvis
965 4456 1099 4499 esset
1135 4445 1332 4500 Filius.
1365 4443 1490 4502 I-latc
1519 4457 1729 4512 autem,
1763 4449 1950 4504 didicit
1979 4467 2030 4505 ea

2147 4448 2232 4503 ὢν
2267 4449 2419 4514 Υἱός.
2477 4450 2614 4521 Περὶ
2660 4449 2716 4503 δὲ
2762 4451 2861 4521 τῆς
2895 4449 3161 4523 ὲνσάρκου
3204 4447 3369 4504 αὐτοῦ
3405 4449 3735 4521 παρουσίας,

467 4531 547 4584 his
580 4549 696 4602 qua:
728 4549 918 4602 passus
957 4547 1074 4601 est,
1125 4537 1194 4592 ad
1247 4548 1586 4610 assumptam
1629 4556 1851 4596 carnem
1903 4542 2047 4599 refe-

469 4628 638 4681 renda
670 4637 818 4682 sunt.

545 4718 833 4776 XXXVIII.
875 4719 1043 4778 Vides
1094 4729 1154 4777 ut
1194 4723 1377 4777 omnia
1431 4739 1552 4794 quae
1587 4723 1808 4780 Christo
1848 4739 2050 4781 conve-

470 4813 654 4876 niunt,
688 4813 848 4882 plana
886 4814 1069 4870 sintet
1099 4817 1418 4885 perspicua,
1457 4831 1633 4885 neque
1660 4816 1956 4885 quidquam
1993 4817 2050 4872 in

472 4903 560 4960 Iris
613 4905 683 4960 sit
719 4906 1040 4975 impeditum
1089 4915 1181 4960 aut
1216 4905 1555 4977 perplexum.
1602 4905 1736 4960 Nam
1784 4907 1899 4962 haec
1933 4909 2051 4978 ipsa

470 4996 658 5052 verba.
688 4998 984 5066 pontiﬁcem
1008 5038 1022 5063 ,
1069 4999 1157 5068 qui
1199 4997 1370 5066 ﬁdelis
1406 5005 1482 5051 est
1508 4997 1576 5064 ei,
1601 4998 1687 5066 qui
1707 4996 1828 5066 fecit
1855 4999 2048 5068 ipsum,

473 5086 631 5158 761
668 5087 802 5141 nihil
829 5087 896 5142 ad
930 5089 1177 5160 corporis
1208 5087 1624 5154 formationem,
1664 5095 1756 5142 aut
1795 5089 2050 5148 incarna-

471 5183 701 5245 tionem,
733 5190 825 5233 aut
855 5194 984 5234 vero
1007 5180 1341 5234 creationem
1372 5184 1664 5247 spectant;
1699 5177 1793 5231 sed
1823 5178 2051 5249 dignita-

474 5282 583 5328 tem
626 5274 800 5338 illam,
853 5288 917 5328 ac
959 5275 1184 5329 ceeleste
1233 5287 1432 5326 munus
1481 5270 1748 5335 indicant,
1784 5273 1926 5340 quod
1975 5273 2050 5326 illi

476 5375 756 5436 assumpta
776 5366 888 5436 jam
912 5381 1076 5421 carne
1098 5366 1354 5420 collatum
1383 5371 1489 5418 est.
1534 5363 1654 5428 Quo
1683 5364 1844 5417 etiam
1875 5372 1928 5418 et
1972 5364 2052 5418 lo-

477 5473 576 5513 cus
608 5460 709 5515 iste
743 5460 1063 5516 referendus
1096 5468 1180 5515 est
1217 5479 1230 5513 :
1271 5457 1429 5512 Dedit
1476 5457 1522 5510 ei
1555 5471 1760 5518 nomen,
1806 5457 1945 5526 quod
1974 5468 2051 5511 cst

479 5565 633 5618 super
665 5567 814 5606 omne
858 5569 1043 5607 nomen
1077 5553 1118 5607 °.
1162 5550 1275 5605 IIoc
1305 5551 1448 5605 enim
1483 5563 1588 5602 non
1637 5555 1794 5602 antea
1825 5549 1878 5602 in
1915 5549 2052 5604 divi-

552 5725 572 5760 ¹
598 5724 700 5780 Isa.
736 5741 823 5792 ιι,
854 5727 943 5780 '28.
1020 5729 1039 5758 '
1067 5727 1228 5784 lIebr.
1257 5744 1338 5795 III,
1375 5729 1422 5791 l.
1454 5728 1506 5783 2.
1591 5729 1611 5760 ³
1639 5728 1740 5783 lsa.
1777 5742 1894 5791 Lm,
1928 5725 1983 5780 7.

2158 4539 2410 4609 Ἐμαθεν
2436 4539 2506 4606 ἐξ
2531 4535 2619 4595 ὧν
2649 4539 2855 4608 ἔπαθε,
2895 4541 3047 4614 φησί.

2230 4713 2360 4770 AH'.
2394 4717 2506 4770 Kal.
2529 4716 2683 4789 ὁρᾷς,
2729 4718 2811 4771 ὅτι
2841 4719 3021 4773 πάντα
3052 4718 3144 4773 τοῦ
3195 4720 3437 4792 Χριστοῦ
3475 4721 3613 4784 λεῖα,
3645 4722 3743 4776 καὶ

2157 4805 2308 4859 οὐδὲν
2339 4808 2397 4860 ὲν
2436 4808 2620 4870 αὐτοῖς
2667 4808 3126 4879 στραγγαλιῶδες.
3176 4810 3250 4863 Τὸ
3289 4809 3418 4880 γὰρ,
3463 4811 3745 4880 ἀρχιερέα

2157 4898 2380 4953 πιστὸν
2418 4899 2564 4953 ὄντα
2592 4898 2672 4965 τῷ
2712 4901 3031 4967 ποιήσαντι
3059 4902 3266 4967 αὐτὸν,
3294 4903 3414 4964 οὐδὲ
3441 4907 3540 4974 τὴν
3570 4906 3745 4978 αὐτὴν

2159 4988 2355 5047 πλάσιν
2404 4991 2637 5046 ἐνταῦθα
2685 4991 2952 5061 διηγεῖται
2997 4993 3090 5047 τοῦ
3143 4994 3414 5064 σώματος,
3471 4996 3593 5050 οὐδὲ
3643 4999 3746 5068 τῆς

2155 5082 2320 5137 αὐτοῦ
2360 5085 2843 5157 ἐνανθρωπήσεως,
2861 5087 2921 5140 οὐ
2947 5087 3074 5158 περὶ
3098 5088 3327 5152 κτίσεως
3353 5088 3491 5152 ὅλως
3520 5090 3745 5157 φάσκει,

2155 5175 2290 5230 ἀλλά
2327 5177 2465 5248 μετά
2491 5177 2589 5248 τὴν
2618 5177 2739 5249 ἐνδη
2749 5178 2875 5249 μίαν
2902 5178 2996 5232 τοῦ
3036 5179 3344 5251 ἀξιώματος
3375 5179 3437 5232 τὸ
3463 5181 3743 5251 χάρισμα·

2157 5269 2232 5335 ὼς
2267 5272 2362 5324 καὶ⁵
2413 5271 2474 5323 τὸ
2528 5273 2853 5343 εἰρημένον·
2913 5273 3177 5327 Ἔδωκεν
3227 5272 3390 5339 αὐτῷ
3441 5275 3632 5344 ὄνομα
3681 5277 3745 5331 τὸ

2157 5363 2310 5433 ὑπὲρ
2345 5363 2468 5418 πᾶν
2499 5364 2704 5434 ὄνομα.
2755 5365 2866 5418 Καὶ
2913 5368 2975 5419 οὐ
3023 5365 3214 5438 πρώην
3250 5366 3409 5420 τοῦτο
3440 5368 3748 5440 ἐπληροῦτο

2157 5458 2216 5510 ὲν
2241 5460 2307 5528 τῇ
2343 5456 2580 5526 θεότητι,
2614 5457 2750 5510 ἀλλὰ
2781 5461 2846 5529 τῇ
2895 5458 2991 5512 νῦν
3041 5458 3346 5529 παρουσία·
3383 5458 3680 5531 ἐπειδήπερ
3711 5458 3746 5524 ἡ

2156 5549 2322 5603 αὑτοῦ
2372 5547 2784 5622 ἐνανθρώπησις
2829 5552 2863 5621 ἡ
2911 5551 2976 5605 ἐκ
3010 5551 3225 5623 Μαρίας
3263 5549 3454 5604 ἐλαϐεν
3487 5552 3658 5622 ὄνομα
3685 5551 3751 5604 ἰδ

2061 5725 2082 5756 δ
2111 5723 2267 5782 Dcul.
2314 5741 2470 5795 xvm,
2505 5728 2590 5784 15.
2669 5729 2689 5760 ⁵
2723 5725 2887 5784 liebr.
2924 5728 3028 5796 v,I
3067 5743 3188 5799 sqq.
3266 5733 3288 5764 ⁸
3319 5725 3556 5795 Philipp.
3585 5743 3646 5790 ιι,
3686 5727 3737 5782 9.
