3994 6226
309 327 411 384 τοι

955 333 1327 391 ADVERSUS
1366 334 1710 393 il/ERESES
1749 336 1876 393 LIB.
1920 338 1983 392 ll.
2027 340 2186 395 ΤΟΜ.
2232 341 2367 396 l|.—
2409 342 2682 402 HAERES.
2723 345 2910 401 LXIX.

3480 352 3589 409 262

304 444 451 515 ὑπὲρ
480 446 592 498 πᾶν
624 444 814 516 όνομα,
864 447 960 499 σὺν
990 448 1067 519 τῷ
1108 448 1226 519 Θεῷ
1267 450 1427 521 Λόγῳ
1459 452 1895 506 καλεῖσθαι-Υίὸι

2011 458 2202 519 nitate,
2234 459 2326 512 sed
2358 458 2411 512 in
2447 459 2825 515 incarnatione
2858 458 3159 530 perfectum
3192 469 3295 528 est,
3332 479 3454 518 cum
3482 466 3590 520 sei-

302 535 465 587 Θεοῦ.
508 537 618 588 Καὶ
669 536 756 589 διά
795 536 954 591 τοῦτο
997 540 1091 593 καὶ
1120 540 1188 592 δι’
1225 541 1392 593 αὑτοῦ
1438 542 1533 595 τοῦ
1581 544 1904 599 ’Λποστόλου

304 625 545 679 ἐνταῦθα
572 627 732 681 πάλιν
756 630 945 700 εἴρηκε
966 646 981 661 ο
1016 632 1124 683 Τὸν
1144 630 1213 683 δὲ
1232 633 1433 701 ,ϐραχύ
1462 650 1515 686 τι
1554 637 1690 703 παρ’
1717 635 1908 703 ἀλλή-

306 720 458 782 λους
486 717 909 788 ἠλαττωμένον
933 721 1251 791 βλέπομεν
1293 725 1538 790 Ἰησοῦν
1563 723 1660 780 διὰ
1692 727 1757 779 τὸ
1791 727 1905 780 πά-

305 811 470 876 θημα
498 810 607 863 τοῦ
628 811 893 866 θανάτου
917 812 1066 884 δόξῃ
1094 816 1190 869 καὶ
1222 816 1361 886 τιμῇ
1384 818 1905 890 ἐστεφανωμένον-³

305 897 397 951 ἵνα
430 900 459 952 6
496 899 762 972 δεσπότης
803 904 1050 973 ἀγγέλων
1080 906 1176 959 καὶ
1213 908 1443 980 ποιητὴς
1478 912 1608 983 παρ’
1640 912 1906 981 ἀγγέλους

305 990 693 1063 ἧλαττωμένος
716 995 913 1066 φανείη
951 997 980 1049 6
1017 999 1243 1069 φρικτὸς
1278 1001 1372 1053 καὶ
1404 1001 1631 1073 φοϐερὸς
1657 1006 1770 1067 τοῖς
1803 1006 1904 1073 ἀγ-

304 1082 511 1152 γέλοις,
540 1084 633 1137 καὶ
657 1084 715 1150 ἐξ
741 1085 840 1139 οὐκ
865 1087 1034 1142 ὄντων
1060 1091 1257 1155 αὐτοὺς
1288 1093 1480 1157 κτίσας
1508 1096 1605 1149 σὺν
1636 1095 1711 1166 τῷ
1732 1098 1905 1167 Πατρὶ

304 1178 402 1228 καὶ
431 1179 527 1230 σὺν
554 1176 632 1247 τῷ
657 1179 797 1248 ἁγίῳ
822 1180 1101 1253 Πνεύματι
1131 1184 1514 1255 ἡλαττωμένος
1545 1186 1784 1256 λέγοιτο’
1811 1190 1906 1242 καί¹

304 1269 503 1340 φανείη
541 1262 750 1339 σαφῶς,
780 1273 863 1326 ὅτι
888 1276 949 1327 οὐ
976 1277 1104 1348 περὶ
1136 1276 1391 1349 θεότητος
1415 1278 1651 1333 ἐνταῦθα
1678 1280 1901 1350 φάσκει,

303 1358 446 1411 ἀλλά
475 1360 603 1431 περὶ
630 1361 729 1431 τῆς
772 1363 939 1418 αὑτοῦ
972 1368 1191 1436 σαρκός.
1238 1369 1475 1440 Πάθημα
1515 1370 1625 1442 γάρ
1666 1371 1902 1425 Θανάτου

302 1451 367 1503 οὐ
394 1452 502 1522 πρὸ
541 1452 743 1524 σαρκὸς
772 1456 853 1518 είς
876 1457 967 1510 τὸν
996 1459 1169 1528 Λόγον
1210 1461 1578 1531 ἀναλογεῖται,
1606 1464 1739 1519 ἀλλὰ
1766 1466 1903 1537 μετά

303 1544 405 1615 τὴν
449 1544 713 1617 ἐνσαρκον
761 1552 1067 1619 παρουσίαν
1118 1554 1211 1609 τοῦ
1254 1556 1421 1611 αὑτοῦ
1471 1559 1717 1623 ἀπαθοῦς
1748 1560 1904 1625 ὄντος

302 1636 402 1689 καὶ
438 1636 685 1708 παθητοῦ
707 1655 721 1669 '
751 1640 997 1705 ἀπαθοῦς
1024 1644 1124 1715 μὲν
1162 1646 1313 1711 ὄντος
1344 1650 1404 1703 ἐν
1435 1652 1501 1721 τῇ
1530 1650 1764 1721 θεότητι,
1798 1651 1903 1706 πά-

304 1745 532 1798 σχοντος
568 1729 626 1782 δὲ
674 1732 732 1784 ἐν
777 1736 844 1803 τῇ
876 1733 1225 1807 ἀνθρωπήσει
1244 1757 1256 1769 ·
1287 1738 1362 1803 ὼς
1389 1741 1483 1794 καὶ
1514 1742 1582 1795 τὰ
1615 1742 1900 1813 ἀμφότερα

2012 550 2136 604 licet
2159 550 2397 604 humana
2420 552 2592 620 ipsius
2617 562 2832 614 natura,
2860 569 3021 622 quam
3046 571 3110 609 ex
3138 555 3304 609 Maria
3330 559 3586 627 sumpsit,

2011 658 2209 696 nomen
2262 651 2345 698 est
2389 644 2659 713 ejusmodi
2720 654 3040 711 consecuta,
3078 647 3223 716 quod
3269 651 3449 702 omnia
3492 664 3589 703 no-

2009 736 2159 788 mina
2191 735 2456 806 dignitate
2484 744 2790 805 superaret,
2821 744 2880 789 ut
2903 752 3025 791 cmn
3056 738 3241 792 divino
3256 737 3434 794 Verbo
3457 757 3592 795 conc

2003 828 2213 899 juncta,
2270 829 2359 882 Dei
2393 825 2563 883 Filius
2603 829 2991 898 appellaretur.
3034 830 3210 896 Quam
3261 831 3333 886 ob
3364 846 3588 885 causam

2008 937 2105 991 per
2134 920 2381 974 eutmlem
2416 919 2735 990 Apostolum
2764 920 2869 976 hoc
2920 922 3042 976 loco
3072 922 3208 976 dixit
3242 942 3255 975 :
3296 923 3450 976 Hunc
3485 940 3585 976 au-

2010 1023 2108 1067 tem
2138 1013 2299 1081 paulo
2330 1013 2503 1065 minus
2539 1012 2602 1064 ab
2637 1012 2841 1082 angelis
2875 1013 3196 1065 minoratum
3223 1013 3454 1068 videmus
3495 1013 3589 1070 Je-

2007 1120 2123 1158 sum
2159 1109 2220 1156 ob
2266 1104 2566 1173 passionem
2604 1105 2789 1157 mortis
2829 1104 3003 1173 gloria
3045 1114 3093 1157 et
3141 1105 3337 1158 honore
3368 1122 3590 1159 corona-

2009 1206 2119 1249 tum
2152 1180 2190 1249 ί.
2218 1195 2337 1261 Quo
2365 1197 2573 1251 scilicet
2603 1196 2920 1266 angelorum
2946 1193 3208 1250 Dominus
3232 1204 3284 1250 et
3312 1196 3586 1261 conditor,

2007 1288 2214 1359 angelis
2254 1289 2435 1343 minor
2470 1287 2646 1342 factus
2678 1302 2800 1341 esse
2837 1285 3139 1352 videretur,
3183 1287 3305 1349 ille,
3340 1288 3586 1357 inquam,

2006 1380 2124 1449 ipse
2155 1379 2362 1449 angelis
2392 1380 2718 1434 metuendus
2745 1394 2807 1433 ac
2836 1380 3117 1443 terribilis,
3145 1394 3285 1449 quos
3315 1379 3383 1433 de
3417 1380 3589 1433 nihilo

2005 1486 2129 1523 cum
2167 1468 2327 1525 Patre
2356 1479 2410 1522 et
2436 1468 2642 1537 Spiritu
2678 1476 2867 1524 sancto
2902 1470 3127 1535 creavit,
3165 1469 3345 1522 minor
3377 1469 3590 1524 dicere-

2006 1561 2116 1617 tur,
2166 1562 2426 1624 certoque
2483 1562 2784 1618 constaret,
2834 1570 2941 1609 non
3002 1555 3068 1610 de
3126 1556 3246 1625 ejus
3301 1557 3588 1613 divinitate

2003 1648 2333 1703 mentionem
2371 1646 2473 1701 hoc
2505 1646 2626 1701 loco
2670 1647 2780 1701 fieri
2810 1689 2824 1713 ,
2852 1647 2945 1701 sed
2980 1647 3047 1702 de
3078 1664 3246 1702 carne
3293 1648 3580 1705 duntaxat.

2004 1735 2195 1790 Mortis
2228 1736 2372 1790 enim
2402 1735 2587 1805 passio
2621 1752 2730 1789 non
2761 1730 3080 1805 priusquam
3112 1752 3331 1791 carnem
3376 1737 3585 1793 induis-

302 1824 388 1877 ἑνὶ
414 1825 714 1895 πληροῦται
738 1826 829 1880 τὸ¹
864 1828 992 1893 Υἱὸς
1020 1830 1307 1902 ἀνθρώπου
1337 1835 1395 1886 ἐν
1425 1834 1628 1905 ταυτῷ,
1665 1836 1760 1888 καὶ
1774 1836 1895 1900 Υίὸς

2007 1834 2110 1890 set,
2144 1825 2324 1881 Verbo
2354 1826 2446 1881 Dei
2480 1827 2691 1880 ratione
2720 1826 2953 1895 quadam
2987 1828 3452 1893 accommodatur,
3487 1831 3582 1883 sed

301 1916 443 1969 Θεοῦ
493 1920 549 1971 ἐν
587 1918 789 1991 ταυτῷ.
828 1920 995 1991 Ὅμοῦ
1026 1922 1133 1995 γὰρ
1165 1925 1400 1997 Χριστὸς
1428 1928 1485 1980 ἐν
1518 1929 1629 1992 τοϊς
1657 1927 1895 1999 ἀμφοτέ-

2005 1928 2129 1989 post
2167 1918 2412 1989 ejusdem
2461 1918 2892 1973 incarnationem
2936 1934 2948 1970 :
2991 1918 3083 1987 qui
3125 1933 3233 1971 una
3281 1927 3335 1973 et
3368 1921 3583 1989 passio-

304 2025 423 2077 ροις
447 2009 477 2061 6
503 2009 631 2073 Tib;
659 2010 926 2066 καλεῖται.

2002 2013 2089 2068 nis
2115 2026 2313 2081 expers
2350 2018 2467 2076 est,
2501 2019 2555 2065 et
2589 2010 2860 2064 obnoxius
2905 2011 3147 2079 passioni
3180 2029 3193 2065 :
3231 2028 3424 2082 expers
3456 2013 3584 2083 qui-

302 2101 461 2159 dem.
494 2100 637 2170 quod
695 2102 762 2155 ad
807 2103 1146 2160 divinitatem
1189 2108 1422 2175 attinet;
1475 2108 1747 2164 obnoxius
1801 2121 1953 2170 vero,
2020 2103 2065 2160 si
2106 2102 2349 2157 hominis
2402 2111 2653 2156 naturam
2705 2099 3039 2155 consideres.
3090 2101 3246 2168 Quod
3292 2115 3586 2173 utrumque

308 2194 364 2247 in
402 2212 516 2250 uno
565 2196 890 2266 completur,
929 2206 988 2251 ut
1047 2208 1099 2253 et
1136 2198 1305 2256 Filius
1354 2202 1593 2257 hominis
1643 2202 1696 2255 in
1752 2201 1964 2263 eodem,
2015 2205 2070 2252 et
2123 2194 2217 2250 Dei
2263 2193 2436 2250 Filius
2495 2195 2548 2248 in
2596 2194 2786 2250 eodem
2843 2199 3096 2254 exsistat.
3133 2198 3388 2255 Christus
3436 2197 3585 2251 enim

310 2289 606 2345 utroltioue
639 2287 731 2344 Dei
764 2288 935 2345 Filius
960 2300 1207 2345 vocatur.

374 2380 497 2432 AB’.
538 2381 603 2433 Τί
629 2376 722 2434 οὖν
788 2384 1040 2457 ἐποίησεν
1098 2385 1259 2440 αῠτόν
1298 2402 1313 2449 ;
1363 2385 1427 2438 Οἱ
1456 2383 1892 2453 φιλονεικοῦντες

308 2470 557 2541 μάθωσιν
590 2472 698 2525 ἀπὸ
739 2473 851 2527 τῶν
893 2475 1307 2546 προειρημένων
1343 2476 1583 2542 πάντων,
1625 2478 1705 2531 ὅτι
1740 2476 1891 2530 οὐδὲν

302 2564 387 2626 είς
414 2562 513 2633 τὴν
542 2563 773 2636 θεότητα
795 2567 852 2618 ἐν
878 2566 956 2637 τῷ
981 2567 1135 2639 ῥητῷ
1156 2568 1332 2639 τούτῳ
1359 2569 1727 2639 ἀναλογεῖται,
1755 2568 1894 2623 ἀλλά

304 2654 390 2718 είς
414 2654 513 2722 τὴν
542 2654 805 2726 ένσαρκον
834 2659 1157 2728 παρουσίαν.
1190 2660 1298 2712 Kal
1324 2660 1444 2714 οὐδὲ
1470 2661 1547 2724 ὼς
1572 2661 1700 2732 περὶ
1734 2661 1892 2731 ποιή-

304 2762 449 2810 σεως
473 2746 506 2816 ἢ
531 2747 829 2818 κτίσματος
853 2789 868 2809 ,
908 2749 1022 2802 ἀλλ’
1054 2750 1129 2816 ὡς
1158 2752 1284 2822 περὶ
1306 2750 1616 2823 ἀξιώματος
1634 2752 1772 2823 μετά
1792 2752 1891 2819 τὴν

304 2837 632 2907 παρουσίαν.
670 2838 731 2890 τὸ
773 2838 1082 2906 ἐποίησεν.
1136 2841 1307 2894 Αὑτὸν
1352 2843 1634 2912 ἐρωτήσας
1665 2842 1773 2913 γάρ
1806 2842 1892 2905 τίς

302 2943 429 2980 τινα
455 2926 679 2996 βασιλέα
713 2927 953 2999 περὶτοῦ
988 2927 1117 2981 ίδίου
1164 2929 1303 2994 υίοῦ,
1339 2931 1421 2983 ὅτι
1454 2931 1518 2983 Τί
1544 2947 1624 2984 σοι
1650 2930 1891 2999 πέφυκεν

304 3010 618 3091 οῦτοςςθκαὶ
652 3018 875 3073 ἀκούσει
914 3021 1046 3091 παρ’
1095 3020 1293 3083 αὐτοῦ,
1333 3022 1415 3074 ὅτι
1436 3021 1564 3085 Υἱός
1615 3021 1714 3091 μού
1752 3025 1887 3074 ἐστι.

304 3110 534 3182 Γνήσιος
558 3106 650 3163 οὖν
684 3126 765 3162 σοι
788 3109 1045 3181 ὑπάρχει,
1075 3110 1109 3182 ἢ
1140 3110 1328 3174 νόθος;
1374 3111 1431 3163 Ὀ
1462 3110 1518 3163 δέ
1550 3128 1682 3182 φησι
1708 3127 1721 3142 ·
1755 3111 1894 3181 Γνή-

2062 2371 2305 2428 XXXIX.
2348 2372 2618 2438 Quidnam
2672 2373 2837 2444 igitur
2866 2384 2951 2431 est
2980 2375 3126 2447 quod
3169 2376 3348 2447 ipsum
3386 2375 3583 2432 fecisse

1996 2466 2239 2524 dicitur?
2275 2465 2496 2521 Discant
2530 2466 2706 2535 arguti
2750 2481 2813 2520 ac
2870 2467 3199 2521 contentiosi
3231 2467 3479 2523 homines
3513 2485 3581 2522 ex

1996 2560 2067 2616 iis
2097 2572 2218 2628 qua:
2248 2557 2514 2611 hactenus
2544 2554 2690 2609 dicta
2734 2565 2885 2620 sunt,
2929 2556 3065 2610 nihil
3098 2556 3199 2610 hoc
3230 2558 3283 2610 in
3310 2558 3430 2611 loco
3458 2572 3583 2612 esse

1994 2646 2143 2722 quod
2183 2648 2249 2705 ad
2283 2648 2625 2705 divinitatem
2654 2648 2944 2718 pertineat,
2994 2647 3087 2702 sed
3131 2648 3196 2702 ad
3246 2649 3577 2704 incarnatioo

1997 2759 2120 2798 nem
2151 2742 2334 2798 omnia
2392 2739 2607 2796 referri.
2637 2740 2712 2794 Ita
2770 2750 2974 2806 tamen,
3011 2749 3068 2793 ut
3103 2739 3171 2794 de
3218 2740 3496 2795 creatione
3528 2748 3583 2795 et

1998 2834 2283 2890 eﬂ‘eetione
2323 2833 2472 2886 nulla
2526 2833 2597 2885 sit
2632 2831 2878 2895 mentio;
2935 2830 3029 2886 sed
3080 2832 3147 2887 de
3185 2847 3248 2886 ea
3298 2832 3581 2902 dignitate,

1997 2939 2161 2995 quam
2192 2930 2448 2993 suscepta
2498 2937 2662 2977 carne
2702 2930 3032 2978 COIlSCCUltlS
3064 2929 3168 2988 est,
3200 2939 3276 2977 eae
3300 2939 3460 2979 γυορε
3490 2940 3583 2978 ae-

1997 3015 2263 3085 cipiendae
2302 3014 2435 3078 sint,
2471 3014 2593 3082 fecit
2619 3015 2811 3082 ipsum.
2851 3012 2939 3068 Sic
2966 3015 3110 3069 enim
3136 3031 3254 3068 sese
3274 3032 3360 3070 res
3396 3016 3579 3082 habet,

1999 3115 2058 3161 ut
2089 3107 2134 3162 si
2153 3106 2277 3177 quis
2300 3106 2368 3161 al)
2392 3120 2520 3176 rege
2536 3105 2602 3160 de
2630 3106 2739 3160 tilio
2773 3122 2874 3161 suo
2903 3114 3284 3177 percontetur;
3327 3107 3578 3173 Quanam

306 3214 425 3260 αιος
461 3197 521 3260 ἐξ
554 3196 690 3267 ἐμοῦ
726 3197 982 3268 ὑπάρχει.
1018 3198 1083 3251 Τί
1121 3194 1214 3252 οὖν
1254 3198 1415 3253 αὐτὸν
1451 3200 1745 3271 ἐποίησας;
1780 3200 1891 3255 Βα-

2001 3198 2101 3255 iste
2126 3198 2228 3253 tibi
2279 3198 2564 3267 sanguinis
2599 3198 2922 3267 cognatione
2951 3199 3282 3268 eonjunctus
3311 3199 3427 3254 est?
3464 3208 3579 3253 tum

305 3288 459 3342 σιλέα
504 3286 665 3341 αὐτὸν
706 3290 960 3359 ἐποίησα.
1003 3288 1171 3359 Δῆλον
1223 3290 1389 3359 μηδὲν
1434 3290 1890 3362 παρηλλαγμένον

301 3380 405 3450 τῆς
441 3380 534 3433 τοῦ
578 3386 787 3453 πατρὸς
832 3379 999 3434 αὑτοῦ
1034 3381 1210 3446 ἀξίας.
1246 3382 1355 3436 Καὶ
1396 3382 1519 3453 οὐχὶ
1554 3384 1771 3448 πάντως
1804 3385 1891 3439 διὰ

303 3472 365 3526 τὸ
399 3473 703 3543 εἰρηκέναι,
757 3473 1022 3544 Ἐποίησα
1056 3474 1217 3526 αὑτὸν
1254 3473 1477 3543 βασιλέα
1499 3514 1513 3538 ,
1546 3476 1697 3546 παρά
1732 3476 1892 3531 τοῦτο

305 3564 539 3616 Ἐκτισα
570 3564 754 3627 αὐτὸν,
774 3564 922 3632 λέγει
941 3567 970 3617 6
995 3564 1274 3634 βασιλεύςο
1299 3566 1359 3618 οὐ
1387 3566 1497 3637 γὰρ
1516 3566 1613 3637 τὴν
1639 3568 1890 3639 γέννησιν

302 3656 602 3726 ἠρνήσατο,
627 3657 693 3725 ἢν
722 3656 1039 3728 ὡμολόγησε
1070 3658 1479 3728 γεγεννηκέναι,
1506 3658 1564 3711 ἐν
1588 3658 1664 3729 τῷ
1695 3662 1887 3725 είπεῖν,

316 3748 582 3817 Ἐποίησα
600 3765 613 3778 ·
644 3748 757 3801 ἀλλ’
776 3748 992 3820 ἐκείνην
1018 3749 1115 3819 μὲν
1146 3749 1332 3818 ea};th
1364 3750 1698 3821 ἀπεφήνατο,
1724 3750 1784 3803 τὸ
1810 3751 1887 3814 δὲ,

303 3838 692 3910 ἐποίησα,περὶ
705 3836 861 3902 ἀξίας
881 3837 1171 3909 ἐδήλωσεν.
1190 3836 1347 3891 υῦτω
1364 3840 1458 3892 καὶ
1470 3840 1499 3891 6
1518 3839 1643 3903 Υἱὸς
1655 3840 1782 3903 Υίὸς
1794 3839 1890 3893 τοῦ

303 3930 519 4001 Πατρὸς
557 3929 942 4000 ἀναμφιϐόλως
974 3932 1085 3995 τοῖς
1121 3929 1266 4001 ζωὴν
1296 3930 1539 3985 ἐθέλουσι
1576 3932 1891 3985 πιστεύεταί

303 4039 364 4075 τε
390 4022 486 4075 καὶ
515 4023 938 4093 προσκυνεῖται·
978 4022 1036 4074 τὸ
1066 4021 1122 4074 δὲ
1150 4022 1411 4093 ἀρχιερέα
1441 4022 1725 4090 γενέσθαι,
1755 4024 1890 4077 διότι

304 4115 365 4167 ἐν
391 4113 471 4185 τῷ
503 4113 715 4185 σώματι
761 4112 927 4167 αὑτοῦ
960 4112 1037 4184 τῷ
1071 4114 1249 4185 Πατρὶ
1286 4114 1476 4169 ἑαυτὸν
1517 4116 1892 4187 προσήνεγκεν

305 4206 452 4276 ὑπὲρ
478 4207 577 4277 τῆς
597 4205 1039 4276 ἀνθρωπότητος,
1066 4205 1228 4269 αὐτὸς
1253 4206 1453 4278 ἱερεὺς,
1481 4205 1643 4271 αὐτὸς
1674 4207 1889 4278 ἱερεῖον,

304 4298 498 4352 ἑαυτὸν
530 4298 628 4369 μὲν
678 4298 1054 4371 προσήνεγκεν
1087 4296 1229 4368 ὑπὲρ
1274 4297 1456 4367 πάσης
1506 4297 1607 4368 τῆς
1659 4298 1892 4363 κτίσεως

303 4390 714 4463 ἀρχιερατεύων
733 4407 746 4422 ⁶
781 4389 987 4453 ἀναϐὰς
1016 4389 1072 4443 δὲ
1104 4390 1488 4460 πνευματικῶς
1512 4391 1604 4444 καὶ
1632 4391 1889 4458 ἐνδόξως,

304 4485 365 4538 ἐν
396 4482 546 4555 αὐτῷ
581 4482 661 4554 τῷ
697 4482 911 4556 σώματι
950 4482 1204 4538 ἐκάθισεν
1235 4485 1292 4537 ἐν
1327 4484 1478 4555 δεξιᾷ
1510 4484 1605 4538 τοῦ
1647 4486 1888 4557 Πατρὸς,

1995 3290 2087 3346 ille
2144 3289 2508 3361 respondeat:
2541 3289 2712 3343 Filius
2760 3304 2917 3344 meus
2972 3300 3085 3356 est;
3130 3299 3317 3360 pergat
3357 3289 3578 3353 deinde,

1994 3392 2048 3437 et
2081 3398 2443 3454 germanusne
2483 3384 2553 3437 sit
2584 3398 2650 3435 an
2708 3384 2930 3452 spurius
2978 3390 3129 3452 roget
3160 3400 3172 3436 :
3208 3380 3316 3436 Rex
3347 3391 3528 3437 autem
3562 3399 3578 3436 :

1998 3474 2328 3539 Germanus,
2361 3482 2415 3528 et
2448 3490 2475 3526 a
2517 3490 2601 3528 me
2633 3474 2869 3544 genitus,
2909 3474 3187 3542 subjiciat.
3223 3473 3363 3539 Quid
3413 3474 3579 3544 igitur

1996 3569 2144 3622 illum
2182 3567 2398 3624 fecisti?
2431 3567 2651 3638 Regem,
2678 3567 2873 3637 inquit,
2901 3566 3024 3621 feci.
3056 3566 3131 3621 Ex
3157 3583 3267 3637 quo
3294 3567 3581 3624 manifeste

1994 3659 2263 3730 sequitur,
2297 3659 2521 3713 minime
2551 3658 2698 3713 hunc
2732 3674 2855 3713 esse
2878 3658 3161 3730 dignitatis
3194 3669 3435 3728 paterna:
3466 3658 3583 3713 dis-

1993 3752 2250 3807 similem.
2279 3748 2391 3804 Nec
2420 3765 2486 3805 eo
2522 3749 2667 3819 quod
2702 3765 2793 3803 rex
2825 3748 3004 3803 dicat:
3030 3747 3228 3817 Regem
3268 3750 3418 3801 illum
3452 3749 3578 3817 feci,

1993 3842 2245 3899 eumdem
2284 3856 2343 3897 se
2374 3856 2594 3896 creasse
2651 3840 2964 3898 confitetur.
3010 3838 3130 3893 Non
3172 3840 3317 3893 enim
3348 3855 3582 3911 genera-

1994 3937 2196 3992 tionem
2239 3934 2535 3999 inficiatur,
2568 3948 2691 3989 cum
2740 3948 2865 3985 eum
2905 3947 2964 3987 se
3003 3931 3261 4000 genuisse
3302 3932 3447 3986 dicat
3476 3932 3581 3986 hoc

1996 4031 2136 4102 ipso,
2166 4028 2311 4099 quod
2367 4027 2563 4081 fecisse
2610 4040 2669 4080 se
2700 4031 2908 4089 narrat,
2944 4024 3105 4094 762
3146 4022 3239 4077 sed
3276 4038 3400 4077 cum
3432 4024 3579 4077 illam

1994 4131 2181 4196 aperte
2215 4123 2555 4193 proﬁteatur,
2590 4118 2822 4172 faciendi
2856 4118 3213 4171 nihilominus
3252 4117 3479 4170 verbum
3510 4116 3577 4170 ad

1995 4216 2311 4287 dignitatem
2360 4213 2568 4267 retulit.
2606 4210 2874 4265 Similiter
2919 4217 2972 4265 et
3020 4208 3193 4265 Filius
3238 4208 3417 4264 Patris
3458 4211 3582 4278 qui-

1994 4311 2117 4366 dem
2143 4306 2316 4362 Filius
2351 4306 2468 4362 sine
2499 4305 2606 4359 ulla
2642 4303 2983 4359 dubitatione
3016 4305 3083 4357 ab
3114 4303 3222 4359 illis
3258 4303 3500 4357 creditur
3526 4311 3581 4357 et

1997 4402 2259 4457 adorator
2286 4400 2377 4470 qui
2409 4399 2574 4453 vitam
2607 4397 2857 4453 obtinere
2886 4396 3116 4464 cupiunt
3147 4415 3159 4450 :
3188 4394 3427 4465 pontifex
3451 4409 3583 4450 vero

1996 4494 2205 4548 idcirco
2263 4491 2453 4555 fuisse,
2488 4488 2634 4560 quod
2686 4490 2741 4543 in
2800 4503 2902 4545 suo
2940 4502 3171 4557 corpore
3207 4502 3305 4557 pro
3339 4486 3583 4541 humano

307 4574 555 4647 γεγονὼς
595 4578 884 4648 ἀρχιερεὺς
928 4580 1010 4642 είς
1037 4578 1098 4631 τὸ
1124 4576 1404 4648 διηνεκὲς,
1446 4576 1541 4630 καὶ
1578 4576 1895 4649 διεληλυθὼς

2012 4594 2210 4652 genere
2238 4578 2383 4634 Patri
2420 4579 2771 4649 semetipsum
2805 4578 3097 4644 obtulerit;
3150 4577 3290 4632 idem
3321 4587 3373 4631 et
3401 4592 3583 4632 sacer.

305 4670 434 4735 τοὺς
465 4670 732 4742 οὐρανοὺς
765 4671 849 4739 ἐφ’
886 4670 1053 4736 ἅπαξ,
1077 4670 1154 4733 ὼς
1186 4671 1454 4741 μαρτυρεῖ
1482 4670 1610 4741 περὶ
1644 4669 1807 4723 αὑτοῦ
1832 4672 1890 4723 ἐν

302 4765 427 4826 ταῖς
478 4761 718 4831 καθεξῆς
772 4762 984 4830 λέξεσιν
1030 4763 1059 4815 6
1108 4761 1271 4825 αὐτὸς
1330 4761 1483 4830 ἀγιος
1548 4761 1891 4825 Ἀπόστολος.

303 4855 419 4908 Καὶ
448 4853 674 4919 ἐξέπεσε
704 4854 866 4908 πάλιν
910 4853 1115 4907 τούτων
1154 4855 1189 4923 ἡ
1222 4852 1627 4925 προφασιστικὴ
1670 4851 1892 4926 διαλογὴ

300 4945 407 5016 τῆς
428 4944 581 5009 θείας
612 4945 839 5016 Γραφῆς
858 4988 873 5011 ,
908 4943 1149 5014 ζωτικῆς
1178 4942 1347 5014 οὔσης
1366 4984 1380 5009 ,
1410 4945 1505 4996 ml
1538 4944 1702 5015 μηδὲν
1735 4945 1892 5014 ἐχού-

305 5055 409 5109 σης
450 5040 531 5102 είς
576 5039 912 5111 πρόσκομμα
956 5039 1198 5103 πιστοῖς,
1225 5037 1259 5109 ἢ
1288 5039 1369 5101 εἰς
1397 5038 1687 5110 ἐλάττωμα
1725 5038 1891 5109 βλασ-

304 5148 382 5202 φη
393 5130 521 5201 μίας
551 5132 687 5203 πρὸς
707 5131 799 5185 τὸν
825 5130 1018 5199 Λόγον.

1994 4673 2095 4728 dos
2123 4672 2306 4736 simul,
2330 4679 2385 4726 et
2412 4671 2591 4727 hostia
2627 4687 2726 4742 pro
2765 4673 2912 4725 omni
2937 4678 3190 4725 creatura
3224 4670 3580 4739 pontiﬁcatus

1996 4766 2173 4821 ollicio
2221 4764 2450 4834 fungens
2509 4766 2749 4835 seipsum
2790 4764 3006 4830 obtulit,
3039 4774 3151 4817 tum
3194 4762 3582 4834 spiritaliquo-

1995 4859 2119 4914 dam
2155 4856 2341 4921 modo,
2372 4864 2426 4911 et
2482 4856 2686 4928 ingenti
2742 4871 2867 4911 cum
2900 4857 3069 4927 gloria
3107 4855 3423 4915 subvectus,
3455 4868 3581 4907 cum

1995 4952 2185 5008 eodem
2234 4953 2328 5007 illo
2379 4966 2611 5023 corpore
2657 4950 2724 5005 ad
2768 4949 2949 5005 Patris
2991 4948 3272 5004 dexteram
3309 4946 3581 5007 consedit,

1998 5045 2333 5099 constitutus
2367 5045 2420 5098 in
2455 5052 2718 5099 aeternum
2760 5040 2999 5113 pontifex
3026 5042 3068 5104 ³,
3104 5056 3165 5093 ac
3206 5041 3458 5094 caelestes
3496 5051 3584 5090 on.

2000 5132 2097 5190 bes
2149 5135 2319 5189 semel
2372 5149 2718 5205 permensus,
2755 5139 2813 5187 ut
2863 5133 3003 5187 idem
3051 5130 3344 5201 Apostolus
3393 5129 3446 5180 in
3500 5142 3587 5179 sm

304 5228 605 5299 quentibus
640 5228 903 5283 declarat.
936 5225 1087 5284 Unde
1127 5235 1241 5282 tota
1273 5228 1389 5283 hate
1428 5227 1645 5281 illorum
1682 5224 1747 5279 ad
1799 5226 2131 5283 calumniam
2175 5232 2655 5301 eaptationemque
2690 5228 2995 5298 composita
3026 5228 3091 5281 de
3133 5221 3433 5291 Scripturis
3470 5218 3580 5273 dis~

308 5326 519 5398 putatio
562 5325 813 5380 corruit:
852 5338 975 5394 qlia:
1027 5325 1246 5395 quidem
1301 5323 1600 5395 Scripturaa
1641 5338 1766 5377 cum
1820 5323 1943 5377 vitae
2000 5324 2377 5397 impertienda:
2420 5328 2529 5382 vim
2566 5327 2787 5393 habent,
2842 5335 2955 5378 tum
2998 5322 3131 5376 nihil
3169 5319 3471 5378 continent,
3518 5315 3582 5370 ad

302 5417 453 5486 quod
510 5413 696 5471 fideles
747 5415 1061 5482 oﬂ'endant;
1094 5424 1188 5471 aut
1226 5416 1371 5487 quod
1416 5418 1485 5471 ad
1526 5416 1691 5471 ullam
1728 5414 1891 5471 Verbi
1928 5420 2340 5489 contumeliam,
2402 5421 2633 5492 ejusque
2664 5419 2949 5491 dignitatis
3016 5411 3453 5468 imminutionem
3495 5423 3589 5461 ae-

302 5509 644 5565 commodari
666 5508 790 5580 jure
816 5509 1006 5580 possit.

375 5608 463 5665 M'.
508 5606 643 5663 Εἶτα
679 5609 952 5681 μέμνηται
982 5608 1143 5662 πάλιν
1173 5608 1361 5681 ἐτέρου
1388 5608 1575 5683 ῥητοῦ,
1601 5610 1677 5676 ὡς
1719 5608 1895 5664 Ἰωάν-

2072 5603 2191 5663 'XL.
2232 5606 2410 5661 Alium
2443 5613 2703 5676 przcterca
2764 5602 2943 5656 locum
2975 5598 3138 5655 Arius
3170 5612 3583 5656 connnemorat.

386 5769 401 5798 ⁸
446 5766 509 5820 F.
549 5763 651 5836 τῷ.
728 5766 749 5798 ⁸
792 5763 958 5819 ilebr.
994 5779 1055 5828 ιι,
1086 5764 1139 5818 9.
1219 5765 1239 5797 ³
1276 5762 1438 5819 liehr.
1470 5782 1544 5827 vt,
1576 5764 1666 5819 20.
