3994 6226
392 301 501 357 265

1805 293 1861 349 S.
1904 290 2251 348 EPIPHANII

3556 292 3686 351 ,δε

392 443 451 481 ιιι
505 437 617 494 quo
649 420 908 485 Joannes,
948 432 1076 477 cum
1115 433 1171 472 tn
1212 416 1434 472 deserto
1476 423 1670 479 staret,
1729 425 1784 470 et
1825 430 1976 469 acce-

2090 433 2187 487 νης
2216 413 2390 479 ἑστὼς
2421 414 2480 468 έν
2506 415 2573 486 τῇ
2604 414 2799 487 ἐρήμῳ
2843 413 2939 468 καὶ
2966 413 3304 484 θεασάμενος
3333 414 3492 467 αὐτὸν
3518 416 3688 490 ἐρχό-

391 515 611 570 dentem
640 514 791 568 illum
820 512 1049 574 videret,
1090 508 1299 566 dixisse
1325 508 1500 563 fertur
1535 527 1547 561 :
1580 506 1684 560 llic
1709 518 1787 561 est
1827 523 1981 577 quem

393 606 509 659 dixi
531 604 673 658 vobis
703 621 722 657 :
754 602 1019 668 Quoniam
1050 600 1183 654 venit
1232 608 1348 667 post
1379 615 1458 652 me
1495 600 1595 661 vir,
1628 600 1719 668 qui
1756 608 1875 651 ante
1902 614 1982 652 me

391 696 566 765 factus
592 704 692 761 est,
714 697 835 766 quia
855 696 1001 762 prior
1036 709 1117 747 me
1138 703 1252 748 erat
1277 695 1316 748 ι.
1349 691 1591 747 Primum
1618 693 1781 765 igitur
1818 708 1982 749 voces

387 786 561 855 ipsas,
604 794 864 855 tanquam
908 784 1134 854 crapula
1160 791 1215 839 et
1247 783 1511 838 ebrietate
1549 784 1811 853 correpti,
1834 785 1979 854 quod

387 876 455 931 ad
482 892 705 933 sensum
727 877 943 939 attinet,
973 874 1678 945 immutant.thuomodo,
1703 876 1977 946 inquiunt,

386 970 456 1022 de
506 966 888 1021 tnearnatione
930 965 1139 1020 dictum
1198 966 1332 1020 illud
1372 968 1545 1037 accipi
1604 977 1799 1036 potest,
1852 983 1978 1022 cum

386 1069 515 1114 ante
547 1057 813 1113 Joannem
866 1060 921 1112 in
980 1058 1164 1113 Maria:
1213 1069 1369 1114 utero
1400 1062 1614 1129 genitus
1652 1076 1761 1115 non
1794 1060 1980 1115 fuerit?

385 1150 546 1214 Nam,
589 1162 646 1205 ut
669 1151 997 1221 evangelista
1030 1158 1218 1205 narrat
1250 1170 1264 1205 :
1303 1150 1460 1206 Sexto
1489 1169 1663 1207 mense
1689 1155 1882 1208 missus
1901 1163 1979 1209 est

390 1244 609 1313 angelus
661 1242 875 1297 Gabriel
916 1245 969 1297 in
1013 1244 1278 1299 civitatem
1327 1243 1567 1300 Galiluztc
1596 1247 1665 1300 ad
1724 1248 1978 1318 virginem

388 1335 765 1404 desponsatam
790 1338 921 1401 viro,
944 1338 1029 1389 cui
1059 1353 1244 1391 nomen
1269 1335 1484 1407 Ioseph.
1513 1336 1580 1391 Et
1604 1338 1871 1408 ingressus
1908 1340 1977 1393 ad

391 1443 509 1481 eam
533 1426 669 1481 dixit
694 1444 712 1481 :
738 1429 860 1491 Ave,
887 1430 1066 1499 gratia
1092 1429 1268 1497 plena,
1305 1428 1563 1483 Dominus
1603 1441 1772 1483 tecum
1796 1433 1838 1493 ²,
1867 1443 1972 1487 ctc.

389 1520 638 1590 Cumque
680 1520 842 1591 Virgo
873 1522 943 1576 ob
971 1537 1091 1576 eam
1131 1522 1518 1578 salutationem
1550 1523 1769 1577 turbata
1815 1522 1973 1590 foret,

387 1611 621 1680 subjecit
654 1629 667 1664 :
696 1611 830 1666 Ecce
880 1613 1138 1681 concipias
1187 1614 1243 1667 in
1285 1624 1436 1668 utero
1460 1614 1656 1683 ﬁlium,
1690 1628 1738 1669 et
1766 1618 1974 1672 vocabis

388 1719 575 1757 nomen
626 1703 740 1772 ejus
792 1701 998 1757 Jesum.
1032 1703 1098 1756 Et
1132 1720 1248 1758 ecce
1294 1713 1523 1774 cognata
1569 1715 1663 1759 tua
1701 1704 1973 1761 Elisabetlt

387 1795 618 1862 concepit
643 1795 814 1864 [ilium
839 1796 891 1849 in
927 1805 1189 1850 senectute
1216 1812 1336 1859 sua,
1365 1805 1414 1849 et
1446 1796 1530 1850 hic
1561 1799 1752 1852 mensis
1803 1810 1980 1854 sextus

387 1895 464 1938 est
491 1887 571 1939 illi
596 1902 711 1956 qua:
740 1897 957 1941 vocatur
977 1886 1194 1942 sterilis.
1219 1888 1622 1943 Animadvertis
1640 1897 1695 1941 ut
1725 1904 1818 1943 sex
1854 1898 1982 1944 ante

390 1979 696 2045 mensibus,
753 1995 916 2048 quam
968 1977 1155 2033 Maria:
1209 1982 1486 2035 nuntiaret
1533 1981 1679 2036 istud
1729 1983 1977 2052 angelus,

387 2067 629 2122 Joannes
655 2069 946 2123 exstiterit.
986 2070 1219 2135 Quinam
1278 2070 1441 2140 igitur
1489 2071 1602 2125 haec
1638 2073 1826 2136 verba,
1859 2081 1981 2125 ante

389 2176 471 2212 me
501 2159 676 2228 fartus
710 2171 811 2225 est,
845 2162 898 2215 in
937 2162 1086 2217 illius
1120 2162 1499 2216 incarnatione
1551 2162 1762 2232 impleri
1797 2172 1983 2231 pelue-

387 2248 558 2302 runt?
590 2247 725 2313 Quis
750 2255 834 2303 cst
862 2264 891 2304 e
924 2249 1239 2304 rudioribus
1287 2265 1349 2304 ac
1375 2250 1738 2320 simplicibus,
1775 2254 1980 2322 quique

389 2341 525 2396 satis
577 2340 734 2395 ﬁrmo
779 2355 843 2396 ac
894 2343 1252 2398 corroborata
1310 2342 1529 2412 ingenio
1581 2359 1687 2397 non
1736 2344 1975 2411 fuerint,

286 2468 289 2473 ρ
386 2433 482 2502 qui
524 2447 634 2487 non
664 2431 849 2487 audita
901 2434 992 2488 illa
1024 2435 1294 2490 sententia
1327 2435 1717 2504 perturbetur?
1766 2435 1977 2491 Etenim

388 2524 722 2579 necessariis
772 2538 839 2578 ac
893 2523 1147 2587 sinceris,
1184 2533 1233 2579 et
1269 2528 1336 2579 ad
1368 2527 1531 2579 vitam
1573 2526 1978 2582 conciliandam

388 2615 602 2672 idoneis
663 2615 963 2688 Scriptura:
1018 2618 1201 2673 verbis
1237 2619 1438 2685 utitur;
1490 2635 1612 2689 quas
1646 2620 1808 2692 763
1846 2627 1975 2689 pro-

386 2706 532 2763 fecto
555 2708 623 2763 iis
664 2710 821 2779 ipsis,
852 2711 943 2780 qui
978 2709 1118 2763 mala
1153 2718 1345 2779 sponte
1375 2709 1480 2767 sibi
1509 2710 1643 2781 ipsis
1670 2721 1976 2779 arcessunt,

393 2800 574 2868 majus
599 2799 874 2870 quoddam
902 2800 1288 2855 detrimentum
1320 2802 1697 2858 consciscunt:
1718 2810 1831 2858 tum
1846 2806 1978 2861 alio-

387 2892 483 2962 qui
512 2907 706 2947 omnes
738 2892 845 2948 illze
877 2894 1164 2949 sententia:
1217 2891 1454 2963 Spiritus
1498 2898 1674 2950 sancti
1706 2896 1827 2953 luce
1865 2898 1978 2955 col-

388 2985 711 3042 lustrantur.
745 2984 878 3041 Nam
909 2986 1040 3057 quid
1072 2996 1154 3041 est
1189 2986 1243 3040 in
1281 2986 1373 3041 illo
1395 2989 1458 3043 de
1486 3003 1595 3059 quo
1619 2987 1830 3059 agimus
1856 2989 1977 3044 loco

388 3081 455 3136 ad
498 3080 808 3136 cautionem
866 3079 1335 3151 praetermissum?
1378 3078 1510 3135 Ecce
1550 3082 1730 3149 enim,
1772 3083 1973 3154 inquit,

389 3176 588 3239 Iticest,
630 3183 690 3230 ut
719 3174 1104 3245 aspectabilem
1140 3174 1293 3227 illum
1326 3188 1448 3228 esse
1469 3173 1763 3242 signiticet,
1802 3183 1857 3229 et
1896 3176 1981 3229 in.

388 3269 668 3323 tuentibus
697 3274 1092 3322 commonstret
1121 3284 1134 3319 :
1166 3267 1335 3333 Quem
1368 3265 1481 3320 dixi
1511 3266 1688 3320 vobis:
1715 3269 1983 3334 Quoniam

387 3367 506 3426 post
536 3375 617 3412 me
657 3360 813 3412 vertit.
844 3357 980 3423 Quis
1012 3357 1102 3412 ille
1129 3358 1274 3413 venit
1300 3365 1663 3428 prmterquam
1694 3359 1813 3412 vir?

462 3449 568 3503 Sed
626 3464 785 3503 nemo
837 3447 1196 3516 intelligentia
1246 3449 1429 3518 aliqua
1483 3448 1742 3517 praeditus
1775 3448 1982 3503 nudum

390 3541 667 3595 hominem
699 3542 835 3594 'esse
890 3538 1181 3595 Dominum
1221 3539 1522 3604 existimet,
1571 3540 1679 3595 nisi
1715 3539 1855 3595 forte
1887 3556 1983 3597 su-

390 3635 636 3705 periores
689 3633 794 3687 illa:
859 3631 1116 3695 haereses,
1158 3646 1298 3701 quas
1353 3638 1512 3689 antea
1567 3633 1978 3703 proposuimus,

390 3725 636 3780 Cerintiii
688 3723 963 3786 videlicet,
1018 3722 1275 3777 Merinthi
1329 3730 1381 3777 et
1423 3722 1669 3779 Ebionis.
1711 3724 1979 3785 Caeterum

393 3826 753 3889 praeterquam
807 3817 952 3886 quod
993 3816 1073 3869 vir
1100 3823 1184 3872 est
1225 3814 1389 3886 idque
1442 3818 1696 3873 consulto
1756 3819 1825 3874 ad
1887 3835 1980 3876 sc-

301 3901 306 3905 ’
391 3907 679 3962 curitatem
728 3906 1056 3971 ostenditur,
1100 3921 1205 3960 una
1236 3907 1400 3961 etiam
1435 3914 1490 3961 et
1530 3906 1817 3963 Dominum
1857 3925 1982 3966 esse

391 4014 502 4055 non
549 3999 801 4055 dubitant
846 3998 941 4069 qui
976 4013 1102 4054 vere
1158 3997 1347 4054 ﬁdeles
1404 4008 1554 4054 sunt.
1607 3999 1766 4065 Quod
1801 4001 1977 4070 ipsum

387 4090 617 4146 Joannis
659 4105 881 4161 quoque
908 4087 1248 4150 ltestimonio
1285 4095 1502 4145 constat
1533 4107 1546 4144 :
1578 4086 1734 4155 Quod
1770 4088 1978 4143 audiri-

387 4199 529 4246 mus,
583 4182 782 4253 inquit.
825 4180 890 4236 ab
955 4182 1108 4237 initio
1138 4180 1159 4213 ³
1192 4198 1206 4235 :
1238 4188 1296 4235 ut
1329 4197 1455 4237 cum
1511 4182 1751 4238 declaret
1781 4182 1874 4252 qui
1908 4182 1979 4238 ab

389 4276 548 4331 initio
586 4276 817 4341 exstitit,
847 4274 941 4331 Dei
974 4273 1209 4330 Verbum
1240 4274 1454 4330 scilicet
1484 4273 1632 4344 quod
1666 4273 1836 4329 videri
1867 4289 1978 4329 non

387 4375 610 4435 potest:
645 4368 903 4438 quodque
951 4367 1127 4424 sacris
1192 4366 1252 4421 in
1310 4365 1536 4421 Litteris
1591 4373 1646 4421 et
1698 4365 1978 4436 prophetis

389 4459 698 4513 nuntiatum
729 4459 1062 4524 audivimus,
1088 4469 1142 4514 et
1170 4459 1225 4513 in
1261 4459 1403 4513 caelo
1444 4458 1732 4515 sublimem
1762 4459 1829 4514 ad
1866 4460 1979 4530 glo-
2009 4496 2052 4550 υ

385 4549 524 4602 riam
575 4557 913 4618 provectum.
956 4549 1135 4616 Quare
1175 4550 1250 4603 ita
1303 4550 1589 4621 loquitur:
1619 4551 1773 4618 Quod
1815 4553 1970 4606 initio
2013 4549 2019 4609 ζ

388 4637 707 4704 audivimus,
761 4648 811 4693 et
868 4639 1035 4694 oculis
1076 4640 1327 4696 uidimus.
1367 4640 1440 4697 Ut
1471 4658 1611 4720 .cum
1653 4642 1876 4698 audisse
1910 4659 1970 4700 se

385 4728 538 4796 dicit,
566 4730 734 4787 Deum
782 4731 853 4787 ab
886 4732 1042 4788 initio
1094 4731 1267 4789 fuisse
1312 4732 1580 4800 fateatur;
1620 4749 1745 4789 cum
1787 4744 2001 4802 autem_

383 4822 594 4879 vidisse
627 4833 834 4890 narrat,
868 4825 1145 4880 hominem
1180 4824 1474 4897 signiﬁcet,
1499 4826 1568 4881 de
1589 4842 1700 4894 quo
1728 4817 1970 4883 Joannes

383 4913 627 4985 Baptista
661 4915 1006 4986 loquebatur,
1034 4932 1159 4973 cum
1186 4918 1414 4982 diceret,
1450 4917 1584 4971 venit
1617 4928 1733 4988 post
1757 4934 1837 4973 me
1869 4919 1966 4976 uir.

381 5007 523 5063 Illud
581 5023 734 5073 vero,
766 5017 817 5063 et
852 5025 1042 5064 manus
1090 5018 1285 5065 nostra:
1323 5018 1801 5078 contrectaoerunt,
1839 5026 1964 5066 eum

381 5116 542 5155 usum
583 5100 768 5167 habet,
802 5109 862 5155 ut
884 5114 1007 5154 cum
1051 5101 1119 5156 ab
1144 5101 1303 5156 initio
1329 5100 1473 5158 Deus
1504 5100 1688 5168 fuerit,
1712 5106 1963 5158 eumdem

379 5192 543 5246 ctiam
582 5191 1049 5261 conspectabilem
1110 5190 1387 5248 hominem
1418 5208 1486 5248 ex
1516 5190 1685 5247 Maria
1720 5193 1963 5264 genitum

382 5284 552 5341 fuisse
604 5286 966 5351 demonstret,
1014 5284 1251 5356 indeque
1303 5301 1334 5339 a
1377 5285 1607 5343 mortuis
1657 5289 1965 5345 surrexisse

378 5378 704 5449 perfectum,
736 5380 873 5436 adeo
923 5388 982 5435 ut
1013 5387 1267 5437 sanctum
1309 5378 1443 5435 illud
1475 5394 1594 5443 vas,
1629 5382 1772 5451 quod
1807 5396 1967 5438 acce-

378 5481 552 5540 perat,
586 5474 689 5529 hoc
708 5484 792 5529 est
817 5474 1115 5544 perfectura
1144 5474 1383 5529 hominis
1412 5481 1684 5539 naturam,
1727 5490 1833 5529 non
1871 5477 1966 5533 ab-

371 5566 593 5637 jecerit,
630 5567 727 5624 sed
751 5584 876 5623 cum
908 5568 1057 5623 illius
1089 5568 1233 5623 latus
1261 5567 1651 5638 clavorumque
1673 5568 1965 5623 cicatrices

447 5726 468 5761 ⁸
502 5723 662 5785 Joan.
697 5744 736 5794 ι,
766 5727 855 5782 27.
933 5732 952 5761 ²
993 5727 1124 5784 Luc.
1159 5730 1298 5795 1,26
1332 5745 1451 5799 sqq.
1534 5729 1553 5759 ³
1584 5728 1601 5782 l
1627 5725 1789 5782 Joan.
1834 5743 1869 5795 ι,
1907 5727 1957 5782 l.

2088 525 2272 578 μενον,
2318 508 2540 577 ἔλεγενο
2580 503 2770 573 Οὗτός
2802 506 2996 574 ἐστιν,
3051 507 3125 561 ὃν
3150 502 3324 560 εἷπον
3372 507 3531 577 ὑμῖν,
3583 507 3687 562 ὅτι

2099 599 2321 653 Ὀπίσω
2339 614 2458 669 μου
2490 596 2726 667 ἔρχεται
2757 595 2937 665 ἀνὴρ,
2965 595 3033 661 ὃς
3055 593 3400 665 ἔμπροσθέν
3429 613 3544 664 μου
3576 595 3690 665 γέ-

2082 707 2282 760 γονεν,
2312 690 2401 744 ὅτι
2430 688 2660 759 πρῶτός
2681 706 2803 757 μου
2836 684 2935 758 ἦν.
2973 688 3084 741 Καὶ
3114 686 3331 757 πρῶτον
3371 686 3471 756 μὲν
3500 687 3693 750 αὐτὰς

2082 783 2180 847 τάς
2213 781 2387 850 λέξεις
2414 782 2489 846 ὡς
2517 779 2960 853 καρηϐαροῦντες
2993 779 3321 833 ἀλλάσσουσι
3347 780 3413 848 τῇ
3437 778 3689 847 διανοίᾳ,

2083 877 2179 929 καὶ
2215 875 2465 944 λέγουσι’
2508 875 2634 938 Πῶς
2674 872 2835 927 τοῦτο
2881 871 3186 944 πληροῦται
3216 874 3274 924 ὲν
3306 872 3375 941 τῇ
3419 869 3692 940 ὲνσάρκῳ

2083 969 2381 1040 παρουσίᾳ,
2404 969 2487 1021 ὅτι
2512 967 2614 1021 οὐκ
2636 962 2706 1038 ἦν
2728 967 2834 1038 πρὸ
2868 966 3116 1019 Ἰωάννου
3138 966 3198 1017 ὲν
3218 964 3419 1034 γαστρὶ
3449 964 3689 1026 Μαρίας

2085 1059 2549 1130 συνειλημμένος;
2598 1055 2759 1110 Ἀλλὰ
2785 1096 2800 1119 ,
2842 1056 3026 1126 φησὶν,
3074 1053 3152 1117 ὡς
3180 1055 3211 1106 ὁ
3242 1051 3645 1122 εὐαγγελιστής
3667 1068 3686 1083 ο

2094 1154 2196 1206 Ἐν
2228 1152 2298 1206 δὲ
2346 1150 2426 1218 τῷ
2458 1151 2611 1217 ἕκτῳ
2654 1149 2801 1219 μηνὶ
2833 1146 3151 1214 ἀπεστάλη
3190 1148 3224 1200 ὀ
3266 1145 3520 1215 ἅγγελος
3561 1147 3689 1198 l'a-

2081 1244 2257 1313 ϐριὴλ
2277 1246 2365 1311 εἰς
2411 1244 2595 1297 πόλιν
2630 1241 2742 1311 τῆς
2783 1240 3141 1307 Γαλιλαίας,
3182 1237 3335 1307 πρὸς
3369 1238 3691 1306 παρθένοι·

2074 1336 2620 1406 μεμνηστευμένην
2665 1334 2871 1403 ἀνδρὶ,
2926 1327 2974 1401 ᾦ
3019 1333 3209 1403 ὄνομα
3265 1330 3505 1400 Ἰωσήφ.
3565 1327 3691 1384 Καὶ

2079 1430 2369 1486 εἰσελθὼν
2401 1430 2551 1499 πρὸς
2571 1429 2764 1497 αὐτὴν
2787 1430 2904 1497 ἔφη
2932 1447 2944 1457 '
2970 1427 3169 1495 Χαῖρε,
3201 1422 3684 1495 κεχαριτωμένη,

2079 1529 2115 1581 ὁ
2141 1527 2357 1593 Κύριος
2381 1522 2534 1595 μετὰ
2563 1520 2703 1586 σοῦ,
2732 1520 2831 1575 καὶ
2864 1519 2932 1573 τά
2971 1517 3136 1573 λοιπά
3182 1518 3284 1589 τῆς
3330 1514 3684 1577 ἀκολουθίας.

2094 1619 2182 1683 Ὠς
2226 1614 2320 1672 οὖν
2354 1618 2387 1688 ἡ
2438 1614 2717 1687 Παρθένος
2757 1612 2851 1666 ἐπὶ
2894 1611 2972 1682 τῷ
3001 1609 3281 1681 ἀσπασμῷ
3309 1607 3684 1679 ἐταράσσετο,

2080 1709 2185 1780 ἔφη
2219 1708 2356 1780 πρὸς
2388 1707 2587 1777 αὐτήνο
2624 1703 2784 1759 Ἰδοὺ
2822 1700 3126 1771 consitam
3164 1700 3235 1755 ἐν
3288 1697 3524 1769 γαστρὶ,
3574 1696 3687 1750 καί

2012 1779 2055 1834 Β
2086 1779 2233 1869 τέξῃ
2261 1779 2415 1861 olor,
2440 1796 2537 1850 καὶ
2565 1794 2845 1859 καλέσεις
2874 1792 2944 1846 τὸ
2965 1793 3154 1861 ὄνομα
3178 1789 3368 1845 αὐτοῦ
3405 1788 3683 1857 Ἰησοῦν.

2089 1893 2198 1946 Καὶ
2222 1889 2351 1945 ἰδοὺ
2378 1889 2413 1958 ἠ
2438 1886 2740 1959 συγγενής
2778 1900 2896 1940 σου
2932 1884 3241 1939 Ἐλισάϐετ
3266 1880 3690 1950 συνειληφυῖα

2088 1983 2224 2038 υἱὸν
2278 1983 2349 2036 ἐν
2419 1979 2574 2051 γήρᾳ
2621 1976 2849 2047 αὐτῆς,
2912 1976 3012 2030 καὶ
3066 1970 3245 2040 οὗτος
3301 1973 3429 2044 μὴν
3492 1972 3687 2039 ἕκτος

2088 2075 2263 2130 ἐστὶν
2317 2070 2475 2141 αὐτῇ
2528 2068 2602 2138 τῇ
2659 2067 3007 2138 καλουμένῃ
3061 2064 3288 2134 στείρᾳ.
3339 2065 3449 2119 Καὶ
3503 2064 3685 2135 ὁρᾷς,

2089 2167 2275 2238 φησὶν,
2298 2167 2380 2220 ὅτι
2403 2163 2509 2236 πρὸ
2533 2161 2592 2230 ἒξ
2617 2160 2803 2233 μηνῶν
2827 2160 2922 2214 τοῦ
2947 2157 3401 2228 εὐαγγελισοῆναι
3423 2155 3683 2227 Μαρίαν,

2087 2260 2189 2331 ἤδη
2219 2256 2574 2330 προϋπῆρχεν
2600 2255 2629 2307 ὁ
2668 2254 2942 2323 Ἰωάννης.
2983 2251 3108 2317 Πῶς
3142 2247 3236 2306 οὖν
3261 2250 3345 2312 τὸ,
3380 2247 3490 2317 πρὸ
3517 2245 3684 2317 ἐμοῦ

2084 2350 2343 2421 ἐγένετο,
2377 2351 2437 2402 ὲν
2480 2349 2547 2418 τῇ
2580 2346 2831 2417 ὲνσάρκῳ
2860 2345 3136 2417 παρουσίᾳ
3168 2341 3405 2416 Χριστοῦ
3450 2341 3686 2411 πληρω-

2087 2446 2349 2516 οήσεται;
2389 2444 2486 2508 Τίς
2525 2443 2580 2497 δὲ
2624 2436 2730 2495 τῶν
2778 2440 3053 2511 ἀκεραίων
3102 2439 3177 2511 μὴ
3212 2438 3307 2492 καὶ
3356 2439 3414 2491 ὲν
3461 2434 3687 2505 διανοίᾳ

2085 2536 2329 2609 ἐναργῶς
2355 2533 2755 2608 ὲδραιωμένων,
2787 2532 3027 2596 ἀκούσας
3058 2532 3118 2585 τὸ
3138 2531 3340 2602 ῥητὸν.
3391 2529 3454 2583 οὐ
3496 2544 3684 2598 ταρα-

2086 2629 2388 2700 χθήσεται;
2418 2627 2582 2696 Λέγει
2630 2626 2769 2697 γάρ·
2807 2625 2888 2679 Τὰ
2936 2626 3233 2693 ἀναγκαῖα,
3267 2621 3360 2676 καὶ
3399 2620 3681 2691 ἀκέραια,

2085 2717 2183 2770 καὶ
2215 2715 2423 2782 ζωτικὰ
2472 2715 2543 2769 τά
2578 2717 2679 2786 τῆς
2729 2712 2881 2779 θείας
2914 2714 3139 2785 ι’ραφῆς
3189 2715 3303 2777 τοῖς
3338 2710 3408 2765 τά
3453 2708 3682 2780 πονηρὰ

2085 2812 2297 2873 ἑαυτοῖς
2332 2807 2740 2878 ὲπισπωμένοις
2777 2805 2977 2877 μᾶλλον
3030 2804 3444 2878 βλαᾶλερώτερα
3476 2807 3679 2874 φαίνε-

2083 2920 2194 2969 ται,
2221 2900 2328 2956 τῶν
2359 2900 2537 2973 ῥητῶν
2590 2901 2767 2970 πάντη
2815 2901 2873 2953 ὲν
2907 2899 3187 2970 Πνεύματι
3223 2899 3363 2970 ἁγίῳ
3393 2916 3681 2970 κατηυγά-

2086 2993 2321 3066 σμένων.
2351 2994 2417 3046 Τί
2445 2992 2554 3064 γὰρ
2584 2991 3016 3063 παραλέλειπται
3044 2990 3122 3062 τῷ
3149 2991 3299 3064 ῥητῷ
3332 2991 3466 3063 πρὸς
3489 2992 3679 3060 ἀσφάο

2083 3086 2235 3139 λειαν
2260 3102 2274 3151 ;
2328 3084 2484 3140 Ἰδοὺ
2516 3083 2648 3154 γὰρ,
2683 3083 2854 3150 λέγει,
2880 3082 2964 3135 ὅτι
2995 3077 3176 3147 οὗτός
3198 3082 3351 3147 ἐστι,
3382 3083 3444 3135 τὸ
3471 3083 3680 3153 ὁρατὸν

2087 3177 2390 3247 σημαίνων,
2432 3176 2529 3229 καὶ
2570 3171 2937 3227 ὑποδεικνύων
2975 3172 3088 3234 τοῖς
3123 3171 3344 3244 ὁρῶσιν,
3392 3172 3465 3226 ὃν
3493 3168 3679 3227 εἶπον

2082 3267 2248 3337 ὑμῖν,
2294 3267 2386 3321 ὅτι
2438 3267 2633 3322 ὀπίσω
2679 3283 2800 3337 μου
2851 3264 3109 3335 ἔρχεται.
3163 3264 3272 3318 Καὶ
3319 3266 3404 3330 τις
3446 3266 3680 3338 ἔρχεται

2084 3358 2202 3412 ἀλλ’
2243 3358 2277 3429 ἢ
2308 3358 2410 3429 άνή
2418 3376 2449 3430 ρ
2474 3375 2489 3424 ;

2153 3446 2344 3522 Οὐδεὶς
2379 3446 2437 3499 δὲ
2471 3444 2581 3498 τῶν
2620 3444 2835 3499 σύνεσιν
2886 3446 3245 3516 κεκτημένων
3294 3443 3463 3516 ἄνδρα
3510 3444 3678 3515 ψιλὸν

2083 3538 2323 3609 νομίσειε
2356 3538 2448 3591 τὸν
2482 3537 2683 3609 Κύριον
2713 3534 2889 3608 ἡμῶν,
2926 3536 3065 3590 ἀλλὰ
3096 3538 3154 3590 αί
3182 3537 3295 3591 ἄνω
3330 3538 3574 3608 αἱρέσεις
3611 3540 3671 3593 at

2081 3629 2185 3702 ἤδη
2213 3631 2596 3701 σημανθεῖσαι,
2627 3631 2677 3682 οἱ
2727 3630 2854 3701 περὶ⁴
2905 3628 3200 3701 Κήρινθον,
3240 3630 3333 3683 καὶ
3364 3631 3670 3703 Μήρινῧον,

2082 3724 2177 3777 καὶ
2235 3722 2488 3778 Ἐϐίωνα.
2556 3720 2717 3775 Ἀλλά
2768 3721 2908 3791 μετὰ
2948 3721 3043 3774 τοῦ
3095 3721 3256 3792 ἀνὴρ,
3314 3722 3531 3785 πάντως
3582 3724 3671 3780 ὅτι

2080 3815 2503 3887 ὴσφαλισμένως
2525 3853 2539 3878 ,
2569 3814 2665 3867 καὶ
2707 3814 2911 3885 Κύριον
2941 3813 3103 3867 αὐτὸν
3132 3812 3310 3867 ἴσασιν
3341 3813 3392 3868 οξ
3421 3814 3669 3886 ἀληθινοὶ

2082 3911 2283 3972 πιστοὶ,
2313 3908 2389 3972 ὡς
2422 3909 2515 3962 καὶ
2574 3907 2826 3978 Ἰωάννης
2862 3909 3132 3978 μαρτυρεῖ
3157 3923 3171 3938 ’
3221 3909 3291 3962 Ὃ
3320 3908 3670 3977 ἀκηκόαμεν

2080 4001 2392 4071 ἁπαρχῆςο
2424 4000 2512 4053 ἵνα
2547 4000 2676 4072 εἴπῃ
2717 3998 2808 4052 τὸν
2839 3997 3097 4070 ἀπαρχῆς
3132 3996 3283 4062 ὄντα,
3311 3998 3404 4051 τὸν
3432 3999 3668 4067 ἀόρατον

2080 4092 2213 4147 Θεὸν
2261 4082 2457 4161 Λόγον,
2510 4091 2569 4144 ὂν
2619 4089 2937 4161 ἠκούσαμεν
2987 4091 3046 4142 ὲν
3091 4088 3266 4152 θείαις
3309 4089 3554 4162 Γραφαῖς
3605 4093 3668 4144 ὲν

2079 4186 2386 4258 προφήταις
2417 4182 2939 4254 καταγγελλόμενον.
2993 4184 3052 4236 ὲν
3079 4179 3295 4253 οὐρανῷ
3323 4181 3664 4253 ὲξυπνούμε-

2079 4294 2189 4331 νον.
2218 4275 2329 4330 Καὶ
2353 4275 2441 4329 διὰ
2463 4272 2623 4327 τοῦτο
2645 4272 2676 4327 ὃ
2701 4273 2770 4327 ἐν
2793 4271 2949 4342 ἀρχῇ
2971 4273 3342 4344 ἠκούσαμεν,
3370 4273 3468 4327 καί
3499 4274 3668 4329 ἐθεα-

2079 4366 2311 4437 σάμεθα
2337 4365 2462 4432 τοῖς
2488 4364 2835 4435 ὀφθαλμοῖς,
2870 4365 2960 4419 ἵνα
2986 4365 3099 4431 άνω
3116 4365 3177 4419 τὸ
3204 4366 3501 4437 ἀκηκοέναι
3528 4366 3665 4422 Θεὸν

2078 4461 2385 4533 ὁμολογήσῃ
2418 4460 2478 4526 ἐξ
2519 4459 2804 4531 ὑπαρχῆς
2841 4458 2903 4511 τὸ
2931 4458 2989 4512 δὲ
3024 4457 3333 4531 ἑωρακέναι
3375 4460 3665 4531 ἄνθρωπον

2078 4553 2318 4625 σημάνῃ,
2375 4551 2435 4605 ὃν
2492 4552 2586 4606 καὶ
2635 4553 2664 4605 ὁ
2703 4550 3017 4622 Βαπτιστὴς
3081 4551 3336 4621 Ἰωάννης
3391 4551 3530 4623 ἔφη,
3577 4552 3663 4608 ὅτι

2090 4646 2312 4699 Ὀπίσω
2333 4662 2452 4714 μου
2471 4644 2707 4713 ἔρχεται
2731 4644 2907 4712 ἀνήρ.
2932 4644 3043 4697 Καὶ
3065 4643 3146 4706 τὸ,
3176 4647 3246 4698 Al
3272 4644 3467 4714 χεῇτες
3492 4645 3664 4714 ’ἡμῶν

2075 4736 2510 4807 ἐψηλάφησαν.
2537 4737 2626 4791 ἵνα
2650 4736 2783 4790 Θεὸν
2816 4736 3021 4791 ἄνωθεν
3052 4738 3294 4811 σημάνῃ,
3329 4740 3423 4791 καὶ
3452 4738 3663 4811 ἄνθρω-

2077 4847 2179 4884 πον
2210 4829 2404 4902 ὁρατὸν
2441 4828 2699 4902 ὑποδείξῃ
2728 4828 2838 4883 ἀπὸ
2869 4828 3086 4901 Μαρίας
3114 4830 3537 4900 γεγεννημένον,
3566 4833 3662 4886 καὶ

2076 4921 2141 4976 ἐκ
2170 4922 2377 4994 νεκρῶν
2406 4922 2717 4978 ἀναστάντα
2744 4922 2974 4988 τέλειον,
3014 4921 3087 4993 μὴ
3133 4921 3577 4993 ἀποδαλλόμενον
3599 4924 3665 4979 τὸ

2075 5015 2228 5084 ἅγιον
2256 5014 2450 5081 σκεῦος
2470 5056 2484 5081 ,
2512 5015 2541 5069 ὃ
2572 5016 2785 5089 εἴληφε,
2814 5016 2911 5070 καὶ
2937 5016 3035 5087 τὴν
3067 5016 3280 5069 τελείαν
3304 5016 3470 5070 αὑτοῦ
3496 5020 3662 5071 suv-

2073 5106 2377 5179 θρὼπησιν,
2407 5107 2542 5161 ἀλλὰ
2570 5108 2660 5162 διὰ
2696 5107 2789 5161 τοῦ
2824 5108 3237 5179 ἐψηλαφηκέναι
3264 5110 3364 5180 τὴν
3391 5107 3664 5179 πλευράν.

2070 5199 2163 5252 τόν
2198 5217 2258 5253 τε
2287 5201 2458 5254 τύπον
2493 5200 2604 5255 τῶν
2629 5200 2797 5272 ἥλων,
2828 5200 2899 5254 τὰ
2925 5200 3052 5271 τρία
3084 5201 3396 5272 ὁμολογήσῃ
3414 5262 3419 5267 ί
3437 5201 3661 5272 tiu-ap:-

2072 5292 2367 5356 σαλεύτως.
2402 5292 2559 5347 Οὕτω
2591 5310 2680 5364 μοι
2705 5294 2800 5347 καὶ
2825 5293 3062 5348 ἐνταῦθα
3087 5293 3220 5357 νόει,
3248 5294 3332 5357 τὸ,
3362 5294 3446 5346 ὅτι
3469 5291 3661 5362 Οὗτός

2069 5385 2242 5439 ἐστιν
2266 5384 2339 5439 ὃν
2353 5381 2526 5440 εἷπον
2548 5385 2710 5456 ὑμῖν,
2730 5386 2822 5440 ὄτι
2850 5387 3044 5441 ὀπίσω
3070 5404 3190 5456 μου
3214 5387 3447 5456 ἔρχεται
3477 5387 3657 5455 ἀνὴρ,

2070 5475 2156 5528 ἵνα
2195 5474 2293 5546 τὴν
2325 5476 2587 5548 ένσαρκον
2628 5479 2848 5551 σημάνῃ
2871 5478 3217 5558 παρουσίαν.
3253 5478 3377 5532 Ὅτι
3420 5478 3687 5559 Πρῶτός-ε

2062 5586 2182 5637 μου
2223 5565 2321 5642 ἦν,
2349 5570 2434 5625 ἵνα
2476 5570 2575 5644 τὴν
2621 5554 3188 5648 θεότηταὺποδείξῃ,
3229 5570 3318 5627 ὅτι
3354 5570 3469 5640 πρὸ
3510 5568 3656 5640 ἐμοῦ
