  <div class='ocr_page' id='page_1' title='image "/cluster/home/n/w/nwhite01/storage/ocr_20150623/42/mdp.39015052824052/152.png"; bbox 0 0 3994 6226; ppageno 0'>
   <div class='ocr_carea' id='block_1_1' title="bbox 260 270 364 327">
    <p class='ocr_par' dir='ltr' id='par_1_1' title="bbox 260 270 364 327">
     <span class='ocr_line' id='line_1_1' title="bbox 260 270 364 327; baseline 0.029 -3"><span class='ocrx_word' id='word_1_1' title='bbox 260 270 364 327; x_wconf 70' lang='grc'><strong>265</strong></span> 
     </span>
    </p>
   </div>
   <div class='ocr_carea' id='block_1_2' title="bbox 972 251 1863 318">
    <p class='ocr_par' dir='ltr' id='par_1_2' title="bbox 972 257 1863 318">
     <span class='ocr_line' id='line_1_2' title="bbox 972 257 1863 318; baseline -0.01 0"><span class='ocrx_word' id='word_1_2' title='bbox 972 266 1104 318; x_wconf 76' lang='grc' dir='ltr'><strong>Αυν</strong></span> <span class='ocrx_word' id='word_1_3' title='bbox 1119 263 1345 318; x_wconf 69' lang='grc' dir='ltr'><strong>Ειιδυδ</strong></span> <span class='ocrx_word' id='word_1_4' title='bbox 1383 257 1725 314; x_wconf 60' lang='grc' dir='ltr'><strong>ιιειξῑιιιδεδ</strong></span> <span class='ocrx_word' id='word_1_5' title='bbox 1764 258 1863 310; x_wconf 77' lang='lat' dir='ltr'><strong>Llll</strong></span> 
     </span>
    </p>
   </div>
   <div class='ocr_carea' id='block_1_3' title="bbox 1974 251 2988 318">
    <p class='ocr_par' dir='ltr' id='par_1_3' title="bbox 1974 251 2988 310">
     <span class='ocr_line' id='line_1_3' title="bbox 1974 251 2988 310; baseline -0.002 -2"><span class='ocrx_word' id='word_1_6' title='bbox 1974 265 2002 309; x_wconf 94' lang='lat' dir='ltr'><strong>l.</strong></span> <span class='ocrx_word' id='word_1_7' title='bbox 2047 256 2211 310; x_wconf 76' lang='lat' dir='ltr'><strong>TUM.</strong></span> <span class='ocrx_word' id='word_1_8' title='bbox 2261 257 2322 308; x_wconf 90' lang='lat' dir='ltr'><strong>II.</strong></span> <span class='ocrx_word' id='word_1_9' title='bbox 2371 285 2434 298; x_wconf 93' lang='lat'><strong>—</strong></span> <span class='ocrx_word' id='word_1_10' title='bbox 2473 252 2749 308; x_wconf 66' lang='lat' dir='ltr'><strong>IIALIlES.</strong></span> <span class='ocrx_word' id='word_1_11' title='bbox 2800 251 2988 307; x_wconf 75' lang='lat' dir='ltr'><strong>LXIX.</strong></span> 
     </span>
    </p>
   </div>
   <div class='ocr_carea' id='block_1_4' title="bbox 3459 253 3568 326">
    <p class='ocr_par' dir='ltr' id='par_1_4' title="bbox 3459 253 3568 326">
     <span class='ocr_line' id='line_1_4' title="bbox 3459 253 3568 326; baseline 0.009 -16"><span class='ocrx_word' id='word_1_12' title='bbox 3459 253 3568 326; x_wconf 71' lang='lat' dir='ltr'><strong>eos</strong></span> 
     </span>
    </p>
   </div>
   <div class='ocr_carea' id='block_1_5' title="bbox 257 372 1863 458">
    <p class='ocr_par' dir='ltr' id='par_1_5' title="bbox 257 377 1860 458">
     <span class='ocr_line' id='line_1_5' title="bbox 257 377 1860 458; baseline -0.007 -17"><span class='ocrx_word' id='word_1_13' title='bbox 257 388 515 458; x_wconf 68' lang='lat' dir='ltr'><strong>érérsro&#39;</strong></span> <span class='ocrx_word' id='word_1_14' title='bbox 549 389 618 438; x_wconf 73' lang='grc' dir='ltr'><strong>ἐν</strong></span> <span class='ocrx_word' id='word_1_15' title='bbox 641 382 721 450; x_wconf 83' lang='grc' dir='ltr'><strong>τῷ</strong></span> <span class='ocrx_word' id='word_1_16' title='bbox 748 385 956 452; x_wconf 76' lang='grc' dir='ltr'><strong>κόσμῳ</strong></span> <span class='ocrx_word' id='word_1_17' title='bbox 985 384 1093 455; x_wconf 79' lang='grc' dir='ltr'><strong>γὰρ</strong></span> <span class='ocrx_word' id='word_1_18' title='bbox 1123 379 1221 453; x_wconf 80' lang='grc' dir='ltr'><strong>ἦν,</strong></span> <span class='ocrx_word' id='word_1_19' title='bbox 1249 380 1384 451; x_wconf 67' lang='grc' dir='ltr'><strong>φησι</strong></span> <span class='ocrx_word' id='word_1_20' title='bbox 1411 381 1474 432; x_wconf 81' lang='grc' dir='ltr'><strong>τὸ</strong></span> <span class='ocrx_word' id='word_1_21' title='bbox 1504 379 1659 447; x_wconf 74' lang='grc' dir='ltr'><strong>ἅγιον</strong></span> <span class='ocrx_word' id='word_1_22' title='bbox 1690 377 1860 444; x_wconf 86' lang='grc' dir='ltr'><strong>Εύαγ-</strong></span> 
     </span>
    </p>
   </div>
   <div class='ocr_carea' id='block_1_6' title="bbox 1974 372 3566 458">
    <p class='ocr_par' dir='ltr' id='par_1_6' title="bbox 1974 372 3566 446">
     <span class='ocr_line' id='line_1_6' title="bbox 1974 372 3566 446; baseline -0.002 -17"><span class='ocrx_word' id='word_1_23' title='bbox 1974 392 2031 430; x_wconf 89' lang='lat' dir='ltr'><strong>ac</strong></span> <span class='ocrx_word' id='word_1_24' title='bbox 2058 375 2286 446; x_wconf 79' lang='lat' dir='ltr'><strong>vestigia</strong></span> <span class='ocrx_word' id='word_1_25' title='bbox 2329 382 2749 438; x_wconf 84' lang='lat' dir='ltr'><strong>contrectasset,</strong></span> <span class='ocrx_word' id='word_1_26' title='bbox 2785 373 2890 426; x_wconf 99' lang='lat' dir='ltr'><strong>tria</strong></span> <span class='ocrx_word' id='word_1_27' title='bbox 2951 373 3043 427; x_wconf 83' lang='lat' dir='ltr'><strong>illa</strong></span> <span class='ocrx_word' id='word_1_28' title='bbox 3091 372 3214 428; x_wconf 88' lang='lat' dir='ltr'><strong>sine</strong></span> <span class='ocrx_word' id='word_1_29' title='bbox 3253 372 3362 427; x_wconf 85' lang='lat' dir='ltr'><strong>ulla</strong></span> <span class='ocrx_word' id='word_1_30' title='bbox 3405 372 3566 429; x_wconf 77' lang='lat' dir='ltr'><strong>haesi-</strong></span> 
     </span>
    </p>
   </div>
   <div class='ocr_carea' id='block_1_7' title="bbox 256 471 1860 551">
    <p class='ocr_par' dir='ltr' id='par_1_7' title="bbox 256 471 1860 551">
     <span class='ocr_line' id='line_1_7' title="bbox 256 471 1860 551; baseline -0.008 -16"><span class='ocrx_word' id='word_1_31' title='bbox 256 481 461 551; x_wconf 84' lang='grc' dir='ltr'><strong>γέλιον,</strong></span> <span class='ocrx_word' id='word_1_32' title='bbox 520 479 615 532; x_wconf 81' lang='grc' dir='ltr'><strong>καί</strong></span> <span class='ocrx_word' id='word_1_33' title='bbox 674 481 707 532; x_wconf 84' lang='grc' dir='ltr'><strong>ό</strong></span> <span class='ocrx_word' id='word_1_34' title='bbox 759 477 989 546; x_wconf 82' lang='grc' dir='ltr'><strong>κόσμος</strong></span> <span class='ocrx_word' id='word_1_35' title='bbox 1028 475 1102 528; x_wconf 80' lang='grc' dir='ltr'><strong>δι’</strong></span> <span class='ocrx_word' id='word_1_36' title='bbox 1151 473 1338 528; x_wconf 82' lang='grc' dir='ltr'><strong>αὑτοῦ</strong></span> <span class='ocrx_word' id='word_1_37' title='bbox 1369 472 1625 543; x_wconf 82' lang='grc' dir='ltr'><strong>ἐγένετο,</strong></span> <span class='ocrx_word' id='word_1_38' title='bbox 1680 471 1773 524; x_wconf 79' lang='grc' dir='ltr'><strong>καὶ</strong></span> <span class='ocrx_word' id='word_1_39' title='bbox 1827 473 1860 522; x_wconf 81' lang='grc' dir='ltr'><strong>ό</strong></span> 
     </span>
    </p>
   </div>
   <div class='ocr_carea' id='block_1_8' title="bbox 255 566 1062 638">
    <p class='ocr_par' dir='ltr' id='par_1_8' title="bbox 255 566 1062 638">
     <span class='ocr_line' id='line_1_8' title="bbox 255 566 1062 638; baseline -0.009 -11"><span class='ocrx_word' id='word_1_40' title='bbox 255 575 487 638; x_wconf 71' lang='grc' dir='ltr'><strong>κόσμος</strong></span> <span class='ocrx_word' id='word_1_41' title='bbox 509 568 699 623; x_wconf 79' lang='grc' dir='ltr'><strong>αὑτὸν</strong></span> <span class='ocrx_word' id='word_1_42' title='bbox 737 569 852 621; x_wconf 84' lang='grc' dir='ltr'><strong>οὐκ</strong></span> <span class='ocrx_word' id='word_1_43' title='bbox 886 566 1062 635; x_wconf 80' lang='grc' dir='ltr'><strong>ἔγνω.</strong></span> 
     </span>
    </p>
   </div>
   <div class='ocr_carea' id='block_1_9' title="bbox 1971 461 3564 535">
    <p class='ocr_par' dir='ltr' id='par_1_9' title="bbox 1971 461 3564 535">
     <span class='ocr_line' id='line_1_9' title="bbox 1971 461 3564 535; baseline 0.001 -19"><span class='ocrx_word' id='word_1_44' title='bbox 1971 465 2174 518; x_wconf 80' lang='lat' dir='ltr'><strong>talione</strong></span> <span class='ocrx_word' id='word_1_45' title='bbox 2244 461 2537 517; x_wconf 77' lang='lat' dir='ltr'><strong>confessus</strong></span> <span class='ocrx_word' id='word_1_46' title='bbox 2585 473 2688 518; x_wconf 70' lang='lat' dir='ltr'><strong>est.</strong></span> <span class='ocrx_word' id='word_1_47' title='bbox 2753 464 2845 518; x_wconf 88' lang='lat' dir='ltr'><strong>Sic</strong></span> <span class='ocrx_word' id='word_1_48' title='bbox 2901 465 3066 535; x_wconf 86' lang='lat' dir='ltr'><strong>igitur</strong></span> <span class='ocrx_word' id='word_1_49' title='bbox 3109 464 3254 534; x_wconf 91' lang='lat' dir='ltr'><strong>quod</strong></span> <span class='ocrx_word' id='word_1_50' title='bbox 3287 480 3316 518; x_wconf 80' lang='grc' dir='ltr'><strong>ιι</strong></span> <span class='ocrx_word' id='word_1_51' title='bbox 3353 463 3564 519; x_wconf 80' lang='lat' dir='ltr'><strong>Joanne</strong></span> 
     </span>
    </p>
   </div>
   <div class='ocr_carea' id='block_1_10' title="bbox 1970 553 3564 626">
    <p class='ocr_par' dir='ltr' id='par_1_10' title="bbox 1970 553 3564 626">
     <span class='ocr_line' id='line_1_10' title="bbox 1970 553 3564 626; baseline 0.001 -20"><span class='ocrx_word' id='word_1_52' title='bbox 1970 554 2213 626; x_wconf 85' lang='lat' dir='ltr'><strong>Baptista</strong></span> <span class='ocrx_word' id='word_1_53' title='bbox 2261 555 2499 608; x_wconf 86' lang='lat' dir='ltr'><strong>dicitur:</strong></span> <span class='ocrx_word' id='word_1_54' title='bbox 2533 553 2633 607; x_wconf 88' lang='lat' dir='ltr'><strong>llic</strong></span> <span class='ocrx_word' id='word_1_55' title='bbox 2661 565 2736 608; x_wconf 85' lang='lat' dir='ltr'><strong>est</strong></span> <span class='ocrx_word' id='word_1_56' title='bbox 2755 571 2906 624; x_wconf 86' lang='lat' dir='ltr'><strong>quem</strong></span> <span class='ocrx_word' id='word_1_57' title='bbox 2937 555 3051 609; x_wconf 76' lang='lat' dir='ltr'><strong>dixi</strong></span> <span class='ocrx_word' id='word_1_58' title='bbox 3083 555 3226 609; x_wconf 81' lang='lat' dir='ltr'><strong>vobis</strong></span> <span class='ocrx_word' id='word_1_59' title='bbox 3252 571 3268 610; x_wconf 88' lang='lat'><strong><em>:</em></strong></span> <span class='ocrx_word' id='word_1_60' title='bbox 3295 555 3564 621; x_wconf 78' lang='lat' dir='ltr'><strong>Quoniam</strong></span> 
     </span>
    </p>
   </div>
   <div class='ocr_carea' id='block_1_11' title="bbox 254 642 3564 733">
    <p class='ocr_par' dir='ltr' id='par_1_11' title="bbox 254 642 3564 733">
     <span class='ocr_line' id='line_1_11' title="bbox 254 642 3564 733; baseline -0.005 -15"><span class='ocrx_word' id='word_1_61' title='bbox 254 665 398 719; x_wconf 77' lang='lat' dir='ltr'><strong>uenit</strong></span> <span class='ocrx_word' id='word_1_62' title='bbox 442 671 564 733; x_wconf 79' lang='lat' dir='ltr'><strong>post</strong></span> <span class='ocrx_word' id='word_1_63' title='bbox 607 676 691 715; x_wconf 83' lang='lat' dir='ltr'><strong>me</strong></span> <span class='ocrx_word' id='word_1_64' title='bbox 747 659 848 722; x_wconf 84' lang='lat' dir='ltr'><strong>uir,</strong></span> <span class='ocrx_word' id='word_1_65' title='bbox 899 655 1338 712; x_wconf 77' lang='lat' dir='ltr'><strong>incarnationem</strong></span> <span class='ocrx_word' id='word_1_66' title='bbox 1378 653 1644 711; x_wconf 76' lang='lat' dir='ltr'><strong>declarat.</strong></span> <span class='ocrx_word' id='word_1_67' title='bbox 1711 649 1838 705; x_wconf 75' lang='lat' dir='ltr'><strong>llzec</strong></span> <span class='ocrx_word' id='word_1_68' title='bbox 1886 642 2092 714; x_wconf 81' lang='lat' dir='ltr'><strong>autem,</strong></span> <span class='ocrx_word' id='word_1_69' title='bbox 2147 648 2294 716; x_wconf 84' lang='lat' dir='ltr'><strong>prior</strong></span> <span class='ocrx_word' id='word_1_70' title='bbox 2331 664 2412 700; x_wconf 86' lang='lat' dir='ltr'><strong>me</strong></span> <span class='ocrx_word' id='word_1_71' title='bbox 2457 656 2596 711; x_wconf 83' lang='lat' dir='ltr'><strong>erat,</strong></span> <span class='ocrx_word' id='word_1_72' title='bbox 2652 646 2773 716; x_wconf 83' lang='lat' dir='ltr'><strong>ejus</strong></span> <span class='ocrx_word' id='word_1_73' title='bbox 2835 646 3172 701; x_wconf 74' lang='lat' dir='ltr'><strong>divinitatem</strong></span> <span class='ocrx_word' id='word_1_74' title='bbox 3227 648 3564 718; x_wconf 78' lang='lat' dir='ltr'><strong>signiﬁcant,</strong></span> 
     </span>
    </p>
   </div>
   <div class='ocr_carea' id='block_1_12' title="bbox 253 744 3566 830">
    <p class='ocr_par' dir='ltr' id='par_1_12' title="bbox 253 744 3566 830">
     <span class='ocr_line' id='line_1_12' title="bbox 253 744 3566 830; baseline -0.005 -16"><span class='ocrx_word' id='word_1_75' title='bbox 253 760 511 830; x_wconf 84' lang='lat' dir='ltr'><strong>quoniam</strong></span> <span class='ocrx_word' id='word_1_76' title='bbox 533 765 656 811; x_wconf 84' lang='lat' dir='ltr'><strong>ante</strong></span> <span class='ocrx_word' id='word_1_77' title='bbox 685 771 767 808; x_wconf 82' lang='lat' dir='ltr'><strong>me</strong></span> <span class='ocrx_word' id='word_1_78' title='bbox 786 754 962 823; x_wconf 77' lang='lat' dir='ltr'><strong>factus</strong></span> <span class='ocrx_word' id='word_1_79' title='bbox 982 763 1083 808; x_wconf 76' lang='lat' dir='ltr'><strong>est.</strong></span> <span class='ocrx_word' id='word_1_80' title='bbox 1107 751 1321 824; x_wconf 87' lang='lat' dir='ltr'><strong>Quippe</strong></span> <span class='ocrx_word' id='word_1_81' title='bbox 1363 759 1424 806; x_wconf 92' lang='lat' dir='ltr'><strong>ut</strong></span> <span class='ocrx_word' id='word_1_82' title='bbox 1471 751 1526 806; x_wconf 90' lang='lat' dir='ltr'><strong>in</strong></span> <span class='ocrx_word' id='word_1_83' title='bbox 1561 747 1857 822; x_wconf 81' lang='lat' dir='ltr'><strong>Evangelia</strong></span> <span class='ocrx_word' id='word_1_84' title='bbox 1897 747 2162 816; x_wconf 87' lang='lat' dir='ltr'><strong>scriptum</strong></span> <span class='ocrx_word' id='word_1_85' title='bbox 2189 754 2272 800; x_wconf 90' lang='lat' dir='ltr'><strong>est</strong></span> <span class='ocrx_word' id='word_1_86' title='bbox 2301 761 2314 796; x_wconf 87' lang='lat'><strong><em>:</em></strong></span> <span class='ocrx_word' id='word_1_87' title='bbox 2354 745 2417 798; x_wconf 86' lang='lat' dir='ltr'><strong>In</strong></span> <span class='ocrx_word' id='word_1_88' title='bbox 2446 746 2642 799; x_wconf 68' lang='lat' dir='ltr'><strong>natando</strong></span> <span class='ocrx_word' id='word_1_89' title='bbox 2675 753 2812 808; x_wconf 76' lang='lat' dir='ltr'><strong>erat,</strong></span> <span class='ocrx_word' id='word_1_90' title='bbox 2867 754 2917 798; x_wconf 83' lang='lat' dir='ltr'><strong>et</strong></span> <span class='ocrx_word' id='word_1_91' title='bbox 2967 744 3193 800; x_wconf 84' lang='lat' dir='ltr'><strong>mundus</strong></span> <span class='ocrx_word' id='word_1_92' title='bbox 3237 760 3328 814; x_wconf 81' lang='lat' dir='ltr'><strong>per</strong></span> <span class='ocrx_word' id='word_1_93' title='bbox 3393 747 3566 814; x_wconf 74' lang='lat' dir='ltr'><strong>ipsum</strong></span> 
     </span>
    </p>
   </div>
   <div class='ocr_carea' id='block_1_13' title="bbox 259 843 1509 920">
    <p class='ocr_par' dir='ltr' id='par_1_13' title="bbox 259 843 1509 920">
     <span class='ocr_line' id='line_1_13' title="bbox 259 843 1509 920; baseline -0.008 -13"><span class='ocrx_word' id='word_1_94' title='bbox 259 857 439 920; x_wconf 68' lang='lat' dir='ltr'><strong>Iactus</strong></span> <span class='ocrx_word' id='word_1_95' title='bbox 471 859 570 913; x_wconf 80' lang='lat' dir='ltr'><strong>est,</strong></span> <span class='ocrx_word' id='word_1_96' title='bbox 589 859 639 904; x_wconf 85' lang='lat' dir='ltr'><strong>et</strong></span> <span class='ocrx_word' id='word_1_97' title='bbox 660 847 890 902; x_wconf 82' lang='lat' dir='ltr'><strong>mundus</strong></span> <span class='ocrx_word' id='word_1_98' title='bbox 923 863 1045 901; x_wconf 83' lang='lat' dir='ltr'><strong>eum</strong></span> <span class='ocrx_word' id='word_1_99' title='bbox 1076 843 1450 914; x_wconf 70' lang='lat' dir='ltr'><strong>nou~cognouit</strong></span> <span class='ocrx_word' id='word_1_100' title='bbox 1467 843 1509 897; x_wconf 84' lang='grc'><strong>³.</strong></span> 
     </span>
    </p>
   </div>
   <div class='ocr_carea' id='block_1_14' title="bbox 327 953 1860 1032">
    <p class='ocr_par' dir='ltr' id='par_1_14' title="bbox 327 953 1860 1032">
     <span class='ocr_line' id='line_1_14' title="bbox 327 953 1860 1032; baseline -0.007 -13"><span class='ocrx_word' id='word_1_101' title='bbox 327 965 465 1019; x_wconf 63' lang='grc' dir='ltr'><strong>ΜΝ.</strong></span> <span class='ocrx_word' id='word_1_102' title='bbox 511 963 574 1015; x_wconf 85' lang='grc' dir='ltr'><strong>Εί</strong></span> <span class='ocrx_word' id='word_1_103' title='bbox 617 961 676 1015; x_wconf 81' lang='grc' dir='ltr'><strong>δὲ</strong></span> <span class='ocrx_word' id='word_1_104' title='bbox 712 962 772 1014; x_wconf 76' lang='grc' dir='ltr'><strong>ὲν</strong></span> <span class='ocrx_word' id='word_1_105' title='bbox 819 959 1012 1032; x_wconf 84' lang='grc' dir='ltr'><strong>κόσμῳ</strong></span> <span class='ocrx_word' id='word_1_106' title='bbox 1043 953 1117 1031; x_wconf 83' lang='grc' dir='ltr'><strong>ἦν</strong></span> <span class='ocrx_word' id='word_1_107' title='bbox 1161 958 1278 1030; x_wconf 84' lang='grc'><strong>(95)</strong></span> <span class='ocrx_word' id='word_1_108' title='bbox 1305 957 1416 1030; x_wconf 81' lang='grc' dir='ltr'><strong>πρὸ</strong></span> <span class='ocrx_word' id='word_1_109' title='bbox 1451 955 1546 1011; x_wconf 88' lang='grc' dir='ltr'><strong>τοῦ</strong></span> <span class='ocrx_word' id='word_1_110' title='bbox 1607 955 1860 1027; x_wconf 82' lang='grc' dir='ltr'><strong>Ἰωάννην</strong></span> 
     </span>
    </p>
   </div>
   <div class='ocr_carea' id='block_1_15' title="bbox 255 1048 1861 1126">
    <p class='ocr_par' dir='ltr' id='par_1_15' title="bbox 255 1048 1861 1126">
     <span class='ocr_line' id='line_1_15' title="bbox 255 1048 1861 1126; baseline -0.006 -16"><span class='ocrx_word' id='word_1_111' title='bbox 255 1055 589 1126; x_wconf 78' lang='grc' dir='ltr'><strong>γεννηθῆναι</strong></span> <span class='ocrx_word' id='word_1_112' title='bbox 618 1055 716 1106; x_wconf 75' lang='grc' dir='ltr'><strong>καὶ</strong></span> <span class='ocrx_word' id='word_1_113' title='bbox 744 1051 1123 1122; x_wconf 80' lang='grc' dir='ltr'><strong>συλληφθῆναι</strong></span> <span class='ocrx_word' id='word_1_114' title='bbox 1141 1093 1158 1118; x_wconf 91' lang='grc'><strong>,</strong></span> <span class='ocrx_word' id='word_1_115' title='bbox 1191 1051 1300 1122; x_wconf 82' lang='grc' dir='ltr'><strong>πρὸ</strong></span> <span class='ocrx_word' id='word_1_116' title='bbox 1343 1049 1512 1105; x_wconf 78' lang='grc' dir='ltr'><strong>αὐτοῦ</strong></span> <span class='ocrx_word' id='word_1_117' title='bbox 1543 1048 1768 1119; x_wconf 79' lang='grc' dir='ltr'><strong>γέγονεν</strong></span> <span class='ocrx_word' id='word_1_118' title='bbox 1801 1050 1861 1101; x_wconf 83' lang='grc' dir='ltr'><strong>ὲν</strong></span> 
     </span>
    </p>
   </div>
   <div class='ocr_carea' id='block_1_16' title="bbox 255 1141 1856 1219">
    <p class='ocr_par' dir='ltr' id='par_1_16' title="bbox 255 1141 1856 1219">
     <span class='ocr_line' id='line_1_16' title="bbox 255 1141 1856 1219; baseline -0.004 -18"><span class='ocrx_word' id='word_1_119' title='bbox 255 1151 485 1219; x_wconf 84' lang='grc' dir='ltr'><strong>κόσμῳ,</strong></span> <span class='ocrx_word' id='word_1_120' title='bbox 526 1147 586 1198; x_wconf 86' lang='grc' dir='ltr'><strong>οὐ</strong></span> <span class='ocrx_word' id='word_1_121' title='bbox 621 1145 752 1216; x_wconf 72' lang='grc' dir='ltr'><strong>περὶ</strong></span> <span class='ocrx_word' id='word_1_122' title='bbox 788 1144 1022 1207; x_wconf 81' lang='grc' dir='ltr'><strong>κτίσεως</strong></span> <span class='ocrx_word' id='word_1_123' title='bbox 1043 1183 1062 1208; x_wconf 92' lang='grc'><strong>,</strong></span> <span class='ocrx_word' id='word_1_124' title='bbox 1093 1143 1156 1196; x_wconf 85' lang='grc' dir='ltr'><strong>ού</strong></span> <span class='ocrx_word' id='word_1_125' title='bbox 1188 1143 1319 1215; x_wconf 73' lang='grc' dir='ltr'><strong>περὶ</strong></span> <span class='ocrx_word' id='word_1_126' title='bbox 1348 1145 1622 1214; x_wconf 82' lang='grc' dir='ltr'><strong>ποιήσεως</strong></span> <span class='ocrx_word' id='word_1_127' title='bbox 1655 1141 1856 1213; x_wconf 69' lang='grc' dir='ltr'><strong>σημαία</strong></span> 
     </span>
    </p>
   </div>
   <div class='ocr_carea' id='block_1_17' title="bbox 256 1233 1861 1308">
    <p class='ocr_par' dir='ltr' id='par_1_17' title="bbox 256 1233 1861 1308">
     <span class='ocr_line' id='line_1_17' title="bbox 256 1233 1861 1308; baseline -0.005 -14"><span class='ocrx_word' id='word_1_128' title='bbox 256 1257 393 1303; x_wconf 89' lang='grc' dir='ltr'><strong>νων,</strong></span> <span class='ocrx_word' id='word_1_129' title='bbox 428 1238 566 1293; x_wconf 90' lang='grc' dir='ltr'><strong>ἀλλά</strong></span> <span class='ocrx_word' id='word_1_130' title='bbox 609 1237 756 1291; x_wconf 85' lang='grc' dir='ltr'><strong>κατὰ</strong></span> <span class='ocrx_word' id='word_1_131' title='bbox 780 1236 882 1308; x_wconf 85' lang='grc' dir='ltr'><strong>τὴν</strong></span> <span class='ocrx_word' id='word_1_132' title='bbox 912 1236 1131 1308; x_wconf 83' lang='grc' dir='ltr'><strong>χρῆσιν,</strong></span> <span class='ocrx_word' id='word_1_133' title='bbox 1159 1235 1228 1307; x_wconf 74' lang='grc' dir='ltr'>ἢν</span> <span class='ocrx_word' id='word_1_134' title='bbox 1266 1235 1575 1306; x_wconf 82' lang='grc' dir='ltr'><strong>ὁμωνύμως</strong></span> <span class='ocrx_word' id='word_1_135' title='bbox 1603 1233 1861 1287; x_wconf 84' lang='grc' dir='ltr'><strong>είώθασιν</strong></span> 
     </span>
    </p>
   </div>
   <div class='ocr_carea' id='block_1_18' title="bbox 255 1325 1860 1404">
    <p class='ocr_par' dir='ltr' id='par_1_18' title="bbox 255 1325 1860 1404">
     <span class='ocr_line' id='line_1_18' title="bbox 255 1325 1860 1404; baseline -0.006 -17"><span class='ocrx_word' id='word_1_136' title='bbox 255 1335 308 1387; x_wconf 84' lang='grc' dir='ltr'><strong>οἱ</strong></span> <span class='ocrx_word' id='word_1_137' title='bbox 347 1331 624 1404; x_wconf 86' lang='grc' dir='ltr'><strong>ἄνθρωποι</strong></span> <span class='ocrx_word' id='word_1_138' title='bbox 669 1329 887 1398; x_wconf 78' lang='grc' dir='ltr'><strong>λέγειν·</strong></span> <span class='ocrx_word' id='word_1_139' title='bbox 951 1327 1258 1399; x_wconf 84' lang='grc' dir='ltr'><strong>Ἔγενόμην</strong></span> <span class='ocrx_word' id='word_1_140' title='bbox 1310 1329 1370 1380; x_wconf 86' lang='grc' dir='ltr'><strong>ὲν</strong></span> <span class='ocrx_word' id='word_1_141' title='bbox 1434 1325 1860 1398; x_wconf 86' lang='grc' dir='ltr'><strong>Ἱεροσολύμοις,</strong></span> 
     </span>
    </p>
   </div>
   <div class='ocr_carea' id='block_1_19' title="bbox 258 1417 1861 1492">
    <p class='ocr_par' dir='ltr' id='par_1_19' title="bbox 258 1417 1861 1492">
     <span class='ocr_line' id='line_1_19' title="bbox 258 1417 1861 1492; baseline -0.004 -16"><span class='ocrx_word' id='word_1_142' title='bbox 258 1421 532 1492; x_wconf 78' lang='grc' dir='ltr'><strong>ἐγενόμην</strong></span> <span class='ocrx_word' id='word_1_143' title='bbox 553 1420 612 1471; x_wconf 73' lang='grc' dir='ltr'><strong>ἐν</strong></span> <span class='ocrx_word' id='word_1_144' title='bbox 629 1418 933 1483; x_wconf 86' lang='grc' dir='ltr'><strong>Βαϐυλῶνι,</strong></span> <span class='ocrx_word' id='word_1_145' title='bbox 958 1417 1228 1488; x_wconf 66' lang='grc' dir='ltr'><strong>ἐγενόμην</strong></span> <span class='ocrx_word' id='word_1_146' title='bbox 1245 1419 1304 1471; x_wconf 81' lang='grc' dir='ltr'><strong>ὲν</strong></span> <span class='ocrx_word' id='word_1_147' title='bbox 1330 1417 1587 1490; x_wconf 71' lang='grc' dir='ltr'><strong>Αἰθιοπίᾳ</strong></span> <span class='ocrx_word' id='word_1_148' title='bbox 1606 1418 1648 1480; x_wconf 78' lang='grc' dir='ltr'><strong>ί,</strong></span> <span class='ocrx_word' id='word_1_149' title='bbox 1677 1417 1861 1486; x_wconf 68' lang='grc' dir='ltr'><strong>ἐγενό-</strong></span> 
     </span>
    </p>
   </div>
   <div class='ocr_carea' id='block_1_20' title="bbox 262 1505 1860 1586">
    <p class='ocr_par' dir='ltr' id='par_1_20' title="bbox 262 1505 1860 1586">
     <span class='ocr_line' id='line_1_20' title="bbox 262 1505 1860 1586; baseline -0.004 -19"><span class='ocrx_word' id='word_1_150' title='bbox 262 1531 376 1586; x_wconf 79' lang='grc' dir='ltr'><strong>μην</strong></span> <span class='ocrx_word' id='word_1_151' title='bbox 404 1515 464 1566; x_wconf 75' lang='grc' dir='ltr'><strong>ὲν</strong></span> <span class='ocrx_word' id='word_1_152' title='bbox 519 1509 932 1583; x_wconf 74' lang='grc' dir='ltr'><strong>Ἀλεξανδρείᾳ·</strong></span> <span class='ocrx_word' id='word_1_153' title='bbox 963 1509 1026 1562; x_wconf 85' lang='grc' dir='ltr'><strong>οὐ</strong></span> <span class='ocrx_word' id='word_1_154' title='bbox 1069 1508 1250 1562; x_wconf 80' lang='grc' dir='ltr'><strong>κτίσιν</strong></span> <span class='ocrx_word' id='word_1_155' title='bbox 1281 1507 1565 1580; x_wconf 78' lang='grc' dir='ltr'><strong>σημαίνων</strong></span> <span class='ocrx_word' id='word_1_156' title='bbox 1601 1505 1860 1573; x_wconf 79' lang='grc' dir='ltr'><strong>ἐνταῦθα,</strong></span> 
     </span>
    </p>
   </div>
   <div class='ocr_carea' id='block_1_21' title="bbox 258 1593 1862 1672">
    <p class='ocr_par' dir='ltr' id='par_1_21' title="bbox 258 1593 1862 1672">
     <span class='ocr_line' id='line_1_21' title="bbox 258 1593 1862 1672; baseline -0.007 -14"><span class='ocrx_word' id='word_1_157' title='bbox 258 1603 403 1658; x_wconf 83' lang='grc' dir='ltr'><strong>ἀλλά</strong></span> <span class='ocrx_word' id='word_1_158' title='bbox 431 1601 684 1656; x_wconf 79' lang='grc' dir='ltr'><strong>ὲπίϐασίν</strong></span> <span class='ocrx_word' id='word_1_159' title='bbox 710 1616 770 1654; x_wconf 87' lang='grc' dir='ltr'><strong>τε</strong></span> <span class='ocrx_word' id='word_1_160' title='bbox 797 1599 895 1653; x_wconf 71' lang='grc' dir='ltr'><strong>καὶ</strong></span> <span class='ocrx_word' id='word_1_161' title='bbox 925 1596 1254 1669; x_wconf 79' lang='grc' dir='ltr'><strong>παρουσίαν.</strong></span> <span class='ocrx_word' id='word_1_162' title='bbox 1285 1596 1360 1650; x_wconf 81' lang='grc' dir='ltr'><strong>Τὸ</strong></span> <span class='ocrx_word' id='word_1_163' title='bbox 1382 1596 1514 1672; x_wconf 86' lang='grc' dir='ltr'><strong>γὰρ,</strong></span> <span class='ocrx_word' id='word_1_164' title='bbox 1559 1593 1862 1664; x_wconf 86' lang='grc' dir='ltr'><strong>Ἐγενόμην</strong></span> 
     </span>
    </p>
   </div>
   <div class='ocr_carea' id='block_1_22' title="bbox 2040 950 3568 1022">
    <p class='ocr_par' dir='ltr' id='par_1_22' title="bbox 2040 950 3568 1022">
     <span class='ocr_line' id='line_1_22' title="bbox 2040 950 3568 1022; baseline 0.001 -14"><span class='ocrx_word' id='word_1_165' title='bbox 2040 951 2180 1008; x_wconf 79' lang='lat' dir='ltr'><strong>XLI.</strong></span> <span class='ocrx_word' id='word_1_166' title='bbox 2213 950 2370 1018; x_wconf 83' lang='lat' dir='ltr'><strong>Quod</strong></span> <span class='ocrx_word' id='word_1_167' title='bbox 2399 952 2446 1007; x_wconf 93' lang='lat' dir='ltr'><strong>si</strong></span> <span class='ocrx_word' id='word_1_168' title='bbox 2474 951 2530 1006; x_wconf 94' lang='lat' dir='ltr'><strong>in</strong></span> <span class='ocrx_word' id='word_1_169' title='bbox 2568 951 2775 1006; x_wconf 91' lang='lat' dir='ltr'><strong>mundo</strong></span> <span class='ocrx_word' id='word_1_170' title='bbox 2804 957 2943 1014; x_wconf 88' lang='lat' dir='ltr'><strong>erat,</strong></span> <span class='ocrx_word' id='word_1_171' title='bbox 2972 963 3264 1022; x_wconf 88' lang='lat' dir='ltr'><strong>antequam</strong></span> <span class='ocrx_word' id='word_1_172' title='bbox 3309 969 3568 1011; x_wconf 83' lang='lat' dir='ltr'><strong>nascere-</strong></span> 
     </span>
    </p>
   </div>
   <div class='ocr_carea' id='block_1_23' title="bbox 1967 1040 3568 1114">
    <p class='ocr_par' dir='ltr' id='par_1_23' title="bbox 1967 1040 3568 1114">
     <span class='ocr_line' id='line_1_23' title="bbox 1967 1040 3568 1114; baseline 0.001 -15"><span class='ocrx_word' id='word_1_173' title='bbox 1967 1053 2058 1099; x_wconf 91' lang='lat' dir='ltr'><strong>tur</strong></span> <span class='ocrx_word' id='word_1_174' title='bbox 2095 1052 2189 1098; x_wconf 88' lang='lat' dir='ltr'><strong>aut</strong></span> <span class='ocrx_word' id='word_1_175' title='bbox 2211 1044 2526 1114; x_wconf 76' lang='lat' dir='ltr'><strong>gigneretur</strong></span> <span class='ocrx_word' id='word_1_176' title='bbox 2550 1040 2816 1106; x_wconf 85' lang='lat' dir='ltr'><strong>Joannes,</strong></span> <span class='ocrx_word' id='word_1_177' title='bbox 2859 1049 2986 1098; x_wconf 88' lang='lat' dir='ltr'><strong>ante</strong></span> <span class='ocrx_word' id='word_1_178' title='bbox 3051 1043 3203 1096; x_wconf 90' lang='lat' dir='ltr'><strong>illum</strong></span> <span class='ocrx_word' id='word_1_179' title='bbox 3248 1044 3304 1097; x_wconf 90' lang='lat' dir='ltr'><strong>in</strong></span> <span class='ocrx_word' id='word_1_180' title='bbox 3358 1049 3568 1101; x_wconf 80' lang='lat' dir='ltr'><strong>mundo</strong></span> 
     </span>
    </p>
   </div>
   <div class='ocr_carea' id='block_1_24' title="bbox 1966 1134 3566 1210">
    <p class='ocr_par' dir='ltr' id='par_1_24' title="bbox 1966 1134 3566 1210">
     <span class='ocr_line' id='line_1_24' title="bbox 1966 1134 3566 1210; baseline 0.001 -18"><span class='ocrx_word' id='word_1_181' title='bbox 1966 1137 2174 1192; x_wconf 76' lang='lat' dir='ltr'><strong>exStitit</strong></span> <span class='ocrx_word' id='word_1_182' title='bbox 2207 1154 2220 1190; x_wconf 92' lang='lat'><strong>:</strong></span> <span class='ocrx_word' id='word_1_183' title='bbox 2251 1134 2398 1206; x_wconf 90' lang='lat' dir='ltr'><strong>quod</strong></span> <span class='ocrx_word' id='word_1_184' title='bbox 2442 1134 2509 1188; x_wconf 91' lang='lat' dir='ltr'><strong>de</strong></span> <span class='ocrx_word' id='word_1_185' title='bbox 2557 1137 2838 1189; x_wconf 81' lang='lat' dir='ltr'><strong>creatione</strong></span> <span class='ocrx_word' id='word_1_186' title='bbox 2881 1143 2974 1188; x_wconf 88' lang='lat' dir='ltr'><strong>aut</strong></span> <span class='ocrx_word' id='word_1_187' title='bbox 3003 1134 3294 1190; x_wconf 69' lang='lat' dir='ltr'><strong>effectione</strong></span> <span class='ocrx_word' id='word_1_188' title='bbox 3336 1137 3566 1210; x_wconf 82' lang='lat' dir='ltr'><strong>intelligi</strong></span> 
     </span>
    </p>
   </div>
   <div class='ocr_carea' id='block_1_25' title="bbox 1967 1225 3566 1295">
    <p class='ocr_par' dir='ltr' id='par_1_25' title="bbox 1967 1225 3566 1295">
     <span class='ocr_line' id='line_1_25' title="bbox 1967 1225 3566 1295; baseline 0.001 -13"><span class='ocrx_word' id='word_1_189' title='bbox 1967 1243 2078 1282; x_wconf 90' lang='lat' dir='ltr'><strong>non</strong></span> <span class='ocrx_word' id='word_1_190' title='bbox 2129 1226 2313 1292; x_wconf 85' lang='lat' dir='ltr'><strong>debet,</strong></span> <span class='ocrx_word' id='word_1_191' title='bbox 2365 1225 2463 1280; x_wconf 92' lang='lat' dir='ltr'><strong>sed</strong></span> <span class='ocrx_word' id='word_1_192' title='bbox 2492 1225 2558 1279; x_wconf 91' lang='lat' dir='ltr'><strong>ad</strong></span> <span class='ocrx_word' id='word_1_193' title='bbox 2591 1240 2940 1280; x_wconf 85' lang='lat' dir='ltr'><strong>communem</strong></span> <span class='ocrx_word' id='word_1_194' title='bbox 2989 1226 3250 1295; x_wconf 88' lang='lat' dir='ltr'><strong>loquendi</strong></span> <span class='ocrx_word' id='word_1_195' title='bbox 3293 1229 3566 1283; x_wconf 89' lang='lat' dir='ltr'><strong>rationem</strong></span> 
     </span>
    </p>
   </div>
   <div class='ocr_carea' id='block_1_26' title="bbox 1967 1317 3566 1388">
    <p class='ocr_par' dir='ltr' id='par_1_26' title="bbox 1967 1317 3566 1388">
     <span class='ocr_line' id='line_1_26' title="bbox 1967 1317 3566 1388; baseline 0.001 -14"><span class='ocrx_word' id='word_1_196' title='bbox 1967 1317 2444 1374; x_wconf 85' lang='lat' dir='ltr'><strong>accommodatum</strong></span> <span class='ocrx_word' id='word_1_197' title='bbox 2495 1325 2601 1381; x_wconf 81' lang='lat' dir='ltr'><strong>est,</strong></span> <span class='ocrx_word' id='word_1_198' title='bbox 2647 1332 2754 1387; x_wconf 88' lang='lat' dir='ltr'><strong>qua</strong></span> <span class='ocrx_word' id='word_1_199' title='bbox 2787 1317 2951 1387; x_wconf 83' lang='lat' dir='ltr'><strong>vulgo</strong></span> <span class='ocrx_word' id='word_1_200' title='bbox 2982 1318 3062 1372; x_wconf 91' lang='lat' dir='ltr'><strong>sic</strong></span> <span class='ocrx_word' id='word_1_201' title='bbox 3094 1319 3398 1388; x_wconf 88' lang='lat' dir='ltr'><strong>loquuntur</strong></span> <span class='ocrx_word' id='word_1_202' title='bbox 3424 1335 3440 1372; x_wconf 87' lang='lat'><strong>:</strong></span> <span class='ocrx_word' id='word_1_203' title='bbox 3466 1318 3566 1375; x_wconf 84' lang='lat' dir='ltr'><strong>Fui</strong></span> 
     </span>
    </p>
   </div>
   <div class='ocr_carea' id='block_1_27' title="bbox 1967 1407 3568 1481">
    <p class='ocr_par' dir='ltr' id='par_1_27' title="bbox 1967 1407 3568 1481">
     <span class='ocr_line' id='line_1_27' title="bbox 1967 1407 3568 1481; baseline 0.001 -16"><span class='ocrx_word' id='word_1_204' title='bbox 1967 1411 2360 1481; x_wconf 83' lang='lat' dir='ltr'><strong>Jerosolymis,</strong></span> <span class='ocrx_word' id='word_1_205' title='bbox 2401 1409 2477 1464; x_wconf 83' lang='lat' dir='ltr'><strong>I&#39;ui</strong></span> <span class='ocrx_word' id='word_1_206' title='bbox 2530 1409 2828 1480; x_wconf 82' lang='lat' dir='ltr'><strong>Babylone,</strong></span> <span class='ocrx_word' id='word_1_207' title='bbox 2885 1407 2960 1464; x_wconf 85' lang='lat' dir='ltr'><strong>fui</strong></span> <span class='ocrx_word' id='word_1_208' title='bbox 3025 1409 3078 1464; x_wconf 92' lang='lat' dir='ltr'><strong>in</strong></span> <span class='ocrx_word' id='word_1_209' title='bbox 3131 1409 3442 1481; x_wconf 66' lang='lat' dir='ltr'><strong>AEthiopia,</strong></span> <span class='ocrx_word' id='word_1_210' title='bbox 3487 1412 3568 1466; x_wconf 87' lang='lat' dir='ltr'><strong>I&#39;ui</strong></span> 
     </span>
    </p>
   </div>
   <div class='ocr_carea' id='block_1_28' title="bbox 1968 1504 3566 1576">
    <p class='ocr_par' dir='ltr' id='par_1_28' title="bbox 1968 1504 3566 1576">
     <span class='ocr_line' id='line_1_28' title="bbox 1968 1504 3566 1576; baseline 0 -16"><span class='ocrx_word' id='word_1_211' title='bbox 1968 1507 2353 1562; x_wconf 53' lang='lat' dir='ltr'><strong>Alexandriae:</strong></span> <span class='ocrx_word' id='word_1_212' title='bbox 2388 1505 2482 1560; x_wconf 88' lang='lat' dir='ltr'><strong>ubi</strong></span> <span class='ocrx_word' id='word_1_213' title='bbox 2520 1519 2631 1560; x_wconf 90' lang='lat' dir='ltr'><strong>non</strong></span> <span class='ocrx_word' id='word_1_214' title='bbox 2689 1505 2898 1560; x_wconf 89' lang='lat' dir='ltr'><strong>creatio</strong></span> <span class='ocrx_word' id='word_1_215' title='bbox 2956 1506 3088 1569; x_wconf 87' lang='lat' dir='ltr'><strong>ulla,</strong></span> <span class='ocrx_word' id='word_1_216' title='bbox 3131 1505 3214 1560; x_wconf 87' lang='lat' dir='ltr'><strong>vel</strong></span> <span class='ocrx_word' id='word_1_217' title='bbox 3251 1504 3566 1576; x_wconf 88' lang='lat' dir='ltr'><strong>productio,</strong></span> 
     </span>
    </p>
   </div>
   <div class='ocr_carea' id='block_1_29' title="bbox 1969 1597 3566 1673">
    <p class='ocr_par' dir='ltr' id='par_1_29' title="bbox 1969 1597 3566 1673">
     <span class='ocr_line' id='line_1_29' title="bbox 1969 1597 3566 1673; baseline -0.002 -16"><span class='ocrx_word' id='word_1_218' title='bbox 1969 1599 2134 1673; x_wconf 65' lang='grc' dir='ltr'><strong>Ἰϐἇ1</strong></span> <span class='ocrx_word' id='word_1_219' title='bbox 2181 1601 2278 1656; x_wconf 87' lang='lat' dir='ltr'><strong>sed</strong></span> <span class='ocrx_word' id='word_1_220' title='bbox 2327 1598 2576 1654; x_wconf 82' lang='lat' dir='ltr'><strong>accessio</strong></span> <span class='ocrx_word' id='word_1_221' title='bbox 2623 1597 2987 1654; x_wconf 83' lang='lat' dir='ltr'><strong>et&#39;adventus</strong></span> <span class='ocrx_word' id='word_1_222' title='bbox 3031 1599 3380 1670; x_wconf 79' lang='lat' dir='ltr'><strong>exprimitur.</strong></span> <span class='ocrx_word' id='word_1_223' title='bbox 3427 1597 3566 1654; x_wconf 81' lang='lat' dir='ltr'><strong>Nam</strong></span> 
     </span>
    </p>
   </div>
   <div class='ocr_carea' id='block_1_30' title="bbox 259 1682 1863 1764">
    <p class='ocr_par' dir='ltr' id='par_1_30' title="bbox 259 1684 1863 1764">
     <span class='ocr_line' id='line_1_30' title="bbox 259 1684 1863 1764; baseline -0.006 -13"><span class='ocrx_word' id='word_1_224' title='bbox 259 1699 325 1751; x_wconf 78' lang='grc' dir='ltr'><strong>ὲν</strong></span> <span class='ocrx_word' id='word_1_225' title='bbox 352 1693 631 1750; x_wconf 85' lang='grc' dir='ltr'><strong>Βαϐυλῶνι</strong></span> <span class='ocrx_word' id='word_1_226' title='bbox 653 1693 687 1764; x_wconf 83' lang='grc' dir='ltr'>ἢ</span> <span class='ocrx_word' id='word_1_227' title='bbox 707 1693 766 1746; x_wconf 82' lang='grc' dir='ltr'><strong>ὲν</strong></span> <span class='ocrx_word' id='word_1_228' title='bbox 791 1691 966 1763; x_wconf 79' lang='grc' dir='ltr'><strong>ἑτέρῳ</strong></span> <span class='ocrx_word' id='word_1_229' title='bbox 985 1690 1139 1762; x_wconf 82' lang='grc' dir='ltr'><strong>τόπῳ</strong></span> <span class='ocrx_word' id='word_1_230' title='bbox 1156 1731 1172 1755; x_wconf 88' lang='grc'><strong>,</strong></span> <span class='ocrx_word' id='word_1_231' title='bbox 1196 1691 1280 1744; x_wconf 84' lang='grc' dir='ltr'><strong>ὅτι</strong></span> <span class='ocrx_word' id='word_1_232' title='bbox 1307 1684 1537 1744; x_wconf 77' lang='grc' dir='ltr'><strong>ἾῙλθον.</strong></span> <span class='ocrx_word' id='word_1_233' title='bbox 1567 1687 1689 1757; x_wconf 83' lang='grc' dir='ltr'><strong>Πρὸ</strong></span> <span class='ocrx_word' id='word_1_234' title='bbox 1715 1685 1863 1757; x_wconf 80' lang='grc' dir='ltr'><strong>ἐμοῦ</strong></span> 
     </span>
    </p>
   </div>
   <div class='ocr_carea' id='block_1_31' title="bbox 1974 1682 3571 1764">
    <p class='ocr_par' dir='ltr' id='par_1_31' title="bbox 1974 1691 3571 1764">
     <span class='ocr_line' id='line_1_31' title="bbox 1974 1691 3571 1764; baseline -0.001 -16"><span class='ocrx_word' id='word_1_235' title='bbox 1974 1695 2114 1751; x_wconf 85' lang='lat' dir='ltr'><strong>istud</strong></span> <span class='ocrx_word' id='word_1_236' title='bbox 2164 1711 2178 1748; x_wconf 92' lang='lat'><strong>:</strong></span> <span class='ocrx_word' id='word_1_237' title='bbox 2225 1691 2323 1746; x_wconf 85' lang='lat' dir='ltr'><strong>Fui</strong></span> <span class='ocrx_word' id='word_1_238' title='bbox 2370 1691 2669 1764; x_wconf 75' lang='lat' dir='ltr'><strong>Babylbne.</strong></span> <span class='ocrx_word' id='word_1_239' title='bbox 2724 1692 2809 1746; x_wconf 84' lang='lat' dir='ltr'><strong>vel</strong></span> <span class='ocrx_word' id='word_1_240' title='bbox 2869 1693 2977 1746; x_wconf 89' lang='lat' dir='ltr'><strong>alio</strong></span> <span class='ocrx_word' id='word_1_241' title='bbox 3038 1692 3180 1757; x_wconf 88' lang='lat' dir='ltr'><strong>loco,</strong></span> <span class='ocrx_word' id='word_1_242' title='bbox 3224 1693 3368 1748; x_wconf 85' lang='lat' dir='ltr'><strong>idem</strong></span> <span class='ocrx_word' id='word_1_243' title='bbox 3422 1693 3571 1749; x_wconf 87' lang='lat' dir='ltr'><strong>valet</strong></span> 
     </span>
    </p>
   </div>
   <div class='ocr_carea' id='block_1_32' title="bbox 259 1778 1860 1856">
    <p class='ocr_par' dir='ltr' id='par_1_32' title="bbox 259 1778 1860 1856">
     <span class='ocr_line' id='line_1_32' title="bbox 259 1778 1860 1856; baseline -0.007 -14"><span class='ocrx_word' id='word_1_244' title='bbox 259 1782 362 1842; x_wconf 78' lang='grc' dir='ltr'><strong>οὖν</strong></span> <span class='ocrx_word' id='word_1_245' title='bbox 391 1785 664 1856; x_wconf 66' lang='grc' dir='ltr'><strong>ἐγένετο,</strong></span> <span class='ocrx_word' id='word_1_246' title='bbox 697 1783 785 1838; x_wconf 75' lang='grc' dir='ltr'><strong>ἵνα</strong></span> <span class='ocrx_word' id='word_1_247' title='bbox 821 1783 973 1856; x_wconf 79' lang='grc' dir='ltr'><strong>δείξῃ</strong></span> <span class='ocrx_word' id='word_1_248' title='bbox 1011 1783 1105 1836; x_wconf 73' lang='grc' dir='ltr'><strong>ἐπὶ</strong></span> <span class='ocrx_word' id='word_1_249' title='bbox 1133 1781 1232 1854; x_wconf 85' lang='grc' dir='ltr'><strong>τῆς</strong></span> <span class='ocrx_word' id='word_1_250' title='bbox 1273 1781 1381 1852; x_wconf 86' lang='grc' dir='ltr'><strong>γῆς</strong></span> <span class='ocrx_word' id='word_1_251' title='bbox 1401 1779 1520 1851; x_wconf 33' lang='grc' dir='ltr'><strong>«τὴν</strong></span> <span class='ocrx_word' id='word_1_252' title='bbox 1562 1778 1655 1833; x_wconf 82' lang='grc' dir='ltr'><strong>τοῦ</strong></span> <span class='ocrx_word' id='word_1_253' title='bbox 1684 1779 1860 1848; x_wconf 82' lang='grc' dir='ltr'><strong>Λόγου</strong></span> 
     </span>
    </p>
   </div>
   <div class='ocr_carea' id='block_1_33' title="bbox 261 1865 1866 1942">
    <p class='ocr_par' dir='ltr' id='par_1_33' title="bbox 261 1865 1866 1942">
     <span class='ocr_line' id='line_1_33' title="bbox 261 1865 1866 1942; baseline -0.007 -9"><span class='ocrx_word' id='word_1_254' title='bbox 261 1879 358 1933; x_wconf 76' lang='grc' dir='ltr'><strong>ἀεὶ</strong></span> <span class='ocrx_word' id='word_1_255' title='bbox 379 1876 662 1930; x_wconf 69' lang='grc' dir='ltr'><strong>ἐπίϐασινο</strong></span> <span class='ocrx_word' id='word_1_256' title='bbox 691 1873 785 1928; x_wconf 74' lang='grc' dir='ltr'><strong>καὶ</strong></span> <span class='ocrx_word' id='word_1_257' title='bbox 811 1872 894 1937; x_wconf 81' lang='grc' dir='ltr'><strong>τὸ,</strong></span> <span class='ocrx_word' id='word_1_258' title='bbox 924 1872 1164 1942; x_wconf 82' lang='grc' dir='ltr'><strong>Πρῶτός</strong></span> <span class='ocrx_word' id='word_1_259' title='bbox 1189 1889 1312 1941; x_wconf 90' lang='grc' dir='ltr'><strong>μου</strong></span> <span class='ocrx_word' id='word_1_260' title='bbox 1335 1865 1436 1941; x_wconf 79' lang='grc' dir='ltr'><strong>ἦν,</strong></span> <span class='ocrx_word' id='word_1_261' title='bbox 1462 1869 1553 1925; x_wconf 83' lang='grc' dir='ltr'><strong>ἵνα</strong></span> <span class='ocrx_word' id='word_1_262' title='bbox 1578 1865 1730 1942; x_wconf 78' lang='grc' dir='ltr'><strong>δείξῃ</strong></span> <span class='ocrx_word' id='word_1_263' title='bbox 1762 1867 1866 1940; x_wconf 79' lang='grc' dir='ltr'><strong>τὴν·</strong></span> 
     </span>
    </p>
   </div>
   <div class='ocr_carea' id='block_1_34' title="bbox 262 1961 1858 2040">
    <p class='ocr_par' dir='ltr' id='par_1_34' title="bbox 262 1961 1858 2040">
     <span class='ocr_line' id='line_1_34' title="bbox 262 1961 1858 2040; baseline -0.007 -16"><span class='ocrx_word' id='word_1_264' title='bbox 262 1969 502 2040; x_wconf 84' lang='grc' dir='ltr'><strong>θεότητα</strong></span> <span class='ocrx_word' id='word_1_265' title='bbox 534 1967 624 2021; x_wconf 79' lang='grc' dir='ltr'><strong>ἀεὶ</strong></span> <span class='ocrx_word' id='word_1_266' title='bbox 657 1961 823 2020; x_wconf 83' lang='grc' dir='ltr'><strong>οὖσαν</strong></span> <span class='ocrx_word' id='word_1_267' title='bbox 847 1980 860 1993; x_wconf 90' lang='grc'><strong>·</strong></span> <span class='ocrx_word' id='word_1_268' title='bbox 900 1963 962 2018; x_wconf 81' lang='grc' dir='ltr'><strong>τὸ</strong></span> <span class='ocrx_word' id='word_1_269' title='bbox 1001 1963 1082 2030; x_wconf 87' lang='grc' dir='ltr'><strong>δὲ,</strong></span> <span class='ocrx_word' id='word_1_270' title='bbox 1121 1964 1317 2018; x_wconf 82' lang='grc' dir='ltr'><strong>ὀπίσω</strong></span> <span class='ocrx_word' id='word_1_271' title='bbox 1354 1978 1476 2032; x_wconf 87' lang='grc' dir='ltr'><strong>μου</strong></span> <span class='ocrx_word' id='word_1_272' title='bbox 1503 1961 1858 2031; x_wconf 78' lang='grc' dir='ltr'><strong>ἐρχόμενον,</strong></span> 
     </span>
    </p>
   </div>
   <div class='ocr_carea' id='block_1_35' title="bbox 264 2051 1864 2134">
    <p class='ocr_par' dir='ltr' id='par_1_35' title="bbox 264 2051 1864 2134">
     <span class='ocr_line' id='line_1_35' title="bbox 264 2051 1864 2134; baseline -0.004 -20"><span class='ocrx_word' id='word_1_273' title='bbox 264 2063 360 2117; x_wconf 86' lang='grc' dir='ltr'><strong>ἶνα</strong></span> <span class='ocrx_word' id='word_1_274' title='bbox 386 2061 538 2134; x_wconf 80' lang='grc' dir='ltr'><strong>δείξῃ</strong></span> <span class='ocrx_word' id='word_1_275' title='bbox 563 2061 662 2132; x_wconf 80' lang='grc' dir='ltr'><strong>τὴν</strong></span> <span class='ocrx_word' id='word_1_276' title='bbox 704 2057 970 2129; x_wconf 81' lang='grc' dir='ltr'><strong>σύλληψιν</strong></span> <span class='ocrx_word' id='word_1_277' title='bbox 1015 2057 1154 2129; x_wconf 88' lang='grc' dir='ltr'><strong>μετά</strong></span> <span class='ocrx_word' id='word_1_278' title='bbox 1185 2055 1278 2110; x_wconf 79' lang='grc' dir='ltr'><strong>τὸν</strong></span> <span class='ocrx_word' id='word_1_279' title='bbox 1322 2053 1599 2126; x_wconf 70' lang='grc' dir='ltr'><strong>Ἰωάννηνι</strong></span> <span class='ocrx_word' id='word_1_280' title='bbox 1635 2053 1747 2108; x_wconf 75' lang='lat' dir='ltr'><strong>Kal.</strong></span> <span class='ocrx_word' id='word_1_281' title='bbox 1775 2051 1864 2107; x_wconf 90' lang='grc' dir='ltr'><strong>διά</strong></span> 
     </span>
    </p>
   </div>
   <div class='ocr_carea' id='block_1_36' title="bbox 261 2147 1864 2223">
    <p class='ocr_par' dir='ltr' id='par_1_36' title="bbox 261 2147 1864 2223">
     <span class='ocr_line' id='line_1_36' title="bbox 261 2147 1864 2223; baseline -0.005 -13"><span class='ocrx_word' id='word_1_282' title='bbox 261 2156 458 2219; x_wconf 87' lang='grc' dir='ltr'><strong>τοῦτο,</strong></span> <span class='ocrx_word' id='word_1_283' title='bbox 521 2153 672 2223; x_wconf 79' lang='grc' dir='ltr'><strong>Ἐγὼ</strong></span> <span class='ocrx_word' id='word_1_284' title='bbox 695 2152 864 2222; x_wconf 74' lang='grc' dir='ltr'><strong>φωνὴ</strong></span> <span class='ocrx_word' id='word_1_285' title='bbox 894 2149 1171 2218; x_wconf 78' lang='grc' dir='ltr'><strong>βοῶντος</strong></span> <span class='ocrx_word' id='word_1_286' title='bbox 1189 2149 1261 2204; x_wconf 77' lang='grc' dir='ltr'><strong>ἐν</strong></span> <span class='ocrx_word' id='word_1_287' title='bbox 1285 2148 1362 2219; x_wconf 77' lang='grc' dir='ltr'><strong>τῇ</strong></span> <span class='ocrx_word' id='word_1_288' title='bbox 1389 2148 1608 2218; x_wconf 80' lang='grc' dir='ltr'><strong>ἐρήμῳ,</strong></span> <span class='ocrx_word' id='word_1_289' title='bbox 1635 2147 1864 2219; x_wconf 81' lang='grc' dir='ltr'><strong>ἑτοιμα-</strong></span> 
     </span>
    </p>
   </div>
   <div class='ocr_carea' id='block_1_37' title="bbox 266 2239 1864 2317">
    <p class='ocr_par' dir='ltr' id='par_1_37' title="bbox 266 2239 1864 2317">
     <span class='ocr_line' id='line_1_37' title="bbox 266 2239 1864 2317; baseline -0.005 -17"><span class='ocrx_word' id='word_1_290' title='bbox 266 2247 431 2317; x_wconf 78' lang='grc' dir='ltr'><strong>στικὴ</strong></span> <span class='ocrx_word' id='word_1_291' title='bbox 462 2245 614 2316; x_wconf 79' lang='grc' dir='ltr'><strong>φωνὴ</strong></span> <span class='ocrx_word' id='word_1_292' title='bbox 640 2245 742 2316; x_wconf 84' lang='grc' dir='ltr'><strong>τῆς</strong></span> <span class='ocrx_word' id='word_1_293' title='bbox 769 2243 880 2296; x_wconf 87' lang='grc' dir='ltr'><strong>τῶν</strong></span> <span class='ocrx_word' id='word_1_294' title='bbox 912 2240 1217 2314; x_wconf 64' lang='grc' dir='ltr'><strong>ἀνθρώπον</strong></span> <span class='ocrx_word' id='word_1_295' title='bbox 1260 2241 1452 2312; x_wconf 83' lang='grc' dir='ltr'><strong>ἀκοῆς.</strong></span> <span class='ocrx_word' id='word_1_296' title='bbox 1493 2239 1720 2311; x_wconf 89' lang='grc' dir='ltr'><strong>Πρῶτον</strong></span> <span class='ocrx_word' id='word_1_297' title='bbox 1753 2239 1864 2311; x_wconf 83' lang='grc' dir='ltr'><strong>γὰρ</strong></span> 
     </span>
    </p>
   </div>
   <div class='ocr_carea' id='block_1_38' title="bbox 263 2332 1866 2410">
    <p class='ocr_par' dir='ltr' id='par_1_38' title="bbox 263 2332 1866 2410">
     <span class='ocr_line' id='line_1_38' title="bbox 263 2332 1866 2410; baseline -0.004 -18"><span class='ocrx_word' id='word_1_298' title='bbox 263 2337 641 2410; x_wconf 67' lang='grc' dir='ltr'><strong>ἀδιάρθρωτον</strong></span> <span class='ocrx_word' id='word_1_299' title='bbox 665 2336 921 2391; x_wconf 82' lang='grc' dir='ltr'><strong>εἰώθασιν</strong></span> <span class='ocrx_word' id='word_1_300' title='bbox 939 2337 990 2390; x_wconf 78' lang='lat' dir='ltr'><strong>oi</strong></span> <span class='ocrx_word' id='word_1_301' title='bbox 1013 2332 1319 2405; x_wconf 78' lang='grc' dir='ltr'><strong>φωνοῦντες</strong></span> <span class='ocrx_word' id='word_1_302' title='bbox 1345 2332 1655 2388; x_wconf 82' lang='grc' dir='ltr'><strong>ἀποδιδόναι</strong></span> <span class='ocrx_word' id='word_1_303' title='bbox 1678 2335 1866 2404; x_wconf 78' lang='grc' dir='ltr'><strong>φωνὴν</strong></span> 
     </span>
    </p>
   </div>
   <div class='ocr_carea' id='block_1_39' title="bbox 261 2424 1866 2499">
    <p class='ocr_par' dir='ltr' id='par_1_39' title="bbox 261 2424 1866 2499">
     <span class='ocr_line' id='line_1_39' title="bbox 261 2424 1866 2499; baseline -0.005 -16"><span class='ocrx_word' id='word_1_304' title='bbox 261 2430 580 2499; x_wconf 81' lang='grc' dir='ltr'><strong>ἠχήεσσαν,</strong></span> <span class='ocrx_word' id='word_1_305' title='bbox 616 2426 971 2498; x_wconf 79' lang='grc' dir='ltr'><strong>ἀπομήκοθεν</strong></span> <span class='ocrx_word' id='word_1_306' title='bbox 1018 2424 1314 2489; x_wconf 80' lang='grc' dir='ltr'><strong>καλοῦντες</strong></span> <span class='ocrx_word' id='word_1_307' title='bbox 1363 2425 1489 2488; x_wconf 79' lang='grc' dir='ltr'><strong>τοὺς</strong></span> <span class='ocrx_word' id='word_1_308' title='bbox 1535 2425 1591 2478; x_wconf 72' lang='grc' dir='ltr'><strong>τὶ</strong></span> <span class='ocrx_word' id='word_1_309' title='bbox 1643 2424 1866 2496; x_wconf 74' lang='grc' dir='ltr'><strong>ἔχοντας</strong></span> 
     </span>
    </p>
   </div>
   <div class='ocr_carea' id='block_1_40' title="bbox 267 2516 1866 2592">
    <p class='ocr_par' dir='ltr' id='par_1_40' title="bbox 267 2516 1866 2592">
     <span class='ocr_line' id='line_1_40' title="bbox 267 2516 1866 2592; baseline -0.001 -21"><span class='ocrx_word' id='word_1_310' title='bbox 267 2520 405 2592; x_wconf 88' lang='grc' dir='ltr'><strong>παρ’</strong></span> <span class='ocrx_word' id='word_1_311' title='bbox 457 2518 624 2572; x_wconf 85' lang='grc' dir='ltr'><strong>αὐτοῦ</strong></span> <span class='ocrx_word' id='word_1_312' title='bbox 675 2517 930 2573; x_wconf 82' lang='grc' dir='ltr'><strong>ἀκούειν·</strong></span> <span class='ocrx_word' id='word_1_313' title='bbox 978 2517 1075 2571; x_wconf 70' lang='grc' dir='ltr'><strong>καὶ</strong></span> <span class='ocrx_word' id='word_1_314' title='bbox 1115 2516 1255 2572; x_wconf 79' lang='grc' dir='ltr'><strong>ὲπάν</strong></span> <span class='ocrx_word' id='word_1_315' title='bbox 1292 2519 1492 2572; x_wconf 77' lang='grc' dir='ltr'><strong>ἐκεῖνοι</strong></span> <span class='ocrx_word' id='word_1_316' title='bbox 1533 2516 1635 2588; x_wconf 81' lang='grc' dir='ltr'><strong>τῆς</strong></span> <span class='ocrx_word' id='word_1_317' title='bbox 1679 2517 1866 2587; x_wconf 79' lang='grc' dir='ltr'><strong>φωνῆς</strong></span> 
     </span>
    </p>
   </div>
   <div class='ocr_carea' id='block_1_41' title="bbox 266 2608 1861 2683">
    <p class='ocr_par' dir='ltr' id='par_1_41' title="bbox 266 2608 1861 2683">
     <span class='ocr_line' id='line_1_41' title="bbox 266 2608 1861 2683; baseline -0.001 -19"><span class='ocrx_word' id='word_1_318' title='bbox 266 2610 549 2665; x_wconf 83' lang='grc' dir='ltr'><strong>ἀκούσωσι</strong></span> <span class='ocrx_word' id='word_1_319' title='bbox 585 2611 754 2683; x_wconf 86' lang='grc' dir='ltr'><strong>μόνης</strong></span> <span class='ocrx_word' id='word_1_320' title='bbox 773 2651 791 2676; x_wconf 94' lang='grc'><strong>,</strong></span> <span class='ocrx_word' id='word_1_321' title='bbox 837 2610 932 2664; x_wconf 78' lang='grc' dir='ltr'><strong>καὶ</strong></span> <span class='ocrx_word' id='word_1_322' title='bbox 958 2608 1175 2664; x_wconf 86' lang='grc' dir='ltr'><strong>δὼσωσι</strong></span> <span class='ocrx_word' id='word_1_323' title='bbox 1205 2610 1297 2664; x_wconf 80' lang='grc' dir='ltr'><strong>τὸν</strong></span> <span class='ocrx_word' id='word_1_324' title='bbox 1323 2608 1450 2664; x_wconf 83' lang='grc' dir='ltr'><strong>νοῦν</strong></span> <span class='ocrx_word' id='word_1_325' title='bbox 1482 2608 1578 2663; x_wconf 85' lang='grc' dir='ltr'><strong>τοῦ</strong></span> <span class='ocrx_word' id='word_1_326' title='bbox 1619 2609 1861 2674; x_wconf 83' lang='grc' dir='ltr'><strong>ἀκούειν,</strong></span> 
     </span>
    </p>
   </div>
   <div class='ocr_carea' id='block_1_42' title="bbox 268 2703 1866 2777">
    <p class='ocr_par' dir='ltr' id='par_1_42' title="bbox 268 2703 1866 2777">
     <span class='ocr_line' id='line_1_42' title="bbox 268 2703 1866 2777; baseline -0.001 -18"><span class='ocrx_word' id='word_1_327' title='bbox 268 2707 369 2760; x_wconf 71' lang='grc' dir='ltr'><strong>καὶ</strong></span> <span class='ocrx_word' id='word_1_328' title='bbox 424 2705 756 2777; x_wconf 82' lang='grc' dir='ltr'><strong>ὲτοιμάσωσι</strong></span> <span class='ocrx_word' id='word_1_329' title='bbox 801 2705 904 2776; x_wconf 86' lang='grc' dir='ltr'><strong>τὴν</strong></span> <span class='ocrx_word' id='word_1_330' title='bbox 945 2703 1138 2777; x_wconf 80' lang='grc' dir='ltr'><strong>ἀκοὴν,</strong></span> <span class='ocrx_word' id='word_1_331' title='bbox 1195 2704 1319 2758; x_wconf 80' lang='grc' dir='ltr'><strong>τότε</strong></span> <span class='ocrx_word' id='word_1_332' title='bbox 1361 2705 1391 2759; x_wconf 89' lang='grc' dir='ltr'><strong>ό</strong></span> <span class='ocrx_word' id='word_1_333' title='bbox 1438 2704 1538 2775; x_wconf 80' lang='grc' dir='ltr'><strong>τὴν</strong></span> <span class='ocrx_word' id='word_1_334' title='bbox 1585 2705 1866 2775; x_wconf 77' lang='grc' dir='ltr'><strong>ἠχήεσσαν</strong></span> 
     </span>
    </p>
   </div>
   <div class='ocr_carea' id='block_1_43' title="bbox 268 2797 1866 2871">
    <p class='ocr_par' dir='ltr' id='par_1_43' title="bbox 268 2797 1866 2871">
     <span class='ocr_line' id='line_1_43' title="bbox 268 2797 1866 2871; baseline -0.003 -18"><span class='ocrx_word' id='word_1_335' title='bbox 268 2799 460 2871; x_wconf 79' lang='grc' dir='ltr'><strong>φωνὴν</strong></span> <span class='ocrx_word' id='word_1_336' title='bbox 489 2800 720 2863; x_wconf 85' lang='grc' dir='ltr'><strong>ἀποδοὺς</strong></span> <span class='ocrx_word' id='word_1_337' title='bbox 765 2798 954 2853; x_wconf 82' lang='grc' dir='ltr'><strong>λοιπὸν</strong></span> <span class='ocrx_word' id='word_1_338' title='bbox 1001 2797 1304 2852; x_wconf 83' lang='grc' dir='ltr'><strong>διαστέλλει</strong></span> <span class='ocrx_word' id='word_1_339' title='bbox 1345 2797 1438 2852; x_wconf 80' lang='grc' dir='ltr'><strong>τὸν</strong></span> <span class='ocrx_word' id='word_1_340' title='bbox 1470 2797 1646 2866; x_wconf 83' lang='grc' dir='ltr'><strong>λόγον,</strong></span> <span class='ocrx_word' id='word_1_341' title='bbox 1695 2797 1866 2868; x_wconf 83' lang='grc' dir='ltr'><strong>ὅνπερ</strong></span> 
     </span>
    </p>
   </div>
   <div class='ocr_carea' id='block_1_44' title="bbox 268 2889 1866 2961">
    <p class='ocr_par' dir='ltr' id='par_1_44' title="bbox 268 2889 1866 2961">
     <span class='ocr_line' id='line_1_44' title="bbox 268 2889 1866 2961; baseline 0 -19"><span class='ocrx_word' id='word_1_342' title='bbox 268 2889 550 2961; x_wconf 70' lang='grc' dir='ltr'><strong>ἠϐουλήθη</strong></span> <span class='ocrx_word' id='word_1_343' title='bbox 593 2892 786 2945; x_wconf 86' lang='grc' dir='ltr'><strong>είπετν.</strong></span> <span class='ocrx_word' id='word_1_344' title='bbox 835 2889 992 2944; x_wconf 75' lang='grc' dir='ltr'><strong>Οὕτω</strong></span> <span class='ocrx_word' id='word_1_345' title='bbox 1019 2890 1114 2943; x_wconf 80' lang='grc' dir='ltr'><strong>καὶ</strong></span> <span class='ocrx_word' id='word_1_346' title='bbox 1173 2889 1428 2960; x_wconf 86' lang='grc' dir='ltr'><strong>Ἰωάννης</strong></span> <span class='ocrx_word' id='word_1_347' title='bbox 1455 2889 1608 2961; x_wconf 77' lang='grc' dir='ltr'><strong>φωνὴ</strong></span> <span class='ocrx_word' id='word_1_348' title='bbox 1647 2890 1866 2958; x_wconf 76' lang='grc' dir='ltr'><strong>ἐγένετο</strong></span> 
     </span>
    </p>
   </div>
   <div class='ocr_carea' id='block_1_45' title="bbox 269 2977 1861 3055">
    <p class='ocr_par' dir='ltr' id='par_1_45' title="bbox 269 2977 1861 3055">
     <span class='ocr_line' id='line_1_45' title="bbox 269 2977 1861 3055; baseline -0.001 -19"><span class='ocrx_word' id='word_1_349' title='bbox 269 2981 642 3053; x_wconf 77' lang='grc' dir='ltr'><strong>ἑτοιμάζουσα</strong></span> <span class='ocrx_word' id='word_1_350' title='bbox 670 2983 768 3055; x_wconf 83' lang='grc' dir='ltr'><strong>τὴν</strong></span> <span class='ocrx_word' id='word_1_351' title='bbox 809 2983 981 3052; x_wconf 83' lang='grc' dir='ltr'><strong>ἀκοὴν</strong></span> <span class='ocrx_word' id='word_1_352' title='bbox 1010 2982 1118 3036; x_wconf 87' lang='grc' dir='ltr'><strong>τῶν</strong></span> <span class='ocrx_word' id='word_1_353' title='bbox 1164 2981 1491 3054; x_wconf 74' lang='grc' dir='ltr'><strong>ἀνθρώπιον.</strong></span> <span class='ocrx_word' id='word_1_354' title='bbox 1527 2983 1602 3036; x_wconf 69' lang='lat' dir='ltr'><strong>Ob</strong></span> <span class='ocrx_word' id='word_1_355' title='bbox 1649 2981 1759 3054; x_wconf 85' lang='grc' dir='ltr'><strong>γάρ</strong></span> <span class='ocrx_word' id='word_1_356' title='bbox 1791 2977 1861 3052; x_wconf 81' lang='grc' dir='ltr'><strong>ἦν</strong></span> 
     </span>
    </p>
   </div>
   <div class='ocr_carea' id='block_1_46' title="bbox 1969 1783 3569 1858">
    <p class='ocr_par' dir='ltr' id='par_1_46' title="bbox 1969 1783 3569 1858">
     <span class='ocr_line' id='line_1_46' title="bbox 1969 1783 3569 1858; baseline 0.001 -18"><span class='ocrx_word' id='word_1_357' title='bbox 1969 1795 2152 1858; x_wconf 89' lang='lat' dir='ltr'><strong>atque,</strong></span> <span class='ocrx_word' id='word_1_358' title='bbox 2203 1784 2281 1839; x_wconf 88' lang='lat' dir='ltr'><strong>Eo</strong></span> <span class='ocrx_word' id='word_1_359' title='bbox 2317 1783 2561 1855; x_wconf 80' lang='lat' dir='ltr'><strong>perveni.</strong></span> <span class='ocrx_word' id='word_1_360' title='bbox 2618 1783 2980 1850; x_wconf 74' lang='lat' dir='ltr'><strong>Quamobrem</strong></span> <span class='ocrx_word' id='word_1_361' title='bbox 3025 1791 3080 1839; x_wconf 91' lang='lat' dir='ltr'><strong>et</strong></span> <span class='ocrx_word' id='word_1_362' title='bbox 3114 1784 3248 1839; x_wconf 91' lang='lat' dir='ltr'><strong>illud</strong></span> <span class='ocrx_word' id='word_1_363' title='bbox 3285 1785 3457 1840; x_wconf 81' lang='lat' dir='ltr'><strong>:Ante</strong></span> <span class='ocrx_word' id='word_1_364' title='bbox 3486 1791 3569 1841; x_wconf 76' lang='lat' dir='ltr'><strong>me</strong></span> 
     </span>
    </p>
   </div>
   <div class='ocr_carea' id='block_1_47' title="bbox 1972 1870 3568 1948">
    <p class='ocr_par' dir='ltr' id='par_1_47' title="bbox 1972 1870 3568 1948">
     <span class='ocr_line' id='line_1_47' title="bbox 1972 1870 3568 1948; baseline 0.002 -17"><span class='ocrx_word' id='word_1_365' title='bbox 1972 1879 2147 1948; x_wconf 81' lang='lat' dir='ltr'><strong>factus</strong></span> <span class='ocrx_word' id='word_1_366' title='bbox 2169 1885 2270 1940; x_wconf 81' lang='lat' dir='ltr'><strong>est,</strong></span> <span class='ocrx_word' id='word_1_367' title='bbox 2299 1877 2423 1932; x_wconf 92' lang='lat' dir='ltr'><strong>ideo</strong></span> <span class='ocrx_word' id='word_1_368' title='bbox 2453 1875 2664 1931; x_wconf 85' lang='lat' dir='ltr'><strong>dictum</strong></span> <span class='ocrx_word' id='word_1_369' title='bbox 2705 1885 2810 1941; x_wconf 83' lang='lat' dir='ltr'><strong>est,</strong></span> <span class='ocrx_word' id='word_1_370' title='bbox 2838 1885 2898 1931; x_wconf 92' lang='lat' dir='ltr'><strong>ut</strong></span> <span class='ocrx_word' id='word_1_371' title='bbox 2932 1870 3092 1932; x_wconf 78' lang='lat' dir='ltr'><strong>Verbi</strong></span> <span class='ocrx_word' id='word_1_372' title='bbox 3130 1878 3195 1934; x_wconf 87' lang='lat' dir='ltr'><strong>ad</strong></span> <span class='ocrx_word' id='word_1_373' title='bbox 3239 1885 3443 1934; x_wconf 89' lang='lat' dir='ltr'><strong>terram</strong></span> <span class='ocrx_word' id='word_1_374' title='bbox 3474 1888 3568 1934; x_wconf 88' lang='lat' dir='ltr'><strong>ac-</strong></span> 
     </span>
    </p>
   </div>
   <div class='ocr_carea' id='block_1_48' title="bbox 1971 1968 3566 2036">
    <p class='ocr_par' dir='ltr' id='par_1_48' title="bbox 1971 1968 3566 2036">
     <span class='ocr_line' id='line_1_48' title="bbox 1971 1968 3566 2036; baseline -0.001 -9"><span class='ocrx_word' id='word_1_375' title='bbox 1971 1970 2279 2027; x_wconf 84' lang='lat' dir='ltr'><strong>cessionem</strong></span> <span class='ocrx_word' id='word_1_376' title='bbox 2319 1970 2682 2026; x_wconf 85' lang='lat' dir='ltr'><strong>demonstret.</strong></span> <span class='ocrx_word' id='word_1_377' title='bbox 2730 1968 2860 2024; x_wconf 88' lang='lat' dir='ltr'><strong>Iteln</strong></span> <span class='ocrx_word' id='word_1_378' title='bbox 2901 1969 3034 2025; x_wconf 89' lang='lat' dir='ltr'><strong>illud</strong></span> <span class='ocrx_word' id='word_1_379' title='bbox 3073 1989 3086 2024; x_wconf 89' lang='lat'><strong>:</strong></span> <span class='ocrx_word' id='word_1_380' title='bbox 3120 1969 3279 2026; x_wconf 86' lang='lat' dir='ltr'><strong>Prior</strong></span> <span class='ocrx_word' id='word_1_381' title='bbox 3317 1987 3400 2026; x_wconf 85' lang='lat' dir='ltr'><strong>me</strong></span> <span class='ocrx_word' id='word_1_382' title='bbox 3427 1981 3566 2036; x_wconf 82' lang='lat' dir='ltr'><strong>erat,</strong></span> 
     </span>
    </p>
   </div>
   <div class='ocr_carea' id='block_1_49' title="bbox 1971 2061 3568 2134">
    <p class='ocr_par' dir='ltr' id='par_1_49' title="bbox 1971 2061 3568 2134">
     <span class='ocr_line' id='line_1_49' title="bbox 1971 2061 3568 2134; baseline -0.002 -15"><span class='ocrx_word' id='word_1_383' title='bbox 1971 2063 2336 2126; x_wconf 86' lang='lat' dir='ltr'><strong>divinitatem.</strong></span> <span class='ocrx_word' id='word_1_384' title='bbox 2351 2078 2474 2134; x_wconf 76' lang='lat' dir='ltr'><strong>qua:</strong></span> <span class='ocrx_word' id='word_1_385' title='bbox 2491 2077 2708 2132; x_wconf 90' lang='lat' dir='ltr'><strong>semper</strong></span> <span class='ocrx_word' id='word_1_386' title='bbox 2727 2061 2963 2121; x_wconf 76' lang='lat' dir='ltr'><strong>exsistit.</strong></span> <span class='ocrx_word' id='word_1_387' title='bbox 2984 2062 3255 2128; x_wconf 88' lang='lat' dir='ltr'><strong>ostendit;</strong></span> <span class='ocrx_word' id='word_1_388' title='bbox 3277 2063 3392 2117; x_wconf 65' lang='lat' dir='ltr'><strong>haec</strong></span> <span class='ocrx_word' id='word_1_389' title='bbox 3411 2077 3568 2123; x_wconf 87' lang='lat' dir='ltr'><strong>vero.</strong></span> 
     </span>
    </p>
   </div>
   <div class='ocr_carea' id='block_1_50' title="bbox 1969 2153 3572 2227">
    <p class='ocr_par' dir='ltr' id='par_1_50' title="bbox 1969 2153 3572 2227">
     <span class='ocr_line' id='line_1_50' title="bbox 1969 2153 3572 2227; baseline 0.001 -16"><span class='ocrx_word' id='word_1_390' title='bbox 1969 2158 2061 2226; x_wconf 83' lang='lat' dir='ltr'><strong>qui</strong></span> <span class='ocrx_word' id='word_1_391' title='bbox 2088 2166 2207 2227; x_wconf 79' lang='lat' dir='ltr'><strong>post</strong></span> <span class='ocrx_word' id='word_1_392' title='bbox 2229 2173 2310 2211; x_wconf 86' lang='lat' dir='ltr'><strong>me</strong></span> <span class='ocrx_word' id='word_1_393' title='bbox 2330 2157 2491 2218; x_wconf 77' lang='lat' dir='ltr'><strong>venit,</strong></span> <span class='ocrx_word' id='word_1_394' title='bbox 2535 2163 2662 2226; x_wconf 89' lang='lat' dir='ltr'><strong>post</strong></span> <span class='ocrx_word' id='word_1_395' title='bbox 2684 2153 2949 2210; x_wconf 84' lang='lat' dir='ltr'><strong>Joannem</strong></span> <span class='ocrx_word' id='word_1_396' title='bbox 2984 2171 3108 2212; x_wconf 88' lang='lat' dir='ltr'><strong>esse</strong></span> <span class='ocrx_word' id='word_1_397' title='bbox 3138 2156 3405 2225; x_wconf 82' lang='lat' dir='ltr'><strong>genitum.</strong></span> <span class='ocrx_word' id='word_1_398' title='bbox 3432 2155 3572 2212; x_wconf 56' lang='lat' dir='ltr'><strong>Pro.</strong></span> 
     </span>
    </p>
   </div>
   <div class='ocr_carea' id='block_1_51' title="bbox 1971 2244 3572 2320">
    <p class='ocr_par' dir='ltr' id='par_1_51' title="bbox 1971 2244 3572 2320">
     <span class='ocr_line' id='line_1_51' title="bbox 1971 2244 3572 2320; baseline 0.001 -17"><span class='ocrx_word' id='word_1_399' title='bbox 1971 2258 2179 2320; x_wconf 88' lang='lat' dir='ltr'><strong>pterea,</strong></span> <span class='ocrx_word' id='word_1_400' title='bbox 2235 2244 2352 2319; x_wconf 68' lang='lat' dir='ltr'><strong>Ego</strong></span> <span class='ocrx_word' id='word_1_401' title='bbox 2374 2263 2495 2310; x_wconf 73' lang='lat' dir='ltr'><strong>vox.</strong></span> <span class='ocrx_word' id='word_1_402' title='bbox 2523 2248 2720 2319; x_wconf 90' lang='lat' dir='ltr'><strong>inquit,</strong></span> <span class='ocrx_word' id='word_1_403' title='bbox 2751 2249 3038 2303; x_wconf 81' lang='lat' dir='ltr'><strong>clainantis</strong></span> <span class='ocrx_word' id='word_1_404' title='bbox 3069 2249 3121 2302; x_wconf 85' lang='lat' dir='ltr'><strong>iu</strong></span> <span class='ocrx_word' id='word_1_405' title='bbox 3156 2249 3360 2303; x_wconf 82' lang='lat' dir='ltr'><strong>deserto</strong></span> <span class='ocrx_word' id='word_1_406' title='bbox 3383 2257 3430 2316; x_wconf 69' lang='grc' dir='ltr'><strong>ι,</strong></span> <span class='ocrx_word' id='word_1_407' title='bbox 3463 2248 3572 2305; x_wconf 87' lang='lat' dir='ltr'><strong>hoc</strong></span> 
     </span>
    </p>
   </div>
   <div class='ocr_carea' id='block_1_52' title="bbox 1971 2340 3565 2411">
    <p class='ocr_par' dir='ltr' id='par_1_52' title="bbox 1971 2340 3565 2411">
     <span class='ocr_line' id='line_1_52' title="bbox 1971 2340 3565 2411; baseline -0.001 -14"><span class='ocrx_word' id='word_1_408' title='bbox 1971 2351 2077 2408; x_wconf 87' lang='lat' dir='ltr'><strong>est,</strong></span> <span class='ocrx_word' id='word_1_409' title='bbox 2103 2357 2205 2396; x_wconf 78' lang='lat' dir='ltr'><strong>vox</strong></span> <span class='ocrx_word' id='word_1_410' title='bbox 2258 2341 2326 2396; x_wconf 87' lang='lat' dir='ltr'><strong>ad</strong></span> <span class='ocrx_word' id='word_1_411' title='bbox 2375 2340 2764 2411; x_wconf 66' lang='lat' dir='ltr'><strong>praeparandas</strong></span> <span class='ocrx_word' id='word_1_412' title='bbox 2813 2341 3097 2394; x_wconf 88' lang='lat' dir='ltr'><strong>hominum</strong></span> <span class='ocrx_word' id='word_1_413' title='bbox 3135 2357 3300 2396; x_wconf 88' lang='lat' dir='ltr'><strong>aures</strong></span> <span class='ocrx_word' id='word_1_414' title='bbox 3341 2342 3565 2397; x_wconf 88' lang='lat' dir='ltr'><strong>emissa.</strong></span> 
     </span>
    </p>
   </div>
   <div class='ocr_carea' id='block_1_53' title="bbox 1971 2433 3570 2503">
    <p class='ocr_par' dir='ltr' id='par_1_53' title="bbox 1971 2433 3570 2503">
     <span class='ocr_line' id='line_1_53' title="bbox 1971 2433 3570 2503; baseline -0.001 -15"><span class='ocrx_word' id='word_1_415' title='bbox 1971 2433 2074 2501; x_wconf 90' lang='lat' dir='ltr'><strong>Qui</strong></span> <span class='ocrx_word' id='word_1_416' title='bbox 2112 2435 2258 2490; x_wconf 91' lang='lat' dir='ltr'><strong>enim</strong></span> <span class='ocrx_word' id='word_1_417' title='bbox 2298 2433 2558 2496; x_wconf 88' lang='lat' dir='ltr'><strong>clamant,</strong></span> <span class='ocrx_word' id='word_1_418' title='bbox 2596 2441 2657 2487; x_wconf 92' lang='lat' dir='ltr'><strong>ut</strong></span> <span class='ocrx_word' id='word_1_419' title='bbox 2705 2433 2927 2489; x_wconf 89' lang='lat' dir='ltr'><strong>eminus</strong></span> <span class='ocrx_word' id='word_1_420' title='bbox 2976 2448 3074 2488; x_wconf 86' lang='lat' dir='ltr'><strong>eos</strong></span> <span class='ocrx_word' id='word_1_421' title='bbox 3099 2441 3332 2488; x_wconf 89' lang='lat' dir='ltr'><strong>evocent</strong></span> <span class='ocrx_word' id='word_1_422' title='bbox 3363 2433 3570 2503; x_wconf 83' lang='lat' dir='ltr'><strong>quibus</strong></span> 
     </span>
    </p>
   </div>
   <div class='ocr_carea' id='block_1_54' title="bbox 1972 2523 3569 2596">
    <p class='ocr_par' dir='ltr' id='par_1_54' title="bbox 1972 2523 3569 2596">
     <span class='ocr_line' id='line_1_54' title="bbox 1972 2523 3569 2596; baseline -0.001 -16"><span class='ocrx_word' id='word_1_423' title='bbox 1972 2523 2287 2596; x_wconf 79' lang='lat' dir='ltr'><strong>signiﬁcare</strong></span> <span class='ocrx_word' id='word_1_424' title='bbox 2317 2523 2524 2594; x_wconf 90' lang='lat' dir='ltr'><strong>aliquid</strong></span> <span class='ocrx_word' id='word_1_425' title='bbox 2555 2523 2808 2594; x_wconf 89' lang='lat' dir='ltr'><strong>cupiunt,</strong></span> <span class='ocrx_word' id='word_1_426' title='bbox 2845 2538 3104 2585; x_wconf 87' lang='lat' dir='ltr'><strong>sonoram</strong></span> <span class='ocrx_word' id='word_1_427' title='bbox 3129 2524 3425 2594; x_wconf 87' lang='lat' dir='ltr'><strong>quamdam</strong></span> <span class='ocrx_word' id='word_1_428' title='bbox 3459 2523 3569 2578; x_wconf 51' lang='lat' dir='ltr'><strong>ini:</strong></span> 
     </span>
    </p>
   </div>
   <div class='ocr_carea' id='block_1_55' title="bbox 1973 2616 3570 2688">
    <p class='ocr_par' dir='ltr' id='par_1_55' title="bbox 1973 2616 3570 2688">
     <span class='ocr_line' id='line_1_55' title="bbox 1973 2616 3570 2688; baseline -0.001 -17"><span class='ocrx_word' id='word_1_429' title='bbox 1973 2617 2052 2671; x_wconf 92' lang='lat' dir='ltr'><strong>tio</strong></span> <span class='ocrx_word' id='word_1_430' title='bbox 2090 2632 2304 2680; x_wconf 87' lang='lat' dir='ltr'><strong>vocem,</strong></span> <span class='ocrx_word' id='word_1_431' title='bbox 2341 2633 2442 2673; x_wconf 92' lang='lat' dir='ltr'><strong>nec</strong></span> <span class='ocrx_word' id='word_1_432' title='bbox 2473 2616 2822 2672; x_wconf 88' lang='lat' dir='ltr'><strong>articulatam</strong></span> <span class='ocrx_word' id='word_1_433' title='bbox 2853 2616 3143 2688; x_wconf 84' lang='lat' dir='ltr'><strong>proferunt</strong></span> <span class='ocrx_word' id='word_1_434' title='bbox 3174 2635 3187 2672; x_wconf 93' lang='lat'>:</span> <span class='ocrx_word' id='word_1_435' title='bbox 3215 2633 3450 2687; x_wconf 89' lang='lat' dir='ltr'><strong>cumque</strong></span> <span class='ocrx_word' id='word_1_436' title='bbox 3489 2618 3570 2671; x_wconf 90' lang='lat' dir='ltr'><strong>illi</strong></span> 
     </span>
    </p>
   </div>
   <div class='ocr_carea' id='block_1_56' title="bbox 1972 2705 3570 2763">
    <p class='ocr_par' dir='ltr' id='par_1_56' title="bbox 1972 2705 3570 2763">
     <span class='ocr_line' id='line_1_56' title="bbox 1972 2705 3570 2763; baseline 0.002 -3"><span class='ocrx_word' id='word_1_437' title='bbox 1972 2705 2089 2760; x_wconf 85' lang='lat' dir='ltr'><strong>sola</strong></span> <span class='ocrx_word' id='word_1_438' title='bbox 2118 2705 2374 2760; x_wconf 79' lang='lat' dir='ltr'><strong>exaudita</strong></span> <span class='ocrx_word' id='word_1_439' title='bbox 2406 2721 2540 2762; x_wconf 90' lang='lat' dir='ltr'><strong>voce</strong></span> <span class='ocrx_word' id='word_1_440' title='bbox 2563 2705 2630 2760; x_wconf 91' lang='lat' dir='ltr'><strong>ad</strong></span> <span class='ocrx_word' id='word_1_441' title='bbox 2663 2705 2998 2761; x_wconf 87' lang='lat' dir='ltr'><strong>audiendum</strong></span> <span class='ocrx_word' id='word_1_442' title='bbox 3025 2715 3265 2763; x_wconf 90' lang='lat' dir='ltr'><strong>mentem</strong></span> <span class='ocrx_word' id='word_1_443' title='bbox 3299 2709 3570 2763; x_wconf 86' lang='lat' dir='ltr'><strong>adhibue-</strong></span> 
     </span>
    </p>
   </div>
   <div class='ocr_carea' id='block_1_57' title="bbox 1973 2793 3570 2865">
    <p class='ocr_par' dir='ltr' id='par_1_57' title="bbox 1973 2793 3570 2865">
     <span class='ocr_line' id='line_1_57' title="bbox 1973 2793 3570 2865; baseline 0.005 -19"><span class='ocrx_word' id='word_1_444' title='bbox 1973 2793 2104 2859; x_wconf 92' lang='lat' dir='ltr'><strong>rint,</strong></span> <span class='ocrx_word' id='word_1_445' title='bbox 2137 2805 2302 2865; x_wconf 88' lang='lat' dir='ltr'><strong>atque</strong></span> <span class='ocrx_word' id='word_1_446' title='bbox 2336 2809 2528 2850; x_wconf 89' lang='lat' dir='ltr'><strong>aurem</strong></span> <span class='ocrx_word' id='word_1_447' title='bbox 2556 2795 2924 2860; x_wconf 83' lang='lat' dir='ltr'><strong>admoverim,</strong></span> <span class='ocrx_word' id='word_1_448' title='bbox 2961 2803 3078 2851; x_wconf 91' lang='lat' dir='ltr'><strong>tum</strong></span> <span class='ocrx_word' id='word_1_449' title='bbox 3122 2797 3455 2853; x_wconf 75' lang='lat' dir='ltr'><strong>vociferator</strong></span> <span class='ocrx_word' id='word_1_450' title='bbox 3479 2799 3570 2855; x_wconf 83' lang='lat' dir='ltr'><strong>ille</strong></span> 
     </span>
    </p>
   </div>
   <div class='ocr_carea' id='block_1_58' title="bbox 1971 2887 3569 2959">
    <p class='ocr_par' dir='ltr' id='par_1_58' title="bbox 1971 2887 3569 2959">
     <span class='ocr_line' id='line_1_58' title="bbox 1971 2887 3569 2959; baseline 0.002 -18"><span class='ocrx_word' id='word_1_451' title='bbox 1971 2887 2118 2957; x_wconf 87' lang='lat' dir='ltr'><strong>quod</strong></span> <span class='ocrx_word' id='word_1_452' title='bbox 2169 2887 2355 2943; x_wconf 89' lang='lat' dir='ltr'><strong>dicere</strong></span> <span class='ocrx_word' id='word_1_453' title='bbox 2385 2887 2749 2942; x_wconf 86' lang='lat' dir='ltr'><strong>constituerat</strong></span> <span class='ocrx_word' id='word_1_454' title='bbox 2778 2887 3098 2943; x_wconf 87' lang='lat' dir='ltr'><strong>distinctius</strong></span> <span class='ocrx_word' id='word_1_455' title='bbox 3144 2889 3444 2959; x_wconf 87' lang='lat' dir='ltr'><strong>eloquitur.</strong></span> <span class='ocrx_word' id='word_1_456' title='bbox 3489 2887 3569 2944; x_wconf 87' lang='lat' dir='ltr'><strong>Ita</strong></span> 
     </span>
    </p>
   </div>
   <div class='ocr_carea' id='block_1_59' title="bbox 1971 2977 3570 3050">
    <p class='ocr_par' dir='ltr' id='par_1_59' title="bbox 1971 2977 3570 3050">
     <span class='ocr_line' id='line_1_59' title="bbox 1971 2977 3570 3050; baseline 0.001 -17"><span class='ocrx_word' id='word_1_457' title='bbox 1971 2993 2102 3049; x_wconf 79' lang='lat' dir='ltr'><strong>ergo</strong></span> <span class='ocrx_word' id='word_1_458' title='bbox 2126 2977 2368 3033; x_wconf 82' lang='lat' dir='ltr'><strong>Joannes</strong></span> <span class='ocrx_word' id='word_1_459' title='bbox 2402 2993 2506 3032; x_wconf 81' lang='lat' dir='ltr'><strong>vox</strong></span> <span class='ocrx_word' id='word_1_460' title='bbox 2532 2979 2782 3050; x_wconf 68' lang='lat' dir='ltr'><strong>quaedam</strong></span> <span class='ocrx_word' id='word_1_461' title='bbox 2835 2977 2939 3033; x_wconf 82' lang='lat' dir='ltr'><strong>fuit</strong></span> <span class='ocrx_word' id='word_1_462' title='bbox 2989 2982 3366 3050; x_wconf 60' lang='lat' dir='ltr'><strong>praparandis</strong></span> <span class='ocrx_word' id='word_1_463' title='bbox 3398 2982 3570 3036; x_wconf 89' lang='lat' dir='ltr'><strong>homi-</strong></span> 
     </span>
    </p>
   </div>
   <div class='ocr_carea' id='block_1_60' title="bbox 268 3065 1863 3146">
    <p class='ocr_par' dir='ltr' id='par_1_60' title="bbox 268 3071 1863 3146">
     <span class='ocr_line' id='line_1_60' title="bbox 268 3071 1863 3146; baseline -0.001 -17"><span class='ocrx_word' id='word_1_464' title='bbox 268 3075 441 3138; x_wconf 80' lang='grc' dir='ltr'><strong>αὐτὸς</strong></span> <span class='ocrx_word' id='word_1_465' title='bbox 462 3076 492 3128; x_wconf 85' lang='grc' dir='ltr'><strong>ό</strong></span> <span class='ocrx_word' id='word_1_466' title='bbox 520 3075 714 3144; x_wconf 87' lang='grc' dir='ltr'><strong>Λόγος,</strong></span> <span class='ocrx_word' id='word_1_467' title='bbox 740 3075 875 3129; x_wconf 65' lang='grc' dir='ltr'><strong>ἀλλὰ</strong></span> <span class='ocrx_word' id='word_1_468' title='bbox 910 3075 1026 3146; x_wconf 82' lang='grc' dir='ltr'><strong>μετ’</strong></span> <span class='ocrx_word' id='word_1_469' title='bbox 1054 3075 1216 3129; x_wconf 80' lang='grc' dir='ltr'><strong>αὐτὸν</strong></span> <span class='ocrx_word' id='word_1_470' title='bbox 1243 3071 1409 3146; x_wconf 82' lang='grc' dir='ltr'><strong>ἦλθεν</strong></span> <span class='ocrx_word' id='word_1_471' title='bbox 1431 3075 1460 3128; x_wconf 81' lang='grc' dir='ltr'>ὁ</span> <span class='ocrx_word' id='word_1_472' title='bbox 1490 3074 1685 3144; x_wconf 84' lang='grc' dir='ltr'><strong>Λόγος,</strong></span> <span class='ocrx_word' id='word_1_473' title='bbox 1715 3074 1781 3127; x_wconf 86' lang='grc' dir='ltr'><strong>δι’</strong></span> <span class='ocrx_word' id='word_1_474' title='bbox 1810 3072 1863 3129; x_wconf 74' lang='lat' dir='ltr'><strong>3v</strong></span> 
     </span>
    </p>
   </div>
   <div class='ocr_carea' id='block_1_61' title="bbox 1974 3065 3566 3146">
    <p class='ocr_par' dir='ltr' id='par_1_61' title="bbox 1974 3065 3566 3141">
     <span class='ocr_line' id='line_1_61' title="bbox 1974 3065 3566 3141; baseline 0.003 -19"><span class='ocrx_word' id='word_1_475' title='bbox 1974 3083 2101 3122; x_wconf 90' lang='lat' dir='ltr'><strong>num</strong></span> <span class='ocrx_word' id='word_1_476' title='bbox 2134 3067 2383 3124; x_wconf 84' lang='lat' dir='ltr'><strong>auribus.</strong></span> <span class='ocrx_word' id='word_1_477' title='bbox 2417 3065 2537 3122; x_wconf 83' lang='lat' dir='ltr'><strong>Non</strong></span> <span class='ocrx_word' id='word_1_478' title='bbox 2580 3067 2728 3124; x_wconf 90' lang='lat' dir='ltr'><strong>enim</strong></span> <span class='ocrx_word' id='word_1_479' title='bbox 2767 3068 2961 3124; x_wconf 83' lang='lat' dir='ltr'><strong>Sermo</strong></span> <span class='ocrx_word' id='word_1_480' title='bbox 3009 3069 3128 3140; x_wconf 91' lang='lat' dir='ltr'><strong>ipse</strong></span> <span class='ocrx_word' id='word_1_481' title='bbox 3174 3069 3295 3135; x_wconf 80' lang='lat' dir='ltr'><strong>fuit,</strong></span> <span class='ocrx_word' id='word_1_482' title='bbox 3322 3070 3418 3126; x_wconf 88' lang='lat' dir='ltr'><strong>sed</strong></span> <span class='ocrx_word' id='word_1_483' title='bbox 3441 3078 3566 3141; x_wconf 86' lang='lat' dir='ltr'><strong>post</strong></span> 
     </span>
    </p>
   </div>
   <div class='ocr_carea' id='block_1_62' title="bbox 269 3165 1861 3239">
    <p class='ocr_par' dir='ltr' id='par_1_62' title="bbox 269 3165 1861 3239">
     <span class='ocr_line' id='line_1_62' title="bbox 269 3165 1861 3239; baseline 0 -19"><span class='ocrx_word' id='word_1_484' title='bbox 269 3169 308 3237; x_wconf 82' lang='grc' dir='ltr'><strong>ἡ</strong></span> <span class='ocrx_word' id='word_1_485' title='bbox 362 3167 719 3239; x_wconf 81' lang='grc' dir='ltr'><strong>ὲτοιμαστικὴ</strong></span> <span class='ocrx_word' id='word_1_486' title='bbox 764 3167 920 3239; x_wconf 81' lang='grc' dir='ltr'><strong>φωνὴ</strong></span> <span class='ocrx_word' id='word_1_487' title='bbox 970 3166 1184 3237; x_wconf 76' lang='grc' dir='ltr'><strong>γέγονε.</strong></span> <span class='ocrx_word' id='word_1_488' title='bbox 1225 3166 1335 3219; x_wconf 78' lang='grc' dir='ltr'><strong>Καὶ</strong></span> <span class='ocrx_word' id='word_1_489' title='bbox 1373 3165 1462 3219; x_wconf 90' lang='grc' dir='ltr'><strong>διά</strong></span> <span class='ocrx_word' id='word_1_490' title='bbox 1487 3165 1647 3218; x_wconf 89' lang='grc' dir='ltr'><strong>τοῦτο</strong></span> <span class='ocrx_word' id='word_1_491' title='bbox 1677 3165 1861 3234; x_wconf 80' lang='grc' dir='ltr'><strong>λέγει’</strong></span> 
     </span>
    </p>
   </div>
   <div class='ocr_carea' id='block_1_63' title="bbox 1966 3160 3570 3234">
    <p class='ocr_par' dir='ltr' id='par_1_63' title="bbox 1966 3160 3570 3234">
     <span class='ocr_line' id='line_1_63' title="bbox 1966 3160 3570 3234; baseline 0.002 -19"><span class='ocrx_word' id='word_1_492' title='bbox 1966 3161 2119 3215; x_wconf 89' lang='lat' dir='ltr'><strong>illum</strong></span> <span class='ocrx_word' id='word_1_493' title='bbox 2155 3160 2348 3216; x_wconf 88' lang='lat' dir='ltr'><strong>Sermo</strong></span> <span class='ocrx_word' id='word_1_494' title='bbox 2379 3161 2602 3216; x_wconf 87' lang='lat' dir='ltr'><strong>tandem</strong></span> <span class='ocrx_word' id='word_1_495' title='bbox 2660 3160 2903 3226; x_wconf 80' lang='lat' dir='ltr'><strong>advenit,</strong></span> <span class='ocrx_word' id='word_1_496' title='bbox 2941 3162 3102 3232; x_wconf 86' lang='lat' dir='ltr'><strong>cujus</strong></span> <span class='ocrx_word' id='word_1_497' title='bbox 3146 3165 3316 3233; x_wconf 83' lang='lat' dir='ltr'><strong>gratia</strong></span> <span class='ocrx_word' id='word_1_498' title='bbox 3361 3179 3570 3234; x_wconf 71' lang='lat' dir='ltr'><strong>praepa-</strong></span> 
     </span>
    </p>
   </div>
   <div class='ocr_carea' id='block_1_64' title="bbox 271 3247 1863 3328">
    <p class='ocr_par' dir='ltr' id='par_1_64' title="bbox 271 3247 1863 3328">
     <span class='ocr_line' id='line_1_64' title="bbox 271 3247 1863 3328; baseline -0.001 -16"><span class='ocrx_word' id='word_1_499' title='bbox 271 3257 450 3326; x_wconf 76' lang='grc' dir='ltr'><strong>Φωνὴ</strong></span> <span class='ocrx_word' id='word_1_500' title='bbox 468 3257 738 3324; x_wconf 72' lang='grc' dir='ltr'><strong>βοῶν-τοι,-</strong></span> <span class='ocrx_word' id='word_1_501' title='bbox 761 3247 834 3312; x_wconf 65' lang='grc' dir='ltr'><strong>ἓν</strong></span> <span class='ocrx_word' id='word_1_502' title='bbox 855 3257 932 3326; x_wconf 75' lang='grc' dir='ltr'><strong>τῇ</strong></span> <span class='ocrx_word' id='word_1_503' title='bbox 945 3257 1164 3328; x_wconf 80' lang='grc' dir='ltr'><strong>ἐρήμῳ·</strong></span> <span class='ocrx_word' id='word_1_504' title='bbox 1193 3255 1547 3327; x_wconf 75' lang='grc' dir='ltr'><strong>ἑτοιμάσατε</strong></span> <span class='ocrx_word' id='word_1_505' title='bbox 1558 3256 1667 3322; x_wconf 77' lang='grc' dir='ltr'><strong>τὰς</strong></span> <span class='ocrx_word' id='word_1_506' title='bbox 1683 3255 1863 3322; x_wconf 83' lang='grc' dir='ltr'><strong>ὀδοὺς</strong></span> 
     </span>
    </p>
   </div>
   <div class='ocr_carea' id='block_1_65' title="bbox 1974 3247 3572 3328">
    <p class='ocr_par' dir='ltr' id='par_1_65' title="bbox 1974 3249 3572 3324">
     <span class='ocr_line' id='line_1_65' title="bbox 1974 3249 3572 3324; baseline 0.001 -20"><span class='ocrx_word' id='word_1_507' title='bbox 1974 3250 2140 3305; x_wconf 79' lang='lat' dir='ltr'><strong>ratrix</strong></span> <span class='ocrx_word' id='word_1_508' title='bbox 2181 3251 2273 3304; x_wconf 80' lang='lat' dir='ltr'><strong>illa</strong></span> <span class='ocrx_word' id='word_1_509' title='bbox 2320 3266 2424 3306; x_wconf 78' lang='lat' dir='ltr'><strong>vox</strong></span> <span class='ocrx_word' id='word_1_510' title='bbox 2456 3257 2852 3306; x_wconf 87' lang='lat' dir='ltr'><strong>antecesserat.</strong></span> <span class='ocrx_word' id='word_1_511' title='bbox 2888 3249 3042 3307; x_wconf 89' lang='lat' dir='ltr'><strong>Unde</strong></span> <span class='ocrx_word' id='word_1_512' title='bbox 3083 3253 3249 3307; x_wconf 88' lang='lat' dir='ltr'><strong>etiam</strong></span> <span class='ocrx_word' id='word_1_513' title='bbox 3284 3254 3358 3306; x_wconf 94' lang='lat' dir='ltr'><strong>ita</strong></span> <span class='ocrx_word' id='word_1_514' title='bbox 3393 3255 3572 3324; x_wconf 79' lang='lat' dir='ltr'><strong>loqui-</strong></span> 
     </span>
    </p>
   </div>
   <div class='ocr_carea' id='block_1_66' title="bbox 273 3342 1863 3424">
    <p class='ocr_par' dir='ltr' id='par_1_66' title="bbox 273 3349 1863 3424">
     <span class='ocr_line' id='line_1_66' title="bbox 273 3349 1863 3424; baseline -0.002 -19"><span class='ocrx_word' id='word_1_515' title='bbox 273 3352 518 3419; x_wconf 75' lang='grc' dir='ltr'><strong>Κυρίου.</strong></span> <span class='ocrx_word' id='word_1_516' title='bbox 572 3352 637 3405; x_wconf 86' lang='grc' dir='ltr'><em>Ἢ</em></span> <span class='ocrx_word' id='word_1_517' title='bbox 676 3351 786 3423; x_wconf 74' lang='grc' dir='ltr'><strong>γὰρ</strong></span> <span class='ocrx_word' id='word_1_518' title='bbox 817 3353 971 3424; x_wconf 79' lang='grc' dir='ltr'><strong>φωνὴ</strong></span> <span class='ocrx_word' id='word_1_519' title='bbox 1018 3350 1330 3422; x_wconf 72' lang='grc' dir='ltr'><strong>ἑτοιμάζει,</strong></span> <span class='ocrx_word' id='word_1_520' title='bbox 1374 3351 1404 3404; x_wconf 86' lang='grc' dir='ltr'><strong>ό</strong></span> <span class='ocrx_word' id='word_1_521' title='bbox 1438 3349 1496 3403; x_wconf 84' lang='grc' dir='ltr'><strong>δὲ</strong></span> <span class='ocrx_word' id='word_1_522' title='bbox 1539 3349 1744 3421; x_wconf 85' lang='grc' dir='ltr'><strong>Κύριος</strong></span> <span class='ocrx_word' id='word_1_523' title='bbox 1773 3351 1863 3402; x_wconf 76' lang='grc' dir='ltr'><strong>ἐκ·</strong></span> 
     </span>
    </p>
   </div>
   <div class='ocr_carea' id='block_1_67' title="bbox 1974 3342 3570 3424">
    <p class='ocr_par' dir='ltr' id='par_1_67' title="bbox 1974 3343 3570 3418">
     <span class='ocr_line' id='line_1_67' title="bbox 1974 3343 3570 3418; baseline 0.001 -20"><span class='ocrx_word' id='word_1_524' title='bbox 1974 3352 2104 3398; x_wconf 85' lang='lat' dir='ltr'><strong>tur:</strong></span> <span class='ocrx_word' id='word_1_525' title='bbox 2145 3343 2260 3396; x_wconf 77' lang='lat' dir='ltr'><strong>Vox</strong></span> <span class='ocrx_word' id='word_1_526' title='bbox 2309 3344 2593 3398; x_wconf 85' lang='lat' dir='ltr'><strong>clamantis</strong></span> <span class='ocrx_word' id='word_1_527' title='bbox 2645 3346 2700 3398; x_wconf 81' lang='lat' dir='ltr'><strong>in</strong></span> <span class='ocrx_word' id='word_1_528' title='bbox 2749 3343 3230 3418; x_wconf 55' lang='lat' dir='ltr'><strong>desertorParate</strong></span> <span class='ocrx_word' id='word_1_529' title='bbox 3284 3347 3397 3400; x_wconf 77' lang='lat' dir='ltr'><strong>vias</strong></span> <span class='ocrx_word' id='word_1_530' title='bbox 3461 3347 3570 3400; x_wconf 85' lang='lat' dir='ltr'><strong>Do-</strong></span> 
     </span>
    </p>
   </div>
   <div class='ocr_carea' id='block_1_68' title="bbox 274 3433 1863 3516">
    <p class='ocr_par' dir='ltr' id='par_1_68' title="bbox 274 3442 1863 3516">
     <span class='ocr_line' id='line_1_68' title="bbox 274 3442 1863 3516; baseline 0.001 -23"><span class='ocrx_word' id='word_1_531' title='bbox 274 3442 455 3496; x_wconf 81' lang='grc' dir='ltr'><strong>6αίνει</strong></span> <span class='ocrx_word' id='word_1_532' title='bbox 497 3445 620 3504; x_wconf 87' lang='grc' dir='ltr'><strong>ταῖς</strong></span> <span class='ocrx_word' id='word_1_533' title='bbox 659 3444 1108 3516; x_wconf 80' lang='grc' dir='ltr'><strong>ἡτοιμασμέναις.</strong></span> <span class='ocrx_word' id='word_1_534' title='bbox 1157 3445 1269 3498; x_wconf 81' lang='grc' dir='ltr'><strong>Καὶ</strong></span> <span class='ocrx_word' id='word_1_535' title='bbox 1312 3445 1346 3514; x_wconf 81' lang='grc' dir='ltr'><strong>ἡ</strong></span> <span class='ocrx_word' id='word_1_536' title='bbox 1391 3443 1543 3514; x_wconf 82' lang='grc' dir='ltr'><strong>φωνὴ</strong></span> <span class='ocrx_word' id='word_1_537' title='bbox 1577 3443 1728 3498; x_wconf 85' lang='grc' dir='ltr'><strong>λαλεῖ</strong></span> <span class='ocrx_word' id='word_1_538' title='bbox 1767 3443 1863 3514; x_wconf 85' lang='grc' dir='ltr'><strong>τὴν</strong></span> 
     </span>
    </p>
   </div>
   <div class='ocr_carea' id='block_1_69' title="bbox 1974 3433 3569 3516">
    <p class='ocr_par' dir='ltr' id='par_1_69' title="bbox 1974 3433 3569 3506">
     <span class='ocr_line' id='line_1_69' title="bbox 1974 3433 3569 3506; baseline 0.001 -18"><span class='ocrx_word' id='word_1_539' title='bbox 1974 3434 2100 3488; x_wconf 80' lang='lat' dir='ltr'><strong>mini</strong></span> <span class='ocrx_word' id='word_1_540' title='bbox 2128 3435 2171 3488; x_wconf 84' lang='grc'><strong>⁵.</strong></span> <span class='ocrx_word' id='word_1_541' title='bbox 2213 3433 2425 3504; x_wconf 84' lang='lat' dir='ltr'><strong>Quippe</strong></span> <span class='ocrx_word' id='word_1_542' title='bbox 2446 3449 2552 3488; x_wconf 78' lang='lat' dir='ltr'><strong>vox</strong></span> <span class='ocrx_word' id='word_1_543' title='bbox 2601 3446 2896 3506; x_wconf 61' lang='lat' dir='ltr'><strong>praeparat,</strong></span> <span class='ocrx_word' id='word_1_544' title='bbox 2932 3434 3200 3490; x_wconf 88' lang='lat' dir='ltr'><strong>Dominus</strong></span> <span class='ocrx_word' id='word_1_545' title='bbox 3227 3445 3408 3490; x_wconf 91' lang='lat' dir='ltr'><strong>autem</strong></span> <span class='ocrx_word' id='word_1_546' title='bbox 3435 3452 3569 3506; x_wconf 74' lang='lat' dir='ltr'><strong>pne-</strong></span> 
     </span>
    </p>
   </div>
   <div class='ocr_carea' id='block_1_70' title="bbox 275 3526 1863 3608">
    <p class='ocr_par' dir='ltr' id='par_1_70' title="bbox 275 3534 1863 3608">
     <span class='ocr_line' id='line_1_70' title="bbox 275 3534 1863 3608; baseline 0.001 -22"><span class='ocrx_word' id='word_1_547' title='bbox 275 3534 451 3604; x_wconf 85' lang='grc' dir='ltr'><strong>άκοήν</strong></span> <span class='ocrx_word' id='word_1_548' title='bbox 472 3537 516 3590; x_wconf 79' lang='grc'><strong>³.</strong></span> <span class='ocrx_word' id='word_1_549' title='bbox 548 3535 718 3590; x_wconf 86' lang='grc' dir='ltr'><strong>Ὅταν</strong></span> <span class='ocrx_word' id='word_1_550' title='bbox 760 3537 817 3590; x_wconf 83' lang='grc' dir='ltr'><strong>δὲ</strong></span> <span class='ocrx_word' id='word_1_551' title='bbox 849 3538 882 3608; x_wconf 80' lang='grc' dir='ltr'><strong>ἡ</strong></span> <span class='ocrx_word' id='word_1_552' title='bbox 929 3537 1066 3608; x_wconf 74' lang='grc' dir='ltr'><strong>ἀκοὴ</strong></span> <span class='ocrx_word' id='word_1_553' title='bbox 1107 3535 1341 3606; x_wconf 77' lang='grc' dir='ltr'><strong>σχολάσῃ</strong></span> <span class='ocrx_word' id='word_1_554' title='bbox 1363 3573 1378 3598; x_wconf 88' lang='grc'><strong>,</strong></span> <span class='ocrx_word' id='word_1_555' title='bbox 1413 3535 1534 3589; x_wconf 88' lang='grc' dir='ltr'><strong>τότε</strong></span> <span class='ocrx_word' id='word_1_556' title='bbox 1559 3538 1588 3589; x_wconf 85' lang='grc' dir='ltr'>ὁ</span> <span class='ocrx_word' id='word_1_557' title='bbox 1617 3535 1775 3604; x_wconf 89' lang='grc' dir='ltr'><strong>λόγος</strong></span> <span class='ocrx_word' id='word_1_558' title='bbox 1808 3537 1863 3588; x_wconf 86' lang='grc' dir='ltr'><strong>ὲν</strong></span> 
     </span>
    </p>
   </div>
   <div class='ocr_carea' id='block_1_71' title="bbox 1974 3526 3570 3608">
    <p class='ocr_par' dir='ltr' id='par_1_71' title="bbox 1975 3526 3570 3600">
     <span class='ocr_line' id='line_1_71' title="bbox 1975 3526 3570 3600; baseline -0.001 -17"><span class='ocrx_word' id='word_1_559' title='bbox 1975 3535 2200 3600; x_wconf 86' lang='lat' dir='ltr'><strong>paratas</strong></span> <span class='ocrx_word' id='word_1_560' title='bbox 2229 3528 2340 3598; x_wconf 84' lang='lat' dir='ltr'><strong>jam</strong></span> <span class='ocrx_word' id='word_1_561' title='bbox 2366 3527 2484 3582; x_wconf 91' lang='lat' dir='ltr'><strong>vias</strong></span> <span class='ocrx_word' id='word_1_562' title='bbox 2517 3526 2843 3598; x_wconf 88' lang='lat' dir='ltr'><strong>ingreditur.</strong></span> <span class='ocrx_word' id='word_1_563' title='bbox 2876 3526 3122 3598; x_wconf 89' lang='lat' dir='ltr'><strong>Itemque</strong></span> <span class='ocrx_word' id='word_1_564' title='bbox 3161 3543 3260 3582; x_wconf 80' lang='lat' dir='ltr'><strong>vox</strong></span> <span class='ocrx_word' id='word_1_565' title='bbox 3293 3543 3454 3582; x_wconf 85' lang='lat' dir='ltr'><strong>aures</strong></span> <span class='ocrx_word' id='word_1_566' title='bbox 3501 3529 3570 3582; x_wconf 89' lang='lat' dir='ltr'><strong>ad</strong></span> 
     </span>
    </p>
   </div>
   <div class='ocr_carea' id='block_1_72' title="bbox 273 3620 1863 3698">
    <p class='ocr_par' dir='ltr' id='par_1_72' title="bbox 273 3626 1863 3698">
     <span class='ocr_line' id='line_1_72' title="bbox 273 3626 1863 3698; baseline 0.001 -20"><span class='ocrx_word' id='word_1_567' title='bbox 273 3628 346 3696; x_wconf 82' lang='grc' dir='ltr'><strong>τῇ</strong></span> <span class='ocrx_word' id='word_1_568' title='bbox 380 3626 518 3698; x_wconf 79' lang='grc' dir='ltr'><strong>ἀκοῇ</strong></span> <span class='ocrx_word' id='word_1_569' title='bbox 551 3629 950 3683; x_wconf 83' lang='grc' dir='ltr'><strong>καταϐάλλεται</strong></span> <span class='ocrx_word' id='word_1_570' title='bbox 969 3629 1076 3682; x_wconf 84' lang='grc' dir='ltr'><strong>τῶν</strong></span> <span class='ocrx_word' id='word_1_571' title='bbox 1106 3626 1432 3698; x_wconf 83' lang='grc' dir='ltr'><strong>δεχομένων.</strong></span> <span class='ocrx_word' id='word_1_572' title='bbox 1466 3626 1719 3698; x_wconf 81' lang='grc' dir='ltr'><strong>οὐδαμοῦ</strong></span> <span class='ocrx_word' id='word_1_573' title='bbox 1752 3627 1863 3680; x_wconf 87' lang='grc' dir='ltr'><strong>τοί-</strong></span> 
     </span>
    </p>
   </div>
   <div class='ocr_carea' id='block_1_73' title="bbox 1974 3620 3564 3698">
    <p class='ocr_par' dir='ltr' id='par_1_73' title="bbox 1975 3620 3564 3691">
     <span class='ocr_line' id='line_1_73' title="bbox 1975 3620 3564 3691; baseline 0 -15"><span class='ocrx_word' id='word_1_574' title='bbox 1975 3621 2312 3677; x_wconf 88' lang='lat' dir='ltr'><strong>audientiam</strong></span> <span class='ocrx_word' id='word_1_575' title='bbox 2344 3621 2628 3690; x_wconf 88' lang='lat' dir='ltr'><strong>componit</strong></span> <span class='ocrx_word' id='word_1_576' title='bbox 2665 3639 2676 3674; x_wconf 97' lang='lat'>:</span> <span class='ocrx_word' id='word_1_577' title='bbox 2709 3637 2831 3690; x_wconf 76' lang='lat' dir='ltr'><strong>qua:</strong></span> <span class='ocrx_word' id='word_1_578' title='bbox 2861 3620 2951 3676; x_wconf 90' lang='lat' dir='ltr'><strong>ubi</strong></span> <span class='ocrx_word' id='word_1_579' title='bbox 2988 3635 3192 3676; x_wconf 86' lang='lat' dir='ltr'><strong>vacuas</strong></span> <span class='ocrx_word' id='word_1_580' title='bbox 3231 3635 3291 3674; x_wconf 90' lang='lat' dir='ltr'><strong>se</strong></span> <span class='ocrx_word' id='word_1_581' title='bbox 3323 3620 3564 3691; x_wconf 72' lang='lat' dir='ltr'><strong>praebue-</strong></span> 
     </span>
    </p>
   </div>
   <div class='ocr_carea' id='block_1_74' title="bbox 276 3712 1863 3794">
    <p class='ocr_par' dir='ltr' id='par_1_74' title="bbox 276 3717 1863 3794">
     <span class='ocr_line' id='line_1_74' title="bbox 276 3717 1863 3794; baseline 0.001 -24"><span class='ocrx_word' id='word_1_582' title='bbox 276 3735 376 3770; x_wconf 90' lang='grc' dir='ltr'><strong>νυν</strong></span> <span class='ocrx_word' id='word_1_583' title='bbox 419 3719 744 3790; x_wconf 76' lang='grc' dir='ltr'><strong>ἐπιλήψεται</strong></span> <span class='ocrx_word' id='word_1_584' title='bbox 795 3723 1043 3794; x_wconf 70' lang='grc' dir='ltr'><strong>Ἄρειος,</strong></span> <span class='ocrx_word' id='word_1_585' title='bbox 1077 3720 1171 3774; x_wconf 73' lang='grc' dir='ltr'><strong>καὶ</strong></span> <span class='ocrx_word' id='word_1_586' title='bbox 1198 3720 1248 3772; x_wconf 75' lang='lat' dir='ltr'><strong>oi</strong></span> <span class='ocrx_word' id='word_1_587' title='bbox 1293 3720 1390 3774; x_wconf 86' lang='grc' dir='ltr'><strong>ἀπ’</strong></span> <span class='ocrx_word' id='word_1_588' title='bbox 1420 3717 1586 3772; x_wconf 84' lang='grc' dir='ltr'><strong>αὑτοῦ</strong></span> <span class='ocrx_word' id='word_1_589' title='bbox 1627 3719 1729 3788; x_wconf 85' lang='grc' dir='ltr'><strong>τῆς</strong></span> <span class='ocrx_word' id='word_1_590' title='bbox 1770 3718 1863 3772; x_wconf 81' lang='grc' dir='ltr'><strong>τοῦ</strong></span> 
     </span>
    </p>
   </div>
   <div class='ocr_carea' id='block_1_75' title="bbox 1974 3712 3567 3794">
    <p class='ocr_par' dir='ltr' id='par_1_75' title="bbox 1974 3712 3567 3794">
     <span class='ocr_line' id='line_1_75' title="bbox 1974 3712 3567 3794; baseline -0.001 -28"><span class='ocrx_word' id='word_1_591' title='bbox 1974 3713 2107 3776; x_wconf 90' lang='lat' dir='ltr'><strong>rint,</strong></span> <span class='ocrx_word' id='word_1_592' title='bbox 2143 3719 2258 3766; x_wconf 90' lang='lat' dir='ltr'><strong>tum</strong></span> <span class='ocrx_word' id='word_1_593' title='bbox 2318 3719 2502 3766; x_wconf 86' lang='lat' dir='ltr'><strong>sermo</strong></span> <span class='ocrx_word' id='word_1_594' title='bbox 2558 3712 2900 3794; x_wconf 85' lang='lat' dir='ltr'><strong>audientium</strong></span> <span class='ocrx_word' id='word_1_595' title='bbox 2956 3713 3182 3768; x_wconf 87' lang='lat' dir='ltr'><strong>auribus</strong></span> <span class='ocrx_word' id='word_1_596' title='bbox 3233 3713 3567 3767; x_wconf 85' lang='lat' dir='ltr'><strong>immittitur.</strong></span> 
     </span>
    </p>
   </div>
   <div class='ocr_carea' id='block_1_76' title="bbox 275 3805 1863 3884">
    <p class='ocr_par' dir='ltr' id='par_1_76' title="bbox 275 3809 1863 3884">
     <span class='ocr_line' id='line_1_76' title="bbox 275 3809 1863 3884; baseline -0.001 -21"><span class='ocrx_word' id='word_1_597' title='bbox 275 3809 418 3864; x_wconf 84' lang='grc' dir='ltr'><strong>Θεοῦ</strong></span> <span class='ocrx_word' id='word_1_598' title='bbox 461 3812 718 3884; x_wconf 84' lang='grc' dir='ltr'><strong>ἀληθείας</strong></span> <span class='ocrx_word' id='word_1_599' title='bbox 751 3814 840 3868; x_wconf 76' lang='grc' dir='ltr'><strong>ἀεὶ</strong></span> <span class='ocrx_word' id='word_1_600' title='bbox 871 3811 1323 3883; x_wconf 77' lang='grc' dir='ltr'><strong>καταυγαζούσης</strong></span> <span class='ocrx_word' id='word_1_601' title='bbox 1361 3809 1587 3882; x_wconf 88' lang='grc' dir='ltr'><strong>καρδίας</strong></span> <span class='ocrx_word' id='word_1_602' title='bbox 1633 3809 1863 3871; x_wconf 86' lang='grc' dir='ltr'><strong>πιστῶν,</strong></span> 
     </span>
    </p>
   </div>
   <div class='ocr_carea' id='block_1_77' title="bbox 1974 3805 3569 3884">
    <p class='ocr_par' dir='ltr' id='par_1_77' title="bbox 1974 3805 3569 3878">
     <span class='ocr_line' id='line_1_77' title="bbox 1974 3805 3569 3878; baseline 0.001 -19"><span class='ocrx_word' id='word_1_603' title='bbox 1974 3805 2116 3860; x_wconf 84' lang='lat' dir='ltr'><strong>Nihil</strong></span> <span class='ocrx_word' id='word_1_604' title='bbox 2147 3813 2232 3862; x_wconf 90' lang='lat' dir='ltr'><strong>cst</strong></span> <span class='ocrx_word' id='word_1_605' title='bbox 2262 3807 2429 3876; x_wconf 89' lang='lat' dir='ltr'><strong>igitur</strong></span> <span class='ocrx_word' id='word_1_606' title='bbox 2461 3805 2610 3877; x_wconf 88' lang='lat' dir='ltr'><strong>quod</strong></span> <span class='ocrx_word' id='word_1_607' title='bbox 2663 3807 2831 3862; x_wconf 84' lang='lat' dir='ltr'><strong>Arius</strong></span> <span class='ocrx_word' id='word_1_608' title='bbox 2881 3807 3113 3878; x_wconf 87' lang='lat' dir='ltr'><strong>ejusque</strong></span> <span class='ocrx_word' id='word_1_609' title='bbox 3153 3806 3398 3862; x_wconf 80' lang='lat' dir='ltr'><strong>fautores</strong></span> <span class='ocrx_word' id='word_1_610' title='bbox 3430 3806 3569 3861; x_wconf 88' lang='lat' dir='ltr'><strong>arri-</strong></span> 
     </span>
    </p>
   </div>
   <div class='ocr_carea' id='block_1_78' title="bbox 275 3900 1863 3978">
    <p class='ocr_par' dir='ltr' id='par_1_78' title="bbox 275 3900 1863 3978">
     <span class='ocr_line' id='line_1_78' title="bbox 275 3900 1863 3978; baseline -0.001 -22"><span class='ocrx_word' id='word_1_611' title='bbox 275 3903 362 3966; x_wconf 79' lang='grc' dir='ltr'><strong>είς</strong></span> <span class='ocrx_word' id='word_1_612' title='bbox 390 3905 453 3956; x_wconf 83' lang='grc' dir='ltr'><strong>τὸ</strong></span> <span class='ocrx_word' id='word_1_613' title='bbox 485 3906 558 3976; x_wconf 82' lang='grc' dir='ltr'><strong>μὴ</strong></span> <span class='ocrx_word' id='word_1_614' title='bbox 591 3907 930 3978; x_wconf 83' lang='grc' dir='ltr'><strong>ἐκτραπῆναι</strong></span> <span class='ocrx_word' id='word_1_615' title='bbox 956 3905 1064 3959; x_wconf 82' lang='grc' dir='ltr'><strong>ἀπὸ</strong></span> <span class='ocrx_word' id='word_1_616' title='bbox 1085 3906 1183 3976; x_wconf 84' lang='grc' dir='ltr'><strong>τῆς</strong></span> <span class='ocrx_word' id='word_1_617' title='bbox 1211 3907 1268 3958; x_wconf 83' lang='grc' dir='ltr'><strong>ὲν</strong></span> <span class='ocrx_word' id='word_1_618' title='bbox 1297 3902 1375 3973; x_wconf 85' lang='grc' dir='ltr'><strong>τῷ</strong></span> <span class='ocrx_word' id='word_1_619' title='bbox 1403 3903 1561 3973; x_wconf 88' lang='grc' dir='ltr'><strong>Λόγῳ</strong></span> <span class='ocrx_word' id='word_1_620' title='bbox 1589 3901 1703 3972; x_wconf 86' lang='grc' dir='ltr'><strong>Υίῷ</strong></span> <span class='ocrx_word' id='word_1_621' title='bbox 1727 3900 1863 3955; x_wconf 88' lang='grc' dir='ltr'><strong>Θεοῦ</strong></span> 
     </span>
    </p>
   </div>
   <div class='ocr_carea' id='block_1_79' title="bbox 1974 3900 3569 3978">
    <p class='ocr_par' dir='ltr' id='par_1_79' title="bbox 1974 3900 3569 3973">
     <span class='ocr_line' id='line_1_79' title="bbox 1974 3900 3569 3973; baseline 0 -17"><span class='ocrx_word' id='word_1_622' title='bbox 1974 3901 2127 3973; x_wconf 81' lang='lat' dir='ltr'><strong>piant</strong></span> <span class='ocrx_word' id='word_1_623' title='bbox 2154 3917 2222 3956; x_wconf 81' lang='lat' dir='ltr'><strong>ex</strong></span> <span class='ocrx_word' id='word_1_624' title='bbox 2251 3901 2352 3955; x_wconf 88' lang='lat' dir='ltr'><strong>hoc</strong></span> <span class='ocrx_word' id='word_1_625' title='bbox 2377 3901 2529 3964; x_wconf 90' lang='lat' dir='ltr'><strong>loco,</strong></span> <span class='ocrx_word' id='word_1_626' title='bbox 2553 3915 2677 3956; x_wconf 91' lang='lat' dir='ltr'><strong>cum</strong></span> <span class='ocrx_word' id='word_1_627' title='bbox 2701 3900 2885 3954; x_wconf 88' lang='lat' dir='ltr'><strong>divina</strong></span> <span class='ocrx_word' id='word_1_628' title='bbox 2921 3903 3126 3957; x_wconf 87' lang='lat' dir='ltr'><strong>veritas</strong></span> <span class='ocrx_word' id='word_1_629' title='bbox 3162 3900 3402 3956; x_wconf 84' lang='lat' dir='ltr'><strong>ﬁdelium</strong></span> <span class='ocrx_word' id='word_1_630' title='bbox 3445 3905 3569 3956; x_wconf 90' lang='lat' dir='ltr'><strong>ani-</strong></span> 
     </span>
    </p>
   </div>
   <div class='ocr_carea' id='block_1_80' title="bbox 249 3994 1620 4068">
    <p class='ocr_par' dir='ltr' id='par_1_80' title="bbox 249 3994 1620 4068">
     <span class='ocr_line' id='line_1_80' title="bbox 249 3994 1620 4068; baseline 0 -22"><span class='ocrx_word' id='word_1_631' title='bbox 249 3994 339 4046; x_wconf 76' lang='grc' dir='ltr'><strong>-ὲν</strong></span> <span class='ocrx_word' id='word_1_632' title='bbox 372 3994 600 4068; x_wconf 83' lang='grc' dir='ltr'><strong>ἀληθείᾳ</strong></span> <span class='ocrx_word' id='word_1_633' title='bbox 629 3996 869 4067; x_wconf 82' lang='grc' dir='ltr'><strong>ἀκτίστῳ</strong></span> <span class='ocrx_word' id='word_1_634' title='bbox 901 3997 995 4050; x_wconf 75' lang='grc' dir='ltr'><strong>καὶ</strong></span> <span class='ocrx_word' id='word_1_635' title='bbox 1023 3996 1302 4066; x_wconf 84' lang='grc' dir='ltr'><strong>ἀγεννήτῳ</strong></span> <span class='ocrx_word' id='word_1_636' title='bbox 1329 3994 1620 4065; x_wconf 80' lang='grc' dir='ltr'><strong>σωτηρίας.</strong></span> 
     </span>
    </p>
   </div>
   <div class='ocr_carea' id='block_1_81' title="bbox 283 4086 2484 4159">
    <p class='ocr_par' dir='ltr' id='par_1_81' title="bbox 283 4086 2484 4159">
     <span class='ocr_line' id='line_1_81' title="bbox 283 4086 2484 4159; baseline -0.001 -16"><span class='ocrx_word' id='word_1_637' title='bbox 283 4103 410 4159; x_wconf 83' lang='lat' dir='ltr'><strong>quae</strong></span> <span class='ocrx_word' id='word_1_638' title='bbox 456 4105 552 4159; x_wconf 90' lang='lat' dir='ltr'><strong>per</strong></span> <span class='ocrx_word' id='word_1_639' title='bbox 598 4089 834 4146; x_wconf 88' lang='lat' dir='ltr'><strong>Verbum</strong></span> <span class='ocrx_word' id='word_1_640' title='bbox 866 4089 962 4146; x_wconf 90' lang='lat' dir='ltr'><strong>Dei</strong></span> <span class='ocrx_word' id='word_1_641' title='bbox 1006 4086 1204 4143; x_wconf 87' lang='lat' dir='ltr'><strong>Filium</strong></span> <span class='ocrx_word' id='word_1_642' title='bbox 1238 4103 1428 4144; x_wconf 87' lang='lat' dir='ltr'><strong>revera</strong></span> <span class='ocrx_word' id='word_1_643' title='bbox 1468 4090 1770 4142; x_wconf 84' lang='lat' dir='ltr'><strong>increatuin</strong></span> <span class='ocrx_word' id='word_1_644' title='bbox 1803 4102 1868 4143; x_wconf 88' lang='lat' dir='ltr'><strong>ac</strong></span> <span class='ocrx_word' id='word_1_645' title='bbox 1909 4088 2150 4159; x_wconf 80' lang='lat' dir='ltr'><strong>genitum</strong></span> <span class='ocrx_word' id='word_1_646' title='bbox 2187 4087 2484 4142; x_wconf 89' lang='lat' dir='ltr'><strong>obtinctur.</strong></span> 
     </span>
    </p>
   </div>
   <div class='ocr_carea' id='block_1_82' title="bbox 1972 3994 3666 4065">
    <p class='ocr_par' dir='ltr' id='par_1_82' title="bbox 1972 3994 3666 4065">
     <span class='ocr_line' id='line_1_82' title="bbox 1972 3994 3666 4065; baseline -0.001 -17"><span class='ocrx_word' id='word_1_647' title='bbox 1972 4003 2094 4049; x_wconf 78' lang='lat' dir='ltr'><strong>mus</strong></span> <span class='ocrx_word' id='word_1_648' title='bbox 2116 4003 2377 4065; x_wconf 87' lang='lat' dir='ltr'><strong>perpetuo</strong></span> <span class='ocrx_word' id='word_1_649' title='bbox 2409 3995 2718 4056; x_wconf 90' lang='lat' dir='ltr'><strong>collustret,</strong></span> <span class='ocrx_word' id='word_1_650' title='bbox 2751 4009 2818 4049; x_wconf 90' lang='lat' dir='ltr'><strong>ne</strong></span> <span class='ocrx_word' id='word_1_651' title='bbox 2837 3995 2907 4048; x_wconf 86' lang='lat' dir='ltr'><strong>ab</strong></span> <span class='ocrx_word' id='word_1_652' title='bbox 2937 4009 3000 4048; x_wconf 88' lang='lat' dir='ltr'><strong>ea</strong></span> <span class='ocrx_word' id='word_1_653' title='bbox 3039 3995 3216 4050; x_wconf 90' lang='lat' dir='ltr'><strong>salute</strong></span> <span class='ocrx_word' id='word_1_654' title='bbox 3251 3994 3566 4057; x_wconf 74' lang='grc' dir='ltr'><strong>ιίρίιιιοιτιιιι,</strong></span> <span class='ocrx_word' id='word_1_655' title='bbox 3647 4054 3666 4065; x_wconf 31' lang='grc' dir='ltr'><strong>κ</strong></span> 
     </span>
    </p>
   </div>
   <div class='ocr_carea' id='block_1_83' title="bbox 240 4169 1864 4251">
    <p class='ocr_par' dir='ltr' id='par_1_83' title="bbox 240 4169 1864 4251">
     <span class='ocr_line' id='line_1_83' title="bbox 240 4169 1864 4251; baseline -0.005 -13"><span class='ocrx_word' id='word_1_656' title='bbox 240 4169 260 4218; x_wconf 73' lang='grc'>³</span> <span class='ocrx_word' id='word_1_657' title='bbox 357 4181 490 4237; x_wconf 87' lang='lat' dir='ltr'><strong>MB&#39;.</strong></span> <span class='ocrx_word' id='word_1_658' title='bbox 539 4182 966 4251; x_wconf 86' lang='grc' dir='ltr'><strong>Προκοπτόντων</strong></span> <span class='ocrx_word' id='word_1_659' title='bbox 997 4179 1055 4233; x_wconf 83' lang='grc' dir='ltr'><strong>δὲ</strong></span> <span class='ocrx_word' id='word_1_660' title='bbox 1094 4180 1257 4234; x_wconf 83' lang='grc' dir='ltr'><strong>πάλιν</strong></span> <span class='ocrx_word' id='word_1_661' title='bbox 1294 4178 1473 4251; x_wconf 83' lang='grc' dir='ltr'><strong>ήμῶν,</strong></span> <span class='ocrx_word' id='word_1_662' title='bbox 1501 4179 1595 4232; x_wconf 73' lang='grc' dir='ltr'><strong>καὶ</strong></span> <span class='ocrx_word' id='word_1_663' title='bbox 1627 4179 1720 4232; x_wconf 77' lang='grc' dir='ltr'><strong>ἐπὶ</strong></span> <span class='ocrx_word' id='word_1_664' title='bbox 1764 4178 1864 4242; x_wconf 78' lang='grc' dir='ltr'><strong>τὰς</strong></span> 
     </span>
    </p>
   </div>
   <div class='ocr_carea' id='block_1_84' title="bbox 282 4269 1864 4346">
    <p class='ocr_par' dir='ltr' id='par_1_84' title="bbox 282 4269 1864 4346">
     <span class='ocr_line' id='line_1_84' title="bbox 282 4269 1864 4346; baseline -0.004 -17"><span class='ocrx_word' id='word_1_665' title='bbox 282 4276 412 4346; x_wconf 77' lang='grc' dir='ltr'><strong>ἑξῆς</strong></span> <span class='ocrx_word' id='word_1_666' title='bbox 453 4274 764 4340; x_wconf 81' lang='grc' dir='ltr'><strong>θαινόντων,</strong></span> <span class='ocrx_word' id='word_1_667' title='bbox 799 4272 952 4327; x_wconf 82' lang='grc' dir='ltr'><strong>οὐδὲν</strong></span> <span class='ocrx_word' id='word_1_668' title='bbox 991 4270 1401 4344; x_wconf 86' lang='grc' dir='ltr'><strong>παραλείψομεν</strong></span> <span class='ocrx_word' id='word_1_669' title='bbox 1433 4270 1542 4325; x_wconf 88' lang='grc' dir='ltr'><strong>τῶν</strong></span> <span class='ocrx_word' id='word_1_670' title='bbox 1585 4269 1698 4324; x_wconf 84' lang='grc' dir='ltr'><strong>ἄνω</strong></span> <span class='ocrx_word' id='word_1_671' title='bbox 1728 4287 1864 4343; x_wconf 90' lang='grc' dir='ltr'><strong>προ-</strong></span> 
     </span>
    </p>
   </div>
   <div class='ocr_carea' id='block_1_85' title="bbox 360 4428 1878 4506">
    <p class='ocr_par' dir='ltr' id='par_1_85' title="bbox 360 4428 1878 4506">
     <span class='ocr_line' id='line_1_85' title="bbox 360 4428 1878 4506; baseline -0.004 -15"><span class='ocrx_word' id='word_1_672' title='bbox 360 4440 378 4471; x_wconf 79' lang='grc'>⁸</span> <span class='ocrx_word' id='word_1_673' title='bbox 411 4435 473 4491; x_wconf 85' lang='lat' dir='ltr'><strong>F.</strong></span> <span class='ocrx_word' id='word_1_674' title='bbox 517 4434 836 4506; x_wconf 83' lang='grc' dir='ltr'><strong>Ἀντιοχείᾳ.</strong></span> <span class='ocrx_word' id='word_1_675' title='bbox 914 4435 936 4465; x_wconf 75' lang='grc'>³</span> <span class='ocrx_word' id='word_1_676' title='bbox 965 4432 1025 4488; x_wconf 83' lang='lat' dir='ltr'><strong>F.</strong></span> <span class='ocrx_word' id='word_1_677' title='bbox 1051 4433 1132 4496; x_wconf 85' lang='grc' dir='ltr'><strong>είς</strong></span> <span class='ocrx_word' id='word_1_678' title='bbox 1161 4430 1260 4502; x_wconf 81' lang='grc' dir='ltr'><strong>τὴν</strong></span> <span class='ocrx_word' id='word_1_679' title='bbox 1290 4431 1386 4486; x_wconf 88' lang='grc' dir='ltr'><strong>ἀκ.</strong></span> <span class='ocrx_word' id='word_1_680' title='bbox 1464 4428 1484 4460; x_wconf 87' lang='grc'>³</span> <span class='ocrx_word' id='word_1_681' title='bbox 1513 4428 1673 4486; x_wconf 88' lang='lat' dir='ltr'><strong>Joan.</strong></span> <span class='ocrx_word' id='word_1_682' title='bbox 1711 4447 1748 4496; x_wconf 92' lang='grc' dir='ltr'><strong>ι,</strong></span> <span class='ocrx_word' id='word_1_683' title='bbox 1796 4431 1878 4487; x_wconf 87' lang='grc'><strong>10.</strong></span> 
     </span>
    </p>
   </div>
   <div class='ocr_carea' id='block_1_86' title="bbox 357 4582 1319 4659">
    <p class='ocr_par' dir='ltr' id='par_1_86' title="bbox 357 4582 1319 4659">
     <span class='ocr_line' id='line_1_86' title="bbox 357 4582 1319 4659; baseline -0.005 -16"><span class='ocrx_word' id='word_1_684' title='bbox 357 4590 472 4659; x_wconf 75' lang='lat'><strong>(935)</strong></span> <span class='ocrx_word' id='word_1_685' title='bbox 502 4591 570 4644; x_wconf 75' lang='lat' dir='ltr'><strong><em>El</em></strong></span> <span class='ocrx_word' id='word_1_686' title='bbox 601 4588 670 4641; x_wconf 83' lang='grc' dir='ltr'><strong>δὲ</strong></span> <span class='ocrx_word' id='word_1_687' title='bbox 696 4589 766 4641; x_wconf 80' lang='grc' dir='ltr'><strong>ἐν</strong></span> <span class='ocrx_word' id='word_1_688' title='bbox 795 4588 1002 4656; x_wconf 78' lang='grc' dir='ltr'><strong>κόσμῳ</strong></span> <span class='ocrx_word' id='word_1_689' title='bbox 1028 4582 1130 4659; x_wconf 76' lang='grc' dir='ltr'><strong>ἦν.</strong></span> <span class='ocrx_word' id='word_1_690' title='bbox 1168 4585 1319 4659; x_wconf 84' lang='lat' dir='ltr'><strong>Nova</strong></span> 
     </span>
    </p>
   </div>
   <div class='ocr_carea' id='block_1_87' title="bbox 278 4655 1861 4725">
    <p class='ocr_par' dir='ltr' id='par_1_87' title="bbox 278 4655 1861 4725">
     <span class='ocr_line' id='line_1_87' title="bbox 278 4655 1861 4725; baseline -0.002 -15"><span class='ocrx_word' id='word_1_691' title='bbox 278 4655 511 4715; x_wconf 77' lang='lat' dir='ltr'><strong>Joannis</strong></span> <span class='ocrx_word' id='word_1_692' title='bbox 567 4661 658 4713; x_wconf 78' lang='lat' dir='ltr'><strong>illa</strong></span> <span class='ocrx_word' id='word_1_693' title='bbox 718 4660 879 4713; x_wconf 85' lang='lat' dir='ltr'><strong>verba</strong></span> <span class='ocrx_word' id='word_1_694' title='bbox 912 4655 1206 4712; x_wconf 79' lang='lat' dir='ltr'><strong>declarat:</strong></span> <span class='ocrx_word' id='word_1_695' title='bbox 1242 4656 1342 4722; x_wconf 79' lang='grc' dir='ltr'><strong>’ος</strong></span> <span class='ocrx_word' id='word_1_696' title='bbox 1370 4655 1712 4725; x_wconf 73' lang='grc' dir='ltr'><strong>ἔμπροσθέν</strong></span> <span class='ocrx_word' id='word_1_697' title='bbox 1741 4674 1861 4725; x_wconf 76' lang='grc' dir='ltr'><strong>μου</strong></span> 
     </span>
    </p>
   </div>
   <div class='ocr_carea' id='block_1_88' title="bbox 273 4727 1865 4801">
    <p class='ocr_par' dir='ltr' id='par_1_88' title="bbox 273 4727 1865 4801">
     <span class='ocr_line' id='line_1_88' title="bbox 273 4727 1865 4801; baseline -0.001 -19"><span class='ocrx_word' id='word_1_698' title='bbox 273 4731 514 4801; x_wconf 68' lang='grc' dir='ltr'><strong>γέγονε,</strong></span> <span class='ocrx_word' id='word_1_699' title='bbox 551 4729 656 4797; x_wconf 85' lang='lat' dir='ltr'><strong>Qui</strong></span> <span class='ocrx_word' id='word_1_700' title='bbox 694 4738 816 4801; x_wconf 82' lang='lat' dir='ltr'><strong>ante</strong></span> <span class='ocrx_word' id='word_1_701' title='bbox 840 4741 920 4783; x_wconf 84' lang='lat' dir='ltr'><strong>me</strong></span> <span class='ocrx_word' id='word_1_702' title='bbox 951 4728 1125 4801; x_wconf 64' lang='lat' dir='ltr'><strong>factus</strong></span> <span class='ocrx_word' id='word_1_703' title='bbox 1167 4733 1353 4801; x_wconf 43' lang='lat' dir='ltr'><strong>erant</strong></span> <span class='ocrx_word' id='word_1_704' title='bbox 1383 4727 1654 4801; x_wconf 73' lang='lat' dir='ltr'><strong>interpres</strong></span> <span class='ocrx_word' id='word_1_705' title='bbox 1675 4734 1865 4801; x_wconf 80' lang='lat' dir='ltr'><strong>noster</strong></span> 
     </span>
    </p>
   </div>
   <div class='ocr_carea' id='block_1_89' title="bbox 282 4797 1866 4870">
    <p class='ocr_par' dir='ltr' id='par_1_89' title="bbox 282 4797 1866 4870">
     <span class='ocr_line' id='line_1_89' title="bbox 282 4797 1866 4870; baseline -0.004 -13"><span class='ocrx_word' id='word_1_706' title='bbox 282 4797 544 4860; x_wconf 68' lang='lat' dir='ltr'><strong>reddidit.</strong></span> <span class='ocrx_word' id='word_1_707' title='bbox 564 4800 720 4870; x_wconf 86' lang='lat' dir='ltr'><strong>quasi</strong></span> <span class='ocrx_word' id='word_1_708' title='bbox 742 4799 964 4867; x_wconf 81' lang='grc' dir='ltr'><strong>γέγονεν</strong></span> <span class='ocrx_word' id='word_1_709' title='bbox 989 4799 1129 4852; x_wconf 87' lang='lat' dir='ltr'><strong>idem</strong></span> <span class='ocrx_word' id='word_1_710' title='bbox 1156 4797 1425 4867; x_wconf 73' lang='lat' dir='ltr'><strong>significet</strong></span> <span class='ocrx_word' id='word_1_711' title='bbox 1449 4811 1513 4851; x_wconf 86' lang='lat' dir='ltr'><strong>ac</strong></span> <span class='ocrx_word' id='word_1_712' title='bbox 1541 4797 1726 4870; x_wconf 61' lang='lat' dir='ltr'><strong>fuisse,</strong></span> <span class='ocrx_word' id='word_1_713' title='bbox 1749 4799 1866 4852; x_wconf 84' lang='lat' dir='ltr'><strong>sive</strong></span> 
     </span>
    </p>
   </div>
   <div class='ocr_carea' id='block_1_90' title="bbox 286 4867 1862 4942">
    <p class='ocr_par' dir='ltr' id='par_1_90' title="bbox 286 4867 1862 4942">
     <span class='ocr_line' id='line_1_90' title="bbox 286 4867 1862 4942; baseline -0.003 -18"><span class='ocrx_word' id='word_1_714' title='bbox 286 4867 596 4942; x_wconf 78' lang='lat' dir='ltr'><strong>profectum</strong></span> <span class='ocrx_word' id='word_1_715' title='bbox 656 4879 774 4942; x_wconf 85' lang='lat' dir='ltr'><strong>aut_</strong></span> <span class='ocrx_word' id='word_1_716' title='bbox 803 4870 1004 4942; x_wconf 64' lang='lat' dir='ltr'><strong>alicubi</strong></span> <span class='ocrx_word' id='word_1_717' title='bbox 1039 4877 1318 4942; x_wconf 83' lang='lat' dir='ltr'><strong>versatum</strong></span> <span class='ocrx_word' id='word_1_718' title='bbox 1368 4883 1512 4922; x_wconf 86' lang='lat' dir='ltr'><strong>esse.</strong></span> <span class='ocrx_word' id='word_1_719' title='bbox 1546 4867 1666 4933; x_wconf 88' lang='lat' dir='ltr'><strong>Quo</strong></span> <span class='ocrx_word' id='word_1_720' title='bbox 1696 4884 1862 4942; x_wconf 80' lang='lat' dir='ltr'><strong>sensu</strong></span> 
     </span>
    </p>
   </div>
   <div class='ocr_carea' id='block_1_91' title="bbox 284 4937 1865 5013">
    <p class='ocr_par' dir='ltr' id='par_1_91' title="bbox 284 4937 1865 5013">
     <span class='ocr_line' id='line_1_91' title="bbox 284 4937 1865 5013; baseline -0.002 -18"><span class='ocrx_word' id='word_1_721' title='bbox 284 4937 440 5013; x_wconf 79' lang='lat' dir='ltr'><strong>prius</strong></span> <span class='ocrx_word' id='word_1_722' title='bbox 484 4939 696 5013; x_wconf 86' lang='lat' dir='ltr'><strong>Joanne</strong></span> <span class='ocrx_word' id='word_1_723' title='bbox 753 4939 846 4994; x_wconf 87' lang='lat' dir='ltr'><strong>Dei</strong></span> <span class='ocrx_word' id='word_1_724' title='bbox 902 4937 1074 5013; x_wconf 85' lang='lat' dir='ltr'><strong>Filius</strong></span> <span class='ocrx_word' id='word_1_725' title='bbox 1123 4938 1354 5000; x_wconf 82' lang='lat' dir='ltr'><strong>exstitit,</strong></span> <span class='ocrx_word' id='word_1_726' title='bbox 1397 4947 1684 5013; x_wconf 72' lang='lat' dir='ltr'><strong>pr0ptcrea</strong></span> <span class='ocrx_word' id='word_1_727' title='bbox 1718 4939 1865 5008; x_wconf 87' lang='lat' dir='ltr'><strong>quod</strong></span> 
     </span>
    </p>
   </div>
   <div class='ocr_carea' id='block_1_92' title="bbox 281 5007 1863 5081">
    <p class='ocr_par' dir='ltr' id='par_1_92' title="bbox 281 5007 1863 5081">
     <span class='ocr_line' id='line_1_92' title="bbox 281 5007 1863 5081; baseline -0.005 -13"><span class='ocrx_word' id='word_1_728' title='bbox 281 5007 508 5081; x_wconf 69' lang='lat' dir='ltr'><strong>saepius,</strong></span> <span class='ocrx_word' id='word_1_729' title='bbox 561 5011 644 5064; x_wconf 88' lang='lat' dir='ltr'><strong>vel</strong></span> <span class='ocrx_word' id='word_1_730' title='bbox 691 5021 985 5080; x_wconf 83' lang='lat' dir='ltr'><strong>antequam</strong></span> <span class='ocrx_word' id='word_1_731' title='bbox 1019 5009 1312 5062; x_wconf 89' lang='lat' dir='ltr'><strong>humanam</strong></span> <span class='ocrx_word' id='word_1_732' title='bbox 1316 5023 1556 5081; x_wconf 87' lang='lat' dir='ltr'><strong>_carnem</strong></span> <span class='ocrx_word' id='word_1_733' title='bbox 1591 5007 1863 5071; x_wconf 80' lang='lat' dir='ltr'><strong>indueret,</strong></span> 
     </span>
    </p>
   </div>
   <div class='ocr_carea' id='block_1_93' title="bbox 283 5078 1866 5151">
    <p class='ocr_par' dir='ltr' id='par_1_93' title="bbox 283 5078 1866 5151">
     <span class='ocr_line' id='line_1_93' title="bbox 283 5078 1866 5151; baseline -0.003 -16"><span class='ocrx_word' id='word_1_734' title='bbox 283 5078 564 5138; x_wconf 74' lang='lat' dir='ltr'><strong>veteribus</strong></span> <span class='ocrx_word' id='word_1_735' title='bbox 618 5078 949 5151; x_wconf 71' lang='lat' dir='ltr'><strong>patriarchis</strong></span> <span class='ocrx_word' id='word_1_736' title='bbox 991 5081 1266 5151; x_wconf 86' lang='lat' dir='ltr'><strong>apparuit.</strong></span> <span class='ocrx_word' id='word_1_737' title='bbox 1315 5078 1544 5151; x_wconf 87' lang='lat' dir='ltr'><strong>&#39;I‘e_r_t&#39;ull.</strong></span> <span class='ocrx_word' id='word_1_738' title='bbox 1582 5094 1644 5142; x_wconf 91' lang='grc' dir='ltr'><strong>ιι,</strong></span> <span class='ocrx_word' id='word_1_739' title='bbox 1680 5089 1866 5132; x_wconf 86' lang='lat' dir='ltr'><strong>contra</strong></span> 
     </span>
    </p>
   </div>
   <div class='ocr_carea' id='block_1_94' title="bbox 279 5147 1867 5220">
    <p class='ocr_par' dir='ltr' id='par_1_94' title="bbox 279 5147 1867 5220">
     <span class='ocr_line' id='line_1_94' title="bbox 279 5147 1867 5220; baseline -0.003 -12"><span class='ocrx_word' id='word_1_740' title='bbox 279 5158 480 5219; x_wconf 63' lang='lat' dir='ltr'><strong>Mora,</strong></span> <span class='ocrx_word' id='word_1_741' title='bbox 501 5147 744 5220; x_wconf 57' lang='lat' dir='ltr'><strong>capfﬁ&#39;l:</strong></span> <span class='ocrx_word' id='word_1_742' title='bbox 780 5149 922 5204; x_wconf 87' lang='lat' dir='ltr'><strong>Nam</strong></span> <span class='ocrx_word' id='word_1_743' title='bbox 944 5159 991 5204; x_wconf 85' lang='lat' dir='ltr'><strong>et</strong></span> <span class='ocrx_word' id='word_1_744' title='bbox 1023 5147 1336 5220; x_wconf 76' lang='lat' dir='ltr'><strong>proﬁtemur</strong></span> <span class='ocrx_word' id='word_1_745' title='bbox 1367 5147 1638 5220; x_wconf 70' lang='lat' dir='ltr'><strong>Christum</strong></span> <span class='ocrx_word' id='word_1_746' title='bbox 1666 5165 1867 5216; x_wconf 82' lang='lat' dir='ltr'><strong>semper</strong></span> 
     </span>
    </p>
   </div>
   <div class='ocr_carea' id='block_1_95' title="bbox 279 5219 1867 5295">
    <p class='ocr_par' dir='ltr' id='par_1_95' title="bbox 279 5219 1867 5295">
     <span class='ocr_line' id='line_1_95' title="bbox 279 5219 1867 5295; baseline -0.004 -17"><span class='ocrx_word' id='word_1_747' title='bbox 279 5225 452 5295; x_wconf 78' lang='lat' dir='ltr'><strong>egisse</strong></span> <span class='ocrx_word' id='word_1_748' title='bbox 473 5226 527 5278; x_wconf 86' lang='lat' dir='ltr'><strong>in</strong></span> <span class='ocrx_word' id='word_1_749' title='bbox 555 5219 650 5276; x_wconf 86' lang='lat' dir='ltr'><strong>Dei</strong></span> <span class='ocrx_word' id='word_1_750' title='bbox 687 5223 868 5276; x_wconf 77' lang='lat' dir='ltr'><strong>Patris</strong></span> <span class='ocrx_word' id='word_1_751' title='bbox 901 5219 1129 5282; x_wconf 80' lang='lat' dir='ltr'><strong>nomine.</strong></span> <span class='ocrx_word' id='word_1_752' title='bbox 1157 5222 1329 5295; x_wconf 83' lang='lat' dir='ltr'><strong>ipsum</strong></span> <span class='ocrx_word' id='word_1_753' title='bbox 1363 5219 1429 5295; x_wconf 79' lang='lat' dir='ltr'><strong>ab</strong></span> <span class='ocrx_word' id='word_1_754' title='bbox 1453 5220 1612 5295; x_wconf 77' lang='lat' dir='ltr'><strong>initio</strong></span> <span class='ocrx_word' id='word_1_755' title='bbox 1655 5235 1867 5295; x_wconf 74' lang='lat' dir='ltr'><strong>conver-</strong></span> 
     </span>
    </p>
   </div>
   <div class='ocr_carea' id='block_1_96' title="bbox 281 5289 1863 5363">
    <p class='ocr_par' dir='ltr' id='par_1_96' title="bbox 281 5289 1863 5363">
     <span class='ocr_line' id='line_1_96' title="bbox 281 5289 1863 5363; baseline -0.003 -14"><span class='ocrx_word' id='word_1_756' title='bbox 281 5289 480 5358; x_wconf 73' lang='lat' dir='ltr'><strong>satum,</strong></span> <span class='ocrx_word' id='word_1_757' title='bbox 499 5296 669 5362; x_wconf 80' lang='lat' dir='ltr'><strong>ipsum</strong></span> <span class='ocrx_word' id='word_1_758' title='bbox 691 5307 1022 5363; x_wconf 85' lang='lat' dir='ltr'><strong>congressum</strong></span> <span class='ocrx_word' id='word_1_759' title='bbox 1043 5306 1158 5363; x_wconf 74' lang='lat' dir='ltr'><strong>cum</strong></span> <span class='ocrx_word' id='word_1_760' title='bbox 1170 5289 1492 5363; x_wconf 68' lang='lat' dir='ltr'><strong>patriam/iis</strong></span> <span class='ocrx_word' id='word_1_761' title='bbox 1514 5299 1562 5342; x_wconf 86' lang='lat' dir='ltr'><strong>et</strong></span> <span class='ocrx_word' id='word_1_762' title='bbox 1579 5291 1863 5358; x_wconf 80' lang='lat' dir='ltr'><strong>prophetis,</strong></span> 
     </span>
    </p>
   </div>
   <div class='ocr_carea' id='block_1_97' title="bbox 281 5359 1866 5432">
    <p class='ocr_par' dir='ltr' id='par_1_97' title="bbox 281 5359 1866 5432">
     <span class='ocr_line' id='line_1_97' title="bbox 281 5359 1866 5432; baseline -0.003 -13"><span class='ocrx_word' id='word_1_763' title='bbox 281 5375 338 5419; x_wconf 86' lang='lat' dir='ltr'><strong>et</strong></span> <span class='ocrx_word' id='word_1_764' title='bbox 369 5359 589 5422; x_wconf 74' lang='lat' dir='ltr'><strong>czetera.</strong></span> <span class='ocrx_word' id='word_1_765' title='bbox 621 5379 742 5432; x_wconf 61' lang='lat' dir='ltr'><strong>qum</strong></span> <span class='ocrx_word' id='word_1_766' title='bbox 774 5359 954 5428; x_wconf 74' lang='lat' dir='ltr'><strong>caute,</strong></span> <span class='ocrx_word' id='word_1_767' title='bbox 979 5362 1055 5414; x_wconf 85' lang='lat' dir='ltr'><strong>uti</strong></span> <span class='ocrx_word' id='word_1_768' title='bbox 1090 5362 1236 5432; x_wconf 62' lang='lat' dir='ltr'><strong>dixi,</strong></span> <span class='ocrx_word' id='word_1_769' title='bbox 1264 5359 1502 5432; x_wconf 81' lang='lat' dir='ltr'><strong>legenda</strong></span> <span class='ocrx_word' id='word_1_770' title='bbox 1535 5367 1696 5424; x_wconf 89' lang='lat' dir='ltr'><strong>sunt;</strong></span> <span class='ocrx_word' id='word_1_771' title='bbox 1725 5368 1783 5412; x_wconf 92' lang='lat' dir='ltr'><strong>ut</strong></span> <span class='ocrx_word' id='word_1_772' title='bbox 1812 5368 1866 5414; x_wconf 89' lang='lat' dir='ltr'><strong>et</strong></span> 
     </span>
    </p>
   </div>
   <div class='ocr_carea' id='block_1_98' title="bbox 279 5430 1858 5501">
    <p class='ocr_par' dir='ltr' id='par_1_98' title="bbox 279 5430 1858 5501">
     <span class='ocr_line' id='line_1_98' title="bbox 279 5430 1858 5501; baseline -0.006 -11"><span class='ocrx_word' id='word_1_773' title='bbox 279 5435 486 5490; x_wconf 89' lang='lat' dir='ltr'><strong>Justiui</strong></span> <span class='ocrx_word' id='word_1_774' title='bbox 519 5430 670 5488; x_wconf 81' lang='lat' dir='ltr'><strong>locus</strong></span> <span class='ocrx_word' id='word_1_775' title='bbox 701 5435 811 5498; x_wconf 88' lang='lat' dir='ltr'><strong>ille,</strong></span> <span class='ocrx_word' id='word_1_776' title='bbox 843 5449 908 5486; x_wconf 81' lang='lat' dir='ltr'><strong>ex</strong></span> <span class='ocrx_word' id='word_1_777' title='bbox 949 5447 1058 5501; x_wconf 87' lang='lat' dir='ltr'><strong>quo</strong></span> <span class='ocrx_word' id='word_1_778' title='bbox 1089 5430 1461 5486; x_wconf 85' lang='lat' dir='ltr'><strong>Tertullianus</strong></span> <span class='ocrx_word' id='word_1_779' title='bbox 1485 5432 1589 5484; x_wconf 88' lang='lat' dir='ltr'><strong>ista</strong></span> <span class='ocrx_word' id='word_1_780' title='bbox 1607 5433 1858 5499; x_wconf 85' lang='lat' dir='ltr'><strong>sumpsit.</strong></span> 
     </span>
    </p>
   </div>
   <div class='ocr_carea' id='block_1_99' title="bbox 284 5501 1860 5575">
    <p class='ocr_par' dir='ltr' id='par_1_99' title="bbox 284 5501 1860 5575">
     <span class='ocr_line' id='line_1_99' title="bbox 284 5501 1860 5575; baseline -0.004 -15"><span class='ocrx_word' id='word_1_781' title='bbox 284 5506 429 5561; x_wconf 89' lang='lat' dir='ltr'><strong>Idem</strong></span> <span class='ocrx_word' id='word_1_782' title='bbox 453 5521 640 5575; x_wconf 88' lang='lat' dir='ltr'><strong>porro,</strong></span> <span class='ocrx_word' id='word_1_783' title='bbox 678 5504 772 5559; x_wconf 90' lang='lat' dir='ltr'><strong>sed</strong></span> <span class='ocrx_word' id='word_1_784' title='bbox 825 5505 982 5573; x_wconf 83' lang='lat' dir='ltr'><strong>longe</strong></span> <span class='ocrx_word' id='word_1_785' title='bbox 1025 5501 1371 5575; x_wconf 72' lang='lat' dir='ltr'><strong>prudentius,</strong></span> <span class='ocrx_word' id='word_1_786' title='bbox 1413 5502 1575 5575; x_wconf 65' lang='lat' dir='ltr'><strong>docet</strong></span> <span class='ocrx_word' id='word_1_787' title='bbox 1606 5503 1860 5575; x_wconf 43' lang='lat' dir='ltr'><strong>Augusti‘</strong></span> 
     </span>
    </p>
   </div>
   <div class='ocr_carea' id='block_1_100' title="bbox 284 5571 1861 5641">
    <p class='ocr_par' dir='ltr' id='par_1_100' title="bbox 284 5571 1861 5641">
     <span class='ocr_line' id='line_1_100' title="bbox 284 5571 1861 5641; baseline -0.005 -11"><span class='ocrx_word' id='word_1_788' title='bbox 284 5593 391 5632; x_wconf 90' lang='lat' dir='ltr'><strong>nus</strong></span> <span class='ocrx_word' id='word_1_789' title='bbox 417 5571 602 5630; x_wconf 82' lang='lat' dir='ltr'><strong>contra</strong></span> <span class='ocrx_word' id='word_1_790' title='bbox 627 5575 900 5635; x_wconf 67' lang='lat' dir='ltr'><strong>Adimam,</strong></span> <span class='ocrx_word' id='word_1_791' title='bbox 925 5571 1048 5641; x_wconf 76' lang='lat' dir='ltr'><strong>cap.</strong></span> <span class='ocrx_word' id='word_1_792' title='bbox 1065 5572 1096 5625; x_wconf 86' lang='lat'><strong>9</strong></span> <span class='ocrx_word' id='word_1_793' title='bbox 1119 5587 1130 5622; x_wconf 90' lang='lat'>:</span> <span class='ocrx_word' id='word_1_794' title='bbox 1151 5571 1287 5637; x_wconf 84' lang='lat' dir='ltr'><strong>Quia</strong></span> <span class='ocrx_word' id='word_1_795' title='bbox 1309 5572 1417 5640; x_wconf 85' lang='lat' dir='ltr'><strong>ipse</strong></span> <span class='ocrx_word' id='word_1_796' title='bbox 1446 5571 1861 5640; x_wconf 80' lang='lat' dir='ltr'><strong>Filius,inquit,</strong></span> 
     </span>
    </p>
   </div>
   <div class='ocr_carea' id='block_1_101' title="bbox 282 5641 1861 5718">
    <p class='ocr_par' dir='ltr' id='par_1_101' title="bbox 282 5641 1861 5718">
     <span class='ocr_line' id='line_1_101' title="bbox 282 5641 1861 5718; baseline -0.004 -19"><span class='ocrx_word' id='word_1_797' title='bbox 282 5648 372 5718; x_wconf 85' lang='lat' dir='ltr'><strong>qui</strong></span> <span class='ocrx_word' id='word_1_798' title='bbox 391 5657 469 5702; x_wconf 84' lang='lat' dir='ltr'><strong>est</strong></span> <span class='ocrx_word' id='word_1_799' title='bbox 505 5646 725 5700; x_wconf 83' lang='lat' dir='ltr'><strong>Verbum</strong></span> <span class='ocrx_word' id='word_1_800' title='bbox 741 5645 854 5706; x_wconf 87' lang='lat' dir='ltr'><strong>Dei,</strong></span> <span class='ocrx_word' id='word_1_801' title='bbox 876 5660 976 5696; x_wconf 82' lang='lat' dir='ltr'><strong>non</strong></span> <span class='ocrx_word' id='word_1_802' title='bbox 995 5643 1165 5718; x_wconf 73' lang='lat' dir='ltr'><strong>solum</strong></span> <span class='ocrx_word' id='word_1_803' title='bbox 1194 5643 1500 5718; x_wconf 75' lang='lat' dir='ltr'><strong>novissimis</strong></span> <span class='ocrx_word' id='word_1_804' title='bbox 1518 5641 1861 5718; x_wconf 76' lang='lat' dir='ltr'><strong>temporibus,</strong></span> 
     </span>
    </p>
   </div>
   <div class='ocr_carea' id='block_1_102' title="bbox 285 5712 1859 5784">
    <p class='ocr_par' dir='ltr' id='par_1_102' title="bbox 285 5712 1859 5784">
     <span class='ocr_line' id='line_1_102' title="bbox 285 5712 1859 5784; baseline -0.004 -12"><span class='ocrx_word' id='word_1_805' title='bbox 285 5712 402 5772; x_wconf 60' lang='lat' dir='ltr'><strong>eum</strong></span> <span class='ocrx_word' id='word_1_806' title='bbox 439 5719 493 5773; x_wconf 86' lang='lat' dir='ltr'><strong>in</strong></span> <span class='ocrx_word' id='word_1_807' title='bbox 527 5734 683 5772; x_wconf 86' lang='lat' dir='ltr'><strong>carne</strong></span> <span class='ocrx_word' id='word_1_808' title='bbox 723 5731 974 5784; x_wconf 83' lang='lat' dir='ltr'><strong>apparere</strong></span> <span class='ocrx_word' id='word_1_809' title='bbox 1002 5713 1250 5783; x_wconf 83' lang='lat' dir='ltr'><strong>dignatus</strong></span> <span class='ocrx_word' id='word_1_810' title='bbox 1283 5723 1380 5779; x_wconf 79' lang='lat' dir='ltr'><strong>est,</strong></span> <span class='ocrx_word' id='word_1_811' title='bbox 1413 5714 1500 5768; x_wconf 81' lang='lat' dir='ltr'><strong>sed</strong></span> <span class='ocrx_word' id='word_1_812' title='bbox 1527 5713 1688 5767; x_wconf 86' lang='lat' dir='ltr'><strong>etiam</strong></span> <span class='ocrx_word' id='word_1_813' title='bbox 1711 5712 1859 5779; x_wconf 85' lang='lat' dir='ltr'><strong>prius</strong></span> 
     </span>
    </p>
   </div>
   <div class='ocr_carea' id='block_1_103' title="bbox 611 5802 1276 5866">
    <p class='ocr_par' dir='ltr' id='par_1_103' title="bbox 611 5802 1276 5866">
     <span class='ocr_line' id='line_1_103' title="bbox 611 5802 1276 5866; baseline -0.003 0"><span class='ocrx_word' id='word_1_814' title='bbox 611 5807 881 5866; x_wconf 76' lang='grc' dir='ltr'><strong>Ριιτιιοι..</strong></span> <span class='ocrx_word' id='word_1_815' title='bbox 925 5803 1042 5864; x_wconf 81' lang='lat' dir='ltr'><strong>Gn.</strong></span> <span class='ocrx_word' id='word_1_816' title='bbox 1085 5802 1276 5864; x_wconf 74' lang='lat' dir='ltr'><strong>XLII.</strong></span> 
     </span>
    </p>
   </div>
   <div class='ocr_carea' id='block_1_104' title="bbox 2043 4176 3567 4249">
    <p class='ocr_par' dir='ltr' id='par_1_104' title="bbox 2043 4176 3567 4249">
     <span class='ocr_line' id='line_1_104' title="bbox 2043 4176 3567 4249; baseline 0.001 -17"><span class='ocrx_word' id='word_1_817' title='bbox 2043 4177 2207 4234; x_wconf 81' lang='lat' dir='ltr'><strong>XLII.</strong></span> <span class='ocrx_word' id='word_1_818' title='bbox 2249 4176 2366 4232; x_wconf 87' lang='lat' dir='ltr'><strong>Jam</strong></span> <span class='ocrx_word' id='word_1_819' title='bbox 2398 4193 2528 4234; x_wconf 86' lang='lat' dir='ltr'><strong>vero</strong></span> <span class='ocrx_word' id='word_1_820' title='bbox 2585 4178 2999 4249; x_wconf 79' lang='lat' dir='ltr'><strong>progredientes</strong></span> <span class='ocrx_word' id='word_1_821' title='bbox 3047 4194 3234 4248; x_wconf 91' lang='lat' dir='ltr'><strong>porro,</strong></span> <span class='ocrx_word' id='word_1_822' title='bbox 3288 4185 3342 4236; x_wconf 91' lang='lat' dir='ltr'><strong>et</strong></span> <span class='ocrx_word' id='word_1_823' title='bbox 3387 4179 3454 4233; x_wconf 90' lang='lat' dir='ltr'><strong>ad</strong></span> <span class='ocrx_word' id='word_1_824' title='bbox 3501 4195 3567 4234; x_wconf 88' lang='lat' dir='ltr'><strong>ea</strong></span> 
     </span>
    </p>
   </div>
   <div class='ocr_carea' id='block_1_105' title="bbox 1971 4273 3566 4342">
    <p class='ocr_par' dir='ltr' id='par_1_105' title="bbox 1971 4273 3566 4342">
     <span class='ocr_line' id='line_1_105' title="bbox 1971 4273 3566 4342; baseline 0.003 -19"><span class='ocrx_word' id='word_1_825' title='bbox 1971 4287 2092 4341; x_wconf 72' lang='lat' dir='ltr'><strong>qua:</strong></span> <span class='ocrx_word' id='word_1_826' title='bbox 2141 4282 2452 4341; x_wconf 88' lang='lat' dir='ltr'><strong>sequuntur</strong></span> <span class='ocrx_word' id='word_1_827' title='bbox 2495 4273 2758 4342; x_wconf 82' lang='lat' dir='ltr'><strong>deinceps</strong></span> <span class='ocrx_word' id='word_1_828' title='bbox 2789 4280 3167 4338; x_wconf 86' lang='lat' dir='ltr'><strong>transeuntes,</strong></span> <span class='ocrx_word' id='word_1_829' title='bbox 3199 4273 3334 4330; x_wconf 90' lang='lat' dir='ltr'><strong>nihil</strong></span> <span class='ocrx_word' id='word_1_830' title='bbox 3370 4289 3566 4330; x_wconf 89' lang='lat' dir='ltr'><strong>eorum</strong></span> 
     </span>
    </p>
   </div>
   <div class='ocr_carea' id='block_1_106' title="bbox 1960 4431 2646 4500">
    <p class='ocr_par' dir='ltr' id='par_1_106' title="bbox 1960 4431 2646 4500">
     <span class='ocr_line' id='line_1_106' title="bbox 1960 4431 2646 4500; baseline 0.006 -15"><span class='ocrx_word' id='word_1_831' title='bbox 1960 4433 1981 4461; x_wconf 71' lang='grc'><strong>⁸</strong></span> <span class='ocrx_word' id='word_1_832' title='bbox 2004 4431 2192 4485; x_wconf 80' lang='lat' dir='ltr'><strong>Matth.</strong></span> <span class='ocrx_word' id='word_1_833' title='bbox 2223 4448 2308 4500; x_wconf 86' lang='grc' dir='ltr'><strong>ιιι,</strong></span> <span class='ocrx_word' id='word_1_834' title='bbox 2340 4433 2393 4488; x_wconf 82' lang='grc'><strong>5.</strong></span> <span class='ocrx_word' id='word_1_835' title='bbox 2471 4436 2490 4466; x_wconf 83' lang='grc'><strong><em>⁵</em></strong></span> <span class='ocrx_word' id='word_1_836' title='bbox 2518 4435 2646 4490; x_wconf 87' lang='lat' dir='ltr'><strong>ibid.</strong></span> 
     </span>
    </p>
   </div>
   <div class='ocr_carea' id='block_1_107' title="bbox 1413 4585 3570 4653">
    <p class='ocr_par' dir='ltr' id='par_1_107' title="bbox 1413 4585 3570 4653">
     <span class='ocr_line' id='line_1_107' title="bbox 1413 4585 3570 4653; baseline 0.005 -15"><span class='ocrx_word' id='word_1_837' title='bbox 1413 4585 1607 4639; x_wconf 91' lang='lat' dir='ltr'><strong>uadam</strong></span> <span class='ocrx_word' id='word_1_838' title='bbox 1654 4585 1867 4640; x_wconf 84' lang='lat' dir='ltr'><strong>ratione</strong></span> <span class='ocrx_word' id='word_1_839' title='bbox 1903 4592 1943 4645; x_wconf 94' lang='lat' dir='ltr'><strong>D</strong></span> <span class='ocrx_word' id='word_1_840' title='bbox 1976 4604 2006 4640; x_wconf 85' lang='grc' dir='ltr'><strong>(ι</strong></span> <span class='ocrx_word' id='word_1_841' title='bbox 2041 4588 2414 4648; x_wconf 71' lang='lat' dir='ltr'><strong>constitutione</strong></span> <span class='ocrx_word' id='word_1_842' title='bbox 2447 4589 2650 4653; x_wconf 86' lang='lat' dir='ltr'><strong>mundi,</strong></span> <span class='ocrx_word' id='word_1_843' title='bbox 2685 4592 2772 4644; x_wconf 83' lang='lat' dir='ltr'><strong>cui</strong></span> <span class='ocrx_word' id='word_1_844' title='bbox 2803 4591 2963 4645; x_wconf 86' lang='lat' dir='ltr'><strong>voluit</strong></span> <span class='ocrx_word' id='word_1_845' title='bbox 2998 4591 3064 4646; x_wconf 90' lang='lat' dir='ltr'><strong>de</strong></span> <span class='ocrx_word' id='word_1_846' title='bbox 3092 4591 3256 4646; x_wconf 82' lang='lat' dir='ltr'><strong>Patre</strong></span> <span class='ocrx_word' id='word_1_847' title='bbox 3286 4595 3570 4648; x_wconf 82' lang='lat' dir='ltr'><strong>amnmtia—</strong></span> 
     </span>
    </p>
   </div>
   <div class='ocr_carea' id='block_1_108' title="bbox 1973 4659 3571 4734">
    <p class='ocr_par' dir='ltr' id='par_1_108' title="bbox 1973 4659 3571 4734">
     <span class='ocr_line' id='line_1_108' title="bbox 1973 4659 3571 4734; baseline 0.006 -24"><span class='ocrx_word' id='word_1_848' title='bbox 1973 4659 2063 4720; x_wconf 74' lang='lat' dir='ltr'><strong>vit,</strong></span> <span class='ocrx_word' id='word_1_849' title='bbox 2083 4659 2185 4710; x_wconf 77' lang='lat' dir='ltr'><strong>sive</strong></span> <span class='ocrx_word' id='word_1_850' title='bbox 2201 4659 2478 4728; x_wconf 82' lang='lat' dir='ltr'><strong>loquendo,</strong></span> <span class='ocrx_word' id='word_1_851' title='bbox 2502 4661 2606 4734; x_wconf 69' lang='lat' dir='ltr'><strong>sire</strong></span> <span class='ocrx_word' id='word_1_852' title='bbox 2623 4663 2944 4730; x_wconf 67' lang='lat' dir='ltr'><strong>apparando,</strong></span> <span class='ocrx_word' id='word_1_853' title='bbox 2963 4664 3036 4715; x_wconf 81' lang='lat' dir='ltr'><strong>rel</strong></span> <span class='ocrx_word' id='word_1_854' title='bbox 3065 4681 3156 4732; x_wconf 84' lang='lat' dir='ltr'><strong>per</strong></span> <span class='ocrx_word' id='word_1_855' title='bbox 3169 4665 3458 4734; x_wconf 82' lang='lat' dir='ltr'><strong>angelicam</strong></span> <span class='ocrx_word' id='word_1_856' title='bbox 3474 4668 3571 4719; x_wconf 77' lang='lat' dir='ltr'><strong>alr-</strong></span> 
     </span>
    </p>
   </div>
   <div class='ocr_carea' id='block_1_109' title="bbox 1971 4731 3566 4802">
    <p class='ocr_par' dir='ltr' id='par_1_109' title="bbox 1971 4731 3566 4802">
     <span class='ocr_line' id='line_1_109' title="bbox 1971 4731 3566 4802; baseline 0.008 -23"><span class='ocrx_word' id='word_1_857' title='bbox 1971 4743 2127 4797; x_wconf 69' lang='lat' dir='ltr'><strong>qutim</strong></span> <span class='ocrx_word' id='word_1_858' title='bbox 2145 4739 2477 4802; x_wconf 70' lang='lat' dir='ltr'><strong>potestatem,</strong></span> <span class='ocrx_word' id='word_1_859' title='bbox 2498 4731 2575 4784; x_wconf 82' lang='lat' dir='ltr'><strong>rel</strong></span> <span class='ocrx_word' id='word_1_860' title='bbox 2591 4747 2681 4800; x_wconf 84' lang='lat' dir='ltr'><strong>per</strong></span> <span class='ocrx_word' id='word_1_861' title='bbox 2694 4734 2982 4802; x_wconf 83' lang='lat' dir='ltr'><strong>quamlibet</strong></span> <span class='ocrx_word' id='word_1_862' title='bbox 3001 4731 3324 4796; x_wconf 74' lang='lat' dir='ltr'><strong>creaturam.</strong></span> <span class='ocrx_word' id='word_1_863' title='bbox 3343 4739 3566 4792; x_wconf 63' lang='lat' dir='ltr'><strong>ethed</strong></span> 
     </span>
    </p>
   </div>
   <div class='ocr_carea' id='block_1_110' title="bbox 1975 4800 3566 4874">
    <p class='ocr_par' dir='ltr' id='par_1_110' title="bbox 1975 4800 3566 4874">
     <span class='ocr_line' id='line_1_110' title="bbox 1975 4800 3566 4874; baseline 0.008 -26"><span class='ocrx_word' id='word_1_864' title='bbox 1975 4815 2096 4874; x_wconf 52' lang='lat' dir='ltr'><strong>eam</strong></span> <span class='ocrx_word' id='word_1_865' title='bbox 2125 4800 2488 4874; x_wconf 65' lang='lat' dir='ltr'><strong>quaestionem</strong></span> <span class='ocrx_word' id='word_1_866' title='bbox 2522 4800 2746 4874; x_wconf 85' lang='lat' dir='ltr'><strong>uberius</strong></span> <span class='ocrx_word' id='word_1_867' title='bbox 2775 4805 2998 4874; x_wconf 61' lang='lat' dir='ltr'><strong>exponit</strong></span> <span class='ocrx_word' id='word_1_868' title='bbox 3037 4805 3126 4858; x_wconf 89' lang='lat' dir='ltr'><strong>lib.</strong></span> <span class='ocrx_word' id='word_1_869' title='bbox 3163 4821 3222 4868; x_wconf 89' lang='grc' dir='ltr'><strong>ιι,</strong></span> <span class='ocrx_word' id='word_1_870' title='bbox 3262 4805 3338 4859; x_wconf 84' lang='lat' dir='ltr'><strong>De</strong></span> <span class='ocrx_word' id='word_1_871' title='bbox 3370 4807 3566 4860; x_wconf 86' lang='lat' dir='ltr'><strong>&#39;I&#39;rm.t.</strong></span> 
     </span>
    </p>
   </div>
   <div class='ocr_carea' id='block_1_111' title="bbox 1977 4867 3563 4945">
    <p class='ocr_par' dir='ltr' id='par_1_111' title="bbox 1977 4867 3563 4945">
     <span class='ocr_line' id='line_1_111' title="bbox 1977 4867 3563 4945; baseline 0.008 -25"><span class='ocrx_word' id='word_1_872' title='bbox 1977 4867 2165 4945; x_wconf 64' lang='lat' dir='ltr'><strong>Redeo</strong></span> <span class='ocrx_word' id='word_1_873' title='bbox 2193 4873 2260 4922; x_wconf 87' lang='lat' dir='ltr'><strong>ad</strong></span> <span class='ocrx_word' id='word_1_874' title='bbox 2297 4869 2688 4945; x_wconf 77' lang='lat' dir='ltr'><strong>Epiphanium,</strong></span> <span class='ocrx_word' id='word_1_875' title='bbox 2718 4877 2811 4943; x_wconf 89' lang='lat' dir='ltr'><strong>qui</strong></span> <span class='ocrx_word' id='word_1_876' title='bbox 2845 4867 3061 4942; x_wconf 70' lang='grc' dir='ltr'><strong>ἐγένετο</strong></span> <span class='ocrx_word' id='word_1_877' title='bbox 3091 4875 3194 4945; x_wconf 85' lang='lat' dir='ltr'><strong>(sic</strong></span> <span class='ocrx_word' id='word_1_878' title='bbox 3212 4867 3370 4930; x_wconf 81' lang='lat' dir='ltr'><strong>enim</strong></span> <span class='ocrx_word' id='word_1_879' title='bbox 3411 4879 3563 4943; x_wconf 72' lang='lat' dir='ltr'><strong>legit.</strong></span> 
     </span>
    </p>
   </div>
   <div class='ocr_carea' id='block_1_112' title="bbox 1977 4939 3565 5015">
    <p class='ocr_par' dir='ltr' id='par_1_112' title="bbox 1977 4939 3565 5015">
     <span class='ocr_line' id='line_1_112' title="bbox 1977 4939 3565 5015; baseline 0.004 -25"><span class='ocrx_word' id='word_1_880' title='bbox 1977 4955 2087 5015; x_wconf 70' lang='lat' dir='ltr'><strong>pro</strong></span> <span class='ocrx_word' id='word_1_881' title='bbox 2104 4939 2353 5015; x_wconf 70' lang='grc' dir='ltr'><strong>γέγονεν)</strong></span> <span class='ocrx_word' id='word_1_882' title='bbox 2383 4941 2522 5015; x_wconf 78' lang='lat' dir='ltr'><strong>idem</strong></span> <span class='ocrx_word' id='word_1_883' title='bbox 2561 4959 2683 5015; x_wconf 79' lang='lat' dir='ltr'><strong>esse</strong></span> <span class='ocrx_word' id='word_1_884' title='bbox 2733 4939 2895 5011; x_wconf 59' lang='lat' dir='ltr'><strong>{uitat</strong></span> <span class='ocrx_word' id='word_1_885' title='bbox 2916 4955 3080 5015; x_wconf 83' lang='lat' dir='ltr'><strong>atque</strong></span> <span class='ocrx_word' id='word_1_886' title='bbox 3100 4939 3110 4945; x_wconf 67' lang='grc'>’</span> <span class='ocrx_word' id='word_1_887' title='bbox 3133 4947 3349 5000; x_wconf 84' lang='lat' dir='ltr'><strong>accessit</strong></span> <span class='ocrx_word' id='word_1_888' title='bbox 3381 4957 3433 4998; x_wconf 86' lang='lat' dir='ltr'><strong>et</strong></span> <span class='ocrx_word' id='word_1_889' title='bbox 3464 4939 3565 4998; x_wconf 66' lang='lat' dir='ltr'><strong>ru!-</strong></span> 
     </span>
    </p>
   </div>
   <div class='ocr_carea' id='block_1_113' title="bbox 1975 5010 3562 5085">
    <p class='ocr_par' dir='ltr' id='par_1_113' title="bbox 1975 5010 3562 5085">
     <span class='ocr_line' id='line_1_113' title="bbox 1975 5010 3562 5085; baseline 0.006 -25"><span class='ocrx_word' id='word_1_890' title='bbox 1975 5010 2130 5085; x_wconf 76' lang='lat' dir='ltr'><strong>venit.</strong></span> <span class='ocrx_word' id='word_1_891' title='bbox 2160 5011 2315 5085; x_wconf 81' lang='lat' dir='ltr'><strong>Quod</strong></span> <span class='ocrx_word' id='word_1_892' title='bbox 2361 5013 2491 5064; x_wconf 89' lang='lat' dir='ltr'><strong>mihi</strong></span> <span class='ocrx_word' id='word_1_893' title='bbox 2530 5010 2746 5085; x_wconf 85' lang='lat' dir='ltr'><strong>quidem</strong></span> <span class='ocrx_word' id='word_1_894' title='bbox 2807 5027 2914 5068; x_wconf 87' lang='grc' dir='ltr'><strong>ιιοιι</strong></span> <span class='ocrx_word' id='word_1_895' title='bbox 2953 5010 3165 5085; x_wconf 70' lang='lat' dir='ltr'><strong>probat.</strong></span> <span class='ocrx_word' id='word_1_896' title='bbox 3201 5019 3281 5071; x_wconf 89' lang='lat' dir='ltr'><strong>Ac</strong></span> <span class='ocrx_word' id='word_1_897' title='bbox 3311 5019 3354 5069; x_wconf 92' lang='lat' dir='ltr'><strong>si</strong></span> <span class='ocrx_word' id='word_1_898' title='bbox 3388 5017 3562 5070; x_wconf 69' lang='lat' dir='ltr'><strong>Gian-i</strong></span> 
     </span>
    </p>
   </div>
   <div class='ocr_carea' id='block_1_114' title="bbox 1975 5081 3561 5155">
    <p class='ocr_par' dir='ltr' id='par_1_114' title="bbox 1975 5081 3561 5155">
     <span class='ocr_line' id='line_1_114' title="bbox 1975 5081 3561 5155; baseline 0.004 -25"><span class='ocrx_word' id='word_1_899' title='bbox 1975 5081 2228 5155; x_wconf 81' lang='lat' dir='ltr'><strong>vocabuli</strong></span> <span class='ocrx_word' id='word_1_900' title='bbox 2259 5081 2364 5134; x_wconf 68' lang='lat' dir='ltr'><strong>vim</strong></span> <span class='ocrx_word' id='word_1_901' title='bbox 2398 5084 2737 5155; x_wconf 84' lang='lat' dir='ltr'><strong>consideres,</strong></span> <span class='ocrx_word' id='word_1_902' title='bbox 2775 5081 2966 5155; x_wconf 81' lang='grc' dir='ltr'><strong>γέγονέ</strong></span> <span class='ocrx_word' id='word_1_903' title='bbox 2997 5089 3137 5142; x_wconf 89' lang='lat' dir='ltr'><strong>idem</strong></span> <span class='ocrx_word' id='word_1_904' title='bbox 3187 5102 3312 5141; x_wconf 89' lang='lat' dir='ltr'><strong>esse</strong></span> <span class='ocrx_word' id='word_1_905' title='bbox 3361 5099 3561 5154; x_wconf 80' lang='lat' dir='ltr'><strong>pou-st,</strong></span> 
     </span>
    </p>
   </div>
   <div class='ocr_carea' id='block_1_115' title="bbox 1978 5151 3562 5229">
    <p class='ocr_par' dir='ltr' id='par_1_115' title="bbox 1978 5151 3562 5229">
     <span class='ocr_line' id='line_1_115' title="bbox 1978 5151 3562 5229; baseline 0.006 -29"><span class='ocrx_word' id='word_1_906' title='bbox 1978 5164 2041 5229; x_wconf 79' lang='lat' dir='ltr'><strong>ac</strong></span> <span class='ocrx_word' id='word_1_907' title='bbox 2075 5151 2386 5216; x_wconf 85' lang='lat' dir='ltr'><strong>productus.</strong></span> <span class='ocrx_word' id='word_1_908' title='bbox 2417 5153 2497 5229; x_wconf 66' lang='lat' dir='ltr'><strong>vel</strong></span> <span class='ocrx_word' id='word_1_909' title='bbox 2520 5155 2724 5222; x_wconf 77' lang='lat' dir='ltr'><strong>genitus</strong></span> <span class='ocrx_word' id='word_1_910' title='bbox 2752 5151 3030 5226; x_wconf 67' lang='lat' dir='ltr'><strong>estfqund</strong></span> <span class='ocrx_word' id='word_1_911' title='bbox 3072 5157 3164 5212; x_wconf 86' lang='lat' dir='ltr'><strong>Dei</strong></span> <span class='ocrx_word' id='word_1_912' title='bbox 3199 5156 3336 5209; x_wconf 85' lang='lat' dir='ltr'><strong>Filio</strong></span> <span class='ocrx_word' id='word_1_913' title='bbox 3359 5151 3562 5229; x_wconf 58' lang='lat' dir='ltr'><strong>conver-</strong></span> 
     </span>
    </p>
   </div>
   <div class='ocr_carea' id='block_1_116' title="bbox 1981 5221 3560 5295">
    <p class='ocr_par' dir='ltr' id='par_1_116' title="bbox 1981 5221 3560 5295">
     <span class='ocr_line' id='line_1_116' title="bbox 1981 5221 3560 5295; baseline 0.006 -24"><span class='ocrx_word' id='word_1_914' title='bbox 1981 5221 2090 5283; x_wconf 86' lang='lat' dir='ltr'><strong>nit;</strong></span> <span class='ocrx_word' id='word_1_915' title='bbox 2116 5235 2239 5274; x_wconf 91' lang='lat' dir='ltr'><strong>nam</strong></span> <span class='ocrx_word' id='word_1_916' title='bbox 2272 5231 2399 5275; x_wconf 88' lang='lat' dir='ltr'><strong>ante</strong></span> <span class='ocrx_word' id='word_1_917' title='bbox 2422 5221 2688 5295; x_wconf 81' lang='lat' dir='ltr'><strong>Joannem</strong></span> <span class='ocrx_word' id='word_1_918' title='bbox 2721 5221 2939 5295; x_wconf 68' lang='lat' dir='ltr'><strong>genitus</strong></span> <span class='ocrx_word' id='word_1_919' title='bbox 2970 5238 3085 5292; x_wconf 88' lang='lat' dir='ltr'><strong>est;</strong></span> <span class='ocrx_word' id='word_1_920' title='bbox 3112 5236 3206 5281; x_wconf 90' lang='lat' dir='ltr'><strong>aut</strong></span> <span class='ocrx_word' id='word_1_921' title='bbox 3240 5237 3385 5280; x_wconf 92' lang='lat' dir='ltr'><strong>certe</strong></span> <span class='ocrx_word' id='word_1_922' title='bbox 3416 5228 3560 5281; x_wconf 87' lang='lat' dir='ltr'><strong>idem</strong></span> 
     </span>
    </p>
   </div>
   <div class='ocr_carea' id='block_1_117' title="bbox 1979 5294 3558 5366">
    <p class='ocr_par' dir='ltr' id='par_1_117' title="bbox 1979 5294 3558 5366">
     <span class='ocr_line' id='line_1_117' title="bbox 1979 5294 3558 5366; baseline 0.007 -27"><span class='ocrx_word' id='word_1_923' title='bbox 1979 5298 2078 5366; x_wconf 57' lang='grc' dir='ltr'><strong>ςμι,</strong></span> <span class='ocrx_word' id='word_1_924' title='bbox 2109 5299 2274 5359; x_wconf 85' lang='lat' dir='ltr'><strong>atque</strong></span> <span class='ocrx_word' id='word_1_925' title='bbox 2301 5294 2638 5366; x_wconf 21' lang='lat' dir='ltr'><strong>exstititzAt</strong></span> <span class='ocrx_word' id='word_1_926' title='bbox 2678 5294 2867 5351; x_wconf 83' lang='lat' dir='ltr'><strong>noster</strong></span> <span class='ocrx_word' id='word_1_927' title='bbox 2919 5299 3191 5366; x_wconf 88' lang='lat' dir='ltr'><strong>interpres</strong></span> <span class='ocrx_word' id='word_1_928' title='bbox 3227 5297 3333 5350; x_wconf 86' lang='lat' dir='ltr'><strong>alio</strong></span> <span class='ocrx_word' id='word_1_929' title='bbox 3366 5313 3558 5360; x_wconf 88' lang='lat' dir='ltr'><strong>sensu,</strong></span> 
     </span>
    </p>
   </div>
   <div class='ocr_carea' id='block_1_118' title="bbox 1969 5360 3561 5440">
    <p class='ocr_par' dir='ltr' id='par_1_118' title="bbox 1969 5360 3561 5440">
     <span class='ocr_line' id='line_1_118' title="bbox 1969 5360 3561 5440; baseline 0.008 -30"><span class='ocrx_word' id='word_1_930' title='bbox 1969 5360 2145 5440; x_wconf 56' lang='lat' dir='ltr'><strong>[actus</strong></span> <span class='ocrx_word' id='word_1_931' title='bbox 2179 5371 2277 5425; x_wconf 76' lang='lat' dir='ltr'><strong>est,</strong></span> <span class='ocrx_word' id='word_1_932' title='bbox 2313 5365 2495 5440; x_wconf 75' lang='lat' dir='ltr'><strong>vertit.</strong></span> <span class='ocrx_word' id='word_1_933' title='bbox 2532 5364 2798 5440; x_wconf 72' lang='lat' dir='ltr'><strong>Quasiid</strong></span> <span class='ocrx_word' id='word_1_934' title='bbox 2844 5368 2973 5440; x_wconf 84' lang='lat' dir='ltr'><strong>velit</strong></span> <span class='ocrx_word' id='word_1_935' title='bbox 3004 5360 3438 5440; x_wconf 8' lang='lat' dir='ltr'><strong>Joanneszgglnte</strong></span> <span class='ocrx_word' id='word_1_936' title='bbox 3478 5385 3561 5422; x_wconf 83' lang='lat' dir='ltr'><strong>me</strong></span> 
     </span>
    </p>
   </div>
   <div class='ocr_carea' id='block_1_119' title="bbox 1969 5434 3561 5511">
    <p class='ocr_par' dir='ltr' id='par_1_119' title="bbox 1969 5434 3561 5511">
     <span class='ocr_line' id='line_1_119' title="bbox 1969 5434 3561 5511; baseline 0.008 -29"><span class='ocrx_word' id='word_1_937' title='bbox 1969 5434 2142 5511; x_wconf 51' lang='lat' dir='ltr'><strong>(nctus</strong></span> <span class='ocrx_word' id='word_1_938' title='bbox 2179 5442 2280 5497; x_wconf 79' lang='lat' dir='ltr'><strong>est,</strong></span> <span class='ocrx_word' id='word_1_939' title='bbox 2317 5434 2368 5486; x_wconf 91' lang='lat' dir='ltr'><strong>id</strong></span> <span class='ocrx_word' id='word_1_940' title='bbox 2412 5444 2498 5511; x_wconf 82' lang='lat' dir='ltr'><strong>est</strong></span> <span class='ocrx_word' id='word_1_941' title='bbox 2541 5436 2736 5511; x_wconf 66' lang='lat' dir='ltr'><strong>majori</strong></span> <span class='ocrx_word' id='word_1_942' title='bbox 2765 5437 2998 5511; x_wconf 81' lang='lat' dir='ltr'><strong>quadam</strong></span> <span class='ocrx_word' id='word_1_943' title='bbox 3032 5438 3463 5511; x_wconf 79' lang='lat' dir='ltr'><strong>i_n_excellentia</strong></span> <span class='ocrx_word' id='word_1_944' title='bbox 3494 5455 3561 5496; x_wconf 89' lang='lat' dir='ltr'><strong>ac</strong></span> 
     </span>
    </p>
   </div>
   <div class='ocr_carea' id='block_1_120' title="bbox 1968 5502 3562 5578">
    <p class='ocr_par' dir='ltr' id='par_1_120' title="bbox 1968 5502 3562 5578">
     <span class='ocr_line' id='line_1_120' title="bbox 1968 5502 3562 5578; baseline 0.007 -26"><span class='ocrx_word' id='word_1_945' title='bbox 1968 5502 2234 5570; x_wconf 80' lang='lat' dir='ltr'><strong>dignitate</strong></span> <span class='ocrx_word' id='word_1_946' title='bbox 2258 5502 2838 5578; x_wconf 32' lang='lat' dir='ltr'><strong>constitutus.&#39;Pote&#39;st</strong></span> <span class='ocrx_word' id='word_1_947' title='bbox 2854 5514 2906 5561; x_wconf 87' lang='lat' dir='ltr'><strong>et</strong></span> <span class='ocrx_word' id='word_1_948' title='bbox 2927 5507 2992 5559; x_wconf 88' lang='lat' dir='ltr'><strong>ad</strong></span> <span class='ocrx_word' id='word_1_949' title='bbox 3015 5508 3252 5563; x_wconf 86' lang='lat' dir='ltr'><strong>divinam</strong></span> <span class='ocrx_word' id='word_1_950' title='bbox 3278 5511 3562 5578; x_wconf 78' lang='lat' dir='ltr'><strong>praedesti-</strong></span> 
     </span>
    </p>
   </div>
   <div class='ocr_carea' id='block_1_121' title="bbox 1969 5577 3559 5702">
    <p class='ocr_par' dir='ltr' id='par_1_121' title="bbox 1969 5577 3559 5702">
     <span class='ocr_line' id='line_1_121' title="bbox 1969 5577 3559 5702; baseline 0.01 -79"><span class='ocrx_word' id='word_1_951' title='bbox 1969 5579 2268 5696; x_wconf 47' lang='lat' dir='ltr'><strong>p‘ationem,</strong></span> <span class='ocrx_word' id='word_1_952' title='bbox 2310 5592 2372 5628; x_wconf 84' lang='lat' dir='ltr'><strong>ac</strong></span> <span class='ocrx_word' id='word_1_953' title='bbox 2416 5577 2749 5702; x_wconf 57' lang='grc' dir='ltr'><strong>τὶροορισμόν</strong></span> <span class='ocrx_word' id='word_1_954' title='bbox 2803 5578 3046 5632; x_wconf 85' lang='lat' dir='ltr'><strong>revocari</strong></span> <span class='ocrx_word' id='word_1_955' title='bbox 3075 5597 3088 5634; x_wconf 91' lang='lat'><strong>:</strong></span> <span class='ocrx_word' id='word_1_956' title='bbox 3121 5580 3188 5637; x_wconf 93' lang='lat' dir='ltr'><strong>de</strong></span> <span class='ocrx_word' id='word_1_957' title='bbox 3217 5577 3324 5651; x_wconf 83' lang='lat' dir='ltr'><strong>qua</strong></span> <span class='ocrx_word' id='word_1_958' title='bbox 3355 5579 3559 5639; x_wconf 77' lang='lat' dir='ltr'><strong>Paulus</strong></span> 
     </span>
     <span class='ocr_line' id='line_1_122' title="bbox 2019 5660 2474 5702; baseline 0.004 -6"><span class='ocrx_word' id='word_1_959' title='bbox 2019 5660 2124 5697; x_wconf 82' lang='lat' dir='ltr'><strong>oin.</strong></span> <span class='ocrx_word' id='word_1_960' title='bbox 2163 5661 2198 5702; x_wconf 86' lang='lat' dir='ltr'><strong>i.</strong></span> <span class='ocrx_word' id='word_1_961' title='bbox 2236 5661 2378 5700; x_wconf 88' lang='lat' dir='ltr'><strong>com.</strong></span> <span class='ocrx_word' id='word_1_962' title='bbox 2463 5686 2474 5698; x_wconf 96' lang='lat'><strong>.</strong></span> 
     </span>
    </p>
   </div>
   <div class='ocr_carea' id='block_1_122' title="bbox 2019 5660 2474 5709">
    <p class='ocr_par' dir='ltr' id='par_1_122' title="bbox 2019 5660 2474 5709">
     <span class='ocr_line' id='line_1_123' title="bbox 2019 5660 2474 5709; baseline 0.004 -13"><span class='ocrx_word' id='word_1_963' title='bbox 2019 5660 2124 5697; x_wconf 82' lang='lat' dir='ltr'><strong>oui.</strong></span> <span class='ocrx_word' id='word_1_964' title='bbox 2163 5661 2198 5709; x_wconf 90' lang='lat' dir='ltr'><strong>I,</strong></span> <span class='ocrx_word' id='word_1_965' title='bbox 2236 5661 2378 5700; x_wconf 87' lang='lat' dir='ltr'><strong>com.</strong></span> <span class='ocrx_word' id='word_1_966' title='bbox 2422 5660 2474 5702; x_wconf 71' lang='grc' dir='ltr'><strong>ιι.</strong></span> 
     </span>
    </p>
   </div>
   <div class='ocr_carea' id='block_1_123' title="bbox 3196 5817 3236 5882">
    <p class='ocr_par' dir='ltr' id='par_1_123' title="bbox 3196 5817 3236 5882">
     <span class='ocr_line' id='line_1_124' title="bbox 3196 5817 3236 5882; baseline 0 0"><span class='ocrx_word' id='word_1_967' title='bbox 3196 5817 3236 5882; x_wconf 87' lang='lat'><strong><em>9</em></strong></span> 
     </span>
    </p>
   </div>
  </div>
