3994 6226
406 255 519 312 9-67

1782 253 1838 309 S.
1883 252 2221 310 EPIPllANIl

3544 259 3660 318 268

408 374 881 446 pmtermittemus
932 387 1052 443 quae
1096 370 1161 426 ad
1216 371 1620 428 dissolvendum
1668 372 1825 428 initio
1858 388 1984 444 pro-

2089 377 2431 449 τεταγμένων
2470 360 2550 441 είς
2582 377 2851 440 ἐπίλυσιν,
2880 374 3015 431 ἀλλὰ
3050 369 3207 439 αὖθις
3250 374 3411 429 πάλιν
3458 376 3659 445 ἐπιλη-

414 466 719 537 posuimus,
772 464 865 520 sed
927 465 1313 535 consequentia
1359 465 1550 521 ordine
1610 472 1973 535 pertexemus.

410 555 487 609 Ex
533 557 640 610 alio
687 556 869 625 itaque
924 554 1045 609 loco
1080 555 1359 625 Opiniouis
1405 570 1517 611 suae
1559 555 1978 625 comprobandaa

406 656 785 720 argumentum
839 647 1061 703 eliciunt
1091 665 1103 700 :
1138 663 1204 702 ex
1249 661 1315 702 eo
1340 688 1354 712 ,
1386 646 1636 719 inquam,
1674 646 1819 718 quod
1881 645 1979 702 Pe-

407 751 526 797 trus
574 742 626 794 in
672 740 823 795 Actis
858 740 1229 811 apostolorum
1266 738 1476 795 dixisse
1519 738 1717 811 legitur
1747 757 1761 794 :
1797 737 1978 793 Mani-

405 835 596 904 Iestunt
628 835 694 888 sit
721 833 887 899 vobis,
923 834 1093 887 omnia
1131 832 1318 887 domus
1350 830 1543 898 Israel,
1572 834 1817 903 quoniam
1843 832 1979 887 hunc

402 926 608 988 Iesum.
650 942 799 995 quem
827 924 1194 993 rruci/ixistis,
1216 934 1266 978 et
1288 922 1593 990 Dominum,
1627 933 1677 979 et
1708 925 1977 980 Christum

405 1022 576 1087 ipsum
610 1017 748 1072 Deus
780 1016 901 1085 fecit
930 1017 969 1071 ⁸.
1002 1015 1210 1082 Quibus
1265 1016 1319 1071 in
1351 1014 1536 1071 verbis
1577 1015 1975 1071 observandum

405 1110 536 1164 illud
566 1116 807 1173 monent,
851 1105 994 1177 quod
1047 1105 1169 1175 fecit
1214 1106 1507 1173 scribatur,
1556 1119 1658 1162 nec
1700 1105 1767 1161 ad
1802 1104 1977 1176 ipsam

407 1199 732 1256 sententiam
764 1196 1069 1260 attendunt,
1098 1212 1219 1267 quae
1242 1197 1476 1269 seipsam
1502 1196 1764 1253 declarat.
1799 1195 1975 1263 Hunc,

408 1291 605 1361 inquit,
656 1288 859 1353 Iesum,
891 1297 950 1343 ut
997 1296 1330 1359 assumptam
1376 1303 1407 1343 a
1452 1286 1679 1345 Domino
1724 1298 1977 1345 naturam

407 1383 647 1438 hominis
679 1382 1037 1436 demonstret.
1064 1379 1199 1435 Nam
1223 1396 1288 1436 ex
1334 1380 1420 1437 his
1446 1379 1631 1436 verbis
1657 1397 1669 1435 :
1707 1380 1863 1435 Hune
1883 1379 1977 1435 Je-

407 1491 524 1530 aum
576 1491 727 1545 quem
782 1471 1149 1541 cruciﬁxistis,
1201 1471 1550 1542 perspicuum
1581 1480 1665 1528 est
1696 1471 1764 1527 de
1812 1486 1979 1527 carne

408 1569 497 1624 illa
536 1582 658 1622 esse
691 1580 1020 1630 sermonem,
1054 1579 1217 1635 quam
1269 1563 1357 1619 isti
1398 1563 1802 1619 crueilixerant.
1844 1563 1979 1619 Pro-

402 1671 591 1729 plcrea
642 1657 905 1717 Dominus
968 1656 1023 1711 in
1085 1655 1373 1727 Evangelio
1404 1671 1418 1707 :
1456 1654 1615 1711 Nunc
1649 1665 1845 1722 autem,
1876 1656 1974 1720 ait,

2081 470 2294 541 ᾠόμεθα
2336 470 2436 540 τῆς
2478 469 2817 532 ἀκολουθίας.
2863 466 3293 539 Προφασὶζονται
3332 466 3440 540 γὰρ
3486 466 3661 520 πάλιν

2082 563 2274 634 ἑτέραν
2303 563 2574 633 πρόφασιν
2605 562 2704 633 τὴν
2732 562 2837 615 ὑπὸ
2869 560 2962 614 τοῦ
2993 560 3147 629 ἁγίου
3181 560 3388 631 Πέτρου
3434 562 3492 617 ὲν
3531 562 3665 623 ταῖς

2082 654 2350 727 Πράξεσιν
2383 654 2679 726 εἰρημένην
2699 671 2713 686 ⁸
2745 654 2826 707 ὅτι
2850 653 3115 722 Φανερὸν
3150 654 3306 709 ἔστω
3329 652 3489 722 ὑμῖν,
3533 652 3666 717 πᾶς

2082 742 2248 811 οἶκος
2289 744 2551 814 Ἰσραὴλ,
2574 744 2663 798 ὅτι
2687 742 2902 799 τοῦτον
2923 742 3030 797 τὸν
3065 742 3309 809 Ἰησοῦν
3342 742 3415 795 ὃν
3435 741 3669 796 ἐσταυ-

2074 835 2331 905 ρώσατε,
2380 835 2480 889 καὶ
2515 838 2735 905 Κύριον
2772 834 2870 889 καὶ
2913 834 3175 903 Χριστὸν
3217 834 3402 888 αὐτὸν
3432 836 3465 887 ό
3503 831 3661 897 Θεὸς

2081 929 2353 997 ἐποίησε.
2380 928 2491 983 Καὶ
2518 927 2733 997 λέγουσι
2757 927 2939 993 πάλιν,
2963 927 3045 981 ὅτι
3068 926 3128 980 τὸ
3145 925 3382 980 ἐνταῦθα
3400 924 3666 991 ἐποίησε

2082 1021 2412 1092 γέγραπται.
2468 1021 2579 1079 Καὶ
2616 1019 2716 1090 οὐχ
2755 1019 2925 1091 ὁρῶσι
2967 1019 3031 1073 τὸ
3076 1018 3240 1089 ῥητὸν
3293 1017 3490 1087 (αὐτὸς
3543 1016 3667 1088 γὰρ

2085 1110 2261 1183 ἑαυτῷ
2288 1111 2347 1166 τὸ
2369 1111 2530 1184 ῥητὸν
2556 1110 2793 1183 μηνύει).
2826 1108 3050 1166 Τοῦτον
3099 1111 3209 1182 γὰρ
3252 1110 3360 1164 τὸν
3385 1108 3664 1176 Ἰησοῦν.

2084 1203 2171 1255 ἵνα
2189 1202 2405 1273 σημάνῃ
2425 1202 2524 1273 τὴν
2544 1200 2953 1273 ὲνανθρώπησιν
2978 1201 3205 1270 Κυρίου.
3250 1200 3381 1253 Ἀπὸ
3400 1198 3492 1252 τοῦ
3517 1196 3662 1267 γὰρ,

2090 1292 2309 1347 Τοῦτον
2328 1293 2435 1347 τὸν
2474 1291 2738 1359 Ἰησοῦν,
2766 1290 2840 1345 ὃν
2862 1289 3300 1359 ἐσταυρώσατε,
3343 1289 3580 1359 φανερόν
3609 1289 3667 1340 τί

2084 1387 2232 1439 ἐστιν
2259 1385 2340 1439 ὅτι
2374 1386 2440 1456 ἠν
2468 1383 2816 1453 ἐσταύρωσαν
2844 1382 3044 1454 σάρκα.
3088 1384 3277 1453 Σὰρκα
3317 1382 3423 1454 γὰρ
3458 1380 3668 1435 ἐσταύ-

2086 1493 2288 1549 ρωσαν.
2329 1477 2440 1532 Καὶ
2478 1477 2567 1532 διὰ
2594 1475 2753 1530 τοῦτο
2778 1477 2808 1529 ὁ
2841 1476 3044 1545 Κύριος
3084 1476 3147 1530 ὲν
3188 1475 3267 1546 τῷ
3298 1474 3626 1544 Εὐαγγελίῳ
3647 1488 3661 1501 ·

2082 1568 2213 1625 Νῦν
2240 1568 2307 1622 δὲ
2338 1568 2556 1636 ζητεῖτέ
2580 1585 2658 1638 με
2683 1567 3028 1623 ἀποκτεῖναι
3073 1566 3405 1636 ἄνθρωπον,
3443 1566 3510 1632 ὃς
3538 1566 3667 1633 τὴν

2084 1660 2375 1730 ἀλήθειαν
2413 1659 2555 1729 ὑμῖν
2590 1659 2887 1729 ἐλάλησα,
2932 1658 3014 1728 ἢν
3060 1658 3297 1728 ἤκουσα
3342 1658 3499 1726 παρὰ
3545 1658 3665 1711 τοῦ

407 1752 645 1822 quaeritis
682 1765 765 1804 me
805 1748 1095 1817 interﬁcere
1124 1747 1405 1811 hominem,
1452 1748 1543 1818 qui
1581 1748 1851 1803 veritatem
1895 1748 1978 1803 lo-

2089 1751 2310 1819 Πατρός
2342 1768 2482 1819 μου·
2515 1749 2631 1803 ἀλλ’
2668 1749 2731 1803 οὐ
2764 1749 2863 1819 τῆς
2900 1746 3365 1819 ὲνανθρωπήσεως
3405 1747 3668 1817 διορίζων

404 1854 561 1898 cutus
589 1858 704 1898 sum
734 1841 897 1905 vobis,
928 1858 1086 1911 quant
1110 1841 1287 1895 audivi
1336 1857 1372 1895 α
1410 1839 1573 1904 Ratre
1611 1857 1722 1895 meo
1742 1842 1785 1896 '.
1818 1841 1980 1913 765

404 1928 595 2005 Neque
645 1942 825 1987 tamen
857 1933 926 1987 ab
962 1932 1197 1987 humana
1256 1932 1348 1987 illa
1405 1941 1604 1989 natura
1643 1932 1981 1988 divinitatem

410 2027 698 2083 abstraxit.
724 2025 1002 2096 Siquidem
1026 2025 1141 2080 haec
1165 2025 1236 2081 ab
1255 2026 1345 2081 illa
1382 2025 1699 2084 imminente
1724 2025 1982 2097 passione

412 2127 662 2189 separata
723 2132 832 2172 non
890 2118 1010 2182 fuit,
1068 2132 1168 2172 nec
1205 2116 1260 2172 in
1317 2114 1434 2187 ipsa
1471 2114 1689 2171 demum
1726 2116 1984 2188 passione

409 2212 600 2267 eadem
637 2220 720 2264 est
770 2227 799 2263 τι
842 2208 1018 2264 Verbo
1049 2209 1138 2263 illa
1189 2208 1468 2264 derelicta.
1503 2207 1609 2263 Sed
1652 2223 1827 2279 neque
1847 2205 1983 2263 Ver-

414 2304 541 2357 bum
591 2300 865 2372 passionis
931 2299 1111 2355 omnis
1170 2314 1368 2370 expers
1425 2305 1582 2354 antea
1614 2313 1836 2369 passum
1872 2307 1979 2363 est,

411 2398 661 2468 quamvis
694 2399 747 2450 in
771 2411 931 2450 carne
971 2394 1207 2466 patiente
1243 2393 1526 2449 resideret.
1558 2392 1771 2450 Etenim
1794 2408 1900 2450 una
1929 2400 1985 2449 et

408 2491 599 2547 eadem
650 2488 939 2561 appellatio
986 2495 1096 2543 tam
1126 2486 1241 2554 Dei,
1272 2500 1436 2557 quam
1468 2486 1740 2561 ,hominis,
1779 2497 1985 2541 natura:

411 2598 541 2637 vere
577 2588 632 2636 et
660 2580 876 2651 proprie
900 2579 1175 2653 convenit,
1220 2592 1283 2632 ac
1315 2583 1428 2632 tam
1457 2557 1716 2647 suscepta
1747 2576 1984 2633 hominis

412 2691 443 2729 a
486 2673 663 2729 Verbo
689 2682 906 2737 natura,
934 2686 1098 2741 quam
1131 2667 1393 2725 Dominus
1419 2667 1473 2722 in
1507 2674 1787 2738 assumpta
1820 2682 1986 2725 carne

414 2766 722 2823 subsistens
745 2764 996 2818 Christus
1017 2760 1236 2816 dicitur.
1274 2757 1478 2815 Verum
1506 2772 1703 2830 passus
1730 2758 1785 2813 in
1815 2773 1984 2815 carne

414 2856 481 2910 ad
515 2870 641 2909 eum
682 2853 902 2908 modum
949 2850 1171 2917 dicitur,
1214 2864 1321 2921 quo
1372 2848 1565 2905 Petrus
1600 2849 1814 2905 locutus
1849 2855 1933 2905 est
1966 2868 1981 2905 :

411 2946 627 3003 Christo
644 2962 803 3015 passo
822 2961 919 3015 pro
946 2943 1092 3000 nobis
1121 2943 1174 2998 in
1202 2958 1359 2998 carne
1381 2942 1423 3009 ⁸,
1454 2957 1565 3013 quo
1597 2940 1892 2997 immunem
1916 2939 1985 2994 ab

2081 1844 2179 1916 τὴν
2216 1842 2465 1911 θεότητα.
2506 1842 2645 1897 Οὔτε
2691 1840 2801 1915 γὰρ
2847 1840 3008 1905 ἐκτὸς
3047 1843 3146 1910 τῆς
3188 1839 3666 1911 ὲνανθρωπήσεως

2083 1935 2328 2008 ὑπῆρχεν
2361 1938 2395 2010 ἡ
2429 1935 2639 2006 θεότης,
2684 1933 2919 2004 ὁπηνίκα
2945 1932 3133 2003 ἔμελλε
3160 1931 3409 2003 πάσχειν,
3438 1930 3565 1984 οὔτε
3602 1933 3667 1983 ὲν

2080 2028 2161 2099 τῷ
2189 2028 2416 2099 πάσχειν
2442 2025 2836 2097 ἐγκατελείφθη
2875 2024 2980 2079 ὑπὸ
3003 2024 3097 2078 τοῦ
3126 2025 3301 2094 Λόγου
3332 2025 3366 2095 ἡ
3393 2023 3666 2093 ἓνσαρκος

2083 2120 2375 2192 παρουσία.
2432 2118 2572 2174 Ἀλλ’
2616 2116 2741 2171 οὔτε
2783 2118 2811 2169 ὁ
2844 2115 3061 2189 ἀπαθὴς
3100 2116 3270 2185 Λόγος
3318 2114 3553 2169 πέπονθε
3596 2115 3668 2166 τὸ

2084 2214 2343 2286 πρότερον
2388 2213 2447 2266 ἐν
2497 2211 2660 2283 σαρκὶ
2701 2210 2778 2264 ὢν
2817 2212 2886 2281 τῇ
2936 2207 3241 2279 πασχούσῃ.
3288 2206 3509 2277 ’Δληθὲς
3545 2206 3668 2276 γάρ

2084 2308 2232 2359 ἐστιν
2270 2305 2355 2358 ἐπ’
2386 2304 2710 2374 ἀμφοτέρων
2736 2301 2797 2357 τὸ
2825 2302 2883 2355 ἓν
2919 2302 3120 2372 ὄνομα,
3152 2301 3209 2354 ἐν
3242 2317 3302 2353 τε
3329 2302 3395 2371 τῇ
3444 2300 3666 2368 θεότητι

2084 2399 2178 2453 καὶ
2208 2399 2265 2453 ὲν
2293 2398 2361 2467 τῇ
2389 2395 2757 2468 ἀνθρωπήσει.
2787 2392 3020 2465 Χριστὸς
3050 2391 3160 2462 γὰρ
3184 2394 3219 2462 ἡ
3247 2390 3667 2461 ὲνανθρὼπησις

2083 2487 2248 2544 αὐτοῦ
2293 2487 2388 2542 τοῦ
2428 2488 2636 2557 Λόγου,
2679 2486 2774 2542 καὶ
2800 2484 3031 2556 Χριστὸς
3061 2484 3263 2553 Κύριος
3301 2484 3358 2536 ὲν
3400 2483 3535 2552 αὐτῇ
3592 2484 3666 2550 τῇ

2084 2582 2332 2652 ὲνσάρκῳ
2364 2580 2656 2653 παρουσίᾳ.
2712 2576 2871 2632 Ἀλλὰ
2897 2577 2958 2631 τὸ
2999 2576 3097 2647 μὲν
3145 2574 3335 2628 παθεῖν
3368 2575 3423 2628 ὲν
3466 2574 3664 2642 σαρκὶ,

2085 2673 2267 2738 καθὼς
2303 2669 2424 2726 εἷπε
2468 2672 2709 2743 Πέτρος,
2754 2670 2837 2723 ὅτι
2878 2666 3136 2737 Χριστοῦ
3173 2667 3467 2730 παθόντος
3502 2664 3668 2730 ὑπὲρ

2086 2765 2254 2836 ἡμῶν
2280 2764 2484 2834 σαρκί,
2522 2765 2610 2819 ῐνα
2650 2762 2801 2835 δείξῃ
2824 2760 2923 2833 τὴν
2957 2759 3222 2815 ἀπάθειαν
3254 2760 3353 2830 τῆς
3379 2756 3663 2827 θεότητος·

2085 2859 2180 2913 καὶ
2213 2857 2395 2912 πάλιν·
2442 2853 2785 2911 Ἀποθανὼν
2824 2853 2895 2907 ἐν
2935 2850 3136 2921 σαρκί,
3183 2848 3564 2920 ζωογονηθεὶς
3594 2846 3670 2900 δὲ

2086 2949 2167 3017 τῷ
2205 2949 2522 3018 Πνεύματι.
2554 2945 2732 3002 Τοῦτο
2755 2947 2775 2978 ⁸
2813 2940 2905 3000 οὖν
2935 2944 3041 2999 τὸν
3087 2941 3320 3011 Ἰησοῦν
3341 2939 3413 2994 ὃν
3435 2939 3666 2993 ἐσταυ-

410 3040 561 3093 omni
608 3036 844 3109 patiendi
914 3035 1228 3094 conditione
1277 3033 1626 3091 Divinitatem
1691 3030 1981 3103 signiﬁcet.

2089 3041 2337 3113 ρώσατε,
2375 3040 2460 3094 ἵνα
2497 3038 2571 3110 μὴ
2608 3035 2952 3110 παραλειφθῇ
2986 3038 3018 3108 ἡ
3068 3034 3194 3104 ἁγία
3224 3032 3484 3103 ἔνσαρκος
3514 3032 3668 3084 obto-

413 3132 547 3186 ltem
582 3128 863 3185 :Hortuus
885 3130 939 3184 in
959 3144 1151 3203 came;
1178 3129 1471 3199 viviﬁcatus
1509 3134 1687 3181 autem
1724 3124 1917 3195 spiritu
1940 3123 1982 3177 ⁵.

414 3223 575 3293 Ergo,
606 3223 740 3277 hunc
766 3220 970 3288 letum,
1008 3238 1159 3293 quem
1190 3221 1554 3291 crucifixittis,
1574 3219 1697 3275 ideo
1729 3217 1887 3282 dixit,
1919 3231 1989 3273 ne

414 3330 445 3369 a
478 3315 749 3385 paSsionis
781 3326 832 3371 et
865 3315 1159 3370 creationis
1198 3320 1420 3384 experte
1450 3310 1629 3368 Verbo
1661 3310 1852 3365 relicta
1884 3309 1988 3363 hu—

416 3421 572 3461 mana
598 3414 789 3461 natura
821 3406 1090 3471 videatur,
1131 3405 1227 3461 sed
1259 3419 1382 3460 cum
1431 3403 1624 3459 eodem
1668 3402 1983 3474 conjuncta.

415 3500 497 3557 Oh
532 3500 585 3556 id
619 3498 908 3554 Dominum
942 3496 1330 3567 Christumque
1380 3494 1508 3550 fecit
1565 3494 1708 3551 Deus
1753 3494 1805 3550 id
1839 3494 1985 3566 quod

416 3608 479 3645 ex
510 3589 677 3643 Maria
712 3589 951 3659 genitum
990 3595 1131 3652 erat,
1184 3594 1241 3643 et
1278 3601 1403 3642 cum
1443 3584 1730 3641 divinitate
1761 3585 1987 3657 capula-

418 3693 554 3737 tum.
585 3681 700 3737 Non
736 3681 880 3737 enim
928 3678 1096 3735 Maria
1136 3679 1278 3736 Deus
1306 3678 1515 3737 exstitit
1544 3696 1562 3739 :
1594 3678 1738 3735 unde
1764 3679 1989 3735 verbum

419 3772 572 3835 illud,
604 3772 746 3839 fecit,
771 3756 894 3825 mox
919 3769 1144 3825 addidit.

489 3865 592 3920 Sed
623 3873 676 3919 et
706 3862 931 3934 angelus
957 3860 1173 3918 Gabriel
1202 3861 1555 3934 interroganti
1590 3859 1771 3917 Maria:
1800 3879 1814 3918 :
1846 3860 1984 3927 Quo-

420 3959 571 4013 modo
609 3958 697 4027 ρει
740 3955 903 4020 istud,
924 3954 1171 4025 quoniam
1216 3954 1383 4009 uirum
1431 3971 1534 4008 non
1575 3954 1865 4023 cognosco?
1904 3966 1991 4006 re-

418 4050 675 4121 spondit:
708 4046 938 4117 Spiritus
970 4044 1182 4099 Domini
1214 4044 1528 4113 superveniet
1564 4044 1618 4097 in
1650 4052 1717 4107 te,
1743 4051 1791 4097 et
1826 4043 1988 4096 virtus

415 4141 678 4198 Altissimi
704 4137 1032 4195 obumbrabit
1067 4147 1135 4193 te.
1182 4135 1407 4208 Ideoque
1444 4135 1580 4207 quod
1604 4135 1842 4206 gignetur
1862 4150 1989 4186 sun-

417 4243 578 4298 ctum,
614 4230 1010 4288 vocabiturDei
1042 4228 1215 4283 Filius
1241 4229 1281 4285 '.
1331 4226 1450 4283 Jam
1494 4242 1618 4281 cunt
1658 4225 1815 4288 dixit,
1852 4223 1987 4294 quod

419 4328 675 4394 gignatur,
712 4337 863 4379 extra
893 4337 1107 4378 omnem
1139 4322 1567 4377 controversiam
1597 4321 1662 4375 de
1692 4319 1784 4374 Dei
1812 4317 1991 4373 Verbo

2087 3136 2251 3208 νομία
2281 3134 2389 3188 ἀπὸ
2430 3132 2523 3186 τοῦ
2570 3129 2813 3195 ἀπαθοῦς
2857 3131 2950 3185 καὶ
2992 3128 3247 3184 ἀκτίστου
3285 3126 3481 3194 Λόγου,
3520 3124 3672 3177 ἀλλὰ

2090 3229 2364 3301 συνενωθῇ
2390 3227 2503 3283 ἄνω
2528 3226 2605 3297 τῷ
2630 3225 2870 3295 ἀκτίστῳ
2896 3222 3073 3293 Λόγῳ.
3102 3221 3202 3274 Διά
3227 3219 3383 3273 τοῦτο
3416 3218 3509 3274 καὶ
3546 3216 3672 3270 Κύ-

2092 3339 2207 3394 ριον
2231 3320 2327 3375 καὶ
2358 3318 2592 3390 Χριστὸν
2624 3318 2653 3370 ὁ
2681 3316 2810 3379 Θεὸς
2848 3313 3073 3385 ἐποίησε
3101 3312 3161 3365 τὸ
3188 3314 3252 3365 ὲκ
3280 3308 3497 3380 Μαρίας
3532 3307 3672 3359 συ).-

2088 3413 2310 3486 ληφθὲν,
2346 3412 2409 3465 τὸ
2439 3414 2497 3466 ὲν
2529 3410 2743 3481 θεότητι
2790 3403 3120 3462 συνενωθέν·
3160 3404 3220 3456 οὐ
3251 3402 3358 3472 γὰρ
3388 3403 3420 3472 ἡ
3471 3399 3674 3470 Μαρία

2090 3508 2223 3572 Θεὸς
2257 3506 2398 3562 κατὰ
2427 3504 2609 3576 φύσιν.
2638 3500 2738 3556 Διὰ
2770 3498 2927 3554 τοῦτο
2957 3498 3082 3568 ἑξῆς
3127 3495 3187 3550 τὸ
3219 3493 3507 3560 ἐποίησεν
3539 3492 3671 3542 tm-

2092 3599 2269 3671 φέρει.

2174 3862 2260 3925 Ὠς
2288 3860 2381 3914 καὶ
2406 3860 2433 3913 ὁ
2462 3855 2691 3926 ἄγγελος
2720 3854 2958 3925 Γαϐριὴλ
2982 3867 3165 3923 φησιν,
3190 3846 3541 3921 ὲριυτησάσης
3568 3846 3673 3897 αὑ-

2086 3955 2305 4026 τῆς,ὃτι
2334 3950 2466 4016 Πῶς
2492 3951 2662 4005 ἔσται
2689 3947 2883 4011 τοῦτο,
2907 3943 3035 3997 ἐπεὶ
3058 3942 3244 4011 ἄνδρα
3267 3942 3337 3994 οὐ
3357 3938 3670 4009 γινώσκιι);

2094 4047 2262 4119 φησί·
2308 4043 2549 4111 Πνεῦμα
2582 4039 2803 4107 Κυρίου
2834 4036 3221 4091 ἐπελεύσεται
3256 4033 3351 4086 ἐπὶ
3402 4032 3475 4085 σὲ
3500 4071 3513 4095 ,
3566 4030 3667 4083 καί

2094 4140 2344 4209 δύναμις
2369 4136 2649 4205 Ὑψίστου
2673 4129 3010 4185 ἐπισκιάσει
3039 4146 3158 4183 σοι.
3178 4127 3274 4180 Διὸ
3300 4125 3397 4180 καί
3434 4126 3499 4177 τὸ
3531 4140 3668 4193 γεν-

2093 4233 2363 4304 νώμενον
2403 4229 2573 4299 ἅγιον
2605 4223 2971 4293 κληθήσεται
3022 4222 3156 4288 Υἱὸς
3198 4219 3365 4274 Θεοῦ.
3406 4218 3574 4270 Ὅταν
3608 4216 3667 4268 δὲ

2096 4326 2223 4395 εἴπῃ
2235 4365 2248 4385 ,
2266 4321 2361 4377 καὶ
2381 4320 2444 4374 τό
2460 4319 2853 4388 γεννώμενον,
2872 4314 3069 4378 ἔδειξεν
3085 4309 3513 4380 ἁκαταζητήτως
3538 4324 3606 4359 πε
3614 4307 3669 4377 pl

420 4406 762 4485 εἰεηίίὶεειιῖὶι,
808 4415 965 4469 ~haud
1028 4415 1190 4470 dubie
1254 4412 1449 4469 Filiqu
1512 4428 1668 4476 esse,
1735 4411 1827 4481 qui
1890 4425 1984 4465 nec

2093 4416 2228 4471 Θεοῦ
2252 4416 2444 4483 Λόγου,
2462 4414 2542 4467 ὅτι
2563 4410 2690 4473 Υἱός
2717 4410 2863 4462 ἐστιν
2888 4403 3290 4475 ἀναμφιϐόλως,
3315 4401 3374 4454 οὐ
3404 4398 3665 4461 κτισθεὶς,

418 4512 690 4565 creatione
718 4522 819 4563 nec
845 4506 1128 4563 ell‘ectione
1157 4504 1455 4576 productus
1490 4504 1669 4559 fuerit.
1705 4502 1778 4557 De
1805 4517 1991 4558 susce-

421 4613 509 4673 pta
558 4611 737 4657 autem
780 4615 811 4655 e
860 4597 1026 4652 Maria
1075 4596 1312 4652 hominis
1359 4603 1552 4650 natura
1611 4608 1734 4648 cum
1783 4591 1992 4647 addita-

421 4702 604 4750 mento
634 4693 745 4761 illo,
770 4692 906 4762 quod
929 4692 1189 4761 gignetur,
1243 4688 1373 4743 illud
1415 4686 1586 4757 accipi
1630 4685 1806 4748 debet,
1841 4685 1991 4738 Chri-

419 4793 560 4836 stum
590 4792 637 4836 et
671 4780 952 4835 Dominum
981 4779 1125 4849 fecit,
1156 4777 1378 4847 perinde
1413 4786 1574 4843 atque
1618 4774 1672 4827 in
1703 4773 1823 4829 aliis
1858 4772 1992 4828 locis

420 4874 706 4930 manifeste
760 4872 976 4942 impleta
1033 4872 1217 4926 omnia
1289 4876 1450 4931 sunt,
1506 4880 1606 4921 nec
1662 4865 1992 4920 dillicultatis

420 4967 715 5039 quidquam
748 4966 1046 5019 continent.
1085 4963 1185 5027 lta,
1241 4962 1484 5030 inquam,
1515 4958 1658 5030 quod
1718 4957 1821 5013 hoc
1874 4958 1994 5013 loco

420 5059 640 5123 dicitur,
672 5058 725 5111 in
758 5056 1129 5110 incarnatione
1169 5054 1467 5125 perfectum
1510 5060 1613 5106 est.
1647 5050 1825 5117 Quare
1861 5050 1997 5105 nihil

417 5162 497 5206 est
528 5150 669 5221 quod
704 5149 759 5203 hi
804 5148 894 5218 qui
925 5146 1049 5201 vita:
1090 5161 1202 5200 suae
1249 5159 1432 5199 curam
1476 5152 1691 5212 gerunt,
1730 5144 1904 5213 abripi
1936 5158 1995 5198 se

421 5243 474 5295 in
532 5255 776 5295 errorem
825 5239 935 5292 ullo
978 5237 1139 5293 modo
1186 5236 1479 5307 patiantur.
1532 5235 1773 5305 Denique
1808 5238 1989 5289 vivum

418 5330 654 5389 Verbum
707 5348 737 5387 a
782 5332 904 5387 vivo
942 5329 1101 5385 Patre
1136 5332 1423 5400 processit,
1447 5326 1615 5385 Filius
1650 5328 1846 5391 Patris,
1880 5342 1989 5381 non

419 5426 489 5479 ab
524 5440 591 5481 eo
622 5435 861 5481 creatus.
911 5422 1080 5478 Porro
1112 5422 1294 5477 omnia
1339 5422 1394 5476 in
1442 5422 1815 5477 incarnatione
1865 5436 1989 5489 per-

2096 4510 2157 4565 οὑ
2208 4504 2472 4577 ποιηθείς.
2516 4502 2695 4574 Περὶτ
2744 4500 2801 4553 δὲ
2843 4498 2945 4552 ἀπὸ
2994 4497 3213 4567 Μαρίας
3261 4493 3360 4563 τῆς
3399 4493 3667 4562 ὲνσὰρκου

2096 4598 2405 4669 οἰκονομίας
2426 4636 2439 4659 ,
2490 4594 2627 4665 μετὰ
2661 4590 2977 4662 προσθήκης
2996 4628 3011 4651 ,
3043 4587 3140 4640 καί
3163 4585 3230 4639 τὸ
3255 4582 3631 4655 γεννώμενον
3650 4623 3666 4644 ,

2096 4692 2202 4745 τὸν
2240 4687 2495 4757 Χριστὸν
2536 4684 2633 4739 καί
2674 4684 2892 4753 Κύριον
2934 4679 3254 4746 ἐποίησεν·
3305 4674 3379 4739 ὡς
3423 4674 3514 4726 ἐπὶ
3547 4674 3671 4734 ταῖς

2097 4778 2284 4841 ἄλλαις
2331 4777 2519 4848 ρήσεσι
2568 4774 2747 4827 πάντα
2790 4769 2975 4839 σαφῶς
3008 4766 3298 4838 ἐπληρώθη
3324 4806 3338 4830 ,
3380 4762 3474 4816 καὶ
3516 4762 3670 4814 οὐδὲν

2097 4870 2344 4942 καμάτου
2374 4865 2737 4938 περιέχουσιν.
2781 4861 2938 4914 Οὕτω
2970 4859 3063 4913 καὶ
3100 4856 3334 4910 ἐνταῦθα
3377 4856 3435 4907 ὲν
3465 4857 3529 4924 τῇ
3580 4854 3667 4904 ὲν-

2098 4964 2285 5034 σάρκῳ
2339 4957 2610 5030 παρουσίᾳ
2663 4952 3047 5023 πεπλήρωται·
3104 4949 3197 5001 καὶ
3270 4945 3494 5014 οὐδεμία
3552 4945 3669 4995 ἐστὶ

2098 5033 2453 5125 παρεκτροπὴ
2504 5050 2614 5110 τοῖς
2667 5047 2763 5115 τῆς
2813 5043 2945 5104 ἰδίας
2998 5039 3141 5107 ζωῆς
3193 5033 3665 5106 ἐπιμελουμένοις.

2098 5144 2213 5197 Ζῶν
2247 5142 2351 5211 γὰρ
2385 5141 2413 5190 ὁ
2447 5139 2615 5204 Λόγος
2642 5135 2749 5187 ἀπὸ
2776 5132 2974 5196 ζῶντος
3010 5129 3244 5200 Πατρὺς,
3274 5126 3401 5188 Υἱὸς
3423 5125 3516 5178 τοῦ
3550 5125 3667 5177 lla-

2096 5234 2245 5305 τρδς,
2295 5232 2388 5285 καὶ
2414 5231 2473 5281 οὐ
2504 5227 2736 5289 κτιστός.
2768 5225 2952 5277 Πάντα.
2978 5222 3033 5274 δὲ
3063 5222 3120 5274 ὲν
3145 5223 3211 5290 τῇ
3246 5220 3496 5288 ὲνσάρκῳ
3532 5233 3669 5285 παρ-

2096 5326 2253 5397 ουσίᾳ
2304 5323 2690 5392 πεπλήρωται,
2731 5318 2816 5370 ἵνα
2851 5316 2986 5387 μήτε
3020 5314 3310 5383 φάντασμα
3350 5307 3667 5377 νομισθείη,

2102 5420 2236 5490 μήτε
2280 5415 2559 5486 ὁμοούσιος
2602 5412 2635 5481 ἡ
2688 5410 2823 5479 σὰρξ
2855 5412 2921 5479 τῇ
2965 5407 3077 5462 ἄνω
3104 5406 3338 5475 θεότητι,
3380 5402 3518 5456 ἀλλὰ
3547 5417 3671 5453 συν-

492 5602 509 5632 ¹
538 5602 653 5656 Act.
685 5618 743 5663 ιι.
769 5603 856 5657 56.
930 5604 952 5635 ²
978 5601 1134 5657 Joan.
1163 5618 1259 5670 vn,
1291 5600 1379 5656 19.
1455 5601 1476 5634 ⁸
1501 5600 1520 5656 l
1550 5598 1695 5657 Pctr.
1716 5612 1789 5665 tv,
1818 5598 1866 5652 l.
1942 5598 1962 5629 ⁸

2089 5607 2182 5655 etr.
2218 5596 2408 5661 11ί,18.
2493 5594 2511 5626 ⁸
2542 5592 2674 5648 Luc.
2710 5609 2745 5658 ι,
2781 5592 2845 5648 54
2874 5606 2994 5662 sqq.
3072 5589 3092 5621 ⁸
3123 5587 3251 5658 Leg.
3284 5587 3421 5642 forte
3455 5581 3663 5637 τοῦτον.

418 5670 439 5705 ⁷
470 5669 757 5728 httricatus
777 5673 876 5727 thic
900 5674 1073 5731 locus.
