3994 6226
276 301 381 360 269
912 297 1280 356 ADVERSUS
1311 297 1660 355 «ll/ERESES
1695 298 1822 352 ΜΒ.
1857 298 1920 355 ll.
1962 294 2123 353 TOM.
2169 295 2229 349 Il.
2254 326 2320 335 —
2343 294 2614 351 ΙΙίΕΙὶΕΒ.
2658 293 2841 349 LXIX.
3479 293 3585 351 ε’ῖο

276 419 535 492 ηνωμένη
566 421 599 491 ἡ
631 419 1042 492 ἐνανθρώπησις
1084 420 1251 475 αὐτοῦ
1296 424 1374 485 εἰς
1413 421 1543 493 μίαν
1588 422 1879 484 ἀπάθειαν,

1991 418 2130 471 ferta
2167 423 2314 480 sunt,
2354 430 2420 468 ne
2455 423 2547 468 aut
2576 414 2756 468 inanis
2793 412 3040 484 quautam
3095 411 3326 483 specirs,
3367 424 3460 467 aut
3500 414 3584 467 di-

279 513 518 585 μάλιστα
552 512 689 584 μετά
718 512 818 583 τὴν
845 515 909 565 ὲκ
937 513 1148 584 νεκρῶν
1170 514 1488 569 ἀνάστασιν.
1529 514 1737 569 οὐκέτι
1766 516 1877 585 γὰρ

1992 508 2206 561 vinitati
2267 505 2751 560 ronsuhstantialis
2804 520 2933 559 «varo
2985 504 3321 568 crederetur,
3373 503 3466 559 sed
3528 506 3585 560 in

274 604 690 673 ἀποθνήσκει,
755 604 921 674 φησὶ,
968 605 1223 673 θάνατος
1269 606 1459 661 αὐτοῦ
1523 607 1724 663 οὐκέτι
1778 626 1879 663 κυ-

272 698 481 765 ριεύει.
510 698 667 751 Ἔστι
698 697 808 766 γὰρ
842 692 922 761 εἷς
955 696 1179 768 Κύριος,
1204 693 1286 763 εἷς
1312 699 1567 770 Χριστὸς,
1604 695 1684 764 εἷς
1716 701 1874 773 βασι-

275 790 426 854 λεὺς,
458 791 517 843 ὲν
548 789 702 861 δεξιᾷ
742 790 954 861 Πατρὸς
979 790 1311 860 καθήμενος,
1344 790 1405 844 τὸ
1429 792 1742 863 σωματικὸν
1778 793 1873 847 καὶ

278 882 671 953 πνευματικὸν,
693 881 792 953 μία
813 882 1027 947 ἓνωσις,
1059 882 1155 953 μία
1186 882 1375 953 θεότης
1407 886 1779 955 πνευματικὴ,
1803 885 1872 938 τά

276 976 567 1047 ἀμφότερα
592 973 831 1043 φωτεινὰ
862 975 958 1028 καὶ
1005 974 1210 1040 ἔνδοξα.
1240 976 1362 1030 Ἔτι
1397 976 1455 1031 δὲ
1495 976 1881 1048 ὑπερϐήσομαι

275 1070 340 1121 τὸ
367 1068 529 1139 ῥητὸν
569 1066 773 1131 ἱκανῶς
804 1065 1244 1138 ἑρμηνευόμενον
1274 1066 1532 1139 νομίζων,
1564 1068 1661 1121 καὶ
1692 1068 1788 1121 ἐπὶ
1813 1068 1882 1122 τὰ

275 1158 447 1230 lupa
477 1157 609 1228 τῆς¹
639 1155 821 1209 αὐτῶν
843 1157 925 1219 είς
952 1153 1268 1226 ἀνατροπὴν
1286 1153 1398 1208 τῶν
1422 1153 1734 1209 ἀκουόντων
1757 1155 1879 1207 ἐπι-

274 1247 583 1318 νενοημινα
610 1244 704 1300 τοῦ
738 1244 918 1313 λέγειν
946 1242 1285 1312 ὲπιλάὄοιμι.

1989 615 2151 655 unam
2194 599 2468 669 passionis
2499 604 2776 668 expertem
2807 606 3017 652 natura.
3050 597 3421 652 conditionem
3455 612 3585 652 con-

1988 693 2197 747 sociata
2229 700 2421 746 natura
2452 689 2687 745 hominis
2715 689 3109 760 intelligeretur
3137 710 3150 746 :
3181 688 3238 746 id
3271 690 3415 761 quod
3444 706 3586 760 praes

1989 786 2152 855 cipue
2184 792 2307 855 post
2349 782 2810 838 resurrectionem
2854 781 3100 851 contigit.
3131 780 3255 834 Non
3288 782 3427 834 enim
3464 796 3585 835 am-

1992 879 2131 946 plius
2157 876 2403 939 moritur,
2433 873 2640 945 inquit;
2674 889 2819 927 mors
2853 872 2936 925 illi
2974 872 3117 925 ultra
3151 889 3252 926 non
3281 872 3584 927 dontinabi-

1987 980 2075 1021 ιω·
2112 970 2150 1021 ³.
2203 968 2298 1023 Est
2344 968 2489 1022 enim
2543 982 2689 1021 unus
2751 965 3036 1028 Dominus,
3092 982 3233 1021 unus
3284 966 3581 1035 Christus,

1988 1056 2153 1131 766
2188 1075 2330 1114 unus
2358 1073 2451 1113 rex
2466 1059 2529 1113 ad
2548 1058 2829 1114 dexteram
2856 1056 3032 1112 Patris
3062 1057 3379 1121 considcns,
3412 1073 3582 1112 unum

1980 1152 2240 1221 quiddam
2307 1151 2554 1222 spiritale
2583 1150 2788 1221 pariter
2817 1156 2871 1205 et
2899 1163 3259 1220 corporeum,
3286 1148 3583 1218 singularis

1981 1244 2186 1304 unitas,
2245 1257 2354 1298 una
2408 1243 2672 1314 spiritalis
2723 1242 3007 1307 divinitas,
3062 1240 3371 1311 splendoris
3417 1239 3582 1293 smho

276 1341 577 1409 gloriaeque
614 1336 953 1408 plenissima.
984 1332 1185 1390 Verum
1218 1333 1286 1389 de
1315 1333 1421 1388 hoc
1451 1332 1574 1388 loco
1599 1332 1902 1397 hactenus;
1932 1334 2149 1389 abunde
2180 1335 2326 1388 enim
2360 1350 2389 1388 a
2436 1334 2597 1390 nobis
2649 1333 2981 1403 explicatum
3033 1332 3295 1386 arbitror.
3324 1328 3482 1385 Nunc
3510 1329 3583 1386 ad

276 1434 387 1487 alia
421 1429 771 1490 veniendum,
803 1441 926 1498 qua:
950 1428 1017 1481 ad
1048 1425 1388 1480 audientium
1420 1424 1717 1496 perniciem
1749 1426 1819 1481 ab
1852 1426 1961 1482 illis
1993 1428 2301 1497 exmgitata
2335 1434 2482 1483 sunt.

351 1526 488 1582 atra
526 1523 667 1577 Φασὶ
695 1522 805 1593 γὰρ
838 1521 1003 1575 πάλιν
1026 1520 1140 1592 (96)
1162 1537 1176 1550 ⁶
1198 1521 1263 1573 El
1298 1519 1444 1575 ἐστιν
1474 1521 1540 1574 ὲκ
1567 1520 1666 1592 τῆς
1687 1520 1875 1585 οὐσίας

277 1618 376 1672 τοῦ
405 1615 641 1687 Πατρὸς,
673 1614 789 1678 πῶς
821 1614 924 1668 οὐκ
951 1609 1060 1667 οἶδε
1091 1613 1190 1684 τὴν
1222 1612 1372 1683 ὥραν
1392 1615 1486 1667 καὶ
1512 1612 1610 1684 τὴν
1636 1613 1873 1684 ἡμέραν,

2058 1521 2240 1577 .\'Llll.
2272 1522 2386 1577 lloc
2416 1521 2561 1578 enim
2606 1520 2876 1592 objiciunt
2904 1538 2916 1574 :
2953 1518 3011 1573 Si
3041 1534 3106 1574 ex
3144 1518 3379 1576 essentia
3401 1515 3581 1572 Patris

1983 1624 2090 1679 est,
2117 1616 2391 1686 quomodo
2424 1614 2615 1669 horam
2651 1628 2716 1669 ac
2758 1611 2901 1668 diem
2949 1612 3185 1682 ignorat,
3236 1626 3403 1682 seque
3431 1609 3578 1682 quod

276 1711 423 1765 ἀλλά
451 1708 565 1780 ίδίῳ
598 1705 743 1777 λόγῳ
773 1705 1029 1778 ὁμολογεῖ
1049 1708 1162 1771 τοῖς
1200 1704 1470 1776 μαθηταῖς
1501 1705 1576 1775 μὴ
1606 1705 1805 1759 εἰδέναι
1839 1704 1876 1759 ἀ

1991 1705 2146 1762 Pater
2184 1708 2333 1762 novit
2381 1706 2598 1763 nescire
2628 1706 2916 1776 discipulis
2956 1704 3074 1760 suis
3110 1704 3350 1760 fatetur?
3382 1702 3459 1758 De
3492 1704 3581 1757 die

276 1806 310 1859 6
340 1802 534 1873 Πατὴρ
565 1801 855 1854 ὶπίσταται
876 1839 891 1867 ,
939 1800 1151 1871 φήσας,
1200 1800 1285 1852 ὃτι
1334 1798 1474 1867 Περὶ
1507 1797 1617 1867 τῆς
1650 1800 1876 1869 ἡμέρας

1993 1800 2113 1863 illa,
2141 1800 2337 1870 inquit,
2369 1811 2419 1855 et
2444 1801 2574 1855 liora
2595 1816 2745 1855 nemo
2775 1800 2937 1864 novit,
2962 1814 3123 1869 neque
3148 1796 3321 1869 angeli
3346 1799 3401 1852 in
3427 1797 3578 1860 caelo,

276 1897 523 1962 ἐκείνης
551 1891 782 1961 καὶτῆς
813 1892 972 1961 ὥρας
1004 1890 1206 1956 οὐδεὶς
1227 1886 1412 1955 οἶδεν,
1451 1891 1591 1945 οὔτε
1616 1895 1670 1945 ol
1698 1891 1871 1962 ἄγγε-

277 1990 384 2041 λοι
408 1987 479 2040 ἐν
506 1984 743 2054 οὐρανῷ
764 2024 780 2052 ,
807 1985 946 2040 οὔτε
993 1987 1027 2039 ὀ
1080 1984 1214 2051 Υἱὸς
1236 2023 1251 2048 ,
1290 1985 1345 2037 εὶ
1364 1982 1452 2053 μὴ
1484 1986 1516 2037 d
1545 1982 1749 2051 Πατὴρ
1774 1984 1877 2055 μό-

279 2094 437 2144 voc;
470 2078 535 2131 Et
566 2082 770 2141 τοίνυν,
802 2076 990 2146 φασὶν,
1027 2078 1056 2129 6
1085 2076 1275 2148 Πατὴρ
1305 2071 1436 2139 οἶδε,
1468 2076 1562 2130 καὶ
1586 2075 1750 2140 αὐτὸς
1777 2076 1877 2131 οὐκ

278 2168 424 2235 οἶδε,
452 2170 568 2235 πῶς
601 2170 824 2225 δύναται
874 2170 909 2241 ἡ
954 2168 1093 2241 αὐτὴ
1132 2168 1324 2239 θεότης
1357 2165 1572 2239 Πατρὸς
1613 2168 1709 2222 καὶ
1745 2168 1876 2223 Υἱοῦ

281 2262 555 2331 ὑπάρχειν
576 2304 592 2327 ,
639 2260 801 2314 ὁπότε
846 2258 884 2314 ει
927 2252 1066 2313 οἶδεν
1097 2261 1126 2312 6
1159 2258 1380 2331 Πατὴρ,
1432 2259 1462 2312 6
1495 2257 1624 2322 Υἱὸς
1658 2259 1873 2325 ἀγνοεί;

284 2354 430 2406 Ὅσα
451 2353 508 2406 δὲ
532 2352 836 2424 μυστικῶς,
856 2352 950 2406 καὶ
979 2352 1037 2405 ιν
1066 2353 1133 2423 τῇ
1158 2349 1330 2421 ὲνθὲῳ
1350 2349 1518 2403 αὑτοῦ
1547 2349 1712 2420 σοφίᾳ.
1737 2348 1877 2420 πρὸς

279 2444 583 2513 ἀσᾳὸιλειαν
610 2442 864 2512 γνώσεως
898 2442 1298 2516 ἀληθεστάτης,
1329 2444 1357 2499 6
1386 2444 1699 2516 Μονογενὴς
1730 2444 1877 2498 διδά-

282 2553 439 2590 σκων
468 2537 755 2608 ὑφηγεῖτο,
793 2528 940 2589 οὗτοι
973 2534 1300 2604 ἀγνοοῦντες
1330 2534 1399 2589 τά
1442 2535 1873 2607 ἀνθρωποπαθῆ,

280 2631 467 2684 πάντα
500 2632 580 2694 et;
609 2628 822 2683 ἑαυτῶν
855 2628 1092 2702 βλάϐην,
1126 2629 1315 2700 ὥσπερ
1340 2629 1491 2684 δεινά
1523 2630 1750 2703 ἑρπετὰ.
1784 2632 1879 2685 καὶ

281 2723 368 2785 εἰς
398 2722 604 2776 ἑαυτῶν
649 2721 829 2794 λύμην
865 2721 935 2776 τὰ
982 2722 1088 2776 ὑπὸ
1120 2722 1216 2776 τοῦ
1247 2721 1560 2793 πανούργου
1610 2722 1876 2794 θηρευτοῦ

282 2815 686 2887 δεδιλεασμένα
753 2814 1202 2887 ἀφαρπάζουσιν,
1253 2816 1355 2869 οὐκ
1405 2815 1642 2879 εἰδότες,
1688 2817 1770 2870 ὅτι
1818 2815 1880 2869 τὸ

282 2906 490 2978 ψεῦδος
514 2907 752 2979 οὐδαμοῦ
777 2907 1132 2979 σταθήσεται,
1162 2908 1197 2979 ἡ
1218 2907 1275 2960 δὲ
1299 2906 1527 2980 ἀλήθεια
1549 2908 1729 2978 πάντη
1751 2909 1879 2972 τοὺς

289 2999 461 3062 ἰδίους
491 2999 661 3067 αὐτῆς
690 2999 839 3062 υἱοὺς
879 2998 1206 3070 διορθοῦται,
1239 3000 1333 3053 καὶ
1361 2996 1635 3071 ἐξελέγχει
1661 3000 1723 3052 τὸ
1742 2998 1878 3069 ψεῦ-

1979 1908 2140 1963 neque
2171 1889 2370 1958 Filius,
2406 1892 2511 1946 nisi
2546 1892 2694 1947 solus
2726 1890 2890 1945 Pater
2915 1892 2958 1947 ⁸.
3001 1890 3058 1944 Si
3091 1890 3259 1961 igitur
3286 1888 3447 1945 Pater
3478 1906 3581 1944 no-

1979 1986 2057 2041 vit
2109 1987 2254 2057 quod
2311 1986 2525 2057 ignorat
2574 1987 2711 2057 ipse,
2761 1987 2854 2057 qut
2906 1994 3087 2056 potest
3125 1984 3306 2041 Patris
3347 1998 3411 2039 ac
3454 1982 3579 2038 Filii

1977 2078 2167 2135 eadem
2204 2092 2329 2135 esse
2358 2078 2644 2144 divinitas,
2684 2093 2810 2134 cum
2840 2076 3013 2134 Filius
3035 2093 3156 2149 quae
3185 2077 3331 2132 Patri
3361 2076 3580 2148 cognita

1978 2176 2108 2226 sunt
2164 2168 2412 2224 nesciat?
2440 2165 2643 2223 Verum
2690 2182 2815 2238 quae
2860 2170 3109 2239 mystice,
3142 2182 3206 2222 ac
3253 2182 3353 2238 pro
3395 2165 3580 2222 divina

1979 2275 2079 2315 sua
2112 2260 2381 2331 sapientia
2416 2259 2484 2314 ad
2511 2260 2833 2317 certissimae
2876 2260 3121 2315 scientiae
3170 2258 3485 2313 ﬁrmitatem
3514 2271 3581 2313 ac

1980 2350 2376 2405 munimentum
2433 2349 2527 2405 Dei
2564 2347 2737 2405 Filius
2781 2350 3033 2405 docendo
3085 2350 3392 2420 proposuit,
3432 2361 3584 2418 quat~

1977 2456 2084 2514 que
2116 2442 2184 2497 ad
2224 2441 2519 2496 humanam
2554 2441 2924 2497 conditionem
2967 2440 3385 2497 accommodata
3425 2448 3579 2505 sunt,

1978 2534 2151 2608 ignari
2185 2535 2277 2592 isti
2317 2549 2473 2591 suam
2514 2535 2582 2591 ad
2620 2542 2828 2605 pestem
2868 2549 2931 2590 ac
2975 2535 3275 2606 perniciem
3319 2533 3581 2601 trahunt;

1980 2637 2240 2699 tanquam
2294 2635 2578 2699 serpentes
2633 2626 2858 2698 quidam
2909 2626 3250 2691 exitiabiles,
3293 2635 3457 2696 atque
3511 2625 3583 2681 ab

1981 2720 2181 2776 callido
2212 2726 2504 2791 captatore
2533 2733 2660 2775 esca
2688 2719 2924 2790 quadam
2959 2729 3012 2775 et
3038 2719 3294 2775 illecebra
3326 2720 3578 2791 pellecti;

1982 2827 2084 2869 nec
2119 2812 2252 2867 illud
2284 2811 2552 2878 sentiunt,
2590 2811 2732 2866 hanc
2760 2825 2882 2868 esse
2915 2811 3185 2867 mendacii
3213 2819 3488 2877 naturam,
3520 2819 3581 2865 ut

1981 2902 2289 2961 consistere
2326 2905 2580 2976 nuspiam
2632 2906 2836 2975 possit;
2899 2913 3089 2959 contra
3130 2904 3418 2960 veritatem
3472 2919 3582 2959 non

1982 3011 2081 3053 eos
2114 2997 2315 3063 solum,
2346 3011 2486 3067 quos
2521 3004 2781 3066 tanquam
2821 2996 2961 3052 lilios
3002 2997 3187 3061 habet,
3212 2994 3486 3051 moderari
3518 3010 3583 3049 ac

283 3088 400 3152 δος.
434 3088 589 3143 Εἴπω
612 3089 723 3161 γάρ
743 3089 873 3161 ὑμῖν
891 3090 911 3121 ³
938 3093 987 3143 οἱ
1009 3091 1109 3163 τὴν
1139 3090 1316 3161 κακὴν
1347 3088 1603 3145 ὑπόνοιαν
1633 3091 1761 3164 περὶ
1785 3091 1881 3145 τοῦ

1991 3102 2191 3161 regere,
2229 3091 2324 3145 sed
2364 3095 2419 3145 et
2459 3090 2805 3144 mendacium
2860 3103 3022 3143 omne
3075 3088 3421 3143 convincere.
3468 3086 3583 3144 Hoc

284 3179 529 3251 Χριστοῦ
553 3181 879 3252 κεκτημένοι
917 3182 1013 3234 ἀπ’
1043 3182 1221 3253 ἀρχῆς
1240 3201 1251 3212 ·
1284 3181 1351 3235 Τί
1380 3180 1564 3253 μεῖζόν
1589 3183 1708 3236 ἐστι
1736 3183 1878 3237 κατά

287 3269 456 3339 φύσιν
487 3269 582 3323 καὶ
606 3270 745 3341 πρὸς
763 3269 862 3341 τὴν
891 3270 1118 3341 εἴδησιν,
1149 3273 1177 3324 6
1214 3271 1347 3335 Θεὸς
1377 3274 1405 3325 6
1440 3272 1660 3325 πάντων
1687 3272 1880 3325 δεσπόο

286 3378 414 3431 της,
440 3362 532 3413 καὶ
568 3361 763 3433 Πατὴρ
789 3360 884 3415 τοῦ
912 3363 1116 3434 Κυρίου
1151 3361 1308 3434 ἡμῶν
1346 3363 1521 3434 Ἰησοῦ
1555 3362 1813 3435 Χριστοῦ,
1845 3363 1877 3433 ἢ

288 3455 326 3524 ἡ
363 3454 548 3526 ἡμέρα
578 3454 683 3507 ὑπὸ
716 3454 930 3525 Πατρὸς
950 3495 965 3519 ,
997 3453 1093 3507 καὶ
1127 3453 1275 3515 Υἱοῦ,
1308 3454 1402 3509 καὶ
1434 3455 1591 3523 ἁγίου
1634 3455 1882 3525 Πνεύμα-

287 3561 381 3608 τος
416 3543 661 3616 ἀγομένη
710 3561 772 3597 τε
800 3585 814 3601 .
854 3545 949 3597 καὶ
984 3544 1265 3615 γινομένη,
1308 3546 1404 3598 καὶ
1438 3547 1471 3616 η
1509 3544 1628 3618 ὥρα
1662 3545 1878 3616 ἐκείνης

219 3668 223 3675 .
292 3638 523 3701 Πάντως
564 3637 621 3691 δὲ
661 3637 1006 3708 ἐρωτώμενοι
1040 3635 1548 3708 ἀναγκασθήσονται
1594 3638 1688 3692 ἀπ’
1711 3638 1882 3708 αὐτῆς

290 3733 394 3804 τῆς
440 3729 699 3802 ἀληθείας
740 3730 831 3784 τὴν
878 3729 1098 3802 Πατέρα
1141 3729 1364 3801 μείζονα
1410 3730 1611 3799 λέγειν,
1655 3731 1733 3795 ὡς
1788 3732 1884 3786 καὶ

294 3824 463 3877 ἐστιν.
504 3824 568 3877 Εἰ
592 3824 771 3876 τοίνυν
804 3823 1005 3893 φάσκει
1041 3824 1070 3876 6
1104 3824 1233 3888 Υἱὸς
1264 3822 1441 3893 λέγων
1461 3840 1474 3854 '
1514 3823 1727 3891 Οὐδεὶς
1757 3818 1885 3878 οἶδε

294 3916 407 3970 τὸν
442 3913 677 3984 Πατέρα
718 3917 770 3969 εὶ
814 3914 902 3986 μὴ
943 3918 975 3969 ό
1014 3914 1180 3981 Υἱὸς,
1214 3915 1317 3970 καὶ
1362 3914 1565 3983 οὐδεὶς
1618 3912 1745 3970 οἶδε
1777 3915 1886 3969 τὸν

296 4005 453 4071 Υιὸν,
485 4009 537 4060 ει
556 4007 644 4075 μὴ
672 4009 705 4060 ό
740 4005 942 4074 Πατήρ
964 4021 977 4034 ⁶
1011 4005 1041 4057 6
1073 4005 1133 4059 τὸ
1167 4005 1352 4076 μεῖζον
1383 4007 1691 4075 γινώσκων,
1727 4024 1884 4060 τουτ-

297 4099 417 4152 έστι
456 4099 548 4152 τὸν
578 4098 795 4170 Πατέρα
824 4139 838 4163 ,
871 4098 988 4163 πῶς
1014 4099 1074 4151 τὸ
1109 4092 1278 4170 ἧσσον
1307 4099 1528 4167 ἀγνοεῐ;
1571 4099 1734 4159 Ἀλλὰ
1771 4099 1885 4153 ἔστι

298 4190 423 4244 θεῖα
460 4190 529 4244 τὰ
560 4191 780 4263 ῥήματα
829 4191 1107 4262 Πνεύματι
1142 4192 1283 4262 ἁγίῳ
1309 4192 1600 4261 λεγόμενα,
1633 4194 1887 4261 ἄγνωστα

294 4283 355 4338 δὲ
407 4286 522 4347 τοῖς
565 4283 641 4355 μὴ
690 4284 932 4356 εἰληφόσι
968 4283 1285 4355 Πνεύματος
1334 4285 1489 4353 ἁγίου
1538 4284 1747 4356 δωρεὰν
1794 4286 1889 4339 καὶ

294 4376 482 4448 χάριν.
521 4376 765 4431 Τοιοῦτοι
795 4378 902 4449 γὰρ
931 4378 1085 4441 ὄντες
1123 4379 1171 4431 οἱ
1203 4377 1628 4449 προειρημένοι,
1658 4378 1890 4432 ἄστατον

1986 3182 2130 3239 enim
2167 3189 2349 3252 petere
2372 3195 2404 3236 a
2440 3181 2593 3237 vobis
2625 3180 2774 3244 libet,
2819 3195 2853 3235 ο
2889 3181 3099 3244 miseri,
3128 3180 3221 3250 qui
3265 3179 3333 3234 de
3361 3178 3582 3235 Christo

1987 3272 2220 3328 Domino
2258 3278 2369 3326 tam
2404 3273 2545 3328 male
2591 3272 2659 3327 ab
2701 3274 2821 3342 ipso
2865 3273 3133 3342 principio
3178 3272 3393 3327 sentitis
3427 3289 3439 3325 :
3482 3270 3583 3325 Ec-

1988 3368 2118 3439 quid
2164 3367 2229 3422 ad
2276 3379 2483 3422 natura:
2528 3366 2845 3437 dignitatem
2873 3372 2966 3417 aut
3005 3363 3370 3434 cognitionem
3405 3363 3582 3430 majus

1987 3474 2111 3515 esse
2143 3459 2411 3523 videatur,
2448 3456 2665 3514 Deusne
2699 3455 2966 3511 Dominus
2998 3454 3265 3520 omnium,
3312 3468 3377 3509 ac
3424 3452 3585 3509 Pater

1990 3549 2207 3605 Domini
2248 3550 2423 3604 nostri
2465 3547 2593 3603 vau
2621 3545 2847 3611 Christi,
2886 3562 2954 3602 an
3010 3547 3128 3602 dies
3172 3547 3263 3600 illa
3306 3546 3390 3601 vel
3426 3546 3582 3609 hora,

1990 3656 2111 3713 quas
2157 3655 2187 3695 a
2241 3640 2420 3708 Patre,
2473 3640 2614 3695 Filio
2660 3648 2714 3697 et
2766 3639 2974 3711 Spiritu
3030 3648 3222 3696 sancto
3263 3639 3588 3709 producitur

1992 3742 2156 3805 atque
2194 3732 2464 3790 edicitur?
2509 3732 2747 3790 Necesse
2783 3739 2868 3790 est
2912 3733 3135 3788 omnino
3162 3733 3245 3788 vel
3288 3732 3405 3803 ipsa
3438 3733 3584 3786 veri-

1992 3834 2103 3884 tate
2150 3834 2377 3898 cogente
2432 3827 2819 3898 respondeant,
2873 3826 3067 3891 multo,
3123 3833 3184 3880 ut
3237 3838 3427 3880 revera
3475 3833 3582 3889 est,

1993 3919 2257 3990 majorem
2291 3933 2414 3975 esse
2443 3916 2681 3974 Patrem.
2715 3917 2901 3989 Itaque
2930 3932 3055 3972 cum
3090 3919 3195 3972 hoc
3230 3916 3401 3971 Filius
3429 3930 3584 3972 asse-

1993 4021 2079 4066 rat
2107 4030 2120 4066 :
2156 4009 2325 4065 Nemo
2354 4011 2493 4065 novit
2527 4010 2767 4074 Patrem,
2796 4011 2902 4064 nisi
2931 4008 3105 4063 Filius
3131 4025 3149 4072 ;
3182 4018 3230 4063 et
3266 4025 3414 4063 nemo
3444 4010 3585 4063 novit

1996 4102 2199 4157 Filium
2247 4104 2349 4156 nisi
2391 4102 2617 4168 Pater“;
2660 4102 2753 4172 qui
2810 4102 2957 4172 quod
3000 4102 3179 4172 majus
3220 4108 3324 4165 est,
3367 4100 3583 4154 Patrem

1996 4192 2267 4255 videlicet,
2306 4192 2476 4257 novit,
2502 4192 2647 4261 quod
2691 4192 2872 4246 minus
2921 4200 3039 4260 est,
3080 4192 3333 4262 ignorare
3364 4190 3457 4261 qui
3487 4204 3586 4260 po—

1996 4283 2141 4339 test?
2193 4282 2299 4337 Sed
2345 4282 2616 4353 ejusmodi
2650 4291 2780 4338 sunt
2827 4282 2997 4338 divini
3050 4284 3128 4337 illi
3187 4298 3490 4348 sermones,
3526 4291 3587 4337 ut

1997 4390 2121 4431 cum
2155 4389 2222 4429 ex
2254 4375 2429 4429 sancti
2480 4372 2717 4445 Spiritus
2753 4374 2931 4430 alliam
2971 4376 3169 4445 prolati
3199 4375 3329 4442 sint,
3363 4375 3587 4429 minime

294 4470 609 4539 ἐχουσικαὶ
651 4470 713 4523 τὸ
761 4469 1050 4541 φρόνημα,
1099 4456 1307 4540 ἠλίθιόν
1353 4488 1413 4523 τε
1459 4471 1558 4541 τὴν
1618 4469 1889 4535 διάνοιαν,

1997 4467 2067 4522 ab
2118 4467 2228 4522 illis
2286 4466 2679 4537 percipiantur,
2715 4467 2809 4538 qui
2864 4467 3102 4538 Spiritus
3158 4467 3334 4523 sancti
3381 4466 3587 4521 donum

297 4561 385 4621 ei;
404 4559 720 4626 ὲπιϐλαδείς
740 4562 834 4614 καὶ
863 4562 940 4625 είς
962 4561 1199 4632 ἥσσονας
1223 4580 1299 4615 πα
1309 4561 1616 4635 ρεκτροπάς
1645 4560 1891 4616 ὀλισθαί-

296 4667 523 4706 νουσαν.

376 4921 506 4974 MA'.
560 4922 1050 4993 Προῦπαντήσεται
1096 4925 1203 4996 γὰρ
1251 4924 1435 4989 αὐτοῖς
1484 4924 1547 4979 τὸ
1589 4925 1682 4979 ὐπ’
1724 4926 1891 4980 αὐτοῦ

298 5012 401 5069 τοῦ
446 5015 655 5085 Κυρίου
703 5016 1022 5087 εἰρημένων
1087 5018 1168 5071 ὅτι
1214 5018 1470 5073 Γίνεσθε
1534 5018 1774 5090 ἕτοιμοι.
1824 5023 1894 5075 Αἱ

302 5106 538 5185 ὀσφύες
610 5105 779 5176 ὑμῶν
841 5108 1330 5179 περιεζωσμέναι,
1383 5112 1513 5179 καικ
1542 5114 1601 5165 al
1653 5112 1891 5181 λαμπά-

300 5194 407 5262 δες
428 5194 599 5265 ὑμῶν
618 5197 689 5250 ἐν
708 5198 840 5265 ταῖς
860 5200 1074 5266 χερσὶν·
1105 5199 1289 5269 ὑμῶν.
1309 5201 1419 5255 Καὶ
1445 5203 1663 5256 ἔσεσθε
1683 5204 1763 5269 ὡς
1790 5220 1893 5267 χιι-τ

301 5288 401 5342 λοὶ
430 5287 641 5342 δοῦλοι
660 5330 675 5357 ,
724 5288 1181 5359 προσδοκῶντες
1210 5294 1319 5346 τὸν
1354 5292 1510 5347 ἴδιον
1560 5293 1887 5364 δεσπότην.

375 5444 392 5474 ¹
434 5441 540 5517 Pro
565 5445 668 5517 τῆς
686 5444 841 5517 forte
870 5448 983 5500 ὑπ’.
1018 5445 1114 5501 Vel
1140 5451 1251 5511 τοῖς
1280 5448 1480 5513 αὐτοῖς.

303 5530 428 5579 xm,
469 5516 560 5571 52.
626 5515 657 5548 ’⁵
685 5515 874 5573 Matth.
901 5535 974 5584 ιιι,
1000 5517 1089 5572 27.

377 5669 490 5739 (96)
528 5671 684 5725 Φασὶ
721 5673 830 5742 γὰρ
861 5672 1067 5729 πάλιν.
1111 5672 1186 5728 De
1221 5673 1325 5728 hoc
1360 5673 1526 5730 Marci
1566 5677 1886 5733 testimonio

306 5738 530 5798 disserit
576 5738 909 5800 Athanasius
952 5753 1094 5801 orat.
1132 5745 1167 5799 4
1208 5743 1461 5801 adversus
1491 5747 1758 5814 Arianos;
1784 5749 1897 5805 Au-

1995 4559 2339 4629 gratiamque
2377 4573 2485 4613 non
2517 4561 2851 4630 acceperint.
2887 4558 3206 4630 Cujusmodi
3245 4574 3370 4614 cum
3419 4561 3587 4613 hatre-

1995 4651 2090 4707 tici
2122 4652 2200 4707 illi
2231 4652 2365 4716 sint,
2399 4652 2634 4706 instabili
2661 4661 2716 4707 et
2749 4652 3083 4708 inconstanti
3117 4652 3353 4724 ingenio.
3385 4667 3449 4706 ac
3479 4660 3587 4706 sto.
3664 4704 3667 4705 ν

1997 4746 2107 4801 lida
2135 4754 2313 4800 mente
2337 4744 2549 4815 praediti
2581 4754 2730 4810 sunt,
2761 4760 2882 4815 quae
2911 4746 2966 4799 in
2998 4745 3589 4815 perniciosissimorum

2001 4844 2163 4905 atque
2196 4834 2509 4889 inﬁmorum
2543 4851 2794 4891 errorum
2825 4836 3146 4891 diverticula
3175 4837 3409 4892 labatur.

2071 4927 2256 4984 XLIV.
2290 4930 2423 4984 Nam
2455 4945 2746 4986 occurrere
2796 4930 3013 4986 illorum
3060 4933 3348 4987 conatibus
3391 4939 3589 4999 potest,

2001 5023 2146 5092 quod
2203 5036 2231 5075 a
2276 5021 2506 5076 Domino
2566 5023 2954 5092 pronuntiatur
3022 5037 3036 5077 :
3097 5021 3283 5078 Estote
3338 5022 3516 5090 parati
3546 5023 3587 5073 δ.

2001 5114 2163 5186 767
2206 5115 2321 5170 Sint
2354 5116 2519 5170 lumbi
2552 5120 2709 5172 vestri
2738 5120 3028 5187 prwcincti,
3054 5129 3103 5173 et
3150 5122 3375 5173 lucerna:
3407 5129 3591 5170 vestrae

2001 5209 2055 5261 in
2104 5208 2347 5263 manibus
2398 5210 2606 5265 vestris.
2664 5209 2730 5264 Et
2785 5213 2935 5266 eritis
2980 5221 3230 5280 tanquam
3268 5209 3389 5262 boni
3431 5210 3586 5273 servi,

2000 5306 2358 5368 exspectantes
2392 5301 2663 5356 dominum
2692 5317 2844 5357 suum
2875 5304 2917 5357 ".
2950 5302 3016 5356 Ut
3047 5303 3183 5356 enim
3212 5301 3302 5369 fur
3329 5300 3393 5354 de
3416 5310 3585 5364 nocte,

1559 5452 1580 5482 ’
1606 5450 1664 5525 F.
1685 5452 1901 5525 sinuat

1993 5461 2054 5510 et-
2079 5457 2233 5525 ἡμῖν.
2312 5456 2331 5488 ³
2367 5455 2526 5513 Rom.
2564 5475 2639 5523 vt,
2672 5458 2725 5514 9.
2817 5459 2839 5490 ⁸
2877 5457 3067 5512 Matth.
3100 5472 3251 5524 χιιι,
3277 5454 3385 5524 56;
3416 5455 3585 5514 Marc.

1167 5520 1186 5550 ⁶
1219 5520 1411 5575 Matth.
1445 5537 1593 5589 xxxv,
1633 5523 1724 5577 44.
1803 5525 1821 5554 ⁷
1861 5524 1995 5579 Luc.
2041 5520 2138 5591 xu,
2174 5525 2265 5582 55.
2625 5520 2633 5523 ⁷
2740 5550 2749 5555 η

1994 5681 2273 5755 gust.lib.
2314 5697 2326 5735 l
2357 5680 2435 5736 De
2472 5682 2822 5755 Trinit.,cap.
2860 5684 2958 5754 l2;
3003 5683 3175 5744 llilar.
3210 5701 3264 5743 Ix
3307 5686 3382 5744 De
3412 5686 3587 5754 Trim,

2003 5759 2058 5807 et
2091 5752 2185 5807 alii
2216 5755 2550 5823 complures.
