3994 6226
400 279 500 332 27!
1812 286 1867 340 S.
1911 285 2254 344 EPIPIIANII
3578 297 3694 352 272

400 395 477 448 sic
534 392 737 450 advenit
785 394 895 450 dies
944 393 1096 450 illa'.
1149 396 1247 452 Cui
1299 406 1351 453 ct
1417 408 1643 456 sanctus
1691 404 1987 474 Apostolus

2106 410 2199 475 Ὧς
2227 409 2335 479 γὰρ
2370 410 2609 479 λῃστὴς
2650 410 2717 464 ὲν
2751 411 2950 476 νυκτὶ,
2991 411 3178 478 οὕτως
3215 411 3612 482 παραγίνεται
3649 415 3696 482 ἡ

401 485 724 556 aslipulatur
755 503 769 540 :
808 484 928 541 Non
957 488 1109 553 estis,
1143 488 1344 558 inquit,
1389 492 1718 546 tenebrarum
1757 496 1877 564 ﬁlii,
1903 497 1987 551 sed

2096 502 2308 570 ἡμέρα.
2358 503 2469 555 Καὶ
2505 503 2534 555 6
2573 502 2729 571 ἅγιος
2768 503 3089 567 Ἀπόστολός
3135 520 3336 575 φησιν’
3382 503 3506 556 οὐκ
3543 501 3695 556 ἐστὲ

403 577 546 640 diei;
578 593 641 630 ne
668 578 778 631 dies
810 586 1062 649 tanquam
1108 580 1198 650 fur
1233 597 1322 635 vos
1358 583 1714 651 apprehendat
1737 586 1778 639 ³.
1813 586 1987 652 Quare

2095 596 2357 660 σκότους
2385 593 2590 662 τέκνα,
2620 594 2784 649 ἀλλὰ
2829 595 3084 665 ἡμέρας,
3113 596 3214 649 ἵνα
3240 596 3278 662 ἠ
3315 594 3507 665 ἡμέρα
3533 592 3696 664 ὑμᾶς

400 681 528 721 cum
557 664 661 722 diei
699 666 794 720 filii
825 669 1066 724 tenebris
1117 685 1226 724 non
1275 671 1642 737 abducantur,
1684 673 1779 730 sed
1817 677 1994 746 parati

399 758 530 822 sint,
561 757 818 828 quoniam
850 774 957 830 qua
997 760 1086 816 die
1132 762 1407 828 nesciunt,
1451 771 1506 820 et
1547 781 1652 836 qua
1702 767 1839 822 hora
1878 784 1991 825 non

396 856 735 920 exspectant,-
755 849 1012 908 daminus
1035 852 1278 924 ipsorum
1303 855 1556 924 advenit;
1589 858 1744 923 nihil,
1770 861 1988 931 opinor,

395 958 425 996 a
461 943 636 997 servis
671 943 808 1007 suis,
850 958 915 999 ac
949 944 1056 1000 diei
1099 945 1225 1001 filiis
1255 946 1324 1011 is,
1359 948 1453 1018 qui
1484 949 1715 1005 istarum
1743 952 1987 1008 omnium

395 1047 560 1087 causa
597 1033 704 1090 illis
732 1042 838 1099 est,
871 1035 1316 1106 splendidissima
1345 1056 1444 1096 sua
1476 1057 1712 1112 persona
1747 1060 1810 1100 ac
1843 1046 1988 1102 divi-

394 1124 566 1178 nitate
601 1125 957 1196 discrepabit.
1001 1130 1080 1184 Ac
1119 1131 1351 1197 scilicet,
1387 1133 1616 1203 perinde
1666 1143 1724 1191 ut
1771 1137 1880 1193 diei
1922 1139 1989 1193 il-

393 1215 500 1269 lius
534 1215 709 1284 ignari
753 1215 1130 1289 imparatique,
1184 1221 1400 1277 nescius
1445 1231 1501 1278 et
1543 1224 1860 1295 imprudens
1892 1243 1987 1283 oc-

392 1305 705 1374 cupabitur,
748 1308 850 1361 hac
895 1309 1016 1378 ipsa
1064 1324 1125 1364 re
1173 1325 1405 1367 mancus
1449 1326 1516 1368 ac
1548 1314 1814 1372 defectus.
1849 1318 1985 1385 Quis

391 1397 527 1452 adeo
564 1398 806 1455 furiosus
839 1407 924 1456 est
969 1416 1034 1456 ac
1079 1418 1295 1474 vecors,
1324 1413 1384 1458 ut
1433 1407 1702 1477 ejusmodi
1733 1415 1983 1483 quaedam

389 1489 458 1542 de
491 1489 714 1546 Christo
746 1493 970 1564 cogitet,
1017 1494 1279 1551 nimirum
1321 1497 1566 1568 ejusdem
1606 1502 1758 1559 illum
1788 1507 1982 1563 condi-

387 1581 553 1638 tionis
581 1599 723 1650 esse,
754 1585 914 1656 cujus
958 1587 1209 1644 homines
1257 1599 1387 1646 sunt
1430 1591 1552 1663 ejus
1586 1595 1887 1655 daminatui
1917 1616 1982 1657 ac

386 1673 692 1746 disciplinae
721 1680 989 1750 subjecti;
1025 1691 1119 1736 aut
1151 1690 1209 1736 ut
1241 1683 1544 1743 deteriores
1575 1688 1653 1744 illi
1683 1692 1778 1762 qui
1814 1693 1984 1765 impa-

386 1768 804 1842 ratiignarique
828 1774 996 1828 sunt?
1029 1774 1124 1829 Est
1175 1776 1308 1832 illud
1349 1792 1482 1835 sane
1524 1796 1688 1852 quam
1721 1785 1982 1843 stolidum
2017 1768 2056 1823 Β

385 1877 448 1916 ac
483 1863 794 1920 ridiculum.
821 1865 1186 1932 Quamobrem
1215 1885 1343 1926 cum
1385 1873 1501 1928 hzec
1551 1874 1627 1929 ita
1677 1892 1738 1933 se
1778 1878 1982 1938 habere

391 1961 684 2022 nequeant,
727 1960 782 2008 et
813 1955 991 2011 oratio
1021 1957 1139 2028 ipsa
1170 1971 1294 2012 cum
1327 1975 1430 2015 usu
1465 1973 1786 2032 comparata
1822 1980 1984 2036 repu-

397 2057 566 2111 gnare
598 2043 866 2111 videatur,
894 2048 1255 2118 excogitanda
1297 2050 1457 2107 nobis
1489 2051 1671 2122 aliqua
1706 2055 1844 2110 ratio
1873 2063 1979 2122 est,

388 2133 751 2204 ut_,utrisque
803 2136 921 2192 sine
956 2137 1064 2192 ulla
1116 2141 1549 2200 contradictione
1604 2145 1794 2213 salvis,
1825 2162 1855 2201 a
1884 2162 1980 2204 ve-

385 2223 549 2278 ritate
584 2240 694 2281 non
725 2227 1066 2286 excidamus.
1099 2229 1315 2287 Mentiri
1346 2234 1547 2306 quippe
1575 2233 1838 2295 Dominus
1867 2255 1978 2296 non

383 2322 584 2386 potest,
616 2323 712 2369 aut
754 2317 822 2372 ad
857 2317 1020 2373 vitam
1043 2327 1308 2402 _nostram
1341 2322 1735 2382 instituendam
1772 2327 1979 2388 frustra

381 2406 584 2476 aliquid
633 2409 946 2479 praecipere.
1002 2411 1272 2477 Quocirca
1313 2417 1599 2487 cognoscit
1628 2417 1794 2475 Patcr
1827 2422 1974 2480 diem

378 2498 552 2564 illum,
601 2502 884 2571 cognoscit
943 2509 998 2558 et
1052 2502 1246 2571 Filius,
1305 2509 1588 2579 cognoscit
1636 2518 1691 2566 et
1738 2511 1977 2584 Spiritus

380 2602 626 2650 sanctus.
662 2594 774 2652 Nec
800 2603 886 2651 est
913 2597 1214 2669 quidquam
1272 2601 1326 2656 in
1355 2600 1517 2658 Patre
1560 2619 1591 2658 a
1623 2604 1762 2662 Filio
1793 2607 1977 2664 diver—

383 2700 528 2752 sum,
589 2694 682 2740 aut
734 2688 790 2741 in
847 2687 986 2744 Filio
1035 2703 1066 2743 a
1127 2690 1334 2761 Spiritu
1387 2705 1578 2752 sancto
1616 2697 1971 2771 discrepans;

375 2777 839 2846 quemadmodum
875 2780 927 2834 in
965 2795 1292 2854 unaquaque
1323 2786 1668 2855 superiorum
1691 2789 1974 2848 itaresean

375 2865 688 2930 refutanda,
723 2867 814 2923 ubi
862 2867 914 2922 id
964 2886 1188 2928 necesse
1231 2872 1352 2941 fuit,
1385 2876 1710 2935 certissimis
1741 2882 1974 2938 rationi-

374 2958 478 3014 bus
511 2961 874 3026 ostendimus,
904 2974 1315 3021 sacrosanctam
1350 2968 1605 3026 videlicet
1639 2970 1968 3032 Trinitatem

373 3065 482 3104 uua
513 3050 798 3112 divinitate
825 3062 1100 3120 constare,
1133 3072 1312 3129 neque
1359 3059 1665 3131 quidquam,
1685 3064 1966 3123 diversum

374 3143 426 3196 in
475 3158 596 3199 sese
641 3144 961 3216 variumque
1005 3148 1329 3216 continere;
1377 3150 1475 3207 sed
1514 3153 1688 3222 ipsam
1735 3157 1966 3214 omnino

371 3235 761 3304 perfectionem
792 3253 935 3304 esse,
974 3239 1026 3294 in
1055 3255 1162 3310 qua
1193 3242 1296 3296 tria
1324 3242 1566 3314 perfecta
1597 3246 1731 3313 sint,
1763 3250 1964 3319 quibus

370 3327 538 3382 unius
570 3336 624 3382 et
653 3328 950 3398 singularis
984 3332 1170 3402 gloriae
1212 3335 1528 3404 praedicatio
1567 3351 1632 3392 ac
1666 3319 1965 3412 singularis

371 3418 672 3474 dominatio
701 3422 1003 3484 tribuatur.
1110 3469 1112 3471 μ
1963 3483 1968 3494 .

442 3508 607 3565 XLV.
644 3511 801 3569 Dices
835 3532 850 3568 :
885 3513 995 3569 Cur
1034 3515 1199 3588 igitur
1228 3517 1332 3574 hoc
1361 3519 1452 3576 ille
1483 3521 1658 3578 dicit?
1691 3521 1812 3580 Jam
1841 3526 1961 3598 qui-

370 3603 493 3659 dem
526 3605 663 3660 alias
694 3606 850 3662 nobis
879 3607 969 3661 illa
1001 3609 1275 3680 disputata
1303 3613 1667 3683 quaestioest,
1697 3618 1791 3674 sed
1826 3619 1964 3674 nihil

370 3695 534 3750 modo
585 3697 869 3766 prohibet,
924 3699 1218 3768 quominus
1263 3702 1454 3759 eadem
1509 3705 1600 3761 illa
1651 3715 1963 3780 repetamus

375 3788 481 3844 hoc
513 3788 655 3844 loco.
694 3789 868 3860 Atque
897 3789 1117 3847 eosdem
1167 3793 1292 3852 illos
1325 3795 1641 3855 verissimas
1666 3780 1964 3859 sermones

377 3894 647 3949 usurpare
678 3895 854 3950 neque
883 3897 969 3937 me
998 3882 1201 3954 pigebit
1228 3884 1270 3949 ³,
1327 3893 1381 3941 et
1412 3887 1710 3946 lectoribus
1736 3892 1804 3947 ad
1827 3908 1962 3956 cau-_

371 3971 574 4028 tionem
640 3973 809 4039 utile,
870 3983 1031 4044 atque
1089 3974 1158 4030 ad
1226 3977 1552 4035 refellendos
1613 3981 1963 4043 adversarios

367 4066 691 4136 cumprimis
725 4075 1093 4138 opportunum
1123 4067 1356 4126 videtur.
1389 4070 1480 4128 Sic
1519 4073 1685 4146 igitur
1724 4091 1845 4134 sese
1872 4095 1964 4136 res

367 4159 548 4215 habet.
607 4159 897 4230 Triplicem
950 4159 1003 4215 in
1067 4160 1160 4217 illa
1221 4163 1342 4220 loco
1395 4164 1650 4224 Christus
1709 4171 1960 4228 ordinem

365 4251 693 4321 proposuit:
731 4250 967 4318 Patrem,
1017 4253 1256 4324 seipsum
1306 4271 1370 4311 ae
1419 4259 1673 4316 ccelestes
1709 4263 1957 4333 angelos.

369 4340 446 4394 Ex
474 4343 674 4412 quibus
715 4341 862 4398 Patri
898 4344 1118 4414 quidem
1161 4346 1326 4418 768
1358 4348 1503 4421 illius
1551 4350 1659 4406 diei
1708 4354 1958 4409 notitiam

2090 685 2178 755 μὴ
2229 687 2310 752 ὡς
2341 686 2609 755 κλέπτης
2641 688 2971 756 καταλάϐῃ.
3023 689 3087 742 Εἴ
3133 686 3313 741 τοίνυν
3353 688 3403 739 οἱ
3443 685 3551 740 υἱοὶ
3588 686 3695 758 τῆς

2095 778 2307 852 ἡμέρας
2335 781 2433 851 οὐχ
2472 780 2578 834 ὑπὸ
2609 781 2838 845 σκότους
2871 780 3273 843 καλύπτονται,
3309 780 3446 835 ἀλλά
3479 781 3692 852 ἕτοιμοι

2095 871 2359 942 γίνονται,
2402 873 2486 926 ὅτι
2515 866 2677 945 ᾖούκ
2709 872 2915 927 οἴδασιν
2945 873 3146 946 ἡμέρᾳ,
3176 873 3271 926 καὶ
3373 873 3434 926 οὐ
3464 873 3694 944 προσδο-

2094 964 2264 1018 κῶσιν
2299 963 2440 1037 ὥρᾳ,
2473 966 2503 1018 6
2535 965 2806 1037 δεσπότης
2837 965 3018 1020 αὐτῶν
3053 963 3450 1037 παραγίνεται⁹
3482 964 3591 1036 ἀρα
3621 964 3690 1018 οὐ

2091 1055 2364 1124 διαλλάξει
2416 1056 2569 1122 παρά
2617 1057 2744 1120 τοὺς
2797 1056 2963 1112 αὑτοῦ
3003 1056 3226 1120 δούλους
3269 1056 3362 1110 καὶ
3393 1057 3541 1121 υἱοὺς
3585 1057 3690 1128 τῆς

2090 1149 2308 1220 ἡμέρας
2351 1149 2439 1202 διά
2482 1148 2582 1221 τὴν
2627 1148 2792 1203 αὐτοῦ
2836 1148 3104 1222 φωτεινὴν
3147 1148 3446 1203 ὑπόστασιν
3493 1167 3552 1202 τε
3591 1150 3691 1202 καὶ

2092 1239 2342 1314 θεότητα,
2377 1241 2541 1305 αὐτὸς
2579 1241 2751 1306 αἴτιος
2782 1243 2967 1306 αὐτοῖς
3010 1241 3215 1296 τούτων
3255 1241 3565 1312 τυγχάνων.
3609 1242 3688 1294 Ἦ

2089 1332 2193 1398 δτι,
2221 1332 2298 1396 ὡς
2322 1333 2373 1386 οἱ
2402 1333 2723 1402 ἀγνοοῦντες
2773 1333 2874 1405 τὴν
2905 1333 3120 1406 ἡμέραν
3142 1375 3157 1400 ,
3190 1334 3287 1388 καὶ
3331 1332 3408 1404 μὴ
3459 1334 3689 1404 ἕτοιμα-

2093 1423 2330 1489 σθέντες,
2360 1425 2841 1497 καταληφθήσεται
2867 1425 3098 1495 ἀγνοῶν,
3131 1425 3227 1479 καὶ
3252 1425 3345 1479 ὑπ’
3378 1424 3685 1480 ἐλαττώσει

2087 1516 2390 1588 τυγχάνων.
2429 1519 2526 1582 Τίς
2556 1518 2612 1571 δὲ
2647 1516 2909 1590 μεμηνὼς
2955 1517 3130 1598 ταῦτα
3175 1518 3304 1589 περὶ
3341 1518 3552 1590 Κυρίου
3589 1519 3687 1572 λο-

2089 1609 2314 1678 γίσοιτο,
2347 1611 2430 1666 ὅτι
2463 1611 2625 1676 αὐτὸς
2659 1611 2835 1676 ἔσται,
2882 1611 2959 1675 ὡς
2984 1611 3034 1664 οἱ
3097 1611 3189 1665 ὑπ’
3223 1611 3390 1666 αὐτοῦ
3421 1611 3686 1676 δεσποζὸ-

2091 1713 2242 1765 μενοι
2269 1696 2571 1769 ἄνθρωποι,
2593 1699 2686 1752 καὶ
2716 1699 3215 1771 μεμαθητευμένοι,
3239 1699 3273 1771 ἢ
3295 1699 3372 1764 ὡς
3389 1702 3440 1754 οί
3463 1701 3686 1773 χείρους

2084 1787 2173 1842 διὰ
2218 1788 2317 1862 τὴν
2367 1790 2549 1844 αὐτῶν
2605 1791 2993 1862 ἀνστοιμασίαν
3029 1792 3124 1846 καὶ
3169 1790 3428 1862 ἀγνοιαν;
3475 1793 3586 1848 Καὶ
3617 1795 3688 1847 τὺ

2084 1881 2206 1936 ὅλον
2234 1883 2383 1937 ἐστὶν
2423 1883 2652 1954 ἡλίθιον.
2690 1883 2756 1938 Εἴ
2793 1885 2973 1940 τοίνυν
2999 1884 3172 1940 ταῦτα
3197 1886 3260 1940 οὐ
3289 1885 3512 1941 δύναται
3537 1887 3685 1958 πλη·-

2086 1975 2346 2046 ροῦσθαι,
2389 1977 2419 2031 6
2461 1977 2518 2030 δὲ
2551 1977 2709 2048 λόγος
2756 1980 3250 2053 παρεκτεινόμενος
3292 1981 3570 2047 ἀντίθετος
3608 1986 3682 2056 τῇ

2082 2069 2274 2139 χρήσει
2307 2069 2692 2142 εὑρεθήσεται·
2721 2071 2832 2142 ἄρα
2856 2072 3118 2145 ζητητέον
3147 2074 3294 2142 ἐστὶ,
3316 2074 3441 2128 τίνα
3466 2077 3559 2130 τὸν
3585 2075 3682 2129 λό·

2081 2175 2177 2228 γον
2199 2158 2470 2232 εὕρωμεν,
2508 2163 2594 2216 ἵνα
2614 2203 2630 2228 ,
2675 2164 3037 2229 ἀναντιθέτως
3064 2165 3174 2220 τῶν
3207 2167 3534 2238 ἀμφοτέρων
3567 2185 3682 2222 σω-

2081 2249 2325 2321 ζομένων
2352 2292 2366 2317 ,
2403 2253 2475 2325 μὴ
2517 2255 2884 2328 ἐκτραπῶμεν
2922 2258 3021 2329 τῆς
3069 2257 3347 2329 ἀληθείας.
3389 2258 3682 2315 Ἀδύνατον

2079 2340 2188 2411 γὰρ
2225 2342 2317 2396 τὸν
2348 2343 2556 2416 Κύριον
2586 2345 2915 2416 ψεύδεσθαι,
2951 2348 3046 2400 καὶ
3074 2347 3338 2404 ἀδύνατον
3367 2349 3532 2403 αὐτὸν
3561 2352 3681 2420 μά-

2076 2448 2177 2502 την
2208 2433 2313 2496 τὰς
2341 2433 2634 2506 ἐξηγήσεις
2666 2437 2747 2500 είς
2770 2437 3047 2509 ἡμετέραν
3070 2435 3218 2508 ζωὴν
3248 2438 3543 2493 ποιεῖσθαι.
3586 2440 3679 2493 Γι-

2077 2522 2276 2578 νώσκει
2307 2525 2486 2580 τοίνυν
2511 2528 2540 2579 6
2570 2527 3057 2600 Πατὴρ,γινώσκει
3083 2531 3112 2582 6
3145 2529 3293 2596 Υἱὸς,
3321 2530 3589 2598 γινώσκει
3614 2532 3679 2585 τὸ

2076 2611 2232 2682 ἆγιον
2276 2614 2523 2684 Πνεῦμα.
2579 2617 2746 2670 Οὐδὲν
2791 2616 2900 2688 γὰρ
2949 2620 3228 2691 ὲνοΠατρὶ
3277 2620 3678 2692 διηλλαγμένον

2077 2703 2228 2774 παρὰ
2253 2703 2344 2757 τὸν
2377 2705 2529 2771 Υίὸν,
2553 2706 2673 2760 οὐδὲ
2699 2709 2758 2761 ὲν
2789 2707 2903 2778 Υίῷ
2931 2707 3388 2781 παρηλλαγμένον
3427 2710 3581 2781 παρά
3612 2710 3679 2764 τὸ

2075 2794 2324 2866 Πνεῦμα,
2355 2796 2431 2860 ὡς
2462 2799 2522 2852 ὲν
2551 2798 2760 2873 ἑκάστῃ
2795 2798 2905 2854 τῶν
2946 2800 3364 2871 προειρημένων
3396 2801 3674 2872 αἱρέσεων

2074 2886 2133 2940 ὲν
2193 2888 2353 2961 χρείᾳ
2399 2889 2768 2955 καταστάντες
2839 2891 3235 2964 ἀπεδείξαμεν,
3284 2893 3345 2957 ἐξ
3399 2893 3675 2965 ἀληθινιῖιν

2073 2978 2388 3034 συστάσεων
2415 2980 2513 3052 τὴν
2557 2981 2766 3054 Τριάδα
2795 2977 2938 3036 εἶναι
2981 2983 3110 3055 μίαν
3139 2982 3404 3056 θεότητα,
3434 2986 3532 3038 καὶ
3562 3003 3675 3056 μη-

2069 3068 2159 3124 δὲν
2183 3069 2328 3140 ἔχειν
2354 3073 2414 3126 ὲν
2447 3073 2614 3145 ἑαυτῇ
2651 3073 3130 3146 παρηλλαγμένον,
3174 3075 3311 3129 ἀλλὰ
3337 3075 3402 3130 τὸ
3439 3078 3550 3131 πᾶν
3579 3095 3672 3132 τε-

2070 3162 2318 3234 λειότης,
2355 3163 2483 3236 τρία
2523 3163 2742 3232 τέλεια,
2794 3165 2894 3236 μία
2927 3165 3237 3236 δοξολογία,
3288 3166 3386 3221 καὶ
3429 3167 3531 3239 μία
3571 3186 3674 3222 κυ-

2067 3256 2276 3330 ριότης.

2137 3519 2270 3574 ME'.
2316 3518 2453 3573 Ἀλλ’
2488 3518 2634 3591 ἐρεῖς
2663 3536 2755 3590 μοι
2774 3536 2787 3550 ·
2820 3519 2940 3575 Τίνι
2975 3522 3157 3576 τοίνυν
3185 3521 3264 3593 τῷ
3296 3521 3441 3593 λόγῳ
3472 3524 3665 3596 εἴρηκε

2065 3609 2252 3676 τοῦτο;
2281 3611 2392 3665 Καὶ
2435 3611 2536 3683 ἡδη
2567 3611 2666 3682 μὲν
2693 3611 2830 3685 ἀλλῃ
2861 3629 2951 3682 μοι
2989 3613 3119 3684 περὶ
3151 3614 3245 3668 τοῦ
3273 3613 3434 3684 λόγου
3465 3614 3662 3669 τούτου

2065 3703 2407 3775 πέφρασταιο
2430 3705 2582 3759 οὐδὲν
2605 3705 2662 3759 δὲ
2687 3704 2924 3759 κωλύσει
2948 3708 3063 3768 τοῖς
3097 3706 3280 3770 αὐτοῖς
3309 3705 3654 3776 προσθεῖναι.

2064 3797 2175 3850 Καὶ
2217 3799 2286 3851 τὰ
2323 3797 2464 3852 αὐτὰ
2497 3796 2726 3870 ἀληθινὰ
2761 3799 2983 3871 ῥήματα
3029 3799 3210 3868 λέγειν
3263 3799 3390 3870 ἐμοὶ
3429 3799 3530 3870 μὲν
3561 3801 3664 3854 οὐκ

2065 3889 2300 3960 ὀκνηρὸν
2319 3930 2336 3958 ,
2370 3893 2482 3955 τοῖς
2509 3891 2566 3944 δὲ
2595 3891 3016 3961 ἐντυγχάνουσιν
3045 3891 3287 3960 ἀσφαλὲς
3317 3890 3475 3943 ἔσται
3497 3929 3513 3955 ,
3544 3893 3660 3955 τοῖς

2071 3982 2129 4037 δὲ
2161 3982 2423 4047 ἐναντίοις
2474 3984 2557 4048 εἰς
2602 3983 2844 4055 ἔλεγχον.
2894 3983 2959 4038 Ἡ
2999 3982 3110 4053 γὰρ
3157 3983 3418 4046 ὑπόθεσις
3470 3982 3662 4037 τοῦτον

2063 4072 2178 4145 ἔχει
2202 4073 2297 4127 τὸν
2325 4073 2546 4144 τρόπον.
2583 4074 2723 4146 Τρία
2773 4073 2883 4145 γὰρ
2913 4075 3175 4145 τάγματα
3210 4074 3268 4128 ὲν
3323 4073 3506 4145 ταυτῷ
3553 4076 3659 4128 ὑπ-

2063 4165 2382 4236 εισήνεγκεν
2410 4167 2468 4219 ὲν
2493 4165 2663 4237 μέσῳ,
2682 4167 2930 4238 Πατέρα,
2958 4166 3055 4220 καὶ
3084 4165 3296 4229 ἑαυτὸν,
3318 4166 3411 4219 καὶ
3446 4167 3659 4231 πάντας

2061 4256 2329 4326 ἀγγέλους
2359 4259 2418 4311 ὲν
2453 4258 2691 4330 οὐρανῷ.
2721 4259 2834 4312 Καὶ
2864 4257 2941 4330 τῷ
2973 4259 3072 4331 μὲν
3104 4259 3282 4330 Πατρὶ
3313 4259 3566 4314 ἀπέδωκε
3601 4260 3660 4314 τὸ

2063 4349 2283 4414 εἰδέναι,
2329 4349 2392 4402 οὐ
2443 4350 2604 4421 μόνον
2635 4351 2840 4422 εἴδησιν
2873 4348 3244 4404 ὑποδεικνύων
3285 4349 3380 4404 καὶ
3431 4352 3656 4418 γνῶσιν,

365 4433 576 4487 detulit.
629 4432 816 4503 Neque
869 4435 1009 4490 hanc
1049 4438 1225 4492 solum
1275 4439 1557 4507 indicavit,
1608 4442 1702 4499 sed
1755 4451 1810 4499 et
1852 4445 1960 4500 alia

2075 4441 2201 4497 Ξιλλά
2227 4443 2323 4496 καὶ⁹
2347 4443 2417 4497 τὰ
2442 4444 2530 4498 ἀεὶ
2557 4444 2708 4515 παρὰ
2741 4446 2855 4498 Πατ
2867 4444 2920 4516 ρί
2956 4444 3050 4498 καὶ
3082 4443 3232 4516 παρὰ
3273 4444 3387 4515 Υίῷ
3416 4446 3660 4515 ἀναμφι-

365 4526 570 4591 omnia,
595 4541 716 4596 quae
761 4526 815 4580 in
867 4525 1050 4583 Patris
1091 4543 1158 4584 ac
1214 4526 1339 4583 Filii
1383 4539 1650 4600 potestate
1695 4534 1816 4590 sine
1850 4537 1958 4591 ulla

2075 4533 2238 4599 δόλως
2271 4535 2663 4607 κεκρατημένα
2689 4553 2750 4589 τε
2781 4537 2876 4590 καὶ
2909 4537 3307 4608 γεγεννημένα,
3338 4537 3434 4589 καὶ⁵
3461 4537 3656 4607 εἴργα-

364 4617 740 4673 controversia
778 4625 1041 4686 perpetuo
1071 4617 1312 4685 fuerunt,
1337 4635 1567 4692 quaeque
1601 4624 1671 4678 ab
1701 4625 1808 4681 illis
1839 4641 1959 4696 pro-

369 4709 526 4764 ducta
561 4723 627 4763 ac
666 4707 907 4778 perfecta
955 4718 1104 4765 sunt.
1156 4709 1319 4766 Novit
1368 4712 1554 4783 itaque
1599 4713 1765 4770 Pater
1811 4717 1954 4774 diem

365 4803 546 4867 illam;
600 4801 771 4865 novit,
827 4799 1072 4868 inquam,
1114 4809 1168 4856 et
1215 4801 1496 4871 produxit,
1556 4818 1621 4857 ac
1663 4804 1951 4875 judicavit,

363 4901 522 4964 prout
569 4892 623 4946 in
661 4888 888 4946 Joannis
923 4889 1213 4962 Evangelia
1258 4891 1523 4949 Dominus
1560 4905 1793 4952 narrat:
1837 4897 1949 4952 Pa-

363 4995 459 5050 ter,
500 4984 696 5054 inquit,
743 4983 1000 5036 neminem
1025 4983 1313 5052 judicabit,
1348 4985 1437 5040 sed
1492 5003 1643 5042 omne
1678 4987 1946 5056 judicium

359 5077 500 5132 dedit
537 5074 680 5130 Filia
702 5075 742 5130 ’⁵.
800 5074 914 5130 lloc
945 5077 1090 5130 enim
1124 5081 1245 5148 ipsa
1282 5079 1427 5149 quod
1462 5079 1733 5150 judicium
1773 5084 1944 5150 dedit,

353 5171 632 5240 judicasse
660 5169 935 5240 putandus
967 5176 1070 5225 est.
1104 5169 1246 5243 Ergo
1274 5186 1399 5226 cum
1427 5171 1773 5242 judicaverit,
1799 5179 1949 5233 navit

357 5262 574 5331 quando
605 5264 675 5317 sit
715 5262 805 5316 illa
835 5262 954 5318 dies
985 5269 1232 5318 ventura.
1267 5262 1404 5318 Nam
1433 5265 1522 5336 qui
1555 5284 1656 5321 non
1691 5269 1857 5324 credit
1889 5272 1945 5325 in

358 5352 582 5417 Filium,
626 5354 744 5423 jam
800 5354 1068 5421 iudicatus
1127 5364 1202 5409 est
1227 5356 1269 5408 ⁵.
1317 5355 1434 5412 Non
1491 5360 1636 5428 quod
1675 5361 1942 5432 judicium

352 5446 464 5511 jam
510 5445 853 5514 praeterierit,
896 5445 992 5501 sed
1048 5445 1192 5515 quod
1230 5460 1351 5516 quae
1405 5458 1536 5504 tunc
1584 5449 1765 5506 futura
1819 5463 1949 5509 sunt

355 5536 516 5590 modo
540 5535 887 5590 declarentur
920 5554 932 5590 :
967 5536 1272 5606 cujusmodi
1304 5537 1566 5609 quiddam
1602 5539 1655 5595 in
1687 5545 1946 5612 prrcscnti

426 5719 440 5748 ¹
480 5714 721 5771 ΙΤΙιεδε.
765 5731 816 5774 ν.
846 5716 898 5772 2.
977 5719 996 5748 ³
1028 5717 1157 5774 ibid.
1241 5715 1294 5771 4.

1413 5720 1433 5752 ³
1469 5719 1702 5793 Philipp.
1738 5737 1820 5790 Ill,
1847 5726 1898 5778 1.
1977 5726 1998 5758 ⁸
2022 5724 2175 5783 Joan.
2210 5745 2261 5795 v,
2298 5729 2388 5786 22.
2468 5733 2487 5763 ⁸
2517 5731 2678 5789 Joan.
2725 5750 2804 5801 Ill,
2845 5733 2923 5788 18.

2065 4628 2260 4698 σμένα.
2294 4629 2402 4682 Καὶ
2430 4631 2458 4682 6
2492 4629 2590 4699 μὲν
2617 4629 2808 4701 Πατὴρ
2833 4626 2943 4683 οἶδε
2973 4629 3071 4700 τὴν
3097 4630 3311 4701 ἡμέραν
3330 4647 3341 4657 ·
3383 4624 3524 4682 οἴδεν
3555 4631 3657 4682 αύ-

2061 4717 2161 4788 τὴν
2191 4718 2286 4771 καὶ
2311 4718 2628 4789 εἰργάσατο,
2682 4721 2778 4774 καὶ
2832 4721 3107 4792 πέπραχε,
3154 4720 3248 4774 καὶ
3295 4718 3530 4791 ἔκρινεν,
3575 4721 3654 4784 ὡς

2061 4809 2166 4880 ἔφη
2200 4810 2258 4863 ὲν
2282 4810 2362 4880 τῷ
2395 4811 2536 4864 κατὰ
2572 4810 2826 4882 Ἰωάννην
2857 4810 3178 4882 Εὑαγγελίῳ
3199 4826 3212 4839 ⁸
3245 4812 3327 4865 ὅτι
3369 4811 3420 4864 Ὁ
3445 4811 3651 4880 Πατὴρ

2059 4903 2278 4958 οὐδένα
2323 4903 2543 4973 κρινεῖ,
2573 4903 2735 4958 ἀλλὰ
2784 4903 2898 4973 τὴν
2932 4903 3141 4960 πᾶσαν
3179 4904 3385 4972 κρίσιν
3430 4902 3652 4957 δέδωκε

2055 4993 2136 5058 τῷ
2175 4993 2303 5059 Υὶῷ.
2351 4996 2440 5048 Ἐν
2482 4995 2703 5069 γὰρετῷ
2729 4995 3062 5063 δεδωκέναι,
3107 4995 3387 5066 κέκρικεν.
3443 4996 3650 5067 Κρίνας

2054 5085 2232 5139 τοίνυν
2259 5085 2422 5154 ἔγνω,
2453 5089 2616 5156 γνοὺς
2639 5084 2748 5141 οἶδε
2776 5088 2907 5141 πότε
2939 5087 3182 5158 ἔρχεται.
3226 5089 3288 5142 '0
3313 5087 3422 5160 γάρ
3447 5087 3533 5157 μὴ
3560 5105 3647 5142 πι-

2053 5178 2288 5231 στεύων
2312 5181 2399 5244 εὶς
2418 5179 2526 5232 τὸν
2557 5180 2693 5233 T167-
2725 5179 2841 5248 ἤδη
2877 5178 3160 5248 κέκριται,
3189 5181 3248 5234 οὐ
3282 5180 3382 5251 τῆς
3411 5180 3644 5250 κρίσεως

2054 5267 2461 5342 παρελθούσης,
2497 5269 2634 5323 ἀλλὰ
2657 5270 2768 5322 τῶν
2802 5271 2922 5324 τότε
2962 5271 3264 5343 μελλόντων
3289 5271 3507 5324 ἔσεσθαι
3543 5271 3641 5342 ἤδη

2053 5360 2549 5432 ἀποδεικνυμένων,
2591 5363 2666 5426 ὡς
2704 5364 2799 5416 καὶ
2828 5366 2922 5417 ἐπὶ
2958 5365 3114 5432 τύπῳ
3147 5365 3208 5417 τὸ
3233 5363 3476 5417 τοιοῦτον
3508 5364 3643 5432 πλη-

2055 5453 2261 5524 ροῦται.
2286 5449 2404 5507 Οῐδε
2426 5455 2446 5486 ⁸
2467 5454 2576 5525 γὰρ
2597 5458 2629 5526 ἡ
2652 5456 2841 5528 Γραφὴ
2862 5457 3065 5527 εἴδησιν
3088 5457 3184 5510 καὶ
3205 5456 3429 5527 εἴδησιν,
3447 5456 3522 5519 ὡς
3547 5453 3643 5508 καὶ

2053 5545 2316 5611 πολλάκις
2343 5549 2424 5612 είς
2448 5548 2508 5601 τὸ
2544 5551 2862 5604 συνεκτικὸν
2890 5551 3284 5622 κατερχόμενοι
3308 5550 3416 5604 ἀπὸ
3440 5551 3636 5620 ὁμοιω-

3033 5735 3052 5765 “
3093 5733 3250 5790 Deest
3284 5721 3540 5790 nonnihil
