3994 6226
358 383 467 442 273

1069 397 1438 459 ADVERSUS
1479 403 1821 463 ΗίΕῆεὸεὸ
1862 406 1948 461 Lll

2053 410 2083 463 l.
2129 410 2290 465 TOM.
2336 408 2396 465 ll.
2434 441 2500 449 —
2545 410 2815 466 "[ERES.
2862 410 3044 466 LXIX.

3533 415 3637 469 ΞΠ

360 500 552 595 μάτων
592 504 685 556 καὶ
728 509 1187 582 παραδειγμάτων
1236 517 1342 572 τῶν
1384 520 1482 591 ἢδη
1516 536 1946 592 πεπραγματευ-

2053 526 2268 595 negotio
2331 526 2597 579 cernitur.
2658 524 2869 594 Quippe
2944 524 3225 594 Scriptura
3292 542 3398 578 non
3472 543 3634 579 ιιιιιιτιι

363 592 546 685 μένων
575 596 673 668 τὴν
704 604 1005 671 σαφήνειαν
1037 603 1129 658 κᾶὶ
1167 607 1263 678 τὴν
1297 614 1501 681 φράσιν
1535 613 1775 685 ἑκάστης
1810 614 1943 667 6m-

356 684 584 752 θέσεως,
614 693 984 761 παριστῶντες
1011 697 1072 750 οὐ
1100 697 1464 772 διελείψαμεν.

2050 616 2293 669 scientiae
2340 630 2511 685 genus
2560 616 2964 683 complectitur.
3008 614 3276 668 (Izaternm
3314 616 3457 684 quod
3508 616 3635 669 hac—

1938 716 1941 717 ⁷
2049 715 2209 761 tenus
2249 721 2391 776 saepe
2421 721 2485 759 ac
2525 714 2849 761 constanter
2894 706 3145 773 fecimus,
3192 716 3250 762 ut
3287 709 3351 761 ad
3394 708 3494 772 rei,
3533 723 3637 775 qua

358 779 428 834 de
458 780 657 849 agitur,
693 783 1114 844 illustrationem
1172 799 1226 847 et
1286 795 1704 864 explicationem
1752 796 2142 855 similitudines
2184 798 2447 869 quasdam
2498 808 2551 852 et
2597 799 2846 867 exempla
2905 814 3333 869 proponeremus
3380 814 3443 853 ex
3507 814 3640 865 pra;~

360 872 538 963 teritis
580 874 745 930 rebus
783 893 846 932 ac
887 882 1075 949 gestis,
1122 896 1152 935 a
1199 884 1401 953 quibus
1458 887 1526 942 ad
1578 897 1958 959 argumentum
2016 892 2195 963 ipsum
2249 899 2302 945 et
2347 897 2510 960 caput
2566 890 2955 960 disputationis
3003 892 3431 960 perveniremus,
3496 890 3637 944 idem

362 960 423 1014 in
454 966 746 1031 praesentia
781 965 1090 1025 faciendum
1117 964 1325 1041 judico.

429 1054 584 1123 Μςν.
627 1057 898 1130 Λάὸωμεν
925 1061 1105 1117 τοίνυν
1139 1064 1451 1138 ὲξυπαρχῆς
1475 1065 1654 1135 αὖθις,
1686 1072 1780 1124 καὶ
1817 1071 1947 1143 περὶ

358 1145 565 1201 τούτων
586 1149 848 1220 εἴπωμεν.
867 1152 932 1205 Τί
952 1171 1114 1223 φατε,
1139 1150 1184 1209 ὦ
1208 1151 1385 1225 ditat;
1420 1160 1574 1231 ’ᾙδει
1610 1162 1781 1233 Ἀδὰμ
1806 1162 1949 1217 Εὕαν

357 1236 460 1308 τὴν
486 1242 722 1306 γυναῖκα
752 1243 918 1296 αὐτοῦ
945 1247 1039 1298 καὶ
1076 1249 1182 1318 πρὸ
1204 1251 1302 1320 τῆς
1341 1252 1625 1323 παρακοῆς
1657 1252 1751 1306 καὶ
1783 1271 1955 1325 παρα-

355 1330 609 1397 ϐάσεως,
652 1334 683 1404 ἢ
724 1337 826 1389 οὐκ
857 1338 1007 1408 156a;
1059 1341 1167 1394 Kal.
1202 1343 1262 1394 οὐ
1301 1342 1530 1396 δύνασθε
1572 1345 1848 1398 ἀντειπεῖν
1883 1349 1949 1417 τῇ

356 1423 614 1494 ἀληθείᾳ.
668 1426 794 1481 Ἐὰν
843 1430 953 1502 γὰρ
999 1431 1072 1503 μὴ
1109 1432 1372 1503 θελήσητε
1409 1435 1771 1506 ὀρθοποδῆσαι
1814 1438 1949 1507 πρὸς

370 1516 464 1566 τὸν
492 1517 732 1572 τοιοῦτον
761 1520 908 1584 νοῦν,
955 1523 1365 1595 ἐλεγχθήσεσθε.
1394 1522 1589 1583 Ἦσαν
1626 1529 1753 1600 γὰρ,
1794 1531 1946 1600 φησι,

360 1608 608 1675 γυμνοὶ,
635 1612 731 1664 καὶ
761 1615 874 1667 οὐκ
902 1615 1249 1685 ᾐσχύνοντο
1267 1636 1281 1648 ·
1314 1620 1537 1690 γυμνῶν
1574 1622 1630 1674 δὲ
1660 1623 1841 1676 αὐτῶν
1863 1623 1949 1675 ὅν-

358 1715 468 1750 των
491 1742 504 1763 ,
532 1702 624 1754 καὶ
650 1703 709 1755 οὗ
737 1704 1158 1773 τυφλωττὸντων
1179 1725 1193 1739 ·
1227 1709 1350 1763 οὔτε
1391 1711 1499 1783 γὰρ
1522 1712 1681 1766 τοῦτο
1710 1715 1950 1786 ἀρνήσα-

362 1792 486 1844 σθαι
538 1793 767 1849 δύνασθε
785 1838 798 1860 ,

360 1877 503 1936 Bias
540 1885 683 1953 γὰρ,
719 1888 906 1956 φησὶν,
957 1891 1083 1943 Εὕα
1132 1892 1196 1944 τὸ
1245 1892 1457 1959 ξύλον,
1499 1894 1589 1948 ὅτι
1641 1896 1834 1950 καλὸν
1862 1899 1950 1962 εἰς

354 1974 623 2040 βρῶσιν,
658 1979 755 2032 καὶ
794 1980 1011 2048 ὡραῖον
1055 1982 1163 2037 τοῦ
1207 1985 1596 2053 κατανοῆσαι.
1638 1989 1781 2057 Ἀρα
1819 1988 1948 2056 γοῦν

362 2065 504 2133 ᾔδει,
534 2068 626 2120 καὶ
650 2069 891 2140 ᾔδεισαν.
927 2073 1141 2138 Εἱδὸτες
1169 2075 1247 2141 δὲ,
1286 2076 1380 2129 καὶ
1409 2077 1662 2149 ὁρῶντες,
1686 2080 1949 2153 ἀλλήλους

358 2155 748 2225 ἐπεγίνωσκον.
774 2157 884 2215 Ἦν
912 2164 1050 2234 μετὰ
1082 2166 1249 2221 πολὺν
1270 2169 1285 2198 ¹
1312 2168 1525 2239 χρόνον,
1555 2171 1720 2240 φησὶν
1743 2172 1776 2243 ἡ
1804 2173 1948 2243 Γρα-

360 2246 473 2316 vi),
512 2249 611 2301 καὶ
648 2250 802 2320 ἔγνω
850 2255 1031 2325 Ἀδὰμ
1072 2258 1238 2311 Εὕαν
1282 2258 1398 2327 τὴν
1436 2261 1696 2329 γυναῖκα
1737 2262 1944 2317 αὑτοῦ.

374 2338 537 2394 Ἀλλὰ
565 2342 663 2411 τὴν
700 2343 796 2413 μὲν
831 2344 1055 2419 πρώτην
1092 2349 1301 2421 εἴδησιν
1331 2351 1424 2403 καὶ
1451 2351 1635 2421 βλέψιν
1658 2353 1788 2425 περὶ
1811 2353 1948 2425 εἰδή-

362 2446 501 2493 σεως
526 2432 592 2485 δι’
608 2435 852 2504 ὁράσεως
878 2440 1277 2513 συνισταμένης
1310 2442 1458 2512 λέγει
1486 2446 1579 2498 καὶ
1602 2445 1689 2499 διὰ
1711 2448 1943 2511 ἐννοίας·

362 2524 493 2594 περὶ
520 2525 578 2577 δὲ
615 2527 715 2597 τῆς
760 2529 1021 2602 δευτέρας
1070 2531 1346 2600 γνώσεως,
1397 2537 1525 2608 περὶ
1558 2538 1817 2609 εἰδήσεως
1854 2538 1949 2592 καὶ

360 2618 613 2687 χρήσεως
652 2619 987 2690 ἀπαγγέλλει
1012 2640 1026 2653 ο
1060 2624 1136 2689 ὡς
1172 2627 1265 2679 καί
1312 2643 1417 2681 που
1464 2629 1627 2682 Δαόὶδ
1663 2631 1945 2701 γηράσας,

356 2710 435 2774 ὡς
477 2711 622 2780 λέγει
658 2715 690 2785 ἡ
731 2714 850 2770 θεία
887 2718 1079 2791 Γραφή
1102 2735 1116 2750 ·
1152 2720 1262 2775 Καὶ
1297 2721 1561 2793 ἐγήρασε
1604 2724 1802 2792 Δαὸὶδ,
1851 2726 1949 2778 καὶ

358 2805 475 2858 οὐκ
527 2804 927 2877 ἐθερὶιαίνετο.
974 2814 1082 2865 Καὶ
1128 2808 1303 2867 εἷπον
1332 2813 1493 2880 αὐτῷ
1517 2818 1572 2873 οἱ
1598 2815 1807 2883 παῖδες
1839 2820 1948 2872 αὐ-

361 2896 470 2949 ⁸τοῦ
496 2915 509 2928 ⁸
540 2899 858 2968 Ζητηθήτω
882 2903 960 2966 τῷ
976 2903 1235 2966 βασιλεῖ
1257 2906 1574 2975 παρθένος.
1599 2908 1707 2961 Καὶ
1736 2909 1947 2978 εὑρέθη

372 2988 608 3043 Ἀϐισὰκ
651 2993 689 3060 ὴ
728 2994 1070 3063 Συναμῖτις.
1127 2997 1237 3051 Καί
1277 3014 1472 3067 φησιν’
1508 3000 1814 3053 Ἔθαλπεν
1840 3002 1947 3053 αὺ-

359 3077 488 3143 τὸν,
518 3080 615 3133 καὶ
643 3083 1041 3153 συνεκοιμᾶτο
1070 3085 1249 3151 αὐτῷ.
1294 3087 1403 3141 Καὶ
1429 3089 1539 3141 οὐκ
1566 3087 1727 3157 ἔγνω
1752 3088 1949 3157 αὐτὴν

2014 1528 2196 1575 recta
2273 1520 2523 1590 progredi
2605 1518 2819 1583 velitis,

2116 1061 2303 1117 XLVI.
2338 1061 2516 1129 Quare
2574 1061 2739 1117 altius
2791 1062 3021 1132 repetito
3074 1062 3365 1133 principio,
3408 1066 3473 1120 ad
3513 1084 3636 1123 eum

2046 1156 2267 1210 modum
2320 1169 2443 1207 cum
2498 1153 2606 1209 illis
2653 1168 2896 1225 agamus.
2956 1151 3098 1219 Quid
3153 1155 3371 1209 tandem
3420 1158 3641 1214 dicitis?

2047 1244 2185 1299 Num
2224 1244 2467 1299 Adamus
2513 1258 2738 1299 uxorem
2775 1243 2941 1298 Evam
2976 1244 3058 1297 vel
3098 1254 3223 1299 ante
3252 1256 3533 1314 peccatum
3577 1264 3641 1303 ac

2048 1338 2303 1391 violatam
2341 1337 2512 1406 legem
2551 1344 2797 1395 noverat.
2832 1337 3041 1390 necne?
3090 1334 3209 1391 Non
3245 1338 3473 1406 potestis
3498 1340 3639 1393 veri-

2048 1430 2144 1482 tati
2183 1443 2506 1498 repugnare.
2556 1427 2670 1482 Nisi
2703 1427 2849 1483 enim
2881 1428 2934 1481 in
2972 1427 3136 1496 hujus
3180 1430 3254 1482 rei
3290 1430 3642 1500 intelligentia

2896 1518 3152 1574 facillime
3214 1521 3639 1575 convincemini.

2050 1612 2243 1678 Erant,
2285 1613 2465 1683 inquit
2506 1611 2785 1682 Scriptura
2826 1612 2868 1675 ⁵,
2918 1612 3085 1679 nudi,
3138 1628 3230 1667 nec
3281 1613 3477 1681 pudore
3529 1616 3642 1684 afﬁ-

2049 1706 2342 1760 ciebantur.
2368 1706 2532 1775 Atqui
2565 1716 2678 1759 tum
2703 1704 2835 1759 nudi
2858 1712 3036 1771 erant,
3061 1720 3237 1775 neque
3267 1713 3447 1760 tamen
3470 1708 3595 1760 caeci
3623 1726 3638 1762 :

852 1799 925 1869 μὴ
979 1799 1279 1869 βλέποντας
1326 1804 1523 1868 αὐτοὺς
1577 1805 1944 1877 ὁμολογῆσαν

2053 1800 2192 1870 quod
2224 1799 2443 1869 quidem
2477 1798 2707 1852 inliciari
2732 1812 2837 1851 non
2872 1798 3127 1866 potestis,
3156 1805 3251 1851 aut
3287 1812 3394 1851 non
3424 1798 3640 1853 videndi

2054 1890 2313 1946 facultate
2367 1889 2625 1960 praeditos
2680 1903 2942 1943 asserere.
2996 1888 3137 1942 Vidit
3193 1889 3367 1953 enim,
3428 1890 3641 1960 inquit,

2054 1979 2165 2035 Era
2205 1982 2427 2051 lignum,
2464 1981 2711 2050 quoniam
2762 1980 2952 2034 bonum
2996 1991 3075 2034 est
3128 1979 3197 2033 ad
3244 1979 3642 2043 comedendum.

2049 2083 2109 2139 et
2143 2075 2419 2144 pulchrum
2463 2075 2577 2129 visu
2620 2074 2661 2125 ⁸.
2706 2072 3054 2143 Proindeque
3103 2080 3158 2128 et
3206 2072 3444 2129 Adamus
3496 2074 3642 2128 illam
3738 2066 3751 2081 “

2052 2174 2301 2230 noverat,
2327 2175 2381 2221 et
2410 2166 2630 2236 utrique
2662 2180 2722 2219 se
2750 2172 2943 2220 mutuo
2974 2165 3378 2236 cognoscebant
3402 2180 3465 2219 ac
3495 2164 3645 2221 vide-

2051 2261 2203 2325 bant,
2239 2268 2293 2316 et
2326 2269 2508 2315 tamen
2541 2260 2701 2330 longo
2740 2268 2928 2330 postea
2970 2267 3235 2330 tempore,
3264 2268 3325 2313 ut
3361 2260 3644 2331 Scriptura

2050 2361 2258 2415 narrat,
2294 2352 2533 2421 cognovit
2561 2351 2735 2403 Adam
2773 2349 2932 2403 Evam
2968 2351 3240 2420 conjugem
3273 2369 3423 2405 suam
3446 2354 3488 2407 ⁸.
3537 2352 3644 2407 Sed

2050 2442 2311 2497 nimirum
2351 2442 2502 2512 prior
2542 2441 2634 2495 illa
2672 2442 2914 2511 cognitio
2958 2456 3021 2495 ac
3052 2442 3191 2497 visio
3225 2442 3291 2496 de
3333 2458 3396 2497 ea
3427 2444 3641 2506 notitia,

2050 2550 2173 2604 qua:
2210 2533 2431 2587 videndi
2470 2547 2633 2589 sensu
2676 2540 2731 2587 et
2783 2532 3136 2603 intelligentia
3168 2543 3405 2599 constat,
3441 2536 3644 2605 accipi-

2051 2632 2160 2679 tur.
2224 2623 2293 2678 At
2344 2622 2586 2679 secunda
2642 2631 2840 2695 prater
2898 2620 3147 2679 netitiam
3210 2642 3368 2680 usum
3426 2641 3644 2697 quoquc

2051 2716 2453 2786 complectitur.
2478 2714 2948 2781 Quemadmodum
2973 2716 3162 2771 Davidi
3196 2726 3355 2773 aetate
3378 2718 3489 2787 jam
3522 2719 3645 2774 alie.

2049 2814 2136 2861 cta
2160 2806 2410 2878 contigit,
2431 2814 2491 2861 ut
2515 2808 2780 2878 scriptum
2813 2816 2894 2864 est
2924 2826 2937 2862 :
2964 2807 3029 2862 Et
3051 2811 3229 2864 senuit
3246 2809 3436 2874 Darid,
3461 2819 3509 2864 et
3539 2828 3643 2865 non

2050 2897 2346 2966 cale/iebat.
2400 2897 2469 2951 Et
2512 2898 2760 2954 dixerunt
2798 2900 2845 2954 ei
2886 2902 3020 2953 servi
3052 2902 3137 2954 sui
3169 2917 3185 2955 :
3216 2900 3503 2966 Qua'ratur
3536 2904 3644 2971 τες]ιί

2051 2986 2216 3055 virgo.
2244 2984 2310 3037 Et
2334 2986 2541 3040 iuventa
2565 2997 2642 3041 est
2667 2987 2862 3042 Abisac
2885 2988 3203 3046 Sunamitis.
3239 2988 3307 3043 Et
3339 2991 3415 3044 ait
3442 3010 3453 3043 :
3486 2990 3643 3046 Cale-

2051 3074 2278 3143 {aciebat
2313 3075 2506 3142 ipsum,
2545 3086 2596 3129 et
2631 3077 2925 3131 dormiebat
2958 3094 3077 3131 cum
3126 3078 3242 3132 illo.
3300 3078 3369 3131 Et
3415 3096 3517 3134 non
3550 3093 3642 3134 co:

361 3170 560 3224 Δαϐίδ.
588 3170 701 3241 Τὴν
724 3172 1011 3243 σύσσωμον
1033 3175 1127 3228 καὶ
1152 3175 1214 3228 σύ
1225 3176 1499 3247 μπλευρον
1532 3175 1649 3239 πῶς
1675 3177 1775 3229 οὑκ
1794 3176 1941 3247 ᾔδεις

2053 3168 2222 3238 gnovit
2251 3183 2367 3220 eam
2398 3166 2626 3224 David'.
2664 3168 2861 3236 Quaero
2924 3186 3046 3240 qua“:
3089 3170 3156 3224 ad
3203 3170 3323 3240 ejus
3355 3186 3555 3241 corpus
3580 3187 3644 3225 ae

374 3261 515 3313 Ἀλλ’
550 3264 781 3319 ἐνταῦθα
811 3266 1017 3337 εἴδησιν
1064 3268 1125 3320 οὐ
1155 3268 1250 3340 τὴν
1279 3270 1344 3322 δι’
1375 3270 1623 3333 εὑνοίας²
1654 3270 1945 3341 διηγεῖται,

275 3348 287 3359 ’
361 3356 501 3408 ἀλλὰ
530 3358 629 3428 τὴν
656 3359 745 3412 διὰ
778 3362 1048 3431 χρήσεως.
1084 3363 1194 3415 Καὶ
1219 3362 1327 3435 γάρ
1363 3363 1456 3417 καὶ
1483 3364 1576 3417 ἐπὶ
1599 3363 1692 3417 τοῦ
1730 3365 1943 3417 Ἰακώϐ·

360 3449 445 3502 ὅτι
475 3450 572 3520 μὲν
600 3452 708 3522 γάρ
733 3453 872 3506 ἑπτὰ
897 3452 991 3525 ἔτη
1024 3453 1287 3524 ἐτύγχανε
1326 3455 1632 3527 ποιμαίνων
1656 3455 1793 3527 μετὰ
1831 3456 1951 3508 Ῥα-

362 3540 466 3611 χὴλ
502 3542 597 3595 καὶ
621 3544 776 3607 Δίας,
815 3546 909 3598 καὶ
943 3545 1060 3615 ᾔδει
1099 3547 1267 3610 αὐτάς
1294 3563 1306 3574 ·
1334 3546 1421 3599 ὅτε
1460 3546 1516 3600 δὲ
1544 3546 1672 3617 περὶ
1703 3547 1803 3616 τῆς
1833 3562 1950 3599 συν-

362 3633 561 3701 αφείας
605 3634 704 3704 τῆς
730 3633 824 3687 τοῦ
854 3634 1055 3706 σεμνοῦ
1095 3636 1273 3689 αὐτῶν
1302 3636 1483 3707 γάμου
1518 3636 1808 3707 διηγεῖται,
1842 3653 1948 3707 φη-

363 3724 451 3776 σίν
477 3741 491 3752 ·
528 3725 723 3795 Ἔγνω
765 3726 917 3780 Λίαν
945 3726 1061 3794 τὴν
1092 3727 1346 3796 γυναῖκα
1374 3727 1583 3781 αὐτοῦ.
1617 3727 1740 3779 Ὅτι
1774 3728 1807 3797 ή
1851 3727 1949 3797 μὲν

362 3813 554 3887 πρώτη
589 3817 791 3888 εἶδησις
835 3819 902 3872 δι’
933 3820 1141 3884 ἐννοίας
1171 3815 1239 3890 ἦν
1283 3820 1378 3873 καὶ
1408 3819 1474 3873 δι’
1502 3819 1774 3890 ὁράσεως,
1810 3820 1845 3889 ἡ
1892 3817 1950 3871 δὲ

360 3906 593 3979 δευτέρα
620 3912 822 3977 γνῶσις
852 3912 945 3965 καὶ
973 3912 1180 3983 εἴδησις
1225 3912 1356 3984 περὶ
1398 3913 1648 3983 χρήσεως
1679 3913 1774 3965 καὶ
1798 3913 1949 3983 ὲνερέ

361 3999 541 4066 γείας.
568 3999 724 4054 υῦτω
750 4002 843 4056 καὶ
885 4004 943 4055 ὲν
982 4006 1047 4074 τῇ
1090 4002 1213 4074 θείᾳ
1241 4003 1468 4075 Γραφῇ·
1502 4004 1697 4072 Ἔγνω
1730 4004 1949 4071 Κύριος

362 4092 507 4157 τοὺς
536 4092 715 4159 ὄντας
746 4094 955 4150 αὐτοῦ.
1017 4095 1128 4165 Οὐχ
1169 4095 1245 4160 ὡς
1288 4094 1662 4164 ἀγνοοῦντας³
1702 4095 1829 4158 τοὺς
1872 4095 1948 4164 μὴ

358 4187 551 4250 ὄντας,
592 4187 727 4241 ἀλλὰ
765 4188 827 4241 τὸ
855 4189 1081 4261 ἐναργὲς
1124 4189 1226 4258 τῆς
1253 4188 1349 4241 τοῦ
1380 4187 1581 4259 Κυρίου
1611 4186 1949 4259 ἀντιλήψεως

365 4276 621 4347 σημαίνει
637 4294 650 4307 ·
685 4277 800 4342 καὶ,
834 4278 1155 4347 Ἀπόστητε
1182 4279 1284 4333 ἀπ’
1306 4275 1473 4347 ἐμοῦ,
1498 4280 1550 4332 οἱ
1575 4276 1816 4347 ἐργάται
1836 4275 1950 4345 τῆς

363 4369 639 4437 ἀνομίας,
670 4370 837 4423 οὔπω
864 4371 1056 4440 ἔγνων
1079 4369 1255 4439 ὑμᾶς.
1286 4365 1435 4441 τΑρα
1469 4370 1568 4422 οὐκ
1598 4369 1949 4440 ᾔδει-αὑτοὺς

363 4460 510 4514 κατὰ
543 4461 785 4532 εἴδησιν;
830 4461 970 4513 Ἀλλ’
1003 4462 1192 4533 ἐπειδὴ
1215 4462 1314 4514 οὐκ
1340 4456 1482 4531 ἦσαν
1509 4459 1651 4525 ἄξιοι
1676 4459 1864 4525 αὐτοῦ,
1888 4460 1949 4513 τὸ

2059 3259 2201 3314 latus
2231 3256 2557 3323 accubabat,
2594 3274 2725 3312 num
2764 3273 2884 3313 eam
2930 3260 3184 3330 ignorare
3226 3259 3394 3314 David
3436 3262 3646 3330 potuit?

2060 3348 2258 3405 Verum
2292 3351 2397 3405 hoc
2429 3350 2481 3404 in
2516 3352 2637 3405 loco
2670 3350 2835 3422 769
2874 3366 2982 3405 non
3020 3350 3089 3407 de
3118 3366 3182 3406 ea
3220 3352 3532 3422 cognitione
3565 3354 3644 3405 Io-

2055 3442 2265 3512 quitur,
2311 3459 2434 3513 quae
2485 3443 2600 3499 sola
2640 3443 2809 3497 animi
2864 3444 3349 3513 comprehensione
3407 3453 3642 3510 constat,

2057 3534 2153 3589 sed
2182 3551 2302 3605 qum
2341 3536 2409 3589 ad
2454 3551 2613 3591 usum
2656 3535 2911 3590 refertur.
2942 3534 3086 3595 Nam
3121 3544 3174 3591 et
3206 3537 3345 3591 idem
3380 3536 3448 3591 de
3474 3526 3645 3590 Jacob

2057 3637 2357 3698 usurpatur
2386 3646 2401 3684 :
2431 3630 2525 3699 qui
2565 3635 2773 3699 septem
2813 3644 2986 3685 annos
3021 3644 3146 3683 cum
3192 3628 3427 3683 Rachele
3466 3637 3519 3682 et
3550 3628 3646 3682 Lia

2056 3735 2252 3791 pecora
2305 3729 2547 3791 paverat,
2587 3736 2791 3791 easque
2841 3722 3008 3793 probe
3058 3728 3404 3791 cognoverat.
3439 3720 3644 3774 Nihilo-

2056 3812 2240 3867 minus
2269 3827 2393 3867 cum
2444 3812 2511 3867 de
2566 3812 2813 3868 honestis
2853 3813 3069 3867 illorum
3111 3812 3316 3882 nuptiis
3359 3810 3641 3882 Scriptura

2056 3903 2319 3972 loquitur,
2373 3902 2659 3973 Cognovit,
2702 3905 2898 3975 inquit,
2944 3904 3099 3958 Liam
3146 3920 3364 3958 uxorem
3419 3920 3566 3958 suam
3598 3904 3640 3957 ⁸.

2054 3995 2214 4062 Quod
2250 3996 2500 4051 videlicet
2535 3999 2721 4067 primat
2738 3997 2980 4067 cognitio
3022 3997 3089 4052 ad
3132 3998 3541 4067 intelligentiam
3588 4008 3645 4051 et

2030 4086 2272 4141 'videndi
2312 4102 2533 4141 sensum
2560 4128 2574 4151 ,
2630 4089 2902 4159 posterior
2947 4088 3013 4142 ad
3054 4104 3212 4143 usum
3262 4089 3645 4157 actionemque

2054 4177 2345 4233 referatur.
2377 4178 2579 4235 Eodem
2621 4180 2785 4234 modo
2826 4189 2880 4234 et
2927 4181 2981 4234 in
3028 4181 3202 4236 sacris
3247 4180 3469 4235 Litteris
3513 4182 3645 4251 legio

2055 4290 2220 4330 mus:
2254 4274 2510 4346 Cognovit
2549 4275 2807 4329 Dominus
2844 4277 2932 4346 qui
2965 4287 3084 4330 sunt
3118 4276 3231 4346 ejus
3253 4278 3296 4329 ⁸.
3342 4274 3459 4329 Νοη
3495 4275 3641 4344 quod

2054 4382 2151 4422 eos
2178 4366 2409 4437 ignoret,
2442 4366 2534 4437 qui
2569 4367 2654 4422 sui
2686 4382 2794 4421 non
2825 4375 2973 4430 sunt,
3007 4368 3102 4422 sed
3138 4367 3338 4421 divina:
3371 4366 3643 4435 cognitio-

2056 4458 2142 4513 nis
2190 4473 2253 4512 ac
2304 4458 2662 4529 perfectionis
2713 4460 2795 4514 vis
2843 4465 2897 4513 et
2960 4458 3249 4514 ellicacitas
3294 4459 3639 4529 exprimitur.
3740 4516 3743 4519 _

364 4552 672 4621 πρακτικὸν
714 4553 808 4605 ἀπ’
852 4552 1035 4606 αὐτῶν
1069 4554 1300 4624 ἀναιρεῖ.
1336 4554 1446 4607 Καὶ
1474 4555 1533 4606 ὲν
1566 4551 1711 4622 ἄλλῳ
1752 4552 1905 4623 τόπῳ
1931 4569 1944 4583 ’

2055 4550 2187 4603 Item
2239 4549 2373 4603 illud
2410 4569 2422 4605 :
2458 4549 2725 4605 Discedite
2775 4567 2807 4603 a
2848 4567 2962 4615 me,
3007 4551 3237 4619 operarii
3293 4550 3585 4618 iniquitatis
3625 4565 3644 4603 :

374 4644 437 4696 ’Υ
429 4643 551 4713 μᾶς
583 4645 776 4714 ἔγνων
806 4645 875 4697 ἐκ
910 4644 1152 4700 πάντων
1174 4642 1384 4699 ἐθνῶν.
1423 4640 1570 4715 τΑριι
1595 4643 1704 4715 γὰρ
1728 4642 1796 4696 τὰ
1822 4642 1947 4714 ἔθνη

363 4734 546 4787 πάντα
573 4773 585 4795 ,
613 4734 707 4786 καὶ
732 4735 759 4786 ὁ
795 4733 1027 4804 ἀριθμὸς
1062 4734 1241 4804 πάσης
1272 4733 1695 4804 ἁνθρωπὸτητος
1717 4733 1825 4786 ἀπὸ
1845 4733 1949 4803 τῆς

365 4824 532 4877 αὑτοῦ
576 4824 829 4892 γνώσεως
875 4825 1334 4897 παραλέλειπται;
1367 4825 1476 4878 Καὶ
1503 4826 1624 4895 οὐχὶ
1652 4824 1852 4896 μᾶλλον
1890 4825 1947 4877 αἱ

362 4915 550 4985 τρίχες
579 4916 816 4986 ἑκάστης
839 4915 1081 4987 κεφαλῆς
1108 4916 1204 4969 ἀνθ
1215 4915 1420 4987 ρώπου,
1443 4915 1552 4969 τῶν
1580 4933 1641 4969 τε
1664 4915 1814 4986 αὐτῷ
1835 4916 1950 4969 δου-

363 5007 631 5061 λευόντων
654 5011 748 5062 καὶ
772 5011 880 5062 τῶν
912 5010 1061 5081 αὐτῷ
1081 5009 1448 5063 ἀπειθούντων
1468 5010 1527 5061 οὺ
1553 5009 1912 5078 γινώσκονται
1933 5027 1947 5075 ;

365 5102 477 5154 Kal.
510 5099 690 5165 ὁδοὺς
714 5100 823 5171 γὰρ
854 5100 959 5165 τὰς
997 5101 1065 5153 ἐκ
1108 5100 1322 5163 δεξιῶν
1360 5099 1521 5152 οἶδεν
1551 5103 1583 5153 ό
1614 5099 1777 5164 Θεός.
1804 5097 1950 5171 1’Apa

366 5195 474 5265 γὰρ
512 5196 698 5263 ἀγνοεῖ
740 5194 839 5257 τὰς
879 5194 938 5257 ἐξ
983 5192 1328 5264 ἁριστερῶν;
1366 5194 1474 5245 Καὶ
1511 5192 1649 5245 πόσα
1690 5193 1807 5245 ἐστὶ
1838 5210 1948 5247 τοι·

366 5287 506 5341 αὕτα
541 5289 713 5339 εἰπεῖν
757 5285 883 5355 περὶ
915 5284 1173 5355 εἰδήσεως
1208 5285 1300 5336 καὶ
1331 5281 1589 5351 εἰδήσεως
1608 5299 1623 5347 ἱ

2056 4642 2231 4696 nescio
2264 4658 2349 4696 vos
2376 4643 2441 4697 ⁸ο.
2466 4642 2605 4696 Num
2649 4643 2795 4707 illos,
2825 4643 2971 4714 quod
3010 4644 3077 4697 ad
3101 4642 3468 4713 cognitionem
3520 4644 3644 4695 atti-

2056 4739 2169 4797 net,
2207 4734 2525 4788 nesciebat?
2556 4733 2661 4789 Sed
2703 4735 2986 4799 nimirum,
3014 4735 3158 4806 quod
3190 4734 3309 4803 ipso
3352 4732 3499 4799 digni
3534 4748 3643 4786 non

2055 4834 2233 4890 erant,
2263 4826 2594 4896 cognitionis
2620 4827 2766 4881 illius
2789 4826 3137 4881 efficientiam
3168 4840 3235 4880 eo
3262 4826 3426 4879 verbo
3460 4830 3634 4879 sustu-

2055 4918 2134 4973 lit.
2176 4919 2257 4974 Ad
2293 4921 2406 4974 haec
2443 4921 2495 4974 in
2522 4921 2630 4975 alio
2671 4922 2789 4975 loco
2823 4940 2837 4976 :
2890 4920 3016 4985 Vos,
3053 4921 3249 4991 inquit,
3280 4920 3398 4972 novi
3431 4932 3495 4969 ea:
3528 4932 3645 4968 om-

2054 5010 2206 5064 nibus
2253 5012 2570 5081 gentibus".
2619 5011 2765 5067 Itane
2817 5013 2977 5067 vero?
3027 5011 3285 5065 Nationes
3337 5022 3526 5062 omnes
3581 5021 3643 5059 ac

2052 5102 2222 5155 totius
2266 5103 2488 5156 humani
2545 5104 2762 5173 generis
2811 5103 3102 5156 multitudo
3146 5101 3292 5155 illius
3341 5096 3641 5167 cognitioni

2052 5193 2440 5248 subtrahetur?
2489 5194 2687 5249 Annon
2726 5210 2755 5250 e
2786 5197 3067 5250 contrario
3104 5194 3184 5246 vel
3215 5190 3416 5259 capilli,
3458 5188 3551 5258 qui
3584 5189 3637 5240 in

2050 5286 2315 5355 cujusque
2358 5285 2597 5339 hominis
2645 5286 2823 5355 capite
2880 5286 3087 5348 sunt“,
3149 5294 3257 5337 tam
3317 5294 3507 5334 eorum
3548 5286 3641 5348 qui

366 5382 470 5451 ipsi
495 5380 776 5441 serviunt,
817 5392 982 5449 quam
1025 5377 1117 5446 qui
1167 5376 1454 5446 imperium
1515 5376 1837 5442 detrectant,
1881 5376 1948 5431 ab
1979 5378 2170 5433 eodem
2224 5380 2317 5433 illo
2373 5378 2709 5436 noscuntur?
2778 5378 2948 5431 ltem:
3010 5375 3132 5429 Vias
3180 5389 3297 5443 qua:
3356 5390 3387 5425 a
3435 5370 3639 5427 dextris

366 5486 487 5532 sunt
543 5477 681 5529 novit
733 5474 871 5528 Deus
907 5475 969 5528 ¹³.
1012 5472 1151 5527 Νυιιι
1203 5474 1456 5529 sinistras
1495 5472 1742 5543 ignorat?
1792 5471 1964 5538 Quam
1997 5474 2168 5527 multa
2203 5474 2253 5529 id
2283 5491 2454 5545 genus
2486 5476 2551 5529 de
2586 5473 2958 5542 cognitionum
3014 5468 3335 5522 discrimine
3389 5481 3632 5522 comme—

368 5568 571 5623 morari
606 5568 873 5637 possunt?

442 5730 459 5760 ί
489 5729 551 5783 1³.
584 5729 781 5782 τοίνυν.
861 5729 881 5757 ¹
919 5725 1046 5781 Cor.
1086 5724 1309 5788 ἐννοίας.
1391 5725 1410 5755 ³
1446 5724 1571 5777 Cor.
1614 5724 1951 5791 ἀγνοοῦντος.

373 5817 413 5865 ι,
450 5801 485 5853 2
529 5816 648 5870 sqq.

367 5889 466 5941 xu,
497 5872 549 5927 Ἰ.
575 5867 590 5870 “
630 5870 671 5902 ⁸³
712 5867 867 5926 Prov.
900 5886 972 5935 ιν,
998 5868 1087 5921 27.

2032 5724 2051 5753 ⁸
2080 5724 2213 5778 Gen.
2242 5724 2410 5783 ".25.
2486 5724 2504 5752 δ
2547 5721 2680 5772 Con.
2708 5735 2787 5780 ιιι,
2826 5719 2858 5771 6
2925 5716 3102 5770 “titan.
3142 5733 3213 5779 tv,
3257 5716 3299 5768 Ι.
3356 5717 3374 5745 ⁷
3408 5713 3469 5766 lll
3509 5712 3637 5781 Reg.

727 5798 747 5829 ⁸
779 5798 914 5853 Gen.
944 5814 1095 5859 nix,
1121 5798 1209 5852 5i;
1273 5783 1305 5829 ’⁸
1335 5793 1378 5851 ll
1411 5793 1552 5849 Tim.
1590 5783 1764 5859 11,19.
1842 5796 1884 5826 ¹⁰
1918 5783 1948 5847 Ι

2053 5834 2056 5845 ,
2104 5811 2217 5857 χιιι,
2252 5795 2340 5847 27.
2424 5795 2473 5824 ¹¹’
2502 5792 2633 5845 Deut
2694 5806 2802 5856 xw,
2834 5790 2887 5843 2.
2968 5788 3008 5819 ¹²
3043 5786 3230 5841 Matth.
3276 5803 3328 5851 χ,
3362 5785 3464 5851 50;
3502 5783 3641 5837 Luc.
