3994 6226
327 333 436 388 9.75

1739 337 1797 392 S.
1841 335 2183 394 EPIPIIANII

3499 330 3611 390 276

399 446 605 505 XLVII.
641 448 1012 516 Quamobrem
1059 451 1163 508 hoc
1215 453 1394 524 ipsum
1447 456 1763 526 unigenitus
1815 456 1908 512 Dei

2087 459 2219 513 MZ'.
2239 455 2410 511 Ὀὕτω
2432 457 2526 512 καὶ
2551 459 2579 512 ὀ
2612 454 2910 529 μονογενὴς
2934 450 3061 516 Υἱὸς
3078 449 3172 504 τοῦ
3188 445 3346 501 Θεοῦ.
3386 447 3610 518 Ἐπειδὴ

272 595 276 599 ,
327 539 500 596 Filius
534 542 722 596 voluit.
757 540 890 596 Nam
919 557 1048 598 cum
1089 543 1248 600 Pater
1281 544 1419 602 Filio
1445 549 1728 618 judicium
1748 564 1901 604 corn-

327 633 539 688 miserit
570 634 609 698 ί,
655 633 898 689 vicissim
952 635 1042 690 hic
1087 635 1281 706 judicii
1333 639 1478 696 illius
1532 641 1902 711 cognitionem

326 723 472 779 Patri
499 724 730 781 detulit:
761 724 954 790 Nemo,
988 728 1188 798 inquit,
1218 733 1358 785 novit
1379 730 1659 798 diem,nisi
1691 732 1908 788 Pater’.

324 815 480 881 Quod
512 815 733 872 duobus
765 816 944 872 modis
971 819 1231 888 explicari
1264 828 1463 892 potest.
1496 821 1739 877 Primum
1767 822 1912 892 quod

323 906 545 977 quando
581 917 808 969 ventura
844 911 917 964 sit
964 909 1268 983 intelligat;
1321 928 1446 968 cum
1481 929 1546 969 ex
1594 914 1742 969 illius
1775 924 1910 968 nutu

323 1011 388 1052 ac
432 997 712 1053 voluntate
751 997 884 1056 hora
929 999 1019 1054 illa
1065 1016 1129 1055 ac
1173 1002 1290 1058 dies
1335 1003 1610 1059 adveniat.
1657 1003 1913 1060 Secundo

323 1086 450 1143 ideo
480 1103 646 1148 nosse
681 1088 904 1154 dicitur,
941 1092 1088 1162 quod
1132 1091 1271 1150 Filio
1305 1110 1406 1152 suo
1434 1095 1548 1165 jam
1577 1111 1796 1152 omnem
1831 1096 1896 1150 il-

324 1177 435 1234 lam
463 1177 658 1249 judicii
705 1179 1044 1238 iunctionem
1090 1184 1400 1240 tradiderit.
1429 1185 1541 1240 Nec
1573 1185 1758 1242 minus
1785 1185 1914 1242 huic

324 1271 430 1344 ipsi
457 1269 554 1327 Dei
584 1270 747 1336 Filio,
793 1281 981 1344 utpote
1013 1273 1147 1339 Deo,
1179 1290 1280 1331 nec
1325 1277 1434 1331 ulla
1479 1291 1536 1332 re
1569 1291 1599 1329 a
1630 1275 1792 1332 Patre
1824 1279 1910 1333 di-

324 1377 506 1428 verso,
532 1363 722 1420 eadem
749 1375 836 1420 est
860 1366 1158 1422 tribuenda
1180 1368 1445 1438 cognitio.
1478 1367 1660 1435 Quare
1687 1377 1743 1424 et
1765 1369 1911 1426 diem

325 1455 478 1510 illam
506 1456 679 1522 novit,
713 1465 767 1514 et
793 1458 1042 1514 eamdem
1072 1459 1359 1530 producit,
1387 1475 1452 1516 ac
1473 1460 1690 1532 perlicit
1709 1504 1724 1528 ,
1753 1471 1809 1519 et
1823 1463 1913 1533 ju-

245 1552 247 1555 ’
325 1547 531 1604 dicium
560 1549 937 1617 administrat,
965 1565 1067 1607 nec
1108 1551 1315 1623 absque
1357 1551 1452 1607 illo
1483 1568 1714 1624 prorsus
1747 1553 1915 1610 adveo

325 1635 462 1695 niet.
505 1635 693 1709 Neque
737 1647 938 1705 tamen,
980 1639 1129 1711 quod
1168 1640 1237 1696 ad
1270 1640 1610 1700 ell‘ectionem
1655 1644 1910 1715 pertinet,

324 1742 448 1788 eam
480 1743 644 1786 nosse
676 1730 901 1796 dicitur,
926 1733 1057 1802 quia
1083 1731 1329 1792 nondum
1350 1734 1620 1804 judicium
1649 1736 1908 1792 instituit.

2017 550 2126 620 γὰρ
2173 551 2202 604 ὁ
2250 549 2440 622 Πατὴρ
2487 550 2587 621 τὴν
2634 547 2818 620 κρίσιν
2853 544 3056 599 δέδωκε
3087 541 3166 613 τῷ
3199 539 3333 610 Υῑῴ,
3364 537 3468 609 τὴν
3507 537 3610 609 τῆς

2014 643 2270 714 γνώσεως
2298 643 2392 697 καὶ
2424 642 2661 714 κρίσεως
2698 639 2902 710 γνῶσιν
2939 635 3226 691 ἀπέδωκεν
3257 632 3358 702 ἤδη
3386 628 3466 700 τῷ
3495 631 3615 685 Ila-

2012 739 2103 810 τρι
2123 755 2135 768 ⁸
2169 739 2252 792 ὅτι
2280 735 2492 802 οὐδεὶς
2522 732 2652 790 οἵδε
2687 732 2803 799 τὴν
2829 729 3084 800 ἡμέραν,
3118 729 3169 782 εὶ
3196 723 3282 796 μὴ
3315 727 3346 778 ό
3368 721 3611 790 Πατήρ*

2014 830 2159 886 κατά
2197 828 2293 884 δύο
2323 830 2579 902 τρόπους.
2625 828 2708 882 ὃτι
2740 821 2873 888 οἶδε,
2906 821 3041 875 πότε
3085 818 3338 889 ἔρχεται·
3377 815 3471 868 καὶ
3499 813 3612 882 γάρ

2014 924 2108 977 ἐπὶ
2137 926 2203 995 τῇ
2232 921 2397 976 αὑτοῦ
2428 919 2702 990 ἐξουσίαή
2743 915 2929 988 ἡμέρα
2952 912 3049 966 καὶ
3077 910 3197 982 ὥρα
3221 907 3464 979 ἔρχεται.
3495 905 3613 959 Καὶ

2010 1007 2151 1069 οἶδεν
2183 1014 2385 1086 αὐτήν·
2427 1012 2528 1083 ήδη
2576 1009 2686 1082 γὰρ
2733 1008 3051 1079 πέπρακται
3097 999 3249 1071 αὐτῷ
3308 997 3612 1069 παραδεδο-

2018 1103 2153 1175 μένη
2188 1103 2221 1174 ἡ
2252 1102 2435 1175 κρίσις
2462 1100 2542 1172 τῷ
2574 1099 2890 1167 Μονογενεῖ.
2931 1093 3090 1149 Οὖτω
3118 1091 3214 1146 καὶ
3245 1090 3305 1145 ἐν
3337 1089 3416 1160 τῷ
3450 1105 3613 1158 μονο-

2014 1197 2167 1264 γενεῖ
2195 1192 2312 1264 Υἱῷ
2335 1191 2430 1246 τοῦ
2451 1190 2610 1256 Θεοῦ,
2637 1189 2756 1260 Θεῷ
2780 1189 2918 1252 όντι,
2948 1185 3046 1240 καὶ
3073 1181 3242 1256 μηδὲν
3267 1181 3376 1235 ἀπὸ
3397 1178 3614 1250 Πατρδς

2015 1285 2482 1359 παρηλλαγμένῳ,
2541 1286 2577 1354 ἡ
2618 1282 2757 1353 αὐτὴ
2795 1280 3022 1351 εῖδησις.
3074 1275 3247 1340 Αὐτὸς
3305 1273 3418 1344 γὰρ
3468 1269 3612 1326 οἶδεν

2015 1376 2207 1447 αὐτὴν,
2243 1375 2340 1433 καὶ
2370 1373 2533 1438 αὐτὸς
2572 1371 2696 1440 ἄγει
2725 1369 2918 1439 αὐτὴν,
2963 1366 3060 1420 καὶ
3094 1365 3275 1437 φέρει,
3305 1365 3400 1417 καὶ
3439 1361 3609 1423 τελεῖ,

2015 1468 2112 1523 καὶ
2159 1467 2368 1538 κρίνει’
2402 1465 2497 1520 καὶ
2537 1463 2666 1519 ἄνευ
2719 1457 2886 1517 αὑτοῦ
2919 1458 3021 1512 οὐκ
3071 1454 3310 1526 ἔρχεται.
3343 1451 3514 1507 Οὔπω
3553 1449 3614 1503 δέ

2015 1560 2158 1629 εγνω
2178 1559 2349 1629 αὐτὴν
2372 1557 2516 1612 κατὰ
2536 1556 2757 1627 πρᾶξιν,
2771 1551 3050 1607 τουτέστιν
3067 1547 3222 1603 οὔπω
3239 1545 3613 1618 έκρινεν.”Ετι

2015 1647 2126 1719 γὰρ
2151 1645 2370 1710 ἀσεϐεῖς
2407 1642 2686 1706 ἀσεϐοῦσι,
2721 1642 2817 1699 καὶ
2857 1639 3032 1696 άδικοι
3059 1635 3484 1693 πλεονεκτοῦσι·
3516 1633 3614 1686 καὶ

2016 1740 2230 1812 πόρνοι,
2264 1737 2359 1793 καὶ
2387 1735 2588 1808 μοιχοὶ,
2619 1735 2715 1791 καὶ
2762 1731 3146 1802 εἰδωλολάτραι
3180 1725 3476 1798 ἀνομοῦσι·
3515 1724 3614 1778 καὶ

323 1817 460 1885 Nam
490 1829 545 1876 et
569 1822 717 1892 impii
747 1822 928 1878 adhuc
954 1823 1289 1895 impietatem
1322 1836 1600 1894 exercent,
1625 1835 1682 1882 et
1726 1827 1911 1898 injusti

2020 1834 2049 1886 ὁ
2073 1831 2316 1894 διάϐολος
2349 1832 2582 1902 ἐνεργεῖ,
2617 1828 2713 1882 καὶ
2738 1827 2984 1899 αἱρέσεις
3008 1823 3423 1878 ἐπανίστανταιο
3454 1819 3553 1872 καὶ
3579 1819 3614 1888 ή

325 1911 505 1968 aliena
551 1929 646 1984 per
674 1915 782 1969 vim
820 1925 1124 1987 usurpant;
1163 1925 1218 1974 et
1256 1925 1620 1989 stupratores,
1655 1919 1912 1987 adulteri,

326 2018 393 2068 ac
424 2005 844 2064 simulacrorum
893 2009 1130 2068 cultores
1179 2009 1384 2082 ﬂagitia
1430 2026 1530 2068 sua
1582 2021 1915 2084 perpetrant,

326 2103 383 2154 et
417 2096 672 2156 diabolus
702 2100 925 2155 molitur
958 2101 1200 2172 aliquid;
1235 2113 1290 2160 et
1321 2104 1555 2162 haereses
1590 2105 1914 2178 insurgunt;

325 2197 382 2242 et
453 2203 704 2245 errorum
774 2190 988 2248 falsitas
1059 2195 1464 2266 quamplurima
1550 2197 1915 2262 machinatur,

326 2277 503 2334 donec
553 2280 763 2338 scilicet
809 2281 953 2337 diem
1011 2284 1164 2341 illum
1193 2283 1368 2342 Filius
1418 2285 1510 2343 Dei
1567 2285 1831 2358 proferat,
1861 2295 1917 2344 et

324 2371 625 2443 unicuique
670 2373 817 2444 quod
859 2374 1070 2444 justum
1114 2385 1200 2432 est
1243 2378 1410 2450 77o
1455 2380 1750 2445 attribuat;
1798 2388 1914 2434 tum

326 2465 568 2530 demum,
601 2464 749 2521 illam
777 2482 942 2523 nosse
973 2468 1210 2532 dicetur,
1245 2468 1351 2525 hoc
1378 2477 1464 2524 est
1502 2471 1551 2524 vi
1587 2484 1708 2538 sua,
1740 2484 1802 2524 ac
1827 2485 1917 2540 po-

326 2561 528 2610 testate
561 2554 763 2612 facere.
812 2556 954 2628 Ergo
997 2558 1129 2614 illud
1178 2559 1233 2613 in
1268 2558 1431 2617 Patre
1479 2560 1697 2616 duobus
1736 2561 1914 2617 modis

327 2647 621 2719 impletur;
649 2651 701 2705 in
727 2649 864 2707 Filio
888 2667 1015 2707 vero
1043 2652 1274 2708 scientia
1294 2663 1350 2708 et
1378 2655 1694 2726 cognitione
1713 2667 1909 2721 tenus;

319 2755 430 2807 nec
476 2741 521 2797 is
570 2749 752 2798 tamen
793 2743 1035 2815 ignorat;
1089 2744 1185 2800 sed
1228 2744 1470 2800 nondum
1524 2746 1742 2801 actione
1795 2746 1912 2816 ipsa

326 2831 585 2903 perfecit;
644 2835 886 2891 nondum
935 2836 1080 2892 enim
1129 2836 1423 2906 judicavit.
1475 2837 1700 2908 Angelis
1748 2852 1913 2908 porro

325 2925 544 2984 duobus
569 2928 742 2990 modis
767 2929 880 2985 haec
910 2929 1152 3002 cognitio
1177 2930 1487 2987 detrahitur
1515 2950 1528 2986 :
1559 2930 1706 3001 quod
1735 2945 1912 3002 neque

326 3018 550 3088 quando
588 3018 773 3083 futura
803 3021 875 3076 sit
914 3020 1242 3091 intelligant,
1290 3035 1392 3076 nec
1419 3021 1638 3077 actione
1669 3020 1786 3091 ipsa
1813 3035 1908 3076 co-

324 3120 615 3181 gnoscant,
663 3111 767 3169 hoc
813 3127 899 3170 est
943 3113 1079 3168 nihil
1124 3112 1302 3169 adhue
1344 3111 1647 3169 effecerint.
1700 3111 1912 3184 Quippe

324 3201 570 3262 nondum
620 3205 938 3260 mandatum
989 3206 1100 3262 illis
1138 3213 1244 3270 est,
1281 3213 1342 3260 ut
1374 3213 1590 3268 exeant,
1631 3212 1685 3261 et
1713 3205 1910 3276 impios

324 3293 476 3358 velut
499 3294 689 3351 lolium
721 3296 776 3351 in
807 3296 1102 3354 fasciculos
1130 3297 1413 3369 colligant,
1443 3305 1498 3352 et
1531 3296 1640 3368 igni
1671 3296 1738 3351 ad
1760 3311 1914 3352 οοιιι-

325 3382 633 3442 burendum
687 3388 1052 3457 praeparent'.
1096 3389 1568 3454 Animadvertitis,
1620 3391 1842 3462 opinor,
1877 3404 1913 3445 o

2020 1923 2201 1994 πλάνη
2249 1921 2565 1994 ἐργάζεται,
2608 1920 2714 1982 ἕως
2762 1918 2962 1990 ἐνέγκῃ
3007 1916 3177 1987 αὐτὴν
3203 1913 3302 1984 τὴν
3338 1910 3556 1983 ἡμέραν
3586 1910 3616 1965 ὁ

2021 2014 2318 2090 μονογενὴς
2365 2013 2494 2076 Υἱὸς
2542 2011 2638 2068 τοῦ
2680 2009 2839 2075 θεοῦ,
2889 2010 2986 2065 καὶ
3024 2007 3086 2061 τὸ
3133 2005 3346 2061 δίκαιον
3393 2001 3616 2074 ἐκάστῳ

2018 2107 2314 2180 ἀπονείμῃ.
2352 2106 2464 2162 Kal.
2488 2103 2760 2174 γνώσεται
2791 2100 2983 2173 αὐτὴν,
3011 2099 3265 2154 τουτέστι
3290 2093 3490 2167 πράξει
3517 2092 3616 2148 αῦ-

2015 2199 2115 2271 τὴν
2149 2197 2402 2268 δυνάμει.
2444 2195 2554 2250 Kal
2584 2196 2642 2248 ἐν
2677 2193 2776 2264 μὲν
2825 2192 3004 2264 Πατρὶ
3046 2189 3191 2244 κατά
3232 2187 3329 2242 δύο
3373 2185 3616 2257 τρόπους

2017 2290 2406 2362 πεπλήρωται·
2445 2289 2504 2341 ἐν
2536 2286 2593 2340 δὲ
2635 2283 2713 2356 τῷ
2743 2283 2862 2355 Υἰῷ
2896 2284 3040 2371 κατὰ
3069 2281 3274 2352 εῖδησίν
3323 2280 3463 2340 ἐστι,
3508 2279 3617 2371 καὶ

2015 2384 2118 2437 οὐκ
2171 2383 2482 2450 ἀγνοεῖται·
2535 2377 2678 2433 κατά
2735 2377 2794 2431 δὲ
2846 2370 3047 2450 πρᾶξιν
3096 2372 3252 2428 οὔπω
3304 2370 3569 2440 ἐτελέσθη
3594 2388 3609 2401 ·

2016 2474 2206 2546 ἐπειδὴ
2235 2473 2390 2527 οῦπω
2431 2473 2712 2543 κέκρικεν.
2753 2469 2887 2524 Ἀπὸ
2910 2469 2967 2523 δὲ
2997 2467 3108 2522 τῶν
3150 2463 3616 2535 ἁγίων-ἀγγέλων

2017 2569 2160 2624 κατά
2182 2567 2276 2622 δύο
2303 2567 2541 2640 τρόπους
2577 2564 2975 2638 παραλέλυται,
3009 2563 3105 2617 καὶ
3139 2563 3196 2614 ἐν
3229 2558 3306 2630 τῷ
3332 2558 3562 2630 μηδέπω
3591 2557 3613 2590 ⁸

2015 2661 2156 2715 κατά
2184 2659 2384 2732 πρᾶξιν
2407 2658 2707 2728 ἐγνωκέναι
2728 2656 2949 2721 αὐτοὺς,
2971 2653 3253 2708 τουτέστιν
3272 2650 3611 2705 ἐπιτελέσαι.

2017 2753 2186 2808 Οῦπω
2215 2752 2326 2824 γὰρ
2353 2750 2805 2824 προσετάχθησαν
2848 2746 3107 2814 ἐξελθεῖν,
3148 2745 3244 2800 καὶ
3279 2745 3610 2814 συναγαγεῖν

2015 2847 2142 2909 τοὺς
2171 2844 2414 2907 ἀσεϐεῖς,
2454 2842 2530 2906 ὼς
2559 2842 2631 2895 τά
2665 2839 2905 2906 ζιζάνια,
2935 2836 3166 2909 δεσμάς.
3195 2836 3292 2889 καὶ⁹
3314 2834 3611 2904 ἑτοιμάσαι

2014 2936 2095 3000 εἰς
2123 2934 2186 2988 τὸ
2218 2932 2330 3004 πῦρ
2359 2930 2732 3001 κατακαῆναι.
2775 2929 2884 2983 Kal.
2908 2928 3097 2999 ὁρᾶτε,
3129 2920 3174 2979 ὧ
3206 2922 3486 2994 ἀγαπητοὶ
3512 2923 3609 2980 καὶ

2013 3027 2112 3081 τοῦ
2140 3025 2277 3080 Θεοῦ
2303 3023 2502 3088 δοῦλοι,
2543 3023 2626 3077 ὅτι
2658 3021 2838 3092 μάτην
2879 3020 3111 3083 ἕκαστος
3148 3017 3256 3072 τῶν
3302 3017 3446 3072 κατά
3483 3031 3611 3068 τινα

2015 3117 2288 3191 πρόληψιν
2318 3117 2532 3180 ἑαυτοῖς
2558 3113 2630 3168 τά
2675 3114 2826 3167 δεινὰ
2859 3109 3264 3183 ἐπισπωμένων
3307 3105 3576 3178 ἐστρατεύ
3596 3134 3610 3146 -

2021 3227 2173 3277 caro,
2223 3208 2499 3279 διαφόρως
2547 3205 2778 3268 ἕκαστος
2810 3203 2932 3257 καθ’
2986 3200 3180 3256 ἑαυτοῦ
3225 3201 3304 3263 εἰς
3346 3199 3438 3256 τὸν
3478 3197 3612 3255 Υιὸν

2017 3299 2113 3356 τοῦ
2164 3298 2300 3353 Θεοῦ
2344 3297 2414 3352 τά
2451 3296 2654 3367 ἥσσονα
2703 3294 2798 3352 καλ⁵
2849 3293 3209 3364 ἠλαττωμένα
3264 3291 3610 3364 βλασφημεῖν

2019 3388 2450 3462 ἐπιχειροῦντες.

326 3475 664 3540 charissimi,
708 3477 914 3548 Deique
955 3480 1124 3542 servi,
1172 3495 1270 3536 eos
1325 3495 1517 3537 omnes
1548 3522 1564 3547 ,
1613 3482 1707 3553 qui
1786 3489 1981 3552 sponte
2020 3495 2122 3538 sua
2163 3479 2443 3551 animique
2493 3477 2776 3549 proposito
2815 3465 2918 3530 sibi
2964 3473 3258 3546 perniciem
3293 3475 3602 3531 arcessunt.

327 3569 537 3634 [rustra
578 3570 794 3628 veritati
846 3571 1047 3629 bellum
1087 3571 1313 3640 inferre,
1353 3588 1480 3629 cum
1525 3576 1906 3648 unusquisque
1937 3588 2136 3646 magno
2163 3589 2266 3630 suo
2297 3575 2461 3639 malo,
2488 3572 2705 3627 diversa
2770 3571 2986 3625 ratione
3027 3567 3342 3624 inferioi'em
3406 3580 3608 3637 quam-

327 3662 457 3719 dam
485 3662 859 3718 conditionem
894 3678 960 3718 ac
988 3672 1193 3720 sortem
1237 3662 1332 3721 Dei
1362 3663 1504 3721 Filio
1531 3681 1628 3737 per
1653 3682 1925 3724 summam
1954 3665 2343 3725 contumeliam
2373 3669 2606 3720 conatur
2634 3662 2931 3719 ascribere.
3134 3668 3190 3695 ’τι

399 3754 635 3811 XLVIII.
688 3755 891 3812 Verum
925 3773 1051 3813 cum
1087 3757 1356 3814 hactenus
1393 3759 1462 3816 de
1495 3761 1590 3816 illo
1619 3759 1918 3832 Scriptura;

331 3849 456 3914 loco
497 3849 633 3904 satis
683 3849 855 3904 multa
907 3849 1232 3914 dixerimus,
1279 3858 1500 3917 caetera,
1551 3868 1674 3924 qua:
1703 3854 1772 3909 ab
1807 3854 1916 3910 illis

329 3940 658 4015 aﬂcrunlur,
685 3939 872 3996 divino
909 3941 1028 3998 freti
1054 3941 1331 4013 praesidio,
1349 3943 1659 4014 enjusmodi
1689 3946 1798 4000 sint
1829 3946 1914 4000 vi-

328 4037 580 4092 deamus.
617 4033 831 4098 Etenim
863 4037 1115 4106 generosi
1153 4036 1230 4091 illi
1269 4051 1336 4093 ac
1381 4037 1611 4092 nimium
1653 4037 1913 4102 audaces,

2088 3761 2232 3815 MH'.
2288 3757 2453 3813 Ἀλλά
2487 3757 2586 3817 καὶ
2634 3757 2840 3827 ταύτης
2884 3754 3085 3818 ἱκανῶς
3128 3752 3230 3823 τὴν
3265 3751 3466 3823 φράσιν
3510 3767 3612 3804 πει-

2017 3851 2326 3924 ποιημένοι,
2359 3849 2446 3904 ἐπ’
2486 3848 2652 3912 ἄλλας
2685 3848 2848 3905 πάλιν
2888 3847 3071 3902 αὐτῶν
3101 3845 3275 3912 λέξεις
3304 3843 3484 3914 δῶμεν
3514 3841 3609 3897 τὸν

2015 3942 2161 4008 νοῦν,
2190 3943 2290 3995 σὺν
2318 3941 2385 4012 τῇ
2419 3939 2515 3993 τοῦ
2542 3938 2678 3993 Θεοῦ
2709 3939 2957 4010 δυνάμει.
2989 3939 3050 3992 Ol
3085 3937 3194 4009 γὰρ
3229 3935 3482 4004 γεννάδαι
3514 3933 3610 3989 καὶΙ

2014 4037 2094 4099 εἰς
2121 4035 2299 4088 πάντα
2323 4032 2598 4103 εῦτολμοι,
2626 4031 2804 4085 καίτοι
2824 4048 2888 4100 γε
2913 4027 3305 4101 ὁμολογοῦντες
3325 4027 3445 4096 οὐχὶ
3463 4026 3610 4080 κατὰ

328 4125 548 4182 tametsi
598 4141 707 4181 non
759 4125 949 4182 eadem
1001 4141 1129 4183 cum
1179 4125 1515 4194 Manichaais,
1568 4137 1734 4200 atque
1790 4129 1911 4186 aliis

2021 4130 2150 4192 τοὺς
2177 4126 2536 4196 Μανιχαιους,
2578 4124 2700 4178 οὐδὲ
2733 4123 2874 4177 κατὰ
2905 4122 3072 4185 ἄλλας
3106 4119 3308 4183 πολλάς
3341 4119 3607 4191 αἱρέσεις,

327 4231 492 4286 quam
537 4215 788 4286 plurimis
841 4215 1141 4274 haeresihus
1185 4217 1446 4282 sentiant,
1489 4217 1586 4274 sed
1627 4234 1810 4274 veram
1857 4219 1911 4274 in

2022 4215 2162 4274 ἀλλὰ
2195 4215 2297 4274 κᾶν
2347 4215 2411 4268 τὸ
2451 4214 2593 4270 κατὰ
2643 4213 2824 4284 σάρκα
2873 4211 3073 4282 ἀληθὲς
3114 4209 3455 4280 κατέχοντες,
3510 4207 3610 4261 καὶ

329 4289 553 4367 Christo
584 4325 809 4364 carnem
861 4312 1156 4374 retineant,
1195 4312 1300 4372 hoc
1339 4312 1517 4382 ipsum
1571 4321 1750 4368 tat-nen
1801 4327 1911 4368 non

2029 4307 2168 4370 αὐτὸ
2195 4306 2251 4360 δέ
2286 4305 2542 4370 ἐλλιπῶς,
2578 4304 2672 4358 καὶ
2715 4304 2775 4358 οὐ
2827 4302 3198 4375 πληρέστατα.
3252 4297 3608 4371 Ὁμολογοῦσι

329 4400 488 4470 plene
517 4407 679 4468 atque
708 4401 939 4471 integre,
974 4403 1070 4458 sed
1103 4418 1231 4462 cum
1275 4402 1492 4459 deiectu
1531 4404 1718 4473 aliquo
1747 4404 1911 4473 proii-

2018 4400 2128 4470 γὰρ
2145 4399 2234 4454 τὸν
2258 4398 2490 4469 Σωτῆρα
2515 4397 2692 4467 σάρκα
2712 4393 2981 4464 ἀληθινῶς
3010 4392 3326 4464 ἐσχηκέναι.
3358 4389 3610 4444 ’Δκοῦον-

329 4496 535 4556 tentur.
587 4486 725 4546 Nam
785 4488 1130 4554 Salvatorem
1195 4502 1443 4556 nostrum
1505 4506 1635 4546 vera
1691 4491 1909 4561 quidem

2017 4509 2108 4554 τες
2139 4490 2195 4544 δὲ
2224 4491 2317 4544 ἀπ’
2367 4488 2532 4543 αὑτοῦ
2570 4486 2663 4540 τοῦ
2725 4485 3081 4555 Εὑαγγελίου,
3109 4487 3191 4538 ὅτι
3226 4484 3507 4554 κέκμηκεν
3540 4483 3609 4538 ἐκ

327 4589 502 4637 carne.
521 4575 805 4644 praeditum
835 4575 1010 4634 fuisse.
1025 4579 1354 4642 concedunt.
1383 4579 1488 4635 Sed
1512 4595 1636 4635 cum
1658 4580 1710 4634 in
1736 4579 1911 4634 Evan-

2019 4582 2116 4653 τῆς
2150 4581 2479 4652 ὁδοιπορίας,
2505 4581 2598 4633 καὶ
2629 4579 2904 4650 ἐπείνησε,
2939 4579 3034 4631 καὶ
3066 4577 3308 4646 ἐδίψησε,
3337 4575 3434 4628 καὶ
3462 4575 3608 4628 ἐκοι-

326 4666 472 4740 gelio
502 4665 791 4731 audiunt‘,
816 4667 1066 4729 eumdem
1088 4683 1153 4731 ex
1179 4669 1373 4725 itinere
1399 4669 1684 4740 fatigatum
1708 4668 1910 4735 fuisse;

2024 4674 2194 4746 μήθη,
2226 4675 2322 4728 καὶ
2349 4673 2573 4744 ἀνέστη,
2606 4672 2781 4730 ταῦτα
2811 4672 2990 4727 πάντα
3017 4669 3363 4734 συνάξαντες,
3395 4668 3474 4731 εἰς
3506 4666 3609 4737 τὴν

327 4773 546 4824 necnon
596 4766 652 4826 et
699 4757 895 4824 funem
925 4759 1184 4831 sitimque
1205 4762 1517 4832 pertulisse,
1549 4762 1821 4819 dormisse
1847 4777 1911 4820 ac

2022 4766 2254 4838 θεότητα
2287 4766 2622 4838 ἀναφέρουσι
2649 4766 2748 4838 τὴν
2780 4764 2969 4828 αὐτοῦ,
3007 4763 3319 4834 βουλόμενοι
3357 4760 3454 4831 τὴν
3490 4758 3609 4812 θεός

326 4850 658 4915 surrexisse,
673 4850 789 4914 haec
803 4851 990 4914 omnia
1001 4853 1320 4925 colligentes
1337 4853 1405 4908 ad
1428 4853 1548 4924 ejus
1566 4853 1908 4916 divinitatem

2019 4875 2158 4929 τητα
2195 4856 2362 4914 αὐτοῦ
2390 4857 2467 4920 ὡς
2506 4857 2571 4909 ἐκ
2607 4855 2717 4908 τῶν
2743 4854 3004 4908 τοιούτων
3035 4851 3344 4906 ὑποθέσεων
3368 4848 3609 4904 suam-

325 4937 572 4995 referunt
602 4958 615 4994 :
649 4955 812 5010 quam
842 4941 1060 5010 quidem
1096 4945 1437 5014 argumentis
1464 4943 1734 5013 ejusmodi
1785 4944 1906 5008 freti

2017 4949 2200 5020 τριοῦν
2234 4949 2336 5020 τῆς
2360 4948 2455 5002 τοῦ
2498 4947 2714 5019 [ἰατρὸς
2755 4947 2962 5009 οὐσίας.
3000 4946 3124 4999 Ὅτι
3154 4945 3202 5002 si.
3236 4943 3371 5007 ἔστι,
3416 4941 3600 5012 φησὶν,

331 5035 567 5090 alienam
611 5048 641 5086 a
686 5041 884 5099 natura
911 5033 1090 5091 Patris
1123 5034 1396 5093 aﬂirmare
1445 5045 1735 5096 conantur.
1767 5037 1908 5095 Cum

2017 5043 2080 5102 ἐκ
2117 5040 2211 5094 τοῦ
2233 5039 2471 5110 Πατρὸς,
2502 5039 2594 5095 τοῦ
2636 5037 2852 5109 Πατρὸς
2887 5037 2962 5107 μὴ
2993 5035 3314 5096 κοπιῶντος,
3363 5029 3498 5102 μηδὲ
3525 5029 3605 5084 δι·-

325 5127 470 5194 euim
502 5123 662 5181 Pater
693 5141 800 5184 non
831 5125 1060 5189 laboret,
1083 5143 1256 5196 neque
1286 5128 1456 5193 sitiat,
1478 5145 1577 5184 nec
1599 5129 1828 5195 esuriat,
1855 5138 1911 5184 ut

2017 5130 2246 5201 ψῶντος,
2278 5132 2415 5202 μήτε
2451 5129 2764 5194 πεινῶντος,
2791 5127 2974 5191 καθὼς
3003 5128 3037 5198 ἡ
3060 5124 3179 5178 Θεία
3203 5123 3394 5196 Γραφὴ
3417 5121 3566 5190 λέγει
3583 5136 3598 5150 °

249 5251 252 5254 ~
322 5218 614 5290 Scriptura
653 5234 812 5275 sacra
851 5219 1134 5290 loquitur:
1165 5219 1286 5276 Non
1329 5221 1616 5284 laborabit,
1651 5238 1812 5292 neque
1840 5223 1911 5278 si.-

2017 5223 2094 5275 Οὐ
2121 5221 2423 5285 κοπιάσει,
2469 5219 2614 5275 οὐδὲ
2655 5218 2950 5280 πεινάσει,
2978 5214 3122 5270 οὐδὲ
3161 5213 3430 5283 διψήσει,
3463 5211 3604 5265 οὔτε

243 5301 314 5360 Γ
329 5313 440 5376 tiet,
469 5328 560 5368 nec
588 5313 781 5367 esuriat
833 5329 924 5367 nec
951 5323 1028 5366 est
1055 5315 1384 5385 izwesﬁgatio
1411 5314 1705 5382 prudentia
1724 5315 1874 5385 ejus”
1893 5332 1911 5388 ;‘

2017 5309 2309 5380 ὑπνώσει,
2360 5309 2505 5364 οὐδὲ
2549 5309 2722 5363 ἔστιν
2760 5307 3068 5376 ἐξεύρεσις
3110 5302 3219 5370 τῆς
3253 5299 3603 5371 φρονήσεως

325 5403 516 5465 eadem
551 5404 644 5458 illa
677 5421 804 5460 vero
850 5405 904 5460 in
950 5403 1086 5461 Filio
1120 5405 1362 5476 perfecta
1397 5415 1713 5472 cernantur,
1743 5423 1773 5461 a
1806 5406 1911 5464 Pa-

327 5495 452 5560 tris,
482 5495 758 5566 inquiunt,
783 5497 1027 5560 essentia
1047 5507 1100 5551 et
1125 5510 1317 5553 natura
1342 5500 1412 5555 sit
1434 5499 1642 5554 alienus
1671 5507 1912 5568 oportet.

328 5581 654 5653 Atque”th
686 5586 905 5655 quidem
947 5587 1131 5641 omnia
1167 5596 1292 5643 ante
1341 5588 1776 5643 incarnationem
1811 5587 1914 5641 mi-

2014 5401 2202 5456 αὐτοῦ
2223 5417 2235 5431 ·
2270 5399 2474 5454 τούτων
2505 5399 2562 5457 δὲ
2592 5398 2766 5462 οὕτως
2794 5399 2872 5461 εἰς
2907 5397 2996 5450 τὸν
3037 5395 3164 5448 Υἱὸν
3188 5391 3600 5453 τελειωθέντων,

2020 5493 2300 5564 ἀλλότριος
2342 5492 2470 5562 ἀρα,
2501 5493 2685 5561 φασιν,
2727 5492 2970 5572 ὑπάρχει,
2996 5490 3096 5559 τῆς
3123 5487 3218 5541 τοῦ
3267 5485 3481 5557 Πατρὸς
3513 5482 3592 5535 οὑο

2027 5587 2148 5651 σίας
2175 5603 2234 5640 τε
2264 5587 2358 5640 καὶ
2398 5584 2636 5655 φύσεως.
2683 5584 2793 5638 Καὶ
2823 5585 2906 5637 ὅτι
2939 5585 3035 5654 μὲν
3061 5581 3236 5636 ταῦτα
3263 5582 3343 5645 εἰς
3374 5579 3464 5633 τὸν
3490 5577 3603 5632 Μο-

408 5740 422 5770 ²
455 5739 611 5804 JOittl.
645 5758 696 5810 ν,
726 5742 812 5808 “2:2.
894 5745 912 5774 ²
955 5743 1117 5821 Marc.
1157 5762 1272 5812 xm,
1303 5746 1393 5801 5:2.
1477 5746 1492 5777 ³
1523 5743 1706 5811 Μιιιιιι.
1745 5759 1858 5808 χιιι,
1893 5743 1911 5796 ἒ

2062 5752 2080 5774 ⁸
2114 5741 2272 5810 Joau.
2302 5758 2374 5808 ιν,
2409 5742 2460 5796 6.
2537 5741 2558 5772 ⁵
2589 5740 2690 5796 lsa.
2731 5757 2817 5802 χι,
2848 5739 2937 5793 :28.
3019 5739 3038 5769 ⁵
3074 5737 3231 5794 Deest
3259 5732 3485 5801 aliquid.
