3994 6226
334 378 443 436 377

982 375 1350 433 Αυγιεῐιευε
1388 376 1730 434 IMSRESES
1768 374 1893 432 LIB.
1932 373 1953 431 Ι

2052 375 2201 433 ΙὉΜ.
2239 374 2374 433 11.-
2411 375 2688 433 ΗΑΞΚΕΞ.
2720 374 2907 432 LXIX.

3512 369 3617 427 ‘273

340 495 540 566 νογενῆ
572 496 674 550 οὐκ
706 493 1012 566 ἐπληροῦτο
1041 494 1149 567 πρὸ
1175 495 1274 566 τῆς
1308 495 1577 567 ἐνσάρκου
1610 494 1932 564 παρουσίας,

2052 493 2191 548 nime
2222 493 2548 549 conrenisse
2583 492 2742 556 Filio,
2778 490 2861 545 vel
2899 488 3000 560 ipsi
3035 486 3325 543 fateantur.
3356 483 3459 541 Cui
3494 500 3618 539 cum

335 589 500 644 αὐτοὶ
521 588 955 659 ὁμολογήσουσιν
972 602 986 616 ·
1016 587 1146 640 ὅταν
1168 586 1225 639 δὲ
1254 586 1667 657 ὁμολογήσωσιν
1690 587 1932 653 ἀναγκα-

343 681 584 751 ζόμενοι,
610 679 808 733 ἔλθωσι
828 679 886 733 δὲ
913 680 994 742 είς
1025 679 1095 732 τὰ
1122 680 1182 733 ἐν
1213 680 1281 751 τῇ
1309 679 1561 750 ἐνσάρκῳ
1593 677 1760 732 αὐτοῦ
1795 695 1936 749 παρ-

338 773 505 843 ουσίᾳ
547 771 946 842 τετελειωμένοι
969 811 984 835 ,
1037 770 1135 824 καὶ
1188 769 1499 835 ἀκούσωσι,
1534 770 1726 841 διόπερ
1776 768 1936 823 ἔλαϐε

343 862 532 931 σῶμα,
578 860 667 914 διὰ
698 859 860 914 τοῦτο
886 858 1060 914 ταῦτα
1104 860 1339 929 εὐλόγως
1374 860 1665 924 ἐπιτελεῖν,
1703 858 1938 923 ἐνδιδοὺς

346 952 543 1025 ὥσπερ
572 952 792 1023 ἡνίοχος
821 952 899 1023 τῷ
934 953 1140 1023 ἀρματι
1185 953 1266 1015 εἰς
1309 952 1410 1015 τὰς
1440 952 1694 1020 εὐλόγους
1728 951 1936 1024 χρείας,

347 1045 432 1097 ὅτι
475 1044 620 1097 κατά
659 1044 922 1116 ἀλήθειαν
977 1045 1161 1116 σάρκα
1204 1043 1512 1109 ἐνεδύσατο,
1555 1046 1652 1098 καὶ
1687 1046 1748 1097 οὐ
1798 1043 1940 1097 κατά

347 1136 611 1207 δόκησιν·
652 1137 775 1191 τότε
803 1138 1076 1207 φάσκουσι
1114 1135 1192 1208 μὴ
1232 1139 1298 1191 ἐκ
1338 1136 1542 1209 σαρκὸς
1591 1133 1733 1191 εἶναι
1766 1136 1944 1189 ταῦτα

355 1228 546 1300 μόνης·

423 1411 557 1467 ΜΘ’.
601 1412 711 1465 Καὶ
734 1412 844 1483 γὰρ
868 1411 948 1482 τῷ
979 1412 1078 1482 μὲν
1108 1410 1225 1465 ὄντι
1261 1411 1382 1465 καθ’
1410 1410 1611 1481 ἐαυτὴν
1639 1409 1761 1463 οὐτε
1786 1410 1945 1493 διψή-

353 1521 459 1565 σει,
491 1503 617 1558 οὐτε
642 1503 927 1559 κοπιάσει·
959 1504 1062 1557 οὐκ
1092 1505 1239 1557 ίσασι
1277 1504 1336 1558 δέ
1365 1505 1415 1557 oi
1442 1502 1540 1574 τὴν
1568 1501 1687 1556 ὁδὸν
1718 1500 1945 1556 καταλεο

350 1598 623 1662 λοιπότες,
655 1598 751 1651 καὶ
781 1597 876 1650 ἐπί⁷
896 1596 995 1659 τὰς
1025 1596 1274 1661 ἐναντίας
1304 1596 1527 1667 τρίϐους
1556 1594 1942 1664 ἐκτραπέντες,

351 1688 437 1740 ὅτι
478 1687 540 1740 οὐ
574 1686 735 1758 μόνον
767 1686 948 1759 σάρκα
978 1688 1008 1740 ὁ
1054 1685 1181 1748 Υἱὸς
1228 1685 1322 1738 τοῦ
1358 1682 1496 1739 Θεοῦ
1526 1684 1720 1738 ἐλαϐεν
1753 1682 1942 1749 ἐλθὼν,

353 1778 496 1834 ἀλλά
525 1780 619 1832 καὶ
646 1778 849 1850 ψυχὴν,
895 1779 991 1833 καὶ
1023 1777 1173 1842 νοῦν,
1203 1780 1298 1832 καὶ
1326 1777 1504 1832 πάντα
1532 1776 1585 1829 εί
1603 1778 1655 1829 τί
1682 1777 1829 1829 ἐστιν
1851 1776 1945 1830 ἀν-

354 1871 618 1943 θρώποις,
650 1871 823 1943 χωρὶς
866 1871 1166 1943 ἁμαρτίας,
1211 1870 1313 1923 οὐκ
1353 1868 1461 1923 ἀπὺ
1511 1868 1826 1939 σπέρματος
1854 1868 1947 1921 ἀν·
1976 1855 2019 1911 Β

353 1965 503 2036 δρὸς,
553 1964 690 2019 ἀλλά
734 1964 843 2019 ἀπὸ
900 1963 1121 2035 Μαρίας
1152 1965 1252 2034 τῆς
1304 1962 1465 2031 ἁγίας
1511 1961 1804 2032 παρθένου.
1856 1959 1948 2015 διὰ

356 2056 677 2127 Πνεύματος
715 2055 894 2126 άγίου.
931 2056 1004 2110 Οὐ
1044 2054 1325 2127 βούλονται
1359 2055 1374 2084 ¹
1412 2052 1810 2118 καταδέξασθαι
1842 2053 1947 2122 ψυ-

357 2149 461 2221 χὴν
495 2149 662 2203 αὐτὸν
704 2148 987 2221 εἰληφέναι
1027 2147 1117 2202 διὰ
1149 2148 1242 2203 τὸν
1280 2147 1521 2202 τοιοῦτον
1568 2146 1705 2218 πρὸς
1750 2146 1949 2209 αὐτοὺς

357 2242 604 2313 ἔλεγχον,
641 2242 779 2313 ὅπερ
813 2243 961 2296 ἐστὶν
988 2241 1375 2313 εὐχερέστερον
1401 2241 1660 2295 ἁπάντων
1688 2238 1826 2309 πρὸς
1851 2239 1948 2292 ἀν-

357 2338 567 2392 τίθεσιν
597 2338 693 2407 τῆς
715 2338 895 2391 αὐτῶν
929 2336 1338 2407 ματαιολογίας.
1373 2336 1543 2399 Αὐτὸς
1566 2332 1675 2405 γὰρ
1694 2332 1954 2402 ὁμολογεῖ

358 2430 567 2503 ἀληθὴς
622 2430 754 2494 Θεὸς
802 2430 976 2498 λέγων
1019 2429 1148 2500 περὶ
1192 2427 1389 2493 αὐτοῦ,
1447 2427 1530 2481 ὅτι
1579 2425 1720 2496 Ἐγώ
1762 2427 1878 2494 εἶμι
1911 2425 1950 2492 ἠ

359 2522 641 2589 ἀλήθεια·
678 2522 761 2575 δτι
798 2522 860 2576 Ἠ
900 2520 1071 2590 ψυχὴ
1109 2538 1231 2590 μου
1262 2517 1646 2588 τετάρακταιθ
1686 2516 1802 2582 καὶ,
1845 2518 1954 2569 Πε-

354 2616 618 2681 ρίλυπός
650 2615 822 2669 ἐστιν
862 2616 901 2683 ἡ
938 2613 1110 2683 ψυχή
1130 2630 1255 2683 μου
1274 2630 1286 2643 ο
1319 2612 1435 2675 καὶ,
1481 2611 1809 2674 Ἐξουσίαν
1836 2607 1954 2678 ἔχω

360 2712 551 2767 θεῖναι
577 2712 691 2781 τὴν
713 2711 930 2781 ψυχήν
943 2729 1086 2781 μου,
1113 2710 1214 2764 καί
1240 2708 1449 2764 λαϐεῖν
1470 2707 1667 2775 αὐτήν
1688 2724 1701 2737 ·
1737 2707 1831 2761 καὶ
1866 2705 1954 2759 ἵνα

358 2804 514 2877 δείξῃ
544 2803 736 2856 ἐαυτὸν
757 2802 890 2855 Θεὸν
920 2802 1019 2873 μὲν
1046 2796 1183 2854 εῖναι
1208 2801 1400 2871 ἔχοντα
1427 2799 1528 2870 τὴν
1555 2798 1809 2863 ἐξουσίαν
1830 2815 1842 2827 °
1868 2800 1956 2851 ἀν-

362 2892 591 2967 θρώπου
645 2891 755 2963 γὰρ
797 2892 901 2945 οὐκ
947 2890 1096 2944 ἐστιν
1128 2884 1286 2955 οὗτος
1320 2892 1349 2945 ὁ
1390 2890 1569 2959 λόγος.
1616 2890 1806 2953 Οὐδεὶς
1846 2889 1955 2962 γὰρ

362 2987 481 3057 ἔχει
513 2986 762 3053 ἐξουσίαν
792 2984 889 3039 τοῦ
917 2984 1092 3038 θεῖναι
1120 2983 1217 3055 τὴν
1239 2983 1416 3054 ψυχὴν
1440 2982 1629 3047 αὐτοῦ,
1660 2982 1755 3035 καὶ
1770 2980 1956 3035 λαϐεῖν

364 3083 559 3150 αὐτήν.
598 3081 768 3135 Ὅταν
809 3080 867 3135 δὲ
929 3080 1058 3153 περὶ
1109 3080 1292 3151 ψυχῆς
1340 3079 1635 3150 διηγεῖται,
1685 3076 1956 3130 δείκνυσιν

364 3172 559 3226 ἑαυτὸν
590 3169 861 3242 ἀληθινῶς
891 3170 1412 3241 ἐνανθρωπήσαντα,
1448 3170 1543 3223 καὶ¹
1576 3168 1651 3238 μὴ
1695 3166 1951 3235 δοκήσει·

365 3262 464 3315 καὶ
498 3260 690 3315 πάλιν·
736 3259 879 3331 Ἐγώ
909 3263 1027 3329 ειμι
1057 3261 1090 3313 ό
1122 3258 1356 3328 Ποιμὴν
1395 3260 1428 3312 ὁ
1466 3257 1676 3322 καλὸς,
1710 3258 1743 3309 ό
1776 3253 1955 3320 τιθείς

366 3353 487 3422 τὴν
528 3352 743 3423 ψυχὴν
778 3352 965 3407 αὑτοῦ
995 3350 1148 3420 ὑπὲρ
1175 3350 1294 3404 τῶν
1336 3348 1667 3418 προϐάτων.
1713 3346 1821 3400 Καὶ
1869 3346 1956 3399 ἵνα

364 3443 520 3515 δείξῃ
551 3441 784 3514 ἀληθινὰ
805 3440 984 3496 ταῦτα
1013 3441 1162 3505 ὄντα,
1189 3440 1282 3493 ἐπὶ
1309 3439 1404 3493 τοῦ
1434 3437 1670 3511 σταυροῦ
1699 3437 1853 3506 ἔλεγε
1879 3436 1959 3507 τῷ

368 3535 547 3605 Πατρί
568 3552 581 3564 ·
633 3536 739 3601 Είς
770 3533 991 3605 ,χεῖράς
1033 3547 1150 3587 σου
1193 3531 1557 3601 παρατίθημι
1601 3529 1670 3583 τὸ
1720 3527 1960 3598 πνεῦμά

364 3642 509 3695 μου.
538 3624 662 3685 Καὶ.
683 3626 1042 3689 Ἐλθόντων,
1064 3624 1217 3694 φησὶ,
1233 3622 1351 3676 τῶν
1367 3637 1469 3690 στι
1483 3619 1764 3683 ατιωτῶν,
1779 3615 1961 3688 εὗρον

368 3716 561 3772 αὑτὸν
593 3716 710 3786 ἤδη
740 3717 1196 3771 ἐκπεπνευκότα
1215 3732 1228 3745 °
1265 3716 1355 3768 καὶ
1384 3714 1567 3776 πάλιν,
1599 3712 1707 3768 Καὶ
1734 3711 1961 3782 κράξας

369 3808 546 3877 φωνῇ
564 3807 800 3878 μεγάλῃ
822 3804 992 3862 εἶπεν
1006 3824 1019 3838 ’
1040 3807 1191 3871 Ἠλὶ,
1228 3806 1382 3868 Ἠλὶ,
1405 3803 1568 3873 λαμᾶ
1584 3803 1954 3873 σαϐαχθανιί

371 3900 670 3971 τουτέστι,
727 3901 833 3956 Θεέ
866 3920 1022 3972 μου,
1084 3900 1191 3953 Θεέ
1226 3917 1366 3968 μου,
1400 3899 1501 3951 ἵνα
1528 3897 1588 3951 τί
1633 3914 1710 3967 με
1752 3896 1963 3966 ἐγκατ-

371 3993 624 4058 έλιπες-ς
661 3993 737 4056 ὡς
775 3993 874 4064 ἢδη
916 3994 1009 4047 καὶ
1034 3991 1238 4061 ταύτην
1279 3990 1377 4061 τὴν
1407 3989 1637 4060 δύναμιν
1676 3988 1770 4041 τοῦ
1802 3988 1961 4057 λόγου

372 4085 720 4156 ἐφράσαμεν.
764 4086 871 4139 Kal
935 4083 1291 4150 ἐξέπνευσε,
1326 4082 1461 4153 φησι
1498 4082 1560 4134 τὸ
1605 4079 1959 4149 Εὐαγγέλιον.

376 4178 453 4232 Τὸ
487 4178 563 4244 δὲ,
594 4178 953 4243 ἐξέπνευσε,
984 4178 1099 4241 καὶ,
1131 4179 1218 4243 είς
1247 4175 1450 4245 χεῖράς
1481 4187 1621 4239 σου,
1667 4173 1763 4226 καὶ
1796 4171 1877 4239 τὸ,
1922 4173 1962 4241 ἡ

374 4268 550 4337 ψυχή
591 4286 713 4338 μου
767 4266 1151 4336 τετάρακται,
1202 4264 1298 4319 καὶ
1343 4263 1413 4317 τὰ
1453 4263 1590 4317 ἀλλα
1639 4262 1816 4315 πάντα
1862 4261 1964 4331 τῆς

378 4358 639 4430 ἀληθείας
682 4360 971 4430 λεγούσης,
1008 4359 1092 4422 τίς
1139 4358 1346 4427 ἠλίθιος
1388 4358 1475 4427 εἴη
1521 4354 1814 4426 πεισθῆναι
1864 4354 1964 4426 μὲν

374 4451 605 4522 τοιούτῳ
642 4452 992 4524 ἐργαστηρίῳ
1029 4451 1338 4524 ἀνθρώπων
1387 4447 1816 4521 μυωπαζόντων,
1869 4446 1965 4501 καὶ

2040 587 2206 640 etiam
2250 586 2407 640 inviti
2436 584 2794 647 assenserint,
2826 590 2880 637 et
2918 582 2986 637 ad
3018 596 3082 636 ea
3118 580 3465 651 pervenerint
3498 594 3620 648 quae

2042 684 2299 749 suscepta
2318 677 2429 747 jam
2456 691 2623 731 carne
2655 676 2709 729 in
2740 690 2807 731 eo
2830 674 3073 745 perfecta
3103 673 3397 736 dicuntur;
3430 671 3621 727 audie-

2042 770 2156 825 rint
2197 784 2327 824 vero
2367 774 2587 838 propter
2641 774 2956 837 susceptura
3008 766 3076 819 ab
3122 765 3215 819 illo
3247 779 3469 835 corpus,
3510 765 3625 819 haec

2041 861 2239 917 merito
2262 876 2326 915 ac
2353 859 2682 930 justissimis
2712 859 2780 914 de
2817 858 3003 913 causis
3033 858 3375 913 necessarios
3404 857 3469 912 ad
3502 860 3625 910 vita:

2044 969 2176 1008 usus
2205 953 2275 1009 ab
2304 953 2397 1007 illo
2437 951 2730 1022 permissa,
2761 949 3226 1021 quemadmodum
3270 949 3460 1018 auriga
3506 964 3624 1003 mo-

2042 1045 2224 1101 derari
2258 1059 2482 1100 currum
2517 1045 2689 1109 solet;
2721 1042 3169 1113 quandoquidem
3209 1058 3316 1099 non
3349 1043 3481 1098 sola.
3497 1057 3623 1112 spe-

2042 1137 2147 1200 cie,
2182 1136 2276 1193 sed
2303 1150 2492 1191 revera
2521 1150 2744 1189 carnem
2777 1134 2937 1205 7'71
2974 1135 3151 1190 induit
3172 1153 3197 1201 ;_
3222 1134 3337 1189 bzec
3363 1150 3487 1190 cum
3518 1135 3622 1189 illis

2045 1228 2406 1298 objiciuntur,
2435 1234 2637 1299 negant
2664 1242 2731 1282 ex
2763 1228 2879 1281 sola
2907 1242 3076 1283 carne
3100 1227 3375 1296 proﬁcisci
3403 1227 3491 1280 illa
3525 1242 3623 1296 po-

2045 1321 2240 1375 tuisse.

2118 1408 2303 1464 XLIX.
2334 1408 2398 1463 Et
2418 1424 2550 1465 vero
2568 1424 2665 1481 per
2687 1410 2927 1482 seipsam
2953 1410 3069 1464 sola
3092 1423 3224 1463 caro
3248 1423 3424 1477 neque
3452 1406 3644 1471 sitire,_

2046 1518 2227 1575 neque
2257 1503 2474 1575 fatigari
2507 1505 2742 1576 poterit;
2785 1503 2882 1560 sed
2913 1505 3016 1558 hoc
3049 1503 3163 1563 isti.
3194 1502 3285 1573 qui
3320 1502 3510 1557 relicta
3545 1503 3645 1555 via.

2046 1599 2358 1655 contrarias
2391 1596 2462 1654 ad
2491 1598 2719 1653 semitas
2754 1595 3119 1661 deﬁexerunt,
3155 1597 3409 1669 ignorare
3439 1594 3631 1651 viden-

2047 1697 2159 1755 tur,
2195 1689 2290 1746 Dei
2316 1688 2513 1745 Filium
2546 1705 2657 1746 non
2688 1692 2852 1746 modo
2885 1706 3133 1753 carnem,
3162 1690 3257 1745 sed
3280 1697 3336 1745 et
3366 1689 3639 1752 animam,

2047 1792 2102 1840 et
2131 1791 2389 1849 mentem,
2422 1795 2585 1854 atque
2608 1784 2794 1839 omnia
2822 1784 3063 1854 denique
3091 1799 3213 1853 qua:
3236 1789 3365 1839 sunt
3393 1781 3632 1837 hominis

2049 1875 2294 1947 prepria,
2326 1877 2660 1948 suscepisse,
2693 1884 2892 1948 praater
2914 1884 3238 1950 peccatum;
3271 1890 3454 1946 neque
3475 1875 3578 1929 hoc
3601 1891 3633 1929 ε

2049 1966 2194 2022 virili
2234 1968 2467 2031 semine,
2506 1967 2601 2024 sed
2645 1984 2712 2024 ex
2751 1966 2973 2039 Virgine
3009 1967 3200 2031 Maria,
3236 1983 3333 2036 per
3363 1965 3633 2036 Spiritum

2050 2066 2325 2115 sanctum.
2350 2059 2419 2113 At
2450 2060 2541 2116 isti
2567 2067 2771 2131 negant
2791 2060 3027 2115 animam
3061 2059 3210 2113 illum
3240 2057 3633 2128 assumpsisse,

2049 2166 2160 2223 quo
2199 2152 2347 2208 illius
2396 2152 2705 2223 argumenti
2744 2154 2855 2207 vim
2901 2152 3187 2224 ctl‘ugiant,
3226 2151 3372 2223 quod
3409 2152 3477 2205 ad
3513 2153 3635 2205 illo-

2053 2257 2172 2296 rum
2206 2242 2424 2296 inanem
2471 2242 2941 2311 comprimendam
2983 2243 3375 2313 loquacitatem
3422 2243 3638 2297 caeteris

2051 2334 2310 2389 omnibus
2335 2333 2644 2404 promptius
2665 2342 2751 2388 est
2771 2350 2836 2389 ac
2862 2334 3099 2389 facilius.
3129 2334 3204 2389 De
3229 2334 3414 2404 seipse
3436 2336 3640 2406 quippe

2052 2440 2217 2481 verus
2248 2426 2364 2496 ipse
2397 2426 2725 2483 testiﬁcatus
2774 2433 2858 2482 est
2900 2425 3065 2492 Deus,
3116 2426 3211 2496 qui
3258 2428 3546 2480 veritatem
3580 2441 3641 2480 se

2052 2531 2176 2572 esse
2207 2516 2370 2582 dixit,
2410 2517 2517 2571 hoc
2553 2517 2732 2588 ipsum
2781 2517 2929 2589 quod
2978 2517 3239 2579 dicimus,
3283 2517 3370 2573 his
3412 2518 3636 2573 verbis:

2055 2607 2252 2661 Anima
2311 2624 2428 2662 mea
2480 2609 2697 2663 turbata
2732 2609 2880 2674 est';
2929 2618 2983 2663 et
3017 2627 3029 2662 :
3067 2607 3261 2662 Tristis
3316 2617 3396 2662 est
3458 2609 3644 2661 anima

2056 2694 2241 2764 mea‘;
2265 2708 2353 2755 et:
2388 2700 2710 2755 Potestatem
2742 2700 2905 2755 habeo
2927 2699 3153 2770 ponendi
3183 2700 3421 2753 animam
3446 2715 3641 2763 meum,

2053 2803 2103 2848 et
2131 2792 2372 2847 sumendi
2403 2793 2581 2858 eam”;
2616 2803 2679 2848 ut
2725 2801 2781 2848 et
2823 2793 3065 2863 scipsum
3104 2791 3271 2848 Deum
3317 2808 3445 2847 esse
3487 2807 3645 2846 Inou-

2056 2890 2279 2950 straret,
2319 2899 2489 2954 penes
2520 2899 2682 2953 quem
2717 2883 3030 2939 istiusmodi
3064 2884 3136 2937 sit
3168 2892 3415 2954 puti-suas
3470 2881 3645 2938 Usur—

2056 2974 2174 3045 pari
2232 2975 2377 3029 enim
2432 2973 2549 3028 hazc
2600 2974 2667 3029 ab
2722 2973 2942 3028 homine
3000 2989 3109 3028 non
3172 2984 3406 3045 possunt
3450 2993 3463 3028 :
3512 2974 3643 3043 quia

2057 3079 2219 3121 nemo
2261 3074 2366 3132 est,
2413 3066 2507 3136 qui
2556 3066 2823 3136 ponenda:
2876 3064 3072 3120 animae
3137 3080 3272 3128 Sirae.
3334 3064 3647 3134 iterumque

2059 3158 2339 3214 sumendae
2386 3156 2701 3214 facultatem
2760 3158 2977 3213 habeat.
3029 3157 3098 3211 At
3152 3173 3279 3212 cum
3334 3156 3404 3212 de
3461 3159 3645 3211 anima

2060 3249 2317 3320 loquitur,
2365 3248 2643 3305 hominem
2687 3265 2748 3305 se
2803 3266 3026 3314 revera,
3059 3266 3168 3305 non
3222 3250 3339 3304 sola
3384 3249 3649 3321 opinione

2062 3340 2265 3397 factum
2314 3343 2576 3398 ostendit.
2622 3341 2752 3397 ltem
2805 3360 2818 3396 :
2876 3341 2984 3414 Ego
3023 3359 3141 3396 sum
3198 3341 3398 3397 Pastor
3455 3341 3646 3408 bonus,

2058 3434 2147 3503 qui
2195 3434 2430 3488 animam
2485 3449 2635 3488 suam
2685 3434 2834 3502 ponit
2878 3448 2975 3501 pro
3021 3431 3204 3488 ovibus
3256 3432 3370 3487 suis
3396 3428 3437 3486 '.
3467 3431 3651 3502 Atque

2060 3533 2121 3581 ut
2163 3525 2279 3581 haec
2332 3524 2547 3581 veritati
2595 3541 2719 3581 esse
2778 3532 3157 3581 consentanea
3206 3525 3538 3592 declararet,
3590 3523 3647 3578 in

2060 3634 2228 3675 cruce
2275 3633 2577 3689 suspensus
2615 3619 2688 3672 ita
2719 3617 2936 3674 Patrem
2981 3617 3314 3688 alloquitur:
3343 3614 3410 3671 In
3459 3632 3648 3670 manus

2064 3721 2182 3765 tuas
2216 3710 2523 3766 commendo
2551 3712 2803 3781 spiritum
2838 3712 3072 3766 meum'.
3111 3709 3180 3764 Et
3217 3726 3338 3763 cum
3363 3709 3646 3771 venissent,

2064 3803 2263 3873 inquit,
2285 3804 2498 3867 milites,
2529 3805 2833 3859 invenerunt
2855 3804 2975 3873 jam
2998 3804 3151 3859 illum
3175 3805 3478 3873 exspirasse
3494 3803 3537 3855 ⁸.
3564 3802 3648 3856 Atl

2064 3893 2179 3947 hazc
2206 3911 2219 3947 :
2258 3891 2325 3946 Et
2358 3894 2689 3959 exclamans,
2715 3894 2913 3965 inquit,
2949 3910 3068 3948 voce
3099 3909 3293 3963 magna
3330 3892 3509 3945 dixit:
3536 3890 3648 3954 Eli,

2065 3983 2174 4049 Eli,
2215 3984 2360 4039 (ama
2406 3986 2745 4039 sabacthani.
2796 3985 2913 4041 Hoc
2961 3995 3061 4051 est,
3105 3986 3247 4040 Deus
3302 4001 3469 4048 meus,
3513 3982 3651 4038 Deus

2064 4094 2233 4141 meus,
2258 4093 2420 4148 quare
2450 4095 2529 4133 me
2558 4073 2955 4150 dereliquisti’?
2990 4078 3164 4149 Cujus
3189 4076 3406 4149 quidem
3437 4078 3647 4132 oratio-

2066 4170 2154 4226 nis
2193 4170 2301 4224 vim
2332 4170 2445 4241 jam
2496 4178 2624 4225 ante
2669 4171 3091 4227 declaravimus.
3134 4169 3199 4223 Et
3231 4169 3544 4238 exspiravit,
3576 4170 3653 4224 in-

2065 4262 2184 4332 quit
2212 4259 2569 4333 Evangelium
2594 4262 2657 4319 ίο.
2680 4262 2813 4329 Quae
2842 4277 2969 4317 cum
3003 4262 3079 4316 ita
3113 4262 3225 4316 sint
3247 4302 3262 4326 ,
3285 4269 3342 4316 et
3376 4261 3651 4332 ejusmodi

2065 4368 2250 4419 voces,
2285 4354 2600 4423 exspiravit,
2632 4364 2687 4410 et
2727 4358 2781 4408 in
2809 4370 2997 4408 manus
3039 4362 3182 4418 tuas,
3221 4362 3350 4419 etc.,
3382 4362 3437 4408 et
3471 4353 3654 4405 anima

2067 4463 2184 4500 mea
2217 4446 2433 4500 turbata
2476 4457 2576 4513 est,
2625 4462 2690 4503 ac
2736 4455 2965 4502 czeteras
2995 4447 3047 4501 id
3080 4462 3255 4517 genus
3287 4446 3408 4516 ipsa
3451 4445 3653 4506 veritas

374 4545 940 4616 ὀνειροπολουμένων,
988 4545 1084 4599 καὶ
1132 4543 1454 4613 καταλείψαι
1502 4541 1675 4605 αὐτὰς
1721 4540 1821 4604 τὰς
1867 4538 1954 4593 τοῦ

2072 4546 2324 4610 usurpet,
2368 4540 2493 4610 quis
2535 4541 2671 4596 adeo
2711 4540 2916 4597 stultus
2946 4548 3053 4605 cst,
3098 4540 3226 4594 huic
3261 4546 3323 4593 ut
3361 4538 3656 4592 caecutien-

376 4637 515 4691 Θεοῦ
546 4638 719 4707 Λόγου
754 4639 1009 4708 εὐλόγους
1039 4639 1224 4709 ῥήσεις
1255 4637 1353 4707 τῆς
1387 4633 1678 4705 ἀληθείας;

2074 4632 2230 4701 tium,
2265 4648 2330 4688 ac
2377 4633 2769 4689 somniantium
2827 4633 3112 4687 hominum
3160 4632 3438 4703 ergastulo
3493 4629 3653 4685 ﬁdem

378 4730 641 4787 adhibere
667 4730 815 4794 velit,
843 4746 907 4785 ac
930 4729 1175 4784 veritatis
1200 4745 1362 4784 voces
1393 4729 1540 4800 ipsas
1568 4745 1596 4781 a
1627 4728 1815 4782 divino
1837 4725 2017 4781 Verbo
2039 4726 2449 4800 pronuntiatas,
2472 4728 2782 4799 rationique
2805 4735 3208 4783 consentaneas
3238 4726 3587 4797 relinquere?

451 4822 535 4875 N‘.
591 4818 750 4873 Ἀλλὰ
788 4819 973 4873 λοιπὸν
1002 4818 1411 4891 λεξιθηροῦντες
1441 4818 1509 4872 τὰ
1541 4818 1720 4882 καλῶς
1760 4817 1853 4871 καὶ
1877 4819 1959 4888 ὀρ·

379 4914 490 4977 Θῶς
515 4912 783 4984 εἰρημένα
818 4913 927 4965 ἀπὸ
954 4913 1192 4983 ἑκάστης
1218 4910 1465 4982 Γραφῆς,
1495 4911 1652 4982 δίκην
1694 4916 1971 4984 πειρατῶν

381 5005 595 5077 ἀνδρῶν
652 5006 883 5077 σώματα
926 5007 1053 5077 ὑγιῆ
1093 5005 1640 5077 ἀκρωτηριαζόντων,
1691 5010 1972 5082 μαρτυρίᾳ

380 5101 491 5154 τινί
529 5099 848 5171 κέχρηνται,
953 5098 1358 5171 τροπικώτερον
1408 5098 1667 5163 πολλάκις
1710 5102 1743 5170 ἠ
1778 5102 1971 5175 Γραφὴ

384 5195 700 5265 κεχρημένη
733 5193 1021 5264 διηγεῖται.
1065 5192 1172 5245 Καὶ
1200 5192 1258 5245 τὸ
1298 5193 1397 5262 μὲν
1428 5192 1705 5263 τροπικῶς
1746 5194 1973 5266 εἰρημέ-

382 5304 473 5340 νον
506 5285 734 5358 ἀλήθεια
759 5286 946 5358 φέρειν
969 5286 1125 5339 εἴωθε
1155 5289 1174 5318 ²
1193 5302 1208 5318 ⁸
1242 5286 1303 5339 τὸ
1343 5286 1400 5340 δὲ
1429 5286 1628 5357 ἀληθὲς
1662 5286 1756 5339 καὶ
1789 5288 1972 5358 ἀπαρε-

382 5380 644 5450 εμφάτως
683 5379 796 5451 (97)
847 5379 1259 5451 κεκηρυγμένον
1317 5381 1397 5444 είς
1436 5380 1622 5451 ἕτερον
1682 5379 1975 5452 πρόσωπον

460 5540 474 5569 ¹
510 5535 572 5591 F.
606 5537 686 5592 δέ.
766 5539 788 5569 ²
822 5535 883 5590 F.
912 5536 1142 5607 ἀληθείᾳ
1172 5553 1297 5606 φερ.
1341 5535 1585 5592 εἰώθασι.

386 5609 408 5643 ⁷
440 5608 571 5665 Luc.
601 5624 761 5676 mu,
792 5607 883 5663 46.

464 5794 576 5859 (97)
616 5793 687 5847 Τὸ
716 5792 784 5847 δὲ
809 5792 1054 5861 ἀληθὲς.
1080 5791 1177 5845 καὶ
1202 5788 1654 5859 ἀπαρεμφάτως.
1693 5788 1820 5858 Leg.
1843 5787 1975 5859 ἀλη-

394 5864 520 5932 θῶς.
564 5864 738 5922 Porro
764 5863 1181 5936 ἀπαρεμφάτως
1206 5861 1349 5918 idem
1374 5869 1460 5919 est
1481 5876 1543 5918 ac
1575 5861 1832 5934 simplici,
1859 5875 1968 5915 non

1659 5536 1679 5566 ³
1715 5533 1874 5590 Joan.
1911 5552 2009 5598 xu,
2044 5534 2137 5590 27.
2214 5534 2233 5565 ⁸
2266 5531 2459 5586 Matth.
2498 5545 2649 5593 xxvi,
2680 5530 2769 5585 '58.
2845 5530 2865 5560 ⁸
2893 5526 3049 5582 Joan.
3082 5543 3135 5595 Χ,
3167 5527 3251 5583 18.

959 5608 981 5638 ⁸
1006 5600 1322 5672 Ἰυειὶιίκὶι,
1360 5608 1448 5662 33.
1524 5608 1545 5639 ⁹
1576 5606 1766 5662 Matth.
1810 5622 1979 5672 xxvn,
2005 5605 2091 5661 46.
2173 5606 2217 5637 ⁸ο
2241 5603 2408 5658 Marc.
2442 5618 2529 5667 xv,
2561 5600 2648 5655 57.

2149 4818 2211 4874 L.
2250 4819 2493 4890 Pergunt
2527 4820 2579 4873 in
2609 4820 2953 4891 aucupandis
2986 4820 3236 4883 vocibus,
3271 4834 3394 4890 qua:
3423 4825 3568 4873 recte
3590 4832 3658 4872 ac

2074 4911 2337 4981 praeclare
2382 4911 2436 4965 in
2482 4926 2813 4981 unoquoque
2854 4910 3155 4981 Scriptura;
3196 4911 3339 4965 libro
3376 4915 3656 4977 concepta:

2070 5011 2217 5057 sunt.
2253 5001 2311 5056 ln
2340 5018 2451 5072 quo
2500 5002 2707 5073 piratas
2758 5004 3067 5070 imitantur,
3118 5003 3213 5074 qui
3252 5019 3385 5058 sana
3420 5010 3655 5070 corpora

2071 5095 2345 5148 mutilant.
2378 5093 2457 5147 Ita
2508 5095 2585 5149 illi
2625 5096 2942 5151 testimonio
2979 5097 3218 5167 quodam
3255 5096 3559 5150 abutuntur
3588 5106 3654 5144 ac

2071 5186 2332 5256 loquendi
2358 5182 2780 5253 consuetudine,
2815 5203 2981 5258 quam
3013 5187 3226 5256 tropice
3253 5185 3455 5255 saipius
3487 5200 3654 5259 usur—

2075 5295 2205 5349 pare
2238 5277 2523 5351 Scriptura
2552 5282 2863 5337 consuevit.
2902 5279 2967 5333 Et
2997 5280 3219 5349 quidem
3249 5277 3393 5347 quod
3430 5277 3497 5331 ad
3527 5292 3654 5331 eum

2075 5372 2302 5429 modum
2344 5372 2556 5443 tropice
2585 5373 2792 5429 dictum
2823 5380 2930 5435 est,
2960 5378 3223 5441 tanquam
3251 5385 3375 5425 vere
3408 5370 3657 5441 praprie-

3348 5528 3369 5558 ⁸
3398 5526 3532 5583 ibid.
3569 5528 3653 5583 ll.

2086 5784 2379 5855 allegorice
2418 5799 2606 5855 sensu,
2652 5781 2744 5839 scd
2789 5780 3026 5854 proprie.
3063 5788 3117 5839 et
3159 5781 3277 5839 sine
3315 5778 3544 5838 alterius
3577 5776 3659 5834 rei

2078 5855 2496 5930 signiﬁcatione.
