3994 6226
365 288 467 341 ετιι

1755 295 1812 352 s.
1851 277 2195 352 EPIPHAMI

3507 289 3644 348 280

365 419 472 474 quc
507 401 712 457 dictum
747 403 908 476 772
938 404 1132 462 ali'erre
1157 407 1353 462 solent.
1385 410 1544 476 Quod
1588 420 1772 468 autem
1795 429 1941 478 vere,

2047 409 2460 484 ἀλληγοροῦσιν.
2491 409 2668 473 Εὐθὺς
2702 411 2812 480 γὰρ
2839 405 3188 478 ἀναπηδῶσιν
3209 403 3318 458 ἀπὸ
3337 403 3430 460 τοῦ
3455 404 3640 474 ἁγίου

365 505 418 549 et
454 495 774 564 simpliciter
797 497 1208 566 pronuntiatum
1233 508 1338 564 est,
1364 501 1525 555 aliam
1551 503 1618 556 ad
1647 517 1938 574 personam

365 604 463 658 per
485 588 808 658 allegoriam
841 591 1082 670 trahunt.
1106 590 1206 644 llic
1232 592 1376 646 enim
1403 602 1701 648 accurrunt
1729 596 1936 660 statim,

364 687 418 732 et
453 695 514 731 ex
545 676 686 734 ’lsaia
727 683 1054 737 sententiam
1086 684 1356 753 ejusmodi
1397 686 1706 756 proferunt,
1745 688 1800 742 in
1831 703 1939 761 qua

364 771 444 822 sic
475 769 635 826 Pater
662 772 892 842 loquens
919 773 1325 831 introducitur:
1358 776 1491 832 Ecce
1521 778 1778 849 intelliget
1809 795 1940 849 puer

363 877 507 913 meus
543 859 790 926 dilectus,
823 863 878 916 in
904 880 1003 933 quo
1035 865 1162 918 mihi
1184 867 1388 934 placui,
1429 884 1580 937 quem
1611 869 1789 940 diligit
1822 872 1940 924 ani-

361 971 450 1006 ma
491 971 606 1007 mea
632 959 672 1007 ³.
732 955 862 1020 Quae
893 955 1110 1025 quidem
1142 973 1207 1012 ex
1245 957 1422 1013 Patris
1470 975 1701 1030 persona
1745 961 1940 1016 dicun-

362 1057 472 1104 tur,
495 1055 594 1097 nec
619 1045 684 1099 de
706 1059 768 1100 ea
794 1061 851 1100 re
877 1044 1234 1101 dubitandum
1271 1056 1372 1102 est.
1402 1047 1544 1114 Quid
1578 1051 1774 1122 igitur?
1799 1050 1936 1106 Num

361 1137 522 1188 etiam
552 1133 714 1190 Pater
744 1138 980 1192 animam
1023 1140 1306 1210 suscepit?
1339 1139 1818 1210 Respondentibus
1843 1160 1938 1200 no-

363 1227 469 1288 bis,
514 1227 737 1282 minime
785 1227 834 1282 id
867 1229 1110 1299 quidem.
1167 1230 1379 1301 Ecquid
1427 1232 1616 1302 igitur,
1657 1233 1938 1302 inquiunt,

365 1319 513 1372 aliud
543 1328 645 1384 est,
675 1320 782 1375 nisi
815 1321 964 1390 quod
1010 1322 1220 1394 tropice
1247 1324 1352 1379 ista
1378 1323 1675 1381 dicuntur?
1708 1325 1941 1382 Perinde

368 1411 550 1479 itaque
579 1417 632 1465 et
675 1425 704 1464 a
744 1409 881 1466 Filio
914 1414 1126 1484 tr0pice
1155 1423 1285 1468 sunt
1320 1413 1412 1470 illa
1450 1415 1618 1470 dicta.
1651 1416 1726 1470 Ita
1749 1431 1814 1472 ex
1838 1417 1940 1472 hu-

359 1501 454 1571 jus
485 1501 777 1558 occasione
805 1503 912 1558 loci
942 1519 1198 1578 magnum
1234 1521 1292 1561 se
1320 1513 1512 1562 contra
1537 1507 1818 1562 veritatem
1849 1523 1939 1563 ar-

363 1600 683 1662 gutnenlum
735 1603 925 1649 nactos
979 1595 1534 1666 arbitrantur:quod
1580 1596 1714 1668 ipsis
1757 1605 1939 1654 tamen

365 1699 707 1754 nequaquam
737 1683 1011 1740 dabimus.
1043 1683 1255 1756 Quippe
1279 1687 1483 1762 veritas
1512 1685 1620 1741 fuci
1645 1701 1708 1742 ac
1735 1685 1940 1743 lenoci-

363 1773 437 1826 nii
480 1775 658 1830 omnis
689 1789 884 1845 expers
918 1791 1011 1845 per
1045 1765 1284 1846 seipsam
1311 1785 1450 1846 stat;
1495 1793 1670 1848 neque
1716 1791 1810 1833 aut
1842 1796 1938 1836 su-

363 1867 542 1936 perari
579 1875 781 1936 potest,
831 1876 925 1921 aut
960 1868 1299 1938 exquisitum
1346 1870 1636 1942 quemdam
1681 1880 1942 1928 ornatum

363 1955 661 2009 desiderat.
703 1953 1003 2012 Videamus
1051 1973 1216 2027 porro
1249 1974 1372 2030 qua:
1420 1959 1490 2015 sit
1537 1960 1824 2016 amborum
1857 1962 1940 2017 vis

364 2061 429 2098 ac
469 2053 735 2114 potestas.
779 2044 918 2100 Nam
964 2047 1008 2101 si
1041 2049 1208 2103 Pater
1238 2048 1306 2103 ad
1337 2064 1540 2120 corpus
1569 2049 1937 2116 descenderit,

363 2148 418 2192 et
439 2155 659 2194 carnem
687 2139 944 2204 induerit,
969 2149 1131 2211 atque
1153 2142 1424 2212 ejusmodi
1445 2158 1753 2200 sermonem
1780 2161 1940 2201 usur—

365 2231 529 2300 parit,
564 2245 753 2284 revera
795 2231 959 2286 etiam
1012 2233 1248 2286 animam
1303 2233 1514 2290 habuit.
1572 2235 1666 2288 Sin
1717 2249 1939 2290 carnem

365 2319 510 2373 haud
543 2322 871 2391 susceperit,
919 2331 972 2377 et
1015 2323 1374 2379 nihilominus
1404 2324 1510 2380 hoc
1538 2325 1736 2381 dixerit
1763 2344 1776 2379 :
1805 2325 1937 2380 Ani-

363 2427 454 2464 ma
485 2427 622 2475 mea,
657 2421 790 2480 etc.,
821 2413 1031 2482 tropice
1060 2413 1128 2468 de
1157 2411 1268 2468 Deo
1291 2415 1396 2469 ista
1428 2413 1710 2485 praedicari
1747 2427 1942 2486 putan-

362 2505 491 2556 dum
523 2511 627 2568 est,
663 2513 724 2558 ut
762 2507 1200 2576 get-inanitatem,
1233 2522 1355 2575 qua:
1385 2507 1528 2561 inter
1561 2523 1620 2562 sc
1651 2521 1717 2564 ac
1743 2505 1940 2563 Filium

363 2597 757 2663 intercedebat,
789 2613 851 2652 ea
881 2597 1096 2652 ratione
1128 2597 1387 2652 ﬁrmaret.
1417 2597 1499 2652 Ad
1530 2597 1726 2654 Filium
1762 2611 1941 2656 autem

361 2689 551 2742 eadem
585 2688 675 2741 illa
715 2688 1008 2743 convenire
1051 2695 1350 2758 nequeunt.
1397 2687 1612 2760 Quippe
1654 2691 1816 2746 Pater
1845 2693 1944 2746 mi-

362 2781 510 2836 nime
541 2795 762 2834 carnem
797 2781 1030 2848 accepit,
1068 2795 1236 2850 quam
1267 2777 1438 2836 Filius
1473 2781 1684 2851 induit;
1715 2783 1805 2838 ille
1833 2800 1944 2840 non

361 2877 447 2923 est
481 2863 656 2923 iactus
681 2870 880 2922 homo:
918 2867 1092 2926 Filius
1133 2871 1297 2925 homo
1329 2870 1509 2926 factus
1533 2881 1637 2928 est.
1671 2874 1747 2929 Ac
1778 2875 1944 2931 simili

363 2961 524 3030 plane
571 2960 786 3014 ratione
831 2959 1091 3029 quiddam
1153 2959 1261 3013 alio
1311 2959 1432 3016 loco
1476 2959 1625 3015 Patri
1655 2961 1941 3020 tribuitur.

2053 504 2273 558 Ἡσαΐου
2303 503 2560 574 φέροντες
2579 501 2760 572 ῥῆσιν,
2781 500 2864 554 ὅτι
2883 500 2947 552 ἐκ
2969 499 3262 569 προσώπου
3283 497 3378 550 τοῦ
3405 496 3644 567 Πατρὸς

2055 597 2291 668 εἴρηται,
2321 596 2404 650 ὅτι
2444 594 2598 648 Ἰδοὺ
2641 593 2902 661 συνήσει
2929 594 2962 644 ὀ
3010 589 3152 654 παῖς
3171 607 3290 660 μου
3319 591 3353 642 ό
3389 589 3642 658 ἀγαπησ

2041 689 2166 756 τὸς,
2195 689 2269 758 ἐφ
2286 689 2298 709 ’
2321 687 2394 742 ὃν
2421 687 2752 754 εὐδόκησα.
2779 683 2853 737 ὃν
2877 682 3195 752 ἠγάπησεν
3221 683 3260 749 ἠ
3285 676 3450 748 ψυχή
3469 696 3638 747 μου.

2058 780 2146 843 Ὦς
2177 778 2270 832 τοῦ
2307 777 2521 846 Πατρὸς
2561 769 2702 828 εἶναι
2743 773 2948 845 ταύτην
2994 773 3095 842 τὴν
3151 771 3328 836 λέξιν⁸
3353 770 3446 822 κει.)⁸
3500 768 3636 838 γὰρ

2039 870 2256 942 ἀληθές.
2286 868 2409 933 Πῶς
2429 862 2522 922 οὗν
2555 867 2648 921 καὶ
2677 869 2705 920 6
2730 866 2940 936 Πατὴρ,
2971 864 3126 934 φησὶ,
3154 860 3334 932 ψυχὴν
3355 859 3594 928 εἴληφεν
3617 873 3638 920 ;

2054 961 2179 1016 Ἐὰν
2217 960 2273 1014 δὲ
2319 959 2584 1029 εἴπωμεν,
2614 959 2696 1010 ὅτι
2749 957 2822 1028 μὴ
2862 956 3102 1024 γένοιτοί
3153 952 3218 1006 Τί
3261 948 3374 1014 οὖν,
3422 951 3638 1020 φησὶν.

2039 1050 2152 1104 ἀλλ’
2185 1051 2267 1104 ὅτι
2294 1048 2700 1122 τροπικώτερον
2733 1048 2983 1119 εἴρηται;
3021 1046 3162 1117 ’Δρα
3199 1037 3316 1110 οὖν,
3342 1041 3496 1111 φασὶ,
3531 1039 3644 1094 καὶ

2040 1144 2100 1197 τὸ
2132 1143 2239 1197 ἀπὸ
2284 1143 2378 1196 τοῦ
2416 1141 2547 1196 Υἱοῦ
2585 1140 2875 1212 εἰρημένον
2922 1136 3328 1210 τροπικώτερον
3380 1135 3638 1206 εἴρηται.

2041 1233 2150 1284 Καὶ
2169 1230 2477 1302 νομίζουσιν
2505 1234 2561 1284 ὲν
2578 1229 2752 1300 τούτῳ
2777 1229 2918 1284 κατὰ
2939 1229 3038 1298 τῆς
3059 1225 3320 1298 ἀληθείας
3341 1226 3644 1295 εὑρίσκειν

2041 1321 2314 1394 θηρᾶσθαι
2381 1323 2690 1394 πρόφασιν
2753 1321 2891 1392 ὅπερ
2955 1319 3146 1382 αὐτοῖς
3205 1318 3268 1370 οὐ
3311 1316 3639 1386 δοθήσεται.

2054 1413 2492 1478 Ἀκαλλώπιστος
2536 1414 2648 1486 γὰρ
2695 1409 2832 1468 οὖσα
2869 1413 2902 1481 ἡ
2949 1410 3215 1482 ἀλήθεια,
3261 1407 3382 1462 καθ’
3421 1407 3644 1477 ἑαυτὴν

2041 1505 2268 1576 ἔστηκε,
2307 1506 2446 1576 μήτε
2473 1504 2788 1576 ἡττωμένη,
2819 1504 2956 1574 μήτε
2989 1498 3376 1570 καλλωπισμοῦ
3409 1497 3642 1552 ἐπιδεο-

2043 1597 2201 1668 μένη.
2237 1596 2465 1666 Ἰδωμεν
2491 1594 2602 1665 γὰρ
2638 1593 2748 1647 τῶν
2780 1591 3106 1663 ἀμφοτέρων
3137 1590 3236 1662 τὴν
3269 1589 3524 1660 δύναμιν.
3565 1590 3641 1642 El

2045 1689 2144 1759 μὲν
2171 1689 2278 1761 γὰρ
2319 1690 2348 1742 6
2377 1673 2568 1757 Πατὴρ
2588 1681 2752 1757 ἦλθεν
2777 1687 2858 1748 εἰς
2893 1682 3072 1754 σῶμα,
3107 1683 3202 1735 καὶ
3233 1683 3414 1752 σάρκα
3437 1680 3638 1734 ἐνεδύ-

2042 1797 2194 1844 σατο,
2236 1780 2330 1834 καὶ
2351 1778 2542 1850 εἴρηκε
2582 1777 2676 1830 τὸν
2711 1776 2868 1844 λόγον
2898 1774 3110 1838 τοῦτον,
3146 1772 3414 1842 ἀληθινῶς
3441 1771 3640 1844 ψυχὴν

2040 1870 2222 1940 ἔσχεν
2257 1869 2306 1922 εί
2344 1868 2402 1922 δὲ
2448 1868 2630 1938 σάρκα
2663 1869 2691 1920 6
2729 1864 2918 1936 Πατὴρ
2957 1865 3056 1918 οὐκ
3093 1863 3396 1927 ἐνεδύσατο,
3429 1861 3638 1933 εἴρηκε

2037 1962 2117 2025 δὲ,
2147 1961 2228 2015 ὅτι
2266 1961 2339 2016 Ἠ
2359 1959 2531 2030 ψυχή
2566 1977 2708 2029 μου,
2740 1957 3018 2030 τροπικῶς
3039 1955 3198 2014 τοῦτο
3223 1955 3352 2026 περὶ
3374 1955 3463 2008 τὸν
3487 1953 3637 2008 Θεὸν

2040 2054 2245 2126 ᾄδεται,
2280 2054 2368 2106 ἵνα
2401 2051 2829 2122 ὲνασφαλίσηται
2869 2049 2929 2102 τὸ
2952 2050 3198 2118 γνήσιον,
3235 2047 3328 2101 καὶ
3354 2045 3500 2117 δείξῃ
3523 2044 3638 2115 τὴν

2041 2147 2178 2217 πρὸς
2225 2145 2316 2200 τὸν
2368 2145 2499 2198 Υἱὸν
2537 2142 2890 2215 γνησιότητα.
2947 2140 3087 2194 Ἀλλ’
3133 2139 3316 2194 οὐκέτι
3353 2139 3480 2208 περὶ
3531 2137 3637 2192 τὸν

2041 2237 2170 2290 Υίδν
2202 2237 2273 2290 τὰ
2317 2236 2458 2291 αὐτὰ
2503 2237 2651 2289 ἐστιν
2695 2236 2752 2288 ὲν
2796 2233 2970 2302 τούτῳ
3007 2232 3206 2302 λέγειν.
3263 2231 3321 2283 Ὀ
3380 2230 3476 2300 μὲν
3511 2228 3637 2300 γὰρ

2042 2326 2232 2399 Πατὴρ
2256 2329 2358 2380 οὐκ
2379 2325 2538 2380 ἔλαϐε
2566 2325 2746 2397 σάρκα
2768 2341 2780 2354 ·
2807 2325 2835 2377 6
2869 2322 2924 2376 δὲ
2947 2321 3074 2385 Υἱὸς
3094 2321 3383 2375 ἐνεδύσατο
3415 2320 3630 2389 σάρκα.

2055 2423 2112 2477 '0
2150 2421 2340 2493 Πατὴρ
2376 2420 2662 2491 ἄνθρωπος
2696 2419 2758 2472 οὐ
2800 2417 3022 2487 γέγονεν
3044 2431 3058 2444 ·
3095 2416 3123 2467 6
3146 2415 3204 2469 δὲ
3241 2415 3369 2479 Υἱὸς
3399 2415 3635 2483 γέγονεν

2042 2514 2348 2585 ἄνθρωπος.
2380 2511 2454 2564 Τὸ
2481 2512 2667 2582 ὅμοιον
2692 2511 2800 2580 γὰρ
2831 2510 2921 2563 ἐπὶ
2953 2507 3031 2579 τῷ
3065 2507 3241 2577 Πατρὶ
3283 2507 3488 2576 ῥητέον.
3533 2507 3635 2568 Ὠς

2043 2606 2152 2677 γὰρ
2183 2603 2419 2660 ἐνταῦθα
2472 2602 2648 2671 λέγει’
2665 2599 3212 2668 Ἠγιίπησεναύτὸν
3223 2598 3258 2665 ἡ
3276 2593 3444 2664 ψυχή
3455 2607 3594 2662 μου
3613 2609 3630 2624 ο

2044 2697 2220 2761 οὕτως
2245 2696 2392 2764 λέγει
2412 2712 2423 2724 ·
2453 2689 2650 2762 Εὗρον
2677 2689 2854 2746 Δαϐὶδ
2874 2687 2980 2742 τὸν
3005 2687 3112 2740 τοῦ
3155 2681 3402 2744 Ἰεσσαὶ,
3429 2679 3562 2744 ἁνδλ
3589 2697 3632 2730 u

2047 2789 2198 2844 κατὰ
2224 2787 2338 2856 τὴν
2357 2785 2610 2855 καρδίαν
2630 2802 2749 2854 μου
2767 2799 2780 2812 ·
2808 2781 2922 2843 καὶ,
2955 2781 3014 2834 Ἡ
3038 2777 3254 2847 καρδία
3277 2793 3394 2846 μου
3424 2773 3634 2840 ,ττίρρω

2045 2877 2254 2948 ἀπέχει
2283 2877 2384 2932 ἀπ’
2414 2874 2633 2928 αὐτῶν.
2669 2871 2733 2926 El
2772 2871 2969 2936 τοίνυν,
3001 2868 3088 2921 διὰ
3119 2867 3179 2921 τὸ
3216 2863 3634 2938 τῳπικώτερον

2045 2967 2320 3040 εἰρῆσθαι,
2365 2967 2447 3020 ὅτι
2497 2963 2841 3032 Ἡγάπησεν
2875 2963 2912 3029 ἡ
2962 2957 3131 3030 ψυχή
3165 2975 3306 3027 μου,
3355 2953 3634 3025 δεχόμεθα

362 3051 498 3107 Nam
532 3064 588 3106 ut
617 3053 705 3106 hic
739 3053 812 3106 ita
839 3051 1084 3122 loquitur
1116 3070 1128 3106 :
1161 3049 1361 3106 Dilexit
1393 3052 1548 3106 illum
1584 3053 1765 3107 anima
1799 3070 1943 3125 mea;

2047 3059 2107 3114 τὸ
2139 3059 2269 3130 περὶ
2303 3056 2504 3128 ψυχῆς,
2539 3055 2647 3126 ἄρα
2678 3053 2806 3122 γοῦν
2835 3053 2928 3107 καὶ
2959 3053 3020 3106 τὸ
3065 3051 3193 3122 περὶ
3233 3048 3462 3138 καρδίας
3495 3061 3633 3138 τρο-

363 3144 444 3197 sic
475 3143 644 3197 alibi:
675 3141 856 3198 Inveni
891 3141 1060 3197 Dauid
1101 3143 1275 3212 filium
1319 3141 1492 3208 Iesse,
1542 3144 1710 3197 uirum
1755 3159 1942 3198 secun-

277 3241 292 3262 ο
361 3231 488 3282 dum
527 3247 618 3283 cor
651 3233 884 3302 meunt'.
926 3230 1056 3285 Item
1092 3249 1106 3285 :
1145 3231 1251 3286 Cor
1293 3248 1461 3286 meum
1505 3231 1655 3302 longe
1698 3225 1843 3286 abest
1877 3232 1942 3286 ab

363 3315 474 3369 illis
497 3316 538 3368 ³.
565 3315 746 3381 Quare
775 3299 825 3372 si
857 3327 1148 3388 prepterea
1178 3319 1322 3388 quod
1357 3319 1570 3389 tropice
1595 3299 1809 3374 dictum
1835 3329 1941 3385 est,

362 3423 514 3480 quem
545 3407 732 3461 dilexit
765 3411 948 3463 anima
996 3425 1134 3474 mea,
1185 3409 1241 3464 id
1284 3409 1352 3466 de
1397 3411 1576 3464 anima
1609 3427 1793 3466 verum
1821 3427 1944 3468 esse

363 3501 712 3565 conﬁtemur,
747 3515 1096 3572 consequens
1129 3511 1234 3569 est,
1265 3509 1327 3556 ut
1371 3501 1562 3557 eodem
1604 3503 1765 3559 modo
1796 3504 1942 3575 quod

363 3593 434 3649 de
463 3595 628 3648 corde
673 3593 898 3658 dicitur,
948 3593 1157 3664 tropice
1196 3593 1403 3649 dictum
1449 3595 1714 3651 videatur.
1757 3595 1943 3670 Neque

2045 3146 2348 3220 πικὼτερον
2377 3145 2612 3218 εἴρηται.
2639 3145 2748 3197 Καὶ
2771 3144 2948 3214 δῆλον,
2981 3144 3062 3196 ὅτι
3093 3139 3374 3200 καὶρπαντὶ
3397 3137 3474 3208 τῷ
3495 3135 3632 3190 σύν-

2045 3257 2163 3295 εσιν
2207 3238 2530 3312 κεκτημένῳ
2573 3237 2743 3306 σαφὲς
2778 3235 2886 3307 εἴη.
2923 3235 2989 3290 Εἰ
3025 3233 3203 3286 τοίνυν
3225 3229 3501 3302 τροπικῶς
3533 3227 3634 3280 λέ-

2045 3347 2133 3401 γει
2164 3330 2293 3402 περὶ
2324 3329 2501 3401 ψυχῆς
2532 3331 2560 3382 6
2599 3327 2810 3398 Πατὴρ,
2847 3326 2940 3380 καὶ
2985 3324 3112 3394 περὶ
3141 3321 3394 3392 καρδίας,
3426 3313 3494 3388 ἦς
3523 3317 3630 3370 οὐκ

2048 3421 2240 3476 ἐλαϐεν
2257 3437 2270 3452 ·
2295 3421 2356 3476 οὐ
2383 3421 2492 3493 γὰρ
2520 3421 2746 3493 έφόρεσε
2772 3417 2950 3488 σάρκα
2969 3434 2982 3448 ·
3007 3413 3409 3490 τροπικόηερον
3435 3410 3514 3470 είς
3533 3407 3630 3460 τὸν

2045 3513 2268 3586 Πατέρα
2305 3513 2374 3566 τὰ
2419 3511 2646 3565 τοιαῦτα
2685 3510 3052 3578 ἀναλογεῖται.
3092 3505 3287 3560 Οὐκέτι
3334 3502 3390 3554 δὲ
3428 3497 3631 3553 ταυτὸν

2048 3604 2180 3676 περὶ
2225 3603 2318 3657 τὸν
2357 3603 2486 3657 Υίὺν
2529 3601 2760 3674 ἡγητέον
2786 3619 2798 3630 ·
2834 3601 2862 3652 6
2897 3599 3026 3662 Υἱὸς
3068 3596 3176 3668 γὰρ
3232 3591 3389 3647 ἔλαϐε
3425 3590 3633 3661 σάρκα,

363 3691 544 3754 potest
577 3684 646 3737 ab
685 3683 906 3738 homine
954 3683 1223 3754 prudente
1253 3699 1316 3738 ea
1347 3683 1413 3739 de
1449 3701 1508 3740 re
1547 3687 1629 3741 vel
1669 3687 1942 3746 levissime

2051 3694 2145 3748 καὶ
2171 3695 2352 3748 πᾶσαν
2402 3693 2501 3764 τὴν
2528 3692 2873 3764 ἀνθρωπείαν
2909 3688 3077 3764 θέσιν,

364 3775 626 3830 dubitari.
659 3773 798 3846 Ergo
841 3775 886 3830 si
916 3775 984 3831 de
1018 3775 1198 3831 anima
1236 3777 1442 3848 tropice
1473 3776 1629 3833 Pater
1693 3779 1954 3852 loquitur,
1990 3786 2060 3842 de
2109 3786 2297 3848 corde,
2338 3785 2485 3856 quod
2531 3783 2755 3839 minime
2801 3781 3062 3852 suscepit,
3117 3790 3296 3848 neque
3325 3773 3468 3830 enim
3501 3784 3631 3825 caro

365 3885 489 3926 nem
515 3872 834 3940 assumpsit,
860 3885 1086 3926 necesse
1105 3879 1190 3926 est
1211 3871 1480 3942 ejusmodi
1510 3875 1694 3929 omnia
1737 3892 1834 3947 per
1874 3885 2088 3950 tropum
2138 3879 2432 3953 quemdam
2475 3878 2544 3933 ad
2593 3879 2803 3933 Patrem
2849 3872 3270 3932 accommodari.
3313 3867 3430 3923 Non
3485 3866 3631 3920 idem

363 3971 552 4018 tamen
586 3971 640 4018 et
695 3964 762 4018 de
811 3963 952 4018 Filio
986 3965 1328 4021 sentiendum
1358 3973 1464 4029 est,
1497 3967 1588 4037 qui
1651 3968 1870 4039 quidem
1926 3986 2146 4028 carnem
2210 3988 2336 4028 cum
2402 3973 2550 4026 omni
2593 3971 2950 4024 humanarum
2995 3965 3228 4038 partium
3271 3958 3636 4032 dispositione

361 4057 632 4128 suscepit.

441 4151 527 4208 Ll.
565 4153 698 4208 Nam
736 4153 828 4224 qui
860 4153 926 4208 de
963 4151 1103 4209 Filio
1143 4155 1355 4226 tropice
1384 4155 1643 4226 quiddam
1679 4157 1943 4227 ejusmodi

2128 4153 2257 4211 NA'.
2292 4157 2482 4208 Ἔσται
2519 4153 2627 4224 γὰρ
2661 4151 2818 4204 τοῦτο
2856 4147 3095 4203 ἐναντίον
3117 4144 3195 4216 τῷ
3225 4143 3315 4197 ἐπὶ
3339 4141 3469 4196 Υἱοῦ
3503 4159 3636 4211 τρο-

369 4243 640 4302 afﬁrmare
703 4249 923 4313 audeat,
981 4249 1201 4305 tametsi
1255 4251 1312 4303 in
1369 4251 1477 4305 una
1529 4252 1798 4306 duntaxat
1849 4251 1943 4306 ali«

2058 4246 2361 4317 πικώτερον
2405 4245 2612 4312 λέγοντι
2655 4241 2783 4312 περὶ
2812 4241 2912 4310 τῆς
2938 4241 3002 4292 ἐκ
3031 4235 3320 4306 προσώπου
3361 4231 3634 4302 ὲνανθρω-

368 4355 476 4412 qua
527 4347 681 4408 parte
741 4341 886 4395 istud
939 4343 1195 4411 usurpari
1241 4341 1391 4408 velit,
1451 4344 1812 4399 nihilominus
1843 4344 1943 4398 hoc

2055 4341 2293 4410 πήσεως,
2326 4336 2429 4392 κᾶν
2466 4335 2523 4390 έν
2560 4351 2665 4388 τινι
2707 4333 2863 4404 μέρει
2902 4331 3063 4398 λόγου
3101 4327 3397 4434 γενομένης
3434 4324 3638 4437 ὑποθέ-

371 4430 446 4483 illi
471 4429 588 4499 ipse
615 4431 951 4485 contrarium
995 4431 1154 4504 773
1188 4448 1310 4488 esse
1340 4434 1731 4489 animadvertet
1754 4476 1769 4500 ,
1805 4435 1948 4504 quod

369 4523 436 4578 de
485 4531 597 4576 tota
631 4523 828 4577 divina:
871 4539 1116 4592 personae
1155 4526 1533 4581 incarnatione
1565 4527 1950 4581 constituerit:

371 4617 517 4690 quod
567 4617 822 4670 nimirum
853 4631 978 4671 vere
1007 4615 1245 4671 hominis
1289 4629 1540 4671 naturam
1573 4619 1950 4688 assunipserit.

369 4709 584 4763 Etenim
639 4715 698 4761 ut
757 4708 886 4762 illud
954 4708 1192 4772 demus,
1259 4709 1405 4780 quod
1470 4709 1536 4763 de
1597 4709 1776 4764 anima
1831 4709 1953 4763 Filii

372 4802 639 4870 scriptum
689 4809 775 4855 est
835 4800 901 4855 ad
957 4801 1268 4872 allegoriam
1305 4808 1595 4870 spectare,
1649 4816 1713 4854 ac
1747 4801 1953 4870 tropice

372 4893 504 4949 illud
537 4908 700 4947 omne
732 4892 1202 4964 interpretamlum
1233 4907 1354 4947 esse
1383 4933 1396 4953 ,
1431 4903 1679 4962 superest
1714 4901 1771 4947 ut
1809 4893 1951 4948 idem

373 5003 591 5056 quoque
614 4985 681 5040 de
709 4986 872 5040 corde
908 4985 1270 5054 suspicemur.
1302 4983 1476 5054 Atque
1505 4999 1571 5039 eo
1613 4983 1828 5038 tandem
1867 5000 1954 5041 res

372 5078 616 5144 recidat,
657 5075 798 5132 nihil
839 5085 895 5131 ut
949 5077 1206 5141 veritate,
1254 5077 1510 5147 opinione
1554 5086 1734 5130 autem
1770 5077 1954 5132 omnia

371 5180 627 5226 constare
659 5171 966 5225 videantur.
1005 5167 1192 5238 Itaque
1225 5169 1290 5223 de
1326 5184 1491 5223 carne
1526 5185 1644 5238 qua:
1675 5168 1952 5234 dicuntur,

371 5277 466 5331 per
493 5269 712 5331 tropum
745 5275 1011 5331 usurpare
1045 5259 1299 5335 digentur
1323 5301 1336 5324 ,
1366 5260 1410 5314 si
1442 5261 1570 5330 quid
1598 5261 1953 5330 vitilitigatori

373 5355 500 5408 huic
530 5356 657 5409 Ario
686 5354 982 5410 credimus.
1017 5351 1174 5408 Unde
1197 5367 1371 5420 neque
1404 5365 1498 5405 cor
1526 5391 1540 5414 ,
1569 5367 1745 5422 neque
1771 5352 1949 5421 jecur,

374 5461 550 5515 neque
589 5461 786 5502 carnes
813 5485 827 5512 ,
886 5461 1062 5518 neque
1117 5445 1374 5499 intestina
1401 5485 1415 5510 ,
1457 5459 1630 5514 neque
1664 5458 1818 5506 ossa,
1853 5459 1952 5500 nec

377 5535 539 5589 ullam
580 5535 813 5606 denique
843 5535 1152 5593 istiusmodi
1197 5545 1406 5606 partem
1434 5534 1678 5590 divinum
1709 5533 1949 5590 Verbum

341 5785 348 5791 .
446 5723 460 5752 ¹
498 5717 600 5773 lsa.
627 5733 760 5784 xui,
790 5717 840 5774 i.
919 5722 938 5750 '
966 5715 1137 5790 l'lieg.
1183 5735 1300 5786 xm,
1337 5719 1420 5776 {4.
1498 5719 1518 5750 ³
1552 5718 1653 5774 lsa.
1688 5733 1836 5783 uix,
1877 5717 1955 5773 l3.

2053 4447 2191 4494 σεως
2224 4429 2310 4483 διὰ
2345 4427 2438 4482 τοῦ
2466 4423 2734 4498 ἀληθινῶς
2762 4421 3194 4494 ὲνανθρωπῆσαι.
3233 4419 3296 4471 Εἰ
3321 4417 3427 4488 γὰρ
3465 4414 3638 4486 ἀλλη-

2051 4525 2295 4594 γορεῖται
2320 4519 2381 4572 τὺ
2407 4519 2531 4590 περὶ
2553 4515 2729 4587 ψυχῆς
2756 4513 2911 4576 Υἱοῦ,
2950 4509 3044 4566 καὶ
3075 4509 3476 4582 τροπικώτερον
3507 4505 3638 4576 περὶ

2053 4615 2221 4685 αὐτῆς
2249 4609 2611 4681 ὑποληπτέον,
2643 4609 2752 4678 ἄρα
2790 4607 2885 4660 καὶ
2911 4605 3035 4676 περὶ
3065 4601 3290 4672 καρδίας
3318 4599 3384 4652 τὰ
3413 4597 3638 4652 τοιαῦτα

2050 4705 2287 4777 λελέχθω
2310 4721 2322 4734 ·
2362 4705 2456 4756 καὶ
2489 4700 2731 4770 δώσομεν
2776 4697 2960 4751 λοιπὸν
3005 4695 3280 4747 τὼπάντα
3315 4693 3534 4760 δόκησιν
3558 4685 3638 4741 εἶ-

2053 4815 2163 4861 ναι,
2203 4795 2426 4860 καὶ-οὐκ
2471 4793 2744 4864 ἀλήθειαν.
2786 4786 3074 4860 Τροπικῶς
3117 4785 3328 4855 εἴρηται
3370 4783 3462 4835 καὶ
3509 4781 3638 4852 περὶ

2051 4889 2271 4960 σαρκὸς,
2299 4885 2440 4940 κατὰ
2469 4887 2557 4938 τὸν
2584 4881 2886 4953 φιλονείκου
2931 4880 2986 4930 ’Λ
2998 4877 3140 4950 ρείου
3167 4877 3342 4944 λόγον.
3369 4873 3479 4928 Καὶ
3509 4872 3638 4925 οὑκ-

2049 4983 2130 5035 ἐτι
2169 4981 2394 5053 καρδίαν
2428 4977 2583 5049 ἔσχεν
2621 4974 2790 5028 ἐλθὼν
2833 4975 2861 5025 6
2894 4971 3084 5038 Λόγος,
3129 4967 3250 5021 οὔτε
3296 4963 3470 5038 ἧπαρ,
3513 4962 3636 5018 οὔτε

2053 5075 2249 5145 σάρκα,
2277 5071 2398 5124 οὔτε
2433 5069 2657 5138 ἔγκατα,
2695 5063 2817 5118 οὔτε
2855 5062 3037 5123 ὀστέα,
3077 5060 3204 5113 οὔτε
3241 5077 3293 5112 τι
3319 5058 3427 5109 τῶν
3455 5055 3638 5108 τοιού-

2052 5183 2178 5219 των·
2206 5163 2342 5218 ἀλλὰ
2365 5163 2541 5216 πάντα
2563 5159 2747 5212 λοιπὸν
2773 5155 3174 5226 ἀλληγορεῖται,
3196 5149 3290 5204 καὶ
3309 5147 3636 5220 τροπικιῦτε-

2057 5277 2148 5333 ρον
2203 5258 2442 5326 λέγεται·
2476 5255 2509 5324 ἦ
2547 5253 2627 5305 ὅτι
2669 5251 2804 5312 ὅλως
2833 5249 3032 5319 φορ-,τὸν
3063 5243 3220 5298 ἔλαϐε
3260 5242 3438 5311 σῶμα,
3473 5238 3637 5333 μηδέν

2055 5329 2160 5403 τῶν
2185 5347 2470 5402 ὲντοσθίων
2497 5345 2638 5416 ἕχον.
2670 5342 2795 5406 Πῶς
2817 5337 2909 5395 οὖν
2936 5339 3112 5411 ἤσθιε,
3145 5337 3239 5390 καὶ
3268 5335 3484 5398 Erro/sv;
3525 5329 3624 5384 ’Λλ-

2054 5442 2122 5495 λὰ
2156 5441 2370 5509 ἅπαγεί
2405 5439 2468 5492 Εἰ
2498 5438 2554 5490 δὲ
2599 5440 2626 5490 6
2653 5435 2842 5506 Πατὴρ
2880 5433 3028 5500 λέγει
3063 5429 3290 5500 καρδίαν
3317 5428 3412 5480 καὶ
3438 5423 3636 5495 ψυχὴν,

2055 5533 2278 5590 δύναται
2331 5532 2388 5586 δὲ
2411 5515 2414 5518 ’
2441 5533 2521 5594 είς
2566 5529 2728 5585 αὑτὸν
2765 5521 3204 5597 ἁλληγορεῖσθαι,
3245 5521 3338 5574 καὶ
3367 5513 3636 5588 τροπικῶς
