  <div class='ocr_page' id='page_1' title='image "/cluster/home/n/w/nwhite01/storage/ocr_20150623/42/mdp.39015052824052/160.png"; bbox 0 0 3994 6226; ppageno 0'>
   <div class='ocr_carea' id='block_1_1' title="bbox 178 375 280 430">
    <p class='ocr_par' dir='ltr' id='par_1_1' title="bbox 178 375 280 430">
     <span class='ocr_line' id='line_1_1' title="bbox 178 375 280 430; baseline -0.01 0"><span class='ocrx_word' id='word_1_1' title='bbox 178 375 280 430; x_wconf 72' lang='grc'><strong>231</strong></span> 
     </span>
    </p>
   </div>
   <div class='ocr_carea' id='block_1_2' title="bbox 928 378 1785 443">
    <p class='ocr_par' dir='ltr' id='par_1_2' title="bbox 928 378 1785 439">
     <span class='ocr_line' id='line_1_2' title="bbox 928 378 1785 439; baseline 0.001 -6"><span class='ocrx_word' id='word_1_2' title='bbox 928 378 1303 439; x_wconf 78' lang='lat' dir='ltr'><strong>ADVERSUS</strong></span> <span class='ocrx_word' id='word_1_3' title='bbox 1340 379 1685 438; x_wconf 68' lang='grc' dir='ltr'>ιιΑειιΕδΕδ</span> <span class='ocrx_word' id='word_1_4' title='bbox 1724 380 1785 434; x_wconf 89' lang='lat' dir='ltr'><strong>LI</strong></span> 
     </span>
    </p>
   </div>
   <div class='ocr_carea' id='block_1_3' title="bbox 1888 378 2900 443">
    <p class='ocr_par' dir='ltr' id='par_1_3' title="bbox 1896 380 2900 443">
     <span class='ocr_line' id='line_1_3' title="bbox 1896 380 2900 443; baseline 0.007 -9"><span class='ocrx_word' id='word_1_5' title='bbox 1896 380 1960 438; x_wconf 91' lang='lat' dir='ltr'><strong>ll.</strong></span> <span class='ocrx_word' id='word_1_6' title='bbox 2001 383 2164 441; x_wconf 78' lang='lat' dir='ltr'><strong>TOM.</strong></span> <span class='ocrx_word' id='word_1_7' title='bbox 2210 384 2273 441; x_wconf 82' lang='grc'><strong>11.</strong></span> <span class='ocrx_word' id='word_1_8' title='bbox 2298 416 2365 426; x_wconf 94' lang='grc'><strong>-</strong></span> <span class='ocrx_word' id='word_1_9' title='bbox 2405 383 2679 443; x_wconf 74' lang='grc' dir='ltr'><strong>ΗᾸΞΠΕΞ.</strong></span> <span class='ocrx_word' id='word_1_10' title='bbox 2714 385 2900 442; x_wconf 71' lang='lat' dir='ltr'><strong>LXIX.</strong></span> 
     </span>
    </p>
   </div>
   <div class='ocr_carea' id='block_1_4' title="bbox 3366 387 3476 444">
    <p class='ocr_par' dir='ltr' id='par_1_4' title="bbox 3366 387 3476 444">
     <span class='ocr_line' id='line_1_4' title="bbox 3366 387 3476 444; baseline 0 -1"><span class='ocrx_word' id='word_1_11' title='bbox 3366 387 3476 444; x_wconf 67' lang='lat'><strong>282</strong></span> 
     </span>
    </p>
   </div>
   <div class='ocr_carea' id='block_1_5' title="bbox 179 483 1785 573">
    <p class='ocr_par' dir='ltr' id='par_1_5' title="bbox 179 483 1780 567">
     <span class='ocr_line' id='line_1_5' title="bbox 179 483 1780 567; baseline 0.007 -30"><span class='ocrx_word' id='word_1_12' title='bbox 179 483 460 556; x_wconf 70' lang='grc' dir='ltr'>λέγεσθαι,</span> <span class='ocrx_word' id='word_1_13' title='bbox 485 487 579 540; x_wconf 77' lang='grc' dir='ltr'>καὶ</span> <span class='ocrx_word' id='word_1_14' title='bbox 602 487 682 550; x_wconf 81' lang='grc' dir='ltr'><strong>είς</strong></span> <span class='ocrx_word' id='word_1_15' title='bbox 710 485 800 541; x_wconf 85' lang='grc' dir='ltr'>τὸν</span> <span class='ocrx_word' id='word_1_16' title='bbox 824 488 951 544; x_wconf 85' lang='grc' dir='ltr'><strong>Υἱὸν</strong></span> <span class='ocrx_word' id='word_1_17' title='bbox 970 494 1269 563; x_wconf 86' lang='grc' dir='ltr'><strong>τροπικῶς,</strong></span> <span class='ocrx_word' id='word_1_18' title='bbox 1299 496 1388 550; x_wconf 80' lang='grc' dir='ltr'><strong>διὰ</strong></span> <span class='ocrx_word' id='word_1_19' title='bbox 1411 497 1474 549; x_wconf 88' lang='grc' dir='ltr'>τὸ</span> <span class='ocrx_word' id='word_1_20' title='bbox 1496 495 1780 567; x_wconf 84' lang='grc' dir='ltr'>ἀρνεῖσθαι</span> 
     </span>
    </p>
   </div>
   <div class='ocr_carea' id='block_1_6' title="bbox 1888 483 3473 573">
    <p class='ocr_par' dir='ltr' id='par_1_6' title="bbox 1888 495 3473 573">
     <span class='ocr_line' id='line_1_6' title="bbox 1888 495 3473 573; baseline 0.003 -23"><span class='ocrx_word' id='word_1_21' title='bbox 1888 495 1977 551; x_wconf 87' lang='lat' dir='ltr'><strong>illa</strong></span> <span class='ocrx_word' id='word_1_22' title='bbox 2027 498 2080 552; x_wconf 92' lang='lat' dir='ltr'><strong>in</strong></span> <span class='ocrx_word' id='word_1_23' title='bbox 2122 500 2503 557; x_wconf 72' lang='lat' dir='ltr'><strong>incarnatione</strong></span> <span class='ocrx_word' id='word_1_24' title='bbox 2535 503 2864 571; x_wconf 70' lang='lat' dir='ltr'><strong>susceperit,</strong></span> <span class='ocrx_word' id='word_1_25' title='bbox 2905 500 3001 556; x_wconf 90' lang='lat' dir='ltr'><strong>sed</strong></span> <span class='ocrx_word' id='word_1_26' title='bbox 3042 499 3110 555; x_wconf 89' lang='lat' dir='ltr'><strong>ad</strong></span> <span class='ocrx_word' id='word_1_27' title='bbox 3155 500 3473 573; x_wconf 77' lang='lat' dir='ltr'><strong>allegoriam</strong></span> 
     </span>
    </p>
   </div>
   <div class='ocr_carea' id='block_1_7' title="bbox 178 577 1779 661">
    <p class='ocr_par' dir='ltr' id='par_1_7' title="bbox 178 577 1779 661">
     <span class='ocr_line' id='line_1_7' title="bbox 178 577 1779 661; baseline 0.006 -30"><span class='ocrx_word' id='word_1_28' title='bbox 178 577 347 631; x_wconf 77' lang='grc' dir='ltr'>αὑτὸν</span> <span class='ocrx_word' id='word_1_29' title='bbox 370 577 651 648; x_wconf 78' lang='grc' dir='ltr'>εἰληφέναι</span> <span class='ocrx_word' id='word_1_30' title='bbox 682 580 882 652; x_wconf 76' lang='grc' dir='ltr'>ψυχήν.</span> <span class='ocrx_word' id='word_1_31' title='bbox 915 585 1010 649; x_wconf 82' lang='grc' dir='ltr'><strong>Εἰς</strong></span> <span class='ocrx_word' id='word_1_32' title='bbox 1046 586 1103 639; x_wconf 87' lang='grc' dir='ltr'>δὲ</span> <span class='ocrx_word' id='word_1_33' title='bbox 1147 588 1208 641; x_wconf 81' lang='grc' dir='ltr'>τὸ</span> <span class='ocrx_word' id='word_1_34' title='bbox 1238 590 1368 659; x_wconf 81' lang='grc' dir='ltr'>περὶ</span> <span class='ocrx_word' id='word_1_35' title='bbox 1400 588 1628 661; x_wconf 82' lang='grc' dir='ltr'><strong>καρδίας</strong></span> <span class='ocrx_word' id='word_1_36' title='bbox 1658 605 1779 641; x_wconf 80' lang='grc' dir='ltr'>πιε-</span> 
     </span>
    </p>
   </div>
   <div class='ocr_carea' id='block_1_8' title="bbox 177 665 1780 753">
    <p class='ocr_par' dir='ltr' id='par_1_8' title="bbox 177 665 1780 753">
     <span class='ocr_line' id='line_1_8' title="bbox 177 665 1780 753; baseline 0.009 -31"><span class='ocrx_word' id='word_1_37' title='bbox 177 665 437 741; x_wconf 68' lang='grc' dir='ltr'>ζόμενοι,</span> <span class='ocrx_word' id='word_1_38' title='bbox 472 673 535 725; x_wconf 82' lang='grc' dir='ltr'>οὐ</span> <span class='ocrx_word' id='word_1_39' title='bbox 575 673 828 729; x_wconf 83' lang='grc' dir='ltr'>δύνανται</span> <span class='ocrx_word' id='word_1_40' title='bbox 876 678 1240 749; x_wconf 82' lang='grc' dir='ltr'><strong>ἀρνήσασθαι,</strong></span> <span class='ocrx_word' id='word_1_41' title='bbox 1274 682 1363 735; x_wconf 77' lang='grc' dir='ltr'>διὰ</span> <span class='ocrx_word' id='word_1_42' title='bbox 1404 683 1466 736; x_wconf 84' lang='grc' dir='ltr'>τὸ</span> <span class='ocrx_word' id='word_1_43' title='bbox 1498 684 1780 753; x_wconf 82' lang='grc' dir='ltr'>ὁμολογεῖ-</span> 
     </span>
    </p>
   </div>
   <div class='ocr_carea' id='block_1_9' title="bbox 178 758 1779 845">
    <p class='ocr_par' dir='ltr' id='par_1_9' title="bbox 178 763 1779 845">
     <span class='ocr_line' id='line_1_9' title="bbox 178 763 1779 845; baseline 0.008 -29"><span class='ocrx_word' id='word_1_44' title='bbox 178 763 309 817; x_wconf 84' lang='grc' dir='ltr'>σθαι</span> <span class='ocrx_word' id='word_1_45' title='bbox 347 765 478 836; x_wconf 86' lang='grc' dir='ltr'>παρ’</span> <span class='ocrx_word' id='word_1_46' title='bbox 514 766 697 821; x_wconf 75' lang='grc' dir='ltr'>αὐτῶν</span> <span class='ocrx_word' id='word_1_47' title='bbox 727 770 909 822; x_wconf 80' lang='grc' dir='ltr'>πᾶσαν</span> <span class='ocrx_word' id='word_1_48' title='bbox 951 772 1051 841; x_wconf 86' lang='grc' dir='ltr'>τὴν</span> <span class='ocrx_word' id='word_1_49' title='bbox 1086 772 1235 828; x_wconf 81' lang='grc' dir='ltr'>θέσιν</span> <span class='ocrx_word' id='word_1_50' title='bbox 1261 774 1354 828; x_wconf 92' lang='grc' dir='ltr'><strong>τοῦ</strong></span> <span class='ocrx_word' id='word_1_51' title='bbox 1397 774 1653 845; x_wconf 81' lang='grc' dir='ltr'>σώματος</span> <span class='ocrx_word' id='word_1_52' title='bbox 1682 774 1779 829; x_wconf 88' lang='grc' dir='ltr'><strong>τοῦ</strong></span> 
     </span>
    </p>
   </div>
   <div class='ocr_carea' id='block_1_10' title="bbox 177 856 1788 940">
    <p class='ocr_par' dir='ltr' id='par_1_10' title="bbox 177 856 1788 940">
     <span class='ocr_line' id='line_1_10' title="bbox 177 856 1788 940; baseline 0.009 -33"><span class='ocrx_word' id='word_1_53' title='bbox 177 856 391 927; x_wconf 79' lang='grc' dir='ltr'>Κυρίου</span> <span class='ocrx_word' id='word_1_54' title='bbox 421 857 724 929; x_wconf 81' lang='grc' dir='ltr'><strong>εἰληφέναι,</strong></span> <span class='ocrx_word' id='word_1_55' title='bbox 755 862 864 915; x_wconf 79' lang='grc' dir='ltr'><strong>ἀπὸ</strong></span> <span class='ocrx_word' id='word_1_56' title='bbox 889 862 984 916; x_wconf 87' lang='grc' dir='ltr'><strong>τοῦ</strong></span> <span class='ocrx_word' id='word_1_57' title='bbox 1018 866 1247 935; x_wconf 86' lang='grc' dir='ltr'>καρδίαν</span> <span class='ocrx_word' id='word_1_58' title='bbox 1280 868 1375 920; x_wconf 74' lang='grc' dir='ltr'>καὶ</span> <span class='ocrx_word' id='word_1_59' title='bbox 1403 868 1652 940; x_wconf 81' lang='grc' dir='ltr'>καρδίαν,</span> <span class='ocrx_word' id='word_1_60' title='bbox 1681 868 1788 939; x_wconf 85' lang='grc' dir='ltr'>τὴν</span> 
     </span>
    </p>
   </div>
   <div class='ocr_carea' id='block_1_11' title="bbox 179 940 1785 1029">
    <p class='ocr_par' dir='ltr' id='par_1_11' title="bbox 179 940 1785 1029">
     <span class='ocr_line' id='line_1_11' title="bbox 179 940 1785 1029; baseline 0.009 -31"><span class='ocrx_word' id='word_1_61' title='bbox 179 946 285 1015; x_wconf 84' lang='grc' dir='ltr'>μὲν</span> <span class='ocrx_word' id='word_1_62' title='bbox 330 946 601 1018; x_wconf 81' lang='grc' dir='ltr'><strong>ἀληθινῶς</strong></span> <span class='ocrx_word' id='word_1_63' title='bbox 637 950 1099 1025; x_wconf 79' lang='grc' dir='ltr'><strong>ὁμολογουμένην,</strong></span> <span class='ocrx_word' id='word_1_64' title='bbox 1142 955 1240 1027; x_wconf 83' lang='grc' dir='ltr'>τὴν</span> <span class='ocrx_word' id='word_1_65' title='bbox 1278 956 1334 1010; x_wconf 80' lang='grc' dir='ltr'>δὲ</span> <span class='ocrx_word' id='word_1_66' title='bbox 1369 940 1785 1029; x_wconf 75' lang='grc' dir='ltr'>ἇλληγορουμέ-,</span> 
     </span>
    </p>
   </div>
   <div class='ocr_carea' id='block_1_12' title="bbox 178 1038 1778 1121">
    <p class='ocr_par' dir='ltr' id='par_1_12' title="bbox 178 1038 1778 1121">
     <span class='ocr_line' id='line_1_12' title="bbox 178 1038 1778 1121; baseline 0.009 -31"><span class='ocrx_word' id='word_1_67' title='bbox 178 1055 303 1109; x_wconf 90' lang='grc' dir='ltr'>νην.</span> <span class='ocrx_word' id='word_1_68' title='bbox 340 1038 499 1093; x_wconf 85' lang='grc' dir='ltr'>υῦτω</span> <span class='ocrx_word' id='word_1_69' title='bbox 526 1042 620 1095; x_wconf 82' lang='grc' dir='ltr'>καὶ</span> <span class='ocrx_word' id='word_1_70' title='bbox 652 1044 781 1114; x_wconf 79' lang='grc' dir='ltr'>περὶ</span> <span class='ocrx_word' id='word_1_71' title='bbox 814 1043 992 1115; x_wconf 81' lang='grc' dir='ltr'>ψυχῆς</span> <span class='ocrx_word' id='word_1_72' title='bbox 1022 1050 1049 1101; x_wconf 86' lang='grc' dir='ltr'>ὁ</span> <span class='ocrx_word' id='word_1_73' title='bbox 1078 1048 1234 1116; x_wconf 86' lang='grc' dir='ltr'>λόγος</span> <span class='ocrx_word' id='word_1_74' title='bbox 1275 1048 1482 1119; x_wconf 79' lang='grc' dir='ltr'>ἀληθὴς</span> <span class='ocrx_word' id='word_1_75' title='bbox 1522 1051 1778 1121; x_wconf 86' lang='grc' dir='ltr'><strong>ὑπάρχει,</strong></span> 
     </span>
    </p>
   </div>
   <div class='ocr_carea' id='block_1_13' title="bbox 178 1132 1781 1212">
    <p class='ocr_par' dir='ltr' id='par_1_13' title="bbox 178 1132 1781 1212">
     <span class='ocr_line' id='line_1_13' title="bbox 178 1132 1781 1212; baseline 0.007 -29"><span class='ocrx_word' id='word_1_76' title='bbox 178 1132 277 1184; x_wconf 76' lang='grc' dir='ltr'>καὶ</span> <span class='ocrx_word' id='word_1_77' title='bbox 308 1133 410 1185; x_wconf 79' lang='grc' dir='ltr'>οὐκ</span> <span class='ocrx_word' id='word_1_78' title='bbox 432 1133 837 1205; x_wconf 83' lang='grc' dir='ltr'>άλληγορεῖται,</span> <span class='ocrx_word' id='word_1_79' title='bbox 866 1136 992 1190; x_wconf 75' lang='grc' dir='ltr'>οὔτε</span> <span class='ocrx_word' id='word_1_80' title='bbox 1016 1140 1295 1211; x_wconf 83' lang='grc' dir='ltr'>τροπικῶς</span> <span class='ocrx_word' id='word_1_81' title='bbox 1323 1141 1562 1209; x_wconf 89' lang='grc' dir='ltr'>λέγεται.</span> <span class='ocrx_word' id='word_1_82' title='bbox 1599 1140 1781 1212; x_wconf 78' lang='grc' dir='ltr'>Οὔσης</span> 
     </span>
    </p>
   </div>
   <div class='ocr_carea' id='block_1_14' title="bbox 176 1222 1783 1304">
    <p class='ocr_par' dir='ltr' id='par_1_14' title="bbox 176 1222 1783 1304">
     <span class='ocr_line' id='line_1_14' title="bbox 176 1222 1783 1304; baseline 0.008 -29"><span class='ocrx_word' id='word_1_83' title='bbox 176 1222 238 1276; x_wconf 80' lang='grc' dir='ltr'>δὲ</span> <span class='ocrx_word' id='word_1_84' title='bbox 264 1224 368 1294; x_wconf 79' lang='grc' dir='ltr'>τῆς</span> <span class='ocrx_word' id='word_1_85' title='bbox 389 1224 483 1278; x_wconf 85' lang='grc' dir='ltr'><strong>τοῦ</strong></span> <span class='ocrx_word' id='word_1_86' title='bbox 515 1228 753 1298; x_wconf 84' lang='grc' dir='ltr'>Χριστοῦ</span> <span class='ocrx_word' id='word_1_87' title='bbox 782 1230 1250 1304; x_wconf 84' lang='grc' dir='ltr'>ἐνανθρωπήσεως</span> <span class='ocrx_word' id='word_1_88' title='bbox 1281 1235 1339 1287; x_wconf 85' lang='grc' dir='ltr'>ὲν</span> <span class='ocrx_word' id='word_1_89' title='bbox 1363 1236 1525 1287; x_wconf 75' lang='grc' dir='ltr'>παντὶ</span> <span class='ocrx_word' id='word_1_90' title='bbox 1554 1234 1783 1288; x_wconf 70' lang='grc' dir='ltr'>τελειουσ</span> 
     </span>
    </p>
   </div>
   <div class='ocr_carea' id='block_1_15' title="bbox 181 1315 1781 1399">
    <p class='ocr_par' dir='ltr' id='par_1_15' title="bbox 181 1315 1781 1399">
     <span class='ocr_line' id='line_1_15' title="bbox 181 1315 1781 1399; baseline 0.009 -31"><span class='ocrx_word' id='word_1_91' title='bbox 181 1315 354 1386; x_wconf 85' lang='grc' dir='ltr'>μένης</span> <span class='ocrx_word' id='word_1_92' title='bbox 389 1316 623 1389; x_wconf 84' lang='grc' dir='ltr'>σώματι,</span> <span class='ocrx_word' id='word_1_93' title='bbox 646 1321 741 1374; x_wconf 79' lang='grc' dir='ltr'>καὶ</span> <span class='ocrx_word' id='word_1_94' title='bbox 767 1322 937 1394; x_wconf 81' lang='grc' dir='ltr'>ψυχῇ,</span> <span class='ocrx_word' id='word_1_95' title='bbox 966 1325 1062 1378; x_wconf 82' lang='grc' dir='ltr'><strong>καί</strong></span> <span class='ocrx_word' id='word_1_96' title='bbox 1092 1327 1185 1396; x_wconf 84' lang='grc' dir='ltr'><strong>νῷ,</strong></span> <span class='ocrx_word' id='word_1_97' title='bbox 1214 1327 1309 1381; x_wconf 77' lang='grc' dir='ltr'>καὶ</span> <span class='ocrx_word' id='word_1_98' title='bbox 1334 1327 1552 1399; x_wconf 77' lang='grc' dir='ltr'>καρδίᾳ,</span> <span class='ocrx_word' id='word_1_99' title='bbox 1576 1329 1667 1381; x_wconf 77' lang='grc' dir='ltr'>καὶ</span> <span class='ocrx_word' id='word_1_100' title='bbox 1700 1330 1781 1394; x_wconf 88' lang='grc' dir='ltr'><strong>είς</strong></span> 
     </span>
    </p>
   </div>
   <div class='ocr_carea' id='block_1_16' title="bbox 178 1408 1781 1491">
    <p class='ocr_par' dir='ltr' id='par_1_16' title="bbox 178 1408 1781 1491">
     <span class='ocr_line' id='line_1_16' title="bbox 178 1408 1781 1491; baseline 0.008 -30"><span class='ocrx_word' id='word_1_101' title='bbox 178 1408 367 1463; x_wconf 81' lang='grc' dir='ltr'>πάντα</span> <span class='ocrx_word' id='word_1_102' title='bbox 402 1411 504 1464; x_wconf 86' lang='grc' dir='ltr'>ὅσα</span> <span class='ocrx_word' id='word_1_103' title='bbox 532 1413 681 1466; x_wconf 81' lang='grc' dir='ltr'>ἐστὶν</span> <span class='ocrx_word' id='word_1_104' title='bbox 710 1414 997 1488; x_wconf 80' lang='grc' dir='ltr'>ἄνθρωπος</span> <span class='ocrx_word' id='word_1_105' title='bbox 1038 1420 1209 1490; x_wconf 71' lang='grc' dir='ltr'>χωρὶς</span> <span class='ocrx_word' id='word_1_106' title='bbox 1250 1420 1548 1491; x_wconf 83' lang='grc' dir='ltr'>ἁμαρτίας·</span> <span class='ocrx_word' id='word_1_107' title='bbox 1587 1420 1781 1490; x_wconf 87' lang='grc' dir='ltr'>γέγονε</span> 
     </span>
    </p>
   </div>
   <div class='ocr_carea' id='block_1_17' title="bbox 176 1501 1779 1583">
    <p class='ocr_par' dir='ltr' id='par_1_17' title="bbox 176 1501 1779 1583">
     <span class='ocr_line' id='line_1_17' title="bbox 176 1501 1779 1583; baseline 0.009 -29"><span class='ocrx_word' id='word_1_108' title='bbox 176 1501 239 1554; x_wconf 84' lang='grc' dir='ltr'>δὲ</span> <span class='ocrx_word' id='word_1_109' title='bbox 279 1502 427 1571; x_wconf 76' lang='grc' dir='ltr'>αὐτῷ</span> <span class='ocrx_word' id='word_1_110' title='bbox 464 1504 533 1556; x_wconf 85' lang='grc' dir='ltr'>τὰ</span> <span class='ocrx_word' id='word_1_111' title='bbox 578 1504 895 1576; x_wconf 71' lang='grc' dir='ltr'>ἀνθρώπινα</span> <span class='ocrx_word' id='word_1_112' title='bbox 937 1510 1174 1579; x_wconf 84' lang='grc' dir='ltr'>εὐλόγως</span> <span class='ocrx_word' id='word_1_113' title='bbox 1200 1511 1558 1583; x_wconf 84' lang='grc' dir='ltr'>πράττεσθαι,</span> <span class='ocrx_word' id='word_1_114' title='bbox 1594 1513 1688 1567; x_wconf 81' lang='grc' dir='ltr'>καὶ</span> <span class='ocrx_word' id='word_1_115' title='bbox 1722 1516 1779 1568; x_wconf 87' lang='grc' dir='ltr'><strong>ἐν</strong></span> 
     </span>
    </p>
   </div>
   <div class='ocr_carea' id='block_1_18' title="bbox 178 1593 1778 1682">
    <p class='ocr_par' dir='ltr' id='par_1_18' title="bbox 178 1593 1778 1682">
     <span class='ocr_line' id='line_1_18' title="bbox 178 1593 1778 1682; baseline 0.009 -34"><span class='ocrx_word' id='word_1_116' title='bbox 178 1593 397 1666; x_wconf 82' lang='grc' dir='ltr'>θεότητι</span> <span class='ocrx_word' id='word_1_117' title='bbox 441 1598 664 1665; x_wconf 82' lang='grc' dir='ltr'>τελείως</span> <span class='ocrx_word' id='word_1_118' title='bbox 703 1603 760 1655; x_wconf 87' lang='grc' dir='ltr'><strong>ἐν</strong></span> <span class='ocrx_word' id='word_1_119' title='bbox 806 1605 1053 1677; x_wconf 79' lang='grc' dir='ltr'>σωτηρίᾳ</span> <span class='ocrx_word' id='word_1_120' title='bbox 1089 1606 1480 1674; x_wconf 77' lang='grc' dir='ltr'>ἐπιτελεῖσθαι,</span> <span class='ocrx_word' id='word_1_121' title='bbox 1511 1608 1697 1662; x_wconf 79' lang='grc' dir='ltr'>οὐκέτι</span> <span class='ocrx_word' id='word_1_122' title='bbox 1744 1611 1778 1682; x_wconf 87' lang='grc' dir='ltr'><strong>ή</strong></span> 
     </span>
    </p>
   </div>
   <div class='ocr_carea' id='block_1_19' title="bbox 175 1689 1777 1771">
    <p class='ocr_par' dir='ltr' id='par_1_19' title="bbox 175 1689 1777 1771">
     <span class='ocr_line' id='line_1_19' title="bbox 175 1689 1777 1771; baseline 0.009 -30"><span class='ocrx_word' id='word_1_123' title='bbox 175 1689 353 1743; x_wconf 82' lang='grc' dir='ltr'>αὑτοῦ</span> <span class='ocrx_word' id='word_1_124' title='bbox 376 1691 569 1763; x_wconf 86' lang='grc' dir='ltr'>θεότης</span> <span class='ocrx_word' id='word_1_125' title='bbox 602 1693 853 1767; x_wconf 79' lang='grc' dir='ltr'>ἀδοξήσει</span> <span class='ocrx_word' id='word_1_126' title='bbox 882 1697 1034 1769; x_wconf 79' lang='grc' dir='ltr'>παρὰ</span> <span class='ocrx_word' id='word_1_127' title='bbox 1071 1699 1173 1769; x_wconf 81' lang='grc' dir='ltr'>τὴν</span> <span class='ocrx_word' id='word_1_128' title='bbox 1207 1700 1300 1754; x_wconf 86' lang='grc' dir='ltr'><strong>τοῦ</strong></span> <span class='ocrx_word' id='word_1_129' title='bbox 1332 1701 1546 1771; x_wconf 77' lang='grc' dir='ltr'>Πατρδς</span> <span class='ocrx_word' id='word_1_130' title='bbox 1574 1701 1777 1755; x_wconf 79' lang='grc' dir='ltr'>τελειόο</span> 
     </span>
    </p>
   </div>
   <div class='ocr_carea' id='block_1_20' title="bbox 177 1782 1779 1864">
    <p class='ocr_par' dir='ltr' id='par_1_20' title="bbox 177 1782 1779 1864">
     <span class='ocr_line' id='line_1_20' title="bbox 177 1782 1779 1864; baseline 0.009 -31"><span class='ocrx_word' id='word_1_131' title='bbox 177 1797 343 1850; x_wconf 82' lang='grc' dir='ltr'>τητα·</span> <span class='ocrx_word' id='word_1_132' title='bbox 379 1782 516 1837; x_wconf 82' lang='grc' dir='ltr'>ἀλλὰ</span> <span class='ocrx_word' id='word_1_133' title='bbox 557 1784 646 1839; x_wconf 80' lang='grc' dir='ltr'>διὰ</span> <span class='ocrx_word' id='word_1_134' title='bbox 682 1785 781 1857; x_wconf 78' lang='grc' dir='ltr'>τὴν</span> <span class='ocrx_word' id='word_1_135' title='bbox 814 1786 1081 1859; x_wconf 78' lang='grc' dir='ltr'>ἐνσαρκον</span> <span class='ocrx_word' id='word_1_136' title='bbox 1120 1790 1557 1864; x_wconf 87' lang='grc' dir='ltr'>ἐνανθρὼπησιν,</span> <span class='ocrx_word' id='word_1_137' title='bbox 1590 1795 1685 1848; x_wconf 77' lang='grc' dir='ltr'>καὶ</span> <span class='ocrx_word' id='word_1_138' title='bbox 1716 1793 1779 1847; x_wconf 81' lang='grc' dir='ltr'>τὸ</span> 
     </span>
    </p>
   </div>
   <div class='ocr_carea' id='block_1_21' title="bbox 1885 594 3471 663">
    <p class='ocr_par' dir='ltr' id='par_1_21' title="bbox 1885 594 3471 663">
     <span class='ocr_line' id='line_1_21' title="bbox 1885 594 3471 663; baseline 0.003 -18"><span class='ocrx_word' id='word_1_139' title='bbox 1885 602 1938 646; x_wconf 91' lang='lat' dir='ltr'><strong>et</strong></span> <span class='ocrx_word' id='word_1_140' title='bbox 1973 603 2191 663; x_wconf 84' lang='lat' dir='ltr'><strong>tropum</strong></span> <span class='ocrx_word' id='word_1_141' title='bbox 2234 596 2488 654; x_wconf 80' lang='lat' dir='ltr'><strong>universa</strong></span> <span class='ocrx_word' id='word_1_142' title='bbox 2514 594 2848 650; x_wconf 85' lang='lat' dir='ltr'><strong>traducenda</strong></span> <span class='ocrx_word' id='word_1_143' title='bbox 2880 603 3033 658; x_wconf 88' lang='lat' dir='ltr'><strong>sunt,</strong></span> <span class='ocrx_word' id='word_1_144' title='bbox 3060 602 3156 650; x_wconf 90' lang='lat' dir='ltr'><strong>aut</strong></span> <span class='ocrx_word' id='word_1_145' title='bbox 3178 596 3471 652; x_wconf 87' lang='lat' dir='ltr'><strong>confusum</strong></span> 
     </span>
    </p>
   </div>
   <div class='ocr_carea' id='block_1_22' title="bbox 1881 687 3473 759">
    <p class='ocr_par' dir='ltr' id='par_1_22' title="bbox 1881 687 3473 759">
     <span class='ocr_line' id='line_1_22' title="bbox 1881 687 3473 759; baseline 0.002 -16"><span class='ocrx_word' id='word_1_146' title='bbox 1881 687 2155 756; x_wconf 79' lang='lat' dir='ltr'><strong>quoddam</strong></span> <span class='ocrx_word' id='word_1_147' title='bbox 2184 704 2387 757; x_wconf 88' lang='lat' dir='ltr'><strong>corpus</strong></span> <span class='ocrx_word' id='word_1_148' title='bbox 2428 689 2669 743; x_wconf 91' lang='lat' dir='ltr'><strong>induerit</strong></span> <span class='ocrx_word' id='word_1_149' title='bbox 2725 697 2978 759; x_wconf 87' lang='lat' dir='ltr'><strong>oportet,</strong></span> <span class='ocrx_word' id='word_1_150' title='bbox 3015 690 3159 759; x_wconf 88' lang='lat' dir='ltr'><strong>quod</strong></span> <span class='ocrx_word' id='word_1_151' title='bbox 3196 691 3473 746; x_wconf 86' lang='lat' dir='ltr'><strong>intestinis</strong></span> 
     </span>
    </p>
   </div>
   <div class='ocr_carea' id='block_1_23' title="bbox 1884 779 3475 850">
    <p class='ocr_par' dir='ltr' id='par_1_23' title="bbox 1884 779 3475 850">
     <span class='ocr_line' id='line_1_23' title="bbox 1884 779 3475 850; baseline 0.003 -17"><span class='ocrx_word' id='word_1_152' title='bbox 1884 780 2105 850; x_wconf 83' lang='lat' dir='ltr'><strong>penitus</strong></span> <span class='ocrx_word' id='word_1_153' title='bbox 2134 788 2341 834; x_wconf 83' lang='lat' dir='ltr'><strong>careat.</strong></span> <span class='ocrx_word' id='word_1_154' title='bbox 2376 779 2533 846; x_wconf 82' lang='lat' dir='ltr'><strong>Quod</strong></span> <span class='ocrx_word' id='word_1_155' title='bbox 2578 780 2625 834; x_wconf 91' lang='lat' dir='ltr'><strong>si</strong></span> <span class='ocrx_word' id='word_1_156' title='bbox 2679 780 2753 833; x_wconf 88' lang='lat' dir='ltr'><strong>ita</strong></span> <span class='ocrx_word' id='word_1_157' title='bbox 2783 788 2869 836; x_wconf 89' lang='lat' dir='ltr'><strong>est</strong></span> <span class='ocrx_word' id='word_1_158' title='bbox 2894 820 2908 844; x_wconf 92' lang='lat'><strong>,</strong></span> <span class='ocrx_word' id='word_1_159' title='bbox 2946 781 3093 836; x_wconf 87' lang='lat' dir='ltr'><strong>vesci</strong></span> <span class='ocrx_word' id='word_1_160' title='bbox 3142 792 3238 836; x_wconf 92' lang='lat' dir='ltr'><strong>aut</strong></span> <span class='ocrx_word' id='word_1_161' title='bbox 3288 783 3475 838; x_wconf 81' lang='lat' dir='ltr'><strong>bibere</strong></span> 
     </span>
    </p>
   </div>
   <div class='ocr_carea' id='block_1_24' title="bbox 1882 871 3477 944">
    <p class='ocr_par' dir='ltr' id='par_1_24' title="bbox 1882 871 3477 944">
     <span class='ocr_line' id='line_1_24' title="bbox 1882 871 3477 944; baseline 0.003 -19"><span class='ocrx_word' id='word_1_162' title='bbox 1882 871 2160 943; x_wconf 90' lang='lat' dir='ltr'><strong>quomodo</strong></span> <span class='ocrx_word' id='word_1_163' title='bbox 2217 873 2437 942; x_wconf 83' lang='lat' dir='ltr'><strong>potuit?</strong></span> <span class='ocrx_word' id='word_1_164' title='bbox 2480 873 2667 944; x_wconf 88' lang='lat' dir='ltr'><strong>Apage</strong></span> <span class='ocrx_word' id='word_1_165' title='bbox 2724 883 2834 925; x_wconf 88' lang='lat' dir='ltr'><strong>tam</strong></span> <span class='ocrx_word' id='word_1_166' title='bbox 2871 873 3130 928; x_wconf 85' lang='lat' dir='ltr'><strong>absurda.</strong></span> <span class='ocrx_word' id='word_1_167' title='bbox 3190 873 3308 928; x_wconf 80' lang='lat' dir='ltr'><strong>Jam</strong></span> <span class='ocrx_word' id='word_1_168' title='bbox 3344 891 3477 930; x_wconf 88' lang='lat' dir='ltr'><strong>vero</strong></span> 
     </span>
    </p>
   </div>
   <div class='ocr_carea' id='block_1_25' title="bbox 1882 962 3474 1034">
    <p class='ocr_par' dir='ltr' id='par_1_25' title="bbox 1882 962 3474 1034">
     <span class='ocr_line' id='line_1_25' title="bbox 1882 962 3474 1034; baseline 0.001 -17"><span class='ocrx_word' id='word_1_169' title='bbox 1882 978 2008 1017; x_wconf 90' lang='lat' dir='ltr'><strong>cum</strong></span> <span class='ocrx_word' id='word_1_170' title='bbox 2040 962 2202 1019; x_wconf 79' lang='lat' dir='ltr'><strong>Pater</strong></span> <span class='ocrx_word' id='word_1_171' title='bbox 2232 978 2331 1017; x_wconf 89' lang='lat' dir='ltr'><strong>cor</strong></span> <span class='ocrx_word' id='word_1_172' title='bbox 2356 971 2410 1019; x_wconf 91' lang='lat' dir='ltr'><strong>et</strong></span> <span class='ocrx_word' id='word_1_173' title='bbox 2443 964 2685 1018; x_wconf 89' lang='lat' dir='ltr'><strong>animam</strong></span> <span class='ocrx_word' id='word_1_174' title='bbox 2730 963 2835 1018; x_wconf 89' lang='lat' dir='ltr'><strong>sibi</strong></span> <span class='ocrx_word' id='word_1_175' title='bbox 2883 964 3108 1028; x_wconf 80' lang='lat' dir='ltr'><strong>tribuat,</strong></span> <span class='ocrx_word' id='word_1_176' title='bbox 3154 964 3315 1034; x_wconf 82' lang='lat' dir='ltr'><strong>idque</strong></span> <span class='ocrx_word' id='word_1_177' title='bbox 3340 966 3474 1019; x_wconf 88' lang='lat' dir='ltr'><strong>alle-</strong></span> 
     </span>
    </p>
   </div>
   <div class='ocr_carea' id='block_1_26' title="bbox 1882 1054 3477 1127">
    <p class='ocr_par' dir='ltr' id='par_1_26' title="bbox 1882 1054 3477 1127">
     <span class='ocr_line' id='line_1_26' title="bbox 1882 1054 3477 1127; baseline 0 -17"><span class='ocrx_word' id='word_1_178' title='bbox 1882 1057 2067 1127; x_wconf 88' lang='lat' dir='ltr'><strong>gorice</strong></span> <span class='ocrx_word' id='word_1_179' title='bbox 2095 1097 2109 1122; x_wconf 89' lang='lat'><strong>,</strong></span> <span class='ocrx_word' id='word_1_180' title='bbox 2139 1070 2204 1109; x_wconf 91' lang='lat' dir='ltr'><strong>ac</strong></span> <span class='ocrx_word' id='word_1_181' title='bbox 2233 1071 2329 1125; x_wconf 88' lang='lat' dir='ltr'><strong>per</strong></span> <span class='ocrx_word' id='word_1_182' title='bbox 2370 1064 2589 1124; x_wconf 85' lang='lat' dir='ltr'><strong>tropum</strong></span> <span class='ocrx_word' id='word_1_183' title='bbox 2628 1054 2697 1110; x_wconf 91' lang='lat' dir='ltr'><strong>de</strong></span> <span class='ocrx_word' id='word_1_184' title='bbox 2744 1056 2865 1125; x_wconf 91' lang='lat' dir='ltr'><strong>ipso</strong></span> <span class='ocrx_word' id='word_1_185' title='bbox 2903 1055 3247 1125; x_wconf 83' lang='lat' dir='ltr'><strong>interpretari</strong></span> <span class='ocrx_word' id='word_1_186' title='bbox 3298 1058 3477 1125; x_wconf 84' lang='lat' dir='ltr'><strong>possi-</strong></span> 
     </span>
    </p>
   </div>
   <div class='ocr_carea' id='block_1_27' title="bbox 1886 1147 3472 1219">
    <p class='ocr_par' dir='ltr' id='par_1_27' title="bbox 1886 1147 3472 1219">
     <span class='ocr_line' id='line_1_27' title="bbox 1886 1147 3472 1219; baseline -0.002 -15"><span class='ocrx_word' id='word_1_187' title='bbox 1886 1166 2039 1214; x_wconf 86' lang='lat' dir='ltr'><strong>mus;</strong></span> <span class='ocrx_word' id='word_1_188' title='bbox 2072 1163 2135 1204; x_wconf 85' lang='lat' dir='ltr'><strong>ac</strong></span> <span class='ocrx_word' id='word_1_189' title='bbox 2161 1148 2229 1204; x_wconf 89' lang='lat' dir='ltr'><strong>de</strong></span> <span class='ocrx_word' id='word_1_190' title='bbox 2261 1147 2398 1202; x_wconf 83' lang='lat' dir='ltr'><strong>Filio</strong></span> <span class='ocrx_word' id='word_1_191' title='bbox 2430 1164 2671 1219; x_wconf 88' lang='lat' dir='ltr'><strong>quoque,</strong></span> <span class='ocrx_word' id='word_1_192' title='bbox 2706 1148 2854 1217; x_wconf 86' lang='lat' dir='ltr'><strong>quod</strong></span> <span class='ocrx_word' id='word_1_193' title='bbox 2890 1149 2958 1202; x_wconf 86' lang='lat' dir='ltr'><strong>ad</strong></span> <span class='ocrx_word' id='word_1_194' title='bbox 2988 1148 3225 1203; x_wconf 87' lang='lat' dir='ltr'><strong>animam</strong></span> <span class='ocrx_word' id='word_1_195' title='bbox 3260 1150 3472 1212; x_wconf 84' lang='lat' dir='ltr'><strong>attinet,</strong></span> 
     </span>
    </p>
   </div>
   <div class='ocr_carea' id='block_1_28' title="bbox 1881 1239 3478 1310">
    <p class='ocr_par' dir='ltr' id='par_1_28' title="bbox 1881 1239 3478 1310">
     <span class='ocr_line' id='line_1_28' title="bbox 1881 1239 3478 1310; baseline -0.002 -15"><span class='ocrx_word' id='word_1_196' title='bbox 1881 1255 2046 1310; x_wconf 89' lang='lat' dir='ltr'><strong>quam</strong></span> <span class='ocrx_word' id='word_1_197' title='bbox 2077 1240 2146 1294; x_wconf 90' lang='lat' dir='ltr'><strong>ab</strong></span> <span class='ocrx_word' id='word_1_198' title='bbox 2192 1240 2287 1294; x_wconf 93' lang='lat' dir='ltr'><strong>illo</strong></span> <span class='ocrx_word' id='word_1_199' title='bbox 2336 1248 2652 1308; x_wconf 83' lang='lat' dir='ltr'><strong>susceptam</strong></span> <span class='ocrx_word' id='word_1_200' title='bbox 2705 1239 2893 1293; x_wconf 88' lang='lat' dir='ltr'><strong>Ariani</strong></span> <span class='ocrx_word' id='word_1_201' title='bbox 2927 1247 3170 1309; x_wconf 84' lang='lat' dir='ltr'><strong>negant,</strong></span> <span class='ocrx_word' id='word_1_202' title='bbox 3202 1247 3478 1309; x_wconf 90' lang='lat' dir='ltr'><strong>utcunque</strong></span> 
     </span>
    </p>
   </div>
   <div class='ocr_carea' id='block_1_29' title="bbox 1882 1327 3478 1400">
    <p class='ocr_par' dir='ltr' id='par_1_29' title="bbox 1882 1327 3478 1400">
     <span class='ocr_line' id='line_1_29' title="bbox 1882 1327 3478 1400; baseline -0.006 -12"><span class='ocrx_word' id='word_1_203' title='bbox 1882 1334 2049 1388; x_wconf 90' lang='lat' dir='ltr'><strong>ctiam</strong></span> <span class='ocrx_word' id='word_1_204' title='bbox 2083 1330 2293 1400; x_wconf 86' lang='lat' dir='ltr'><strong>tropice</strong></span> <span class='ocrx_word' id='word_1_205' title='bbox 2342 1330 2550 1385; x_wconf 92' lang='lat' dir='ltr'><strong>dictum</strong></span> <span class='ocrx_word' id='word_1_206' title='bbox 2586 1327 2759 1382; x_wconf 90' lang='lat' dir='ltr'><strong>videri</strong></span> <span class='ocrx_word' id='word_1_207' title='bbox 2799 1330 3004 1397; x_wconf 88' lang='lat' dir='ltr'><strong>possit:</strong></span> <span class='ocrx_word' id='word_1_208' title='bbox 3048 1334 3196 1382; x_wconf 87' lang='lat' dir='ltr'><strong>certe</strong></span> <span class='ocrx_word' id='word_1_209' title='bbox 3230 1342 3355 1380; x_wconf 87' lang='lat' dir='ltr'><strong>cum</strong></span> <span class='ocrx_word' id='word_1_210' title='bbox 3380 1342 3478 1380; x_wconf 81' lang='lat' dir='ltr'><strong>cor</strong></span> 
     </span>
    </p>
   </div>
   <div class='ocr_carea' id='block_1_30' title="bbox 1881 1422 3478 1494">
    <p class='ocr_par' dir='ltr' id='par_1_30' title="bbox 1881 1422 3478 1494">
     <span class='ocr_line' id='line_1_30' title="bbox 1881 1422 3478 1494; baseline -0.004 -15"><span class='ocrx_word' id='word_1_211' title='bbox 1881 1426 1990 1481; x_wconf 89' lang='lat' dir='ltr'><strong>illis</strong></span> <span class='ocrx_word' id='word_1_212' title='bbox 2025 1424 2323 1494; x_wconf 88' lang='lat' dir='ltr'><strong>opponitur</strong></span> <span class='ocrx_word' id='word_1_213' title='bbox 2352 1461 2367 1486; x_wconf 90' lang='lat'><strong>,</strong></span> <span class='ocrx_word' id='word_1_214' title='bbox 2431 1438 2633 1493; x_wconf 90' lang='lat' dir='ltr'><strong>negare</strong></span> <span class='ocrx_word' id='word_1_215' title='bbox 2685 1422 2911 1476; x_wconf 89' lang='lat' dir='ltr'><strong>omnino</strong></span> <span class='ocrx_word' id='word_1_216' title='bbox 2963 1435 3068 1475; x_wconf 94' lang='lat' dir='ltr'><strong>uou</strong></span> <span class='ocrx_word' id='word_1_217' title='bbox 3103 1429 3335 1488; x_wconf 85' lang='lat' dir='ltr'><strong>possunt</strong></span> <span class='ocrx_word' id='word_1_218' title='bbox 3360 1459 3375 1483; x_wconf 88' lang='lat'><strong>,</strong></span> <span class='ocrx_word' id='word_1_219' title='bbox 3411 1436 3478 1474; x_wconf 89' lang='lat' dir='ltr'><strong>co</strong></span> 
     </span>
    </p>
   </div>
   <div class='ocr_carea' id='block_1_31' title="bbox 1884 1509 3477 1589">
    <p class='ocr_par' dir='ltr' id='par_1_31' title="bbox 1884 1509 3477 1589">
     <span class='ocr_line' id='line_1_31' title="bbox 1884 1509 3477 1589; baseline -0.006 -18"><span class='ocrx_word' id='word_1_220' title='bbox 1884 1516 2031 1589; x_wconf 90' lang='lat' dir='ltr'><strong>quod</strong></span> <span class='ocrx_word' id='word_1_221' title='bbox 2091 1523 2263 1569; x_wconf 89' lang='lat' dir='ltr'><strong>totam</strong></span> <span class='ocrx_word' id='word_1_222' title='bbox 2324 1513 2555 1568; x_wconf 87' lang='lat' dir='ltr'><strong>humani</strong></span> <span class='ocrx_word' id='word_1_223' title='bbox 2613 1512 2863 1582; x_wconf 88' lang='lat' dir='ltr'><strong>corporis</strong></span> <span class='ocrx_word' id='word_1_224' title='bbox 2912 1509 3325 1580; x_wconf 84' lang='lat' dir='ltr'><strong>dispositionem</strong></span> <span class='ocrx_word' id='word_1_225' title='bbox 3381 1524 3477 1562; x_wconf 52' lang='lat' dir='ltr'><strong>as.</strong></span> 
     </span>
    </p>
   </div>
   <div class='ocr_carea' id='block_1_32' title="bbox 1881 1601 3475 1678">
    <p class='ocr_par' dir='ltr' id='par_1_32' title="bbox 1881 1601 3475 1678">
     <span class='ocr_line' id='line_1_32' title="bbox 1881 1601 3475 1678; baseline -0.004 -13"><span class='ocrx_word' id='word_1_226' title='bbox 1881 1615 2153 1678; x_wconf 77' lang='lat' dir='ltr'><strong>sumptam</strong></span> <span class='ocrx_word' id='word_1_227' title='bbox 2209 1622 2240 1661; x_wconf 93' lang='lat' dir='ltr'><strong>a</strong></span> <span class='ocrx_word' id='word_1_228' title='bbox 2294 1606 2527 1661; x_wconf 87' lang='lat' dir='ltr'><strong>Domino</strong></span> <span class='ocrx_word' id='word_1_229' title='bbox 2577 1604 2749 1660; x_wconf 90' lang='lat' dir='ltr'><strong>fuisse</strong></span> <span class='ocrx_word' id='word_1_230' title='bbox 2802 1604 2949 1659; x_wconf 89' lang='lat' dir='ltr'><strong>ultro</strong></span> <span class='ocrx_word' id='word_1_231' title='bbox 2988 1602 3091 1672; x_wconf 85' lang='lat' dir='ltr'><strong>ipsi</strong></span> <span class='ocrx_word' id='word_1_232' title='bbox 3122 1601 3475 1659; x_wconf 77' lang='lat' dir='ltr'><strong>confitentur.</strong></span> 
     </span>
    </p>
   </div>
   <div class='ocr_carea' id='block_1_33' title="bbox 1882 1694 3475 1772">
    <p class='ocr_par' dir='ltr' id='par_1_33' title="bbox 1882 1694 3475 1772">
     <span class='ocr_line' id='line_1_33' title="bbox 1882 1694 3475 1772; baseline -0.007 -13"><span class='ocrx_word' id='word_1_233' title='bbox 1882 1701 2230 1772; x_wconf 88' lang='lat' dir='ltr'><strong>Proindeque</strong></span> <span class='ocrx_word' id='word_1_234' title='bbox 2264 1698 2726 1770; x_wconf 85' lang='lat' dir='ltr'><strong>quemadmodum</strong></span> <span class='ocrx_word' id='word_1_235' title='bbox 2769 1712 2865 1751; x_wconf 90' lang='lat' dir='ltr'><strong>cor</strong></span> <span class='ocrx_word' id='word_1_236' title='bbox 2918 1695 3135 1751; x_wconf 89' lang='lat' dir='ltr'><strong>duobus</strong></span> <span class='ocrx_word' id='word_1_237' title='bbox 3172 1694 3351 1749; x_wconf 90' lang='lat' dir='ltr'><strong>modis</strong></span> <span class='ocrx_word' id='word_1_238' title='bbox 3381 1709 3475 1748; x_wconf 88' lang='lat' dir='ltr'><strong>ac-</strong></span> 
     </span>
    </p>
   </div>
   <div class='ocr_carea' id='block_1_34' title="bbox 1881 1789 3475 1867">
    <p class='ocr_par' dir='ltr' id='par_1_34' title="bbox 1881 1789 3475 1867">
     <span class='ocr_line' id='line_1_34' title="bbox 1881 1789 3475 1867; baseline -0.006 -15"><span class='ocrx_word' id='word_1_239' title='bbox 1881 1798 1988 1867; x_wconf 90' lang='lat' dir='ltr'><strong>cipi</strong></span> <span class='ocrx_word' id='word_1_240' title='bbox 2023 1811 2134 1851; x_wconf 93' lang='lat' dir='ltr'><strong>non</strong></span> <span class='ocrx_word' id='word_1_241' title='bbox 2157 1802 2380 1867; x_wconf 88' lang='lat' dir='ltr'><strong>negant,</strong></span> <span class='ocrx_word' id='word_1_242' title='bbox 2420 1793 2637 1863; x_wconf 88' lang='lat' dir='ltr'><strong>proprie</strong></span> <span class='ocrx_word' id='word_1_243' title='bbox 2677 1791 2892 1847; x_wconf 80' lang='lat' dir='ltr'><strong>scilicet</strong></span> <span class='ocrx_word' id='word_1_244' title='bbox 2920 1805 2985 1844; x_wconf 91' lang='lat' dir='ltr'><strong>ac</strong></span> <span class='ocrx_word' id='word_1_245' title='bbox 3011 1805 3160 1853; x_wconf 84' lang='lat' dir='ltr'><strong>vere,</strong></span> <span class='ocrx_word' id='word_1_246' title='bbox 3183 1797 3240 1844; x_wconf 91' lang='lat' dir='ltr'><strong>et</strong></span> <span class='ocrx_word' id='word_1_247' title='bbox 3270 1789 3475 1859; x_wconf 89' lang='lat' dir='ltr'><strong>allego-</strong></span> 
     </span>
    </p>
   </div>
   <div class='ocr_carea' id='block_1_35' title="bbox 177 1852 1785 1954">
    <p class='ocr_par' dir='ltr' id='par_1_35' title="bbox 177 1852 1777 1949">
     <span class='ocr_line' id='line_1_35' title="bbox 177 1852 1777 1949; baseline 0.009 -27"><span class='ocrx_word' id='word_1_248' title='bbox 177 1870 432 1942; x_wconf 75' lang='grc' dir='ltr'>διψῆσαι,</span> <span class='ocrx_word' id='word_1_249' title='bbox 465 1875 560 1927; x_wconf 82' lang='grc' dir='ltr'><strong>καὶ</strong></span> <span class='ocrx_word' id='word_1_250' title='bbox 594 1875 659 1928; x_wconf 83' lang='grc' dir='ltr'>τὸ</span> <span class='ocrx_word' id='word_1_251' title='bbox 689 1852 965 1947; x_wconf 70' lang='grc' dir='ltr'>πεινῆσαι,</span> <span class='ocrx_word' id='word_1_252' title='bbox 992 1881 1085 1934; x_wconf 76' lang='grc' dir='ltr'>καὶ</span> <span class='ocrx_word' id='word_1_253' title='bbox 1115 1880 1177 1933; x_wconf 80' lang='grc' dir='ltr'>τὸ</span> <span class='ocrx_word' id='word_1_254' title='bbox 1220 1852 1387 1947; x_wconf 75' lang='grc' dir='ltr'>πιεῖν,</span> <span class='ocrx_word' id='word_1_255' title='bbox 1425 1852 1523 1937; x_wconf 72' lang='grc' dir='ltr'>καὶ</span> <span class='ocrx_word' id='word_1_256' title='bbox 1544 1852 1777 1949; x_wconf 65' lang='grc' dir='ltr'>ἐσθίειν,</span> 
     </span>
    </p>
   </div>
   <div class='ocr_carea' id='block_1_36' title="bbox 1888 1852 3476 1954">
    <p class='ocr_par' dir='ltr' id='par_1_36' title="bbox 1888 1852 3476 1954">
     <span class='ocr_line' id='line_1_36' title="bbox 1888 1852 3476 1954; baseline -0.005 -11"><span class='ocrx_word' id='word_1_257' title='bbox 1888 1852 1995 1944; x_wconf 69' lang='lat' dir='ltr'><strong>rice</strong></span> <span class='ocrx_word' id='word_1_258' title='bbox 2013 1928 2030 1954; x_wconf 93' lang='lat'><strong>,</strong></span> <span class='ocrx_word' id='word_1_259' title='bbox 2058 1887 2133 1941; x_wconf 90' lang='lat' dir='ltr'><strong>ita</strong></span> <span class='ocrx_word' id='word_1_260' title='bbox 2160 1896 2215 1942; x_wconf 90' lang='lat' dir='ltr'><strong>et</strong></span> <span class='ocrx_word' id='word_1_261' title='bbox 2230 1852 2317 1941; x_wconf 51' lang='lat' dir='ltr'><strong>vde</strong></span> <span class='ocrx_word' id='word_1_262' title='bbox 2342 1885 2524 1939; x_wconf 90' lang='lat' dir='ltr'><strong>anima</strong></span> <span class='ocrx_word' id='word_1_263' title='bbox 2562 1882 2813 1953; x_wconf 84' lang='lat' dir='ltr'><strong>judicare</strong></span> <span class='ocrx_word' id='word_1_264' title='bbox 2841 1882 3098 1936; x_wconf 86' lang='lat' dir='ltr'><strong>convenit</strong></span> <span class='ocrx_word' id='word_1_265' title='bbox 3125 1920 3140 1945; x_wconf 93' lang='lat'><strong>,</strong></span> <span class='ocrx_word' id='word_1_266' title='bbox 3170 1887 3229 1933; x_wconf 88' lang='lat' dir='ltr'><strong>ut</strong></span> <span class='ocrx_word' id='word_1_267' title='bbox 3252 1895 3317 1935; x_wconf 89' lang='lat' dir='ltr'><strong>ea</strong></span> <span class='ocrx_word' id='word_1_268' title='bbox 3348 1894 3476 1935; x_wconf 86' lang='lat' dir='ltr'><strong>vere</strong></span> 
     </span>
    </p>
   </div>
   <div class='ocr_carea' id='block_1_37' title="bbox 178 1963 1780 2047">
    <p class='ocr_par' dir='ltr' id='par_1_37' title="bbox 178 1963 1780 2047">
     <span class='ocr_line' id='line_1_37' title="bbox 178 1963 1780 2047; baseline 0.011 -32"><span class='ocrx_word' id='word_1_269' title='bbox 178 1963 279 2015; x_wconf 81' lang='grc' dir='ltr'>καὶ</span> <span class='ocrx_word' id='word_1_270' title='bbox 301 1965 364 2016; x_wconf 84' lang='grc' dir='ltr'>τὸ</span> <span class='ocrx_word' id='word_1_271' title='bbox 385 1965 610 2031; x_wconf 82' lang='grc' dir='ltr'>ὑπνοῦν,</span> <span class='ocrx_word' id='word_1_272' title='bbox 637 1969 731 2022; x_wconf 80' lang='grc' dir='ltr'>καὶ</span> <span class='ocrx_word' id='word_1_273' title='bbox 755 1969 1045 2041; x_wconf 86' lang='grc' dir='ltr'>ἀδημονεῖν</span> <span class='ocrx_word' id='word_1_274' title='bbox 1068 1973 1509 2047; x_wconf 85' lang='grc' dir='ltr'>πληρωθήσεται,</span> <span class='ocrx_word' id='word_1_275' title='bbox 1534 1978 1780 2043; x_wconf 80' lang='grc' dir='ltr'>ἀπαθοῦς</span> 
     </span>
    </p>
   </div>
   <div class='ocr_carea' id='block_1_38' title="bbox 177 2053 1783 2133">
    <p class='ocr_par' dir='ltr' id='par_1_38' title="bbox 177 2053 1783 2133">
     <span class='ocr_line' id='line_1_38' title="bbox 177 2053 1783 2133; baseline 0.012 -27"><span class='ocrx_word' id='word_1_276' title='bbox 177 2053 350 2124; x_wconf 80' lang='grc' dir='ltr'>οὔσης</span> <span class='ocrx_word' id='word_1_277' title='bbox 378 2057 478 2126; x_wconf 80' lang='grc' dir='ltr'>τῆς</span> <span class='ocrx_word' id='word_1_278' title='bbox 506 2058 673 2112; x_wconf 84' lang='grc' dir='ltr'>αὐτοῦ</span> <span class='ocrx_word' id='word_1_279' title='bbox 704 2060 977 2133; x_wconf 88' lang='grc' dir='ltr'>θεότητος.</span> <span class='ocrx_word' id='word_1_280' title='bbox 1025 2065 1136 2118; x_wconf 72' lang='grc' dir='ltr'><strong>Καὶ</strong></span> <span class='ocrx_word' id='word_1_281' title='bbox 1173 2066 1422 2121; x_wconf 87' lang='grc' dir='ltr'>διέπεσεν</span> <span class='ocrx_word' id='word_1_282' title='bbox 1456 2069 1637 2124; x_wconf 86' lang='grc' dir='ltr'>αὐτῶν</span> <span class='ocrx_word' id='word_1_283' title='bbox 1683 2072 1783 2126; x_wconf 88' lang='grc' dir='ltr'>πά-</span> 
     </span>
    </p>
   </div>
   <div class='ocr_carea' id='block_1_39' title="bbox 1882 1973 3471 2047">
    <p class='ocr_par' dir='ltr' id='par_1_39' title="bbox 1882 1973 3471 2047">
     <span class='ocr_line' id='line_1_39' title="bbox 1882 1973 3471 2047; baseline -0.006 -12"><span class='ocrx_word' id='word_1_284' title='bbox 1882 1980 2061 2045; x_wconf 89' lang='lat' dir='ltr'><strong>Filio,</strong></span> <span class='ocrx_word' id='word_1_285' title='bbox 2116 1994 2227 2034; x_wconf 92' lang='lat' dir='ltr'><strong>non</strong></span> <span class='ocrx_word' id='word_1_286' title='bbox 2278 1976 2604 2047; x_wconf 75' lang='lat' dir='ltr'><strong>allegorice,</strong></span> <span class='ocrx_word' id='word_1_287' title='bbox 2662 1990 2842 2045; x_wconf 86' lang='lat' dir='ltr'><strong>neque</strong></span> <span class='ocrx_word' id='word_1_288' title='bbox 2904 1973 3112 2043; x_wconf 87' lang='lat' dir='ltr'><strong>tr0pice</strong></span> <span class='ocrx_word' id='word_1_289' title='bbox 3177 1973 3471 2027; x_wconf 89' lang='lat' dir='ltr'><strong>tribuatur.</strong></span> 
     </span>
    </p>
   </div>
   <div class='ocr_carea' id='block_1_40' title="bbox 1885 2064 3475 2140">
    <p class='ocr_par' dir='ltr' id='par_1_40' title="bbox 1885 2064 3475 2140">
     <span class='ocr_line' id='line_1_40' title="bbox 1885 2064 3475 2140; baseline -0.008 -11"><span class='ocrx_word' id='word_1_290' title='bbox 1885 2072 2158 2140; x_wconf 83' lang='lat' dir='ltr'><strong>Quocirca</strong></span> <span class='ocrx_word' id='word_1_291' title='bbox 2209 2086 2334 2126; x_wconf 86' lang='lat' dir='ltr'><strong>cum</strong></span> <span class='ocrx_word' id='word_1_292' title='bbox 2383 2076 2638 2138; x_wconf 81' lang='lat' dir='ltr'><strong>suscepta</strong></span> <span class='ocrx_word' id='word_1_293' title='bbox 2690 2066 2931 2122; x_wconf 88' lang='lat' dir='ltr'><strong>hominis</strong></span> <span class='ocrx_word' id='word_1_294' title='bbox 2963 2079 2993 2118; x_wconf 91' lang='lat' dir='ltr'><strong>a</strong></span> <span class='ocrx_word' id='word_1_295' title='bbox 3029 2064 3251 2120; x_wconf 87' lang='lat' dir='ltr'><strong>Christo</strong></span> <span class='ocrx_word' id='word_1_296' title='bbox 3279 2072 3475 2137; x_wconf 88' lang='lat' dir='ltr'><strong>natura</strong></span> 
     </span>
    </p>
   </div>
   <div class='ocr_carea' id='block_1_41' title="bbox 178 2143 1785 2234">
    <p class='ocr_par' dir='ltr' id='par_1_41' title="bbox 178 2143 1782 2234">
     <span class='ocr_line' id='line_1_41' title="bbox 178 2143 1782 2234; baseline 0.016 -39"><span class='ocrx_word' id='word_1_297' title='bbox 178 2143 266 2196; x_wconf 77' lang='grc' dir='ltr'><strong>λιν</strong></span> <span class='ocrx_word' id='word_1_298' title='bbox 292 2147 323 2198; x_wconf 82' lang='grc' dir='ltr'><strong>ο</strong></span> <span class='ocrx_word' id='word_1_299' title='bbox 352 2147 481 2217; x_wconf 81' lang='grc' dir='ltr'>περὶ</span> <span class='ocrx_word' id='word_1_300' title='bbox 509 2149 698 2203; x_wconf 78' lang='grc' dir='ltr'>τούτου</span> <span class='ocrx_word' id='word_1_301' title='bbox 724 2151 897 2222; x_wconf 86' lang='grc' dir='ltr'>λόγος·</span> <span class='ocrx_word' id='word_1_302' title='bbox 924 2156 1113 2230; x_wconf 85' lang='grc' dir='ltr'>ἐπειδὴ</span> <span class='ocrx_word' id='word_1_303' title='bbox 1138 2153 1304 2230; x_wconf 75' lang='grc' dir='ltr'>ἦλθεν</span> <span class='ocrx_word' id='word_1_304' title='bbox 1334 2162 1415 2225; x_wconf 89' lang='grc' dir='ltr'><strong>είς</strong></span> <span class='ocrx_word' id='word_1_305' title='bbox 1444 2162 1623 2234; x_wconf 84' lang='grc' dir='ltr'>σάρκα</span> <span class='ocrx_word' id='word_1_306' title='bbox 1649 2164 1782 2231; x_wconf 84' lang='grc' dir='ltr'>Θεὸς</span> 
     </span>
    </p>
   </div>
   <div class='ocr_carea' id='block_1_42' title="bbox 1888 2143 3473 2234">
    <p class='ocr_par' dir='ltr' id='par_1_42' title="bbox 1888 2157 3473 2225">
     <span class='ocr_line' id='line_1_42' title="bbox 1888 2157 3473 2225; baseline -0.009 -5"><span class='ocrx_word' id='word_1_307' title='bbox 1888 2164 2003 2221; x_wconf 85' lang='lat' dir='ltr'><strong>suis</strong></span> <span class='ocrx_word' id='word_1_308' title='bbox 2034 2162 2292 2219; x_wconf 88' lang='lat' dir='ltr'><strong>omnibus</strong></span> <span class='ocrx_word' id='word_1_309' title='bbox 2347 2159 2595 2215; x_wconf 87' lang='lat' dir='ltr'><strong>numeris</strong></span> <span class='ocrx_word' id='word_1_310' title='bbox 2643 2157 2893 2211; x_wconf 87' lang='lat' dir='ltr'><strong>absoluto</strong></span> <span class='ocrx_word' id='word_1_311' title='bbox 2952 2172 3184 2225; x_wconf 88' lang='lat' dir='ltr'><strong>corpore</strong></span> <span class='ocrx_word' id='word_1_312' title='bbox 3238 2163 3473 2221; x_wconf 89' lang='lat' dir='ltr'><strong>constet,</strong></span> 
     </span>
    </p>
   </div>
   <div class='ocr_carea' id='block_1_43' title="bbox 179 2235 3474 2318">
    <p class='ocr_par' dir='ltr' id='par_1_43' title="bbox 179 2235 3474 2318">
     <span class='ocr_line' id='line_1_43' title="bbox 179 2235 3474 2318; baseline -0.008 8"><span class='ocrx_word' id='word_1_313' title='bbox 179 2235 281 2292; x_wconf 64' lang='grc' dir='ltr'><strong>ὤν’</strong></span> <span class='ocrx_word' id='word_1_314' title='bbox 1773 2293 1779 2299; x_wconf 63' lang='grc' dir='ltr'>ν</span> <span class='ocrx_word' id='word_1_315' title='bbox 1880 2271 2095 2313; x_wconf 89' lang='lat' dir='ltr'><strong>necnon</strong></span> <span class='ocrx_word' id='word_1_316' title='bbox 2139 2261 2195 2309; x_wconf 89' lang='lat' dir='ltr'><strong>et</strong></span> <span class='ocrx_word' id='word_1_317' title='bbox 2233 2253 2450 2316; x_wconf 91' lang='lat' dir='ltr'><strong>anima,</strong></span> <span class='ocrx_word' id='word_1_318' title='bbox 2509 2260 2690 2305; x_wconf 89' lang='lat' dir='ltr'><strong>mente</strong></span> <span class='ocrx_word' id='word_1_319' title='bbox 2716 2289 2731 2313; x_wconf 85' lang='lat'><strong>,</strong></span> <span class='ocrx_word' id='word_1_320' title='bbox 2777 2249 2943 2304; x_wconf 90' lang='lat' dir='ltr'><strong>corde</strong></span> <span class='ocrx_word' id='word_1_321' title='bbox 2990 2248 3314 2318; x_wconf 71' lang='lat' dir='ltr'><strong>cacterisque</strong></span> <span class='ocrx_word' id='word_1_322' title='bbox 3349 2262 3474 2317; x_wconf 65' lang='lat' dir='ltr'><strong>qum</strong></span> 
     </span>
    </p>
   </div>
   <div class='ocr_carea' id='block_1_44' title="bbox 179 2331 3469 2422">
    <p class='ocr_par' dir='ltr' id='par_1_44' title="bbox 179 2331 3469 2422">
     <span class='ocr_line' id='line_1_44' title="bbox 179 2331 3469 2422; baseline 0.002 -35"><span class='ocrx_word' id='word_1_323' title='bbox 179 2331 395 2391; x_wconf 87' lang='lat' dir='ltr'><strong>homini</strong></span> <span class='ocrx_word' id='word_1_324' title='bbox 464 2338 674 2407; x_wconf 87' lang='lat' dir='ltr'><strong>insunt,</strong></span> <span class='ocrx_word' id='word_1_325' title='bbox 707 2350 906 2415; x_wconf 67' lang='lat' dir='ltr'><strong>praeter</strong></span> <span class='ocrx_word' id='word_1_326' title='bbox 933 2356 1247 2416; x_wconf 82' lang='lat' dir='ltr'><strong>peccatum;</strong></span> <span class='ocrx_word' id='word_1_327' title='bbox 1288 2364 1525 2422; x_wconf 89' lang='lat' dir='ltr'><strong>cumque</strong></span> <span class='ocrx_word' id='word_1_328' title='bbox 1586 2352 1841 2410; x_wconf 61' lang='lat' dir='ltr'><strong>humanae</strong></span> <span class='ocrx_word' id='word_1_329' title='bbox 1878 2352 2224 2415; x_wconf 80' lang='lat' dir='ltr'><strong>functiones,</strong></span> <span class='ocrx_word' id='word_1_330' title='bbox 2257 2363 2356 2417; x_wconf 86' lang='lat' dir='ltr'><strong>pro</strong></span> <span class='ocrx_word' id='word_1_331' title='bbox 2392 2362 2458 2402; x_wconf 91' lang='lat' dir='ltr'><strong>eo</strong></span> <span class='ocrx_word' id='word_1_332' title='bbox 2507 2361 2572 2400; x_wconf 89' lang='lat' dir='ltr'><strong>ac</strong></span> <span class='ocrx_word' id='word_1_333' title='bbox 2613 2345 2813 2399; x_wconf 89' lang='lat' dir='ltr'><strong>rationi</strong></span> <span class='ocrx_word' id='word_1_334' title='bbox 2863 2350 3297 2399; x_wconf 83' lang='lat' dir='ltr'><strong>consentaneum</strong></span> <span class='ocrx_word' id='word_1_335' title='bbox 3326 2348 3469 2406; x_wconf 91' lang='lat' dir='ltr'><strong>erat,</strong></span> 
     </span>
    </p>
   </div>
   <div class='ocr_carea' id='block_1_45' title="bbox 180 2432 3469 2508">
    <p class='ocr_par' dir='ltr' id='par_1_45' title="bbox 180 2432 3469 2508">
     <span class='ocr_line' id='line_1_45' title="bbox 180 2432 3469 2508; baseline 0.002 -29"><span class='ocrx_word' id='word_1_336' title='bbox 180 2441 292 2480; x_wconf 88' lang='lat' dir='ltr'><strong>una</strong></span> <span class='ocrx_word' id='word_1_337' title='bbox 324 2444 449 2484; x_wconf 90' lang='lat' dir='ltr'><strong>cum</strong></span> <span class='ocrx_word' id='word_1_338' title='bbox 487 2432 728 2501; x_wconf 84' lang='lat' dir='ltr'><strong>perfecta</strong></span> <span class='ocrx_word' id='word_1_339' title='bbox 758 2436 1045 2493; x_wconf 80' lang='lat' dir='ltr'><strong>divinitate</strong></span> <span class='ocrx_word' id='word_1_340' title='bbox 1082 2439 1151 2493; x_wconf 91' lang='lat' dir='ltr'><strong>ad</strong></span> <span class='ocrx_word' id='word_1_341' title='bbox 1190 2441 1381 2498; x_wconf 89' lang='lat' dir='ltr'><strong>salutis</strong></span> <span class='ocrx_word' id='word_1_342' title='bbox 1416 2444 1947 2502; x_wconf 86' lang='lat' dir='ltr'><strong>administrationem</strong></span> <span class='ocrx_word' id='word_1_343' title='bbox 1977 2445 2046 2498; x_wconf 90' lang='lat' dir='ltr'><strong>ab</strong></span> <span class='ocrx_word' id='word_1_344' title='bbox 2081 2442 2176 2496; x_wconf 91' lang='lat' dir='ltr'><strong>illo</strong></span> <span class='ocrx_word' id='word_1_345' title='bbox 2221 2440 2385 2495; x_wconf 74' lang='lat' dir='ltr'><strong>obita:</strong></span> <span class='ocrx_word' id='word_1_346' title='bbox 2444 2439 2807 2508; x_wconf 73' lang='lat' dir='ltr'><strong>prmstitaeque</strong></span> <span class='ocrx_word' id='word_1_347' title='bbox 2867 2433 3104 2498; x_wconf 83' lang='lat' dir='ltr'><strong>fuerint,</strong></span> <span class='ocrx_word' id='word_1_348' title='bbox 3162 2434 3277 2502; x_wconf 91' lang='lat' dir='ltr'><strong>jam</strong></span> <span class='ocrx_word' id='word_1_349' title='bbox 3336 2433 3469 2486; x_wconf 89' lang='lat' dir='ltr'><strong>illud</strong></span> 
     </span>
    </p>
   </div>
   <div class='ocr_carea' id='block_1_46' title="bbox 178 2520 3476 2605">
    <p class='ocr_par' dir='ltr' id='par_1_46' title="bbox 178 2520 3476 2605">
     <span class='ocr_line' id='line_1_46' title="bbox 178 2520 3476 2605; baseline 0.001 -31"><span class='ocrx_word' id='word_1_350' title='bbox 178 2520 444 2589; x_wconf 79' lang='lat' dir='ltr'><strong>explicari</strong></span> <span class='ocrx_word' id='word_1_351' title='bbox 494 2527 779 2583; x_wconf 89' lang='lat' dir='ltr'><strong>commode</strong></span> <span class='ocrx_word' id='word_1_352' title='bbox 830 2538 1048 2600; x_wconf 88' lang='lat' dir='ltr'><strong>potest,</strong></span> <span class='ocrx_word' id='word_1_353' title='bbox 1107 2534 1564 2605; x_wconf 87' lang='lat' dir='ltr'><strong>quemadmodum</strong></span> <span class='ocrx_word' id='word_1_354' title='bbox 1620 2538 1768 2594; x_wconf 89' lang='lat' dir='ltr'><strong>illius</strong></span> <span class='ocrx_word' id='word_1_355' title='bbox 1807 2537 2067 2593; x_wconf 82' lang='lat' dir='ltr'><strong>divinitas</strong></span> <span class='ocrx_word' id='word_1_356' title='bbox 2123 2548 2231 2588; x_wconf 92' lang='lat' dir='ltr'><strong>nou</strong></span> <span class='ocrx_word' id='word_1_357' title='bbox 2288 2532 2381 2596; x_wconf 88' lang='lat' dir='ltr'><strong>sit,</strong></span> <span class='ocrx_word' id='word_1_358' title='bbox 2413 2527 2557 2600; x_wconf 92' lang='lat' dir='ltr'><strong>quod</strong></span> <span class='ocrx_word' id='word_1_359' title='bbox 2618 2527 2687 2580; x_wconf 91' lang='lat' dir='ltr'><strong>ad</strong></span> <span class='ocrx_word' id='word_1_360' title='bbox 2746 2525 3068 2597; x_wconf 88' lang='lat' dir='ltr'><strong>dignitatem</strong></span> <span class='ocrx_word' id='word_1_361' title='bbox 3102 2524 3319 2589; x_wconf 90' lang='lat' dir='ltr'><strong>attinet,</strong></span> <span class='ocrx_word' id='word_1_362' title='bbox 3350 2540 3476 2593; x_wconf 85' lang='lat' dir='ltr'><strong>per-</strong></span> 
     </span>
    </p>
   </div>
   <div class='ocr_carea' id='block_1_47' title="bbox 184 2610 3479 2698">
    <p class='ocr_par' dir='ltr' id='par_1_47' title="bbox 184 2610 3479 2698">
     <span class='ocr_line' id='line_1_47' title="bbox 184 2610 3479 2698; baseline 0.002 -33"><span class='ocrx_word' id='word_1_363' title='bbox 184 2610 430 2668; x_wconf 79' lang='lat' dir='ltr'><strong>fectione</strong></span> <span class='ocrx_word' id='word_1_364' title='bbox 468 2613 649 2670; x_wconf 87' lang='lat' dir='ltr'><strong>Patris</strong></span> <span class='ocrx_word' id='word_1_365' title='bbox 698 2616 966 2687; x_wconf 79' lang='lat' dir='ltr'><strong>inferior;</strong></span> <span class='ocrx_word' id='word_1_366' title='bbox 1021 2622 1093 2677; x_wconf 91' lang='lat' dir='ltr'><strong>ob</strong></span> <span class='ocrx_word' id='word_1_367' title='bbox 1130 2638 1361 2694; x_wconf 87' lang='lat' dir='ltr'><strong>eamque</strong></span> <span class='ocrx_word' id='word_1_368' title='bbox 1413 2642 1577 2697; x_wconf 90' lang='lat' dir='ltr'><strong>quam</strong></span> <span class='ocrx_word' id='word_1_369' title='bbox 1650 2630 1939 2698; x_wconf 86' lang='lat' dir='ltr'><strong>usurpavit</strong></span> <span class='ocrx_word' id='word_1_370' title='bbox 1970 2627 2157 2682; x_wconf 87' lang='lat' dir='ltr'><strong>carnis</strong></span> <span class='ocrx_word' id='word_1_371' title='bbox 2193 2626 2445 2678; x_wconf 66' lang='lat' dir='ltr'><strong>humanae</strong></span> <span class='ocrx_word' id='word_1_372' title='bbox 2506 2618 2874 2675; x_wconf 87' lang='lat' dir='ltr'><strong>conditionem</strong></span> <span class='ocrx_word' id='word_1_373' title='bbox 2927 2617 3190 2687; x_wconf 79' lang='lat' dir='ltr'><strong>praeclare</strong></span> <span class='ocrx_word' id='word_1_374' title='bbox 3245 2616 3296 2669; x_wconf 91' lang='lat' dir='ltr'><strong>id</strong></span> <span class='ocrx_word' id='word_1_375' title='bbox 3353 2632 3479 2671; x_wconf 89' lang='lat' dir='ltr'><strong>esse</strong></span> 
     </span>
    </p>
   </div>
   <div class='ocr_carea' id='block_1_48' title="bbox 182 2706 3481 2789">
    <p class='ocr_par' dir='ltr' id='par_1_48' title="bbox 182 2706 3481 2789">
     <span class='ocr_line' id='line_1_48' title="bbox 182 2706 3481 2789; baseline 0.002 -30"><span class='ocrx_word' id='word_1_376' title='bbox 182 2706 490 2775; x_wconf 86' lang='lat' dir='ltr'><strong>perfectum</strong></span> <span class='ocrx_word' id='word_1_377' title='bbox 536 2708 938 2783; x_wconf 76' lang='lat' dir='ltr'><strong>intelligemus,</strong></span> <span class='ocrx_word' id='word_1_378' title='bbox 987 2717 1133 2786; x_wconf 90' lang='lat' dir='ltr'><strong>quod</strong></span> <span class='ocrx_word' id='word_1_379' title='bbox 1194 2726 1248 2774; x_wconf 91' lang='lat' dir='ltr'><strong>et</strong></span> <span class='ocrx_word' id='word_1_380' title='bbox 1284 2721 1432 2776; x_wconf 92' lang='lat' dir='ltr'><strong>sitim</strong></span> <span class='ocrx_word' id='word_1_381' title='bbox 1459 2763 1473 2787; x_wconf 95' lang='lat'><strong>,</strong></span> <span class='ocrx_word' id='word_1_382' title='bbox 1504 2731 1559 2779; x_wconf 90' lang='lat' dir='ltr'><strong>et</strong></span> <span class='ocrx_word' id='word_1_383' title='bbox 1604 2722 1802 2780; x_wconf 82' lang='lat' dir='ltr'><strong>famem</strong></span> <span class='ocrx_word' id='word_1_384' title='bbox 1839 2726 2066 2788; x_wconf 83' lang='lat' dir='ltr'><strong>tulisse,</strong></span> <span class='ocrx_word' id='word_1_385' title='bbox 2120 2730 2175 2789; x_wconf 87' lang='lat' dir='ltr'><strong>et</strong></span> <span class='ocrx_word' id='word_1_386' title='bbox 2225 2720 2463 2781; x_wconf 88' lang='lat' dir='ltr'><strong>bibisse,</strong></span> <span class='ocrx_word' id='word_1_387' title='bbox 2498 2727 2553 2772; x_wconf 89' lang='lat' dir='ltr'><strong>et</strong></span> <span class='ocrx_word' id='word_1_388' title='bbox 2597 2716 2936 2780; x_wconf 88' lang='lat' dir='ltr'><strong>comedisse,</strong></span> <span class='ocrx_word' id='word_1_389' title='bbox 2966 2723 3021 2769; x_wconf 89' lang='lat' dir='ltr'><strong>et</strong></span> <span class='ocrx_word' id='word_1_390' title='bbox 3066 2729 3321 2771; x_wconf 89' lang='lat' dir='ltr'><strong>somnum</strong></span> <span class='ocrx_word' id='word_1_391' title='bbox 3388 2728 3481 2766; x_wconf 84' lang='lat' dir='ltr'><strong>ce-</strong></span> 
     </span>
    </p>
   </div>
   <div class='ocr_carea' id='block_1_49' title="bbox 182 2794 3475 2887">
    <p class='ocr_par' dir='ltr' id='par_1_49' title="bbox 182 2794 3475 2887">
     <span class='ocr_line' id='line_1_49' title="bbox 182 2794 3475 2887; baseline 0.001 -37"><span class='ocrx_word' id='word_1_392' title='bbox 182 2796 335 2865; x_wconf 84' lang='lat' dir='ltr'><strong>pisse</strong></span> <span class='ocrx_word' id='word_1_393' title='bbox 360 2837 377 2862; x_wconf 94' lang='lat'><strong>,</strong></span> <span class='ocrx_word' id='word_1_394' title='bbox 407 2809 462 2852; x_wconf 86' lang='lat' dir='ltr'><strong>et</strong></span> <span class='ocrx_word' id='word_1_395' title='bbox 514 2801 740 2856; x_wconf 85' lang='lat' dir='ltr'><strong>tristitia</strong></span> <span class='ocrx_word' id='word_1_396' title='bbox 773 2818 838 2858; x_wconf 90' lang='lat' dir='ltr'><strong>ac</strong></span> <span class='ocrx_word' id='word_1_397' title='bbox 870 2819 1107 2864; x_wconf 74' lang='lat' dir='ltr'><strong>mmrore</strong></span> <span class='ocrx_word' id='word_1_398' title='bbox 1145 2819 1463 2870; x_wconf 86' lang='lat' dir='ltr'><strong>contractus</strong></span> <span class='ocrx_word' id='word_1_399' title='bbox 1495 2814 1666 2871; x_wconf 88' lang='lat' dir='ltr'><strong>fuisse</strong></span> <span class='ocrx_word' id='word_1_400' title='bbox 1696 2815 1912 2887; x_wconf 81' lang='lat' dir='ltr'><strong>legitur,</strong></span> <span class='ocrx_word' id='word_1_401' title='bbox 1940 2831 2065 2871; x_wconf 91' lang='lat' dir='ltr'><strong>cum</strong></span> <span class='ocrx_word' id='word_1_402' title='bbox 2130 2812 2355 2867; x_wconf 90' lang='lat' dir='ltr'><strong>interim</strong></span> <span class='ocrx_word' id='word_1_403' title='bbox 2419 2809 2541 2879; x_wconf 80' lang='lat' dir='ltr'><strong>ejus</strong></span> <span class='ocrx_word' id='word_1_404' title='bbox 2587 2807 2852 2863; x_wconf 81' lang='lat' dir='ltr'><strong>divinitas</strong></span> <span class='ocrx_word' id='word_1_405' title='bbox 2882 2806 2952 2860; x_wconf 88' lang='lat' dir='ltr'><strong>ab</strong></span> <span class='ocrx_word' id='word_1_406' title='bbox 3006 2807 3154 2860; x_wconf 88' lang='lat' dir='ltr'><strong>omni</strong></span> <span class='ocrx_word' id='word_1_407' title='bbox 3206 2794 3475 2874; x_wconf 86' lang='lat' dir='ltr'><strong>ejusmodi</strong></span> 
     </span>
    </p>
   </div>
   <div class='ocr_carea' id='block_1_50' title="bbox 181 2886 3477 2980">
    <p class='ocr_par' dir='ltr' id='par_1_50' title="bbox 181 2886 3477 2980">
     <span class='ocr_line' id='line_1_50' title="bbox 181 2886 3477 2980; baseline 0.002 -39"><span class='ocrx_word' id='word_1_408' title='bbox 181 2886 479 2946; x_wconf 75' lang='lat' dir='ltr'><strong>aﬂectione</strong></span> <span class='ocrx_word' id='word_1_409' title='bbox 525 2903 672 2949; x_wconf 88' lang='lat' dir='ltr'><strong>esset</strong></span> <span class='ocrx_word' id='word_1_410' title='bbox 708 2896 987 2954; x_wconf 88' lang='lat' dir='ltr'><strong>immunis.</strong></span> <span class='ocrx_word' id='word_1_411' title='bbox 1022 2900 1100 2955; x_wconf 88' lang='lat' dir='ltr'><strong>lta</strong></span> <span class='ocrx_word' id='word_1_412' title='bbox 1143 2905 1333 2962; x_wconf 87' lang='lat' dir='ltr'><strong>nullus</strong></span> <span class='ocrx_word' id='word_1_413' title='bbox 1370 2907 1473 2964; x_wconf 89' lang='lat' dir='ltr'><strong>hac</strong></span> <span class='ocrx_word' id='word_1_414' title='bbox 1510 2909 1567 2963; x_wconf 89' lang='lat' dir='ltr'><strong>in</strong></span> <span class='ocrx_word' id='word_1_415' title='bbox 1613 2886 1767 2980; x_wconf 84' lang='lat' dir='ltr'><strong>parte</strong></span> <span class='ocrx_word' id='word_1_416' title='bbox 1803 2912 2022 2966; x_wconf 90' lang='lat' dir='ltr'><strong>illorum</strong></span> <span class='ocrx_word' id='word_1_417' title='bbox 2053 2906 2304 2979; x_wconf 90' lang='lat' dir='ltr'><strong>opinioni</strong></span> <span class='ocrx_word' id='word_1_418' title='bbox 2356 2906 2513 2959; x_wconf 91' lang='lat' dir='ltr'><strong>locus</strong></span> <span class='ocrx_word' id='word_1_419' title='bbox 2548 2911 2655 2967; x_wconf 90' lang='lat' dir='ltr'><strong>est,</strong></span> <span class='ocrx_word' id='word_1_420' title='bbox 2710 2902 2970 2972; x_wconf 90' lang='lat' dir='ltr'><strong>quoniam</strong></span> <span class='ocrx_word' id='word_1_421' title='bbox 3033 2900 3255 2969; x_wconf 87' lang='lat' dir='ltr'><strong>quidem</strong></span> <span class='ocrx_word' id='word_1_422' title='bbox 3331 2897 3477 2951; x_wconf 86' lang='lat' dir='ltr'><strong>Deus</strong></span> 
     </span>
    </p>
   </div>
   <div class='ocr_carea' id='block_1_51' title="bbox 183 2984 844 3048">
    <p class='ocr_par' dir='ltr' id='par_1_51' title="bbox 183 2984 844 3048">
     <span class='ocr_line' id='line_1_51' title="bbox 183 2984 844 3048; baseline 0.017 -11"><span class='ocrx_word' id='word_1_423' title='bbox 183 2984 254 3039; x_wconf 89' lang='lat' dir='ltr'><strong>ad</strong></span> <span class='ocrx_word' id='word_1_424' title='bbox 281 3000 508 3042; x_wconf 86' lang='lat' dir='ltr'><strong>carnem</strong></span> <span class='ocrx_word' id='word_1_425' title='bbox 540 2988 844 3048; x_wconf 89' lang='lat' dir='ltr'><strong>descendit.</strong></span> 
     </span>
    </p>
   </div>
   <div class='ocr_carea' id='block_1_52' title="bbox 257 3078 1785 3166">
    <p class='ocr_par' dir='ltr' id='par_1_52' title="bbox 257 3078 1785 3166">
     <span class='ocr_line' id='line_1_52' title="bbox 257 3078 1785 3166; baseline 0.013 -35"><span class='ocrx_word' id='word_1_426' title='bbox 257 3078 389 3133; x_wconf 87' lang='lat' dir='ltr'><strong>NB&#39;.</strong></span> <span class='ocrx_word' id='word_1_427' title='bbox 428 3081 712 3149; x_wconf 83' lang='grc' dir='ltr'>Λεγόντων</span> <span class='ocrx_word' id='word_1_428' title='bbox 776 3084 957 3140; x_wconf 84' lang='grc' dir='ltr'>αὐτῶν</span> <span class='ocrx_word' id='word_1_429' title='bbox 987 3088 1028 3155; x_wconf 75' lang='grc'>³,</span> <span class='ocrx_word' id='word_1_430' title='bbox 1070 3092 1152 3145; x_wconf 84' lang='grc' dir='ltr'>ὅτι</span> <span class='ocrx_word' id='word_1_431' title='bbox 1202 3095 1270 3148; x_wconf 81' lang='lat' dir='ltr'><strong>Ei</strong></span> <span class='ocrx_word' id='word_1_432' title='bbox 1310 3090 1380 3166; x_wconf 79' lang='grc' dir='ltr'>ἦν</span> <span class='ocrx_word' id='word_1_433' title='bbox 1428 3096 1493 3148; x_wconf 84' lang='grc' dir='ltr'><strong>ἐκ</strong></span> <span class='ocrx_word' id='word_1_434' title='bbox 1537 3094 1633 3149; x_wconf 88' lang='grc' dir='ltr'><strong>τοῦ</strong></span> <span class='ocrx_word' id='word_1_435' title='bbox 1674 3098 1785 3150; x_wconf 88' lang='grc' dir='ltr'>Πα-</span> 
     </span>
    </p>
   </div>
   <div class='ocr_carea' id='block_1_53' title="bbox 1888 3078 3479 3166">
    <p class='ocr_par' dir='ltr' id='par_1_53' title="bbox 1967 3080 3479 3155">
     <span class='ocr_line' id='line_1_53' title="bbox 1967 3080 3479 3155; baseline -0.006 -11"><span class='ocrx_word' id='word_1_436' title='bbox 1967 3088 2075 3145; x_wconf 80' lang='lat' dir='ltr'><strong>LII.</strong></span> <span class='ocrx_word' id='word_1_437' title='bbox 2110 3086 2270 3155; x_wconf 85' lang='lat' dir='ltr'><strong>Quod</strong></span> <span class='ocrx_word' id='word_1_438' title='bbox 2293 3093 2476 3141; x_wconf 88' lang='lat' dir='ltr'><strong>autem</strong></span> <span class='ocrx_word' id='word_1_439' title='bbox 2505 3084 2609 3139; x_wconf 90' lang='lat' dir='ltr'><strong>hoc</strong></span> <span class='ocrx_word' id='word_1_440' title='bbox 2633 3083 2703 3139; x_wconf 88' lang='lat' dir='ltr'><strong>ab</strong></span> <span class='ocrx_word' id='word_1_441' title='bbox 2735 3081 2957 3137; x_wconf 80' lang='lat' dir='ltr'><strong>Arianis</strong></span> <span class='ocrx_word' id='word_1_442' title='bbox 2991 3080 3289 3147; x_wconf 75' lang='lat' dir='ltr'><strong>obiicitur:</strong></span> <span class='ocrx_word' id='word_1_443' title='bbox 3326 3080 3381 3135; x_wconf 92' lang='lat' dir='ltr'><strong>Si</strong></span> <span class='ocrx_word' id='word_1_444' title='bbox 3413 3095 3479 3135; x_wconf 79' lang='lat' dir='ltr'><strong>ex</strong></span> 
     </span>
    </p>
   </div>
   <div class='ocr_carea' id='block_1_54' title="bbox 182 3172 1785 3263">
    <p class='ocr_par' dir='ltr' id='par_1_54' title="bbox 182 3174 1785 3262">
     <span class='ocr_line' id='line_1_54' title="bbox 182 3174 1785 3262; baseline 0.009 -34"><span class='ocrx_word' id='word_1_445' title='bbox 182 3174 337 3245; x_wconf 68' lang='grc' dir='ltr'>τρδς,</span> <span class='ocrx_word' id='word_1_446' title='bbox 366 3178 487 3242; x_wconf 85' lang='grc' dir='ltr'><strong>πῶς</strong></span> <span class='ocrx_word' id='word_1_447' title='bbox 522 3180 603 3241; x_wconf 87' lang='grc' dir='ltr'><strong>είς</strong></span> <span class='ocrx_word' id='word_1_448' title='bbox 647 3179 826 3251; x_wconf 83' lang='grc' dir='ltr'>σάρκα</span> <span class='ocrx_word' id='word_1_449' title='bbox 850 3176 981 3254; x_wconf 77' lang='grc' dir='ltr'>ἦλθε</span> <span class='ocrx_word' id='word_1_450' title='bbox 1009 3200 1024 3250; x_wconf 86' lang='grc'><strong>;</strong></span> <span class='ocrx_word' id='word_1_451' title='bbox 1054 3186 1284 3256; x_wconf 76' lang='grc' dir='ltr'>Φήσειεν</span> <span class='ocrx_word' id='word_1_452' title='bbox 1325 3187 1390 3241; x_wconf 85' lang='grc' dir='ltr'>ἄν</span> <span class='ocrx_word' id='word_1_453' title='bbox 1421 3206 1505 3253; x_wconf 83' lang='grc' dir='ltr'><strong>τις</strong></span> <span class='ocrx_word' id='word_1_454' title='bbox 1534 3189 1670 3262; x_wconf 76' lang='grc' dir='ltr'>πρὸς</span> <span class='ocrx_word' id='word_1_455' title='bbox 1696 3190 1785 3247; x_wconf 86' lang='grc' dir='ltr'><strong>αὐ·</strong></span> 
     </span>
    </p>
   </div>
   <div class='ocr_carea' id='block_1_55' title="bbox 1888 3172 3481 3263">
    <p class='ocr_par' dir='ltr' id='par_1_55' title="bbox 1895 3172 3481 3247">
     <span class='ocr_line' id='line_1_55' title="bbox 1895 3172 3481 3247; baseline -0.008 -9"><span class='ocrx_word' id='word_1_456' title='bbox 1895 3186 2063 3238; x_wconf 89' lang='lat' dir='ltr'><strong>Patre</strong></span> <span class='ocrx_word' id='word_1_457' title='bbox 2090 3186 2247 3241; x_wconf 89' lang='lat' dir='ltr'><strong>erat,</strong></span> <span class='ocrx_word' id='word_1_458' title='bbox 2278 3177 2502 3247; x_wconf 86' lang='lat' dir='ltr'><strong>quinam</strong></span> <span class='ocrx_word' id='word_1_459' title='bbox 2533 3175 2600 3228; x_wconf 88' lang='lat' dir='ltr'><strong>ad</strong></span> <span class='ocrx_word' id='word_1_460' title='bbox 2632 3189 2854 3229; x_wconf 89' lang='lat' dir='ltr'><strong>carnem</strong></span> <span class='ocrx_word' id='word_1_461' title='bbox 2888 3173 3219 3228; x_wconf 84' lang='lat' dir='ltr'><strong>descendit?</strong></span> <span class='ocrx_word' id='word_1_462' title='bbox 3256 3173 3335 3227; x_wconf 90' lang='lat' dir='ltr'><strong>lta</strong></span> <span class='ocrx_word' id='word_1_463' title='bbox 3371 3172 3481 3226; x_wconf 73' lang='lat' dir='ltr'><strong>illis</strong></span> 
     </span>
    </p>
   </div>
   <div class='ocr_carea' id='block_1_56' title="bbox 184 3265 1785 3353">
    <p class='ocr_par' dir='ltr' id='par_1_56' title="bbox 184 3266 1781 3353">
     <span class='ocr_line' id='line_1_56' title="bbox 184 3266 1781 3353; baseline 0.009 -34"><span class='ocrx_word' id='word_1_464' title='bbox 184 3266 335 3330; x_wconf 84' lang='grc' dir='ltr'>τούς·</span> <span class='ocrx_word' id='word_1_465' title='bbox 371 3269 508 3340; x_wconf 76' lang='grc' dir='ltr'><strong>Περῖ¹</strong></span> <span class='ocrx_word' id='word_1_466' title='bbox 535 3269 646 3323; x_wconf 85' lang='grc' dir='ltr'>τῶν</span> <span class='ocrx_word' id='word_1_467' title='bbox 667 3271 913 3340; x_wconf 84' lang='grc' dir='ltr'>ἀγγέλων</span> <span class='ocrx_word' id='word_1_468' title='bbox 938 3274 990 3328; x_wconf 90' lang='grc' dir='ltr'><strong>τί</strong></span> <span class='ocrx_word' id='word_1_469' title='bbox 1019 3293 1190 3345; x_wconf 88' lang='grc' dir='ltr'>φατε;</span> <span class='ocrx_word' id='word_1_470' title='bbox 1228 3277 1401 3333; x_wconf 77' lang='grc' dir='ltr'>Παντὶ</span> <span class='ocrx_word' id='word_1_471' title='bbox 1434 3280 1593 3334; x_wconf 86' lang='grc' dir='ltr'>τοῦτο</span> <span class='ocrx_word' id='word_1_472' title='bbox 1623 3281 1781 3353; x_wconf 80' lang='grc' dir='ltr'>δῆλόν</span> 
     </span>
    </p>
   </div>
   <div class='ocr_carea' id='block_1_57' title="bbox 1888 3265 3482 3353">
    <p class='ocr_par' dir='ltr' id='par_1_57' title="bbox 1888 3265 3482 3342">
     <span class='ocr_line' id='line_1_57' title="bbox 1888 3265 3482 3342; baseline -0.009 -9"><span class='ocrx_word' id='word_1_473' title='bbox 1888 3295 1916 3333; x_wconf 89' lang='lat' dir='ltr'><strong>e</strong></span> <span class='ocrx_word' id='word_1_474' title='bbox 1937 3273 2213 3331; x_wconf 89' lang='lat' dir='ltr'><strong>contrario</strong></span> <span class='ocrx_word' id='word_1_475' title='bbox 2243 3276 2424 3342; x_wconf 89' lang='lat' dir='ltr'><strong>potest</strong></span> <span class='ocrx_word' id='word_1_476' title='bbox 2449 3268 2668 3323; x_wconf 90' lang='lat' dir='ltr'><strong>occurri</strong></span> <span class='ocrx_word' id='word_1_477' title='bbox 2695 3286 2710 3322; x_wconf 90' lang='lat'><strong>:</strong></span> <span class='ocrx_word' id='word_1_478' title='bbox 2738 3266 2813 3321; x_wconf 90' lang='lat' dir='ltr'><strong>De</strong></span> <span class='ocrx_word' id='word_1_479' title='bbox 2862 3267 3070 3335; x_wconf 89' lang='lat' dir='ltr'><strong>angelis</strong></span> <span class='ocrx_word' id='word_1_480' title='bbox 3098 3266 3230 3335; x_wconf 89' lang='lat' dir='ltr'><strong>quid</strong></span> <span class='ocrx_word' id='word_1_481' title='bbox 3262 3265 3482 3319; x_wconf 89' lang='lat' dir='ltr'><strong>tandem</strong></span> 
     </span>
    </p>
   </div>
   <div class='ocr_carea' id='block_1_58' title="bbox 186 3358 1784 3442">
    <p class='ocr_par' dir='ltr' id='par_1_58' title="bbox 186 3358 1784 3442">
     <span class='ocr_line' id='line_1_58' title="bbox 186 3358 1784 3442; baseline 0.01 -31"><span class='ocrx_word' id='word_1_482' title='bbox 186 3358 361 3426; x_wconf 79' lang='grc' dir='ltr'>ἐστιν,</span> <span class='ocrx_word' id='word_1_483' title='bbox 386 3361 468 3414; x_wconf 81' lang='grc' dir='ltr'>ὅτι</span> <span class='ocrx_word' id='word_1_484' title='bbox 497 3361 819 3431; x_wconf 80' lang='grc' dir='ltr'>ὁμολογοῦσι</span> <span class='ocrx_word' id='word_1_485' title='bbox 839 3366 967 3430; x_wconf 80' lang='grc' dir='ltr'>τοὺς</span> <span class='ocrx_word' id='word_1_486' title='bbox 992 3368 1257 3436; x_wconf 83' lang='grc' dir='ltr'>ἀγγέλους</span> <span class='ocrx_word' id='word_1_487' title='bbox 1280 3371 1385 3424; x_wconf 86' lang='grc' dir='ltr'><strong>ὑπὸ</strong></span> <span class='ocrx_word' id='word_1_488' title='bbox 1412 3371 1507 3425; x_wconf 90' lang='grc' dir='ltr'><strong>τοῦ</strong></span> <span class='ocrx_word' id='word_1_489' title='bbox 1530 3372 1663 3426; x_wconf 84' lang='grc' dir='ltr'>Υἱοῦ</span> <span class='ocrx_word' id='word_1_490' title='bbox 1692 3390 1784 3442; x_wconf 89' lang='grc' dir='ltr'>γε-</span> 
     </span>
    </p>
   </div>
   <div class='ocr_carea' id='block_1_59' title="bbox 187 3451 1785 3537">
    <p class='ocr_par' dir='ltr' id='par_1_59' title="bbox 187 3451 1785 3537">
     <span class='ocr_line' id='line_1_59' title="bbox 187 3451 1785 3537; baseline 0.009 -33"><span class='ocrx_word' id='word_1_491' title='bbox 187 3451 428 3519; x_wconf 86' lang='grc' dir='ltr'>γονέναι.</span> <span class='ocrx_word' id='word_1_492' title='bbox 456 3453 569 3506; x_wconf 78' lang='grc' dir='ltr'>Καὶ</span> <span class='ocrx_word' id='word_1_493' title='bbox 596 3454 704 3527; x_wconf 77' lang='grc' dir='ltr'>γὰρ</span> <span class='ocrx_word' id='word_1_494' title='bbox 737 3456 832 3509; x_wconf 79' lang='grc' dir='ltr'>καὶ</span> <span class='ocrx_word' id='word_1_495' title='bbox 873 3458 1002 3529; x_wconf 75' lang='grc' dir='ltr'>περὶ</span> <span class='ocrx_word' id='word_1_496' title='bbox 1041 3459 1136 3512; x_wconf 89' lang='grc' dir='ltr'><strong>τοῦ</strong></span> <span class='ocrx_word' id='word_1_497' title='bbox 1178 3461 1495 3532; x_wconf 79' lang='grc' dir='ltr'>Πνεῦματος</span> <span class='ocrx_word' id='word_1_498' title='bbox 1540 3463 1785 3537; x_wconf 84' lang='grc' dir='ltr'>βλασφη-</span> 
     </span>
    </p>
   </div>
   <div class='ocr_carea' id='block_1_60' title="bbox 195 3544 1781 3620">
    <p class='ocr_par' dir='ltr' id='par_1_60' title="bbox 195 3544 1781 3620">
     <span class='ocr_line' id='line_1_60' title="bbox 195 3544 1781 3620; baseline 0.009 -23"><span class='ocrx_word' id='word_1_499' title='bbox 195 3544 379 3615; x_wconf 84' lang='grc' dir='ltr'>μοῦσι,</span> <span class='ocrx_word' id='word_1_500' title='bbox 409 3547 507 3600; x_wconf 73' lang='grc' dir='ltr'><strong>καὶ</strong></span> <span class='ocrx_word' id='word_1_501' title='bbox 537 3548 778 3618; x_wconf 85' lang='grc' dir='ltr'>τολμῶσι</span> <span class='ocrx_word' id='word_1_502' title='bbox 817 3549 995 3620; x_wconf 89' lang='grc' dir='ltr'>λέγειν</span> <span class='ocrx_word' id='word_1_503' title='bbox 1048 3554 1332 3609; x_wconf 88' lang='grc' dir='ltr'>κεκτίσθαι</span> <span class='ocrx_word' id='word_1_504' title='bbox 1362 3557 1468 3609; x_wconf 83' lang='grc' dir='ltr'><strong>ὑπὸ</strong></span> <span class='ocrx_word' id='word_1_505' title='bbox 1499 3558 1593 3610; x_wconf 87' lang='grc' dir='ltr'><strong>τοῦ</strong></span> <span class='ocrx_word' id='word_1_506' title='bbox 1628 3558 1781 3612; x_wconf 82' lang='grc' dir='ltr'>Υἱοῦ·</span> 
     </span>
    </p>
   </div>
   <div class='ocr_carea' id='block_1_61' title="bbox 190 3634 1785 3717">
    <p class='ocr_par' dir='ltr' id='par_1_61' title="bbox 190 3634 1785 3717">
     <span class='ocr_line' id='line_1_61' title="bbox 190 3634 1785 3717; baseline 0.011 -30"><span class='ocrx_word' id='word_1_507' title='bbox 190 3634 329 3707; x_wconf 80' lang='grc' dir='ltr'>ὅπερ</span> <span class='ocrx_word' id='word_1_508' title='bbox 362 3636 512 3691; x_wconf 77' lang='grc' dir='ltr'>ἐστὶν</span> <span class='ocrx_word' id='word_1_509' title='bbox 533 3636 810 3705; x_wconf 81' lang='grc' dir='ltr'>ἄκτιστον,</span> <span class='ocrx_word' id='word_1_510' title='bbox 830 3641 897 3693; x_wconf 81' lang='grc' dir='ltr'>ἐκ</span> <span class='ocrx_word' id='word_1_511' title='bbox 915 3644 1147 3711; x_wconf 79' lang='grc' dir='ltr'>Πατρός</span> <span class='ocrx_word' id='word_1_512' title='bbox 1171 3645 1667 3717; x_wconf 76' lang='grc' dir='ltr'>ἐκπορευόμενον,</span> <span class='ocrx_word' id='word_1_513' title='bbox 1686 3649 1785 3703; x_wconf 76' lang='grc' dir='ltr'><strong>καί</strong></span> 
     </span>
    </p>
   </div>
   <div class='ocr_carea' id='block_1_62' title="bbox 191 3726 1788 3810">
    <p class='ocr_par' dir='ltr' id='par_1_62' title="bbox 191 3726 1788 3810">
     <span class='ocr_line' id='line_1_62' title="bbox 191 3726 1788 3810; baseline 0.011 -31"><span class='ocrx_word' id='word_1_514' title='bbox 191 3726 300 3781; x_wconf 84' lang='grc' dir='ltr'><strong>τοῦ</strong></span> <span class='ocrx_word' id='word_1_515' title='bbox 342 3727 483 3782; x_wconf 82' lang='grc' dir='ltr'>Υἱοῦ</span> <span class='ocrx_word' id='word_1_516' title='bbox 511 3732 843 3799; x_wconf 76' lang='grc' dir='ltr'>λαμϐάνον.</span> <span class='ocrx_word' id='word_1_517' title='bbox 876 3734 939 3786; x_wconf 89' lang='grc' dir='ltr'>Εί</span> <span class='ocrx_word' id='word_1_518' title='bbox 961 3730 1056 3788; x_wconf 82' lang='grc' dir='ltr'><strong>οῦν</strong></span> <span class='ocrx_word' id='word_1_519' title='bbox 1084 3738 1164 3800; x_wconf 86' lang='grc' dir='ltr'><strong>είς</strong></span> <span class='ocrx_word' id='word_1_520' title='bbox 1192 3737 1252 3790; x_wconf 86' lang='grc' dir='ltr'>τὸ</span> <span class='ocrx_word' id='word_1_521' title='bbox 1278 3738 1501 3810; x_wconf 87' lang='grc' dir='ltr'>Πνεῦμα</span> <span class='ocrx_word' id='word_1_522' title='bbox 1534 3741 1596 3795; x_wconf 80' lang='grc' dir='ltr'>τὸ</span> <span class='ocrx_word' id='word_1_523' title='bbox 1632 3741 1788 3810; x_wconf 73' lang='grc' dir='ltr'>ἅγιον</span> 
     </span>
    </p>
   </div>
   <div class='ocr_carea' id='block_1_63' title="bbox 192 3817 1790 3903">
    <p class='ocr_par' dir='ltr' id='par_1_63' title="bbox 192 3817 1790 3903">
     <span class='ocr_line' id='line_1_63' title="bbox 192 3817 1790 3903; baseline 0.011 -33"><span class='ocrx_word' id='word_1_524' title='bbox 192 3817 433 3889; x_wconf 83' lang='grc' dir='ltr'>τολμῶσι</span> <span class='ocrx_word' id='word_1_525' title='bbox 450 3820 611 3874; x_wconf 88' lang='grc' dir='ltr'>τοῦτο</span> <span class='ocrx_word' id='word_1_526' title='bbox 627 3821 829 3891; x_wconf 84' lang='grc' dir='ltr'>λέγειν,</span> <span class='ocrx_word' id='word_1_527' title='bbox 854 3825 1005 3897; x_wconf 83' lang='grc' dir='ltr'>πόσῳ</span> <span class='ocrx_word' id='word_1_528' title='bbox 1037 3844 1101 3896; x_wconf 87' lang='grc' dir='ltr'><strong>γε</strong></span> <span class='ocrx_word' id='word_1_529' title='bbox 1124 3828 1324 3898; x_wconf 86' lang='grc' dir='ltr'>μᾶλλον</span> <span class='ocrx_word' id='word_1_530' title='bbox 1351 3832 1602 3903; x_wconf 79' lang='grc' dir='ltr'>περὶτῶν</span> <span class='ocrx_word' id='word_1_531' title='bbox 1629 3834 1790 3901; x_wconf 60' lang='lat' dir='ltr'><strong>em-</strong></span> 
     </span>
    </p>
   </div>
   <div class='ocr_carea' id='block_1_64' title="bbox 193 3910 1789 3993">
    <p class='ocr_par' dir='ltr' id='par_1_64' title="bbox 193 3910 1789 3993">
     <span class='ocr_line' id='line_1_64' title="bbox 193 3910 1789 3993; baseline 0.009 -28"><span class='ocrx_word' id='word_1_532' title='bbox 193 3910 301 3966; x_wconf 87' lang='grc' dir='ltr'><strong>λων</strong></span> <span class='ocrx_word' id='word_1_533' title='bbox 329 3913 394 3965; x_wconf 82' lang='grc' dir='ltr'><strong>οὑ</strong></span> <span class='ocrx_word' id='word_1_534' title='bbox 419 3912 739 3985; x_wconf 86' lang='grc' dir='ltr'>δυνήσονται</span> <span class='ocrx_word' id='word_1_535' title='bbox 765 3918 1224 3989; x_wconf 83' lang='grc' dir='ltr'>άρνήσασθαι,ὃτι</span> <span class='ocrx_word' id='word_1_536' title='bbox 1243 3923 1308 3975; x_wconf 88' lang='grc' dir='ltr'><strong>ἐκ</strong></span> <span class='ocrx_word' id='word_1_537' title='bbox 1332 3924 1427 3976; x_wconf 87' lang='grc' dir='ltr'><strong>τοῦ</strong></span> <span class='ocrx_word' id='word_1_538' title='bbox 1451 3924 1789 3993; x_wconf 90' lang='grc' dir='ltr'>Μονογενοῦς</span> 
     </span>
    </p>
   </div>
   <div class='ocr_carea' id='block_1_65' title="bbox 195 4003 1790 4081">
    <p class='ocr_par' dir='ltr' id='par_1_65' title="bbox 195 4003 1790 4081">
     <span class='ocr_line' id='line_1_65' title="bbox 195 4003 1790 4081; baseline 0.009 -25"><span class='ocrx_word' id='word_1_539' title='bbox 195 4004 463 4074; x_wconf 78' lang='grc' dir='ltr'>ἐσχήκασι</span> <span class='ocrx_word' id='word_1_540' title='bbox 492 4005 556 4059; x_wconf 82' lang='grc' dir='ltr'>τὸ</span> <span class='ocrx_word' id='word_1_541' title='bbox 580 4003 719 4061; x_wconf 80' lang='grc' dir='ltr'>εῖναι</span> <span class='ocrx_word' id='word_1_542' title='bbox 748 4010 1056 4081; x_wconf 83' lang='grc' dir='ltr'>ἐκτισμένοι</span> <span class='ocrx_word' id='word_1_543' title='bbox 1082 4015 1401 4081; x_wconf 84' lang='grc' dir='ltr'>γεγονότες;</span> <span class='ocrx_word' id='word_1_544' title='bbox 1437 4015 1500 4069; x_wconf 73' lang='lat' dir='ltr'><strong>Et</strong></span> <span class='ocrx_word' id='word_1_545' title='bbox 1529 4018 1708 4070; x_wconf 90' lang='grc' dir='ltr'>τοίνυν</span> <span class='ocrx_word' id='word_1_546' title='bbox 1739 4019 1790 4071; x_wconf 74' lang='grc' dir='ltr'>οἱ</span> 
     </span>
    </p>
   </div>
   <div class='ocr_carea' id='block_1_66' title="bbox 195 4092 1791 4176">
    <p class='ocr_par' dir='ltr' id='par_1_66' title="bbox 195 4092 1791 4176">
     <span class='ocr_line' id='line_1_66' title="bbox 195 4092 1791 4176; baseline 0.01 -30"><span class='ocrx_word' id='word_1_547' title='bbox 195 4092 289 4147; x_wconf 78' lang='grc' dir='ltr'>ὑπ’</span> <span class='ocrx_word' id='word_1_548' title='bbox 316 4095 484 4149; x_wconf 81' lang='grc' dir='ltr'>αὐτοῦ</span> <span class='ocrx_word' id='word_1_549' title='bbox 505 4099 791 4166; x_wconf 81' lang='grc' dir='ltr'>γεγονότες</span> <span class='ocrx_word' id='word_1_550' title='bbox 817 4100 1038 4169; x_wconf 80' lang='grc' dir='ltr'>ἄγγελοι</span> <span class='ocrx_word' id='word_1_551' title='bbox 1059 4103 1156 4172; x_wconf 88' lang='grc' dir='ltr'>μὲν</span> <span class='ocrx_word' id='word_1_552' title='bbox 1184 4109 1545 4175; x_wconf 78' lang='grc' dir='ltr'>πνευματικοὶ</span> <span class='ocrx_word' id='word_1_553' title='bbox 1572 4108 1791 4176; x_wconf 88' lang='grc' dir='ltr'>γεγονό-</span> 
     </span>
    </p>
   </div>
   <div class='ocr_carea' id='block_1_67' title="bbox 193 4187 1790 4269">
    <p class='ocr_par' dir='ltr' id='par_1_67' title="bbox 193 4187 1790 4269">
     <span class='ocr_line' id='line_1_67' title="bbox 193 4187 1790 4269; baseline 0.009 -33"><span class='ocrx_word' id='word_1_554' title='bbox 193 4202 308 4251; x_wconf 84' lang='grc' dir='ltr'>τες,</span> <span class='ocrx_word' id='word_1_555' title='bbox 355 4187 492 4259; x_wconf 82' lang='grc' dir='ltr'>πλὴν</span> <span class='ocrx_word' id='word_1_556' title='bbox 548 4188 826 4261; x_wconf 84' lang='grc' dir='ltr'>κτίσματα</span> <span class='ocrx_word' id='word_1_557' title='bbox 858 4192 1024 4246; x_wconf 85' lang='grc' dir='ltr'>αὑτοῦ</span> <span class='ocrx_word' id='word_1_558' title='bbox 1056 4193 1227 4257; x_wconf 77' lang='grc' dir='ltr'>ὄντες,</span> <span class='ocrx_word' id='word_1_559' title='bbox 1261 4196 1355 4248; x_wconf 74' lang='grc' dir='ltr'>καὶ</span> <span class='ocrx_word' id='word_1_560' title='bbox 1388 4197 1790 4269; x_wconf 78' lang='grc' dir='ltr'>ὑποϐεϐηκότες</span> 
     </span>
    </p>
   </div>
   <div class='ocr_carea' id='block_1_68' title="bbox 194 4278 1787 4358">
    <p class='ocr_par' dir='ltr' id='par_1_68' title="bbox 194 4278 1787 4358">
     <span class='ocr_line' id='line_1_68' title="bbox 194 4278 1787 4358; baseline 0.009 -28"><span class='ocrx_word' id='word_1_561' title='bbox 194 4278 334 4332; x_wconf 77' lang='grc' dir='ltr'>πολὺ</span> <span class='ocrx_word' id='word_1_562' title='bbox 359 4279 604 4351; x_wconf 85' lang='grc' dir='ltr'>ἀπείρως</span> <span class='ocrx_word' id='word_1_563' title='bbox 623 4283 721 4352; x_wconf 84' lang='grc' dir='ltr'>τῆς</span> <span class='ocrx_word' id='word_1_564' title='bbox 741 4283 905 4337; x_wconf 85' lang='grc' dir='ltr'>αὑτοῦ</span> <span class='ocrx_word' id='word_1_565' title='bbox 922 4286 980 4337; x_wconf 82' lang='grc' dir='ltr'>οὺ</span> <span class='ocrx_word' id='word_1_566' title='bbox 989 4286 1132 4349; x_wconf 89' lang='grc' dir='ltr'>σίας,</span> <span class='ocrx_word' id='word_1_567' title='bbox 1153 4287 1229 4350; x_wconf 88' lang='grc' dir='ltr'>ὡς</span> <span class='ocrx_word' id='word_1_568' title='bbox 1251 4286 1411 4358; x_wconf 83' lang='grc' dir='ltr'>ἔργον</span> <span class='ocrx_word' id='word_1_569' title='bbox 1431 4289 1597 4342; x_wconf 81' lang='grc' dir='ltr'>αὐτοῦ</span> <span class='ocrx_word' id='word_1_570' title='bbox 1617 4290 1787 4358; x_wconf 77' lang='grc' dir='ltr'>ὄντες,</span> 
     </span>
    </p>
   </div>
   <div class='ocr_carea' id='block_1_69' title="bbox 194 4372 1792 4453">
    <p class='ocr_par' dir='ltr' id='par_1_69' title="bbox 194 4372 1792 4453">
     <span class='ocr_line' id='line_1_69' title="bbox 194 4372 1792 4453; baseline 0.008 -29"><span class='ocrx_word' id='word_1_571' title='bbox 194 4372 350 4442; x_wconf 85' lang='grc' dir='ltr'>ὅμως</span> <span class='ocrx_word' id='word_1_572' title='bbox 379 4374 557 4444; x_wconf 83' lang='grc' dir='ltr'>σάρκα</span> <span class='ocrx_word' id='word_1_573' title='bbox 587 4375 661 4445; x_wconf 85' lang='grc' dir='ltr'>μὴ</span> <span class='ocrx_word' id='word_1_574' title='bbox 689 4376 990 4447; x_wconf 73' lang='grc' dir='ltr'>εἰληφότες,</span> <span class='ocrx_word' id='word_1_575' title='bbox 1027 4379 1079 4431; x_wconf 89' lang='grc' dir='ltr'><strong>τί</strong></span> <span class='ocrx_word' id='word_1_576' title='bbox 1108 4380 1369 4451; x_wconf 85' lang='grc' dir='ltr'>ἐροῦμεν;</span> <span class='ocrx_word' id='word_1_577' title='bbox 1401 4376 1546 4453; x_wconf 70' lang='grc' dir='ltr'>Ἆρα</span> <span class='ocrx_word' id='word_1_578' title='bbox 1577 4382 1792 4453; x_wconf 77' lang='grc' dir='ltr'>μείζους</span> 
     </span>
    </p>
   </div>
   <div class='ocr_carea' id='block_1_70' title="bbox 193 4464 1793 4546">
    <p class='ocr_par' dir='ltr' id='par_1_70' title="bbox 193 4464 1793 4546">
     <span class='ocr_line' id='line_1_70' title="bbox 193 4464 1793 4546; baseline 0.009 -29"><span class='ocrx_word' id='word_1_579' title='bbox 193 4466 304 4518; x_wconf 78' lang='grc' dir='ltr'>είσὶ</span> <span class='ocrx_word' id='word_1_580' title='bbox 329 4464 427 4518; x_wconf 90' lang='grc' dir='ltr'><strong>τοῦ</strong></span> <span class='ocrx_word' id='word_1_581' title='bbox 462 4467 591 4520; x_wconf 89' lang='grc' dir='ltr'>Υἱοῦ</span> <span class='ocrx_word' id='word_1_582' title='bbox 618 4470 709 4521; x_wconf 83' lang='grc' dir='ltr'><strong>ὑπ’</strong></span> <span class='ocrx_word' id='word_1_583' title='bbox 734 4471 900 4524; x_wconf 84' lang='grc' dir='ltr'>αὐτοῦ</span> <span class='ocrx_word' id='word_1_584' title='bbox 930 4472 1264 4539; x_wconf 87' lang='grc' dir='ltr'>κτισθέντες,</span> <span class='ocrx_word' id='word_1_585' title='bbox 1304 4475 1337 4545; x_wconf 83' lang='grc' dir='ltr'>ἢ</span> <span class='ocrx_word' id='word_1_586' title='bbox 1365 4475 1456 4529; x_wconf 81' lang='grc' dir='ltr'>καὶ</span> <span class='ocrx_word' id='word_1_587' title='bbox 1474 4475 1537 4528; x_wconf 88' lang='grc' dir='ltr'>τὸ</span> <span class='ocrx_word' id='word_1_588' title='bbox 1567 4475 1793 4546; x_wconf 85' lang='grc' dir='ltr'>Πνεῦμα</span> 
     </span>
    </p>
   </div>
   <div class='ocr_carea' id='block_1_71' title="bbox 1884 3359 3482 3433">
    <p class='ocr_par' dir='ltr' id='par_1_71' title="bbox 1884 3359 3482 3433">
     <span class='ocr_line' id='line_1_71' title="bbox 1884 3359 3482 3433; baseline -0.01 -6"><span class='ocrx_word' id='word_1_589' title='bbox 1884 3365 2263 3427; x_wconf 81' lang='lat' dir='ltr'><strong>existimatis?</strong></span> <span class='ocrx_word' id='word_1_590' title='bbox 2295 3362 2510 3417; x_wconf 87' lang='lat' dir='ltr'><strong>Nemini</strong></span> <span class='ocrx_word' id='word_1_591' title='bbox 2559 3359 2725 3433; x_wconf 64' lang='grc' dir='ltr'><strong>7⁶7ἧΙ</strong></span> <span class='ocrx_word' id='word_1_592' title='bbox 2772 3360 2979 3430; x_wconf 90' lang='lat' dir='ltr'><strong>quippe</strong></span> <span class='ocrx_word' id='word_1_593' title='bbox 3007 3359 3236 3414; x_wconf 90' lang='lat' dir='ltr'><strong>dubium</strong></span> <span class='ocrx_word' id='word_1_594' title='bbox 3268 3367 3354 3414; x_wconf 84' lang='lat' dir='ltr'><strong>est</strong></span> <span class='ocrx_word' id='word_1_595' title='bbox 3382 3374 3482 3412; x_wconf 83' lang='lat' dir='ltr'><strong>an-</strong></span> 
     </span>
    </p>
   </div>
   <div class='ocr_carea' id='block_1_72' title="bbox 1886 3450 3480 3533">
    <p class='ocr_par' dir='ltr' id='par_1_72' title="bbox 1886 3450 3480 3533">
     <span class='ocr_line' id='line_1_72' title="bbox 1886 3450 3480 3533; baseline -0.01 -17"><span class='ocrx_word' id='word_1_596' title='bbox 1886 3461 2038 3533; x_wconf 90' lang='lat' dir='ltr'><strong>gelos</strong></span> <span class='ocrx_word' id='word_1_597' title='bbox 2077 3474 2108 3513; x_wconf 89' lang='lat' dir='ltr'><strong>a</strong></span> <span class='ocrx_word' id='word_1_598' title='bbox 2151 3456 2292 3511; x_wconf 85' lang='lat' dir='ltr'><strong>Filio</strong></span> <span class='ocrx_word' id='word_1_599' title='bbox 2337 3469 2405 3510; x_wconf 84' lang='lat' dir='ltr'><strong>ex</strong></span> <span class='ocrx_word' id='word_1_600' title='bbox 2435 3453 2656 3508; x_wconf 90' lang='lat' dir='ltr'><strong>illorum</strong></span> <span class='ocrx_word' id='word_1_601' title='bbox 2687 3466 2812 3506; x_wconf 87' lang='lat' dir='ltr'><strong>esse</strong></span> <span class='ocrx_word' id='word_1_602' title='bbox 2846 3450 3121 3505; x_wconf 87' lang='lat' dir='ltr'><strong>sententia</strong></span> <span class='ocrx_word' id='word_1_603' title='bbox 3155 3450 3480 3520; x_wconf 90' lang='lat' dir='ltr'><strong>productos.</strong></span> 
     </span>
    </p>
   </div>
   <div class='ocr_carea' id='block_1_73' title="bbox 1886 3541 3481 3615">
    <p class='ocr_par' dir='ltr' id='par_1_73' title="bbox 1886 3541 3481 3615">
     <span class='ocr_line' id='line_1_73' title="bbox 1886 3541 3481 3615; baseline -0.009 -7"><span class='ocrx_word' id='word_1_604' title='bbox 1886 3551 2198 3608; x_wconf 79' lang='lat' dir='ltr'><strong>Praesertim</strong></span> <span class='ocrx_word' id='word_1_605' title='bbox 2231 3562 2356 3603; x_wconf 86' lang='lat' dir='ltr'><strong>cum</strong></span> <span class='ocrx_word' id='word_1_606' title='bbox 2388 3545 2459 3601; x_wconf 90' lang='lat' dir='ltr'><strong>de</strong></span> <span class='ocrx_word' id='word_1_607' title='bbox 2487 3544 2698 3615; x_wconf 91' lang='lat' dir='ltr'><strong>Spiritu</strong></span> <span class='ocrx_word' id='word_1_608' title='bbox 2740 3549 2937 3598; x_wconf 90' lang='lat' dir='ltr'><strong>sancto</strong></span> <span class='ocrx_word' id='word_1_609' title='bbox 2970 3557 3066 3612; x_wconf 90' lang='lat' dir='ltr'><strong>per</strong></span> <span class='ocrx_word' id='word_1_610' title='bbox 3101 3556 3375 3597; x_wconf 88' lang='lat' dir='ltr'><strong>summam</strong></span> <span class='ocrx_word' id='word_1_611' title='bbox 3425 3541 3481 3595; x_wconf 93' lang='lat' dir='ltr'><strong>in</strong></span> 
     </span>
    </p>
   </div>
   <div class='ocr_carea' id='block_1_74' title="bbox 1890 3632 3483 3715">
    <p class='ocr_par' dir='ltr' id='par_1_74' title="bbox 1890 3632 3483 3715">
     <span class='ocr_line' id='line_1_74' title="bbox 1890 3632 3483 3715; baseline -0.008 -16"><span class='ocrx_word' id='word_1_612' title='bbox 1890 3644 2071 3715; x_wconf 86' lang='lat' dir='ltr'><strong>ipsum</strong></span> <span class='ocrx_word' id='word_1_613' title='bbox 2112 3637 2504 3695; x_wconf 83' lang='lat' dir='ltr'><strong>contumeliam</strong></span> <span class='ocrx_word' id='word_1_614' title='bbox 2540 3636 2726 3691; x_wconf 89' lang='lat' dir='ltr'><strong>dicere</strong></span> <span class='ocrx_word' id='word_1_615' title='bbox 2761 3634 3037 3700; x_wconf 87' lang='lat' dir='ltr'><strong>audeant,</strong></span> <span class='ocrx_word' id='word_1_616' title='bbox 3091 3649 3121 3688; x_wconf 87' lang='lat' dir='ltr'><strong>a</strong></span> <span class='ocrx_word' id='word_1_617' title='bbox 3153 3632 3291 3688; x_wconf 85' lang='lat' dir='ltr'><strong>Filio</strong></span> <span class='ocrx_word' id='word_1_618' title='bbox 3334 3633 3483 3687; x_wconf 87' lang='lat' dir='ltr'><strong>hunc</strong></span> 
     </span>
    </p>
   </div>
   <div class='ocr_carea' id='block_1_75' title="bbox 1890 3726 3482 3804">
    <p class='ocr_par' dir='ltr' id='par_1_75' title="bbox 1890 3726 3482 3804">
     <span class='ocr_line' id='line_1_75' title="bbox 1890 3726 3482 3804; baseline -0.007 -13"><span class='ocrx_word' id='word_1_619' title='bbox 1890 3750 2017 3791; x_wconf 87' lang='lat' dir='ltr'><strong>esse</strong></span> <span class='ocrx_word' id='word_1_620' title='bbox 2048 3738 2398 3804; x_wconf 89' lang='lat' dir='ltr'><strong>procreatum</strong></span> <span class='ocrx_word' id='word_1_621' title='bbox 2430 3750 2444 3784; x_wconf 90' lang='lat'><strong>:</strong></span> <span class='ocrx_word' id='word_1_622' title='bbox 2476 3730 2570 3799; x_wconf 90' lang='lat' dir='ltr'><strong>qui</strong></span> <span class='ocrx_word' id='word_1_623' title='bbox 2619 3735 2802 3782; x_wconf 90' lang='lat' dir='ltr'><strong>tamen</strong></span> <span class='ocrx_word' id='word_1_624' title='bbox 2841 3726 3144 3782; x_wconf 89' lang='lat' dir='ltr'><strong>creationis</strong></span> <span class='ocrx_word' id='word_1_625' title='bbox 3175 3726 3356 3781; x_wconf 88' lang='lat' dir='ltr'><strong>omnis</strong></span> <span class='ocrx_word' id='word_1_626' title='bbox 3383 3741 3482 3780; x_wconf 81' lang='lat' dir='ltr'><strong>ex-</strong></span> 
     </span>
    </p>
   </div>
   <div class='ocr_carea' id='block_1_76' title="bbox 1892 3814 3482 3899">
    <p class='ocr_par' dir='ltr' id='par_1_76' title="bbox 1892 3814 3482 3899">
     <span class='ocr_line' id='line_1_76' title="bbox 1892 3814 3482 3899; baseline -0.009 -16"><span class='ocrx_word' id='word_1_627' title='bbox 1892 3843 2037 3899; x_wconf 89' lang='lat' dir='ltr'><strong>pers,</strong></span> <span class='ocrx_word' id='word_1_628' title='bbox 2070 3842 2102 3879; x_wconf 91' lang='lat' dir='ltr'><strong>a</strong></span> <span class='ocrx_word' id='word_1_629' title='bbox 2144 3824 2302 3879; x_wconf 81' lang='lat' dir='ltr'><strong>Patre</strong></span> <span class='ocrx_word' id='word_1_630' title='bbox 2322 3822 2556 3893; x_wconf 79' lang='lat' dir='ltr'><strong>procedit</strong></span> <span class='ocrx_word' id='word_1_631' title='bbox 2578 3823 2599 3853; x_wconf 79' lang='grc'>¹</span> <span class='ocrx_word' id='word_1_632' title='bbox 2637 3829 2688 3874; x_wconf 85' lang='lat' dir='ltr'><strong>et</strong></span> <span class='ocrx_word' id='word_1_633' title='bbox 2737 3836 2770 3873; x_wconf 89' lang='lat' dir='ltr'><strong>a</strong></span> <span class='ocrx_word' id='word_1_634' title='bbox 2813 3817 2959 3872; x_wconf 78' lang='lat' dir='ltr'><strong>Filio</strong></span> <span class='ocrx_word' id='word_1_635' title='bbox 2987 3817 3179 3886; x_wconf 76' lang='lat' dir='ltr'><strong>accipit</strong></span> <span class='ocrx_word' id='word_1_636' title='bbox 3211 3816 3252 3871; x_wconf 83' lang='grc'><strong>³.</strong></span> <span class='ocrx_word' id='word_1_637' title='bbox 3294 3814 3399 3872; x_wconf 88' lang='lat' dir='ltr'><strong>Sed</strong></span> <span class='ocrx_word' id='word_1_638' title='bbox 3434 3814 3482 3870; x_wconf 88' lang='lat' dir='ltr'><strong>si</strong></span> 
     </span>
    </p>
   </div>
   <div class='ocr_carea' id='block_1_77' title="bbox 1890 3905 3484 3986">
    <p class='ocr_par' dir='ltr' id='par_1_77' title="bbox 1890 3905 3484 3986">
     <span class='ocr_line' id='line_1_77' title="bbox 1890 3905 3484 3986; baseline -0.008 -14"><span class='ocrx_word' id='word_1_639' title='bbox 1890 3919 1959 3973; x_wconf 91' lang='lat' dir='ltr'><strong>de</strong></span> <span class='ocrx_word' id='word_1_640' title='bbox 2002 3916 2215 3986; x_wconf 89' lang='lat' dir='ltr'><strong>Spiritu</strong></span> <span class='ocrx_word' id='word_1_641' title='bbox 2268 3919 2462 3969; x_wconf 89' lang='lat' dir='ltr'><strong>sancto</strong></span> <span class='ocrx_word' id='word_1_642' title='bbox 2505 3909 2779 3980; x_wconf 92' lang='lat' dir='ltr'><strong>ejusmodi</strong></span> <span class='ocrx_word' id='word_1_643' title='bbox 2816 3906 3076 3978; x_wconf 89' lang='lat' dir='ltr'><strong>quiddam</strong></span> <span class='ocrx_word' id='word_1_644' title='bbox 3125 3905 3484 3977; x_wconf 79' lang='lat' dir='ltr'><strong>pronuntiare</strong></span> 
     </span>
    </p>
   </div>
   <div class='ocr_carea' id='block_1_78' title="bbox 1891 3999 3483 4075">
    <p class='ocr_par' dir='ltr' id='par_1_78' title="bbox 1891 3999 3483 4075">
     <span class='ocr_line' id='line_1_78' title="bbox 1891 3999 3483 4075; baseline -0.008 -10"><span class='ocrx_word' id='word_1_645' title='bbox 1891 4024 2001 4065; x_wconf 91' lang='lat' dir='ltr'><strong>non</strong></span> <span class='ocrx_word' id='word_1_646' title='bbox 2033 4007 2309 4072; x_wconf 88' lang='lat' dir='ltr'><strong>dubitant,</strong></span> <span class='ocrx_word' id='word_1_647' title='bbox 2333 4010 2542 4075; x_wconf 88' lang='lat' dir='ltr'><strong>quanto</strong></span> <span class='ocrx_word' id='word_1_648' title='bbox 2571 4002 2759 4057; x_wconf 85' lang='lat' dir='ltr'><strong>minus</strong></span> <span class='ocrx_word' id='word_1_649' title='bbox 2781 4000 2925 4055; x_wconf 88' lang='lat' dir='ltr'><strong>idem</strong></span> <span class='ocrx_word' id='word_1_650' title='bbox 2956 3999 3025 4054; x_wconf 90' lang='lat' dir='ltr'><strong>de</strong></span> <span class='ocrx_word' id='word_1_651' title='bbox 3046 3999 3255 4067; x_wconf 87' lang='lat' dir='ltr'><strong>angelis</strong></span> <span class='ocrx_word' id='word_1_652' title='bbox 3283 4012 3483 4068; x_wconf 82' lang='lat' dir='ltr'><strong>negare</strong></span> 
     </span>
    </p>
   </div>
   <div class='ocr_carea' id='block_1_79' title="bbox 1892 4089 3480 4173">
    <p class='ocr_par' dir='ltr' id='par_1_79' title="bbox 1892 4089 3480 4173">
     <span class='ocr_line' id='line_1_79' title="bbox 1892 4089 3480 4173; baseline -0.008 -19"><span class='ocrx_word' id='word_1_653' title='bbox 1892 4106 2154 4173; x_wconf 88' lang='lat' dir='ltr'><strong>poterunt</strong></span> <span class='ocrx_word' id='word_1_654' title='bbox 2180 4115 2196 4165; x_wconf 93' lang='lat'><strong>;</strong></span> <span class='ocrx_word' id='word_1_655' title='bbox 2232 4111 2334 4151; x_wconf 91' lang='lat' dir='ltr'><strong>nec</strong></span> <span class='ocrx_word' id='word_1_656' title='bbox 2363 4094 2617 4149; x_wconf 86' lang='lat' dir='ltr'><strong>dubitare</strong></span> <span class='ocrx_word' id='word_1_657' title='bbox 2642 4132 2657 4158; x_wconf 95' lang='lat'><strong>,</strong></span> <span class='ocrx_word' id='word_1_658' title='bbox 2698 4108 2823 4147; x_wconf 91' lang='lat' dir='ltr'><strong>cum</strong></span> <span class='ocrx_word' id='word_1_659' title='bbox 2852 4092 3023 4147; x_wconf 85' lang='lat' dir='ltr'><strong>creati</strong></span> <span class='ocrx_word' id='word_1_660' title='bbox 3054 4090 3129 4144; x_wconf 87' lang='lat' dir='ltr'><strong>illi</strong></span> <span class='ocrx_word' id='word_1_661' title='bbox 3166 4090 3278 4145; x_wconf 89' lang='lat' dir='ltr'><strong>sint</strong></span> <span class='ocrx_word' id='word_1_662' title='bbox 3304 4130 3319 4154; x_wconf 93' lang='lat'><strong>,</strong></span> <span class='ocrx_word' id='word_1_663' title='bbox 3348 4089 3480 4159; x_wconf 90' lang='lat' dir='ltr'><strong>quin</strong></span> 
     </span>
    </p>
   </div>
   <div class='ocr_carea' id='block_1_80' title="bbox 1893 4182 3482 4254">
    <p class='ocr_par' dir='ltr' id='par_1_80' title="bbox 1893 4182 3482 4254">
     <span class='ocr_line' id='line_1_80' title="bbox 1893 4182 3482 4254; baseline -0.009 -8"><span class='ocrx_word' id='word_1_664' title='bbox 1893 4207 1923 4246; x_wconf 91' lang='lat' dir='ltr'><strong>a</strong></span> <span class='ocrx_word' id='word_1_665' title='bbox 1970 4189 2108 4245; x_wconf 87' lang='lat' dir='ltr'><strong>Filio</strong></span> <span class='ocrx_word' id='word_1_666' title='bbox 2138 4197 2197 4243; x_wconf 94' lang='lat' dir='ltr'><strong>ut</strong></span> <span class='ocrx_word' id='word_1_667' title='bbox 2229 4196 2417 4243; x_wconf 87' lang='lat' dir='ltr'><strong>essent</strong></span> <span class='ocrx_word' id='word_1_668' title='bbox 2446 4185 2801 4254; x_wconf 88' lang='lat' dir='ltr'><strong>acceperint?</strong></span> <span class='ocrx_word' id='word_1_669' title='bbox 2836 4182 3024 4252; x_wconf 87' lang='lat' dir='ltr'><strong>Itaque</strong></span> <span class='ocrx_word' id='word_1_670' title='bbox 3058 4198 3183 4236; x_wconf 93' lang='lat' dir='ltr'><strong>cum</strong></span> <span class='ocrx_word' id='word_1_671' title='bbox 3228 4182 3482 4251; x_wconf 80' lang='lat' dir='ltr'><strong>producti</strong></span> 
     </span>
    </p>
   </div>
   <div class='ocr_carea' id='block_1_81' title="bbox 1894 4271 3483 4350">
    <p class='ocr_par' dir='ltr' id='par_1_81' title="bbox 1894 4271 3483 4350">
     <span class='ocr_line' id='line_1_81' title="bbox 1894 4271 3483 4350; baseline -0.008 -12"><span class='ocrx_word' id='word_1_672' title='bbox 1894 4285 1963 4338; x_wconf 88' lang='lat' dir='ltr'><strong>ab</strong></span> <span class='ocrx_word' id='word_1_673' title='bbox 1992 4281 2181 4337; x_wconf 90' lang='lat' dir='ltr'><strong>eodem</strong></span> <span class='ocrx_word' id='word_1_674' title='bbox 2218 4278 2394 4350; x_wconf 88' lang='lat' dir='ltr'><strong>angeli</strong></span> <span class='ocrx_word' id='word_1_675' title='bbox 2429 4277 2521 4347; x_wconf 90' lang='lat' dir='ltr'><strong>qui</strong></span> <span class='ocrx_word' id='word_1_676' title='bbox 2579 4275 2795 4329; x_wconf 89' lang='lat' dir='ltr'><strong>tametsi</strong></span> <span class='ocrx_word' id='word_1_677' title='bbox 2848 4275 3077 4345; x_wconf 76' lang='lat' dir='ltr'><strong>Spiritus</strong></span> <span class='ocrx_word' id='word_1_678' title='bbox 3126 4274 3275 4337; x_wconf 90' lang='lat' dir='ltr'><strong>sint,</strong></span> <span class='ocrx_word' id='word_1_679' title='bbox 3336 4271 3483 4326; x_wconf 89' lang='lat' dir='ltr'><strong>illius</strong></span> 
     </span>
    </p>
   </div>
   <div class='ocr_carea' id='block_1_82' title="bbox 1894 4366 3483 4436">
    <p class='ocr_par' dir='ltr' id='par_1_82' title="bbox 1894 4366 3483 4436">
     <span class='ocr_line' id='line_1_82' title="bbox 1894 4366 3483 4436; baseline -0.008 -6"><span class='ocrx_word' id='word_1_680' title='bbox 1894 4382 2075 4429; x_wconf 87' lang='lat' dir='ltr'><strong>tamen</strong></span> <span class='ocrx_word' id='word_1_681' title='bbox 2108 4381 2378 4428; x_wconf 70' lang='lat' dir='ltr'><strong>creaturae</strong></span> <span class='ocrx_word' id='word_1_682' title='bbox 2408 4376 2574 4432; x_wconf 91' lang='lat' dir='ltr'><strong>sunt,</strong></span> <span class='ocrx_word' id='word_1_683' title='bbox 2603 4375 2660 4422; x_wconf 89' lang='lat' dir='ltr'><strong>et</strong></span> <span class='ocrx_word' id='word_1_684' title='bbox 2686 4366 2755 4422; x_wconf 87' lang='lat' dir='ltr'><strong>ab</strong></span> <span class='ocrx_word' id='word_1_685' title='bbox 2783 4367 2904 4436; x_wconf 81' lang='lat' dir='ltr'><strong>ejus</strong></span> <span class='ocrx_word' id='word_1_686' title='bbox 2932 4377 3140 4421; x_wconf 71' lang='lat' dir='ltr'><strong>natura:</strong></span> <span class='ocrx_word' id='word_1_687' title='bbox 3169 4366 3483 4435; x_wconf 68' lang='lat' dir='ltr'><strong>praestantia</strong></span> 
     </span>
    </p>
   </div>
   <div class='ocr_carea' id='block_1_83' title="bbox 1895 4456 3485 4534">
    <p class='ocr_par' dir='ltr' id='par_1_83' title="bbox 1895 4456 3485 4534">
     <span class='ocr_line' id='line_1_83' title="bbox 1895 4456 3485 4534; baseline -0.005 -13"><span class='ocrx_word' id='word_1_688' title='bbox 1895 4465 2125 4521; x_wconf 83' lang='lat' dir='ltr'><strong>inﬁnitis</strong></span> <span class='ocrx_word' id='word_1_689' title='bbox 2175 4463 2426 4534; x_wconf 87' lang='lat' dir='ltr'><strong>partibus</strong></span> <span class='ocrx_word' id='word_1_690' title='bbox 2457 4462 2700 4525; x_wconf 86' lang='lat' dir='ltr'><strong>absunt,</strong></span> <span class='ocrx_word' id='word_1_691' title='bbox 2753 4456 2943 4530; x_wconf 89' lang='lat' dir='ltr'><strong>utpote</strong></span> <span class='ocrx_word' id='word_1_692' title='bbox 2989 4473 3114 4513; x_wconf 88' lang='lat' dir='ltr'><strong>cum</strong></span> <span class='ocrx_word' id='word_1_693' title='bbox 3166 4459 3315 4514; x_wconf 90' lang='lat' dir='ltr'><strong>illius</strong></span> <span class='ocrx_word' id='word_1_694' title='bbox 3345 4474 3485 4528; x_wconf 90' lang='lat' dir='ltr'><strong>opus</strong></span> 
     </span>
    </p>
   </div>
   <div class='ocr_carea' id='block_1_84' title="bbox 192 4551 1785 4637">
    <p class='ocr_par' dir='ltr' id='par_1_84' title="bbox 192 4557 1785 4637">
     <span class='ocr_line' id='line_1_84' title="bbox 192 4557 1785 4637; baseline 0.006 -27"><span class='ocrx_word' id='word_1_695' title='bbox 192 4557 256 4610; x_wconf 82' lang='grc' dir='ltr'>τὸ</span> <span class='ocrx_word' id='word_1_696' title='bbox 280 4558 472 4626; x_wconf 51' lang='lat' dir='ltr'><strong>eum;</strong></span> <span class='ocrx_word' id='word_1_697' title='bbox 507 4558 609 4611; x_wconf 86' lang='grc' dir='ltr'><strong>Διά</strong></span> <span class='ocrx_word' id='word_1_698' title='bbox 629 4560 681 4612; x_wconf 92' lang='grc' dir='ltr'><strong>τί</strong></span> <span class='ocrx_word' id='word_1_699' title='bbox 723 4562 797 4631; x_wconf 83' lang='grc' dir='ltr'>μὴ</span> <span class='ocrx_word' id='word_1_700' title='bbox 825 4564 905 4626; x_wconf 87' lang='grc' dir='ltr'><strong>είς</strong></span> <span class='ocrx_word' id='word_1_701' title='bbox 936 4563 1117 4632; x_wconf 86' lang='grc' dir='ltr'>σάρκα</span> <span class='ocrx_word' id='word_1_702' title='bbox 1135 4561 1292 4635; x_wconf 63' lang='grc' dir='ltr'>ἦλθε,</span> <span class='ocrx_word' id='word_1_703' title='bbox 1321 4564 1412 4618; x_wconf 72' lang='grc' dir='ltr'>καὶ</span> <span class='ocrx_word' id='word_1_704' title='bbox 1448 4566 1626 4637; x_wconf 85' lang='grc' dir='ltr'>σάρκα</span> <span class='ocrx_word' id='word_1_705' title='bbox 1665 4566 1785 4634; x_wconf 83' lang='grc' dir='ltr'>ἐφό-</span> 
     </span>
    </p>
   </div>
   <div class='ocr_carea' id='block_1_85' title="bbox 1888 4551 3483 4637">
    <p class='ocr_par' dir='ltr' id='par_1_85' title="bbox 1895 4551 3483 4626">
     <span class='ocr_line' id='line_1_85' title="bbox 1895 4551 3483 4626; baseline -0.006 -11"><span class='ocrx_word' id='word_1_706' title='bbox 1895 4560 2032 4625; x_wconf 86' lang='lat' dir='ltr'><strong>sint;</strong></span> <span class='ocrx_word' id='word_1_707' title='bbox 2068 4557 2161 4613; x_wconf 88' lang='lat' dir='ltr'><strong>sed</strong></span> <span class='ocrx_word' id='word_1_708' title='bbox 2195 4572 2320 4611; x_wconf 89' lang='lat' dir='ltr'><strong>cum</strong></span> <span class='ocrx_word' id='word_1_709' title='bbox 2355 4553 2532 4626; x_wconf 90' lang='lat' dir='ltr'><strong>angeli</strong></span> <span class='ocrx_word' id='word_1_710' title='bbox 2565 4567 2787 4608; x_wconf 89' lang='lat' dir='ltr'><strong>carnem</strong></span> <span class='ocrx_word' id='word_1_711' title='bbox 2819 4568 2927 4607; x_wconf 93' lang='lat' dir='ltr'><strong>non</strong></span> <span class='ocrx_word' id='word_1_712' title='bbox 2959 4552 3323 4622; x_wconf 86' lang='lat' dir='ltr'><strong>susceperint,</strong></span> <span class='ocrx_word' id='word_1_713' title='bbox 3350 4551 3483 4621; x_wconf 90' lang='lat' dir='ltr'><strong>quid</strong></span> 
     </span>
    </p>
   </div>
   <div class='ocr_carea' id='block_1_86' title="bbox 196 4654 1786 4730">
    <p class='ocr_par' dir='ltr' id='par_1_86' title="bbox 196 4654 1786 4730">
     <span class='ocr_line' id='line_1_86' title="bbox 196 4654 1786 4730; baseline 0.005 -25"><span class='ocrx_word' id='word_1_714' title='bbox 196 4671 348 4723; x_wconf 85' lang='grc' dir='ltr'>ρεσε,</span> <span class='ocrx_word' id='word_1_715' title='bbox 380 4655 476 4707; x_wconf 77' lang='grc' dir='ltr'>καὶ</span> <span class='ocrx_word' id='word_1_716' title='bbox 510 4654 952 4726; x_wconf 85' lang='grc' dir='ltr'>ὲνηνθρώπησεν,</span> <span class='ocrx_word' id='word_1_717' title='bbox 994 4658 1027 4729; x_wconf 81' lang='grc' dir='ltr'>ἢ</span> <span class='ocrx_word' id='word_1_718' title='bbox 1058 4658 1120 4711; x_wconf 82' lang='grc' dir='ltr'>τὸ</span> <span class='ocrx_word' id='word_1_719' title='bbox 1161 4657 1387 4730; x_wconf 90' lang='grc' dir='ltr'>Πνεῦμα</span> <span class='ocrx_word' id='word_1_720' title='bbox 1429 4659 1491 4713; x_wconf 80' lang='grc' dir='ltr'>τὸ</span> <span class='ocrx_word' id='word_1_721' title='bbox 1514 4660 1667 4728; x_wconf 82' lang='grc' dir='ltr'>άγιον</span> <span class='ocrx_word' id='word_1_722' title='bbox 1691 4657 1786 4713; x_wconf 87' lang='grc' dir='ltr'><strong>τοῦ</strong></span> 
     </span>
    </p>
   </div>
   <div class='ocr_carea' id='block_1_87' title="bbox 191 4745 1787 4821">
    <p class='ocr_par' dir='ltr' id='par_1_87' title="bbox 191 4745 1787 4821">
     <span class='ocr_line' id='line_1_87' title="bbox 191 4745 1787 4821; baseline 0.004 -25"><span class='ocrx_word' id='word_1_723' title='bbox 191 4745 352 4806; x_wconf 83' lang='grc' dir='ltr'>Θεοῦ,</span> <span class='ocrx_word' id='word_1_724' title='bbox 394 4745 427 4813; x_wconf 75' lang='grc' dir='ltr'>ἦ</span> <span class='ocrx_word' id='word_1_725' title='bbox 471 4762 555 4809; x_wconf 89' lang='grc' dir='ltr'><strong>τις</strong></span> <span class='ocrx_word' id='word_1_726' title='bbox 594 4746 704 4803; x_wconf 64' lang='grc' dir='ltr'>τῶν</span> <span class='ocrx_word' id='word_1_727' title='bbox 737 4748 1019 4815; x_wconf 85' lang='grc' dir='ltr'>ἀγγέλων;</span> <span class='ocrx_word' id='word_1_728' title='bbox 1053 4748 1127 4802; x_wconf 79' lang='grc' dir='ltr'><strong>Οὐ</strong></span> <span class='ocrx_word' id='word_1_729' title='bbox 1177 4751 1284 4821; x_wconf 80' lang='grc' dir='ltr'>γὰρ</span> <span class='ocrx_word' id='word_1_730' title='bbox 1331 4750 1549 4813; x_wconf 87' lang='grc' dir='ltr'>πάντως</span> <span class='ocrx_word' id='word_1_731' title='bbox 1597 4750 1685 4802; x_wconf 80' lang='grc' dir='ltr'><strong>διὰ</strong></span> <span class='ocrx_word' id='word_1_732' title='bbox 1725 4749 1787 4802; x_wconf 86' lang='grc' dir='ltr'><strong>τὺ</strong></span> 
     </span>
    </p>
   </div>
   <div class='ocr_carea' id='block_1_88' title="bbox 122 4837 1787 4914">
    <p class='ocr_par' dir='ltr' id='par_1_88' title="bbox 190 4837 1787 4914">
     <span class='ocr_line' id='line_1_88' title="bbox 190 4837 1787 4914; baseline 0.006 -27"><span class='ocrx_word' id='word_1_733' title='bbox 190 4837 252 4905; x_wconf 68' lang='grc' dir='ltr'><strong>ἡ)</strong></span> <span class='ocrx_word' id='word_1_734' title='bbox 265 4837 543 4891; x_wconf 84' lang='grc' dir='ltr'>αττῶσθαι</span> <span class='ocrx_word' id='word_1_735' title='bbox 574 4839 667 4892; x_wconf 85' lang='grc' dir='ltr'>τὸν</span> <span class='ocrx_word' id='word_1_736' title='bbox 698 4840 824 4892; x_wconf 86' lang='grc' dir='ltr'><strong>Υἱὸν</strong></span> <span class='ocrx_word' id='word_1_737' title='bbox 857 4841 1009 4911; x_wconf 81' lang='grc' dir='ltr'>παρὰ</span> <span class='ocrx_word' id='word_1_738' title='bbox 1037 4840 1128 4893; x_wconf 83' lang='grc' dir='ltr'>τὸν</span> <span class='ocrx_word' id='word_1_739' title='bbox 1145 4842 1387 4914; x_wconf 87' lang='grc' dir='ltr'>Πατέρα,</span> <span class='ocrx_word' id='word_1_740' title='bbox 1407 4843 1594 4896; x_wconf 88' lang='grc' dir='ltr'>τούτου</span> <span class='ocrx_word' id='word_1_741' title='bbox 1624 4842 1787 4896; x_wconf 61' lang='grc' dir='ltr'><strong>¹ἕνεκα</strong></span> 
     </span>
    </p>
   </div>
   <div class='ocr_carea' id='block_1_89' title="bbox 123 4930 1786 5003">
    <p class='ocr_par' dir='ltr' id='par_1_89' title="bbox 123 4930 1786 5003">
     <span class='ocr_line' id='line_1_89' title="bbox 123 4930 1786 5003; baseline 0.005 -23"><span class='ocrx_word' id='word_1_742' title='bbox 123 4930 131 4989; x_wconf 69' lang='grc' dir='ltr'><strong>λ,</strong></span> <span class='ocrx_word' id='word_1_743' title='bbox 193 4930 379 4998; x_wconf 84' lang='grc' dir='ltr'>σάρκα</span> <span class='ocrx_word' id='word_1_744' title='bbox 424 4930 742 4984; x_wconf 78' lang='grc' dir='ltr'>ἐνεδύσατο·</span> <span class='ocrx_word' id='word_1_745' title='bbox 788 4933 909 4984; x_wconf 72' lang='grc' dir='ltr'>ἐπεὶ</span> <span class='ocrx_word' id='word_1_746' title='bbox 950 4931 1016 4985; x_wconf 83' lang='grc' dir='ltr'>ἂν</span> <span class='ocrx_word' id='word_1_747' title='bbox 1059 4931 1288 5002; x_wconf 78' lang='grc' dir='ltr'>ὤφειλον</span> <span class='ocrx_word' id='word_1_748' title='bbox 1342 4935 1439 4987; x_wconf 79' lang='grc' dir='ltr'>καὶ</span> <span class='ocrx_word' id='word_1_749' title='bbox 1477 4937 1525 4987; x_wconf 89' lang='grc' dir='ltr'>οἱ</span> <span class='ocrx_word' id='word_1_750' title='bbox 1564 4935 1786 5003; x_wconf 77' lang='grc' dir='ltr'>ἄγγελοι</span> 
     </span>
    </p>
   </div>
   <div class='ocr_carea' id='block_1_90' title="bbox 192 5006 1785 5095">
    <p class='ocr_par' dir='ltr' id='par_1_90' title="bbox 192 5006 1785 5095">
     <span class='ocr_line' id='line_1_90' title="bbox 192 5006 1785 5095; baseline 0.004 -25"><span class='ocrx_word' id='word_1_751' title='bbox 192 5019 416 5081; x_wconf 76' lang='grc' dir='ltr'>πάντως</span> <span class='ocrx_word' id='word_1_752' title='bbox 449 5020 628 5090; x_wconf 84' lang='grc' dir='ltr'>σάρκα</span> <span class='ocrx_word' id='word_1_753' title='bbox 668 5020 1012 5085; x_wconf 81' lang='grc' dir='ltr'>ἐνδύσασθαι,</span> <span class='ocrx_word' id='word_1_754' title='bbox 1044 5006 1092 5092; x_wconf 44' lang='grc' dir='ltr'><strong>ἣ”</strong></span> <span class='ocrx_word' id='word_1_755' title='bbox 1124 5024 1218 5075; x_wconf 75' lang='grc' dir='ltr'>καὶ</span> <span class='ocrx_word' id='word_1_756' title='bbox 1258 5025 1317 5076; x_wconf 82' lang='grc' dir='ltr'>τὸ</span> <span class='ocrx_word' id='word_1_757' title='bbox 1351 5024 1596 5095; x_wconf 86' lang='grc' dir='ltr'>Πνεῦμα.</span> <span class='ocrx_word' id='word_1_758' title='bbox 1646 5024 1785 5077; x_wconf 83' lang='grc' dir='ltr'>Ἀλλ’</span> 
     </span>
    </p>
   </div>
   <div class='ocr_carea' id='block_1_91' title="bbox 190 5112 1787 5187">
    <p class='ocr_par' dir='ltr' id='par_1_91' title="bbox 190 5112 1787 5187">
     <span class='ocr_line' id='line_1_91' title="bbox 190 5112 1787 5187; baseline 0.005 -24"><span class='ocrx_word' id='word_1_759' title='bbox 190 5113 384 5182; x_wconf 80' lang='grc' dir='ltr'>ἐπειδὴ</span> <span class='ocrx_word' id='word_1_760' title='bbox 419 5113 451 5182; x_wconf 86' lang='grc' dir='ltr'><strong>ή</strong></span> <span class='ocrx_word' id='word_1_761' title='bbox 481 5113 642 5181; x_wconf 81' lang='grc' dir='ltr'>σοφία</span> <span class='ocrx_word' id='word_1_762' title='bbox 668 5112 744 5165; x_wconf 85' lang='grc' dir='ltr'>ὢν</span> <span class='ocrx_word' id='word_1_763' title='bbox 771 5114 864 5165; x_wconf 85' lang='grc' dir='ltr'><strong>τοῦ</strong></span> <span class='ocrx_word' id='word_1_764' title='bbox 895 5114 1124 5183; x_wconf 78' lang='grc' dir='ltr'>Πατρὸς,</span> <span class='ocrx_word' id='word_1_765' title='bbox 1155 5116 1249 5168; x_wconf 74' lang='grc' dir='ltr'><strong>καὶ</strong></span> <span class='ocrx_word' id='word_1_766' title='bbox 1276 5116 1523 5187; x_wconf 81' lang='grc' dir='ltr'>δύναμις,</span> <span class='ocrx_word' id='word_1_767' title='bbox 1561 5118 1655 5171; x_wconf 74' lang='grc' dir='ltr'>καὶ</span> <span class='ocrx_word' id='word_1_768' title='bbox 1682 5118 1787 5171; x_wconf 85' lang='grc' dir='ltr'><strong>Λό-</strong></span> 
     </span>
    </p>
   </div>
   <div class='ocr_carea' id='block_1_92' title="bbox 190 5204 1790 5281">
    <p class='ocr_par' dir='ltr' id='par_1_92' title="bbox 190 5204 1790 5281">
     <span class='ocr_line' id='line_1_92' title="bbox 190 5204 1790 5281; baseline 0.004 -25"><span class='ocrx_word' id='word_1_769' title='bbox 190 5221 308 5272; x_wconf 83' lang='grc' dir='ltr'>γος,</span> <span class='ocrx_word' id='word_1_770' title='bbox 360 5205 522 5266; x_wconf 72' lang='grc' dir='ltr'>αὐτὸς</span> <span class='ocrx_word' id='word_1_771' title='bbox 563 5204 632 5258; x_wconf 70' lang='grc' dir='ltr'><strong>τὰ</strong></span> <span class='ocrx_word' id='word_1_772' title='bbox 672 5206 849 5259; x_wconf 83' lang='grc' dir='ltr'>πάντα</span> <span class='ocrx_word' id='word_1_773' title='bbox 890 5207 1291 5280; x_wconf 83' lang='grc' dir='ltr'>ἐδημιούργησε</span> <span class='ocrx_word' id='word_1_774' title='bbox 1334 5209 1429 5261; x_wconf 79' lang='grc' dir='ltr'>σὺν</span> <span class='ocrx_word' id='word_1_775' title='bbox 1470 5210 1645 5281; x_wconf 73' lang='grc' dir='ltr'>Πατρὶ</span> <span class='ocrx_word' id='word_1_776' title='bbox 1698 5211 1790 5262; x_wconf 75' lang='grc' dir='ltr'>καὶ</span> 
     </span>
    </p>
   </div>
   <div class='ocr_carea' id='block_1_93' title="bbox 188 5296 1788 5371">
    <p class='ocr_par' dir='ltr' id='par_1_93' title="bbox 188 5296 1788 5371">
     <span class='ocr_line' id='line_1_93' title="bbox 188 5296 1788 5371; baseline 0.004 -24"><span class='ocrx_word' id='word_1_777' title='bbox 188 5297 335 5365; x_wconf 81' lang='grc' dir='ltr'>ἁγίῳ</span> <span class='ocrx_word' id='word_1_778' title='bbox 384 5296 685 5365; x_wconf 80' lang='grc' dir='ltr'>Πνεῦματι,</span> <span class='ocrx_word' id='word_1_779' title='bbox 734 5296 820 5350; x_wconf 78' lang='grc' dir='ltr'>ἵνα</span> <span class='ocrx_word' id='word_1_780' title='bbox 866 5298 1034 5371; x_wconf 82' lang='grc' dir='ltr'>δείξῃ,</span> <span class='ocrx_word' id='word_1_781' title='bbox 1096 5301 1177 5352; x_wconf 83' lang='grc' dir='ltr'>ὃτι</span> <span class='ocrx_word' id='word_1_782' title='bbox 1224 5301 1287 5353; x_wconf 82' lang='grc' dir='ltr'>τὸ</span> <span class='ocrx_word' id='word_1_783' title='bbox 1338 5299 1507 5352; x_wconf 78' lang='grc' dir='ltr'>αἴτιον</span> <span class='ocrx_word' id='word_1_784' title='bbox 1558 5302 1657 5370; x_wconf 81' lang='grc' dir='ltr'>τῆς</span> <span class='ocrx_word' id='word_1_785' title='bbox 1693 5300 1788 5354; x_wconf 87' lang='grc' dir='ltr'><strong>τοῦ</strong></span> 
     </span>
    </p>
   </div>
   <div class='ocr_carea' id='block_1_94' title="bbox 203 5386 1789 5457">
    <p class='ocr_par' dir='ltr' id='par_1_94' title="bbox 203 5386 1789 5457">
     <span class='ocr_line' id='line_1_94' title="bbox 203 5386 1789 5457; baseline 0.003 -18"><span class='ocrx_word' id='word_1_786' title='bbox 203 5387 380 5457; x_wconf 76' lang='grc' dir='ltr'>Ἀδὰμ</span> <span class='ocrx_word' id='word_1_787' title='bbox 420 5386 790 5456; x_wconf 78' lang='grc' dir='ltr'>παραϐάσεως</span> <span class='ocrx_word' id='word_1_788' title='bbox 837 5389 939 5441; x_wconf 78' lang='grc' dir='ltr'>οὐκ</span> <span class='ocrx_word' id='word_1_789' title='bbox 988 5389 1095 5443; x_wconf 82' lang='grc' dir='ltr'>άπὸ</span> <span class='ocrx_word' id='word_1_790' title='bbox 1138 5390 1232 5443; x_wconf 88' lang='grc' dir='ltr'><strong>τοῦ</strong></span> <span class='ocrx_word' id='word_1_791' title='bbox 1276 5392 1634 5455; x_wconf 81' lang='grc' dir='ltr'>πεπλακέναι,</span> <span class='ocrx_word' id='word_1_792' title='bbox 1669 5391 1789 5444; x_wconf 76' lang='grc' dir='ltr'>οὐδὲ</span> 
     </span>
    </p>
   </div>
   <div class='ocr_carea' id='block_1_95' title="bbox 189 5479 1788 5554">
    <p class='ocr_par' dir='ltr' id='par_1_95' title="bbox 189 5479 1788 5554">
     <span class='ocr_line' id='line_1_95' title="bbox 189 5479 1788 5554; baseline 0.001 -20"><span class='ocrx_word' id='word_1_793' title='bbox 189 5480 303 5535; x_wconf 79' lang='grc' dir='ltr'><strong>ἀπὸ</strong></span> <span class='ocrx_word' id='word_1_794' title='bbox 327 5479 423 5532; x_wconf 88' lang='grc' dir='ltr'><strong>τοῦ</strong></span> <span class='ocrx_word' id='word_1_795' title='bbox 463 5481 824 5551; x_wconf 77' lang='grc' dir='ltr'>πεποιηκέναι</span> <span class='ocrx_word' id='word_1_796' title='bbox 854 5480 914 5534; x_wconf 85' lang='grc' dir='ltr'><strong>τὺ</strong></span> <span class='ocrx_word' id='word_1_797' title='bbox 947 5482 1193 5554; x_wconf 87' lang='grc' dir='ltr'>ἁμαρτὲς</span> <span class='ocrx_word' id='word_1_798' title='bbox 1225 5483 1258 5553; x_wconf 83' lang='grc' dir='ltr'>ἢ</span> <span class='ocrx_word' id='word_1_799' title='bbox 1288 5484 1348 5536; x_wconf 84' lang='grc' dir='ltr'>τὸ</span> <span class='ocrx_word' id='word_1_800' title='bbox 1378 5484 1476 5553; x_wconf 72' lang='grc' dir='ltr'>τῆς</span> <span class='ocrx_word' id='word_1_801' title='bbox 1504 5485 1788 5554; x_wconf 80' lang='grc' dir='ltr'>παρακοῆς</span> 
     </span>
    </p>
   </div>
   <div class='ocr_carea' id='block_1_96' title="bbox 188 5570 1788 5645">
    <p class='ocr_par' dir='ltr' id='par_1_96' title="bbox 188 5570 1788 5645">
     <span class='ocr_line' id='line_1_96' title="bbox 188 5570 1788 5645; baseline 0.002 -22"><span class='ocrx_word' id='word_1_802' title='bbox 188 5570 372 5641; x_wconf 74' lang='grc' dir='ltr'>ἔσχεν,</span> <span class='ocrx_word' id='word_1_803' title='bbox 412 5570 527 5624; x_wconf 84' lang='grc' dir='ltr'>ἁλλ’</span> <span class='ocrx_word' id='word_1_804' title='bbox 567 5572 676 5625; x_wconf 82' lang='grc' dir='ltr'><strong>ἀπὸ</strong></span> <span class='ocrx_word' id='word_1_805' title='bbox 708 5571 845 5634; x_wconf 80' lang='grc' dir='ltr'>ἰδίας</span> <span class='ocrx_word' id='word_1_806' title='bbox 882 5574 1275 5644; x_wconf 83' lang='grc' dir='ltr'>προαιρέσεως,</span> <span class='ocrx_word' id='word_1_807' title='bbox 1314 5575 1399 5626; x_wconf 77' lang='grc' dir='ltr'>ἵνα</span> <span class='ocrx_word' id='word_1_808' title='bbox 1445 5576 1543 5645; x_wconf 83' lang='grc' dir='ltr'>τὴν</span> <span class='ocrx_word' id='word_1_809' title='bbox 1578 5575 1788 5627; x_wconf 83' lang='grc' dir='ltr'>δικαίαν</span> 
     </span>
    </p>
   </div>
   <div class='ocr_carea' id='block_1_97' title="bbox 189 5661 1791 5736">
    <p class='ocr_par' dir='ltr' id='par_1_97' title="bbox 189 5661 1791 5736">
     <span class='ocr_line' id='line_1_97' title="bbox 189 5661 1791 5736; baseline 0.001 -19"><span class='ocrx_word' id='word_1_810' title='bbox 189 5665 375 5736; x_wconf 82' lang='grc' dir='ltr'>κρίσιν</span> <span class='ocrx_word' id='word_1_811' title='bbox 398 5666 479 5728; x_wconf 79' lang='grc' dir='ltr'><strong>εἰς</strong></span> <span class='ocrx_word' id='word_1_812' title='bbox 506 5664 657 5728; x_wconf 81' lang='grc' dir='ltr'>τέλος</span> <span class='ocrx_word' id='word_1_813' title='bbox 688 5664 1018 5735; x_wconf 81' lang='grc' dir='ltr'>διεξαγάγοι,</span> <span class='ocrx_word' id='word_1_814' title='bbox 1049 5664 1123 5729; x_wconf 82' lang='grc' dir='ltr'>ὡς</span> <span class='ocrx_word' id='word_1_815' title='bbox 1152 5661 1306 5718; x_wconf 76' lang='grc' dir='ltr'>εἶπεν</span> <span class='ocrx_word' id='word_1_816' title='bbox 1331 5669 1359 5719; x_wconf 90' lang='grc' dir='ltr'><strong>ό</strong></span> <span class='ocrx_word' id='word_1_817' title='bbox 1402 5667 1658 5730; x_wconf 74' lang='grc' dir='ltr'>Ἠσαῒαςο</span> <span class='ocrx_word' id='word_1_818' title='bbox 1683 5665 1791 5720; x_wconf 82' lang='grc' dir='ltr'><strong>Κά-</strong></span> 
     </span>
    </p>
   </div>
   <div class='ocr_carea' id='block_1_98' title="bbox 1895 4642 3484 4719">
    <p class='ocr_par' dir='ltr' id='par_1_98' title="bbox 1895 4642 3484 4719">
     <span class='ocr_line' id='line_1_98' title="bbox 1895 4642 3484 4719; baseline -0.004 -13"><span class='ocrx_word' id='word_1_819' title='bbox 1895 4652 2114 4707; x_wconf 90' lang='lat' dir='ltr'><strong>tandem</strong></span> <span class='ocrx_word' id='word_1_820' title='bbox 2168 4646 2528 4719; x_wconf 83' lang='lat' dir='ltr'><strong>putabimus?</strong></span> <span class='ocrx_word' id='word_1_821' title='bbox 2570 4644 2737 4701; x_wconf 83' lang='lat' dir='ltr'><strong>Estne</strong></span> <span class='ocrx_word' id='word_1_822' title='bbox 2783 4652 2842 4698; x_wconf 89' lang='lat' dir='ltr'><strong>ut</strong></span> <span class='ocrx_word' id='word_1_823' title='bbox 2880 4642 3018 4698; x_wconf 89' lang='lat' dir='ltr'><strong>Filio</strong></span> <span class='ocrx_word' id='word_1_824' title='bbox 3068 4643 3484 4699; x_wconf 80' lang='lat' dir='ltr'><strong>excellentiorcs</strong></span> 
     </span>
    </p>
   </div>
   <div class='ocr_carea' id='block_1_99' title="bbox 1895 4730 3487 4808">
    <p class='ocr_par' dir='ltr' id='par_1_99' title="bbox 1895 4730 3487 4808">
     <span class='ocr_line' id='line_1_99' title="bbox 1895 4730 3487 4808; baseline -0.005 -10"><span class='ocrx_word' id='word_1_825' title='bbox 1895 4744 2019 4799; x_wconf 86' lang='lat' dir='ltr'><strong>illos</strong></span> <span class='ocrx_word' id='word_1_826' title='bbox 2054 4741 2405 4803; x_wconf 84' lang='lat' dir='ltr'><strong>arbitremur,</strong></span> <span class='ocrx_word' id='word_1_827' title='bbox 2440 4755 2469 4792; x_wconf 91' lang='lat' dir='ltr'><strong>a</strong></span> <span class='ocrx_word' id='word_1_828' title='bbox 2497 4754 2607 4808; x_wconf 88' lang='lat' dir='ltr'><strong>quo</strong></span> <span class='ocrx_word' id='word_1_829' title='bbox 2650 4730 2821 4792; x_wconf 83' lang='lat' dir='ltr'><strong>creati</strong></span> <span class='ocrx_word' id='word_1_830' title='bbox 2850 4736 3017 4791; x_wconf 86' lang='lat' dir='ltr'><strong>sunt?</strong></span> <span class='ocrx_word' id='word_1_831' title='bbox 3047 4737 3129 4789; x_wconf 86' lang='lat' dir='ltr'><strong>An</strong></span> <span class='ocrx_word' id='word_1_832' title='bbox 3177 4736 3316 4791; x_wconf 90' lang='lat' dir='ltr'><strong>idem</strong></span> <span class='ocrx_word' id='word_1_833' title='bbox 3347 4750 3487 4805; x_wconf 86' lang='lat' dir='ltr'><strong>quo-</strong></span> 
     </span>
    </p>
   </div>
   <div class='ocr_carea' id='block_1_100' title="bbox 1884 4828 3484 4906">
    <p class='ocr_par' dir='ltr' id='par_1_100' title="bbox 1884 4828 3484 4906">
     <span class='ocr_line' id='line_1_100' title="bbox 1884 4828 3484 4906; baseline -0.004 -18"><span class='ocrx_word' id='word_1_834' title='bbox 1884 4848 2002 4906; x_wconf 90' lang='lat' dir='ltr'><strong>que</strong></span> <span class='ocrx_word' id='word_1_835' title='bbox 2028 4835 2190 4889; x_wconf 92' lang='lat' dir='ltr'><strong>nobis</strong></span> <span class='ocrx_word' id='word_1_836' title='bbox 2225 4832 2293 4887; x_wconf 88' lang='lat' dir='ltr'><strong>de</strong></span> <span class='ocrx_word' id='word_1_837' title='bbox 2328 4830 2533 4901; x_wconf 87' lang='lat' dir='ltr'><strong>Spiritu</strong></span> <span class='ocrx_word' id='word_1_838' title='bbox 2584 4841 2778 4885; x_wconf 90' lang='lat' dir='ltr'><strong>sancto</strong></span> <span class='ocrx_word' id='word_1_839' title='bbox 2820 4828 3318 4899; x_wconf 86' lang='lat' dir='ltr'><strong>persuadebimus?</strong></span> <span class='ocrx_word' id='word_1_840' title='bbox 3351 4829 3484 4895; x_wconf 89' lang='lat' dir='ltr'><strong>Cur,</strong></span> 
     </span>
    </p>
   </div>
   <div class='ocr_carea' id='block_1_101' title="bbox 1895 4921 3485 4997">
    <p class='ocr_par' dir='ltr' id='par_1_101' title="bbox 1895 4921 3485 4997">
     <span class='ocr_line' id='line_1_101' title="bbox 1895 4921 3485 4997; baseline -0.008 -15"><span class='ocrx_word' id='word_1_841' title='bbox 1895 4930 2153 4997; x_wconf 89' lang='lat' dir='ltr'><strong>inquam,</strong></span> <span class='ocrx_word' id='word_1_842' title='bbox 2194 4940 2371 4994; x_wconf 87' lang='lat' dir='ltr'><strong>neque</strong></span> <span class='ocrx_word' id='word_1_843' title='bbox 2399 4924 2487 4977; x_wconf 84' lang='lat' dir='ltr'><strong>hic.</strong></span> <span class='ocrx_word' id='word_1_844' title='bbox 2512 4964 2526 4987; x_wconf 92' lang='lat'><strong>,</strong></span> <span class='ocrx_word' id='word_1_845' title='bbox 2563 4938 2665 4977; x_wconf 88' lang='lat' dir='ltr'><strong>nec</strong></span> <span class='ocrx_word' id='word_1_846' title='bbox 2698 4923 3018 4992; x_wconf 82' lang='lat' dir='ltr'><strong>angelorum</strong></span> <span class='ocrx_word' id='word_1_847' title='bbox 3061 4921 3203 4976; x_wconf 92' lang='lat' dir='ltr'><strong>ullus</strong></span> <span class='ocrx_word' id='word_1_848' title='bbox 3243 4921 3309 4973; x_wconf 90' lang='lat' dir='ltr'><strong>ad</strong></span> <span class='ocrx_word' id='word_1_849' title='bbox 3358 4934 3485 4973; x_wconf 91' lang='lat' dir='ltr'><strong>car-</strong></span> 
     </span>
    </p>
   </div>
   <div class='ocr_carea' id='block_1_102' title="bbox 1897 5010 3481 5082">
    <p class='ocr_par' dir='ltr' id='par_1_102' title="bbox 1897 5010 3481 5082">
     <span class='ocr_line' id='line_1_102' title="bbox 1897 5010 3481 5082; baseline -0.006 -12"><span class='ocrx_word' id='word_1_850' title='bbox 1897 5032 2020 5070; x_wconf 90' lang='lat' dir='ltr'><strong>nem</strong></span> <span class='ocrx_word' id='word_1_851' title='bbox 2052 5013 2338 5070; x_wconf 88' lang='lat' dir='ltr'><strong>descendit</strong></span> <span class='ocrx_word' id='word_1_852' title='bbox 2364 5054 2379 5079; x_wconf 91' lang='lat'><strong>,</strong></span> <span class='ocrx_word' id='word_1_853' title='bbox 2412 5028 2511 5066; x_wconf 88' lang='lat' dir='ltr'><strong>nec</strong></span> <span class='ocrx_word' id='word_1_854' title='bbox 2542 5027 2663 5066; x_wconf 90' lang='lat' dir='ltr'><strong>eam</strong></span> <span class='ocrx_word' id='word_1_855' title='bbox 2700 5013 2936 5082; x_wconf 82' lang='lat' dir='ltr'><strong>gestavit</strong></span> <span class='ocrx_word' id='word_1_856' title='bbox 2968 5019 3065 5066; x_wconf 89' lang='lat' dir='ltr'><strong>aut</strong></span> <span class='ocrx_word' id='word_1_857' title='bbox 3092 5019 3343 5065; x_wconf 89' lang='lat' dir='ltr'><strong>naturam</strong></span> <span class='ocrx_word' id='word_1_858' title='bbox 3384 5010 3481 5061; x_wconf 81' lang='lat' dir='ltr'><strong>lio—</strong></span> 
     </span>
    </p>
   </div>
   <div class='ocr_carea' id='block_1_103' title="bbox 1896 5102 3485 5177">
    <p class='ocr_par' dir='ltr' id='par_1_103' title="bbox 1896 5102 3485 5177">
     <span class='ocr_line' id='line_1_103' title="bbox 1896 5102 3485 5177; baseline -0.006 -13"><span class='ocrx_word' id='word_1_859' title='bbox 1896 5110 2062 5164; x_wconf 90' lang='lat' dir='ltr'><strong>minis</strong></span> <span class='ocrx_word' id='word_1_860' title='bbox 2095 5107 2432 5177; x_wconf 87' lang='lat' dir='ltr'><strong>assumpsit?</strong></span> <span class='ocrx_word' id='word_1_861' title='bbox 2473 5105 2763 5160; x_wconf 86' lang='lat' dir='ltr'><strong>Enimvero</strong></span> <span class='ocrx_word' id='word_1_862' title='bbox 2818 5120 2929 5159; x_wconf 91' lang='lat' dir='ltr'><strong>non</strong></span> <span class='ocrx_word' id='word_1_863' title='bbox 2972 5104 3095 5159; x_wconf 88' lang='lat' dir='ltr'><strong>ideo</strong></span> <span class='ocrx_word' id='word_1_864' title='bbox 3146 5103 3289 5174; x_wconf 92' lang='lat' dir='ltr'><strong>quod</strong></span> <span class='ocrx_word' id='word_1_865' title='bbox 3324 5102 3485 5155; x_wconf 88' lang='lat' dir='ltr'><strong>Patre</strong></span> 
     </span>
    </p>
   </div>
   <div class='ocr_carea' id='block_1_104' title="bbox 1897 5194 3482 5269">
    <p class='ocr_par' dir='ltr' id='par_1_104' title="bbox 1897 5194 3482 5269">
     <span class='ocr_line' id='line_1_104' title="bbox 1897 5194 3482 5269; baseline -0.007 -14"><span class='ocrx_word' id='word_1_866' title='bbox 1897 5202 2079 5255; x_wconf 88' lang='lat' dir='ltr'><strong>minor</strong></span> <span class='ocrx_word' id='word_1_867' title='bbox 2111 5201 2180 5255; x_wconf 92' lang='lat' dir='ltr'><strong>sit</strong></span> <span class='ocrx_word' id='word_1_868' title='bbox 2229 5198 2423 5262; x_wconf 87' lang='lat' dir='ltr'><strong>Filius,</strong></span> <span class='ocrx_word' id='word_1_869' title='bbox 2460 5207 2749 5269; x_wconf 89' lang='lat' dir='ltr'><strong>propterea</strong></span> <span class='ocrx_word' id='word_1_870' title='bbox 2781 5212 3003 5251; x_wconf 88' lang='lat' dir='ltr'><strong>carnem</strong></span> <span class='ocrx_word' id='word_1_871' title='bbox 3037 5195 3233 5250; x_wconf 88' lang='lat' dir='ltr'><strong>induit.</strong></span> <span class='ocrx_word' id='word_1_872' title='bbox 3264 5194 3482 5262; x_wconf 85' lang='lat' dir='ltr'><strong>Alioqui</strong></span> 
     </span>
    </p>
   </div>
   <div class='ocr_carea' id='block_1_105' title="bbox 1900 5289 3483 5363">
    <p class='ocr_par' dir='ltr' id='par_1_105' title="bbox 1900 5289 3483 5363">
     <span class='ocr_line' id='line_1_105' title="bbox 1900 5289 3483 5363; baseline -0.004 -17"><span class='ocrx_word' id='word_1_873' title='bbox 1900 5303 2006 5346; x_wconf 89' lang='lat' dir='ltr'><strong>tam</strong></span> <span class='ocrx_word' id='word_1_874' title='bbox 2044 5292 2221 5363; x_wconf 88' lang='lat' dir='ltr'><strong>angeli</strong></span> <span class='ocrx_word' id='word_1_875' title='bbox 2253 5330 2269 5356; x_wconf 94' lang='lat'><strong>,</strong></span> <span class='ocrx_word' id='word_1_876' title='bbox 2300 5305 2466 5361; x_wconf 89' lang='lat' dir='ltr'><strong>quam</strong></span> <span class='ocrx_word' id='word_1_877' title='bbox 2505 5289 2746 5360; x_wconf 85' lang='lat' dir='ltr'><strong>Spiritus</strong></span> <span class='ocrx_word' id='word_1_878' title='bbox 2789 5296 3013 5344; x_wconf 88' lang='lat' dir='ltr'><strong>sanctus</strong></span> <span class='ocrx_word' id='word_1_879' title='bbox 3052 5302 3215 5340; x_wconf 86' lang='lat' dir='ltr'><strong>carne</strong></span> <span class='ocrx_word' id='word_1_880' title='bbox 3265 5300 3483 5354; x_wconf 83' lang='lat' dir='ltr'><strong>quoque</strong></span> 
     </span>
    </p>
   </div>
   <div class='ocr_carea' id='block_1_106' title="bbox 1898 5376 3483 5451">
    <p class='ocr_par' dir='ltr' id='par_1_106' title="bbox 1898 5376 3483 5451">
     <span class='ocr_line' id='line_1_106' title="bbox 1898 5376 3483 5451; baseline -0.004 -14"><span class='ocrx_word' id='word_1_881' title='bbox 1898 5386 2082 5440; x_wconf 85' lang='lat' dir='ltr'><strong>vestiri</strong></span> <span class='ocrx_word' id='word_1_882' title='bbox 2118 5384 2443 5439; x_wconf 90' lang='lat' dir='ltr'><strong>debuerant.</strong></span> <span class='ocrx_word' id='word_1_883' title='bbox 2483 5381 2590 5437; x_wconf 89' lang='lat' dir='ltr'><strong>Sed</strong></span> <span class='ocrx_word' id='word_1_884' title='bbox 2620 5382 2879 5451; x_wconf 87' lang='lat' dir='ltr'><strong>quoniam</strong></span> <span class='ocrx_word' id='word_1_885' title='bbox 2912 5379 3054 5432; x_wconf 87' lang='lat' dir='ltr'><strong>idem</strong></span> <span class='ocrx_word' id='word_1_886' title='bbox 3092 5377 3226 5445; x_wconf 86' lang='lat' dir='ltr'><strong>ipse,</strong></span> <span class='ocrx_word' id='word_1_887' title='bbox 3260 5376 3352 5445; x_wconf 92' lang='lat' dir='ltr'><strong>qui</strong></span> <span class='ocrx_word' id='word_1_888' title='bbox 3397 5383 3483 5430; x_wconf 89' lang='lat' dir='ltr'><strong>est</strong></span> 
     </span>
    </p>
   </div>
   <div class='ocr_carea' id='block_1_107' title="bbox 1890 5458 3479 5548">
    <p class='ocr_par' dir='ltr' id='par_1_107' title="bbox 1890 5458 3479 5548">
     <span class='ocr_line' id='line_1_107' title="bbox 1890 5458 3479 5548; baseline -0.008 -14"><span class='ocrx_word' id='word_1_889' title='bbox 1890 5478 2164 5548; x_wconf 85' lang='lat' dir='ltr'><strong>sapientia</strong></span> <span class='ocrx_word' id='word_1_890' title='bbox 2213 5476 2414 5541; x_wconf 80' lang='lat' dir='ltr'><strong>Patris,</strong></span> <span class='ocrx_word' id='word_1_891' title='bbox 2445 5486 2499 5531; x_wconf 88' lang='lat' dir='ltr'><strong>et</strong></span> <span class='ocrx_word' id='word_1_892' title='bbox 2533 5477 2726 5537; x_wconf 87' lang='lat' dir='ltr'><strong>virtus,</strong></span> <span class='ocrx_word' id='word_1_893' title='bbox 2756 5486 2820 5526; x_wconf 92' lang='lat' dir='ltr'><strong>ac</strong></span> <span class='ocrx_word' id='word_1_894' title='bbox 2850 5469 3108 5531; x_wconf 83' lang='lat' dir='ltr'><strong>Verbum,</strong></span> <span class='ocrx_word' id='word_1_895' title='bbox 3141 5468 3323 5522; x_wconf 87' lang='lat' dir='ltr'><strong>omnia</strong></span> <span class='ocrx_word' id='word_1_896' title='bbox 3352 5458 3479 5522; x_wconf 85' lang='lat' dir='ltr'><strong>cum</strong></span> 
     </span>
    </p>
   </div>
   <div class='ocr_carea' id='block_1_108' title="bbox 1898 5560 3482 5641">
    <p class='ocr_par' dir='ltr' id='par_1_108' title="bbox 1898 5560 3482 5641">
     <span class='ocr_line' id='line_1_108' title="bbox 1898 5560 3482 5641; baseline -0.005 -18"><span class='ocrx_word' id='word_1_897' title='bbox 1898 5570 2059 5625; x_wconf 88' lang='lat' dir='ltr'><strong>Patre</strong></span> <span class='ocrx_word' id='word_1_898' title='bbox 2098 5579 2152 5625; x_wconf 94' lang='lat' dir='ltr'><strong>et</strong></span> <span class='ocrx_word' id='word_1_899' title='bbox 2199 5568 2405 5641; x_wconf 90' lang='lat' dir='ltr'><strong>Spiritu</strong></span> <span class='ocrx_word' id='word_1_900' title='bbox 2454 5577 2648 5624; x_wconf 88' lang='lat' dir='ltr'><strong>sancto</strong></span> <span class='ocrx_word' id='word_1_901' title='bbox 2677 5564 2965 5626; x_wconf 89' lang='lat' dir='ltr'><strong>condidit,</strong></span> <span class='ocrx_word' id='word_1_902' title='bbox 2999 5572 3054 5616; x_wconf 91' lang='lat' dir='ltr'><strong>ut</strong></span> <span class='ocrx_word' id='word_1_903' title='bbox 3088 5561 3192 5615; x_wconf 89' lang='lat' dir='ltr'><strong>hoc</strong></span> <span class='ocrx_word' id='word_1_904' title='bbox 3227 5560 3482 5616; x_wconf 89' lang='lat' dir='ltr'><strong>videlicet</strong></span> 
     </span>
    </p>
   </div>
   <div class='ocr_carea' id='block_1_109' title="bbox 1899 5654 3484 5735">
    <p class='ocr_par' dir='ltr' id='par_1_109' title="bbox 1899 5654 3484 5735">
     <span class='ocr_line' id='line_1_109' title="bbox 1899 5654 3484 5735; baseline -0.008 -15"><span class='ocrx_word' id='word_1_905' title='bbox 1899 5665 2330 5731; x_wconf 87' lang='lat' dir='ltr'><strong>demonstraret,</strong></span> <span class='ocrx_word' id='word_1_906' title='bbox 2368 5662 2575 5735; x_wconf 89' lang='lat' dir='ltr'><strong>peccati</strong></span> <span class='ocrx_word' id='word_1_907' title='bbox 2603 5661 2752 5715; x_wconf 91' lang='lat' dir='ltr'><strong>illius</strong></span> <span class='ocrx_word' id='word_1_908' title='bbox 2775 5699 2789 5726; x_wconf 93' lang='lat'><strong>,</strong></span> <span class='ocrx_word' id='word_1_909' title='bbox 2822 5656 2967 5728; x_wconf 89' lang='lat' dir='ltr'><strong>quod</strong></span> <span class='ocrx_word' id='word_1_910' title='bbox 2994 5656 3063 5713; x_wconf 91' lang='lat' dir='ltr'><strong>ab</strong></span> <span class='ocrx_word' id='word_1_911' title='bbox 3091 5654 3300 5712; x_wconf 84' lang='lat' dir='ltr'><strong>Adamo</strong></span> <span class='ocrx_word' id='word_1_912' title='bbox 3330 5668 3484 5710; x_wconf 83' lang='lat' dir='ltr'><strong>com-</strong></span> 
     </span>
    </p>
   </div>
   <div class='ocr_carea' id='block_1_110' title="bbox 264 5819 1785 5891">
    <p class='ocr_par' dir='ltr' id='par_1_110' title="bbox 264 5819 1785 5889">
     <span class='ocr_line' id='line_1_110' title="bbox 264 5819 1785 5889; baseline -0.001 -13"><span class='ocrx_word' id='word_1_913' title='bbox 264 5821 281 5853; x_wconf 87' lang='grc'>¹</span> <span class='ocrx_word' id='word_1_914' title='bbox 313 5820 377 5876; x_wconf 71' lang='grc' dir='ltr'><strong>ια’.</strong></span> <span class='ocrx_word' id='word_1_915' title='bbox 417 5820 691 5875; x_wconf 77' lang='grc' dir='ltr'>λεγόντων</span> <span class='ocrx_word' id='word_1_916' title='bbox 722 5820 779 5875; x_wconf 82' lang='grc' dir='ltr'>δὲ</span> <span class='ocrx_word' id='word_1_917' title='bbox 807 5820 1006 5877; x_wconf 82' lang='grc' dir='ltr'>αὐτῶν.</span> <span class='ocrx_word' id='word_1_918' title='bbox 1087 5824 1105 5854; x_wconf 88' lang='grc'>³</span> <span class='ocrx_word' id='word_1_919' title='bbox 1136 5820 1295 5877; x_wconf 83' lang='lat' dir='ltr'><strong>Joan.</strong></span> <span class='ocrx_word' id='word_1_920' title='bbox 1329 5839 1417 5889; x_wconf 82' lang='lat' dir='ltr'><strong>xv,</strong></span> <span class='ocrx_word' id='word_1_921' title='bbox 1450 5823 1539 5876; x_wconf 76' lang='lat'><strong>‘26.</strong></span> <span class='ocrx_word' id='word_1_922' title='bbox 1618 5823 1637 5853; x_wconf 83' lang='grc'><strong>³</strong></span> <span class='ocrx_word' id='word_1_923' title='bbox 1665 5819 1785 5878; x_wconf 71' lang='lat' dir='ltr'><strong>Jour</strong></span> 
     </span>
    </p>
   </div>
   <div class='ocr_carea' id='block_1_111' title="bbox 1888 5819 2214 5891">
    <p class='ocr_par' dir='ltr' id='par_1_111' title="bbox 1888 5820 2214 5891">
     <span class='ocr_line' id='line_1_111' title="bbox 1888 5820 2214 5891; baseline 0.003 -17"><span class='ocrx_word' id='word_1_924' title='bbox 1888 5836 1970 5891; x_wconf 81' lang='lat' dir='ltr'><strong>.vi,</strong></span> <span class='ocrx_word' id='word_1_925' title='bbox 2008 5820 2090 5888; x_wconf 77' lang='grc' dir='ltr'>Η,</span> <span class='ocrx_word' id='word_1_926' title='bbox 2132 5820 2214 5875; x_wconf 77' lang='grc'><strong>15.</strong></span> 
     </span>
    </p>
   </div>
  </div>
