3994 6226
472 370 587 428 283

1899 369 1958 427 S.
2003 370 2349 428 EPII‘HANII

3672 375 3799 434 233

480 501 709 544 massam
742 494 822 542 est
850 529 864 553 ,
899 483 1168 555 originem
1204 485 1257 539 in
1287 485 1464 556 ipsius
1499 484 1882 542 formationem
1915 490 2070 560 rejici

2179 493 2373 559 ,ιαμον
2424 486 2933 556 συντετριμμένον
2978 488 3054 543 οὐ
3101 487 3395 555 κατεάξει,
3440 490 3541 545 καί
3588 494 3801 547 .llrcr

477 594 591 633 non
617 579 846 640 debere;
892 593 1070 647 neque
1099 592 1164 632 ex
1221 578 1584 648 productione
1630 596 1727 635 sua
1758 621 1772 643 ,
1808 583 2065 636 delictum

478 672 612 726 illud
659 672 1176 739 contumaciamque
1232 670 1510 733 traxisse,
1564 672 1657 725 sed
1710 688 1776 726 cx
1830 674 2068 744 propria:

478 763 780 817 voluntatis
811 762 1060 825 arbitrio,
1103 777 1214 831 quo
1239 760 1447 830 justum
1467 761 1738 830 judicium
1766 764 1832 817 ad
1856 764 2065 817 exitum

476 856 823 927 perduceret,
855 854 1318 923 quemadmodum
1358 852 1532 909 Isaias
1568 854 1843 923 loquitur:
1901 854 2069 909 Cala-

477 964 623 1001 mum
655 946 940 1000 contritum
992 962 1097 998 non
1127 945 1425 1015 contringet
1454 985 1469 1008 ,
1502 956 1553 1000 et
1588 946 1756 1000 linum
1800 947 2068 1016 funu’gam

478 1058 582 1095 non
613 1040 931 1108 exstinguet,
964 1038 1129 1091 donec
1163 1037 1355 1090 educat
1375 1039 1642 1106 judicium
1681 1041 1736 1093 in
1767 1042 2067 1109 victoriam,

479 1142 528 1185 et
560 1134 612 1184 in
646 1131 854 1183 nomine
886 1130 1052 1196 ipsius
1098 1137 1273 1196 gentes
1313 1130 1596 1196 sperabunt
1630 1132 1669 1184 ‘.
1717 1131 1815 1185 Cui
1847 1140 1902 1186 et
1933 1132 2067 1187 illud

485 1220 709 1276 Davidis
739 1219 994 1289 congruit
1021 1238 1034 1273 :
1066 1218 1133 1271 Et
1156 1220 1335 1273 vincas
1366 1238 1487 1274 cum
1508 1222 1774 1291 judicaris
1797 1227 1839 1276 '.
1866 1223 2081 1295 Quippe

2174 583 2517 650 τυφόμενον
2556 583 2629 634 οὑ
2663 583 2892 644 σϐέσει,
2931 581 3041 648 ἕως
3073 581 3355 652 ἐξαγάγοι
3404 584 3520 651 τὴν
3562 584 3803 652 κρίσιν

2172 677 2261 740 είς
2286 675 2475 741 νῖκος,
2519 672 2619 727 καί
2657 672 2737 739 τῷ
2781 674 3022 742 ὀνόματι
3056 674 3242 728 αὐτοῦ
3278 675 3426 743 ἔθνη
3457 674 3803 730 ἐλπιοίκγν

2174 766 2426 838 καθάπερ
2460 765 2556 819 καὶ
2594 764 2759 818 Δαδὶδ
2793 765 2920 835 περὶ
2948 765 3113 819 αὐτοῦ
3157 765 3347 837 εἴρηκε
3388 766 3469 831 τὸ,
3526 768 3656 824 Καὶ
3701 784 3803 819 rr-

2173 857 2388 924 κήσεις
2418 858 2487 910 ἐν
2514 855 2595 921 τῷ
2618 856 2931 923 κρίνεσθαί
2958 872 3052 911 σε.
3096 856 3316 929 Ἐκρίθη
3344 858 3473 930 γὰρ.
3514 858 3603 911 ἶνα
3648 857 3765 928 κρί

2174 969 2279 1005 νων
2307 951 2533 1013 δικαίως
2566 950 2746 1021 φράξῃ
2774 950 2843 1001 τά
2871 948 3118 1019 στόματα
3136 946 3249 1002 τῶν
3272 948 3578 1019 μελλόντων
3612 950 3762 1003 ἀντι
3779 977 3802 989 -

2174 1044 2371 1109 λέγειν.
2418 1043 2496 1096 Οὐ
2538 1043 2648 1113 γὰρ
2687 1042 2976 1113 δυνήσεταί
3017 1058 3102 1105 τις
3149 1042 3452 1111 ἀντιλέγειν
3491 1045 3559 1113 τῇ
3599 1042 3801 1095 αὐτοῦ

2174 1135 2362 1207 δικαίᾳ
2386 1134 2585 1206 κρίσει.
2631 1134 2889 1205 Ἐφόρεσε
2923 1132 3033 1205 γάρ
3059 1134 3125 1187 τὸ
3155 1132 3316 1205 σῶμα
3348 1133 3661 1205 τᾶχραντον
3686 1133 3803 1187 αὖ·

2187 1228 2249 1281 τὸ
2283 1229 2525 1299 συντηρή
2534 1244 2654 1301 σας.

482 1314 690 1368 idcirco
722 1311 1003 1382 judicatus
1034 1317 1153 1374 est,
1196 1320 1254 1363 ut
1279 1313 1519 1367 vicissim
1546 1313 1695 1383 juste
1721 1315 1979 1384 judicans
2006 1332 2198 1372 eorum
2227 1321 2322 1389 qui
2356 1319 2754 1373 contradicturi
2782 1326 2909 1373 sunt
2937 1332 3035 1372 ora
3068 1319 3388 1388 prmeludat.
3420 1318 3592 1374 Nemo
3624 1318 3806 1373 enim

475 1408 630 1476 justo
658 1404 832 1475 ipsius
864 1402 1078 1473 judicio
1107 1418 1413 1475 repugnare
1428 1408 1651 1476 poterit.
1683 1407 1816 1463 Nam
1847 1411 1924 1465 ita
1985 1415 2090 1469 sibi
2148 1430 2351 1486 corpus
2399 1414 2686 1485 imposuit,
2720 1423 2781 1469 ut
2816 1415 3089 1487 integrum
3142 1415 3601 1485 impollutumque
3660 1430 3803 1469 ser-

480 1501 644 1555 varit.

552 1595 738 1667 Neque
787 1596 934 1650 enim
969 1595 1116 1666 quod
1150 1595 1310 1649 initio
1341 1595 1396 1648 in
1424 1594 1637 1651 Adamo
1670 1608 1953 1667 peccatum
1981 1614 2073 1656 ex-

482 1690 625 1744 stitit
653 1728 666 1753 ,
701 1689 753 1743 id
782 1690 851 1743 ab
882 1688 1090 1758 Opiﬂce
1121 1687 1240 1757 ipso
1262 1727 1277 1751 ,
1312 1686 1406 1756 qui
1438 1688 1507 1742 ab
1541 1690 1690 1743 omni
1721 1691 1878 1762 culpa
1909 1691 2071 1762 primi

481 1781 657 1837 nostri
692 1780 933 1851 parentis
968 1779 1184 1835 alienus
1212 1788 1317 1843 est,
1355 1780 1412 1835 in
1450 1780 1657 1835 Christi
1690 1796 1893 1854 corpus
1924 1783 2071 1839 deri-

2248 1604 2325 1657 Οὑ
2361 1602 2470 1673 γὰρ
2502 1602 2530 1655 ὃ
2563 1602 2785 1671 γέγονεν
2834 1603 2891 1654 ἐν
2931 1601 3011 1672 τῷ
3047 1598 3341 1671 ἀνθρώπῳ.
3383 1598 3463 1659 είς
3504 1595 3686 1649 τοῦτο
3732 1556 3821 1648 exi

2177 1693 2272 1747 τοῦ
2310 1694 2653 1766 Δημιουργοῦ
2698 1692 2793 1746 τοῦ
2830 1692 3073 1746 ἀναιτὶου
3122 1691 3221 1761 τῆς
3251 1687 3348 1741 τοῦ
3393 1688 3564 1757 Ἀδὰμ
3591 1688 3806 1758 ἁμαρ.

2174 1787 2296 1850 τίας
2340 1786 2436 1839 τοῦ
2468 1787 2737 1858 ἁμαρτεῖν
2765 1786 2979 1855 γέγονε,
3024 1783 3121 1837 καὶ
3166 1782 3256 1835 διὰ
3297 1780 3456 1834 τοῦτο
3496 1781 3803 1850 ἥμαρτεν·

481 1884 669 1930 vatum
705 1882 789 1929 est
811 1914 826 1938 ,
877 1882 935 1928 ut
966 1883 1252 1944 propterea
1283 1875 1542 1929 delictum
1572 1874 1793 1945 aliquod
1843 1878 2072 1931 commi-

2179 1879 2313 1933 ἀλλά
2341 1878 2401 1932 τὸ
2438 1878 2785 1944 αὐτεξούσιον
2821 1878 2971 1949 αὐτῷ
3003 1876 3269 1939 ἐπέδωκε,
3305 1874 3400 1927 καὶ
3439 1874 3612 1936 αἴτιος
3657 1873 3806 1925 ἐαυ-

483 1969 654 2033 serit;
685 1967 778 2022 sed
811 1967 1118 2022 libertatem
1154 1966 1328 2022 eidem
1361 1967 1591 2022 indulsit
1618 2007 1633 2033 ,
1673 1967 1808 2023 adeo
1837 1980 1896 2025 ut
1943 1984 2071 2041 pec-

482 2061 591 2115 cati
624 2060 724 2115 sibi
752 2059 986 2130 qnisque
1014 2074 1179 2115 causa
1210 2059 1299 2114 sit.
1331 2057 1423 2113 Dei
1454 2059 1637 2129 itaque
1672 2060 1910 2115 Verbum
1950 2060 2071 2115 cnl-

483 2168 569 2222 pa:
621 2152 803 2205 omnis
850 2165 1089 2220 expers,
1149 2147 1296 2218 quod
1354 2164 1480 2203 cum
1535 2147 1699 2203 Patre
1754 2148 2071 2219 et'Spiritu

485 2255 682 2301 sancto
727 2243 1000 2298 hominem
1042 2241 1205 2313 775
1231 2240 1476 2306 creavit,
1511 2241 1842 2306 immortale,
1880 2242 2076 2312 impol-

488 2339 665 2393 Iutum
695 2379 710 2402 ,
744 2346 939 2407 sponte
989 2351 1119 2397 sua,
1167 2343 1222 2389 ct
1273 2349 1477 2388 arcano
1515 2334 1751 2404 quodam
1794 2335 2077 2404 sapientiae

484 2430 752 2501 mysterio
801 2438 1055 2483 naturam
1111 2427 1352 2481 hominis
1397 2428 1732 2497 assumpsit,
1779 2428 2076 2498 omniaque

483 2523 690 2592 opillcii
742 2523 826 2577 sui
874 2522 1049 2593 gratia
1081 2520 1418 2575 abundantia
1445 2520 1681 2589 quadam
1718 2520 2077 2576 humanitatis

484 2615 541 2669 in
579 2630 701 2669 sese
739 2614 1038 2674 transtulit,
1073 2628 1181 2665 non
1215 2613 1544 2666 necessitate
1582 2611 1649 2663 ad
1693 2610 1745 2664 id
1783 2610 2072 2681 impulsus,

486 2708 582 2763 sed
615 2706 916 2761 voluntatis
948 2705 1210 2770 arbitrio,
1242 2714 1300 2758 ut
1332 2716 1611 2775 peccatum
1653 2705 1707 2758 in
1734 2718 1899 2758 carne
1922 2704 2078 2759 dam-

484 2807 646 2854 naret
673 2838 690 2864 ,
728 2805 782 2853 et
815 2798 1252 2853 exsecrationem
1299 2797 1353 2850 in
1401 2811 1567 2851 cruce
1632 2795 1901 2860 dilueret,
1938 2804 1993 2852 et
2019 2799 2075 2852 in

486 2891 739 2960 sepulcro
769 2888 1139 2959 corruptelam
1170 2904 1387 2942 omnem
1432 2904 1463 2943 e
1513 2888 1693 2942 medio
1721 2888 1938 2943 tolleret
1957 2928 1982 2965 κ
2019 2897 2076 2944 et

484 2983 554 3038 ad
590 2983 798 3039 inferos
828 2998 954 3037 cum
980 2983 1161 3036 anima
1198 2996 1262 3035 ac
1289 2981 1574 3035 divinitate
1600 2981 1941 3036 descendens
1977 2981 2077 3037 sti-

484 3076 695 3130 mulum
737 3075 931 3130 mortis
968 3072 1292 3144 infringeret
1322 3114 1336 3137 ,
1386 3072 1675 3142 tardusque
1715 3088 1840 3128 cum
1884 3074 2075 3131 inferis

485 3165 682 3219 initum
712 3164 1057 3221 dissolveret.
1090 3162 1159 3217 At
1191 3161 1387 3233 ingrati
1418 3162 1691 3226 homines,
1724 3163 1816 3235 qui
1847 3164 1990 3219 bona
2018 3163 2074 3218 in

2173 1970 2254 2041 τῷ
2280 1971 2511 2036 ἕκαστος
2539 1972 2746 2040 γίνεται
2780 1970 3078 2041 ἁμαρτίας.
3114 1970 3212 2022 Διά
3231 1985 3313 2020 τοι
3345 1966 3499 2019 τοῦτο
3529 1966 3805 2028 ἀναίτιος

2171 2064 2205 2117 ὁ
2238 2062 2568 2133 δημιουργὸς
2629 2062 2762 2127 Θεὸς
2799 2062 2992 2130 Λόγος,
3033 2065 3061 2116 ὁ
3104 2062 3204 2114 σὺν
3239 2061 3415 2131 Harp!
3443 2059 3642 2122 κτίσας
3697 2059 3805 2111 τὸν

2173 2154 2481 2227 ἄνθρωπον,
2518 2156 2611 2209 καὶ
2660 2155 2759 2208 σὺν
2789 2153 2869 2225 τῷ
2894 2154 3035 2223 ἁγίῳ
3088 2152 3255 2206 αὐτού
3299 2150 3599 2220 Πνεύματι,
3640 2150 3803 2202 ἀθά-

2174 2265 2332 2311 νατος
2366 2248 2459 2300 καὶ
2493 2248 2781 2318 ἄχραντος,
2822 2246 2927 2317 Ibi;
2953 2246 3173 2312 δοκήσει
3198 2244 3421 2315 ἀρρήτῳ
3443 2243 3550 2295 τινὶ
3578 2241 3804 2311 σοςήας

2179 2337 2465 2410 μυστηρίῳ
2495 2336 2909 2408 ἑνηνθρώπησε,
2941 2333 3163 2395 τελείως
3193 2333 3259 2385 τὰ
3296 2333 3471 2385 πάντα
3500 2330 3802 2394 ἀναδεξά-

2179 2447 2338 2502 μενος
2369 2430 2510 2500 ὑπὲρ
2534 2427 2629 2482 τοῦ
2671 2428 2803 2482 ἰδίου
2842 2428 3161 2497 πλάσματος
3194 2425 3261 2477 δι’
3295 2422 3605 2494 ὑπερσολὴν
3657 2422 3803 2491 φιλ-

2176 2522 2511 2595 ανθρωπίας,
2554 2521 2616 2574 ού
2653 2521 2791 2592 μετὰ
2832 2520 3099 2589 ἀνάγκης,
3131 2517 3244 2571 ἀλλ’
3277 2516 3499 2585 ἑκουσίᾳ
3547 2514 3799 2586 γνώμῃ.

2177 2615 2264 2669 ῐνα
2305 2618 2363 2668 ὲν
2409 2618 2477 2686 τῇ
2528 2614 2693 2685 σαρκὶ
2736 2611 3042 2683 κατακρίνῃ
3084 2608 3187 2680 τὴν
3220 2605 3514 2678 ἁμαρτίαν,
3552 2606 3653 2657 καὶ
3692 2605 3805 2658 ἐπὶ

2176 2706 2256 2779 τῷ
2289 2706 2508 2778 σταυρῷ
2530 2704 2756 2776 διαλύσῃ
2782 2704 2883 2775 τὴν
2919 2702 3189 2772 κατάραν,
3212 2700 3307 2753 καὶ
3336 2702 3395 2751 ὲν
3424 2697 3499 2768 τῷ
3528 2699 3801 2767 μνήματι

2176 2799 2577 2869 καταφαίρετον
2605 2798 2803 2867 ποιήσῃ
2826 2795 2925 2865 τὴν
2948 2793 3175 2864 φθορὰν,
3213 2792 3305 2845 καὶ
3346 2791 3405 2844 ὲν
3430 2789 3508 2860 τῷ
3684 2790 3803 2843 σὺν

2176 2894 2241 2963 τῃ
2282 2890 2426 2961 ψυχῇ
2476 2887 2751 2943 κατελθὼν
2792 2887 2852 2941 ἐν
2895 2890 2961 2959 τῇ
2988 2878 3202 2955 θεότητι
3234 2882 3411 2953 κλάσῃ
3451 2883 3510 2933 τὸ
3541 2880 3803 2950 κέντρον

2176 2984 2271 3037 τοῦ
2307 2983 2561 3046 θανάτου,
2596 2982 2689 3033 καὶ
2726 2978 2954 3051 διαλύσῃ
2993 2978 3092 3049 τὴν
3136 2978 3274 3049 πρὸς
3294 2976 3384 3029 τὸν
3413 2975 3548 3046 ᾅδην
3581 2974 3801 3045 διαθή-

2178 3093 2303 3148 κην.
2330 3076 2395 3129 0i
2425 3074 2483 3127 δὲ
2519 3073 2829 3145 ἀχάριστοι,
2860 3071 3174 3125 παντάπασι
3205 3070 3272 3123 τὰ
3296 3067 3479 3137 ἀγαθά
3509 3068 3592 3131 εἰς
3624 3068 3803 3122 κακὰ

2183 3166 2634 3239 μιτατρὲποντες,
2658 3163 2773 3217 ἀνθ’
2801 3157 2881 3219 ὧν
2898 3160 3294 3234 εὐχαριστῆσαι
3317 3161 3339 3191 ⁸
3362 3160 3439 3231 τῷ
3468 3158 3803 3228 φιλανθρώ-

484 3258 631 3311 mala
662 3263 1038 3321 commutant,
1091 3269 1216 3309 cum
1271 3270 1371 3324 pro
1412 3255 1499 3309 his
1536 3256 1794 3309 omnibus
1826 3256 2071 3311 clemen-

2179 3278 2283 3330 πῳ,
2328 3258 2424 3313 καλ⁸
2463 3256 2676 3329 τελείῳ,
2720 3257 2814 3310 καὶ
2843 3254 3034 3324 ἀγαθῷ
3076 3253 3135 3320 ἐξ
3172 3251 3381 3321 ἀγαθοῦ
3418 3250 3629 3323 Πατρὸς
3668 3250 3798 3303 ὐπ-

483 3349 706 3404 tissimo
740 3362 804 3402 ac
850 3346 1097 3417 perfecto
1131 3346 1385 3416 bonoque
1423 3362 1453 3400 a
1490 3347 1634 3401 bono
1681 3344 1842 3401 Patre
1893 3346 2077 3416 genito

483 3439 625 3496 Filio
681 3439 976 3511 gratiﬁcari
1007 3438 1273 3494 deberent
1301 3476 1315 3501 ,
1363 3453 1472 3492 non
1526 3440 1691 3494 modo
1731 3440 1914 3494 nullas
1979 3440 2080 3494 ha-

486 3532 619 3587 bent
648 3529 853 3602 gratias
879 3569 895 3592 ,
928 3528 1023 3584 sed
1071 3538 1129 3583 et
1182 3528 1587 3595 ingratissimos
1642 3545 1765 3585 sese
1808 3530 2074 3600 praebent,

484 3622 719 3691 ejusque
752 3618 1028 3675 divinitati
1062 3618 1385 3673 aﬂ‘ectioncs
1416 3634 1480 3673 ac
1516 3621 1965 3690 perturbationes
1994 3619 2077 3675 af-

488 3714 736 3784 ﬁngunt:
773 3712 920 3782 quod
948 3710 1174 3781 quidem
1204 3710 1418 3766 elilcere
1444 3711 1594 3766 nullo
1634 3712 1798 3768 modo
1820 3722 2074 3783 possunt,
2151 3716 2166 3728 '

483 3820 611 3862 cum
642 3804 901 3860 omnibus
930 3803 1134 3858 veritas
1159 3802 1278 3872 ipsa
1309 3802 1599 3859 manifesta
1630 3804 1721 3859 sit.

562 3895 689 3951 LIII.
716 3896 815 3952 His
842 3896 895 3949 in
925 3895 1075 3949 hunc
1108 3892 1329 3948 modum
1361 3894 1671 3964 explicatis,
1712 3897 1780 3951 ad
1813 3895 1921 3951 alia
1950 3912 2075 3967 qua:

487 3988 560 4043 ab
583 3988 692 4042 illis
720 3992 1125 4057 proponuntur,
1164 3998 1252 4041 me
1274 3983 1517 4044 confero.
1549 3983 1685 4039 Nam
1718 4000 1785 4040 ex
1823 3986 2075 4056 Evange-

486 4078 562 4132 lio
587 4077 794 4131 dictum
823 4076 875 4129 in
902 4074 1096 4145 primis
1132 4074 1263 4127 illud
1291 4073 1597 4143 proferunt,
1630 4075 2076 4145 interpretatione

486 4183 586 4224 sua
620 4166 1018 4237 dcpravatmn:
1076 4164 1183 4230 Qui
1232 4163 1379 4217 misit
1427 4181 1508 4218 me
1558 4164 1721 4219 Pater
1775 4168 1948 4235 major
1995 4182 2076 4220 me

483 4269 563 4315 est
594 4260 636 4314 ³.
673 4257 771 4313 Ubi
807 4256 1103 4311 notandum
1143 4256 1199 4310 in
1233 4255 1427 4325 primis
1462 4256 1594 4312 illud
1628 4266 1735 4320 est.
1776 4256 1924 4328 quod
1964 4258 2071 4313 ait:

486 4349 594 4417 Qui
648 4349 788 4402 misit
826 4364 906 4401 me
950 4346 1117 4400 Pater
1138 4386 1153 4411 ,
1189 4362 1301 4400 non
1330 4354 1512 4401 autem
1537 4386 1554 4411 ,
1591 4346 1696 4411 Qui
1727 4348 1937 4403 creavit
1965 4362 2071 4412 me,

486 4439 758 4509 siquidem
790 4438 1049 4491 omnibus
1090 4436 1145 4489 in
1182 4436 1479 4505 Scriptura:
1512 4435 1668 4491 libris
1706 4437 1876 4491 divini
1911 4436 2072 4493 Verbi

486 4547 611 4587 cum
664 4529 827 4584 Patre
882 4526 1218 4599 germanitas
1269 4528 1615 4597 exprimitur.
1665 4526 1911 4584 Genuisti
1964 4546 2069 4595 me,

2175 3351 2426 3422 ἁρχοντι,
2479 3348 2662 3401 οὐκέτι
2718 3345 3113 3418 εὐχαριστῆσαι
3143 3346 3188 3408 ⁸,
3248 3343 3364 3397 ἀλλ’
3412 3340 3799 3413 ἀχαριστοῦσι

2178 3440 2399 3510 μᾶλλον,
2432 3438 2581 3508 πάθη
2611 3440 2677 3509 τῇ
2717 3435 2882 3491 αὑτοῦ
2917 3436 3132 3507 θεότητι
3164 3436 3594 3505 προσάπτοντες
3622 3432 3665 3486 ἃ
3709 3433 3798 3503 μὴ

2174 3532 2428 3584 δύνανται
2454 3531 2732 3601 συνιστᾷν,
2778 3529 2879 3600 τῆς
2908 3526 3167 3599 ἀληθείας
3198 3528 3439 3599 φανερᾶς
3473 3527 3640 3579 πᾶσιν
3677 3527 3800 3579 ὑπ-

2175 3640 2473 3695 αρχουσης.

2245 3882 2369 3938 ΝΓ.
2411 3883 2521 3938 Καὶ
2540 3884 2749 3937 τούτων
2778 3882 2953 3947 οὕτως
2982 3882 3456 3955 ἑρμηνευομένων,
3492 3881 3659 3934 πάλιν
3689 3883 3792 3935 ἐπ’

2172 3975 2338 4039 ἄλλας
2372 3974 2545 4041 λέξεις
2584 3975 2782 4044 ἐφεξῆς
2820 3974 3135 4045 ἐλεύσομαι.
3177 3974 3408 4041 Λέγουσι
3435 3972 3542 4042 γὰρ
3578 3972 3639 4025 τὸ
3679 3976 3795 4045 ρη-

2173 4066 2263 4121 τδν
2311 4066 2406 4121 τοῦ
2453 4066 2788 4133 Εὐαγγελίου
2855 4067 3041 4130 κακῶς
3103 4065 3516 4138 ἑρμηνεύοντες,
3568 4065 3652 4118 ὅτι
3721 4066 3795 4120 '0

2173 4159 2542 4224 ἀποστείλας
2563 4176 2640 4228 με
2666 4157 2869 4226 Πατὴρ
2895 4157 3109 4227 μείζων
3132 4176 3254 4228 μου
3287 4157 3441 4211 ἐστι.
3474 4156 3584 4209 Καὶ
3617 4157 3793 4227 πρῶ-

2172 4269 2263 4305 τον
2309 4253 2427 4324 μὲν,
2478 4253 2541 4306 '0
2572 4253 2942 4317 ἀποστείλας
2990 4268 3068 4321 με
3122 4251 3350 4319 Πατὴρ,
3404 4252 3628 4321 φάσκει,
3679 4253 3792 4305 καὶ

2172 4346 2295 4418 οὐχ,
2340 4346 2400 4398 ’0
2442 4345 2633 4407 κτίσας
2666 4361 2754 4415 με.
2787 4345 2966 4397 Πᾶσαι
2999 4343 3108 4415 γάρ
3151 4344 3208 4396 αἱ
3249 4342 3391 4396 θεῖαι
3424 4342 3636 4414 Γραφαὶ
3676 4344 3791 4415 τὴν

2173 4438 2340 4493 αὑτοῦ
2368 4436 2501 4508 πρὸς
2522 4438 2740 4509 Πατέρα
2760 4436 3092 4508 γνησιότητα
3114 4435 3491 4507 σημαίνουσιν.
3522 4435 3788 4509 Ἐγέννη-

2176 4530 2274 4593 σάς
2314 4546 2402 4600 με,
2438 4530 2593 4597 φησὶ.
2628 4529 2830 4600 Πάτερ.
2885 4528 3016 4593 Καὶ,
3082 4527 3231 4597 Ἐγὼ
3274 4527 3343 4581 ἐκ
3382 4527 3489 4581 τοῦ
3538 4531 3786 4594 Πατρός

487 4623 671 4685 Pater,
706 4620 901 4690 inquit.
958 4619 1046 4682 Et,
1078 4618 1189 4689 Ego
1241 4634 1307 4673 ea:
1357 4618 1521 4673 Patre
1567 4619 1742 4683 exivi,
1770 4629 1819 4673 et
1868 4620 2001 4673 uado
2029 4620 2069 4674 ⁸.

2179 4621 2459 4690 ἐξῆλθον,
2500 4623 2598 4675 καὶ
2637 4620 2764 4688 ἥκω
2788 4637 2801 4650 ·
2834 4620 2948 4681 καὶ,
2993 4618 3136 4689 Ἐγὼ
3164 4619 3233 4672 ὲν
3269 4617 3349 4683 τῷ
3380 4618 3587 4686 Πατρὶ,
3618 4620 3724 4673 και
3747 4624 3783 4675 ό

485 4713 657 4771 Item:
692 4712 801 4783 Ego
835 4715 889 4766 in
924 4710 1086 4766 Patre
1121 4721 1171 4765 et
1213 4710 1377 4764 Pater
1404 4711 1460 4764 in
1498 4727 1578 4765 me
1607 4711 1668 4775 ⁵;
1704 4721 1792 4765 et:
1831 4712 1937 4777 Qui
1970 4713 2072 4766 mi-

483 4811 556 4866 sit
587 4824 667 4860 me
709 4807 867 4860 Pater
893 4808 934 4860 °.
966 4803 1076 4860 Nec
1106 4819 1339 4875 usquam
1376 4812 1471 4857 aut
1501 4813 1738 4867 creator,
1776 4814 1870 4858 aut
1900 4804 2074 4859 factor

482 4900 708 4957 dicitur.
751 4902 1001 4965 Quonam
1054 4897 1222 4967 igitur
1266 4904 1427 4967 pacto
1474 4912 1597 4966 qua:
1653 4897 1904 4967 nuspiam
1944 4905 2074 4953 sunt

483 4992 840 5053 accumulare
860 4989 1147 5045 nituntur?
1178 4988 1282 5054 Qui
1314 4989 1456 5042 misit
1490 5005 1570 5043 me
1600 4987 1762 5043 l’ater
1784 4988 1960 5058 major
1990 5006 2073 5045 me

424 5092 427 5095 ’
480 5095 583 5142 est.
622 5083 765 5151 Quid
814 5097 879 5138 ea
926 5097 1059 5137 voce
1088 5082 1261 5152 magis
1294 5081 1616 5151 proprium?
1647 5082 1777 5152 quid
1813 5097 2074 5138 necessa-

483 5181 626 5237 rium
660 5176 869 5248 magis?
900 5176 1028 5246 quid
1054 5177 1229 5246 magis
1258 5177 1578 5248 genuinum,
1600 5184 1694 5230 aut
1727 5176 2075 5246 congruum?

482 5273 528 5327 Δ
556 5286 798 5342 quonam
825 5270 972 5325 enim
999 5280 1432 5326 consentaneum
1462 5270 1637 5340 magis
1666 5278 1751 5325 est
1787 5271 1927 5323 allici
1956 5269 2072 5339 glo-

486 5363 589 5426 ria,
623 5362 1003 5432 celebrarique
1038 5360 1253 5417 Patrem
1279 5404 1295 5428 ,
1320 5378 1485 5433 quam
1516 5362 1586 5417 ab
1613 5376 1876 5431 germano
1909 5359 2068 5425 Filio,

480 5455 576 5525 qui
601 5455 673 5509 sit
708 5454 783 5509 ab
802 5469 867 5509 eo
891 5454 1108 5525 genitus
1129 5456 1153 5506 Υ
1180 5453 1342 5511 Pater
1374 5455 1518 5510 enim
1551 5454 1821 5527 glorilicat
1844 5451 2066 5517 Filium,

486 5552 538 5597 et
563 5541 739 5598 Filius
767 5543 1038 5611 gloriﬁcat
1064 5543 1283 5601 Patrem
1310 5547 1352 5602 ⁷.
1391 5546 1544 5603 Unde
1578 5547 1646 5602 ad
1677 5561 1778 5601 nos
1804 5545 1953 5615 ipsos
1983 5543 2069 5598 in-

484 5634 842 5700 formandos,
897 5650 1127 5708 eamque
1178 5639 1621 5709 pmdicationem
1681 5637 2069 5693 demonstran-

561 5790 707 5863 Ἴδε·
749 5808 820 5857 IV.
847 5793 899 5849 3.
976 5797 995 5827 ²
1025 5794 1168 5852 Psal.
1204 5814 1257 5863 ι,
1284 5796 1338 5852 6.
1418 5799 1437 5829 ³
1468 5794 1627 5851 Joan.
1661 5810 1713 5858 ν,
1745 5791 1853 5863 37_;
1881 5805 1994 5863 χεν,
2030 5789 2120 5844 28.

486 5865 507 5897 τ
544 5860 704 5922 Joan.
732 5879 848 5926 νιιι.
875 5865 945 5925 5:
976 5884 1109 5933 uti,
1140 5870 1194 5928 4.
1247 5860 1289 5902 ’⁸
1324 5868 1488 5926 Deest
1544 5865 1672 5923 ἔδει.

2175 4714 2381 4783 Πατὴρ
2438 4714 2508 4767 ὲν
2555 4712 2706 4783 ἐμοί·
2750 4713 2867 4777 καὶ,
2928 4712 2990 4765 '0
3029 4712 3398 4775 ἀποστείλας
3438 4727 3517 4779 με
3544 4712 3779 4779 Harry):

2179 4804 2273 4857 καὶ
2308 4802 2545 4874 οὐδαμοῦ
2600 4804 2628 4855 ὁ
2658 4803 2865 4866 κτίσας,
2931 4800 3169 4870 οὐδαμοῦ
3204 4802 3235 4853 ὁ
3269 4804 3521 4870 ποιήσας,
3557 4802 3777 4871 εἴρηκε.

2178 4898 2288 4951 Καὶ
2346 4896 2463 4960 πῶς
2500 4890 2646 4949 οὗτοι
2679 4895 2747 4948 τὰ
2784 4894 2860 4965 μὴ
2886 4893 3017 4947 ὄντα
3051 4895 3261 4956 ἑαυτοῖς
3298 4891 3777 4961 ὲπισωρεύουσιν;

2188 4991 2242 5043 ’0
2289 4990 2357 5043 δὲ
2383 4989 2752 5053 ἀποστείλας
2784 5004 2861 5057 με
2889 4984 3091 5054 Πατὴρ
3120 4984 3335 5055 μείζων
3353 5002 3475 5053 μου
3516 4984 3672 5037 ἐστί.
3710 4985 3780 5038 Τί

2176 5082 2366 5136 τούτου
2415 5080 2784 5152 κυριώτερον;
2836 5080 2931 5133 καὶ
2972 5080 3026 5132 τί
3062 5078 3252 5132 τούτου
3304 5076 3777 5147 ἀναγκαιότερονς

2176 5176 2269 5229 καὶ
2290 5175 2341 5228 τί
2371 5174 2562 5228 τούτου
2599 5172 3002 5243 γνησιώτερονς
3041 5172 3135 5225 καὶ
3180 5170 3232 5226 τί
3263 5170 3455 5225 τούτου
3488 5170 3779 5240 πρεπωδέν

2176 5280 2403 5335 στερονς
2434 5263 2551 5317 Τίνι
2584 5263 2693 5334 γὰρ
2729 5261 2928 5332 πρέπει
2956 5260 3198 5326 δοξάζειν
3222 5259 3463 5330 Πατέρα,
3490 5259 3627 5314 ἀλλὰ
3656 5260 3779 5332 ris.

2172 5353 2433 5424 ἀληθινῷ,
2460 5352 2539 5424 τῷ
2564 5354 2621 5419 ἐξ
2653 5351 2819 5406 αὑτοῦ
2862 5350 3286 5421 γεγεννημένῳς
3337 5349 3396 5402 Ὀ
3428 5348 3621 5420 Πατὴρ
3660 5350 3778 5421 γὰρ

2170 5445 2383 5511 δοξάζει
2412 5446 2503 5498 τὸν
2531 5446 2679 5511 Υἱὸν,
2712 5447 2804 5500 καὶ
2829 5447 2856 5497 ὁ
2888 5445 3017 5508 Υἱὸς
3042 5437 3256 5507 δοξάζει
3280 5443 3373 5496 τὸν
3404 5441 3645 5513 Πατέρα,
3676 5442 3779 5494 καὶ

2171 5537 2361 5591 τούτου
2396 5538 2561 5591 ’ἑνεκα
2599 5539 2679 5600 εἰς
2725 5536 2882 5608 ἡμῶν
2917 5534 3304 5606 ὑπογραμμὸν,
3353 5534 3448 5585 καὶ
3490 5533 3590 5602 τῆς
3634 5532 3776 5603 πρὸς

2172 5630 2263 5684 τὸν
2295 5631 2515 5702 Πατέρα
2546 5628 2702 5700 δόξης
2737 5628 2827 5681 ὑπ’
2862 5626 3029 5682 αὐτοῦ
3069 5625 3485 5696 ἀναφερομένης
3517 5626 3597 5689 είς
3640 5625 3779 5696 μίαν

2223 5790 2243 5819 ⁵
2279 5787 2436 5844 Joan.
2471 5805 2581 5856 xw,
2613 5787 2703 5842 28.
2778 5787 2800 5819 ⁵
2828 5783 2983 5839 Joan.
3017 5800 3127 5851 xw,
3167 5785 3252 5842 Il.
3352 5786 3372 5815 ⁸
3403 5783 3561 5839 Joan.
3595 5799 3646 5846 ν,
3674 5781 3774 5836 37.

1751 5863 1771 5893 ’
1814 5859 1874 5914 Γ.
1912 5857 2311 5924 εύγρριστοῦσι.
