3994 6226
479 362 581 417 187

1877 361 1934 415 s.
1979 345 2317 416 eripuisti

3643 353 3779 414 988

481 484 898 540 substantialem
929 501 988 540 se
1017 501 1140 541 esse
1183 485 1322 540 Patri
1349 485 1631 555 discipulis
1657 483 1773 537 suis
1797 482 2050 538 ostende-

2170 483 2258 552 τῆς
2295 482 2429 552 11:96;
2468 480 2559 535 τὸν
2599 481 2822 554 Πατέρα
2861 480 3026 537 αὑτοῦ
3050 479 3480 554 ὁμοουσιότητος,
3516 478 3731 548 ἔλεγεν
3752 494 3774 510 ο

483 586 565 631 ret
588 577 615 629 ε’
643 576 704 629 Si
752 577 867 646 quis
891 617 904 637 ,
945 578 1158 646 inquit,
1198 580 1462 646 aperuerit
1498 577 1664 640 mihi,
1712 577 1934 646 ingressi
1965 590 2057 641 ego

480 680 530 722 et
561 668 724 721 Pater
751 670 1077 723 mansionem
1115 670 1254 738 apud
1292 670 1443 723 illum
1483 670 1792 738 faciemus’.
1828 665 1945 720 Non
1975 667 2058 720 di-

483 764 590 813 xit:
624 759 805 813 Mittar
849 775 878 813 a
933 759 1097 815 Patre
1135 777 1297 825 meo;
1340 762 1466 824 sed,
1499 761 1608 832 Ego
1636 769 1684 813 et
1714 759 1876 813 Pater
1920 759 2058 827 apud

483 850 636 902 illum
685 851 1045 916 manebimus,
1079 851 1214 905 adeo
1261 859 1318 905 ut
1350 854 1602 921 pulsante
1627 850 1795 914 Filio.
1832 867 1954 906 cum
1991 866 2059 907 eo

482 939 644 992 Pater
699 940 1081 1009 ingrediatur;
1140 941 1391 1010 idemque
1439 957 1564 996 cum
1605 940 1742 997 Filio
1796 951 2058 1012 perpetuo

483 1030 576 1089 sit,
616 1045 716 1083 nec
756 1035 993 1098 unquam
1023 1031 1092 1085 ab
1123 1031 1216 1085 illo
1255 1039 1560 1101 separetur,
1599 1032 1678 1085 uti
1719 1044 1872 1086 neca
1899 1031 2059 1087 Patre

482 1117 679 1174 Filius.
710 1119 862 1174 Unde
891 1121 944 1174 in
976 1121 1084 1174 alio
1112 1123 1260 1176 loco:
1299 1120 1408 1192 Ego
1447 1138 1600 1185 sum,
1630 1122 1840 1192 inquit,
1869 1123 1973 1187 via,
2006 1132 2056 1176 et

483 1227 574 1280 per
607 1228 686 1264 me
710 1210 1066 1281 ingredientur
1094 1213 1162 1265 ad
1192 1211 1412 1266 Patrem
1439 1214 1480 1267 ².
1526 1212 1606 1267 Ac
1640 1229 1710 1268 ne
1732 1213 1855 1282 quis
1884 1213 2061 1267 mino-

484 1319 596 1356 rem
630 1302 749 1357 ideo
780 1319 904 1358 esse
941 1302 1101 1358 Patre
1142 1303 1390 1360 crederet
1415 1345 1430 1369 ,
1461 1303 1607 1373 quod
1658 1318 1754 1373 per
1783 1304 1960 1373 ipsum
1991 1302 2060 1356 ad

483 1392 696 1447 Patrem
741 1394 923 1448 aditus
963 1403 1210 1463 pateret,
1243 1395 1324 1448 sic
1377 1394 1485 1449 alio
1513 1395 1633 1449 loco
1672 1393 1850 1448 dixit:
1891 1393 2060 1448 Nemo

483 1481 649 1534 veniet
673 1481 741 1534 ad
775 1498 854 1535 me
877 1523 890 1548 ,
923 1483 1028 1536 nisi
1078 1481 1243 1536 Pater
1286 1500 1429 1538 meus
1462 1485 1685 1538 scelestis
1719 1485 1953 1542 traxerit
1992 1484 2061 1538 il-

485 1575 596 1625 lum
623 1573 664 1626 ³.
699 1573 868 1644 Igitur
901 1583 953 1628 et
981 1572 1142 1629 Pater
1171 1576 1240 1629 ad
1279 1574 1475 1630 Filium
1511 1576 1685 1638 ducit,
1716 1585 1770 1632 et
1795 1576 1965 1632 Filius
1991 1577 2061 1630 ad

483 1660 700 1718 Patrem
723 1703 738 1725 .
769 1673 823 1720 et
854 1672 1084 1735 uterque
1115 1681 1212 1735 per
1235 1665 1498 1736 Spiritum
1532 1677 1783 1722 sanctum
1813 1667 2061 1723 introdu-

483 1754 580 1809 cit.
615 1753 750 1808 Nam
801 1753 1041 1811 Trinitas
1091 1757 1303 1812 in-una
1355 1759 1730 1829 singularique
1777 1759 2062 1816 divinitate

483 1855 749 1916 perpetuo
780 1848 1068 1910 consistit.
1107 1837 1166 1904 ut
1219 1850 1326 1903 tria
1374 1849 1613 1920 perfecta
1661 1851 1809 1916 sint,
1843 1867 2060 1922 unaque

485 1937 765 1994 divinitas.
817 1938 996 2010 Atque
1047 1941 1149 1995 hoc
1189 1941 1353 1996 modo
1381 1942 1769 1998 haereticorum
1827 1943 2060 1999 istorum

487 2030 676 2100 Opinio
708 2032 986 2087 cohaerere
1017 2047 1126 2087 non
1175 2042 1376 2103 potest.

559 2120 668 2176 LV.
723 2120 828 2177 Sed
875 2122 1011 2177 illud
1054 2123 1363 2195 objiciunt:
1407 2124 1520 2180 Cur
1568 2126 1734 2195 igitur
1776 2124 2062 2195 discipulis

477 2215 604 2295 suis
645 2199 902 2270 Christus
957 2216 1251 2287 aliquando
1304 2217 1485 2271 dixit:
1546 2217 1696 2273 Vada
1735 2217 1805 2271 ad
1844 2217 2062 2271 Patrem

487 2323 678 2371 meum,
729 2317 778 2360 et
833 2307 1050 2362 Patrem
1095 2318 1351 2372 vestrum,
1382 2308 1551 2363 Deum
1601 2325 1771 2364 meum
1817 2319 1868 2364 et
1892 2309 2064 2364 Deum

487 2398 954 2454 vestrum‘?Nam
1001 2401 1048 2456 si
1099 2400 1270 2456 Deum
1323 2416 1483 2457 suum
1533 2400 1753 2465 fatetur,
1789 2399 2065 2470 quomodo

486 2491 612 2546 huic
656 2492 881 2562 aequalis
925 2507 1049 2547 esse
1093 2495 1315 2563 poterit,
1357 2493 1443 2547 vel
1478 2492 1547 2547 ab
1577 2506 1643 2548 eo
1673 2492 1919 2563 germani
1968 2492 2063 2546 lilii

486 2597 638 2635 more
665 2583 923 2652 genitus?
953 2585 1130 2653 Atque
1157 2584 1256 2639 hac
1297 2583 1520 2654 quidem
1565 2584 1812 2638 oratione
1851 2598 2066 2639 summa

487 2686 548 2726 se
570 2672 622 2724 in
651 2673 906 2728 omnibus
931 2673 1022 2728 Dei
1054 2675 1361 2744 ignorantia
1391 2675 1642 2730 laborare
1664 2674 2064 2739 demonstrant,

488 2781 591 2819 nec
631 2781 697 2820 ex
729 2767 838 2820 ulla
873 2775 1026 2836 parte
1074 2766 1348 2838 Evangelii
1391 2767 1683 2838 splendore
1730 2767 2064 2824 collustrari.

486 2859 698 2914 Etenim
741 2859 989 2930 quisquis
1025 2859 1384 2929 perscrutari,
1429 2869 1483 2914 et
1530 2874 1560 2912 a
1609 2859 1828 2923 saeculo,
1869 2873 1934 2913 ac
1972 2873 2070 2928 per

485 2951 872 3019 generationes
901 2950 1163 3021 indagare
1191 2951 1447 3014 voluerit,
1482 2965 1604 3021 qute
1626 2951 1698 3006 sit
1733 2949 1979 3005 veritatis
2011 2950 2067 3004 in

385 3115 396 3123 _
489 3042 795 3097 Salvatoris.
840 3042 1016 3098 nostri
1069 3041 1308 3112 perfecta
1357 3043 1608 3109 scientia,
1662 3042 1894 3112 ejusque
1939 3056 2066 3095 cum

486 3131 648 3203 Patre
690 3134 1019 3204 aequalitatis
1063 3134 1146 3189 vis
1181 3133 1472 3204 intelliget.
1509 3134 1602 3188 Isti
1651 3149 1781 3188 vero
1823 3132 2065 3188 Judaicis

480 3196 838 3294 ‘opinionilius
882 3224 1126 3295 impediti
1154 3196 1421 3280 adversus
1453 3223 1544 3278 Dei
1573 3223 1770 3277 Filium
1796 3223 2064 3279 exstimu-
2093 3196 2135 3252 ο

488 3317 688 3370 lantur.
727 3315 964 3372 Perinde
994 3324 1159 3386 atque
1209 3314 1284 3370 illi
1337 3316 1560 3372 Christo
1591 3315 1846 3370 dicebant
1879 3334 1891 3368 :
1928 3312 2068 3367 Nul-

490 3407 600 3460 lum
626 3409 688 3460 ob
737 3407 905 3460 aliud
938 3408 1106 3462 scelus
1143 3416 1191 3461 te
1237 3406 1559 3476 lapidamus,
1611 3406 1779 3476 778
1812 3405 1903 3461 sed
1929 3405 2069 3476 quod

488 3502 643 3556 homo
672 3517 791 3554 cum
821 3503 920 3566 sis,
949 3500 994 3554 F
999 3502 1150 3555 ilium
1183 3501 1276 3555 Dei
1305 3497 1525 3569 teipsum
1555 3501 1794 3554 nominas
1823 3509 1872 3554 et
1897 3515 2072 3570 requa-

491 3593 592 3646 lem
633 3591 740 3647 Deo
776 3601 824 3646 te
857 3593 990 3661 facis
1019 3594 1062 3645 ⁸.
1093 3592 1206 3646 Hac
1234 3593 1311 3646 illi
1337 3591 1740 3646 Pharisaeorum
1771 3606 1835 3646 ac
1857 3589 2072 3646 Judaeo-

489 3701 610 3739 rum
642 3685 698 3739 in
723 3683 1002 3740 Christum
1035 3685 1316 3740 iracundia
1348 3685 1542 3754 perciti
1578 3685 1864 3752 feruntur;
1894 3699 2072 3754 neque

490 3775 690 3830 Filium
727 3777 990 3846 aequalem
1032 3777 1264 3846 genitori
1304 3776 1551 3832 conﬁteri
1600 3777 1809 3832 volunt.
1854 3775 1972 3844 Qua
2015 3777 2071 3831 in

490 3883 551 3927 Ite
607 3883 888 3922 sacrarum
939 3864 1270 3922 Litterarum
1300 3876 1612 3923 accuratam
1644 3868 1978 3939 diligentiam
2016 3867 2071 3922 in

375 3997 388 4006 ς
493 3961 688 4032 primis
732 3959 1024 4016 considera
1067 3979 1080 4015 :
1129 3974 1251 4032 qua:
1296 3969 1422 4016 ante
1462 3961 1895 4016 incarnationem
1936 3959 2073 4014 nihil

489 4051 760 4122 ejusmodi
790 4051 859 4106 de
885 4051 1104 4107 Christo
1135 4055 1577 4122 pronuntiarunt,
1614 4051 1710 4106 sed
1740 4049 1901 4106 Pater
1935 4051 2074 4106 Filio

489 4144 698 4200 dixisse
728 4144 964 4215 legitur:
997 4142 1284 4198 Faciamus
1318 4143 1580 4198 hominem
1604 4145 1646 4210 ⁸,
1681 4152 1739 4198 ut
1765 4144 2074 4199 communis

490 4237 692 4306 opiﬁcii
728 4246 1008 4292 auctorem
1036 4237 1242 4306 pariter
1284 4235 1484 4290 Filium
1530 4236 1765 4306 appellet
1801 4244 1856 4290 et
1886 4251 2074 4305 aaqua-

491 4332 644 4385 litate
674 4346 992 4401 germanum
1029 4329 1324 4399 signiticet.
1365 4327 1550 4397 Neque
1589 4343 1720 4382 vero
1754 4335 1870 4382 tum
1903 4325 2076 4383 Filius
2111 4372 2114 4375 .

491 4424 661 4477 Deum
688 4440 880 4488 meum,
906 4432 957 4477 et
989 4422 1159 4476 Deum
1188 4432 1413 4476 vestrum
1437 4422 1650 4491 uspiam
1682 4421 2084 4482 vocavitJtem.

486 4512 724 4567 Adamus
793 4513 890 4568 Dei
938 4530 1112 4570 vocem
1157 4515 1398 4568 exaudiit
1449 4513 1773 4567 ambulantis
1815 4514 1871 4566 in
1911 4527 2074 4578 para-

489 4606 608 4659 diso
629 4606 671 4660 ".
708 4603 848 4659 Tum
875 4624 886 4658 :
924 4604 1040 4659 Fac
1064 4607 1157 4659 tibi
1185 4622 1368 4660 arcam
1403 4605 1468 4661 de
1497 4606 1654 4676 lignis
1683 4605 2004 4672 incorruptis
2028 4604 2070 4658 '.

490 4697 558 4750 Et
614 4716 626 4750 :
674 4696 822 4751 Pluit
859 4698 1122 4752 Dominus
1174 4716 1208 4752 a
1267 4699 1495 4752 Domino
1529 4699 1571 4751 ⁸.
1623 4698 1756 4752 Item
1812 4695 2077 4752 Dominus

489 4786 660 4858 Moysi
694 4807 706 4842 :
738 4787 850 4858 Ego
879 4805 997 4842 sum
1033 4789 1197 4843 Deus-
1224 4789 1519 4855 Abraham,
1565 4799 1614 4842 et
1644 4789 1782 4843 Deus
1814 4787 1995 4854 Isaac,
2027 4799 2079 4844 et

487 4878 630 4932 Deus
653 4878 821 4933 Jacob
842 4881 907 4933 ιθ.
940 4880 1249 4947 Quinetiam
1274 4881 1444 4936 David
1476 4905 1486 4936 ;
1513 4881 1664 4935 Dia-it
1691 4880 1950 4936 Dominus
1972 4881 2078 4936 Do-

488 4971 632 5024 mino
666 4988 778 5026 meo
803 4988 820 5025 :
853 4971 986 5028 Sede
1015 4991 1048 5027 a
1073 4972 1274 5028 dextris
1309 4975 1452 5028 meis
1471 4975 1533 5029 ¹¹.
1564 4972 1673 5029 Nec
1700 4974 1852 5029 ullibi
1891 4973 2080 5028 Domi-

489 5078 594 5117 nus
631 5063 796 5118 Deum
827 5081 1020 5128 meum,
1045 5075 1103 5119 et
1133 5066 1298 5121 Deum
1348 5075 1575 5121 vestrum
1606 5069 1926 5121 nominavit.
1960 5065 2078 5120 Ca3-

488 5164 668 5208 terum
712 5156 800 5210 ubi
839 5171 1071 5228 corpore
1104 5167 1294 5214 nostro
1319 5168 1596 5228 suscepto,
1663 5157 1724 5212 In
1760 5169 1903 5213 terra
1935 5160 2078 5214 visus

485 5256 561 5301 est
586 5257 636 5300 et
674 5264 793 5301 cum
833 5249 1134 5304 hominibus
1161 5251 1577 5315 conversatus",
1608 5258 1768 5321 atque
1799 5252 1942 5306 inter
1977 5265 2079 5306 nos

488 5349 812 5396 numeratus
864 5350 988 5407 est;
1043 5350 1178 5397 tunc
1221 5342 1523 5412 discipulos
1590 5359 1720 5399 suos
1768 5345 2074 5414 alloquens,

483 5433 814 5498 quibuscum
833 5431 1111 5501 adaequari
1131 5430 1351 5500 penitus
1367 5430 1484 5480 solo
1501 5436 1728 5494 excepto
1747 5434 1966 5493 peccato
1982 5437 2078 5479 ae-

485 5525 627 5590 buit,
655 5524 821 5578 Deum
847 5540 1018 5578 meum
1051 5521 1213 5588 dixit,
1238 5530 1288 5574 et
1313 5518 1482 5572 Deum
1508 5527 1760 5583 vestrum,
1781 5527 1831 5570 et
1851 5514 2074 5570 Patrem

567 5716 583 5748 ⁴
622 5713 781 5772 Joan.
814 5734 926 5783 xiv,
958 5717 1046 5774 25.
1092 5721 1112 5750 ²
1145 5717 1276 5774 ibid.
1311 5718 1362 5772 6.
1410 5719 1430 5750 ³
1459 5717 1614 5773 Joan.
1643 5735 1715 5774 v1.
1744 5720 1828 5772 Η.

1908 5721 1925 5749 ’⁸
1955 5720 2112 5776 Juan.
2147 5739 2238 5785 xx,
2271 5723 2355 5776 Π.

2173 572 2308 626 Ἐάν
2331 590 2415 637 τις
2445 572 2661 640 ἀνοίξῃ
2692 589 2814 641 μοι,
2853 572 3163 634 είσελθὼν,
3203 570 3317 640 ἐγὼ
3340 568 3440 622 καί
3466 572 3503 623 d
3536 565 3774 634 Πατήρ

2154 680 2274 732 μου
2298 661 2500 731 μονὴν
2519 664 2667 729 ’παρ’
2717 660 2878 726 αὐτῷ
2908 659 3259 730 ποιήσομεν.
3292 658 3402 711 Καὶ
3437 659 3632 712 οὺιιέιιτιι⁵
3682 654 3778 709 εἶ-

2159 773 2282 821 πεν,
2319 757 2791 827 ’Δποοταλήσομαι
2820 755 2928 808 ὑπὸ
2948 754 3043 807 τοῦ
3064 753 3276 825 Πατρός
3303 769 3424 824 μου·
3462 752 3622 822 Ἐγὼ
3652 751 3775 804 καὶ

2160 852 2195 903 ό
2223 848 2424 917 Πατὴρ
2452 847 2782 917 παράὐτῷ,
2815 848 2892 912 ὠς
2910 847 3194 919 κρούοντος
3214 845 3310 898 τοῦ
3341 845 3492 908 Υίοῦ,
3521 845 3626 898 καὶ
3656 841 3777 895 τοῦ

2161 939 2372 1009 Πατρὸς
2429 939 2525 992 σὺν
2574 937 2722 1008 αὐτῷ
2758 937 3164 1009 εἰσερχομένου·
3203 936 3280 999 ὼς
3309 937 3396 989 ἀεὶ
3435 931 3598 1000 εἶναι,
3661 933 3778 986 καὶ

2164 1029 2432 1100 μηδέποτε
2468 1028 2736 1081 διαλιπεῖν
2767 1029 2985 1099 Πατέρα
3014 1028 3123 1082 ἀπὸ
3157 1027 3307 1091 Υίοῦ,
3343 1027 3434 1079 καὶ
3468 1025 3600 1079 Υίὸν
3644 1021 3778 1077 ἀπὸ

2159 1121 2254 1174 τοῦ
2311 1119 2438 1172 ἰδίου
2493 1120 2728 1190 Πατρός.
2783 1119 2873 1172 Διὸ
2932 1119 3026 1172 καί⁵
3063 1119 3121 1171 ὲν
3171 1117 3342 1189 ἑτέρῳ
3389 1117 3539 1187 τόπῳ
3563 1116 3773 1182 λέγει·

2172 1213 2320 1282 Ἐγώ
2369 1214 2487 1282 ειμι
2537 1211 2576 1277 ἠ
2613 1211 2773 1278 ὁδὸς,
2826 1211 2926 1264 καὶ
2978 1209 3054 1264 δι’
3083 1207 3230 1279 ἐμοῦ
3283 1209 3775 1263 εἰσελεύσονται

2160 1304 2313 1373 πρὸς
2353 1304 2461 1358 τὸν
2497 1303 2747 1373 Πατέρα.
2796 1303 2907 1356 Καὶ
2961 1303 3048 1358 ἵνα
3084 1305 3156 1374 μή
3190 1320 3334 1365 τινες
3360 1303 3563 1372 ἥσσονα
3607 1299 3777 1370 πρὸς

2161 1397 2252 1450 τὸν
2309 1397 2532 1468 Πατέρα
2580 1398 2865 1468 νομίσωσι,
2927 1396 3015 1450 διὰ
3068 1397 3128 1448 τὸ
3179 1395 3246 1448 δι’
3275 1393 3438 1446 αὐτοῦ
3481 1392 3630 1464 πρὸς
3667 1391 3778 1443 τὸν

2163 1487 2381 1557 Πατέρα
2437 1487 2682 1550 εἰσιέναι,
2747 1489 2930 1559 φησίνο
2980 1486 3188 1551 Οὐδείς
3237 1485 3550 1538 ἐλεύσεται
3593 1483 3781 1550 πρὸς

2158 1577 2258 1648 μὲ,
2299 1578 2408 1632 ἐὰν
2433 1578 2519 1648 μὴ
2554 1583 2588 1634 ὀ
2617 1579 2820 1648 Πατήρ
2845 1595 2964 1649 μου
2994 1581 3028 1632 ό
3058 1577 3334 1646 οὐράνιος
3361 1575 3594 1640 ἑλκύσῃ
3645 1575 3777 1626 αὐ-

2163 1673 2290 1726 τόν.
2336 1672 2394 1724 '0
2422 1671 2610 1742 Πατὴρ
2640 1667 2734 1726 οὖν
2775 1671 2934 1742 φέρει
2969 1671 3105 1742 πρὸς
3132 1669 3224 1723 τὸν
3256 1668 3403 1731 Υἱδν,
3429 1668 3524 1720 καί
3554 1668 3583 1718 6
3622 1665 3779 1727 Υἱὸς

2164 1761 2322 1832 φέρει
2371 1762 2508 1834 πρὸς
2555 1762 2648 1814 τὸν
2694 1761 2936 1832 Πατέρα,
2985 1759 3225 1830 εἰσφέρει
3271 1759 3329 1811 δὲ
3368 1758 3426 1809 ὲν
3461 1755 3795 1824 Πνεῦμα-σι’

2093 1827 2136 1886 Β
2165 1827 2327 1924 ἀγίῳ.
2364 1827 2477 1905 ’Ᾰεὶ
2507 1851 2617 1924 γὰρ
2658 1827 2889 1905 πάντοτε
2918 1851 2952 1921 ή
2983 1827 3157 1920 Τριάς
3185 1852 3243 1902 ὲν
3271 1849 3369 1919 μιᾷ
3395 1847 3605 1917 ὲνότητι
3635 1845 3780 1898 0εό-

2163 1961 2345 2015 τητος·
2377 1945 2509 2016 τρία
2530 1944 2730 2010 τέλεια,
2775 1944 2873 2015 μία
2901 1942 3110 2016 θεότης.
3145 1941 3257 1996 Καὶ
3286 1940 3532 1994 διέπεσεν
3563 1940 3593 1991 6
3623 1937 3778 1990 τοῦ-

2170 2053 2280 2090 των
2310 2036 2486 2105 λόγος.
3017 2024 3019 2026 ’

2234 2129 2360 2182 NE'.
2393 2128 2562 2182 Πάλιν
2582 2127 2633 2181 δὲ
2655 2128 2922 2198 φάσκουσι
2941 2142 2956 2158 ⁸
2984 2127 3102 2181 Τίνι
3133 2123 3404 2195 τοίνυντῴ
3429 2123 3573 2194 λόγῳ
3597 2123 3783 2195 εἴρη-

2121 2261 2142 2271 -
2163 2237 2261 2274 κεν
2290 2221 2562 2293 ὸΧριστδς
2589 2223 2702 2283 τοῖς
2728 2218 2921 2273 ἑαυτοῦ
2960 2219 3248 2290 μαθηταῖς,
3281 2218 3363 2270 ὅτι
3401 2215 3782 2284 Ἇπέρχομαι

2165 2315 2313 2384 πρὸς
2334 2315 2441 2368 τὸν
2464 2314 2692 2382 Πατέρα
2706 2329 2846 2384 μου,
2880 2311 2978 2364 καί
3008 2309 3239 2379 Πατέρα
3262 2308 3442 2379 ὑμῶν,
3467 2307 3565 2361 καὶ
3598 2308 3785 2361 Θεόγ-

2159 2425 2300 2478 μου,
2337 2407 2433 2461 καί
2471 2406 2619 2462 Θεὸν
2649 2404 2853 2475 ὑμῶν;
2893 2403 2956 2457 El
2993 2404 3173 2457 τοίνυν
3199 2403 3331 2455 Θεὸν
3356 2401 3516 2455 αὑτοῦ
3557 2402 3784 2471 ὁμολο-

2166 2500 2272 2567 γεῖ,
2298 2497 2415 2561 πῶς
2448 2497 2528 2549 ἔτι
2585 2497 2738 2550 ἔσται
2778 2497 2890 2560 ῐσος
2912 2494 3083 2565 αὐτῷ,
3118 2494 3152 2564 ἢ
3195 2493 3286 2546 ὑπ’
3315 2490 3477 2545 αὑτοῦ
3508 2491 3785 2561 γνησίως

2167 2589 2562 2660 γεγεννημένος
2584 2606 2598 2654 ;
2631 2591 2746 2643 Ἵνα
2787 2588 3032 2652 δείξωσιν
3051 2587 3110 2639 ὲν
3133 2586 3298 2638 πᾶσιν
3322 2583 3593 2652 ἀγνωσίαν
3610 2583 3782 2635 Θεοῦ

2168 2683 2365 2745 αὐτοὺς
2402 2682 2567 2752 ἔχειν,
2589 2681 2744 2734 xui."
2773 2682 2830 2733 ὲν
2876 2679 3063 2750 μηδενί
3097 2680 3201 2732 είσι
3229 2673 3504 2748 φιιοτισμῐξιΔ
3528 2675 3626 2728 τοῦ
3659 2677 3786 2729 Εὑ-

2168 2773 2423 2844 αγγελίου
2456 2771 2916 2845 κατηυγασμένοι.
2973 2771 3316 2842 Ψηλαφήσας
3368 2769 3474 2838 γάρ
3517 2784 3604 2830 τις
3672 2769 3785 2820 καὶ

2169 2867 2534 2938 ἀνερευνήσας
2569 2865 2677 2919 ἀπὸ
2711 2863 2805 2918 τοῦ
2832 2863 3047 2927 αἰῶνος,
3071 2864 3166 2916 καὶ
3197 2861 3338 2915 κατὰ
3368 2860 3581 2930 γενεὰν,
3611 2861 3785 2913 εἴσε-

2167 2975 2259 3012 ται
2278 2957 2376 3028 τῆς
2402 2955 2660 3027 ἀληθείας
2681 2955 2782 3025 τῆς
2809 2954 2900 3007 τοῦ
2927 2954 3179 3024 Σωτῆρος
3209 2951 3365 3022 ήμῶν
3386 2951 3595 3013 τελείας
3614 2951 3788 3018 γνὼ-

2172 3065 2310 3112 σεως
2341 3046 2601 3117 καὶπρὸς
2651 3046 2743 3099 τὸν
2793 3045 3014 3116 Πατέρα
3067 3046 3308 3116 ἰσότητος
3353 3043 3451 3115 τὴν
3498 3043 3780 3114 δύναμιν.

2170 3140 2460 3204 Κνίζονται
2482 3138 2540 3192 δὲ
2591 3133 2738 3192 οὗτοι
2774 3138 3053 3208 Ἰουδαῖκῷ
3084 3140 3392 3209 φρονήματι
3428 3137 3785 3208 περιϐεϐλη-

2173 3231 2346 3300 μένοι,
2377 3229 2472 3283 καὶ
2503 3227 2874 3298 ἀγανακτοῦσι
2919 3227 2999 3298 τῷ
3032 3227 3146 3299 Υἱῷ
3174 3227 3270 3280 τοῦ
3309 3227 3462 3289 Θεοῦ,
3502 3227 3800 3298 καθάπερ

2168 3319 2364 3373 ἐκεῖνοι
2404 3319 2607 3389 ἔλεγον,
2657 3319 2740 3372 ὅτι
2784 3319 2862 3372 Δι’
2894 3318 3076 3373 οὐδὲν
3133 3321 3402 3387 πονηρόν
3426 3333 3497 3372 σε
3525 3318 3787 3378 λιθάζο-

2165 3427 2299 3480 per,
2340 3411 2478 3464 ἀλλ’
2517 3409 2627 3476 ὅτι,
2683 3408 2995 3478 ἅνθρωπος
3027 3407 3132 3475 ὢν,
3206 3407 3343 3462 Υἰὸν
3382 3407 3526 3462 Θεοῦ
3566 3409 3788 3460 αὑτὸν

2170 3499 2492 3568 ὀνομάζεις,
2517 3500 2656 3555 ἴσον
2691 3499 2772 3564 τῷ
2796 3497 2920 3564 Θεῷ
2950 3497 3137 3552 ποιῶν
3162 3499 3442 3552 σεαυτόν.
3475 3497 3633 3549 Οὕτω
3674 3500 3787 3551 καὶ

2169 3583 2338 3655 οὗτοι,
2377 3591 2456 3660 τῷ
2485 3590 2635 3661 αὐτῷ
2667 3590 2830 3643 πάθει
2860 3590 2971 3643 τῶν
2996 3589 3305 3661 Φαρισαίων
3357 3589 3449 3641 καί⁵
3486 3587 3788 3641 Ἰουδαίων

2173 3682 2584 3752 περιπεσόντες,
2644 3679 3034 3748 ἀγανακτοῦσι,
3074 3679 3148 3752 μὴ
3191 3679 3432 3742 θέλοντες
3459 3677 3642 3746 λέγειν
3675 3680 3789 3732 τὸν

2172 3774 2302 3828 Υίὸν
2325 3775 2436 3827 ἴσον
2456 3773 2534 3844 τῷ
2554 3773 2927 3844 γεγεννηκότι.
2961 3775 3102 3844 Ὅρα
3129 3773 3237 3844 γάρ
3265 3789 3354 3843 μοι
3378 3771 3476 3842 τὴν
3491 3773 3598 3823 τῶν
3616 3772 3664 3821 Γ
3670 3789 3789 3841 ρας

2173 3867 2291 3936 φῶν
2331 3867 2638 3939 ἀκρίϐειαν,
2673 3866 2756 3919 ὅτι
2807 3864 3045 3937 οὐδαμοῦ
3071 3865 3293 3937 εἴρηκεν
3331 3865 3365 3934 ἠ
3405 3862 3522 3916 θεία
3560 3863 3784 3936 Γραφὴ

2173 3958 2264 4012 τὸν
2289 3957 2446 4026 λόγον
2472 3956 2662 4010 τοῦτον
2693 3956 2799 4027 πρὸ
2825 3955 2926 4027 τῆς
2971 3955 3234 4026 ὲνσάρκου
3263 3953 3560 4026 παρουσίας
3579 3969 3594 3983 ⁸
3629 3955 3780 4008 ἀλλ’

2173 4051 2203 4104 6
2249 4049 2441 4120 Πατὴρ
2476 4047 2556 4119 τῷ
2607 4046 2756 4117 Υίῷ,
2811 4045 3166 4116 Ποιήσωμεν
3207 4046 3538 4113 ἄνθρωπον,
3584 4033 3795 4113 λέγει,

2176 4140 2603 4214 συνδημιουργὸν
2635 4140 2816 4194 καλῶν
2864 4139 2956 4192 τὸν
2984 4139 3132 4205 Υίὸν,
3170 4140 3266 4192 καὶ
3303 4137 3520 4208 γνήσιον
3546 4135 3787 4203 δεικνὺς

2176 4238 2297 4290 κατ’
2344 4235 2584 4306 ἰσότητα.
2641 4234 2752 4287 Ka‘t
2811 4230 3050 4302 οὐδαμοῦ
3081 4231 3301 4302 εἴρηκεν
3349 4231 3379 4282 6
3428 4229 3576 4292 Υἱὸς.
3610 4231 3788 4284 880's-

2173 4345 2310 4398 μου,
2355 4326 2455 4380 καί
2483 4323 2632 4380 Θεὸν
2664 4323 2864 4394 ὑμῶν·
2921 4323 3037 4385 καὶ,
3075 4323 3379 4376 Ἤκουσεν
3436 4318 3620 4388 Ἀδὰμ
3656 4319 3788 4390 τῆς

2176 4418 2384 4490 φωνῆς
2412 4418 2518 4472 τοῦ
2563 4416 2712 4472 Θεοῦ
2751 4413 3224 4485 περιπατοῦντος
3258 4413 3329 4467 ἐν
3357 4411 3438 4477 τῷ
3483 4411 3789 4480 παραδεί-

2105 4535 2150 4590 D
2179 4527 2302 4578 σῳ·
2355 4509 2470 4573 καὶ,
2519 4509 2789 4576 Ποίησον
2858 4504 3096 4570 σεαυτῷ
3144 4503 3392 4559 κιϐωτὸν
3441 4505 3510 4558 ἐκ
3561 4505 3790 4568 ξύλων

2177 4603 2504 4671 ἀσήπτωνο
2565 4601 2684 4666 καὶ,
2716 4599 2966 4669 Ἔϐρεεε
3023 4600 3238 4668 Κύριος
3285 4597 3446 4667 παρὰ
3502 4599 3742 4666 Kvpiov
3767 4618 3784 4632 ·

2174 4696 2290 4760 καὶ,
2312 4690 2463 4748 Εἴπε
2495 4694 2711 4762 Κύριος
2737 4691 2888 4761 πρὸς
2914 4691 3180 4760 Μωῦσῆν
3196 4707 3211 4722 ’
3265 4689 3413 4760 Ἐγώ
3431 4692 3544 4760 εὶμι
3566 4693 3600 4743 ὁ
3620 4691 3788 4759 Θεὸς

2188 4785 2456 4856 Ἀϐραὰμ,
2494 4785 2594 4839 καί
2637 4787 2669 4838 ό
2701 4783 2848 4850 Θεὸς
2883 4776 3117 4846 Ἰσαὰκ,
3169 4783 3265 4836 καὶ
3295 4787 3327 4837 ὀ
3361 4782 3501 4848 Θεὸς
3546 4782 3785 4838 Ἰακώϐ.

2174 4881 2288 4932 Καὶ
2308 4877 2472 4933 Δαϐὶδ
2499 4877 2683 4944 λέγει’
2736 4872 2926 4930 Εἶπεν
2953 4879 2986 4929 ό
3039 4879 3254 4942 Κύριος
3295 4873 3376 4938 τῷ
3397 4872 3588 4940 Κυρίῳ
3612 4889 3751 4939 μου
3769 4891 3784 4904 ο

2175 4970 2376 5026 Κάθου
2399 4970 2468 5023 ἐκ
2493 4968 2709 5033 δεξιῶν
2723 4983 2865 5037 μου.
2891 4965 3004 5020 Καὶ
3044 4965 3279 5036 οὐδαμοῦ
3306 4959 3458 5017 εἶπεν
3481 4965 3509 5016 6
3539 4962 3787 5032 Κύριος,

2178 5064 2328 5116 Θεόν
2347 5078 2467 5130 μου
2508 5059 2606 5113 καί
2645 5057 2794 5112 Θεὸν
2815 5057 3005 5127 ὑμῶν.
3033 5057 3163 5110 Ὅτε
3198 5057 3255 5109 δὲ
3283 5054 3441 5108 ἔλαϐε
3483 5053 3543 5107 τὸ
3565 5054 3790 5124 ἡμέτε-

2179 5171 2269 5225 ρον
2297 5153 2476 5224 σῶμα,
2500 5153 2606 5206 »καὶ
2639 5153 2770 5206 Ἐπὶ
2796 5152 2906 5221 τῆς
2935 5152 3048 5221 γῆς
3068 5151 3255 5221 ὤφθη,
3284 5151 3383 5205 καὶ
3415 5150 3538 5216 τοῖς
3553 5150 3790 5219 ἀνθρὼ-

2174 5262 2312 5311 ποις
2334 5244 2828 5313 συνανεστρὰφη,
2855 5245 2950 5297 καὶ⁹
2983 5246 3042 5297 ὲν
3067 5246 3198 5314 ἡμῖν
3221 5241 3578 5313 κατελογίσθη
3598 5258 3612 5270 ·
3644 5243 3787 5296 τότε

2175 5337 2312 5409 πρὸς
2360 5338 2487 5400 τοὺς
2520 5335 2687 5389 αὑτοῦ
2747 5336 3017 5406 μαθητὰς,
3067 5335 3203 5406 πρὸς
3251 5335 3346 5398 οὒς
3393 5333 3592 5403 ὤφειλε
3627 5335 3789 5388 κατά

2176 5430 2356 5485 πάντα
2383 5429 2716 5500 ὁμοιωθῆναι
2735 5430 2906 5501 χωρὶς
2940 5430 3234 5501 ἁμαρτίας,
3263 5431 3412 5483 Θεόν
3424 5446 3565 5498 μου,
3591 5428 3784 5497 ἔλεγε,

2173 5524 2274 5578 καὶ
2308 5523 2458 5578 Θεὸν
2479 5522 2666 5592 ὑμῶν,
2697 5525 2792 5576 καὶ
2811 5524 3042 5591 Πατέρα
3063 5541 3184 5593 μου
3210 5523 3308 5576 καὶ
3329 5521 3563 5590 Πατέρα
3581 5519 3785 5590 ὑμῶν.

2435 5720 2709 5785 δίοειηα,
2743 5720 2833 5774 55.
2911 5720 2931 5750 ⁵
2958 5717 3091 5772 Gen.
3139 5734 3176 5782 ι,
3213 5716 3302 5772 26.
3379 5718 3400 5748 ν
3431 5714 3568 5772 Gen.
3612 5717 3783 5782 111,8.

493 5789 513 5821 '
547 5789 681 5848 Gen.
713 5807 784 5862 v1,
823 5790 904 5848 14.
983 5792 1002 5824 ⁸
1029 5789 1163 5848 Gen.
1209 5806 1284 5857 ix,
1316 5790 1406 5843 ‘24.
1487 5790 1529 5820 ¹⁰
1557 5789 1724 5844 Exod.
1755 5805 1832 5857 in,
1869 5789 1922 5845 6.
2003 5793 2069 5846 “.

2177 5795 2210 5849 l-.
2239 5809 2348 5859 cur,
2387 5793 2435 5850 l.
2476 5812 2478 5814 '
2518 5794 2558 5824 ¹²
2597 5791 2810 5847 Baruch
2840 5807 2920 5857 ιιι,
2955 5790 3044 5846 58.
3127 5789 3169 5822 ¹³
3207 5788 3266 5843 F.
3303 5790 3384 5842 ὅτι
3410 5789 3489 5842 ὲν.
