1997 3113
89 135 150 164 εεο

467 134 652 163 ADVERSUS
671 135 843 164 [UERESES
863 137 926 165 LIB.
948 137 979 165 ll.
1003 137 1084 165 ΤΟΜ.
1107 137 1137 165 ll.
1156 153 1192 159 -—
1211 139 1348 169 HIERES.
1366 139 1459 168 LXIX.
1475 129 1481 139 ‘

1683 144 1738 173 290

90 192 208 228 Πατέρα
226 200 278 226 μου
305 192 366 227 μὲν,
388 192 460 219 κατὰ
476 192 558 227 φύσιν
587 194 662 229 ὲντῇ
694 193 811 230 θεότητι,
845 195 892 221 καὶ

945 204 1041 228 meum,
1071 202 1095 223 et
1115 197 1220 224 Patrem
1236 201 1360 224 vestrum.
1380 197 1489 226 Patrem
1507 205 1610 233 meum,
1638 205 1737 232 natura

90 239 207 274 Πατέρα
237 239 324 274 ὑμῶν,
353 239 397 266 διὰ
419 239 498 275 χάριν
522 239 556 266 δι’
579 240 630 275 ἐμὲ
646 241 675 266 ὲν
702 242 735 276 τῇ
751 240 889 276 υἱοθεσία·

90 286 172 312 Θεόν
183 293 245 319 μου
261 285 301 316 δὲ,
316 285 356 311 ὅτι
378 285 408 311 τὸ
433 285 566 321 ὑμέτερον
580 285 693 321 σαρκίον
717 286 826 321 εἴληφα,
843 287 892 313 καὶ

91 330 173 357 Θεὸν
186 330 282 364 ὑμῶν,
310 330 382 356 κατὰ
394 329 476 364 φύσιν
500 330 548 357 καὶ
580 330 719 366 ἀλήθειαν.
743 330 798 357 Καὶ
820 330 891 358 οὕτω

90 376 185 403 πάντα
201 376 261 402 ἐστὶ
278 376 352 412 σαφῆ
385 376 433 402 καὶ
453 375 563 411 διαυγῆ,
590 376 638 402 καὶ
663 376 740 403 οὐδὲν
759 377 890 410 ἐναντίον,

92 423 156 450 ἱῦδὲ
171 422 288 450 θανάτου
303 422 485 457 παραπλοκῆς
501 422 562 457 ἔχον
577 420 645 454 εἶδος
663 423 692 449 ὲν
701 424 734 458 τῇ
750 423 809 458 θείᾳ
824 424 892 459 Γρα-

91 470 144 503 φῇ,
156 468 195 500 ὡς
203 465 508 503 οὗτοιπροφασίζονται,
520 468 625 504 πονηρὶ
638 469 743 500 ἑαυτοῖς
757 469 894 496 ἐπινοοῦν-

89 522 150 545 τες.
163 512 277 548 Νομίζω
304 512 333 539 δὲ
359 512 439 538 πάλιν
455 513 502 538 καὶ
529 512 598 547 πρὸς
614 512 692 538 τοῦτο
706 512 806 544 ἱκανῶς
818 513 891 547 ἐχειν

89 559 144 594 τὴν
165 558 266 594 φράσιν
276 567 283 573 ·
298 558 345 585 ent
359 557 386 584 δὲ
401 557 437 584 τὰ
450 558 518 585 ἄλλα
532 557 624 584 λοιπὸν
637 558 828 593 ἐπελεύσομαι.

944 242 1049 269 scilicet
1064 250 1096 270 ac
1110 243 1272 275 divinitate;
1288 243 1395 271 Patrem
1410 249 1543 278 vestrum,
1564 248 1651 282 gratia
1665 249 1737 276 dun-

944 290 1035 319 taxat,
1064 295 1112 322 per
1140 296 1203 321 me,
1237 289 1449 325 adoptionisque
1481 292 1625 322 beneﬁcio.
1651 296 1739 322 Deum

944 339 1040 365 meum,
1066 333 1197 367 quoniam
1223 339 1342 361 vestram
1369 342 1480 364 carnem
1498 340 1624 374 suscepi;
1652 341 1737 368 Deum

944 381 1069 409 vestrum,
1098 379 1248 406 secundum
1273 384 1414 414 naturam,
1441 386 1468 410 et
1495 391 1528 411 ex
1551 385 1591 412 rei
1611 386 1740 415 veritate.

943 422 1003 456 Qua
1025 424 1132 452 ratione
1153 425 1299 453 manifesta
1319 427 1411 454 omnia
1437 434 1470 455 ac
1493 430 1640 465 perspicua
1659 437 1736 465 sunt,

944 476 1032 503 neqtte
1058 470 1207 505 quidquam
1232 472 1400 500 contrarium
1427 479 1479 506 est,
1507 483 1539 502 ac
1562 484 1735 512 repugnans;

944 522 996 543 nec
1011 516 1083 543 ullus
1098 516 1124 543 in
1141 515 1284 552 Scriptura
1302 519 1377 546 locus
1392 520 1563 548 mortiferqu
1575 522 1735 557 quidquam.

946 565 974 588 et
999 561 1144 589 exitiosum
1183 563 1264 591 habet
1290 565 1449 597 admistum,
1467 570 1497 593 ut
1522 567 1569 594 isti
1596 569 1737 602 captanda!

90 607 252 633 occasionis
266 606 354 641 gratia
373 605 457 633 videri
475 606 580 637 volunt,
596 606 641 641 qui
657 607 707 633 sibi
721 606 790 641 ipsis
807 607 961 641 perniciosa
974 610 1098 644 quaedam
1115 611 1272 647 excogitare
1286 612 1384 640 solent.
1402 613 1454 641 Sed
1471 622 1533 641 eum
1548 615 1691 649 hactenus,
1706 620 1737 643 ut

98 654 212 689 opinor,
226 654 260 681 de
276 654 319 681 his
337 653 445 681 abunde
465 653 501 681 sit
515 653 628 685 dictum,
646 661 719 681 nunc
739 654 773 681 ad
787 655 840 681 alia
858 656 1046 685 transibimus.
1731 657 1733 678 ἶ

129 700 203 733 NG’.
220 699 257 726 Τὸ
276 699 351 731 ἅγιον
367 699 422 735 γὰρ
436 698 549 734 Πνεῦμα
562 698 664 734 κτίσμα
677 699 757 725 πάλιν
772 699 889 735 κτίσμα-

90 746 140 778 τός
155 754 238 780 φασιν
249 743 330 779 εῖναι,
359 745 403 772 διὰ
416 745 457 778 τὺ,
483 745 528 772 διὰ
542 744 589 771 τοῦ
613 745 677 772 Υἱοῦ
692 746 727 772 τὰ
743 745 831 772 πάντα
844 754 890 780 γε-

954 721 957 724 «
980 701 1046 729 LVI.
1079 701 1210 738 Spiritum
1239 705 1332 740 itaque
1358 710 1483 733 sanctum
1516 713 1648 736 creatura:
1675 716 1737 737 esse

945 753 1098 775 creaturam
1114 753 1243 777 asserunt
1259 760 1265 777 ε
1284 751 1356 786 quod
1370 759 1418 786 per
1432 752 1530 780 Filium
1555 755 1648 781 omnia
1663 754 1737 782 facta

91 792 240 828 γενῆσοαι,
268 792 306 824 ὡς
322 789 398 819 εἴπεν
412 793 428 828 ὴ
448 792 555 828 Γραφὴ,
574 793 711 823 ἀσυνέτως
725 791 801 824 τινὰς
813 792 890 828 διαρ-

945 793 1008 824 sint,
1023 797 1053 820 ut
1070 793 1212 830 Scriptura
1231 799 1348 823 testatur
1362 797 1383 823 ⁸.
1401 797 1430 824 In
1446 806 1501 832 quo
1517 799 1600 827 stulte
1615 800 1736 827 nonnul-

91 838 242 870 πάζοντες,
257 838 287 864 οὐ
306 837 397 869 καθὼς
417 837 524 874 εἴρηται
548 838 578 864 τὸ
594 838 674 873 ῥητὸν
690 837 807 873 ἔχοντες.
818 838 893 866 γὰλλὰ

91 885 190 916 κακῶς
203 883 389 915 ὑπονοοῦντες,
405 884 451 910 καὶ
465 883 519 910 ἀπὺ
535 883 617 919 ρητοῦ
632 884 662 910 τὸ
674 884 764 915 καλῶς
781 885 893 920 εἰρημέ-

92 940 141 958 νον
157 931 230 958 κατὰ
246 930 296 966 τὴν
315 930 403 966 κακὴν
418 930 508 957 αὐτῶν
520 930 648 957 ὑπόνοιαν
665 931 891 967 παρερμηνεύον-

90 985 152 1008 τες.
166 977 203 1003 Οὐ
217 976 272 1012 γὰρ
286 976 318 1003 τδ
343 976 414 1003 θεῖον
430 975 595 1011 Εὑαγγέλιον
611 977 677 1013 περὶ
696 977 744 1004 τοῦ
763 977 891 1013 [ivstitia-

91 1031 142 1054 τος
163 1023 227 1058 ἔφη,
245 1022 313 1049 ἀλλὰ
328 1023 392 1058 περὶ
407 1022 517 1049 πάντων
531 1022 587 1049 τῶν
604 1023 783 1058 ὲκτισμένων,
797 1024 839 1050 ὃτι
857 1024 892 1051 Et

90 1078 122 1096 τι
137 1069 256 1100 κτιστὺν,
284 1069 328 1096 διὰ
351 1067 398 1095 τοῦ
414 1069 502 1104 Λόγου
519 1069 665 1104 γεγένηται
695 1070 741 1096 καὶ
761 1069 814 1097 ὑπὸ
843 1069 891 1096 τοῦ

92 1114 196 1149 Λόγου.
215 1114 253 1141 Τὰ
266 1115 322 1149 γὰρ
345 1114 444 1141 πάντα
459 1114 496 1141 δι’
511 1114 605 1142 αὑτοῦ
617 1115 749 1150 ἐγένετο·
773 1115 823 1142 καὶ
836 1124 892 1150 χω-

89 1161 142 1194 ρὶς
157 1160 250 1187 αὐτοῦ
273 1160 390 1195 ἐγένετο
408 1160 480 1187 οὐδᾶ
510 1160 553 1187 ἓν.
571 1161 823 1197 Παρεκτεινομένης
841 1161 891 1196 τῆς

92 1205 289 1240 ἀναγνώσεως,
311 1206 368 1241 ἔχει
387 1207 407 1238 ί,
424 1206 439 1232 ὃ
466 1206 593 1241 γέγονεν·
621 1207 664 1234 ἵνα
675 1206 752 1233 οὕτω
771 1207 889 1242 γνωσθῇ,

92 1253 137 1280 ὅτι
154 1252 244 1280 πάντα
259 1252 291 1279 δι’
303 1252 387 1279 αὐτοῦ
398 1252 517 1287 ἐγένετο,
533 1253 580 1280 καὶ
593 1253 678 1288 χωρὶς
689 1253 772 1280 αὐτοῦ
783 1253 891 1288 ἐγένετο

93 1298 159 1325 οὐδὲ
174 1299 221 1325 ἓν·
245 1296 305 1325 εἶτα
319 1299 419 1325 πάλιν·
440 1299 491 1326 Ἐν
503 1299 584 1332 αὐτῷ
597 1298 654 1333 ζωὴ
670 1297 719 1334 ἦν.
741 1298 815 1326 "Rat
836 1299 891 1335 γὰρ

94 1344 146 1371 καὶ
168 1345 197 1370 ὲν
215 1343 303 1379 τούτῳ
317 1343 495 1380 πληρωθῆναι
518 1344 569 1379 τὴν
593 1344 640 1370 τοῦ
666 1344 745 1378 ἁγίου
766 1343 889 1371 Ἰωάννου

94 1389 270 1422 ἀκολουθίαν,
283 1391 313 1417 ὲν
324 1389 363 1425 τῷ
379 1390 435 1417 ὄντι
455 1389 490 1417 τὰ
502 1389 567 1416 ὄντα
579 1391 589 1406 ¹
617 1389 833 1425 πεπληρωμένος
846 1389 890 1415 ἀεὶ

94 1435 314 1471 ὁμολογούμενα.
345 1435 397 1463 Ἐν
410 1435 490 1471 ἀρχῇ
518 1436 572 1471 γὰρ
587 1433 627 1471 ἦν
651 1437 668 1462 ό
684 1436 788 1470 Λόκρος,
805 1435 853 1462 καὶ
873 1436 890 1462 ό

944 839 985 867 los
1000 840 1027 866 in
1054 848 1174 868 errorem
1191 841 1340 874 abducunt,
1364 842 1428 870 dum
1453 843 1603 879 Scriptura:
1627 849 1736 872 senten-

944 885 1021 917 tiam,
1034 893 1088 913 non
1101 890 1131 914 ut
1144 891 1277 922 concepta
1293 891 1345 919 est,
1364 888 1517 923 proferunt,
1533 890 1580 918 sed
1594 898 1736 926 perperam

943 929 1137 966 intelligentes,
1163 932 1236 967 quod
1262 933 1392 967 praeclare
1417 939 1580 971 conceptum
1606 938 1649 963 est
1665 935 1737 962 male

943 977 1104 1012 accipiendo
1142 978 1401 1016 interpretandoque
1441 980 1600 1015 depravant.
1641 980 1738 1015 Neque

943 1022 1017 1050 enim
1037 1022 1214 1059 Evangelium
1229 1025 1264 1052 de
1280 1025 1384 1060 Spiritu
1402 1026 1532 1061 loquitur.
1548 1025 1596 1054 sed
1610 1026 1645 1053 de
1658 1033 1739 1053 crea-.

942 1069 978 1097 tis
999 1070 1082 1097 rebus
1108 1070 1254 1105 omnibus;
1285 1071 1366 1106 idque
1387 1079 1471 1098 unum
1496 1071 1617 1098 declarat
1632 1080 1639 1098 :
1654 1071 1736 1106 quid-

942 1113 1008 1148 quid
1027 1118 1149 1141 creatum
1173 1119 1225 1147 est,
1244 1122 1292 1150 per
1308 1115 1427 1143 Verbum
1450 1116 1532 1151 779
1550 1119 1577 1143 et
1604 1123 1619 1143 a
1644 1115 1736 1144 Verbo

942 1158 1029 1186 fuisse
1052 1159 1226 1194 productum.
1255 1161 1352 1187 Omnia
1389 1161 1459 1188 enim
1480 1169 1527 1195 per
1551 1162 1637 1195 ipsum
1663 1161 1739 1196 facta

942 1208 1015 1236 sunt,
1029 1208 1053 1231 et
1070 1205 1127 1231 sine
1149 1205 1207 1239 ipso
1222 1205 1322 1239 factum
1342 1211 1381 1233 est
1400 1206 1467 1233 nihil
1484 1206 1505 1232 '.
1526 1205 1576 1233 Ubi
1600 1207 1735 1234 sententia

942 1248 976 1275 ad
993 1249 1050 1277 haec
1075 1257 1162 1285 usque
1181 1252 1276 1282 verba,
1292 1251 1361 1286 quod
1384 1251 1486 1286 factum
1503 1255 1553 1283 est,
1575 1252 1734 1279 continuari

941 1295 1037 1326 debet,
1066 1300 1096 1322 ut
1121 1297 1159 1323 ita
1182 1296 1333 1328 discamus,
1359 1299 1450 1325 omnia
1481 1305 1530 1333 per
1554 1298 1642 1332 ipsum
1674 1305 1737 1326 esse

941 1340 1023 1374 facta,
1040 1345 1067 1368 et
1085 1342 1144 1369 sine
1170 1343 1231 1377 ipso
1253 1342 1354 1370 factum
1376 1344 1454 1370 nihil.
1482 1343 1584 1371 Deinde
1601 1353 1608 1370 :
1624 1343 1657 1370 In
1678 1344 1735 1378 ipso

941 1388 995 1414 rita
1012 1393 1069 1415 eral
1081 1389 1101 1415 ⁸.
1122 1388 1226 1423 Quippe
1245 1389 1272 1416 in
1292 1390 1344 1417 hoc
1367 1390 1498 1417 instituta:
1519 1397 1534 1416 a
1554 1388 1658 1416 Joanne
1671 1397 1737 1416 ora-

942 1433 1025 1461 tionis
1044 1435 1268 1469 consequentiam
1286 1435 1392 1470 impleri
1402 1436 1534 1470 oportuit,
1551 1439 1581 1462 ut
1596 1436 1624 1462 in
1641 1435 1734 1462 Verbo

94 1482 195 1516 Λόγγος
210 1479 251 1517 ἦν
272 1481 348 1516 πρὸς
368 1480 422 1509 τὸν
437 1481 521 1513 Θεὸν,
547 1481 596 1508 καὶ
615 1481 686 1514 Θεὸς
700 1479 739 1517 ἦν
758 1483 774 1508 ό
786 1482 891 1516 Λόγος.

945 1479 1017 1514 quod
1033 1482 1086 1511 est,
1099 1487 1160 1514 qua:
1173 1484 1237 1507 sunt
1252 1480 1343 1507 omnia
1357 1481 1477 1515 perfecte
1492 1481 1583 1511 inesse
1595 1482 1737 1508 communi

104 1526 215 1561 Ἐπειδὴ
233 1524 283 1561 ἦν,
310 1527 357 1553 καὶ
377 1524 424 1562 ἦν,
450 1526 497 1553 καὶ
512 1524 569 1561 ἦν·
589 1527 635 1553 καὶ
656 1525 690 1553 τὰ
703 1527 732 1552 ἐν
745 1526 819 1561 αὑτῴ
836 1526 891 1560 ζωὴ

94 1570 148 1607 ἦν,
176 1572 225 1599 καὶ
238 1570 280 1607 ἦν
294 1573 327 1599 τὸ
357 1572 420 1607 φῶς
435 1572 469 1599 τὸ
492 1572 648 1606 ἀληθινὸν,
677 1573 723 1599 καί
750 1572 782 1599 τὸ
799 1573 835 1599 ἐν
853 1571 894 1606 τῷ

95 1619 205 1652 κόσμῳ
219 1616 270 1654 ἦν,
298 1618 344 1644 καὶ
365 1619 416 1645 ὅσα
434 1618 497 1654 περὶ
509 1618 604 1645 τούτου
625 1616 669 1654 ἦν,
690 1619 722 1645 ὲκ
736 1618 894 1654 Πνεύματος

97 1664 180 1698 ἁγίου
199 1663 341 1699 σαφηνίζει
363 1664 377 1690 ὁ
399 1664 534 1699 μακάριος
550 1664 688 1700 Ἰωάννης,
714 1663 746 1690 τὸ
757 1664 847 1691 πάντα
860 1663 894 1691 δι’

98 1709 182 1736 αὑτοῦ
201 1709 308 1743 ἐγένετο
319 1710 353 1737 τὰ
363 1710 507 1745 γενόμενα.
529 1710 665 1747 Ἀνώτερα
678 1710 689 1726 ³
710 1710 738 1737 δὲ
748 1710 802 1737 τῶν
818 1718 894 1745 γενοο

102 1755 194 1790 μένων
220 1755 302 1787 αὐτὸς
315 1756 329 1782 ὁ
342 1755 378 1782 τὰ
394 1756 484 1783 πάντα
509 1757 635 1791 ποιήσας.
650 1756 732 1791 Λέγει
747 1756 774 1783 δὲ
788 1757 805 1791 ὴ
822 1756 895 1791 Γρα-

100 1801 138 1836 φὴ
169 1801 204 1827 δι’
230 1800 313 1828 αὑτοῦ
340 1802 428 1829 πάντα
457 1802 615 1836 γεγονέναι-
644 1802 694 1828 οὐκ
716 1801 842 1837 ὠνόμασε
866 1801 895 1828 δὲ

100 1847 167 1874 ποῖά
177 1848 235 1874 ἐστι
248 1848 281 1874 τὰ
295 1848 435 1882 γεγονότα.
462 1848 589 1874 Ὑπύνοια
601 1848 656 1883 γὰρ
669 1847 787 1883 οὐδαμοῦ
796 1845 831 1883 ἦν
847 1856 896 1874 πο-

100 1893 209 1929 νηρίας,
230 1893 274 1920 ἵνα
299 1894 336 1929 μή
361 1902 434 1925 τινες
461 1894 679 1929 ὑπονοήσωσιτὰ
704 1894 741 1929 μὴ
759 1893 834 1925 ὅντα,
848 1893 896 1920 καὶ

102 1939 322 1975 βλασφημήσωσι
350 1940 381 1966 τὺ
402 1940 536 1975 ἄτρεπτον
563 1939 611 1967 καὶ
623 1939 800 1967 ἀναλλοίωτον
819 1939 896 1974 ἅγιον

101 1985 169 2011 Θεοῦ
190 1984 312 2020 Πνεῦμα.
337 1985 377 2011 Δι’
402 1985 501 2017 αὐτοὺς
517 1985 571 2021 γάρ
597 1993 681 2021 φησιν
699 1985 714 2011 ὁ
727 1985 838 2020 Κύριος,
856 1985 896 2011 ὅτι

107 2030 181 2058 Ἐάν
199 2039 243 2064 τις
257 2031 327 2066 alam
337 2032 431 2066 λόγον
444 2032 488 2064 εἰς
502 2031 556 2059 τὸν
577 2031 645 2059 Υιὸν
660 2031 715 2058 τοῦ
727 2029 896 2064 ἀνθρώπου,

100 2076 286 2111 ἀφεθήσεται
302 2076 391 2109 αὐτῷ.
412 2076 530 2112 Ἐὰν,δέ
548 2085 576 2103 τι
605 2076 684 2103 εἴποι
697 2077 741 2109 εὶς
757 2076 790 2103 τὸ
812 2076 898 2110 ἄτιον

101 2122 235 2157 Πνεῦμα,
255 2123 310 2149 οὐκ
331 2122 514 2157 ἀφεθήσεται
539 2122 631 2155 αὐτῷ,
649 2121 720 2149 οὐδὲ
738 2119 806 2154 ὦδε,
825 2121 896 2148 οὐδὲ

101 2169 136 2195 ἐν
150 2150 190 2200 af;
199 2150 449 2202 ltillor’rtizléilh
468 2168 583 2195 Ἦλίθιον
599 2150 653 2203 γαρ
668 2168 763 2194 ὲστιτὸ
780 2150 833 2194 πῦῐν
847 2167 895 2194 τοῦ
911 2150 935 2179 D

102 2213 185 2240 αὐτοῦ
202 2213 292 2248 λόγου.
320 2213 399 2240 Κατὰ
424 2213 452 2240 δὲ
467 2213 516 2248 τὴν
541 2212 701 2248 βλάσφημον
724 2213 812 2239 αὐτῶν
831 2212 897 2239 ὑπό-

103 2268 178 2286 νοιαν
206 2259 353 2293 ἀντιλέξειέ
370 2268 412 2291 τις
427 2260 529 2291 αὐτοῖς,
552 2259 599 2286 καὶ
618 2259 690 2285 εἴποι
703 2267 710 2274 ·
732 2256 768 2285 Ὦ
779 2260 896 2293 γενναῖοι

103 2305 241 2340 σοφισταὶ,
255 2305 302 2331 καὶ
327 2304 381 2331 τῶν
407 2304 492 2339 λόγων
509 2304 693 2339 διαστροφεῖςι
721 2304 746 2330 οἱ
769 2303 898 2338 βουλόμε-

104 2360 143 2378 νοι
167 2351 216 2377 σὺν
239 2350 295 2382 τοῖς
319 2350 458 2384 γεγονόσιν
478 2349 605 2385 ἀριθμεῖν
631 2349 661 2376 τὸ
681 2350 759 2384 ἅγιον
784 2348 897 2384 Πνεῦμα

102 2396 151 2424 τοῦ
176 2396 255 2429 Θεοῦ,
272 2396 315 2423 διὰ
340 2395 370 2422 τὸ
393 2395 474 2431 ῥητὸν
499 2395 539 2428 τὸ,
561 2395 601 2422 Δι’
622 2395 715 2422 αὐτοῦ
736 2394 773 2422 τὰ
795 2395 894 2421 πάντα

103 2441 234 2477 ἐγένετο,
258 2440 312 2467 ἀπὸ
340 2440 386 2466 τοῦ
405 2441 502 2472 εἰπεῖν,
517 2440 558 2466 ὃτι
583 2439 690 2472 πάντα,
704 2439 828 2476 μηδαμοῦ
849 2439 894 2466 ἥν-

104 2495 150 2519 τος
176 2487 224 2513 σὺν
244 2487 327 2513 πᾶσιν
341 2485 541 2521 ἀριθμουμένου
566 2484 613 2511 τοῦ
630 2485 708 2519 ἁγίου
726 2485 894 2520 Πνεύματος.

107 2534 179 2569 ’Ἄρα
199 2532 264 2567 γοῦν
290 2533 338 2559 καὶ
357 2532 529 2567 διανοηθῆναι
548 2531 669 2566 ὀφείλετε
682 2551 689 2563 ,
709 2531 726 2566 ἢ
747 2531 795 2557 καὶ
818 2530 896 2563 ἄλλος

105 2589 146 2613 τις
172 2581 271 2617 χείρων
288 2579 365 2617 ὑμῶν
392 2579 496 2615 ἕτερος,
522 2577 628 2605 καὶτὸν
643 2578 753 2614 Πατέρα
775 2577 819 2604 διὰ
849 2576 896 2603 τοῦ

106 2626 170 2653 Υίοῦ
195 2626 346 2661 γεγονέναι,
369 2625 440 2652 κατὰ
470 2625 518 2661 τὴν
544 2624 701 2659 βλάσφημον
725 2623 802 2659 ὑμῶν
827 2623 895 2650 ὑπό-

106 2682 188 2701 νοιαν.
215 2669 299 2708 Ἐμοῦ
329 2671 382 2707 γὰρ
410 2671 661 2707 συμπεριληπτικός
685 2672 758 2697 ἐστιν
778 2671 792 2700 ὁ
818 2668 896 2704 λόγος

104 2720 216 2756 φάσκων
237 2720 271 2747 τὰ
286 2720 374 2747 πάντα
391 2718 423 2745 δι’
436 2718 518 2745 αὺτοῦ
547 2718 698 2753 γεγονέναι.
724 2718 756 2744 Εἰ
770 2717 798 2744 δὲ
817 2717 897 2752 βλάσ-

136 2811 145 2827 ¹
160 2809 191 2837 F-
220 2808 328 2844 μέχρις·

97 2844 187 2875 'ilx'd.
206 2843 235 2873 9.
258 2843 285 2861 ⁷⁵
298 2843 365 2871 ibid.
382 2843 426 2870 lO.

386 2808 396 2823 ²
413 2807 443 2833 F.
455 2806 686 2842 πεπληρωμένως.

741 2806 751 2820 ³
770 2804 800 2841 F.
817 2805 957 2841 ἀνωτέρω.
1002 2806 1013 2822 δ
1027 2805 1106 2834 Joan.
1123 2813 1142 2839 ι,
1159 2806 1185 2833 3.

465 2843 486 2858 ¹⁰
503 2840 598 2869 nam;
618 2849 667 2876 xu,
684 2841 715 2869 51
732 2849 738 2874 ;
756 2840 839 2868 Marc.
862 2840 963 2874 tu,'28.

946 1525 1120 1553 confessione
1136 1529 1285 1553 constaret.
1313 1525 1345 1552 In
1366 1527 1484 1561 principe
1503 1527 1575 1554 enim
1594 1532 1652 1553 erat
1674 1526 1736 1553 Ver-

945 1571 1017 1604 bum,
1032 1576 1056 1599 et
1078 1571 1188 1598 Verbum
1203 1577 1260 1599 erat
1276 1572 1345 1607 apud
1360 1572 1455 1604 Deum,
1469 1577 1494 1599 et
1513 1572 1582 1599 Deus
1598 1577 1654 1600 erat
1673 1572 1736 1599 Ver-

945 1618 1005 1645 bum
1017 1618 1038 1645 ⁷.
1067 1617 1291 1653 Quandoquidem
1315 1623 1383 1651 erat,
1416 1622 1443 1645 et
1465 1623 1533 1651 erat,
1562 1623 1588 1647 et
1614 1624 1692 1646 erat:
1708 1623 1736 1647 et

944 1664 997 1691 vita
1010 1669 1096 1697 erant,
1112 1672 1172 1699 qua!
1185 1665 1211 1691 in
1227 1665 1287 1700 ipso
1304 1669 1368 1692 sunt
1384 1674 1390 1691 ε
1407 1669 1434 1692 et
1450 1671 1508 1692 erat
1522 1666 1568 1692 tua:
1584 1674 1645 1693 vera
1665 1667 1687 1698 ⁸,
1707 1670 1733 1693 et

944 1710 971 1736 in
994 1709 1093 1737 mundo
1122 1711 1209 1741 εναιθ,
1231 1718 1263 1737 ac
1279 1718 1339 1745 quae
1356 1711 1389 1738 ad
1408 1711 1459 1738 hoc
1482 1712 1570 1746 ipsum
1586 1712 1737 1739 attinebant

945 1756 1033 1784 sancti
1068 1755 1188 1791 Spiritus
1213 1756 1303 1783 alllatu
1336 1756 1432 1784 beatus
1458 1756 1577 1784 Joannes
1604 1757 1735 1786 declarat.

945 1800 1054 1832 Omnia,
1072 1802 1171 1836 inquit,
1199 1809 1246 1836 per
1274 1802 1363 1836 ipsum
1390 1801 1461 1829 facta
1489 1805 1562 1833 sunt,
1579 1810 1639 1836 qua:
1665 1802 1736 1829 facta

946 1850 1021 1874 stmt.
1039 1846 1126 1874 Porro
1146 1854 1229 1881 supra
1246 1854 1277 1874 ea
1295 1855 1356 1882 quae
1371 1846 1441 1874 facta
1464 1852 1528 1875 sunt
1544 1848 1589 1875 ille
1603 1849 1738 1875 constitu-

946 1896 992 1928 tus
1005 1895 1058 1924 est,
1073 1899 1088 1919 a
1102 1899 1157 1927 quo
1170 1892 1240 1919 facta
1258 1896 1323 1920 sunt
1344 1893 1447 1919 omnia.
1464 1892 1541 1925 Quod
1554 1897 1644 1920 autern
1663 1893 1738 1920 Scri-

946 1941 1027 1973 ptura
1045 1945 1108 1965 cum
1132 1938 1247 1966 dixisset
1273 1937 1345 1965 facta
1366 1945 1426 1965 esse
1450 1946 1498 1973 per
1517 1939 1606 1973 ipsum
1627 1939 1736 1971 omnia;

946 1991 1071 2022 quaenam
1081 1984 1125 2011 illa
1137 1983 1225 2011 forent
1238 1984 1399 2011 nominatim
1413 1984 1484 2011 haud
1494 1986 1669 2019 expresserit,
1679 1985 1736 2012 liazc

947 2037 1009 2057 esse
1023 2036 1106 2057 causa
1126 2030 1244 2062 videtur,
1261 2030 1332 2065 quod
1350 2029 1424 2056 nulla
1445 2034 1501 2056 tum
1517 2034 1590 2057 esset
1602 2030 1737 2065 ejusmodi

948 2066 1137 2110 improbitatis.
1163 2075 1295 2110 suspicio,
1314 2080 1343 2102 ut
1374 2076 1495 2103 nonnulli
1519 2075 1585 2103 falsa
1613 2076 1737 2110 quaedam

949 2122 1001 2150 sibi
1019 2122 1149 2157 opinione
1174 2122 1305 2157 fingentes
1333 2122 1464 2149 adversus
1492 2122 1687 2148 immutabilem
1705 2129 1737 2149 ae

950 2172 1076 2196 sanctum
1094 2168 1140 2195 Dei
1156 2168 1288 2203 Spiritum
1304 2168 1509 2195 contumeliosis
1521 2168 1636 2195 vocibus
1651 2168 1736 2195 aude-

947 2217 1009 2241 rent
1036 2213 1187 2247 insurgere.
1212 2211 1249 2239 De
1269 2212 1324 2240 illis
1349 2212 1421 2240 enim
1449 2212 1606 2247 accipienda
1629 2217 1671 2241 est
1693 2213 1738 2240 illa

947 2258 1056 2286 Domini
1073 2257 1225 2285 sententia:
1242 2257 1271 2284 Si
1286 2258 1343 2292 quis
1367 2257 1465 2285 dixerit
1476 2258 1579 2285 verbum
1594 2259 1620 2284 in
1637 2257 1738 2285 Filium

948 2304 1073 2338 hominis,
1093 2304 1241 2331 remittetur
1256 2305 1317 2338 ipsi.
1333 2303 1381 2331 Sin
1404 2309 1491 2331 autem
1512 2305 1607 2332 dixerit
1630 2306 1655 2331 in
1676 2305 1738 2340 Spi-

948 2350 1029 2376 ritum
1045 2354 1177 2380 sanctum,
1199 2357 1251 2376 non
1270 2350 1418 2376 remittetur
1437 2350 1500 2384 ipsi.
1526 2359 1606 2384 neque
1620 2351 1672 2383 hic,
1694 2360 1739 2378 ne-

942 2404 991 2431 que
1007 2396 1034 2422 in
1049 2395 1140 2429 futuro
1160 2395 1257 2422 sa‘culo
1272 2396 1305 2424 ¹⁰.
1330 2395 1364 2422 Et
1377 2404 1442 2423 vero
1460 2396 1635 2424 slolidissima
1651 2403 1693 2425 est
1706 2398 1740 2424 il-

945 2440 1034 2469 lorum
1062 2442 1142 2468 ratio.
1160 2441 1216 2468 lmo
1239 2449 1305 2469 vero
1322 2449 1355 2469 ex
1372 2442 1423 2469 hac
1449 2442 1570 2477 ipsorum
1597 2444 1737 2478 opinione,

948 2494 1009 2522 qua:
1026 2494 1088 2515 cum
1112 2494 1220 2515 summa
1247 2487 1275 2514 in
1297 2486 1382 2514 Deum
1402 2488 1567 2515 contumelia
1591 2488 1738 2522 conjuncta

949 2540 1001 2566 est,
1018 2534 1058 2562 sic
1072 2541 1120 2561 eos
1135 2541 1302 2569 oppugnare,
1318 2538 1346 2560 et
1373 2533 1406 2560 ad
1421 2541 1482 2561 eum
1500 2533 1610 2561 modum
1635 2533 1739 2560 instare

951 2581 1013 2608 licet
1027 2589 1034 2607 :
1049 2579 1071 2607 0
1084 2580 1207 2615 praeclari
1224 2579 1353 2614 sophistae
1365 2587 1396 2606 ac
1412 2579 1660 2615 detorquendorum
1680 2586 1739 2606 ver-

950 2626 1046 2653 borum
1062 2626 1191 2658 artiiiccs,
1203 2626 1303 2660 quibus
1317 2629 1461 2661 propterea
1474 2629 1598 2653 sanctum
1614 2625 1659 2652 Dei
1676 2624 1738 2658 Spi-

950 2673 1033 2699 ritum
1050 2672 1083 2699 iis
1099 2672 1180 2700 rebus
1195 2680 1254 2707 qua:
1269 2671 1347 2699 factae
1370 2676 1434 2699 sunt
1461 2671 1635 2698 annumerari
1661 2671 1737 2701 libet.

951 2718 1022 2753 quod
1039 2717 1076 2744 ita
1094 2718 1224 2753 scriptum
1240 2717 1293 2746 sit:
1307 2717 1360 2744 Per
1374 2717 1460 2751 ipsum
1474 2716 1564 2742 omnia
1577 2716 1650 2750 facta
1665 2721 1737 2743 sunt.

1241 2806 1252 2822 ³
1267 2804 1331 2833 ibid.
1352 2805 1378 2832 Δ.

1428 2805 1437 2821 ⁸
1462 2803 1529 2833 ibid.
1595 2803 1605 2820 ⁷
1626 2803 1692 2832 ibid.
1711 2804 1738 2832 Ι.
