3994 6226
505 269 605 326 Nl
1254 282 1261 288 ’
1925 276 1982 333 S.
2022 273 2371 330 EPIPIIANII
3703 279 3831 335 291

510 395 872 464 Consequens
899 393 1063 463 igitur
1106 403 1192 450 est
1221 402 1284 449 ut
1327 393 1520 450 eadem
1573 407 1672 448 vos
1705 394 1938 459 ratione,
1992 391 2077 447 vel

2248 408 2377 461 τιμον
2404 390 2532 461 περὶ
2568 390 2659 443 τοῦ
2704 390 2918 461 Πατρδς
2961 391 3269 460 λογίζεσθαι
3302 393 3365 449 τδ
3386 395 3662 460 τοιοῦτον,
3714 401 3825 450 καὶ

516 488 661 542 alius
690 487 816 557 quis
844 487 1001 541 vobis
1025 487 1267 542 deterior
1294 487 1366 541 ita
1398 488 1583 541 animo
1622 485 1900 555 concipiat
1925 504 1937 538 :
1981 483 2084 538 Pa-

2253 480 2403 551 υρον,
2433 480 2496 533 τὸ
2539 480 2729 550 ὅμοιον
2751 481 2845 535 καὶ
2878 483 2971 535 ἐπὶ
2997 486 3110 546 τοῖς
3141 484 3543 555 διανοουμένοις
3575 488 3685 540 ἐπὶ
3716 488 3830 541 τοῦ

513 589 653 634 tum
678 580 857 648 ipsum
875 593 973 647 per
990 577 1189 633 Filium
1208 593 1333 633 esse
1365 576 1593 639 tactum,
1614 592 1678 632 ex
1710 577 1878 647 impia
1902 586 2083 631 vestra

2255 572 2351 626 νίου
2381 571 2714 642 Πνεύματος.
2771 572 2866 626 τοῦ
2909 574 3009 627 σὺν
3043 577 3220 648 Πατρὶ
3257 578 3681 650 ἀριθμουμένου
3718 582 3832 633 καὶ

509 670 803 725 sententia.
838 668 1150 725 Generatim
1179 670 1383 740 quippe
1413 678 1678 738 concepta
1730 677 1813 723 est
1859 667 2039 722 oratio
2068 683 2085 721 :

2253 661 2329 733 ίῷ.
2357 663 2420 715 Ei
2452 661 2561 733 γὰρ
2594 658 2662 733 ἦν
2720 662 2830 716 τῶν
2860 665 3182 734 γεγονότων,
3214 668 3315 721 οὐκ
3332 668 3400 722 ἂν
3427 670 3505 740 τῷ
3546 670 3830 742 axz-imp

509 759 698 815 omnia
747 775 846 830 per
892 760 1073 829 ipsum
1130 774 1256 815 esse
1309 758 1474 814 facta.
1532 758 1743 825 Quodsi
1796 759 1905 814 tale
1948 758 2086 828 quid

2255 754 2370 824 ιτρὶ
2400 753 2494 808 καὶ
2524 753 2637 825 Υίῴ
2659 754 2902 825 ἀκτίστῳ
2928 758 3331 829 συνηριθμεῖτο.
3374 760 3509 813 Ἀλλ’
3531 762 3620 815 ὅτι
3652 762 3832 815 ἄκτι-

510 852 580 906 de
618 850 784 906 Patre
830 851 1101 919 suspicari
1156 852 1385 921 impium
1442 865 1509 906 ac
1560 850 1821 906 stolidum
1855 859 1980 913 est;
2033 850 2087 905 id

2251 848 2320 899 :6v
2345 848 2514 909 ἐστιν,
2559 847 2995 919 συναριθμεῖται.
3031 848 3167 903 Eine
3201 851 3310 923 γάρ
3337 868 3352 883 ·
3400 854 3828 920 Ἀπελθόντες

510 944 691 1013 ipsum
715 956 769 999 et
791 944 858 999 de
883 945 995 1000 illis
1022 944 1453 1000 existimandum
1479 944 1669 1013 estqui
1694 943 1799 997 hoc
1822 942 1888 997 ad
1921 940 2087 1012 Spiri-

2249 941 2529 994 Mtlaats
2556 942 2646 1006 είς
2673 941 2862 1009 ὄνομα
2885 942 3135 1009 Πατρός,
3167 943 3265 996 καὶ
3298 944 3452 1010 Ποῦ,
3478 946 3581 1000 καὶ
3612 947 3826 1016 ἁγίου

502 1048 619 1091 tum
654 1044 910 1091 sanctum
949 1036 1313 1102 transferunt,
1348 1035 1443 1107 qui
1478 1050 1603 1089 cum
1635 1033 1796 1090 Patre
1846 1033 2079 1104 Filioque

2251 1034 2558 1101 νεύματος.
2597 1032 2727 1097 Πῶς
2756 1032 2812 1086 δὲ
2840 1032 3058 1086 κτιστδν
3091 1034 3176 1104 εἴη
3213 1035 3275 1088 τὸ
3309 1034 3533 1106 Πνεῦμα
3556 1037 3620 1091 τὸ
3660 1056 3828 1109 μαρ-

500 1134 850 1179 numerautr.
885 1122 1021 1177 Nam
1070 1125 1118 1179 si
1153 1139 1335 1180 rerum
1374 1124 1645 1178 factarum
1687 1122 1879 1177 ordine
1907 1123 2077 1177 conti-

2247 1123 2544 1195 ιρούμενον,
2580 1124 2662 1176 ὅτι
2710 1123 2813 1177 Ἐκ
2843 1122 2950 1177 τοῦ
2983 1124 3217 1192 Πατρός
3244 1124 3664 1201 ἐκπορεύετᾳι,
3707 1128 3824 1181 καὶ

506 1226 755 1280 ueretur,
785 1232 913 1271 eum
952 1217 1196 1272 increato
1247 1215 1409 1271 Patre
1437 1224 1491 1271 et
1541 1215 1787 1269 increato
1814 1212 1955 1269 Filio
1995 1230 2083 1270 ne-

2249 1230 2262 1265 ι
2288 1213 2395 1267 τοῦ
2427 1212 2576 1282 ἐμοῦ
2611 1212 2902 1281 λαμϐάνει
2918 1230 2938 1279 ;
2976 1213 3042 1266 δι’
3070 1209 3133 1268 οὗ
3160 1215 3309 1285 καὶὴ
3337 1215 3517 1271 τελεία
3554 1217 3685 1270 τῶν
3716 1218 3826 1271 ἀν-

498 1322 780 1378 quaquam
824 1306 1201 1364 numerandus
1234 1317 1420 1375 esset;
1474 1306 1570 1363 sed
1616 1306 1762 1376 quod
1812 1307 2075 1361 increatut

2245 1304 2429 1358 >ώπων
2457 1305 2722 1376 σωτηρία.
2776 1305 2870 1359 καὶ
2908 1304 3170 1377 ἐνσαρκος
3226 1309 3527 1379 οίκονομία,
3570 1312 3664 1373 είς
3698 1312 3822 1363 πᾶ-

500 1400 596 1464 sit,
631 1400 841 1455 idcirco
871 1408 1210 1456 numeratur.
1245 1401 1409 1470 780
1434 1400 1691 1456 Christus
1722 1398 1871 1455 enim
1908 1398 2077 1454 dixit:

2247 1413 2293 1450 ιν
2320 1396 2606 1450 δικαίωσιν
2631 1396 2943 1469 ἐπληρώθη.
2975 1399 3225 1467 Ἐκρισε
3262 1399 3373 1468 γὰρ
3397 1402 3584 1455 αὑτὸν
3601 1405 3824 1457 Hreni-

499 1490 703 1547 Ettntes
742 1491 1008 1560 baptizata
1038 1493 1091 1544 in
1120 1493 1330 1544 nomine
1357 1490 1564 1555 Patris,
1600 1500 1649 1545 et
1681 1489 1833 1555 Filii,
1876 1499 1928 1545 et
1957 1490 2076 1558 δρὶε

2243 1505 2333 1543 att
2355 1488 2523 1556 ἁγίῳ,
2555 1489 2720 1559 φησὶν
2741 1491 2776 1560 ἠ
2810 1488 3002 1560 Γραφὴ
3034 1490 3162 1562 περὶ
3186 1490 3281 1544 τοῦ
3320 1494 3542 1565 Κυρίου.
3573 1496 3711 1548 Οὐκ
3744 1498 3820 1549 ἄν

496 1585 637 1638 ritus
684 1584 858 1638 sancti
898 1584 936 1638 ¹.
982 1582 1217 1649 Quinam
1263 1598 1424 1651 porro
1472 1591 1693 1638 creatus
1738 1597 1862 1637 esse
1909 1590 2073 1652 potest

2245 1622 2247 1629 ,
2280 1580 2377 1652 τὴν
2411 1580 2675 1651 ἔνσαρκον
2708 1583 3021 1652 οἰκονομίαν
3052 1582 3150 1635 σὺν
3173 1583 3251 1654 τῷ
3279 1583 3398 1655 Θεῷ
3431 1587 3588 1655 Λόγῳ
3655 1588 3822 1657 ἠνω-

499 1676 741 1748 Spiritus
781 1676 893 1739 ille,
927 1676 995 1729 de
1038 1690 1150 1745 quo
1192 1675 1267 1729 ita
1314 1682 1545 1730 testatur
1579 1694 1591 1729 :
1626 1676 1669 1729 Α
1708 1673 1871 1729 Patre
1910 1689 2076 1742 procc-

2305 1689 2364 1743 ην
2400 1674 2481 1736 είς
2537 1673 2666 1743 μίαν
2718 1673 2949 1744 θεότητα
2981 1673 3198 1743 ἔχρισεν
3222 1676 3251 1727 6
3285 1676 3472 1747 Πατὴρ
3497 1679 3818 1747 κτίσματι.

496 1768 579 1823 dit
608 1770 653 1833 ',
688 1777 740 1822 et
782 1769 847 1823 de
892 1783 1005 1822 meo
1041 1766 1233 1835 accipit
1271 1766 1331 1819 ’?
1378 1782 1472 1836 per
1502 1781 1664 1837 quem
1703 1776 1758 1821 et
1804 1767 2073 1822 hominum

2242 1759 2342 1816 ιη’
2391 1763 2579 1835 ἐπειδὴ
2614 1763 2714 1833 μία
2747 1763 2895 1817 ἐστὶν
2948 1765 2983 1834 ἡ
3013 1764 3205 1836 Τριὰς,
3260 1766 3391 1835 τρία
3431 1767 3635 1834 τέλεια,
3703 1770 3819 1838 μία

498 1861 742 1934 perfecta
788 1861 940 1918 salus
966 1870 1022 1916 et
1065 1859 1373 1915 incarnatio
1401 1859 1467 1914 ad
1494 1875 1711 1915 omnem
1737 1860 2075 1929 justiticatio-

2239 1856 2403 1927 εότης,
2426 1856 2535 1910 ἔδει
2562 1856 2622 1910 ὲν
2646 1854 2724 1926 τῷ
2760 1855 2875 1927 Υἱῷ
2914 1857 3270 1927 οἰκονομικῶς
3298 1859 3457 1912 τοῦτο
3502 1861 3816 1928 γενέσθαι,

503 1968 628 2009 nem
672 1963 758 2009 est
796 1952 1054 2023 impleta?
1089 1951 1252 2006 Unxit
1279 1954 1418 2007 enim
1446 1951 1600 2006 illum
1631 1950 1834 2021 Spiritu
1877 1963 2080 2019 sancto,

2241 1958 2297 2013 α,
2317 1947 2633 2002 παντάπασι
2652 1947 3010 2019 δοξαζομένη,
3032 1948 3092 2001 ὲν
3111 1948 3318 2003 ἅπασιν
3341 1950 3502 2022 νοηθῇ
3535 1953 3568 2021 ἡ
3586 1952 3815 2023 Τριὰς.

502 2047 580 2102 ait
623 2046 907 2117 Scriptura
935 2047 1004 2101 de
1033 2046 1319 2103 Domino‘.
1361 2044 1653 2115 Nunquam
1680 2052 1861 2100 autem
1890 2044 2079 2099 buma-

2240 2039 2461 2112 ιοάπερ,
2494 2038 2637 2093 κατὰ
2674 2038 2863 2094 πασῶν
2892 2039 2997 2093 τῶν
3023 2041 3290 2110 αἱρέσεων
3310 2042 3439 2112 περὶ
3465 2042 3817 2113 Πνεύματος

504 2151 633 2191 nam
681 2137 829 2193 illam
874 2145 1126 2192 naturam
1159 2137 1214 2190 in
1244 2151 1406 2191 unam
1441 2134 1779 2191 divinitatem
1811 2149 1936 2192 cum
1974 2134 2081 2192 Dee

2239 2131 2562 2203 ηγούμενοι,
2593 2132 2654 2185 ού
2693 2132 2845 2204 μίαν,
2893 2131 2954 2184 ού
2983 2130 3077 2185 δύο
3120 2131 3428 2203 μαρτυρίας
3459 2134 3816 2200 εἰσενέγκαι

496 2224 682 2283 Verbo
715 2228 1067 2299 conjunctam
1113 2235 1369 2285 creatura
1412 2227 1600 2299 aliqua
1655 2225 1816 2283 Pater
1852 2228 2073 2298 inunge-

2239 2242 2310 2286 εν,
2340 2225 2424 2278 ὅτι
2454 2223 2591 2279 Θεοῦ
2622 2226 2736 2279 ἐστι
2776 2222 3000 2294 Πνεῦμα
3031 2224 3127 2277 σὺν
3166 2224 3343 2297 Harp}.
3372 2225 3463 2277 καὶ
3481 2223 3595 2294 ι’ίῷ
3620 2224 3816 2291 δοξα-

499 2324 599 2373 ret.
643 2316 799 2373 Nunc
824 2333 951 2373 cum
992 2334 1100 2373 una
1147 2318 1219 2374 sit
1252 2316 1516 2383 Trinitas,
1559 2317 1777 2388 triaque
1819 2316 2076 2388 perlecta,

2243 2318 2441 2387 ipsvov,
2479 2318 2755 2383 ᾶκτιστον,
2797 2316 2893 2371 καὶ
2935 2316 3249 2387 ἄτρεπτον,
3290 2317 3386 2370 καὶ
3409 2316 3639 2372 τέλειον.
3677 2318 3820 2383 Ἐξ-

494 2419 549 2464 et
578 2425 684 2464 una
713 2410 998 2476 divinitas,
1031 2409 1439 2481 dispensatione
1463 2408 1699 2481 quadam
1733 2409 1849 2466 ﬁeri
1888 2409 1994 2464 hoc
2025 2411 2071 2464 iu

2243 2424 2355 2461 τεσε
2386 2407 2444 2461 δὲ
2473 2408 2568 2463 καὶ
2594 2409 2766 2480 ὁπερὶ
2788 2408 2978 2463 τούτου
3012 2407 3120 2461 τῶν
3146 2406 3592 2476 φιλονεικούντων
3625 2407 3820 2477 λόγος

496 2498 638 2555 Filio
669 2501 882 2567 debuit,
923 2509 984 2555 ut
1030 2502 1086 2556 in
1116 2501 1374 2557 omnibus
1413 2501 1573 2557 laude
1616 2516 1683 2556 ac
1727 2502 1901 2573 gloria
1933 2502 2082 2559 cele-
2188 2499 2609 2556 όκαθίαυτῶν.

495 2597 653 2651 brato
686 2604 1110 2668 cognosceretur
1139 2595 1402 2653 Trinitas.
1444 2595 1915 2664 Quemadmodum
1947 2612 2074 2653 cum
2105 2594 2369 2651 adversus
2401 2594 2638 2651 hereses
2672 2608 2865 2651 omnes
2904 2594 2973 2651 de
3006 2592 3214 2665 Spiritu
3244 2600 3437 2650 sancto
3471 2592 3819 2662 disputare-

497 2704 644 2753 mus.
676 2704 787 2744 non
813 2704 925 2745 uno
951 2698 1047 2745 aut
1079 2691 1250 2746 altero
1278 2691 1595 2747 testimonio
1625 2692 1978 2761 probavimus
2021 2693 2113 2749 Dei
2139 2706 2263 2749 esse
2294 2691 2577 2762 Spiritum,
2604 2692 2699 2762 qui
2728 2706 2856 2745 cum
2882 2689 3044 2746 Patre
3070 2698 3127 2745 et
3154 2690 3292 2744 Filio
3323 2688 3681 2743 collaudetur
3712 2693 3817 2746 in-

494 2792 741 2847 creatus,
773 2782 1133 2839 immutabilis
1157 2793 1210 2839 et
1240 2782 1536 2854 perfectus.
1554 2783 1921 2852 Quamobrem
1952 2786 2056 2842 hac
2082 2786 2138 2841 in
2163 2793 2318 2857 parte
2341 2785 2815 2841 contentiosorum
2847 2784 3229 2845 haereticorum
3251 2782 3473 2839 exclusa
3507 2784 3661 2838 ratio
3688 2792 3817 2849 est,

504 2886 626 2943 qua:
648 2873 705 2927 in
737 2873 864 2929 illos
898 2875 1045 2945 ipsos
1079 2875 1294 2931 recidit.

567 2988 724 3045 LVII.
780 2990 1009 3063 Reliqua
1053 2993 1216 3049 modo
1258 3009 1380 3065 quae
1432 2994 1625 3051 ali‘erre
1680 2996 1859 3052 solent
1899 2997 2083 3054 consi-
2111 3019 2144 3081 ε

2256 2995 2382 3050 NZ'.
2418 2994 2586 3049 Πάλιν
2611 2993 2670 3049 δὲ
2694 2994 2775 3058 είς
2802 2994 2903 3058 τὰς
2931 2993 3099 3058 ἄλλας
3136 2993 3317 3047 αὐτῶν
3344 2992 3517 3058 λέξεις
3548 2993 3815 3059 ἑαυτοὺς

493 3081 770 3138 cleremus.
810 3082 963 3139 lianc
998 3085 1143 3140 enim
1176 3096 1440 3157 praeterea
1490 3085 1705 3142 Domini
1748 3090 2070 3145 sententiam

2238 3087 2481 3159 τιδῶμεν.
2525 3086 2665 3141 Φασὶ
2700 3087 2809 3159 γὰρ
2850 3087 3013 3141 πάλιν
3055 3087 3113 3140 τὸ
3167 3086 3331 3158 ῥητὸν
3385 3086 3485 3138 οὐκ
3540 3084 3815 3153 εὐλόγως

394 3176 413 3188 ‘
496 3175 832 3245 perabsurde
886 3176 1192 3245 proferunt,
1274 3194 1382 3248 qua
1432 3180 1651 3249 quidem
1730 3180 1845 3251 ipse
1895 3181 1971 3235 dit

2234 3180 2524 3251 ιτέχοντες,
2574 3179 2655 3233 ὅτι
2681 3179 2844 3242 αὐτὸς
2894 3178 2997 3249 ἔφη
3055 3178 3083 3231 6
3109 3179 3331 3249 Σωτήρο
3379 3178 3441 3232 Τί
3472 3194 3550 3246 με
3576 3180 3811 3247 λέγεις

497 3265 641 3331 Quid
685 3282 763 3319 me
810 3266 944 3321 dicis
987 3266 1223 3324 bonum?
1271 3265 1415 3321 Unus
1448 3276 1524 3322 est
1568 3269 1732 3323 bonus
1766 3269 1906 3324 Deus
1934 3271 1975 3324 '.
2020 3268 2074 3326 In

2233 3274 2443 3343 raOdr;
2473 3268 2560 3339 εἷς
2595 3272 2768 3326 ἐστιν
2824 3272 3046 3341 ἀγαθὸς
3077 3275 3108 3325 ό
3145 3273 3321 3337 Θεός·
3368 3274 3460 3324 καὶ
3496 3271 3810 3343 ἀφώρισεν

495 3368 607 3422 quo
647 3356 1001 3423 semetipsum
1047 3356 1115 3410 ab
1142 3357 1381 3435 essentia
1428 3355 1608 3412 Patris
1647 3368 1701 3413 et
1738 3373 1969 3429 persona
2001 3374 2072 3416 se-

2230 3364 2373 3417 ιυτὸν
2419 3362 2669 3418 ἐντεῦθεν
2727 3362 2835 3417 ἀπὸ
2880 3364 2979 3435 τῆς
3000 3360 3095 3416 τοῦ
3126 3363 3340 3434 Πατρὸς
3365 3363 3550 3426 οὐςίας
3591 3380 3657 3416 τε
3700 3368 3807 3419 καὶ

499 3459 729 3515 parasse
760 3444 996 3500 videtur.
1032 3445 1236 3502 Verum
1270 3450 1313 3502 ri
1339 3428 1563 3505 I'iculum
1598 3452 1701 3506 hoc
1736 3452 1953 3507 illorum
1986 3468 2076 3507 ar-

2229 3456 2552 3520 ποστὰσεως.
2574 3456 2646 3509 Τὸ
2672 3456 2729 3509 δὲ
2758 3456 2865 3509 πᾶν
2898 3428 3011 3509 ἐστι
3041 3428 3345 3524 γεὶωιῶέες.
3371 3457 3431 3509 Ei
3458 3456 3563 3528 γὰρ
3592 3458 3619 3509 6
3658 3475 3806 3511 τοσ-

494 3543 813 3606 gumentum
862 3546 963 3592 est.
1016 3536 1150 3592 Nam
1200 3539 1292 3609 qui
1340 3548 1449 3593 tam
1499 3543 1666 3595 multa
1712 3543 1768 3597 in
1807 3558 1908 3598 nos
1939 3545 2071 3598 bona

2226 3546 2319 3600 ὗτα
2366 3549 2497 3618 ἡμῖν
2546 3547 2730 3616 ἀγαθὰ
2764 3548 3080 3621 πεποιηκὼς
3131 3549 3230 3602 οὐκ
3275 3548 3477 3618 ἀγαθὸς
3511 3551 3643 3618 παρ’
3686 3553 3803 3603 αὐ-

495 3626 749 3689 contulit,
780 3627 1007 3683 minime
1034 3630 1250 3684 illorum
1285 3632 1541 3700 opinione
1586 3635 1763 3689 bonus
1794 3635 2072 3692 habendus

2223 3642 2291 3703 sic
2317 3641 2580 3712 κρίνεται,
2610 3638 2703 3693 καὶ
2731 3640 2814 3704 τίς
2845 3640 2925 3694 ἔτι
2955 3640 3145 3695 τούτου
3208 3640 3609 3713 μοχθηρότερος
3643 3644 3747 3715 εἴη
3781 3663 3800 3713 ;

494 3725 599 3772 est.
655 3716 789 3785 Quis
842 3719 969 3790 tingi
1018 3730 1197 3792 potest
1247 3723 1585 3794 improbior?
1634 3726 2071 3797 quandoquidem

2219 3750 2264 3786 τι
2289 3736 2318 3787 6
2348 3731 2598 3799 δεδωκὼς
2631 3734 2730 3806 τὴν
2752 3734 2934 3806 ψυχὴν
2957 3734 3119 3787 αὐτοῦ
3157 3735 3298 3806 ὑπὲρ
3330 3735 3438 3789 τῶν
3463 3735 3796 3806 προϐάτων,

495 3810 588 3881 qui
622 3826 720 3880 pro
765 3811 959 3868 ovibus
1004 3814 1119 3870 suis
1152 3817 1390 3870 animam
1434 3820 1714 3889 profudit;
1748 3821 1841 3891 qui
1886 3821 1951 3875 ad
1985 3835 2072 3891 pa-

2240 3828 2306 3897 τῇ
2337 3826 2560 3899 ἑκουσίᾳ
2583 3826 2777 3900 γνώμῃ
2827 3825 2998 3880 ἐλθὼν
3045 3828 3125 3890 εἰς
3159 3827 3219 3880 τὸ
3246 3827 3461 3894 παθεῖν,
3489 3829 3515 3881 6
3556 3828 3798 3901 ἀπαθὴς

494 3904 741 3960 tiendum
782 3914 978 3975 sponte
1010 3906 1314 3973 descendit,
1343 3925 1467 3965 cum
1521 3912 1780 3968 immunis
1825 3912 1893 3967 ab
1927 3911 2071 3967 omni

2219 3917 2312 3981 tab;
2363 3916 2458 3983 ὢν,
2509 3919 2591 3972 ὅτι
2642 3920 2670 3972 6
2695 3920 2794 3990 τὴν
2842 3919 3049 3991 δωρεὰν
3099 3918 3231 3990 ἡμῖν
3262 3921 3628 3991 ποιησάμενος
3668 3923 3796 3977 τῶν

498 3997 751 4065 passione
783 3995 926 4053 Deus
970 4008 1137 4063 esset,
1176 4001 1266 4072 qui
1299 4001 1622 4058 delictorum
1660 4004 1819 4059 nobis
1845 4005 2075 4075 gratiam

2222 4008 2614 4079 μαρτημάτων,
2648 4010 2729 4063 ὃτι
2761 4010 2789 4062 6
2826 4009 2925 4074 τὰς
2964 4010 3136 4073 ἰάσεις
3174 4010 3492 4073 ἐπιτελέσας
3519 4013 3578 4065 ἑν
3607 4016 3794 4067 παντὶ

492 4089 640 4154 fecit,
665 4090 756 4160 qui
790 4091 845 4145 in
872 4092 1019 4147 omni
1052 4090 1350 4149 Israelitico
1373 4097 1573 4166 populo
1600 4098 1953 4168 aegritudines
1989 4109 2069 4151 sa-

2216 4097 2427 4168 Ισραὴλ,
2454 4100 2482 4151 6
2515 4102 2579 4152 ὲκ
2608 4101 2708 4171 τῆς
2740 4100 2906 4154 αὐτοῦ
2938 4101 3277 4174 ἀγαθότητος
3314 4102 3563 4156 τοσοῦτον
3613 4106 3793 4171 γένος

490 4180 657 4245 navit,
683 4181 773 4250 qui
810 4196 910 4252 pro
940 4197 1038 4239 sua
1071 4183 1312 4239 bonitate
1344 4194 1454 4238 tam
1482 4186 1755 4240 inﬁnitum
1789 4185 2067 4240 hominum

2214 4188 2288 4243 ὦν
2335 4189 2638 4261 ἀνθρώπων
2687 4195 3145 4265 περισυναγαγὼν
3186 4199 3243 4248 ὲν
3265 4197 3582 4269 ἁγαῦὀτητι,
3616 4198 3648 4250 6
3677 4200 3791 4270 τῆς

487 4283 661 4338 genus
693 4271 928 4341 collegit,
975 4273 1069 4343 qui
1103 4275 1364 4330 bonitatis
1395 4274 1809 4332 administrator
1838 4288 1891 4332 et
1921 4277 2064 4346 pacis

2219 4281 2514 4353 γαθότητος
2546 4284 2812 4355 πρύτανις
2869 4285 2964 4339 καὶ
2997 4288 3095 4356 τῆς
3145 4287 3367 4358 εἰρήνης
3400 4287 3709 4353 δεσπόζων,
3758 4294 3791 4343 ὁ

492 4360 751 4415 Dominus
786 4372 890 4429 est,
929 4365 1153 4430 bonmn,
1193 4367 1440 4437 inquam,
1487 4368 1619 4423 illud
1658 4366 1894 4424 Verbum
1925 4367 2069 4438 quod

2212 4393 2292 4427 ,vw
2323 4376 2387 4428 ἐκ
2410 4375 2624 4447 Πατρδς
2655 4376 2857 4446 ἀγαθὸς
2881 4378 3073 4447 Λόγος,
3103 4382 3164 4432 ἐκ
3191 4380 3283 4432 τοῦ
3314 4380 3518 4448 ἀγαθοῦ
3554 4381 3789 4454 Πατρέες

488 4453 557 4506 ab
602 4463 806 4509 aeterno
849 4455 993 4510 bono
1041 4472 1106 4511 ex
1161 4457 1322 4513 Patre
1361 4460 1606 4529 genitum
1654 4469 1783 4516 est:
1820 4460 1928 4527 Qui
1974 4461 2065 4513 dat

2209 4482 2405 4536 ἐγεννη
2415 4466 2592 4538 μένος,
2610 4469 2664 4521 Ὀ
2695 4468 2899 4535 διδοὺς
2921 4471 3153 4540 τροφὴν
3167 4471 3334 4539 πάσῃ
3358 4473 3599 4541 σαρκὶ,ὁ
3618 4453 3711 4527 ἐνε
3726 4494 3786 4546 ρ-

488 4555 662 4592 escam
698 4543 842 4595 omni
881 4544 1030 4597 carui
1056 4545 1097 4609 ⁸,
1153 4547 1246 4615 qui
1294 4548 1349 4602 in
1394 4550 1711 4608 hominibus
1747 4554 2065 4625 caeterisque

2204 4556 2348 4625 ’ήσας
2381 4556 2688 4627 ἀνθρώποις
2717 4559 2812 4611 καὶ
2839 4561 2971 4613 πᾶσι
2992 4563 3103 4623 τοῖς
3129 4560 3219 4613 ὑπ’
3241 4561 3403 4613 αὐτοῦ
3433 4576 3665 4632 γεγεννη
3679 4543 3781 4633 μὲ-

488 4644 519 4683 a
584 4645 645 4684 se
711 4633 993 4700 productis
1058 4638 1318 4694 omnibus
1397 4639 1697 4696 bonitatem
1770 4642 2065 4714 impertiit,

2204 4663 2281 4710 οις
2314 4650 2480 4701 πᾶσιν
2509 4649 2837 4721 ἀγαθότητα,
2865 4651 2966 4704 οὐκ
2991 4651 3197 4720 ἀγαθὸς
3232 4655 3361 4724 παρ’
3380 4654 3560 4716 αὐτοῖς
3584 4657 3781 4724 κρίνε-

490 4718 669 4776 bonus
699 4722 769 4777 ab
814 4723 925 4778 illis
972 4741 1083 4779 non
1111 4728 1415 4797 iudicatur.
1464 4729 1590 4785 Haec
1634 4733 1780 4786 enim
1816 4734 2067 4804 ignorant

2198 4754 2278 4792 ἀι.
2309 4739 2420 4792 Καὶ
2444 4741 2541 4793 οὐκ
2572 4743 2752 4796 ἴσασιν
2783 4745 2830 4796 οἱ
2853 4743 3025 4816 λήθην
3059 4746 3271 4808 ἑαυτοῖς
3296 4746 3775 4817 περιποιούμενοι,

490 4812 601 4873 isti,
649 4816 741 4884 qtti
797 4817 943 4871 ultro
995 4821 1099 4874 sibi
1154 4821 1486 4876 oblivionem
1543 4824 1839 4890 asciscunt,
1897 4823 2061 4883 Chii—

2198 4849 2248 4884 τι
2274 4832 2409 4904 πρὸς
2426 4833 2515 4887 τὸν
2535 4835 2890 4907 ἐρωτήσαντα
2908 4812 3292 4908 ἀνθυπήνεγκε
3314 4812 3403 4890 τὸν
3420 4812 3601 4906 λόγον,
3616 4840 3775 4905 ὅπως

490 4916 633 4963 stum
686 4908 976 4964 Dominum
1035 4913 1083 4965 ei
1135 4915 1226 4983 qui
1279 4914 1346 4966 de
1387 4929 1445 4968 se
1480 4927 1830 4985 percontatus
1864 4918 2061 4989 fuerat,

2195 4924 2367 4997 εαθὲλῃ
2389 4926 2487 4996 τῆς
2507 4930 2564 4981 ἐν
2579 4929 2727 4999 αὐτῷ
2754 4930 3037 5000 ἐπάρσεως
3063 4931 3122 4983 τὸ
3143 4931 3425 5003 φρύαγμα.
3445 4932 3637 5001 Αύχῶν
3656 4937 3772 5005 γὰρ

481 5016 810 5069 responsum
874 5002 1008 5057 illud
1071 5004 1218 5071 quod
1276 5012 1435 5059 antea
1505 5016 2058 5071 commemoravimus

2192 5036 2231 5077 ιν
2255 5019 2360 5072 ἀπὸ
2383 5022 2754 5092 γραμματέων
2771 5022 3109 5094 ὁρμώμενος,
3126 5024 3199 5088 ὡς
3216 5024 3281 5077 τὰ
3302 5023 3642 5095 δικαιώματα
3667 5002 3769 5079 τού

481 5093 722 5158 dedisse,
774 5098 833 5147 ut
872 5094 992 5163 ejus
1040 5096 1242 5151 lastum
1301 5102 1784 5173 arrogantiamque
1834 5122 2057 5176 compe-

2201 5109 2337 5179 ὁμου
2360 5110 2605 5182 ἀκριϐῶς
2628 5093 2890 5183 φυλάξας,
2919 5093 3264 5188 δικαιοσύνην
3286 5134 3345 5169 τε
3373 5117 3465 5169 καὶ
3488 5093 3772 5190 anes—.2;-

478 5194 677 5240 sceret.
730 5184 865 5241 Nam
923 5203 1052 5243 rum
1098 5190 1184 5245 hic
1225 5207 1254 5245 c
1301 5193 1606 5248 scribarum
1653 5213 1882 5253 numero
1940 5201 2055 5268 glo-

2196 5218 2235 5253 ‘a
2261 5204 2388 5275 περὶ
2412 5204 2606 5257 ἑαυτοῦ
2640 5208 3055 5278 σεμνυνόμενος,
3081 5210 3173 5261 καὶ
3207 5184 3357 5277 ἔλεγε
3375 5225 3389 5238 ο
3417 5184 3773 5263 Διδάσκαλε

474 5278 755 5344 riaretttr,
811 5280 971 5351 781
1030 5285 1172 5351 quod
1236 5296 1501 5354 przecrpta
1544 5287 1675 5355 legis
1715 5291 1897 5344 omnia
1957 5306 2049 5345 ac-

2191 5293 2377 5363 ὶγαθέ,
2427 5299 2483 5349 τί
2514 5298 2777 5365 ποιήσας
2806 5298 2959 5369 ζωὴν
2987 5302 3227 5354 αἰώνιον
3272 5304 3722 5371 κληρονομήσω
3750 5321 3768 5367 ;

474 5372 827 5428 curatissime
858 5384 1126 5428 servasset
1158 5394 1171 5441 ;
1216 5390 1383 5445 seque
1408 5377 1637 5446 jnstitiae
1684 5395 1749 5435 ac
1785 5380 2050 5436 bonitatis

2191 5386 2275 5438 ἰαὶ
2333 5387 2521 5459 ἐπειδὴ
2578 5384 2691 5460 εἶχε
2749 5391 2879 5462 περὶ
2917 5393 3115 5445 ἑαυτοῦ
3145 5392 3221 5455 ὼς
3254 5393 3381 5465 περὶ
3420 5393 3768 5467 τηλικαύτης

471 5690 504 5731 c
546 5607 561 5637 ¹
591 5606 777 5735 Μοιξὲ
811 5629 998 5678 xxvut,
1034 5615 1116 5671 l9.
1196 5617 1393 5672 ’Juan.
1428 5635 1514 5684 xv,
1540 5622 1629 5677 9.6.
1736 5626 1752 5657 '
1789 5623 1948 5685 Joan.
1983 5645 2048 5685 xv

512 5694 672 5738 XXLV,
780 5721 793 5734 .

2185 5645 2214 5715 ι,
2250 5635 2333 5692 15.
2434 5640 2452 5669 ⁸
2502 5640 2620 5696 Act.
2662 5658 2715 5709 κ,
2743 5644 2829 5699 38.
2932 5646 2951 5675 ⁸
2982 5644 3167 5700 Matth.
3206 5663 3318 5714 nx,
3358 5648 3446 5704 16.
3559 5650 3762 5710 ‘Psal.
