3994 6226
160 293 280 351 295

838 289 1214 349 ADVERSUS
1251 290 1598 349 HERESES
1637 292 1762 347 LIB.
1804 292 1866 350 II.
1910 292 2075 351 TOM.
2108 295 2172 352 II.
2213 327 2279 337 -—
2322 295 2598 353 IIERES.
2638 296 2823 355 LXIX.

3371 306 3475 360 957i

152 405 540 476 δικαιοσύνης.
559 407 589 459 ὁ
619 403 845 477 Κύριος,
870 405 1193 478 βουλόμενος
1207 408 1326 480 Θεῷ
1346 410 1639 481 άναψέρειν
1667 410 1768 480 τὴν

1878 413 2097 465 nomine
2129 410 2452 473 venditaret,
2500 418 2665 481 atque
2692 409 2765 465 ita
2787 410 3008 465 locutus
3028 417 3176 466 esset
3208 427 3220 465 :
3260 409 3471 466 Prtere-

153 499 356 553 πᾶσαν
382 497 722 568 ἀγαθότητα,
747 498 831 551 ὅτι
862 498 1036 561 οὐδεὶς
1061 498 1265 566 ἀγαθὸς
1294 499 1434 570 πλὴν
1470 501 1656 562 αὐτοῦ,
1677 501 1764 553 ἴνα

158 591 366 661 μηδεὶς
401 590 585 660 σάρκα
615 590 802 661 φορῶν
826 590 995 661 τῦφόν
1018 607 1139 644 τινα
1166 591 1345 661 ἐαυτῷ
1370 592 1762 661 ἐπισπάσηται,

157 680 370 734 τούτου
401 680 590 735 Evsst
612 678 766 748 ἔλεγε
785 696 800 710 ο
830 682 891 734 Τί
914 698 992 750 με
1030 682 1229 752 λέγεις
1253 683 1481 751 ἀγαθόν
1499 700 1516 746 ;
1552 683 1765 749 Οὐδεὶς

154 770 397 840 ἀγαθὸς
422 771 474 823 εί
497 768 584 837 μὴ
606 764 696 835 εἷς
726 772 760 822 ὀ
791 770 935 837 Θεός
958 788 972 802 ·
999 771 1087 823 ἵνα
1115 772 1144 824 ὁ
1180 770 1426 833 τοιοῦτος
1447 770 1543 823 καὶ
1574 769 1765 823 τοσοῦ-

154 877 262 923 τος
310 858 405 913 τὸν
437 858 684 912 τοιοῦτον
730 858 887 926 λόγον
930 858 1141 923 εἰπὼν,
1192 858 1395 930 καθέλῃ
1440 858 1539 929 τὴν
1588 861 1645 912 ὲν
1688 858 1767 929 τῷ

156 952 379 1004 εἰπόντι
412 950 679 1019 φυσίωσιν
710 952 840 1021 περὶ
867 949 1215 1022 δικαιοσύνης
1237 949 1335 1021 τὴν
1356 950 1535 1019 οἴησιν
1563 966 1764 1020 κεκτη-

161 1043 368 1113 μένοι.)⁹
412 1042 506 1093 καὶ
554 1041 641 1093 ἵνα
684 1040 881 1113 ἐλέγξῃ
930 1041 1093 1094 αὑτοῦ
1127 1042 1226 1111 τὴν
1278 1039 1530 1110 καρδίαν,
1563 1038 1767 1108 ἀγαθὸν

161 1134 271 1202 μὲν
289 1132 611 1186 διδάσκαλον
640 1132 872 1202 χείλεσιν
897 1133 1059 1185 αὐτὸν
1079 1132 1324 1201 λέγοντα,
1358 1134 1433 1204 μὴ
1460 1133 1766 1204 ἐμμένοντα

156 1223 226 1276 δὲ
248 1224 310 1275 ἑν
336 1226 405 1294 τῇ
433 1222 613 1293 ἀγαθῇ
650 1222 813 1276 αὐτοῦ
841 1222 1180 1295 διδασκαλίᾳ.
1207 1224 1316 1277 Καὶ
1329 1223 1410 1276 ὃτι
1434 1224 1532 1293 μὲν
1563 1221 1767 1291 ἀγαθὸς

157 1315 469 1385 τυγχάνει,
538 1313 703 1377 αὐτὸς
751 1313 994 1368 διδάσκει
1055 1315 1229 1383 λέγων
1265 1331 1280 1346 ·
1341 1314 1550 1368 Πολλὰ
1607 1314 1768 1368 καλὰ

156 1409 434 1475 ἐποίησα
454 1407 543 1461 sv
583 1407 757 1475 ὑμῖν*
797 1407 932 1476 περὶ
974 1408 1153 1461 ποίου
1194 1402 1309 1461 οὖν
1346 1405 1547 1461 αὐτῶν
1576 1406 1768 1475 ἔργων

156 1500 435 1561 λιθάᾷτέ
451 1516 529 1569 με
546 1515 565 1563 ;
600 1499 721 1551 Τίνι
751 1498 861 1571 γὰρ
889 1496 1049 1552 τοῦτο
1077 1499 1178 1553 οὐκ
1205 1497 1322 1551 ἔστι
1351 1498 1518 1567 σαφὲς
1554 1498 1651 1551 καὶ
1666 1514 1767 1566 φα-

156 1592 528 1664 νερώτατον;
602 1590 838 1662 μάλιστα
890 1589 1101 1643 πολλῶν
1153 1588 1378 1658 ἀγαθῶν
1432 1590 1543 1642 τῶν
1596 1588 1765 1642 αὑτοῦ

158 1684 489 1755 κτισμάτων
522 1683 691 1736 ὄντων
732 1682 829 1736 καὶ⁵
874 1682 1247 1753 καλουμένων,
1273 1682 1351 1745 ῶς
1390 1697 1554 1752 φησιν
1578 1681 1613 1751 ἡ
1642 1680 1771 1733 θεία

1868 512 1991 572 ptor
2023 504 2173 568 boue,
2213 503 2339 573 quid
2363 503 2607 572 faciendo
2651 504 2808 555 vitam
2839 512 3090 559 a'lenmm
3118 504 3390 571 possidebo
3411 504 3425 535 ⁸
3448 497 3471 548 Ἒ

1872 598 2033 659 Cum,
2065 596 2308 665 inquam,
2338 596 2411 649 ita
2458 594 2525 648 de
2576 610 2634 648 se
2684 609 3004 663 persuasum
3034 596 3262 652 haberet
3297 605 3467 653 tanta!

1873 702 1933 742 se
1960 686 2187 756 iustitiae
2223 700 2481 741 numeros
2510 700 2700 741 omnes
2743 686 3053 756 explevisse
3082 704 3096 741 :
3126 687 3252 742 ideo
3276 686 3468 743 Domi-

1872 794 1978 834 nus
2002 778 2300 833 bonitatem
2342 792 2560 832 omnem
2594 776 2661 832 ad
2692 776 2929 842 Patrem,
2964 786 3222 848 tanquam
3259 780 3326 834 ad
3368 794 3466 833 an-

1872 875 2078 923 ctorem
2122 865 2328 921 referre
2365 866 2613 936 cupiens,
2663 865 2810 936 quod
2855 881 3017 921 nemo
3050 876 3248 937 praeter
3284 869 3465 939 ipsum

1873 960 2053 1016 bonus
2099 959 2189 1026 sit,
2220 974 2289 1013 ne
2322 960 2450 1029 quis
2473 974 2639 1013 carne
2678 958 2962 1028 prmditus,
2991 962 3251 1028 superbia
3303 975 3465 1016 arro-

1873 1053 2171 1123 gantiaque
2203 1067 2262 1106 se
2300 1052 2530 1105 nimium
2568 1051 2810 1114 ellerret,
2844 1051 3165 1121 respondit:
3200 1052 3341 1118 Quid
3371 1068 3458 1104 me

1872 1144 2008 1197 dicis
2046 1144 2281 1199 bonum!
2318 1142 2486 1197 Nemo
2524 1143 2690 1196 bonus
2724 1152 2803 1196 est
2839 1144 2943 1196 nisi
2972 1143 3117 1197 solus
3149 1143 3290 1198 Deus
3315 1146 3335 1176 '
3364 1162 3377 1197 :
3407 1152 3469 1198 ut

1873 1248 1999 1287 cum
2033 1241 2221 1288 tantus
2253 1248 2317 1287 ac
2350 1235 2476 1289 talis
2524 1234 2629 1287 hoc
2672 1233 2835 1288 modo
2871 1236 3187 1305 loqueretur
3228 1237 3467 1291 interro-

1872 1325 2054 1396 gantis
2087 1325 2232 1379 illius
2262 1325 2353 1394 qui
2396 1325 2626 1394 iustitia:
2656 1326 2915 1396 Opinione
2950 1337 3071 1381 erat
3113 1325 3338 1383 inflatus
3387 1327 3470 1382 fa-

1874 1424 2018 1472 stum
2066 1431 2130 1471 ac
2176 1418 2405 1486 spiritus
2452 1418 2747 1488 frangeret.
2776 1416 2916 1472 Tum
2970 1427 3029 1471 ut
3074 1419 3298 1473 intimos
3346 1420 3468 1489 ejus

1874 1508 2115 1578 pectoris
2159 1522 2357 1564 sensus
2390 1508 2768 1579 redargueret,
2806 1509 3039 1579 eoquod
3085 1525 3209 1565 cum
3262 1511 3467 1566 bonum

1876 1601 2053 1670 ipsum
2098 1600 2330 1656 snnnnis
2361 1602 2628 1656 duntaxat
2687 1603 2846 1658 labiis
2897 1602 3190 1669 fateretur,
3240 1604 3467 1659 minime

1873 1700 2056 1747 tamen
2088 1692 2227 1746 bona
2269 1693 2324 1746 in
2354 1694 2499 1749 illius
2528 1693 2775 1749 doctrina
2817 1694 3214 1765 acquiesceret.
3235 1694 3467 1751 Verum-

158 1776 205 1828 Γ
210 1777 384 1847 ραφή.
405 1774 535 1827 Ἰδοὺ
574 1774 682 1846 γὰρ
740 1774 869 1843 περὶ
907 1773 1121 1827 πολλῶν
1150 1772 1373 1842 ἀγαθῶν
1411 1773 1680 1844 διηγεῖται
1708 1771 1770 1825 τὸ

1876 1779 2154 1835 enimvero
2185 1780 2388 1835 bonum
2424 1796 2484 1835 se
2522 1798 2645 1839 esse
2684 1792 2917 1839 testatur
2944 1784 3177 1856 ipsemet
3222 1786 3307 1842 his
3338 1800 3466 1841 ver-

158 1869 316 1922 θεῖον
344 1868 600 1940 γράμμα.
628 1862 749 1921 *Ην
779 1866 1021 1936 ἀγαθὸς,
1042 1868 1198 1938 φησὶ,
1229 1866 1449 1930 Σαοὺλ,
1472 1865 1603 1932 υίὸς
1629 1864 1763 1931 Κίς,

160 1964 239 2016 ἐκ
279 1961 486 2033 φυλῆς
519 1961 829 2030 Βενιαμίν
861 1960 1242 2029 ὑψηλότερος
1273 1958 1342 2012 δὲ
1395 1957 1623 2024 παντὸς
1659 1958 1767 2012 τοῦ

161 2054 355 2119 λαοῦ,
392 2053 549 2122 ὑπὲρ
592 2053 780 2123 ὠμίαν
822 2053 923 2106 καὶ
964 2050 1195 2106 ἐπάνωο
1245 2051 1359 2113 καὶ,
1394 2046 1514 2105 Ἦν
1546 2049 1769 2120 ἀγαθὸς

162 2145 462 2217 Σαμουὴλ
474 2147 627 2215 μετὰ
643 2143 749 2197 τοῦ
765 2144 914 2199 Θεοῦ
939 2143 1035 2198 καὶ
1060 2141 1405 2211 ἀνθρώπων·
1427 2144 1542 2208 καὶ,
1557 2140 1766 2210 Ἀτυθὴ

160 2238 409 2308 ἐσχάτη
460 2236 649 2305 λόγου
689 2234 843 2303 ὑπὲρ
883 2234 999 2303 τὴν
1045 2234 1275 2303 ἀρχήν·⁸
1319 2234 1436 2299 καὶ,
1488 2233 1770 2297 ’Λνοιεόν

161 2347 290 2385 σου
335 2330 445 2383 τὸν
486 2328 800 2397 θησαυρὸν
840 2328 949 2381 τὸν
983 2327 1211 2397 ἀγαθὸν
1230 2367 1247 2391 ,
1304 2327 1413 2380 τὸν
1455 2324 1763 2394 οὐράνιον.

159 2422 395 2476 Τούτων
426 2422 483 2475 δὲ
519 2422 838 2492 κτισμάτων
871 2420 1065 2483 ὅντων,
1095 2421 1191 2474 καὶ
1230 2420 1457 2489 ἀγαθῶν
1492 2419 1763 2492 δηλουμέ-

159 2530 302 2579 νων,
337 2512 403 2565 δι’
428 2512 595 2565 αὐτοῦ
620 2529 679 2564 τε
708 2511 801 2564 καὶ
840 2511 930 2564 ὑπ’
964 2510 1130 2564 αὑτοῦ
1160 2512 1484 2580 γεγονότων,
1515 2509 1634 2574 πῶς
1663 2511 1769 2563 οὐκ

162 2605 563 2675 ἀναμφιϐόλως
601 2606 751 2660 ἐστὶν
787 2606 994 2676 ἀγαθὸν
1026 2602 1169 2660 εἶναι
1196 2605 1483 2676 ὁμολογεῖν
1519 2604 1613 2658 τὸν
1638 2603 1766 2659 τού-

162 2713 267 2749 του
297 2698 689 2770 γωεσιάρχηη
737 2699 876 2754 Ἀλλ’
907 2699 995 2753 ἴνα
1022 2698 1097 2770 μὴ
1124 2697 1354 2770 μηκύνω
1375 2697 1470 2751 τὸν
1493 2698 1621 2768 περὶ
1640 2696 1768 2750 τού-

162 2807 268 2843 του
297 2791 455 2858 λόγον
478 2791 674 2864 (πάντη
709 2791 819 2865 γὰρ
844 2791 932 2846 διὰ
955 2791 1191 2855 πλάτους
1213 2791 1343 2863 περὶ
1386 2789 1579 2844 τούτου
1618 2790 1770 2861 ιίρή-

173 2880 417 2951 κάμεν).
444 2878 602 2945 αὖθις
629 2881 791 2935 πάλιν
822 2883 904 2945 είς
934 2881 1034 2944 τάς
1056 2879 1184 2953 ἑξῆς
1214 2879 1642 2952 παρελεύσομαι,
1669 2878 1769 2951 τὴν

165 2974 428 3027 ἐπίλυσιν
457 2974 700 3045 ἑκάστης
730 2973 930 3039 λέξεως
964 2972 1305 3044 ποιούμενος.

1871 1869 1955 1925 bis
1989 1891 2002 1927 τ
2034 1871 2209 1927 Multa
2245 1874 2381 1928 bona
2419 1875 2520 1943 feci
2562 1877 2617 1928 in
2661 1876 2841 1941 vobis;
2870 1888 3084 1947 propter
3122 1876 3260 1948 quod
3303 1879 3468 1949 igitur

1869 1978 1935 2016 ea:
1958 1963 2068 2019 illis
2099 1964 2342 2033 operibus
2373 1965 2630 2035 lapidatis
2656 1967 2964 2034 me'?Quis
2993 1976 3079 2024 est
3107 1968 3275 2025 hebes
3304 1969 3467 2033 adeo,

1870 2056 1961 2109 cui
1987 2072 2095 2111 non
2128 2057 2262 2111 illud
2294 2060 2583 2129 perspicue
2614 2060 3017 2131 manifestoque
3042 2062 3294 2118 constet?
3329 2077 3467 2132 pne-

1871 2148 2059 2203 sertim
2089 2163 2215 2203 cum
2237 2157 2550 2204 creatarum
2592 2150 2781 2205 abillo
2817 2166 3003 2207 rerum
3043 2151 3467 2223 quamplurimze

1870 2246 1926 2293 ct
1958 2241 2070 2293 sint
2094 2246 2149 2295 et
2176 2241 2519 2311 appellentur
2548 2239 2725 2305 bonae,
2758 2249 2822 2295 ut
2862 2256 2928 2296 ex
2961 2238 3261 2310 Scriptum
3310 2241 3467 2297 testi-

1870 2332 2057 2385 monio
2084 2330 2382 2402 colligitur.
2414 2332 2548 2398 Qua:
2583 2333 2808 2403 quidem
2850 2332 3121 2387 bonorum
3163 2332 3465 2386 multorum

1870 2419 2204 2476 mentionem
2266 2408 2417 2476 facit.
2480 2420 2603 2476 Ita:
2638 2421 2838 2488 Bonus,
2902 2422 3110 2491 inquit,
3163 2432 3280 2476 erat
3331 2422 3467 2477 Saul

1869 2514 2017 2582 ﬁlius
2062 2510 2156 2567 Cis
2200 2511 2265 2566 de
2296 2514 2439 2567 tribu
2488 2514 2819 2584 Benjamim;
2864 2514 3144 2568 sublimior
3183 2515 3325 2568 omni
3367 2530 3467 2583 po-

1869 2602 1996 2672 pulo
2058 2601 2124 2655 ab
2165 2603 2400 2659 humeris
2440 2618 2489 2661 et
2533 2607 2752 2674 ultra‘;
2800 2610 2927 2661 item
2960 2623 2973 2660 :
3008 2606 3190 2662 Bonus
3245 2606 3467 2662 Samuel

1870 2711 1989 2748 cum
2026 2695 2131 2751 Deo
2159 2705 2211 2750 et
2254 2698 2559 2752 hominibus
2580 2697 2638 2763 ⁵;
2677 2704 2791 2754 tum
2818 2717 2830 2752 :
2867 2697 3064 2754 Melior
3090 2709 3170 2754 est
3200 2700 3468 2754 orationis

1870 2780 1995 2849 ﬁnis
2024 2797 2186 2850 quam
2213 2782 2535 2851 principium
2552 2784 2603 2849 ’ς
2637 2784 2766 2839 item
2794 2802 2808 2839 :
2834 2783 2993 2852 Aperi
3039 2784 3345 2840 thesaurum
3374 2784 3471 2839 bo-

1871 2886 1996 2924 num
2039 2880 2185 2924 tuum
2230 2873 2489 2927 emissum
2529 2874 2572 2927 ⁷.
2605 2872 2740 2939 Quae
2795 2888 2923 2929 cum
2972 2876 3159 2931 omnia
3203 2884 3470 2931 creatura:

1868 2961 2119 3032 quadam
2171 2964 2305 3028 sint,
2358 2978 2423 3018 ac
2464 2964 2623 3019 bona:
2653 2979 2777 3020 esse
2827 2964 3105 3031 dicantur,
3146 2981 3244 3035 per
3286 2967 3467 3035 ipsum

1872 3056 2061 3127 utique
2094 3064 2149 3112 et
2184 3056 2254 3110 ab
2287 3056 2408 3126 ipso
2450 3056 2750 3127 productae,
2786 3072 2971 3113 nonne
3014 3068 3293 3114 auctorem
3341 3059 3466 3113 illo-

174 3172 308 3217 rum
337 3171 403 3239 ac
429 3156 770 3212 conditorem
798 3154 1003 3211 bonum
1031 3168 1154 3210 esse
1182 3152 1432 3209 conﬁteri
1461 3152 1581 3209 sine
1607 3151 1718 3207 ulla
1751 3150 2100 3206 dubitatione
2122 3151 2285 3205 licet?
2311 3149 2512 3205 Verum
2537 3165 2606 3205 ne
2633 3151 2849 3221 longius
2875 3165 3039 3221 quam
3079 3166 3177 3221 par
3210 3151 3281 3206 sit
3314 3151 3367 3206 in
3401 3166 3467 3207 ca

174 3248 555 3320 disputatione
576 3259 824 3304 versetur
852 3248 1028 3304 oratio
1044 3246 1283 3317 (abunde
1308 3246 1461 3304 enim
1482 3245 1551 3302 de
1575 3259 1642 3302 co
1670 3245 1790 3301 loco
1818 3242 2026 3299 dictum
2050 3244 2330 3315 arbitror),
2363 3244 2572 3311 reliqua
2599 3243 2904 3310 videamus,
2934 3254 2988 3300 et
3016 3245 3229 3314 singula
3258 3246 3326 3299 ab
3358 3245 3468 3300 illis

170 3343 399 3414 objecta
432 3342 729 3397 diluamus.

250 3453 831 3525 ΝΗ¹.Ἐπιφὲρουσιδὲ
861 3452 1022 3508 πάλιν
1047 3452 1171 3507 τινὰ
1204 3453 1343 3525 ῥητὰ
1373 3453 1423 3507 οἱ
1454 3453 1774 3524 πάντολμοι,

1953 3451 2135 3508 LVIII.
2176 3450 2415 3524 Pergunt
2453 3453 2599 3507 enim
2643 3451 2998 3507 audacissimi
3053 3450 3303 3505 homines
3351 3448 3470 3504 cui-

177 3545 589 3616 ὲλαττωμάτων
616 3545 872 3610 ὑπονοίας
891 3546 1325 3617 ὑποσπείροντες
1350 3547 1431 3609 είς
1466 3544 1559 3599 τὸν
1585 3545 1770 3608 αὐτοὺς

1884 3546 2011 3602 dam
2042 3545 2341 3618 Scriptura:
2377 3547 2661 3602 sententiae
2690 3545 2972 3611 insistere,
3004 3560 3069 3600 ex
3097 3560 3204 3615 qua
3233 3542 3467 3600 Redem—

176 3637 555 3708 ἀγοράσαντα,
600 3638 758 3709 εἰπερ
782 3637 1187 3709 ἠγοράσθησαν.
1234 3637 1321 3690 Ἐν
1355 3637 1466 3707 γὰρ
1492 3636 1572 3707 τῷ
1602 3652 1775 3707 προσ-

174 3728 360 3781 ελθεῖν
407 3729 510 3801 τὴν
554 3728 765 3800 μητέρα
795 3729 904 3783 τῶν
949 3729 1084 3783 υἱῶν
1130 3727 1438 3795 Ζεϐεδαίου,
1469 3730 1564 3781 καὶ
1601 3744 1781 3800 παρα-

177 3820 412 3875 καλέσαι
437 3821 529 3874 τὸν
548 3821 642 3874 ενα
683 3821 908 3876 καθίσαι
941 3822 1059 3876 υίὺν
1089 3823 1153 3875 ἑκ
1175 3819 1387 3886 δεξιῶν,
1430 3820 1525 3874 καὶ
1554 3820 1647 3873 τὸν
1675 3820 1774 3874 ἕνα

180 3914 243 3979 ἐξ
281 3912 597 3982 εὐωνύμων,
628 3913 760 3966 ὅταν
792 3911 923 3985 ἔλθῃ
956 3913 1016 3967 ἐν
1043 3915 1111 3983 τῇ
1145 3910 1395 3984 βασιλείᾳ
1438 3909 1628 3975 αὑτοῦ,
1665 3909 1771 3981 ἔφη

177 4007 325 4078 πρὸς
368 4005 594 4070 αὐτούς·
638 4007 761 4060 οὐκ
812 4006 1014 4059 οἴδατε
1062 4007 1121 4059 τί
1169 4004 1451 4059 αἰτεῖσθε.
1502 4004 1776 4059 Δύνασθε

176 4098 345 4153 πιεῖν
376 4098 444 4151 τὸ
473 4097 762 4167 ποτήριον
797 4096 831 4150 ὃ
860 4095 1068 4167 μέλλω
1100 4097 1337 4158 alr-ur;
1374 4097 1439 4149 Ol
1473 4094 1543 4148 δὲ
1560 4090 1736 4148 εἷπον
1756 4110 1773 4126 ο

175 4191 321 4253 Ναὶ.
352 4188 679 4259 δυνάμεθα.
704 4184 854 4243 Eine
878 4188 948 4243 se
979 4187 1185 4254 αὐτοῖς
1203 4203 1218 4218 ·
1256 4186 1328 4241 Τὸ
1348 4187 1466 4256 μὲν
1487 4184 1778 4255 ποτήριόν

179 4300 301 4353 μου
346 4257 592 4347 πίεσθε,
635 4282 703 4336 τὸ
743 4281 812 4336 δὲ
855 4282 1098 4337 καθίσαι
1125 4280 1195 4335 ἐκ
1215 4278 1431 4347 δεξιῶν
1455 4297 1597 4350 μου,
1634 4278 1674 4349 ἢ
1703 4278 1773 4345 ἐξ
1805 4257 1851 4314 Β

183 4377 526 4446 εὐωνύμων,
550 4378 663 4431 οὐκ
692 4376 862 4431 ἔστιν
884 4375 1031 4446 ἐμὸν
1053 4374 1287 4439 δοῦναι,
1312 4372 1449 4427 ἀλλ’
1496 4368 1586 4439 οἷς
1608 4372 1773 4441 ἡτοί-

184 4483 407 4538 {manu
435 4469 595 4537 παρὰ
631 4467 738 4522 τοῦ
776 4467 1007 4537 Πατρός
1036 4484 1177 4535 μου.
1244 4466 1429 4536 Ὁρᾷς,
1464 4466 1621 4536 φησὶ,
1655 4461 1775 4527 πῶς

187 4563 285 4614 οὐκ
310 4560 423 4630 ἔχει
444 4559 696 4625 ἐξουσίαν
726 4559 903 4631 παρὲξ
925 4557 1021 4612 τοῦ
1051 4557 1287 4630 Πατρδς,
1314 4555 1410 4610 τοῦ
1443 4556 1658 4627 ἔχοντος
1672 4555 1773 4626 τὴν

188 4652 437 4715 ἐξουσίαν
467 4650 730 4724 παρέχειν
757 4650 787 4704 δ
824 4650 1111 4721 βούλεται;
1159 4650 1273 4703 Καὶ
1324 4649 1407 4714 τίς
1456 4648 1630 4713 οὕτως
1663 4647 1774 4702 τῶν

188 4742 596 4813 εὐφρονούντων
611 4745 885 4816 νοήσειενς
920 4745 968 4797 εί
998 4742 1158 4815 γὰρό
1183 4742 1313 4806 Υίδς
1340 4741 1439 4795 οὐκ
1471 4740 1583 4812 ἔχει
1619 4739 1772 4806 ἐξου-

190 4839 336 4900 σίαν,
369 4839 464 4891 καὶ
500 4837 585 4902 τίς
617 4837 732 4910 ἔχει
771 4837 1052 4904 ὲξουσίανς
1092 4836 1157 4890 '0
1191 4836 1301 4907 γὰρ
1334 4836 1567 4904 Πατὴρ,
1604 4834 1773 4906 φησὶ,

192 4929 468 5001 (morare?
489 4929 631 4995 τοὺς
657 4929 936 4998 νεκροὺς,
974 4928 1073 4983 καὶ
1100 4928 1290 4993 οὕτως
1328 4926 1513 4981 ἔδωκε
1555 4927 1651 4981 καὶ
1696 4924 1778 4991 τῷ

198 5023 327 5089 Υἱῷ,
361 5024 461 5076 ἵνα
496 5022 570 5077 ὃν
601 5024 758 5077 θέλει
804 5020 1064 5093 (moram.
1085 5036 1100 5051 ·
1126 5020 1242 5087 καὶ,
1292 5020 1369 5074 Τὰ
1400 5020 1508 5074 τοῦ
1547 5022 1779 5087 Πατρὸς

193 5117 301 5186 ἐμά
331 5117 460 5170 ἐστι
482 5133 495 5146 ·
520 5117 634 5182 καὶ,
680 5114 882 5169 Πάντα
918 5112 1216 5183 παρεδόθη
1246 5111 1365 5167 ὑπὸ
1401 5110 1509 5165 τοῦ
1549 5111 1779 5178 Πατρός

194 5232 321 5280 μου.
344 5213 443 5276 Τίς
471 5207 565 5265 οὖν
595 5211 1056 5282 ἔτιάμφιϐάλλοι;
1084 5209 1257 5264 Τοῦτο
1278 5210 1335 5263 δὲ
1360 5209 1607 5280 βούλεται
1638 5225 1778 5279 uap-

194 5307 346 5377 ιστᾷν
386 5306 416 5358 ὀ
462 5303 606 5368 θεῖος
652 5302 818 5357 αὐτοῦ
852 5302 949 5357 καὶ
990 5303 1153 5371 σοφὸς
1200 5302 1377 5369 λόγος,
1412 5302 1495 5355 ὅτι
1539 5302 1601 5355 οὐ
1638 5300 1780 5354 κατά

194 5395 657 5470 προσωποληψίαν
694 5394 905 5464 γίνεται
952 5394 1209 5466 πρᾶγμα,
1238 5393 1376 5448 ἀλλά
1407 5392 1549 5447 κατά
1594 5391 1774 5459 ἀξίαν.

256 5642 275 5674 ⁸
317 5639 510 5697 Matth.
543 5654 659 5696 six.
686 5635 741 5693 6.
816 5640 837 5671 ²
868 5637 1004 5693 ibid.
1029 5634 1116 5691 I7.
1193 5634 1215 5668 ⁸
1246 5632 1593 5699 Joan.x,32.
1653 5633 1735 5704 fl
1773 5631 1906 5704 Reg.
1947 5649 2023 5696 ιχ,
2052 5632 2109 5688 2.
2185 5633 2208 5704 ξ
2248 5632 2404 5703 IReg

1876 3640 2019 3710 ptori
2045 3655 2168 3704 suo,
2203 3641 2247 3696 si
2275 3647 2458 3695 tamen
2490 3640 2559 3695 ab
2588 3654 2653 3694 eo
2690 3639 2955 3710 redempti
2981 3647 3129 3703 sunt,
3158 3639 3348 3694 falsum
3373 3640 3470 3693 im-

1878 3732 2200 3789 minutionis
2225 3746 2289 3787 ac
2311 3731 2559 3787 defectus
2579 3733 2889 3803 opinionem
2911 3739 3223 3802 aspergant.
3256 3731 3467 3786 Etenim

1877 3838 2001 3879 cum
2032 3823 2099 3879 ad
2130 3822 2409 3879 Christum
2444 3821 2692 3877 Zebedzei
2724 3821 2957 3878 ﬁliorum
2995 3832 3167 3877 mater
3198 3822 3469 3879 accessis—

1875 3924 1978 3981 set,
2026 3929 2232 3988 rogans
2265 3924 2323 3971 ut
2372 3916 2607 3971 alterum
2650 3914 2717 3970 ad
2763 3914 3068 3978 dexteram,
3118 3916 3347 3969 alterum
3399 3915 3468 3969 ad

1874 4007 2156 4065 sinistram
2182 4006 2373 4063 sedere
2404 4014 2517 4061 tum
2540 4007 2757 4077 iuberet
2787 4024 2912 4062 cum
2953 4006 3019 4061 ad
3056 4023 3281 4078 regnum
3305 4022 3467 4063 suum

1880 4098 2241 4171 pervenisset,
2283 4099 2360 4154 ita
2397 4099 2505 4155 illis
2536 4099 2859 4170 respondit:
2897 4098 3132 4153 Nescitis
3162 4100 3288 4169 quid
3316 4112 3469 4170 peta-

1883 4191 1973 4247 tis.
2003 4190 2236 4245 Potestis
2270 4188 2441 4244 bibere
2468 4189 2690 4243 calicem
2722 4206 2871 4261 quem
2906 4188 3170 4244 bibiturus
3200 4194 3358 4247 sum?
3396 4192 3469 4245 At

1880 4280 1962 4335 illi
1990 4279 2242 4335 dixerunt
2276 4296 2294 4333 :
2318 4278 2634 4335 Possumus.
2669 4279 2816 4334 Dixit
2841 4288 3016 4334 autem
3052 4280 3161 4333 illis
3187 4296 3204 4333 :
3233 4278 3468 4334 Calicem

1879 4372 2089 4443 quidem
2122 4388 2294 4426 meum
2349 4371 2554 4435 bibatis,
2595 4371 2773 4426 sedere
2805 4370 2968 4443 782
3001 4381 3176 4425 autem
3216 4372 3285 4425 ad
3340 4372 3469 4425 dex-

1882 4473 2022 4517 tram
2052 4480 2241 4528 meam,
2265 4464 2344 4518 uel
2363 4462 2432 4516 ad
2454 4462 2750 4525 sinistram,
2784 4479 2887 4516 non
2916 4471 2994 4516 est
3016 4478 3184 4515 meum
3210 4463 3358 4526 dare,
3378 4461 3469 4515 sed

1880 4556 2068 4628 quibus
2091 4564 2341 4626 paratum
2372 4563 2451 4608 est
2480 4573 2513 4609 a
2551 4554 2715 4608 Patre
2764 4571 2877 4608 meo
2901 4554 2944 4609 '.
2985 4552 3145 4608 Vides
3174 4554 3357 4625 igitur,
3390 4555 3471 4608 in-

1880 4649 2101 4721 quiunt,
2138 4649 2286 4706 omni
2311 4648 2463 4703 illum
2501 4655 2772 4718 potestate
2805 4662 2994 4702 carere
3015 4646 3132 4702 sine
3159 4645 3341 4711 Patre,
3376 4664 3470 4719 pe-

1881 4759 1981 4800 nes
2015 4757 2176 4814 quem
2206 4750 2292 4801 est
2324 4742 2412 4798 cui
2455 4743 2583 4799 velit
2615 4741 2892 4798 deferendi
2922 4740 3174 4797 facultas:
3218 4742 3353 4810 Quis
3385 4744 3470 4798 sui

1883 4855 2110 4911 compos
2134 4855 2198 4893 ac
2227 4840 2471 4910 prudens
2503 4840 2619 4896 haec
2644 4840 2712 4895 de
2738 4839 2964 4894 Christo
2988 4840 3232 4911 cogitare
3260 4840 3474 4910 possit?

1886 4929 2020 4984 Nam
2070 4931 2115 4987 si
2177 4929 2346 4993 Filius
2386 4939 2653 5001 potestate
2700 4938 2871 4999 caret,
2912 4932 3037 5002 quis
3094 4946 3213 4987 eam
3255 4932 3471 4986 tandem

1886 5024 2187 5079 obtinebit?
2220 5022 2385 5078 Pater
2417 5025 2575 5090 enim,
2620 5024 2821 5095 inquit,
2863 5026 3091 5095 vivi/icat
3123 5034 3377 5087 mortuos,
3424 5033 3473 5076 et

1885 5117 1964 5170 ita
1999 5114 2142 5169 dedit
2175 5123 2224 5167 et
2253 5112 2419 5179 Filio,
2461 5123 2521 5167 ut
2552 5131 2702 5185 quem
2745 5116 2855 5169 vult
2886 5116 3105 5185 viviﬁcet
3128 5115 3180 5182 ’;
3212 5125 3263 5169 et
3300 5134 3313 5168 :
3342 5114 3473 5180 Quae

1887 5206 2073 5261 Patris
2117 5214 2261 5268 sunt,
2295 5222 2411 5259 mea
2462 5217 2584 5259 sunt
2606 5207 2691 5270 '°;
2734 5213 2831 5261 et:
2863 5206 3057 5259 Omnia
3101 5205 3307 5257 tradita
3351 5212 3471 5256 sunt

1885 5299 2017 5353 milii
2062 5317 2095 5352 a
2139 5295 2305 5352 Patre
2343 5299 2543 5352 meo“.
2576 5297 2713 5365 Quis
2742 5299 2809 5353 de
2848 5312 2915 5351 eo
2954 5296 3203 5351 dubitare
3240 5295 3472 5364 amplius

1884 5391 2100 5463 potest?
2125 5389 2495 5458 Quamobrem
2543 5390 2648 5447 hoc
2688 5391 3110 5467 divinusipsius
3150 5403 3215 5443 ac
3254 5388 3471 5458 sapiens

2412 5673 2422 5685 .
2460 5648 2521 5696 ιι,
2561 5631 2652 5688 96.
2728 5631 2750 5662 ⁸
2795 5630 2976 5687 Eccle.
3007 5646 3081 5685 γι.
3113 5631 3169 5687 9.
3249 5632 3269 5664 ⁷
3310 5630 3467 5689 Num.

182 5726 275 5783 xx,
302 5715 358 5771 6.
440 5713 465 5745 ⁸
494 5710 689 5766 Matth.
733 5723 823 5776 xx,
848 5707 955 5779 22;
995 5706 1165 5764 Marc.
1204 5722 1258 5775 ι,
1286 5707 1359 5762 58
1392 5722 1515 5779 sqq.
1590 5708 1613 5739 ’
1642 5702 1770 5761 Joan

1876 5722 1902 5773 ν,
1926 5705 2019 5759 ﬁl.
2100 5704 2143 5739 ⁸⁸
2182 5702 2342 5760 Joan.
2379 5701 2490 5767 sui,
2524 5703 2609 5757 15.
2691 5702 2731 5733 ¹ί
2765 5701 2955 5757 ﬂatu].
2984 5719 3061 5771 XI,
3094 5703 3185 5759 27.
