3994 6226
482 263 594 319 995

1850 253 1910 307 S.
1952 253 2291 319 EPIPHA‘NH

3656 244 3786 302 9.96

483 395 664 436 sermo
691 378 1070 434 demonstrare
1103 373 1298 438 voluit,
1329 374 1480 430 nulla
1521 389 1876 444 personarum
1907 391 2060 432 accc-

2197 376 2369 447 Lupiou
2400 375 2496 443 μὲν
2524 373 2631 444 γάρ
2665 374 2782 426 ἐστι
2804 372 2866 426 τδ
2891 370 3179 441 παρέχειν·
3199 366 3429 438 παρέχει
3447 364 3507 419 δὲ
3529 364 3789 432 ἑκάστῳ

487 475 688 540 ptione,
713 470 805 525 sed
831 484 895 524 ex
919 468 1190 538 cujusque
1212 468 1406 522 merito
1429 483 1542 522 rem
1578 482 1792 522 omnem
1814 467 2062 537 transigi.

489 561 876 616 Domiuienim
923 568 1010 614 est
1053 558 1341 625 conferre;
1388 558 1601 612 confert
1642 566 1821 612 autem
1854 559 2071 613 unicui-

487 670 594 723 que
649 668 747 722 pro
800 653 1064 723 dignitate
1119 652 1460 705 meritorum.
1491 648 1881 718 Unusquisque
1921 649 2068 702 enim

487 744 579 814 qui
614 735 762 813 quod
795 744 1005 812 justum
1033 751 1120 797 est
1163 742 1439 809 praestitit,
1475 755 1574 808 pro
1620 739 1823 795 laboris
1867 740 1954 794 sui
1991 754 2074 794 ra-

489 839 637 890 tione
680 833 986 888 mercedem
1029 833 1264 902 aceipit;
1314 847 1414 886 nec
1445 831 1601 886 alteri
1645 831 1883 886 tribuere
1927 831 2072 896 licet,

493 935 854 998 praeterquam
901 927 948 980 ci
990 927 1084 994 qui
1137 939 1197 979 se
1248 924 1472 994 dignum
1529 923 1848 980 reddiderit.
1888 922 2074 978 Dicam

491 1019 638 1074 enim
682 1019 942 1072 audacter
971 1015 1095 1071 :‘Nc
1140 1015 1583 1087 ipsius-quidem
1629 1030 1772 1080 esse,
1828 1015 1933 1070 nisi
1972 1014 2078 1068 hoc

493 1107 676 1171 modo,
705 1105 856 1169 dare,
897 1118 1210 1174 quanquam
1241 1105 1344 1160 hoc
1371 1104 1430 1158 in
1467 1104 1586 1173 ejus
1617 1111 1883 1172 potestate
1907 1103 2074 1157 situm

495 1205 601 1256 cst,
635 1196 730 1250 sed
765 1195 909 1263 quod
941 1209 1288 1265 nequaquam
1325 1193 1382 1248 id
1411 1194 1559 1249 velit.
1602 1191 1716 1248 lmo
1756 1208 1858 1248 nec
1897 1191 2076 1262 Spiri-

498 1295 586 1341 tus
613 1303 735 1342 esse
771 1288 968 1349 sancti,
998 1287 1253 1357 quamvis
1281 1294 1336 1342 et
1365 1286 1481 1355 ipse
1509 1285 1754 1340 tribuere
1785 1285 1982 1354 possit,
2015 1292 2076 1338 ut

499 1394 563 1430 ex
611 1377 713 1431 hnc
749 1376 1048 1446 Scriptura:
1085 1378 1205 1432 loco
1243 1375 1596 1438 manifestum
1627 1383 1751 1430 est:
1792 1375 1929 1428 lluic
1959 1373 2080 1444 qui-

2167 465 2284 519 κατ⁹
2317 464 2494 528 ἀξίαν.
2527 463 2797 525 Ἕκαστος
2844 462 2901 515 δὲ
2921 502 2937 525 ,
2974 459 3349 532 ἐργασάμενος
3392 458 3452 510 τὸ
3495 457 3739 509 δίκαιον
3763 493 3787 518 ,

2167 556 2430 628 λαμϐάνει
2451 553 2593 608 κατὰ
2613 554 2706 607 τὸν
2730 553 2861 607 ῐδιον
2883 552 3052 606 κόπον
3069 564 3082 578 ·
3114 550 3207 604 καὶ
3219 549 3402 603 οὐκέτι
3429 546 3582 617 αὺτῷ
3610 544 3794 616 μόνῳ

2169 649 2286 702 ἐστὶ
2303 648 2372 701 τὸ.
2389 647 2594 711 δοῦναι,
2612 645 2747 699 ἁ).λὰ
2772 646 2850 716 τῷ
2873 645 3066 698 ἑαυτὸν
3085 643 3232 708 ἀξιον
3254 642 3606 712 ποποιηκότι.
3629 636 3794 691 Τόλ-

2174 738 2261 808 μῶ
2281 740 2390 809 γὰρ
2413 737 2612 806 λέγειν,
2629 737 2713 790 ὃτι
2736 731 2861 790 οὔτε
2884 734 3046 788 αὑτοῦ
3072 736 3206 796 ἐστι,
3225 733 3425 802 καίπερ
3447 730 3791 800 δυναμένου

2171 827 2375 892 δοῦναι,
2410 827 2484 897 μὴ
2510 825 2831 896 βουλομένου
2859 822 2916 877 δέ
2935 839 2952 856 ο
2977 821 3101 876 οὔτε
3119 821 3215 874 τοῦ
3252 821 3408 889 ἁγίου
3432 819 3798 888 Πνεύματος

2173 917 2374 988 καίπερ
2399 915 2700 984 δυναμένου
2727 913 2821 967 τοῦ
2851 912 3009 982 ἁγίου
3039 910 3356 981 Πνεύματος
3383 908 3564 962 δοῦναι
3617 906 3798 960 κατὰ

2173 1009 2234 1063 τὸ
2267 1007 2551 1081 εἰρημένον
2573 1046 2588 1070 ,
2614 1008 2696 1060 ὅτι
2746 1000 2820 1076 ⁷ῼ
2849 1005 2966 1074 μὲν
3011 1003 3239 1057 δίδοται
3277 1000 3461 1071 σοφία
3502 998 3608 1053 διὰ
3667 996 3800 1051 τοῦ

2177 1101 2541 1169 Πνεύματος,
2584 1097 2666 1163 τῷ
2713 1097 2782 1150 δὲ
2815 1097 2958 1165 γένη
2996 1093 3297 1165 γλωσσῶν
3347 1094 3417 1146 ἐν
3460 1092 3543 1157 τῷ
3599 1087 3802 1152 αὐτῷ

2176 1193 2493 1262 [Iri-ninam,
2521 1189 2600 1254 τῷ
2618 1188 2687 1242 δὲ
2707 1179 2988 1257 ἐρμὴνεία
3015 1183 3333 1256 γλωσσῶν,
3369 1183 3448 1249 τῷ
3475 1182 3546 1236 δὲ
3568 1182 3802 1236 δύνα-

2172 1301 2275 1352 μις
2298 1321 2314 1347 ,
2361 1280 2442 1342 τῷ
2473 1280 2542 1332 δὲ
2585 1277 2966 1334 διδασκαλία.
3004 1278 3115 1330 Ἓν
3144 1273 3212 1328 δέ
3239 1274 3370 1327 ἐστι
3411 1272 3474 1326 τὸ
3513 1271 3804 1337 Πνεῦμα

2178 1375 2248 1431 τὸ
2283 1373 2553 1442 διαιροῦν
2594 1371 2830 1435 ἑκάστῳ
2857 1369 2939 1436 ὡς
2970 1369 3280 1433 βούλεται.
3310 1367 3419 1420 Καὶ
3461 1366 3563 1419 οὐκ
3615 1360 3804 1427 εἷπε,

502 1469 618 1522 dem
655 1469 816 1522 datur
844 1469 1101 1537 sapientia
1136 1483 1226 1537 per
1260 1466 1518 1536 Spiritum
1543 1483 1563 1531 ;
1592 1467 1713 1520 huic
1745 1482 1862 1520 vero
1891 1481 2083 1535 genera

2197 1465 2364 1529 ιαθὼς
2391 1463 2815 1536 προστάσσεται,
2849 1460 3008 1525 ἀλλά,
3042 1458 3228 1524 καθὼς
3266 1458 3534 1530 βούλεται.
3577 1457 3719 1512 Καὶ
3765 1457 3808 1510 ὁ

503 1561 801 1629 linguarum
831 1560 886 1612 in
917 1558 1098 1614 eodem
1122 1557 1361 1625 Spiritu;
1393 1557 1552 1612 alteri
1589 1557 1953 1626 interpretatio
1976 1556 2084 1610 liu-

2197 1557 2324 1623 Υἱὸς
2341 1556 2414 1610 ὃν
2442 1554 2604 1612 θέλει
2633 1551 2922 1623 ζωογονεῖ,
2955 1551 3055 1606 καὶ
3085 1554 3118 1606 ὀ
3140 1550 3343 1618 Πατὴρ
3382 1548 3554 1604 καλεῖ
3570 1550 3665 1602 ὃν
3692 1547 3810 1602 θέ.
3843 1577 3847 1586 ,

497 1667 759 1718 gnarum;
793 1650 913 1704 huic
939 1651 1128 1715 uirtus,
1157 1651 1280 1704 huic
1310 1649 1578 1703 doctrina.
1624 1647 1770 1703 Unus
1803 1657 1882 1702 est
1907 1657 2084 1702 autem

2197 1653 2277 1704 let
2304 1647 2456 1716 πρὸς
2476 1645 2583 1700 τὸν
2625 1646 2762 1699 Υίόν
2783 1661 2796 1676 ·
2828 1644 2923 1698 καὶ
2956 1643 3139 1698 πάλιν·
3165 1641 3303 1697 Οὔτε
3338 1643 3368 1695 ὁ
3399 1640 3582 1712 Πατὴρ
3619 1640 3740 1694 καὶ
3776 1640 3813 1693 6

500 1740 753 1808 Spiritus,
778 1741 866 1807 qui
897 1740 1082 1793 dividit
1106 1741 1384 1810 unicuique
1401 1747 1558 1810 prout
1582 1738 1692 1793 nuit
1717 1739 1760 1792 ί.
1780 1737 1900 1793 Non
1921 1737 2082 1802 dixit,

2197 1741 2335 1804 Υἱὸς,
2351 1739 2476 1793 οὔτε
2504 1738 2659 1808 ἅγιον
2678 1735 2906 1807 Πνεῦμα
2931 1735 3072 1790 κατὰ
3113 1733 3571 1807 προσωποληψίαν
3585 1731 3809 1797 καλεῖ,

502 1837 664 1898 prout
696 1828 943 1896 jubetur,
976 1830 1071 1884 sed
1113 1837 1384 1898 quatenus
1423 1828 1558 1883 vult.
1597 1826 1682 1882 Ad
1722 1827 1859 1894 haec,
1905 1825 2083 1882 Filius

2197 1829 2484 1901 ἣδίδωσιν,
2512 1827 2546 1898 ἢ
2583 1828 2832 1898 παρέχει,
2860 1827 2894 1896 ἢ
2937 1825 3095 1896 ἀξίαν
3123 1824 3369 1878 δίδωσινο
3406 1822 3541 1877 ἀλλά
3579 1822 3811 1884 καθὼς

501 1936 650 1987 quem
686 1918 793 1972 rult
825 1920 1051 1990 viriﬁcat
1073 1921 1115 1985 ',
1139 1929 1188 1975 et
1221 1921 1386 1976 Pater
1411 1930 1563 1977 uocat
1586 1937 1736 1992 quem
1759 1921 1870 1976 υιιίι
1897 1921 1965 1975 ad
1987 1917 2088 1976 Fi-

2197 1919 2382 1974 ὲαυτδν
2396 1920 2544 1984 ἀξιον
2559 1919 2787 1983 ἕκαστος
2805 1918 3134 1990 εὐτρεπίζει·
3154 1917 3582 1981 τουτέστιν,’οὐκ
3592 1914 3813 1968 ἐστιν

503 2011 633 2062 lium
653 2011 693 2062 ³.
723 2009 986 2065 Praeterea
1017 2025 1192 2083 neque
1211 2010 1390 2077 Pater,
1420 2020 1515 2068 aut
1538 2011 1733 2078 Filius,
1760 2028 1936 2084 neque
1958 2010 2085 2084 Spic-

2197 2011 2334 2082 ἐμὸν
2355 2010 2568 2065 δοῦναι
2586 2024 2600 2038 ·
2634 2009 2772 2064 ἀλλά
2803 2009 2899 2064 ἐὰν
2921 2010 3156 2081 κάμητε,
3181 2007 3336 2061 ἔσται
3374 2008 3497 2077 ὑμῖν
3530 2007 3810 2076 ἡτοιμα-

503 2111 644 2156 ιειιυε
679 2111 904 2158 sanctus
937 2119 1297 2174 personarum
1332 2105 1388 2160 in
1423 2105 1670 2161 vocando
1713 2105 1982 2171 dandove,
2017 2119 2083 2162 ac

2197 2101 2386 2173 σμένον
2410 2099 2562 2172 παρά
2589 2099 2682 2154 τοῦ
2715 2099 2930 2171 Πατρός
2955 2116 3076 2170 μου.
3107 2098 3180 2152 Τὸ
3209 2098 3268 2153 δὲ
3291 2096 3512 2160 τέλειον,
3537 2096 3632 2149 ὅτι
3669 2095 3814 2165 ἐγώ

505 2193 804 2262 largiendo,
824 2195 905 2249 vel
926 2195 1196 2266 cujusque
1216 2197 1428 2253 meritis
1460 2197 1882 2268 compensandis
1913 2197 2082 2253 ratio-

2197 2196 2302 2265 ειμι
2325 2193 2364 2262 ή
2404 2191 2537 2261 ζωή.
2569 2193 2681 2247 Καὶ
2710 2191 2792 2245 ἐτι
2833 2190 3215 2263 ὑπερϐήσομαι
3246 2191 3325 2253 είς
3345 2190 3413 2244 τά
3440 2189 3626 2260 ἕτερα.

511 2301 633 2339 nent
671 2287 858 2356 habet;
893 2291 987 2346 sed
1014 2288 1116 2345 hoc
1147 2289 1370 2345 omnino
1387 2299 1683 2361 spectatur,
1708 2290 2170 2362 quemadmodum
2196 2304 2256 2345 se
2275 2288 2511 2358 quisque
2545 2286 2802 2342 idoneum
2831 2285 3166 2356 dignumque
3193 2289 3490 2353 comparet.
3525 2279 3816 2351 Denique

513 2378 822 2454 hiqsensus
847 2387 952 2445 est,
996 2378 1120 2434 Non
1149 2389 1226 2435 est
1257 2398 1426 2436 meum
1454 2381 1605 2443 dare.
1629 2381 1724 2437 sed
1756 2381 1802 2436 si
1837 2381 2251 2446 laboraveritis,‘
2275 2385 2529 2450 paratum
2555 2377 2662 2434 erit
2692 2375 2847 2433 vobis
2867 2389 2898 2429 a
2925 2373 3086 2431 Patre
3109 2389 3251 2432 meo.
3275 2373 3556 2430 Summum
3581 2378 3814 2425 autem

507 2482 569 2521 ac
601 2467 897 2558 perlectum
927 2476 1032 2533 est.
1061 2470 1318 2539 quoniam
1347 2486 1439 2541 ego
1465 2487 1584 2524 sum
1611 2470 1718 2524 vita
1733 2469 1776 2523 ⁸.
1807 2467 1964 2525 Nunc
1993 2470 2064 2526 ad
2095 2470 2204 2525 alia
2239 2469 2676 2540 progrediamur.

580 2563 711 2634 ιιΧῖ
753 2577 1034 2649 Objiciunt
1081 2579 1254 2634 illud:
1289 2577 1524 2645 Quinam
1561 2579 1716 2632 illum
1751 2594 1816 2634 ex
1838 2578 2078 2650 perfecta

509 2668 799 2726 divinitate
830 2669 924 2725 Dei
956 2669 1227 2740 prodiisse
1254 2669 1475 2725 dicitis?
1502 2670 1646 2727 Ecce
1671 2672 1816 2727 enim
1845 2671 2084 2742 Aposto-

509 2757 597 2813 lus
631 2758 711 2812 sic
736 2758 803 2813 de
832 2758 926 2814 illo
961 2758 1154 2814 scribit
1181 2777 1194 2814 :
1223 2758 1366 2813 Deus
1387 2760 1661 2814 suscitauit
1690 2761 1845 2815 illum
1877 2777 1912 2815 a
1938 2776 2090 2814 mor-

513 2849 679 2905 tuis'.
706 2850 784 2904 Ex
805 2866 914 2921 quo
943 2858 1090 2922 patet
1120 2849 1214 2907 Dei
1241 2851 1392 2906 illum
1423 2851 1649 2916 auxilio,
1681 2840 1775 2924 qui
1796 2866 1855 2908 se
1882 2866 1913 2907 a
1941 2866 2092 2908 mor-

2252 2577 2382 2632 ΝΘ.
2411 2575 2549 2647 Φησὶ
2597 2575 2656 2630 δέ
2677 2587 2694 2606 ⁶
2733 2575 2860 2638 Πῶς
2894 2573 3083 2643 λέγετε
3126 2572 3289 2628 αὑτὸν
3324 2573 3390 2625 ἐκ
3417 2572 3514 2642 τῆς
3551 2571 3816 2639 τελείας

2185 2668 2281 2722 τοῦ
2317 2667 2454 2722 Θεοῦ
2493 2667 2781 2738 θεότητοςς
2824 2665 2956 2720 Ἰδοὺ
3001 2665 3111 2736 γὰρ
3155 2664 3305 2733 λέγει
3358 2665 3484 2736 περὶ
3536 2664 3740 2718 αὐτοῦ
3778 2669 3815 2719 ὸ

2204 2759 2548 2824 Ἀπὸστολος,
2584 2759 2668 2812 ὅτι
2698 2759 2752 2811 Ὀ
2781 2757 2927 2822 Θεὸς
2953 2757 3188 2826 ἤγειρεν
3210 2754 3400 2810 αὐτὸν
3421 2757 3488 2810 ἐκ
3517 2756 3814 2825 νεκρῶν.

2203 2852 2263 2908 '0
2288 2853 2347 2906 δὲ
2363 2851 2671 2924 ὲπιδεηθεὶς
2701 2850 2953 2924 βοηθείας
2966 2850 3062 2903 τοῦ
3094 2849 3231 2904 Θεοῦ
3256 2849 3351 2903 τοῦ
3379 2851 3584 2920 ἐγεῖραι
3602 2850 3819 2904 αὐτὸν

511 2941 624 2997 tuis
648 2942 914 2997 excitaret
959 2958 1101 3014 opus
1128 2942 1406 2999 habuisse.
1442 2941 1788 3014 Proindeque
1821 2944 1962 3000 alius
2003 2953 2090 3002 est

2197 2945 2259 2999 ἑκ
2281 2944 2508 3016 νεκρῶν.
2535 2946 2676 3017 ’Δρα
2706 2944 2891 3016 ἕτερός
2919 2943 3066 2996 ἐστιν
3096 2943 3130 2996 δ
3155 2943 3385 3014 ἐγείρων
3416 2945 3479 3012 τῇ
3517 2942 3815 3012 δυνάμει,

511 3033 605 3106 qui
649 3042 842 3106 suapte
875 3011 1028 3090 illum
1068 3038 1122 3091 vi
1160 3038 1415 3101 suscitat,
1450 3037 1592 3092 alius
1630 3011 1921 3093 et‘eodem
1952 3036 2090 3093 infe-

2197 3011 2460 3108 ἔτερος-δὲ
2489 3011 2846 3106 ὑποδε6ηκῶς
2882 3037 2910 3088 ὁ
2938 3011 3286 3106 ἐγειρόμενος
3309 3033 3397 3088 διὰ
3425 3011 3520 3104 ei;
3550 3011 3683 3086 1057
3704 3035 3818 3088 δυ·-

512 3128 648 3192 rior,
676 3128 772 3198 qui
803 3129 1152 3199 praepotentis
1197 3130 1346 3186 illius
1371 3130 1572 3185 virtute
1600 3130 1919 3185 suscitatur.
1951 3129 2092 3196 Quid

513 3219 752 3288 amplius
781 3218 1055 3290 perfricta:
1093 3217 1292 3275 frontis
1328 3220 1614 3274 hominum
1643 3219 1954 3276 refellendis
1985 3237 2093 3274 nu»

515 3308 598 3379 gis
637 3323 701 3362 ac
750 3310 979 3365 somniis
1029 3310 1420 3364 immoramur?
1465 3309 1598 3376 Quis
1638 3309 1904 3365 Lazarum
1930 3310 2092 3382 783

514 3399 770 3454 excitavit
798 3399 864 3453 ad
889 3400 1129 3454 vitam‘?
1152 3399 1287 3466 Quis
1325 3401 1501 3456 viduae
1534 3401 1590 3456 in
1609 3401 1810 3472 oppido
1839 3400 1994 3456 Naim
2029 3403 2092 3456 ii-

518 3490 648 3543 linm
684 3491 806 3544 vita:
832 3491 1145 3546 restituit”?
1170 3491 1304 3558 Quis
1345 3493 1646 3564 Synagogae
1677 3493 1943 3564 principis
1973 3494 2097 3550 tiliae

516 3579 654 3632 dixit
686 3598 700 3633 :
729 3579 902 3643 Cumi,
954 3579 1165 3644 talitha,
1200 3580 1304 3634 hoc
1331 3587 1435 3645 est,
1468 3579 1653 3650 Surge,
1695 3579 1810 3650 ﬁlia
1831 3579 1891 3634 8‘I
1919 3579 2095 3650 Cujus

518 3671 770 3724 invocato
798 3671 864 3725 ab
893 3672 1156 3741 apostolis
1189 3671 1408 3727 nomine
1441 3672 1641 3726 mortui
1673 3681 1801 3727 sunt
1831 3673 1898 3728 ad
1930 3673 2097 3728 vitam

517 3759 797 3814 revocati?
833 3760 903 3814 At
933 3761 1044 3827 isti,
1088 3762 1348 3831 quoniam
1391 3762 1620 3832 apostoli
1650 3772 1842 3816 contra
1883 3760 2095 3818 Iudaeos

517 3850 881 3921 disputantes,
913 3865 1039 3906 cum
1067 3866 1388 3922 persuasum
1439 3852 1575 3922 ipsis
1613 3860 1781 3918 esset,
1819 3854 2097 3924 apostolos

519 3943 589 3997 ab
639 3943 773 4013 legis
831 3942 940 4000 Deo
984 3944 1346 3999 defectionem
1399 3944 1723 4015 praedicare,
1781 3961 1995 4000 necnon
2044 3953 2100 4000 et

519 4033 665 4106 quod
689 4033 925 4105 Spiritus
954 4041 1182 4092 sanctus
1217 4035 1536 4106 praevideret
1561 4036 1830 4106 ejusmodi
1863 4037 2099 4094 haareses

520 4123 754 4190 futuras,
782 4140 904 4196 quae
936 4141 967 4179 a
1003 4133 1229 4197 paterna
1270 4127 1550 4182 voluntate
1581 4128 1858 4184 Christum
1895 4129 2102 4186 abalie-

519 4230 654 4270 nare
699 4229 765 4270 ac
808 4231 1066 4289 separare
1116 4217 1448 4274 studerent:
1481 4235 1631 4288 cum,
1668 4220 1913 4291 inquam,
1972 4237 2102 4291 pro-

519 4317 703 4376 pterea
746 4307 812 4362 ad
842 4325 1005 4363 unam
1034 4309 1376 4366 divinitatem
1408 4314 1591 4366 omnia
1617 4321 1940 4368 revocarent
1965 4328 2098 4385 apo-

521 4398 668 4458 stoli,
699 4398 1138 4470 quandoquidem
1169 4417 1271 4471 pro
1303 4418 1369 4457 eo
1403 4417 1468 4458 ac
1492 4402 1639 4458 Patri
1677 4403 1856 4476 visum
1895 4411 2002 4471 est,
2035 4406 2104 4462 de

520 4485 644 4542 Filii
667 4489 968 4551 voluntate,
998 4505 1063 4545 ac
1096 4495 1475 4550 consentiente
1505 4495 1709 4566 Spiritu
1734 4504 1948 4561 sancto,
1977 4512 2100 4554 om-

487 4578 611 4632 ‘nia
656 4579 878 4633 condita
927 4591 1075 4646 sunt,
1136 4583 1397 4648 haeretici,
1445 4587 1690 4656 inquam,
1731 4589 1820 4643 isti
1887 4589 1970 4644 his
2020 4590 2099 4646 lo-

523 4670 726 4739 quendi
772 4671 950 4726 modis
991 4673 1302 4731 inferiorem
1355 4677 1649 4746 quamdam
1704 4679 2094 4746 conditionem,

524 4768 619 4813 aut
668 4759 1120 4828 imbecillitatem,
1164 4775 1258 4818 aut
1310 4767 1483 4820 divini
1524 4765 1688 4822 Verbi
1738 4769 1806 4822 ab
1859 4770 2096 4825 essentia

525 4849 703 4906 Patris
734 4852 1116 4909 alienationem
1142 4856 1436 4927 signiﬁcari
1464 4865 1676 4928 putant.
1703 4849 1906 4914 Verum
1938 4862 2096 4934 longe
2127 4897 2136 4906 κ

523 4941 682 4996 aliter
703 4958 762 4997 se
793 4958 883 4998 res
913 4944 1092 5000 habet.
1123 4946 1187 4999 Et
1221 4956 1278 5000 ut
1305 4947 1436 5001 illud
1472 4949 1761 5021 intelligas,
1785 4965 1882 5022 age
1911 4968 2096 5008 exem-

2198 3127 2358 3182 νατοῦ
2388 3128 2690 3200 δυνάμεως.
2708 3128 2817 3182 Καὶ
2839 3127 2944 3192 ἕως
2970 3128 3099 3182 πότε
3132 3127 3522 3200 κατατρὶὁομαι
3547 3127 3700 3198 περῐ
3730 3129 3819 3183 τὰ

2198 3220 2414 3293 ληρώδη
2438 3223 2686 3293 νοήματα
2715 3222 2824 3276 τῶν
2859 3222 3048 3286 κακῶς
3080 3222 3534 3294 παῳτριψάντων
3562 3222 3818 3276 ἑαυτῶν

2199 3311 2260 3364 τὸ
2289 3310 2572 3382 μέτωπον;
2605 3311 2702 3375 Τίς
2729 3307 2821 3366 οὖν
2837 3312 3028 3384 ἤγειρε
3050 3312 3140 3365 τὸν
3164 3312 3442 3383 Λὰξαρον;
3472 3312 3566 3374 Τίς
3579 3312 3814 3383 ἡγειρε

2199 3400 2290 3474 τὸν
2314 3401 2428 3454 υἱὸν
2456 3402 2558 3472 τῆς
2585 3405 2760 3473 χήρας
2791 3403 2892 3472 τῆς
2923 3403 2982 3456 ὲν
3009 3404 3178 3468 Ναΐν,
3207 3404 3304 3466 Τίς
3327 3402 3446 3455 εἶπε
3461 3405 3522 3473 τῇ
3541 3402 3820 3476 θυγατρὶ

2201 3491 2295 3545 τοῦ
2307 3493 2781 3564 ἀρχισυναγώγουο
2805 3496 3014 3564 Κούμι,
3040 3495 3271 3557 ταλιθὰ,
3294 3494 3585 3557 τουτέστιν,
3603 3495 3674 3548 Ἀ
3686 3498 3788 3550 νεὶ
3799 3529 3818 3537 -

2202 3588 2415 3651 στηθι,
2470 3586 2509 3654 ἡ
2557 3584 2733 3651 stuic;
2777 3585 2936 3650 Τίνος
2986 3586 3048 3639 τὺ
3101 3586 3272 3657 ὄνομα
3313 3585 3693 3640 ἐπεκαλοῦντο
3756 3590 3820 3641 oi

2203 3673 2524 3740 ἀπόστολοι,
2575 3675 2670 3728 καὶ⁵
2699 3675 2749 3728 οἱ
2779 3676 2962 3746 νεκροὶ
3001 3675 3323 3747 ἠγείροντο;
3360 3674 3666 3745 Νομίζουσι
3715 3676 3814 3742 δὲ,

2203 3767 2387 3838 ἐπειδὴ
2415 3768 2464 3821 oi
2485 3768 2790 3835 ἀπόστολοι,
2833 3769 3106 3832 Ἰουδαίοις
3137 3768 3677 3840 προσδιαλεγόμενοι,
3709 3769 3819 3824 διίι

2203 3860 2265 3913 τὸ
2306 3861 2546 3931 νομίζειν
2579 3863 2916 3916 ἀποστασίαν
2949 3862 3246 3934 κηρύσσειν
3286 3862 3413 3925 τοὺς
3449 3861 3818 3928 ἀποστόλους

2205 3951 2314 4006 ἀπὸ
2341 3951 2434 4006 τοῦ
2473 3953 2609 4007 Θεοῦ
2633 3955 2727 4008 τοῦ
2763 3956 2952 4027 νόμου,
2970 3955 3064 4008 καὶ
3093 3954 3182 4008 διὰ
3211 3953 3270 4008 τὸ
3291 3953 3427 4023 πρὸς
3454 3952 3512 4005 τὸ
3535 3955 3818 4019 γνωστὸν

2205 4043 2300 4096 τοῦ
2332 4045 2488 4113 ἁγίου
2511 4046 2856 4118 Πνεῦματος,
2898 4047 2992 4101 τοῦ
3021 4045 3401 4115 γινώσκοντος,
3441 4046 3518 4098 ὅτι
3544 4044 3819 4114 ἦμελλον

2206 4134 2448 4206 αἱρέσεις
2478 4135 2800 4206 ἀφηνιάζειν
2834 4136 2924 4189 τὸν
2959 4136 3194 4206 Χριστὸν
3235 4134 3344 4189 ἀπὸ
3391 4133 3485 4187 τοῦ
3520 4133 3815 4204 πατρῴου

2208 4224 2547 4295 θελήματος·
2585 4226 2776 4280 τούτου
2821 4227 2985 4281 ἓνεκα
3018 4229 3100 4291 είς
3135 4227 3234 4298 τὴν
3281 4226 3408 4298 μίαν
3453 4225 3693 4294 θεότητα
3733 4227 3815 4281 τὰ
3859 4289 3878 4302 α

2209 4317 2390 4372 πάντα.
2411 4319 2777 4390 ἀναφέροντες
2805 4321 2855 4372 οἱ
2889 4321 3045 4374 αὐτοὶ
3075 4321 3398 4386 ἀπόστολοι,
3443 4321 3525 4372 ὅτι
3560 4317 3814 4392 εὐδοκία
3874 4301 3882 4309 γ’

2207 4408 2362 4479 παρά
2391 4409 2603 4482 Πατρὸς
2641 4411 2888 4480 ἐγένοντο
2920 4412 2988 4465 τὰ
3009 4412 3184 4466 πάντα
3221 4413 3472 4484 βουλήσει
3507 4410 3600 4463 τοῦ
3622 4411 3814 4479 Υίοῦ,

2209 4501 2528 4573 συνευδοκίᾳ
2564 4503 2880 4574 Πνεύματος
2901 4505 3079 4574 ἁγίου,
3113 4504 3188 4576 μὴ
3220 4505 3330 4576 ἄρα
3361 4503 3501 4558 κατά
3539 4502 3810 4556 ἐλάττω-

2207 4605 2314 4654 σιν,
2342 4590 2376 4662 ἢ
2414 4591 2559 4646 κατὰ
2590 4592 2898 4659 ἀσθένειαν,
2942 4595 2974 4666 ἢ
3008 4596 3360 4666 ἀλλοτρίωσιν
3396 4595 3490 4664 τῆς
3518 4593 3612 4646 τοῦ
3639 4593 3806 4648 Θεοῦ

2204 4682 2378 4751 Λόγου
2417 4687 2569 4756 παρά
2596 4686 2688 4739 τοῦ
2718 4688 2932 4758 Πατρὸς
2974 4688 3162 4742 οὐσίαν
3206 4689 3366 4743 τοῦτο
3403 4690 3634 4761 εἴρηται.
3673 4690 3804 4742 Καὶ

2202 4774 2300 4845 οὐκ
2325 4773 2517 4841 οὕτως.
2548 4777 2690 4851 Ὅρα
2716 4779 2826 4851 γὰρ
2857 4781 2924 4835 τὰ
2949 4782 3300 4851 πρωτότυπα,
3329 4781 3448 4844 πῶς
3467 4781 3748 4850 διηγεῖται
3771 4783 3806 4834 ὁ

2201 4866 2432 4936 ἄγγελος
2466 4869 2690 4939 φάσκων
2717 4874 2838 4934 ταῖς
2870 4873 3000 4944 περὶ
3023 4874 3271 4944 Μαρίαν·
3313 4875 3373 4928 Τί
3416 4871 3631 4941 ζητεῖτε
3677 4874 3803 4926 τὸν

2199 4955 2384 5016 ζῶντα
2403 4960 2555 5030 μετὰ
2580 4958 2698 5014 τῶν
2717 4963 2978 5030 νεκρῶνς

525 5038 696 5109 plaria
728 5038 843 5109 ipse
872 5049 1153 5098 contuere.
1180 5042 1320 5109 Quid
1378 5047 1605 5116 angelus
1662 5046 1866 5112 Maria-3,
1922 5049 2154 5122 ejusque
2202 5054 2369 5111 sociis
2407 5057 2734 5114 mulieribus
2777 5056 3024 5128 dixerit;
3061 5057 3203 5124 Quid
3249 5058 3486 5128 quwritis
3535 5056 3805 5114 viventem

521 5146 640 5185 cum
666 5135 887 5188 mortuis
909 5134 967 5188 ’ἲ

604 5228 764 5282 Vides
801 5236 862 5283 ut
888 5233 1078 5286 vivens
1114 5231 1203 5286 ille
1239 5246 1364 5288 cum
1389 5248 1490 5289 sua
1519 5231 1805 5292 divinitate
1839 5246 1894 5293 et
1937 5252 2104 5294 carne

524 5322 845 5376 surrexerit.
881 5320 1069 5394 Neque
1104 5337 1235 5379 vero
1259 5325 1399 5380 inter
1423 5332 1668 5384 mortuos
1694 5328 1931 5398 amplius
1953 5329 2103 5399 jace-

602 5557 656 5610 ‘l
689 5559 816 5613 (tor.
849 5577 944 5634 xu,
981 5562 1015 5619 8
1041 5579 1168 5634 sqq.
1272 5568 1291 5598 ’
1329 5564 1484 5620 Joan.
1517 5585 1570 5626 v.
1604 5568 1693 5621 2|.

1797 5568 1816 5599 ³
1846 5565 2005 5621 Joan.
2039 5584 2113 5633 vt,
2150 5570 2234 5623 Η.

2293 5239 2478 5310 Ὁρᾷς,
2515 5240 2545 5294 ὁ
2584 5239 2694 5304 ζῶν
2727 5241 2784 5293 ἐν
2823 5240 2926 5313 ἰδίᾳ
2967 5240 3180 5313 θεότητι
3224 5243 3319 5296 καὶ
3366 5243 3531 5313 σαρκὶ
3561 5244 3804 5316 ἀνέπτη.

2211 5331 2326 5384 Οὐκ
2347 5326 2416 5401 ἦν
2445 5329 2504 5384 δὲ
2549 5333 2690 5402 μετὰ
2713 5334 2822 5387 τῶν
2855 5334 3084 5407 νεκρῶν.
3111 5336 3222 5390 Kal.
3261 5334 3315 5389 τί
3355 5352 3520 5408 φησιν
3555 5337 3760 5402 αὑταῖς
3783 5357 3802 5371 ο

2340 5572 2358 5600 ³
2392 5567 2550 5625 Joan.
2592 5588 2700 5636 xw,
2739 5573 2792 5626 6.
2897 5574 2917 5604 '
2955 5573 3107 5627 Rom.
3141 5590 3210 5640 Iv,
3239 5574 3346 5641 9.4;
3377 5573 3395 5628 1
3423 5576 3549 5632 Cor.
3587 5592 3676 5642 xv,
3707 5578 3803 5631 lii.

528 5626 549 5657 ⁸
574 5625 736 5682 dum.
771 5646 844 5686 XI.
873 5633 963 5686 45.
1037 5636 1056 5665 ⁷
1088 5625 1218 5690 Luc.
1255 5653 1348 5699 vn,
1381 5640 1463 5690 li.
1539 5641 1560 5670 ⁸
1595 5638 1785 5692 Mulli).
1819 5655 1890 5703 IS,
2053 5638 2090 5690 L

2217 5655 2334 5704 vm,
2363 5641 2450 5698 54.
2529 5647 2548 5675 ⁸
2581 5625 2714 5697 ιλυιί.
2763 5662 2918 5709 xxxv,
