3994 6226
271 307 381 364 237

951 309 1320 366 ADVERSUS
1360 309 1698 366 HAERESES
1742 311 1871 368 LIB.
1915 311 1984 369 Il.
2024 312 2191 369 ΤΟΜ.
2234 314 2297 370 ll.
2341 349 2409 363 ς-
2449 316 2726 373 HAERES.
2763 317 2946 373 LXIX.

3427 325 3535 387 293

281 425 561 494 Ἀνέστη,
600 427 711 480 οὐκ
741 426 912 481 ἐστιν
942 422 1058 481 ὦδε
1076 445 1094 492 ;
1124 429 1217 482 καὶ
1247 429 1346 482 οὐκ
1377 427 1530 482 εἶπεν
1549 441 1564 456 ⁶
1599 430 1854 499 Ἥγειρεν

1963 429 2076 483 bat.
2115 429 2228 483 Cur
2266 441 2447 486 autem
2483 432 2555 485 ita
2603 432 2815 486 locutus
2858 438 2940 486 est
2973 451 2985 487 :
3019 431 3286 502 Surrexit,
3319 451 3422 489 non
3459 449 3536 492 est

265 517 436 570 αὑτὸν
458 518 488 569 ὁ
509 518 664 582 Θεὸς,
694 518 788 571 καὶ
817 520 918 572 οὑκ
953 520 1100 574 ἐστιν
1133 513 1269 586 ὦδε;
1300 520 1413 574 ἀλλ’
1445 521 1533 574 ἵνα
1554 520 1770 585 δείξωσι
1796 521 1857 573 τὸ

261 609 520 675 δυνατὸν,
545 611 625 664 ὅτι
655 614 748 666 καὶ
782 612 890 676 ζῶν
921 613 1143 686 ἀνέστη.
1168 615 1276 667 Καὶ
1303 614 1464 676 αὐτὸς
1488 614 1652 668 πάλιν
1679 614 1854 682 ἔλεγε,

265 701 382 770 πρὸ
426 704 520 754 τοῦ
562 703 756 757 παθεῖν
796 705 981 762 αὑτὸν.
1013 707 1126 768 τοῖς
1168 706 1331 759 αὐτοῦ
1361 705 1662 778 μαθηταῖς·
1708 705 1854 768 Ἰδοὺ

261 792 675 862 ἀναϐαίνομεν
705 797 792 862 εὶς
834 795 1253 874 Ἰεροσόλυμα,
1299 797 1398 851 καί
1444 780 1858 868 παραδοθήσε-

263 900 367 937 ται
389 887 422 939 ὀ
465 886 597 954 Υίὸς
613 887 722 942 τοῦ
746 887 1059 957 ἀνθρώπου
1088 891 1176 955 εὶς
1203 888 1736 959 τὸσταυρωθῆναι,
1757 889 1854 943 καὶ

263 974 350 1044 τῇ
397 978 564 1048 τρίτῃ
613 979 796 1049 ἡμέρᾳ
850 979 1278 1048 ἀναστήσεται.
1327 981 1438 1036 Καὶ
1489 983 1591 1036 οὐκ
1665 977 1853 1043 εἶπεν·

280 1069 610 1141 Ἀναστήσει
652 1072 836 1126 αὑτὸν.
879 1073 1078 1143 Σαφῶς
1114 1073 1170 1126 δὲ
1198 1076 1327 1146 περὶ
1354 1074 1546 1128 τούτου
1598 1075 1660 1128 τὸ
1705 1073 1857 1139 ἐξου-

266 1163 552 1224 σιαστικὸν
587 1164 687 1235 τῆς
731 1165 893 1220 αὐτοῦ
937 1167 1224 1238 δυνάμεως
1260 1168 1613 1239 προεδείκνυε
1639 1167 1814 1235 λέγων
1839 1179 1852 1194 ⁸

277 1252 610 1317 Ἔξουσίαν
632 1256 750 1324 ἔχω
781 1256 896 1325 τὴν
916 1257 1131 1327 ψυχήν
1145 1277 1266 1330 μου
1297 1259 1505 1323 θεῖναι,
1532 1259 1630 1312 καὶ
1647 1258 1858 1312 λαϐεῖν

265 1347 486 1416 αὑτήν.
505 1350 563 1401 Ὀ
585 1347 640 1401 δὲ
671 1349 919 1414 ἐξουσίαν
948 1350 1106 1422 ἔχων,
1140 1351 1256 1414 πῶς
1285 1351 1474 1404 ἑαυτὸν
1500 1351 1734 1423 ἐγείρειν
1757 1351 1858 1405 οὐκ

266 1439 540 1506 ἠδύνατος
580 1441 638 1494 ’0
679 1441 999 1505 Ἀπᾴστολος
1020 1442 1077 1494 δὲ
1103 1442 1351 1515 γράφων,
1387 1444 1474 1497 ἵνα
1500 1442 1650 1514 δείξῃ
1689 1444 1855 1514 μηδὲν

265 1532 400 1594 ἄνευ
435 1533 736 1604 θελήματος
768 1535 980 1607 Πατρὸς
1010 1537 1066 1588 ὲν
1098 1538 1163 1608 τῇ
1211 1536 1312 1604 τῆς
1346 1535 1619 1607 σωτηρίας
1648 1537 1856 1588 οἰκονο-

268 1627 377 1705 μίᾳ
411 1625 769 1699 γεγενῆσθαι,
805 1627 909 1699 ἔφη
932 1646 946 1660 ο
997 1629 1060 1682 '0
1095 1628 1239 1694 Θεὸς
1279 1627 1517 1698 ἤγειρεν
1558 1628 1745 1682 αὐτὸν
1788 1628 1857 1682 ἐκ

264 1718 524 1787 νεκρῶν.
557 1720 668 1772 Καὶ
701 1720 809 1805 γὰρ
852 1721 949 1773 καὶ
981 1721 1039 1782 ἐν
1083 1721 1228 1792 ἄλλῳ
1264 1722 1416 1791 τόπῳ
1450 1719 1599 1789 λέγει
1630 1721 1792 1784 αὐτὸς
1826 1721 1854 1779 6

1958 519 2120 580 hic”.
2155 537 2264 576 non
2304 531 2486 577 autem
2517 523 2592 590 ita
2622 523 2759 576 dixit
2785 543 2796 577 :
2829 523 3098 600 Excitavit
3133 541 3258 580 eum
3288 524 3456 600 Deus,
3485 541 3536 584 et

1959 627 2067 666 non
2113 621 2197 672 est
2239 613 2362 681 hic,
2408 614 2514 668 nisi
2549 623 2608 668 ut
2636 599 2963 684 potestatem
3010 616 3158 672 illius
3201 599 3534 679 ostenderet.

1958 705 2217 773 quoniam
2272 713 2327 760 et
2382 705 2540 766 vivus
2573 705 2850 776 surrexit?
2877 705 3183 772 Quinetiam
3216 710 3536 785 priusquam

1959 796 2077 864 ipse
2120 803 2416 865 pateretur,
2466 791 2769 873 discipulos
2813 812 2945 853 suos
2980 798 3060 858 sic
3106 799 3376 854 allocutus
3412 807 3534 854 est:

1959 887 2096 942 Ecce
2123 888 2454 944 ascendimus
2503 888 2951 959 Hierosolymam,
2998 900 3046 944 et
3089 890 3330 951 tradetur
3365 890 3536 945 Filius

1957 978 2182 1036 hominis
2227 988 2284 1032 ut
2348 978 2714 1049 cruciﬁgatur,
2774 988 2824 1038 et
2871 979 3028 1038 tertia
3084 978 3169 1044 die
3232 983 3534 1052 resurget‘.

1957 1069 2077 1124 Non
2111 1069 2250 1130 dixit
2280 1089 2294 1124 :
2333 1068 2606 1125 Excitabit
2635 1069 2850 1150 ipsum;
2882 1069 2978 1127 sed
3027 1081 3235 1144 aperte,
3282 1075 3426 1144 quod
3469 1075 3534 1130 ad

1957 1175 2077 1214 eam
2107 1177 2219 1216 rem
2247 1163 2462 1230 attinet,
2494 1178 2608 1218 sua:
2627 1163 2736 1217 vim
2763 1163 3051 1234 potestatis
3075 1164 3286 1235 aperuit
3310 1165 3535 1221 dicens:

1961 1251 2281 1314 Potestatem
2314 1253 2477 1309 habeo
2505 1256 2740 1308 animant
2783 1271 2953 1309 meam
2988 1271 3197 1325 ponere,
3243 1267 3294 1312 et
3337 1274 3541 1314 sumere

1957 1343 2130 1410 ipsam
2151 1343 2194 1398 ⁴.
2225 1344 2328 1411 Qui
2359 1347 2524 1417 igitur
2552 1354 2877 1416 potestatem
2903 1347 3158 1412 habebat,
3185 1352 3539 1419 semetipsum

1957 1438 2198 1490 excitare
2246 1451 2354 1491 non
2397 1438 2606 1508 potuit?
2642 1438 2941 1518 Apostolus
2980 1455 3111 1505 vero
3160 1441 3296 1495 nihil
3331 1443 3540 1512 absque

1957 1525 2139 1583 Patris
2173 1528 2452 1584 voluntate
2486 1529 2541 1584 in
2580 1529 3014 1591 administranda
3049 1531 3328 1586 hominum
3364 1534 3540 1588 salute

1959 1627 2172 1694 gestum
2203 1620 2581 1681 demonstrare
2603 1622 2848 1697 cupiens,
2875 1621 2950 1677 ita
2985 1623 3236 1693 scripsit:
3256 1622 3394 1677 Deus
3423 1640 3541 1677 sus.

1959 1712 2138 1766 citavit
2177 1712 2332 1774 illum
2377 1730 2410 1775 α
2457 1715 2681 1769 mortuis
2705 1716 2749 1768 ⁵.
2795 1713 2932 1771 Nam
2971 1723 3025 1770 et
3075 1715 3182 1769 alio
3224 1716 3345 1770 loco
3397 1716 3537 1771 idem

280 1812 624 1887 Ἀπόστολος,
644 1795 726 1868 ὅτι
738 1795 817 1871 Ei
831 1815 928 1867 καὶ
951 1813 1252 1871 ἀπέθανεν
1269 1813 1338 1878 ἐξ
1359 1813 1696 1881 ἀσθενείας,
1712 1811 1777 1881 ζῇ
1790 1811 1854 1864 δὲ

1958 1805 2294 1873 Apostolus:
2341 1805 2596 1874 Tametsi,
2635 1807 2834 1877 inquit,
2864 1816 3104 1877 mortuus
3151 1817 3229 1863 est
3265 1825 3330 1863 ea:
3374 1809 3538 1864 imbe-

263 1904 339 1961 ὲκ
366 1903 693 1973 δυνάμεως.
723 1905 951 1960 Ἥθελον
978 1907 1034 1960 δὲ
1076 1906 1342 1961 πυθέσθαι
1365 1907 1457 1960 τὸν
1496 1905 1621 1962 νοῦν
1657 1905 1764 1959 τῶν
1790 1904 1858 1958 τὰ

265 1997 473 2068 ἀκριϐῆ
518 1997 626 2052 τῶν
659 1998 891 2069 Γραφῶν
932 2001 1329 2070 γινωσκόντων,
1389 1999 1547 2054 ποίαν
1570 1999 1856 2054 ἀσθένειαν

265 2085 418 2160 εἶχεν
444 2093 472 2144 6
504 2092 839 2164 Μονογενὴς,
871 2092 937 2146 δι’
967 2086 1030 2146 οὗ
1055 2096 1082 2146 ὁ
1111 2093 1339 2165 οὐρανὸς
1355 2092 1627 2164 ἧπλωται,
1662 2091 1696 2161 ἢ
1724 2090 1854 2162 παρ’

266 2179 335 2238 οὗ
365 2188 391 2237 ὁ
424 2186 650 2256 οὐρανὸς
690 2186 955 2253 ἔκτισται,
995 2187 1059 2240 δι’
1090 2180 1150 2240 οὗ
1182 2187 1378 2266 ὑῆλιος
1423 2184 1754 2262 ὲστιλΰώθη,
1786 2182 1854 2244 δί’

264 2270 334 2329 οἶ)
373 2275 619 2346 ἔλαμψαν
650 2277 718 2330 τὰ
751 2278 945 2352 ἄστρα,
969 2278 1035 2332 δι’
1065 2273 1125 2341 οὗ
1165 2277 1222 2345 ἐξ
1243 2280 1343 2338 οὐκ
1380 2277 1550 2339 ὄντων
1587 2277 1656 2330 τὰ
1680 2276 1856 2330 πάντα

263 2365 584 2440 γεγένηται.
614 2362 761 2438 ’Ἄρα
804 2368 901 2443 τὴν
941 2369 1228 2434 ἀσθένειαν
1274 2370 1432 2422 ποίαν
1477 2369 1664 2437 λέγει;
1709 2363 1856 2438 τΛρα

264 2460 339 2528 ἢν
385 2457 668 2525 ἀνεδέξατο
704 2460 874 2515 ἐλθὼν
917 2463 945 2514 6
981 2463 1152 2531 Λόγος
1187 2463 1243 2516 ἐν
1272 2464 1336 2534 τῇ
1373 2463 1618 2534 ἡμετέρᾳ
1665 2461 1851 2534 σαρκὶ,

265 2551 634 2623 ἐνδυσάμενος
669 2553 904 2624 ταύτην,
961 2553 1046 2607 ἴνα
1075 2555 1174 2626 τὴν
1230 2557 1386 2625 ἡμῶν
1441 2554 1726 2609 ἀσθένειαν
1759 2553 1856 2625 βα-

266 2645 479 2716 στάσῃ;
515 2645 590 2710 ὡς
617 2647 709 2704 καὶ
743 2647 856 2719 ᾄδει
891 2649 1018 2728 περὶ
1061 2647 1225 2702 αὐτοῦ
1264 2651 1292 2702 6
1333 2650 1615 2721 προφήτης
1641 2649 1816 2718 λέγων
1837 2664 1851 2679 ·

271 2739 384 2803 Τὰς
425 2738 746 2805 ἀσθενείας
777 2739 946 2809 ἡμῶν
976 2742 1176 2806 ἔλαϐε,
1206 2742 1302 2795 καὶ
1327 2742 1432 2808 τὰς
1469 2743 1694 2808 νόσους
1715 2741 1847 2796 ἐδάη

263 2840 522 2882 στασεν.
551 2828 845 2884 Ἀπέθανεν
865 2825 957 2884 οὖν
985 2829 1074 2884 διὰ
1086 2831 1182 2904 τὴν
1209 2833 1240 2907 ἡ
1250 2831 1362 2902 μῶν
1383 2831 1665 2893 ἀσθένειαν
1690 2833 1717 2884 6
1740 2830 1854 2903 ζωὴ

263 2917 346 2968 ὣν
394 2918 490 2970 καὶ
547 2919 762 2991 ἀπαθὴς
790 2921 922 2986 Θεὸς
965 2923 1020 2981 ἐν
1058 2926 1125 2996 τῇ
1186 2922 1244 2996 ἐξ
1288 2922 1445 2994 ἡμῶν
1489 2923 1856 2994 ἀσθενεστέρα

267 3012 438 3082 σαρκί
461 3031 472 3040 ·
495 3012 562 3080 ζῇ
583 3013 640 3066 δὲ
657 3015 724 3067 ἐκ
742 3013 1072 3090 δυνάμεως.
1095 2999 1228 3069 Ζῶν
1261 3015 1373 3086 γάρ
1398 3016 1570 3076 ἐστιν
1586 3019 1616 3069 ὀ
1648 3016 1850 3084 λόγος,

266 3102 371 3155 καὶ
408 3103 700 3173 ἐνεργὴς,
725 3105 824 3160 καὶ
862 3107 1187 3178 τομώτερος
1215 3106 1369 3175 ὑπὲρ
1396 3106 1604 3172 πᾶσαν
1633 3104 1852 3176 μάχαιαι

258 3211 386 3261 ραν
411 3195 720 3266 δίστομον,
769 3199 1065 3254 Ἀπέθανεν
1093 3196 1185 3254 οὖν
1231 3199 1289 3267 ἐξ
1332 3199 1646 3266 ἀσθενείας,
1692 3198 1758 3271 ζῇ
1797 3200 1854 3253 δὲ

267 3288 338 3341 ὲκ
376 3287 656 3359 δυνάμεως
703 3293 802 3362 τῆς
836 3292 1002 3346 αὑτοῦ
1037 3292 1312 3365 θεότητος.
1354 3292 1419 3365 ζῇ
1449 3293 1507 3347 δὲ
1535 3295 1593 3348 ἐν
1619 3297 1684 3368 τῇ
1719 3296 1858 3366 ἡμε-

265 3380 405 3453 τέρᾳ
438 3383 621 3452 σαρκὶ,
673 3385 732 3437 ὲν
834 3385 895 3437 τὸ
922 3385 1093 3450 πάθος
1127 3385 1434 3455 ἀνεδέξατο.
1490 3387 1599 3452 Καὶ
1640 3387 1726 3441 διὰ
1758 3385 1856 3459 τὴν

265 3473 530 3546 τοιαύτην
551 3478 866 3548 οἰκονομίαν
900 3478 998 3550 τὴν
1036 3479 1286 3535 εὐδοκίαν
1318 3479 1532 3551 [ἰατρὸς
1572 3480 1856 3552 σημαίνων

267 3568 299 3619 6
341 3568 661 3632 ’Λπόστολος
708 3569 832 3642 ἔφη,
866 3573 945 3634 ὅτι
991 3572 1052 3624 '0
1102 3572 1244 3639 Θεὸς
1286 3572 1524 3648 ἠγείρεν
1569 3571 1756 3625 αὐτὸν
1787 3572 1855 3632 ἐκ

268 3674 518 3736 νενρων,

325 3920 478 3975 N6".
497 3923 851 3995 Ἐπιφὲρουσι
865 3924 920 3978 δὲ
934 3926 1028 3980 καὶ
1042 3923 1168 3981 ἄλλο
1190 3928 1351 3998 ῥητὸν
1368 3929 1432 3981 ἐκ
1453 3928 1545 3983 τοῦ
1568 3931 1710 3987 κατὰ.
1724 3931 1854 3984 Λου-

268 4015 374 4073 κᾶν
404 4013 761 4084 Εὑαγγελίου,
801 4017 937 4090 ὅπερ
960 4018 1074 4071 ἐστὶ
1102 4018 1390 4074 θεσπέσιον
1422 4023 1514 4075 καὶ
1542 4021 1851 4095 ἐξαίρετον,

269 4106 366 4166 καὶ
389 4107 470 4170 είς
490 4109 665 4166 πάντα
688 4109 1125 4182 χρησιμώτατον.
1161 4115 1320 4167 Ποῖον
1341 4113 1396 4166 δέ
1421 4115 1536 4169 ἐστι
1566 4117 1626 4168 τὸ
1651 4116 1813 4187 ῥητόν
1835 4132 1850 4182 ;

242 4199 386 4267 ’ᾲλλ’
426 4199 459 4271 ἦ
494 4200 730 4272 ὁπηνίκα
759 4203 869 4274 γὰρ
900 4203 1125 4275 ἔμελλεν
1154 4207 1181 4259 6
1209 4205 1414 4278 Κύριος
1464 4206 1570 4279 ἰδίᾳ
1601 4208 1853 4280 βουλήσει

269 4293 364 4345 tiri.
388 4292 449 4346 τὸ
475 4292 646 4358 πάθος
681 4295 861 4366 ἥκειν,
907 4297 1242 4369 παραλαϐὼν
1258 4301 1384 4364 τοὺς
1413 4302 1662 4373 μαθητὰς
1689 4303 1747 4357 ὲν
1776 4303 1854 4375 τῷ

271 4385 390 4456 ὄρει
431 4387 572 4441 κατὰ
613 4387 713 4460 τὴν
755 4388 906 4462 ὤραν
956 4392 1194 4463 ἐκείνην,
1243 4392 1453 4460 διέστη
1495 4396 1595 4450 ἀπ’
1653 4395 1854 4452 αὐτῶν

1881 3155 1928 3219 C

1958 1896 2202 1965 ciuitate,
2244 1897 2368 1953 vivit
2403 1914 2468 1952 ea:
2515 1900 2708 1952 virtute
2731 1899 2772 1953 ⁸.
2815 1899 2929 1970 Ego
2977 1905 3108 1956 vero
3147 1902 3406 1973 quidnam
3447 1903 3538 1958 isti

1957 1985 2204 2046 homines
2235 1997 2342 2045 tam
2378 1999 2632 2048 accurata
2665 2005 2947 2048 sacrarum
2979 1987 3563 2050 Litterarum‘scien-

1959 2079 2031 2134 tia
2061 2079 2272 2150 praediti
2310 2081 2364 2136 in
2392 2082 2577 2141 animo
2606 2082 2865 2149 habeant,
2899 2084 3132 2149 libenter
3165 2085 3496 2158 interrogem
3522 2106 3535 2142 :

1957 2170 2100 2239 Quid
2139 2173 2194 2226 in
2234 2175 2400 2228 unico
2441 2173 2535 2229 Dei
2579 2174 2718 2236 Filio
2763 2176 3152 2237 imbecillitatis
3205 2178 3388 2244 fuerit,
3445 2195 3542 2249 per

1957 2280 2118 2343 quem
2164 2267 2366 2320 coelum
2428 2282 2729 2336 expansum
2777 2278 2860 2324 est
2909 2279 2963 2339 et
3019 2270 3390 2339 productum,
3444 2289 3542 2344 per

1957 2374 2119 2428 quem
2153 2360 2233 2414 sol
2262 2361 2550 2431 splendore
2579 2359 2835 2440 perfusus
2864 2373 2968 2427 est,
3000 2378 3097 2445 per
3123 2379 3282 2438 quem
3311 2367 3540 2422 illuxere

1959 2451 2161 2515 sidera,
2213 2467 2310 2528 per
2353 2468 2515 2522 quem
2570 2467 2599 2506 e
2639 2452 2811 2507 nihilo
2846 2463 2971 2509 sunt
3014 2455 3200 2508 omnia
3250 2456 3540 2526 producta.

1957 2542 2131 2612 Quam
2197 2544 2361 2614 igitur
2419 2543 2846 2612 imbecillitatem
2900 2544 2951 2600 ei
3008 2545 3296 2599 tribuunt?
3339 2545 3544 2602 Eamne

1956 2653 2118 2707 qttam
2150 2637 2315 2714 784
2345 2639 2398 2692 in
2440 2647 2627 2692 nostra
2671 2652 2859 2702 carne,
2897 2638 2988 2693 ubi
3025 2638 3172 2692 illam
3203 2639 3403 2704 induit,
3447 2639 3542 2694 Dei

1957 2727 2197 2785 Verbum
2244 2721 2297 2784 in
2350 2747 2473 2786 sese
2518 2729 2825 2795 transtulit,
2863 2745 2973 2799 quo
3020 2729 3391 2789 ἱιιθῐιιιίιεήοηι
3444 2745 3544 2786 no-

1957 2831 2124 2883 stram
2179 2823 2296 2895 ipse
2336 2823 2626 2896 portaret?
2657 2820 3126 2888 Quemadmodum
3176 2822 3244 2876 de
3286 2822 3378 2877 illo
3419 2838 3546 2892 pre-

1956 2917 2120 2990 pheta
2150 2915 2385 2970 cecinit:
2411 2913 2765 2988 Inﬁrmitates
2797 2923 3007 2968 nostras
3036 2913 3284 2980 suscepit,
3325 2923 3374 2968 et
3403 2930 3546 2967 mor-

1958 2991 2049 3061 bos
2093 3005 2214 3063 tulit
2240 3007 2281 3068 ⁷,
2329 3005 2502 3077 Igitur
2529 3014 2783 3063 mortuus
2812 3013 2895 3060 est
2919 3013 3142 3076 propter
3172 3004 3542 3060 inﬁrmitatem

1957 3109 2204 3164 nostram
2241 3100 2294 3153 in
2328 3099 2597 3174 imbecilla
2628 3113 2795 3154 carne
2825 3098 2915 3152 ille
2943 3099 3080 3169 ipse,
3117 3097 3210 3168 qui
3241 3099 3353 3154 vita
3379 3106 3461 3153 est
3492 3108 3545 3154 et

1961 3192 2221 3246 immunis
2253 3205 2282 3246 a
2326 3191 2583 3261 passione
2628 3189 2807 3258 Deus;
2843 3189 2965 3244 vivit
3021 3196 3202 3244 autem
3244 3205 3309 3243 ea:
3335 3190 3540 3244 virtute.

1969 3281 2125 3337 Vivus
2157 3292 2234 3337 est
2269 3284 2408 3336 enim
2439 3298 2611 3336 sermo
2641 3269 2758 3347 Dei,
2787 3291 2836 3337 et
2863 3281 3066 3351 efﬁcax,
3093 3290 3141 3333 et
3167 3281 3545 3350 penetrabilior

1957 3375 2099 3429 omni
2128 3374 2309 3445 gladio
2347 3375 2624 3441 ancipitis.
2655 3374 2836 3440 Quare
2881 3383 3131 3429 mortuus
3163 3381 3246 3429 est
3286 3389 3352 3428 ex
3393 3373 3526 3428 inﬁr-

1956 3466 2174 3534 mitate,
2204 3467 2338 3523 vivit
2362 3476 2545 3522 autem
2573 3481 2641 3521 ex
2670 3465 2975 3520 divinitatis
3001 3479 3116 3520 sua:
3142 3466 3363 3529 virtute,
3399 3472 3454 3520 et
3489 3466 3544 3520 in

1957 3573 2125 3618 carne
2160 3568 2352 3615 nostra
2383 3560 2538 3623 vivit,
2578 3559 2634 3613 in
2669 3573 2778 3629 qua
2813 3557 3127 3632 passionem
3175 3557 3323 3612 illam
3376 3559 3542 3612 susti-

1954 3652 2098 3712 nuit.
2135 3649 2218 3707 Ob
2265 3651 2408 3705 hanc
2444 3649 2867 3710 administrandi
2910 3651 3178 3704 rationem
3225 3647 3404 3705 Patris
3450 3665 3536 3703 vo-

1958 3745 2222 3797 luntatem
2257 3757 2323 3797 ac
2355 3742 2635 3797 decretum
2674 3741 2986 3812 signiﬁcare
3021 3741 3212 3796 volens
3252 3741 3548 3812 Apostolus

1956 3835 2092 3889 dixit
2127 3852 2141 3889 :
2180 3833 2321 3888 Deus
2359 3834 2632 3889 suscitavit
2668 3835 2819 3887 illum
2847 3851 2880 3887 a
2908 3833 3151 3888 mortuis.

2027 3927 2184 3986 LIX‘.
2224 3928 2389 3985 Aliud
2430 3929 2657 3999 insuper
2695 3945 2759 3983 ex
2793 3927 3088 3998 Evangelio
3112 3926 3272 3983 Luca:
3296 3927 3546 3983 testimo—

1957 4019 2107 4075 nium
2139 4018 2442 4085 adducunt,
2481 4019 2642 4090 plane
2675 4018 2942 4085 divinum,
2991 4029 3044 4075 et
3075 4020 3360 4084 eximium,
3390 4032 3444 4075 et
3476 4022 3544 4076 ad

1955 4115 2138 4170 omnia
2169 4114 2332 4182 longe
2375 4113 2926 4184 opportunissimum.
2964 4111 3251 4180 Quodnam
3303 4129 3435 4167 vero
3475 4114 3543 4168 il-

1955 4207 2047 4261 lud
2093 4205 2215 4262 est?
2244 4205 2512 4260 Nimirum
2561 4220 2686 4259 cum
2738 4205 2806 4260 ad
2848 4205 3188 4261 subeundam
3230 4206 3540 4276 passionem

1956 4306 2147 4369 suapte
2177 4303 2371 4370 sponte
2405 4295 2669 4357 Dominus
2701 4310 3028 4352 accessurus
3054 4303 3222 4362 esset,
3256 4295 3541 4367 discipulis

1955 4393 2023 4447 ad
2054 4401 2292 4447 montem
2332 4391 2634 4462 perductis,
2665 4390 2854 4447 eadem
2897 4391 2990 4445 illa
3025 4391 3184 4455 hora,
3215 4391 3432 4446 avulsus
3463 4400 3543 4447 est

269 4475 415 4529 ὡσεί
450 4477 627 4532 λίθου
651 4479 887 4549 βολήν,
929 4481 1026 4535 καί
1064 4482 1345 4537 ἀπελθὼν
1369 4485 1611 4554 ηὔχετο,
1643 4486 1815 4557 ἔλεγε
1835 4506 1848 4518 ·

1958 4483 2022 4538 ab
2060 4483 2170 4538 illis
2211 4480 2403 4554 lapidis
2441 4481 2550 4552 fere
2575 4483 2750 4552 jactu,
2781 4492 2832 4539 et
2868 4482 3046 4538 abiens
3078 4483 3268 4538 orabat
3313 4481 3396 4538 his
3431 4499 3543 4538 ver-

273 4565 484 4636 Πάτερ,
513 4572 567 4624 εὶ
589 4569 870 4634 δυνατὸν,
901 4574 1240 4643 παρελθέτω
1270 4575 1335 4629 τὸ
1367 4578 1655 4648 ποτήριον
1681 4583 1857 4640 τοῦτο

268 4661 371 4714 ἀπ’
393 4663 562 4732 ἐμοῦ,
593 4665 696 4719 ἵνα
712 4665 798 4735 μὴ
821 4667 965 4720 αὑτό
985 4668 1118 4721 πίω.
1146 4667 1321 4738 Πλὴν
1341 4672 1454 4740 οὐχ
1485 4669 1516 4726 6
1544 4673 1657 4743 ἐγὼ
1679 4673 1853 4741 θέλω,

268 4752 408 4806 ἀλλ’
442 4752 474 4806 6
513 4755 615 4810 σύ.
646 4757 755 4810 Καὶ
786 4757 1000 4828 πρῶτον
1036 4758 1136 4828 μὲν
1167 4759 1327 4814 πάλιν
1356 4762 1779 4833 προφασίζονται
1805 4765 1856 4818 οἱ

269 4841 424 4902 αὐτοὶ
447 4842 719 4912 λέγοντες,
743 4847 824 4900 ὅτι
839 4847 1006 4920 Ὁρᾷς
1023 4847 1140 4912 πῶς
1154 4849 1552 4920 ὑποκριτικῶς¹
1574 4851 1743 4922 λέγει,
1760 4855 1855 4908 καὶ

271 4932 519 5007 βούλημα
544 4937 939 5015 διηλλαγμένον
976 4941 1266 5018 ὑποφαίνει
1290 4941 1464 5011 λέγων
1487 4924 1505 4976 θ’
1529 4945 1653 5014 Οὐχ
1677 4943 1709 4998 6
1740 4944 1856 5014 ἐγὼ

268 5025 442 5092 θέλω,
469 5027 608 5083 ἀλλ’
645 5029 676 5083 6
701 5033 781 5085 σύ
805 5049 824 5099 ;
855 5031 982 5097 Πῶς
1011 5027 1105 5086 οὖν
1135 5034 1169 5106 ἡ
1195 5032 1334 5105 αὐτὴ
1373 5033 1532 5088 οὐσία
1556 5035 1851 5105 τυγχάνει,

271 5119 436 5186 φασὶν
451 5160 466 5185 ,
487 5121 570 5174 ὅτι
602 5123 660 5183 ἐν
683 5123 834 5195 αὐτῷ
857 5125 1044 5197 ἔτερόν
1066 5126 1182 5180 ἐστι
1211 5125 1482 5198 βούλημα,
1507 5129 1564 5180 ὲν
1588 5127 1644 5180 δὲ
1673 5129 1851 5201 Πατρὶ

268 5208 486 5282 ἓτερον;
517 5215 629 5269 Καὶ
645 5216 904 5284 ἀγνοοῦσι
933 5217 1032 5290 τὴν
1065 5221 1246 5282 πᾶσαν
1276 5218 1528 5295 δύναμιν.
1559 5219 1658 5278 Διὰ
1695 5220 1854 5279 τοῦτο

266 5301 379 5373 γὰρ
409 5307 501 5359 καὶ
540 5309 568 5360 6
609 5309 932 5375 Ἀπόστολος
963 5310 1066 5382 ἔφη
1090 5327 1102 5340 ·
1135 5307 1210 5367 Ὦ
1223 5310 1414 5379 ,βάθος
1444 5313 1736 5378 πλούτου,
1755 5313 1852 5368 καὶ

264 5400 511 5467 σοφίας,
545 5402 644 5456 καὶ
673 5403 950 5473 γνώσεως
979 5405 1129 5472 Θεοῦ
1148 5405 1168 5456 !
1201 5405 1326 5469 Πῶς
1357 5405 1466 5478 γὰρ
1497 5406 1628 5460 ἴδιον
1659 5406 1852 5479 βούλη-

268 5505 351 5560 μα
377 5489 483 5562 ἔφη
513 5491 661 5565 παρὰ
701 5493 762 5547 τὸ
789 5493 884 5547 τοῦ
915 5495 1129 5562 Πατρὸς
1164 5495 1430 5568 βούλημα,
1488 5499 1652 5552 ὁπότε
1689 5498 1851 5562 αὐτὸς

1958 4576 2079 4632 bis:
2117 4575 2302 4642 Pater,
2339 4577 2386 4630 si
2426 4575 2544 4646 ﬁeri
2572 4583 2764 4644 potest,
2797 4585 3034 4634 transeat
3067 4593 3098 4630 a
3137 4592 3218 4631 me
3249 4575 3394 4630 calin:
3423 4577 3539 4641 iste,

1959 4678 2015 4724 ut
2041 4686 2144 4724 non
2174 4667 2350 4723 bibam
2379 4669 2552 4730 illum.
2593 4667 2960 4723 Verumtamen
2991 4685 3095 4724 non
3121 4668 3260 4739 quod
3285 4685 3378 4738 ego
3404 4669 3541 4734 volo,

1957 4759 2048 4818 sed
2089 4758 2228 4830 quod
2281 4760 2389 4815 tu”.
2440 4757 2518 4817 Ex
2563 4773 2672 4828 quo
2705 4758 2778 4812 ita
2829 4758 3148 4829 disputandi
3189 4760 3540 4815 occasionem

1957 4861 2217 4923 captant:
2251 4851 2436 4916 Vides,
2470 4851 2747 4922 inquiunt,
2772 4860 2834 4912 nt
2863 4851 2931 4906 ad
2960 4851 3386 4908 discernendum
3419 4861 3543 4924 apte

1955 4941 2174 4996 locutus
2208 4940 2300 5006 sit,
2333 4948 2387 5001 et
2410 4941 2687 4996 diversam
2717 4939 2787 4994 ab
2811 4940 2905 4996 illo
2933 4942 3269 4998 voluntatem
3295 4942 3544 4998 indicet?

1953 5033 2071 5092 Non
2093 5032 2233 5104 quod
2265 5048 2357 5102 ego
2378 5032 2517 5097 volo,
2550 5032 2642 5090 sed
2670 5032 2810 5104 quod
2838 5043 2914 5088 tu.
2940 5033 3158 5090 Fierine
3183 5049 3315 5090 vero
3336 5041 3538 5105 potest,

1954 5136 2016 5185 ut
2056 5127 2244 5202 eadem
2292 5126 2576 5182 amborum
2628 5125 2694 5181 sit
2743 5127 3007 5190 essentia,
3055 5141 3182 5186 cum
3222 5126 3278 5180 in
3308 5133 3541 5194 utroque

1953 5222 2059 5278 alia
2085 5223 2343 5279 voluntas
2376 5223 2547 5278 insit?
2581 5220 2689 5278 Sed
2723 5223 2829 5279 vim
2865 5237 3086 5277 omnem
3110 5219 3403 5276 verborum
3441 5229 3539 5286 pe-

1952 5315 2104 5370 nitus
2156 5315 2432 5387 ignorant.
2480 5315 2614 5370 Nam
2663 5325 2716 5370 et
2750 5323 3038 5386 propterea
3085 5312 3358 5385 exclamat
3394 5310 3543 5378 Apo-

1953 5409 2127 5464 stolus
2165 5428 2178 5463 :
2215 5407 2260 5466 Ο
2283 5409 2512 5464 altitudo
2552 5409 2943 5464 divitiarumet
2977 5404 3251 5475 sapientiae
3281 5420 3344 5458 ac
3366 5403 3540 5458 scien-

1955 5501 2043 5554 tiw
2069 5499 2254 5555 Dei”!
2297 5500 2583 5568 Quomodo
2635 5500 2780 5555 enim
2813 5499 3149 5554 voluntatem
3183 5494 3469 5568 propriam
3511 5505 3544 5548 ε

341 5667 356 5697 ¹
397 5664 460 5723 F.
487 5667 894 5751 ἀποκριτιξῷς..
962 5674 982 5703 ¹
1008 5670 1174 5751 Mare.
1212 5675 1409 5751 xv_t,_6.
1487 5675 1508 5707 ³
1547 5676 1738 5751 Matth.
1775 5693 1854 5730 xx,

1958 5679 1992 5751 ἦ,
2023 5674 2267 5751 _‘Jean.
2306 5680 2482 5751 xtlS'.
2559 5679 2580 5710 ⁵
2610 5678 2705 5746 Act
2767 5692 2850 5751 tu,
2885 5677 2971 5736 15.
3050 5677 3072 5710 ⁸
3100 5674 3145 5734 ιι
3181 5674 3312 5732 Cor.
3339 5686 3461 5741 xm,
3484 5678 3534 5732 4.

268 5739 288 5770 ⁷
309 5732 425 5800 lea.
461 5752 582 5803 LIII,
621 5732 674 5793 ἱ.

549 5851 822 5918 Ρηιιοι.
861 5856 982 5916 Gn.
1023 5857 1075 5916 Χ
1091 5856 1214 5928 Lll,

753 5726 774 5769 ⁸⁵
801 5726 966 5796 Hebr.
1001 5757 1075 5806 Iv,
1103 5743 1190 5797 te.
1215 5726 1239 5728 Ὗ
1270 5747 1290 5775 ο
1308 5726 1456 5800 Luc.
1483 5726 1872 5820 χέίῖζῖῖδῆἧῖ
1903 5726 1996 5779 ’ἶδ
2021 5726 2290 5816 ιιοῖιῖἶὶἱ,
2311 5726 2411 5813 ξδξ

3137 5860 3210 5932 ιο
