3994 6226
486 269 593 326 299

1862 259 1917 316 S.
1961 258 2307 317 EPIPHANII

487 396 710 458 paterna
732 385 1003 442 diversam
1037 398 1158 439 esse
1180 382 1341 450 dixit,
1377 397 1502 437 cum
1534 382 1638 437 hoc
1662 382 1922 453 apostolis
1953 383 2056 452 ipse

2174 379 2431 452 σημαίνει
2479 379 2616 452 πρὸς
2667 381 2794 444 τοὺς
2843 379 3120 452 μαθητὰς,
3174 382 3257 434 ὅτι
3309 382 3664 451 Τετάρακται
3710 385 3751 451 ἡ

484 475 843 535 declaraverit
874 475 1157 533 :Tarbata
1200 483 1301 543 est,
1351 474 1549 547 inquit,
1590 475 1771 529 anima
1819 491 1953 530 mea.
1996 473 2066 528 Et

482 569 609 638 quid
646 569 1065 635 dicam,Pater?
1098 567 1263 625 Salva
1310 586 1390 623 me
1423 584 1488 623 ea:
1526 568 1625 623 hac
1654 569 1789 623 hora
1810 569 1828 601 ί
1859 587 1872 623 :
1919 567 2065 639 quod

487 660 630 713 velut
665 659 1007 729 praeparandi
1061 659 1238 730 gratia
1289 659 1544 729 ambigue
1581 667 1906 728 conceptum
1937 667 2018 714 est
2047 674 2060 709 :

483 749 625 815 Quid
649 750 848 814 dicam,
889 751 1084 821 inquit,
1123 749 1332 806 Pater?
1366 749 1528 806 Salva
1554 767 1635 805 me
1667 766 1733 805 ex
1766 751 1864 804 hac
1895 751 2067 809 hora?

484 842 623 908 lloc,
659 843 857 914 inquit,
891 843 1070 898 dicam
1105 862 1118 896 :
1154 842 1258 898 Sed
1277 852 1557 913 propterea
1588 844 1701 898 ueni
1726 843 1783 897 in
1804 849 1940 898 hanc
1968 843 2065 899 ho-

366 940 374 947 '
478 951 620 992 ram.
671 934 880 1006 Sponte
925 949 1119 1006 porro,
1160 951 1269 991 non
1313 935 1518 991 invitus
1564 936 1837 1003 accessit;
1898 952 2063 1006 supra

478 1029 627 1082 enim
677 1027 895 1083 dixerat
927 1046 940 1081 :
972 1026 1211 1081 Calicem
1258 1025 1422 1081 habeo
1472 1026 1775 1084 bibendam.
1829 1028 1899 1082 Et
1936 1029 2061 1100 quid

480 1119 674 1188 festino
704 1119 869 1174 donec
890 1118 1066 1173 bibam
1098 1119 1274 1174 illum.
1314 1119 1384 1173 Et
1420 1120 1680 1190 baptismo
1708 1120 2061 1192 baptizandus

479 1227 619 1276 sum,
650 1220 700 1265 et
734 1209 860 1280 quid
890 1210 1004 1265 volo
1035 1211 1141 1266 nisi
1171 1220 1229 1265 ut
1248 1211 1367 1280 jam
1389 1210 1624 1281 baptizer
1646 1213 1710 1267 ’ἲ
1737 1213 1918 1279 Quare
1937 1214 1983 1269 si
2009 1222 2062 1269 et

480 1301 616 1367 vult,
658 1308 712 1356 et
742 1299 988 1365 festinat,
1036 1307 1092 1356 et
1129 1299 1296 1370 hujus
1332 1299 1411 1354 rei
1444 1300 1617 1370 gratia
1641 1299 1860 1354 venisse
1889 1313 1948 1355 se
1975 1297 2064 1353 di-

479 1394 576 1461 cit,
611 1393 834 1464 quinam
880 1393 1043 1447 aliam
1076 1408 1254 1459 suam,
1305 1391 1465 1446 aliam
1505 1391 1685 1447 Patris
1724 1391 2059 1446 voluntatem

477 1500 598 1541 esse
659 1485 1033 1540 demonstrat?
1085 1483 1192 1540 Sed
1240 1484 1501 1555 quoniam
1555 1499 1652 1555 per
1709 1484 2062 1540 lsraeliticam

476 1584 689 1647 gentem
740 1575 1039 1631 tradendus
1070 1575 1233 1647 785
1271 1582 1412 1640 erat,
1458 1590 1583 1631 cum
1628 1574 2062 1630 humanissimus

474 1676 645 1733 esset,
694 1675 750 1724 et
796 1668 1095 1723 Abrahami
1138 1669 1298 1738 stirpi
1360 1668 1650 1724 consulere
1700 1668 1885 1731 vellet.
1936 1667 2058 1735 ejus

2167 472 2340 542 ψυχή
2360 490 2501 542 μου.
2541 472 2656 527 Καὶ
2685 473 2744 525 τί
2769 472 2938 539 εἴπω,
2972 472 3201 541 Πάτερ;
3232 472 3442 527 Σῶσόν
3460 491 3540 543 με
3559 474 3760 542 ἑκτῆς

2166 561 2316 630 ὥρας
2352 564 2610 631 ταύτης·
2669 563 2743 626 ὡς
2796 564 3426 635 προκατασκευαστικῶς
3472 565 3536 618 τὸ
3593 565 3759 637 ῥητὸν

2166 653 2544 725 διηγούμενος,
2581 656 2675 708 καὶ
2699 655 3093 725 ἐπαμφιϐόλως
3120 660 3183 727 τῇ
3208 657 3349 721 λέξει
3378 659 3754 730 κεχρημένος·

2171 744 2241 795 Ὅ
2258 761 2311 796 τι
2332 744 2349 774 ³
2370 744 2537 810 εἴπω,
2554 744 2742 813 Πάτερ
2760 761 2778 809 ;
2802 745 3098 816 Σῶσόνμε
3118 748 3186 801 ἐκ
3209 748 3320 817 τῆς
3331 748 3490 816 ὧρας
3500 751 3755 819 ratium;

2167 835 2354 900 Τοῦτο,
2371 837 2560 908 φησιν,
2579 836 2720 890 εἴπω
2738 854 2751 866 ·
2782 838 2968 893 Ἀλλὰ
2992 838 3091 894 διὰ
3122 839 3298 916 τοῦτο
3316 836 3510 911 ἦλθον
3532 845 3623 909 εις
3638 843 3757 912 τὴν

2164 926 2326 996 ὤραν
2349 930 2597 998 ταύτην.
2626 926 2801 984 ’Ἦλθε
2848 916 2906 984 δὲ
2935 932 3036 985 οὐκ
3057 932 3227 999 ἄκων,
3261 933 3377 988 ἀλλ’
3405 934 3549 989 ἐκὼν
3571 952 3587 966 θ
3612 936 3756 990 ἀνω-

2163 1020 2306 1091 τέρω
2346 1020 2456 1092 γάρ
2488 1021 2658 1091 λέγει,
2718 1022 2801 1075 ὅτι
2832 1022 3128 1092 Ποτήριον
3171 1025 3291 1094 ἔχω
3332 1025 3512 1081 πιεῖν.
3549 1026 3660 1081 Καὶ
3692 1028 3755 1081 τί

2163 1113 2407 1167 σπεύδω
2454 1114 2566 1181 ἓως
2614 1110 2686 1171 οὗ
2725 1115 2841 1168 πίω
2884 1118 3066 1181 αίντό;
3112 1119 3223 1172 Καὶ
3268 1118 3589 1189 βάπτισμα
3632 1121 3754 1190 ἔχω

2157 1204 2602 1274 βαπτισθῆναι*
2650 1206 2748 1261 καὶ
2786 1208 2846 1261 τί
2889 1208 3045 1264 θέλω
3086 1213 3136 1266 εὶ
3181 1210 3299 1280 ἤδη
3335 1213 3754 1280 ἐϐαπτίσθην;

2163 1297 2227 1350 Εἰ
2255 1296 2435 1351 τοίνυν
2485 1297 2628 1352 ϐέλει
2676 1300 2773 1353 καὶ
2825 1302 3065 1365 σπεύδει,
3109 1303 3206 1355 καὶ
3253 1303 3408 1371 λέγει
3457 1306 3538 1367 εἰς
3590 1303 3753 1358 τοῦτο

2163 1386 2342 1457 ἥκειν,
2382 1387 2500 1451 πῶς
2537 1387 2665 1442 ἄλλο
2713 1388 2961 1461 βούλημα
3002 1391 3060 1445 τὸ
3102 1391 3266 1445 αὑτοῦ
3307 1393 3621 1462 ὑποφαίνει,
3654 1393 3752 1447 καὶ

2162 1476 2291 1530 ἄλλο
2311 1477 2405 1531 τοῦ
2422 1478 2666 1548 Πατρός;
2695 1479 2834 1533 Ἀλλ²
2849 1480 3034 1552 ἐπειδὴ
3067 1482 3267 1553 ἤμελλε
3285 1482 3374 1537 διὰ
3400 1483 3495 1537 τοῦ
3533 1482 3752 1557 Ἰσραὴλ

2163 1570 2572 1641 παραδίδοσθαι,
2617 1562 3107 1648 φιλάνθρωποξὶὺν
3152 1575 3248 1629 καὶ
3287 1576 3608 1647 φειδόμενος
3647 1575 3746 1630 τοῦ

2165 1660 2482 1732 σπέρματος
2534 1663 2808 1736 Ἀϐραὰμ,
2842 1668 3079 1719 ἐποιεῖτο
3106 1665 3249 1737 ὑπὲρ
3268 1666 3364 1720 τοῦ
3413 1667 3545 1720 λαοῦ
3566 1666 3748 1736 λόγον.

475 1763 652 1834 gratia
687 1761 764 1816 ita
793 1760 1012 1815 locutus
1061 1765 1169 1815 est.
1200 1757 1377 1814 Porro
1426 1759 1543 1814 haec
1580 1768 1699 1813 erat
1736 1758 1917 1815 Patris
1964 1773 2056 1812 vo-

2163 1752 2237 1806 Τὸ
2281 1753 2338 1805 δὲ
2378 1752 2626 1826 βούλημα
2666 1751 2734 1828 ἦν
2773 1757 2868 1810 τοῦ
2912 1757 3148 1829 Πατρὸς,
3193 1758 3256 1811 τὸ
3288 1759 3389 1831 τὴν
3434 1759 3751 1830 οἰκονομίαν

476 1848 681 1914 luntas,
718 1855 777 1902 ut
806 1846 911 1902 hoc
949 1846 1114 1902 modo
1141 1847 1663 1903 administrarentur
1690 1848 1895 1911 omnia,
1933 1862 2056 1902 cum

476 1937 809 2009 proditionis
831 1937 957 1992 Filii
987 1952 1153 1994 causa
1185 1938 1545 2009 sibimetipsis
1570 1937 1830 1995 lsraelitze
1858 1939 2056 2005 forent,

476 2047 651 2103 neque
692 2047 723 2086 a
761 2030 873 2087 Deo
915 2039 1264 2102 cogerentur,
1303 2046 1403 2087 nec
1434 2029 1558 2086 Filii
1582 2032 1833 2087 voluntas
1879 2042 1997 2087 erat
2028 2047 2060 2087 a

476 2129 705 2192 paterna
730 2121 970 2178 diversa.
1014 2119 1121 2175 Sed
1156 2121 1211 2175 in
1240 2121 1345 2175 hoc
1385 2121 1814 2178 demonstranda
1845 2123 1915 2178 ab
1940 2124 2060 2194 ipso

478 2216 568 2270 illa
600 2213 843 2278 fuerunt,
879 2222 941 2268 ut
995 2214 1434 2285 singularitatem
1468 2229 1687 2270 omnem
1732 2214 1801 2270 ad
1840 2212 2059 2270 Patrem

479 2308 623 2362 velut
662 2306 729 2360 ad
756 2305 1086 2377 principium
1128 2306 1380 2374 referret,
1413 2321 1482 2361 ne
1514 2308 1695 2362 unitas
1738 2307 1850 2373 illa,
1883 2316 1936 2362 et
1962 2307 2060 2361 ad-

477 2400 812 2455 ministratio
843 2400 1025 2470 aliqua
1057 2415 1124 2455 ex
1164 2406 1317 2470 parte
1347 2397 1704 2454 divideretur.

542 2490 682 2547 LIX.
722 2491 927 2548 Praeter
973 2492 1109 2557 haec,
1146 2491 1276 2547 illud
1321 2492 1488 2546 etiam
1522 2490 1713 2560 objicit
1746 2489 2056 2553 haereticus,

471 2581 618 2652 quod
660 2582 716 2635 in
753 2581 1049 2652 Evangelia
1097 2581 1256 2636 Lucae
1300 2580 1568 2651 scriptum
1611 2589 1718 2659 est,
1762 2579 2056 2644 nimirum,

472 2674 603 2730 dum
634 2680 817 2729 oraret
842 2673 1093 2728 Christus
1112 2680 1168 2727 et
1207 2674 1263 2727 in
1288 2672 1484 2743 agonia
1521 2672 1858 2727 constitutus
1886 2679 2054 2735 esset,

472 2765 723 2823 sudasse.
758 2764 825 2819 Et
853 2764 1027 2835 factus
1065 2772 1167 2829 est,
1200 2764 1399 2834 inquit,
1435 2764 1598 2816 sudor
1623 2763 1758 2832 ejus,
1805 2771 2057 2832 tanquam

470 2868 634 2930 guttae
689 2858 965 2929 unguinis
1014 2855 1310 2911 decidentes
1345 2855 1402 2909 in
1448 2864 1667 2909 terram.
1703 2852 1775 2908 Et
1808 2854 2056 2924 apparuit

471 2951 688 3022 angelus
721 2950 936 3006 Domini
976 2949 1285 3020 confortans
1320 2948 1491 3018 ipsum
1518 2948 1558 3002 ³.
1593 2946 1673 3001 Ex
1695 2961 1804 3018 quo
1836 2946 2055 3001 vocula-

468 3058 592 3100 rum
621 3042 710 3100 isti
747 3048 1078 3113 captatores,
1110 3041 1259 3096 velut
1293 3039 1640 3095 occasionem
1663 3036 1924 3093 adversus
1948 3036 2054 3091 ini-

2163 1843 2307 1898 οὕτω
2339 1845 2693 1920 πληρωθῆναι
2723 1849 2833 1903 τῶν
2854 1850 2988 1903 υίῶν
3017 1850 3256 1923 Ἰσραὴλ,
3282 1852 3591 1923 παραιτίων
3626 1854 3754 1906 ἐαυ-

2163 1938 2275 2000 τοῖς
2316 1936 2486 1993 ὄντων
2534 1939 2634 2010 τῆς
2679 1940 2773 1994 τοῦ
2811 1941 2941 1994 Υἱοῦ
2975 1941 3289 2015 προδοσίας,
3341 1943 3438 1996 καὶ
3493 1944 3594 2015 οὐχ
3644 1945 3751 1996 ὑπὸ

2161 2027 2296 2082 Θεοῦ
2329 2030 2792 2105 ἀναγκαζομένων
2817 2051 2830 2065 ο
2865 2035 2959 2089 καὶ
2990 2035 3088 2104 οὐχ
3121 2034 3308 2107 ἕτερον
3331 2034 3579 2108 βούλημα
3602 2032 3752 2108 ἦντὸ

2161 2119 2257 2174 τοῦ
2287 2120 2420 2176 Υἱοῦ
2459 2124 2613 2196 παρά
2650 2125 2743 2179 τὸν
2770 2125 3012 2197 Πατέρα.
3057 2125 3199 2179 Ἀλλ’
3230 2126 3338 2180 ἔδει
3362 2127 3525 2180 αὐτὸν
3564 2128 3664 2181 καὶ
3690 2130 3751 2180 ἐν

2161 2211 2337 2284 τούτῳ
2378 2213 2555 2268 ταῦτα
2592 2216 2898 2286 δεικνύειν,
2942 2219 3031 2273 ἵνα
3085 2218 3147 2272 τὸ
3184 2220 3294 2273 πᾶν
3349 2219 3453 2291 τῆς
3522 2222 3752 2294 μονότηο

2160 2320 2256 2368 τος
2284 2304 2379 2357 ἐπὶ
2409 2305 2503 2360 τὸν
2532 2307 2755 2380 Πατέρα
2776 2309 3064 2379 ἀναγάγοι,
3099 2308 3238 2381 πρὸς
3274 2310 3336 2363 τὸ
3375 2311 3450 2382 μὴ
3486 2311 3751 2383 μερισθῆ-

2159 2397 2248 2451 ναί
2275 2415 2329 2451 τι
2360 2398 2460 2469 τῆς
2500 2401 2634 2470 μιᾶς
2668 2399 2914 2465 ἐνώσεως
2943 2404 3039 2456 καὶ
3085 2404 3421 2475 οἰκονομίας.

2228 2488 2353 2545 NG'.
2384 2490 2492 2543 Καὶ
2530 2490 2763 2563 καθεξῆς
2802 2491 2857 2545 δὲ
2886 2492 3138 2566 ἐπιφέρει
3178 2494 3371 2564 λέγων,
3405 2497 3463 2549 ἐν
3487 2496 3567 2568 τῷ
3591 2497 3750 2569 εὔχε-

2159 2580 2284 2635 σοαι
2333 2583 2518 2649 αὐτὸν,
2561 2584 2637 2648 ὡς
2660 2585 2951 2656 γενόμενος
2977 2588 3034 2639 ἐν
3069 2587 3279 2660 ἀγωνίᾳ
3314 2591 3619 2663 ἐμφέρεται
3647 2594 3668 2624 ⁸
3690 2595 3751 2647 ὲν

2156 2672 2234 2743 τῷ
2286 2674 2427 2727 κατὰ
2460 2677 2674 2729 Λουκᾶν
2729 2678 3067 2750 Εὐαγγελίῳ·
3098 2680 3371 2748 Ἵδρωσε,
3430 2684 3585 2755 φησὶ,
3648 2685 3750 2738 καὶ

2156 2767 2392 2836 ἐγένετο
2414 2769 2601 2824 αὐτοῦ
2620 2772 2653 2823 ὀ
2682 2770 2856 2839 ἱδρὼς
2887 2772 3033 2825 ὡσεὶ
3064 2774 3305 2843 θρόμϐοι
3333 2775 3583 2845 αἵματος
3611 2792 3751 2830 κατ-

2155 2860 2463 2928 ερχόμενα
2487 2860 2585 2914 ἐπὶ
2603 2860 2716 2931 τῆς
2738 2860 2871 2932 γῆς.
2912 2864 3022 2918 Καὶ
3037 2865 3229 2935 ἐφάνη
3249 2866 3505 2937 ἅγγελος
3526 2869 3751 2938 Kvplov

2154 2950 2458 3020 ἐνισχύων
2480 2953 2685 3007 αὐτόν.
2712 2955 3172 3028 Προπηδήσαντες
3191 2958 3368 3012 τοίνυν
3401 2961 3451 3013 οἱ
3466 2959 3749 3032 λεξιθηρες

2155 3039 2319 3105 εὐθὺς
2382 3042 2459 3106 ὡς
2486 3042 2761 3114 πρόφασιν
2797 3046 2939 3099 κατὰ
2969 3047 3164 3118 ἐχθροῦ
3201 3049 3517 3120 εὑράμενοι,
3553 3051 3748 3121 ἐπιφέο

470 3135 676 3192 micum
711 3134 891 3202 nacti,
927 3148 992 3188 ac
1025 3132 1324 3204 gestientes
1355 3138 1411 3185 et
1452 3129 1797 3186 exsultantes
1831 3127 1907 3181 ita
1953 3142 2056 3183 nos

2163 3149 2314 3203 ρουσι
2343 3132 2615 3202 λέγοντες
2661 3135 2844 3207 Ὁρᾷς,
2883 3138 2966 3192 ὅτι
3011 3119 3276 3194 ἐπεδέετο
3303 3141 3397 3195 καὶ
3441 3142 3627 3213 ἰσχύος
3648 3119 3738 3212 άγ-

468 3232 836 3297 oppugnant:
873 3221 1111 3278 Videsne
1158 3221 1321 3276 etiam
1367 3234 1507 3290 opus
1557 3218 1635 3272 illi
1681 3217 1851 3273 fuisse
1896 3224 1954 3270 ut
1988 3217 2059 3271 ab

471 3318 681 3388 angelis
726 3313 1220 3374 corroboraretur?
1263 3311 1653 3367 Corroboravit
1699 3310 1844 3365 enim
1904 3310 2056 3363 illum

470 3408 718 3479 angelus,
771 3422 898 3463 cum
947 3406 1003 3460 in
1036 3405 1311 3460 anxietate
1358 3404 1450 3458 illa
1498 3410 1828 3457 versaretur.
1871 3399 2058 3470 Neque

474 3500 678 3564 vident,
716 3498 822 3555 nisi
857 3499 972 3553 haec
1000 3497 1185 3552 omnia
1235 3495 1492 3551 Christus
1542 3492 1905 3563 suscepisset,
1951 3492 2057 3547 nisi

473 3595 587 3648 haec
620 3593 740 3662 ipsa
770 3590 933 3646 ver-ha
958 3629 974 3654 ,
1017 3587 1141 3642 Non
1166 3603 1281 3641 mea
1328 3589 1591 3651 voluntas,
1624 3585 1714 3640 sed
1746 3595 1859 3651 tua,
1905 3599 2060 3639 usur-

471 3688 693 3753 passet;
728 3680 835 3735 nisi
868 3693 1127 3750 angorem
1159 3679 1310 3731 illum
1340 3676 1509 3731 animi
1535 3675 1819 3735 subiisset,
1853 3689 1916 3729 ac
1950 3674 2056 3728 nisi

470 3773 706 3844 denique
740 3770 997 3829 sudorem
1025 3785 1055 3825 e
1081 3783 1312 3840 corpore
1344 3767 1685 3831 distillasset,
1720 3774 1891 3820 totum
1924 3764 2056 3820 illud

469 3869 769 3933 assumpta:
795 3861 986 3916 carnis
1011 3859 1331 3937 my.sterium
1360 3857 1495 3912 nihil
1521 3868 1718 3928 praeter
1743 3856 2057 3927 opinionem

467 3968 530 4010 ac
583 3954 821 4025 speciem
855 3951 1173 4008 habiturum
1214 3950 1416 4019 fuisse;
1452 3948 1697 4021 adeoque
1727 3949 2058 4004 Manichaee-

470 4062 591 4104 rum
623 4055 681 4103 et
716 4045 1193 4102 Marcionistarum
1233 4043 1439 4098 larvam
1487 4042 1633 4097 illam
1664 4052 1718 4098 et
1761 4043 2057 4097 adumbra-

446 4132 580 4195 tam
623 4139 939 4211 imaginem,
983 4151 1150 4209 quam
1196 4133 1265 4191 de
1302 4135 1681 4190 incarnatione
1727 4134 2052 4206 praedicant,

470 4234 614 4288 haud
650 4230 948 4288 absurdam
984 4230 1259 4297 futuram;
1311 4242 1490 4299 neque
1529 4226 1828 4298 quidquam
1867 4225 1923 4280 in
1967 4227 2056 4280 in-

469 4325 788 4382 carnatione
814 4324 935 4395 ipsa
974 4325 1152 4380 visum
1193 4322 1262 4377 iri
1302 4337 1368 4377 ex
1411 4320 1491 4375 rei
1532 4319 1766 4376 veritate
1816 4324 2051 4389 gestum.

470 4415 839 4482 Quamobrem
887 4413 1143 4470 Christus
1174 4412 1463 4479 Dominus,
1499 4417 1561 4465 ut
1589 4410 1760 4465 vitam
1808 4415 2055 4465 nostram

471 4522 535 4563 ac
558 4507 790 4563 salutem
820 4505 1081 4572 muniret,
1111 4505 1298 4559 omnia
1332 4504 1426 4558 illa
1456 4501 1722 4573 singulari
1757 4501 2052 4571 providen-

450 4600 560 4654 tiae
589 4612 705 4655 suae
723 4597 1119 4669 gubernatione
1149 4596 1411 4666 suscepit,
1430 4602 1485 4651 et
1501 4610 1568 4649 ex
1589 4594 1831 4649 humano
1856 4592 2053 4647 affectu

470 4704 579 4744 non
611 4689 887 4753 simulate,
923 4688 1019 4743 sed
1049 4687 1194 4743 bona
1226 4685 1331 4743 ﬁde
1358 4685 1639 4742 disseruit.
1684 4683 1889 4748 Veluti,
1929 4682 2053 4737 Non

470 4797 586 4835 mea
618 4780 884 4845 voluntas,
908 4789 967 4834 ut
998 4794 1220 4834 carnem
1248 4792 1441 4834 revera
1469 4776 1774 4833 subsistere
1799 4776 2052 4845 doceret;

470 4889 534 4929 ac
568 4881 677 4927 tam
706 4887 801 4927 eos
828 4870 1118 4936 refelleret,
1157 4872 1247 4940 qui
1290 4870 1586 4924 humanam
1617 4867 1770 4923 illum
1813 4875 2049 4923 mentem

470 4964 727 5022 habuisse
763 4973 1046 5036 negarent,
1086 4978 1251 5033 quam
1289 4963 1380 5032 qui
1412 4976 1632 5016 carnem
1678 4961 2047 5016 detraherent.

468 5058 640 5126 Quam
667 5057 810 5112 enim
846 5055 1240 5111 admirabiliter
1271 5054 1492 5109 divinus
1520 5068 1702 5111 sermo
1730 5055 1786 5109 in
1815 5052 2049 5107 ﬁliorum

467 5149 722 5223 caliginis
756 5148 937 5204 medio
971 5148 1281 5203 consistens
1302 5186 1316 5212 ,
1350 5161 1539 5202 eorum
1577 5147 1830 5201 tenebras
1856 5144 2048 5201 redar-

467 5243 602 5313 guit,
634 5256 698 5294 ac
720 5241 969 5296 veritatis
1008 5240 1150 5295 ﬁlios
1175 5240 1447 5296 illustrat!
1483 5239 1873 5295 Animadverte
1905 5238 2050 5293 enim

467 5348 632 5404 quam
661 5334 833 5389 multa
853 5334 911 5387 in
940 5334 1030 5388 illa
1054 5334 1304 5389 oratione
1330 5332 1616 5387 commoda
1643 5332 1776 5388 sint.
1808 5331 2050 5386 Primum

470 5425 537 5478 ab
580 5424 671 5491 iis,
700 5441 821 5495 quze
853 5427 1104 5497 corporis
1141 5426 1384 5495 expertia
1426 5434 1584 5487 sunt,
1619 5438 1843 5478 manare
1887 5422 2058 5477 sudor

471 5532 578 5569 non
616 5524 817 5582 potest.
859 5513 1041 5583 Quare
1069 5518 1173 5572 hoc
1216 5518 1355 5586 ipso,
1383 5515 1530 5587 quod
1559 5515 1761 5571 sudore
1787 5511 2049 5577 diffluxit,

545 5674 560 5704 '
586 5674 745 5731 Joan.
781 5689 883 5740 xu,
910 5673 1001 5731 27.
1078 5679 1097 5709 ²
1132 5677 1264 5735 Luc.
1297 5692 1396 5743 χιι,
1418 5676 1508 5731 50.
1587 5673 1608 5705 ³
1631 5670 1766 5726 Luc.
1800 5685 1933 5732 χχιι,
1965 5669 2054 5722 Iul.

2159 3223 2364 3292 γέλων;
2410 3224 2691 3298 Ἐνίσχυσε
2726 3228 2834 3299 γὰρ
2882 3230 3044 3285 αὐτὸν
3083 3233 3113 3284 ὁ
3163 3232 3413 3302 ἀγγελοςο
3447 3236 3505 3287 ἐν
3538 3236 3750 3307 ἀγωνίει

2158 3313 2268 3385 γάρ
2300 3316 2462 3379 αὐτὸς
2488 3317 2724 3385 ἐγένετο.
2761 3320 2871 3373 Καὶ
2908 3322 3009 3376 οὐκ
3054 3322 3250 3386 ἴσασιν,
3279 3324 3383 3390 ὅτι,
3419 3326 3513 3381 ἐὰν
3545 3328 3620 3398 μὴ
3651 3328 3747 3399 εχιτ

2160 3404 2336 3457 πάντα
2366 3404 2557 3469 ταῦτα,
2604 3406 2700 3460 καλ⁹
2740 3407 2821 3472 τὸ,
2850 3409 2946 3478 Μὴ
2974 3410 3122 3481 ἐμὸν
3143 3413 3449 3482 βούλημα,
3490 3415 3657 3471 ἀλλὰ
3683 3417 3746 3471 τέ

2159 3494 2296 3560 σὺν,
2328 3497 2422 3550 καὶ
2454 3496 2548 3552 ἐὰν
2589 3498 2664 3570 μὴ
2697 3499 3003 3573 ἀγωνιάσῃ,
3043 3502 3137 3556 καὶ
3177 3503 3272 3558 ὲάν
3303 3505 3377 3576 μὴ
3415 3506 3576 3578 ἱδρὼς
3596 3508 3748 3579 αὐτῷ

2159 3585 2383 3658 γένηται
2412 3588 2478 3641 ἐκ
2508 3587 2762 3660 σώματος
2794 3592 3180 3664 προχεόμενος,
3215 3596 3324 3667 ἄρα
3361 3597 3582 3676 δόκησις
3608 3595 3679 3671 ἦν
3711 3601 3746 3672 ἡ

2158 3679 2424 3752 ἒνσαρκος
2452 3682 2689 3753 Χριστοῦ
2731 3685 3025 3756 παρουσία,
3058 3688 3153 3742 καὶ
3184 3687 3402 3759 εὔλογος
3433 3692 3583 3762 παρά
3626 3694 3749 3747 Μα-

2159 3773 2383 3843 νιχαίων
2404 3774 2496 3827 καὶ
2523 3775 2956 3847 Μαρκιωνιστῶν
2988 3780 3022 3850 ἡ
3053 3781 3181 3851 περὶ
3198 3782 3498 3851 φαντασίας
3525 3783 3748 3855 δόκησις

2158 3865 2259 3934 τῆς
2290 3867 2558 3938 ἐνσάρκου
2597 3871 2899 3941 παρουσίας
2949 3872 3207 3938 ὑπόθεσις
3247 3874 3455 3945 ᾅδεται,
3499 3876 3594 3930 na}.
3644 3877 3748 3929 οὐκ

2158 3957 2522 4028 ἀληθεστάτη.
2545 3960 2729 4014 Ταῦτα
2754 3962 2810 4016 δὲ
2839 3963 3037 4029 πάντα,
3056 3966 3561 4038 ἐπασφαλιζόμενος
3588 3967 3746 4039 ἡμῶν

2156 4048 2257 4120 τὴν
2288 4048 2456 4122 ζωὴν,
2489 4050 2560 4104 τά
2590 4051 2688 4105 ὅλα
2729 4053 3017 4120 ἀνεδέξατο
3049 4057 3429 4130 οἰκονομικῶς,
3460 4060 3747 4132 ἀνθρωπο-

2158 4140 2304 4212 παθῆ
2333 4157 2455 4196 τινα
2489 4142 2803 4214 διηγήματα
2831 4144 2991 4216 ἔχων,
3021 4148 3123 4201 οὐκ
3152 4149 3427 4221 εἰρωνείᾳ,
3459 4150 3575 4205 ἀλλ’
3605 4150 3743 4223 ἀλητ-

2158 4232 2299 4304 Θείᾳ,
2332 4233 2414 4299 τὺ,
2449 4236 2570 4288 Οὐκ
2602 4235 2751 4305 ἐμὸν
2771 4236 3022 4307 θέλημα,
3057 4239 3144 4291 ἵνα
3178 4240 3327 4313 δείξῃ
3369 4242 3573 4314 σαρκὸς
3605 4243 3742 4296 ὑπό·

2159 4339 2344 4376 στασιν
2372 4323 2651 4396 ἀληθινὴν,
2673 4325 2766 4380 καὶ
2792 4327 2876 4381 ἵνα
2893 4327 3088 4402 ἐλέγξῃ
3101 4330 3229 4395 τοὺς
3249 4331 3508 4401 λέγοντας
3523 4333 3648 4388 νοῦν
3669 4334 3744 4406 μὴ

2158 4415 2451 4486 ἐσχηκέναι
2473 4418 2640 4471 αὑτὸν
2661 4418 3026 4491 ἀνθρώπινον,
3052 4422 3147 4475 καὶ
3166 4423 3361 4496 ἐλέγξῃ
3390 4426 3517 4490 τοὺς
3542 4426 3619 4499 μὴ
3654 4425 3744 4480 λέ-

2157 4522 2353 4574 γοντας
2375 4506 2553 4578 σάρκα
2573 4508 2735 4562 αὑτὸν
2768 4511 3083 4581 ἐσχηκέναι.
3104 4513 3231 4578 Πῶς
3259 4515 3368 4584 γάρ
3401 4514 3545 4581 θεῖος
3571 4518 3746 4587 Λόγος

2157 4595 2260 4649 ἀνα
2267 4595 2429 4667 μέσον
2440 4597 2548 4651 τῶν
2560 4616 2589 4650 υ
2598 4597 2692 4651 ἰῶν
2703 4597 2797 4652 τοῦ
2810 4601 3036 4666 σκότους
3051 4600 3223 4666 ἑστὼς
3235 4603 3421 4674 ἐλέγχε
3430 4621 3447 4656 ι
3460 4603 3521 4656 τὸ
3534 4605 3743 4671 σκότος,

2161 4690 2384 4758 φωτίζει
2409 4689 2465 4743 δὲ
2495 4692 2621 4755 τοὺς
2655 4692 2803 4757 υἱοὺς
2836 4697 2935 4765 τῆς
2965 4694 3254 4767 ἀληθείας;
3286 4696 3430 4770 Ὅρα
3462 4696 3573 4769 γὰρ
3606 4698 3748 4752 πόσα

2160 4780 2404 4852 χρήσιμα
2458 4783 2516 4835 ἐν
2562 4781 2639 4853 τῷ
2699 4783 2843 4855 λόγῳ
2893 4785 3089 4857 τούτῳ.
3153 4787 3287 4841 Ἀπὸ
3332 4788 3646 4859 ἀσωμάτων
3683 4789 3746 4843 οῦ

2157 4873 2484 4947 προέρχεται
2518 4873 2696 4946 ἱδρώς.
2732 4876 2819 4928 Ἐν
2847 4876 2904 4930 δέ
2935 4877 3013 4948 τῷ
3031 4878 3206 4949 τούτῳ
3240 4879 3517 4947 γενέσθαι,
3544 4879 3745 4947 ἔδειξεν

2156 4963 2416 5035 ἀληθινὴν
2467 4964 2666 5036 σάρκα,
2703 4966 2797 5019 καὶ
2832 4969 2893 5021 οὐ
2926 4969 3148 5039 δόκησιν
3182 4969 3290 5023 ἀπὸ
3314 4970 3515 5042 σαρκὸς
3541 4972 3600 5024 ἐν
3624 4970 3740 5024 Θεό-

2156 5073 2279 5125 τητι
2338 5057 2746 5129 συνηνωμένης.
2806 5059 2991 5131 Χωρὶς
3019 5061 3126 5132 γάρ
3165 5061 3344 5132 ψυχῆς
3391 5063 3484 5115 καὶ
3517 5061 3637 5125 νοὸς
3680 5062 3740 5113 οὐ

2156 5146 2364 5213 γίνεται
2396 5148 2623 5216 ἀγωνία.
2661 5147 3117 5215 ’Λγωνιεύσαντος
3141 5151 3198 5203 δὲ
3231 5150 3416 5215 αὐτοῦ,
3449 5150 3619 5216 ἔδειξε
3638 5149 3743 5219 ψυ-

2154 5237 2276 5306 χὴν,
2318 5238 2412 5290 καὶ
2454 5237 2634 5307 σῶμα,
2676 5238 2771 5290 καὶ
2810 5238 2933 5293 νοῦν
2963 5240 3054 5293 ἐπὶ
3092 5240 3154 5293 τὸ
3179 5241 3310 5294 αὐτὸ
3346 5240 3742 5311 πεφορηκέναι,

2154 5327 2276 5381 ὅθεν
2315 5330 2348 5397 ἡ
2388 5329 2597 5396 ἀγωνία
2648 5330 2917 5397 φαίνεται.
2977 5335 3087 5387 Καὶ
3131 5335 3292 5389 πάλιν
3336 5337 3394 5387 ἐν
3432 5333 3511 5404 τῷ
3545 5336 3738 5396 εἰπεῖν,

2156 5420 2252 5488 Μὴ
2286 5421 2353 5473 τὸ
2381 5422 2529 5490 ἐμὸν
2561 5424 2809 5494 θέλημα,
2842 5427 3004 5481 ἀλλὰ
3023 5427 3091 5481 τὸ
3120 5427 3258 5491 σὸν,
3294 5428 3496 5495 ἔδειξεν
3526 5426 3742 5498 ἀληθῶς

2156 5512 2281 5565 νοῦν
2327 5512 2689 5583 ἀνθρώπινον,
2728 5516 2844 5569 ἀλλ’
2878 5519 3282 5592 ἀναμάρτητον.
3323 5521 3390 5575 Ἠ
3412 5520 3521 5592 γὰρ
3552 5518 3744 5590 Θεότης

2160 5669 2181 5699 δ
2214 5667 2337 5738 Leg.
2367 5670 2439 5725 τί.
2522 5672 2542 5702 ⁸
2571 5671 2701 5747 Leg.
2741 5675 2816 5739 ὡς
2856 5676 2990 5746 ἐμφ.
