3994 6226
378 252 485 310 305

1763 239 1820 296 S.
1861 235 2205 294 ΕΡΙΡΙΙΑΝΙΙ

3529 225 3635 284 3οὶ

378 385 444 425 ac
468 369 578 426 Deo
603 367 974 424 fortitudinem
995 363 1344 422 ascribimus.
1373 363 1574 421 Eodem
1605 363 1770 434 igitur
1791 361 1952 417 modo

2074 357 2191 412 9805
2217 355 2315 428 τὴν
2341 352 2568 426 δύναμιν
2598 351 3054 423 ὡμολογήσαμεν,
3084 348 3177 402 καὶ
3203 347 3324 418 Θεῷ
3353 347 3454 418 τὴν
3485 346 3638 418 ἰσχὺν

380 465 606 544 angelus
651 479 747 534 per
795 463 926 516 illud
959 470 1172 532 tempus
1219 461 1570 516 excellentem
1601 457 1818 512 Domini
1862 457 1948 511 sui

381 559 643 612 adversus
687 555 935 610 homines
979 555 1368 625 benignitatem
1403 552 1698 610 admirans.
1746 555 1800 605 et
1847 549 1950 604 ob-

381 660 724 720 stupescens,
759 649 920 719 787
961 647 1110 718 quod
1157 662 1281 701 cum
1341 645 1482 700 Deus
1534 652 1699 708 esset,
1723 651 1777 698 et
1828 656 1950 697 cum

380 740 542 794 Patre
593 740 916 794 adoraretur
964 741 1018 794 in
1061 739 1221 800 cmlo,
1254 745 1418 808 atque
1467 737 1537 790 ab
1589 735 1794 806 angelis
1838 733 1953 789 suis

379 833 792 896 observaretur,
824 845 889 885 eo
931 845 1102 900 usque
1132 829 1370 898 abjicere
1400 841 1459 882 se
1493 841 1592 882 sua
1628 833 1822 895 sponte
1843 837 1953 876 ’νο-

381 924 594 990 luisset,
623 929 683 978 ut
709 921 774 976 ad
799 923 913 977 huic
939 921 1313 986 descenderet,
1343 935 1407 974 ac
1426 933 1648 974 carnem
1680 915 1950 972 indueret.

449 1099 640 1170 Neque
679 1101 780 1154 hoc
825 1109 1034 1154 tantum
1071 1097 1210 1155 :sed
1252 1097 1335 1154 vel
1381 1090 1582 1168 opilicii
1636 1094 1720 1150 sui
1766 1105 1952 1159 causa,

381 1194 488 1246 hoc
517 1201 601 1247 est
631 1192 890 1254 hominis,
923 1193 1203 1246 cruciatus
1228 1189 1458 1260 perpeti,
1492 1197 1545 1244 et
1571 1189 1623 1244 in
1650 1200 1814 1242 cruce
1849 1184 1958 1240 suf-

385 1284 474 1354 ﬁgi
527 1299 638 1337 non
669 1283 962 1346 dubitaret,
993 1297 1056 1337 ac
1095 1289 1323 1336 mortem
1373 1281 1706 1352 degustaret,
1737 1286 1956 1332 mortem

385 1383 560 1428 autem
603 1375 859 1441 crucis‘;
902 1381 960 1428 ut
1000 1389 1098 1444 per
1135 1376 1312 1445 ipsum
1355 1373 1520 1428 homo
1585 1381 1848 1443 tropaeum
1891 1369 1959 1425 de

386 1475 562 1520 morte
590 1473 854 1521 statueret
888 1485 900 1520 :
924 1483 1164 1537 annique,
1190 1467 1280 1536 qui
1303 1465 1486 1520 mortis
1513 1465 1786 1534 imperium
1817 1461 1958 1516 obti-

386 1557 559 1622 nebat,
579 1556 856 1612 diabolum
879 1557 1152 1624 videlicet,
1184 1557 1470 1624 aboleret',
1511 1574 1574 1610 ac
1602 1556 1959 1625 principatum

384 1666 590 1704 onmem
617 1660 666 1704 et
699 1659 1008 1721 potestatem
1035 1651 1170 1705 velut
1214 1651 1270 1704 in
1297 1649 1555 1715 triumpho
1599 1647 1894 1701 traduceret
1917 1647 1956 1698 ³.

2053 448 2492 518 ἀποδεδώκαμενο
2520 445 2664 498 οὓτω
2691 442 2785 497 καὶ
2821 444 2851 496 ὁ
2881 441 3130 512 ἄγγελος,
3156 443 3278 495 κατ’
3297 440 3516 510 ἐκείνην
3539 439 3640 510 τὴν

2052 540 2200 611 ὤραν
2237 539 2543 609 θαυμάσας,
2574 539 2670 592 καὶ
2707 534 3144 606 ἐκπληττόμενος
3195 533 3295 604 τὴν
3327 529 3638 602 ὑπερϐολὴν

2051 633 2154 702 τῆς
2184 631 2276 685 τοῦ
2311 632 2440 686 ἰδίου
2472 631 2741 684 Δεσπότου
2771 627 3203 700 φιλανθρωπίας,
3235 627 3337 688 ὅτι,
3377 623 3514 688 Θεὸς
3541 624 3636 680 ὣν»

2053 727 2148 780 καὶ
2183 727 2278 780 σὺν
2328 726 2503 797 [lat-pi.
2542 722 3022 795 προσκυνούμενος
3069 721 3127 773 ἐν
3161 716 3398 790 ούρανῷ,
3427 717 3524 771 καὶ
3549 715 3640 768 θε-

2057 819 2430 891 ραπευόμενος
2454 817 2558 870 ὑπὸ
2597 815 2742 872 ἰδίων
2786 813 3038 883 ἀγγέλων
3061 812 3247 876 αὑτοῦ,
3273 813 3353 874 εἰς
3383 807 3642 864 τοσοῦτον

2057 909 2346 980 ὑπέμεινεν
2389 908 2494 980 ἰδίᾳ.
2529 908 2782 979 βουλήσει
2829 904 3093 967 ἑκουσίως
3132 901 3326 968 ἐλθεῖν,
3363 901 3460 954 καὶ
3492 898 3644 953 ἐνδύ-

2057 1000 2251 1054 σασθαι
2274 1000 2474 1073 σάρκα.

2129 1092 2242 1146 Καὶ
2267 1094 2327 1146 οὐ
2359 1094 2540 1164 μόνον,
2576 1091 2715 1147 ἀλλά
2740 1090 2836 1146 καὶ
2861 1091 2990 1162 ἄχρι
3019 1087 3112 1142 τοῦ
3148 1087 3342 1141 παθεῖν
3375 1087 3516 1157 ὑπὲρ
3547 1083 3645 1138 τοῦ

2061 1186 2190 1240 ἰδίου
2244 1185 2558 1257 πλάσματος
2597 1185 2699 1256 τῆς
2733 1183 3080 1255 ἀνθρωπείας
3107 1180 3342 1251 φύσεως.
3379 1181 3647 1250 ὑπομένει

2057 1278 2150 1332 καὶ
2188 1277 2316 1350 ἄχρι
2357 1277 2590 1350 σταυροῦ
2634 1277 3029 1350 παραδοθῆναι,
3065 1275 3418 1348 γευσάμενος,
3454 1291 3517 1326 τε
3551 1273 3648 1326 θα-

2058 1370 2240 1434 νάτου,
2276 1369 2534 1425 θανάτου
2577 1369 2645 1423 δὲ
2688 1369 2975 1438 σταυροῦ,
3017 1369 3166 1432 ὅπως
3199 1369 3265 1422 δι’
3311 1365 3480 1421 αὑτοῦ
3519 1365 3650 1436 τρό-

2061 1481 2222 1516 παιον
2255 1462 2353 1534 μὲν
2407 1461 2550 1516 κατά
2590 1460 2685 1514 τοῦ
2721 1460 2953 1516 θανάτου
2989 1461 3023 1532 ἡ
3069 1459 3429 1533 άνθρωπότης
3471 1457 3649 1522 λάϐοι,

2061 1555 2408 1625 καταργήσῃ
2430 1553 2498 1607 δὲ
2521 1553 2627 1608 τὸν
2655 1553 2720 1606 τὸ
2749 1553 2964 1622 κράτος
2989 1552 3209 1622 ἔχοντα
3238 1549 3346 1604 τοῦ
3365 1548 3652 1612 θανάτου,

2060 1647 2334 1703 τουτέστι
2361 1645 2783 1710 τὸνδιάϐολον,
2808 1644 2904 1697 καὶ
2922 1643 3290 1713 θριαμὸεὐσῃ
3320 1639 3530 1696 πᾶσαν
3551 1639 3656 1708 ἀρ-

385 1743 566 1809 Qnare
599 1743 827 1813 angelus
869 1743 958 1798 ille
1000 1742 1360 1798 admiratione
1395 1755 1457 1796 ac
1489 1747 1712 1811 stupore
1743 1738 1954 1809 percul-

2074 1737 2183 1809 χὴν
2231 1738 2331 1793 καὶ
2365 1737 2676 1803 ἐξουσίαν.
2712 1735 2804 1788 Διὸ
2832 1735 2928 1790 καὶ
2957 1733 3249 1806 θαυμάζων
3277 1731 3374 1786 καὶ
3414 1730 3658 1803 ἐκπλητο

387 1849 503 1898 sus,
534 1843 588 1888 et
617 1833 908 1887 Dominum
953 1847 1113 1889 suum
1155 1831 1473 1886 collaudans
1515 1845 1579 1884 ac
1617 1829 1955 1899 praedicans.

386 1925 476 1993 qui
517 1925 569 1978 in
599 1924 694 1978 tali
731 1931 1047 1990 scammate,
1079 1931 1132 1979 et
1163 1922 1230 1977 ad
1263 1915 1373 1976 tam
1411 1922 1732 1978 inusitatum
1783 1935 1956 1990 opus.

386 2017 534 2070 velut
579 2015 630 2070 in
665 2016 954 2085 procinctu
997 2023 1245 2077 stelerat,
1292 2015 1372 2069 sic
1423 2013 1572 2067 illum
1627 2012 1957 2082 compeilat:

389 2104 508 2160 Tua
549 2115 627 2160 est
671 2107 937 2169 adoratio,
983 2116 1130 2160 tuum
1173 2107 1472 2175 imperium,
1513 2120 1606 2160 tua
1646 2106 1834 2167 virtus,
1871 2115 1962 2158 tua

390 2199 668 2268 fortitudo,
703 2207 760 2252 ut
789 2197 934 2268 quod
969 2213 1000 2252 a
1030 2197 1215 2269 Moyse
1237 2199 1500 2268 scriptum
1547 2203 1631 2254 est
1673 2196 1957 2266 impleret:

390 2290 700 2359 Confortent
723 2291 896 2359 ipsum
941 2307 1117 2345 omnes
1152 2290 1324 2361 angeli
1345 2289 1444 2343 Dei
1463 2289 1504 2343 ⁸.
1542 2287 1730 2344 Videte
1756 2288 1960 2358 itaque,

387 2383 589 2438 Christi
633 2383 850 2450 famuli,
901 2397 964 2438 ac
999 2391 1202 2438 sanctae
1245 2381 1339 2438 Dei
1383 2381 1638 2438 Ecclesiae
1679 2391 1734 2438 et
1771 2381 1963 2452 ortho-

387 2477 541 2530 dom:
581 2476 862 2548 religionis
902 2477 1017 2540 lilii,
1053 2491 1217 2547 quam
1253 2477 1388 2531 nihil
1428 2476 1482 2530 in
1526 2475 1808 2547 Scriptura
1843 2489 1967 2545 per-

389 2566 606 2635 plexum
653 2581 717 2620 ac
755 2564 1056 2624 ﬂexuosum
1107 2566 1199 2629 sit,
1255 2565 1352 2621 sed
1387 2566 1565 2620 omnia
1617 2566 1683 2620 ad
1719 2572 1963 2620 nostram

389 2655 617 2710 salutem
665 2657 864 2727 scripta
905 2657 1014 2710 sint
1055 2656 1448 2712 admirabiliter
1491 2667 1545 2712 ct
1588 2655 1848 2728 perfecte.
1898 2659 1968 2712 At

391 2748 480 2803 Isti
516 2747 664 2802 unici
711 2747 804 2802 Dei
853 2747 968 2813 ﬁlii,
1011 2759 1063 2804 et
1109 2750 1284 2804 sancti
1321 2748 1558 2820 Spiritus
1593 2750 1797 2806 inimici
1832 2751 1968 2806 nihil

391 2852 499 2892 non
547 2839 728 2893 hostili
775 2839 960 2892 animo
1005 2839 1266 2908 cogitant,
1312 2839 1615 2911 callideque
1644 2841 1965 2896 moliuntur.

391 2929 545 2986 Absit
595 2945 724 2986 vero
767 2940 824 2984 ut
867 2945 970 2985 nos
1015 2931 1258 2985 animum
1297 2933 1625 2989 commentis
1684 2933 1967 2988 hominum

390 3021 745 3078 adhibeamus
769 3044 778 3077 :
807 3023 938 3093 quin
961 3023 1142 3093 potius
1163 3022 1454 3080 Dominum
1479 3033 1728 3081 nostrum
1753 3025 1966 3080 ﬁrmata

390 3114 850 3183 eorrohorataque
881 3121 1059 3169 mente
1089 3113 1461 3181 celebremus,
1509 3129 1610 3169 nec
1643 3114 1788 3169 ineo
1810 3130 1964 3170 man-
1993 3089 2036 3147 (ἶ

393 3222 515 3260 eum
573 3207 778 3276 aliquid
833 3222 956 3262 esse
1001 3207 1368 3277 suspicemur.
1405 3204 1541 3260 Nam
1592 3207 1638 3263 si
1691 3207 1737 3262 is
1771 3207 1864 3276 qui
1899 3207 1968 3261 ad

395 3298 890 3368 repraesentandam
925 3299 1166 3352 omnium
1203 3300 1430 3354 salutem
1473 3299 1711 3364 advenit,
1750 3299 1834 3354 vel
1868 3300 1970 3356 mi-

395 3389 600 3441 nimum
661 3387 716 3442 in
762 3403 821 3442 se
857 3387 1128 3443 defectum
1165 3390 1353 3452 habet,
1390 3390 1614 3459 quinam
1655 3405 1686 3444 a
1721 3391 1837 3446 suis
1869 3389 1969 3445 de-

396 3479 630 3535 fectibus
657 3478 928 3534 vindicari
956 3487 1210 3534 creatura
1243 3479 1479 3550 poterit?

464 3657 600 3712 LXI.
641 3657 748 3714 Sed
781 3659 990 3714 instant
1031 3659 1470 3716 adversariorum
1499 3677 1650 3718 more
1679 3661 1840 3732 (nam
1886 3677 1976 3718 re-

393 3763 523 3804 vera
552 3749 794 3806 Judaicis
834 3749 1186 3820 opinionibus
1222 3751 1414 3806 imbuti
1449 3759 1600 3815 sunt,
1629 3765 1731 3807 nec
1769 3752 1836 3807 ab
1861 3751 1972 3807 illis

395 3851 756 3913 praeterquam
793 3841 1161 3911 appellatione
1182 3841 1509 3912 dissident).
1538 3841 1697 3906 Novi,
1725 3843 1972 3913 inquam,

397 3935 484 3988 isti
509 3933 677 3988 Judaei
705 3941 894 3989 contra
914 3933 1226 3990 Catholicos
1249 3933 1616 4005 insurgentes,
1635 3943 1689 3991 et
1709 3936 1975 3993 adversus

399 4027 734 4082 Salvatorcm
777 4029 1026 4100 quaedam
1073 4027 1238 4084 verba
1287 4029 1636 4094 meditantes,
1691 4037 1752 4084 ut
1795 4029 1973 4099 ipsum

397 4134 708 4174 sermonum
740 4135 964 4176 suorum
994 4120 1488 4190 laqueisirretiant,
1519 4131 1579 4174 ut
1606 4121 1660 4174 in
1683 4119 1978 4190 Evangelio

397 4213 660 4282 scriptum
697 4223 780 4269 est
811 4215 854 4279 ⁸,
881 4215 1012 4269 illud
1055 4215 1230 4284 ipsum
1273 4213 1434 4270 nobis
1479 4213 1748 4284 objiciunt
1780 4231 1793 4268 :
1834 4211 1980 4267 Dixit

400 4307 641 4373 pendens
667 4307 722 4360 in
755 4321 920 4361 cruce
959 4306 1254 4362 Christus:
1291 4305 1399 4370 Eli,
1437 4304 1546 4370 Eli,
1581 4305 1774 4360 lemma
1819 4303 1980 4358 saba-

397 4397 578 4456 ctliam'
597 4398 622 4451 Ρ
649 4398 752 4452 hoc
783 4407 889 4462 est,
925 4399 1064 4453 Deus
1107 4415 1272 4466 meus,
1327 4399 1462 4454 Dens
1497 4415 1663 4462 meus,
1694 4415 1856 4468 quare
1897 4415 1979 4452 me

397 4487 721 4558 dereliquisti
747 4491 802 4544 εἳ
833 4489 1019 4552 Vides,
1051 4492 1326 4561 inquiunt,
1360 4501 1418 4546 ut
1449 4491 1839 4546 miserabiliter
1867 4491 1974 4545 im-

397 4580 593 4648 ploret,
641 4593 708 4634 ac
750 4581 948 4650 lugeat,
979 4591 1032 4634 et
1077 4580 1257 4635 dicat:
1294 4581 1472 4646 Quare
1501 4598 1580 4634 me
1611 4581 1980 4651 deretiquisti?

397 4669 584 4739 Neque
618 4669 720 4724 hoc
755 4673 937 4725 animo
974 4673 1301 4742 percipiunt,
1332 4673 1501 4746 788
1538 4673 1787 4728 homines
1827 4674 1979 4726 viru-

397 4763 543 4815 lenta
570 4763 674 4816 hac
707 4763 822 4816 Arii
857 4764 1092 4830 insania,
1133 4767 1280 4822 velut
1319 4768 1553 4838 quadam
1588 4767 1832 4837 crapula,
1863 4783 1982 4838 gra-

398 4853 526 4917 vati,
563 4869 628 4907 ac
661 4851 750 4908 Dei
799 4855 1126 4924 cognitionis
1166 4866 1452 4928 expertes;
1485 4858 1755 4913 immanes
1785 4871 1977 4913 omnes

397 4944 626 5000 allectus
675 4946 730 5000 in
779 4945 1002 5000 Christo
1037 4946 1268 5007 Domino
1325 4950 1705 5021 agnoscendos
1747 4951 1803 5004 in
1849 4965 1976 5004 vera

399 5039 544 5094 illius
592 5039 972 5094 incarnatione
1023 5057 1085 5094 ac
1123 5043 1461 5099 conﬁtendos
1497 5060 1638 5100 csse.
1690 5043 1872 5116 Atque
1923 5045 1976 5098 in

399 5129 589 5198 primis
617 5131 684 5184 ab
710 5145 820 5185 uno
841 5130 894 5183 in
919 5131 1062 5184 aliud
1093 5131 1391 5188 desultorio
1423 5149 1574 5189 more
1605 5145 1974 5200 transeuntes,

305 5257 314 5262 -
397 5221 526 5291 quid
572 5223 639 5277 de
677 5237 741 5277 eo
785 5223 1131 5278 sentiendmn
1164 5224 1506 5281 decreverint
1555 5228 1977 5293 obliviscuntur,

399 5325 500 5366 nec
533 5313 584 5366 in
613 5328 722 5368 uno
755 5321 900 5370 statu
931 5315 1265 5371 consistunt.
1301 5313 1485 5387 Neque
1523 5317 1668 5372 enim
1701 5318 1858 5373 aliter
1899 5319 1982 5372 fa-

399 5419 523 5460 cere
555 5415 804 5476 possunt,
838 5407 930 5477 qui
979 5415 1158 5462 mente
1184 5407 1483 5478 desipiunt.
1513 5407 1683 5480 Igitur
1721 5425 1982 5465 nonnun-

399 5505 560 5565 qua‘m
599 5496 932 5552 Salvator-em
969 5497 1114 5553 hunc
1141 5509 1416 5565 asserunt,
1467 5511 1521 5556 et
1567 5501 1880 5568 Dominum,
1917 5519 1980 5558 ac

476 5611 748 5690 'Pui_n_pp,
787 5631 848 5681 ιι,
884 5615 936 5672 8.
1044 5621 1064 5650 ε
1088 5598 1252 5677 ilcbr.
1286 5637 1346 5690 ιι,
1379 5623 1464 5681 ιιι.

401 5698 574 5751 xxvn,
603 5684 689 5738 47.

1573 5624 1593 5657 ³
1625 5623 1837 5681 Coloss.
1873 5641 1934 5691 ιι,
1966 5627 2054 5682 15.

2059 1833 2286 1902 τόμενος
2306 1831 2334 1884 ὁ
2357 1828 2588 1898 ἄγγελος
2617 1827 2802 1898 ἔλεγεν
2837 1827 3006 1899 αὐτῷ,
3037 1825 3333 1896 δοξολογῶν
3351 1825 3449 1879 καὶ
3477 1825 3660 1894 εὐφη-

2065 1923 2180 1994 μῶν
2207 1923 2295 1976 τὸν
2329 1923 2459 1976 ἴδιον
2481 1923 2758 1993 Δεσπότην
2781 1921 2875 1974 ἐπὶ
2899 1919 2978 1992 τῷ
3003 1919 3229 1990 τοιούτῳ
3257 1920 3542 1988 σκάμματι
3559 1917 3658 1970 καὶ

2062 2017 2483 2089 παραδοξοποιίᾳ
2509 2015 2742 2082 ἑστῶτα,
2773 2017 2855 2068 ὅτι
2898 2015 2982 2083 Σή
3015 2014 3187 2076 ἐστιν
3224 2015 3261 2080 ἡ
3307 2011 3658 2078 προσκύνη-

2062 2125 2182 2176 σις,
2210 2111 2328 2163 σόν
2373 2109 2503 2162 ἐστι
2535 2107 2598 2162 τὸ
2630 2107 2864 2177 κράτος,
2893 2109 2976 2177 σή
3018 2107 3190 2160 ἐστιν
3211 2105 3541 2173 ήδύναμις,
3571 2099 3658 2168 σή

2061 2201 2230 2254 ἐστιν
2251 2201 2290 2268 ἡ
2316 2201 2516 2269 ἰσχύς·
2543 2199 2630 2253 ἵνα
2659 2199 2924 2273 πληρώσῃ
2977 2197 3040 2252 τὸ
3096 2197 3247 2270 παρά
3295 2198 3521 2250 Μωῡσεί
3562 2211 3661 2263 γε-

2063 2291 2404 2363 γραμμένον,
2433 2292 2515 2345 ὅτι
2555 2291 3097 2360 Ἐνιο-χυονάτωσαν
3115 2287 3276 2354 αὐτῷ
3307 2286 3536 2353 πάντες
3563 2284 3662 2355 ἄπν

2065 2388 2230 2457 γελοι
2287 2383 2456 2439 Θεοῦ.
2487 2382 2598 2437 Καὶ
2644 2383 2830 2454 ὁρᾶτε,
2884 2380 3120 2454 Χριστοῦ
3156 2379 3510 2450 θεράποντες,
3565 2378 3662 2430 καὶ

2067 2477 2174 2531 υίοὶ
2215 2475 2313 2546 τῆς
2363 2473 2524 2544 ἁγίας
2557 2473 2652 2528 τοῦ
2692 2473 2829 2528 Θεοῦ
2881 2471 3214 2540 Ἐκκλησίας
3243 2470 3339 2524 καὶ
3373 2467 3660 2540 ὀρθοδόξου

2069 2567 2326 2630 πίστεως,
2379 2567 2460 2623 ὅτι
2493 2565 2648 2620 οὐδὲν
2679 2566 2736 2618 ἐν
2767 2567 2835 2636 τῇ
2879 2563 3000 2636 θείᾳ
3043 2563 3235 2634 Γραφῇ
3273 2560 3511 2627 σκολιὸν,
3541 2558 3662 2612 οὐδὲ

2069 2656 2528 2728 στραγγαλιῶδεςο
2569 2656 2707 2712 ἀλλά
2737 2656 2806 2714 τὰ
2857 2658 3034 2711 πάντα
3085 2655 3407 2727 θαυμασίως
3449 2654 3530 2718 είς
3561 2651 3664 2724 τὴν

2069 2751 2342 2822 ἡμετέραν
2384 2750 2660 2822 σωτηρίαν
2689 2751 3022 2822 γέγραπται,
3065 2749 3160 2803 καὶ
3187 2747 3551 2802 τετελείωται.
3597 2746 3663 2799 Oi

2067 2844 2124 2896 δὲ
2157 2844 2570 2915 προειρημένοι,
2617 2844 2674 2896 ἐν
2707 2842 2878 2915 ἔχθρᾳ⁴
2911 2843 3065 2905 ὄντες
3099 2840 3236 2913 πρὸς
3264 2840 3357 2894 τὺν
3395 2836 3662 2909 μονογενῆ

2069 2934 2199 2987 Υίδν
2229 2933 2323 2987 τοῦ
2351 2931 2487 2986 Θεοῦ
2522 2933 2618 2987 καὶ
2648 2933 2785 3005 πρὸς
2824 2931 2884 2986 τὸ
2916 2931 3070 3001 άγιον
3097 2930 3342 3001 Πνεῦμα,
3380 2929 3558 2983 πάντα
3585 2925 3662 2989 ὡς

2071 3022 2255 3098 ἐχθροί
2309 3022 2645 3078 διανοοῦνταί
2702 3039 2762 3075 τε
2797 3022 2892 3076 καὶ
2933 3019 3265 3092 σοφίζονται.
3304 3021 3468 3090 Ἡμῖν
3500 3017 3556 3070 δὲ
3589 3016 3664 3090 μὴ

2067 3115 2280 3185 γένοιτο
2327 3113 2695 3186 ἀνθρωπίνοις
2753 3113 3054 3186 σοφίσμασι
3117 3111 3502 3182 προσανέχειν,
3549 3105 3670 3163 ἀλλ’

2069 3205 2213 3278 ἔχειν
2235 3207 2328 3260 τὸν
2361 3206 2552 3259 ἑαυτὸν
2577 3205 2704 3259 νοῦν
2723 3206 3060 3277 ἐρρωμένον,
3087 3205 3238 3269 ὅπως
3268 3205 3360 3258 τὸν
3383 3204 3480 3276 μὲν
3503 3201 3665 3274 ἡμῶν

2073 3299 2350 3370 Δεσπότην
2392 3297 2728 3369 δοξάσωμεν,
2767 3297 2934 3369 μηδὲν
2975 3297 3032 3351 δέ
3089 3316 3142 3352 τι
3193 3297 3576 3368 ἠλαττωμένον
3608 3295 3667 3348 ἐν

2069 3389 2217 3461 αὐτῷ
2239 3389 2635 3461 διανοηθῶμεν.
2671 3389 2735 3443 Εἰ
2769 3389 2878 3461 γὰρ
2909 3391 2936 3442 ὁ
2959 3389 3028 3443 τά
3075 3391 3255 3445 πάντα
3288 3387 3462 3442 ἐλθὼν
3493 3389 3666 3441 σῶσαι

2070 3480 2182 3552 ἔχει
2231 3479 2616 3551 ἐλαττώματός
2669 3497 2721 3533 τι
2755 3481 2814 3534 ἐν
2860 3480 3063 3551 ἐαυτῷ,
3107 3480 3226 3544 πῶς
3285 3478 3593 3550 σωθήσεται
3629 3479 3664 3548 ή

2070 3572 2246 3636 κτίσις
2277 3573 2386 3625 ἀπὸ
2415 3572 2524 3626 τῶν
2561 3557 2708 3626 ἰδίων
2741 3573 3170 3644 ἐλαττωμάτων;

2143 3664 2264 3721 EA’.
2298 3665 2470 3719 Πάλιν
2521 3664 2581 3719 δέ
2625 3663 3090 3736 ἐπιλαμϐάνονται
3149 3663 3337 3734 ὥσπερ
3379 3661 3663 3716 ἀντίδικοι·

2075 3754 2196 3827 (καὶ
2228 3757 2336 3827 γάρ
2375 3757 2514 3811 εἰσιν
2560 3753 2833 3825 ’ῐουδαῖκῷ
2865 3755 3176 3828 φρονήματι
3201 3751 3535 3822 ἐγκείμενοι,
3575 3751 3667 3804 καὶ

2079 3848 2243 3920 μηδὲν
2295 3847 2518 3900 ἐκείνων
2549 3845 2930 3910 διαλάττοντες
2963 3843 3101 3916 πλὴν
3135 3843 3231 3900 τοῦ
3265 3842 3534 3914 ὀνόματος
3581 3839 3668 3910 μό-

2075 3942 2186 4010 νον)
2221 3941 2271 3993 οἰ
2321 3939 2484 3994 πάλιν
2511 3941 2644 4011 ἡμῖν
2675 3939 3002 4009 ἐπιφύοντες
3019 3939 3131 3992 νέοι
3165 3935 3428 3998 Ἰουδαῖοι,
3446 3931 3670 4004 ζητοῦν-

2073 4048 2167 4096 τες
2197 4030 2340 4086 κατὰ
2359 4029 2452 4084 τοῦ
2483 4029 2734 4101 Σωτῆρος
2761 4029 2935 4096 λέξεις
2955 4027 3127 4093 τινὰς,
3155 4027 3303 4090 ὅπως
3328 4025 3666 4094 παγιδεύσω-

2078 4143 2163 4180 σιν
2195 4123 2359 4177 αὑτὸν
2390 4123 2448 4176 ἐν
2490 4121 2654 4192 λόγῳ,
2701 4121 2885 4186 καθὼς
2911 4121 3014 4192 ἔφη
3045 4119 3108 4172 τὺ
3133 4119 3288 4188 ἅγιον
3313 4115 3664 4186 Εὑαγγὲλιον.

2078 4218 2188 4272 Καί
2205 4233 2389 4286 φασιν·
2419 4215 2644 4286 Ἔλεγεν
2670 4217 2728 4270 ἐν
2763 4214 2840 4286 τῷ
2859 4211 3099 4285 σταυρῷ·
3145 4209 3292 4277 Ἠλὶ,
3327 4209 3477 4274 Ἠλὶ.
3504 4205 3670 4278 ,1ημᾶ

2079 4311 2436 4380 σαϐαχθανί·
2474 4312 2748 4374 τουτέστι,
2781 4309 2889 4365 Θεέ
2916 4327 3058 4380 μου,
3097 4306 3205 4364 Θεέ
3230 4324 3373 4377 μου,
3401 4305 3504 4358 τινα
3519 4305 3576 4357 τί
3595 4319 3672 4373 με

2082 4404 2508 4476 ἐγκατέλιπες
2557 4406 2666 4458 Καὶ
2696 4406 2848 4476 ὁρᾷς,
2889 4403 3073 4472 φασιν,
3101 4399 3332 4476 οἰκτρῶς
3362 4397 3526 4452 αὐτὸν
3565 4413 3672 4450 πα-

2088 4494 2451 4568 ρακαλοῦντα,
2511 4497 2606 4550 καὶ
2657 4496 3085 4568 ἀποδυρόμενον,
3127 4493 3222 4548 καὶ
3253 4492 3502 4561 λέγοντα’
3541 4491 3672 4544 Ἵνα

2082 4590 2141 4643 τι
2160 4605 2238 4658 με
2265 4589 2695 4658 mercaturae;
2727 4587 2838 4642 Καὶ
2863 4589 2964 4641 οὐκ
2999 4589 3176 4642 ἴσασιν
3208 4587 3257 4640 οἰ
3303 4584 3414 4640 ἀπὸ
3447 4583 3542 4638 τοῦ
3573 4583 3668 4651 δη-

2083 4679 2342 4753 λητηρίου
2400 4681 2588 4736 τούτου
2635 4682 2736 4752 τῆς
2791 4681 2886 4735 τοῦ
2937 4681 3146 4753 Ἀρείου
3201 4677 3398 4752 μανίας
3433 4675 3672 4748 καρηϐαρ

2089 4772 2327 4844 ροῦντες,
2373 4774 2466 4828 καὶ
2494 4776 2560 4846 τῇ
2609 4773 2820 4845 διανοίᾳ
2853 4774 2951 4844 τῆς
2989 4771 3083 4826 τοῦ
3113 4771 3249 4826 Θεοῦ
3281 4771 3535 4840 γνώσεως
3565 4767 3672 4820 λει-

2085 4863 2332 4932 πόμενοι,
2367 4865 2449 4916 ὅτι
2477 4865 2560 4918 δεῖ
2589 4866 2657 4918 τὰ
2683 4864 3088 4936 ἀνθρωποπαθῆ
3141 4865 3319 4917 πάντα
3353 4864 3411 4916 ἐν
3445 4860 3528 4932 τῷ
3561 4861 3673 4912 Κυ-

2089 4955 2188 5026 ρίῳ
2216 4955 2592 5025 ὁμολογεῖσθαι
2621 4959 2680 5009 ἐν
2711 4958 2776 5027 τῇ
2804 4956 3054 5027 ἐνσάρκῳ
3070 4953 3236 5008 αὐτοῦ
3273 4953 3499 5026 ἀληθινῇ
3530 4968 3670 5021 παρ-

2085 5045 2262 5118 ουσίᾳ.
2290 5047 2400 5100 Καὶ
2423 5047 2636 5118 πρῶτοι
2673 5047 2769 5118 μὲν
2791 5047 2860 5100 τὰ
2886 5047 3014 5115 περὶ
3037 5045 3202 5099 αὑτοῦ
3247 5045 3322 5110 ὡς
3361 5042 3668 5116 φρονοῦσιν,

2087 5140 2195 5194 ἀπὸ
2218 5139 2419 5210 ἐτέρων
2441 5140 2518 5203 είς
2551 5139 2713 5210 ἕτερα
2751 5139 3168 5212 μεταπηδῶντες
3203 5137 3668 5196 ἐπιλανθάνονται,

2093 5231 2221 5302 μίαν
2265 5230 2337 5302 μὴ
2372 5233 2586 5302 ἔχοντες
2617 5231 2973 5287 κατάστασιν.
3025 5229 3149 5294 Πῶς
3189 5230 3299 5301 γὰρ
3326 5228 3580 5282 δύνανται
3623 5225 3671 5280 οἰ

2087 5330 2152 5398 τῇ
2207 5327 2414 5398 διανοίᾳ
2467 5325 2538 5397 μὴ
2571 5323 3009 5398 σωφρονοῦντες;
3043 5325 3180 5380 Ποτὲ
3217 5325 3316 5396 μὲν
3364 5323 3472 5396 γὰρ
3497 5323 3672 5392 λέγειν

2091 5419 2319 5488 Σωτῆρα
2353 5417 2632 5488 βούλονται
2682 5417 2865 5482 αὑτὸν,
2897 5419 2990 5471 καὶ
3015 5417 3240 5488 Κύριον,
3291 5417 3386 5472 καὶ
3420 5416 3671 5488 Χριστὸν,

2090 5511 2184 5563 καὶ
2212 5511 2316 5580 πρὺ
2345 5510 2563 5563 πάντων
2593 5495 2826 5576 αἰώνων,
2863 5512 2958 5563 καὶ
2991 5511 3256 5581 δεσπότην
3301 5509 3551 5580 ἀγγέλων
3579 5506 3674 5562 καὶ

2157 5630 2178 5660 ⁸
2207 5629 2366 5688 Deut.
2393 5645 2570 5697 xxx",
2604 5629 2694 5686 43.
2795 5632 2816 5663 ⁵
2851 5629 3040 5686 Matth.
3073 5646 3206 5696 xin,
3250 5629 3336 5685 15.
3432 5629 3452 5660 ⁸
3482 5625 3670 5682 Matth.
