3994 6226
322 461 432 517 505

1027 461 1396 526 ADVERSUS
1431 467 1773 526 HIERESES
1808 468 1934 526 LIB.
1973 469 2036 528 ll.
2077 469 2239 528 ΤΟΜ.
2283 469 2346 526 li.
2387 503 2454 514 —
2492 469 2765 526 IlAERES.
2796 467 2980 525 LXIX.

3473 465 3578 519 506

323 580 699 656 ἀρχαγγέλων,
727 583 793 638 δι’
826 577 887 640 οὗ
922 583 993 638 τὰ
1019 585 1116 641 ὅλα
1148 587 1454 658 γεγένηται,
1497 587 1663 659 ἀρχαί
1707 605 1766 642 τε
1815 590 1907 642 καὶ
1937 656 1938 660 η

2042 590 2311 655 :hristum,
2355 588 2719 659 omnibusque
2751 587 3086 657 superiorem
3128 583 3362 651 sazcnlis,
3394 590 3448 637 et
3477 599 3573 637 an-

320 672 589 737 ἐξουσίαι,
622 675 844 744 ἄγγελοί
875 695 934 730 τε
957 679 1051 731 καὶ
1079 678 1428 748 ἀρχάγγελοι,
1450 679 1688 750 οὐρανοὶ,
1720 679 1814 732 καὶ
1841 679 1911 733 τὰ

2042 685 2252 742 elorum
2285 692 2446 752 atque
2493 681 2941 750 archangelorum
2969 678 3267 741 dominmn,
3294 693 3388 750 per
3415 692 3579 745 quem

324 763 528 828 πάντα,
566 767 636 836 γῆ
685 783 745 819 τε
782 768 875 820 καὶ
922 769 1122 833 πάντες
1166 769 1462 841 ἄνθρωποι,
1493 771 1586 824 καὶ
1613 770 1789 824 πάντα
1842 771 1912 824 τὰ

2042 773 2194 828 »ιιιιιίιι
2225 773 2445 828 condita
2485 780 2634 837 sunt,
2675 770 3011 841 principatus
3035 771 3240 825 scilicet
3263 777 3317 824 ct
3341 775 3578 839 potesta-

323 855 424 908 ἐπὶ
446 858 568 927 γῆς,
610 858 854 913 θάλασσά
906 878 966 914 τε
993 861 1086 914 καὶ
1117 861 1184 914 τὰ
1207 863 1263 914 ὲν
1307 863 1466 933 αὐτῇ.
1507 865 1615 915 Καὶ
1638 861 1682 915 ὣ
1713 863 1913 932 πολλῆς

323 947 670 1020 ἠλιθιότητος
698 951 805 1004 τῶν
830 950 900 1004 τὰ
935 951 1163 1008 τοιαῦτα
1197 955 1323 1024 περὶ
1355 952 1520 1006 αὐτοῦ
1561 953 1910 1019 δοξαζόντων,

326 1045 427 1091 καὶ
459 1040 694 1095 ἐνταῦθα
730 1043 806 1113 μὴ
835 1042 1117 1107 νοούντων,
1147 1045 1229 1098 ὅτι
1261 1047 1322 1098 οὐ
1363 1045 1585 1099 δύναται
1619 1046 1646 1097 6
1675 1045 1780 1118 πρὸ
1807 1044 1914 1098 τῶν

327 1130 547 1184 αἰώνων
578 1133 719 1187 κατὰ
744 1135 840 1206 τὴν
873 1136 1036 1189 αὑτοῦ
1062 1137 1308 1207 θεότητα,
1341 1137 1406 1191 δι’
1441 1133 1500 1192 οὗ
1525 1141 1554 1191 6
1582 1137 1808 1208 οὐρανὸς
1825 1137 1918 1191 καὶ

329 1225 410 1293 γῆ
437 1226 747 1297 γεγένηται,
782 1229 999 1296 ἄγγελοί
1029 1247 1088 1281 τε
1119 1230 1213 1282 καὶ
1238 1232 1583 1302 ἁρχάγγελοι,
1609 1231 1702 1284 καὶ
1737 1231 1941 1296 ἅπαξ-ι

331 1314 526 1378 απλῶς
561 1315 628 1368 τὰ
660 1316 969 1386 σύμπαντα,
1013 1318 1186 1390 ὀρατὰ
1214 1337 1275 1372 τε
1311 1321 1405 1373 καὶ
1454 1319 1661 1392 ἀόρατα
1715 1320 1917 1390 ταύτην

336 1405 441 1477 τὴν
468 1407 650 1479 φωνὴν
679 1409 742 1462 ἐκ
768 1408 1058 1481 προσώπου
1088 1412 1186 1482 τῆς
1215 1411 1379 1464 αὐτοῦ
1417 1412 1667 1482 θεότητος
1699 1412 1876 1481 λέγειν
1901 1429 1914 1442 ·

342 1497 450 1552 Θεέ
472 1517 612 1568 μου,
632 1499 737 1554 Θεέ
759 1518 901 1570 μου,
930 1502 1030 1556 ἵνα
1050 1503 1107 1556 τί
1119 1519 1197 1572 με
1221 1503 1606 1572 ἐγκατέλιπες
1621 1520 1639 1567 ;

2017 870 2116 924 tes,
2159 861 2334 932 angeli
2373 868 2426 916 et
2459 859 2793 930 archangeli,
2835 859 2960 913 caeli
3006 868 3059 912 et
3101 875 3220 928 quae
3255 859 3306 911 in
3343 858 3410 911 iis
3453 864 3582 911 sunt

2019 953 2292 1013 universa.
2339 967 2550 1006 necnon
2589 958 2641 1005 et
2685 957 2834 1004 terra
2883 965 3007 1003 cum
3057 949 3308 1003 omnibus
3345 945 3581 1001 hornini-

2021 1047 2142 1111 bus,
2181 1046 2355 1116 iisque
2384 1059 2503 1114 quae
2539 1045 2592 1097 in
2623 1052 2766 1098 terra
2794 1053 2953 1101 sunt;
2992 1057 3054 1095 ac
3084 1040 3317 1109 denique
3344 1053 3491 1093 mare
3528 1046 3582 1092 et

2019 1154 2139 1209 quae
2169 1137 2306 1192 mari
2347 1135 2716 1192 continentur.
2758 1133 2802 1189 Ο
2832 1133 3200 1188 incredibilem
3233 1146 3418 1186 eorum
3449 1130 3583 1184 stul-

2021 1231 2213 1294 titiam,
2248 1229 2340 1300 qui
2375 1244 2499 1284 cum
2532 1229 2605 1282 ita
2647 1227 2714 1283 de
2756 1228 2850 1282 illo
2889 1225 3146 1283 sentiant,
3179 1223 3232 1277 in
3265 1223 3436 1276 altero
3477 1237 3586 1274 non

2021 1321 2226 1384 vident,
2259 1320 2370 1375 lieri
2396 1334 2504 1374 non
2533 1334 2716 1389 posse,
2749 1325 2807 1372 ut
2828 1318 2920 1387 qui
2951 1316 3231 1371 divinitate
3265 1329 3362 1368 sua
3388 1313 3586 1366 saecula

2021 1409 2306 1466 antecedat
2331 1409 2534 1472 omnia,
2566 1408 2658 1478 qui
2694 1408 2894 1462 cmlum
2953 1415 3265 1474 terramque
3289 1403 3588 1461 fabricat-it.

2021 1510 2074 1556 et
2127 1501 2346 1572 angelos
2373 1541 2388 1567 ,
2419 1505 2582 1569 atque
2619 1497 2996 1568 archangelos,
3039 1504 3113 1562 et,
3165 1503 3224 1549 ut
3275 1507 3384 1547 uno
3430 1491 3590 1546 verbo

340 1584 546 1656 dicam,
597 1595 780 1647 omnia
817 1600 927 1648 tam
971 1611 1091 1665 quae
1138 1597 1488 1666 aspectabilia
1543 1605 1692 1658 sunt.
1747 1612 1909 1666 quam
1945 1611 2067 1665 quae
2087 1603 2366 1666 aspectum
2399 1592 2633 1665 fugiunt,
2666 1592 2712 1645 is
2743 1597 2819 1654 ut,
2881 1590 3125 1659 inquam,
3181 1583 3452 1656 ejusmodi
3501 1597 3591 1637 vo-

341 1693 462 1734 cem
480 1696 542 1736 ex
566 1697 794 1751 persona
828 1698 940 1738 suae
967 1685 1268 1740 divinitatis
1289 1685 1560 1741 ediderit:
1607 1686 1746 1742 Deus
1787 1703 1952 1752 meus,
2009 1685 2150 1740 Deus
2199 1701 2365 1749 meus,
2408 1694 2466 1738 ut
2512 1682 2636 1752 quid
2680 1681 3006 1752 dereliquisti
3054 1680 3176 1732 me?

418 1772 553 1825 Πότε
581 1773 690 1843 γὰρ
720 1775 1112 1846 ἐγκατελείφθη
1141 1777 1266 1839 Υἱὸς
1295 1777 1400 1830 ἀπὸ
1424 1778 1665 1849 Πατρός;
1705 1777 1833 1830 πότε
1861 1776 1918 1829 δὲ

343 1861 444 1932 οὐχ
474 1863 502 1915 6
550 1860 674 1925 Υἱὸς
705 1866 761 1916 ὲν
798 1863 874 1934 τῷ
907 1867 1102 1938 Πατρὶ,
1134 1868 1228 1921 καὶ
1254 1869 1281 1919 6
1312 1867 1499 1940 Πατὴρ
1523 1870 1580 1920 ὲν
1611 1867 1756 1938 Titi);
1805 1867 1926 1920 Ἐπὶ

484 1954 580 2020 μὲν
608 1923 715 2024 γάρ
735 1957 762 2007 6
787 1923 931 2020 Υέὺς,
965 1923 1104 2010 xiiii
1133 1958 1264 2022 Θεὸς
1290 1923 1930 2030 A610£'§56ﬁxei,'obpa—
1961 1923 2000 1978 Β

345 2041 442 2095 νοῦ
478 2043 533 2095 δὲ
554 2043 776 2113 ἥπτετο,
814 2047 908 2100 καὶ
929 2046 1130 2111 πάντες
1152 2047 1336 2118 ἐχθροὶ
1361 2047 1694 2120 ἐπληροῦντο
1719 2051 1816 2120 τῆς
1837 2048 1928 2101 αὺ-

345 2133 442 2186 τοῦ
470 2133 646 2205 δόξης.
697 2137 806 2189 Καὶ
840 2140 898 2191 ὲν
939 2139 1128 2210 Μαρίᾳ
1173 2138 1459 2209 ἐτύγχανε,
1508 2140 1603 2193 καὶ
1648 2139 1932 2211 ἄνθρωπος

345 2226 587 2292 ἐγένετο,
635 2227 772 2281 ἀλλὰ
811 2232 880 2299 τῇ
912 2229 1139 2299 δυνάμει
1189 2228 1355 2283 αὐτοῦ
1403 2229 1640 2300 ἐπλήρου
1674 2229 1744 2283 τὰ
1789 2227 1930 2298 σύμ-

347 2332 550 2372 παντα.
583 2318 706 2383 Πῶς
740 2314 832 2372 οὖν
861 2322 888 2372 ὁ
921 2319 1161 2382 τοιοῦτος
1186 2321 1278 2374 καὶ
1309 2321 1625 2390 τηλικοῦτος
1651 2320 1791 2374 κατὰ
1835 2320 1934 2390 τὴν

347 2408 516 2462 αὐτοῦ
547 2409 798 2480 θεότητα,
846 2410 1079 2481 οἰκτρῶς
1125 2409 1330 2479 ἔλεγεν·
1384 2411 1524 2475 Ἠλὶ,
1569 2410 1719 2475 Ἠλὶ,
1772 2411 1936 2480 λημᾶ

347 2500 724 2568 σαϐαχθανί;
760 2501 1025 2562 τουτέστι,
1081 2502 1187 2556 Θεέ
1235 2520 1376 2571 μου,
1435 2502 1540 2556 Θεέ
1577 2520 1716 2572 μου,
1756 2502 1855 2555 ἵνα
1879 2501 1938 2554 τι

347 2584 744 2654 ἐγκατέλιπές
785 2605 899 2658 ys;
956 2590 1130 2642 καίτοι
1195 2589 1361 2644 αὐτοῦ
1422 2591 1686 2659 λέγοντος
1745 2590 1937 2645 Πάλιν

349 2677 705 2748 ἀπέρχομαι,
762 2679 858 2733 καὶ
903 2683 1013 2734 οὐκ
1040 2681 1192 2749 ciwa
1241 2681 1395 2751 ὑμᾶς
1426 2682 1744 2751 ὀρφανοὺς,
1797 2683 1935 2737 ἀλλ’

351 2770 603 2835 ἔρχομαι
643 2770 794 2838 πρὸς
827 2770 1002 2840 ὑμᾶς.
1035 2771 1144 2826 Καὶ
1175 2772 1336 2826 πάλιν
1372 2772 1542 2844 ἑτέρῳ
1584 2773 1734 2844 τόπῳ
1766 2773 1933 2841 λέγει’

367 2855 560 2924 Ἀμὴν
577 2857 736 2926 λέγω
763 2858 923 2927 ὑμῖν·
948 2859 1176 2927 Πάντες
1215 2861 1384 2931 ὑμεῖς
1408 2860 1935 2931 σκανδαλισθήσε-

355 2949 469 3000 σθε
491 2946 560 2999 ἐν
591 2945 667 3016 τῇ
693 2948 863 3003 ¹νυκτὶ
896 2950 1080 3020 ταύτῃ
1124 2953 1194 3007 ἐν
1239 2953 1389 3022 ἐμοὶ,
1417 2953 1516 3007 καὶ
1545 2951 1938 3023 καταλείψετέ

351 3056 434 3107 με
477 3039 699 3107 πάντες
743 3044 950 3111 μόνον.
1003 3045 1166 3099 Ἀλλ’
1212 3047 1322 3099 οὐκ
1381 3045 1499 3114 εἰμὶ
1543 3047 1751 3115 μόνος,
1803 3045 1938 3100 ἀλλ’

358 3128 493 3181 ἔστι
517 3132 644 3197 μετ’
679 3130 822 3198 ἐμοῦ
864 3135 896 3185 ό
935 3133 1234 3201 γεννήσας
1258 3152 1334 3204 με
1365 3135 1583 3204 Πατήρ·
1615 3137 1708 3189 καὶ
1757 3137 1936 3190 πάλινο

2094 1774 2447 1842 Quandonam
2462 1775 2605 1828 etiim
2625 1789 2654 1826 ει
2671 1771 2830 1826 Patre
2849 1771 3141 1827 derelictus
3155 1775 3240 1824 est
3267 1764 3476 1820 Filius?
3505 1778 3600 1822 aut

2029 1866 2245 1936 quando
2267 1881 2372 1921 non
2399 1865 2454 1919 in
2473 1864 2632 1918 Patre
2647 1863 2820 1918 Filius
2857 1861 3087 1926 exstitit,
3105 1869 3160 1915 et
3175 1858 3335 1914 Pater
3358 1857 3410 1910 in
3431 1854 3604 1908 Filio?

2029 1957 2236 2012 Etenim
2254 1971 2376 2012 cum
2396 1956 2486 2010 ille
2514 1956 2630 2024 ipse
2659 1953 2850 2018 Filius,
2873 1968 2938 2008 ac
2960 1951 3103 2008 Deus
3129 1950 3362 2006 Verbum
3384 1948 3596 2002 interra

2028 2049 2384 2116 consisteret,
2417 2047 2616 2102 caelum
2653 2047 2870 2101 interim
2916 2043 3236 2114 attingebat,
3272 2047 3326 2096 et
3351 2037 3597 2092 inimicos

2028 2156 2218 2195 omnes
2249 2139 2435 2211 gloria:
2453 2154 2566 2194 suae
2581 2137 2872 2209 splendore
2893 2135 3219 2206 complebat.
3251 2131 3316 2185 Et
3345 2131 3399 2184 in
3422 2128 3600 2183 Mariae

2029 2231 2248 2303 quidem
2289 2239 2445 2286 utero
2473 2231 2770 2286 conclusus
2801 2236 2940 2292 erat,
2985 2242 3049 2282 ac
3077 2232 3329 2281 naturam
3367 2220 3601 2276 hominis

2032 2324 2312 2390 induebat,
2352 2323 2456 2380 sed-
2477 2325 2679 2378 virtute
2702 2337 2800 2379 sua
2824 2321 3064 2391 replebat
3092 2319 3368 2374 universa.
3399 2315 3599 2370 Potuit-

2032 2431 2101 2470 ne
2137 2414 2264 2469 talis
2293 2429 2357 2468 ac
2401 2421 2588 2469 tantus
2621 2414 2738 2470 haec
2775 2429 2840 2468 ex
2875 2411 3180 2467 divinitatis
3229 2423 3464 2479 persona
3492 2415 3602 2461 tam

2034 2508 2280 2579 lugubria
2329 2507 2542 2562 dicere:
2585 2505 2694 2571 Eli,
2733 2505 2838 2569 Eli,
2885 2506 3078 2559 lemma
3105 2501 3459 2556 sabaethani?
3504 2501 3604 2554 hoc

2033 2607 2140 2664 est,
2181 2598 2314 2653 Deus
2345 2615 2512 2662 meus,
2555 2597 2698 2653 Deus
2726 2614 2892 2660 meus,
2923 2612 3085 2667 quare
3112 2594 3439 2664 dereliquisti
3489 2593 3606 2647 me!

2037 2691 2341 2746 Praesertim
2373 2706 2495 2745 cum
2527 2689 2618 2744 ille
2666 2691 2781 2759 ipse
2817 2688 3082 2744 dixisset:
3111 2685 3313 2742 Iterum
3347 2685 3504 2749 vado,
3559 2694 3607 2738 et

2037 2799 2141 2838 non
2181 2783 2473 2852 relinquam
2518 2798 2604 2836 vos
2663 2781 2960 2849 orplzanos;
3014 2781 3103 2834 sed
3149 2779 3294 2834 venio
3339 2778 3408 2831 ad
3453 2793 3538 2831 vos
3565 2777 3605 2829 ³.

2037 2873 2174 2928 Tum
2213 2875 2321 2928 alio
2349 2875 2505 2928 loco:
2541 2872 2702 2926 Amen
2733 2872 2852 2926 dico
2887 2870 3069 2925 vobis:
3098 2870 3291 2926 Omnes
3326 2887 3414 2923 vos
3458 2885 3608 2922 scan-

2036 2964 2218 3018 dalum
2255 2964 2526 3033 patiemini
2582 2963 2680 3017 hac
2717 2973 2865 3018 nocte
2895 2964 2948 3016 in
2980 2979 3078 3028 me,
3107 2971 3156 3016 et
3189 2963 3488 3031 relinquetis
3533 2977 3610 3014 me

2038 3057 2254 3111 solum“.
2278 3055 2395 3126 Ego
2428 3064 2602 3110 autem
2634 3072 2735 3108 non
2777 3071 2894 3109 sum
2938 3054 3082 3108 solus
3106 3093 3120 3118 ,
3153 3054 3243 3107 sed
3271 3061 3348 3107 est
3379 3067 3574 3105 mecum
3596 3093 3610 3116 ,

2040 3147 2129 3214 qui
2163 3148 2336 3217 genuit
2366 3163 2445 3201 me
2477 3145 2638 3199 Pater
2659 3148 2701 3200 ⁵.
2736 3146 2866 3200 item
2897 3161 2914 3201 :
2957 3145 3126 3207 Vada,
3155 3155 3202 3198 et
3234 3144 3440 3197 mittam
3471 3143 3611 3198 vobis

377 3220 754 3324 :Aaépzoltat,
785 3224 882 3278 καὶ
937 3223 1253 3279 ἀποστελῶ
1303 3226 1446 3297 ὑμῖν
1485 3226 1550 3280 τὸ
1576 3226 1821 3296 Πνεῦμα
1871 3228 1937 3282 τὸ

2045 3237 2302 3306 Spiritum
2345 3249 2608 3304 sanctum,
2643 3241 2732 3309 qui
2761 3257 2791 3292 α
2829 3238 2991 3293 Patre
3021 3237 3274 3307 procedit,
3317 3246 3365 3291 et
3409 3239 3472 3289 de
3504 3252 3613 3287 meo

361 3313 555 3381 ἅγιον,
600 3313 666 3365 τὸ
699 3313 766 3365 ἐκ
799 3314 904 3368 τοῦ
948 3315 1178 3384 Πατρός
1227 3317 1718 3387 ἐκπορευόμενον,
1743 3318 1840 3371 καὶ
1875 3319 1938 3373 τὸ

2044 3330 2231 3396 accipit
2255 3331 2296 3384 ⁸.
2327 3329 2454 3384 Item
2487 3329 2612 3383 alibi
2640 3349 2652 3383 :
2683 3329 2790 3400 Ego
2839 3330 3011 3398 pulso,
3042 3339 3091 3383 et
3121 3329 3166 3383 si
3195 3328 3311 3398 quis
3353 3328 3614 3396 aperuerit

363 3404 511 3472 ἐμοῦ
563 3405 890 3474 λαμϐάνον·
935 3407 1027 3460 καὶ
1087 3408 1245 3462 πάλιν
1299 3410 1356 3462 ὲν
1397 3410 1540 3480 ἄλλῳ
1585 3410 1754 3481 τόπῳ·
1803 3410 1944 3479 Ἐγὼ

365 3494 581 3562 κρούω,
632 3495 730 3548 καὶ
773 3495 882 3550 ἐάν
924 3498 1014 3563 τίς
1050 3517 1153 3568 μοι
1205 3499 1450 3569 ἀνοίξῃ,
1483 3501 1946 3570 εἰσελευσόμεθα

363 3585 518 3653 πρὸς
555 3587 741 3641 αὐτὸν
800 3589 914 3658 ἐγὼ
951 3590 1050 3644 καὶ
1102 3595 1135 3646 ό
1183 3591 1383 3663 Πατήρ
1427 3611 1562 3661 μου,
1615 3595 1713 3647 καὶ
1746 3593 1948 3664 μονὴν

364 3676 704 3746 ποιήσομεν
736 3681 1065 3749 πιῑράὐτῷο
1095 3682 1169 3746 ὡς
1201 3683 1364 3737 αὐτοῦ
1418 3687 1481 3737 ὲκ
1505 3685 1597 3738 τοῦ
1623 3687 1832 3758 Πατρὸς
1871 3687 1945 3757 μὴ

366 3768 1002 3842 ὲγκαταλιμπανομένου,
1055 3772 1130 3837 ὡς
1174 3775 1268 3827 καὶ
1325 3777 1354 3827 6
1397 3776 1586 3848 Πατὴρ
1616 3778 1701 3831 ἀεὶ
1744 3777 1837 3830 σὺν
1870 3776 1948 3847 τῷ

369 3856 507 3927 Υἱῷ,
540 3859 617 3917 ὡς
639 3859 733 3911 τοῦ
758 3861 912 3928 ἁγίου
949 3862 1267 3933 Πνεύματος
1296 3865 1390 3918 σὺν
1410 3867 1522 3918 Πατ
1534 3868 1584 3937 pl
1618 3865 1710 3919 καὶ
1741 3865 1874 3937 Υἱῷ.

437 3950 559 4006 EB’.
593 3951 658 4003 Ti
693 3948 806 4018 οὖν,
855 3954 1040 4022 φασὶν,
1084 3954 1231 4007 ἔστιν
1255 3955 1283 4006 6
1325 3955 1479 4024 λόγος
1504 3949 1657 4020 οὗτος
1685 3956 1743 4009 ὃν
1773 3953 1948 4026 εἶπεν,

367 4043 454 4095 ὃτι
487 4043 592 4096 Θεέ
617 4061 752 4111 μου,
790 4044 895 4100 Θεέ
913 4049 1055 4115 μου,
1085 4047 1187 4100 ἵνα
1208 4049 1264 4101 τί
1286 4066 1362 4117 με
1388 4049 1808 4118 ἐγκατέλιπες;
1830 4051 1948 4103 Τίνι

366 4133 428 4185 δὲ
455 4133 517 4186 οὐ
555 4134 724 4203 σαφὲς
763 4137 869 4206 εἴη,
898 4138 977 4190 ὅτι
1005 4138 1115 4192 ἀπὸ
1153 4138 1445 4210 προσώπου
1479 4139 1578 4210 τῆς
1604 4141 1769 4194 αὑτοῦ
1797 4142 1950 4195 ἐνανο

371 4225 711 4296 θρωπήσεως
737 4228 1178 4298 ἀνθρωποπαθῶς
1203 4231 1563 4300 προϐάλλεται
1582 4231 1642 4285 τὸ
1665 4232 1846 4303 (ima;
1886 4233 1951 4287 Ἦ

370 4315 485 4385 γὰρ
511 4317 674 4369 αὑτοῦ
716 4318 1127 4391 ὲνανθρώπησις
1163 4321 1224 4374 οὐ
1264 4324 1383 4374 κατ’
1417 4322 1550 4375 ἰδίαν
1581 4340 1666 4386 τις
1697 4319 1848 4377 οὖσα.
1875 4324 1949 4376 Οὐ

371 4407 483 4477 γὰρ
511 4408 1032 4480 ἀποκεχωρισμένης
1055 4410 1156 4481 τῆς
1182 4411 1450 4482 θεότητος,
1477 4415 1570 4466 καὶ
1591 4413 1758 4483 χωρὶς
1785 4412 1951 4484 οὔσης

371 4495 477 4567 τῆς
519 4498 986 4570 ὲνανθρωπήσεως
1035 4501 1241 4569 ἔλεγεν,
1296 4502 1372 4562 ὡς
1420 4502 1581 4557 ἄλλου
1627 4505 1720 4556 καὶ
1767 4504 1947 4557 ἄλλου·

2044 3414 2171 3468 mihi
2198 3415 2241 3478 ",
2270 3413 2622 3484 ingrediantur
2668 3415 2736 3467 ad
2778 3415 2950 3484 ipsum
2997 3429 3088 3483 ego
3137 3421 3186 3466 et
3236 3411 3398 3465 Pater
3451 3427 3614 3473 meus,

2044 3516 2090 3560 et
2122 3507 2447 3560 mansionem
2476 3505 2615 3573 apud
2646 3505 2796 3559 illum
2848 3505 3102 3574 faciemus
3136 3505 3192 3555 δε
3221 3502 3387 3572 789
3427 3509 3484 3554 ιιι
3515 3502 3617 3556 hoc

2048 3597 2438 3667 intelligamus,
2463 3613 2734 3668 nusquam
2764 3598 2914 3652 illum
2947 3612 2976 3652 a
3011 3596 3172 3652 Patre
3199 3596 3398 3657 deseri,
3430 3609 3613 3663 quem-

2050 3687 2344 3742 admodum
2377 3697 2431 3742 et
2462 3687 2619 3743 Pater
2643 3704 2767 3742 cum
2804 3687 2965 3751 Filio,
2997 3698 3048 3742 et
3076 3703 3199 3740 cum
3230 3694 3460 3755 utroque
3492 3699 3616 3753 per-

2049 3787 2212 3849 petuo
2256 3777 2491 3848 Spiritus
2521 3789 2745 3834 sanctus
2774 3790 2877 3835 est.

2121 3951 2277 4007 LXII.
2319 3952 2461 4019 Quid
2508 3953 2695 4024 igitur,
2750 3953 3031 4024 inquiunt,
3085 3951 3304 4006 tandem
3354 3948 3458 4004 sibi
3509 3948 3622 4002 vult

2051 4060 2152 4098 vox
2196 4044 2341 4097 illius
2375 4062 2388 4097 :
2421 4043 2561 4099 Deus
2596 4060 2761 4106 meus,
2795 4043 2929 4097 Deus
2949 4059 3114 4105 meus,
3136 4058 3297 4111 quare
3329 4057 3409 4094 me
3435 4039 3623 4093 dereli-

2050 4136 2250 4205 quisti?
2288 4135 2354 4188 Et
2403 4136 2528 4205 quis
2568 4151 2677 4190 non
2718 4135 2864 4190 videt
2893 4152 2962 4190 ex
2991 4134 3228 4188 hominis
3257 4147 3489 4202 persona
3541 4141 3624 4184 at-

2051 4241 2157 4294 que
2200 4217 2440 4278 humano
2483 4238 2635 4278 more
2659 4231 2714 4279 et
2740 4222 2933 4279 aﬂ‘ectu
2970 4230 3292 4291 usurpatum
3321 4221 3468 4274 hunc
3501 4235 3624 4274 esse

2052 4316 2402 4373 sermonem?
2439 4316 2687 4371 Humana
2710 4317 2910 4386 quippe
2941 4314 3143 4370 Christi
3177 4321 3372 4367 natura
3404 4312 3626 4365 minime

2052 4418 2298 4480 separata
2328 4425 2424 4480 per
2457 4424 2580 4464 sese
2608 4416 2713 4464 est.
2768 4407 2958 4477 Neque
3005 4408 3147 4462 enim
3195 4405 3341 4460 velut
3384 4420 3447 4459 ex
3503 4419 3627 4474 per-

2053 4517 2186 4556 sona
2219 4501 2446 4557 seorsim
2482 4501 2800 4556 cxsistentis
2833 4499 3137 4554 divinitatis
3168 4506 3263 4551 aut
3321 4495 3626 4550 humanita-

372 4587 515 4640 ἀλλὰ
557 4589 946 4661 συνηνωμένης
976 4593 1077 4662 τῆς
1113 4592 1573 4664 ὲνανθρωπήσεως
1604 4598 1671 4665 τῇ
1712 4594 1938 4665 θεότητι,

2057 4592 2127 4647 tis
2157 4591 2260 4646 ista
2289 4591 2528 4655 dicebat,
2553 4589 2713 4659 quasi
2744 4588 2891 4643 aliud
2921 4597 2975 4642 et
3003 4586 3150 4640 aliud
3181 4586 3435 4656 quiddam
3467 4586 3626 4638 ambo

379 4680 510 4747 μιᾶς
539 4676 706 4749 οὔσης
728 4680 1034 4747 ἁγιαστίας,
1067 4681 1158 4734 καὶ
1180 4681 1277 4751 ἤδη
1307 4683 1364 4734 ὲν
1393 4682 1528 4752 αὐτῇ
1555 4683 1622 4735 τὰ
1641 4682 1952 4737 τελειότατα

377 4769 765 4839 ἐπισταμένης,
803 4765 890 4822 οἷα
929 4771 992 4841 δὴ
1032 4772 1088 4823 ὲν
1133 4771 1251 4841 Θεῷ
1290 4772 1701 4846 συνηνωμὲνῃ¹,
1747 4775 1840 4827 καὶ
1869 4775 1950 4839 εἰς

361 4858 494 4928 μίαν
523 4855 753 4928 θεότητα.
792 4856 1135 4928 συνημμένῃ,
1167 4857 1353 4928 ὁρῶσα
1381 4859 1483 4930 ἤδη
1524 4859 1624 4930 τὴν
1669 4859 1902 4934 θεότητα
1925 4865 1947 4896 ²

359 4947 478 5026 (99)
510 4950 609 5004 σὺν
646 4953 712 5022 τῇ
765 4950 931 5020 ψυχῆ·
960 4949 1287 5020 κινουμένην
1316 4951 1410 5004 ἐπὶ
1438 4952 1498 5005 τὸ
1527 4953 1853 5025 καταλεῖψαι
1885 4953 1948 5011 τδ

379 5033 534 5100 ᾶγιον
564 5034 724 5105 σῶμα
757 5036 864 5089 ἀπὸ
905 5037 1193 5107 προσώπου
1213 5040 1378 5093 αὐτοῦ
1409 5041 1504 5096 τοῦ
1541 5043 1819 5114 Κυριακοῦ
1855 5045 1949 5098 ἀν·

378 5123 622 5195 θρώπου,
649 5129 894 5182 τουτέστι
918 5130 1014 5200 τῆς
1036 5131 1197 5185 αὐτοῦ
1223 5134 1952 5206 ὲνανθρωπήσεως.Ἦμελλε

378 5217 486 5287 γὰρ
513 5217 547 5286 ἡ
575 5216 766 5288 θεότης
797 5219 1036 5274 τελειοῦν
1067 5222 1137 5276 τὰ
1165 5224 1362 5288 πάντα,
1395 5225 1464 5278 τὰ
1493 5226 1634 5280 κατὰ
1659 5228 1720 5280 τὸ
1747 5229 1941 5300 μυστή-

379 5323 494 5375 ριον
529 5306 623 5361 τοῦ
658 5309 884 5374 πάθους,
921 5313 1015 5365 καὶ
1044 5313 1140 5366 σὺν
1163 5317 1228 5386 τῇ
1261 5314 1406 5387 ψυχῇ
1447 5316 1725 5370 κατελθεῖν
1759 5319 1852 5372 ἐπὶ
1881 5318 1950 5372 τὰ

469 5461 483 5490 ¹
516 5459 646 5542 [:cg.
672 5465 1080 5542 σμγ-ηνωμένουΑ
1097 5473 1153 5542 et
1195 5469 1536 5542 cev-nuperi].
1662 5469 1722 5524 F.
1753 5470 1936 5540 ὁρῶσα
1961 5470 2018 5542 δὲ
2054 5471 2174 5542 ἤδη.

2058 4682 2268 4744 forent,
2305 4681 2399 4735 sed
2433 4682 2512 4736 sic
2539 4689 2799 4749 tanquam
2851 4693 2976 4732 eum
3019 4676 3304 4730 divinitate
3336 4675 3628 4742 conjuncta

2053 4779 2199 4829 esset
2223 4771 2458 4827 hominis
2496 4779 2689 4825 natura
2720 4791 2732 4824 :
2770 4770 2905 4824 adeo
2935 4779 2991 4822 nt
3026 4783 3130 4822 una
3170 4768 3456 4836 utriusque
3494 4782 3621 4820 san-

2055 4863 2265 4920 ctitudo
2296 4863 2458 4929 foret,
2499 4864 2730 4932 ipsaque
2761 4860 2999 4916 hominis
3028 4867 3225 4914 natura
3258 4860 3310 4912 in
3343 4858 3624 4911 divinitate

2054 4955 2448 5026 perfectissima
2510 4971 2738 5026 quaeque
2801 4960 3182 5024 cognosceret,
3249 4958 3436 5020 utpote
3502 4963 3623 5001 rum

2055 5045 2162 5100 Deo
2191 5047 2463 5116 copulata,
2511 5055 2564 5101 et
2608 5047 2662 5101 in
2705 5061 2870 5100 unam
2907 5045 3224 5099 consociata
3255 5042 3620 5095 divinitatem.

2054 5135 2184 5203 Quae
2218 5153 2342 5191 cum
2378 5137 2519 5192 hanc
2546 5138 2719 5207 ipsam
2747 5135 3092 5190 divinitatem
3121 5150 3243 5188 cum
3273 5134 3452 5186 anima
3479 5130 3628 5183 velut

2051 5228 2107 5282 in
2159 5230 2440 5297 procinctu
2499 5230 2736 5298 quodam
2794 5243 2918 5284 esse
2967 5227 3197 5289 videret,
3240 5233 3298 5278 ut
3342 5220 3625 5278 sanctissi-

2054 5338 2201 5374 mum
2268 5337 2469 5392 corpus
2544 5321 2898 5390 relinqueret,
2953 5334 3017 5371 ex
3066 5315 3335 5369 Dominici
3392 5312 3628 5366 hominis

2281 5473 2300 5502 ³
2322 5472 2478 5526 Joan.
2513 5489 2620 5538 xw,
2654 5472 2740 5526 l8.
2816 5472 2837 5503 ⁸
2866 5469 3054 5524 Matth.
3085 5483 3227 5530 nrt,
3253 5468 3339 5522 3|.
3418 5466 3439 5496 ⁸
3467 5463 3628 5519 Joan.

378 5543 490 5595 xw,
527 5531 620 5586 52.
693 5535 715 5564 ⁸
739 5531 899 5588 leam
937 5551 1024 5600 xv,
1052 5536 1151 5602 26;
1189 5531 1410 5603 μυξη,
1440 5531 1523 5592 υἷ’.
1598 5541 1618 5570 ⁷
1654 5531 1820 5609 Apoc.
1851 5556 1934 5608 ιιι,

2076 5531 2086 5542 ’
2123 5531 2152 5573 θ’
2175 5541 2333 5598 Joan.
2365 5559 2475 5607 xw,
2505 5544 2593 5597 25.

449 5709 562 5778 (99)
613 5708 853 5780 Ὁρῶσαί
880 5708 994 5779 ἤδη
1040 5712 1154 5780 τὴν
1193 5713 1460 5779 θεότητα.
1511 5714 1816 5770 Prudenter
1858 5715 1948 5770 hic

371 5782 533 5860 locus
572 5779 928 5860 explicandus
980 5779 1244 5860 estQhfon
1276 5785 1437 5860 _enim
1480 5786 1664 5860 soluta
1701 5793 1784 5860 est
1825 5795 1950 5860 post

377 5858 610 5905 mortem
657 5853 904 5920 corporis
945 5868 1067 5907 cum
1119 5853 1404 5909 divinitate
1455 5853 1947 5922 conjnm-'tio;'scd

2058 5717 2201 5788 quod
2235 5719 2416 5788 anima
2452 5718 2670 5788 vitaque
2709 5715 3033 5770 dcslitututn
3074 5721 3180 5788 cs_t_,
3224 5713 3292 5766 ab
3347 5711 3465 5783 ipsa
3492 5724 3631 5781 (μισ-ο

2059 5783 2353 5842 dammodo
2386 5783 2669 5842 divinitate
2707 5800 2910 5855 corpus
2946 5791 3032 5840 est
3072 5783 3342 5838 relictum.
