3994 6226
378 444 478 498 ἴιῡἸ

1743 444 1799 502 S.
1846 444 2186 501 EPiPllANll

3529 442 3635 497 '08

3538 463 3554 473 ρ.

3529 479 3557 493 .1

3538 463 3554 473 φ.

3528 479 3557 493 Ou

378 580 631 634 persona,
664 566 767 619 hoc
791 572 875 619 est
897 564 1145 621 humana:
1172 574 1380 622 naturis
1402 583 1431 621 a
1450 565 1630 623 Verbo
1650 577 1955 638 susceptae:
1988 618 1995 633 ι

2062 569 2391 640 καταχθόνια
2430 571 2522 623 ἐπὶ
2565 570 2626 623 τὸ
2657 568 2997 641 ἐργάσασθαι
3030 567 3129 639 τὴν
3160 566 3274 619 ἐκεῖ
3295 564 3405 619 τῶν
3435 579 3639 637 προκε-

378 658 579 727 quippe
627 657 889 712 divinitas
931 659 1117 712 omnia
1159 674 1281 729 qua:
1322 659 1390 714 ad
1439 660 1712 730 passionis
1757 669 1958 731 myste¢

377 749 519 801 rium
554 749 859 805 attinebant
892 750 1155 820 perlicere
1197 749 1537 815 decreverat,
1565 760 1620 806 et
1653 750 1719 805 ad
1751 750 1959 808 inferos

376 855 502 893 cum
544 841 728 896 anima
771 841 1145 909 descendere;
1203 850 1261 896 nt
1287 858 1382 899 eos
1434 847 1528 914 qui
1562 857 1718 903 antea
1755 845 1957 903 mortui

373 937 550 994 erant,
576 930 679 985 boc
699 938 783 986 est
813 940 1036 986 sanctos
1064 932 1429 1001 patriarchas,
1458 936 1513 991 in
1548 938 1783 994 salutem
1808 954 1960 994 asse.

375 1029 543 1075 reret.
577 1021 711 1076 Cum
752 1023 918 1092 igitur
951 1022 1052 1077 ista
1075 1024 1187 1093 jam
1218 1025 1579 1093 agitarentur,
1610 1046 1678 1084 ex
1706 1030 1959 1085 humana:

352 1121 587 1167 .naturae
615 1129 848 1183 persona
883 1130 985 1169 vox
1017 1115 1086 1170 ad
1109 1116 1458 1187 conjunctam
1487 1121 1828 1178 divinitatem
1862 1124 1956 1177 illa

377 1207 463 1255 cst
502 1200 646 1256 edita
678 1220 691 1256 :
728 1202 869 1258 Deus
896 1220 1062 1270 meus,
1093 1205 1237 1261 Deus
1266 1225 1432 1275 meus,
1462 1227 1628 1280 quare
1659 1230 1741 1268 me
1766 1212 1958 1268 dereli-

377 1292 583 1357 quisli?
614 1291 728 1347 lloe
777 1301 959 1349 autem
1000 1295 1209 1351 ideirco
1252 1297 1369 1354 ﬁeri
1409 1299 1618 1368 debuit,
1652 1311 1713 1358 ut
1740 1303 1956 1358 divina-

378 1397 500 1435 rum
543 1382 612 1437 ab
663 1383 759 1439 illo
826 1384 1239 1455 Scripturarnm
1297 1390 1658 1461 implerentur
1704 1396 1954 1463 oracula,

374 1489 495 1542 qua:
525 1475 593 1527 ah
616 1474 736 1545 ejus
756 1477 1040 1546 prophetis
1063 1477 1130 1533 de
1172 1479 1293 1549 ipso
1322 1484 1673 1551 pronuntiata
1703 1486 1954 1544 fuerant:

374 1580 482 1632 quo
507 1566 610 1621 sub
639 1566 877 1623 hominis
909 1570 1092 1639 specie
1122 1572 1189 1626 ad
1230 1572 1434 1630 inferos
1468 1575 1806 1633 descendens
1834 1593 1956 1649 qua:

376 1656 487 1710 illic
518 1665 676 1712 erant
710 1659 962 1733 obeunda
995 1671 1315 1732 praestaret;
1358 1675 1523 1737 atque
1547 1675 1606 1723 ut
1645 1669 1776 1725 dum
1816 1670 1955 1727 infe-

375 1759 561 1799 rorum
610 1748 888 1818 princeps,
923 1757 977 1806 et
1006 1765 1156 1806 mors
1186 1755 1461 1822 captivum
1507 1755 1785 1812 hominem
1816 1757 1955 1814 deti-

375 1851 505 1891 nere
537 1838 748 1902 volunt,
780 1849 834 1894 et
863 1841 1216 1911 conjunctam
1244 1859 1367 1899 cum
1399 1847 1582 1902 anima
1611 1849 1950 1925 divinitatem

2062 657 2413 728 κοιμημένων
2450 659 2747 730 σωτηρίαν,
2790 659 2923 728 φησὶ
2958 657 3015 710 δὲ
3056 656 3225 725 ἁγίων
3257 655 3636 727 πατριαρχῶν.

2073 750 2161 814 Ὠς
2190 746 2284 804 οὖν
2324 752 2356 821 ἡ
2390 750 2605 822 κίνησις
2630 749 2804 811 οὕτως
2830 750 3065 818 ἐγένετο,
3095 748 3204 803 ἀπὸ
3226 747 3514 819 προσώπου
3537 747 3640 818 τῆς

2061 844 2525 915 ἐνανθρωπήσεως
2556 845 2589 914 ἡ
2616 844 2768 913 φωνὴ
2794 842 2976 911 ἔλεγεν
3007 843 3143 912 αὐτῇ
3170 843 3237 912 τῇ
3274 839 3379 911 ἰδίᾳ
3402 838 3636 908 θεάτητι·

2061 934 2168 988 Θεέ
2188 952 2330 1004 μου,
2367 934 2473 988 Θεέ
2509 953 2650 1005 μου,
2697 935 2798 987 ἵνα
2834 935 2892 987 τί
2928 951 3006 1003 με
3039 931 3456 1002 ἐγκατέλιπες
3497 929 3641 983 Ἀλλ’

2059 1027 2166 1080 ἔδει
2189 1026 2349 1081 τοῦτο
2376 1026 2757 1096 γενέσθαι,.ἱ’να
2787 1025 3115 1098 πληρωθῶσι
3139 1025 3206 1078 δι’
3227 1023 3393 1077 αὐτοῦ
3423 1025 3478 1076 αἱ
3498 1022 3638 1076 θεῖαι

2059 1120 2274 1191 Γραφαὶ
2304 1119 2393 1173 διὰ
2429 1119 2538 1173 τῶν
2580 1119 2723 1173 ἰδίων
2763 1118 2927 1172 αὐτοῦ
2969 1115 3259 1188 προφητῶν
3297 1115 3425 1185 περὶ
3471 1113 3640 1166 αὐτοῦ

2058 1209 2577 1281 προκεκηρυγμένασ
2602 1210 2691 1263 ἵνα
2714 1206 2978 1281 πληρώσῃ
3005 1209 3100 1261 καὶ
3122 1207 3191 1260 τὰ
3220 1206 3363 1259 κατὰ
3391 1203 3485 1257 τοῦ
3508 1204 3640 1274 ᾅδου

2057 1302 2115 1353 ἐν
2143 1303 2210 1372 τῇ
2243 1301 2357 1373 ἰδέᾳ.
2384 1300 2476 1355 τοῦ
2509 1300 2799 1371 ἀνθρώπου
2830 1300 2965 1371 πρὸς
2988 1301 3077 1352 τὸν
3104 1297 3257 1369 ᾅδην·
3289 1296 3378 1351 ἵνα
3402 1296 3431 1347 6
3454 1296 3643 1364 ἄρχων

2056 1391 2085 1441 6
2117 1389 2272 1461 ᾅδης,
2301 1391 2395 1443 καὶ
2421 1392 2450 1444 6
2476 1390 2704 1454 θάνατος
2748 1388 3116 1461 χειρώσασθαι
3163 1387 3449 1459 ἄνθρωπον
3482 1385 3645 1456 θελή-

2058 1498 2178 1545 σας,
2216 1481 2357 1535 κατὰ
2398 1482 2615 1549 ἄγνοιαν
2642 1482 2851 1551 ἀγνοῶν
2876 1481 2972 1552 τὴν
3013 1485 3070 1533 ὲν
3111 1482 3177 1551 τῇ
3220 1479 3366 1550 ψυχῇ
3399 1481 3466 1550 τῇ
3507 1478 3642 1549 ἁγίᾳ
3720 1524 3729 1529 -

2057 1572 2272 1644 θεότητι
2296 1574 2339 1637 ⁸,
2371 1573 2465 1627 καὶ
2488 1572 2688 1644 μᾶλλον
2717 1573 2876 1625 αὐτὸν
2898 1571 2990 1626 τὸν
3011 1571 3146 1642 ᾅδην
3167 1570 3517 1643 χειρωθῆναι,
3546 1569 3642 1623 καὶ

2055 1664 2147 1718 τὸν
2179 1664 2406 1720 θάνατον
2448 1664 2835 1737 καταλυθῆναι,
2876 1665 2969 1719 καὶ
3004 1661 3353 1735 πληρωθῆναι
3385 1662 3446 1715 τὸ
3483 1663 3641 1732 εἰρη-

2059 1754 2238 1825 μένον·
2270 1756 2392 1809 Οὺκ
2420 1753 2624 1820 ἐάσεις
2650 1754 2764 1823 τὴν
2792 1753 3005 1823 ψυχήν
3025 1769 3144 1821 μου
3167 1752 3256 1816 εὶς
3287 1749 3462 1818 ᾅδην,
3495 1748 3643 1802 οὐδὲ

2055 1843 2269 1911 δώσεις
2300 1844 2407 1898 τὸν
2427 1845 2631 1899 "eam
2648 1860 2765 1898 σου
2806 1842 2955 1897 ἰδεῖν
2984 1838 3331 1910 διαφθοράν.
3361 1836 3501 1891 Οὔτε
3528 1837 3643 1908 γὰρ

376 1931 665 1998 ignorant,
714 1937 830 1984 tum
878 1931 983 2001 ipsi
1040 1934 1224 2002 potius
1285 1935 1446 1992 inferi
1491 1950 1837 2010 caperentur,
1894 1941 1995 1997 ac}

2069 1936 2359 1991 κατέλιπεν
2380 1938 2409 1991 6
2431 1937 2584 2006 ἅγιος
2600 1935 2732 2001 Θεὸς
2748 1934 2917 2005 Λόγος
2937 1933 3033 2006 τὴν
3064 1933 3261 2004 ψυχὴν,
3287 1929 3410 1985 οὔτε
3437 1932 3642 1999 ἐγκατ-

378 2021 571 2075 mortis
601 2020 917 2079 dominatus
941 2034 1305 2093 everteretur,
1350 2037 1405 2085 et
1450 2031 1773 2101 impleretur
1812 2035 1956 2103 quod

375 2111 644 2181 scriptum
684 2120 801 2170 est:
835 2113 959 2169 Non
1006 2118 1269 2189 relinques
1297 2122 1535 2175 animant
1576 2140 1745 2177 meam
1775 2126 1833 2178 in
1871 2125 1957 2179 in-

374 2200 560 2268 ferno;
600 2219 693 2257 nec
744 2202 897 2258 dabis
938 2205 1194 2262 Sanctum
1243 2219 1392 2263 tuum
1431 2212 1604 2267 videre
1647 2216 1949 2282 corruptio-

375 2294 551 2379 nem}.
603 2292 738 2349 Nam
787 2311 964 2367 neque
997 2297 1088 2355 Dei
1131 2299 1375 2357 Verbum
1410 2304 1650 2358 animam
1685 2305 1953 2373 destituit,

375 2398 477 2439 nec
507 2384 656 2442 illius
690 2388 872 2443 anima
902 2389 1049 2460 apud
1078 2390 1285 2448 inferos
1319 2400 1405 2449 est
1438 2394 1651 2449 relicta.
1683 2394 1953 2451 Caeterum

376 2474 491 2533 haec
510 2476 719 2545 omnia,
764 2495 887 2550 quae
931 2480 1001 2536 ad
1045 2482 1239 2552 ingens
1293 2481 1430 2537 illud
1475 2484 1797 2555 mysterium
1830 2500 1956 2557 spe-

375 2572 547 2634 ctant,
589 2576 947 2631 sacrosancta
999 2569 1247 2628 Trinitas
1294 2574 1555 2628 universa
1606 2574 1797 2630 molita
1845 2584 1953 2640 est,

2055 2029 2278 2100 ελείφθη
2305 2031 2339 2100 ἡ
2373 2028 2523 2101 ψυχὴ
2555 2028 2721 2084 αὐτοῦ
2756 2028 2815 2081 ὲν
2844 2027 2964 2101 ᾄδῃ.
2998 2025 3182 2080 Πάντα
3230 2023 3340 2094 γὰρ
3369 2021 3643 2091 οἰκονομεῖ

2053 2122 2122 2176 τὰ
2164 2122 2264 2192 τῆς
2327 2121 2583 2193 τοιαύτης
2644 2120 2887 2193 μεγάλης
2950 2115 3340 2189 μυσταγωγίας
3383 2115 3417 2185 ἡ
3469 2111 3644 2183 Τριάς

2053 2205 2499 2285 ἀπαραλείπτως,
2542 2216 2571 2267 6
2614 2213 2826 2285 Πατὴρ,
2877 2213 2966 2265 καὶ
3003 2212 3031 2263 6
3060 2209 3207 2273 Υἱὸς,
3253 2206 3347 2260 καὶ
3389 2206 3450 2259 τὸ
3485 2206 3645 2273 ἅγιον

2054 2303 2299 2375 Πνεῦμα,
2348 2305 2442 2357 τοῦ
2488 2305 2586 2375 μὲν
2644 2302 2775 2357 Υἱοῦ
2832 2301 3123 2373 ὲνσάρκου,
3175 2297 3270 2352 τοῦ
3317 2297 3375 2351 δὲ
3424 2295 3644 2365 Πατρὸς

2054 2394 2350 2466 ἀσωμάτου
2388 2395 2746 2464 ὑπαρχοντος,
2779 2391 2998 2463 εὐδοκία
3026 2391 3084 2443 δὲ
3116 2389 3226 2460 ἰδίᾳ
3256 2387 3350 2441 καὶ
3387 2385 3643 2456 βουλήσει

2054 2483 2374 2555 Πνεύματος
2402 2484 2557 2552 ἁγίου
2595 2482 2689 2537 τοῦ
2720 2483 3037 2553 ἀσωμάτου,
3068 2480 3198 2538 Υίοῦ
3230 2478 3286 2531 δὲ
3318 2475 3643 2547 ὲνσωμάτου

2052 2576 2369 2647 γενομένου,
2398 2576 2533 2629 ἀλλὰ
2562 2575 2854 2647 ἀτρέπτου.
2893 2573 2974 2627 Τά
3005 2571 3062 2625 δὲ
3090 2570 3187 2625 ὅλα
3215 2568 3323 2624 ἀπὸ
3347 2568 3448 2639 τῆς
3471 2567 3643 2638 Τριά-

376 2650 556 2720 Pater,
602 2662 657 2711 ct
701 2655 893 2724 Filius,
950 2669 1005 2714 et
1055 2658 1297 2729 Spiritus
1347 2673 1593 2719 sanctus.
1634 2664 1713 2718 Ex
1750 2666 1952 2735 quibus

2060 2667 2137 2731 5ος
2165 2668 2497 2739 ᾠκονομεῖτο
2524 2669 2766 2739 σωτήρια
2790 2668 2903 2731 τοῖς
2930 2663 3253 2736 ἀνθρώποις.

375 2741 545 2803 Filius
581 2763 748 2805 carne
798 2751 1084 2821 praeditus,
1121 2751 1282 2808 Pater
1305 2756 1557 2826 corporis
1586 2772 1817 2827 expers;
1857 2756 2031 2816 Filius
2056 2775 2189 2816 vero
2214 2768 2411 2832 sponte
2473 2774 2592 2827 sua,
2624 2774 2689 2815 ac
2739 2759 2811 2815 de
2862 2758 3042 2814 sancti
3102 2754 3341 2827 Spiritus
3402 2756 3644 2810 carentis

373 2854 603 2910 corpore
644 2843 920 2901 voluntate
964 2861 1169 2917 corpus
1213 2847 1421 2916 induit;
1467 2850 1630 2921 790
1675 2851 1750 2906 ita
1818 2860 2002 2909 tamen
2072 2863 2133 2911 ut
2199 2855 2540 2911 immutabile
2605 2858 2975 2927 permaneret.
3045 2848 3223 2920 Atque
3282 2848 3398 2902 haec
3455 2848 3642 2902 omnia

372 2945 563 2990 sancta
592 2935 833 2995 Trinitas
870 2941 940 2995 ad
979 2941 1203 2999 humani
1253 2945 1487 3000 salutem
1518 2946 1736 3016 generis
1769 2945 2195 3006 administravit.

439 3029 627 3088 LXIII.
669 3032 939 3100 Quocirca
983 3052 1106 3092 cum
1155 3039 1384 3095 dixisset
1416 3059 1430 3094 :
1461 3040 1639 3107 Quare
1676 3058 1758 3096 me
1803 3046 1952 3098 dere-

372 3118 617 3189 iiquiui?
655 3122 826 3179 sicin
855 3125 963 3181 alio
1012 3127 1133 3183 loco
1186 3127 1360 3183 dixit:
1410 3127 1537 3183 Non
1589 3141 1638 3183 te
1686 3131 1947 3197 deseram,

2128 3044 2244 3102 El".
2279 3045 2379 3100 Διὰ
2400 3045 2558 3099 τοῦτο
2582 3044 2745 3099 πάλιν
2761 3045 2819 3097 ὲν
2839 3043 3010 3116 ἑτέρῳ
3032 3041 3217 3112 φησὶν,
3249 3036 3439 3108 ἐπειδὴ
3463 3032 3640 3089 εἶπενο

2058 3140 2184 3195 Ἵνα
2204 3140 2261 3193 τι
2282 3137 2667 3210 ἐπι-κατέλιπες
2683 3154 2761 3207 με
2777 3153 2797 3202 ;
2826 3129 2927 3189 ὦδε
2964 3134 3132 3203 λέγει·
3165 3134 3246 3186 Οὺ
3264 3132 3350 3203 μή
3385 3146 3460 3185 σε
3493 3129 3641 3193 ἀνῶ,

370 3226 532 3281 neque
582 3221 630 3268 te
687 3215 1053 3288 derelinquam
1090 3223 1134 3273 ³.
1175 3219 1391 3275 Etenim
1445 3221 1629 3277 triduo
1663 3237 1865 3293 corpus
1892 3225 1948 3278 in
1982 3277 1995 3300 ι

2060 3230 2185 3285 οὐδ’
2218 3232 2290 3285 οὺ
2314 3229 2399 3300 μή
2426 3246 2500 3284 σε
2522 3229 2953 3299 ἐγκαταλείπω.
2986 3227 3134 3280 Ἔδει
3160 3225 3269 3297 γὰρ
3296 3223 3549 3293 γενέσθαι
3577 3220 3644 3275 τὸ

1982 3272 2025 3331 C

372 3304 626 3371 sepulcro
660 3308 845 3375 jacere
872 3309 1081 3375 debuit,
1122 3318 1182 3365 ut
1213 3313 1347 3367 illud
1396 3313 1717 3368 vaticinium
1763 3314 1957 3385 iniple-
1982 3304 1995 3328 ¹

2060 3322 2351 3394 τριήμερόν
2380 3322 2538 3392 σῶμα
2564 3323 2621 3374 ὲν
2636 3320 2714 3395 τῷ
2733 3321 2997 3393 μνήματι,
3015 3319 3102 3372 ἴνα
3123 3316 3382 3389 πληρωθῇ
3401 3315 3460 3368 τὸ
3487 3317 3643 3386 εἰρη-

373 3404 521 3447 retur
549 3413 562 3448 :
603 3395 670 3449 Et
692 3398 866 3466 {actus
895 3417 1013 3455 sum
1040 3402 1176 3456 inter
1202 3413 1437 3458 mortuos
1457 3403 1663 3471 liber’;
1690 3412 1780 3460 et:
1821 3403 1954 3458 Pro-

372 3487 607 3551 iecerunt
666 3505 747 3544 me
794 3484 1044 3546 dilectum
1086 3503 1340 3565 tanquam
1378 3494 1604 3549 cadaver
1642 3495 1954 3550 abominan—

369 3577 495 3631 dum
518 3578 559 3631 ⁸.
592 3577 728 3633 Tum
758 3580 928 3636 illud:
966 3580 1090 3637 Non
1122 3582 1280 3637 dabis
1310 3584 1569 3638 Sanctum
1608 3595 1754 3638 tuum
1788 3584 1957 3640 videre

370 3671 799 3738 corruptionem"
830 3689 845 3739 ;
877 3682 937 3727 ut
985 3674 1090 3729 sub
1118 3676 1292 3730 sancti
1339 3677 1581 3742 nomine,
1623 3690 1827 3747 corpus
1861 3692 1955 3732 ex-

371 3761 591 3831 primat,
621 3765 971 3836 animamque
999 3766 1197 3823 doceat
1221 3784 1291 3823 ne
1317 3769 1463 3840 apud
1494 3768 1701 3825 inferos
1735 3770 1955 3840 quidem

370 3854 711 3922 destitutam,
745 3859 800 3913 in
835 3874 962 3928 qua,
1007 3875 1134 3914 cum
1178 3860 1235 3915 in
1285 3862 1379 3915 illo
1428 3861 1548 3917 loco
1594 3861 1951 3926 detineretur,

371 3946 466 4000 Dei
518 3946 757 4003 Verbum
805 3950 1002 4015 inerat,
1049 3960 1108 4006 ut
1146 3952 1290 4020 quod
1340 3951 1410 4006 ab
1453 3952 1716 4021 apostolis
1746 3952 1954 4006 dictum

369 4046 454 4092 est
505 4039 683 4109 reipsa
717 4041 1118 4111 perﬁceretur:
1154 4041 1488 4113 lmpossibile
1510 4045 1648 4098 enim
1671 4054 1787 4099 erat
1820 4044 1955 4097 deti-

370 4131 486 4184 neri
511 4132 664 4185 iilunt
696 4132 760 4187 ab
791 4132 974 4203 inferis
1002 4135 1045 4190 ⁸.
1100 4134 1242 4200 Quid
1286 4141 1371 4190 est
1418 4135 1564 4205 quod
1619 4134 1956 4205 impossibile

372 4225 538 4280 fuisse
591 4236 799 4292 narrat,
854 4228 959 4283 nisi
1007 4229 1151 4299 quod
1192 4236 1246 4283 et
1291 4245 1441 4285 mors
1499 4238 1553 4284 et
1598 4228 1756 4284 inferi
1806 4228 1954 4283 illius

369 4315 607 4369 animam
637 4317 883 4373 detinere
926 4321 1231 4383 studerent,
1279 4321 1395 4374 ﬁeri
1434 4327 1618 4374 tamen
1652 4320 1723 4374 ob
1754 4319 1955 4373 divini~

370 4411 535 4458 tatem
562 4421 670 4459 non
706 4410 906 4477 potuit,
937 4418 995 4462 ut
1021 4411 1089 4464 ab
1118 4411 1227 4465 illis
1254 4410 1643 4465 coerceretur?
1673 4409 1794 4464 Jam
1825 4425 1955 4465 vero

369 4496 417 4549 si
441 4496 512 4549 ob
541 4496 880 4552 divinitatem
912 4500 1083 4568 ipsam
1115 4501 1385 4555 contineri
1409 4503 1591 4555 anima
1618 4517 1727 4556 non
1756 4502 1979 4586 potuit”

2061 3413 2241 3485 μένον*
2287 3413 2397 3467 Καὶ
2430 3414 2726 3483 ἐγενόμην
2768 3410 2837 3465 ἐν
2884 3410 3119 3479 νεκροῖς
3155 3409 3491 3476 ἐλεύθεροςυ
3526 3408 3641 3472 καὶ,

2070 3503 2434 3573 Ἀπέρῤιψὰν
2454 3520 2531 3572 με
2560 3504 2668 3556 τὸν
2704 3500 3033 3571 ἀγαπητὸν,
3062 3500 3205 3555 ὡσεὶ
3235 3498 3451 3567 νεκρὸν
3481 3496 3638 3550 ἐϐδε-

2057 3591 2377 3663 λυγμένον.
2398 3593 2508 3646 Καὶ
2536 3592 2623 3646 ἵνα
2639 3591 2923 3663 πληρωθῇ,
2945 3593 3029 3644 Οὐ
3057 3589 3271 3656 δώσεις
3298 3588 3407 3643 τὸν
3437 3588 3644 3641 Ὄσιόν

2058 3699 2174 3738 σου
2220 3683 2368 3749 ἰδεῖν
2403 3682 2751 3753 διαφθοράν·
2808 3683 2897 3736 ἵνα
2944 3682 3092 3754 δείξῃ
3135 3681 3195 3733 τὸ
3226 3681 3370 3733 ὅσιον
3412 3678 3501 3731 διὰ
3544 3677 3642 3731 τοῦ

2059 3776 2331 3847 σώματος,
2364 3777 2456 3830 καὶ
2478 3777 2567 3830 ἵνα
2586 3775 2733 3848 δείξῃ
2762 3777 2899 3847 μήτε
2919 3776 3097 3847 ψυχὴν
3127 3770 3643 3844 ἐγκαταλειφθεῖσαν

2056 3867 2116 3921 ὲν
2143 3866 2265 3939 ᾄδῃ.
2308 3867 2395 3919 Ἑν
2433 3867 2572 3937 αὐτῇ
2604 3865 2712 3937 γὰρ
2739 3865 2827 3919 διὰ
2858 3864 2957 3937 τῆς
2986 3863 3313 3933 κατακωχῆς
3345 3863 3403 3914 ὲν
3435 3861 3512 3930 τῷ
3538 3860 3640 3930 ᾄδῃ

2054 3953 2123 4028 ἦν
2148 3960 2176 4011 6
2196 3956 2329 4020 Θεὸς
2350 3958 2538 4025 Λόγος,
2562 3958 2650 4010 ἵνα
2678 3956 2783 4027 πλη
2793 3953 2938 4027 ρὼσῃ
2965 3955 3026 4007 τὸ
3051 3952 3338 4037 εἰρημένον
3360 3951 3511 4022 παρὰ
3530 3950 3665 4003 τῶν

2057 4045 2389 4100 ἀποστόλων·
2450 4045 2779 4100 Ἀδύνατον
2818 4046 2930 4116 γὰρ
2954 4041 3034 4116 ἦν
3074 4042 3417 4112 κρατεῖσθαι
3452 4040 3641 4095 αὐτὸν

2057 4138 2175 4191 ὑπὸ
2214 4136 2324 4191 τοῦ
2363 4137 2533 4204 ᾅδου.
2571 4138 2682 4190 Καὶ
2714 4137 2860 4200 τίνος
2890 4136 3053 4189 ἕνεκα
3086 4134 3147 4187 τὸ
3181 4133 3439 4187 ἀδύνατον
3466 4132 3638 4200 λέγει,

2057 4228 2173 4281 ἀλλ’
2218 4227 2300 4281 ὅτι
2332 4227 2559 4281 ἔσπευδε
2598 4227 2695 4298 μὲν
2729 4229 2757 4281 ὁ
2796 4226 3027 4290 θάνατος
3078 4227 3172 4278 καὶ
3209 4225 3237 4276 6
3286 4223 3418 4294 ᾅδης
3467 4240 3637 4276 κατα-

2059 4323 2208 4390 σχεῖν
2240 4319 2440 4390 ψυχὴν,
2476 4320 2737 4373 ἀδύνατον
2766 4318 2825 4373 δὲ
2855 4314 2925 4390 ἦν
2953 4317 3050 4388 τὴν
3070 4316 3250 4387 ψυχὴν
3277 4314 3442 4368 αὑτοῦ
3469 4331 3642 4368 κατα-

2059 4412 2314 4483 σχεθῆναι
2354 4412 2440 4464 διὰ
2476 4411 2575 4482 τὴν
2605 4410 2865 4480 θεότητα;
2902 4409 2965 4461 El
2997 4409 3055 4461 δὲ
3085 4407 3342 4460 ἀδύνατον
3371 4403 3439 4477 ἦν
3471 4422 3643 4459 κατα-

2060 4502 2315 4573 σχεθῆναι
2344 4502 2433 4555 διὰ
2462 4503 2563 4573 τὴν
2588 4501 2836 4572 θεότητα,
2864 4499 2982 4564 πῶς
3004 4500 3113 4571 ἄρα
3137 4499 3203 4551 ἐκ
3227 4497 3521 4568 προσώπου
3541 4498 3641 4567 τῆς

368 4585 592 4654 quinam
628 4603 692 4642 ex
725 4604 960 4658 persona
983 4590 1286 4647 divinitatis
1318 4600 1641 4662 usurpatum
1670 4591 1804 4647 illud
1829 4600 1907 4647 est
1931 4585 1995 4667 τί]

2060 4593 2220 4647 αὐτοῦ
2269 4594 2521 4665 θεότητος
2564 4593 2795 4663 ἠδύνατο
2841 4591 3070 4662 ῥηθῆναι
3101 4591 3183 4657 τὸ,
3218 4589 3323 4644 Θεέ
3356 4606 3498 4659 μου,
3536 4588 3643 4642 Θεέ

374 4680 509 4733 Deus
536 4696 699 4747 meus,
726 4680 865 4735 Deus
886 4698 1048 4746 meus,
1072 4699 1236 4753 quare
1262 4700 1341 4738 me
1363 4683 1688 4753 dereliquisti
1705 4686 1731 4738 ?
1764 4682 1952 4739 Restat

368 4772 532 4841 igitur
556 4781 696 4827 utex
722 4772 973 4827 humanm
995 4782 1201 4829 natura:
1226 4791 1461 4845 persona
1502 4784 1558 4829 et
1588 4773 1784 4829 ail'ectu
1820 4791 1951 4845 quo-

366 4867 491 4919 dam
532 4865 772 4922 humano
801 4866 1008 4919 dictum
1039 4866 1169 4920 illud
1200 4854 1470 4930 videatur,
1506 4875 1566 4920 ut
1604 4867 1946 4922 incarnatio-

368 4974 490 5013 nem
524 4972 636 5011 non
670 4959 855 5026 specie
880 4957 1145 5012 duntaxat
1176 4958 1584 5023 adumbratam,
1636 4958 1728 5013 sed
1764 4960 1947 5029 reipsa

364 5065 604 5118 vereque
654 5050 1097 5104 administratam
1146 5050 1320 5106 fuisse
1375 5050 1674 5106 discamus.
1737 5052 1945 5122 Ecquid

368 5158 550 5211 porro,
600 5152 796 5212 praeter
825 5143 876 5196 id
908 5142 1056 5212 quod
1092 5159 1288 5197 somno
1321 5144 1514 5198 mortis
1550 5145 1790 5213 sopitum
1830 5144 1946 5201 fue-

368 5244 473 5300 rat,
498 5250 528 5289 e
559 5242 705 5289 terra
740 5235 1017 5291 surrexit?
1050 5233 1295 5289 Surrexit
1317 5235 1475 5301 enim,
1511 5235 1709 5305 inquit,
1740 5252 1843 5289 non
1868 5245 1947 5289 est

364 5326 448 5379 hic
464 5328 505 5379 ⁷.

436 5416 617 5489 LXIV.
655 5418 928 5484 Quidnam
961 5419 1093 5473 illud
1121 5418 1427 5476 surrexisse
1455 5420 1655 5474 dicitur
1695 5420 1799 5474 nisi
1824 5436 1947 5474 cor-

366 5524 489 5577 pus.
513 5517 569 5561 et
598 5511 815 5578 quidem
840 5510 972 5564 illud
996 5512 1173 5580 ipsum
1194 5527 1414 5580 corpus.
1440 5513 1583 5580 quod
1612 5512 1663 5564 in
1697 5512 1948 5580 sepulcro

364 5598 580 5669 ᾔειςυίιῖ
642 5602 837 5656 Anima
891 5618 1056 5672 porro
1103 5620 1226 5658 cum
1279 5605 1465 5658 divino
1516 5604 1695 5657 Verbo
1744 5604 1947 5672 pariter

294 5778 305 5781 ν
442 5757 455 5784 ¹
493 5754 636 5809 Psal.
672 5774 757 5819 xv.
799 5759 895 5821 I0;
935 5759 1052 5811 Art.
1089 5776 1148 5822 ιι,
1183 5762 1275 5812 i7.

374 5823 478 5890 10;
508 5825 625 5882 Act.
667 5844 724 5897 ιι,
759 5824 873 5882 Ξῖ(
943 5831 960 5860 ⁸
986 5833 1104 5884 Att.
1147 5848 1206 5897 ιι,
1245 5830 1334 5882 Eii.

1353 5762 1370 5789 ’
1404 5759 1496 5810 Jus
1554 5775 1591 5817 ι,
1622 5758 1689 5821 5,
1717 5755 1876 5833 Ιῐυιις.
1922 5772 2039 5833 xm:
2204 5760 2221 5789 ³
2254 5759 2391 5811 l’sal.
2428 5771 2667 5833 L1X}\'ll,
2702 5756 2753 5809 6.
2797 5755 2921 5833 fis

1439 5830 1457 5860 ⁷
1495 5827 1660 5881 Marc.
1695 5842 1800 5891 xvt,
1830 5826 1882 5879 6.
1962 5829 1981 5857 ⁸
2019 5826 2145 5895 ch.
2187 5828 2436 5895 θεότητα,
2462 5827 2555 5883 sed
2591 5827 2740 5882 deest
2762 5827 2987 5896 aliquid.

2053 4703 2196 4755 μου,
2227 4686 2327 4738 ἵνα
2346 4685 2404 4738 τί
2431 4683 2818 4752 ἐγκατέλιπές
2846 4700 2960 4753 με;
3000 4682 3138 4735 Ἀλλ’
3176 4676 3330 4745 οὗτος
3365 4682 3431 4733 ὲκ
3468 4696 3640 4750 προσ-

2058 4776 2208 4829 ώπου
2274 4776 2375 4848 τῆς
2435 4775 2601 4828 αὐτοῦ
2661 4775 3124 4846 ὲνανθρωπήσεως
3192 4768 3640 4841 ἁνθρωποπαθῶς

2057 4870 2333 4924 ἐδείκνυτο
2362 4872 2389 4923 ὀ
2427 4870 2603 4938 λόγος,
2652 4870 2739 4921 ἴνα
2782 4868 3043 4938 μάθωμεν
3077 4864 3346 4935 ἀληθινῶς
3379 4859 3640 4932 εἶναιτὴν

2056 4962 2320 5034 ἔνσαρκον
2350 4964 2675 5034 παρουσίαν,
2710 4962 2803 5013 καὶ
2825 4960 2884 5011 οὑ
2911 4960 3128 5028 δοκήσει
3152 4958 3184 5028 ἢ
3208 4956 3479 5027 φαντασίᾳ
3506 4955 3636 5024 παρ’

2052 5052 2217 5105 αὐτοῦ
2241 5052 2710 5123 οἱκονομηθεῖσαν.
2757 5049 2983 5125 Ἀνέστη
3012 5049 3069 5101 δὲ
3100 5049 3207 5100 ἀπὺ
3230 5047 3331 5117 τῆς
3359 5046 3464 5117 γῆς
3487 5048 3635 5099 ποῖον

2051 5143 2166 5198 ἀλλ’
2194 5143 2228 5214 ἢ
2256 5142 2317 5195 τὸ
2343 5141 2634 5214 κοιμηθέν;
2677 5139 2918 5207 Ἀνέστη
2956 5140 3087 5209 γὰρ,
3116 5138 3301 5209 φησὶν,
3329 5139 3441 5191 οὐκ
3466 5138 3637 5190 ἐστιν

2048 5231 2185 5291 ὦδε.

2126 5416 2240 5471 EA’.
2259 5417 2397 5470 Τίδὲ
2425 5417 2486 5468 τὸ
2508 5415 2744 5470 ἀναστὰν
2777 5413 2889 5469 ἀλλ’
2916 5412 2948 5484 ἢ
2979 5413 3039 5465 τὸ
3063 5413 3248 5481 σῶμα;
3278 5410 3630 5481 Σῶμαδὲᾶρα

2053 5510 2115 5561 τὸ
2146 5511 2203 5561 ἐν
2230 5510 2307 5578 τῷ
2341 5509 2602 5577 μνήματι,
2634 5508 2782 5575 καὶὴ
2821 5505 2965 5575 ψυχὴ
2996 5505 3051 5556 δὲ
3080 5502 3377 5572 συνανῆ).θε
3410 5503 3488 5572 τῷ
3518 5501 3631 5569 Θεῷ

2055 5601 2232 5672 Λόγῳ,
2277 5601 2384 5653 Καὶ
2420 5599 2579 5652 πάλιν
2620 5600 2711 5652 ἐπὶ
2743 5598 2801 5651 τὸ
2831 5597 2965 5650 αὐτὸ
3010 5595 3246 5666 ἐπλήρου
3288 5594 3387 5665 τὴν
3422 5593 3628 5647 τελείαν
3698 5620 3711 5627 α

2204 5760 2221 5789 ³
2254 5759 2391 5811 l’sal.
2428 5771 2667 5817 Lxan,
2702 5756 2753 5809 6.
2832 5754 2851 5786 ³
2874 5754 2975 5808 Isa.
3010 5770 3118 5817 XIV,
3152 5753 3230 5808 19.
3312 5754 3331 5785 ⁸
3363 5751 3506 5809 Psal.
3537 5764 3621 5815 xv,
