3994 6226
376 303 516 372 ML

1764 309 1819 364 ε.
1863 307 2234 371 ΕΡΙΡΠΑΝΙΙ,

381 435 568 503 tnur‘,
601 434 762 503 idque
807 434 858 488 in
921 433 1183 488 lectorum
1227 431 1460 501 gratiam
1504 429 1571 483 ad
1616 443 1712 484 eos
1759 427 2200 498 przemuniemlos
2249 427 2562 482 faciendum
2627 427 2886 480 duximus
2941 443 2955 480 :

3547 299 3656 356 τιέξ

3019 437 3129 496 quo
3173 389 3246 479 iiii
3295 419 3654 498 virulentiam,

382 541 446 580 ac
497 523 812 596 pestiferam
869 522 984 578 Arii
1036 521 1344 577 doctrinam
1423 521 1476 574 in
1543 519 1800 574 omnibus
1855 518 2001 573 illius
2073 519 2360 576 sententiis
2417 517 2874 589 orationibusque
2935 514 3190 572 diffusam
3243 511 3461 568 facilius
3517 521 3658 562 eva-

381 623 532 676 dant.

458 711 620 782 792
673 709 858 766 LXVI.
923 709 1080 765 Nunc
1135 725 1259 764 cum
1315 708 1382 766 de
1432 707 1539 762 isto
1592 705 1768 775 capite
1831 705 1968 759 satis

2111 703 2118 710 “
2143 701 2277 770 εςι.
2326 701 2548 764 Ὶκανῶς
2571 699 2627 752 δὲ
2659 697 2786 770 περὶ
2805 695 3010 765 ταύτης
3031 694 3132 766 τῆς
3159 691 3356 756 λέξεως
3385 689 3660 752 ὡσαύτως

385 805 558 858 multa
599 807 762 859 verba
817 803 1132 867 fecerimus,
1187 801 1254 855 ad
1301 800 1408 854 alia
1455 809 1820 854 transeamus.
1877 795 1968 852 Sic

385 897 531 952 enim
577 898 872 966 plerisque,
927 905 1048 966 qua:
1109 895 1382 949 memoriae
1443 909 1578 948 meae
1644 899 1964 956 occurrunt,

385 989 729 1044 calumniosc
763 989 975 1044 abillis
1021 989 1257 1058 objecta,
1301 987 1612 1052 declaratis,
1657 1002 1722 1040 ex
1773 986 1966 1057 paucis

387 1078 495 1132 illis
529 1079 848 1148 pluribusve
893 1079 1070 1148 palam
1114 1077 1246 1132 illud
1295 1077 1556 1132 faciemus
1585 1093 1600 1130 :
1627 1091 1968 1146 quaecunque

387 1169 442 1224 in
477 1169 776 1242 Scripturis
811 1171 1083 1240 leguntur,
1116 1169 1259 1239 apud
1285 1184 1408 1224 eum
1445 1167 1688 1239 quidem,
1720 1168 1814 1238 qui
1847 1165 1970 1238 Spi-

390 1260 500 1314 ritu
535 1269 727 1316 sancto
766 1263 1024 1331 praeditus
1056 1262 1146 1326 sit,
1208 1261 1413 1332 quique
1450 1261 1664 1331 vigilem
1693 1269 1747 1315 et
1773 1275 1968 1331 exper-

390 1361 594 1406 rectam
625 1351 717 1408 Dei
757 1353 1020 1409 beneficio
1048 1360 1283 1408 mentem
1334 1353 1564 1422 adeptus
1612 1351 1798 1418 fuerit,
1845 1366 1971 1423 pcr-

391 1445 602 1512 plexam
648 1447 850 1500 nullam
891 1449 1174 1502 continere
1217 1447 1582 1512 sententiam;
1634 1463 1736 1502 nec
1763 1447 1848 1502 vel
1889 1455 1970 1502 te-

390 1537 718 1592 nuissimum
770 1537 1076 1594 aﬂectionis
1131 1539 1277 1593 illius
1329 1537 1581 1608 judicare
1637 1538 1964 1610 vestigium,

389 1628 535 1700 quod
565 1627 738 1694 Patri,
763 1631 847 1683 vel
873 1629 1032 1690 Filio.
1062 1629 1150 1684 vel
1183 1629 1410 1700 Spiritui
1442 1629 1634 1684 sancto
1663 1629 1967 1696 tribuatur;

391 1736 515 1774 nam
553 1737 584 1776 e
623 1721 903 1776 Contrario
935 1721 1070 1775 nihil
1103 1738 1212 1776 non
1265 1722 1376 1778 illis
1425 1721 1826 1792 perfectissime
1861 1731 1968 1775 tam

391 1811 460 1863 ah
493 1807 716 1864 Christo
743 1807 994 1875 Domino,
1023 1823 1188 1882 quam
1217 1812 1285 1866 ab
1312 1810 1574 1882 apostolis
1604 1827 1665 1866 ac
1689 1811 1972 1882 prophetis

391 1900 460 1954 ab
490 1900 680 1956 eodem
710 1901 894 1958 missis
931 1911 1016 1956 est
1041 1901 1271 1957 dictum.
1305 1901 1412 1958 Sed
1445 1905 1517 1956 ita
1549 1911 1750 1970 tamen,
1786 1911 1846 1958 ut
1875 1919 1974 1973 pro

391 1991 666 2061 cujusque
711 1992 790 2048 rei
835 2009 898 2048 ac
948 1994 1050 2049 loci
1097 2003 1152 2051 et
1207 1998 1508 2066 argumenti
1569 1997 1974 2067 opportunitate

391 2083 690 2152 prudenter
724 2091 888 2155 atque
944 2102 1008 2141 ex
1045 2087 1274 2143 veritate
1315 2089 1526 2159 prolata
1559 2089 1669 2144 sint
1695 2089 1970 2146 universa.

393 2173 608 2230 Etenim
641 2175 707 2232 de
735 2177 958 2233 Christo
989 2180 1300 2234 vaticinans
1343 2179 1514 2235 David
1554 2181 1824 2237 llebraica
1868 2182 1972 2236 liu-

397 2283 500 2337 gua
532 2269 786 2326 diierat:
836 2270 944 2336 Eli,
981 2272 1090 2336 Eli,
1145 2272 1336 2327 lemma
1388 2273 1781 2328 sabacthani’?
1819 2272 1972 2340 Quod

394 2360 672 2430 deinceps,
709 2371 768 2416 ut
801 2371 916 2417 erat
967 2363 1310 2435 przcdictum,
1370 2366 1424 2420 in
1485 2381 1651 2422 cruce
1713 2365 1975 2420 Dominus

394 2450 658 2522 implevit,
696 2467 819 2508 cum
857 2451 1124 2512 Ilebraica
1161 2457 1364 2527 lingua,
1397 2457 1506 2523 Eli,
1537 2457 1646 2519 Eli.
1669 2475 1734 2514 ex
1767 2459 1976 2512 oraculi

399 2541 503 2598 fide
537 2545 931 2620 pronuntiavit.
965 2546 1170 2602 Caatera
1219 2565 1385 2619 porro
1431 2550 1692 2604 voeabula
1727 2549 1836 2603 duo
1867 2567 1974 2604 non

397 2631 685 2698 Iiebraice,
713 2637 810 2691 sed
837 2635 1064 2707 Syriace
1085 2640 1382 2700 subtexuit,
1408 2639 1601 2694 lemma
1639 2640 1972 2695 sabacthaui.

397 2723 474 2778 Ita
517 2726 792 2797 principio
845 2727 1063 2797 quidem
1106 2729 1374 2798 ejusmodi
1423 2743 1558 2784 usus
1586 2737 1692 2792 est,
1719 2731 1882 2800 quale
1909 2731 1976 2786 de

397 2817 522 2888 ipso
551 2817 726 2874 fuerat
755 2820 1020 2890 scriptum
1041 2839 1057 2888 ;
1082 2829 1278 2876 caetera
1306 2823 1482 2878 aliena
1506 2823 1688 2892 lingua
1722 2823 1973 2894 subjecit,

399 2923 465 2964 ac
494 2909 739 2964 nonnihil
776 2913 940 2966 verba
979 2913 1360 2966 commutavit.
1413 2911 1468 2968 Id
1503 2914 1664 2983 “quod
1711 2916 1972 2986 singulari

399 3001 634 3070 quadam
664 3009 750 3058 est
785 3002 1072 3072 prudentia
1104 3002 1329 3069 factum,
1355 3012 1415 3060 ut
1437 3021 1560 3060 cum
1595 3005 1705 3070 Eli,
1761 3006 1852 3060 Eli
1896 3007 1979 3062 dia

402 3103 572 3160 ceret,
623 3095 902 3165 prophetae
935 3095 1068 3150 illud
1124 3098 1445 3150 vaticinium
1495 3097 1563 3150 ad
1610 3114 1669 3154 se
1705 3100 1980 3170 pertinere

401 3187 789 3255 profiteretur;
825 3203 949 3242 cum
989 3203 1116 3243 vero
1149 3189 1292 3260 quod
1325 3189 1596 3258 reliquum
1621 3197 1705 3244 est
1737 3205 1846 3244 non
1869 3175 1978 3244 [Ie-

405 3275 629 3338 braice,
683 3277 778 3332 sed
843 3277 1068 3350 Syriace
1124 3280 1471 3350 conciperet,
1527 3295 1716 3335 eorum
1781 3280 1980 3336 fastum

405 3367 814 3437 cmnprimeret,
873 3370 966 3440 qui
1025 3385 1098 3425 se.
1131 3369 1392 3424 llehraica
1448 3371 1632 3441 lingua
1685 3371 1984 3426 insolenter

404 3456 678 3524 elTerreut,
705 3465 761 3513 et
789 3457 856 3514 ad
881 3460 1026 3514 edita
1055 3460 1124 3515 de
1145 3475 1205 3516 se
1233 3460 1287 3514 in
1314 3460 1488 3515 sacris
1518 3461 1736 3516 Litteris
1758 3462 1982 3516 oracula

408 3550 736 3620 complenda
783 3559 1012 3608 caeteras
1061 3568 1281 3623 quoque
1311 3555 1526 3626 linguas
1555 3553 1858 3610 adhiberet.
1891 3553 1982 3608 1η·-

407 3644 588 3698 stabat
635 3644 779 3698 enim
835 3652 1048 3716 tempus
1101 3646 1256 3711 illud,
1305 3661 1414 3718 quo
1462 3648 1544 3704 sui
1583 3648 1836 3702 notitiam
1887 3661 1986 3718 per

405 3749 598 3790 omnes
657 3735 910 3792 nationes
972 3736 1318 3802 diffunderet,
1387 3755 1498 3794 non
1553 3755 1678 3794 cum
1742 3738 1984 3795 Ilebrazis

407 3825 568 3880 modo
599 3827 1053 3892 communicaret,
1087 3835 1146 3883 ut
1177 3829 1230 3884 in
1268 3836 1382 3884 toto
1415 3829 1525 3886 fere
1549 3831 1796 3887 vicesimi
1825 3832 1984 3902 primi

409 3919 604 3988 psalmi
655 3927 914 3974 contextu
965 3921 1184 3992 legitur.
1243 3915 1344 3978 Ubi
1377 3931 1638 3994 tanquam
1671 3941 1699 3978 a
1732 3935 1984 3996 suscepta

407 4009 648 4066 hominis
691 4019 887 4066 natura
939 4015 1314 4082 pronuntiata,
1357 4017 1424 4071 ad
1454 4018 1727 4074 humanos
1753 4017 1984 4073 afi'ectus

406 4103 819 4160 accommodata
851 4112 980 4160 sunt
1011 4109 1197 4162 omnia
1228 4126 1241 4162 :
1274 4124 1396 4179 quae
1427 4109 1648 4180 quidem
1685 4111 1984 4166 adveniens

407 4195 523 4264 ipse
565 4198 882 4268 complevit.
931 4197 1070 4254 Sunt
1113 4201 1211 4255 illa
1251 4217 1401 4266 vero,
1443 4219 1566 4273 quae
1595 4204 1648 4258 in
1675 4219 1740 4258 eo
1774 4203 1986 4274 psalmo

405 4285 668 4357 loquitur,
712 4304 943 4360 qumque
985 4292 1054 4346 ad
1095 4291 1302 4348 Christi
1347 4295 1780 4350 incarnationem
1819 4295 1986 4366 perti-

405 4389 536 4432 nere
563 4379 822 4448 dicimus,
857 4384 924 4436 ad
958 4383 1270 4438 institutam
1305 4399 1334 4438 a
1363 4386 1522 4440 nobis
1554 4387 1986 4457 disputationem

410 4475 462 4528 in
501 4471 689 4540 primis
723 4482 1054 4543 opportuna,
1113 4477 1262 4530 velut
1317 4492 1442 4532 cum
1509 4479 1635 4544 ait;
1685 4477 1988 4532 Diviserunt

2067 793 2434 856 διαλαϐόντες,
2459 793 2552 844 ἐπὶ
2581 790 2680 854 τὰς
2709 789 2838 859 ἑξῆς
2869 789 3056 857 ἴωμεν·
3089 785 3198 847 ἵνα,
3221 781 3556 852 πανταχὸθεν
3577 779 3658 833 τὰ

2071 887 2297 940 πλεῖστα
2325 884 2391 938 τὰ
2435 886 2503 954 τῇ
2537 881 2743 952 διανοίᾳ
2771 879 2929 950 ἡμῶν
2966 877 3071 930 ὑπὸ
3111 876 3212 946 τῆς
3259 873 3484 927 ἐκείνων
3527 873 3626 943 ip:

2071 980 2288 1051 σχελίας
2337 977 2711 1030 ὑποπίπτοντα
2763 969 3184 1041 σαφηνίσαντες,
3227 965 3492 1035 δείξωμεν
3541 961 3662 1016 ἀπὺ

2041 1072 2174 1126 “τῶν
2215 1070 2410 1138 ὀλίγων
2459 1067 2492 1139 ἢ
2541 1065 2638 1120 καὶ
2683 1064 2965 1126 πλειόνων,
3012 1062 3094 1113 ὅτι
3129 1058 3304 1112 πάντα
3341 1059 3398 1110 ὲν
3431 1059 3496 1127 τῇ
3530 1055 3660 1126 θεία.

2069 1167 2258 1237 Γραφῇ
2295 1162 2374 1234 τῷ
2403 1159 2726 1230 κεκτημένῳ
2759 1155 2984 1226 Πνεῦμα
3009 1153 3184 1222 ἅγιον,
3208 1151 3304 1205 καὶ
3331 1149 3457 1204 νοῦν
3489 1149 3661 1219 ἐγρή-

2069 1275 2230 1328 γορον
2255 1255 2406 1326 παρά
2437 1253 2642 1324 Κυρίου
2675 1248 2938 1320 εἰληφότι,
2966 1245 3116 1300 οὐδέν
3145 1247 3260 1297 ἐστι
3287 1242 3500 1297 σκολιὸν
3527 1243 3660 1294 ὑπο-

2070 1350 2282 1421 νοῆσαι,
2317 1348 2349 1417 ἢ
2391 1345 2596 1408 πάθους
2651 1339 2789 1406 εἶδος
2835 1341 2916 1403 εἰς
2959 1339 3050 1392 τὸν
3086 1335 3324 1408 Πατέρα,
3360 1335 3394 1405 ἢ
3443 1336 3524 1396 εἰς
3559 1333 3660 1385 τὸν

2073 1441 2219 1500 Υίὺν.
2241 1440 2360 1492 οὐδὲ
2393 1441 2473 1500 εἰς
2500 1437 2562 1491 το
2591 1435 2744 1504 ἆγιον
2761 1432 3006 1503 Πνεῦμα·
3025 1430 3160 1484 ἀλλὰ
3187 1429 3364 1482 πάντα
3385 1427 3662 1480 τελειότα.⁴

2071 1551 2160 1597 τα,
2180 1529 2538 1602 οἰκονομικῶς
2559 1529 2618 1582 δὲ
2645 1529 2724 1590 εἰς
2751 1521 2988 1594 ἑκάστην
3011 1522 3198 1593 χρείαν
3229 1520 3324 1572 καὶ
3353 1523 3409 1572 ὲν
3436 1520 3660 1588 ἑκάστῳ

2072 1625 2221 1694 τόπῳ
2272 1623 2410 1692 πρὸς
2462 1620 2524 1672 τὸ
2579 1618 2941 1686 ὑποκείμενον
3009 1616 3066 1666 ἓν
3119 1612 3346 1684 ἀληθείᾳ
3413 1611 3471 1662 ἐν
3533 1611 3662 1671 ταῖς

2073 1716 2246 1780 θείαις
2263 1716 2506 1787 Γραφαῖς
2533 1713 2746 1784 εἴρηται
2771 1708 2863 1762 ὑπ’
2885 1707 3051 1760 αὑτοῦ
3079 1705 3171 1758 τοῦ
3203 1703 3407 1774 Κυρίου
3433 1701 3526 1754 καὶ
3547 1701 3660 1753 τῶν

2074 1807 2238 1863 αὐτοῦ
2266 1805 2598 1871 ἀποστόλων,
2631 1805 2725 1858 καὶ
2761 1803 2872 1857 τῶν
2903 1801 3072 1870 ἁγίων
3106 1795 3400 1870 προφητῶν
3425 1794 3534 1848 τῶν
3563 1793 3660 1846 ὑπ’

2071 1898 2236 1954 αὐτοῦ
2263 1897 2708 1968 ἀπεσταλμένων.
2750 1893 2862 1948 Καὶ
2896 1893 3005 1964 γὰρ
3035 1890 3162 1962 περὶ
3189 1887 3378 1941 τούτου
3415 1886 3666 1956 προεφήά

2072 2009 2256 2058 τευσε,
2302 1993 2482 2063 φήσας
2524 1989 2664 2043 κατά
2695 1989 2796 2060 τὴν
2839 1981 3130 2058 Ἐϐραϊκὴν
3165 1979 3465 2034 διάλεκτον·
3507 1973 3659 2034 Ἠλὶ,

2005 2069 2047 2122 Β
2089 2081 2229 2148 Ἠλὶ,
2251 2081 2414 2152 λημᾶ
2439 2080 2800 2150 σαϐαχθανί;
2827 2077 2856 2132 ὃ
2887 2076 3027 2130 κατά
3068 2071 3387 2126 ἀκολουθίαν
3415 2065 3662 2138 ἐπλήρου

2075 2179 2104 2231 ὁ
2133 2177 2334 2248 Κύριος
2367 2176 2460 2228 ἐπὶ
2489 2173 2584 2228 τοῦ
2617 2170 2852 2243 σταυροῦ
2872 2211 2886 2233 ,
2947 2169 3016 2222 τὰ
3051 2168 3130 2230 εἰς
3154 2165 3318 2220 αὑτὸν
3369 2177 3666 2234 προπεφηά

2075 2271 2317 2340 τευμὲνα
2368 2268 2562 2337 λέγων,
2633 2266 2776 2330 Ἠλὶ,
2851 2261 2996 2324 Ἠλὶ,
3041 2259 3304 2330 Ἐὗραῖκῇ
3351 2257 3418 2326 τῇ
3473 2251 3660 2319 λέξει,

2075 2361 2150 2426 ὡς
2173 2359 2241 2434 ἦν
2279 2357 2792 2434 προγεγραμμένον.
2823 2356 2933 2409 Καὶ
2966 2353 3148 2407 οὐκέτι
3184 2350 3448 2421 Ἐϐραῖκῇ
3467 2389 3482 2412 ,
3523 2345 3664 2398 ἀλλᾶ

2078 2455 2320 2527 Συριακῇ
2375 2451 2642 2522 διαλέκτῳ
2709 2449 2770 2504 τὸ
2834 2444 3102 2516 συζυγοῦν
3161 2443 3313 2534 ῥῆμα
3378 2437 3664 2494 ἀποτελῶν

2079 2548 2254 2615 ἔλεγε,
2278 2543 2444 2616 λημᾶ
2471 2543 2837 2614 σαϐαχθανί;
2866 2542 2953 2594 ἵνα
2969 2543 3036 2610 τῇ
3067 2531 3207 2609 ἀρχῇ
3239 2531 3336 2606 μὲν
3365 2533 3670 2603 χρήσηται,

2079 2641 2154 2703 ὡς
2182 2636 2249 2711 ἦν
2281 2639 2409 2712 περὶ
2437 2639 2602 2693 αὐτοῦ
2630 2635 3035 2710 γεγραμμένον·
3072 2634 3150 2694 εἰς
3183 2627 3376 2700 ἑτέραν
3403 2625 3462 2678 δὲ
3483 2621 3666 2693 γλῶσ-

2082 2749 2179 2786 σαν
2199 2731 2260 2784 τὸ
2279 2729 2486 2794 λοιπὸν,
2510 2728 2588 2799 τῷ
2612 2723 2760 2800 ῥητῷ
2779 2727 2876 2797 τὴν
2891 2726 3141 2796 διήγησιν
3169 2715 3664 2792 μεταϐαλλόμενος,

2082 2823 2177 2879 καὶ
2205 2813 2336 2876 αὐτὸ
2360 2821 2529 2875 ποιῶν
2553 2821 2620 2874 δι’
2646 2817 2856 2889 ἀγαθὴν
2888 2805 3218 2885 οἰκονομίαν,
3259 2813 3340 2873 εἰς
3377 2808 3439 2861 τὸ
3471 2803 3668 2876 ὁμολο-

2081 2921 2197 2988 γεῖν
2225 2918 2285 2969 τὸ
2316 2916 2476 2988 ῥητὸν
2503 2931 2568 2968 πε
2579 2913 2632 2984 pi
2652 2910 2815 2964 αὐτοῦ
2841 2907 3092 2980 εἰρῆσθαι
3118 2897 3222 2958 ὑπὸ
3240 2902 3334 2956 τοῦ
3359 2899 3664 2972 προφήτου,

2081 3011 2171 3064 διὰ
2197 3007 2314 3072 τοῦ,
2373 3005 2516 3071 Ἠλὶ,
2560 3004 2704 3070 Ἠλὶ,
2727 3003 2926 3071 λέγειν’
2978 2999 3038 3052 τὸ
3073 2999 3129 3050 δὲ
3159 2995 3452 3050 ὑπόλοιπον
3481 2988 3666 3043 οὐκέτι

2095 3101 2356 3174 Ἐὁραῖκῇ
2402 3097 2566 3164 λέξει,
2615 3096 2752 3150 ἀλλὰ
2795 3094 3062 3166 Συριακῇ,
3107 3091 3255 3151 ὅπως
3296 3084 3514 3174 καθέλοι
3557 3080 3668 3134 τῶν

2085 3169 2396 3265 αὐχούντων
2420 3191 2520 3262 τὴν
2563 3187 2839 3260 Ἐϐραῖδα,
2871 3185 2968 3239 καὶ
2997 3179 3309 3249 καταξιὼσῃ
3345 3177 3440 3230 καὶ
3473 3169 3670 3244 ἑτέρας

2084 3285 2335 3356 γλώσσας
2350 3285 2429 3346 εἰς
2447 3281 2723 3352 πλήρωσιν
2743 3277 2852 3332 τῶν
2870 3295 2936 3330 πε
2944 3267 2998 3348 pi.
3020 3272 3183 3328 αὑτοῦ
3209 3265 3408 3345 ῥητῶν.

2083 3377 2193 3450 γὰρ
2230 3377 2329 3450 ήδη
2365 3372 2568 3428 ἁπλοῦν
2600 3373 2698 3443 τὴν
2729 3368 2908 3423 αὐτῶν
2945 3365 2968 3398 ⁸
2996 3365 3196 3436 γνῶσιν
3237 3363 3330 3416 ἐπὶ
3375 3361 3554 3413 πάντα
3597 3361 3676 3410 τὰ

2085 3473 2236 3542 ἔθνη,
2259 3471 2354 3524 καὶ
2374 3469 2474 3522 οὐκ
2489 3467 2582 3520 ἐπὶ
2597 3467 2722 3528 τοὺς
2735 3462 2829 3516 Ἐὅ
2839 3461 3024 3533 ραίους
3042 3457 3224 3531 μόνον·
3243 3453 3320 3517 ὡς
3339 3453 3452 3524 ἔχει
3469 3453 3504 3522 ἡ
3518 3451 3670 3503 πᾶσα

2086 3541 2225 3634 αῦτη
2253 3553 2544 3616 ἀκολουθία
2561 3559 2618 3611 ὲν
2648 3552 2878 3624 εἰκοστῷ
2901 3550 3101 3624 πρώτῳ
3125 3545 3346 3631 ψαλμῷ,
3375 3541 3482 3598 ἀπὸ
3507 3558 3668 3634 προίξ

2086 3631 2236 3708 rinion
2257 3654 2356 3724 τῆς
2374 3652 2642 3723 ὲνσᾶρκου
2662 3645 2826 3702 αὑτοῦ
2849 3641 3154 3724 παρουσίας
3257 3631 3668 3724 ἀνθρωποποιθῆ

2089 3745 2269 3798 πάντα
2295 3723 2459 3794 αὑτοῦ
2498 3737 2757 3810 δηλοῦσα.
2795 3734 2972 3796 Αὐτὸς
3003 3725 3060 3786 δὲ
3097 3725 3268 3784 ἐλθὼν
3299 3726 3562 3796 ἐπλήρου,
3593 3723 3670 3782 ὡς

2087 3837 2182 3891 καὶ
2222 3835 2368 3888 ἔστιν
2409 3825 2678 3888 ἀκόλουθα
2715 3822 2771 3883 ἐν
2813 3827 2922 3897 ὅλῳ
2953 3824 3030 3897 τῷ
3073 3821 3272 3894 ψαλμῷ
3317 3819 3397 3883 εἰς
3427 3811 3527 3887 τὴν
3571 3815 3672 3884 τῆς

2089 3921 2415 4000 ὑφηγήσεως
2439 3925 2645 3994 ταύτης
2673 3921 2938 3990 ἕνσαρκον
2971 3913 3273 3988 παρουσίαν
3307 3906 3568 3982 Χριστοῦ,

2091 3996 2340 4074 λειότατα
2369 4017 2430 4071 τὸ
2465 4018 2730 4089 διήγημα’
2767 4013 2842 4076 ὥς
2881 4028 3032 4080 φησι·
3069 4007 3179 4062 Καὶ
3207 4004 3561 4074 ἐμερίσαπο
3599 3996 3670 4050 τὰ

2091 4103 2289 4182 ἱμάτιὰ
2311 4127 2450 4180 μου·
2489 4102 2605 4172 καὶ,
2645 4105 2904 4174 Ὠρυεαν
2947 4101 3148 4173 χεῖράς
3179 4116 3299 4168 μου
3329 4089 3438 4148 καὶ
3481 4089 3671 4182 πόδας

2087 4181 2225 4273 ιιυυ·
2263 4201 2434 4256 αὐτοὶ
2460 4201 2528 4254 δὲ
2563 4199 2943 4266 κατενόησαν
2977 4193 3074 4248 καὶ
3105 4189 3348 4280 ἐπεῖδόν
3376 4203 3495 4280 μου
3509 4186 3550 4246 ’,
3579 4181 3672 4280 καὶ

2093 4295 2192 4346 ὅσα
2222 4293 2341 4346 ἐστὶ
2369 4292 2596 4347 τοιαῦτα
2623 4279 2914 4360 λεγόμενα,
2939 4286 2974 4341 ἃ.
3002 4286 3102 4338 οὐκ
3133 4279 3406 4350 ἐνδέχεται
3435 4275 3668 4344 πληροῦ-

2095 4385 2218 4439 σθαι
2261 4386 2342 4448 εἰς
2371 4384 2472 4455 τὴν
2511 4384 2778 4456 θεότηταε
2827 4379 2942 4436 ἀλλ’
2994 4381 3051 4432 ὲν
3095 4373 3260 4445 σαρκὶ
3291 4371 3388 4441 τῆς
3419 4367 3673 4452 θεότήτῠέ

2093 4477 2484 4549 οίκονομούσης
2511 4477 2581 4530 τὰ
2626 4475 2805 4530 πάντα
2846 4476 2903 4527 ὲν
2931 4468 3173 4539 ἀπαθείᾳ
3203 4456 3298 4519 καὶ
3331 4465 3389 4515 ὲν
3419 4457 3669 4530 ἀληθεία.

403 4565 712 4618 vestimenta
759 4582 874 4620 mea
901 4567 957 4631 ³;
995 4575 1080 4622 et:
1137 4567 1414 4623 Foderunt
1454 4581 1646 4624 manus
1708 4587 1874 4636 meas,
1931 4580 1980 4624 et
2031 4569 2183 4640 pedes
2211 4571 2426 4629 meos";
2470 4571 2596 4626 item
2645 4586 2660 4621 ε
2693 4566 2796 4640 ipsi
2837 4583 2954 4622 vero
2995 4560 3484 4618 consideraveruut,
3512 4561 3561 4606 et
3591 4551 3674 4602 in-

402 4667 684 4722 spexerunt
725 4673 804 4710 me
821 4655 862 4722 ⁸,
924 4671 987 4712 ac
1016 4665 1211 4714 caztera
1241 4660 1294 4714 id
1353 4669 1549 4730 genus,
1590 4675 1714 4730 quae
1767 4661 1822 4714 in
1870 4663 1986 4732 ipsa
2039 4662 2323 4717 divinitate
2365 4660 2549 4732 perfici
2595 4668 2908 4730 nequeunt,
2953 4655 3046 4711 sed
3086 4654 3140 4708 in
3175 4663 3341 4705 carne
3369 4646 3670 4706 duntaxat;

405 4753 568 4822 793
600 4751 654 4806 in
687 4758 794 4833 qua
821 4753 1085 4808 divinitas
1132 4755 1340 4819 omnia,
1390 4756 1537 4808 nulla
1575 4755 1862 4812 affectione
1928 4767 2201 4829 suscepta.
2232 4757 2327 4814 sed
2359 4773 2424 4812 ex
2447 4757 2526 4812 rei
2555 4765 2737 4838 tamen
2767 4754 3018 4816 veritate,
3049 4745 3318 4838 praestitit.
3420 4828 3428 4838 ξ

472 4839 680 4895 LXVII.
721 4831 938 4898 Rursus
967 4843 1120 4897 velut
1161 4843 1358 4899 furiosi
1406 4845 1628 4914 quidam
1660 4861 1846 4913 canes,
1879 4863 1949 4903 ne

2157 4849 2271 4904 ΞΖ’.
2315 4847 2654 4919 Ἀναπηδῶσι
2694 4837 2752 4900 δὲ
2787 4845 2971 4910 πάλιν,
2999 4843 3076 4907 ὡς
3105 4835 3155 4894 οἱ
3203 4831 3469 4910 ἐμμανεῖς
3511 4833 3672 4896 κύνες

401 4947 508 5004 que
537 4933 819 4987 dominum
847 4937 958 5003 prae
991 4931 1145 4988 rabie
1170 4935 1406 5006 amplius
1437 4946 1818 5007 agnoscentes,
1849 4943 1902 4994 et
1931 4941 1984 4993 in

403 5027 580 5097 ipsum
651 5025 888 5096 primitur
964 5025 1227 5099 impetum
1314 5029 1578 5085 facientes
1616 5071 1632 5096 ,
1713 5032 1980 5088 insiliunt.

399 5113 668 5186 Cumque,
699 5116 996 5174 fatentibus
1023 5119 1204 5182 nobis,
1224 5119 1277 5174 id
1306 5121 1451 5190 quod
1483 5137 1571 5177 res
1603 5129 1708 5186 est,
1733 5125 1982 5192 audiunt,

398 5202 678 5262 Christum
713 5205 1000 5263 Dominum
1029 5209 1083 5262 in
1130 5209 1424 5280 Evangelia
1451 5211 1516 5266 de
1541 5213 1826 5285 discipulis
1871 5217 1986 5272 suis

401 5293 506 5350 ista
535 5297 743 5354 dixisse
771 5317 784 5354 :
825 5299 969 5367 Quos
993 5299 1190 5355 dedisti
1219 5301 1368 5364 mihi,
1407 5288 1588 5368 Pater,
1635 5307 1836 5359 servavi
1865 5296 1986 5362 illos

399 5388 455 5442 in
485 5391 680 5446 mundo
714 5393 756 5447 °.
787 5392 992 5450 Deinde
1021 5410 1036 5448 :
1075 5385 1190 5448 Fac
1220 5395 1382 5465 ipsos,
1412 5405 1470 5448 ut
1505 5385 1612 5450 sint
1644 5397 1698 5450 in
1724 5411 1823 5460 me,
1853 5399 1990 5452 sicut

399 5499 494 5552 ego
535 5493 584 5538 et
611 5493 666 5538 tu
697 5499 862 5541 unztm
887 5505 1072 5543 smnus
1103 5489 1124 5520 "
1152 5506 1165 5555 ;
1205 5497 1320 5544 tum
1351 5487 1426 5545 illi
1464 5492 1625 5546 nobis
1665 5492 1936 5562 objiciunt
1971 5503 1984 5547 ι

529 5661 760 5745 Philipp.
815 5681 906 5745 iit:
939 5663 990 5717 I.

405 5735 426 5764 ³
456 5725 518 5784 E'.
551 5725 740 5788 αὑτοῦ.
815 5735 836 5766 ⁹
866 5737 992 5792 Cor.
1029 5754 1115 5806 [1.5.

1078 5668 1097 5697 ¹
1125 5665 1267 5724 Psal.
1299 5683 1414 5734 XXI,
1455 5656 1510 5721 9.
1589 5657 1608 5700 ⁵
1642 5666 1772 5722 ibid.
1819 5665 1903 5722 I9.
1984 5666 2000 5699 ⁵
2035 5667 2165 5723 ibid.
2209 5667 2291 5722 I7.

2093 4942 2268 5015 λύσσῃ
2300 4942 2406 4995 τινὶ
2439 4939 2812 5010 κατεχόμενοι,
2847 4937 2939 4991 τὸν
2969 4935 3148 4989 αὐτῶν
3175 4930 3443 5000 δεσπότην
3469 4927 3554 4980 διὰ
3575 4924 3673 4995 τὴν

2093 5034 2296 5088 λύσσαν
2326 5032 2668 5102 ἀγνοοῦντες,
2720 5031 2813 5084 καὶ¹
2847 5027 2996 5099 αὐτῷ
3039 5025 3254 5098 πρῶτον
3297 5019 3670 5092 ἐπερχόμενοι.

2094 5121 2206 5176 Καὶ
2251 5122 2468 5190 λέγουσι
2514 5121 2696 5186 πάλιν,
2731 5121 2858 5172 ὅταν
2907 5117 3183 5171 ἀκούσωσι
3233 5112 3363 5183 παρ’
3397 5109 3574 5181 ἡμῶν,
3601 5107 3674 5170 ὡς

2094 5213 2242 5267 ἐστιν
2267 5205 2484 5285 ἀληθὲς,
2517 5214 2592 5276 ὠς
2619 5212 2713 5266 τοῦ
2737 5209 2942 5282 Κυρίου
2967 5209 3214 5277 λέγοντος
3239 5207 3297 5258 ὲν
3326 5203 3404 5274 τῷ
3435 5200 3673 5268 Εὐαγγε·

2094 5305 2193 5376 λίῳ
2225 5307 2354 5376 περὶ
2399 5307 2508 5359 τῶν
2541 5297 2708 5359 αὑτοῦ
2755 5302 3046 5375 μαθητῶν*
3077 5300 3196 5365 Οὓς
3239 5291 3507 5360 δέδωκάς
3550 5309 3670 5361 μοι,

2091 5397 2304 5467 Πάτερ,
2327 5397 2604 5469 ἐφύλαξα
2627 5397 2851 5463 αὐτοὺς
2877 5396 2949 5449 ἐν
2982 5393 3060 5459 τῷ
3089 5393 3323 5461 κόσμον
3354 5389 3450 5443 καὶ
3474 5385 3636 5440 πάλιν
3657 5399 3670 5413 ·

2093 5491 2362 5560 Ποίησον
2389 5489 2612 5557 αὐτοὺς
2643 5491 2743 5544 ἵνα
2781 5483 2932 5542 ὦσιν
2966 5485 3037 5538 ἐν
3074 5481 3224 5553 ἐμοὶ,
3267 5482 3349 5547 ὡς
3381 5473 3542 5550 κάγὼ
3577 5469 3672 5528 καὶ

2396 5669 2416 5701 ⁵
2457 5666 2587 5724 ibid.
2621 5667 2708 5723 I8.
2786 5665 2806 5698 ⁸
2831 5664 2990 5721 Joan.
3021 5673 3151 5730 xvn‘,
3201 5661 3287 5717 I2.
3369 5657 3388 5688 ⁷
3424 5653 3556 5712 ibid.
3579 5648 3670 5709 21.
