3994 6226
306 418 422 474 ’513

310 531 398 586 σὺ
428 527 500 584 ἐν
525 527 715 598 ἐσμεν
733 541 744 554 ·
777 523 869 577 καὶ
893 520 1143 590 λέγουσιν
1163 535 1177 550 ο
1222 516 1386 587 ὐρᾷς
1414 513 1476 566 τὺ
1502 512 1594 565 ὑπ’
1627 507 1790 563 αὐτοῦ
1815 507 1902 558 λε·
1932 511 1975 564 Α

313 618 571 689 γόμενον,
599 596 694 667 δτι.
735 611 878 680 Ἐ’τὼ
923 609 994 663 ἐν
1043 607 1124 674 τῷ
1163 604 1365 671 Πατρὶ,
1401 601 1500 655 καὶ
1548 603 1579 654 ό
1616 597 1816 666 Πατὴρ
1842 596 1911 648 ἑν

315 686 470 777 ἐμοὶ,
509 703 603 758 καὶ
641 705 695 756 οἱ
720 697 830 755 δύο
857 699 927 753 ἓν
954 698 1160 767 ἐσμεν,
1189 697 1269 750 δτι
1299 694 1360 747 οὐ
1398 693 1525 762 περὶ
1557 690 1798 763 ἰσότητος
1826 686 1910 738 λέ-

315 761 432 865 γει,
459 761 606 848 ’ἀλλὰ
644 792 770 864 περὶ
806 761 1089 862 ὁμονοίας;
1135 761 1258 850 Πῶς
1301 785 1411 856 γὰρ
1447 761 1698 836 δύνανται
1727 761 1776 831 οἱ
1810 793 1914 847 μα-

321 879 486 962 θηταὶ
535 891 592 940 ὲν
629 885 778 957 αὑτῷ
812 879 951 938 εἶναι
999 881 1141 936 κατὰ
1195 879 1436 948 ἱσότητα,
1485 874 1621 930 ἀλλὰ
1668 873 1743 944 μὴ
1777 870 1919 923 κατὰ

318 961 421 1054 τὴν
456 982 738 1052 ὁμόνοιανς
770 979 882 1032 Καὶ
907 977 1070 1039 εὐθὺς
1101 973 1275 1044 πάντη
1303 971 1514 1040 ἐλέγχει
1542 966 1738 1028 αὐτοὺς
1762 968 1794 1035 ἡ
1823 961 1917 1016 τοῦ

323 1074 464 1130 Θεοῦ
512 1073 761 1143 ἀλήθεια,
810 1071 886 1134 ὡς
928 1069 1052 1122 οὕτε
1078 1070 1127 1121 οἱ
1177 1065 1414 1138 μαθηταὶ
1466 1061 1728 1132 ἠδύναντο
1763 1056 1922 1110 τοῦτο

327 1157 595 1238 πληροῦν,
624 1161 746 1220 οὔτε
778 1183 842 1219 πε
854 1165 904 1235 pl.
927 1162 1108 1216 αὐτῶν
1137 1159 1296 1213 τοῦτο
1333 1157 1582 1231 ῥηθῆναι,
1616 1155 1663 1207 εί
1690 1151 1763 1224 μὴ
1790 1153 1925 1204 ὲκοιιι

327 1259 540 1329 νώνησε
569 1259 672 1329 τῆς
704 1260 882 1312 αὐτῶν
924 1254 1146 1327 σαρκὸς.
1180 1250 1350 1306 ἐλθὼν
1373 1251 1401 1302 ὁ
1433 1248 1624 1316 Λόγος,
1673 1243 1766 1297 καὶ
1797 1260 1924 1297 συν-

329 1348 476 1417 άψας
495 1347 693 1410 αὐτοὺς
714 1349 770 1399 ὲν
792 1344 940 1416 αὑτῷ
957 1347 1036 1407 είς
1064 1341 1358 1396 υἱοθεσίαν.
1389 1339 1488 1391 Διὰ
1518 1336 1677 1389 τοῦτο
1705 1334 1812 1405 γὰρ
1834 1332 1927 1385 καὶ

331 1442 513 1510 πάντη
543 1442 599 1493 ἐν
631 1439 707 1508 τῷ
745 1437 988 1508 ’ᾼσματι
1016 1433 1124 1488 τῶν
1154 1433 1416 1505 ᾀσμάτων
1437 1428 1536 1500 τὴν
1569 1427 1728 1495 ἁγίαν
1760 1414 1926 1477 αὑτοῦ

346 1535 677 1604 Ἐκκλησίαν
713 1532 937 1604 πλησίον
967 1531 1144 1593 καλεῖ,
1181 1523 1518 1600 προσφωνῶν
1551 1523 1686 1592 αὐτῇ
1719 1519 1806 1572 διὰ
1830 1519 1930 1588 τῆς
1968 1537 1983 1548 ·

335 1623 500 1694 ἁγίας
523 1623 693 1678 αὑτοῦ
720 1623 925 1693 φωνῆς,
955 1623 1053 1692 τῆς
1082 1617 1440 1689 ἀνεγερτικῆς
1467 1615 1560 1668 καὶ
1606 1627 1929 1682 προτρεπτι-

335 1719 462 1788 κῆς,
487 1703 663 1785 λέγων
691 1715 753 1768 τὸ
774 1757 787 1779 ,
829 1712 1112 1776 Ἀνάστα,
1139 1709 1278 1764 ἐλθὲ
1307 1707 1574 1774 πλησίον
1597 1722 1736 1772 μου,
1773 1698 1929 1765 καλή

333 1830 478 1882 μου.
529 1807 851 1877 περιστερὰ
876 1825 1014 1875 μου.
1053 1805 1166 1859 Καὶ
1214 1804 1364 1875 ὁρᾷς.
1401 1792 1475 1864 ὡς
1504 1797 1729 1869 πλησίον
1749 1793 1931 1863 ἀὐτὴν

339 1901 534 1964 καλεῖ;
567 1901 681 1953 Οὐκ
711 1899 943 1970 ἠδύνατο
965 1898 1020 1951 δὲ
1045 1898 1077 1968 ἡ
1124 1892 1418 1964 Ἐκκλησία
1445 1889 1668 1960 πλησίον
1696 1884 1932 1958 Χριστοῦ

343 1992 646 2053 καλεῖσθαι,
683 1993 729 2046 εἱ
769 1991 842 2062 μὴ
869 1989 1074 2044 ἄνωθεν
1105 1985 1257 2060 ἦλθε,
1286 1986 1378 2038 καὶ
1415 1982 1743 2053 ἐπλησίασεν
1774 1979 1931 2048 αὐτῇ,

344 2087 415 2140 δι’
438 2081 507 2158 ἧς
552 2085 708 2138 ἔλαϐε
747 2078 948 2156 σαρκὸς
986 2079 1371 2154 ὁμοιοπαθοῦς,
1398 2077 1484 2130 ἵνα
1511 2075 1610 2145 τὴν
1637 2071 1940 2142 πλησιάσα-

352 2187 452 2260 σαν
485 2177 634 2248 αὖτῷ
667 2176 1084 2248 ἅνθρωπὸτητα,
1123 2163 1447 2240 συναγαγὼν
1478 2168 1605 2231 τοὺς
1638 2167 1694 2218 ὲν
1724 2159 1938 2233 ὑπακοῇ

351 2273 679 2343 γενομένους
733 2268 961 2340 πλησίον
1011 2265 1209 2337 ἑαυτῷ,
1262 2264 1465 2337 καλέσῃ
1497 2263 1596 2333 τὴν
1649 2258 1810 2328 ἁγίαν
1847 2249 1942 2311 καὶ

354 2365 581 2422 ᾶτπιλον
606 2362 842 2434 νύμφην.
1367 2363 1377 2370 “

432 2630 543 2686 Καὶ
581 2628 668 2682 διὰ
707 2626 864 2680 τοῦτο
898 2623 1130 2679 ἐνταῦθα
1173 2617 1264 2675 τὸν
1298 2617 1519 2691 Πατέρα
1559 2606 1946 2684 αἰτεῖὁΛόγος,

361 2725 391 2776 6
418 2721 623 2793 Κύριος
657 2717 816 2790 ἡμῶν
848 2719 876 2770 ὁ
908 2715 1226 2783 Μονογενὴς
1257 2712 1386 2783 περὶ
1418 2709 1526 2762 τῶν
1560 2705 1838 2778 μαθητῶν,
1866 2705 1951 2758 ἵνα

360 2800 498 2867 ὦσιν
531 2813 588 2864 ἐν
619 2809 816 2880 ἑαυτῷ,
847 2809 934 2862 ἵνα
975 2806 1071 2878 τὴν
1105 2804 1423 2874 συγγένειαν
1451 2801 1547 2872 τὴν
1575 2800 1654 2862 εἰς
1681 2795 1844 2850 αὑτὸν
1866 2795 1954 2849 διὰ

363 2903 463 2974 τῆς
506 2901 707 2973 σαρκδς
733 2898 1033 2971 γενομένην
1068 2895 1287 2966 εὐδοκία
1322 2883 1556 2961 Πατρδς,
1585 2887 1953 2956 ἁγιᾱσθέντων

363 2996 475 3047 τῶν
524 2993 801 3064 μαθητῶν,
843 2993 924 3055 είς
971 2983 1198 3058 ἑνότητα
1245 2985 1492 3045 εὐδοκίας
1539 2983 1636 3035 καὶ
1685 2971 1955 3040 υἱοθεσίας

366 3087 618 3160 συνάψῃο
650 3084 737 3140 ἵνα
782 3085 978 3156 ἔχωσιν
1011 3083 1068 3134 ἑν
1111 3079 1189 3151 τῷ
1232 3075 1564 3149 πρωτοτόκῳ
1601 3074 1693 3128 τοῦ
1745 3071 1957 3142 Πατρὸς

368 3180 487 3250 τὴν
523 3179 881 3248 ἀπογραφὴν
907 3174 1026 3229 τῶν
1047 3172 1438 3241 πρωτοτόκων
1466 3169 1538 3221 ὲν
1575 3163 1809 3234 οὐρανῷ
1826 3181 1839 3194 ·
1866 3163 1960 3216 καὶ

372 3274 462 3327 ἵνα
497 3275 570 3344 μή
601 3288 743 3334 τινες
772 3270 1034 3339 νομίσωσι
1063 3266 1153 3319 τὸν
1184 3265 1314 3317 Υἱδν
1345 3256 1835 3330 ἀπαλλοτριοῦσθαί
1864 3255 1961 3325 τῆς

369 3367 468 3420 τοῦ
509 3363 724 3435 Πατρδς
749 3351 942 3433 δόξης,
975 3361 1064 3413 διὰ
1096 3357 1156 3412 τὸ
1194 3353 1566 3427 πεφορηκέναι
1616 3350 1815 3421 σάρκα,
1862 3349 1963 3400 ἐπ-

374 3456 810 3528 ασφαλιζόμενος
827 3455 925 3524 τὴν
942 3452 1127 3505 πίστιν
1149 3449 1246 3503 καὶ
1272 3447 1368 3517 τὴν
1384 3436 1484 3517 τῆς
1507 3442 1769 3513 ἀληθείας
1799 3436 1965 3493 αὐτοῦ

374 3551 601 3621 γνῶσιν,
644 3551 717 3622 μὴ
759 3551 815 3602 ὲν
847 3539 1074 3616 ὑπονοίᾳ
1099 3536 1206 3597 τινὶ
1237 3533 1492 3610 γενέσθαι
1519 3537 1627 3591 τῶν
1655 3529 1821 3589 αὑτοῦ
1848 3523 1971 3585 δού-

378 3635 510 3709 λων,
553 3644 649 3698 καὶ
695 3621 797 3710 τῆς
848 3637 1060 3712 ἐλπίδος
1105 3633 1329 3688 ἐκπέσοι
1377 3634 1405 3684 ὁ
1458 3628 1722 3690 τοιοῦτος,
1773 3621 1966 3693 φησίν·

380 3730 508 3792 Ἵνα
525 3732 694 3799 ὦσιν,
723 3732 803 3799 ὡς
822 3729 936 3802 ἐγὼ
958 3728 1058 3782 καὶ
1086 3726 1167 3782 σὺ
1190 3725 1259 3779 ἓν
1283 3724 1490 3792 ἐσμεν,
1512 3720 1664 3774 οὕτω
1685 3716 1783 3770 καὶ
1810 3710 1976 3769 οὗτοι

381 3824 454 3882 ἓν
473 3823 644 3882 ὦσιν.
681 3823 828 3893 Ἐγὼ
864 3799 984 3892 μὲν
1025 3818 1134 3890 γὰρ
1182 3815 1278 3870 καὶ
1327 3813 1408 3868 σὺ
1439 3812 1508 3865 ἓν
1533 3811 1740 3878 ἐσμεν,
1783 3805 1871 3858 διὰ
1915 3799 1978 3855 τὸ

385 3921 520 3974 θεὸν
547 3923 612 3974 ὲκ
638 3916 793 3979 Θεοῦ,
827 3916 920 3968 καὶ
943 3912 1228 3983 ὁμοούτιον
1268 3911 1326 3961 ἐν
1363 3905 1598 3975 θεότητι.
1626 3903 1740 3954 Καὶ
1759 3893 1839 3960 τὸ,
1867 3897 1980 3950 Ἕν

387 4015 599 4083 ἐσμεν,
629 4012 726 4082 οὐχ
759 4009 936 4063 ἑνικὸν
967 4003 1240 4076 σημαίνει.
1281 4001 1394 4054 Οὐκ
1416 3995 1538 4052 εἶπε
1568 3997 1699 4064 γὰρ,
1733 3995 1815 4047 ὅτι
1839 3988 1981 4059 Ἐγὼ

391 4101 474 4168 εἷς
503 4106 643 4172 εἰμι,
674 4101 786 4155 ἀλλ’
832 4097 974 4168 Ἐγὼ
995 4095 1091 4149 καὶ
1123 4093 1204 4148 σύ
1223 4107 1238 4123 ⁸
1273 4091 1368 4144 καὶ
1387 4090 1470 4156 τὸ,
1511 4089 1626 4142 ’Ἑν
1653 4086 1864 4153 ἐσμεν,
1897 4083 1986 4134 ἵνα

394 4191 594 4270 ἐλέγξῃ
643 4194 931 4249 Σαϐἐλλιον
960 4191 1056 4244 καὶ
1097 4189 1195 4260 τὴν
1242 4183 1408 4240 αὐτοῦ
1445 4180 1661 4252 σχολὴν,
1693 4177 1784 4230 τὸν
1837 4173 1990 4245 νομί-

397 4262 678 4353 ζοντα-τὸν
709 4284 837 4338 Υἱὸν
864 4281 958 4335 καὶ
988 4280 1079 4332 τὸν
1099 4275 1323 4349 Πατέρα
1352 4269 1680 4339 συναλοιφὴν
1705 4262 1864 4330 εἶναι,
1897 4262 1991 4315 καὶ

397 4351 492 4433 τὸν
546 4376 766 4448 Πατέρα
813 4373 950 4446 πρὸς
983 4371 1045 4425 τὸ
1092 4371 1247 4439 ἁγιον
1299 4361 1527 4434 Πνεῦμα
1572 4357 1854 4420 ὡσαύτωςδ
1893 4351 1992 4407 Διὰ

398 4472 560 4526 *τοῦτο
588 4443 884 4541 γὰρ-λέγει’,
917 4465 1026 4518 Ἔν
1051 4459 1362 4532 ἐσμεν,καὶ
1394 4457 1494 4510 οὐκ
1518 4449 1691 4515 εἶπεν,
1724 4443 1819 4512 Εἷς
1851 4448 1990 4518 εἰμι.

402 4565 510 4620 Δύο
541 4565 640 4636 μὲν
672 4540 786 4633 γὰρ
819 4559 1023 4621 τέλεια,
1058 4555 1252 4626 Πατὴρ
1283 4551 1378 4606 καὶ
1413 4546 1571 4610 Υἰὸς·
1609 4543 1666 4598 ἓν
1693 4543 1752 4596 δὲ
1779 4541 1868 4594 διὰ
1891 4540 1990 4610 τὴν
2022 4567 2068 4624 D

409 4630 654 4726 ίσότητα,
791 4651 889 4722 τὴν
915 4648 1166 4718 θεότητα,
1191 4644 1286 4699 καὶ
1318 4641 1446 4714 μίαν
1466 4638 1714 4707 δύναμιν,
1741 4633 1836 4687 καὶ
1866 4630 1994 4702 μίαν

407 4724 724 4823 ὁμοιότητα.
776 4746 864 4804 Ἐν
893 4745 960 4814 τῇ
1002 4737 1095 4795 οὖν
1125 4738 1341 4823 θεότητι
1381 4733 1576 4804 Πατὴρ
1608 4729 1704 4784 καὶ
1743 4725 1871 4789 Υἱὸς
1897 4724 1956 4778 ἓν
1978 4737 1994 4754 ⁸

410 4817 469 4896 ὲν
495 4834 562 4912 τῇ
594 4817 947 4909 ἁνθρωπήσει
981 4823 1110 4894 Υἱδς
1143 4826 1238 4880 καὶ
1265 4817 1314 4878 οἱ
1347 4819 1587 4896 μαθηταὶ
1616 4818 1696 4879 ἒν,
1727 4829 2001 4888 προσαγο-

416 4934 593 5007 μένων
621 4930 730 4994 τῶν
756 4929 845 4982 διὰ
873 4926 968 4997 τὴν
1001 4919 1329 4984 καταξίωσιν
1354 4915 1452 4985 τῆς
1486 4913 1730 4983 κλήσεως
1758 4907 1866 4961 τῶν
1899 4923 2005 4977 μα-

414 4997 593 5098 θητῶν
622 5023 716 5078 ἐπὶ
756 5021 816 5074 τὸ
842 5016 1230 5085 ἁνεκδιήγητον
1263 5009 1362 5081 τῆς
1394 5005 1559 5060 αὐτοῦ
1593 4997 2006 5073 φιλανθρωπίας

417 5090 498 5182 εἰς
533 5118 661 5190 μίαν
693 5115 920 5184 ἑνότητα
957 5107 1232 5168 υἱοθεσίας
1264 5103 1352 5157 διὰ
1392 5099 1491 5170 τὴν
1529 5096 1622 5151 τοῦ
1655 5095 1868 5166 Πατρὸς
1912 5090 2008 5144 καὶ

419 5211 550 5266 Tia-3
581 5209 678 5263 ml.
707 5205 803 5260 τοῦ
836 5202 992 5272 ἁγίου
1036 5197 1356 5268 Πνεύματος
1398 5190 1666 5245 εὐδοκίαν.
1704 5186 1815 5240 Καὶ
1846 5184 2008 5239 πάλιν

420 5306 743 5378 ὲλήλεγκται
773 5301 805 5370 ή
832 5297 1006 5365 πλάνη
1037 5291 1145 5346 τῶν
1172 5287 1438 5361 ματαίων,
1467 5283 1596 5354 περὶ
1625 5278 1720 5333 τοῦ
1751 5277 1882 5331 ἰδίου
1916 5275 2013 5328 αὑ-

421 5399 534 5452 τῶν
555 5393 829 5460 Δεσπότου
849 5385 1051 5450 ’κακῶς
1085 5381 1444 5457 φρονούντων.

427 5489 608 5549 sancti
675 5483 948 5543 sententia
1006 5475 1283 5550 perduxit.
1327 5473 1446 5538 Qua
1494 5465 1716 5539 quidem
1777 5461 1990 5517 ratione
2041 5462 2470 5518 vanissimOrum

431 5579 790 5638 sentientium
817 5575 954 5629 falsa
991 5569 1310 5626 confutatur
1339 5561 1547 5634 opinio.

501 5675 629 5734 ΞΗ’.
663 5670 957 5746 Παρελθὼν
990 5669 1046 5721 δὲ
1081 5665 1175 5720 καὶ¹
1202 5660 1405 5732 ταύτην
1436 5660 1533 5731 τὴν
1559 5657 1724 5723 λέξιν,
1760 5653 1857 5710 τὰς
1892 5647 2018 5720 ἒξῆξ

437 5769 812 5840 διασκοπήσω.
836 5759 1163 5836 ῐιροπηδῶσι
1189 5756 1247 5810 δέ
1265 5771 1415 5817 τινας
1441 5751 1614 5817 λέξεις
1635 5748 1843 5808 ἑαυτοῖς
1867 5745 2023 5812 ἐφευ-

514 5838 712 5938 ¹ιοθιι.
744 5894 856 5946 xlv,
888 5878 954 5934 -ιο
976 5893 990 5946 ;
1016 5891 1072 5942 x,
1099 5874 1190 5929 30.
1268 5874 1288 5904 ³
1320 5871 1478 5925 Cant.
1510 5883 1569 5933 ιι,
1604 5867 1685 5921 10.
1763 5863 1782 5893 ⁸
1817 5859 1961 5914 llebr

2072 5872 2104 5916 ι,
2128 5853 2220 5906 "2.3.
2299 5849 2317 5878 ‘
2340 5845 2493 5900 Jean.
2523 5857 2658 5906 ιιι-ιι,
2682 5838 2772 5894 ‘32.

923 395 1288 462 ADVERSUS
1325 387 1667 455 [massas
1709 393 1832 448 LIB.
1879 390 1941 446 ιι.
1983 376 2148 444 Ton.
2192 377 2258 440 ιι.
2297 415 2366 423 -
2407 349 2677 436 naues.
2721 366 2908 430 mox.
3481 350 3588 417 stt

2005 497 2402 555 Animadvertis
2440 488 2749 562 cujustnodi
2797 487 2887 542 illa
2923 483 3086 539 verba
3134 479 3280 535 sint?
3329 475 3464 548 Ego,
3506 475 3591 528 in—

2011 594 2150 665 quit,
2188 593 2242 643 in
2294 589 2475 648 Patre,
2501 594 2549 639 et
2584 583 2746 637 Pater
2787 582 2844 635 in
2882 597 2981 642 me,
3018 585 3066 632 et
3105 573 3256 629 ambo
3295 585 3459 623 unum
3495 583 3589 621 sud

2014 697 2129 734 ntus
2168 679 2207 732 ί.
2242 677 2372 743 Qua:
2416 691 2521 728 non
2551 672 2618 727 de
2649 670 2961 740 aequalitate
3008 674 3240 729 natura},
3277 659 3373 716 sed
3407 659 3474 712 de
3501 673 3593 710 vo-

2015 774 2288 827 luntatum
2321 765 2618 823 concordia
2650 772 2751 834 par
2785 770 2869 818 est
2897 759 3092 829 accipi.
3134 751 3419 823 Quomodo
3447 747 3593 804 enim

2018 863 2292 934 discipuli,
2325 861 2369 915 si
2394 860 2460 914 de
2487 857 2816 927 aequalitate,
2851 867 2958 906 non
2989 850 3055 904 de
3091 844 3385 902 concordia
3413 854 3594 896 sermo

2020 957 2112 1018 sit,
2146 957 2198 1010 in
2234 955 2350 1022 ipso
2383 966 2507 1005 esse
2535 943 2866 1018 potuerunt?
2895 941 3002 996 Sed
3051 940 3118 992 ab
3147 935 3294 990 omni
3331 940 3484 1003 parte
3514 929 3597 982 di-

2022 1046 2162 1100 vime
2211 1021 2331 1096 illos
2377 1039 2622 1094 veritatis
2671 1033 2972 1089 auctoritas
3011 1028 3210 1083 refellit
3249 1021 3438 1093 :quod
3487 1034 3597 1073 non

2024 1139 2181 1192 aliter
2215 1136 2317 1188 hoc
2351 1129 2561 1202 impleri
2603 1129 2670 1182 ab
2709 1124 2974 1197 apostolis
3011 1119 3205 1191 potuit,
3245 1131 3344 1169 nec
3385 1115 3453 1167 de
3496 1110 3604 1163 illis

2026 1228 2169 1285 istud
2207 1229 2384 1296 ipsmn
2416 1221 2780 1295 pronuntiari,
2816 1216 2920 1272 nisi
2953 1212 3138 1268 carnis
3185 1211 3400 1262 illorum
3435 1202 3604 1272 parii-

2027 1336 2153 1390 ccps
2181 1319 2422 1372 divinum
2459 1313 2694 1367 Verbum
2749 1309 2964 1365 fuisset.
3001 1303 3336 1366 eosdemque
3383 1293 3436 1345 in
3486 1305 3609 1344 sese

2029 1408 2319 1479 adoptione
2343 1405 2640 1475 junxisset.
2667 1401 2844 1468 Atque
2873 1396 3063 1450 eadem
3095 1406 3259 1444 causa
3293 1395 3397 1447 est,
3426 1398 3523 1434 cur
3553 1381 3609 1432 in

2029 1502 2253 1558 Cantico
2281 1497 2623 1552 canticorum
2654 1496 3066 1547 sacrosanctam
3115 1496 3270 1538 suam
3308 1475 3604 1530 Ecclesiam

2031 1595 2232 1662 ubique
2259 1589 2562 1660 proximam
2593 1583 2847 1655 appellet.
2889 1593 3050 1648 quam
3081 1589 3210 1627 voce
3239 1584 3335 1626 sua
3362 1566 3610 1622 excitans

2030 1697 2084 1744 et
2127 1686 2422 1739 cohortans
2475 1680 2621 1732 hunc
2675 1677 2728 1729 in
2776 1673 2996 1726 modum
3054 1663 3388 1734 compellat:
3427 1657 3615 1724 Surget

2033 1777 2164 1836 veni,
2205 1773 2448 1843 proxima
2496 1785 2631 1829 mea,
2673 1766 2906 1830 (ortnosa
2954 1776 3088 1819 mea,
3138 1754 3380 1810 columba
3415 1765 3530 1802 mea
3566 1744 3612 1798 ’.ι

1966 1875 2007 1929 Β
2037 1869 2270 1922 Videsne
2297 1873 2353 1917 ut
2381 1864 2526 1916 illam
2553 1858 2855 1931 proximam
2881 1848 3160 1906 nominet?
3182 1844 3344 1914 Atqui
3370 1841 3616 1912 proxima

2037 1975 2158 2016 esse
2184 1956 2407 2013 Christo
2432 1951 2679 2007 Ecclesia
2710 1963 2818 2001 non
2847 1949 3081 2016 poterat,
3112 1939 3218 1993 nisi
3249 1937 3318 1990 de
3345 1932 3488 1987 creto
3533 1929 3623 1981 ille

2039 2050 2380 2108 descendens
2410 2046 2477 2100 ad
2507 2059 2626 2099 eam
2660 2040 2985 2095 accessisset
3015 2053 3028 2088 :
3061 2038 3282 2102 propter
3315 2039 3477 2096 quam
3527 2020 3624 2073 iisa

2040 2145 2162 2200 dem
2192 2139 2574 2196 affectionibus
2600 2132 2896 2189 obnoxiam
2939 2127 3043 2181 sibi
3074 2137 3294 2179 carnem
3347 2112 3625 2185 imposuit,

2043 2245 2102 2292 ut
2131 2237 2431 2289 humanum
2469 2243 2643 2300 genus
2674 2224 2741 2279 ad
2787 2237 2909 2277 sese
2935 2218 3162 2290 propius
3195 2209 3460 2267 accedens
3505 2219 3632 2260 sam

2045 2338 2188 2383 clam
2236 2342 2299 2381 ac
2327 2325 2465 2377 labis
2496 2330 2772 2390 expertem
2823 2326 3083 2384 sponsam
3117 2313 3355 2363 voearet,
3389 2295 3634 2355 collectis

2045 2420 2301 2476 onmibus
2348 2418 2438 2480 iis,
2478 2415 2570 2484 qui
2609 2412 2882 2478 obsequio
2929 2398 3346 2474 propinquiorcs
3377 2392 3478 2447 sibi
3515 2404 3637 2443 esse

2048 2514 2369 2582 cwpissent.

2120 2604 2260 2657 lline
2297 2617 2326 2654 a
2375 2599 2532 2654 Patre
2580 2610 2680 2652 suo
2725 2590 2967 2664 postulat
3040 2587 3143 2640 hoc
3185 2583 3305 2636 loco
3361 2574 3638 2636 Verbum,

2051 2701 2157 2754 hoc
2198 2705 2282 2750 est
2315 2692 2580 2749 Dominus
2625 2697 2831 2748 noster,
2875 2682 3071 2738 unicus
3103 2677 3197 2731 Dei
3228 2672 3422 2732 Filius,
3448 2683 3511 2720 ac
3543 2679 3642 2734 pro

2054 2787 2338 2859 discipulis
2355 2783 2645 2854 supplicat,
2667 2780 2795 2833 utin
2815 2776 2996 2846 seipso
3010 2773 3119 2828 sint
3140 2787 3152 2823 :
3171 2782 3279 2838 quo
3295 2765 3442 2818 illam
3460 2757 3647 2814 carnis

2056 2885 2367 2939 interventu
2401 2874 2782 2947 cognationem
2811 2868 2878 2922 de
2932 2864 3111 2919 Patris
3147 2861 3203 2915 in
3242 2873 3302 2913 se
3360 2853 3646 2906 voluntate

2058 2981 2396 3031 contractam
2425 2963 2784 3024 sanetiiicatis
2832 2955 3120 3026 discipulis
3150 2951 3315 3005 unius
3349 2939 3648 3000 voluntatis

2059 3078 2113 3124 et
2138 3063 2449 3135 adaptionis
2487 3055 2874 3126 conjunctione
2907 3047 3410 3118 copularet;atqne
3452 3043 3507 3087 ut
3559 3045 3652 3100 per

2065 3158 2484 3232 primogenitum
2503 3151 2703 3212 Patris,
2720 3141 3202 3217 primogenitorum
3223 3136 3275 3188 in
3294 3132 3434 3186 cmlo
3451 3125 3656 3180 descri-

2065 3255 2304 3326 ptionem
2327 3243 2348 3281 ³
2378 3247 2722 3302 obtinerent:
2746 3252 2880 3292 neve
2905 3251 2934 3288 a
2960 3241 3185 3302 paterna
3218 3223 3390 3296 gloria
3415 3220 3654 3273 alienum

3021 3325 3026 3326 ’
3283 3319 3293 3326 ·
3434 3321 3446 3326 -
3555 3325 3579 3326 η
3597 3323 3612 3326 -
3629 3304 3654 3326 γι

2066 3304 2194 3326 τί--.
2228 3304 2244 3306 _

2066 3365 2189 3406 esse
2220 3346 2420 3401 Filium
2456 3356 2519 3395 ex
2551 3355 2614 3392 eo
2641 3330 2891 3388 nonnulli
2928 3325 3032 3382 sibi
3060 3319 3475 3394 persuaderent,
3512 3304 3658 3380 quod

2069 3454 2288 3496 carnem
2324 3420 2785 3507 gestasset.Unde
2807 3431 2865 3477 ut
2896 3428 2948 3476 et
2978 3419 3134 3472 iidem
3157 3430 3219 3469 ac
3257 3409 3506 3466 veritatis
3534 3419 3645 3458 sua:

2071 3531 2436 3603 cognitionem
2473 3522 2733 3584 muniret,
2791 3529 2844 3572 et
2885 3514 3021 3570 nihil
3059 3503 3327 3579 ejusmodi
3377 3510 3660 3556 servorum

2073 3639 2298 3681 suorum
2334 3617 2614 3674 mentibus
2659 3618 2997 3670 occurreret,
3033 3599 3177 3672 quod
3214 3599 3362 3667 ipsos
3386 3591 3534 3646 omni
3568 3601 3667 3658 spe

2078 3710 2511 3773 immortalitatis
2559 3703 2911 3764 excluderet,
2963 3689 3333 3764 adjiciendum
3388 3679 3602 3752 putavit
3647 3693 3663 3728 :

2078 3808 2242 3882 ’194
2280 3805 2346 3860 Ut
2391 3805 2496 3859 sint
2527 3815 2710 3862 unum,
2757 3797 2891 3848 sicut
2923 3807 3013 3860 ego
3047 3796 3096 3842 et
3129 3794 3184 3837 tu
3218 3793 3380 3835 unum
3413 3787 3594 3829 sumus
3623 3767 3666 3818 ⁸.

2082 3903 2192 3973 Ego
2227 3901 2365 3955 enim
2403 3902 2454 3951 et
2490 3904 2543 3948 tu
2585 3907 2744 3944 unum
2794 3902 2976 3940 sumus
3030 3883 3081 3943 ⁸,
3125 3894 3189 3933 eo
3224 3873 3371 3945 quod
3415 3867 3558 3920 Deus
3602 3871 3671 3916 ex

2083 3963 2217 4061 Deo,
2273 4000 2328 4047 et
2381 3981 2874 4045 consubstantialis
2926 3978 2980 4030 in
3024 3971 3312 4028 divinitate
3361 3963 3433 4019 sit
3489 3965 3672 4013 natus.

2087 4083 2257 4144 Porro
2295 4085 2404 4139 illae
2449 4081 2582 4150 ipsa?
2623 4089 2807 4134 voces,
2860 4069 3033 4124 Unum
3066 4078 3274 4121 sumus,
3325 4071 3431 4110 non
3491 4050 3677 4116 singu-

2088 4181 2201 4233 lare
2235 4173 2442 4244 aliquid
2478 4188 2588 4241 pra:
2621 4184 2679 4222 se
2730 4168 2928 4219 ferunt.
2976 4151 3161 4226 Neque
3191 4152 3334 4207 enim
3369 4145 3528 4201 dixit,
3566 4141 3679 4209 Ego

2090 4286 2234 4328 unus
2265 4282 2410 4328 sum,
2467 4261 2584 4324 sed,
2623 4259 2731 4331 Ego
2763 4265 2810 4310 et
2841 4263 2932 4317 tu;
2981 4260 3054 4313 et,
3109 4245 3281 4300 Unum.
3314 4254 3516 4293 sumus.
3563 4232 3680 4297 Qua

2091 4365 2305 4420 ratione
2353 4355 2652 4412 Sabellium
2703 4364 2828 4404 cum
2887 4342 3034 4399 omni
3084 4354 3182 4395 sua
3235 4333 3421 4389 schola
3476 4323 3681 4381 conde—

2095 4463 2268 4519 mnat,
2303 4453 2396 4523 qui
2417 4448 2616 4503 Filium
2641 4455 2764 4498 cum
2795 4437 2974 4500 Patre,
2999 4424 3288 4490 etPatrem
3321 4439 3442 4481 cum
3477 4417 3683 4489 Spiritu

2097 4553 2287 4603 sancto
2313 4537 2620 4597 confundit.
2655 4535 2864 4589 Idcirco
2887 4528 3054 4591 enim,
3086 4523 3261 4577 Unum
3293 4531 3500 4577 sumus,
3523 4508 3684 4565 dixit.

2102 4652 2213 4693 non
2250 4641 2455 4694 autem,
2484 4628 2640 4684 Unus
2677 4640 2820 4680 sum.
2875 4620 3086 4688 Quippe
3125 4612 3369 4683 perlecta
3401 4605 3509 4659 duo
3537 4606 3687 4656 sunt,

2105 4731 2267 4786 Pater
2306 4735 2360 4782 et
2405 4715 2602 4789 Filius,
2637 4719 2730 4776 sed
2761 4728 2932 4770 unum
2967 4705 3330 4764 nihilomimts
3358 4695 3691 4768 aequalitate,
3741 4739 3754 4754 ἢ

2106 4820 2418 4882 divinitate,
2449 4785 2673 4877 virtute”,
2721 4803 3106 4865 similitudine.
3142 4791 3556 4852 Concludamus
3593 4785 3695 4835 ita-

2112 4929 2241 4986 que,
2276 4872 2423 4983 quod
2466 4909 2532 4962 ad
2562 4872 2906 4961 divinitatem
2939 4894 3194 4966 pertinet,
3245 4886 3463 4940 Patrem
3513 4884 3567 4932 et
3604 4872 3695 4926 Fi-

2115 4965 2241 4986 1"'v
2282 4965 2333 4983 1~

2112 5006 2245 5060 lium
2281 5003 2423 5056 idem
2458 5005 2622 5066 atque
2652 5007 2818 5048 unum
2857 5001 3012 5048 esse;
3067 4983 3111 5038 si
3156 4994 3286 5034 vero
3317 4981 3569 5028 naturam
3600 4965 3698 5016 Ιιοι

2113 5097 2280 5151 minis
2325 5090 2665 5149 consideres,
2721 5097 2890 5138 unum
2943 5093 3065 5133 esse
3111 5087 3235 5127 cum
3287 5059 3575 5130 discipulis
3611 5054 3689 5108 Fi-

2114 5191 2248 5245 lium
2301 5205 2315 5242 :
2365 5199 2504 5255 quos
2559 5176 2868 5236 vocationis
2941 5185 3056 5225 suae
3139 5155 3539 5235 gratiﬁcatione
3605 5161 3700 5216 pro

2113 5279 2325 5336 infinita
2360 5240 2457 5332 slua
2487 5271 2854 5342 benignitate,
2903 5261 2971 5317 ad
3018 5272 3182 5314 unam
3219 5243 3534 5318 adoptionis
3588 5240 3700 5292 sin-

2114 5371 2459 5442 gularitatem
2491 5364 2558 5419 de
2587 5331 2865 5418 communi
2898 5347 3096 5411 Patris,
3126 5355 3180 5399 et
3206 5341 3351 5403 Filii,
3375 5345 3428 5392 et
3460 5331 3704 5402 Spiritus

2532 5453 2818 5510 heminum
2873 5460 2938 5499 ac
3016 5438 3158 5494 male
3201 5435 3270 5490 de
3325 5425 3556 5484 Domino
3607 5432 3706 5476 suo

2202 5635 2430 5697 LXVI“.
2474 5636 2579 5692 Sed
2607 5634 2722 5705 jam
2756 5630 2825 5684 ab
2853 5627 2960 5682 hoc
2991 5621 3172 5692 capite
3198 5617 3264 5672 ad
3312 5615 3416 5671 alia
3449 5610 3707 5676 deinceps

2128 5733 2417 5791 tractanda
2463 5725 2800 5802 progrediar.
2837 5720 3052 5775 Rursus
3088 5715 3234 5771 enim
3279 5724 3475 5784 magno
3515 5706 3569 5760 in
3606 5714 3708 5758 nos

2865 5837 2884 5868 ⁸
2916 5833 3074 5888 Joau.
3119 5845 3173 5894 ιι,
3196 5827 3286 5884 50-.
