3994 6226
364 315 464 374 519

770 371 786 399 ,
1771 321 1829 377 s.
1858 317 2199 378 EPlfH.\Nll

3526 321 3657 385 320

362 433 541 503 ipsum
576 433 721 504 quod
756 443 857 499 est,
895 433 1038 489 sicut
1067 426 1282 508 Moyses
1314 435 1454 491 dixit
1485 455 1499 492 :
1536 437 1641 505 Qui
1666 447 1766 503 est,
1794 438 1936 493 misit

2053 456 2143 493 νει.
2182 440 2256 493 Τὸ
2298 439 2356 493 δὲ
2392 440 2526 513 ὁμοῦ
2554 435 2651 512 οὐχ
2694 436 2791 496 ἕνα
2822 440 2981 496 πάλιν
3028 440 3306 514 σημαίνει,
3334 442 3471 498 ἀλλὰ
3520 442 3651 497 ἀπὸ

362 540 444 578 me
475 525 515 592 ί,
542 526 715 595 inquit
743 523 810 579 ad
836 524 975 581 filios
1008 524 1196 582 Israel.
1223 525 1409 598 Itaque
1439 528 1530 599 qui
1560 536 1668 595 est,
1701 545 1801 585 ens
1833 536 1939 595 est,

363 624 424 669 ut
472 616 546 669 ita
598 614 775 670 dicam
805 636 818 672 ι
854 617 960 672 hoc
1009 626 1187 673 autem
1235 620 1371 674 nihil
1423 620 1569 675 aliud
1623 629 1729 686 est,
1770 638 1934 692 quam

361 707 689 763 substantia.
726 704 845 762 Jam
892 709 1159 780 particula
1194 709 1285 765 illa
1317 711 1452 782 ὁμοῦ
1484 726 1592 765 non
1621 727 1788 765 unum
1843 713 1941 765 ali-

362 814 523 868 quem
578 806 631 855 et
684 799 1018 871 singularem
1061 803 1341 873 exprimit,
1394 803 1490 859 sed
1544 804 1600 858 in
1651 803 1939 874 ὁμοουσίου

360 906 495 946 voce
511 891 620 946 duo
637 893 882 963 quaedam
920 894 972 947 in
1003 895 1192 950 eadem
1218 896 1457 950 essentia
1491 894 1735 965 perfecta
1772 894 1935 967 signi-

363 984 508 1050 licat,
543 1000 665 1056 quae
701 1000 799 1040 nec
833 1000 863 1038 a
895 1000 954 1040 se
1003 986 1234 1041 invicem
1273 985 1509 1054 diversa,
1559 1002 1661 1042 nec
1708 987 1777 1042 ab
1820 987 1940 1042 titti-

362 1088 473 1136 tate
501 1096 598 1135 sua
628 1079 738 1135 sint
776 1081 973 1135 aliena.
1008 1081 1145 1146 Quid
1188 1081 1232 1138 si
1278 1083 1496 1154 pietatis
1540 1081 1736 1153 gratia,
1775 1088 1940 1152 atque

278 1192 285 1203 κ
364 1170 434 1225 ad
490 1173 915 1227 consociandam
983 1173 1232 1230 veritatis
1284 1173 1678 1246 professionem
1739 1189 1941 1228 novum

364 1263 583 1334 aliquod
617 1266 944 1320 vocabulum
978 1282 1245 1338 usurpare
1277 1268 1588 1324 voluimus!
1638 1265 1753 1321 Nisi
1795 1265 1940 1321 enim
1981 1266 1987 1271 ’

362 1359 834 1415 eonsubstantiale
862 1359 994 1415 illud
1023 1362 1432 1422 retinuerimus.
1464 1374 1531 1415 ea
1559 1360 1815 1416 omnibus
1841 1359 1944 1413 ba:-

364 1450 581 1507 rcsibus
616 1451 841 1507 refutari
878 1454 1027 1508 nulla
1072 1461 1270 1525 potest.
1312 1452 1449 1507 Nam
1491 1461 1549 1507 ut
1592 1468 1820 1524 serpens
1858 1451 1944 1507 bi-

362 1543 591 1599 tuminis
643 1545 867 1599 odorem
918 1545 1137 1624 refugit,
1190 1552 1283 1599 aut
1329 1561 1504 1601 cervae
1553 1544 1802 1610 halitum,
1849 1554 1944 1599 aut

361 1642 573 1703 gagates
610 1635 809 1705 lapidis
864 1636 1125 1699 sumtum,
1180 1644 1273 1689 aut
1323 1635 1556 1708 styracis
1586 1636 1816 1703 fumum,
1862 1635 1941 1692 sic

361 1725 526 1781 Arius
553 1735 607 1782 et
637 1727 903 1785 Sabellius
933 1728 1407 1783 consubstantialis
1456 1742 1641 1783 vocem
1679 1728 1824 1782 illam
1876 1743 1939 1782 ac

2046 530 2141 584 τοῦ
2174 531 2464 601 όμοουσίου
2491 531 2587 585 δύο
2614 532 2870 604 σημαίνει
2899 530 3114 585 τέλειαο
3154 532 3268 585 ἀλλ’
3305 534 3404 586 οὐκ
3435 532 3645 587 ἀλλοῖα

2045 621 2290 693 ἀλλήλων
2325 623 2493 684 ἐστὶν,
2518 621 2638 674 οὐδὲ
2664 621 2920 693 ἀλλότρια
2937 623 3037 692 τῆς
3065 621 3242 676 αὐτῶν
3261 623 3535 694 ἐνότητος.
3561 623 3647 675 Εἰ

2043 711 2102 765 δὲ
2148 711 2504 785 ἐχρησάμεθα
2552 706 2832 777 εὐσεϐείας
2877 712 3036 784 χάριν
3083 711 3191 765 τὶνὶ
3236 711 3379 778 λέξει
3409 711 3503 766 διὰ
3534 712 3646 765 τὸν

2047 805 2342 875 σύνδεσμον
2380 808 2481 877 τῆς
2522 803 2802 876 ἀληθείας.
2838 804 3001 857 Ἀνευ
3052 805 3161 876 γὰρ
3201 805 3294 858 τοῦ
3343 803 3646 874 ὁμολογεῖν

2044 899 2348 971 ὁμοούσιον,
2382 899 2600 953 πάντων
2633 896 2656 929 ⁸
2688 897 2951 968 αἱρέσεων
2981 896 3042 949 οὐ
3067 896 3291 951 δύναται
3314 891 3449 950 εἶναι
3474 895 3646 963 ἐλεγ-

2043 1005 2156 1058 χος.
2185 988 2395 1059 Ὥσπερ
2435 986 2546 1059 γάρ
2579 987 2729 1057 μισεῖ
2761 986 2790 1038 ὁ
2823 985 2946 1056 ὄφις
2970 985 3068 1059 τὴν
3094 985 3270 1058 ὀσμὴν
3294 988 3393 1057 τῆς
3421 987 3645 1056 ἀσφάλ-

2043 1095 2160 1146 του,
2195 1079 2289 1133 καὶ
2313 1080 2414 1151 τὴν
2446 1079 2615 1149 πνοὴν
2637 1076 2739 1147 τῆς
2780 1076 3002 1146 ἐλάφου,
3034 1076 3210 1130 καὶτὸ
3248 1076 3502 1148 θυμίαμα
3532 1076 3641 1129 τθῦ

2044 1171 2286 1242 γαγάτου
2312 1170 2486 1235 λίθου,
2517 1170 2610 1224 καὶ
2635 1170 2697 1223 τὸ
2721 1169 3006 1240 κάπνισμα
3038 1169 3133 1223 τοῧ
3156 1168 3425 1241 στύρακος
3444 1188 3458 1200 ·
3484 1166 3642 1222 οὕτω

2044 1266 2140 1320 καὶ
2167 1268 2383 1339 Ἄρειος
2398 1265 2491 1318 καὶ
2509 1262 2794 1328 Σαὸέλλιος
2822 1266 2970 1334 μισεῖ
2990 1264 3080 1317 τὸν
3104 1262 3262 1332 λόγον
3287 1262 3388 1333 τῆς
3416 1265 3474 1316 ὲν
3505 1263 3641 1332 ἀλη-

2045 1359 2167 1430 θείᾳ
2219 1356 2511 1430 ὁμολογίας
2555 1355 2650 1410 τοῦ
2694 1355 3041 1425 ὀμοουσίου.
3080 1353 3241 1406 ’Λλλά
3291 1354 3387 1407 καὶ
3446 1354 3638 1418 αὐτοῖς

2044 1449 2277 1522 ὲροῦμεν
2300 1465 2315 1480 ο
2348 1450 2411 1502 Ei
2438 1449 2533 1502 καὶ
2569 1448 2644 1519 μὴ
2673 1442 2742 1518 ἦν
2770 1449 2804 1518 ἡ
2843 1446 2991 1511 λέξις
3026 1447 3086 1501 ὲν
3115 1444 3234 1510 ταῖς
3274 1444 3450 1509 θείαις
3483 1446 3642 1517 Γραέ

2044 1544 2170 1613 φαϊς
2216 1541 2354 1614 (ἔστι
2398 1540 2478 1603 δὲ,
2552 1541 2647 1594 καὶ
2698 1536 2884 1610 σαφῶς
2925 1538 3167 1608 ἔγκειται
3213 1539 3271 1591 ὲν
3309 1538 3486 1609 νόμῳ,
3538 1537 3642 1590 καὶ

2045 1632 2199 1706 παρά
2224 1630 2541 1696 ἀποστόλοις
2566 1631 2661 1685 καὶ
2707 1633 2819 1689 τοῖς
2852 1631 3186 1698 προφήταις.
3228 1630 3331 1682 Ἐκ
3375 1632 3485 1700 γάρ
3527 1628 3647 1683 δύο

2038 1726 2355 1798 μαρτύρων
2388 1725 2426 1795 ἦ
2457 1723 2634 1793 τριῶν
2656 1723 3022 1793 σταθήσεται
3048 1721 3172 1779 πᾶν
3185 1721 3392 1793 ῥῆμα).

364 1819 758 1887 professionem
788 1821 1139 1877 vehementer
1178 1821 1436 1876 oderunt.
1487 1819 1591 1876 Sed
1638 1820 1710 1875 ita
1743 1816 2011 1877 adversus
2060 1821 2184 1876 illos
2233 1836 2503 1890 agemus:
2568 1817 2830 1886 Quamvis
2885 1831 3152 1887 nusquam
3184 1816 3238 1869 in
3285 1815 3462 1870 sacris
3518 1811 3639 1868 Lit-

364 1914 495 1969 teris
541 1931 603 1967 ea
672 1931 778 1970 vox
817 1923 1061 1972 exstaret
1108 1917 1260 1987 (qua:
1336 1931 1527 1971 revera
1586 1927 1765 1972 tamen
1817 1925 1995 1973 exstat
2049 1927 2215 1988 atque
2262 1917 2317 1971 in
2373 1917 2509 1988 lege,
2555 1925 2611 1971 et
2669 1915 3076 1986 apostolorum,
3128 1927 3192 1966 ac
3246 1909 3636 1981 prophetarum

363 2007 585 2078 scriptis
616 2008 904 2065 manifeste
937 2013 1208 2082 reperitur
1233 2030 1244 2066 :
1284 2011 1496 2067 Duobus
1527 2028 1691 2083 [orro
1717 2013 1794 2067 vel
1827 2013 1993 2069 tribus
2027 2013 2243 2069 testibus
2269 2022 2375 2068 stat
2403 2027 2554 2066 omne
2581 2011 2790 2066 verbum
2820 2009 2884 2083 ').
3496 2066 3501 2071 ,

436 2096 543 2154 Sed
571 2107 628 2153 ut
685 2102 830 2154 nttlla
862 2101 982 2172 ejus
1016 2107 1219 2161 mentio
1253 2105 1437 2169 fieret,
1471 2107 1683 2174 liceret,
1718 2107 1936 2178 Opinor,

2115 2110 2306 2181 Ὅμως
2339 2108 2458 2175 ἐξὸν
2488 2102 2556 2178 ἦν
2584 2107 2715 2177 ἡμῖν
2743 2106 2811 2160 δι’
2838 2103 3122 2159 εὐσέϐειαν
3145 2100 3455 2175 χρήσασθαι
3486 2099 3634 2166 λέξει

363 2189 432 2244 ad
488 2189 645 2247 fidem
694 2194 1199 2262 corroborandam,
1280 2207 1643 2269 opportunam
1703 2200 1942 2270 aliquam

364 2292 527 2354 atque
558 2284 746 2338 utilem
804 2301 989 2341 vocem
1032 2288 1220 2348 studio
1248 2290 1469 2361 pietatis
1510 2306 1794 2360 usurpare.
1834 2282 1945 2345 νος

364 2381 545 2430 autem
579 2375 715 2446 quid
776 2378 995 2434 tandem
1025 2380 1253 2436 dicitis?
1309 2381 1484 2438 Velim
1534 2383 1668 2438 illud
1701 2382 1832 2437 mihi
1861 2399 1947 2439 re-

364 2462 718 2534 spondeatis,
775 2482 897 2538 quas
946 2466 1019 2524 sit
1076 2479 1259 2526 vestra
1316 2471 1384 2527 de
1435 2470 1598 2527 Patre
1649 2472 1943 2527 sententia.

365 2557 531 2614 Estne
556 2566 615 2614 ut
637 2561 937 2617 increatum
976 2563 1129 2617 illum
1150 2564 1528 2621 existimemus
1558 2562 1841 2620 ?0mnino
1874 2564 1947 2618 ita

365 2661 489 2702 esse
521 2647 796 2704 fatendum
827 2658 930 2706 est.
959 2650 1095 2717 Quis
1128 2653 1273 2708 enim
1334 2654 1469 2709 adeo
1519 2654 1724 2710 stultus
1758 2662 1860 2717 est,
1890 2662 1949 2708 ut

367 2753 431 2794 ea
455 2740 523 2794 de
556 2756 614 2796 rc
642 2741 893 2797 dubitet?
919 2743 1075 2810 Quis.
1128 2745 1374 2817 inquam,
1414 2746 1497 2801 sic
1523 2746 1707 2800 animo
1732 2745 1950 2817 percul-

366 2845 463 2886 sus
490 2845 552 2887 ac
569 2847 804 2889 vesanus
831 2846 935 2899 est,
958 2844 1016 2890 ut
1036 2836 1202 2893 Deum
1230 2847 1283 2893 et
1306 2836 1521 2893 Patrem
1538 2836 1751 2893 Domini
1776 2838 1946 2893 nostri

371 2918 502 2978 Jesu
537 2924 742 2980 Christi
773 2928 1075 2983 increatum
1104 2945 1224 2985 esse
1260 2945 1369 2985 non
1392 2929 1637 3001 iudicet?
1662 2928 1770 2986 Vos
1804 2930 1948 2985 enim

370 3013 558 3084 utique
622 3032 731 3072 non
767 3019 977 3089 negatis
1006 3019 1308 3090 ingenitum
1368 3020 1547 3088 ipsum
1594 3036 1738 3086 esse,
1776 3029 1830 3074 et
1874 3022 1952 3073 in-

367 3113 635 3176 creatum,
667 3116 830 3180 atque
849 3124 880 3163 a
903 3111 1052 3165 nullo
1078 3110 1429 3181 productum.
1462 3109 1648 3182 Neque
1681 3112 1825 3168 enim
1855 3110 1953 3165 Pa-

370 3202 512 3252 trem
544 3198 724 3263 habet,
760 3202 855 3271 qui
879 3203 951 3257 sit
976 3202 1096 3272 ipso
1128 3204 1280 3273 prior
1300 3244 1316 3270 ,
1347 3219 1521 3273 neque
1547 3203 1829 3257 definitum
1856 3218 1953 3257 an-

370 3301 567 3342 norum
595 3290 853 3358 spatium,
872 3300 985 3345 aut
1014 3294 1184 3347 ullum
1214 3293 1426 3348 dierum
1461 3292 1700 3356 initium,
1728 3300 1789 3347 ut
1813 3293 1954 3346 Seri-

372 3387 533 3449 ptura
570 3380 812 3451 loquitur
846 3372 889 3440 ‘.
932 3383 987 3439 Si
1025 3385 1191 3456 igitur
1221 3401 1397 3456 neque
1426 3385 1754 3457 principium
1789 3386 1952 3440 habet

2052 2198 2319 2274 χρησίμῃ,
2345 2195 2872 2267 ὲπασφαλιζομένοις
2890 2196 2988 2269 τὴν
3020 2195 3178 2264 ἁγίαν
3208 2193 3412 2247 πίστιν.
3447 2192 3639 2263 Ὑμεῖς

2033 2275 2103 2346 ’δὲ
2129 2291 2184 2344 τί
2220 2309 2390 2362 φατε;
2427 2290 2630 2359 Λέγετε
2657 2291 2767 2363 γάρ
2800 2292 2951 2361 ἡμῖν,
2970 2282 3195 2350 ὦοῦτοι,
3224 2286 3276 2340 τί
3297 2287 3483 2355 λέγετε
3506 2282 3639 2356 περὶ

2048 2380 2144 2435 τοῦ
2199 2381 2445 2452 Πατρός;
2484 2381 2770 2444 Ἀκτιστος
2811 2381 2841 2432 ὁ
2876 2379 3094 2451 Πατήρ;
3141 2378 3364 2441 Πάντως
3411 2376 3496 2430 ὅτι
3522 2376 3636 2429 ναί.

2048 2473 2144 2537 Τίς
2203 2473 2313 2544 γάρ
2370 2472 2610 2544 ἠλίθιος,
2677 2473 2764 2526 ἵνα
2820 2471 3149 2542 ἀμφιϐάλλοι
3216 2469 3347 2542 περὶ
3404 2469 3636 2534 τούτουε

2049 2564 2207 2627 Ποίος
2241 2563 2300 2616 δὲ
2344 2562 2711 2633 ὲμὸρόντητος
2740 2559 3059 2630 λογίσασθαι
3091 2560 3165 2633 μὴ
3213 2555 3352 2612 εἶναι
3382 2559 3640 2612 ἄκτιστον

2048 2654 2141 2708 τὸν
2195 2654 2364 2719 Θεὸν,
2416 2654 2510 2707 καὶ
2561 2653 2783 2725 Πατέρα
2832 2653 2926 2707 τοῦ
2981 2651 3186 2722 Κυρίου
3238 2650 3393 2722 ἡμῶν
3459 2648 3638 2721 Ἰησοῦ

2048 2744 2322 2819 Χριστοῦ;
2374 2746 2598 2809 Πάντως
2650 2744 2759 2818 γὰρ
2808 2745 2902 2799 καὶ
2953 2743 3108 2797 αὐτοὶ
3159 2742 3490 2812 ὁμολογεῖτε,
3555 2742 3642 2795 ὅτι

2050 2836 2372 2907 ἀγέννητος,
2407 2835 2500 2888 καὶ
2532 2834 2804 2898 ἅκτιστος,
2836 2836 2929 2888 καὶ
2959 2834 3241 2906 ἀγένητος.
3283 2834 3358 2886 Οὐ
3389 2831 3499 2903 γὰρ
3527 2830 3644 2901 ἔχει

2051 2927 2158 3000 πρὸ
2186 2926 2352 2981 αὑτοῦ
2384 2927 2622 2996 Πατέρα,
2645 2925 2766 2979 οὐδὲ
2792 2926 3045 2996 ὁρισμὸν
3073 2924 3240 2990 ἐτῶν,
3265 2923 3409 2978 οὐδὲ
3439 2924 3643 2992 ἀρχὴν

2050 3017 2305 3090 ἡμερῶν,
2339 3017 2478 3071 κατὰ
2523 3017 2585 3070 τὸ
2617 3016 3022 3088 γεγραμμένον.
3063 3017 3127 3069 Εἰ
3158 3015 3338 3069 τοίνυν
3366 3014 3493 3068 οὔτε
3540 3016 3645 3081 ἀρ-

2051 3108 2121 3180 Χῆ
2138 3109 2327 3180 χρόνου
2351 3107 2521 3179 αὐτῷ,
2539 3107 2662 3161 οὔτε
2681 3106 2853 3171 τέλος,
2878 3107 3238 3178 ὁμολογεῖται,
3262 3107 3343 3160 ὅτι
3367 3105 3642 3168 ἄκτιστος,

2053 3202 2145 3255 καὶ
2174 3201 2543 3273 ἀναμφίὸολόν
2568 3203 2736 3255 ἐστιν.
2771 3198 3022 3272 Οὐδαμοῦ
3044 3200 3101 3253 δὲ
3132 3201 3261 3275 περὶ
3284 3199 3451 3253 αὑτοῦ
3481 3200 3645 3253 τοῦτο

2053 3295 2382 3368 γέγραπται.
2424 3295 2721 3360 Εὐσεϐείας
2757 3294 2815 3349 δὲ
2840 3295 3000 3365 χάριν
3027 3293 3448 3365 ἀναγκαζόμεθα
3472 3292 3645 3347 ταῦτα

2055 3387 2292 3452 εὐσεϐῶς
2327 3388 2454 3460 περὶ⁵
2506 3387 2671 3441 αὐτοῦ
2723 3389 2939 3459 φρονεῖν
2971 3404 3033 3440 τε
3076 3387 3170 3440 καὶ
3203 3386 3405 3455 λέγειν,
3448 3385 3550 3438 κᾶν
3582 3402 3646 3437 τε

370 3472 636 3541 temporis
666 3474 857 3541 ullum,
892 3491 1069 3546 neque
1099 3477 1283 3543 tinent,
1308 3479 1360 3532 in
1378 3477 1634 3534 confesso
1654 3485 1759 3543 est,
1792 3488 1951 3547 atque

2059 3478 2133 3550 μὴ
2228 3467 2632 3549 γεγραμμένον.
2668 3474 2856 3539 Οὕτως
2887 3475 2950 3529 τὸ
2992 3476 3121 3545 περὶ
3152 3473 3249 3527 τοῦ
3290 3472 3643 3543 όμοουσίου,

369 3570 526 3618 extra
580 3579 795 3620 omnem
863 3570 1328 3637 controversiam.
1401 3571 1654 3626 eumdem
1714 3586 1745 3626 a
1802 3572 1954 3626 nullo

373 3664 619 3712 creatum
680 3659 872 3716 fuisse.
906 3662 1068 3732 Atqui
1102 3677 1372 3734 nusquam
1415 3663 1483 3718 de
1512 3678 1578 3718 eo
1616 3671 1701 3721 est
1733 3664 1955 3734 scriptis

374 3747 511 3803 illud
544 3765 890 3822 expressum.
934 3753 1168 3811 Verbum
1219 3757 1459 3826 pietatis,
1499 3769 1559 3813 ιιι
1586 3757 1720 3822 dixi,
1749 3756 1952 3820 studio,

276 3883 291 3889 -
374 3841 628 3912 religiose
654 3843 768 3900 haec
794 3845 863 3901 de
910 3846 1030 3917 ipso
1075 3855 1128 3904 et
1163 3850 1368 3905 sentire
1393 3859 1446 3905 et
1474 3849 1956 3920 prredicareeogi~

374 3952 518 4001 mur,
546 3937 672 3994 licet
694 3939 828 3995 nihil
856 3941 929 3997 sit
950 3942 1220 4012 ejusmodi
1247 3943 1535 4014 scriptum.
1560 3942 1762 3999 Eodem
1792 3941 1956 3997 modo

373 4032 592 4084 tametsi
630 4031 781 4084 nullo
803 4033 855 4086 in
889 4030 1322 4104 Scripturteloco
1351 4049 1455 4089 vox
1490 4034 1580 4088 illa
1614 4033 1958 4088 consubstan-

374 4120 540 4183 tialis,
574 4120 781 4179 diserte
812 4133 975 4195 atque
1007 4125 1284 4195 expressis
1330 4125 1527 4180 litteris
1555 4125 1954 4187 contineretur,

374 4224 478 4266 nos
509 4213 584 4267 uti
615 4225 796 4270 tamen
829 4216 921 4270 illa
958 4232 1186 4273 necesse
1220 4226 1561 4287 putaremus,
1600 4216 1957 4288 quantumvis

2056 3568 2479 3640 ἀναγκαζόμεθα
2533 3569 2732 3637 λέγειν,
2789 3570 2838 3622 εί
2883 3567 2979 3621 καὶ
3026 3565 3101 3638 μὴ
3145 3561 3213 3638 ἦν
3258 3564 3649 3636 γεγραμμένον

2056 3662 2197 3718 κατά
2223 3663 2322 3735 τὴν
2357 3661 2494 3715 ίδίαν
2528 3660 2802 3729 γλῶσσαν,
2838 3659 2977 3731 μετά
3003 3657 3419 3731 στενωπῆςρτῶν
3448 3655 3644 3725 λόγων,

2056 3755 2104 3810 εί
2145 3755 2237 3809 καὶ
2277 3753 2444 3820 δόξειε
2485 3751 2643 3805 τοῦτο
2676 3747 2817 3806 εἶναι
2850 3750 2991 3823 ὑπὲρ
3025 3746 3193 3823 ἡμᾶς,
3234 3750 3327 3803 καὶ
3360 3748 3501 3819 ὑπὲρ
3548 3746 3646 3818 τὴν

2054 3844 2210 3918 ἡμῶν
2240 3842 2402 3913 φύσιν
2451 3842 2513 3896 τὸ
2567 3842 2664 3896 ἐπὶ
2700 3840 2836 3895 Θεοῦ
2890 3840 3256 3909 διαλέγεσθαι.
3303 3837 3445 3891 Ἀλλ’
3495 3837 3648 3907 ὅμως

2056 3938 2216 4000 αὐτὸς
2261 3937 2291 3988 ό
2324 3933 2527 4006 Κύριος
2556 3935 3070 4004 συγγνωμονήσειεν
3105 3935 3257 4004 ἡμῖν,
3301 3929 3649 4002 βουλομένοις

2055 4034 2153 4103 οὐχ
2186 4031 2323 4103 ὑπὲρ
2370 4028 2622 4100 θεότητος
2666 4027 3071 4094 ἀπολογεῖσθαι,
3105 4026 3205 4095 τῆς
3239 4022 3521 4085 άνενδεοῦς
3552 4020 3648 4073 οὔ-

2056 4139 2157 4193 σης
2187 4123 2285 4191 τῆς
2311 4117 2468 4190 ἡμῶν
2498 4116 2841 4179 συστάσεωςῑ
2888 4113 3050 4168 Ἀλλά
3073 4114 3155 4167 δεῖ
3177 4112 3417 4175 εὐσεῦὦς
3442 4110 3647 4179 λέγειν,

2056 4212 2152 4266 καὶ
2183 4208 2423 4273 εὐσεϐῶς
2456 4210 2619 4275 νοεῖν,
2654 4208 2741 4261 ἵνα
2774 4207 2848 4279 μὴ
2881 4205 3231 4277 ἀπολώμεθα.

375 4306 443 4360 tle
477 4307 584 4362 Deo
610 4309 894 4380 disputare
922 4327 1088 4383 supra
1113 4327 1214 4367 nos
1243 4328 1308 4368 ac
1343 4322 1554 4368 naturae
1607 4320 1811 4368 nostra:
1872 4309 2243 4365 conditionem
2294 4324 2418 4365 esse
2475 4308 2775 4364 videretur.
2830 4302 3204 4363 Nihilominus
3244 4313 3431 4359 tamen
3488 4298 3650 4357 facile

377 4397 544 4469 798
574 4402 731 4457 nobis
756 4387 1184 4473 benignissimus
1213 4403 1477 4465 Dominus
1507 4403 1724 4459 veniam
1779 4400 2131 4464 concederet,
2162 4402 2257 4473 qui
2283 4416 2392 4456 non
2445 4400 2498 4456 id
2546 4400 2955 4466 aliectaremus,
3021 4409 3082 4455 ut
3125 4398 3456 4460 divinitatis,
3520 4411 3646 4465 qua‘.

379 4489 636 4558 praesidio
660 4501 854 4547 nostro
896 4508 962 4548 ac
994 4494 1410 4550 confirmatione
1453 4511 1562 4549 non
1593 4503 1737 4564 eget,
1800 4494 2172 4566 patrocinium
2237 4495 2671 4565 susciperemus.
2729 4490 2838 4547 Sed
2882 4491 3145 4548 nimirum
3189 4491 3257 4546 de
3306 4489 3510 4544 divinis
3566 4504 3649 4542 re-

378 4584 485 4641 bus
529 4586 614 4650 pie
649 4587 796 4657 loqui
855 4602 921 4643 ac
954 4588 1159 4645 sentire
1195 4605 1297 4646 nos
1339 4599 1574 4660 oportet,
1605 4605 1675 4645 ne
1720 4591 1962 4661 pessime
2003 4603 2313 4661 pereamus.

449 4675 635 4732 LXXI.
694 4677 1062 4744 Quamobrem
1113 4680 1464 4750 respondete,
1529 4695 1739 4751 quaiso,
1774 4681 1956 4748 nobis,

2127 4683 2261 4739 ’OA'.
2302 4681 2495 4736 Τοίνυν
2522 4679 2861 4753 ἀποκρίθητε
2891 4681 3046 4751 ἡμῖν,
3082 4678 3133 4732 οἱ
3154 4675 3249 4730 τοῦ
3299 4676 3508 4748 ’Δρείου
3545 4693 3647 4746 μα-

381 4774 495 4830 Arii
532 4773 776 4831 fautores
807 4790 872 4829 ac
894 4774 1173 4846 discipuli,
1204 4790 1329 4830 cum
1370 4775 1671 4847 ingenitum
1702 4790 1770 4830 ex
1802 4790 1951 4846 aequo

2068 4772 2259 4845 θηταίο
2296 4775 2590 4846 ἀγέννητον
2617 4772 2853 4844 λέγομεν
2882 4770 3083 4835 πάντες
3124 4769 3261 4841 ὁμοῦ
3290 4768 3383 4822 τὸν
3408 4768 3648 4839 Πατέρα,

381 4865 600 4923 Patrem
643 4881 836 4923 omnes
862 4866 1275 4938 increatumque
1314 4867 1606 4930 fateamur,
1652 4865 1834 4937 sitque
1866 4866 1963 4921 ad-

382 4956 653 5012 mirabilis
702 4956 794 5011 illa
847 4956 1094 5027 profecto
1136 4958 1327 5026 dictio,
1371 4957 1595 5013 ubinam
1627 4966 1714 5014 est
1758 4958 1964 5029 scripto

382 5049 707 5107 nominatim
763 5050 1061 5120 expressa?
1112 5048 1357 5106 Proferte
1386 5050 1588 5116 locum,
1635 5051 1680 5106 si
1714 5052 1963 5122 potestis.

384 5141 570 5212 Neque
596 5144 742 5198 enim
781 5150 877 5197 aut
926 5141 980 5196 in
1029 5142 1146 5214 lege
1182 5151 1667 5208 commemoratur,
1701 5153 1794 5199 aut
1819 5143 1965 5215 apud

384 5237 700 5305 prophetas,
731 5244 825 5291 aut
882 5234 939 5289 in
966 5235 1284 5307 Evangelia,
1332 5242 1427 5289 aut
1478 5234 1532 5289 in
1591 5237 1966 5307 apostolorum

385 5327 620 5398 denique
675 5326 1068 5384 monumentis.
1109 5327 1265 5395 Quod
1305 5329 1351 5384 si
1392 5328 1716 5385 vocabulum
1747 5331 1966 5402 aliquod

387 5435 658 5489 nusquam
714 5421 938 5491 scriptis
971 5435 1293 5490 expressum
1328 5434 1598 5490 usurpare
1631 5421 1776 5486 licet,
1802 5422 1967 5492 idque

390 5516 610 5579 propter
628 5509 868 5564 divinam
926 5511 1156 5581 gloriam
1198 5520 1523 5583 usurpatum
1556 5514 1964 5582 amplectuntur

382 5614 576 5655 omnes
645 5609 701 5654 et
745 5601 1073 5671 approbant,
1123 5602 1247 5673 quis
1293 5617 1394 5660 nos
1451 5618 1714 5660 accusare
1766 5604 1965 5659 tnerito

457 5754 479 5788 ¹
519 5753 693 5811 Exod.
729 5770 812 5822 ιιι,
852 5757 931 5811 Η.
1014 5760 1031 5789 ¹
1063 5757 1219 5815 Deut.
1256 5777 1367 5825 xIx,
1405 5759 1502 5826 15;
1535 5759 1720 5813 .‘latth.
1748 5774 1898 5823 xvttt,
1937 5758 2019 5812 l6.
2103 5760 2121 5788 ³
2164 5756 2327 5813 Hebr.
2363 5775 2458 5823 vn,
2490 5759 2541 5811 3.

2060 4868 2155 4921 καὶ
2194 4868 2471 4927 ἄκτιστον,
2507 4866 2602 4921 καὶ
2629 4860 2919 4937 θαυμαστὴ
2959 4864 2993 4936 ἡ
3026 4863 3174 4931 λέξις
3222 4861 3496 4933 δηλονότι·
3546 4859 3649 4913 ποῦ

2060 4959 2240 5013 τοίνυν
2272 4959 2584 5030 γέγραπται
2630 4956 2823 5024 toﬁ-ro;
2872 4955 3088 5021 Δείξατε
3132 4955 3226 5009 τὸν
3271 4954 3458 5008 τόπον.
3514 4951 3651 5007 Οὔτε

2061 5049 2171 5123 γάρ
2200 5049 2363 5122 νόμος
2392 5051 2633 5122 είρηκεν,
2657 5048 2782 5103 οὔτε
2810 5047 3111 5120 προφῆται,
3136 5046 3263 5101 οὔτε
3295 5044 3650 5115 Εὑαγγέλιον,

2063 5142 2187 5198 οὔτε
2232 5144 2542 5197 ἀπόστολοι.
2581 5145 2646 5198 Εἰ
2670 5143 2848 5198 τοίνυν
2876 5141 3115 5204 εὐσεὸὦς
3146 5141 3377 5212 λέγομεν
3404 5139 3553 5206 λέξιν
3580 5140 3651 5210 μὴ

2066 5237 2480 5309 γεγραμμένην,
2523 5237 2618 5290 καὶ
2664 5236 2811 5290 ἔστιν
2837 5233 3112 5305 άποδεκτὴ
3145 5230 3285 5305 ὑπὲρ
3311 5229 3472 5303 δόξης
3519 5229 3650 5284 Θεοῦ

2063 5327 2336 5398 λεγομένη
2361 5345 2374 5358 ·
2410 5328 2494 5391 τίς
2545 5328 2677 5398 ἡμῖν
2724 5326 3091 5395 ἐγκαλέσειεν,
3127 5326 3175 5378 εί
3219 5323 3315 5378 καὶ
3370 5321 3447 5395 μὴ
3495 5317 3564 5393 ἦν
3596 5321 3654 5374 τὸ

2063 5419 2346 5489 ὁμοούσιον
2371 5419 2779 5490 γεγραμμένον,
2798 5418 3069 5489 εὑρόντων
3103 5417 3262 5489 ἡμῶν
3294 5415 3473 5483 λόγον,
3502 5414 3568 5467 δι’
3594 5404 3653 5465 οὗ

2061 5511 2217 5581 λόγου
2252 5512 2597 5584 δυνησόμεθα
2629 5513 2691 5566 τὸ
2721 5512 2960 5582 ἀσφαλὲς
2989 5509 3322 5582 ὁμολογῆσαι
3357 5509 3457 5580 τῆς
3499 5504 3655 5578 ἡμῶν

2065 5604 2374 5676 σωτηρίαςς
2428 5603 2541 5658 ἀλλ’
2590 5606 2696 5658 eisi
2734 5604 3033 5675 μαρτυρίαι
3077 5603 3213 5674 μετὰ
3256 5597 3476 5655 καὶτοῦ
3504 5598 3650 5653 εὐσε-

2620 5760 2639 5791 ἰ
2673 5758 2732 5811 ι’.
2766 5758 3001 5820 πάντως.
