3994 6226
486 263 592 320 ὖὲῗῑ

1890 266 1946 321 S.
1986 265 2326 324 EPIPIIANII

3637 279 3765 336 ῦὶὶ

551 383 781 441 LXXIII.
828 382 903 438 Ex
934 382 1132 454 quibus
1160 381 1421 437 illustrari
1455 397 1518 436 ac
1556 383 1822 439 declarari
1875 394 2053 455 potest

2226 391 2345 447 Ol".
2386 392 2506 445 Ἵνα
2540 393 2630 445 καὶ
2664 388 2901 447 ἐνταῦθα
2927 390 2987 446 τὸ
3017 393 3184 464 σαφὲς
3225 393 3575 466 ἀποδειχθείη
3612 399 3764 468 περὶ

485 480 574 535 hic
601 476 845 550 Apostoli
878 476 1031 531 locus
1059 475 1126 530 de
1156 489 1264 544 quo
1297 488 1443 528 mine
1468 474 1703 545 agimus,
1729 476 1781 530 in
1814 492 1922 546 quo
1952 479 2056 532 du-

484 571 677 641 plicem
714 567 940 637 perinde
989 581 1211 622 sensum
1260 564 1509 620 veritatis
1563 568 1865 636 proposuit.
1919 567 2054 623 Nam

482 663 598 716 luet:
659 660 823 716 verba
852 700 867 725 ,
900 658 1076 713 Donec
1106 656 1386 711 tradiderit
1424 673 1638 728 regnum
1665 658 1776 713 Deo
1802 668 1850 713 et
1878 659 2053 725 Patri,

483 754 548 808 ad
583 753 834 806 humanae
859 758 1089 816 naturae,
1125 763 1247 820 qua:
1275 756 1428 804 certo
1456 756 1699 820 tempore
1728 752 1915 821 coepit,
1946 751 2055 806 ini-

482 850 618 904 tium
663 848 969 905 revocanda
1020 854 1168 902 sunt.
1235 844 1499 901 Divinitas
1554 860 1717 915 porro
1766 845 1889 901 Filii
1929 863 2053 901 cum

480 943 639 1000 Patre
701 959 917 1013 semper
965 941 1197 1005 exstitit,
1235 956 1356 1010 quze
1402 940 1538 994 nihil
1567 940 1716 996 aliud
1757 950 1861 1005 est,
1889 956 2052 1011 quam

481 1036 795 1106 unigenitus
843 1035 1003 1097 Deus,
1053 1030 1294 1086 Verbum
1342 1046 1369 1084 τι
1397 1030 1556 1088 Patre
1587 1032 1704 1087 sine
1734 1033 1845 1087 ullo
1876 1033 2052 1099 initio,

479 1128 566 1181 vel
613 1135 858 1196 tempore
907 1126 1230 1197 procedens.
1294 1126 1511 1195 Alioqui
1557 1124 1833 1194 quomodo
1875 1124 2052 1195 angeli

478 1219 682 1273 dictum
718 1216 849 1271 illud
884 1218 1061 1287 reipsa
1089 1215 1276 1287 perﬁci
1328 1222 1550 1286 posset:
1582 1214 1813 1284 Spiritus
1838 1214 2055 1269 Domini

479 1309 799 1376 superveniet
822 1310 875 1362 in
900 1315 967 1369 te,
1005 1317 1053 1361 et
1083 1308 1246 1361 virtus
1278 1308 1543 1362 Altissimi
1574 1306 1905 1360 obumbrabit
1937 1306 2055 1361 te‘?

480 1402 701 1457 Dixerat
729 1402 874 1457 enim
930 1400 1116 1456 Mariae
1150 1400 1360 1471 Virgini
1397 1418 1409 1453 :
1442 1400 1631 1456 Paries
1658 1402 1854 1471 ﬁlium,
1887 1410 1937 1456 et
1964 1418 2054 1456 vo-

478 1494 621 1547 cabis
651 1510 832 1546 nomen
860 1491 973 1562 ejus
999 1491 1203 1546 Jesum.
1244 1492 1456 1558 Quibus
1481 1493 1725 1547 divinum
1752 1490 1988 1546 Verbum
2023 1507 2054 1545 ε

476 1584 615 1637 cmlc
661 1582 939 1652 delapsum
981 1597 1123 1645 esse,
1166 1589 1330 1650 atque
1369 1582 1423 1635 in
1463 1589 1623 1637 utero
1660 1580 1901 1651 Virginis
1931 1598 2053 1636 car-

477 1688 600 1728 nem
639 1671 863 1738 factum,
901 1670 1307 1742 perfectamque
1359 1672 1599 1726 hominis
1643 1681 1895 1726 naturam
1929 1687 2054 1728 sus-

2159 476 2233 535 ὧν
2256 486 2349 536 καὶ
2377 486 2405 536 ὁ
2436 485 2755 550 ’Λπόστολος
2785 485 2995 558 εἴρηκε,
3028 486 3159 558 περὶ
3199 485 3364 540 αὐτοῦ
3406 486 3600 550 διττῶς
3647 487 3770 556 τὴν

2160 575 2414 645 ἀλήθειαν
2454 577 2863 648 ὑποτιθέμενος.
2911 579 3021 632 Καὶ
3062 578 3144 643 τὸ,
3178 579 3386 647 Ἀχρις
3426 574 3498 634 οὗ
3548 595 3764 649 παρα-

2159 665 2301 734 διδῷ
2325 669 2440 737 τὴν
2458 670 2793 734 ,ϐασιλείαν
2839 669 2921 735 τῷ
2966 668 3088 736 Θεῷ
3131 670 3229 724 καὶ
3271 670 3474 738 Πατρι,
3513 670 3606 724 διὰ
3650 671 3768 741 ’τὴν

2159 761 2268 814 ἀπὸ
2314 762 2507 832 χρόνον
2536 762 2711 833 ἀρχὴν
2753 762 3053 833 γενομένην
3094 762 3359 833 ὲνσάρκου
3414 761 3764 832 παρουσίας.

2170 852 2237 905 Ἦ
2282 852 2390 925 γὰρ
2428 852 2616 923 θεότης
2640 852 2733 907 τοῦ
2766 851 3104 921 Μονογενοῦς
3135 848 3203 923 ἦν
3249 852 3336 905 ἀεὶ
3384 854 3478 906 σὺν
3529 854 3763 923 Πατρὶ,

2159 942 2296 1012 ὅπερ
2325 943 2440 995 ἐστὶ
2471 928 2762 1020 μονογενὴς
2781 943 2912 1006 Θεὸς
2932 943 3102 1011 Λόγος
3130 943 3193 995 ὲκ
3217 941 3426 1012 Πατρὸς
3458 939 3766 1011 προελθὼν

2158 1037 2409 1108 ἀνάρχως
2441 1038 2534 1090 καὶ
2579 1037 2842 1107 ἁχρόνως.
2891 1036 3043 1088 Ἐπεὶ
3075 1035 3193 1099 πῶς
3230 1034 3660 1105 πληρωθήσεται
3697 1031 3767 1085 τὺ

2160 1129 2322 1201 ῥηθὲν
2350 1128 2455 1181 ὑπὸ
2498 1127 2591 1181 τοῦ
2637 1127 2888 1196 ἀγγέλου,
2921 1125 2983 1179 τὸ
3011 1167 3025 1186 ,
3080 1127 3321 1195 Πνεῦμα
3364 1126 3587 1193 Κυρίου
3627 1124 3764 1176 ἐπ·

2158 1220 2469 1273 ελεύσεται
2492 1220 2590 1272 ἐπὶ
2631 1218 2726 1283 σὲ,
2750 1217 2851 1270 καὶ
2873 1217 3123 1287 δύναμις
3166 1217 3444 1287 Ὑψίστου
3470 1215 3770 1271 ἐπισκιά-

2159 1329 2252 1367 σει
2297 1328 2430 1376 σοι;
2472 1312 2795 1384 Ἐπειδὴ-περ
2821 1310 3003 1380 ἔλεγεν
3048 1311 3185 1380 αὐτῇ
3213 1324 3227 1338 ’
3280 1310 3426 1378 Τέξῃ
3447 1310 3604 1373 υΙὸν,
3639 1310 3761 1362 καί

2158 1403 2441 1470 καλέσεις
2492 1402 2558 1455 τὸ
2602 1402 2790 1471 ὄνομα
2856 1400 3042 1455 αὐτοῦ
3112 1401 3379 1468 “Indo-277"
3445 1401 3531 1452 ἵνα
3585 1400 3758 1471 δείξῃ

2158 1494 2365 1549 ἄνωθεν
2398 1494 2489 1547 τὸν
2516 1493 2648 1547 Θεὸν
2680 1495 2851 1562 Λόγον
2882 1492 3300 1563 κατεληλυθότα,
3342 1490 3436 1545 καὶ
3460 1492 3517 1544 ὲν
3553 1493 3760 1562 μήτρᾳ

2157 1587 2256 1657 τῆς
2289 1586 2458 1655 αὐτῆς
2490 1585 2769 1656 Παρθένου
2814 1583 3183 1656 σαρκωθέντα,
3215 1584 3309 1636 καὶ⁸
3332 1581 3551 1644 τελείως
3586 1583 3764 1635 Evanu-

2159 1678 2351 1751 θρωπή
2362 1695 2529 1731 σαντα
2546 1694 2562 1711 ο
2593 1677 2679 1729 ἵνα
2712 1675 2789 1747 μὴ
2813 1676 3024 1748 διορίσῃ
3052 1675 3149 1745 τὴν
3176 1673 3434 1744 ἔνσαρκον
3457 1672 3762 1726 τελείωσιν

475 1766 690 1836 cepisse
727 1772 1081 1831 monstraret,
1109 1773 1259 1821 utne
1286 1764 1584 1835 perfectam
1618 1764 1867 1834 corporis
1896 1774 2053 1819 natu-

2161 1770 2265 1824 ἁπὸ
2295 1770 2397 1840 τῆς
2438 1769 2621 1823 ἐνθέου
2663 1767 3013 1855 τελειώσεως,
3072 1765 3210 1838 μετὰ
3252 1765 3571 1836 προσθήκης
3620 1760 3758 1825 τοῦ,

476 1873 590 1911 ram
618 1873 647 1910 a
679 1856 916 1927 perfecta
938 1855 1218 1911 divinitate
1257 1862 1591 1912 secerneret.
1612 1854 1794 1920 Quare
1822 1855 2056 1910 subinde

476 1949 608 2003 illud
639 1949 835 2018 adjecit
853 1949 1137 2019 eidemque
1168 1948 1306 2001 dixit
1338 1963 1351 1999 :
1382 1948 1549 2017 800
1584 1946 1809 2017 Ideoque
1837 1957 1886 2002 et
1917 1947 2053 2017 quod

476 2052 721 2097 nascetur
780 2051 1019 2096 sanctum
1074 2037 1347 2095 iocabitur
1394 2040 1567 2094 Filius
1624 2039 1744 2094 Dei.
1800 2038 2053 2096 Deinde:

476 2131 633 2186 Dabit
655 2133 702 2186 ei
728 2132 869 2187 Deus
891 2132 1063 2187 sedem
1105 2131 1274 2186 David
1300 2133 1471 2200 patris
1493 2132 1630 2201 ejus,
1656 2141 1706 2186 et
1730 2131 1978 2202 ,regnabit
2000 2134 2057 2187 in

473 2224 630 2277 domo
655 2222 821 2277 Jacob
853 2226 906 2277 in
938 2233 1212 2288 a'ternum,
1257 2232 1306 2277 et
1334 2225 1477 2293 regni
1508 2223 1621 2292 ejus
1657 2239 1758 2276 non
1789 2223 1885 2276 erit
1905 2223 2053 2293 ﬁnis.

473 2314 833 2381 Quamobrem
866 2330 987 2369 cum
1036 2315 1150 2368 [uec
1182 2314 1344 2368 ambo
1390 2313 1494 2368 sibi
1541 2313 1776 2368 invicem
1803 2313 2056 2383 opposita

471 2422 596 2462 esse
644 2408 957 2466 videantur,
997 2405 1251 2460 videlicet
1285 2420 1298 2457 :
1341 2402 1558 2473 Oportet
1595 2404 1769 2471 ipsum
1815 2419 2054 2473 regnare,

471 2499 657 2564 donec,
678 2509 811 2566 etc.;
845 2509 918 2564 et,
945 2497 1200 2569 Regnabit
1234 2498 1390 2551 domo
1422 2495 1591 2550 Jacob
1624 2496 1678 2550 in
1710 2495 1930 2560 saecula,
1963 2494 2055 2549 ubi

475 2591 874 2649 observandum
940 2600 1049 2653 est,
1097 2591 1154 2643 in
1207 2589 1427 2654 stecula,
1477 2603 1608 2652 non,
1664 2588 1720 2642 in
1771 2588 2052 2648 smculum,

472 2685 697 2739 dixisse.
752 2683 884 2737 Item
915 2698 1039 2737 cum
1067 2680 1221 2745 illud,
1247 2678 1381 2736 Cum
1401 2679 1677 2733 tradiderit
1706 2695 1923 2748 regnum
1946 2678 2055 2733 Deo

470 2783 518 2829 et
551 2773 726 2837 Patri,
756 2773 882 2827 huic
908 2773 1244 2827 contrarium
1269 2771 1359 2835 sit,
1403 2768 1471 2823 Et
1504 2771 1649 2840 regni
1676 2770 1790 2839 ejus
1824 2788 1928 2825 non
1957 2772 2058 2825 erit

470 2868 631 2934 linis;
657 2866 1030 2936 comquebaac
1059 2864 1219 2918 ambo
1257 2862 1324 2917 de
1348 2862 1570 2917 Christo
1614 2864 1843 2919 Domino
1874 2864 2058 2919 idonei

469 2975 532 3015 ac
560 2959 663 3014 title
687 2958 834 3029 digni
859 2966 1112 3012 auctores
1133 2964 1384 3012 asserant
1427 2956 1574 3027 (nam
1610 2965 1663 3010 et
1696 2957 1922 3027 angelus
1952 2957 2058 3011 Ga-

469 3053 604 3108 briel
635 3060 862 3107 sanctus
888 3058 993 3115 est,
1025 3058 1081 3104 et
1110 3050 1409 3119 Apostolus
1435 3049 1624 3105 divino
1657 3048 1868 3121 Spiritu
1905 3050 2056 3105 allia-

469 3145 602 3210 tus),
635 3141 766 3213 quid
806 3140 977 3196 nostri
1033 3139 1109 3193 illi
1156 3140 1335 3195 vitalis
1366 3155 1429 3194 ac
1467 3140 1727 3196 salutaris
1754 3140 1901 3196 illius
1933 3156 2054 3211 my-

468 3236 620 3292 sterii
649 3235 809 3303 plane
843 3233 1083 3303 imperiti
1114 3233 1392 3287 dixerint?
1433 3231 1702 3288 Utrumne
1770 3233 2056 3303 Scriptura

468 3341 655 3383 secum
709 3325 827 3395 ipsa
867 3334 1090 3395 pugnat,
1136 3339 1257 3394 quae
1306 3339 1587 3394 nunquam
1636 3339 1666 3377 a
1701 3324 1927 3380 veritate
1957 3323 2055 3379 de-

468 3416 680 3472 ﬂectit?
726 3416 952 3470 Minime
1001 3430 1151 3470 vero.
1205 3415 1332 3478 Sed,
1387 3422 1447 3467 ut
1503 3423 1661 3469 antea
1712 3414 2053 3476 dicebamus.

468 3515 691 3579 propter
712 3507 858 3560 illam
889 3505 1139 3559 humanae
1161 3516 1372 3558 natura:
1403 3505 1794 3570 conditionem,
1814 3521 1937 3576 qua:
1966 3520 2056 3561 ac-

467 3597 732 3654 cessionis
760 3611 931 3666 capax
944 3604 1047 3660 est,
1067 3604 1433 3652 consentanee
1451 3597 1635 3651 omnia
1664 3597 2055 3668 aptissimeque

468 3690 763 3745 cohaerent.
817 3687 1029 3744 Etenim
1054 3688 1101 3744 si
1136 3703 1362 3759 regnum
1402 3698 1553 3745 certo
1594 3690 1779 3760 aliquo
1810 3698 2057 3761 tempore

468 3780 772 3836 traditurus
813 3790 916 3846 cst,
939 3794 1283 3849 consequens
1332 3786 1437 3844 est,
1474 3786 1529 3835 ut
1572 3780 1815 3835 nondum
1847 3787 2052 3851 regnet.

469 3872 625 3941 Quod
656 3873 700 3928 si
726 3872 800 3926 ita
829 3879 936 3938 est,
972 3886 1068 3926 cur
1103 3872 1310 3942 angelis
1332 3880 1382 3927 et
1402 3871 1742 3943 archangelis
1762 3879 1873 3926 tam
1907 3880 2053 3937 ante,

469 3980 633 4036 quam
677 3972 801 4035 post
849 3963 1283 4036 incarnationem
1326 3963 1587 4019 adoratus
1630 3977 1753 4019 esse
1794 3969 2056 4033 perpetuo

469 4035 712 4111 dicitur?
742 4055 813 4112 De
829 4071 895 4111 eo
925 4056 1128 4127 quippe
1162 4035 1445 4127 scriptura
1486 4062 1718 4112 testatur
1754 4052 1925 4109 :Cum
1982 4056 2059 4107 iu-

465 4151 676 4203 duceret
701 4149 1106 4219 primogenitum
1128 4148 1180 4201 in
1202 4146 1378 4202 orbem
1403 4157 1664 4201 terrarum
1684 4146 1883 4200 dictum
1911 4162 2055 4200 esse:

466 4242 537 4296 Et
577 4243 797 4298 adorent
850 4258 967 4298 eum
1021 4259 1198 4298 omnes
1243 4243 1418 4315 angeli
1475 4242 1572 4298 Dei
1600 4245 1645 4297 '.
1683 4242 1818 4299 Item
1854 4261 1868 4299 :
1901 4241 2055 4298 Sedet

467 4340 536 4395 ad
566 4341 840 4395 dexteram
867 4339 1057 4394 Patris
1088 4339 1128 4392 ³.

540 4520 770 4577 Deinde:
792 4520 983 4575 Coram
1017 4521 1109 4573 illo
1131 4522 1372 4589 ﬂectetur
1399 4538 1549 4576 omne
1575 4538 1709 4592 genu
1738 4523 2046 4584 caelestium,

468 4614 798 4668 terrestrium
818 4621 865 4666 el
900 4613 1274 4681 infernarum".
1308 4612 1546 4669 Necesse
1573 4624 1656 4668 est
1691 4614 1854 4684 igitur
1874 4621 1933 4665 ut
1954 4613 2049 4682 qui

466 4704 536 4759 ab
567 4704 823 4758 omnibus
868 4703 1146 4768 adoretur,
1187 4711 1451 4775 perpetuo
1497 4719 1724 4774 regnum
1783 4705 2047 4759 obtineat.

465 4795 585 4851 Jam
608 4811 735 4852 vero
771 4812 897 4851 cum
923 4804 1186 4867 perpetuo
1210 4811 1378 4866 penes
1406 4793 1602 4849 Filium
1635 4795 1745 4864 jam
1771 4795 1899 4849 olim
1933 4794 2052 4851 fue-

464 4889 559 4955 rit,
593 4896 647 4943 et
674 4889 831 4945 modo
856 4889 950 4954 sit,
972 4896 1025 4944 et
1049 4888 1308 4959 deinceps
1339 4888 1573 4959 sitiregia
1600 4887 1781 4943 futura
1809 4897 2053 4959 potestas

466 4983 928 5055 (quandoquidem
975 4997 1207 5053 regnum
1276 4979 1422 5036 Patri
1496 4981 1739 5036 nondmn
1790 4982 2057 5053 tradidit),

467 5077 602 5149 quid
633 5076 850 5131 tandem
877 5073 1356 5130 existimabimus?
1381 5070 1669 5128 Patremne
1696 5073 1764 5129 ab
1786 5089 1953 5145 regno
1979 5075 2057 5129 in-

464 5172 622 5226 terim
659 5167 990 5225 exclusum?
1018 5165 1238 5221 Minime
1294 5180 1445 5220 vero.
1479 5165 1689 5236 llegnat
1732 5167 1876 5220 enim
1933 5182 2057 5223 cum

464 5266 625 5318 Patre
650 5261 844 5328 Filius,
877 5270 1079 5317 etcum
1107 5258 1268 5324 Filio,
1303 5273 1365 5312 ac
1397 5256 1603 5328 Spiritu
1641 5269 1836 5314 sancto
1872 5258 2054 5313 Pater.

466 5354 569 5410 Sed
612 5356 743 5425 quid
769 5351 1173 5411 asscruntisti?
1213 5349 1346 5404 Cum
1378 5351 1654 5406 tradiderit
1695 5369 1911 5423 regnum
1944 5352 2054 5405 Deo

461 5458 509 5499 et
545 5447 718 5512 Patri,
772 5462 901 5501 num
938 5460 1167 5514 regnare
1201 5444 1450 5498 desinet?
1488 5442 1842 5514 Nequaquam
1874 5452 2045 5498 certe.

462 5537 745 5604 Quomodo
770 5539 915 5593 enim
941 5552 1130 5592 verum
1158 5536 1285 5592 illud
1315 5545 1458 5592 esset
1489 5537 1663 5607 angeli
1698 5552 2046 5606 responsum:

536 5691 556 5725 ¹
591 5692 720 5747 Luc.
751 5708 786 5760 I,
813 5693 882 5748 55
919 5709 1038 5764 sqq.

1118 5696 1135 5724 ’
1159 5693 1321 5750 llchr.
1362 5711 1398 5762 I,
1429 5694 1461 5746 θ
1493 5711 1503 5760 ;
1541 5691 1684 5747 Psal.
1727 5708 1862 5757 xcw,
1893 5691 1943 5741 7.
2025 5691 2041 5723 ’
2069 5691 2233 5745 llebr.
2267 5708 2302 5755 ι,
2334 5691 2383 5745 3.

2156 1862 2257 1917 καί
2300 1862 2512 1931 ἔλεγεν
2559 1854 2748 1929 ἁὺτῇ·
2778 1854 2895 1913 Διό
2921 1858 3019 1913 καὶ
3058 1858 3131 1933 ro,
3162 1857 3531 1928 γεννώμενον
3567 1854 3762 1924 ἅγιοι·

2156 1953 2523 2020 κληθήσεται
2551 1950 2680 2016 Υἱὸς
2712 1948 2881 2004 Θεοῦ.
2924 1945 3057 2002 Εἶτα
3081 1964 3095 1979 ο
3126 1947 3309 2002 Δώσει
3334 1945 3491 2011 αὐτῷ
3522 1948 3559 1999 ό
3597 1942 3760 2011 Θεὸς

2130 2038 2264 2098 ’τὸν
2292 2045 2510 2112 θρόνον
2542 2041 2723 2096 Δαϐὶδ
2770 2041 2877 2097 τοῦ
2912 2040 3135 2109 πατρὸς
3164 2040 3373 2104 αὐτοῦ,
3424 2037 3520 2091 καὶ
3564 2037 3761 2101 ,ϐασι-

2156 2138 2363 2193 λεύσει
2413 2136 2510 2190 ἐπὶ
2548 2137 2654 2189 τὸν
2705 2131 2875 2189 οἶκον
2922 2133 3125 2188 Ἰακὼϐ
3173 2134 3259 2198 εὶς
3300 2131 3442 2197 τοὺς
3493 2129 3755 2196 αἰῶνας,

2157 2231 2258 2285 καὶ
2295 2230 2404 2299 τεῆς
2430 2229 2754 2295 βασιλείας
2795 2226 2981 2282 αὐτοῦ
3012 2227 3124 2280 οὐκ
3167 2224 3340 2280 ἔσται
3375 2224 3569 2289 τέλος.
3620 2223 3754 2277 ’Λν-

2156 2322 2669 2393 τιδιαστελλομένωι
2695 2321 2874 2374 τοίνυν
2907 2320 3113 2372 τούτων
3158 2317 3384 2387 θατέρου
3416 2316 3552 2387 πρὸς
3585 2314 3755 2368 06.32-

2162 2433 2273 2486 ρον,
2302 2414 2384 2479 τὸ,
2415 2413 2517 2467 Δεῖ
2535 2412 2722 2467 αὑτὸν
2744 2411 3103 2476 ,βασιλεύειν
3129 2409 3305 2478 ἄχρις
3330 2403 3401 2464 οὗ
3432 2424 3446 2439 ’
3479 2407 3598 2472 καὶ,
3634 2410 3755 2459 Ba-

2158 2507 2434 2560 σιλεύσει
2466 2504 2565 2558 ἐπὶ
2612 2503 2719 2557 τὸν
2756 2499 2926 2558 οἷκον
2966 2501 3175 2559 Ἰακὼϐ
3207 2504 3294 2569 εἰς
3326 2501 3464 2566 τοὺς
3496 2499 3752 2565 αἰῶνας.

2158 2598 2269 2651 Καὶ
2294 2596 2393 2650 οὐκ
2420 2593 2594 2659 εἶπεν,
2625 2597 2705 2658 είς
2745 2595 2837 2648 τὸν
2881 2594 3052 2647 αἰῶνα
3085 2593 3270 2664 μόνον,
3304 2592 3439 2655 ἀλλ’,
3467 2593 3555 2657 εἰς
3598 2589 3756 2654 τοὺς

2159 2690 2381 2756 αἰῶνας
2405 2706 2419 2719 ⁸
2468 2690 2564 2742 καὶ
2598 2691 2764 2744 πάλιν
2785 2689 2865 2755 τὸ,
2890 2689 3070 2742 Ὅταν
3094 2680 3398 2757 παραδιδῷ
3425 2684 3539 2754 τὴν
3566 2684 3756 2749 βασι-

2157 2783 2331 2837 λείαν
2355 2780 2436 2847 τῷ
2464 2779 2586 2847 Θεῷ
2612 2779 2711 2834 καὶ
2729 2780 2933 2849 Πατρὶ,
2952 2777 3503 2850 ἀπιπαρατιθέμενον
3529 2775 3615 2838 τὸ,
3632 2772 3755 2827 Καὶ

2158 2874 2271 2942 τῆς
2291 2873 2616 2939 ,ϐασιλείας
2659 2871 2846 2927 αὑτοῦ
2879 2874 2990 2925 οὐκ
3023 2870 3197 2925 ἔσται
3249 2869 3453 2935 τέλος
3497 2868 3754 2939 ἀμφοτέ-

2163 2983 2271 3038 ρων
2303 2965 2360 3018 δὲ
2386 2965 2456 3018 τὰ
2481 2963 2709 3019 τοιαῦτα
2742 2964 2871 3035 περὶ
2906 2962 3109 3035 Κυρίου
3144 2961 3239 3014 καὶ
3273 2958 3509 3031 Χριστοῦ
3537 2958 3752 3028 φησάνο

2158 3074 2287 3123 των,
2334 3055 2661 3121 ἀξιοπίστων
2709 3053 2965 3108 ἁπάντων
3011 3052 3181 3107 ὄντων
3222 3050 3337 3123 (τοῦ
3380 3051 3478 3120 μὲν
3509 3046 3745 3118 ἁγγὲλοι

2161 3147 2401 3220 Γαϐριὴλ
2431 3147 2585 3216 ἁγίου
2615 3146 2785 3211 ὄντος,
2811 3144 2905 3198 τοῦ
2940 3144 2997 3198 δὲ
3025 3144 3181 3213 ἁγίου
3226 3140 3545 3195 Ἀποστὸλου
3582 3157 3746 3193 πνευ-

2165 3241 2469 3313 ματοφόρου
2520 3237 2720 3309 ὄντος),
2765 3237 2818 3289 τί
2870 3236 2937 3290 ἂν
2990 3236 3225 3306 φαίησαν
3263 3234 3314 3285 οἱ
3353 3232 3453 3303 τῆς
3506 3230 3752 3300 ζωτικῆς

2163 3330 2546 3405 πραγματείας
2595 3330 2899 3399 ἄγνωστοι;
2953 3327 3038 3397 Μὴ
3082 3326 3190 3397 ἄρα
3241 3323 3517 3386 ἀντίθετος
3568 3320 3654 3392 εἴη
3718 3323 3748 3392 ἡ

2161 3424 2354 3497 Γραφὴ
2382 3423 2517 3491 πρὸς
2550 3422 2749 3494 ἑαυτὴν
2777 3419 2845 3473 τὰ
2879 3421 3054 3476 πάντα
3101 3420 3188 3472 ἀεὶ
3230 3415 3599 3487 ἅληθεύουσα;
3650 3413 3750 3486 Μὴ

2162 3513 2656 3586 γένοιτοῐἈλλ⁹ὼς
2681 3513 2937 3585 ἁωρχῆς
2966 3512 3213 3583 εἴπομεν,
3255 3508 3344 3562 διὰ
3384 3508 3446 3562 τὸ
3506 3505 3748 3578 προσλη-

2162 3607 2353 3661 πτικὸν
2372 3606 2467 3678 τῆς
2492 3604 2974 3677 ὲνανθρωπήσεως,
2994 3602 3060 3656 τὰ
3084 3601 3262 3656 πάντα
3276 3599 3388 3671 ἔχει
3408 3599 3505 3670 τῆς
3520 3596 3747 3666 εὐλόγου

2162 3697 2499 3761 ἀκολουθίας.
2534 3697 2597 3751 El
2626 3696 2734 3768 γὰρ
2778 3694 3114 3768 παραδίδωσι
3156 3692 3217 3745 τὸ
3246 3690 3515 3763 βασίλειον
3542 3688 3742 3761 χρόνῳ,

2162 3791 2270 3863 ἄρα
2298 3789 2391 3843 νῦν
2429 3788 2551 3842 οὐδὲ
2599 3787 2892 3857 βασιλεύει.
2932 3786 2995 3839 El
3022 3784 3079 3838 δὲ
3110 3783 3263 3837 οὔπω
3298 3781 3591 3853 βασιλεύει,
3623 3780 3746 3841 πῶς

2162 3882 2478 3953 εὑρίσκεται
2504 3877 2971 3952 προσκυνούμενος
3000 3874 3087 3929 ἀεὶ
3115 3873 3220 3927 ὑπὸ
3244 3872 3350 3926 τῶν
3383 3871 3628 3941 ἀγγέλων
3648 3871 3745 3924 καὶ

2163 3972 2519 4045 ἀρχαγγέλων
2546 3973 2651 4043 πρὸ
2678 3970 2776 4042 τῆς
2817 3969 3082 4040 ἑνσάρκου
3113 3966 3413 4038 παρουσίας
3456 3964 3548 4017 καὶ
3594 3964 3654 4017 ὲν
3673 3966 3745 4035 τῇ

2164 4071 2413 4142 ὲνσάρκῳ
2431 4067 2732 4141 παρουσίας
2754 4066 2828 4130 ὡς
2848 4068 2879 4138 ἡ
2902 4062 3093 4137 Γραφὴ
3116 4063 3265 4132 λέγει
3296 4062 3423 4132 περὶ
3440 4059 3627 4125 αὑτοῦ,
3658 4059 3744 4112 ὅτι

2167 4163 2351 4216 Ὅταν
2371 4158 2662 4230 εἰσαγάγῃ
2684 4157 2792 4211 τὸν
2820 4156 3199 4226 πρωτότοκον
3220 4154 3307 4218 εὶς
3331 4152 3443 4219 τὴν
3473 4148 3747 4219 οἰκουμέ-

2162 4271 2299 4322 νην,
2326 4252 2594 4323 λέγουσα
2611 4266 2624 4279 ·
2651 4248 2761 4304 Καὶ
2783 4244 3384 4315 προσκυνησάτωσαν
3410 4238 3567 4307 αὐτῷ
3596 4241 3748 4296 πάτ-

2165 4361 2261 4409 τες
2295 4343 2535 4412 ἄγγελοι
2567 4338 2714 4395 Θεοῦ
2736 4355 2751 4369 ο
2783 4338 2878 4391 καὶ
2901 4335 3063 4389 πάλιν
3082 4352 3095 4365 ·
3132 4332 3447 4387 Ἐκάθισεν
3473 4333 3543 4385 ἐν
3570 4329 3742 4398 δεξιᾷ

2085 4442 2127 4496 D
2158 4437 2264 4491 τοῦ
2291 4435 2539 4502 Πατρός.

2229 4524 2335 4577 Καί
2367 4541 2556 4594 φησιν,
2579 4521 2743 4588 Αὐτῷ
2771 4522 2993 4591 κάμψει
3022 4522 3145 4577 πᾶν
3172 4522 3317 4592 γόνυ
3348 4517 3745 4585 ἐπουρανίων,

2162 4618 2259 4671 καὶ
2293 4618 2586 4686 ἐπιγείων,
2606 4616 2703 4669 καὶ
2727 4617 3153 4685 καταχθονίων.
3188 4617 3329 4683 Ἄρα
3354 4608 3448 4667 οὖν
3470 4610 3749 4682 βασιλεύει

2158 4710 2245 4761 ἀεὶ
2275 4709 2304 4760 ὁ
2338 4708 2443 4761 ὑπὸ
2474 4708 2691 4761 πάντων
2730 4706 3219 4778 προσκυνούμενος.
3254 4706 3318 4758 Τί
3344 4700 3437 4758 οὖν
3465 4705 3746 4773 είπωμεν;

2158 4801 2265 4855 ’1ὀῦ
2298 4801 2430 4855 Υἱοῦ
2476 4803 2561 4855 ἀεὶ
2606 4800 3001 4872 βασιλεύοντος,
3047 4800 3156 4853 ἀπὸ
3182 4798 3289 4852 τῶν
3332 4797 3617 4860 ἀνέκαθεν,
3652 4798 3749 4850 καὶ

2162 4893 2278 4958 νῦν,
2321 4896 2414 4948 καὶ
2466 4896 2545 4959 είς
2574 4894 2633 4948 τὸ
2680 4895 2826 4965 ἑξῆς,
2876 4894 2997 4946 ἐπεὶ
3033 4893 3257 4964 μηδέπω
3309 4891 3592 4962 παρέδωκε
3646 4890 3750 4959 τὴν

2165 4986 2439 5055 βασιλείαν
2471 4986 2548 5057 τῷ
2579 4987 2774 5057 Πατρὶ,
2804 4982 2914 5058 ἆρα
2941 4986 3095 5048 ἐκτός
3132 4987 3246 5037 ἐστι
3294 4983 3387 5036 τοῦ
3440 4983 3752 5053 βασιλεύειν

2161 5080 2191 5132 ὁ
2232 5079 2453 5150 Πατήρ;
2487 5079 2578 5150 Μὴ
2612 5079 2847 5145 γένοιτοί
2888 5078 3043 5131 Ἐστι
3072 5077 3181 5149 γὰρ
3221 5078 3337 5147 ἅμα
3382 5077 3556 5146 lla-.9!
3589 5075 3750 5144 βασι-

2164 5170 2355 5236 λεύων,
2403 5171 2498 5224 καὶ
2550 5171 2739 5243 Πατὴρ
2792 5171 2907 5240 ἅμα
2959 5171 3073 5241 Υίῷ
3123 5171 3217 5224 καὶ
3255 5170 3395 5240 ἁγίῳ
3443 5170 3748 5239 Πνεύματι.

2175 5263 2336 5316 Ἀλλὰ
2390 5263 2441 5314 τί
2475 5262 2722 5330 λέγουσιν
2749 5280 2764 5328 ;
2800 5260 2981 5317 Ὅταν
3002 5261 3300 5332 παραδιδῷ
3322 5260 3387 5315 τὸ
3423 5264 3753 5328 βασίλειον

2161 5354 2239 5420 τῷ
2274 5352 2396 5419 Θεῷ
2452 5354 2548 5427 gal
2584 5353 2786 5422 Πατρὶ,
2821 5353 3054 5407 παύεται
3094 5353 3254 5417 αὐτὸς
3278 5353 3371 5407 τοῦ
3404 5353 3750 5423 βασιλεύεινς

2157 5446 2247 5515 Μὴ
2292 5445 2530 5514 γένοιτοῑ
2575 5445 2726 5498 Ἐπεὶ
2761 5445 2875 5509 πῶς
2908 5446 3210 5517 πληροῦται
3242 5447 3323 5505 τὸ,
3358 5447 3465 5500 Kal
3500 5444 3611 5511 τῆς
3632 5445 3754 5508 βα-

2158 5535 2391 5601 σιλείας
2421 5534 2607 5589 αὐτοῦ
2642 5531 2957 5590 οὐκέσται
3008 5535 3216 5601 τέλος;
3265 5536 3404 5589 Ἀλλ’
3441 5536 3530 5590 ἵνα
3571 5535 3747 5603 δείξῃ,

2466 5695 2484 5725 δ
2517 5691 2748 5761 Philipp.
2791 5692 2965 5753 11,ίθ.
