3994 6226
350 311 461 371 325

1080 310 1452 370 ADVERSUS
1492 311 1836 368 HERESES
1874 311 2001 368 LIB.
2047 310 2112 369 ll.
2157 314 2323 372 'l'OM.
2374 315 2515 369 ll.-
2551 314 2830 373 HrERES.
2874 317 3065 378 LXIX.

3529 322 3631 380 5‘28

348 430 436 485 ἅτε.
478 431 632 485 οὐδὲν
677 432 736 487 ὲν
776 431 854 503 τῷ
896 429 1012 502 Υίῷ
1060 432 1436 506 πεπλήρωται,
1469 431 1594 485 οὔτε
1639 431 1926 504 πληροῦτατ

2046 431 2114 485 Et
2142 435 2291 505 regni
2314 434 2427 504 ejus
2446 450 2546 489 non
2568 436 2810 507 erit'ﬁnis
2829 418 2866 493 1
2883 437 2994 494 Hoc
3020 439 3185 509 igitur
3201 439 3508 513 signiﬁcare
3534 458 3634 500 vo-

351 519 651 591 ἀφηνιάζον
732 522 826 576 καὶ
875 521 1075 587 ἰδιάζον
1122 524 1223 595 τῆς
1277 522 1371 577 τοῦ
1423 523 1634 593 Πατρὸς
1680 523 1945 588 ἐνώσεως»

349 612 448 664 καὶ
485 612 604 676 ἑνὸς
655 612 964 685 θελήματος
1006 614 1241 686 Πατρὸς,
1295 615 1388 667 καὶ
1443 614 1598 678 Υίοῦ,
1647 615 1744 668 καὶ
1790 614 1946 683 ἁγίου

334 702 689 799 ὶῐῐνεύματος.
739 695 987 776 Ὀρῶμεν
1032 705 1142 776 γὰρ
1170 706 1266 758 καὶ
1299 703 1533 758 ἐνταῦθα
1568 705 1645 768 ὡς
1847 705 1946 799 αὑ-

330 793 447 846 ἶτοῦ
477 795 572 849 τοῦ
604 794 731 849 Υίοῦ
762 795 1054 867 εἰρημένου
1090 797 1130 862 ί,
1186 797 1269 849 ὃτι
1301 795 1478 848 Ὅταν
1501 795 1802 863 παραδιδῴ
1832 795 1947 864 τὴν

343 884 680 948 ,βασιλείαν
709 886 791 952 τῷ
842 886 964 953 Θεῷ
997 887 1096 940 καὶ
1142 888 1347 955 Πατρὶ,
1396 888 1543 941 ὅταν
1590 886 1941 957 καταργήσῃ

324 973 562 1037 (πᾶσαν
600 976 822 1046 ἀρχὴν,
866 978 967 1031 καὶ
1006 977 1319 1044 ἐξουσίαν,
1379 979 1477 1032 καὶ
1529 978 1817 1048 δύναμινο
1866 980 1943 1043 ὼς

347 1065 515 1119 αὐτοῦ
571 1066 665 1119 τοῦ
714 1066 844 1120 Υἱοῢ
895 1066 1280 1139 παραδιδόντος
1348 1071 1446 1140 τὴν
1495 1068 1793 1139 βασιλείαν,
1847 1072 1941 1125 καὶ

348 1157 751 1229 καταργοῦντος
786 1161 968 1214 πᾶσαν
1002 1159 1199 1232 ἀρχὴν,
1248 1159 1344 1213 καὶ
1387 1160 1456 1213 τὰ
1502 1160 1666 1232 ἑξῆς·
1715 1161 1808 1214 καὶ
1855 1161 1935 1226 τὸ,

345 1250 451 1304 Δεῖ
473 1252 662 1304 αὐτὸν
692 1252 1051 1315 βασιλεύειν
1078 1251 1251 1321 ἄχρις
1279 1247 1352 1307 οὗ
1405 1250 1481 1320 θῇ
1524 1251 1756 1318 πάντας
1794 1254 1936 1320 τοὺς

343 1342 602 1410 ἐχθροὺς
651 1344 771 1397 ὑπὸ
808 1344 952 1409 τοὺς
983 1344 1174 1409 πόδας
1200 1343 1382 1398 αὐτοῦ
1404 1360 1417 1374 ’
1462 1344 1535 1408 ὡς
1584 1345 1679 1398 τοῦ
1706 1344 1838 1399 Υίοῢ
1866 1346 1936 1400 τὰ

345 1435 528 1488 πάντα
558 1435 860 1502 ποιοῦντος,
893 1437 991 1491 καὶ
1038 1436 1445 1501 αὐθεντοῦντος,
1475 1439 1572 1491 καὶ
1605 1438 1936 1505 ἐξουσιάζον-

342 1544 458 1597 τος,
513 1527 720 1598 καὶτῷ
759 1529 933 1601 Πατρὶ
989 1529 1373 1601 παραδιδόντος
1427 1531 1523 1582 σὺν
1573 1533 1640 1601 τῇ
1687 1529 1935 1604 βασιλείᾳ

341 1618 472 1682 τοὺς
501 1618 998 1691 ὑποτασσομένους.

414 1710 532 1762 ΟΔν.
566 1707 698 1763 Εἶτα
730 1710 915 1767 λοιπὸν
961 1711 1275 1785 μεταϐαίνει
1307 1713 1381 1775 εἰς
1424 1713 1713 1784 πρόσωπον
1745 1716 1930 1787 ἕτερον

2052 518 2153 573 luit
2203 521 2520 590 Apostolus,
2544 523 2682 577 nihil
2724 523 3011 595 impletum
3063 528 3115 582 in
3165 527 3321 596 Filio,
3353 533 3632 605 implerive

2050 611 2193 681 quod
2241 627 2270 666 a
2326 622 2553 683 paterna
2608 615 2769 685 801
2820 619 3246 685 coniunctione,
3299 629 3463 693 atque
3517 638 3629 678 una

2047 701 2346 773 eademque
2384 703 2587 769 Patris,
2616 714 2669 759 et
2690 702 2836 770 Filii,
2870 714 2924 761 et
2956 707 3193 779 Spiritus
3227 712 3406 766 sancti
3433 713 3626 768 volun-

2046 801 2159 849 tate
2183 795 2502 866 discrepans
2537 797 2626 861 sit,
2664 805 2759 852 aut
2791 799 3123 869 seiunctum.
3151 800 3431 873 Siquidem
3453 804 3628 860 ethoc

2044 885 2166 941 loco
2207 886 2275 942 de
2326 886 2467 943 Filio
2496 889 2614 959 ipso
2659 890 2864 944 dictum
2914 891 3443 950 animadvertimus:
3493 896 3625 951 Cum

2044 974 2325 1029 tradiderit
2373 992 2593 1047 regnum
2646 977 2756 1032 Deo
2796 987 2844 1032 et
2896 977 3089 1044 Patri,
3148 997 3267 1036 cum
3307 983 3626 1039 destruxerit

2042 1081 2245 1119 onmem
2274 1066 2649 1136 principatum,
2688 1078 2739 1121 et
2766 1076 3098 1136 potestatem,
3134 1078 3184 1124 et
3210 1072 3475 1139 virtutem,
3500 1081 3625 1129 tan-

2039 1171 2201 1225 quam
2243 1154 2413 1212 Filius
2478 1157 2593 1227 ipse
2643 1174 2870 1229 regnum
2912 1161 3115 1226 tradat,
3144 1176 3209 1217 ac
3250 1163 3621 1235 principatum
3658 1182 3669 1185 ‘

2037 1260 2252 1301 onmem
2272 1248 2541 1313 destruat,
2565 1260 2672 1303 etc.
2699 1249 2777 1305 Ad
2803 1250 2938 1315 haec,
2965 1250 3202 1320 Oportet,
3231 1254 3429 1325 inquit,
3453 1257 3622 1326 ipsum

2036 1352 2277 1407 regnare,
2339 1338 2504 1392 donec
2546 1349 2709 1408 ponat
2765 1342 3008 1397 inimicos
3068 1344 3164 1399 sub
3230 1347 3448 1416 pedibus
3486 1351 3622 1418 suis,

2036 1429 2191 1500 quasi
2217 1428 2386 1486 Filius
2415 1431 2598 1485 omnia
2630 1432 2896 1502 perﬁciat,
2925 1449 2990 1490 ac
3017 1451 3118 1505 pro
3141 1439 3470 1496 auctoritate
3522 1457 3623 1498 sua

2033 1530 2088 1578 et
2145 1532 2417 1593 potestate
2460 1522 2792 1591 moderetur,
2828 1533 2883 1581 et
2931 1525 3080 1583 Patri
3104 1528 3339 1601 denique
3360 1548 3467 1587 una
3495 1550 3621 1590 cum

2031 1629 2199 1685 regno
2222 1614 2498 1685 subjectos
2526 1615 2739 1671 otl‘erat.

2102 1705 2333 1762 LXXIV.
2377 1706 2508 1763 Post
2555 1708 2671 1763 haec
2715 1708 2877 1764 aliam
2918 1710 2988 1766 ad
3032 1725 3324 1781 personam
3364 1713 3613 1769 transit:

340 1803 508 1858 πάλιν
528 1820 544 1835 ο
580 1804 688 1858 Τοῦ
715 1804 948 1873 Πατρός
968 1784 1429 1871 ὐποτάσσοντος
1457 1805 1656 1860 πάντα
1681 1808 1762 1873 τῷ
1796 1784 1926 1873 Υίῷ⁸

2038 1795 2204 1850 Patre
2248 1794 2393 1852 Filio
2428 1796 2739 1866 subjicieute
2771 1801 2982 1865 omnia;
3020 1811 3114 1855 et:
3149 1799 3341 1855 Omnia
3370 1802 3616 1871 subjecit,

339 1896 439 1949 καί
480 1912 647 1967 φησι·
680 1896 885 1951 Πάντα
928 1897 1232 1962 ὑπέταξεν
1278 1898 1398 1951 ὑπὸ
1431 1898 1576 1965 τοὺς
1605 1900 1796 1966 πόδας
1827 1902 1935 1955 αὐ-

338 1986 480 2043 τοῦ·
518 1988 780 2058 ἔσχατος
810 1986 1024 2056 ἐχθρὸς
1057 1988 1432 2058 καταργεῖται
1465 1992 1496 2043 ό
1525 1988 1802 2057 θάνατος.
1834 1992 1936 2046 Οὑ-

336 2079 461 2133 κέτι
492 2080 549 2134 δὲ
580 2080 689 2134 ἀπὸ
717 2078 1013 2152 προσώπου
1039 2080 1254 2153 Πατρὸς
1284 2081 1467 2151 μόνον,
1487 2082 1609 2136 οὐδὲ
1638 2083 1748 2137 ἀπὸ
1767 2100 1934 2154 προσ-

333 2168 492 2224 ώπου
532 2169 664 2224 Υἱοῦ
705 2171 887 2242 μόνον,
927 2170 1065 2224 ἀλλὰ
1100 2171 1406 2242 μεσαίτατα
1468 2171 1578 2226 τῶν
1625 2174 1933 2246 προσώπων

337 2263 556 2334 [ἰατρὸς
583 2263 678 2316 καὶ
717 2261 874 2330 Υίοζὶ,
907 2261 1074 2333 φησίν
1094 2279 1107 2294 ·
1148 2264 1452 2331 Ἔσχατος
1478 2264 1693 2334 ἐχθρὸς
1719 2283 1935 2337 κιιταρ-

335 2354 526 2423 γεῖται
555 2357 588 2409 ὀ
613 2355 889 2420 θάνατος.
927 2355 1105 2408 ’Ὅταν
1135 2354 1205 2408 δὲ
1232 2355 1397 2424 εἴπῃ,
1430 2355 1519 2409 ὅτι
1550 2355 1748 2412 πάντα
1773 2358 1933 2425 αὺτῷ

330 2446 772 2511 ὑποτέτακται,
808 2445 1001 2517 ήθελον
1045 2446 1323 2518 ἐρωτῆσαι
1377 2448 1505 2512 τοὺς
1553 2449 1776 2515 αὐτοὺς,
1824 2450 1932 2505 ἀπὸ

333 2537 631 2610 προσώπου
663 2538 808 2602 τίνος
834 2516 927 2603 τὸ,
963 2516 1129 2608 sistra,
1161 2516 1344 2608 λέγέι;
1375 2541 1448 2593 Τὸ
1478 2539 1587 2613 γὰρ
1620 2540 1784 2612 βάθος
1820 2541 1929 2594 τῶν

335 2629 659 2702 μυστηρίων
695 2629 793 2683 τοῦ
837 2628 972 2683 Θεοῦ
1018 2630 1412 2701 πνευματικῶς
1448 2632 1577 2696 τοὺς
1632 2634 1929 2704 σαρκικοὺς

332 2722 534 2793 κρίνει.
572 2722 628 2774 '0
663 2721 774 2792 γὰρ
807 2722 1097 2789 σαρκικὸς
1125 2724 1198 2777 οὐ
1224 2720 1460 2793 δέχεται
1492 2724 1566 2778 τὰ
1599 2723 1707 2778 τοῦ
1738 2724 1930 2778 Πνεύ-

323 2826 547 2881 ματος-⁸
585 2811 766 2883 μωρία
797 2811 905 2882 γὰρ
930 2813 1083 2882 αὐτῷ
1111 2814 1280 2870 ἐστιν.
1301 2813 1565 2868 Ἐνταῦθα
1585 2815 1715 2886 γὰρ,
1743 2815 1928 2869 Ὅταν

326 2901 499 2970 εἴπῃ,
524 2902 619 2955 ὅτι
654 2902 851 2956 πάντα
881 2902 1043 2968 αὐτῷ
1078 2905 1496 2971 ὑποτέτακται,
1542 2907 1590 2958 εί
1627 2906 1726 2977 μὲν
1757 2909 1786 2960 ὁ
1810 2908 1928 2961 Πα-

326 2993 435 3065 τὴρ
479 2993 628 3063 λέγει
656 2994 793 3065 πρὸς
824 2994 917 3048 τὸν
949 2994 1116 3061 Υίὸν,
1173 2996 1399 3068 ἐλλιπὴς
1454 2999 1488 3068 ἡ
1539 2998 1922 3071 πραγματείαο

329 3085 571 3150 ὑπέταξε
602 3087 712 3160 γὰρ
744 3089 773 3139 ὁ
804 3087 935 3151 Υἱὸς
970 3087 1041 3141 τὰ
1072 3086 1250 3141 πάντα
1289 3082 1368 3159 τῷ
1397 3086 1609 3161 Πατρί·
1644 3091 1693 3143 εί
1724 3090 1782 3144 δὲ
1816 3091 1925 3145 ἀπὸ

326 3175 628 3248 προσώπου
650 3177 780 3230 Υἱοῦ
800 3177 1071 3244 τὺ,”οταν
1095 3178 1254 3248 εῖπῃο
1276 3178 1357 3233 Τὰ
1377 3180 1573 3234 πάντα
1592 3181 1752 3247 αὐτῷ
1778 3186 1927 3237 ὑπο-

324 3268 625 3335 τέτακται,
641 3269 875 3340 λέγεται,
898 3270 1114 3334 ἐλλιπὲς
1136 3271 1197 3325 τὸ
1219 3272 1501 3343 φρόνημα,
1525 3272 1603 3325 ὅτι
1631 3272 1933 3343 μελλητικά

324 3378 453 3416 τινα
478 3364 537 3416 ὲν
574 3363 712 3435 Θεῷ,
743 3363 778 3434 ἦ
808 3365 866 3417 ἐν
891 3364 1094 3436 Πατρὶ,
1122 3363 1156 3435 ἢ
1187 3366 1245 3417 ὲν
1277 3364 1390 3435 Υίῲ
1425 3364 1722 3433 λογίζεται.
1750 3365 1846 3429 Τίς
1872 3365 1931 3419 δέ

325 3455 478 3508 ἐστιν
493 3457 522 3508 ὁ
544 3455 741 3525 λέγων,
757 3457 838 3510 ὃτι
861 3455 1059 3511 πάντα
1074 3455 1500 3523 oncteruntur;
1524 3458 1599 3511 Οὐ
1620 3457 1729 3530 γὰρ
1753 3454 1924 3513 εἶπεν·

329 3546 499 3601 Ὅταν
520 3548 766 3602 εἴπωσιν.
786 3549 849 3601 Ei
876 3547 985 3620 γὰρ
1002 3544 1071 3620 ἦν
1093 3546 1250 3602 τοῦτο
1272 3548 1365 3602 τοῦ
1385 3549 1627 3615 Υἱοῦ,τὸ,
1649 3547 1822 3604 Ὅταν
1850 3548 1929 3602 εἴ-

328 3656 497 3702 πωσι,
515 3639 1419 3714 λεγόμενον,ἡδύνατοπληροῦσθαι
1442 3642 1476 3714 ἦ
1502 3642 1596 3695 ἐπὶ
1615 3643 1742 3706 τοὺς
1768 3642 1926 3711 ἀγγέ-

325 3731 472 3795 λους,
491 3731 525 3802 ἢ
543 3732 636 3785 ἐπὶ
649 3734 776 3796 τοὺς
796 3733 1194 3802 ὑποταγέντας.
1226 3733 1444 3806 Ἐπειδὴ
1471 3734 1529 3786 δὲ
1549 3733 1662 3788 ἄνω
1683 3735 1779 3805 ὲσή
1789 3752 1924 3806 μανε

324 3822 421 3875 τὸν
462 3822 591 3875 Υἰὸν
627 3823 1004 3877 ὑποτάσσοντα
1028 3822 1107 3894 τῷ
1150 3824 1362 3895 Πατρὶ,
1400 3826 1494 3878 καὶ
1536 3825 1920 3897 παραδιδόντα,

325 3911 424 3964 καὶ
452 3910 544 3964 τὸν
572 3912 793 3984 Πατέρα
825 3913 1201 3969 ὑποτάσσοντα
1237 3913 1316 3985 τῷ
1341 3915 1455 3987 Υἱῷ
1478 3915 1546 3970 τὰ
1575 3917 1782 3981 πάντα,
1817 3935 1920 3971 πε·-

328 4001 635 4071 ριελείπετο
654 4002 712 4055 δὲ
736 4006 848 4063 τοῖς
877 4002 1187 4076 λεξιθήρεσι
1210 4005 1271 4059 τὸ
1298 4004 1394 4058 τοῦ
1422 4005 1738 4076 Πνεύματος
1762 4006 1917 4075 ἁγίου

325 4092 655 4163 πρόσωπονο
713 4093 906 4148 τούτου
968 4095 1135 4148 ἕνεκα
1189 4095 1609 4167 ἀπαρεμφάτως
1667 4095 1806 4166 μετὰ
1858 4094 1920 4148 τὸ

327 4186 621 4257 πρόσωπον
648 4186 748 4261 τοῦ
786 4186 939 4253 Υίοῦ,
989 4187 1086 4242 καὶ
1131 4188 1193 4241 τὸ
1220 4188 1511 4259 πρόσωπον
1547 4186 1644 4240 τοῦ
1676 4187 1915 4259 Πατρὸςι

322 4278 386 4331 τὸ
434 4278 728 4349 πρόσωπον
779 4278 1047 4349 ὑπέφαινε
1095 4279 1189 4333 τοῦ
1245 4281 1400 4348 ἁγίου
1436 4278 1789 4350 Πνεὺματος,
1820 4278 1913 4333 τοῦ

324 4367 753 4436 ἀναγγέλλοντος
801 4369 889 4422 ἀεὶ
932 4367 1005 4423 τὰ
1048 4369 1262 4441 Πατρὸς
1308 4369 1402 4423 καὶ
1449 4369 1580 4422 Υίοῢ
1598 4410 1613 4435 ,
1646 4369 1742 4424 καὶ
1773 4368 1915 4423 διδά-

2040 1890 2238 1960 inquit,
2255 1888 2351 1943 sub
2377 1888 2597 1959 pedibus
2621 1890 2758 1959 ejus,
2782 1891 3096 1946 nouissimus
3117 1893 3362 1947 inimicus
3382 1894 3619 1949 destrue-

2040 1995 2127 2037 tur
2158 2000 2319 2039 mors.
2362 1983 2467 2039 Ubi
2494 2000 2605 2041 non
2637 1986 2872 2055 amplius
2901 2002 2965 2041 ex
2996 2001 3232 2056 persona
3264 1986 3446 2042 Patris
3473 1987 3618 2042 dun-

2047 2082 2218 2138 taxat,
2249 2090 2424 2145 neque
2455 2090 2521 2129 ex
2554 2075 2727 2131 salius
2761 2091 2997 2146 persona
3026 2074 3174 2141 Filii,
3216 2075 3313 2132 scd
3358 2084 3619 2148 tanquam

2034 2167 2104 2222 ab
2152 2166 2258 2220 alia
2288 2168 2431 2222 inter
2461 2175 2752 2236 utramque
2780 2166 3067 2236 interiecta
3111 2166 3403 2236 subjicitur
3445 2186 3459 2223 :
3502 2166 3618 2221 No-

2034 2259 2280 2313 uissimas
2320 2259 2570 2313 inimicus
2613 2258 2913 2314 destruitur
2955 2276 3120 2314 mors.
3163 2258 3299 2314 Cum
3329 2268 3505 2313 autem
3526 2257 3619 2312 di-

2033 2351 2125 2415 cit,
2158 2351 2340 2404 omnia
2363 2350 2484 2403 ltuic
2507 2366 2618 2405 esse
2640 2351 2899 2420 subjecta,
2934 2351 3065 2406 libet
3094 2352 3224 2407 illos
3251 2352 3614 2422 interrogare,

2033 2441 2192 2511 cujus
2225 2458 2289 2497 ex
2329 2456 2565 2511 persona
2614 2457 2719 2496 vox
2771 2442 2894 2507 illa,
2927 2442 3090 2508 dicit,
3127 2443 3473 2513 pronuntiata
3519 2444 3615 2500 sit.

2035 2530 2314 2601 Siquidem
2343 2530 2655 2586 divinorum
2683 2533 3069 2603 mysteriorum
3105 2533 3336 2588 altitudo
3364 2535 3617 2593 carnales

2031 2624 2283 2679 homines
2330 2624 2650 2694 spiritaliter
2701 2623 3010 2694 dijudicat:
3049 2624 3195 2679 Nam
3231 2627 3464 2681 carnalis
3510 2643 3617 2683 non

2028 2716 2242 2785 percipit
2284 2733 2348 2770 ea
2398 2732 2522 2787 quae
2566 2715 2663 2770 Dei
2694 2717 2885 2783 sunt’;
2918 2717 3151 2772 stultitia
3190 2718 3335 2772 enim
3364 2727 3449 2774 est
3485 2718 3615 2789 ipsi.

2031 2807 2157 2863 Haec
2187 2809 2357 2872 enim,
2389 2806 2527 2863 Cum
2557 2808 2687 2862 dicit
2730 2809 2909 2863 omnia
2947 2809 2995 2863 ei
3021 2825 3133 2863 esse
3158 2809 3415 2879 subjecta,
3454 2810 3502 2865 si
3540 2810 3614 2865 ita

2028 2900 2391 2969 accipiantur,
2422 2900 2581 2969 quasi
2626 2899 2766 2955 Filio
2806 2899 2967 2954 Pater
2996 2900 3230 2965 dixerit,
3293 2915 3487 2955 manca
3529 2910 3616 2954 est

2028 3003 2092 3044 ac
2144 2989 2358 3047 defecta
2408 2992 2676 3046 narratio.
2724 2991 2940 3062 Quippe
2988 2991 3164 3047 Filius
3219 2993 3406 3047 omnia
3464 2992 3613 3048 Patri

2030 3080 2279 3149 subjecit.
2317 3080 2413 3135 Sin
2455 3096 2523 3135 ex
2566 3081 2689 3135 Filii
2739 3096 2974 3152 persona
3030 3090 3351 3159 usurpatum
3388 3090 3614 3153 putetur

2036 3171 2183 3227 istud
2215 3172 2416 3242 ipsum,
2453 3171 2587 3228 Cum
2617 3172 2749 3228 dicit
2775 3190 2793 3228 :
2848 3174 2985 3228 Huic
3011 3175 3188 3228 omnia
3209 3175 3464 3243 subjecta,
3497 3190 3611 3230 non

2032 3266 2215 3320 minus
2244 3280 2441 3321 sensus
2476 3266 2593 3336 ipse
2622 3266 2826 3333 deﬁcit,
2875 3281 2941 3320 eo
2967 3266 3114 3336 quod
3146 3280 3298 3322 mora
3358 3266 3610 3336 quaedam

2031 3371 2095 3411 ac
2142 3357 2372 3414 tarditas
2418 3357 2550 3421 Deo,
2601 3358 2716 3415 sive
2753 3358 2926 3424 Patri,
2982 3359 3099 3415 sive
3149 3357 3290 3413 Filio
3322 3359 3605 3414 tribuitur.

2029 3448 2164 3515 Quis
2199 3449 2362 3521 igitur
2389 3457 2474 3505 est
2499 3450 2594 3519 qui
2635 3449 2872 3519 subjecta
2917 3465 3031 3504 esse
3071 3449 3201 3502 dicit
3233 3448 3456 3503 omnia!
3486 3447 3604 3502 Non

2027 3541 2173 3595 enim
2204 3539 2471 3611 scriptum
2497 3551 2619 3597 est:
2651 3541 2785 3596 Cum
2816 3541 3023 3608 dicunt.
3065 3538 3200 3594 Nam
3234 3540 3282 3596 si
3313 3539 3380 3594 ad
3408 3537 3604 3594 Filium

2026 3628 2216 3685 referri
2252 3629 2473 3685 deberet
2519 3630 2688 3695 istud,
2719 3630 2854 3684 Cum
2889 3630 3108 3696 dicunt;
3145 3630 3227 3685 vel
3257 3629 3325 3684 ad
3357 3629 3603 3700 angelos,

2026 3721 2109 3775 vel
2143 3720 2209 3776 ad
2235 3737 2351 3783 eos,
2375 3722 2466 3791 qui
2493 3721 2728 3791 subjecti
2760 3729 2909 3788 sunt,
2943 3722 3218 3792 pertinere
3248 3728 3456 3791 posset.
3480 3718 3600 3775 Jam

2023 3826 2154 3867 vero
2191 3828 2314 3866 cum
2345 3819 2506 3868 antea
2541 3812 2704 3868 Patri.
2726 3811 2924 3868 Filium
2965 3814 3148 3867 omnia
3179 3814 3482 3884 subjecisse
3536 3829 3603 3868 ac

2025 3903 2319 3959 tradidisse
2345 3905 2647 3973 docuisset,
2680 3917 2746 3960 ac
2774 3905 3020 3961 vicissim
3048 3903 3188 3960 Filio
3225 3904 3441 3961 Patrem
3475 3921 3599 3960 om-

2020 3998 2110 4050 nia
2140 3996 2463 4067 subjecisse,
2495 4013 2690 4053 vocum
2726 4014 2891 4069 porro
2920 4000 3298 4069 captatoribus
3330 4014 3439 4054 una
3472 3997 3597 4068 Spi-

2020 4087 2160 4143 ritus
2193 4087 2369 4143 sancti
2400 4104 2637 4158 persona
2668 4095 2926 4154 restaret,
2948 4089 3020 4143 ob
3065 4089 3120 4143 id
3161 4088 3287 4143 Filii
3323 4102 3387 4143 ac
3419 4087 3601 4142 Patris

2018 4181 2269 4249 personis
2312 4180 2550 4250 Spiritus
2583 4181 2760 4236 sancti
2806 4196 3097 4251 personam
3148 4196 3260 4234 non
3312 4193 3595 4248 expresse.

2017 4272 2113 4329 sed
2164 4273 2374 4329 inlinite
2418 4274 2720 4338 subtexuit,
2758 4275 2881 4343 ejus
2909 4272 3159 4328 videlicet
3204 4256 3462 4342 Spiritus,
3505 4270 3598 4340 qui

2016 4363 2196 4419 Patris
2247 4372 2300 4419 et
2331 4363 2456 4419 Filii
2515 4380 2718 4420 arcana
2750 4365 2970 4419 nuntiat
3016 4378 3083 4418 ac
3125 4364 3399 4435 perdocet.
3440 4352 3623 4429 Quod‘

327 4476 558 4523 σκοντος
587 4461 677 4514 ἵνα
723 4459 798 4531 μὴ
841 4459 1033 4531 ἐλλιπῆ
1067 4462 1269 4532 ποιήσῃ
1313 4460 1412 4530 τὴν
1458 4460 1671 4514 τελείαν
1710 4458 1912 4530 γνῶσιν

2037 4457 2138 4511 deo
2171 4456 2377 4512 factum
2404 4468 2488 4514 est
2508 4497 2524 4523 ,
2585 4474 2653 4514 ne
2683 4458 2847 4528 802
2878 4459 2945 4513 ad
2982 4455 3278 4527 perfectam
3309 4454 3597 4510 Trinitatis

323 4551 424 4621 τῆς
454 4550 584 4620 περὶ
613 4550 633 4580 ¹
667 4549 896 4621 Τριάδος
938 4551 1032 4604 καὶ
1058 4550 1158 4619 τῆς
1186 4550 1455 4621 ὲνσάρκου
1496 4549 1909 4622 προσληπτικῆς

2030 4558 2068 4604 :t
2106 4550 2361 4606 humana:
2395 4558 2645 4617 naturae,
2697 4552 2765 4607 ad
2814 4567 2977 4622 quam
3020 4550 3209 4623 gloriae
3259 4549 3377 4605 ﬁeri
3418 4556 3597 4619 potest

322 4644 484 4716 δόξης
510 4637 1013 4718 παρουσίαςΕἷτα,
1032 4643 1218 4712 φησὶν,
1241 4642 1502 4709 ἔσχατος
1530 4642 1742 4712 ἐχθρὸς
1774 4659 1913 4696 κατ·-

321 4736 589 4806 αργεῖται
617 4738 650 4788 d
699 4734 976 4802 θάνατος.
1016 4735 1074 4788 '0
1102 4734 1162 4788 δὲ
1188 4734 1561 4805 καταργηθεὶς
1585 4734 1908 4806 πεπέδηται,

2011 4643 2294 4707 accessio,
2354 4644 2726 4713 cognitionem
2779 4644 3059 4714 quidpiam
3105 4642 3345 4698 deesset.
3394 4638 3596 4695 Deinde

2011 4735 2353 4800 novissimus,
2388 4735 2587 4805 inquit,
2614 4736 2860 4789 inimicus
2890 4733 3187 4789 destruitur
3219 4749 3382 4786 mors.
3421 4728 3595 4786 Porro

322 4828 513 4883 οὐκέτι
544 4827 783 4898 ἐνεργῶν
824 4827 853 4880 δ
883 4830 1126 4898 ἐνεργεῖ,
1179 4827 1302 4880 οὐδὲ
1348 4827 1429 4880 ἔτι
1468 4827 1730 4899 ὑπάρχων
1759 4845 1772 4859 ·
1815 4829 1910 4882 καὶ

2030 4827 2102 4896 lui
2132 4826 2439 4883 destruitur
2465 4828 2870 4898 quodammodo
2899 4827 3133 4884 detineri
3164 4826 3383 4895 vinctus
3426 4824 3589 4879 iutel-
3645 4876 3662 4891 ,

320 4916 432 4987 γὰρ
460 4917 823 4987 κατήργηται.

391 5185 513 5238 ΟΕ’.
534 5184 599 5236 Τί
646 5179 738 5238 οὖν
769 5185 818 5237 οἱ
857 5184 918 5238 τὸ
945 5185 1187 5239 συνιέναι
1216 5185 1307 5249 τὰς
1336 5186 1560 5255 Γραφὰς
1589 5186 1906 5255 ἀγνοοῦντες

320 5275 508 5347 ἔχουσι
548 5276 679 5347 περὶ
726 5276 918 5329 τούτου
958 5276 1166 5345 λέγειν;
1212 5280 1304 5332 Δεῖ
1345 5280 1493 5350 ἡμᾶς
1525 5278 1633 5350 ἄρα
1684 5278 1903 5347 λογίσα·

321 5364 450 5418 σθαι
501 5367 630 5436 περὶ
675 5364 769 5418 τοῦ
801 5366 961 5429 Υἱοῦ,
1017 5367 1099 5421 ὅτι
1152 5369 1385 5439 ἀργήσει
1424 5367 1517 5421 τοῦ
1579 5368 1901 5438 βασιλεύειν.

320 5456 386 5508 Εἰ
416 5455 589 5519 οὕτως
623 5456 733 5527 ἄρα
769 5456 915 5526 εἶχεν
947 5458 981 5527 ἡ
1025 5456 1187 5521 λέξις.
1238 5457 1398 5511 Ἀλλὰ
1441 5457 1783 5529 ἀσεϐήσομεν
1811 5459 1903 5512 καὶ

317 5546 485 5601 αὐτὸν
529 5546 670 5617 μετὰ
710 5547 818 5601 τῶν
877 5548 1330 5619 ὑποτασσομένων
1386 5549 1751 5622 ἐναριθμῆσαι
1800 5551 1904 5621 μά-

392 5706 406 5735 ¹
442 5701 572 5773 ch.
603 5704 910 5774 είρημένον.
990 5708 1009 5737 ²
1037 5705 1099 5762 F.
1131 5707 1260 5776 περὶ
1284 5704 1403 5776 τῆς.
1481 5705 1503 5737 ³
1525 5704 1545 5759 Ι
1567 5704 1694 5762 Cor.
1726 5706 1898 5774 ",14.

1946 4940 1947 4943 η
2008 4918 2218 4987 Iigitur,
2266 4927 2326 4973 ut
2358 4921 2506 4989 quod
2545 4919 2725 4976 facere
2751 4920 2985 4984 solebat,
3028 4933 3140 4974 non
3172 4917 3432 4973 moliatur
3470 4931 3591 4968 am-

2014 5011 2180 5074 ptius,
2231 5009 2477 5080 adeoque
2519 5026 2645 5066 cum
2688 5012 3007 5068 destructus
3053 5011 3162 5077 sit,
3202 5025 3314 5065 non
3353 5007 3590 5077 amplius

2012 5100 2267 5153 exsistat.
3402 5167 3413 5179 ε

2082 5185 2295 5241 LXXV.
2336 5185 2479 5254 Quid
2514 5189 2680 5259 igitur
2715 5205 2999 5246 sacrarum
3034 5188 3365 5244 Litterarum
3417 5184 3592 5254 impc-

2011 5277 2102 5331 riti
2137 5293 2200 5332 ea
2232 5279 2300 5334 de
2336 5294 2396 5334 rc
2438 5280 2624 5336 dicere
2658 5281 2926 5350 possunt?
2953 5280 3039 5334 An
3066 5280 3134 5333 de
3170 5275 3311 5332 Filio
3340 5274 3587 5345 cogitan-

2012 5369 2141 5424 dum
2174 5371 2334 5427 nobis
2367 5372 2501 5428 illud
2548 5381 2655 5438 est,
2701 5372 2966 5444 regnandi
2998 5370 3160 5427 tinem
3190 5380 3424 5438 unquam
3464 5381 3586 5422 esse

2014 5461 2287 5529 facturum
2313 5464 2336 5517 ?
2372 5465 2429 5520 Si
2462 5465 2682 5534 quidem
2714 5466 2790 5519 ita
2821 5477 2944 5519 sese
2971 5462 3063 5517 illa
3088 5475 3195 5516 vox
3219 5459 3463 5515 haberet.
3484 5458 3584 5510 At-

2009 5556 2102 5626 qui
2154 5556 2379 5627 impium
2419 5556 2680 5628 quiddam
2706 5570 2738 5611 a
2767 5554 2928 5612 nobis
2960 5552 3301 5621 admittetur,
3336 5550 3385 5607 si
3426 5549 3583 5608 illum
