3994 6226
1821 283 1880 340 ε».
1925 281 2268 340 ΕΡΙΡΙΙΑΝΙΙ

3569 285 3679 342 ΜΒ

397 406 452 458 in
501 395 848 456 subditorum
898 395 1002 452 sibi
1034 394 1282 450 ordinem
1331 394 1580 466 redigere
1613 395 1971 460 voluerimus,

2098 412 2257 460 ιιστα,
2313 394 2452 466 μετὰ
2501 395 2561 448 τὸ
2617 381 2862 467 ἐνεργεῖν
2925 389 2987 450 οὗ
3047 396 3276 470 ἐνήργει
3335 398 3672 470 παυομένου.

398 500 456 546 ut
485 505 608 546 cum
641 503 778 558 opus
809 501 969 540 suum
1011 484 1352 556 prmstiterit,
1395 483 1464 538 ab
1493 483 1704 554 agendo
1733 482 1982 538 desistat.

400 584 506 640 Sed
559 581 702 636 absit
731 595 760 632 a
795 578 955 632 nobis
987 585 1097 630 tam
1149 575 1312 646 impia
1344 575 1410 629 de
1439 575 1661 629 Christo
1695 575 1983 630 sententia.

399 673 570 729 Nemo
600 672 744 726 enim
769 712 782 736 ,
820 671 912 740 qui
950 668 1169 740 quidem
1206 669 1260 721 in
1295 667 1470 737 ipsum
1503 667 1708 730 credat,
1738 673 1832 724 aut
1865 681 1987 738 spe-

399 777 482 822 ret
518 783 581 820 ex
621 765 826 832 animo,
879 763 1162 832 indignum
1195 761 1493 830 quidquam
1529 761 1596 815 de
1629 760 1777 816 illius
1817 759 1988 830 gloria

399 859 699 929 praadicare
743 865 838 910 aut
869 853 1060 908 audire
1098 853 1394 908 sustinebit
1427 867 1440 904 :
1504 853 1816 921 cujusmodi
1857 867 1986 921 per-

399 965 587 1021 peram
627 951 751 1016 isti,
804 955 857 1001 et
907 945 1146 1000 absurde
1188 945 1456 999 sentiunt.
1493 944 1764 998 Caeterum
1804 943 1989 998 omnia

397 1043 574 1098 sacris
609 1042 662 1094 in
699 1039 921 1094 Litteris
957 1038 1224 1092 docentur
1254 1052 1269 1088 :
1305 1035 1438 1092 Cum
1463 1037 1631 1102 dicit,
1673 1036 1870 1093 Omnia
1905 1036 1988 1091 illi

399 1135 636 1204 subjecta
685 1142 838 1198 sunt,
890 1131 1031 1184 haud
1066 1129 1282 1183 dubium
1315 1131 1442 1200 quin
1473 1141 1665 1198 praeter
1709 1129 1860 1183 illum
1900 1131 1990 1200 qui

399 1227 622 1296 subjecit
667 1225 750 1278 illi
783 1225 980 1278 omnia.
1015 1221 1151 1277 Cum
1202 1231 1376 1276 autem
1421 1223 1656 1292 subjecta
1701 1224 1749 1276 ei
1794 1223 1990 1291 fuerint

401 1321 580 1374 omnia
599 1359 613 1383 ,
641 1329 763 1372 tunc
789 1327 836 1370 et
871 1315 1042 1371 Filius
1071 1318 1180 1385 ipse
1206 1316 1517 1387 subjiciatur
1539 1318 1588 1372 ei
1615 1317 1704 1387 qui
1731 1317 1832 1371 sibi
1863 1315 1988 1376 sub-

399 1413 524 1483 fecit
554 1413 752 1466 omnia.
781 1409 850 1466 Ut
881 1411 1028 1480 quod
1074 1410 1230 1464 initio
1265 1409 1567 1464 declaravit
1601 1409 1849 1481 angelus,
1881 1418 1989 1464 est-

401 1521 510 1576 que
539 1520 567 1558 a
601 1507 756 1559 nobis
793 1503 922 1557 huic
959 1503 1078 1558 loco
1119 1509 1340 1574 propter
1365 1501 1681 1556 aliinitatcm
1739 1517 1802 1556 ac
1837 1501 1991 1556 simi-

403 1597 690 1652 litudinem
727 1596 1046 1665 adjunctum
1078 1595 1182 1648 vim
1215 1608 1432 1648 omnem
1461 1593 1636 1647 divini
1667 1592 1826 1648 Verbi
1856 1608 1990 1648 con-

404 1697 664 1746 sentanee
710 1703 776 1742 ac
828 1687 1116 1758 perspicue
1171 1684 1434 1740 declaret.
1477 1683 1614 1738 Nam
1661 1693 1714 1738 et
1767 1684 1990 1754 angelus

403 1781 548 1836 idem
581 1780 975 1851 propemodum
1010 1777 1189 1841 dixit,
1217 1792 1342 1831 cum
1375 1776 1684 1847 signiﬁcato
1711 1775 1806 1830 Dei
1832 1775 1989 1842 Filio,
2027 1767 2065 1822 Β

404 1870 638 1928 subinde
667 1869 992 1941 quihusdam
1026 1869 1253 1932 additis,
1285 1877 1586 1938 assumpta!
1620 1867 1862 1922 hominis
1891 1883 1990 1922 na—

405 1975 540 2018 turae
587 1971 643 2017 et
675 1977 800 2016 cum
827 1960 1009 2016 Verbo
1043 1960 1354 2030 conjuncta:
1387 1962 1716 2016 mentionem
1755 1960 1944 2031 injecit
1975 1980 1988 2015 :

405 2057 693 2128 Propterea
717 2097 732 2118 ,
779 2055 993 2124 inquit,
1029 2063 1076 2107 et
1107 2053 1244 2124 quod
1277 2063 1526 2108 nascetur
1552 2069 1616 2108 ex
1645 2061 1694 2108 te
1725 2053 1840 2124 (ubi
1867 2070 1995 2112 san-

402 2159 546 2204 ctum
595 2149 836 2218 adjecit),
871 2148 1146 2202 vocabitur
1177 2147 1354 2202 Filius
1393 2147 1492 2201 Dei
1520 2149 1559 2199 ¹.
1590 2147 1872 2216 ριιειεξουιιι
1918 2147 1994 2202 ita

405 2243 536 2306 sint,
569 2256 634 2294 ac
666 2241 983 2312 vocesillre,
1013 2249 1310 2308 propterea,
1350 2247 1424 2304 et,
1459 2241 1601 2314 quod
1630 2249 1877 2294 nascetur
1907 2257 1996 2293 vo-

404 2335 616 2388 cabitur
665 2330 840 2386 Filius
893 2331 1017 2392 Dei,
1072 2343 1349 2400 usurpata:
1399 2331 1470 2386 ab
1520 2331 1713 2401 angelo
1767 2331 1990 2395 fuerint,

405 2434 554 2480 recte
603 2423 774 2478 Filius
819 2423 868 2478 ei
921 2423 1298 2492 subjiciendus
1329 2423 1553 2488 dicitur,
1605 2425 1696 2494 qui
1731 2424 1834 2478 sibi
1871 2423 1994 2479 uni-

405 2536 552 2572 versa
583 2518 838 2586 subjecit,
873 2527 932 2570 ut
967 2533 1034 2572 ne
1061 2519 1208 2587 quod
1241 2517 1464 2572 carnale
1511 2527 1598 2572 est
1645 2517 1884 2586 amplius
1924 2516 1997 2572 sit

405 2612 608 2664 virtute
649 2610 870 2664 carnale
895 2651 910 2676 ,
965 2610 1058 2664 sed
1097 2625 1219 2662 cum
1254 2608 1538 2663 divinitate
1584 2607 1940 2678 conjunctum
1979 2624 1992 2660 :

408 2699 564 2760 illud,
603 2701 850 2767 inquam,
898 2700 1076 2768 ipsum
1111 2699 1332 2754 carnale
1373 2699 1426 2752 in
1477 2715 1647 2754 unum
1683 2701 1996 2770 copulatum

407 2806 532 2844 cum
568 2789 696 2856 Deo,
729 2797 782 2844 et
821 2805 944 2842 cum
979 2788 1161 2852 Patre,
1207 2805 1272 2842 ac
1301 2788 1510 2859 Spiritu
1543 2800 1736 2845 sancto
1768 2807 1994 2862 regnum

409 2881 544 2937 illud
571 2881 848 2944 obtinens,
881 2879 1057 2966 Cttjus
1101 2899 1204 2936 non
1233 2885 1333 2936 erit
1361 2883 1507 2950 linis.
1554 2884 1727 2952 Cujus
1753 2885 1994 2954 quidem,

406 2991 476 3030 ex
500 2990 608 3046 quo
634 2974 959 3038 resurrexit,
985 2975 1136 3029 velut
1165 2974 1382 3028 initium
1407 2976 1638 3046 accepit,
1667 2974 1734 3030 Ut
1764 2977 1832 3030 sit
1856 2975 1996 3033 Deus

407 3069 584 3123 omnia
607 3067 660 3120 in
689 3067 932 3121 omnibus
954 3083 972 3120 :
997 3065 1145 3137 quod
1181 3067 1236 3120 in
1268 3081 1430 3121 unam
1463 3067 1800 3122 divinitatem
1837 3067 1999 3138 Spiri-

2101 485 2262 540 ’Λλλὰ
2301 487 2375 557 μὴ
2414 487 2658 556 γένοιτοῑ
2693 487 2882 552 Οὐδεὶς
2917 488 3026 560 γὰρ
3057 490 3164 542 τῶν
3198 491 3276 552 εἰς
3316 491 3554 562 Χριστὸν
3593 509 3678 545 πι-

2091 579 2388 636 στευόντων
2411 621 2424 642 ,
2465 581 2559 634 καὶ
2593 580 2920 646 ἐλπιζόντων
2962 583 3019 635 ἐν
3052 582 3302 656 ἀληθεία,
3326 584 3680 656 διανοηθήσε-

2087 687 2178 724 ται
2213 671 2477 742 ἀπρεπῶς
2512 673 2578 742 τῇ
2611 670 2775 724 αὐτοῦ
2807 671 2934 743 δόξῃ
2968 671 3178 741 λέγειν,
3221 655 3548 744 ἣάκούειν,
3575 655 3580 656 ί
3603 675 3681 737 ὡς

2089 759 2233 818 οὗτοι
2265 762 2511 833 ματαίως
2543 762 2822 834 φρονοῦσι.
2861 763 3048 822 Πάντα
3075 765 3132 816 δὲ
3161 767 3194 836 ἡ
3231 764 3349 818 θεία
3383 764 3576 836 Γραφὴ
3603 765 3683 818 δι-

2089 855 2312 909 δάσκει·
2371 855 2558 908 ’Ὅταν
2589 856 2761 922 εἴπῃ·
2797 847 3000 912 Πάντα
3051 855 3211 922 αὐτῷ
3257 857 3680 920 ὑποτέτακται,

2091 946 2372 1014 δηλονότι
2398 947 2572 1013 ἐκτὸς
2599 947 2704 1001 τοῦ
2735 947 3152 1014 ὑποτάξαντος
3173 947 3333 1014 αὐτῷ
3357 949 3430 1002 τὰ
3460 951 3678 1010 πάντα.

2094 1042 2270 1096 Ὅταν
2293 1041 2361 1094 δὲ
2387 1039 2660 1110 ὑποταγῇ
2687 1038 2848 1104 αὐτῷ
2873 1039 2946 1094 τὰ
2967 1039 3183 1104 πάντα,
3207 1041 3340 1094 τότε
3369 1042 3465 1096 καὶ
3495 1040 3682 1106 αὐτὸς

2091 1137 2125 1189 ό
2177 1133 2308 1200 Υἱὸς
2359 1133 2807 1203 ὑποταγήσεται
2855 1131 2934 1197 τῷ
2979 1132 3349 1197 ὑποτάξαντι
3403 1131 3564 1206 αὐτῷ
3607 1132 3682 1186 τὰ

2091 1227 2321 1282 πάντα·
2363 1228 2512 1289 ὅπως
2537 1226 2600 1280 τὸ
2643 1225 2899 1302 ἀπαρχῆς
2933 1225 3038 1278 ὑπὸ
3071 1223 3164 1288 τοῦ
3197 1225 3429 1294 ἀγγέλου
3467 1243 3680 1304 σημανη-

2093 1319 2182 1378 θέν
2213 1320 2306 1372 καὶ
2343 1317 2576 1378 ἐνταῦθα
2605 1317 2694 1380 διὰ
2735 1316 2830 1369 τοῦ
2865 1316 3212 1388 ὁμοιώματος
3247 1317 3344 1372 τοῦ
3381 1318 3546 1386 λόγου
3585 1335 3682 1370 συ-

2092 1409 2337 1482 ζευχθὲν,
2380 1412 2478 1482 τὴν
2509 1411 2708 1486 φράσιν
2735 1411 2914 1464 πᾶσαν
2939 1409 3035 1480 τῆς
3062 1409 3344 1480 δυνάμεως
3377 1409 3472 1464 τοῦ
3501 1410 3680 1479 Λόγου

2091 1506 2362 1575 ἀποφάνοι
2401 1506 2708 1570 ἀκολούθως
2765 1523 2824 1560 τε
2877 1505 2972 1566 καὶ
3013 1505 3321 1576 τηλαυγῶς.
3389 1505 3476 1569 Ὠς
3523 1505 3620 1558 καὶ
3649 1506 3682 1568 ό

2092 1599 2322 1668 ἄγγελος
2350 1599 2411 1652 τὸ
2439 1601 2622 1670 ὅμοιον
2663 1599 2850 1667 ἔλεγεν
2871 1637 2885 1662 ,
2927 1598 3133 1655 ἄνωθεν
3166 1597 3266 1669 μὲν
3297 1597 3552 1668 σημάνας
3587 1597 3680 1652 τὸν

2093 1685 2384 1756 Υἰὺν,εἷτα
2415 1691 2556 1762 μετὰ
2589 1690 2908 1762 προσθήκης
2937 1691 3067 1763 περὶ
3105 1689 3203 1760 τῆς
3233 1689 3500 1760 ὲνσάρκου
3533 1705 3684 1758 ’παρ⁸

2095 1783 2284 1846 θυσίας
2311 1783 2410 1854 τὴν
2466 1783 2760 1838 συνένωσιν
2821 1784 2997 1854 δηλῶν
3021 1823 3036 1848 ,
3069 1783 3152 1836 ὅτι
3201 1781 3298 1836 Διὸ
3329 1781 3424 1834 καὶ
3453 1781 3522 1835 τὸ
3551 1797 3684 1852 γεν-

2093 1873 2362 1944 νώμενον
2384 1875 2450 1929 ἐκ
2477 1875 2592 1930 σοῦ
2630 1875 2792 1948 (μετὰ
2821 1875 3140 1947 προσθήκης
3163 1874 3280 1938 τοῦ,
3333 1873 3428 1928 καὶ
3459 1873 3680 1941 ἁγίου),

2095 1965 2470 2034 κληθήσεται
2533 1965 2666 2032 Υἱὸς
2721 1967 2890 2022 Θεοῦ.
2941 1967 3043 2019 Διά
3106 1982 3190 2018 τοι
3251 1962 3411 2017 τοῦτο
3472 1963 3570 2016 καὶ
3615 1962 3686 2014 τὰ

2093 2057 2341 2124 τοιαῦτα,
2374 2059 2564 2128 ἐπειδὴ
2601 2057 2681 2124 τὸ,
2724 2058 2822 2113 καὶ
2867 2057 2980 2124 διὸ,
3027 2059 3154 2124 καὶ,
3195 2056 3260 2111 τὸ
3307 2055 3686 2126 τεν-πῶμενον

2095 2150 2466 2219 κληθήσεται
2503 2151 2636 2216 Υἱὸς
2661 2151 2846 2214 Θεοῦ,
2883 2149 3074 2212 τούτου
3109 2149 3274 2206 ’ἑνεκα
3299 2149 3462 2212 αὐτὸς
3497 2149 3524 2200 ὁ
3557 2147 3686 2211 Υἱὸς

2097 2245 2500 2314 ὑποταγήσεται
2533 2243 2612 2309 τῷ
2641 2242 3008 2308 ὑποτάξαντι
3051 2240 3212 2306 αὐτῷ
3239 2241 3310 2295 τὰ
3337 2238 3567 2303 πάντα,
3598 2240 3686 2294 ἵνα

2099 2332 2296 2404 μηκέτι
2333 2333 2394 2390 τὺ
2433 2333 2694 2406 σαρκικδν
2735 2333 2997 2406 σαρκικὸν
3029 2333 3114 2403 εἰή
3143 2335 3208 2404 τῇ
3253 2332 3482 2403 δυνάμει
3507 2372 3521 2392 ,
3549 2331 3685 2384 ἀλλὰ

2099 2424 2476 2496 συνηνωμένον
2507 2427 2572 2497 τῇ
2607 2425 2844 2495 θεότητι,
2894 2425 2956 2482 τὸ
3016 2423 3278 2496 caput.be
3317 2426 3398 2487 εἰς
3442 2421 3574 2493 μίαν
3608 2422 3686 2475 ἐν·

2095 2533 2231 2570 ωσιν
2285 2517 2688 2587 συνηνωμένον,
2717 2519 2814 2578 σὺν
2853 2516 3029 2588 Πατρὶ
3077 2515 3358 2586 βασιλεῦον
3409 2514 3506 2568 καὶ
3542 2515 3688 2588 ἁγίῳ

2098 2607 2396 2680 Πνεῦματι,
2421 2605 2503 2664 Οὗ
2527 2607 2636 2677 τῆς
2659 2609 2984 2676 βασιλείας
3012 2611 3122 2663 οὐκ
3143 2608 3314 2662 ἔσται
3339 2607 3534 2673 τέλος.
3583 2605 3684 2662 Καὶ

2099 2701 2248 2767 ἐξότε
2286 2701 2385 2772 μὲν
2425 2702 2648 2772 ἀνέστη,
2695 2703 2870 2775 ἀρχὴν
2908 2701 3070 2756 λαϐὸν
3101 2701 3198 2767 τὺ,
3241 2702 3376 2756 Ἵνα
3405 2695 3446 2772 ᾖ
3475 2703 3508 2754 ό
3543 2699 3688 2766 Θεὸς

2097 2799 2170 2848 τὰ
2204 2793 2402 2850 πάντα
2443 2796 2512 2848 ἐν
2557 2794 2740 2852 adcr
2777 2795 3082 2865 συνήνωται
3121 2795 3230 2868 γὰρ
3272 2793 3406 2868 ὁμοῦ
3445 2795 3526 2855 εἰς
3556 2793 3688 2863 μίαν

2097 2885 2196 2959 τὴν
2219 2888 2382 2940 αὐτοῦ
2408 2886 2640 2958 θεότητα
2667 2886 3052 2958 πνευματικῶς
3083 2886 3142 2939 τὸ
3173 2885 3465 2958 σαρκικόν·
3497 2883 3688 2955 ἐπειδὴ

2098 2981 2285 3051 λέγει’
2326 2979 2507 3034 Τοῦτο
2561 2980 2781 3042 ποιεῖτε
2825 2983 2912 3044 εἱς
2961 2979 3076 3046 τὴν
3119 2979 3274 3049 ἐμὴν
3315 2977 3688 3046 ἀνάμνησιν,

2099 3071 2210 3136 ἕως
2229 3069 2340 3138 τῆς
2374 3069 2712 3140 παρουσίας
2743 3069 2851 3123 τοῦ
2881 3069 3015 3124 Υὶοῦ
3041 3068 3148 3122 τοῦ
3177 3068 3491 3134 ἀνθίώπου
3517 3079 3532 3100 ν
3569 3065 3687 3130 καὶ,

409 3165 591 3217 taliter
635 3163 707 3217 sit
742 3161 878 3218 illud
909 3161 1134 3216 carnale
1167 3160 1548 3230 conjunctum.
1597 3159 1702 3214 Sed
1733 3161 1880 3231 quod
1924 3161 1994 3214 ita

2098 3163 2292 3234 Οὕτως
2311 3161 2538 3231 ὄψεσθε
2564 3163 2772 3226 αὑτὸν,
2803 3160 2877 3217 ὃν
2895 3163 3119 3227 τρόπον
3143 3160 3297 3213 ἴδετε
3319 3159 3512 3222 αὑτὸν
3540 3159 3688 3212 dra—

411 3253 652 3322 loquitur
693 3271 706 3306 :
755 3252 870 3307 Hoc
911 3253 1071 3322 facile
1113 3254 1170 3306 in
1211 3269 1380 3306 meam
1425 3253 1994 3313 commemorationem,

410 3343 576 3398 donec
607 3346 781 3398 veniat
813 3343 986 3398 Filius
1012 3343 1240 3398 hominis
1269 3345 1310 3398 ².
1343 3342 1474 3398 Item
1509 3361 1523 3396 :
1559 3343 1647 3398 Sic
1676 3341 1829 3396 illum
1857 3343 2000 3397 ride-

413 3435 557 3493 bilis,
577 3435 1017 3506 quemadmodum
1045 3435 1252 3490 vidistis
1281 3435 1646 3488 ascendentem
1671 3437 1725 3488 in
1751 3435 1936 3490 caelum
1955 3436 1997 3502 ’ς

411 3524 574 3594 803
607 3533 720 3578 tum
751 3525 970 3580 demum
1004 3524 1264 3595 perfectis
1309 3526 1567 3582 omnibus
1595 3565 1610 3588 ,
1653 3541 1756 3580 nec
1793 3527 1901 3588 ulla
1941 3542 2002 3582 re

413 3616 817 3684 praetermissa,
851 3617 918 3670 ad
965 3617 1137 3690 ipsius
1184 3617 1530 3672 divinitatem
1577 3629 1892 3674 revocatum
1933 3619 2002 3676 iri

413 3709 598 3762 omnia
638 3707 828 3763 eadem
862 3709 952 3762 illa
997 3709 1160 3766 verba
1201 3710 1626 3766 demonstrant:
1659 3711 1727 3765 Ut
1761 3713 1832 3768 sit
1859 3711 2000 3766 Deus

413 3799 592 3852 omnia
621 3800 676 3852 in
707 3800 949 3853 omnibus
971 3839 986 3866 ,
1039 3815 1108 3856 ne
1139 3815 1246 3870 qua
1283 3801 1356 3856 sit
1387 3802 1674 3858 divisionis
1717 3803 1958 3876 suspicio
1984 3820 1999 3870 ;

412 3905 536 3962 quae
579 3893 732 3946 nulla
763 3900 883 3960 est,
922 3899 980 3946 ut
1005 3907 1112 3948 non
1150 3892 1376 3948 deorum
1419 3894 1712 3954 multitudo
1744 3895 1998 3968 tingatur.

411 3983 550 4040 Nam
605 4001 712 4040 una
761 3999 844 4042 est
895 4001 1256 4057 personarum
1291 3989 1536 4042 omnium
1593 4003 1659 4044 ac
1705 3987 2003 4059 singularis

413 4077 608 4148 gloria.
649 4077 716 4132 Et
737 4094 866 4133 vero
899 4095 1008 4134 non
1033 4079 1194 4149 quasi
1221 4080 1568 4150 tyrannidem
1604 4079 1884 4154 usurparit
1913 4079 2005 4133 Fio

413 4171 520 4226 lius
557 4170 706 4254 Patri
762 4171 927 4226 modo
979 4187 1088 4227 non
1137 4173 1468 4243 subjicitur,
1517 4190 1694 4244 neque
1741 4183 2002 4244 tanquam

411 4279 606 4320 servus
657 4281 722 4320 ac
761 4266 979 4336 propria
1024 4273 1292 4336 potestate
1323 4281 1518 4324 carens
1559 4267 1734 4322 eidem
1778 4266 2005 4337 subjici-

415 4367 534 4420 tur,
563 4373 686 4412 cum
722 4358 794 4413 sit
826 4373 856 4412 a
907 4357 1068 4413 Patre
1103 4359 1352 4429 genitus,
1381 4359 1682 4428 eademque
1722 4373 1846 4412 eum
1883 4358 2004 4427 ipso

2100 3256 2579 3328 λαμϐανόμενον
2621 3253 2742 3306 τότε
2801 3251 2984 3305 λοιπὸν
3023 3251 3240 3305 πάντων
3268 3250 3686 3314 τελειωθέντων,

2102 3348 2194 3400 καὶ
2223 3345 2446 3417 μηδενὸς
2471 3345 2578 3408 τῶν
2601 3344 2738 3420 πρὸς
2765 3343 3045 3416 πλήρωσιν
3063 3343 3511 3414 ὑπολειπομένων
3529 3343 3550 3372 ⁸
3577 3341 3688 3395 τῶν

2101 3439 2194 3491 ἐπὶ
2218 3437 2318 3508 τὴν
2350 3435 2516 3498 αὐτοῦ
2549 3436 2780 3508 θεότητα
2807 3435 3102 3508 ἀναφέρειν
3133 3436 3216 3501 τὸ,
3259 3436 3384 3490 Ἵνα
3411 3430 3452 3506 ᾖ
3477 3439 3512 3490 ό
3543 3435 3690 3501 Θεὸς

2102 3530 2173 3590 τὰ
2197 3529 2392 3590 πάντα
2429 3531 2499 3583 ἐν
2525 3529 2736 3593 πᾶσιν,
2767 3528 2884 3581 ἔστι
2913 3529 3333 3600 σημαινόμενον,
3367 3529 3456 3584 ἵνα
3497 3527 3572 3598 μὴ
3603 3527 3688 3596 εἴη

2103 3621 2403 3698 διαίρεσιςο
2437 3622 2498 3684 οὐ
2535 3621 2643 3694 γάρ
2671 3624 2842 3686 ἐστιν,
2883 3621 2970 3674 ἵνα
3007 3621 3080 3692 μὴ
3129 3621 3356 3692 νομισθῇ
3409 3620 3686 3674 πολυθεῖα.

2103 3715 2218 3768 Μία
2261 3715 2372 3785 γάρ
2411 3715 2557 3778 ἐστιν
2589 3715 2621 3784 ἡ
2649 3711 2944 3782 δοξολογία.
2971 3713 3108 3766 Οὔτε
3135 3714 3244 3785 γὰρ
3271 3712 3364 3766 νῦν
3389 3712 3464 3776 ὼς
3495 3729 3688 3784 τυραν-

2104 3805 2212 3862 νῶν
2240 3807 2268 3858 ό
2303 3805 2430 3869 Υἱὸς
2455 3807 2552 3876 οὐχ
2595 3805 2964 3859 ὑποτέτακται
2993 3805 3072 3877 τῷ
3105 3803 3300 3877 Has-9t,
3337 3803 3460 3858 οὔτε
3495 3805 3688 3857 ὑποτέ-

2105 3915 2304 3960 τακται
2373 3897 2450 3960 ὡς
2524 3896 2743 3962 δοῦλος,
2808 3897 2902 3950 καὶ
2963 3897 3212 3960 ἐξουσίαν
3273 3896 3348 3968 μὴ
3403 3895 3576 3967 ἔχων,
3625 3895 3689 3948 ἐκ

2107 3990 2320 4064 Πατρος
2374 3990 2771 4061 γεγεννημένος
2819 3990 2922 4060 τῆς
2959 3991 3130 4060 αὐτῆς
3177 3989 3411 4058 φύσεως,
3465 3987 3686 4057 καὶτῆς

2108 4083 2280 4153 αὐτῆς
2335 4082 2586 4152 Θεότητος
2615 4123 2629 4147 ,
2681 4081 2804 4138 οὔτε
2856 4083 2978 4136 τότε
3033 4083 3174 4136 κατὰ
3229 4081 3506 4154 ἔλλειψιν,
3563 4079 3688 4132 οὕτε

2105 4173 2248 4228 κατὰ
2275 4173 2562 4238 ὑπόϐασιν,
2595 4173 2720 4228 οὔτε
2771 4173 2916 4228 κατὰ
2941 4175 3210 4242 ἀνάγκην,
3239 4173 3272 4246 ἢ
3319 4171 3460 4228 κατὰ
3497 4171 3646 4236 λέξιν
3665 4171 3688 4202 ³

2107 4268 2470 4327 ὑποτάσσεται
2539 4265 2617 4344 τῷ
2677 4267 2884 4339 Πατρί·
2955 4267 3070 4320 ἀλλ’
3137 4266 3209 4331 ὼς
3276 4265 3400 4330 Υἱὸς
3465 4266 3687 4336 γνήσιος

2109 4359 2400 4431 μονογενὴς
2427 4397 2442 4422 ,
2517 4361 2612 4412 σὺν
2683 4359 2855 4430 [lupi
2929 4357 3226 4429 βασιλεύων
3291 4359 3378 4410 ἀεὶ
3422 4359 3504 4420 εἰς
3557 4356 3687 4428 μίαν

415 4457 614 4502 natura
650 4463 714 4502 ac
753 4449 1040 4504 divinitate
1071 4451 1355 4520 praeditus.
1387 4451 1574 4522 Neque
1614 4459 1746 4506 tunc
1775 4463 1994 4521 pr0pter

2101 4451 2368 4522 ἑνότητα,
2439 4452 2534 4504 καὶ
2579 4451 2660 4514 εἰς
2723 4449 2780 4504 ἓν
2845 4451 3012 4522 γέρας
3075 4451 3244 4521 τιμῆς
3295 4451 3516 4518 ἀνάγων
3589 4449 3688 4517 τὴν

417 4541 588 4594 ullum
619 4540 916 4604 defectum,
963 4547 1058 4594 aut
1101 4542 1250 4595 velut
1293 4541 1731 4597 imminutionem
1775 4541 1996 4611 capitis,

415 4642 482 4680 ac
515 4627 917 4694 necessitatem,
952 4628 1068 4684 sive
1091 4631 1382 4699 potestatis
1416 4631 1826 4702 abrogationem
1854 4631 1998 4687 Patri

417 4719 796 4787 subjiciendus
829 4729 946 4788 est;
977 4721 1071 4776 sed
1105 4723 1330 4791 perinde
1355 4739 1419 4778 ac
1453 4739 1748 4794 germanus
1787 4733 1842 4780 et
1877 4725 2002 4780 uni-

415 4827 516 4867 cus
549 4809 739 4874 Filius,
787 4813 879 4880 qui
916 4829 1042 4868 cum
1071 4813 1236 4868 Patre
1277 4823 1542 4886 perpetuo
1573 4823 1796 4888 regnat,
1840 4825 1894 4872 et
1935 4817 2002 4873 ad

416 4919 580 4958 unam
609 4904 1080 4972 singularitatem,
1123 4915 1288 4976 atque
1317 4923 1484 4960 unum
1515 4906 1714 4972 decus,
1742 4915 1797 4962 et
1825 4908 1996 4964 hono-

415 5010 528 5049 rem
563 5003 781 5049 creatas
815 5011 902 5052 res
933 5012 1126 5052 omnes
1149 5007 1392 5062 revocat,
1423 5007 1477 5054 et
1505 4998 1806 5054 Ecclesiam
1837 5016 1994 5056 suam

415 5085 651 5138 instituit
681 5127 695 5151 ,
741 5083 808 5138 Ut
847 5087 914 5139 sit
965 5085 1101 5140 Deus
1135 5089 1312 5142 omnia
1347 5089 1400 5144 in
1428 5089 1687 5146 omnibus.
1725 5091 1992 5158 Quoniam

413 5193 520 5230 una
551 5187 635 5232 est
668 5176 870 5244 Patris,
899 5187 952 5234 et
990 5177 1203 5246 Filii,et
1237 5181 1472 5250 Spiritus
1505 5183 1680 5238 sancti
1709 5181 1992 5250 divinitas,

413 5267 735 5326 dominatus
763 5287 927 5338 unus,
949 5273 1355 5344 singularisque
1375 5275 1578 5344 gloria;
1598 5291 1627 5328 a
1645 5274 1782 5332 Filio
1811 5293 1996 5347 porro,

415 5370 680 5433 tanquam
713 5365 780 5419 ab
809 5381 1071 5436 germano
1101 5363 1264 5430 Filio,
1301 5367 1468 5432 Patri,
1501 5377 1559 5422 ut
1587 5385 1686 5439 par
1712 5377 1797 5425 est
1827 5371 2001 5426 honor

423 5455 689 5508 tribuitur
720 5476 732 5510 :
769 5473 868 5513 nec
901 5473 1008 5514 non
1043 5468 1096 5515 et
1120 5473 1151 5512 a
1187 5458 1396 5530 Spiritu
1425 5468 1640 5523 sancto,
1681 5477 1806 5518 cum
1839 5479 1868 5516 a
1899 5461 2001 5515 Pa-

415 5551 496 5600 tre
555 5557 608 5601 et
641 5546 778 5604 Filio
809 5551 1034 5606 minime
1069 5551 1138 5608 sit
1187 5551 1421 5608 alienus.
1466 5551 1764 5608 Facessant
1817 5554 2002 5624 itaque

487 5743 510 5779 ί
535 5743 660 5802 Luc.
704 5763 743 5812 ι,
775 5749 865 5804 55.
943 5754 960 5782 ²
995 5751 1127 5804 Luc.
1163 5769 1298 5818 xm,
1329 5753 1431 5818 l9;
1461 5749 1480 5804 ι
1507 5751 1634 5806 Cor.
1673 5767 1750 5819 XI,
1787 5751 1876 5808 ει.

1991 5754 2012 5782 ³
2039 5753 2161 5812 Aet.
2203 5755 2352 5820 1,“.
2448 5757 2466 5787 ⁸
2491 5755 2714 5814 Mutilus
2749 5762 2919 5816 locus.

2105 4545 2288 4598 πᾶσαν
2318 4544 2516 4608 κτίσιν,
2549 4543 2643 4597 καὶ
2671 4543 2940 4598 διδάσκων
2975 4545 3138 4599 αὑτοῦ
3183 4545 3284 4615 τὴν
3335 4543 3686 4616 Ἐκκλησίαν,

2109 4639 2244 4693 Ἵνα
2269 4631 2309 4708 ᾗ
2349 4639 2382 4691 ὁ
2417 4637 2560 4704 Θεὸς
2595 4637 2670 4691 τῖι
2713 4636 2910 4692 πάντα
2955 4637 3025 4690 ἐν
3057 4635 3266 4692 πᾶσιν.
3329 4637 3548 4708 Ἐπειδὴ
3593 4636 3688 4706 μία

2107 4729 2254 4782 ἐστὶν
2283 4730 2314 4798 ἡ
2353 4727 2542 4798 θεότης
2563 4771 2576 4790 ,
2613 4728 2708 4800 μία
2741 4731 2773 4800 ἡ
2811 4729 3096 4801 κυριότης,
3142 4729 3239 4802 μία
3263 4728 3538 4797 δοξολογία
3569 4729 3686 4790 [Ια-

2100 4821 2251 4892 τρὸς,
2287 4819 2440 4886 Υἱοῦ,
2473 4821 2568 4874 καὶ
2596 4821 2754 4890 ἁγίου
2786 4823 3131 4892 Πνεύματος,
3168 4823 3488 4896 πρεπόντως
3519 4837 3688 4892 τιμιί-

2108 4911 2268 4982 μένου
2309 4911 2402 4965 τοῦ
2433 4911 2643 4982 Πατρὸς
2673 4912 2779 4966 ὑπὸ
2809 4913 2902 4967 τοῦ
2949 4912 3100 4978 ΥΞοῦ,
3143 4913 3220 4978 ὡς
3267 4913 3492 4985 γνησίου
3533 4912 3684 4976 Υίοῦ,

2104 5009 2198 5064 καὶ
2251 5007 2342 5062 τοῦ
2395 5007 2549 5075 ἁγίου
2585 5007 2934 5078 Πνεῦματος,
2969 5007 3044 5072 ὡς
3083 5009 3182 5061 οὐκ
3225 5009 3506 5080 ἀλλοτρίου
3537 5007 3687 5069 ὖντος

2105 5101 2316 5171 Ματρὸς
2369 5099 2461 5154 καὶ
2514 5099 2665 5158 Υἰοῦ.
2715 5101 2827 5155 Καὶ
2876 5101 3350 5164 ἀποκλειέσθωσαν
3388 5102 3497 5155 τῶν
3547 5101 3686 5155 κατὰ

2101 5189 2196 5244 τοῦ
2233 5189 2364 5243 Υἱοῦ
2413 5190 2505 5243 τοῦ
2546 5191 2681 5244 Θεοῦ
2743 5191 2837 5244 καὶ
2875 5193 2968 5246 τοῦ
3004 5193 3161 5262 ἁγίου
3205 5193 3524 5264 Πνεῦμα-ξος
3563 5193 3688 5264 βλα-

2101 5281 2464 5352 σφημοῦντων
2501 5283 2654 5338 αὐτοὶ
2680 5285 2726 5337 ol
2769 5284 2918 5352 λόγοι
2937 5325 2952 5350 ,
2985 5287 3080 5340 καὶ
3115 5286 3186 5340 τὰ
3215 5287 3558 5356 ἐπινοήματα
3587 5286 3688 5354 τῆς

2102 5374 2236 5446 πρὸς
2267 5375 2358 5428 τὸν
2385 5376 2510 5429 Υἱδν
2545 5377 2636 5430 καὶ
2667 5377 2730 5431 τὸ
2763 5378 2917 5447 ἆγιον
2959 5377 3184 5450 Πνεῦμα
3211 5377 3429 5450 ἔχθρας.
3469 5376 3578 5432 Καὶ
3607 5375 3684 5428 ἔτι

2103 5465 2264 5518 πάλιν
2293 5466 2360 5519 τὰ
2395 5467 2580 5532 κακῶς
2609 5469 2702 5530 ὑπ’
2733 5470 2910 5532 αὐτῶν
2940 5470 3302 5542 ἐπινοοόμενα
3333 5469 3684 5542 φωράσαντες

2101 5557 2496 5628 ἁνατρέψομεν.

3021 5763 3040 5793 ⁵
3067 5761 3126 5816 F-
3157 5762 3330 5828 λῆξιν.
