3994 6226
267 344 379 399 229
916 341 1289 399 ADVERSUS
1331 340 1673 398 IUERESES
1711 341 1840 399 LIB.
1882 340 1947 397 ll.
1993 341 2153 397 TOM.
2197 340 2261 397 ll.
2302 372 2370 381 —
2407 342 2684 398 lixERES.
2722 343 2905 398 LXIX.

178 514 185 525 λ
263 458 792 514 contumeliosarum
850 458 905 514 in
963 459 1056 513 Dei
1112 459 1330 522 Filium,
1384 474 1445 512 ac
1507 459 1769 530 Spiritum
1832 466 2085 514 sanctum
2153 459 2331 527 impiae
2375 472 2559 523 voces,
2602 474 2667 513 ac
2716 460 3036 530 sacrilegae;
3100 466 3531 530 argumentaque

3425 346 3526 402 530

182 542 185 543 ⁷
265 550 419 604 omni
457 551 513 605 in
544 551 767 606 eosdem
801 550 1101 608 hostilitate
1150 550 1369 606 referta.
1422 549 1532 606 Nos
1567 560 1748 606 autem
1782 558 1978 606 caetera
2021 551 2159 605 male
2216 551 2285 605 ah
2332 550 2440 605 illis
2478 551 2805 622 excogitata,
2837 561 2891 609 et
2932 553 3032 607 hoc
3091 553 3215 608 loco
3255 551 3527 623 patefacta

190 648 207 700 ἲ
264 644 563 700 diluemus.

202 722 212 748 ι

342 740 479 807 θεῖ’.
512 739 680 793 Πάλιν
711 738 930 808 λέγουσι
952 739 1026 811 (5)
1063 739 1170 793 τῶν
1196 743 1259 794 ὲκ
1292 739 1386 793 τοῦ
1414 740 1743 810 Εὐαγγελίου
1767 739 1854 793 λέ-

2028 736 2261 791 LXXVI.
2301 737 2438 792 Aliis
2469 737 2633 808 igitur
2661 752 2723 789 cx
2756 736 3048 807 Evangelio
3076 738 3303 808 prolatis
3338 749 3528 795 aucto-

268 830 383 896 ξεις
429 831 602 894 τινὰς,
642 832 738 885 καί
778 850 970 901 φασιν·
1023 832 1121 886 Διὰ
1160 831 1211 885 τί
1242 834 1313 886 οὐ
1356 832 1603 887 δύναται
1662 831 1855 886 ποιεῖν

268 922 454 977 οὐδὲν
486 926 520 976 ό
542 923 670 989 Υἱὸς
698 924 798 991 ἀφ’
837 921 1076 989 ἑαυτοῦ,
1106 924 1214 978 ἐὰν
1230 922 1317 995 μὴ
1356 925 1455 992 ιδῃ
1487 924 1592 978 τὸν
1623 923 1853 991 Πατέρα

270 1012 599 1076 ποιοῦντικ
644 1013 755 1067 Καὶ
789 1013 850 1066 οὐ
888 1014 1099 1068 νοοῦσιν
1141 1012 1397 1087 ἀπαρχῆς
1440 1013 1511 1067 τὰ
1560 1013 1849 1083 λεγόμενα,

270 1103 356 1154 ὃτι
376 1103 616 1171 καίτοιγε
639 1102 667 1153 6
688 1103 878 1174 Πατὴρ
903 1103 964 1156 οὐ
1010 1104 1273 1175 πρότερον
1301 1103 1545 1174 ἐποίησε,
1575 1104 1669 1157 καὶ
1695 1102 1852 1155 ὕστε-

276 1195 417 1255 ρονὸ
448 1193 574 1255 Υἱὸς
619 1192 960 1261 ὲτεχνάσατο.
1010 1195 1165 1247 Ποῖον
1207 1193 1316 1265 γὰρ
1356 1194 1580 1263 οὐρανὸν
1629 1195 1851 1262 ἐποίησε

272 1282 395 1334 καθ’
427 1282 617 1335 ἑαυτὸν
649 1285 676 1335 6
707 1283 917 1353 Πατὴρ,
954 1282 1039 1336 ἵνα
1059 1323 1073 1347 ,
1107 1282 1215 1336 ἀπὸ
1247 1282 1340 1335 τοῦ
1378 1286 1549 1335 τύπου
1578 1282 1672 1335 τοῦ
1705 1281 1853 1354 πρώ-

271 1391 369 1426 του
406 1373 635 1444 οὐρανοῦ
666 1374 845 1427 λαϐὼν
878 1374 939 1427 τὸ
966 1373 1216 1445 ὁμοίωμα
1244 1376 1273 1427 6
1305 1375 1453 1439 Υἱὸς,
1487 1374 1656 1438 οὕτως
1686 1374 1850 1445 ἐργά-

275 1481 469 1534 σηται;
512 1463 650 1515 Ἀλλ’
677 1464 849 1526 οὐδεὶς
874 1463 1031 1517 τοῦτο
1056 1463 1275 1518 δύναται
1299 1464 1465 1529 δεῖξαι
1490 1465 1598 1518 τῶν
1625 1465 1723 1535 τὴν
1751 1484 1849 1520 κα-

275 1555 401 1608 κίαν
436 1555 811 1609 ἐπινοούντων.
844 1557 951 1609 Ἐν
985 1554 1142 1625 ἀρχῇ
1187 1555 1294 1624 γὰρ
1321 1555 1609 1623 ἐποίησεν
1651 1558 1684 1609 ὁ
1709 1556 1853 1621 Θεὸς

273 1645 382 1698 τὸν
406 1646 663 1714 οὐρανὸν
695 1645 794 1699 καὶ
817 1645 932 1713 τὴν
952 1645 1088 1714 γῆν.
1135 1645 1271 1697 Ἀλλ’
1306 1646 1422 1716 ἅμα
1449 1646 1508 1698 ὲν
1536 1647 1677 1717 ἀρχῇ
1706 1648 1762 1698 ὲν
1785 1650 1850 1718 τῇ

272 1736 602 1807 κοσμοποιίᾳ
667 1736 897 1804 φάσκει·
958 1732 1306 1803 Ποιήσωμεν
1357 1732 1671 1803 ἄνθρωπον
1722 1736 1851 1789 κατ’

174 1842 185 1851 '
272 1826 482 1879 εἰκόνα
510 1827 801 1895 ἡμετέραν
833 1824 926 1877 καὶ
961 1825 1087 1877 καθ’
1114 1824 1417 1893 ὁμοίωσιν.
1445 1823 1554 1876 Kal.
1582 1824 1682 1877 οὐκ
1709 1819 1851 1877 εἷπε·

270 1914 465 1985 Δεῦρο,
520 1916 729 1985 ποιήσω
774 1915 866 1966 καὶ
911 1913 1173 1979 ὑποδείξω
1206 1915 1322 1976 πῶς
1355 1913 1581 1986 ἐργάσῃ.
1621 1915 1852 1968 Ἔπειτα

270 2007 351 2069 δὲ,
388 2006 492 2060 Καὶ
529 2006 816 2072 ἐποίησεν
857 2007 888 2058 ό
924 2004 1067 2069 Θεὸς
1098 2004 1204 2056 τὸν
1244 2003 1576 2072 ἄνθρωπον.
1615 2005 1722 2057 Καὶ
1750 2005 1850 2056 οὐκ

1955 829 2209 884 ritatihus
2261 828 2332 882 ita
2362 828 2683 899 disputant:
2722 827 2861 893 Quid
2897 836 2981 882 est
3024 828 3167 897 quod
3202 830 3336 883 nihil
3367 847 3400 883 a
3439 846 3526 885 se-

1954 922 2068 988 ipse
2099 918 2272 989 facere
2319 917 2494 972 Filius
2528 926 2718 986 potest,
2753 918 2857 971 nisi
2889 914 3119 972 Patrem‘
3138 920 3415 987 facientem
3449 921 3525 977 vi-

1953 1009 2175 1065 derit’?
2211 1008 2317 1065 Sed
2349 1009 2500 1064 nullo
2527 1008 2689 1064 modo
2728 1008 2924 1062 horum
2974 1009 3261 1063 verborum
3304 1019 3525 1067 senten-

1956 1102 2086 1155 tiam
2117 1108 2516 1172 assequuntur;
2548 1115 2725 1170 neque
2754 1101 2938 1155 vident
2973 1100 3107 1154 nihil
3140 1117 3279 1165 esse,
3312 1102 3455 1171 quod
3496 1118 3524 1156 a

1952 1192 2113 1248 Patre
2149 1201 2307 1247 antea
2339 1191 2564 1258 factum,
2600 1201 2653 1247 et
2701 1208 2731 1246 a
2777 1191 2916 1248 Filio
2962 1192 3158 1248 deinde
3205 1192 3523 1247 fabricatum

1955 1285 2136 1339 fuerit.
2171 1284 2327 1350 Quod
2362 1284 2506 1339 enim
2536 1284 2731 1339 caelum
2764 1285 2915 1341 solus
2958 1276 3053 1354 per
3077 1300 3197 1340 sese
3222 1283 3382 1339 Pater
3411 1301 3529 1338 mo-

1954 1377 2082 1431 litus
2116 1382 2219 1439 est,
2250 1383 2311 1429 ut
2340 1375 2406 1429 ad
2434 1375 2635 1444 prioris
2664 1375 2829 1444 lmjus
2873 1376 3153 1444 exemplar
3178 1376 3354 1429 simile
3400 1376 3529 1430 alte-

1953 1482 2074 1521 rum
2106 1465 2281 1521 Filius
2321 1467 2697 1535 expresserit?
2737 1466 2880 1521 Nihil
2920 1467 3188 1537 ejusmodi
3221 1469 3287 1522 ab
3322 1469 3387 1524 iis
3420 1468 3523 1520 im-

1952 1556 2168 1633 pietatis
2202 1555 2515 1610 architectis
2558 1556 2922 1611 demonstrari
2962 1564 3160 1626 potest.
3219 1557 3283 1610 In
3324 1557 3523 1626 princi—

1952 1648 2039 1717 pio
2096 1636 2233 1701 enim
2278 1646 2398 1715 fecit
2442 1645 2582 1700 Deus
2627 1647 2813 1701 coelum
2854 1657 2903 1702 et
2954 1657 3150 1703 terram
3172 1649 3213 1703 ³.
3261 1648 3371 1704 Ιιηο
3410 1650 3525 1718 jam

1953 1746 2067 1793 tum
2095 1739 2216 1810 ipso
2250 1737 2552 1794 fabricandi
2587 1738 2773 1793 mundi
2808 1739 3079 1811 principio
3106 1741 3246 1796 dixit
3278 1758 3291 1793 :
3328 1740 3526 1796 Facia-

1955 1848 2070 1885 mus
2118 1831 2379 1884 hominem
2426 1830 2494 1883 ad
2535 1832 2815 1901 imaginem
2856 1840 3095 1885 nostram
3132 1841 3181 1886 et
3215 1833 3528 1887 similitudi-

1954 1940 2068 1979 nem
2095 1924 2138 1976 ⁵.
2164 1921 2283 1977 Νοη
2319 1923 2455 1975 dixit
2490 1940 2504 1978 :
2536 1922 2677 1993 Age,
2718 1921 2913 1975 faciam
2954 1923 3131 1992 prius,
3184 1932 3239 1978 et
3267 1926 3528 1994 quemad-

1958 2017 2179 2070 modum
2228 2014 2406 2069 moliri
2467 2014 2669 2069 debeas
2715 2018 3021 2070 ostendam.
3072 2015 3322 2070 Deinde:
3379 2016 3527 2071 Fecit

271 2094 448 2161 εἶπεν,
488 2097 762 2169 Ἐποίησε,
800 2095 893 2150 καὶ
918 2095 1085 2161 ἔδειξε
1127 2095 1203 2166 τῷ
1254 2095 1367 2166 Υἱῷ
1421 2094 1536 2159 πῶς
1564 2096 1644 2148 δεῖ
1685 2098 1854 2149 ποιεῖν

1957 2105 2098 2159 Deus
2146 2105 2405 2160 hominem
2434 2105 2475 2158 ⁵.
2505 2102 2622 2159 Non
2654 2103 2815 2169 dixit,
2850 2103 3001 2159 Fecit
3028 2112 3082 2159 et
3104 2106 3342 2162 ostendit
3366 2106 3524 2173 Filio,

273 2192 366 2245 τὸν
411 2190 711 2262 ἄνθρωπον.
746 2189 882 2242 Οὔτε
922 2189 1030 2258 γὰρ
1076 2190 1134 2240 ὲν
1173 2186 1367 2258 ἀγνοίᾳ
1400 2182 1467 2257 ἦν
1510 2187 1539 2238 6
1580 2186 1733 2252 Υἱὸς,
1768 2186 1856 2240 ἵνα

279 2282 423 2353 μετά
453 2282 513 2335 τὸ
554 2282 741 2353 μαθεῖν
766 2281 980 2351 τέχνην,
1008 2279 1131 2333 τότε
1160 2279 1227 2333 τὰ
1254 2278 1311 2346 ἐξ
1338 2280 1504 2350 αὐτῆς
1532 2279 1851 2350 ἐργάσηται.

290 2375 431 2427 Ἀλλ’
464 2375 648 2445 ἐπειδὴ
676 2373 837 2427 πάλιν
870 2371 1035 2427 ἐλθὼν
1067 2372 1095 2423 6
1127 2371 1329 2443 Κύριος
1361 2371 1517 2442 ἡμῶν
1548 2372 1645 2441 τὴν
1680 2372 1855 2443 σάρκα

274 2468 591 2533 ὲνεδύσάτο,
627 2467 720 2520 καὶ
767 2467 1050 2538 ἄνθρωπος
1082 2467 1326 2534 ἐγένετο,
1358 2465 1451 2517 καὶ
1478 2466 1535 2518 ὲν
1574 2465 1704 2535 ἡμῖν
1734 2482 1854 2518 συν-

274 2560 627 2631 ανεστράςρη,
660 2555 771 2629 εἶχε
797 2559 852 2612 δὲ
895 2542 1028 2630 πρὸς
1068 2559 1193 2621 τοὺς
1231 2556 1515 2619 Ἰουδαίους
1555 2556 1646 2609 τὸν
1676 2555 1851 2625 λόγον,

274 2653 473 2716 οἵτινες
499 2650 748 2722 ἐνόμιζον
772 2652 932 2704 αὑτὸν
955 2652 1022 2705 τά
1042 2651 1134 2704 τοῦ
1166 2650 1377 2721 Πατρὸς
1398 2647 1704 2712 καταλύειν,
1733 2647 1854 2718 βου-

273 2745 505 2815 λόμενος
531 2746 823 2813 ἀναγαγεῖν
851 2744 948 2815 τὴν
990 2744 1226 2798 διάνοιαν
1252 2740 1344 2795 τοῦ
1375 2740 1449 2812 μὴ
1477 2739 1763 2813 προσέχειν
1786 2741 1849 2811 τῇ

272 2834 441 2889 αὐτοῦ
485 2834 898 2907 ὲνανθρωπήσει
938 2836 1117 2906 μόνον,
1153 2834 1364 2903 ἔλεγεν·
1401 2830 1593 2887 Οὐδὲν
1624 2831 1785 2885 ποιεῖ
1819 2834 1852 2884 ὁ

272 2928 427 2995 Υἱὸς,
457 2928 565 2981 ἐὰν
594 2928 680 2998 μὴ
711 2927 807 2997 ἴδῃ
837 2927 943 2982 τὸν
971 2927 1203 2994 Πατέρα
1240 2925 1528 2979 ποιοῦντα
1549 2941 1562 2955 ο
1592 2925 1678 2979 ἴνα
1704 2924 1854 2997 δείξῃ

272 3021 337 3072 τὸ
372 3020 530 3091 ἔργον
569 3020 661 3073 τοῦ
704 3017 833 3072 Υἱοῢ
875 3014 1012 3072 εἶναι
1042 3019 1201 3090 ἔργον
1229 3016 1323 3069 τοῦ
1351 3016 1583 3088 Πατρὸς,
1629 3015 1719 3069 καὶ
1763 3017 1853 3069 τὸν

276 3112 497 3181 Πατέρα
524 3110 842 3163 εὐδοκοῦντα
867 3111 958 3163 ἐπὶ
983 3112 1049 3180 τῇ
1071 3107 1236 3163 αὐτοῦ
1266 3107 1365 3176 τῆς
1391 3106 1568 3177 πάσης
1591 3106 1852 3178 ἐργασίας

272 3202 575 3273 οἰκονομίᾳ.
606 3200 763 3254 Οὕτω
791 3194 885 3255 καὶ
911 3202 1050 3255 κατὰ
1079 3200 1398 3255 ἀκολουθίαν
1445 3198 1660 3262 καὶτὰς
1686 3198 1853 3262 ἄλλας

274 3293 452 3357 λέξεις
492 3292 947 3364 προσκόπτοντες,
997 3292 1073 3354 ὡς
1127 3290 1322 3363 θῆρες,
1374 3291 1467 3344 καὶ
1506 3289 1853 3360 ἐλεγχόμενοι

274 3384 385 3436 ἀπὸ
428 3383 720 3455 προσώπου
765 3383 865 3452 τῆς
897 3383 990 3435 τοῦ
1030 3382 1188 3450 λόγου
1238 3383 1544 3454 ἀστραπῆς,
1576 3381 1674 3451 τῆς
1716 3382 1850 3451 ἀλη-
1880 3415 1922 3473 C

276 3474 430 3537 θείας
492 3474 902 3545 διωχθήσονται.
934 3475 1302 3542 ’Ἄστραψον
1352 3473 1707 3541 ἀστραπὴν,
1753 3473 1851 3525 καὶ

274 3566 579 3636 σκορπιεῖς
599 3568 838 3633 αὐτούς’
860 3566 1293 3632 ἑξαπόστειλον
1318 3565 1389 3619 τὰ
1410 3564 1571 3635 ,ϐέλη
1594 3580 1731 3630 σου,
1756 3563 1854 3618 καὶ

274 3658 672 3728 συνταράξεις
706 3660 944 3726 αὐτούς.

346 3835 460 3887 ΟΖ’.
479 3832 808 3903 Πρόσκειται
824 3832 938 3904 γὰρ
960 3833 1134 3907 ταύτῃ
1155 3836 1219 3905 τῇ
1243 3832 1382 3897 λέξει
1399 3834 1465 3886 ἂν
1490 3833 1504 3863 ¹
1531 3833 1854 3903 ἀναλέγουσι

198 3913 207 3921 ’
274 3926 399 3979 καθ’
439 3925 647 3997 εἱρμὸν,
689 3928 781 3978 καὶ
821 3923 1065 3993 λέγουσιν
1094 3926 1200 4004 ang
1242 3924 1335 3977 τοῦ
1378 3924 1743 3993 Εὑαγγελίου⁶
1790 3926 1854 3979 '0

274 4014 388 4083 γὰρ
426 4014 628 4082 Πατὴρ
651 4014 812 4083 φιλεῖ
834 4014 941 4067 τὸν
987 4012 1144 4078 rm,
1176 4012 1273 4065 καὶ
1307 4010 1503 4065 πάντα
1542 4010 1855 4065 δείκνυσιν

272 4104 466 4169 αὐτῷ.
494 4102 530 4158 ἁ
568 4105 752 4172 αὐτὸς
791 4104 963 4169 ποιεῖ,
997 4105 1093 4157 καὶ
1130 4102 1371 4173 μείζονα
1404 4104 1629 4158 τούτων
1672 4102 1854 4167 δείξει

271 4195 437 4260 αὐτῷ
469 4196 765 4271 spy-mira
801 4196 964 4265 ὑμεῖς
997 4193 1326 4264 θαυμάζητε
1354 4210 1367 4225 ⁸
1412 4193 1508 4247 καὶ
1557 4192 1747 4248 πάλιν·
1792 4193 1854 4245 '0

274 4287 480 4355 Πατὴρ
494 4289 702 4357 ἐγείρει
728 4287 869 4354 τοὺς
885 4287 1155 4356 νεκροὺς,
1179 4286 1277 4340 καὶ
1298 4285 1578 4347 ζωοποιεῖ.
1610 4286 1853 4355 Ὁμοίως

272 4378 375 4431 καὶ
404 4381 435 4432 ό
460 4378 589 4444 Υἱὸς
617 4378 726 4444 οὓς
752 4378 910 4433 θέλει
938 4375 1229 4438 ζωοποιεῖ·
1272 4377 1366 4430 καὶ
1395 4376 1556 4430 πάλιν
1573 4392 1590 4408 ·
1624 4376 1855 4430 οὐδένα

272 4466 385 4539 γὰρ
432 4470 465 4520 ὀ
500 4466 702 4535 Πατὴρ
730 4466 934 4534 κρίνει,
958 4465 1120 4520 ἀλλὰ
1138 4464 1259 4532 τὴν
1294 4463 1496 4531 κρίσιν
1519 4460 1728 4516 πᾶσαν
1757 4460 1854 4514 δέ-

270 4560 426 4612 δωκε
455 4556 533 4623 τῷ
559 4557 690 4623 Υὶῷ,
719 4558 819 4611 ἵνα
846 4557 1067 4623 πάντες
1091 4555 1301 4625 τιμῶσι
1329 4554 1436 4609 τὸν
1471 4552 1631 4619 Υἱὸν,
1660 4552 1855 4618 καθὼς

271 4648 483 4719 τιμῶσι
511 4650 617 4702 τὸν
653 4648 902 4717 Πατέρα.
936 4648 1077 4719 Ὅρα
1115 4647 1172 4701 δέ
1208 4664 1297 4717 μοι
1321 4644 1526 4709 λοιπὸν,
1560 4646 1763 4715 Ἀρειε,
1794 4645 1853 4697 τὸ

1954 2198 2416 2268 quemadmodum
2475 2196 2829 2253 fabricandas
2878 2197 3041 2255 homo
3093 2199 3185 2255 sit.
3251 2200 3526 2271 Siquidem

1954 2291 2101 2346 nulla
2135 2291 2190 2345 in
2217 2289 2356 2345 Filio
2387 2291 2564 2365 inerat
2605 2289 2936 2359 ignorantia,
2962 2297 3021 2343 ut
3046 2298 3399 2360 posteaquam
3440 2306 3529 2345 ar—

1955 2386 2061 2434 tem
2096 2379 2516 2444 condidicisset,
2553 2394 2618 2434 ex
2649 2378 2797 2434 illius
2823 2379 2988 2451 804
3016 2383 3336 2450 praescripto
3372 2382 3528 2436 moli-

1956 2479 2123 2525 retur.
2156 2469 2359 2525 Verum
2385 2470 2477 2525 ubi
2524 2470 2591 2524 ad
2628 2486 2731 2526 nos
2758 2469 3016 2540 delapsus
3042 2470 3298 2526 Christus
3340 2471 3527 2526 Domi-

1954 2577 2059 2616 nus
2089 2561 2323 2615 humana
2354 2576 2520 2616 carne
2543 2562 2774 2617 vestitus
2808 2567 2912 2625 est,
2947 2574 2997 2616 et
3029 2560 3195 2617 homo
3234 2562 3410 2618 factus
3443 2570 3528 2619 est

1953 2665 2007 2710 et
2045 2656 2331 2711 nobiscum
2372 2662 2624 2709 versatus
2649 2695 2664 2721 ,
2715 2670 2839 2709 cum
2877 2653 3094 2710 Judazos
3135 2656 3528 2726 alloqueretur,

1954 2744 2048 2815 qui
2083 2745 2150 2798 ab
2178 2745 2298 2815 ipso
2327 2758 2492 2814 opera
2539 2742 2716 2798 Patris
2754 2744 2923 2798 everti
2962 2744 3064 2799 sibi
3115 2755 3525 2815 persuaserant,

1953 2851 2065 2907 quo
2099 2850 2286 2892 eorum
2341 2835 2553 2888 animos
2590 2849 2620 2887 a
2667 2834 2839 2889 solius
2868 2834 3119 2889 humanae
3150 2848 3359 2890 natum.
3396 2851 3527 2891 con-

1954 2926 2309 2995 templatione
2338 2931 2622 2980 revocaret
2655 2941 2666 2974 :
2709 2922 2884 2987 Nihil,
2920 2925 3135 2993 inquit,
3170 2923 3343 2980 Filius
3373 2926 3524 2995 facit,

1953 3019 2059 3073 nisi
2100 3018 2375 3086 facientem
2416 3015 2634 3070 Patrem
2675 3016 2897 3081 viderit;
2945 3026 3002 3071 ut
3047 3033 3186 3087 opus
3231 3019 3353 3073 Filii
3405 3036 3527 3075 esse

1953 3109 2131 3164 Patris
2156 3125 2293 3179 opus
2327 3108 2670 3174 ostenderet,
2704 3108 2994 3179 eidemque
3038 3108 3186 3163 Patri
3218 3126 3373 3166 suam
3406 3127 3526 3167 om.-

1954 3214 2079 3255 nem
2124 3198 2655 3253 administrationem
2681 3212 2742 3252 ac
2774 3197 3112 3253 iunctionem
3148 3200 3386 3269 placere.
3436 3203 3526 3260 Sic

1955 3292 2125 3363 igitur
2152 3290 2410 3360 deinceps
2458 3289 2706 3344 infelices
2748 3290 2878 3355 isti,
2929 3290 3020 3360 qui
3061 3290 3195 3346 alias
3231 3291 3530 3364 Scriptura:

1956 3379 2277 3441 sententias,
2320 3387 2579 3449 tanquam
2624 3379 2890 3433 immanes
2947 3378 3093 3444 ferae,
3125 3382 3427 3438 concidunt
3466 3401 3529 3439 ac

1956 3472 2233 3535 lacerant,
2269 3471 2528 3534 convicti,
2562 3470 2736 3525 divini
2790 3470 2941 3525 verbi
2980 3486 3044 3526 ac
3073 3473 3318 3529 veritatis
3350 3477 3523 3546 splen-

1954 3563 2173 3628 dorem,
2209 3563 2354 3618 velut
2388 3561 2600 3633 fulgure
2626 3561 2864 3634 quodam
2896 3564 3259 3627 consternati,
3298 3563 3527 3635 fugient.

1961 3654 2219 3726 Fulgura,
2268 3655 2464 3726 inquit,
2516 3656 2968 3718 coruscationem,
3002 3665 3053 3709 et
3087 3654 3371 3724 dissipabis
3416 3675 3526 3712 eos.

1956 3746 2153 3801 Emitte
2182 3749 2409 3817 sagittas
2441 3757 2580 3807 tuas,
2606 3757 2655 3802 et
2686 3747 3026 3802 conturbabis
3056 3765 3143 3801 eos
3168 3749 3210 3803 ⁸.

2029 3835 2281 3891 LXXVII.
2327 3837 2538 3894 Etenim
2594 3839 2671 3892 illi
2705 3838 3004 3908 Seripturte
3050 3839 3204 3903 loco,
3257 3855 3418 3910 quem
3465 3857 3528 3895 cx

1956 3928 2249 4001 Evangelio
2280 3930 2604 3999 proferunt,
2653 3931 2841 3985 statim
2890 3930 3024 3985 illud
3059 3929 3251 3986 ordine
3291 3932 3533 3987 subtexi-

1957 4028 2046 4075 tur
2077 4038 2089 4074 :
2131 4020 2290 4073 Pater
2310 4021 2446 4074 enim
2487 4021 2661 4092 diligit
2695 4020 2896 4076 Filium
2925 4032 2974 4077 et
2998 4022 3175 4076 omnia
3207 4022 3533 4078 demonstrat

1955 4113 2024 4173 ei,
2054 4128 2170 4181 qua:
2200 4112 2308 4179 ipse
2337 4112 2486 4179 facit,
2521 4122 2571 4166 et
2602 4114 2668 4166 iis
2694 4114 2900 4182 majora
2929 4131 3086 4183 opera
3113 4117 3527 4178 demonstrabit,

1957 4212 2014 4254 ut
2046 4217 2132 4255 vos
2175 4202 2494 4254 miremini'.
2541 4203 2714 4257 Item:
2758 4202 2924 4257 Pater
2970 4208 3195 4260 suscitat
3224 4216 3456 4262 mortuos
3480 4218 3530 4262 et

1957 4292 2220 4353 viviﬁcat;
2268 4291 2517 4345 similiter
2570 4303 2618 4346 et
2678 4292 2855 4349 Filius
2906 4312 3034 4366 quos
3067 4299 3175 4351 vult
3236 4299 3466 4368 rivi/ica!
3487 4302 3527 4357 ⁸.
3612 4314 3616 4318 ‘

1957 4381 2091 4437 Item
2127 4400 2142 4437 :
2183 4380 2345 4436 Pater
2389 4383 2647 4437 neminem
2690 4386 2925 4454 judicat,
2956 4386 3045 4442 sed
3080 4405 3231 4443 omne
3274 4390 3533 4452 iudicium

1957 4471 2100 4525 dedit
2132 4470 2295 4537 Filio,
2338 4482 2393 4525 ut
2430 4489 2606 4528 omnes
2642 4474 2897 4531 honorent
2944 4477 3172 4547 Filium,
3200 4481 3335 4535 sicut
3367 4482 3534 4537 hono-

1958 4571 2077 4614 rant
2110 4561 2323 4615 Patrem
2340 4565 2381 4617 θ.
2417 4564 2797 4623 Animadverte
2826 4585 2994 4636 nunc,
3028 4574 3144 4636 Ari,
3178 4572 3324 4629 hunc
3350 4574 3530 4645 ipsum

1942 4654 2220 4709 ’iustituta:
2265 4664 2458 4709 contra
2503 4666 2555 4712 te
2585 4673 2615 4712 a
2656 4660 2815 4716 nobis
2865 4662 3256 4733 disputationis
3302 4668 3531 4723 exitum.

271 4741 452 4810 πέρας
490 4738 589 4808 τῆς
629 4739 763 4810 πρὸς
796 4739 855 4791 σὲ
895 4738 1175 4808 διαλογῆς,
1210 4736 1312 4790 ποῦ
1340 4735 1664 4791 ἀπετέλεσεν
1697 4737 1726 4788 6
1768 4735 1854 4788 λὸ-

1956 4742 2074 4798 Νοη
2123 4743 2262 4799 dixit
2309 4760 2340 4798 a
2387 4746 2715 4816 quihusdam
2771 4750 3032 4806 honorari
3062 4754 3282 4821 debere,
3314 4757 3382 4811 ab
3409 4757 3534 4813 aliis

270 4846 388 4897 γος.
410 4830 535 4882 Οὐκ
564 4825 683 4881 εἷπε
716 4829 866 4892 τινὰς
896 4830 1003 4893 ναὶ,
1029 4829 1122 4882 καὶ
1145 4828 1295 4892 τινὰς
1319 4826 1377 4881 οὔ
1402 4844 1416 4857 ·
1444 4826 1556 4880 ἀλλ’
1578 4828 1677 4880 ἵνα
1701 4826 1851 4880 πάν-

1956 4849 2061 4889 non
2089 4826 2322 4890 debere:
2356 4837 2450 4891 sed
2475 4846 2530 4889 ut
2560 4855 2760 4904 omnes,
2790 4842 2987 4911 inquit,
3018 4843 3272 4900 honorent
3306 4844 3531 4911 Filium,

269 4937 374 4984 τες
412 4917 621 4989 τιμῶσι
652 4921 760 4973 τὸν
792 4920 925 4972 Υἱὸν
954 4919 1034 4985 ὡς
1068 4918 1279 4988 τιμῶσι
1324 4918 1430 4972 τὸν
1465 4918 1712 4985 Πατέρα.
1758 4917 1850 4988 Μὴ

1956 4926 2088 4981 sicut
2135 4928 2397 4982 honorant
2436 4929 2650 4985 Patrem
2681 4933 2745 4987 ¹⁰.
2797 4933 2941 4991 Cave
2997 4938 3163 5008 igitur
3209 4938 3536 4997 dehonestes

270 5012 508 5081 ἀτίμαζε
538 5012 718 5065 τοίνυν
748 5011 841 5065 τὸν
877 5012 1007 5065 Υἱὸν
1027 5051 1041 5075 ,
1076 5011 1165 5065 ἵνα
1197 5011 1271 5082 μὴ
1310 5011 1582 5082 ἀτιμάσῃς
1613 5012 1702 5064 τὸν
1742 5012 1854 5065 Πα-

1956 5015 2177 5082 Filium,
2204 5033 2271 5073 ne
2303 5019 2631 5076 dehonestes
2656 5031 2710 5078 et
2741 5023 2977 5082 Patrem.
3027 5028 3161 5082 Nam
3213 5031 3258 5085 si
3307 5032 3437 5100 quid
3480 5033 3534 5086 in

269 5104 438 5172 τέρα·
472 5106 520 5157 εἰ
548 5104 653 5175 γάρ
686 5121 740 5156 τι
781 5105 859 5166 είς
896 5103 986 5156 τὸν
1022 5103 1150 5155 Υἱὸν
1188 5102 1378 5173 λογίζῃ
1408 5101 1745 5171 ὑποϐεϐηκὸς
1768 5141 1782 5164 ,
1818 5101 1851 5172 ἢ

1956 5104 2101 5162 Filio
2149 5110 2448 5180 suspiceris
2479 5112 2729 5180 inferius,
2765 5127 2859 5171 aut
2884 5118 3153 5179 delectum
3188 5122 3434 5188 reperiri,
3479 5123 3534 5176 in

270 5193 563 5262 ἐλάττωμα
601 5193 957 5259 διανοεῖσθαι,
1001 5193 1195 5246 οὐκοῦν
1242 5195 1337 5246 καὶ
1379 5194 1471 5246 ἐπὶ
1506 5192 1596 5245 τὸν
1631 5193 1851 5264 Πατέρα

1956 5196 2139 5254 Patris
2188 5202 2541 5269 ignominiam
2594 5215 2684 5261 tua
2733 5209 2824 5263 illa
2872 5212 3135 5281 cogitatio
3183 5212 3533 5269 redundabit.

269 5286 554 5337 άναόαίνει
583 5302 677 5337 σου
778 5285 1008 5339 διάνοια.
1052 5286 1164 5355 Τῆς
1209 5285 1317 5354 γάρ
1343 5284 1512 5353 αὐτῆς
1541 5301 1622 5336 σοι
1649 5283 1851 5355 τολμη-

1959 5287 2055 5343 Est
2077 5290 2222 5344 enim
2251 5292 2495 5361 ejusdem
2532 5296 2587 5351 in
2611 5307 2661 5352 te
2691 5300 3039 5365 temeritatis,
3065 5310 3117 5355 et
3150 5303 3391 5358 audacia:
3417 5305 3534 5359 sive

271 5378 394 5445 ρίας
423 5378 538 5429 ἐστὶ
578 5377 639 5429 τὸ
679 5364 758 5440 εἰς
791 5377 880 5429 τὸν
912 5376 1039 5430 Υἱὺν
1069 5376 1426 5441 διανοεῖσθαι,
1454 5375 1548 5429 καὶ
1581 5375 1655 5447 μὴ
1688 5377 1853 5447 τιμᾷν

1960 5379 2231 5449 ejusmodi
2272 5384 2477 5454 aliquid
2506 5389 2769 5445 adversus
2804 5389 2999 5443 Filium
3051 5394 3393 5462 conceperis,
3421 5396 3537 5451 sive

345 5535 460 5617 ξ
587 5536 759 5617 ἀναλτι
784 5538 842 5617 ,
874 5534 1034 5617 {clam
1290 5537 1363 5617 Α]
1385 5535 1519 5590 Gen.
1578 5552 1616 5605 ι,
1656 5537 1706 5590 1.
1787 5537 1850 5591 ‘i

1956 5538 2085 5597 .26.
2163 5543 2184 5575 ⁵
2212 5544 2344 5601 ihid‘.
2368 5546 2457 5603 27.
2537 5549 2557 5580 ⁸
2586 5546 2730 5605 Psal.
2772 5565 2958 5613 cum,
2993 5551 3044 5605 6.
3127 5553 3145 5583 ⁷
3174 5551 3332 5610 Joan.
3363 5571 3414 5617 ν,
3443 5554 3536 5614 90.

260 5605 287 5639 ⁸
326 5607 459 5660 ibid.
500 5605 591 5660 2i.
672 5607 692 5637 ’
726 5606 857 5661 ibid.
884 5607 974 5661 Ἡ.
1056 5608 1098 5637 ¹⁰
1126 5606 1257 5660 ibid.
1288 5605 1379 5661 ᾖξ’).

340 5762 643 5833 (5)”d1tr
670 5760 939 5829 λέγουσι.
974 5761 1110 5815 Vide
1146 5761 1316 5816 Ililal'.
1359 5761 1452 5817 lib.
1488 5777 1559 5816 VII
1588 5759 1666 5816 De
1702 5759 1851 5815 Trini

592 5856 866 5917 ΡΑτιιοι..
900 5858 1018 5918 Gn.
1053 5857 1244 5919 XLII.

2072 5878 2084 5894 ‘
2304 5919 2358 5929 η-
3147 5868 3219 5929 ﬂ
