3994 6226
408 405 509 464 351

1807 407 1861 458 S.
1914 403 2250 459 EPII’IIANII

3553 394 3681 453 332

409 543 520 583 non
566 527 800 606 honores
845 526 1054 596 ipsum,
1090 535 1145 579 ut
1192 525 1420 580 honorat
1455 523 1690 577 Patrem.
1744 521 1878 576 Nam
1921 531 1979 576 ut

2112 522 2265 586 ὑτὺν,
2297 518 2562 605 καθάπερ
2600 515 2774 588 τιμᾷς
2802 517 2910 572 τὸν
2951 517 3202 586 Πατέρα.
3254 516 3373 570 Ἰνα
3417 515 3527 586 γὰρ
3577 516 3693 568 καὶ

409 619 515 689 ipsi
563 620 652 672 det
687 617 891 687 aliquid
927 617 1109 680 Pater,
1144 618 1232 672 dic
1257 657 1273 684 ,
1324 617 1518 672 amabo
1573 623 1659 678 te,
1701 615 1982 670 hominum

409 708 903 770 conﬁdentissime,
954 707 1085 778 quid
1124 708 1297 761 dicit?
1349 705 1416 762 Ut
1447 725 1597 779 quem
1641 708 1748 761 vult
1781 704 1984 768 Filius,

411 800 656 869 oioiﬁcet.
690 799 808 853 Non
839 801 976 854 dixit
1004 816 1165 869 quem
1192 799 1420 868 jubetur
1451 819 1462 855 :
1491 800 1605 854 haec
1625 800 1768 853 enim
1805 799 1988 854 omnia

416 906 448 944 a
486 889 646 946 Patre
677 889 850 945 Filius
877 891 1126 960 accipere
1153 890 1358 956 debuit,
1392 891 1485 946 sed
1516 907 1623 947 non
1655 899 1714 945 ut
1745 892 1866 959 ipso
1897 906 1982 944 es~

411 990 494 1036 set
528 980 776 1036 inferior.
797 980 952 1047 Quod
983 981 1202 1052 quidem
1238 981 1456 1036 duobus
1486 982 1664 1037 modis
1688 981 1991 1051 intelligere

412 1086 709 1140 possumus
737 1088 749 1123 :
793 1069 1053 1140 primum,
1085 1078 1144 1124 ut
1176 1079 1410 1125 mentem
1447 1079 1691 1125 nostram
1725 1071 1789 1124 ad
1825 1084 1989 1123 unam

412 1170 464 1216 et
506 1162 836 1232 singularem
875 1159 1079 1226 Patris,
1120 1159 1243 1214 Filii
1288 1169 1342 1216 ct
1398 1159 1634 1232 Spiritus
1680 1161 1853 1216 sancti
1911 1161 1994 1214 di-

420 1254 698 1308 vinitatem
729 1253 1003 1318 eveheret,
1031 1269 1166 1310 neve
1193 1254 1259 1308 ad
1291 1255 1536 1324 quaedam
1561 1253 1809 1311 deorum,
1847 1253 1994 1306 velut

420 1347 655 1402 divortia
696 1346 1000 1407 hominum.
1035 1347 1393 1416 cogitationes
1433 1345 1640 1400 demitti
1679 1351 1992 1415 pateretur;

425 1434 520 1490 sed
552 1433 621 1488 ad
651 1449 818 1488 unum
851 1443 904 1489 et
931 1434 1094 1504 805
1121 1436 1397 1506 singulare
1418 1434 1670 1505 quiddam
1695 1435 1994 1501 attolleret;

423 1526 687 1588 secundo,
720 1533 780 1579 ut
821 1524 888 1579 ad
931 1533 1266 1596 assumptam
1304 1526 1541 1582 hominis
1567 1533 1843 1590 naturam,
1875 1542 1996 1596 qua:

420 1617 604 1686 gloriae
633 1616 1070 1673 vicissitudinem
1136 1618 1607 1688 mutationemque
1645 1624 1885 1687 caperet,
1913 1626 1997 1670 at-

420 1723 526 1776 que
550 1707 617 1760 ad
653 1708 952 1762 divinitatis
984 1723 1095 1763 suae
1122 1707 1560 1777 conjunctionem
1596 1708 1997 1778 intelligendam

421 1798 761 1867 perduceret,
801 1797 935 1853 Cum
969 1799 1114 1852 enim
1156 1790 1221 1853 ad
1264 1798 1562 1869 discipulos
1597 1813 1753 1858 suos.
1784 1798 1998 1868 pollici-

2087 610 2163 680 δῷ
2193 609 2341 681 αὐτῷ
2381 611 2412 662 ὁ
2454 594 2666 679 Πατὴρ,
2697 607 2822 676 λέγε
2853 625 2944 678 μοι
2964 646 2978 669 ,
3015 601 3059 660 ὦ
3091 606 3356 676 γεννάδα,
3383 605 3439 656 τί
3481 603 3689 672 λέγεις

2092 705 2216 758 Ἵνα
2240 702 2312 756 ὃν
2344 701 2489 770 θέλῃ
2523 704 2555 755 ὀ
2582 700 2714 764 Υἱὸς
2745 698 3106 768 ζωογονήσῃ.
3141 699 3256 751 Οὐκ
3293 696 3462 760 εἶπεν,
3497 697 3560 749 δν
3590 713 3698 748 κε-

2087 793 2336 847 λεύεται·
2370 792 2474 846 ἔδει
2512 791 2571 845 δὲ
2600 789 2772 843 ταῦτα
2803 789 2896 842 τὸν
2929 789 3054 841 Υἱὸν
3085 787 3340 852 δέξασθαι
3373 786 3525 857 παρὰ
3560 786 3698 837 Πα-

2088 887 2237 958 τρὸς,
2282 884 2396 939 ἀλλ’
2445 885 2545 937 οὐκ
2591 881 2851 936 ἐλάττονα
2890 876 3028 933 εἶναι
3075 868 3228 950 παρὰ
3281 878 3374 932 τὸν
3411 877 3649 948 Πατέρα
3675 913 3695 934 ,

2093 977 2328 1048 μάλιστα
2355 975 2496 1030 κατὰ
2529 972 2622 1027 δύο
2659 972 2894 1044 τρόπους
2915 989 2928 1002 ·
2961 972 3176 1043 πρῶτον
3208 970 3306 1041 μὲν
3326 1010 3341 1033 ,
3370 969 3456 1022 διὰ
3480 968 3546 1021 τὸ
3588 969 3704 1020 ἀν-

2091 1071 2316 1138 αγαγεῖν
2342 1070 2374 1139 ἡ
2384 1066 2498 1139 μῶν
2529 1068 2631 1137 τὴν
2658 1065 2894 1119 διάνοιαν
2922 1066 2998 1127 εἰς
3026 1064 3154 1134 μίαν
3183 1063 3376 1115 ἕνωσιν
3397 1061 3698 1130 Θεότητος,

2091 1161 2327 1233 Πατρὸς,
2357 1159 2451 1213 καὶ
2478 1158 2629 1218 Υίοῦ.
2671 1157 2765 1213 καὶ
2796 1157 2950 1226 ἁγίου
2987 1155 3327 1228 Πνεῦματος,
3369 1155 3461 1208 καὶ⁵
3491 1154 3571 1225 μὴ
3597 1154 3700 1214 εἰς

2097 1253 2420 1325 μερισμοὺς,
2456 1253 2551 1306 καὶ
2597 1251 2890 1304 πολυοεΐαν
2929 1251 3262 1318 καταγαγεῖν
3303 1247 3393 1300 τὸν
3431 1247 3544 1300 τῶν
3584 1245 3709 1298 ἀν·-

2094 1345 2328 1417 ορώπων
2357 1343 2638 1414 λογισμὸν,
2670 1342 2807 1395 ἀλλὰ
2835 1341 3129 1413 ἀναφέρειν
3164 1341 3244 1402 εἰς
3269 1338 3395 1410 μίαν
3422 1338 3702 1404 ἑνότητα·

2093 1435 2344 1508 δεύτερον
2367 1437 2444 1500 δὲ,
2471 1437 2566 1489 καὶ
2596 1437 2675 1499 είς
2702 1434 2801 1506 τὴν
2827 1435 2924 1507 τῆς
2949 1433 3213 1506 ὲνσαρκου
3244 1431 3549 1503 παρουσίας
3584 1446 3707 1500 με-

2093 1528 2322 1598 ταϐολὴν
2358 1527 2538 1598 δόξης,
2579 1527 2674 1580 καὶ
2720 1525 3011 1580 συνένωσιν
3047 1526 3150 1595 τῆς
3181 1521 3347 1576 αὑτοῦ
3396 1521 3704 1592 θεότητος.

2111 1620 2327 1692 Ἐπειδὴ
2352 1619 2461 1691 γὰρ
2490 1615 2622 1691 ἦλθε
2653 1619 2780 1682 τοὺς
2807 1617 3056 1690 μαθητὰς
3097 1617 3261 1672 αὑτοῦ
3295 1617 3561 1685 εὐφρᾶναι
3594 1613 3710 1667 διὰ

2097 1708 2196 1778 τῆς
2221 1709 2569 1780 ὑποσχέσεως
2606 1706 2673 1782 ἧς
2722 1707 2874 1764 εἶπεν
2894 1751 2909 1774 ,
2937 1711 3020 1764 ὅτι
3061 1709 3196 1764 Εἰσί
3235 1708 3356 1761 τῶν
3382 1707 3704 1768 ἑστώτων,

2099 1797 2316 1862 οἵτινες
2353 1800 2425 1852 οὑ
2451 1798 2539 1868 μὴ
2574 1799 2903 1868 γεύσωνται
2930 1799 3190 1854 θανάτου
3211 1837 3226 1860 ,
3257 1797 3363 1863 ἕως
3393 1797 3468 1850 ἂν
3499 1795 3700 1848 Ῐδωσι

423 1888 646 1944 tationis
713 1889 1020 1958 hujusmodi
1088 1905 1183 1959 spe
1247 1889 1653 1953 exhilarandos,
1724 1890 1994 1954 venisset,

2112 1886 2204 1941 τὸν
2232 1887 2369 1941 ﬂor
2389 1887 2494 1942 τοῦ
2520 1889 2835 1957 ἀνθρώπου
2857 1889 3186 1959 ἐρχόμενον
3205 1889 3276 1942 ἐν
3301 1886 3371 1956 τῇ
3396 1887 3548 1955 δόξῃ
3576 1889 3708 1941 αὺ-

424 1995 586 2048 quam
632 1981 987 2035 ostenderat:
1020 1981 1154 2034 Sunt
1205 1982 1269 2036 de
1318 1983 1402 2035 hic
1436 1982 1719 2046 stantibus,
1753 1983 1843 2050 qui
1893 1999 1997 2036 non

431 2070 717 2140 gustabunt
762 2082 1002 2133 mortem,
1045 2071 1208 2126 donec
1257 2071 1482 2126 viderint
1528 2069 1576 2123 F
1581 2073 1732 2125 ilium
1775 2071 1998 2128 hominis

424 2156 705 2209 vertientem
749 2158 803 2210 in
847 2158 1016 2226 gloria
1053 2159 1208 2213 sua‘.
1248 2157 1451 2214 Deinde
1481 2167 1674 2214 octava
1707 2160 1814 2225 die,
1852 2169 1910 2218 υι
1945 2163 1999 2216 in

428 2243 719 2314 Evangelio
749 2246 1016 2316 scriptum
1051 2251 1198 2312 est',
1235 2248 1322 2304 vel
1359 2248 1439 2315 (ut
1469 2248 1615 2303 aliud
1651 2249 2000 2321 Evangelium

426 2336 646 2405 narrat)
678 2347 798 2406 post
832 2354 923 2394 sex
956 2338 1110 2395 dies'
1149 2356 1162 2392 :
1216 2355 1322 2394 non
1358 2339 1504 2410 quod
1549 2341 1822 2413 Evangelii
1862 2344 2001 2399 scri-

427 2435 612 2495 ptores
646 2426 955 2483 hallucinati
989 2429 1134 2496 sint,
1185 2429 1282 2486 sed
1305 2473 1319 2497 ,
1357 2431 1500 2502 quod
1545 2433 1668 2488 licet
1697 2433 1890 2489 eadem
1930 2437 2002 2490 sit

426 2518 668 2572 omnium
705 2519 1004 2583 certitudo,
1056 2521 1244 2577 eadem
1281 2529 1462 2579 tamen
1491 2527 1786 2581 munienda
1821 2527 2004 2583 videa-

429 2619 540 2675 tur,
584 2625 652 2664 ne
687 2610 999 2666 hominibus
1030 2611 1099 2665 ad
1133 2628 1218 2676 ea,
1247 2629 1367 2682 qua:
1405 2616 1678 2685 pracipua
1723 2631 1788 2672 ac
1817 2634 2005 2675 neces-

435 2699 580 2754 saria
638 2708 785 2764 sunt,
840 2700 1144 2758 otl‘cndendi
1203 2705 1312 2758 ulla
1371 2706 1677 2775 praebeatur
1728 2710 2000 2765 occasio:

431 2789 874 2860 quandoquidem
915 2807 1084 2862 prona
1134 2805 1219 2849 est
1265 2795 1566 2865 itnpensius
1599 2797 1652 2851 in
1694 2798 1899 2853 malum
1939 2801 2006 2854 ah

432 2882 796 2937 adolescentia
827 2884 1065 2940 hominis
1107 2887 1361 2958 cogitatio
1396 2887 1437 2942 ⁸.
1464 2888 1762 2959 Propterea
1812 2899 2004 2946 octava

431 2973 519 3028 die
572 2975 795 3044 seripsn
842 2977 1296 3049 evangelistarum
1359 2979 1516 3046 alter,
1564 2980 1746 3050 quod,
1803 2997 1928 3036 cum
1975 2998 2006 3038 a

431 3063 650 3119 Christo
695 3064 783 3117 illa
835 3066 1183 3135 pronuntiata
1229 3077 1392 3133 sunt,
1431 3071 1691 3125 nonnulla
1741 3085 1867 3142 pars
1895 3071 2003 3127 diei

2101 1979 2234 2033 τοῦθ
2263 1980 2358 2033 καὶ⁹
2399 1982 2466 2052 τῇ
2510 1981 2669 2054 ὀγδόῃ
2701 1983 2905 2054 ἡμέρᾳ,
2939 1981 3015 2046 ὡς
3045 1981 3193 2050 λέγει
3228 1981 3291 2034 τὸ
3323 1980 3706 2049 Εὑαγγέλιον.

2101 2070 2134 2141 ἢ
2167 2069 2242 2132 ὼς
2274 2069 2335 2122 τὸ
2376 2071 2562 2142 ἕτερον
2593 2071 2763 2140 λέγει,
2807 2072 2946 2143 μετὰ
2976 2073 3036 2138 ἒξ
3066 2072 3282 2143 ἡμέρας
3351 2073 3412 2124 οὺ
3460 2071 3572 2124 τῶν
3605 2071 3712 2123 εὖ.

2100 2159 2440 2229 αγγελιστῶν
2483 2161 2648 2232 ἕτερα
2676 2163 2794 2217 ἀνθ’
2824 2163 3025 2235 ἑτέρων
3053 2163 3322 2232 λεγόντων
3341 2161 3518 2226 ,αλλὰ
3551 2163 3706 2229 μιᾶς

2102 2251 2268 2320 οὔσης
2292 2251 2391 2321 τῆς
2421 2252 2728 2324 ἀκριϐείας,
2755 2253 2840 2306 ἀεί
2867 2271 2997 2306 ποτε
3023 2253 3079 2306 δὲ
3098 2249 3560 2322 ἀσφαλιζομένης,
3599 2253 3708 2304 ἵνα

2106 2340 2181 2410 μὴ
2212 2341 2483 2411 πρόφασις
2503 2340 2727 2411 γένηται
2753 2340 2815 2394 τὸ
2833 2344 2959 2404 τοὺς
2977 2340 3294 2413 ἀνθρώπους
3318 2340 3712 2411 προσκόπτειν

2103 2433 2161 2485 ὲν
2193 2435 2304 2494 τοῖς
2336 2433 2652 2501 ἀναγκαίοις
2671 2451 2686 2466 ο
2719 2433 3014 2505 ἐπειδήπερ
3045 2432 3287 2502 ἔγκειται
3317 2435 3351 2502 ἡ
3382 2433 3560 2485 ἔννοια
3588 2432 3712 2486 τοῦ

2103 2522 2390 2594 ἀνθρώπω
2419 2525 2508 2577 ἐπὶ
2537 2524 2608 2578 τὰ
2635 2525 2850 2597 πονηρὰ
2883 2528 2946 2579 ὲκ
2978 2528 3227 2598 νεότητος
3265 2525 3538 2595 ἐπιμελῶς
3559 2539 3572 2552 ·
3598 2523 3715 2577 διὰ

2102 2614 2259 2668 τοῦτο
2302 2609 2381 2678 εἷς
2420 2615 2899 2689 εὐαγγελιστὴςτῇ
2939 2617 3098 2688 ὀγδόῃ
3137 2616 3322 2688 ἡμέρᾳ
3367 2611 3539 2669 εἶπεν.
3577 2609 3715 2667 Ἦν

2105 2709 2214 2778 γὰρ
2245 2708 2407 2780 μέρος
2430 2725 2483 2760 τι
2510 2708 2610 2778 τῆς
2635 2708 2849 2780 ἡμέρας
2879 2708 3324 2779 ὑπολειπόμενον,
3351 2707 3438 2759 ὅτε
3473 2703 3568 2758 τὸν
3598 2703 3710 2758 λὸ-

2105 2813 2200 2866 γον
2233 2798 2358 2869 έφη,
2399 2800 2492 2854 καὶ
2530 2798 2933 2870 συνηρίθμησεν
2965 2799 3058 2851 ἀπ’
3092 2797 3308 2868 ἐκείνης
3338 2797 3438 2866 τῆς
3467 2795 3713 2866 ἡμέρας

2107 2889 2202 2943 καὶ
2228 2891 2326 2961 τῆς
2355 2889 2524 2961 ὧρας,
2553 2891 2602 2944 εἰ
2627 2885 2695 2962 ἦν
2732 2891 2767 2962 ή
2794 2889 2974 2962 ἡμέρα
3005 2891 3289 2944 κεκλικυῖα
3325 2889 3454 2961 περὶ
3489 2887 3714 2956 ἐνάτην

2107 2979 2255 3052 ὥραν
2284 2981 2320 3052 ἦ
2347 2981 2598 3053 δεκάτην.
2642 2982 2753 3036 Καὶ
2778 2981 2940 3037 πάλιν
2962 2982 3025 3035 ἐν
3052 2983 3119 3053 τῇ
3145 2980 3309 3052 ὀγδόη
3333 2981 3514 3051 ἡμέρᾳ.
3557 2979 3717 3049 περὶ

2108 3071 2207 3142 τὴν
2253 3071 2446 3144 τρίτην
2479 3073 2515 3144 ἢ
2556 3073 2820 3144 τετάρτην
2853 3071 3000 3144 ὥραν
3037 3071 3134 3126 τοῦ
3169 3072 3489 3144 πράγματος
3528 3084 3716 3138 γεγο-

433 3164 763 3226 superesset,
809 3169 839 3209 a
869 3171 974 3226 qua
1014 3156 1100 3212 die
1142 3165 1195 3212 ct
1235 3159 1364 3213 hora
1411 3160 1728 3214 numerandi
1789 3160 2001 3216 initium

2112 3167 2280 3230 νότος,
2301 3165 2462 3236 ὀγδόη
2486 3165 2626 3237 αὕτη
2650 3166 2914 3221 ἐκαλεῖτο.
2955 3167 3011 3221 '0
3029 3165 3086 3220 δὲ
3106 3165 3264 3229 ἄλλος
3302 3164 3713 3235 εὐαγγελιστὴς

435 3245 600 3310 fecit;
653 3223 864 3315 utptita,
915 3262 1038 3301 cum
1081 3247 1196 3318 jam
1247 3248 1300 3302 in
1354 3265 1572 3313 nonam,
1609 3259 1702 3305 aut
1739 3251 2003 3307 decimam

2114 3213 2470 3327 ἀσφαλίέεται
2534 3213 2630 3312 καί
2671 3259 2846 3326 λέγει,
2883 3259 3020 3330 μετὰ
3064 3258 3122 3326 ἓξ
3158 3213 3392 3329 ἡμέρας.
3415 3213 3546 3310 ’ὁύκ
3577 3213 3716 3327 np?-

439 3337 629 3389 horam
678 3335 794 3390 dies
841 3336 1199 3392 incumberet.
1244 3337 1446 3394 Deinde
1494 3346 1686 3395 octavo
1729 3339 1816 3396 die
1871 3341 2006 3396 hora

2116 3348 2290 3418 θμησε
2315 3349 2422 3422 γὰρ
2462 3350 2520 3404 ἐν
2563 3344 2596 3424 ᾖ
2627 3349 2716 3403 τὸν
2758 3350 2914 3419 λόγον
2956 3350 3058 3422 ἔφη
3098 3354 3210 3414 τοῖς
3237 3351 3524 3422 μαθηταῖς,
3570 3349 3715 3403 om

437 3423 658 3476 circiter
688 3423 881 3486 tertia,
929 3425 1011 3478 vel
1042 3433 1236 3494 quarta
1284 3441 1374 3482 res
1425 3427 1542 3497 ipsa
1585 3428 1852 3500 contigit,
1888 3447 2006 3502 quae

2116 3441 2174 3492 ἐν
2205 3435 2239 3512 ᾖ
2270 3440 2328 3493 τὺ
2355 3440 2515 3513 ἔργον
2557 3442 2910 3508 ἐπετέλεσεν,
2953 3441 3089 3497 ἀλλὰ
3137 3443 3234 3507 τὰς
3279 3443 3443 3512 μέσον
3472 3441 3534 3506 ἓξ
3558 3437 3721 3512 πλη-

438 3516 555 3571 dies
597 3523 788 3571 octava
825 3525 1144 3584 numerata;
1179 3535 1304 3575 cum
1338 3520 1478 3576 alius
1503 3522 1858 3592 evangelista,
1890 3541 2006 3579 ma-

2120 3529 2388 3600 ρεστὰτας
2425 3533 2457 3602 ἡ
2468 3531 2534 3602 μέ
2543 3548 2660 3601 ρας.

437 3609 574 3680 joris
619 3611 890 3667 cautionis
921 3614 1116 3684 gratia,
1163 3623 1288 3684 post
1334 3631 1429 3670 sex
1459 3615 1576 3672 dies
1610 3616 1663 3671 id
1698 3620 1994 3691 contigisse
2026 3631 2254 3690 narret,
2325 3626 2580 3695 qdoniam
2625 3639 2802 3694 neque
2865 3623 3008 3679 diem
3061 3624 3214 3679 illum
3262 3622 3718 3696 comprehendit,

438 3720 549 3777 quo
580 3705 845 3762 Dominus
877 3708 1138 3778 apostolis
1171 3708 1274 3766 ista
1306 3709 1520 3766 locutus
1553 3719 1672 3779 est,
1702 3728 1804 3770 nec
1853 3715 2023 3782 illam,
2082 3719 2136 3772 in
2176 3734 2283 3789 qua
2316 3734 2455 3789 opus
2489 3718 2621 3772 illud
2652 3717 2907 3784 absolvit,
2963 3716 3058 3773 sed
3094 3717 3410 3786 interjeclos
3463 3731 3526 3770 ac
3583 3717 3717 3787 ple-

370 3818 378 3826 ·
441 3819 542 3858 nos
571 3801 949 3856 tantummodo
977 3817 1094 3858 sex.

508 3891 790 3948 LXXVIII.
819 3894 964 3964 Ergo
990 3894 1319 3964 evangelista
1347 3911 1480 3964 cum,
1500 3898 1566 3951 ad
1595 3898 1865 3968 ejusmodi
1896 3915 2017 3954 nar-

441 3982 708 4038 rationem
739 3983 1000 4046 venisset,
1034 3981 1109 4036 ita
1139 3999 1252 4039 rem
1285 4001 1499 4041 onmem
1523 3990 1775 4058 exponit:
1816 3987 2015 4056 Quem-

439 4071 732 4133 admodum
794 4070 1015 4126 Pctrum
1053 4081 1106 4126 et
1141 4070 1408 4128 Joannem
1442 4083 1496 4129 et
1551 4073 1813 4131 Jacobum
1855 4075 2014 4129 adhi-

441 4163 596 4227 bens,
626 4162 812 4218 eduxit
860 4162 984 4218 illos
1016 4163 1069 4216 in
1102 4171 1361 4230 montem,
1403 4173 1452 4218 et
1477 4167 1887 4237 transﬁguratus
1911 4175 2013 4230 est,

440 4261 488 4305 et
521 4253 839 4322 resplenduit
883 4253 1046 4321 facies
1086 4253 1200 4323 ejus
1247 4255 1382 4308 sicut
1423 4254 1572 4309 sol“:
1613 4271 1676 4309 ea
1711 4254 1898 4318 facies,
1928 4255 2015 4309 in-

442 4357 628 4410 quam,
669 4359 786 4412 qua:
822 4355 939 4399 erat
971 4359 1096 4399 cum
1147 4344 1434 4399 divinitate
1476 4345 1804 4415 conjuncta:
1861 4345 2018 4399 resti-

444 4443 620 4486 menta
673 4444 846 4488 autem
897 4452 1009 4504 ejus
1056 4436 1285 4490 candida
1336 4436 1485 4504 facta
1532 4446 1654 4491 sunt
1714 4438 1852 4492 sicut
1901 4439 2012 4493 nim.

445 4523 805 4594 Quamobrem
835 4527 925 4580 illa
960 4542 1088 4581 caro
1109 4543 1228 4597 qua:
1251 4541 1300 4583 et
1325 4545 1388 4583 ex
1425 4527 1588 4582 Maria
1611 4528 1832 4600 Virgine
1868 4546 2019 4586 sum-

443 4625 557 4686 pta,
579 4624 632 4671 ct
659 4633 722 4672 ex
752 4626 939 4674 nostro
966 4635 1162 4689 genere
1191 4627 1445 4690 suscepta
1482 4619 1677 4687 fuerat,
1707 4623 1761 4676 in
1788 4622 2016 4692 gloriam

449 4707 905 4780 splendoremque
931 4719 1262 4766 commutata
1292 4721 1397 4776 est,
1429 4719 1484 4766 ct
1515 4711 1732 4781 quidem
1767 4712 2020 4766 divinita-

447 4800 516 4854 tis
557 4800 803 4871 gloriam,
843 4803 998 4871 cujus
1032 4803 1096 4856 ad
1141 4803 1286 4857 illam
1317 4812 1402 4859 est
1434 4805 1674 4860 accessio
1710 4805 1874 4868 facta,
1903 4821 2024 4861 nec-

445 4905 555 4946 non
585 4900 639 4946 et
669 4893 912 4957 honoris,
939 4909 1002 4948 ac
1035 4895 1407 4964 perfectionis,
1437 4895 1829 4966 dignitatisque
1854 4898 2020 4952 chc-

445 4983 566 5046 stis,
602 4998 786 5054 quam,
817 4999 940 5038 cum
973 4985 1239 5040 hactenus
1276 5001 1405 5041 caro
1435 4967 1541 5041 non
1575 4987 1873 5052 habuisset,
1909 4989 2017 5053 hic,

447 5082 798 5144 posteaquam
831 5090 954 5136 cum
1000 5077 1186 5133 divino
1216 5077 1398 5134 Verbo
1445 5080 1697 5148 copulata
1732 5092 1839 5146 est,
1880 5083 2021 5136 obti-

446 5166 585 5218 nuit.
641 5165 717 5218 Ad
747 5181 872 5220 cum
908 5166 1091 5237 itaque
1126 5168 1342 5223 modum
1377 5184 1498 5238 qua:
1527 5181 1683 5224 antea
1713 5171 1857 5226 dicta
1893 5179 2022 5228 sunt

447 5257 718 5326 accipies:
756 5256 917 5312 Omne
935 5257 1201 5327 judicium
1230 5257 1373 5312 dedit
1395 5258 1534 5313 Filio
1555 5261 1603 5326 ⁶;
1631 5261 1889 5330 quoniam
1913 5261 2019 5316 De-

446 5349 524 5402 dit
569 5351 616 5403 ei
648 5360 978 5417 potestatem,
1016 5360 1073 5403 ut
1108 5367 1258 5420 quem
1293 5352 1401 5405 vult
1440 5353 1715 5420 viviﬁcet’.
1751 5351 1930 5418 Quare
1962 5361 2020 5406 ut

445 5447 500 5493 et
545 5441 776 5508 primum
817 5441 1143 5511 principium
1188 5439 1512 5504 declararet,
1563 5449 1617 5494 et
1661 5455 1822 5494 unam
1855 5440 2023 5510 806

435 5528 786 5584 divinitatem
827 5545 890 5584 ac
931 5530 1263 5601 singularem
1301 5531 1356 5586 in
1391 5529 1656 5591 Trinitatc
1685 5531 2018 5590 voluntatem

519 5704 536 5733 ‘
575 5703 762 5756 Matth.
795 5719 904 5767 xw,
934 5705 1022 5760 ‘28.
1096 5708 1116 5737 ²
1147 5704 1277 5760 Luc.
1314 5722 1388 5772 Ix,
1418 5707 1506 5760 28.
1585 5705 1603 5738 ³
1637 5703 1824 5758 Matth.
1861 5718 2001 5771 twn,
2031 5705 2079 5758 ι.

451 5769 546 5828 22.
615 5774 634 5806 ⁷
669 5772 804 5828 ibid.
837 5774 927 5828 21.
1005 5775 1028 5808 ⁸
1059 5774 1122 5830 C.

2191 3895 2318 3950 011'.
2351 3891 2478 3949 Ὧδε
2509 3897 2566 3950 δὲ
2598 3895 2724 3968 περὶ
2761 3897 2852 3950 τὸν
2891 3896 3046 3966 λόγον
3083 3896 3390 3968 γενόμενος,
3422 3897 3519 3970 τὴν
3559 3903 3720 3972 φρά-

2121 4005 2206 4041 σιν
2261 3986 2537 4054 ὑπέδειξεν
2570 4005 2584 4018 ·
2640 3989 2828 4058 ’Όμῐυς
2871 3989 2893 4019 ⁸
2959 3987 3289 4058 παραλαϐὼν
3344 3990 3549 4061 Πέτρον
3600 3997 3717 4049 καὶ

2131 4081 2386 4151 Ἰωάννην
2449 4083 2543 4136 καέι
2593 4081 2884 4146 Ἰάκωϐον,
2920 4083 3220 4153 ἀνήνεγκεν
3255 4082 3452 4146 αὐτοὺς
3499 4087 3580 4148 είς
3635 4089 3721 4141 τὸ

2117 4172 2263 4244 ὄρος,
2293 4172 2400 4227 Καὶ
2430 4171 2870 4242 μετεμορφώθη,
2900 4173 2998 4225 καὶ
3027 4173 3262 4242 ἔλαμψε
3282 4174 3344 4226 τὸ
3374 4175 3718 4243 πρόσωπον-

2117 4264 2304 4320 αῠτοῦ
2334 4265 2415 4332 ὡς
2446 4268 2479 4319 ὁ
2501 4265 2675 4332 ἣλιος
2696 4281 2708 4294 ·
2743 4264 2804 4317 τὸ
2841 4267 2901 4318 ὲν
2933 4266 3095 4337 σαρκὶ
3128 4266 3417 4336 πρόσωπον
3452 4267 3610 4321 συνὸν
3637 4273 3714 4322 ἐν

2122 4357 2188 4427 τῇ
2219 4355 2430 4426 θεότητι
2450 4372 2461 4384 ·
2504 4355 2598 4410 καὶ
2633 4355 2703 4410 τὰ
2731 4355 2927 4426 ἱμάτια
2958 4357 3144 4412 αὑτοῦ
3181 4358 3370 4412 λευκὰ
3398 4358 3479 4424 ὡς
3514 4360 3666 4429 χιών
3689 4379 3712 4394 ο

2121 4447 2363 4517 δηλονότι
2396 4448 2430 4517 ἡ
2479 4446 2614 4518 σὰρξ
2657 4449 2694 4518 ἡ
2743 4448 2852 4501 ἀπὸ
2900 4449 3117 4519 Μαρίας
3153 4444 3328 4512 οὖσα,
3359 4447 3453 4501 καὶ
3501 4448 3567 4506 ὲκ
3602 4450 3715 4504 τοῦ

2124 4537 2398 4610 ἡμετέρου
2430 4535 2619 4606 γένους
2650 4538 2988 4608 τυγχάνουσα
3015 4555 3027 4568 ⁸
3065 4540 3157 4592 καὶ
3187 4537 3595 4608 μετεμορφοῦτο
3619 4541 3714 4604 εἰς

2124 4627 2302 4692 δόξαν,
2337 4628 2493 4695 δόξαν
2516 4629 2862 4700 ἐπικτωμένη
2892 4629 2992 4701 τῆς
3018 4629 3289 4699 θεότητος,
3318 4628 3416 4698 τὴν
3443 4629 3611 4700 τιμήν
3637 4646 3710 4681 τε

2125 4719 2218 4771 καὶ
2245 4719 2557 4790 τελειότητα
2581 4759 2596 4782 ,
2629 4721 2722 4774 καὶ
2769 4719 2925 4786 δόξαν
2969 4720 3068 4790 τὴν
3120 4719 3439 4789 ἐπουράνιον
3463 4755 3479 4779 ,
3519 4719 3588 4788 ἢν
3623 4719 3708 4788 μὴ

2125 4800 2270 4876 εἶχεν
2305 4805 2499 4876 ήσὰρξ
2542 4807 2824 4878 ἀπαρχῆς,
2861 4807 3093 4860 ἐνταῦθα
3131 4806 3189 4858 δὲ
3237 4804 3480 4858 λαϐοῦσα
3525 4805 3585 4856 ὲν
3629 4808 3712 4876 τῇ

2127 4895 2416 4949 συνενώσει
2445 4895 2538 4950 τοῦ
2577 4897 2712 4950 Θεοῦ
2739 4898 2932 4966 Λόγου.
2984 4897 3168 4960 Οὕτως
3217 4895 3284 4949 τὰ
3328 4897 3715 4968 προειρημένοι

2125 4988 2265 5048 νόει,
2313 4986 2394 5039 ὅτι
2460 4985 2578 5062 Τὴν
2623 4986 2830 5041 πᾶσαν
2878 4988 3079 5056 κρίσιν
3139 4986 3356 5040 δέδωκε
3410 4983 3492 5050 τῷ
3547 4983 3659 5048 ΥΙῷ
3690 5004 3705 5018 ο

2125 5079 2206 5130 ὅτι
2261 5079 2518 5134 Ἔδωκεν
2554 5079 2712 5145 αὐτῷ
2739 5080 3050 5144 ἐξουσίαν,
3085 5080 3186 5133 ἵνα
3210 5078 3281 5132 ὃν
3309 5077 3474 5134 θέλει
3496 5075 3708 5144 (worn-

2125 5168 2287 5237 νήσῃ
2310 5185 2323 5198 ·
2365 5169 2450 5222 ἵνα
2477 5171 2574 5241 τὴν
2607 5171 2704 5240 μὲν
2733 5169 2953 5240 πρώτην
2993 5169 3164 5241 ἀρχὴν
3196 5168 3343 5242 δείξῃ
3374 5169 3472 5239 τὴν
3509 5166 3708 5220 ἕνωσιν

2125 5259 2226 5328 τῆς
2255 5261 2383 5330 μιᾶς
2411 5260 2680 5331 Θεότητας,
2717 5261 2894 5314 καὶτὸ
2923 5261 2979 5312 ἓν
3013 5261 3220 5331 οέλημα
3251 5261 3341 5314 ἐπὶ
3364 5259 3460 5313 τὸν
3485 5259 3709 5327 Πατέρα

2127 5350 2313 5419 φέρειν
2345 5351 2414 5404 τὰ
2465 5351 2560 5404 ὅλα
2603 5352 2700 5422 τῆς
2736 5352 3076 5421 ἁγαθοσύνης
3099 5391 3120 5416 ,
3152 5352 3246 5403 καὶ
3300 5350 3392 5402 ἐπὶ
3431 5348 3532 5419 τὴν
3574 5351 3709 5417 μίαν

2127 5441 2301 5512 ἀρχὴν
2329 5442 2420 5520 xui
2442 5441 2669 5512 Θεότητα
2699 5443 2806 5494 τῶν
2835 5442 2999 5512 τριῶν
3027 5442 3204 5494 οὐσῶν
3226 5438 3448 5492 τελείων
3466 5439 3702 5491 ὑποστά-

2128 5548 2266 5586 σεων
2295 5571 2311 5598 ,
2373 5535 2503 5604 μιᾶς
2549 5535 2606 5587 δὲ
2663 5534 2947 5606 θεότητος,
2979 5533 3212 5606 Πατρὸς,
3260 5533 3353 5586 καί
3406 5531 3559 5593 Tini,
3610 5530 3708 5583 καὶ

2189 5706 2347 5766 "Gcn
2397 5727 2511 5780 vni,
2547 5711 2596 5766 I.
2699 5713 2720 5745 '
2753 5710 2946 5767 Matth.
2982 5728 3114 5779 xvu,
3145 5712 3168 5766 ί
3211 5725 3333 5780 sqq.
3415 5703 3612 5764 'Joall-
3641 5719 3705 5772 νο

2699 5713 2720 5745 ⁸
2753 5710 2946 5767 Matth.
2982 5728 3114 5779 xvu,
3145 5712 3168 5766 ί
3211 5725 3333 5782 sqq.
