3994 6226
224 446 382 505 .555

874 436 1241 495 ADVERSUS
1303 428 1647 491 HA‘ZR'ESES
1703 429 1876 485 LlB.T

2000 428 2167 484 'rou.
2210 427 2270 482 ιι.
2314 456 2380 467 -
2443 422 2718 480 tumulas.
2763 421 2923 495 LXIX

3413 424 3522 483 554

278 558 433 627 ἁγίου
469 556 807 628 Πνεύματος,
844 558 936 609 καὶ
976 557 1075 625 τῆς
1126 552 1392 621 ἐνσόιρκου
1440 550 1599 603 πάλιν
1637 564 1842 618 παρου-
1874 598 1876 605 ι

1980 559 2066 603 sse
2104 550 2454 606 monstraret,
2507 556 2628 610 qua:
2670 540 2738 594 ad
2777 539 3071 594 bonitatem
3121 539 3414 608 pertinent,
3454 538 3521 592 ad

283 650 400 712 σίας
431 646 952 719 προσλαμϐανούσης
984 645 1121 717 μετὰ
1175 643 1275 714 τῆς
1321 642 1574 713 θεότητος
1619 641 1718 710 τὴν
1746 637 1852 690 ἀπὸ

282 738 491 810 [ἰατρὸς
552 739 644 792 καὶ
677 737 807 791 Υίοῦ
842 736 1240 809 κεχαρισμένην
1276 734 1411 805 αὐτῇ
1457 731 1550 786 τοῦ
1612 730 1854 801 ἀξιώμα-

281 846 372 893 τος
404 829 614 900 δωρεάν
671 846 729 882 τε
763 829 857 883 καὶ
894 829 1138 893 ἐξουσίαν
1193 827 1287 880 καὶ
1317 824 1624 896 τελειότητα
1658 821 1753 877 καὶ
1776 822 1854 884 είς

286 921 414 991 μίαν
444 920 671 991 θεότητα
701 920 1072 992 πνευματικὴν
1103 920 1414 975 συνένωσιν.

1957 633 2170 688 Patrem
2199 633 2399 705 ipsum,
2430 632 2534 687 hoc
2559 642 2644 687 cst
2677 630 2743 686 ad
2777 646 2942 685 unum
2976 630 3299 701 principium
3333 645 3522 683 unam—

1957 742 2063 797 que
2088 725 2425 781 divinitatem
2448 725 2652 780 retulit.
2682 722 2817 777 Cum
2842 723 2985 778 enim
3011 729 3120 778 tres
3144 722 3393 793 perfecte
3417 725 3526 778 sint

1957 819 2299 891 hypostases,
2336 832 2442 872 una
2481 824 2660 871 tamen
2688 814 2943 869 divinitas
2966 821 3069 877 est,
3102 812 3277 870 Patris
3306 821 3358 868 et
3405 813 3527 868 Filii

1958 920 2013 968 et
2044 910 2283 982 Spiritus
2309 909 2506 967 sancti.
2536 908 2785 963 Hominis
2808 922 2972 977 porro
2999 921 3029 961 a
3062 906 3241 960 Verbo
3272 914 3529 975 suscepta

285 1022 475 1066 natura
508 1028 614 1066 una
662 1028 786 1067 cum
815 1012 1094 1067 divinitate
1128 1024 1357 1067 summa:
1404 1008 1684 1080 dignitatis
1712 1022 1741 1061 a
1789 1004 1952 1059 Patre
1988 1002 2228 1073 Filioque
2264 1002 2609 1065 beneﬁcium,
2646 1015 2857 1056 necnon
2896 1007 2949 1053 et
2978 1004 3300 1068 potestatem
3350 997 3529 1069 peric-

286 1104 629 1171 ttionemque
664 1117 727 1157 ac
759 1103 1058 1171 spiritalem
1098 1102 1153 1156 in
1182 1117 1345 1156 unam
1380 1100 1718 1155 divinitatem
1754 1096 2198 1165 coniunctionem
2234 1094 2464 1164 accepit.
3272 1082 3277 1087 ’
3374 1102 3379 1113 ‘

360 1193 479 1247 06'.
513 1194 624 1246 Καὶ
657 1192 800 1262 μάλα
830 1193 980 1263 μόλις
1014 1192 1374 1264 διεδράσαμεν
1393 1193 1454 1244 τὸ
1478 1189 1858 1244 δυσθαλάττιον

284 1284 443 1338 τοῦτο
475 1283 673 1355 χωρίον
698 1324 713 1348 ,
764 1284 859 1336 καὶ
888 1285 989 1356 τὴν
1038 1285 1217 1338 πᾶσαν
1254 1283 1456 1355 ταύτην
1495 1281 1856 1354 θηριοϐολίαν,

284 1374 451 1445 ἄγρια
496 1392 557 1428 τε
609 1376 864 1446 κυμάτων
895 1375 1263 1448 κυρτώματα,
1304 1376 1612 1446 ἀφρισμοὺς
1660 1375 1716 1428 δὲ
1767 1375 1862 1428 καὶ

288 1467 480 1529 σάλους
512 1466 746 1528 δεινούς’
794 1466 921 1537 βέλη
974 1483 1032 1520 τε
1064 1465 1322 1519 ἐναντίων
1364 1467 1459 1519 καὶ
1487 1465 1713 1536 θυρεοὺς
1764 1481 1865 1517 κα-

286 1556 656 1621 τακαύσαντες
703 1557 843 1612 κατὰ
892 1556 983 1610 τὸν
1028 1555 1189 1628 ὀρθὸν
1237 1555 1493 1627 λογισμὸν
1525 1558 1582 1610 ἐν
1630 1554 1858 1624 διανοίᾳ,

288 1647 417 1713 τόξα
473 1662 534 1700 τε
589 1646 697 1701 τῶν
756 1648 824 1701 δι’
880 1647 1129 1710 ἐναντίας
1178 1647 1619 1709 κατακλάσαντες
1658 1645 1750 1698 ἐπὶ
1802 1644 1862 1697 τὸ

286 1735 519 1807 ἑρπετὸν
544 1734 701 1789 τοῦτο
727 1736 788 1789 τὸ
819 1736 1191 1806 πολυκέφαλον
1233 1737 1395 1810 ὕδρας
1424 1738 1671 1808 ἄμορφον
1696 1737 1864 1791 κατά-

293 1844 496 1899 στημα,
533 1827 787 1891 λαϐόντες
813 1829 876 1880 ἐκ
901 1827 1036 1881 Θεοῦ
1075 1828 1173 1899 τὴν
1211 1828 1437 1899 δύναμιν
1489 1828 1584 1882 καὶ
1634 1828 1733 1900 τὴν
1770 1828 1869 1898 χά-

293 1929 379 1982 ριν
402 1913 452 1964 οί
483 1913 746 1976 άνίκανοι,
770 1912 932 1976 ὥστε,
965 1915 1022 1967 ὲν
1044 1914 1162 1985 Θεῷ
1191 1915 1529 1985 ἰσχύσαντες,
1563 1916 1661 1986 τὴν
1697 1915 1866 1968 ἐπινί-

293 2017 412 2054 κιον
432 2000 577 2071 ᾄδειν
607 2002 785 2073 φωνὴν
810 2002 1072 2071 λέγουσαν
1093 2021 1106 2034 ο
1129 2004 1402 2074 ’ᾼσωμεν
1424 2003 1504 2070 τῷ
1520 2005 1712 2073 Κυρίῳ
1729 2020 1742 2033 ·
1768 2004 1866 2057 ὲν-

290 2091 482 2157 δόξως
508 2092 616 2162 γὰρ
634 2076 988 2158 δεδόξασται
1013 2111 1028 2126 ·
1057 2095 1245 2148 ἵππον
1264 2096 1361 2148 καί
1392 2094 1698 2162 ἀναϐάτην
1726 2095 1872 2163 wi-

290 2185 413 2251 ψεν
438 2185 526 2247 είς
561 2182 882 2239 θάλασσαν
902 2202 915 2215 ⁸
950 2186 1043 2239 καὶ
1078 2185 1467 2256 συντρίψαντες
1502 2185 1599 2257 τὴν
1628 2187 1869 2257 κεφαλὴν

292 2272 387 2325 τοῦ
438 2272 727 2344 δράκοντος
769 2274 953 2328 ὲπάνω
995 2275 1088 2329 τοῦ
1128 2274 1356 2341 ὕδατος,
1389 2275 1483 2330 τοῦ
1518 2272 1731 2347 ἡσύχως
1769 2294 1870 2331 που

292 2362 587 2434 ρευομένου
613 2401 629 2427 ,
678 2358 741 2417 οὗ
774 2364 876 2417 οὐκ
912 2364 1181 2435 ἠθέλησαν
1228 2365 1326 2437 τὴν
1381 2368 1614 2436 μετοχὴν
1670 2368 1717 2420 οἱ
1763 2367 1868 2421 νέοι

296 2454 438 2524 μετὰ
480 2454 747 2508 Ἰουδαίων
803 2455 1163 2527 κληρονομίαν
1196 2458 1555 2528 κεκτημένοι·
1608 2457 1744 2529 πρὸς
1777 2457 1871 2521 οὒς

293 2544 712 2613 ἀποτεινόμενος
743 2546 771 2597 ό
800 2547 1083 2617 προφήτης
1117 2546 1270 2616 ἔλεγε
1292 2562 1306 2576 °
1340 2547 1444 2600 Διὰ
1472 2547 1639 2616 τὸμὴ
1675 2548 1873 2602 θέλειν

294 2631 454 2701 ὑμᾶς
483 2632 639 2700 ὕδωρ
682 2635 788 2688 τοῦ
825 2635 1063 2705 Σιλωὰμ
1098 2636 1163 2690 τὸ
1205 2638 1611 2706 πορευόμενον
1640 2637 1870 2708 ἡσυχῆ,

294 2721 461 2775 ma
494 2722 826 2786 βούλεσθαι
876 2724 1040 2794 ἔχειν
1066 2725 1222 2795 ὑμᾶς
1248 2725 1355 2780 τόν
1392 2727 1737 2782 Ῥιιαονσὼεινἰ
1765 2730 1877 2782 τὸν

302 2812 562 2866 Βασιλέα
626 2813 724 2866 καί
756 2813 863 2867 τὸν
904 2814 1127 2883 Ταϐεὴλ
1180 2815 1315 2870 υἱὸν
1365 2817 1685 2885 Ῥομελίου,
1746 2817 1874 2872 ίὸοὺ

294 2900 506 2970 ἐπάτει
531 2903 747 2971 Κύριος
774 2904 866 2973 ἐφ’
895 2904 1052 2974 ὑμᾶς
1091 2906 1162 2959 τὸ
1188 2906 1345 2975 ὕδωρ
1374 2908 1481 2962 τοῦ
1512 2907 1781 2977 ποταμοῦ
1808 2909 1875 2961 τὸ

297 2992 561 3060 ίσχυρόν
584 3034 600 3058 ,
631 2994 739 3048 τὸν
771 2995 1037 3059 ,βασιλέα
1066 2991 1212 3050 ιτῶν
1270 2998 1628 3066 Ἀσσυρίων,
1678 2998 1771 3053 καὶ
1809 3002 1877 3053 τὰ

302 3082 472 3153 ἑξῆς.ι
495 3083 685 3154 Ἡμεῖς
725 3085 781 3138 δὲ
804 3125 818 3150 ,
858 3086 1112 3151 λαϐόντες
1143 3089 1205 3141 ἐν
1237 3088 1427 3159 Κυρίῳ
1469 3088 1570 3160 τὴν
1602 3088 1875 3160 βοήθειαν,

305 3173 405 3226 καὶ
448 3172 508 3226 τὸ
558 3174 666 3228 ἀπὸ
699 3176 959 3247 ἀληθινῆς
998 3180 1196 3250 σαρκὸς
1242 3180 1465 3251 πτύσμα
1506 3182 1600 3235 ἐπὶ
1641 3183 1738 3253 τῆς
1773 3183 1877 3253 γῆς

264 3270 265 3273 “
306 3264 676 3335 βεϐλημένον,
714 3268 807 3321 καὶ
848 3267 908 3321 τὺ
964 3269 1102 3339 μετὰ
1147 3272 1461 3339 πτύσματος
1508 3273 1735 3345 φύραμα
1783 3275 1877 3327 τοῦ

301 3355 481 3427 πηλοῦ
513 3359 571 3410 ἐν
596 3361 706 3423 τοῖς
731 3359 1025 3432 ὀφθαλμοῖς
1058 3362 1214 3433 ἡμῶν
1240 3365 1667 3435 κεχαραγμένον,
1708 3366 1795 3419 ἵνα
1831 3366 1886 3419 οἵ

302 3459 440 3498 ποτε
468 3447 526 3499 ὲν
554 3448 749 3519 ἀγνοίᾳ
785 3448 880 3503 νῦν
912 3448 1011 3519 τὴν
1052 3451 1309 3522 ἀλήθειαν
1336 3453 1552 3523 γνῶμεν
1576 3494 1591 3518 ,
1622 3454 1879 3508 ἀπελθόν-

304 3552 404 3599 τες
444 3538 538 3589 καὶ
563 3538 848 3609 νιψάμενοι
881 3542 939 3593 ὲν
971 3540 1049 3611 τῷ
1076 3542 1313 3614 Σιλωὰμ,
1354 3543 1431 3614 τῷ
1451 3545 1884 3615 ἀπεσταλμένοι)

305 3626 753 3699 ὲρμηνευομένῳ,
786 3630 1063 3683 τουτέστιν
1090 3633 1147 3684 ὲν
1177 3634 1242 3702 τῇ
1287 3632 1536 3704 ἐνσάρκῳ
1592 3634 1882 3704 παρουσία,

306 3716 407 3769 καὶ
439 3717 498 3768 ἐν
548 3716 758 3787 θεότητι
785 3718 1116 3788 τελειότητος
1142 3762 1156 3784 ,
1201 3722 1294 3774 καὶ
1326 3721 1509 3775 λοιπὸν
1561 3724 1883 3792 ἑωρακότες,

304 3805 491 3859 οὐκέτι
522 3800 829 3878 ἀρνούμεθα
856 3810 946 3863 τὸν
972 3810 1194 3881 Κύριον,
1228 3812 1274 3864 εί
1304 3813 1397 3865 καὶ
1426 3813 1885 3882 ἀποσυναγώγους

305 3896 460 3965 ἡμᾶς
494 3899 792 3968 ποιήσωσιν
820 3901 868 3952 οί
915 3901 1014 3972 τῆς
1059 3902 1266 3974 Ἀρείου
1325 3903 1557 3976 φατρίας
1607 3906 1701 3958 καὶ
1752 3907 1880 3959 Ἴου·

303 3987 475 4039 δαίων
497 3989 741 4060 διάδοχοι
782 3991 1004 4045 Ἐθεντο
1033 3992 1140 4065 γὰρ
1170 3993 1264 4048 καὶ
1301 3989 1443 4048 οὗτοι
1463 4034 1478 4057 ,
1510 3994 1759 4067 καθάπερ
1791 3998 1887 4049 κά-

306 4079 500 4143 κεῖνοι,
545 4078 722 4132 πάντα
757 4080 847 4133 τὸν
873 4081 1234 4151 ὁμολογοῦντα
1268 4083 1356 4135 τὸν
1403 4083 1604 4154 Κύριον
1649 4086 1887 4138 ἀποσυν-

305 4167 529 4236 άγωγον
558 4168 733 4223 αὐτῶν
756 4171 1027 4238 γενέσθαι·
1056 4171 1142 4226 ἵνα
1165 4171 1375 4237 δείξωσι
1401 4172 1491 4225 τὸν
1517 4172 1888 4242 ἀναϐλέψαντα

308 4258 535 4327 ἔλεγχον
561 4260 823 4327 γεγονότα
849 4261 957 4313 τῶν
990 4261 1419 4316 ἀϐλεπτούντων.
1455 4265 1518 4317 Ei
1547 4266 1621 4336 μὴ
1671 4266 1780 4337 γὰρ
1820 4264 1887 4337 ἦν

306 4350 350 4417 ἠ
381 4350 670 4421 συναγωγὴ
697 4350 873 4403 αὐτῶν
896 4351 1069 4423 τυφλὴ
1093 4352 1188 4423 ὅλη
1210 4391 1224 4415 ,
1255 4354 1355 4406 οὐκ
1384 4353 1453 4406 ἂν
1478 4348 1538 4407 οὗ
1566 4356 1889 4428 ἠνοίχθησαν

305 4439 365 4491 οἱ
394 4438 660 4509 ὀφθαλμοὶ
699 4442 1075 4497 άποσύνακτον
1114 4444 1350 4500 ἐποίουν.
1396 4446 1889 4519 Εύχαριστήσωμεν

306 4530 495 4584 τοίνυν
522 4531 600 4601 τῷ
641 4532 849 4603 Κυρίῳ,
880 4533 961 4586 ὅτι
1006 4534 1099 4599 καὶ
1139 4534 1533 4607 ἀνεϐλέψαμεν,
1563 4538 1656 4591 καὶ
1703 4539 1886 4608 ὁμολο-

310 4621 523 4692 γοῦμεν
549 4622 642 4675 τὸν
673 4623 894 4694 Κύριον,
922 4624 1015 4676 καὶ
1045 4624 1489 4696 ὲθεραπεύσαμεν
1514 4626 1583 4680 τὰ
1609 4628 1726 4698 σίνη
1746 4667 1761 4693 ,
1794 4629 1888 4684 ἐὰν

312 4712 508 4765 καὶτὸ
561 4713 721 4784 ἔργον
758 4714 863 4767 τῶν
925 4716 1153 4769 ἐντολῶν
1186 4717 1350 4770 αὐτοῦ
1412 4718 1741 4790 πράξωμεν·
1797 4723 1891 4776 καὶ

311 4807 776 4876 κατεπατήσαμεν
793 4805 884 4859 τὸν
901 4807 1046 4876 ὅφιν,
1069 4808 1163 4861 καὶ
1189 4809 1479 4880 συνετρίψα
1487 4828 1586 4881 μεν
1600 4813 1697 4883 τὴν
1720 4831 1888 4883 κεφα-

310 4895 415 4965 λὴν
461 4896 552 4947 τοῦ
602 4897 891 4965 δράκοντος
926 4900 983 4951 ὲν
1015 4902 1081 4971 τῇ
1132 4900 1225 4953 τοῦ
1262 4901 1395 4953 Θεοῦ
1440 4902 1702 4972 δυνάμειν
1752 4898 1795 4972 ᾧ
1853 4908 1886 4976 ἡ

307 4986 444 5050 δόξα
463 5025 477 5048 ,
505 4987 666 5058 τιμὴ,
716 4990 946 5059 κράτος,
980 4992 1155 5061 Πατρὶ
1186 4994 1242 5044 ἐν
1268 4991 1382 5062 Υἰῷ
1401 5034 1414 5053 ,
1450 4992 1563 5062 Υἱῷ
1600 4997 1659 5047 ἐν
1691 4996 1887 5067 Πατρὶ,

314 5079 418 5131 σὺν
467 5078 606 5148 ἁγίῳ
648 5078 921 5151 Πνεύματι
964 5084 1044 5146 εἰς
1088 5084 1211 5145 τοὺς
1261 5084 1461 5147 αἰῶνας
1508 5085 1617 5139 τῶν
1658 5086 1885 5140 αἰώνων.

326 5170 389 5221 Ἀ
398 5172 527 5241 μήν.

388 5355 828 5424 Καταλείψαντες
848 5355 903 5408 δὲ
924 5355 1019 5426 τὴν
1046 5372 1281 5427 νενεκρω
1290 5356 1456 5427 μένην
1471 5356 1673 5426 ταύτην
1703 5356 1887 5428 ὕδραν,

308 5445 418 5515 τὴν
449 5446 821 5514 ἐπακὲφαλον
850 5446 943 5499 καὶ
974 5446 1308 5516 πολύσχιδον,
1350 5447 1441 5499 ἐπὶ
1484 5447 1581 5509 τὰς
1615 5445 1739 5515 ἑξῆς
1762 5464 1889 5499 συν-

310 5536 465 5607 ήθως
494 5538 881 5607 προέλθωμεν,
932 5538 1242 5607 ἀγαπητοὶ,
1282 5536 1413 5589 Θεὸν
1448 5538 1541 5590 τὸν
1578 5539 1665 5591 ἀεὶ
1698 5537 1891 5608 βοηθὸν

308 5628 735 5696 ἐπικαλούμενοι
781 5629 877 5700 τὴν
927 5630 1095 5699 αὐτὴν
1147 5628 1302 5699 ἡμῶν
1340 5629 1663 5698 ποιήσασθαι
1694 5629 1890 5699 ἐπιμέ-

1919 4584 1963 4638 D

2029 1184 2266 1240 LXXIX.
2321 1184 2427 1241 Sed
2456 1185 2569 1254 jam
2597 1184 2774 1239 locum
2814 1184 2959 1238 hunc
3007 1182 3335 1238 diﬂicillimis
3366 1183 3533 1239 maris

1960 1276 2379 1347 tempestatibus
2408 1276 2690 1342 infestum,
2722 1284 2884 1347 atque
2909 1291 3124 1331 omnem
3162 1276 3306 1330 illam
3341 1277 3533 1331 veneni

1964 1366 2070 1419 vim
2134 1365 2250 1420 sive
2285 1367 2466 1435 potius
2526 1372 2799 1422 tumentes
2845 1380 2908 1420 ac
2950 1365 3281 1435 proccllosos
3338 1363 3534 1419 ﬂuctus

1962 1465 2017 1513 et
2053 1472 2344 1527 spumosos
2384 1457 2654 1511 undarum
2690 1456 2928 1512 vortices
2968 1464 3022 1511 et
3048 1456 3374 1525 jactationes
3405 1455 3536 1509 hor-

1964 1546 2163 1599 rendas
2194 1560 2335 1615 aegre
2369 1545 2659 1599 admodum
2692 1545 2986 1600 evasimus.
3033 1543 3168 1599 Nam
3206 1552 3261 1599 et
3298 1544 3534 1600 hostium

1963 1636 2067 1691 tela
2097 1642 2359 1705 scutaque
2388 1643 2535 1691 recta
2577 1635 2788 1689 ratione
2811 1651 2874 1690 ac
2904 1642 3085 1691 mente
3113 1633 3252 1695 freti,
3284 1635 3535 1689 combus—

1966 1724 2160 1789 simus,
2193 1732 2247 1780 et
2275 1724 2493 1779 illorum
2526 1740 2688 1780 arcus
2721 1725 3082 1796 inii-egimus;
3122 1740 3185 1780 ac
3216 1732 3422 1778 tantam
3454 1724 3539 1779 di-

1965 1814 2167 1869 vinitus
2207 1814 2315 1868 vim
2355 1822 2409 1869 et
2434 1815 2686 1885 gratiam,
2718 1815 2845 1871 licet
2883 1815 3251 1881 immerentes,
3306 1815 3372 1871 ad
3406 1815 3535 1870 illud

1896 1901 1938 1956 Β
1967 1911 2269 1959 monstrum
2293 1904 2542 1975 pluribus
2566 1906 2837 1976 capitibus
2858 1907 3226 1977 turpissimam
3267 1907 3333 1961 ad
3356 1908 3541 1979 hydra:

1969 1996 2377 2054 similitudinem
2436 1998 2723 2069 praeditum
2780 1998 3176 2054 conficiendum
3233 2000 3539 2063 hausimus,

1970 2096 2030 2140 ut
2056 2085 2247 2142 eodem
2294 2088 2476 2143 divina
2506 2104 2608 2158 ope
2631 2090 2777 2143 victo
2799 2104 2862 2144 ac
2887 2088 3187 2160 proﬂigato,
3217 2090 3544 2159 triumphale

1970 2177 2103 2231 illud
2138 2193 2355 2233 carmen
2385 2180 2633 2235 accinere
2660 2180 2965 2249 possimus:
2991 2179 3273 2235 Cantemus
3296 2180 3541 2244 Domino,

1969 2266 2194 2335 gloriose
2228 2269 2366 2321 enim
2401 2269 2766 2338 magniﬁcatus
2795 2278 2893 2334 est,
2926 2286 3113 2340 equum
3142 2279 3191 2324 et
3219 2286 3544 2324 ascensorem

1971 2357 2156 2427 dejecit
2180 2361 2235 2412 in
2255 2375 2399 2413 mare
2413 2369 2451 2412 ι.
2487 2358 2663 2431 Caput
2690 2360 2854 2431 igitur
2879 2361 3134 2417 draconis
3162 2376 3324 2431 supra
3349 2376 3543 2431 aquam

1972 2449 2117 2502 illam
2170 2450 2551 2515 contrivimus,
2606 2467 2727 2520 qua:
2768 2451 2979 2521 placide
3016 2453 3235 2517 labitur,
3284 2453 3547 2523 cujusque

1974 2542 2099 2594 novi
2128 2542 2206 2595 illi
2236 2551 2360 2612 post
2387 2541 2603 2597 Judazos
2632 2542 2964 2598 haereditatis
2994 2559 3341 2613 possessores
3370 2544 3544 2613 parti-

1974 2631 2123 2702 cipcs
2154 2648 2276 2688 esse
2305 2634 2626 2689 noluerunt:
2668 2643 2857 2689 contra
2892 2649 3030 2705 quos
3061 2634 3322 2705 propheta
3351 2636 3431 2690 sic
3461 2636 3537 2689 in-

1974 2722 2190 2777 vehitur
2216 2743 2227 2778 :
2250 2722 2513 2790 Quoniam
2543 2724 2789 2779 noiuistis
2817 2742 3009 2795 aquam
3032 2724 3326 2795 $2109,un
3359 2726 3543 2779 leuiter

1974 2815 2161 2877 currit,
2203 2815 2291 2867 sed
2339 2814 2603 2869 maluistis
2636 2814 2770 2869 Rase
2816 2832 3006 2886 regem,
3054 2825 3103 2869 et
3146 2816 3331 2870 Tabeel
3367 2817 3539 2885 ﬁlium

1976 2902 2244 2967 Romeiiw,
2279 2919 2392 2957 ecce
2419 2904 2660 2957 immittet
2693 2904 2948 2957 Dominus
2977 2905 3032 2956 in
3063 2921 3148 2958 vos
3178 2921 3369 2974 aquam
3392 2906 3539 2972 ﬂuvii

1976 2994 2279 3060 violentam,
2302 3010 2469 3064 regem
2496 2995 2835 3064 Assyriorum
2852 2995 2896 3062 ³,
2918 3004 3023 3051 etc.
3054 2994 3164 3050 Nos
3187 3004 3368 3050 autem
3392 3011 3546 3065 opem

1980 3100 2009 3138 a
2046 3076 2275 3141 Domino
2322 3088 2623 3149 consecuti,
2677 3087 2779 3141 hoc
2817 3095 2901 3142 est
2934 3096 3153 3157 sputum
3186 3086 3319 3142 illud
3360 3101 3391 3141 a
3425 3102 3547 3142 vera

1982 3191 2144 3232 carne
2186 3178 2239 3231 in
2290 3186 2491 3231 terram
2519 3178 2803 3241 emissum,
2851 3185 2905 3233 et
2935 3178 3106 3232 lutum
3138 3193 3203 3232 ex
3247 3177 3339 3231 illo
3391 3186 3552 3248 sputo

1984 3267 2232 3322 factum‘
2273 3276 2435 3339 atque
2498 3269 2670 3323 oculis
2719 3269 2924 3325 nostris
2972 3269 3191 3333 illitum,
3240 3280 3297 3323 ut
3344 3270 3439 3341 qui
3494 3270 3551 3324 in

1984 3375 2194 3415 summa
2216 3360 2344 3414 olim
2367 3360 2671 3432 ignorantia
2694 3359 3068 3423 versabamur,
3086 3360 3369 3416 veritatem
3390 3361 3553 3415 modo

1984 3451 2369 3521 pcreipiamus,
2417 3452 2701 3517 abeuntes,
2742 3461 2795 3505 et
2838 3451 2891 3505 in
2923 3451 3067 3505 Siloe
3092 3450 3242 3521 quod
3286 3453 3554 3521 interpre-

1984 3551 2129 3596 tatur
2152 3544 2394 3608 missus',
2422 3543 2522 3597 hoc
2549 3551 2652 3604 est,
2683 3544 2737 3596 in
2769 3543 3007 3597 humana
3038 3542 3238 3597 Christi
3271 3553 3461 3597 natura
3488 3558 3552 3599 ac

1984 3634 2264 3689 divinitate
2301 3634 2538 3706 perfecta
2579 3636 2691 3699 loti,
2725 3643 3046 3705 recuperato
3088 3635 3230 3701 visu,
3263 3633 3551 3690 Dominum

1986 3740 2325 3794 nequaquam
2372 3725 2603 3794 amplius
2647 3728 3004 3796 abnegamus,
3043 3726 3292 3796 quamvis
3332 3724 3402 3779 ab
3440 3726 3559 3784 Arii

1985 3814 2220 3870 factione
2262 3823 2317 3869 ct
2354 3811 2663 3869 Iudaeorum
2739 3815 3152 3871 successoribus
3191 3815 3261 3870 ab
3301 3815 3557 3869 omnibus

1991 3903 2277 3980 synagogis
2314 3904 2759 3958 exterminemur.
2826 3904 3104 3973 Siquidem
3136 3911 3189 3958 et
3223 3903 3313 3957 isti
3339 3903 3555 3975 illorum

1986 3994 2163 4050 instar
2186 3994 2566 4057 decreverunt,
2608 4001 2700 4059 ut,
2735 3992 2827 4063 qui
2866 3992 3150 4046 Dominum
3185 3991 3554 4055 conﬁteretur.

1987 4084 2056 4138 ab
2084 4083 2323 4153 ipsorum
2352 4081 2714 4137 conventibus
2740 4082 2903 4151 807
2934 4080 3368 4145 exeluderctur‘,
3400 4089 3460 4134 ut
3488 4080 3557 4135 ab

1987 4188 2072 4237 co,
2127 4173 2215 4227 cui
2262 4172 2414 4227 visus
2458 4172 2747 4227 restitutus
2800 4170 2997 4233 fuerat,
3031 4170 3167 4224 nihil
3205 4170 3451 4225 videntes
3500 4185 3560 4225 se

1989 4262 2240 4317 convinci
2300 4274 2363 4315 ac
2392 4260 2641 4330 redargui
2678 4267 3061 4315 monstrarent.
3099 4258 3309 4316 Etenim
3346 4261 3448 4317 nisi
3475 4269 3561 4315 ιο⁸
3644 4277 3653 4283 ·

1989 4363 2104 4409 tum
2138 4354 2351 4407 illorum
2376 4355 2813 4409 conventiculum
2848 4362 3176 4408 excaecatum
3206 4362 3373 4418 esset,
3416 4370 3560 4409 nun-

1991 4459 2154 4514 quam
2200 4445 2374 4510 illum,
2428 4446 2587 4515 cujus
2639 4445 2810 4516 aperti
2857 4444 3070 4500 fuerant
3100 4444 3267 4509 oculi,
3315 4445 3385 4500 ab
3409 4447 3561 4501 omni

1990 4537 2376 4592 communione
2424 4536 2847 4607 proscriberent.
2903 4536 3138 4608 Agendae
3182 4535 3411 4607 proinde
3454 4535 3562 4613 Do-

1991 4630 2141 4684 mino
2181 4629 2366 4699 gratia:
2396 4636 2545 4693 sunt,
2581 4628 2726 4697 quod
2755 4637 2810 4684 et
2835 4627 3050 4682 videndi
3084 4643 3305 4683 sensum
3340 4642 3564 4698 recupe-

1988 4718 2249 4785 ravimus,
2281 4726 2335 4772 et
2371 4719 2515 4773 hunc
2557 4719 2737 4788 ipsum
2769 4718 3097 4772 conﬁtemur
3131 4725 3298 4787 atque
3355 4716 3564 4772 incom-

1989 4810 2167 4866 modis
2212 4810 2468 4867 omnibus
2508 4811 2809 4867 remedium
2850 4809 3232 4872 adhibuimus,
3285 4809 3334 4864 si
3381 4816 3561 4862 tarum

1991 4902 2272 4971 praeceptis
2303 4900 2449 4956 illius
2476 4915 2680 4955 morem
2712 4914 2988 4971 geramus,
3015 4909 3069 4954 et
3098 4906 3405 4968 serpentem
3434 4913 3561 4969 pro-

1990 4994 2344 5055 culravimus,
2379 4993 2633 5047 draconis
2667 5000 2832 5062 caput
2857 4992 2948 5048 Dei
2975 5006 3078 5063 ope
3109 5006 3174 5046 ac
3207 4992 3405 5045 virtute
3439 5005 3564 5059 pro-

1992 5084 2266 5139 trivimus.
2326 5084 2426 5138 Cui
2470 5085 2663 5154 gloria,
2712 5085 2909 5148 honor,
2964 5084 3270 5153 imperium,
3312 5080 3459 5134 Patri
3506 5080 3559 5133 in

1995 5170 2153 5237 Filio,
2190 5173 2324 5227 Filio
2358 5172 2413 5226 in
2448 5172 2626 5238 Patre,
2662 5187 2784 5228 cum
2819 5173 3022 5243 Spiritu
3056 5181 3245 5227 sancto
3274 5169 3331 5223 in
3363 5168 3562 5224 secula

1996 5263 2340 5317 saeculorum.
2380 5266 2573 5318 Amen.

2062 5352 2214 5409 Nunc
2265 5354 2333 5408 ab
2400 5354 2504 5408 hac
2570 5362 2853 5425 septenum
2901 5353 3137 5425 capitum
3172 5363 3237 5403 ac
3275 5346 3561 5417 multiplici

1993 5443 2086 5499 sed
2112 5453 2322 5500 mortua
2343 5446 2456 5515 jam
2474 5445 2644 5517 hydra
2672 5444 2924 5516 digressi,
2946 5443 3184 5511 reliquas
3213 5438 3280 5493 ad
3302 5438 3560 5500 haereses.

1991 5552 2026 5591 ο
2055 5537 2392 5601 charissimi,
2428 5545 2793 5592 transeamus.
2825 5533 2929 5588 Sed
2964 5532 3057 5588 Dei
3098 5533 3153 5585 in
3182 5529 3371 5601 primis
3408 5528 3564 5583 auxi-

1996 5630 2126 5683 lium
2194 5629 2568 5701 imploremus,
2620 5633 2680 5681 ut
2726 5624 2969 5680 eamdem
3022 5622 3181 5679 nobis
3234 5623 3427 5694 iisque,
3471 5620 3563 5691 qui

400 5798 423 5834 ¹
462 5800 585 5857 Scr.
623 5801 862 5858 Ῥαασίν.
939 5804 958 5833 ²
991 5803 1277 5869 Emi-xv,
1315 5802 1366 5858 Ι.
1445 5803 1464 5835 ³
1498 5804 1600 5858 lsa.
1636 5818 1749 5870 vm,
1781 5803 1832 5867 6,

2003 5805 2021 5834 ⁸
2046 5802 2205 5860 Joan.
2244 5820 2320 5873 ix,
2346 5804 2399 5858 6.
2484 5803 2656 5860 'ibid.
2693 5803 2741 5855 7‘.
2820 5801 2839 5832 ⁸
2886 5799 3019 5855 ibid.
3053 5797 3143 5853 22.
