3994 6226
473 471 584 530 555
1884 467 1941 524 S.
1981 465 2050 522 El

2171 467 2323 524 lANll
3637 479 3748 534 δῖε

479 589 620 643 hanc
657 593 901 641 nostram
925 581 1361 640 lucubrationcm
1407 581 1584 653 legere
1633 582 1927 647 voluerint,
1947 598 2054 638 cu-

2158 587 2305 641 λειαν
2325 630 2339 654 ,
2374 589 2468 644 καὶ
2497 594 2602 646 τῶν
2646 590 2985 662 βουλομένων
3022 591 3196 664 τούτῳ
3237 592 3316 666 τῷ
3349 595 3624 664 πονήματι
3655 597 3718 650 ὲν

478 695 592 734 ram
619 692 684 731 ac
709 675 1104 748 providentiam
1144 673 1437 738 adhibeat,
1468 682 1525 728 ut
1561 681 1616 729 et
1651 673 1743 744 qui
1776 674 2051 729 morsibus

2165 682 2444 754 τυγχάνειν
2474 724 2491 750 ,
2544 683 2625 747 είς
2680 683 2824 738 ῐασιν
2873 683 2982 737 τῶν
3031 684 3389 756 δεδειγμένων
3427 688 3482 750 ¹,
3528 690 3622 742 καὶ
3659 690 3742 754 εἰς

481 770 698 840 appetiti
759 775 888 824 sunt
930 773 1322 838 persanentur,
1381 773 1436 819 et
1477 766 1570 834 qui
1608 766 1850 820 nondum
1893 765 1949 820 in
1983 765 2052 820 il-

1987 765 2052 820 ῘΙ·
2157 775 2441 847 διόρθωσιν
2467 775 2575 829 τῶν
2610 774 2686 848 μὴ
2714 775 2773 830 ὲν
2801 777 2988 841 κακοῖς
3013 776 3113 849 ἤδη
3148 777 3564 845 ἐξετασθέντων.

476 860 582 916 lam
619 859 984 914 calamitatem
1027 857 1338 923 inciderint,
1377 855 1444 911 ad
1482 871 1600 912 eam
1636 856 1933 912 cavendam
1969 856 2055 912 in-

476 960 780 1008 struantur.

549 1115 564 1138 ³
586 1115 712 1170 Cor.
738 1105 1101 1177 δεδηγμένων.
1137 1105 1206 1159 At
1241 1105 1374 1176 lieg.
1407 1103 1576 1159 τῶνδε
1602 1105 1712 1159 τῶν
1734 1101 2047 1175 δηγμάτων.

3189 1286 3706 1300 ._.__.._.____.

485 1289 3707 1346 www‘

1381 1447 1562 1499 ΤΑΔΕ
1611 1445 1807 1498 ΕΝΕΣ
1815 1445 1886 1496 TI
1924 1443 2053 1496 ΚΑΙ
2103 1442 2206 1495 EN
2255 1442 2340 1512 Ta
2378 1441 2527 1497 apo
2537 1441 2619 1511 rp
2661 1443 2854 1512 τοΜρ

1740 1597 1877 1652 ΤΟΥ
1915 1595 2169 1650 ΤΡΙΤΟΥ
2196 1595 2477 1650 ΒΙΒΛΙΟΥ

478 1762 698 1816 Ἕκτου
734 1759 801 1813 δὲ
840 1756 1015 1820 ὄντος
1041 1756 1224 1827 τόμου
1247 1793 1266 1822 ,
1308 1754 1435 1807 καθ’
1474 1751 1545 1805 ὃν
1583 1750 1831 1821 ἀριθμὸν
1868 1751 2230 1837 προείπομᾳ
2253 1766 2270 1782 ο
2321 1749 2392 1804 ἐν
2429 1742 2478 1817 ᾧ
2528 1751 2686 1805 εἶσιν
2734 1749 2995 1818 αἱρέσεις
3044 1749 3194 1806 ἑπτὰ
3243 1749 3354 1805 σὺν
3426 1749 3553 1818 τοῖς
3599 1750 3741 1820 σχί-

1857 1836 2086 1890 σμασιν
2114 1836 2322 1886 ουτως.

726 2046 898 2118 808
926 2045 1326 2108 INDICULUS
1377 2045 1804 2108 HERESEON
1851 2046 2024 2119 QUAE
2079 2047 2160 2109 IN
2210 2047 2360 2111 HOC
2405 2047 2647 2110 PRIMO
2703 2048 2912 2110 TOMO
2961 2048 3170 2111 LIBRI
3221 2053 3304 2114 ΙΙΙ

1909 2222 2310 2280 οοθιτιμεκτυιι,

480 2368 586 2435 cui
629 2373 720 2431 est
775 2383 851 2429 ex
893 2367 1176 2430 instituto
1221 2371 1539 2429 tomorum
1597 2361 1820 2427 ordine
1874 2363 1974 2434 VI,
2023 2362 2262 2502 inriguo
2314 2361 2591 2427 haereses
2647 2372 2917 2446 septem,
2972 2366 3398 2431 adnumeratis
3447 2375 3509 2432 et
3560 2369 3739 2432 schi-

1946 2458 2125 2502 smai
2173 2459 2268 2502 us.

1946 2458 2268 2504 smauous.

552 2707 909 2763 Audianorum
967 2701 1186 2773 proprie
1235 2700 1473 2755 schisma
1513 2712 1578 2753 ac
1647 2695 1904 2763 defectio,
1943 2711 2052 2752 non
2089 2709 2129 2764 Β

2226 2695 2537 2756 Αὑδιανῶν
2563 2701 2908 2773 ἀφηνιασμὸς
2947 2703 3041 2758 καὶ
3074 2704 3300 2776 σχίσμα,
3325 2705 3392 2758 οὐ
3425 2705 3612 2776 μέντοι
3643 2706 3735 2760 αἰ-

481 2798 706 2857 lmre>is
731 2804 835 2852 est.
867 2795 1071 2850 llorum
1097 2793 1236 2848 bene
1263 2791 1515 2846 instituta
1539 2788 1752 2844 vivendi
1779 2789 1920 2843 ratio
1947 2797 2052 2844 est.

2158 2809 2326 2864 ρεσις.
2358 2787 2516 2848 Οὗτοι
2569 2794 2667 2865 μὲν
2699 2793 2976 2866 διαγωγὴν
3020 2797 3114 2849 καὶ
3156 2796 3270 2868 βίον
3300 2794 3360 2852 εὖ
3399 2797 3735 2869 τεταγμένον

481 2892 588 2948 Sed
621 2905 818 2961 neque,
853 2887 1000 2959 quod
1039 2885 1104 2941 ad
1149 2883 1310 2940 iidem
1346 2883 1560 2945 attinet,
1594 2881 1662 2937 ab
1690 2880 1936 2937 Ecclesia
1963 2894 2056 2934 ca-

2156 2885 2446 2957 κέκτηνται
2469 2902 2485 2918 ο
2519 2887 2628 2941 εἰσὶ
2673 2887 2730 2941 δὲ
2774 2887 2919 2942 κατὰ
2947 2887 3126 2944 πάντα
3150 2889 3248 2960 τὴν
3277 2890 3459 2943 πίστιν
3493 2889 3731 2960 ἔχοντες,

480 2983 679 3038 tholica
724 2979 1076 3036 dissentiunt.
1134 2974 1394 3030 Habitant
1441 2972 1636 3042 majori
1683 2986 1752 3028 ex
1800 2978 1953 3041 parte
1999 2971 2056 3023 in

2158 2975 2232 3039 ὡς
2257 2977 2290 3046 ἡ
2318 2976 2579 3049 καθολικὴ
2616 2977 2932 3049 Ἐκκλησία.
2956 2980 3311 3052 Μοναστήρια
3342 2981 3400 3034 δὲ
3432 2983 3483 3034 οἱ
3515 2980 3735 3043 πλείους

480 3069 846 3128 monasteriis.
865 3064 1203 3139 Apocrypbis
1231 3063 1386 3118 libris
1409 3069 1463 3118 et
1521 3061 1708 3117 multis
1735 3068 1790 3118 et
1813 3058 1882 3114 ad
1913 3059 2057 3115 fasti-

2160 3067 2493 3123 κατοικοῦσι.
2526 3069 2842 3142 Κέχρηνται
2881 3070 2939 3125 δὲ
2982 3072 3077 3126 καὶ
3147 3070 3488 3144 άποκρύφοις
3519 3072 3737 3136 πολλοῖς

481 3163 632 3220 dium
681 3161 998 3216 abutuntur.
1054 3155 1387 3211 Communes
1441 3152 1726 3208 nobiscum
1779 3151 2058 3206 orationes

2159 3161 2496 3232 κατακόρως.
2527 3161 2601 3215 Οὐ
2633 3161 2980 3232 συνεύχονται
3011 3161 3069 3215 δὲ
3105 3163 3237 3233 ἡμῖν
3256 3201 3272 3230 ,
3323 3161 3586 3232 ψέγοντες
3607 3163 3736 3224 τοὺς

481 3265 592 3306 non
622 3249 857 3314 habent;
905 3259 1029 3302 nam
1061 3244 1346 3314 episcopos
1376 3248 1618 3306 nostros,
1652 3255 1864 3295 necnon
1896 3249 1950 3296 et
1974 3241 2058 3294 di-

2157 3253 2288 3323 παρ’
2339 3254 2470 3324 ἡμῖν
2518 3253 2850 3318 ἐπισκόπους
2877 3293 2893 3317 ,
2947 3253 3233 3318 πλουσίους
3259 3293 3274 3319 ,
3336 3254 3430 3307 καὶ
3488 3253 3684 3316 ἄλλους
3717 3269 3733 3284 ·

483 3339 642 3406 vites,
674 3337 915 3406 aliosque
943 3333 1324 3388 condemnant.
1353 3331 1494 3396 Qum
1519 3332 1683 3394 etiam
1716 3327 1927 3384 Pascha
1955 3329 2060 3399 pri-

2160 3343 2293 3399 άλλὰ
2344 3345 2437 3398 καὶ
2478 3344 2568 3399 διὰ
2611 3343 2672 3398 τὸ
2697 3344 2893 3416 Πάσχα
2933 3347 3108 3399 ποιεῖν
3161 3345 3472 3410 ἰδιαζόντως
3497 3386 3514 3413 ,
3550 3346 3640 3399 ὅτε
3677 3345 3737 3398 οι

482 3429 646 3484 vatim
681 3427 868 3482 eodem
899 3439 1008 3495 quo
1037 3421 1208 3476 Judaei
1247 3429 1488 3492 tempore
1517 3420 1817 3476 celebrant.
1881 3421 1977 3478 Est
2005 3431 2059 3478 et

2169 3435 2409 3490 Ἰουδαῖοι
2447 3435 2716 3516 ποιοῦσιν.
2753 3438 2976 3507 Ἔχουσι
3029 3437 3086 3492 δὲ
3130 3437 3224 3492 καὶ
3260 3437 3528 3492 ἰδιωτικόν
3556 3455 3609 3491 τι
3640 3438 3738 3490 καὶ

483 3515 740 3586 quiddam
789 3513 1063 3585 peculiare
1112 3510 1269 3582 ipsis,
1322 3511 1466 3580 quod
1509 3509 1808 3565 defendunt
1847 3525 2059 3567 summa

2158 3529 2479 3598 φιλόνεικον,
2515 3509 2788 3601 ξηρότατα
2825 3530 2888 3584 τὸ
2924 3533 3051 3585 κατ’
3081 3531 3283 3585 εἰκόνα
3313 3530 3735 3601 ἑρμηνεύοντες.

484 3605 847 3662 contentione.
914 3601 1125 3672 Quippe
1159 3599 1302 3670 quod
1335 3599 1403 3653 ad
1459 3600 1740 3671 imaginem
1791 3603 2058 3671 scriptum

483 3708 589 3765 est,
616 3696 806 3752 durius
841 3695 1286 3764 interpretantur.

560 3785 885 3842 Photiniani.
919 3782 1187 3840 Photinus
1214 3783 1316 3838 iste
1344 3780 1548 3837 Sirmio
1575 3781 1840 3838 oriundus
1867 3785 1933 3837 ad
1962 3783 2060 3838 ho-

2229 3789 2625 3842 Φωτεινιανοί.
2677 3774 2843 3851 Οὗτος
2902 3790 2931 3842 ό
2977 3789 3243 3855 Φωτεινδς
3270 3827 3285 3854 ,
3342 3789 3451 3842 ἀπὸ
3506 3789 3737 3860 Σιρμίου

485 3880 736 3935 diernum
775 3891 948 3946 usque
989 3883 1203 3945 tempus
1238 3873 1531 3928 oberrabat
1593 3871 1696 3940 Qui
1721 3874 1936 3944 quidem
1967 3888 2059 3929 ea-

2161 3877 2448 3948 ὑπάρχων,
2477 3877 2560 3932 ἔτι
2604 3879 2698 3932 καὶ
2744 3878 2902 3949 δεῦρο
2953 3881 3306 3951 περιενόστει.
3353 3882 3449 3944 Ὃς
3490 3881 3558 3934 τὰ
3597 3882 3738 3936 αὐτὰ

485 3973 606 4027 dem
637 3984 760 4025 cum
791 3966 960 4023 Paulo
992 3965 1349 4021 Samosateno
1383 3965 1576 4026 sentit.,
1621 3961 1892 4018 Nonnulla
1929 3971 2060 4020 sunt

2160 3968 2354 4039 Παύλῳ
2397 3967 2476 4039 τῷ
2512 3969 2816 4040 Σαμοσατεί
2863 3971 3152 4042 ἐφρόνησε.
3194 3971 3350 4025 Κατά
3394 3988 3447 4024 τι
3498 3971 3557 4024 δὲ
3600 3973 3737 4042 πρὸς

484 4073 687 4126 tamen,
715 4061 777 4116 in
809 4053 1007 4130 quibus
1037 4057 1104 4113 ab
1133 4057 1322 4114 eodem
1349 4053 1599 4112 dissidet.
1648 4053 1795 4111 Idem
1829 4072 1859 4112 e
1887 4056 2058 4113 Maria

2162 4061 2368 4113 ἐκεῖνον
2405 4059 2772 4131 διαφέρονται.
2814 4062 2922 4115 Καὶ
2953 4062 3108 4115 αὐτοὶ
3135 4062 3231 4116 καὶ
3251 4062 3362 4116 ἀπὸ
3391 4063 3612 4132 Μαρίας
3641 4063 3739 4115 καὶ

481 4155 768 4213 Christum
798 4150 1011 4206 initium
1053 4149 1269 4220 penitus
1295 4147 1577 4218 accepisse
1608 4154 1785 4218 putat.

1623 4154 1785 4217 putat.
2158 4145 2318 4218 δεῦρο
2353 4146 2444 4201 τὸν
2478 4148 2709 4218 Χριστὸν
2749 4149 3200 4204 διαϐεϐαιοῦνται.

555 4245 913 4302 Marcelliani.
987 4241 1192 4297 [lorum
1248 4239 1537 4295 Marcellus
1588 4246 1783 4296 auctor
1824 4239 2055 4307 exstitit,

2229 4239 2694 4306 Μίιρκελλιανοί.
2746 4239 2878 4292 Ἀπὸ
2900 4239 3224 4310 Μαρκέλλου
3255 4238 3349 4293 τοῦ
3383 4240 3494 4294 ἀπὸ
3539 4241 3739 4307 ’Δγκύ-

487 4341 715 4410 Ancyrae
758 4337 812 4392 in
854 4335 1064 4391 Galatia
1093 4333 1403 4404 episcopus,
1452 4331 1568 4403 qui,
1610 4345 1736 4387 cum
1774 4330 1930 4385 initio
1960 4345 2060 4402 pro

2163 4345 2260 4400 ρας
2285 4330 2384 4401 τῆς
2417 4330 2704 4394 Γαλατίας.
2726 4324 2916 4396 Οὗτος,
2947 4334 3004 4386 ὲν
3033 4332 3176 4404 ἀρχῇ
3209 4330 3612 4403 παραπλησίως
3633 4331 3739 4382 Σα-

485 4429 796 4482 Sabelliano
819 4423 1093 4480 communi
1124 4421 1266 4476 fama
1299 4420 1583 4477 traductus
1611 4427 1778 4486 esset,
1815 4422 2058 4491 seipsum

2161 4419 2352 4492 δελλίῳ
2411 4423 2684 4492 φρονήσας
2712 4461 2727 4486 ,
2781 4421 3132 4492 διεφημίσθη.
3180 4421 3273 4484 Εἰς
3328 4421 3626 4488 ἀπολογίας
3680 4421 3738 4474 δὲ

483 4520 649 4574 etiam
689 4518 893 4586 scripto
937 4527 1308 4586 saepenumero
1356 4519 1665 4584 purgasset,
1710 4527 1740 4568 a
1786 4512 2060 4584 plerisque

2160 4511 2416 4576 πολλάκις
2471 4513 2641 4567 ἐλθὼν
2678 4553 2693 4578 ,
2738 4514 2832 4566 καὶ
2889 4513 3182 4585 ἐγγράφως
3233 4513 3737 4582 ἀπολογησάμενος,

484 4619 669 4663 tamen
703 4606 969 4662 creditum
1005 4613 1111 4671 est,
1176 4602 1243 4658 ad
1289 4602 1508 4660 easdem
1553 4603 1733 4674 ipsum
1774 4603 2060 4674 opiniones

2159 4604 2311 4676 παρὰ
2367 4604 2577 4659 πολλῶν
2627 4607 2740 4669 τοῖς
2807 4606 2992 4670 αὐτοῖς
3053 4604 3311 4676 ἐμμένειν
3359 4602 3734 4674 κατηγορήθη.

485 4702 874 4757 adhzrrescere.
920 4696 1058 4754 Fieri
1087 4705 1265 4768 potest
1309 4705 1368 4751 ut
1405 4697 1490 4752 vel
1519 4696 1636 4766 ipse
1666 4703 1875 4752 mutata
1931 4711 2057 4754 sen-

2163 4696 2321 4760 ’Ίσως
2369 4695 2428 4750 δὲ
2471 4697 2770 4767 μεταγνοὺς
2803 4697 2945 4768 τάχα
2981 4697 3174 4750 ἑαυτὸν
3206 4694 3587 4767 διωρθώσατο,
3616 4694 3650 4765 ἧ
3686 4693 3736 4745 οε

489 4791 659 4847 tentia
696 4789 968 4843 meliorem
1013 4787 1078 4842 ad
1121 4795 1357 4841 mentem
1393 4800 1516 4842 sese
1561 4785 1921 4850 revocaverit,
1976 4785 2060 4842 vel

2161 4785 2320 4840 αὑτοῦ
2379 4785 2636 4858 μαθηταί.
2710 4787 2880 4859 ’Υπὲρ
2953 4787 3118 4842 αὐτοῦ
3171 4789 3279 4858 γὰρ
3331 4785 3366 4857 ἢ
3425 4786 3565 4856 ὑπὲρ
3625 4785 3738 4837 τῶν

484 4887 608 4953 ejus
639 4879 913 4949 discipuli.
947 4876 1082 4932 Nam
1114 4890 1213 4947 pro
1246 4875 1492 4945 utrisque
1517 4875 1806 4931 orthodoxi
1835 4875 2058 4947 quidam

2158 4876 2324 4931 αὐτοῦ
2365 4877 2620 4949 μαθητῶν
2660 4877 2932 4949 όρθόδοξοί
2967 4895 3112 4942 τινες
3166 4878 3344 4950 μέσως
3389 4875 3734 4948 ὑπεραπελο-

487 4988 609 5030 sese
636 4969 954 5026 defensores
985 4968 1450 5038 interposuerunt.
2157 4971 2371 5039 γοῦντο,

543 5061 882 5120 Semiariani.
897 5059 1172 5115 Christum
1189 5059 1264 5113 illi
1282 5066 1588 5113 creaturam
1605 5073 1726 5115 esse
1742 5059 2057 5127 dicunt,sed

2240 5063 2569 5132 Ἠμιάρειοι.
2610 5064 2672 5118 Οί
2701 5064 2935 5135 Χριστὸν
2959 5063 3058 5134 μὲν
3089 5062 3293 5133 κτίσμα
3321 5059 3734 5132 ὁμολογοῦντες,

484 5151 793 5209 cavillando
810 5160 988 5206 tamen
1007 5157 1205 5220 negant
1218 5165 1286 5204 ea
1297 5159 1535 5204 terarum
1547 5159 1920 5206 creaturarum
1937 5167 2058 5209 esse

2159 5154 2410 5224 εἰρωνείᾳ
2459 5153 2515 5207 δὲ
2548 5155 2753 5224 κτίσμα
2801 5153 2964 5207 αὐτὸν
3007 5155 3340 5224 φάσκοντες,
3378 5151 3493 5204 ἀλλ’
3531 5153 3629 5221 οὐχ
3658 5153 3735 5212 ὡς

485 5246 748 5310 similem;
772 5241 940 5313 809
959 5241 1053 5297 sed
1079 5241 1296 5305 Filium,
1315 5241 1589 5312 inquiunt,
1615 5242 1765 5297 illum
1787 5243 2054 5310 dicimus;

2161 5243 2216 5296 ἓν
2239 5243 2344 5298 τῶν
2371 5245 2710 5315 κτισμάτων·
2742 5245 2908 5309 ἀλλὰ,
2949 5247 3110 5316 φασὶν
3130 5285 3147 5311 ,
3193 5245 3319 5299 Υἱὸν
3347 5244 3577 5314 λέγομεν
3601 5264 3613 5276 θ
3644 5245 3738 5299 διὰ

486 5351 673 5392 verum
705 5349 772 5391 ne
796 5350 861 5390 ex
882 5334 1229 5405 generatione
1257 5333 1374 5402 ipsa
1397 5333 1504 5388 ulla
1529 5333 1583 5387 in
1599 5331 1816 5390 Patrem
1844 5333 2057 5390 aﬂectio

2161 5335 2214 5388 δὲ
2245 5334 2304 5387 τὸ
2334 5335 2408 5406 μὴ
2445 5336 2614 5399 πάθος
2652 5337 2929 5408 προσάψαι
2969 5337 3048 5408 τῷ
3076 5339 3251 5410 Πατρὶ
3287 5338 3375 5393 διὰ
3417 5339 3512 5392 τοῦ
3548 5353 3738 5404 γεγεν-

489 5429 781 5492 derivetur,
821 5426 1073 5482 eumdem
1112 5435 1352 5481 creatum
1391 5425 1730 5482 conﬁtemur.
1798 5425 1964 5496 [idem
1998 5437 2053 5484 et

2161 5396 2408 5494 vnxévat,
2437 5396 2653 5478 κτιστδν
2683 5396 3124 5498 ἀιτδέλετυρω.
3176 5396 3447 5492 ’ὸσαύτως
3484 5396 3580 5481 καί
3607 5396 3738 5494 περὶ

489 5517 750 5587 Spiritum
779 5525 1027 5572 sanctum
1048 5518 1270 5573 omnino
1291 5525 1596 5573 creaturam
1617 5532 1740 5574 esse
1764 5519 2049 5587 deﬁniunt;

2163 5516 2253 5569 τοῦ
2275 5516 2414 5569 Πνεύ
2424 5534 2592 5588 ματος
2624 5517 2718 5570 τοῦ
2761 5518 2916 5586 ἁγίου
2937 5558 2952 5582 ,
2979 5520 3183 5592 κτίσμα
3230 5518 3506 5581 παντελῶς
3528 5516 3740 5586 ὁρίζον-

489 5622 721 5676 cumque
766 5606 1066 5676 ὁμοούσιον,
1115 5607 1167 5662 id
1197 5615 1278 5662 est
1320 5606 1844 5671 consubstantialem,
1896 5623 2057 5678 repu-

2164 5623 2281 5671 ται,
2336 5606 2806 5676 παρεκὸάλλοντες
2840 5608 2968 5661 Υίοῦ
3021 5607 3087 5662 τὸ
3139 5609 3496 5678 ὀμοούσιον,
3550 5609 3741 5673 ὁμοιο-

490 5697 657 5760 dient,
697 5698 1047 5769 ὁμοιοούσιον,
1077 5701 1178 5754 hoc
1213 5707 1296 5756 est
1323 5699 1628 5755 substantia
1667 5699 1922 5765 similem,
1958 5701 2056 5754 ad-

2165 5701 2372 5753 οὐσιον
2401 5700 2457 5752 δὲ
2483 5699 2696 5754 θέλουσι
2723 5700 2922 5768 λέγειν.
2959 5701 3137 5756 Ἄλλοι
3183 5701 3240 5756 δὲ
3265 5699 3324 5766 ἐξ
3349 5699 3526 5755 αὐτῶν
3555 5695 3652 5751 καὶ
3677 5694 3742 5747 τὺ

491 5784 732 5842 mittunt.
779 5787 948 5858 ,Quod
993 5790 1169 5861 ipsum
1207 5798 1408 5869 tamen
1441 5787 1664 5869 quidam
1704 5803 1771 5845 ex
1822 5789 1931 5846 illis
1973 5805 2058 5847 rc-

1336 5805 1408 5869 ιιι.
1441 5787 1664 5869 quidam
1704 5803 1771 5845 ex
1822 5789 1931 5846 illis
1973 5805 2058 5847 rc-
2159 5792 2495 5861 όμοιοούσιον
2525 5792 2913 5866 παρεξὲὁαλον.

489 5883 712 5946 spuunt.

1133 5984 1313 6003 ..ι-υ.βά
1329 5979 1381 6003 ιλ(
