3994 6226
283 252 415 311 537.

1311 256 1678 315 ADVERSUS
1706 258 2046 317 "IERESES
2074 260 2202 317 LIB.
2242 261 2339 316 Ill.
2373 260 2538 318 TOM.
2579 260 2617 314 l.

3444 261 3555 320 558

364 367 878 439 Πνευματομάχοι.
915 365 1073 426 Οὗτοι
1111 374 1239 445 περὶ
1270 374 1370 447 μὲν
1410 377 1646 447 Χριστοῦ
1694 378 1873 443 καλῶς

2053 381 2549 437 Pneumatomachi.
2581 378 2655 433 De
2692 375 2912 434 Christo
2964 376 3054 435 isti
3095 393 3202 434 non
3243 378 3385 433 male
3429 394 3552 433 Sen-

285 468 496 532 έχουσι,
543 459 605 513 τὸ
642 460 869 531 Πνεῦμα
904 462 966 515 τὸ
1012 463 1166 530 ἆγιον
1211 465 1613 537 βλασφημοῦσι,
1655 468 1874 521 κτιστὸν

2006 473 2157 541 iunt;
2209 475 2304 531 sed
2354 474 2409 528 in
2464 470 2727 542 Spiritum
2760 477 3011 527 sanctum
3063 469 3428 525 contumelias
3462 469 3549 539 ja-

288 550 428 605 αὐτὸ
464 550 794 627 ὁριζόμενοι,
825 552 919 605 καὶ
950 553 1049 606 ούκ
1077 553 1136 608 ὃν
1164 556 1226 608 ἐκ
1248 557 1346 626 τῆς
1380 556 1651 629 θεότητος,
1678 558 1874 629 μᾶλλον

2006 567 2167 630 :iunt,
2227 579 2351 621 cum
2385 572 2441 621 et
2483 569 2727 619 creatum
2758 568 3092 625 asseverant,
3126 570 3179 615 et
3208 575 3238 615 a
3269 560 3557 615 divinitate

289 642 349 695 δὲ
384 644 843 715 καταχρηστικῶς
871 644 960 698 διὰ
988 647 1270 718 ἐνέργειαν
1292 650 1597 714 κεκτίσθαι,
1622 653 1876 722 ἁγιαστι-

2006 654 2264 724 ejiciant:
2299 655 2409 711 imo
2440 668 2569 711 vero
2595 651 2859 709 abusione
2884 652 3118 722 quadam
3152 651 3305 707 vocis
3331 657 3557 723 propter

292 734 401 805 κὴν
431 736 562 788 αὐτὸ
590 735 820 807 δύναμιν
842 736 1141 807 φάσκοντες
1168 736 1306 795 εἶναι
1343 742 1522 812 μόνον.

384 937 689 1005 ‘Asptaroi.
741 932 908 1003 Οὗτος
958 939 1167 1012 ’Λέριος
1207 941 1313 995 ἀπὸ
1370 943 1571 997 Πόντου
1622 944 1877 1015 ὁρμᾶται.

301 1030 426 1082 Ἔτι
487 1028 543 1081 δὲ
587 1028 748 1101 δεῦρο
808 1031 1055 1103 περίεστι
1093 1034 1399 1104 πειρασμὸς
1458 1034 1535 1103 τῷ
1578 1034 1695 1106 βίῳ.
1744 1037 1884 1106 Πρε-

299 1120 566 1192 σϐύτερος
615 1113 772 1184 οὗτος
801 1116 869 1193 ἦν
902 1122 996 1175 τοῦ
1037 1124 1335 1177 ἐπισκόπου
1364 1125 1462 1178 τοῦ
1488 1126 1784 1181 Εύσταθίου
1825 1129 1883 1180 ἐν

314 1213 611 1283 Ἀρειανοῖς
653 1212 1033 1284 διαϐληθέντος
1057 1231 1071 1245 ·
1118 1215 1212 1267 καὶ
1259 1217 1446 1288 ἐπειδὴ
1482 1218 1642 1281 αὐτὸς
1679 1219 1885 1291 ’Λέριος

301 1306 365 1357 ού
388 1303 695 1374 κατεστάθη
732 1304 1048 1373 ἐπίσκοπος,
1081 1305 1252 1359 πολλὰ
1275 1308 1415 1361 κατὰ
1434 1309 1531 1379 τῆς
1562 1308 1885 1381 Ἐκκλησίας

302 1394 649 1465 ἐδογμάτισε,
679 1398 744 1466 τῆ
776 1396 874 1465 μὲν
906 1396 1085 1450 πίστει
1111 1396 1186 1450 ὢν
1234 1398 1507 1468 Ἀρειανὸς
1530 1400 1883 1467 τελειότατος,

303 1487 687 1558 περιττότερον
745 1487 799 1539 δὲ
852 1487 1188 1558 δογματίζει.
1251 1492 1343 1561 Μὴ
1389 1490 1496 1546 δεῖν
1550 1510 1680 1563 φησι
1730 1511 1889 1565 προσ-

305 1579 494 1650 φέρειν
526 1580 665 1649 ὑπὲρ
725 1578 835 1633 τῶν
888 1582 1429 1653 προκεκοιμημένων.
1494 1583 1791 1654 Νηστεύειν
1833 1584 1891 1638 δὲ

304 1670 542 1741 τετράδα
593 1670 689 1723 καὶ
736 1671 1115 1742 προσάϐϐατον
1148 1673 1241 1725 καὶ
1293 1673 1744 1747 Τεσσαρακοστὴν
1799 1677 1891 1730 καὶ

307 1764 505 1833 Πάσχα
552 1762 749 1816 κωλύει
770 1778 783 1791 '
813 1762 1113 1828 ἀποταξίαν
1164 1765 1449 1837 κηρύσσει.
1483 1767 1890 1838 Σαρκοφαγίαις

306 1852 366 1906 δὲ
399 1852 677 1915 παντοίαις
706 1853 969 1925 κέχρηται
1008 1854 1101 1907 καὶ
1124 1857 1356 1925 τρυφαῖς
1383 1856 1575 1920 ἀδεῶς.
1609 1858 1670 1910 Εἰ
1713 1858 1770 1911 δέ
1808 1875 1892 1921 τις

308 1944 422 1997 τῶν
476 1943 639 1997 αὐτοῦ
691 1944 931 2014 βούλοιτο
982 1945 1285 2017 νηστεύειν.
1330 1947 1405 2019 μὴ
1440 1949 1497 2001 ἐν
1542 1950 1775 2021 ἡμέραις
1807 1967 1895 2004 τε·-

310 2035 617 2105 ταγμέναις
654 2036 839 2106 φησὶν,
889 2036 1003 2090 ἀλλ’
1042 2039 1130 2090 ὅτε
1172 2036 1439 2107 βούλεται.
1484 2040 1557 2093 Οὐ
1584 2040 1691 2112 γὰρ
1715 2036 1761 2093 εἶ
1790 2040 1896 2094 ὑπὸ

310 2125 500 2195 νόμον.
535 2126 736 2179 Φάσκει
764 2127 820 2180 δέ
843 2128 979 2198 μηδὲ
1011 2122 1147 2181 εἶναι
1176 2127 1575 2202 διαφορώτερον
1599 2131 1897 2184 ἐπίσκοπον

312 2215 715 2287 πρεσϐυτέρου.

403 2416 702 2471 Ἂετιανοί.
750 2418 813 2470 Ui
852 2417 959 2471 ἀπὸ
998 2418 1204 2471 Ἀετίου
1236 2416 1328 2471 τοῦ
1378 2416 1620 2480 Κίλικος,
1654 2416 1899 2470 διακόνου

314 2506 614 2577 γενομένου
646 2507 750 2560 ὑπὸ
774 2508 813 2560 Γ
816 2508 1047 2579 εωργίου
1078 2508 1170 2562 τοῦ
1203 2507 1311 2562 τῶν
1349 2507 1641 2579 Ἀρειανῶν
1680 2507 1901 2561 ἐπισκό-

317 2615 425 2652 που
450 2599 549 2669 τῆς
590 2598 1019 2670 Ἀλεξανδρείας,
1044 2601 1093 2653 οἱ
1126 2601 1217 2654 καὶ
1255 2600 1522 2670 Ἀνόμοιοι
1555 2599 1899 2671 καλούμενοι,

318 2687 477 2759 παρά
534 2705 643 2741 τισι
695 2688 750 2741 δὲ
786 2688 1107 2758 Εύνομιανοὶ
1142 2688 1208 2740 δι’
1256 2688 1518 2758 Εὐνόμιόν
1566 2704 1687 2742 τινα
1730 2687 1905 2758 μαθη-

319 2778 421 2849 τὴν
450 2778 543 2831 τοῦ
599 2778 803 2831 Ἀετίου
843 2779 1130 2849 γενόμενον
1156 2778 1235 2833 ἔτι
1271 2780 1553 2851 περιόντα.
1584 2780 1690 2832 Σὺν
1723 2779 1904 2841 αὐτοῖς

320 2867 379 2920 δὲ
406 2862 472 2937 ἦν
498 2866 590 2920 καὶ
618 2866 864 2931 Εύδόξιος
888 2884 900 2897 ·
930 2867 1065 2921 ἀλλὰ
1093 2868 1252 2939 δῆθεν
1288 2867 1376 2922 διὰ
1398 2868 1488 2921 τὸν
1520 2868 1658 2940 πρὸς
1682 2867 1772 2921 τὸν
1808 2866 1905 2937 βα-

326 2958 480 3012 σιλέα
512 2958 603 3012 τὸν
655 2959 1029 3013 Κωνστάντιον
1062 2960 1223 3029 φόϐον
1271 2959 1546 3031 ἀφώρισεν
1576 2960 1786 3023 ἑαυτὸν,
1812 2960 1906 3012 καὶ

1981 745 2253 800 actionem
2297 746 2472 816 ipsam
2530 751 2774 799 creatum
2831 758 2952 798 esse
3008 741 3231 809 dicant;
3273 757 3374 798 nec
3406 741 3555 797 aliud

1981 850 2103 891 esse
2132 834 2452 906 quidquam.
2488 842 2686 907 praeter
2717 835 2823 886 vim
2862 832 3265 888 sanetiﬁcandi.

1966 1002 1971 1007 ,
2054 947 2296 1001 Aeriani.
2321 945 2518 1001 Acrius
2538 960 2567 1001 e
2585 943 2757 999 Ponto
2783 943 3052 999 oriundus
3074 943 3345 1014 hodieque
3363 958 3556 1014 magna

1985 1036 2211 1091 humani
2244 1036 2463 1107 generis
2507 1034 2823 1089 calamitate
2862 1039 3131 1103 superest.
3181 1031 3384 1088 Fuerat
3429 1033 3559 1091 olim

1986 1126 2256 1182 Eustathii
2304 1126 2544 1198 episCOpi
2571 1140 2603 1193 ,λ
2621 1124 2713 1196 qui
2743 1124 2931 1178 Ariani
2961 1124 3167 1180 erroris
3207 1124 3560 1179 insimulatus

1986 1225 2111 1282 est,
2148 1218 2461 1289 presbyter;
2517 1216 2609 1287 qui
2649 1216 2795 1286 quod
2833 1216 3127 1286 episcopus
3179 1224 3398 1272 creatus
3452 1231 3563 1271 non

1986 1316 2153 1370 esset,
2172 1308 2341 1363 multa
2361 1307 2624 1364 adversus
2648 1308 2972 1363 catholicam
2991 1306 3286 1363 Ecclesiam
3311 1308 3564 1377 dogmata

1989 1406 2337 1455 commentus
2362 1407 2468 1466 est,
2500 1414 2586 1466 ac,
2624 1399 2770 1470 quod
2800 1398 2868 1454 ad
2898 1397 3058 1454 ﬁdem
3102 1399 3319 1463 attinet,
3347 1414 3565 1469 germa-

1990 1507 2097 1548 nus
2118 1492 2232 1547 Arii
2257 1499 2494 1547 sectator
2526 1500 2629 1548 est.
2662 1490 2768 1547 Sed
2798 1491 3035 1562 amplius
3065 1490 3323 1560 quiddam
3348 1490 3569 1562 proﬁte-

1991 1590 2116 1639 tur:
2151 1583 2455 1639 oblationes
2500 1597 2599 1653 pro
2649 1582 2883 1637 mortuis
2938 1598 3045 1637 non
3076 1597 3196 1638 esse
3248 1582 3568 1651 faciendas;

1990 1674 2201 1745 jejunia
2258 1681 2467 1745 quartae
2501 1673 2648 1729 feriae
2672 1714 2686 1739 ,
2727 1683 2780 1728 et
2818 1673 3149 1730 Parasceves
3172 1714 3188 1740 ,
3218 1688 3283 1729 ac
3320 1673 3571 1741 Quadra-

1995 1765 2261 1835 gesimaa,
2322 1780 2539 1820 necnon
2588 1773 2644 1819 et
2695 1763 2981 1820 Paschatis
3037 1765 3348 1831 interdicit;
3383 1779 3569 1820 rerum

1993 1855 2236 1911 omnium
2272 1856 2734 1911 renuntiationem
2766 1855 3058 1926 praedicat;
3088 1857 3334 1911 carnium
3370 1872 3433 1911 ac
3476 1855 3573 1912 de—

1994 1947 2246 2002 liciarum
2294 1948 2363 2002 ad
2402 1948 2569 2002 vitam
2621 1961 2783 2001 omne
2820 1961 2992 2017 genus
3039 1946 3278 2002 adhibet.
3319 1946 3473 2013 Quod
3523 1945 3572 2003 si

1996 2037 2122 2109 quis
2172 2043 2501 2092 sectatorum
2550 2050 2776 2091 suorum
2827 2035 3077 2105 jejunare
3124 2036 3288 2099 velit,
3334 2035 3574 2091 deﬁnitis

1997 2130 2101 2185 hoc
2134 2130 2327 2185 diebus
2373 2129 2553 2183 facere
2587 2127 2878 2198 prohibet,
2915 2127 3010 2183 sed
3065 2128 3282 2196 quando
3329 2127 3571 2183 libuerit.

1997 2219 2185 2291 Neque
2214 2220 2381 2287 enim,
2412 2219 2613 2290 inquit,
2644 2218 2749 2289 legi
2795 2218 3075 2288 subjectus
3118 2234 3198 2274 es.
3243 2217 3574 2289 Episcopum

2000 2311 2159 2367 docet
2188 2311 2361 2366 nihilo
2400 2310 2835 2381 praestantiorem
2868 2325 2989 2365 esse
3021 2310 3363 2381 presbytero.

2072 2423 2303 2477 Aetiam’.
2352 2420 2527 2493 liuius
2559 2421 2784 2477 haeresis
2830 2421 3022 2477 Aetius
3071 2423 3291 2492 quidam
3326 2424 3579 2478 inventor

2001 2514 2241 2579 exstitit,
2273 2502 2693 2582 genere‘Cilix,
2744 2512 2836 2581 qui
2897 2526 2928 2565 a
2963 2510 3195 2583 Georgio
3243 2512 3574 2568 Arianorum

2002 2603 2260 2674 episc0po
2296 2601 2564 2656 diaconus
2612 2599 2899 2673 ordinatus
2964 2608 3068 2654 est.
3122 2602 3413 2656 Anomtnos
3456 2599 3579 2653 illos

2004 2694 2316 2764 appellant;
2342 2691 2455 2746 alii
2486 2689 2856 2746 Eunomianos
2879 2728 2895 2753 ,
2943 2690 3013 2745 ab
3047 2689 3313 2745 Eunomio
3342 2688 3577 2759 quodam

2005 2784 2146 2839 Aetii
2185 2782 2477 2853 discipulo,
2509 2781 2603 2852 qui
2629 2781 2733 2837 hoc
2760 2791 3002 2851 tempore
3035 2788 3306 2850 superest.
3348 2778 3603 2849 Earum:

2007 2874 2131 2928 dem
2162 2872 2398 2944 partium
2426 2882 2545 2928 erat
2570 2881 2622 2927 et
2651 2870 2929 2926 Eudoxius
2958 2888 2973 2936 ;
3004 2869 3102 2927 sed
3128 2870 3437 2925 Constantii
3475 2870 3577 2922 im-

2008 2965 2278 3035 peratoris
2304 2971 2451 3019 metu
2481 2965 2549 3018 ab
2578 2962 2687 3019 illis
2729 2977 2790 3018 se
2824 2976 3117 3033 segregans
3144 2959 3364 3016 Aetium
3403 2960 3581 3015 solum

327 3050 532 3121 μᾶλλον
577 3049 666 3102 τὸν
717 3050 920 3103 Ἀέτιον
975 3048 1253 3121 ἐξώρισεν.
1290 3051 1509 3119 Ἔμεινε
1554 3050 1610 3103 δὲ
1659 3052 1903 3117 Εὑδόξιος

2010 3056 2238 3127 relegari
2287 3071 2483 3126 passus
2511 3062 2628 3118 est,
2663 3069 2975 3126 quanquam
3018 3055 3071 3108 in
3094 3054 3301 3113 Ariano
3332 3053 3583 3123 dogmate

325 3144 673 3214 ἀρειανίζων,
734 3143 793 3196 ού
840 3142 1020 3213 μέντοι
1063 3160 1126 3211 γε
1170 3142 1310 3196 κατὰ
1352 3142 1444 3195 τὸν
1488 3143 1709 3196 Ἀέτιον.
1748 3135 1908 3196 Οὗτοι

340 3229 629 3297 Ἀνόμοιοι,
689 3229 737 3281 oi
791 3229 885 3282 κα)⁵
932 3228 1214 3293 Ἀετιανοὶ,
1251 3230 1299 3282 οἳ
1336 3230 1649 3284 παντάπασι
1682 3230 1910 3302 Χριστὸν

328 3320 427 3374 καὶ
457 3319 517 3371 τὸ
556 3318 707 3387 ἆγιον
746 3317 974 3389 Πνεῦμα
1025 3320 1446 3391 ἀπαλλοτριοῦσι
1494 3319 1653 3387 Θεοῦ,
1698 3322 1911 3375 κτιστὸν

327 3410 490 3465 αὑτὸν
520 3410 1002 3482 διαϐεϐαιούμενοι,
1028 3412 1121 3466 καὶ
1149 3413 1268 3466 ούδέ
1296 3412 1586 3483 ὁμοιότητά
1613 3430 1736 3467 τινα
1768 3414 1913 3485 ἔχειν

327 3504 602 3573 λέγουσιν.
641 3506 736 3558 Ἐκ
780 3504 1152 3576 συλλογισμῶν
1178 3505 1288 3577 γὰρ
1330 3506 1422 3558 καὶ
1467 3505 1911 3577 Ἀριστοτελικῶν

329 3596 429 3651 καὶ
458 3595 847 3667 γεωμετρικῶν
873 3597 961 3649 τὸν
1000 3597 1131 3650 Θεὸν
1182 3597 1452 3667 παριστᾷν
1486 3596 1784 3667 βούλονται,
1820 3599 1915 3651 καὶ

330 3686 565 3758 Χριστὸν
587 3687 745 3755 δῆθεν
776 3687 850 3758 μὴ
888 3686 1146 3741 δύνασθαι
1182 3682 1320 3740 εἶναι
1363 3690 1428 3741 ἐκ
1449 3688 1582 3741 Θεοῦ
1617 3689 1704 3743 διὰ
1740 3688 1915 3742 τοιού-

331 3794 463 3831 των.
492 3778 553 3829 Οί
591 3775 646 3828 δὲ
677 3776 772 3829 ἀπ’
795 3774 961 3830 αὐτοῦ
1004 3777 1324 3847 Εύνομιανοὶ
1366 3779 1380 3808 ¹
1432 3777 1755 3849 καλούμενοι
1788 3781 1918 3834 ἀνα-

332 3866 657 3930 ϐαπτίζουσι
689 3866 895 3930 πάντας
920 3869 1045 3931 τοὺς
1075 3868 1210 3939 πρὸς
1247 3869 1443 3932 αὐτοὺς
1478 3870 1825 3942 ἐρχομένους,
1855 3872 1916 3926 ού

230 4010 233 4011 ,
337 3958 502 4030 μόνον
531 3961 575 4020 ²,
610 3956 743 4011 ἀλλὰ
772 3959 1013 4021 καὶτοὺς
1035 3958 1143 4012 ἀπὸ
1178 3958 1489 4029 Ἀρειανῶν,
1521 3960 1661 4014 κατὰ
1676 3961 1919 4031 κεφαλῆς

334 4050 451 4103 ἄνω
494 4050 621 4113 τοὺς
661 4049 826 4113 πόδας
881 4049 1203 4121 στρέφοντες
1236 4049 1343 4103 τῶν
1377 4048 1807 4121 βαπτιζομένων,
1844 4053 1920 4117 ὡς

335 4140 507 4204 πολὺς
546 4140 729 4212 ᾄδεται
766 4140 941 4210 λόγος.
982 4141 1054 4194 Τὸ
1085 4140 1141 4193 δὲ
1169 4139 1435 4211 σφαλῆναι
1473 4140 1531 4193 ἐν
1564 4159 1667 4195 τινι
1694 4143 1921 4214 πορνείᾳ

336 4230 370 4301 ἢ
401 4231 563 4302 ἑτέρα
589 4232 835 4303 ἁμαρτίᾳ
869 4232 1019 4286 οὐδὲν
1043 4226 1182 4285 εἷναί
1223 4248 1385 4301 φασιν
1405 4248 1419 4263 °
1447 4231 1599 4285 οὐδὲν
1632 4231 1741 4304 γὰρ
1772 4235 1922 4304 ζητεῖ

336 4321 472 4383 Θεὸς
502 4322 637 4375 ἀλλὰ
670 4322 731 4376 τὸ
760 4318 899 4378 εἶναι
926 4325 985 4377 ἐν
1014 4323 1187 4397 ταύτῃ
1223 4324 1360 4395 μόνῃ
1398 4324 1464 4395 τῇ
1495 4322 1676 4378 αὐτῶν
1705 4326 1922 4397 νομιζο-

337 4414 483 4485 μένῃ
510 4416 713 4469 πίστει.

411 4522 582 4583 Αῦταί
628 4529 689 4582 τέ
744 4526 881 4583 εἰσιν
934 4529 1136 4600 ὁμοίως
1179 4532 1273 4585 καὶ
1312 4532 1406 4585 τοῦ
1449 4532 1633 4604 τρίτου
1688 4530 1916 4603 βιϐλίου,

338 4617 504 4672 ἕκτου
530 4618 588 4674 δέ
614 4618 764 4684 δντος
801 4618 971 4690 τόμον
1004 4620 1145 4674 κατὰ
1172 4619 1269 4692 τὴν
1310 4620 1655 4690 ἀκολουθίαν,
1678 4621 1925 4692 αἱρέσεις

338 4709 505 4765 ἑπτά.

417 4970 437 5005 ί
470 4970 529 5026 In
571 4969 707 5046 Reg.
750 4974 1083 5044 Εύγενιανοι.
1166 4976 1187 5008 ⁸
1216 4974 1375 5033 Deest
1399 4974 1736 5049 ὁρθοδόξους.

2010 3148 2418 3219 perseveravit,
2475 3146 2571 3201 sed
2630 3146 2846 3201 Aetium
2909 3144 3133 3200 minime
3193 3152 3414 3201 secutus
3477 3151 3579 3199 est.

2010 3237 2183 3293 Porro
2210 3238 2480 3303 Anonymi,
2515 3238 2629 3294 sive
2658 3236 2871 3293 Aetiani
2906 3236 3206 3301 Christum,
3238 3244 3292 3291 et
3321 3235 3584 3306 Spiritum

2012 3339 2263 3388 sanetum
2299 3345 2328 3384 a
2371 3328 2483 3385 Deo
2526 3329 2774 3385 funditus
2816 3328 3053 3383 alienum
3090 3343 3213 3384 esse
3266 3327 3585 3399 praedicant,

2014 3435 2153 3488 quos
2180 3427 2395 3475 creatos
2424 3433 2548 3473 esse
2572 3458 2588 3481 ,
2620 3433 2797 3487 neque
2820 3416 3119 3487 quidquam
3150 3416 3351 3472 habere
3392 3416 3590 3471 simili-

2013 3509 2220 3566 tudinis
2278 3517 2555 3566 asserunt.
2604 3508 2813 3578 Quippe
2869 3507 3200 3579 syllogismis
3257 3506 3587 3578 quibusdam

2013 3600 2379 3658 Aristotelicis
2408 3615 2473 3655 ac
2518 3599 2866 3671 geometricis
2890 3597 2985 3653 Dei
3032 3606 3286 3653 naturam
3314 3597 3590 3668 explicare

2015 3691 2278 3757 student;
2317 3690 2619 3761 iisdemque
2657 3690 2887 3761 probare
2915 3688 3199 3745 Christum
3232 3704 3264 3743 a
3306 3687 3422 3745 Deo
3454 3684 3601 3742 oriri

2014 3785 2181 3856 810
2215 3799 2323 3839 non
2364 3799 2544 3854 posse.
2573 3782 2899 3837 Eunomiani
2932 3796 3064 3836 vero
3098 3781 3167 3837 ab
3199 3780 3320 3851 ipso
3351 3777 3583 3850 profecti

2016 3880 2208 3932 omnes
2233 3915 2249 3941 ,
2286 3876 2379 3946 'qui
2411 3877 2476 3931 ad
2510 3876 2812 3932 seveniunt
2835 3916 2850 3941 ,
2895 3876 3091 3932 iterato
3123 3874 3404 3944 baptizant
3428 3913 3444 3939 ,
3480 3886 3589 3926 non

2016 3963 2330 4020 Catholicos
2359 3964 2567 4030 solum,
2600 3963 2692 4018 sed
2729 3963 2813 4018 vel
2855 3962 3089 4018 Arianos
3118 3962 3309 4031 ipsos;
3338 3958 3503 4029 idque
3526 3971 3593 4013 eo

2018 4056 2181 4111 modo
2207 4095 2223 4120 ,
2278 4062 2338 4109 ut
2376 4055 2605 4126 pedibus
2658 4055 2712 4111 in
2750 4056 2951 4110 coelum
2988 4053 3270 4110 conversis
3320 4053 3378 4106 in
3429 4057 3595 4121 eaput

2021 4146 2145 4202 illos
2178 4146 2480 4218 intingant,
2509 4147 2655 4216 quod
2701 4146 2769 4202 de
2802 4146 2912 4201 illis
2940 4143 3271 4215 percrebuit.
3307 4141 3592 4211 Stuprum,

2022 4241 2115 4287 aut
2141 4232 2288 4288 aliud
2336 4233 2617 4304 quodlibet
2661 4241 2944 4303 peccatum
2980 4231 3117 4286 nihil
3148 4246 3271 4287 esse
3300 4229 3589 4296 dictitant;

2023 4341 2199 4396 neque
2226 4325 2371 4380 enim
2415 4325 2585 4380 Deum
2615 4324 2761 4379 aliud
2801 4338 3047 4393 quaerere
3070 4362 3086 4387 ,
3117 4336 3281 4393 quam
3332 4327 3394 4375 ut
3438 4322 3492 4375 in
3526 4334 3593 4376 ea

1951 4408 2001 4470 D
2025 4415 2159 4476 sola.
2191 4431 2353 4485 quam
2394 4416 2497 4487 ipsi
2526 4416 2847 4487 praedicant,
2886 4415 2989 4471 ﬁde
3019 4420 3417 4485 perseveretur.

2095 4527 2190 4584 liae
2224 4538 2352 4585 sunt
2386 4529 2620 4596 haereses
2670 4529 2775 4584 illa:
2821 4536 3028 4599 septem
3056 4569 3072 4598 ,
3099 4541 3239 4600 quas
3278 4534 3466 4585 sextus
3493 4523 3598 4581 iste

2025 4619 2153 4677 libri
2193 4620 2339 4676 tertii
2371 4630 2555 4679 tomus
2592 4620 2993 4694 complectitur.
