3994 6226
425 465 718 474 ﬁmus.-
726 461 1699 474 mw—

1754 237 1808 292 S.
1851 237 2189 293 ΕΡΙΡΙΙΑΝΙΙ

924 604 1306 700 ΤΟΜΟΣ
1370 610 1809 697 ΠΡΩΤΟΣ
1884 609 2111 696 ΤΟΥ
2182 610 2580 697 ΤΡΙΤΟΥ
2658 608 3121 701 ΒΙΒΛΙΟΥ.

1458 931 1786 1019 unm
1870 918 2012 1045 tu
2092 929 2500 1023 TOMUS
2577 932 2655 1018 ι.

577 1235 739 1306 811
769 1231 855 1286 DE
896 1229 1284 1286 SCHISMATE
1313 1227 1790 1296 AUDIANORUM,

721 1346 853 1413 Qua:
882 1355 957 1398 est
991 1344 1205 1399 hmreu‘s
1245 1342 1308 1411 L,
1337 1344 1443 1397 sive
1475 1342 1636 1398 LXX.

475 1459 796 1523 LAudiani,
826 1459 941 1513 sive
974 1440 1188 1521 Odiaui,
1210 1456 1266 1511 in
1298 1463 1500 1512 emtum
1525 1456 1811 1527 quemdam
1841 1472 1973 1512 con-

405 1560 733 1622 ventumque
766 1548 1000 1613 collecti,
1034 1549 1091 1603 in
1140 1548 1489 1604 monasteriis
1530 1548 1777 1602 habitant
1817 1556 1871 1603 et
1905 1548 1973 1604 ab

406 1643 684 1696 hominum
715 1640 1113 1696 consuetudine
1134 1627 1398 1709 separati,
1431 1641 1626 1709 partim
1649 1640 1703 1694 in
1723 1640 1974 1696 solitudi-

404 1735 588 1798 nibus,
617 1734 813 1804 partim
840 1747 1007 1802 prope
1041 1731 1237 1802 oppida
1262 1771 1276 1795 ,
1312 1739 1403 1785 aut
1434 1732 1486 1785 in
1514 1732 1844 1787 suburbanis
1882 1732 1974 1787 de-

404 1836 536 1895 gunt
558 1842 571 1891 ;
597 1833 692 1879 aut
720 1824 1036 1895 ubicunque
1068 1824 1382 1878 mansiones
1405 1838 1533 1879 suas
1579 1826 1693 1879 sive
1725 1824 1973 1879 cumobia

405 1914 745 1968 collocarint.
791 1912 965 1983 Hujus
1012 1922 1172 1967 sectae
1203 1912 1453 1966 conditor
1503 1912 1604 1966 fuit
1632 1913 1842 1968 Audius
1871 1912 1975 1968 sub

410 2007 516 2060 Arii
568 2015 809 2075 tempora
835 2044 849 2069 ,
881 2003 1102 2074 quando
1132 2004 1395 2060 adversus
1423 2004 1568 2058 hunc
1597 2004 1827 2059 collecta
1859 2003 1976 2074 epi-

403 2113 695 2167 scoporum
732 2096 975 2168 synodus
1001 2104 1105 2159 est,
1147 2110 1176 2149 a
1199 2096 1399 2165 quibus
1429 2103 1513 2150 est
1543 2096 1632 2150 ille
1662 2096 1974 2151 damnatus.

406 2189 527 2245 Sed
561 2189 772 2244 Audius
808 2203 840 2243 e
888 2186 1276 2257 MeSOpotamia
1303 2187 1573 2243 oriundus
1618 2186 1762 2241 domi
1792 2187 1975 2241 clarus

405 2286 459 2338 in
510 2283 706 2353 primis
737 2282 839 2336 fuit
866 2322 881 2346 ,
921 2288 1139 2351 propter
1171 2286 1225 2335 et
1249 2279 1375 2334 vitae
1406 2278 1773 2351 integritatem
1803 2288 1856 2333 et
1888 2278 1975 2333 di-

404 2377 543 2430 vinae
577 2374 700 2430 lidei
735 2375 912 2428 zelum
948 2381 1003 2427 et
1041 2371 1314 2426 ardorem.
1366 2369 1620 2437 Quicum
1660 2384 1804 2439 saepe
1834 2384 1977 2425 nou-

404 2467 552 2521 mdla
580 2465 807 2530 videret,
838 2477 958 2534 quae
979 2463 1033 2516 in
1075 2461 1337 2517 Ecclesiis
1374 2475 1657 2531 perperam
1688 2468 1973 2531 geruntur,

2209 1250 2369 1304 ΠΕΡΙ
2389 1248 2526 1303 ΤΟΥ
2554 1246 2944 1302 ΣΧΙΣΜΔΤΟΣ
2981 1250 3115 1302 ΤΩΝ
3143 1250 3510 1319 ΑΥΔΙΔΝΩΝ,

2369 1357 2780 1425 Πεντηκοστὴ,
2810 1358 2847 1426 ἡ
2882 1357 2980 1411 καὶ
3002 1358 3365 1426 ἐπτακοστή.

2143 1473 2220 1529 A'.
2237 1474 2504 1538 Αύδιανοὶ,
2533 1471 2707 1526 εῐτουν
2748 1471 2996 1538 Ὠδιανοὶ,
3024 1472 3205 1543 τάγμα
3220 1473 3376 1526 εἰσίν.
3404 1465 3574 1528 Οὗτοι
3599 1475 3670 1531 δὲ

2072 1567 2131 1619 ἐν
2176 1564 2557 1635 μοναστηρίοις
2617 1562 2716 1634 τὴν
2766 1563 3080 1634 κατοίκησιν
3112 1564 3401 1635 κέκτηνται
3437 1566 3670 1637 ἀναχω-

2075 1655 2313 1728 ροῦντες,
2344 1655 2530 1726 τάγμα
2558 1655 2710 1718 ὄντες
2738 1656 2794 1709 ἐν
2833 1655 3093 1726 ἐρημίαις
3117 1672 3174 1707 τε
3201 1656 3295 1709 καὶ
3327 1656 3663 1726 πλησιαίτε-

2075 1764 2167 1819 ρον
2214 1746 2442 1810 πόλεων,
2484 1748 2541 1799 ἐν
2576 1746 2921 1817 προαστείοις
2956 1763 3016 1799 τε
3043 1746 3138 1800 καὶ
3167 1747 3288 1799 ὅποι
3320 1746 3417 1810 τὰς
3442 1748 3670 1802 ἑαυτῶν

2077 1839 2245 1911 μονὰς
2270 1840 2388 1909 ἦτοι
2416 1837 2655 1909 μάνδρας
2688 1837 2918 1908 ἔχουσιν.
2952 1831 3122 1902 Οὗτος
3169 1838 3198 1890 ὁ
3225 1838 3415 1903 Λύδιος
3445 1839 3671 1897 τούτων

2075 1931 2313 2003 ἀρχηγὸς
2339 1930 2629 2000 γεγένηται
2650 1931 2707 1982 ὲν
2739 1928 2948 1999 χρόνοις
2995 1928 3224 2001 Ἀρείου,
3258 1929 3489 2001 ὁπηνίκα
3533 1947 3671 1983 συν-

2075 2022 2342 2094 εκροτήθη
2403 2020 2544 2075 κατά
2606 2019 2814 2091 Ἀρείου
2855 2022 2886 2090 ἡ
2924 2018 3139 2083 σύνοδος
3191 2018 3297 2071 τῶν
3333 2019 3491 2073 αὐτὸν
3529 2019 3673 2073 καθ-

2075 2114 2325 2168 ελόντων.
2356 2109 2467 2165 Ἦν
2494 2112 2551 2165 δέ
2582 2113 2610 2165 ὁ
2635 2110 2772 2182 ἀνὴρ
2800 2111 2908 2164 ἀπὸ
2936 2110 3038 2180 τῆς
3066 2110 3253 2181 Μέσης
3267 2108 3372 2162 τῶν
3397 2109 3672 2179 ποταμῶν

2074 2204 2414 2277 ὁρμώμενος,
2467 2204 2735 2275 διαφανής
2776 2220 2859 2266 τις
2895 2202 3036 2255 κατὰ
3059 2204 3157 2273 τὴν
3194 2201 3385 2255 ἐαυτοῦ
3418 2202 3675 2272 πατρίδα

2074 2298 2162 2351 διὰ
2189 2298 2250 2350 τὸ
2277 2296 2576 2367 ἀκραιφνὲς
2603 2293 2699 2346 τοῦ
2723 2293 2862 2364 βίου,
2890 2294 2983 2347 καὶ
3011 2293 3153 2347 κατά
3184 2292 3317 2346 Θεὸν
3346 2292 3527 2365 ζήλου,
3562 2293 3676 2346 καὶ

2078 2390 2311 2453 πίστεως
2330 2406 2343 2419 °
2384 2389 2464 2453 ὃς,
2486 2388 2743 2452 πολλάκις
2773 2387 3043 2458 θεώμενος
3067 2386 3136 2439 τά
3173 2387 3231 2439 ἐν
3260 2388 3382 2450 ταῖς
3420 2385 3672 2455 Ἐκκλη-

2078 2482 2219 2545 σίαις
2272 2480 2558 2551 γενόμενα,
2609 2480 2687 2541 είς
2751 2479 3041 2550 πρόσωπον
3097 2476 3410 2531 ἐπισκόπων
3464 2492 3523 2529 τε
3564 2475 3677 2529 καὶ

403 2561 690 2629 episcopos
737 2570 801 2610 ac
852 2554 1197 2625 presbyteros
1228 2566 1411 2607 coram
1449 2551 1733 2621 increpare
1760 2566 1824 2604 ac
1854 2551 1976 2605 red-

2084 2572 2463 2643 πρεσϐυτέρων
2525 2570 2858 2639 ἐλεγκτικῶς
2920 2569 3185 2623 ἀντετίθει
3237 2571 3350 2632 τοῖς
3391 2566 3672 2631 τοιούτοις

405 2663 635 2718 arguere
691 2660 801 2700 non
875 2644 1165 2699 verebatur
1213 2650 1270 2697 et
1319 2641 1613 2697 identidem
1692 2656 1914 2697 monere
1955 2661 1968 2697 :

405 2740 521 2795 Non
552 2739 749 2794 debent
776 2737 1010 2791 limciSto
1045 2734 1205 2789 modo
1233 2733 1349 2788 ﬁeri
1370 2751 1384 2801 ;
1408 2748 1516 2788 non
1546 2734 1617 2788 ita
1654 2732 1770 2787 haec
1801 2733 1974 2787 admi-

406 2832 641 2886 nistrare
665 2828 933 2885 convenit.
954 2828 1101 2891 Haec,
1133 2834 1391 2896 tanquam
1414 2825 1658 2881 veritatis
1676 2839 1887 2889 amans,
1909 2840 1973 2880 ac

403 2924 569 2993 812
595 2930 792 2977 extera
842 2920 896 2975 id
927 2934 1098 2990 genus
1131 2931 1399 2988 usurpare
1442 2916 1651 2973 solebat
1676 2956 1690 2979 ,
1731 2931 1853 2986 qua:
1881 2932 1975 2970 αι-

404 3017 623 3088 (ιυὶεἰιιε
668 3015 958 3087 probitatis
1001 3010 1312 3067 hominibus
1347 3009 1635 3063 familiaria
1666 3019 1834 3073 sunt,
1877 3008 1972 3078 qui

403 3109 477 3163 ob
495 3107 771 3177 egregium
801 3104 1021 3174 pietatis
1045 3103 1287 3159 studium
1323 3116 1591 3157 summam
1618 3100 1675 3155 in
1702 3100 1974 3171 loquendo

406 3199 708 3254 libertatem
739 3196 1019 3250 adhibent.
1062 3194 1246 3260 Quare
1301 3209 1425 3248 cum
1474 3192 1775 3267 nonnulla,
1831 3192 1976 3247 sicut

404 3293 540 3356 dixi,
578 3291 716 3345 male
750 3291 804 3345 in
837 3290 1094 3345 Eeclesiis
1134 3289 1246 3359 geri
1280 3294 1548 3351 cerneret,
1582 3300 1973 3355 nonnunquam

408 3398 527 3453 quae
561 3382 786 3437 sentiret
820 3380 1004 3451 loqui,
1040 3394 1104 3433 ac
1152 3379 1479 3450 redarguere
1508 3378 1840 3447 cogebatur,
1872 3391 1975 3431 nec

405 3474 630 3529 omnino
663 3481 846 3527 tacere
896 3478 1126 3542 poterat.
1171 3468 1327 3524 Velut
1373 3470 1421 3523 si
1470 3483 1633 3537 quem
1680 3481 1714 3523 e
1759 3467 1976 3522 clericis

410 3566 761 3635 pecuniarum
808 3563 931 3633 plus
970 3575 1126 3630 aequo
1157 3560 1416 3629 cupidum
1462 3558 1713 3623 videret,
1763 3556 1978 3628 episcoc

407 3670 536 3725 pum
562 3692 577 3717 ,
606 3664 697 3708 aut
730 3652 1106 3723 presbyterum
1134 3690 1147 3711 ,
1180 3657 1274 3702 aut
1308 3649 1474 3702 alium
1499 3648 1810 3718 quempiam
1838 3688 1853 3713 ,
1881 3648 1976 3717 qui

406 3744 795 3800 ecclesiasticis
826 3742 1111 3798 ordinibus
1143 3747 1469 3806 censentur,
1502 3738 1837 3807 exprobrare
1868 3753 1976 3792 non

404 3837 727 3898 dubitabat;
779 3842 876 3889 aut
920 3833 967 3890 si
1006 3832 1277 3904 quispiam
1334 3832 1466 3886 luxu
1515 3845 1579 3885 ac
1609 3830 1825 3887 deliciis
1874 3831 1978 3887 dif-

2078 2663 2281 2732 λέγων·
2312 2664 2386 2717 Οὐ
2408 2662 2513 2734 χρὴ
2551 2662 2725 2717 ταῦτα
2782 2660 2955 2724 οὕτως
2987 2659 3271 2729 γενέσθαι·
3318 2659 3416 2711 οὐκ
3455 2658 3675 2727 ὀφείλει

2079 2756 2251 2810 ταῦτα
2300 2755 2473 2818 οὕτως
2534 2754 2901 2826 πράττεσθαιο
2951 2753 3028 2816 ὼς
3061 2752 3198 2823 ἀνὴρ
3237 2751 3537 2823 ἀληθεύων,
3570 2750 3677 2803 καὶ

2078 2849 2236 2900 ὁποῖα
2279 2846 2424 2917 φιλεῖ
2455 2846 2564 2900 ὑπὸ
2595 2845 2702 2899 τῶν
2733 2844 3044 2915 φιλαλήθως
3062 2842 3675 2915 ἐλευθεροστομούντων

2079 2937 2308 3008 ἀνδρῶν,
2363 2936 2469 2991 τῶν
2533 2936 2766 3007 μάλιστα
2807 2935 2898 2988 τὸν
2929 2933 3042 3005 βίον
3079 2933 3353 3005 ἀκρότατα
3380 2932 3671 3003 βιούντων.

2080 3028 2171 3080 Διὸ
2195 3026 2419 3080 τοιαῦτα
2445 3026 2611 3098 ὁρῶν,
2640 3026 2716 3089 ὡς
2744 3028 3028 3096 προεῖπον,
3054 3025 3113 3078 ἐν
3138 3025 3257 3086 ταῖς
3292 3023 3674 3094 Ἐκκλησίαις,

2078 3118 2260 3172 λαλεῖν
2311 3116 2653 3187 ἠναγκάζετο
2706 3117 2841 3188 πρὸς
2892 3116 3133 3186 ἔλεγχον,
3171 3116 3265 3169 καὶ
3300 3116 3398 3169 οὐκ
3428 3113 3671 3169 ἐσιώπα.

2079 3209 2149 3262 El'
2174 3225 2296 3261 τινα
2346 3208 2454 3278 γὰρ
2478 3204 2585 3260 εἶδε
2610 3206 2720 3260 τῶν
2745 3205 3293 3277 φιλοχρηματούντων
3309 3203 3403 3257 τοῦ
3430 3204 3670 3275 κλήρου,

2081 3300 2115 3370 ἢ
2154 3299 2470 3364 ἐπίσκοπον,
2505 3298 2538 3370 ἢ
2575 3298 2965 3370 πρεσϐύτερον,
3000 3297 3033 3368 ἢ
3066 3298 3251 3369 ἕτερόν
3280 3314 3401 3351 τινα
3437 3295 3531 3349 τοῦ
3569 3314 3671 3349 κα-

2082 3390 2251 3454 νόνος,
2276 3390 2492 3454 πάντως
2521 3389 2839 3459 ἐφθέγγετο.
2873 3389 2983 3442 Καὶ
3009 3387 3233 3461 εἴέώρα
3253 3387 3373 3441 τινὰ
3406 3389 3462 3440 ἐν
3481 3390 3673 3459 τρυφῇ

2083 3482 2176 3535 καὶ
2207 3482 2477 3555 σπατάλῃ,
2507 3482 2541 3552 ἦ
2576 3497 2696 3534 τινα
2732 3480 3215 3552 παραχαράττοντα
3255 3480 3323 3533 τὰ
3354 3482 3411 3532 ἐν
3450 3477 3527 3548 τῷ
3575 3479 3675 3532 ὲκ-

2084 3574 2453 3645 κλησιαστικῷ
2496 3573 2807 3643 κηρύγματι
2842 3573 2934 3626 καὶ
2968 3571 3154 3643 θεσμῷ
3176 3571 3274 3643 τῆς
3317 3570 3671 3641 Ἑκκλησίας,

2086 3665 2160 3737 μὴ
2191 3666 2370 3737 φέρων
2420 3666 2448 3718 ὁ
2471 3666 2630 3736 ἀνὴρ,
2666 3664 3048 3734 προεϐάλλετο,
3072 3664 3146 3729 ὡς
3179 3665 3332 3735 ἔφην,
3362 3662 3451 3717 τὸν
3480 3662 3668 3730 λόγον.

2084 3754 2194 3807 Καὶ
2218 3750 2285 3825 ἦν
2318 3753 2476 3808 τοῦτο
2496 3757 2607 3818 τοῖς
2636 3754 2709 3827 μὴ
2736 3756 2830 3810 τὸν
2880 3756 2993 3826 βίον
3035 3752 3488 3825 δεδοκιμασμένον
3515 3752 3677 3823 ἐχου-

2089 3862 2171 3900 σιν
2202 3845 2460 3917 ἐπαχθές.
2497 3845 2782 3917 ’Υϐρίζετο
2822 3847 2879 3901 δὲ
2925 3846 3110 3900 ἕνεκεν
3139 3844 3350 3910 τούτου,
3386 3845 3479 3897 καὶ
3503 3844 3674 3897 ἀντε-

410 3930 618 3991 lluerel,
652 3926 765 3982 sive
797 3925 960 3980 ullam
995 3922 1349 3979 ecclesiastici
1377 3922 1650 3992 dogmatis
1673 3962 1685 3981 .
1720 3937 1784 3977 ac
1809 3922 1978 3977 disci-

2084 3936 2292 4005 λέγετο,
2322 3938 2580 4009 ἐμισεῖτο,
2614 3936 2775 4009 ἔφερε
2802 3936 3261 4007 κλυδωνιζόμενός
3281 3953 3340 3989 τε
3373 3935 3466 3990 καὶ
3493 3933 3674 3988 ὠθού-

408 4019 568 4090 plina:
625 4026 832 4088 partem
883 4014 1237 4071 adulterando
1292 4021 1707 4084 corrumperet,
1754 4013 1978 4083 patienti

406 4126 753 4184 nequaquam
788 4110 972 4165 ferens
1005 4109 1208 4171 animo,
1230 4108 1430 4170 verbis,
1462 4107 1539 4161 uti
1570 4107 1715 4172 dixi,
1749 4108 1983 4178 castiga-

412 4207 519 4269 bat.
543 4203 701 4271 Quod
733 4202 952 4273 quidem
977 4200 1344 4258 dissolutioris
1371 4200 1493 4253 vita:
1529 4198 1843 4254 hominibus
1874 4214 1983 4252 nio-

411 4301 602 4353 lestum
638 4306 755 4350 erat
782 4334 796 4359 ,
830 4293 975 4349 unde
1009 4294 1275 4346 maximas
1306 4298 1591 4361 propterea
1620 4291 1982 4346 contumelias

411 4388 693 4452 sustinuit,
726 4385 940 4442 infestis
965 4385 1207 4440 omnium
1259 4384 1487 4438 vocibus
1538 4390 1591 4437 et
1631 4383 1772 4438 odiis
1799 4382 1985 4453 exagi-

412 4491 579 4534 tatus.
617 4478 795 4532 Atille
821 4477 1061 4545 iactatus
1087 4477 1192 4529 hoc
1218 4475 1404 4539 modo,
1435 4485 1489 4531 et
1513 4473 1785 4543 pulsatus,
1819 4481 1985 4545 atque

412 4571 710 4641 ignominia
750 4570 1013 4633 allectus,
1060 4584 1216 4639 aequo
1260 4568 1444 4623 animo
1473 4570 1779 4633 tolerabat,
1822 4578 1986 4640 atque

338 4696 341 4697 ν
412 4664 487 4717 ita
525 4663 615 4719 diu
672 4663 725 4717 in
771 4661 1024 4717 Ecclesia:
1055 4662 1435 4716 communione
1486 4662 1752 4732 perstitit,
1812 4662 1986 4716 donec

413 4755 784 4811 vehementius
808 4754 998 4809 offensi
1026 4754 1244 4824 quidam
1277 4753 1348 4807 ob
1375 4768 1469 4809 eas
1490 4767 1688 4809 causas
1711 4753 1984 4809 hominem

412 4846 722 4901 exturbant.
754 4845 856 4911 Qui
890 4844 1246 4899 nihilominus
1287 4844 1389 4899 ista
1440 4844 1717 4899 sustinens
1739 4884 1754 4908 ,
1793 4845 1888 4901 sed
1918 4846 1986 4901 ad

412 4939 695 4994 veritatem
747 4937 1126 5008 perferendam
1177 4938 1359 4993 acrius
1412 4937 1691 5002 intentus,
1734 4938 1987 4995 studebat

415 5032 628 5087 interim
670 5032 738 5086 ab
768 5030 1029 5085 Ecclesiae
1060 5030 1341 5084 catholica:
1370 5030 1758 5099 conjunctione
1786 5046 1849 5085 ac
1896 5046 1988 5085 so-

414 5122 610 5178 cietate
641 5123 868 5177 minime
904 5122 1109 5176 divelli.
1144 5120 1344 5175 Verum
1392 5136 1518 5176 cum
1568 5121 1684 5192 ipse
1714 5137 1838 5177 cum
1868 5106 1989 5178 ’suis

416 5217 698 5287 vapularet
723 5256 738 5281 ,
768 5223 823 5272 et
852 5215 1074 5287 indigna
1104 5222 1380 5285 pateretur
1410 5253 1425 5279 ,
1457 5213 1541 5270 his
1574 5215 1734 5271 malis
1768 5216 1990 5285 ingemi-

2088 4044 2267 4095 μενος,
2302 4026 2395 4080 καὶ
2432 4026 2848 4097 ἀτιμαζόμενος,
2878 4027 2981 4091 ἕως
3011 4027 3201 4098 χρόνου
3243 4022 3427 4079 ἱκανοῦ
3458 4026 3514 4079 ἐν
3543 4026 3671 4088 ταῖς

2096 4118 2438 4189 Ἐκκλησίαις
2496 4118 2860 4189 συναγόμενος
2881 4134 2894 4148 ·
2930 4117 3033 4181 ἓως
3066 4118 3153 4171 ὅτε
3188 4114 3373 4178 δεινῶς
3406 4113 3670 4182 ἐνέγκανο

2083 4209 2174 4273 τές
2213 4226 2355 4273 τινες
2381 4208 2589 4273 ἐξεοῦσι
2619 4209 2711 4262 τὸν
2744 4208 2911 4280 ἀνδρα
2943 4208 3030 4261 διά
3052 4207 3153 4279 τὴν
3176 4207 3431 4277 τοιαύτην
3462 4204 3669 4259 αἰτίαν.

2097 4300 2152 4353 '0
2178 4300 2235 4353 δέ
2282 4300 2380 4352 οὐκ
2422 4299 2686 4369 ἠνείχετο,
2729 4299 2842 4352 ἀλλ’
2870 4299 3113 4364 ἐϐιάζετο
3160 4298 3359 4369 μᾶλλον
3410 4295 3672 4367 ἀλήθειαν

2091 4393 2188 4463 μὲν
2222 4392 2418 4460 λέγειν,
2451 4392 2527 4463 μὴ
2553 4393 2852 4464 ἀναχωρεῖν
2879 4391 2937 4444 δὲ
2960 4390 3054 4443 τοῦ
3078 4390 3374 4460 συνδέσμου
3403 4390 3499 4459 τῆς
3533 4387 3672 4457 μιᾶς

2086 4482 2332 4545 ἐνώσεως
2370 4483 2468 4554 τῆς
2523 4482 2685 4553 ἁγίας
2745 4482 3037 4553 καθολικῆς
3093 4480 3437 4552 Ἐκκλησίας.
3481 4480 3573 4542 Ὦς
3613 4478 3672 4532 δὲ

2086 4575 2352 4629 ἐτύπτετο
2408 4576 2573 4639 αὑτός
2630 4592 2691 4627 τε
2730 4576 2829 4629 καὶ
2866 4576 2915 4627 οἱ
2951 4576 3065 4645 ἃμα
3102 4574 3249 4644 αὐτῷ
3285 4572 3561 4633 πολλάκις,
3601 4570 3674 4623 τὰ

2087 4667 2237 4721 δεινά
2255 4684 2313 4719 τε
2341 4667 2566 4736 ἔπασχε,
2600 4667 3025 4739 βαρυστονήσας,
3060 4664 3362 4736 σύμϐουλον
3400 4661 3673 4732 λαμϐάνει

2090 4759 2281 4813 ἑαυτοῦ
2334 4759 2432 4831 τὴν
2461 4760 2708 4830 ἀνάγκην
2745 4758 2853 4812 τῶν
2892 4757 3121 4828 ὕϐρεων.
3159 4755 3377 4809 Ἑαυτὸν
3413 4755 3519 4825 γὰρ
3563 4753 3674 4822 ἀφ-

2094 4848 2262 4922 ορίζει
2288 4851 2387 4921 τῆς
2427 4850 2772 4921 Ἐκκλησίας,
2809 4848 2991 4901 πολλοί
3038 4865 3098 4899 τε
3127 4847 3242 4916 ἅμα
3272 4844 3420 4913 αὐτῷ
3443 4843 3675 4913 ἀφηνιά-

2091 4944 2275 5006 ζουσι·
2312 4945 2402 4996 καὶ
2429 4942 2600 5006 οὕτως
2631 4943 2730 5013 τὴν
2762 4941 3024 5012 διαίρεσιν
3037 4939 3351 5010 εἰργάσατο,
3374 4936 3434 4989 οὗ
3453 4953 3505 4988 τι
3530 4935 3673 5005 ἔχων

2093 5036 2543 5108 παρηλλαγμένον
2574 5037 2673 5107 τῆς
2703 5035 2955 5097 πίστεως,
2999 5033 3114 5086 ἀλλ’
3146 5031 3410 5104 ὀρθότατα
3448 5029 3546 5100 μὲν
3578 5044 3670 5080 πι-

2094 5126 2297 5179 στεύων
2357 5126 2518 5189 αύτός
2563 5143 2623 5178 τε
2664 5125 2759 5179 καὶ
2801 5125 2849 5176 οἱ
2881 5125 2997 5195 ἅμα
3031 5122 3211 5193 αύτῷ·
3251 5123 3302 5175 εί
3335 5121 3430 5174 καὶ
3463 5118 3568 5190 χρὴ
3608 5117 3672 5170 τὰ

2098 5218 2332 5293 μάλιστα
2360 5218 2539 5285 λέγειν
2564 5218 2623 5268 ἐν
2652 5214 2833 5287 μικρῷ
2860 5233 2965 5268 τινι
2985 5215 3146 5269 αὑτὸν
3170 5214 3485 5285 φιλονείκως
3515 5210 3675 5279 φέρει

419 5324 610 5375 scens,
645 5326 710 5365 ex
739 5310 932 5365 harum
972 5308 1342 5363 calamitatum
1373 5348 1391 5373 ,
1427 5321 1492 5361 ac
1531 5306 1978 5361 contumeliarum

2091 5307 2215 5361 σθαί
2275 5326 2333 5362 τε
2364 5308 2458 5362 καὶ
2477 5309 2603 5370 τοὺς
2626 5307 2741 5377 ἅμα
2779 5304 2948 5376 αὐτῷ.

416 5400 676 5455 violentia
729 5400 1020 5456 consilium
1065 5400 1227 5468 cepit.
1282 5398 1461 5466 Quare
1515 5390 1754 5468 seipsuu't
1796 5397 1865 5451 ab
1934 5396 2175 5454 Ecclesia
2227 5401 2569 5471 segregavit;
2624 5408 2788 5470 atque
2839 5400 2913 5453 ita
2964 5396 3213 5468 pluribus
3267 5408 3391 5449 cum
3449 5391 3542 5445 illo
3578 5386 3678 5442 de.

420 5491 783 5547 miscentibus
810 5532 825 5556 ,
868 5505 1067 5544 novum
1106 5491 1174 5544 ab
1226 5505 1298 5544 eo
1330 5489 1618 5544 divortium
1674 5484 1989 5541 conﬂatum.
2020 5487 2207 5561 Neque
2238 5508 2369 5547 vero
2403 5492 2511 5545 ulla
2543 5494 2601 5546 in
2649 5507 2707 5547 re
2749 5490 2819 5545 ab
2866 5498 3016 5544 recta
3084 5488 3188 5543 fide
3245 5483 3515 5547 discedit,
3567 5479 3666 5536 sed

422 5580 537 5648 ipse
563 5594 687 5633 cum
723 5580 837 5634 suis
868 5580 1135 5635 sinceram
1172 5581 1225 5634 in
1252 5581 1506 5636 omnibus
1560 5577 1880 5649 religionem
1921 5580 2114 5636 tenuit.
2186 5582 2511 5655 Quanquam
2573 5564 2656 5640 est
2705 5581 2968 5653 quiddam
3016 5580 3397 5653 perexiguum,
3445 5576 3501 5631 in
3562 5585 3672 5643 quo

425 5670 585 5743 paulo
618 5670 955 5741 pervicacius
981 5670 1384 5735 conﬂictantur.
