3994 6226
263 345 367 401 5H

259 553 360 602 κιὶ
388 550 544 617 ἀγίου
563 550 873 621 Πνεύματος
894 554 1237 623 θαυμαστῶς,
1271 557 1345 620 ὡς
1376 558 1486 627 ἔχει
1510 563 1541 631 ἡ
1583 561 1842 631 καθολικὴ

278 639 599 712 Ἐκκλησία,
643 643 1029 713 ὀρθοδοξότατά
1079 665 1138 700 τε
1171 648 1480 717 φυλάττειν,
1518 652 1589 705 τά
1616 670 1676 706 τε
1710 653 1845 707 ἀλλα

260 733 444 785 πάντα
495 733 587 785 τοῦ
640 734 758 804 βίου
789 734 1095 807 θαυμαστά.
1138 741 1269 805 Ταῖς
1313 741 1421 813 γὰρ
1466 744 1623 805 ἰδίαις
1656 745 1843 815 χερσὶν

260 821 652 894 ἐργαζόμενος,
683 828 843 890 αὐτός
878 846 934 881 τε
964 833 1055 884 και)⁸
1086 832 1135 884 οἱ
1164 834 1253 886 ὑπ’
1286 835 1447 889 αὐτὸν
1462 836 1747 891 ἐπίσκοποί
1784 855 1841 892 τε

262 914 362 965 καὶ
388 914 439 965 οἰ
465 914 844 987 πρεσϐύτεροι,
865 920 956 972 καὶ
994 920 1044 974 οἰ
1077 922 1251 975 λοιποὶ
1302 923 1501 987 πάντες
1529 926 1842 997 διατρέφον-

260 1019 377 1057 ται.
416 1004 753 1078 ’Υστερονδὲ
786 1012 924 1079 μετά
955 1012 1017 1064 τὸ
1068 1011 1369 1084 ἐξωσθῆναι
1384 1016 1479 1086 τῆς
1495 1016 1841 1086 Ἐκκλησίας,

262 1092 376 1147 ἀπὸ
403 1092 563 1147 ἄλλου
593 1097 912 1160 ἐπισκόπου,
938 1097 1006 1151 τὰ
1030 1100 1169 1153 αύτά
1191 1101 1542 1171 συζητοῦντος
1593 1104 1687 1156 καὶ
1714 1106 1844 1157 ἀνα-

264 1185 619 1254 χωρήσαντος
670 1188 769 1257 τῆς
841 1189 1194 1261 Ἐκκλησίας,
1251 1195 1632 1263 χειροτονεῖται
1688 1188 1843 1258 οὗτος

263 1276 584 1339 ἐπίσκοπος,
621 1280 749 1350 περὶ
784 1274 844 1333 οὗ
876 1281 890 1311 ¹
934 1282 1281 1354 ὲπελαὸόμην
1314 1284 1510 1353 λέγειν,
1547 1287 1843 1359 ἐπειδήπερ

263 1367 324 1419 ὲν
352 1367 689 1438 παρεκδάσει
709 1372 1031 1441 γεγένημαι,
1057 1372 1210 1438 αὖθις
1236 1376 1589 1429 ὲπαναλαϐὼν
1616 1378 1843 1448 διέξειμι

262 1456 365 1525 τὴν
383 1458 660 1528 ὑφήγησιν
681 1478 692 1489 ·
735 1463 878 1531 φημὶ
933 1463 987 1515 δὲ
1029 1465 1271 1535 περὶτῆς
1303 1467 1378 1529 ὡς
1410 1468 1502 1519 ἐπὶ
1532 1469 1589 1521 τὸ
1617 1470 1844 1541 σκληρό-

262 1563 430 1601 τατον
478 1550 573 1601 καὶ
620 1550 906 1615 ἰδιωτικὸν,
954 1554 1045 1605 καὶ
1080 1554 1380 1621 φιλόνεικον
1416 1558 1513 1627 τῆς
1542 1560 1670 1629 παρ’
1696 1558 1844 1630 αὐτῷ

263 1636 536 1708 ᾀδομένης
562 1638 759 1705 λέξεως
786 1640 892 1693 ἀπὸ
912 1642 1012 1710 τῆς
1043 1643 1192 1706 θείας
1219 1644 1257 1695 Γ
1263 1644 1459 1714 ραφῆς.
1486 1646 1559 1698 Τὸ
1585 1648 1690 1717 γὰρ
1715 1648 1842 1701 κατ’

262 1731 473 1783 εἰκόνα
496 1724 652 1793 οὗτος
694 1733 790 1785 καὶ
822 1734 870 1785 οἱ
900 1735 1015 1803 μετ’
1062 1734 1247 1798 αὑτοῦ,
1281 1737 1417 1807 ὅπερ
1449 1740 1477 1791 ὁ
1517 1739 1648 1802 Θεὸς
1679 1739 1843 1793 δεδώ-

263 1836 433 1888 ρηται
469 1819 549 1889 τῷ
590 1822 778 1891 Ἀδὰμ,
834 1824 1149 1895 ἀποκρότως
1194 1824 1441 1893 βούλεται
1477 1829 1675 1899 ὁρίζειν
1705 1825 1841 1885 εἶναι

261 1910 427 1963 τοῦτο
476 1911 849 1983 πληρούμενον
904 1916 1043 1967 κατὰ
1089 1916 1149 1969 τὸ
1176 1916 1363 1987 σῶμαο
1416 1919 1523 1970 ἀπὸ
1551 1919 1643 1972 τοῦ
1683 1920 1843 1989 δῆθεν

261 2000 561 2070 λεγομένου
610 2004 773 2074 ῥητοῦ
825 2005 940 2070 τοῦ,
990 2005 1337 2075 Ποιήσωμεν
1369 2008 1680 2075 ἄνθρωπον
1717 2012 1842 2063 κατ’

258 2094 471 2147 εἰκόνα
505 2093 798 2162 ἡμετέραν
822 2097 919 2148 καί
939 2097 1066 2150 καθ’
1101 2098 1406 2165 ὁμοίωσιν.
1440 2100 1548 2151 Καὶ
1578 2096 1695 2153 εἶτα
1720 2102 1842 2153 ἐπι-

260 2183 425 2254 φέρει
447 2184 505 2235 λέ
520 2201 620 2237 (ων
661 2187 689 2238 ὁ
728 2185 867 2248 θεῖος
886 2185 1077 2253 ίλόγος,
1116 2187 1197 2240 ὃτι
1243 2189 1338 2240 καὶ
1362 2190 1609 2260 ἐποίησεν
1647 2192 1675 2241 ὁ
1714 2190 1844 2254 Θεὸς

258 2274 355 2326 τὸν
402 2274 707 2343 ἄνθρωπον,
751 2275 879 2344 χοῦν
934 2276 1113 2329 λαϐὼν
1146 2277 1253 2330 ἀπὸ
1285 2279 1381 2348 τῆς
1424 2280 1545 2349 γῆς.
1600 2282 1840 2352 Ἐπειδὴ,

262 2367 455 2434 φησιν,
487 2361 639 2419 εἷπεν
665 2364 948 2435 ἄνθρωπον
972 2367 1079 2420 ἀπὸ
1106 2369 1204 2438 τῆς
1237 2372 1357 2439 γῆς,
1388 2370 1509 2439 ὅρα,
1539 2371 1620 2423 ὅτι
1652 2371 1845 2441 ἀληθέ-

262 2474 441 2510 στατα
468 2458 587 2510 ὅλον
616 2456 676 2509 τὸ
710 2457 889 2527 χοῖκὸν
935 2454 1087 2509 εἶπεν
1131 2458 1434 2531 ἄνθρωπον,
1477 2462 1583 2531 ἄρα
1616 2479 1673 2512 τε
1715 2460 1846 2514 αὐτὸ

258 2548 321 2602 τὸ
354 2548 543 2618 χοῐκὸν
581 2548 872 2618 προέλεγεν
901 2548 1118 2601 ἔσεσθαι
1153 2551 1272 2601 κατ’
1309 2550 1492 2602 εἰκόνα
1544 2549 1697 2602 Θεοῦ.
1738 2549 1845 2602 Καί

260 2641 385 2694 ἔστι
433 2638 592 2693 τοῦτο
642 2641 962 2712 ἀπόκροτον,
1005 2641 1078 2704 ὡς
1118 2640 1274 2712 ἔφην,
1318 2642 1411 2694 καὶ
1453 2641 1734 2706 ἰδιωτικὸν,
1785 2642 1845 2695 τὸ

258 2732 544 2803 ὁρίζεσθαι
567 2733 852 2805 ἄνθρωπον
884 2735 940 2788 ὲν
975 2734 1111 2804 ποίῳ
1155 2734 1307 2806 μέρει
1336 2735 1592 2789 τέτακται
1621 2736 1714 2789 τοῦ
1748 2738 1843 2789 ἀν-

261 2822 491 2895 θρώπου
520 2822 578 2875 τὸ
606 2823 726 2876 κατ’
751 2826 965 2876 εἰκόναο
1004 2824 1051 2875 εἰ
1076 2824 1182 2895 χρὴ
1210 2825 1344 2887 ὅλως
1366 2826 1529 2896 μέρος
1556 2826 1733 2894 λέγειν
1758 2826 1844 2879 διὰ

259 2915 327 2967 τὰ
361 2914 536 2967 πολλά
574 2914 642 2967 τά
671 2914 1058 2967 ἀντιπίπτοντα
1087 2919 1151 2985 τῇ
1196 2916 1302 2967 τῶν
1338 2917 1638 2988 ἀνθρώπων
1665 2917 1844 2987 ἐννοίᾳ.

257 3004 414 3057 κατὰ
434 3004 493 3057 τὸ
522 3006 673 3076 ρἧα
698 3005 877 3068 τοῦτο,
904 3006 997 3058 καὶ
1040 3005 1229 3075 ἔχοντα
1262 3006 1588 3078 ζητημάτων
1616 3007 1842 3077 πληθύν.

261 3099 331 3149 Ἦ
355 3096 469 3167 γὰρ
502 3099 813 3169 ποιήσωμεν
837 3098 925 3151 τὸν
937 3098 1069 3151 Θεὸν
1090 3100 1281 3169 ὁρατόν
1306 3116 1363 3151 τε
1390 3100 1481 3152 καὶ
1512 3100 1844 3169 σωματικὸν,

260 3189 383 3240 εἷπε
392 3205 425 3257 ρ
450 3190 508 3239 ἐν
527 3187 737 3259 σώματι
754 3189 813 3242 τὸ
836 3192 951 3243 κατ’
975 3190 1154 3244 εἰκόνα
1170 3189 1468 3263 πληροῦται
1494 3191 1841 3260 σωματικῶς,

259 3279 358 3329 καὶ
416 3278 921 3349 ὲσχηματισμένως,
946 3279 978 3349 ἢ
1015 3280 1299 3347 ἄνθρωπον
1325 3280 1400 3351 τῷ
1420 3280 1539 3351 Θεῷ
1565 3282 1846 3353 ἐξισούμε-

259 3386 351 3420 νον
401 3367 557 3420 τοῦτο
610 3369 927 3437 φάσκοντες.
956 3371 1049 3423 Διὸ
1082 3372 1141 3423 ού
1176 3372 1278 3442 χρὴ
1322 3372 1539 3436 πάντως
1573 3374 1772 3444 ὁρίζειν
1809 3376 1843 3445 ἢ

259 3462 712 3532 διισχυρίζεσθαι,
740 3465 796 3515 ὲν
827 3464 964 3533 ποίῳ
997 3464 1151 3535 μέρει
1176 3466 1234 3517 τὸ
1255 3468 1373 3517 κατ’
1404 3465 1584 3518 εἰκόνα
1610 3466 1847 3538 πληροῦ-

259 3572 379 3617 ται,
408 3554 521 3606 ἀλλ’
569 3554 850 3624 ὁμολογεῖν
888 3556 983 3625 μὲν
1029 3556 1082 3607 τὸ
1120 3558 1238 3609 κατ’
1280 3557 1462 3610 εἰκόνα
1510 3554 1649 3611 εἶναι
1683 3559 1740 3611 ὲν
1768 3557 1846 3629 τῷ

260 3644 561 3716 ἀνθρώπῳ,
585 3647 673 3700 ἴνα
697 3646 771 3717 μὴ
802 3646 900 3717 τὴν
929 3646 1087 3717 χάριν
1112 3647 1204 3699 τοῦ
1223 3649 1356 3701 Θεοῦ
1378 3648 1730 3719 ἀθετήσωμεν
1749 3648 1845 3700 καὶ

258 3738 665 3808 ἀπιστήσωμεν
691 3738 828 3808 Θεῷ.
857 3740 995 3792 Ὅσα
1027 3738 1125 3810 μὲν
1161 3740 1268 3811 γὰρ
1283 3741 1427 3809 λέγει
1452 3743 1480 3794 ὁ
1505 3740 1653 3804 Θεὸς,
1673 3740 1845 3794 ταῦτα

260 3826 444 3896 ἀληοῆ
461 3827 737 3898 τυγχάνει,
756 3830 803 3881 εἰ
821 3829 913 3881 καὶ
932 3827 1156 3898 ἐξέφυγε
1179 3830 1275 3901 τὴν
1291 3831 1445 3901 ἡμῶν
1463 3831 1665 3883 ἔννοιαν
1677 3833 1733 3884 ὲν
1745 3831 1847 3885 ὀλί-

262 3935 389 3985 γοις
410 3918 607 3986 λόγοις.
643 3920 697 3971 Ἀ
709 3918 1008 3990 ρνήσασθαι
1031 3916 1123 3974 οῦν
1156 3923 1312 3974 τοῦτο
1335 3923 1396 3974 τὸ
1425 3925 1546 3976 κατ’
1575 3925 1755 3977 εἰκόνα
1783 3926 1841 3977 οὺ

261 4010 483 4072 πιστὸν,
516 4008 637 4061 οὔτε
660 4010 757 4080 τῆς
789 4009 947 4077 ἁγίας
963 4010 1054 4063 τοῦ
1079 4010 1211 4064 Θεοῦ
1228 4012 1570 4082 Ἑκκλησίας.
1592 4015 1709 4066 Ἔτι
1736 4014 1845 4087 γὰρ

262 4103 379 4165 πᾶς
420 4100 704 4171 ἄνθρωπος
756 4101 942 4169 σαφῶς
991 4101 1111 4154 κατ’
1153 4102 1355 4165 εἰκόνα,
1403 4104 1495 4156 καὶ
1532 4105 1705 4169 οὐδεὶς
1738 4105 1845 4160 τῶν

261 4195 502 4264 ἐχόντων
565 4194 643 4256 εἰς
679 4193 809 4247 Θεὸν
859 4188 957 4263 τῆν
994 4192 1184 4247 ἐλπίδα
1221 4194 1547 4264 ἀρνήσεται·
1581 4197 1628 4249 εἰ
1681 4195 1756 4267 μὴ
1781 4197 1845 4250 ἀν

260 4304 414 4350 τινες
461 4287 671 4349 ἑαυτοῖς
727 4284 926 4356 μύθους
975 4284 1285 4338 πλάσσωσιν
1333 4284 1716 4356 ἐκϐαλλόμενοι
1747 4289 1845 4359 τῆς

275 4377 607 4448 Ἐκκλησίας
652 4378 744 4430 καὶ
788 4376 887 4446 τῆς
932 4376 1038 4429 τῶν
1072 4375 1322 4446 πατέρων
1357 4377 1421 4429 ὲκ
1459 4377 1751 4448 προφητῶν
1783 4396 1842 4431 τε

909 346 1277 403 ADVERSUS
1316 345 1659 406 HAERESES
1697 348 1823 404 LIB.

1948 388 1956 402 .
2005 345 2165 400 T031.
2209 344 2250 401 1.
2288 376 2357 401 -ιι
2398 342 2671 399 ΙΙᾹΞΗΕΞ.
2710 342 2875 400 LXX.

337 464 391 511 ις’
430 458 703 533 Μετάγὰρ
730 460 821 515 τνῦ
846 463 1126 534 ὁμολογεῖν
1155 466 1282 536 περὶ
1316 468 1528 540 [ἰατρὸς
1564 470 1656 522 καὶ
1682 470 1833 535 Υἱοῦ,
1867 474 1908 528 Α

3370 359 3380 371 '
3415 347 3530 405 542

2017 465 2083 518 ll.
2117 463 2261 535 Ergo
2308 472 2362 518 et
2419 462 2487 517 de
2538 461 2731 527 Patre,
2786 461 2923 515 Filio
2967 475 3031 515 ac
3085 460 3290 532 Spiritu
3330 472 3524 519 sancto

1950 554 2211 623 praeclare
2252 559 2306 607 et
2338 568 2403 607 ex
2458 550 2711 605 Ecclesia:
2740 551 3023 605 catholicae
3052 550 3366 620 praescripto
3399 568 3523 606 sen-

1946 644 2125 707 tiunt;
2157 659 2255 699 nec
2304 653 2675 698 transversum
2718 642 2785 695 ab
2809 656 2874 697 eo
2920 657 3153 711 unguem
3184 641 3519 709 deﬂectunt;

1944 744 2003 791 et
2055 745 2139 791 est
2193 736 2459 805 reliquum
2518 734 2640 787 vitae
2675 734 2781 788 illis
2828 733 3137 788 institutum
3171 748 3303 788 sane
3352 749 3518 803 quam

1948 826 2223 895 egregium
2263 834 2316 881 et
2347 823 2749 886 admirandum,
2784 822 2918 879 adeo
2948 831 3008 877 ut
3035 838 3140 877 non
3189 823 3304 894 ipse
3336 824 3518 887 modo,

1945 916 2043 969 sed
2076 924 2129 970 et
2153 914 2246 987 qui
2290 914 2368 969 illi
2402 913 2747 969 adhaaserunt
2785 914 3055 983 episcopi,
3099 914 3400 985 presbyteri
3456 929 3521 969 ac

1945 1007 2141 1076 reliqui
2171 1021 2361 1063 omnes
2389 1006 2457 1061 de
2491 1022 2750 1060 manuum
2779 1019 3002 1059 suarum
3042 1004 3226 1059 labore
3253 1006 3519 1060 victitent.

1944 1096 2312 1167 Posteaquam
2356 1112 2486 1153 vero
2538 1098 2608 1153 ab
2641 1096 2884 1151 Ecclesia
2916 1097 3108 1166 pulsus
3153 1102 3237 1151 est
3261 1136 3275 1161 ,
3312 1096 3379 1150 ab
3410 1098 3524 1167 epi-

1945 1204 2117 1258 scopo
2155 1190 2431 1257 quodam,
2483 1193 2574 1261 qui
2630 1192 2699 1247 ob
2753 1191 2972 1247 easdem
3024 1192 3405 1246 contentiones
3457 1192 3526 1246 ab

1948 1280 2193 1336 Ecclesia
2221 1291 2543 1344 recesserat,
2574 1284 2863 1353 cpiscopus
2887 1282 3172 1336 ordinatus
3197 1290 3298 1335 est.
3324 1270 3537 1337 Verum

1950 1380 2009 1425 nt
2045 1373 2111 1425 ab
2146 1372 2247 1447 hoc
2286 1374 2608 1428 diverticulo
2647 1374 2714 1427 ad
2754 1374 2885 1426 illud
2939 1373 3285 1427 tractandum
3319 1389 3404 1427 me
3444 1388 3529 1425 re-

1946 1461 2141 1528 feram,
2183 1462 2329 1532 quod
2360 1478 2507 1517 eram
2546 1479 2861 1534 aggressus,
2895 1462 3179 1517 sciendum
3219 1472 3302 1517 est
3336 1476 3529 1532 quam-

1944 1553 2070 1608 dam
2109 1555 2229 1609 illos
2266 1552 2562 1624 Scripturae
2598 1570 2782 1610 vocem
2823 1552 3044 1608 duriore
3077 1553 3311 1623 quodam
3341 1562 3395 1608 et
3421 1552 3527 1607 im-

1946 1644 2206 1714 peritiore
2253 1645 2433 1705 modo.
2481 1653 2535 1700 et
2583 1660 2711 1701 vero
2760 1644 3094 1715 pertinacius
3150 1643 3522 1714 interpretari.

1944 1733 2111 1805 813
2148 1732 2279 1787 Nam
2303 1733 2446 1804 quod
2479 1734 2547 1787 ad
2591 1735 2874 1805 imaginem
2920 1733 3013 1787 Dei
3043 1742 3256 1788 creatus
3285 1733 3526 1790 Adamus

1877 1810 1916 1867 Β
1945 1826 2152 1879 dicitur
2176 1865 2191 1890 ,
2240 1829 2524 1896 praefracte
2560 1827 2639 1881 illi
2690 1825 3034 1882 referendum
3080 1826 3145 1880 ad
3176 1842 3375 1896 corpus
3404 1828 3519 1881 exi-

1946 1915 2189 1969 stimant.
2224 1915 2360 1970 Cum
2392 1917 2534 1971 enim
2587 1916 2853 1986 scriptum
2893 1915 3002 1971 sit:
3038 1916 3322 1970 Faciamus
3355 1916 3522 1971 Itami-

1947 2023 2063 2059 nem
2098 2008 2166 2060 ad
2188 2010 2466 2078 imaginem
2495 2020 2729 2061 nostram
2758 2016 2807 2062 et
2838 2008 3230 2062 similitudinem
3262 2012 3305 2073 ²,
3338 2010 3522 2065 statim

1946 2097 2081 2151 illud
2138 2099 2466 2168 subjicitur,
2525 2098 2692 2154 Deum
2744 2107 2960 2169 sumpto
3006 2097 3072 2154 de
3123 2110 3264 2153 terra
3305 2099 3525 2169 pulvere

1946 2187 2221 2244 hominem
2276 2188 2644 2245 fabricasse‘.
2715 2190 2851 2243 (lum
2911 2190 3075 2261 igitur
3127 2190 3401 2244 hominem
3458 2189 3526 2243 de

1947 2289 2093 2336 terra
2145 2281 2436 2335 formatum
2470 2291 2682 2336 asserat
2706 2323 2730 2346 ,.
2760 2283 2907 2337 vides
2946 2290 3119 2336 totum
3152 2282 3281 2337 illud
3315 2299 3343 2337 e
3378 2290 3522 2336 terra

1946 2372 2240 2426 conﬂatum
2281 2373 2562 2428 verissime
2603 2373 2875 2427 hominem
2918 2373 3125 2427 vocari.
3169 2372 3244 2426 Ex
3288 2389 3394 2443 quo
3434 2388 3522 2428 se-

1946 2464 2135 2534 quitur
2161 2462 2227 2518 de
2279 2474 2495 2519 terreno
2523 2464 2616 2517 illo
2652 2464 2968 2534 prredictum
2994 2507 3009 2529 ,
3040 2463 3156 2517 fore
3186 2471 3243 2516 ut
3284 2462 3352 2517 ad
3386 2463 3522 2517 ima-

1946 2557 2128 2627 ginem
2164 2554 2254 2610 Dei
2296 2555 2640 2611 conderetur.
2677 2554 2877 2609 Verum
2937 2564 3021 2609 est
3054 2554 3184 2609 illud
3212 2596 3226 2618 ,
3265 2556 3343 2609 uti
3385 2556 3521 2620 dixi,

1950 2647 2111 2715 paulo
2136 2646 2327 2700 durius
2351 2687 2365 2709 ,
2399 2662 2460 2699 ac
2490 2646 2793 2715 simplicius
2814 2686 2827 2709 ,
2860 2645 3086 2701 delinire
3119 2645 3391 2701 hominem
3422 2661 3522 2699 au-

1947 2731 2116 2793 dere,
2169 2747 2403 2801 quanam
2457 2733 2509 2786 in
2559 2733 2794 2788 hominis
2829 2740 2983 2803 parte
3030 2734 3101 2790 sit
3148 2734 3401 2804 imaginis
3434 2735 3523 2788 illa

1948 2824 2247 2877 constituta
2276 2824 2417 2877 ratio
2444 2842 2456 2889 ;
2486 2825 2530 2879 si
2559 2833 2738 2878 tamen
2772 2825 3133 2894 appellatione
3164 2826 3333 2895 partis
3366 2833 3523 2879 uten-

1948 2914 2077 2966 dum
2113 2922 2195 2967 est
2218 2954 2230 2976 ,
2272 2930 2337 2969 eo
2382 2914 2525 2985 quod
2560 2916 2803 2986 plerique
2826 2956 2840 2978 ,
2890 2915 3035 2985 quod
3066 2914 3133 2969 ad
3162 2916 3303 2969 hanc
3336 2930 3521 2971 vocem

1950 3008 2174 3067 attinet,
2212 3005 2491 3060 hominum
2524 3006 2893 3075 intelligentiae
2939 3006 3202 3075 refragari
3248 3006 3521 3068 videntur,

1954 3111 2018 3149 ac
2047 3098 2209 3151 variis
2235 3084 2641 3167 quassionibus‘
2666 3096 2952 3167 implicari.
2986 3096 3116 3149 Nam
3147 3104 3240 3150 aut
3274 3106 3520 3166 aspecta-

1949 3188 2110 3242 bilem
2138 3186 2302 3241 Deum
2334 3188 2597 3243 faciemus
2630 3203 2692 3242 ac
2726 3203 3081 3258 corporeum,
3117 3193 3162 3243 si
3192 3190 3245 3242 in
3290 3203 3522 3258 corpore

1948 3286 2137 3331 nostro
2190 3293 2454 3348 corporea
2509 3278 2733 3348 perinde
2768 3280 2979 3333 ratione
3033 3293 3095 3333 ac
3130 3278 3297 3349 ﬁgura
3334 3279 3520 3334 istius-

1948 3369 2093 3423 modi
2148 3369 2436 3437 imaginem
2490 3369 2865 3423 collocandam
2916 3375 3193 3437 putemus.
3242 3368 3349 3420 Aut
3395 3383 3519 3420 cum

1947 3460 2057 3515 Deo
2086 3461 2362 3515 hominem
2396 3460 2807 3530 aquuabimus
2835 3500 2848 3524 ,
2885 3459 2930 3513 si
2966 3459 3079 3512 haec
3107 3473 3353 3513 asserere
3386 3457 3520 3511 veli-

1947 3567 2089 3607 mus.
2138 3550 2315 3616 Quare
2361 3566 2469 3605 non
2516 3557 2601 3605 est
2656 3550 2767 3602 ullo
2804 3547 2967 3603 modo
3012 3547 3377 3601 definiendum
3427 3554 3519 3601 aut

1948 3642 2343 3706 aflirmandum,
2374 3656 2609 3711 quanam
2642 3641 2696 3694 in
2723 3648 2877 3709 parte
2902 3639 3080 3707 imago
3113 3638 3202 3691 illa
3229 3637 3517 3691 consistat.

1951 3732 2055 3787 Sed
2090 3736 2269 3787 inesse
2320 3731 2536 3801 quidem
2592 3730 2645 3785 in
2706 3729 2927 3783 homine
2964 3727 3187 3781 omnino
3241 3726 3519 3781 fatendum

1946 3831 2063 3886 est,
2115 3837 2183 3877 ne
2233 3821 2475 3876 divinum
2513 3820 2836 3875 beneficium
2878 3820 3134 3872 tollamus
3165 3832 3195 3872 e
3226 3818 3401 3871 medio
3456 3830 3520 3871 ac

1949 3914 2040 3969 Dei
2101 3914 2415 3967 auctoritati
2463 3911 2789 3967 diuidamus.
2847 3911 3197 3979 Qumcunque
3246 3908 3391 3963 enim
3430 3909 3519 3963 ille

1946 4007 2098 4072 dicit,
2136 4006 2295 4076 plane
2320 4018 2447 4060 vera
2487 4013 2651 4067 sunt,
2679 4003 2898 4057 tametsi
2931 4001 3210 4056 nonnullae
3240 4000 3519 4055 sententia:

1948 4099 2077 4161 sint,
2113 4112 2234 4166 quae
2262 4096 2433 4149 aciem
2476 4103 2678 4149 nostrae
2700 4095 2897 4148 mentis
2928 4092 3204 4163 effugiant.
3246 4092 3517 4157 Quocirca

1949 4204 2146 4259 negare
2170 4188 2395 4241 omnino
2424 4187 2490 4241 ad
2526 4187 2815 4257 imaginem
2850 4185 2941 4239 Dei
2974 4198 3294 4254 expressum
3346 4183 3516 4237 homi-

1948 4295 2112 4345 nem,
2144 4294 2172 4332 a
2207 4280 2309 4333 fide
2338 4279 2608 4332 catholica
2641 4286 2695 4333 et
2733 4277 2973 4330 Ecclesia
3015 4276 3106 4329 Dei
3138 4275 3375 4329 alienum
3411 4282 3516 4329 est.

1949 4370 2226 4440 Siquidem
2276 4367 2525 4422 homines
2566 4382 2757 4422 omnes
2788 4366 2855 4421 ad
2884 4367 3028 4421 illius
3066 4365 3354 4435 imaginem
3382 4380 3517 4418 eon-

262 4472 363 4523 καὶ
393 4471 558 4539 νόμου
586 4470 678 4522 καὶ
726 4466 1037 4521 ἀποστόλων
1079 4465 1173 4519 καὶ
1212 4466 1610 4535 εὐαγγελιστῶν
1668 4486 1843 4539 παρα-

1950 4466 2046 4519 diti
2100 4472 2263 4532 sunt;
2298 4478 2398 4518 nec
2439 4462 2582 4516 ullus
2629 4461 2721 4532 qui
2769 4460 2985 4530 quidem
3039 4459 3093 4512 in
3129 4459 3295 4511 Deum
3339 4464 3517 4527 speret

260 4561 486 4623 δόσεως.

1957 4556 2184 4613 inficiari
2222 4554 2364 4611 istud
2402 4559 2601 4624 potest,
2627 4554 2731 4605 nisi
2758 4551 2803 4606 si
2834 4550 2926 4618 qui
2968 4549 3106 4602 forte
3136 4547 3265 4608 sint.
3290 4546 3383 4616 qui
3414 4546 3517 4600 sibi

265 4653 484 4707 fabulas
516 4650 847 4721 confingant,
875 4656 928 4702 et
952 4656 1059 4700 tam
1092 4647 1160 4701 ab
1187 4645 1432 4701 Ecclesia
1481 4665 1643 4725 quam
1675 4652 1743 4706 ab
1771 4667 1833 4706 ea
1869 4652 2117 4705 doctrina
2149 4650 2257 4703 sint
2295 4646 2544 4709 exclusi,
2586 4659 2707 4714 qua:
2776 4657 2805 4695 a
2846 4640 3147 4709 majoribus
3193 4637 3398 4692 nostris
3453 4652 3517 4691 ex

263 4746 675 4816 prophetarum,
713 4744 863 4812 legis,
889 4746 1257 4813 apostolorum
1281 4754 1331 4797 et
1379 4748 1835 4817 evangelistarnm
1874 4758 1957 4801 est
1987 4744 2310 4798 auctoritate
2343 4741 2561 4794 tradita.

336 4839 413 4893 Γ.
467 4842 627 4893 Ὥστε
676 4838 768 4893 03v
816 4841 1048 4904 ἐκεῖνοι,
1101 4844 1527 4916 φιλονεικότερον
1574 4846 1630 4896 ὲν
1670 4842 1845 4913 τούτῳ

263 4930 620 5000 διακείμενοι,
648 4932 805 4993 ἐκτὸς
845 4931 937 4983 καὶ
974 4932 1125 4985 αὐτοὶ
1168 4933 1407 5003 βαίνουσι
1444 4936 1540 5005 τῆς
1574 4935 1713 4987 κατά
1745 4932 1842 4999 τὴν

265 5022 723 5093 ἐκκλησιαστικὴν
755 5023 1008 5077 ὑπόθεσιν
1036 5025 1405 5096 παραδόσεως,
1432 5027 1529 5097 τῆς
1554 5024 1842 5078 πιστευού-

267 5131 371 5185 σης
400 5113 520 5167 κατ’
544 5113 725 5166 εἰκόνα
751 5114 850 5183 μὲν
871 5108 1008 5167 εἶναι
1049 5117 1223 5169 πάντα
1260 5116 1565 5189 ἄνθρωπον,
1612 5116 1685 5187 μὴ
1727 5116 1840 5186 ὁρί-

266 5208 382 5272 ζειν
411 5208 467 5261 δὲ
500 5209 558 5259 ὲν
589 5207 724 5278 ποίῳ
751 5208 1006 5262 τέτακται
1038 5209 1098 5260 τὸ
1137 5211 1257 5262 κατ’
1286 5210 1487 5271 εἰκόνα,
1524 5210 1662 5279 μήτε
1693 5208 1843 5277 ἐχόν-

264 5317 377 5352 των
430 5299 539 5352 τῶν
586 5299 841 5369 μυθωδῶς
898 5300 1024 5369 περὶ
1081 5300 1284 5353 τούτων
1346 5299 1839 5370 διαλαμϐανόντων,

266 5388 367 5445 εἴτ’
401 5387 492 5444 οὖν
523 5391 889 5461 ἀρνουμένων,
924 5389 1111 5456 δεῖξαι.
1148 5393 1210 5444 Oi
1240 5394 1337 5461 μὲν
1365 5393 1475 5462 γὰρ
1506 5391 1754 5459 λέγουσιν
1784 5393 1841 5443 ὲν

266 5488 333 5554 τῇ
368 5486 510 5555 ψυχῇ
550 5482 885 5553 πληροῦσθαι
930 5483 990 5535 τὸ
1035 5483 1149 5536 κατ’
1181 5484 1382 5546 εἰκόνα,
1428 5483 1737 5554 νομίζοντες
1780 5482 1841 5535 τὸ

267 5576 412 5629 κατά
468 5576 564 5647 τὴν
616 5575 795 5645 σάρκα
860 5574 1016 5645 μόνον
1076 5573 1488 5643 συλλογίσασθαι
1548 5574 1837 5629 δύνασθαι·

348 5735 363 5764 ι
396 5733 455 5792 ι’.
494 5735 623 5806 περι
655 5731 712 5785 δι
744 5722 826 5786 οὗ.
907 5734 925 5763 κ
964 5732 1100 5788 Gen.
1136 5747 1174 5798 ι,
1209 5731 1298 5787 26.
1378 5732 1397 5763 ³
1431 5730 1564 5786 Cen.
1600 5712 1661 5794 ιι,
1694 5731 1744 5784 7.

2018 4839 2103 4895 Ill.
2160 4838 2312 4893 Unde
2365 4851 2487 4889 cum
2534 4836 2586 4888 in
2638 4835 2737 4886 hac
2777 4838 2930 4902 parte
2967 4830 3193 4898 majore,
3225 4842 3385 4897 quam
3424 4842 3516 4898 par

1943 4934 2033 4997 sit,
2064 4928 2433 4985 contentionis
2472 4927 2653 4981 studio
2701 4926 2989 4983 ducantur,
3033 4921 3101 4973 ab
3149 4919 3517 4974 ecclesiastica

1945 5021 2235 5075 traditione
2278 5033 2343 5073 ac
2380 5018 2626 5071 doctrina
2669 5013 2945 5070 recedunt.
2986 5011 3117 5077 Quae
3169 5026 3291 5064 cum
3330 5024 3517 5062 omnes

1945 5113 2189 5167 homines
2247 5111 2339 5165 Dei
2387 5110 2453 5164 ad
2503 5106 2794 5178 imaginem
2848 5113 3064 5159 creatos
3103 5119 3225 5157 esse
3263 5100 3515 5164 fateatur,

1944 5204 2145 5257 nullam
2194 5196 2378 5255 tamen
2430 5202 2637 5269 partem
2689 5196 2895 5255 definit,
2952 5196 3006 5248 in
3061 5209 3165 5262 qua
3214 5192 3515 5245 istiusmodi

1950 5294 2201 5365 imaginis
2246 5292 2390 5346 ratio
2431 5288 2749 5345 collocanda
2786 5288 3049 5342 videatur.
3096 5283 3203 5338 Sed
3254 5297 3355 5336 nec
3404 5282 3515 5341 isti.

1947 5402 2010 5441 ea
2043 5387 2111 5441 de
2140 5399 2209 5439 re
2237 5383 2481 5439 fabulose
2519 5380 2722 5451 aliquid
2751 5385 3004 5433 asserunt
3038 5382 3131 5429 aut
3164 5380 3386 5442 negant,
3420 5371 3514 5425 de-

1949 5488 2256 5535 monstrare
2275 5477 2820 5548 quidpiam'possunt.
2844 5470 3055 5523 Etenim
3081 5466 3349 5533 nonnulli,
3373 5464 3514 5535 quod

1946 5572 2014 5628 de
2045 5574 2279 5644 imagine
2307 5572 2524 5637 dicitur,
2561 5570 2740 5624 anima
2774 5568 2890 5636 ipsa
2919 5561 3375 5619 circumscribunt
3404 5578 3419 5629 ;
3467 5557 3515 5615 id
