3994 6226
506 341 540 396 5
555 338 614 394 l3
1919 335 1977 391 S.
2022 336 2083 390 El

2142 335 2363 394 PllANll
2966 332 2970 336 ’
3631 339 3719 398 3ἰί

510 470 678 511 unum
715 454 841 517 rati,
887 453 1031 524 quod
1075 467 1241 509 carne
1279 458 1593 508 concretum
1636 458 1741 517 est,
1774 453 2087 508 ratiocinari

2147 473 2165 516 ι
2193 456 2286 508 καὶ
2316 456 2415 510 οὐκ
2442 455 2620 510 ἴσασιν
2652 458 2702 512 οἱ
2737 458 2984 525 τοιοῦτοι,
3025 459 3106 513 ὅτι
3150 459 3210 512 τδ
3254 458 3393 512 κατὰ
3425 455 3590 528 ψυχὴν
3625 457 3724 510 συλ-

427 557 489 626 ’ξ
512 561 692 619 posse.
727 544 897 617 διε
923 543 1033 601 Nec
1079 545 1210 600 illud
1267 544 1597 613 intelligunt,
1637 545 1872 598 animam
1918 545 2002 614 ips

2167 545 2486 614 λογίζεται,
2527 548 2579 601 εἰ
2620 548 2726 620 χρὴ
2779 549 3158 620 συλλογισμοῖς
3197 550 3508 620 προσέχειν,
3549 549 3723 618 καὶμὴ

513 655 654 704 esse,
682 653 803 709 quae
851 637 1244 704 ratiocinetur;
1299 638 1344 693 si
1389 636 1606 707 quidem
1636 635 1974 692 attendendae
2004 651 2090 691 ra-

2193 637 2390 704 όιπλῶς
2420 640 2576 711 ἁπλῇ
2627 643 2693 712 τῇ
2748 640 2956 713 διανοίᾳ
3011 640 3131 711 Θεῷ
3179 641 3492 711 προσιέναι,
3551 641 3636 694 καὶ
3655 657 3726 693 πι-

515 733 895 788 tiocinationes
934 732 1050 786 istae
1089 739 1241 792 sunt.
1282 739 1336 786 et
1392 747 1501 784 non
1556 729 1738 800 potius
1782 729 1997 786 sincera
2029 743 2092 784 ac

2196 729 2428 797 στεύειν,
2455 732 2536 785 ἅτι
2573 731 2642 786 τὰ
2687 733 2794 786 ὑπὸ
2841 732 2978 786 Θεοῦ
3024 732 3287 804 εἰρημένα
3329 731 3475 785 ἐστὶν
3517 731 3725 802 ἀλήθεια,

512 821 747 892 simplici
782 829 966 877 mente
998 821 1064 875 ad
1115 820 1281 875 Deum
1314 827 1529 891 oportet
1561 821 1840 886 accedere,
1880 830 1933 877 et
1974 836 2089 891 qua!

2194 822 2344 893 αὐτῷ
2387 823 2444 877 δὲ
2492 825 2641 895 μόνῳ
2681 825 2998 895 ἐγνωσμένα
3043 824 3124 895 τῷ
3161 823 3259 895 τὴν
3301 825 3478 877 πᾶσαν
3513 823 3729 894 ἀλήθειαν

512 912 583 968 ab
609 928 674 968 eo
703 913 851 967 dicta
891 923 1039 976 sunt,
1091 928 1192 982 pro
1240 912 1565 967 certissimis
1604 911 1844 978 credere,
1879 913 2089 967 tametsi

2197 915 2378 970 εἰδότι.
2411 915 2594 970 Ἄλλοι
2622 916 2679 970 δὲ
2704 916 2951 985 λέγουσιν
2978 915 3102 970 οὕτε
3140 918 3199 970 ὲν
3231 915 3398 986 ψυχῇ,
3427 913 3543 968 οὔτε
3575 919 3626 968 ὲν
3650 915 3730 968 σώ-

513 1003 585 1058 ab
625 1018 692 1058 eo
730 1005 850 1058 solo
885 1004 1100 1074 cognita
1141 1004 1274 1068 sint,
1326 1003 1416 1058 cui
1462 1003 1642 1058 omnis
1687 1010 1772 1058 est
1814 1003 2090 1073 explorata

2200 1022 2350 1076 ματι,
2395 1006 2531 1061 ἀλλὰ
2571 1007 2772 1080 ἀρετὴν
2821 1006 2961 1062 εἶναι
3004 1009 3066 1062 τὸ
3115 1009 3236 1062 κατ’
3267 1007 3480 1061 εἰκόνα*
3510 1007 3663 1077 ἕτεροι
3687 1007 3730 1060 δὲ

513 1095 751 1150 veritas:
789 1093 912 1148 aliis
946 1094 1122 1164 placet
1162 1109 1262 1150 nec
1313 1095 1366 1148 in
1399 1095 1580 1149 anima
1625 1111 1725 1151 nec
1779 1096 1832 1150 in
1872 1112 2090 1169 corpore

2198 1095 2465 1164 φάσκουσι
2515 1095 2590 1168 μὴ
2637 1093 2904 1168 εἶναιτὴν
2946 1097 3168 1170 ἀρετὴν,
3202 1097 3340 1151 ἀλλὰ
3388 1096 3448 1150 τὸ
3495 1096 3730 1167 βάπτισμα

515 1202 638 1242 esse
679 1187 837 1241 sitam
879 1187 1188 1256 imaginem,
1242 1187 1336 1242 sed
1388 1187 1503 1242 sola
1541 1187 1740 1242 virtute
1771 1189 2040 1244 contineri
2079 1208 2092 1245 :

2197 1187 2370 1240 καὶτὸ
2395 1187 2640 1258 χάρισμα
2663 1188 2724 1242 τὸ
2745 1191 2803 1243 ὲν
2818 1187 2895 1258 τῷ
2921 1187 3270 1259 βαπτίσματι,
3289 1187 3446 1258 δῆθεν
3467 1189 3528 1241 ὲκ
3557 1186 3641 1240 τοῦ
3661 1191 3729 1258 ρη·

516 1277 608 1331 alii
660 1293 766 1332 non
804 1278 1085 1344 virtutem,
1124 1279 1219 1334 sed
1273 1278 1627 1348 baptismum,
1676 1285 1731 1332 et
1771 1293 1894 1349 qua:
1932 1279 1987 1334 in
2030 1296 2093 1337 eo

2194 1281 2290 1334 τοῦ
2326 1281 2420 1335 τοῦ
2453 1282 2775 1354 εἰρημένουο
2797 1283 2999 1348 Καθὼς
3038 1281 3411 1351 ἐφορέσαμεν
3435 1279 3544 1348 τὴν
3562 1282 3733 1335 εἰκόνα

517 1371 816 1432 confertur,
849 1371 1077 1440 gratiam
1111 1386 1232 1427 esse
1282 1378 1550 1426 statuunt.
1590 1369 1763 1436 Quam
1817 1373 1923 1427 illis
1967 1388 2094 1429 sen-

2195 1375 2304 1430 τοῦ
2330 1375 2564 1443 χοϊκοῦ,
2587 1373 2934 1445 φορέσωμεν
2958 1375 3054 1428 καί
3086 1373 3201 1440 τὴν
3227 1373 3430 1426 εἰκόνα
3457 1372 3556 1426 τοῦ
3589 1373 3731 1426 ἐπου-

518 1461 741 1516 tentiam
781 1462 984 1516 dictum
1031 1462 1162 1516 illud
1197 1461 1439 1530 Apostoli
1476 1462 1749 1532 persuasit
1779 1480 1790 1517 :
1826 1463 2095 1530 Quemad-

2189 1467 2405 1534 ρανίου
2421 1483 2434 1497 ο
2461 1465 2610 1521 ἄλλοι
2641 1467 2698 1519 δὲ
2721 1465 2880 1520 πάλιν
2907 1465 3065 1519 τοῦτο
3106 1466 3166 1517 οὐ
3196 1463 3492 1535 βούλονται,
3520 1462 3639 1516 ἀλλὰ
3662 1461 3732 1515 θέ-

515 1557 730 1606 modum
760 1553 1082 1620 portavimus
1111 1553 1391 1622 imaginem
1425 1553 1638 1618 terreni,
1661 1564 1928 1616 portemus
1962 1558 2092 1610 ima-

2197 1559 2348 1610 λουσι
2387 1557 2565 1626 λέγειν
2609 1557 2731 1610 τότε
2782 1557 2880 1628 μὲν
2924 1553 3063 1610 εἶναι
3109 1554 3170 1608 τὸ
3211 1556 3332 1608 κατν
3371 1555 3549 1607 εἰκόνα
3589 1555 3639 1605 ὲν
3674 1552 3733 1621 τῷ

517 1645 684 1714 ginem
716 1654 767 1700 et
795 1643 1018 1699 caelestis
1071 1647 1112 1700 ³.
1162 1643 1302 1699 Sunt
1331 1645 1422 1715 qui
1459 1644 1561 1699 hac
1593 1645 1850 1716 opinione
1894 1646 2094 1715 rejecta

2212 1648 2402 1719 Ἀδὰμ,
2433 1648 2538 1710 ἕως
2577 1649 2666 1701 ὅτε
2717 1650 2775 1701 ὲν
2822 1650 3072 1719 παρακοῇ
3117 1646 3329 1714 γέγονε,
3375 1647 3468 1698 καὶ
3505 1644 3734 1715 βέὂρωκεν

517 1735 590 1789 ita
625 1736 862 1792 sentiant
892 1755 907 1790 :
937 1736 1078 1792 Olim
1108 1738 1326 1808 quidem
1359 1738 1415 1792 in
1439 1737 1651 1793 Adamo
1677 1737 1916 1793 divinam
1949 1739 2094 1792 illam

2155 1804 2163 1808 _
2197 1738 2306 1791 ἀπὸ
2353 1735 2449 1790 τοῦ
2500 1736 2678 1802 ξύλου,
2706 1737 2800 1790 καὶ
2849 1735 3088 1807 ἐξεώσθη
3111 1752 3124 1766 ·
3189 1736 3281 1804 ἀφ’
3321 1730 3383 1789 οὖ
3424 1735 3478 1787 δὲ
3514 1732 3732 1801 ἐξεώσθη,

518 1825 807 1896 imaginem
834 1827 1132 1892 exstitisse,
1173 1827 1347 1883 donec
1392 1828 1759 1898 in'peccatum
1789 1828 1975 1898 lapsus
2005 1844 2094 1882 ar-

2265 1827 2449 1881 ιώλεσε
2493 1828 2554 1882 τὸ
2598 1830 2716 1882 κατ’
2760 1802 2965 1882 εἰκόνα.
3012 1802 3124 1881 Kal.
3180 1802 3348 1897 πολλή
3399 1842 3480 1888 τις
3519 1825 3623 1877 ἐστὶ
3653 1824 3736 1875 τῶν
3837 1804 3842 1832 ⁸

519 1914 670 1971 boris
727 1915 904 1972 fructu
951 1926 1284 1984 vesceretur,
1312 1927 1474 1988 atque
1524 1931 1553 1970 a
1602 1917 1842 1988 paradisi
1895 1918 2094 1974 ﬂnibus

2203 1922 2506 1994 ἀνθρώπων
2554 1921 2874 1994 μυθοποιίαο
2915 1917 2996 1986 οἷς
3034 1921 3095 1974 οὐ
3152 1919 3258 1991 χρὴ
3307 1919 3430 1973 οὐδὲ
3467 1918 3590 1990 πρὸς
3621 1917 3735 1988 ὥραν

521 2008 1009 2076 exterminaretur;
1046 2018 1398 2080 posteaquam
1441 2023 1569 2064 vero
1611 2008 1803 2078 pulsus
1844 2017 1952 2074 est,
1987 2017 2095 2063 tum

2201 2010 2362 2079 εἶξαι,
2398 2014 2523 2068 οὔτε
2554 2014 2785 2081 τούτοις,
2815 2011 2940 2066 οὕτε
2973 2013 3200 2074 ὲκείνοις
3236 2013 3349 2073 τοῖς
3388 2009 3598 2082 οὕτωςῆ
3626 2006 3737 2060 οὕτω

521 2110 735 2152 omnem
766 2098 912 2152 illam
940 2099 1229 2169 imaginem
1262 2098 1511 2171 periisse.
1545 2097 1737 2168 Magna
1768 2108 1851 2154 est
1879 2099 2098 2154 omnino

2201 2107 2449 2173 λέγουσιν
2469 2123 2483 2136 ·
2527 2106 2644 2159 ἀλλ’
2679 2101 2816 2159 εἶναι
2864 2105 2962 2176 μὲν
2994 2103 3268 2156 πιστεύειν
3306 2104 3366 2155 ἐν
3405 2101 3479 2172 τῷ
3515 2099 3737 2169 ἀνθρώπῳ

520 2186 574 2241 in
624 2189 995 2260 conﬁngendis
1043 2189 1252 2246 fabulis
1290 2190 1569 2244 hominum
1623 2187 1890 2258 ejusmodi
1945 2189 2097 2244 licen-

2203 2197 2264 2250 τὸ
2317 2197 2436 2251 κατ’
2493 2197 2708 2262 εἰκόνα,
2767 2199 2826 2249 ὲν
2877 2196 3039 2249 παντὶ
3091 2195 3146 2247 δὲ
3207 2195 3441 2264 μάλιστα
3467 2234 3480 2255 ,
3535 2193 3616 2244 καὶ
3665 2191 3738 2258 οὐχ

522 2279 618 2333 tia.
654 2279 862 2346 Quibus
891 2298 959 2338 ne
992 2283 1058 2337 ad
1093 2283 1282 2336 horam
1317 2282 1535 2353 quidem
1567 2281 1761 2336 cedere
1802 2290 2016 2351 oportet
2048 2283 2100 2349 ’ς
2207 2287 2414 2351 ἁπλῶς.

522 2381 574 2431 et
621 2379 838 2450 quidem
889 2395 996 2432 non
1037 2377 1158 2434 istis
1196 2376 1376 2439 modo,
1428 2375 1522 2430 sed
1571 2389 1670 2428 nec
1709 2373 1836 2441 illis,
1873 2374 1966 2444 qui
2013 2375 2117 2431 hoc
2156 2390 2249 2434 aut
2297 2381 2388 2435 illo
2429 2389 2587 2450 pacto
2625 2383 2868 2437 sentiunt
2933 2399 2945 2436 :
2989 2381 3062 2435 ita
3113 2393 3274 2450 porro
3318 2377 3628 2433 credendum
3677 2387 3741 2432 est

523 2474 809 2546 imaginem
861 2473 916 2526 in
964 2470 1182 2526 homine
1227 2467 1474 2538 reperiri,
1507 2473 1566 2520 ut
1605 2466 1658 2520 in
1699 2475 1813 2522 toto
1853 2469 2087 2525 maxime
2119 2486 2218 2528 nec
2249 2474 2569 2544 simpliciter
2627 2474 2882 2529 resideat.

591 2588 858 2642 Caeterum
886 2584 1105 2639 ubinam
1128 2583 1217 2637 illa
1249 2581 1483 2636 maxime
1504 2580 1575 2635 sit
1592 2587 1646 2635 et
1663 2596 1767 2649 qua
1786 2590 1938 2650 parte
1960 2596 2108 2636 com-

2285 2585 2396 2640 Ποῦ
2425 2587 2482 2640 δέ
2515 2590 2684 2651 ἐστιν,
2729 2587 2762 2658 ἢ
2813 2585 2917 2639 ποῦ
2952 2584 3303 2656 πεπλήρωται
3336 2584 3400 2638 τὸ
3439 2583 3549 2637 κατ’
3577 2580 3741 2644 εἰκόνι,

525 2679 914 2753 pleatur,quod
945 2678 1147 2730 dictum
1182 2683 1282 2736 est,
1315 2674 1383 2729 ad
1422 2673 1736 2743 imaginem,
1766 2673 1908 2728 Deus
1937 2674 2102 2739 novit,

2215 2675 2364 2746 αὐτῷ
2401 2677 2545 2748 μόνῳ
2591 2676 2855 2745 ἔγνωσται
2897 2674 2974 2746 τῷ
3014 2675 3152 2747 Θεῷ,
3196 2673 3337 2728 κατὰ
3383 2674 3536 2745 χάριν
3572 2671 3638 2741 τῷ
3670 2672 3742 2724 ἀν-

523 2771 618 2841 qui
669 2769 930 2840 singulari
963 2770 1066 2821 hoc
1110 2766 1365 2835 imaginis
1395 2780 1508 2820 suae
1536 2763 1798 2818 beneﬁcio
1827 2765 2100 2818 hominum

2217 2767 2418 2838 θρώπῳ
2449 2765 2818 2838 δωρησαμένῳ
2855 2765 2915 2818 τὸ
2961 2766 3079 2818 κατ’
3127 2763 3327 2818 εἰκόνα.
3376 2763 3506 2817 Οὔτε
3539 2763 3632 2833 γὰρ
3666 2762 3744 2813 ἀπ-

523 2876 696 2933 genus
726 2860 935 2914 allicere
955 2859 1144 2912 voluit.
1168 2857 1352 2928 Neque
1378 2872 1508 2912 vero
1527 2856 1668 2911 hanc
1693 2856 1781 2911 ille
1806 2856 2100 2926 perdidisse

2216 2858 2414 2912 ώλεσεν
2440 2860 2468 2912 ὁ
2499 2857 2784 2928 ἄνθρωπος
2816 2857 2876 2910 τὸ
2899 2857 3017 2909 κατ’
3049 2855 3232 2908 εἰκόνα
3253 2871 3265 2884 ·
3299 2854 3416 2907 ἀλλ’
3453 2856 3499 2907 εἰ
3527 2853 3621 2922 ἄρα
3649 2853 3745 2920 ὲχυ-

524 2953 800 3024 putandus
822 2958 906 3008 est
923 2990 938 3015 ,
962 2950 1176 3005 tametsi
1196 2949 1312 3004 sine
1331 2949 1440 3003 ullo
1457 2963 1639 3002 rerum
1659 2946 1976 3003 discrimine
1991 2963 2101 3018 gra-

2214 2951 2413 3006 δαίωσε
2466 2950 2528 3003 τὸ
2579 2950 2698 3003 κατ’
2731 2949 2936 3010 εἰκόνα,
2985 2945 3214 3018 μολύνας
3254 2945 3445 2998 ἑαυτὸν
3485 2945 3537 2996 ὲν
3567 2940 3745 3008 ἀδιαφό-

524 3044 765 3100 vissimis
793 3058 852 3100 se
878 3042 1176 3098 sceleribus
1201 3041 1515 3110 inquinans,
1539 3039 1737 3093 divinae
1763 3038 1892 3092 illud
1917 3038 2101 3109 imagi‘

2219 3060 2331 3114 ροις
2359 3041 2646 3111 πράγμασι
2675 3040 2768 3093 καὶ
2807 3038 3125 3108 ἀνηκέστοις
3167 3036 3481 3107 ἁμαρτίαις.
3512 3033 3632 3086 Ἰδοὺ
3664 3031 3747 3100 γὰρ

523 3137 612 3193 nis
633 3135 800 3192 decus
829 3135 931 3189 vile
966 3133 1348 3203 abjectumque
1387 3132 1701 3187 reddiderit.
1731 3130 1940 3200 Quippe
1987 3140 2100 3200 post

2172 3148 2178 3201 ι
2215 3135 2351 3206 μετὰ
2393 3135 2482 3188 τὴν
2516 3131 2688 3202 Ἀδὰμ
2731 3131 2807 3202 τῷ
2851 3130 2973 3184 Νῶε
3007 3129 3190 3198 λέγει’
3236 3127 3384 3182 Ἰδοὺ
3429 3123 3635 3179 δέδωκά
3671 3136 3749 3175 σοι

525 3229 790 3284 Adamum
813 3227 887 3280 ita
906 3225 1048 3281 Deus
1077 3225 1338 3282 Noemum
1366 3225 1658 3295 alloquitur
1685 3241 1699 3278 :
1722 3222 1853 3278 Ecce
1873 3222 1992 3277 dedi
2015 3223 2102 3276 tibi

2216 3226 2412 3281 πάντα
2443 3225 2522 3292 ὡς
2556 3223 2795 3293 λάχανα
2839 3222 3055 3293 ἀγροῦο
3099 3220 3312 3285 θῦσον,
3355 3219 3451 3272 καί
3494 3215 3645 3287 φάγε.
3673 3210 3749 3278 Μὴ

524 3321 704 3376 omnia
734 3329 983 3388 tanquam
1005 3317 1150 3372 olera
1176 3318 1292 3387 agri
1315 3332 1333 3380 ;
1363 3325 1538 3370 macta
1564 3325 1614 3370 et
1641 3313 1867 3369 comede.
1885 3314 2101 3369 Carnem

2217 3319 2370 3390 φάγε
2396 3317 2591 3387 σάρκα
2619 3317 2688 3370 ἐν
2716 3317 2916 3386 αἵματι
2949 3313 3192 3384 ψυχῆς-θ
3224 3313 3312 3366 ὅτι
3347 3311 3462 3382 ἐγὼ
3496 3305 3750 3388 ἐκζητήσω

527 3427 642 3465 cum
660 3411 848 3463 anima:
863 3408 1114 3479 sanguine
1133 3423 1194 3461 ne
1207 3405 1466 3469 comedas,
1480 3405 1727 3473 quoniam
1739 3421 1831 3474 ego
1848 3403 2104 3473 requiram

2218 3407 2323 3474 τὰς
2363 3406 2569 3475 ψυχὰς
2616 3403 2804 3475 ὑμῶν.
2831 3403 2958 3470 Πᾶς
2987 3406 3019 3457 ὀ
3058 3401 3286 3472 ἐκχέων
3311 3395 3458 3470 αἷμα
3488 3393 3749 3462 ἀνθρώπου

527 3501 735 3554 animus
758 3508 976 3552 vestras.
1011 3497 1316 3566 Quicunque
1342 3493 1584 3563 eﬂ‘uderit
1613 3495 1919 3564 sanguinem
1951 3492 2104 3546 homi-

2217 3499 2316 3553 ἐπὶ
2355 3498 2464 3567 τῆς
2493 3497 2626 3567 γῆς,
2657 3496 2789 3552 ἀντὶ
2819 3495 2924 3552 τοῦ
2959 3495 3206 3564 αἵματος
3243 3490 3434 3546 αὐτοῦ
3465 3482 3750 3556 ἐκχυθήσε-

530 3593 611 3646 uis
640 3592 694 3645 in
724 3601 885 3653 terra,
915 3605 1010 3658 pro
1045 3588 1203 3657 hujus
1233 3588 1486 3658 sanguine
1515 3585 1662 3640 illius
1691 3585 1905 3656 sanguis
1936 3585 2107 3653 eﬂun-

2218 3606 2312 3645 ται
2353 3589 2420 3643 τὸ
2461 3583 2605 3658 αἷμα
2634 3588 2848 3642 αὐτοῦ·
2883 3586 2974 3641 ὅτι
3012 3586 3081 3640 ἐν
3120 3586 3307 3638 εἰκόνι
3359 3579 3505 3637 Θεοῦ
3539 3575 3751 3640 ἐποίησα

528 3687 684 3738 detur
706 3696 726 3735 :
754 3698 813 3735 eo
847 3680 986 3751 quod
1016 3679 1085 3733 ad
1115 3678 1396 3748 imaginem
1424 3675 1525 3731 Dei
1557 3675 1817 3730 hominem
1857 3675 2105 3745 fecerim:

2219 3679 2326 3734 τὸν
2358 3680 2669 3752 ἄνθρωπον
2688 3696 2701 3708 ·
2730 3677 2830 3732 καὶ
2856 3675 2973 3747 ἐγὼ
3011 3674 3316 3743 ἐκζητήσω
3364 3673 3431 3726 τὸ
3458 3665 3591 3740 αἷμα
3621 3661 3752 3734 ὑμῶν

529 3787 578 3831 et
635 3792 730 3847 ego
786 3775 1052 3844 requiram
1103 3770 1410 3841 sanguinem
1454 3779 1684 3823 vestrum
1735 3767 1800 3821 ab
1853 3782 1913 3822 eo
1970 3766 2106 3820 omni

2220 3775 2289 3829 ὲκ
2311 3771 2540 3837 παντὸς
2565 3770 2671 3825 τοῦ
2702 3769 3020 3838 ἐκχέοντος
3047 3767 3193 3821 αὐτὸ
3217 3765 3318 3821 ἐπὶ
3350 3767 3654 3833 πρόσωπον
3669 3752 3751 3847 τῆς

529 3844 954 3938 quodve/fuderit
1006 3866 1180 3935 ipsum
1225 3877 1381 3932 super
1432 3861 1624 3931 faciem
1675 3870 1830 3914 terra:
1873 3859 1915 3915 ⁸.
1948 3857 2106 3913 Vides

2221 3862 2352 3934 γῆς.
2385 3861 2495 3916 Καὶ
2527 3863 2678 3933 ὁρᾷς,
2710 3861 2790 3914 ὅτι
2819 3862 2875 3913 ὲν
2915 3859 2993 3930 τῷ
3019 3857 3287 3930 ἀνθρώπῳ
3325 3855 3540 3924 λέγεται
3578 3849 3632 3902 τὸ
3661 3844 3753 3938 κατ’

533 3935 593 4016 ut
627 3961 681 4016 in
717 3935 957 4022 homine,
988 3963 1113 4027 post
1153 3955 1418 4010 decimam
1454 3954 1524 4033 ab
1564 3953 1770 4008 Adamo
1812 3950 2110 4023 generatio-

2223 3956 2406 4010 εἰκόνα
2445 3953 2584 4024 μετὰ
2624 3953 2855 4022 δεκάτην
2875 3950 3067 4019 γενεὰν
3095 3949 3188 4002 τοῦ
3228 3947 3319 4001 τὸν
3354 3947 3530 4016 Ἀδὰμ
3555 3935 3754 4033 πλῆσῆο

531 4068 677 4119 nem,
737 4051 916 4120 imago
963 4047 1058 4102 Dei
1105 4029 1517 4103 constituatur?
1557 4044 1699 4110 Quin
1735 4043 1899 4097 etiam
1947 4041 2108 4096 David

2222 4065 2344 4115 vat;
2382 4048 2533 4118 Ἅμα
2581 4046 2639 4100 δὲ
2689 4045 2783 4100 καὶ
2820 4043 2981 4096 Δαὸὶδ
3035 4041 3172 4112 μετὰ
3207 4039 3375 4093 πολὺν
3421 4037 3600 4110 χρόνον
3641 4029 3755 4124 λὲγξι

533 4145 693 4215 longo
719 4149 910 4212 postea
943 4151 1184 4210 tempore
1214 4153 1280 4193 ex
1317 4136 1493 4193 sancti
1540 4136 1778 4206 Spiritus
1812 4133 1993 4188 aﬂlatu
2027 4148 2110 4188 ce-

2224 4137 2500 4209 Πνεύματι
2557 4136 2731 4207 ἁγίῳ·
2806 4135 2882 4190 Τὰ
2932 4134 3254 4203 σύμπαντα
3297 4128 3626 4215 ματαιότηςῇ
3665 4134 3751 4215 παι

533 4236 709 4291 cinit:
748 4232 1004 4288 Universa
1048 4231 1254 4286 uanitas
1305 4230 1474 4283 omnis
1524 4228 1678 4284 homo
1733 4228 1904 4283 vivens
1943 4225 1985 4278 ⁵.
2020 4224 2110 4279 Se-

2223 4207 2531 4297 ᾶνθρωπος
2575 4227 2706 4289 ζῶν.
2743 4225 2909 4279 Ἀλλὰ
2945 4227 3040 4279 καὶ
3086 4223 3318 4293 καθεξῆς
3367 4219 3504 4293 μετὰ
3545 4213 3704 4272 τοῦτον
3736 4207 3757 4259 ό

533 4323 776 4378 cundum
828 4337 988 4393 quem
1034 4321 1328 4391 Apostolus
1368 4339 1382 4374 :
1432 4319 1520 4373 Vir
1573 4336 1779 4375 comam
1833 4317 1975 4372 alere
2015 4335 2110 4372 non

2237 4320 2554 4383 Ἀπόστολός
2592 4336 2757 4389 φησιν
2777 4334 2790 4349 ·
2837 4315 3020 4384 Ἀνὴρ
3059 4317 3167 4369 οὐκ
3201 4312 3430 4381 ὀφείλει
3477 4306 3669 4379 κομᾷν,
3699 4300 3747 4393 ςι-

535 4415 704 4478 debet,
736 4391 932 4484 inquit,
969 4430 1087 4467 cum
1119 4415 1188 4468 sit
1223 4414 1399 4481 imago
1432 4421 1481 4466 st
1509 4412 1682 4482 gloria
1721 4411 1817 4466 Dei
1845 4411 1888 4465 ⁸.
1927 4409 2033 4465 Sed
2066 4417 2112 4464 el

2225 4413 2347 4469 κὼν
2371 4414 2468 4466 καί
2502 4411 2652 4477 δόξα
2687 4411 2834 4466 Θεοῦ
2858 4408 3163 4478 ὑπάρχων.
3195 4403 3360 4459 Ἀλλὰ
3392 4403 3484 4458 καὶ
3512 4397 3637 4472 μετᾶ
3659 4391 3756 4484 10:3-

538 4513 661 4575 post
707 4481 857 4558 illum
905 4502 1142 4558 Jacobus
1191 4503 1259 4558 de
1312 4481 1833 4573 linguaidisputans
1865 4521 1877 4556 :
1915 4499 2115 4556 Malum

2182 4503 2316 4557 ὶτον
2342 4501 2598 4567 Ἰάκωϐος
2635 4503 2855 4569 φάσκει,
2899 4498 3073 4567 λέγων
3122 4497 3249 4567 περὶ
3288 4495 3387 4565 τῆς
3428 4490 3676 4562 γλώσσηςς
3698 4481 3759 4535 δτι

536 4606 635 4656 est,
691 4596 886 4664 inquit,
939 4593 1312 4658 intractabile,
1367 4593 1522 4664 plena
1575 4609 1764 4648 veneno
1824 4592 2113 4661 mortifero.

2239 4594 2679 4665 Ἀκατάσχετον
2723 4591 2936 4658 κακὸν,
2978 4587 3175 4660 μεστὴ
3233 4586 3324 4641 ἰοῦ
3370 4579 3757 4665 θανατηφόρουἶ

536 4687 702 4759 815
760 4661 828 4742 in
883 4688 1003 4757 ipsa
1059 4661 1406 4742 benedicimus
1457 4687 1622 4741 Deum
1680 4695 1732 4741 et
1779 4685 2030 4747 Patrem;
2070 4695 2113 4738 et

2238 4689 2333 4742 Ἐν
2365 4661 2535 4756 αἱ)τῆ⁷
2563 4684 2937 4756 εὐλογοῦμεν
2965 4681 3070 4735 τὸν
3109 4679 3257 4734 Θεὸν
3291 4677 3389 4731 καὶ
3434 4671 3666 4739 Πατέρα,
3688 4661 3759 4759 καί

538 4752 756 4846 ivit—ipsa
806 4752 1172 4832 maledicimus
1223 4777 1542 4840 hominibus,
1581 4780 1673 4848 qui
1719 4776 1788 4829 ad
1839 4775 2115 4844 imaginem

2223 4779 2294 4833 ἐν
2322 4752 2896 4848 αὐτῆ-καταρώμεθα
2923 4773 3066 4842 τοὺς
3101 4769 3471 4838 ἀνθρώπους,
3499 4762 3629 4826 τοὺς
3659 4752 3759 4848 κατ’

539 4842 667 4926 1ὶεὶ⁷
692 4871 823 4941 facti
865 4880 1009 4926 sunt.
1058 4869 1180 4926 Non
1226 4878 1426 4941 oportet
1477 4842 1604 4925 Itch
1635 4870 1714 4924 ita
1747 4869 1884 4939 ﬁeri,
1924 4842 2116 4938 fratres

2221 4870 2424 4922 εἰκόνα
2445 4842 2604 4922 -Θεοῦ
2632 4842 2970 4937 {egeram
3011 4864 3095 4916 οὐ
3125 4860 3241 4930 χρὴ
3276 4859 3461 4913 ταῦτα
3495 4854 3667 4950 οὕτως

540 4965 642 5018 mei
673 4964 714 5018 ⁸.
751 4961 826 5017 Ex
864 4961 1064 5032 quibus
1092 4940 1318 5032 apparet
1343 4975 1533 5015 eorum
1557 4974 1751 5031 vanam
1795 4975 1917 5016 esse
1955 4961 2117 5015 ratio-

2222 4965 2453 5024 νεσθαι,
2490 4959 2742 5028 ἀδελφοί
2773 4976 2908 5027 μου.
2941 4956 3051 5010 Καὶ
3079 4956 3203 5026 ὅρα,
3240 4953 3322 5008 ὅτι
3356 4949 3604 5016 ἐξέπεσεν
3637 4940 3759 5032 ὸ-λόε

541 5069 662 5111 nem
693 5052 787 5124 qui
839 5029 1250 5106 Ademtum—Dei
1304 5050 1591 5122 imaginem
1634 5029 1888 5110 amisisse
1929 5050 2118 5122 praedi-

2223 5070 2320 5123 γος
2357 5053 2466 5106 τῶν
2511 5051 2776 5122 λεγόντων
2810 5049 2901 5104 τὸν
2937 5047 3110 5118 metu
3141 5045 3200 5099 τὸ
3233 5043 3352 5098 κατ’
3377 5041 3556 5095 εἰκόνα
3582 5029 3759 5089 ἀπολω-

539 5155 691 5203 cant.

2224 5145 2465 5199 λεκέναι.

617 5259 705 5315 ιν.
723 5260 932 5328 Quibus
948 5274 1076 5315 vero
1103 5258 1309 5330 placo“.
1321 5258 1376 5313 in
1404 5257 1584 5312 anima
1603 5256 1834 5327 positam
1851 5271 1976 5312 esse
1997 5255 2128 5311 ima-

2299 5259 2375 5314 Δ’.
2411 5255 2534 5311 Τῶν
2588 5255 2645 5312 δὲ
2705 5254 2868 5308 πάλιν
2914 5253 3198 5322 λεγόντων,
3233 5247 3332 5320 τὴν
3370 5243 3542 5315 ψυχὴν
3581 5231 3772 5330 εἷναιᾼτὺ

539 5353 744 5423 ginem,
801 5354 947 5407 hunc
995 5352 1052 5404 in
1085 5349 1302 5405 modum
1337 5349 1735 5405 ratiocinantur
1766 5361 1830 5400 ac
1873 5361 1995 5401 sese
2030 5347 2116 5401 de-

2231 5351 2351 5403 κατ’
2398 5347 2604 5413 εἰκόνα,
2659 5348 2688 5400 ὁ
2739 5346 2896 5414 λόγος
2935 5343 3051 5398 ἐστὶ
3085 5340 3288 5396 τοιόσδε
3333 5338 3423 5391 καὶ
3451 5337 3483 5404 ἠ
3514 5325 3743 5393 ἀπολογία

542 5444 813 5500 feudunt:
846 5442 992 5512 quod
1031 5449 1086 5496 et
1129 5441 1473 5512 aspectabilis
1520 5439 1745 5492 minime
1781 5437 1853 5491 sit
1903 5438 2119 5507 perinde

2234 5438 2381 5501 Ὅτι,
2406 5439 2592 5511 φησιν,
2625 5438 2772 5492 ἔστιν
2794 5438 3042 5509 ἀόρατος,
3063 5435 3137 5498 ὡς
3168 5436 3196 5486 ὁ
3223 5431 3354 5493 Θεός
3378 5431 3520 5481 ἐστιν
3547 5423 3763 5512 ἀόρατος·

543 5547 610 5589 ac
645 5533 790 5590 Deus
822 5509 944 5600 est;
995 5533 1140 5604 quod
1186 5509 1418 5604 agendi,
1465 5529 1742 5594 movendi,
1793 5529 2120 5602 intelligendi

2235 5531 2560 5603 ἐνεργητική
2600 5533 2740 5594 ἐστι,
2766 5531 3019 5600 κινητική
3051 5529 3188 5581 ἐστι.
3214 5519 3520 5590 διανοητική
3558 5519 3680 5577 ἐστιν
3706 5509 3762 5559 λθ·

623 5733 824 5791 ‘ICor.
865 5753 950 5798 xv,
995 5735 1062 5788 ιε)
1157 5738 1175 5767 ³
1211 5733 1328 5788 Gal.
1359 5748 1417 5798 tt,
1453 5735 1506 5789 5.
1581 5734 1758 5790 ’Gen.
1798 5751 1872 5799 Ix,
1907 5738 1939 5789 5
1965 5753 2084 5805 sqq.
2155 5738 2174 5767 ⁸

2214 5736 2356 5790 Psal.
2397 5753 2575 5800 xxxvu,
2607 5735 2658 5790 6.
2737 5731 2801 5786 ⁵1
2831 5733 2957 5787 Cur.
2992 5749 3067 5797 xl,
3127 5733 3208 5788 ll.
3313 5729 3470 5784 ‘Jac.
3518 5739 3593 5783 ιιι,
3624 5718 3763 5781 Βειει·
