3994 6226
343 363 455 423 ωδ

979 366 1350 426 ADVERSUS
1388 369 1729 425 HERESES
1766 369 1893 424 LIB.
1934 368 2020 426 ill.
2062 368 2229 426 TOM.
2270 368 2400 425 1.-
2425 370 2697 427 IIA‘IRES.
2739 370 2901 427 LXX.

3496 368 3606 428 ΜΒ

343 482 562 553 γιστική
605 481 754 535 ἐστι’
795 482 891 537 καὶ
932 485 1123 538 τούτου
1178 486 1339 540 ἕνεκα
1382 488 1518 560 αὐτή
1560 491 1674 543 ἐστι
1706 489 1766 542 τὸ
1801 490 1920 542 κατ’

2027 502 2088 543 ac
2120 487 2477 542 ratiocinandi
2512 488 2602 543 ubi
2631 487 2853 557 praedita
2880 486 2952 542 sit
2980 506 2993 542 :
3027 486 3147 543 ideo
3177 486 3289 541 haec
3317 485 3602 555 imaginem

343 574 550 637 εἰκόνα,
594 574 781 646 ἐπειδὴ
825 574 961 628 Θεὸν
1002 577 1094 630 ἐπὶ
1131 578 1235 649 γῆς
1286 582 1549 650 μιμεῖται,
1600 580 1827 634 κινοῦσὰ
1860 598 1920 633 τε

342 664 442 718 καὶ
475 665 806 734 πράττουσα,
835 668 930 720 καὶ
966 667 1133 721 τάλλα
1173 670 1423 730 ποιοῦσα,
1447 672 1655 741 ὅσαπερ
1686 673 1825 726 κατά
1862 671 1923 724 τὸ

342 755 650 823 λογιστικὸν
681 757 910 828 πράττει
942 761 971 812 6
1007 758 1311 829 ἄνθρωπος.
1348 759 1705 833 Εὐρίσκονται
1734 762 1791 814 δὲ
1831 761 1923 814 καὶ

342 841 488 900 οὗτοι
521 845 973 917 συλλογιζόμενοι.
1006 848 1115 901 Καὶ
1139 849 1248 921 γάρ
1280 851 1326 902 εί
1355 851 1442 904 διὰ
1474 850 1646 905 ταῦτα
1678 852 1921 904 καλεῖται

343 940 464 989 κατ’
490 935 670 990 εἰκόνα
704 936 872 1007 ψυχὴ,
915 938 1097 992 οὐκέτι
1140 939 1360 995 δύναται
1391 938 1528 995 εἶναι
1558 944 1678 995 κατ’
1717 941 1918 996 εἰκόνα.

354 1028 415 1081 ⁸0
464 1028 573 1100 γὰρ
613 1029 746 1092 Θεὸς
784 1030 1038 1085 ἐπέκεινα
1087 1034 1573 1104 μυριονταπλάσιον
1624 1033 1775 1105 παρὰ
1823 1036 1922 1106 τὴν

340 1117 542 1188 ψυχὴν,
579 1118 673 1172 καὶ
707 1118 787 1171 ἔτι
820 1120 1197 1192 περιττότερόν
1231 1122 1377 1175 ὲστιν
1419 1123 1801 1193 ἀκατάληπτος
1828 1123 1922 1177 καὶ

341 1208 716 1279 ἀπερινόητος,
743 1209 924 1264 πάντα
948 1210 1123 1275 εἰδὼς,
1154 1211 1222 1266 τά
1254 1212 1488 1286 προόντα
1540 1216 1634 1268 καὶ
1668 1215 1735 1268 τά
1775 1232 1919 1286 παρ-

342 1299 491 1364 ὄντα,
521 1298 613 1369 καὶ
637 1297 887 1369 ὁρώμενα
922 1300 1109 1353 καὶτὰ
1148 1300 1223 1373 μὴ
1249 1301 1519 1373 ὁρώμενα,
1551 1304 1762 1375 πέρατα
1793 1304 1918 1372 γῆς,

343 1390 438 1441 καὶ
481 1389 762 1458 πυθμένας
806 1390 1066 1455 ἀϐύσσου,
1118 1393 1263 1463 ἄκρα
1312 1394 1576 1466 οὐρανῶν,
1616 1396 1711 1448 καλ⁵
1743 1398 1921 1450 πάντα

341 1480 410 1532 τὰ
445 1480 594 1545 ὄντα,
631 1481 791 1544 αὐτὸς
839 1481 1107 1552 περιέχων
1156 1483 1225 1536 τά
1270 1484 1467 1547 πάντα,
1496 1486 1590 1545 ὐπ’
1623 1487 1833 1551 οὐδενὸς
1864 1488 1919 1540 δὲ

342 1569 747 1639 περιεχόμενος.
792 1570 857 1623 Ἦ
903 1571 960 1624 δὲ
1014 1570 1159 1642 ψυχὴ
1214 1574 1525 1644 περιέχεται
1568 1576 1667 1645 μὲν
1709 1579 1765 1629 ὲν
1817 1577 1920 1630 σώ-

344 1679 493 1731 ματι,
522 1663 704 1731 ἀγνοεῖ
731 1662 787 1716 δὲ
814 1662 1050 1716 ἀϐύσσου
1087 1665 1214 1728 τοὺς
1248 1666 1547 1737 πυθμένας,
1578 1668 1670 1721 καὶ
1706 1669 1921 1723 ἐπίστα-

338 1765 432 1801 ται
475 1748 536 1801 τὸ
582 1745 740 1821 εὖρος
790 1750 892 1820 τῆς
942 1751 1081 1821 γῆς,
1133 1752 1380 1824 τέρματα
1430 1757 1527 1827 τῆς
1596 1759 1919 1830 οἰκουμένης

2023 581 2438 652 complectitur;
2502 578 2647 648 quod
2696 577 2993 641 movendo,
3034 574 3242 647 agendo
3285 590 3348 628 ac
3400 574 3603 641 reliqua

2022 673 2204 728 omnia
2244 668 2569 742 praestando,
2615 683 2737 739 quae
2784 668 2994 722 ratione
3038 668 3105 721 ab
3153 665 3464 721 hominibus
3511 678 3605 733 ge-

2025 772 2239 829 runtur,
2272 763 2438 817 Deum
2471 761 2526 816 in
2557 760 2720 815 terris
2746 760 3008 813 imitetur.
3045 756 3152 813 Sed
3189 758 3277 813 isti
3320 756 3607 810 manifeste

2022 857 2088 911 ad
2135 856 2482 928 syllogismos
2528 850 2871 920 confugiunt.
2926 848 3060 903 Nam
3108 849 3154 903 si
3214 854 3493 917 propterea
3540 846 3606 899 ad

2023 945 2315 1016 imaginem
2370 942 2550 997 anima
2604 939 2746 994 facta
2795 938 3015 1000 dieitur,
3065 938 3131 992 ad
3178 938 3464 1005 imaginem
3496 936 3601 988 diei

2022 1037 2245 1091 omnino
2279 1050 2385 1090 non
2416 1041 2617 1105 potest.
2664 1030 2809 1085 Deus
2849 1030 2995 1085 enim
3036 1027 3259 1083 inﬁnitis
3286 1042 3396 1097 pne
3426 1027 3605 1080 anima

2020 1129 2289 1200 partibus,
2341 1140 2515 1197 eoque
2573 1120 2841 1193 amplius,
2890 1120 3427 1187 comprehensionem
3488 1133 3607 1171 om-

2020 1236 2145 1275 nem
2177 1234 2245 1274 ac
2276 1217 2659 1290 cogitationem
2704 1211 2912 1281 effugit,
2956 1220 3141 1281 utpote
3182 1210 3269 1263 cui
3323 1217 3607 1278 prospecta

2022 1319 2149 1369 sunt
2202 1310 2385 1365 omnia
2438 1318 2543 1362 tam
2595 1306 2872 1377 praeterita
2921 1317 3082 1374 quam
3136 1300 3447 1371 praesentia,
3496 1308 3606 1351 tam

2019 1417 2140 1473 qua:
2191 1400 2462 1465 videntur,
2504 1412 2669 1469 quam
2717 1410 2839 1465 quae
2885 1394 3051 1449 videri
3103 1398 3402 1461 nequeunt,
3450 1400 3609 1443 terra:

2023 1494 2179 1560 ﬁnes,
2226 1492 2506 1562 profundae
2552 1490 2827 1562 voraginis
2878 1489 3005 1553 ima,
3044 1485 3345 1541 caelestium
3392 1482 3606 1537 orbimn

2019 1598 2253 1646 summa,
2289 1581 2555 1652 quidquid
2606 1580 2840 1649 denique
2884 1577 3095 1647 uspiam
3139 1583 3243 1629 est.
3298 1574 3417 1644 Ipse
3462 1571 3607 1625 enim

2020 1688 2142 1727 cum
2174 1673 2357 1725 omnia
2387 1671 2817 1741 comprehendit,
2852 1676 2967 1723 ttnn
2998 1684 3027 1721 a
3067 1668 3217 1721 nullo
3245 1665 3610 1734 comprehen-

2019 1764 2183 1818 ditur.
2222 1762 2542 1818 Eeoutrario
2574 1777 2701 1817 vero
2767 1762 2947 1815 anima
2999 1773 3227 1828 corpore
3270 1757 3605 1818 continetur,

339 1840 546 1906 ἀγνοεῖ,
594 1840 740 1911 ἄκρα
783 1842 1025 1912 οὐρανῶν
1074 1842 1134 1895 οὐ
1188 1846 1500 1917 κατείληφε,
1548 1849 1687 1903 πόσα
1735 1850 1915 1918 μέλλει

2027 1856 2199 1925 abyssi
2253 1856 2477 1909 fundqu
2540 1855 2773 1924 ignorat,
2824 1861 2980 1908 terra:
3056 1849 3394 1904 latitudinem
3446 1855 3609 1916 atque

339 1930 584 1991 ἔσεσθαι,
612 1931 645 2003 ἦ
676 1933 805 1986 πότε
830 1934 1059 2003 γίνεται,
1089 1934 1231 1987 πόσα
1262 1954 1322 1989 τε
1361 1938 1467 2006 πρὸ
1495 1941 1664 2009 αὐτῆς
1699 1942 1922 2012 γεγένη-

2027 1946 2174 2001 orbis
2223 1946 2535 2001 habitabilis
2588 1945 2789 1999 limites
2841 1944 3050 2009 nescit;
3081 1943 3342 1996 caelorum
3393 1954 3606 1994 summa

337 2040 451 2083 ται.
494 2025 603 2077 Καὶ
644 2025 813 2079 πολλά
850 2026 965 2079 ἐστι
1001 2026 1129 2097 περὶ
1174 2028 1346 2099 αὐτῆς
1382 2032 1478 2083 καὶ
1520 2031 1627 2084 τῶν
1667 2032 1922 2086 τοιούτων

2027 2050 2134 2088 non
2154 2036 2494 2105 assequitur,
2516 2050 2694 2105 neque
2716 2036 2845 2106 quid
2880 2035 3122 2090 futurum
3147 2035 3240 2099 sil,
3270 2039 3362 2087 aut
3390 2031 3608 2101 quando

338 2113 537 2182 λέγειν.
571 2116 720 2186 ’Ἅμα
759 2117 815 2169 δὲ
860 2120 954 2171 καὶ
998 2123 1297 2193 μερισμοὺς
1338 2120 1480 2191 ἔχει·
1519 2120 1651 2185 Θεὸς
1690 2122 1746 2175 δὲ
1789 2124 1922 2193 ἀμέ-

2027 2123 2293 2192 futurum,
2323 2132 2417 2179 aut
2444 2141 2566 2195 quae
2596 2133 2721 2181 ante
2752 2142 2810 2182 se
2833 2126 2945 2196 jam
2967 2126 3272 2180 exstiterint
3304 2123 3604 2193 cognoscit.

340 2206 526 2277 ριστός
576 2208 712 2260 ἐστι.
765 2210 902 2278 Φησὶ
955 2210 1065 2281 γὰρ
1115 2215 1143 2265 6
1191 2211 1543 2275 ’Λπόστολοςο
1580 2211 1711 2266 Ζῶν
1743 2214 1852 2283 γὰρ
1890 2217 1922 2268 d

2027 2218 2104 2269 Ad
2139 2217 2253 2271 haec
2287 2218 2440 2287 plura
2486 2219 2592 2272 alia
2639 2226 2747 2271 tam
2786 2218 2853 2274 de
2902 2219 2991 2271 illa
3027 2234 3189 2287 quam
3221 2218 3287 2272 de
3311 2218 3524 2272 eteteris
3556 2213 3609 2268 id

336 2296 521 2364 λόγος
552 2296 657 2349 τοῦ
690 2297 837 2351 Θεοῦ
870 2300 968 2352 καὶ
1002 2299 1268 2369 ἐνεργὴς,
1293 2300 1389 2353 καὶ
1413 2301 1738 2368 τομώτερος
1768 2302 1920 2369 ὑπὲρ

2027 2324 2195 2378 genus
2218 2324 2652 2365 commemorare
2674 2324 2986 2379 possumus.
3019 2307 3285 2363 Prmterea
3312 2323 3435 2363 cum
3465 2307 3608 2360 Dens

338 2385 549 2439 πᾶσαν
570 2387 872 2455 μάχαιραν
906 2388 1214 2460 δίστομον,
1257 2391 1353 2444 καί
1383 2391 1792 2461 διικνούμενος
1815 2392 1920 2461 μέ-

339 2494 439 2545 χρι
480 2479 775 2546 μερισμοῦ
803 2480 1012 2549 ψυχῆς
1051 2483 1150 2535 καὶ
1184 2479 1460 2550 μυελῶν·
1514 2482 1612 2535 καὶ
1662 2484 1921 2549 κριτικὸς

337 2568 730 2635 ἐνθυμήσεων
781 2572 878 2624 καὶ
922 2571 1190 2627 ἐννοιῶν.
1225 2573 1334 2626 Καὶ
1386 2574 1497 2626 οὐκ
1539 2572 1671 2626 ἐστι
1724 2574 1920 2640 κτίσις

338 2658 580 2726 ἀφανὴς
621 2661 877 2716 ἐνώπιον
917 2664 1123 2725 αὐτοῦ,
1175 2664 1269 2718 καὶ
1303 2664 1372 2717 τά
1413 2662 1561 2733 ἑξῆς.
1612 2664 1721 2716 Καὶ
1763 2666 1917 2736 ὁρᾷς,

338 2749 423 2801 ὅτι
448 2751 661 2803 διέπεσε
687 2754 780 2805 καὶ
808 2753 1011 2807 τούτων
1042 2756 1070 2807 ό
1102 2755 1277 2823 λόγος.

2021 2400 2308 2454 divisionis
2350 2401 2530 2455 omnis
2576 2416 2772 2471 expers
2812 2402 2905 2463 sit,
2937 2401 3116 2453 anima
3170 2400 3287 2467 ipsa
3313 2399 3607 2461 dividitur;

2021 2489 2164 2557 quod
2198 2488 2284 2542 his
2322 2487 2505 2543 verbis
2545 2489 2835 2557 Apostolus
2863 2487 3105 2540 indicat:
3154 2485 3305 2539 Vivus
3354 2492 3431 2537 est
3469 2484 3609 2536 enim

2021 2596 2191 2632 sermo
2243 2580 2359 2643 Dei,
2398 2588 2446 2634 et
2480 2580 2680 2649 efﬁcax,
2729 2588 2777 2632 et
2823 2578 3198 2647 penetrabilior
3249 2576 3391 2629 omni
3430 2574 3611 2644 gladio

2023 2672 2262 2739 ancipiti,
2294 2682 2342 2726 et
2374 2674 2669 2741 pertingens
2709 2689 2869 2741 usque
2898 2672 2967 2724 ad
2998 2672 3306 2723 divisionem
3339 2668 3530 2721 animm
3560 2674 3608 2717 et

2024 2765 2500 2830 medullarumfet
2546 2764 2867 2833 disceptator
2911 2764 3311 2833 cogitationum,
3352 2772 3399 2814 et
3439 2762 3611 2813 inlen-

340 2847 541 2899 tionmn
590 2847 783 2903 cordis.
838 2848 1019 2921 Neque
1058 2860 1136 2905 est
1189 2861 1434 2907 creatura
1483 2854 1691 2908 occulta
1740 2869 1919 2907 coram
1954 2858 2067 2926 ἰμεο
2101 2862 2141 2924 ³,
2173 2869 2279 2916 etc.
2332 2860 2407 2915 Ex
2464 2861 2664 2931 quibus
2714 2860 2969 2914 omnibus
3017 2860 3231 2912 illorum
3274 2856 3459 2928 opinio
3521 2868 3609 2907 re-

340 2937 565 2995 icllitur.

413 3031 490 3083 E'.
526 3032 631 3084 Καὶ
658 3032 764 3085 τῶν
789 3032 993 3105 [πάλιν]
1027 3034 1290 3103 λεγόντων
1335 3036 1396 3089 τὸ
1440 3036 1598 3089 σῶμα
1627 3032 1765 3089 εἶναι
1795 3038 1917 3090 κατ’

2097 3035 2158 3088 ν.
2196 3035 2305 3091 Nec
2340 3037 2521 3091 minus
2566 3045 2622 3089 et
2671 3035 2898 3089 aliorum
2948 3034 3239 3103 rejicienda
3288 3036 3556 3089 sententia
3588 3076 3606 3103 ,

339 3120 523 3173 εἰκόνα
540 3120 815 3175 διαπίπτει
838 3123 998 3177 πάλιν
1022 3125 1049 3175 ό
1074 3125 1247 3193 λόγος.
1274 3124 1396 3188 Πῶς
1414 3126 1522 3196 γὰρ
1540 3128 1761 3180 δυνατὸν
1785 3125 1920 3181 εἶναι

2027 3128 2118 3199 qui
2170 3143 2370 3211 corpus
2415 3127 2480 3180 ad
2523 3126 2811 3196 imaginem
2852 3125 2941 3179 Dei
2985 3110 3115 3180 esse
3162 3125 3362 3178 factum
3412 3128 3608 3195 praedi-

337 3210 402 3260 τὸ
430 3210 622 3279 όρατὺν
647 3210 725 3282 τῷ
756 3214 971 3284 ἀοράτῳ
1001 3216 1407 3286 παραπλήσιον;
1438 3217 1556 3281 πῶς
1586 3219 1645 3271 τὸ
1680 3236 1921 3289 σωματι-

340 3302 439 3356 κὸν
476 3301 554 3373 τῷ
598 3303 905 3375 ἀσωμάτῳο
942 3305 1060 3369 πῶς
1092 3306 1152 3359 τὸ
1197 3307 1339 3379 ἁφὴν
1379 3308 1499 3379 ἔχον
1534 3310 1612 3380 τῷ
1648 3311 1917 3381 ἀκαταλή-

340 3411 499 3464 πτῳς
529 3394 771 3467 Ὀρῶμεν
798 3396 906 3467 γὰρ
934 3398 1093 3467 ἡμεῖς
1122 3399 1230 3452 ἀπὸ
1251 3398 1357 3453 τῶν
1378 3399 1682 3472 ἔμπροσθεν
1697 3396 1777 3465 οἷς
1803 3401 1923 3471 ἔχο-

343 3502 447 3555 μεν
481 3484 805 3558 ὀφθαλμοῖς,
847 3488 919 3541 τὰ
965 3490 1193 3542 κατόπιν
1228 3489 1284 3543 δὲ
1319 3490 1637 3561 ἀγνοοῦμεν.
1673 3492 1764 3545 Ἐν
1806 3491 1924 3562 Θεῷ

339 3580 397 3632 δὲ
429 3580 491 3633 οὐ
520 3578 710 3644 πάθος,
734 3580 834 3633 οὐκ
860 3580 1165 3652 ἐλάττωμα,
1199 3582 1273 3653 μὴ
1297 3583 1538 3651 γένοιτοῑ
1568 3583 1700 3638 ἀλλά
1728 3602 1926 3638 παντα-

340 3667 501 3741 χόθεν
533 3668 648 3721 ἐστὶ
699 3668 844 3737 φῶς,
886 3671 1219 3740 πανταχόθεν
1258 3672 1551 3742 ὀφθαλμὸς,
1594 3674 1925 3744 πανταχόθεν

338 3756 492 3823 δόξα.
523 3757 745 3828 Πνεῦμα
785 3758 859 3813 ὢν
887 3762 917 3812 ό
949 3760 1099 3824 Θεὸς,
1131 3762 1223 3813 καὶ
1252 3762 1466 3834 πνεῦμα
1510 3763 1649 3834 ὑπὲρ
1680 3763 1921 3835 πνεῦμα,

341 3849 439 3901 καὶ
462 3848 576 3917 φῶς
598 3849 738 3920 ὑπὲρ
762 3851 868 3904 πᾶν
898 3850 1034 3920 φῶς.
1068 3852 1251 3906 Πάντα
1281 3852 1390 3921 γὰρ
1413 3853 1479 3906 τά
1513 3854 1603 3906 ὐπ’
1632 3854 1796 3908 αὐτοῦ
1830 3872 1921 3924 γε-

341 3942 547 4013 νόμενα
606 3942 913 3997 ὐποϐέϐττκε
970 3943 1068 4016 τὴν
1118 3945 1283 3999 αὐτοῦ
1339 3946 1517 4011 δόξαν.
1577 3947 1728 4018 Μόνη
1782 3947 1839 4001 δὲ
1890 3950 1925 4019 ἡ

342 4034 391 4086 Τ
397 4034 519 4104 ριάς
572 4035 630 4086 tv
667 4034 1014 4106 ἀκαταληψίᾳ
1050 4036 1145 4088 καὶ
1216 4036 1276 4090 tv
1310 4037 1440 4111 δόξῃ
1489 4038 1791 4109 ἀνεικάστῳ
1833 4039 1927 4092 καὶ

342 4122 738 4194 ἀκαταλήπτῳ.
791 4125 911 4177 Τῶν
958 4125 1025 4194 δὲ,
1065 4126 1226 4179 πάλιν
1272 4126 1539 4196 λεγόντων
1593 4130 1691 4200 τὴν
1727 4114 1926 4201 ἀρετὴν

343 4213 492 4270 εἶναι
519 4218 635 4269 κατ’
674 4217 879 4280 εἰκόνα,
924 4217 1095 4289 ἀρετὴ
1125 4218 1183 4271 δὲ
1223 4219 1351 4273 ἄνευ
1386 4220 1629 4291 φυλακῆς
1662 4222 1928 4293 ὲνταλμά-

342 4324 457 4360 των
483 4308 542 4361 οὐ
567 4306 786 4363 δύναται
815 4303 973 4362 εἶναι.
1007 4309 1196 4363 Πολλοὶ
1222 4309 1279 4364 δὲ
1308 4312 1364 4364 tv
1389 4312 1555 4383 ἀρετῇ
1577 4311 1926 4383 διαφερέστε-

348 4414 435 4468 ροι
464 4396 725 4467 ἀλλήλων.
762 4397 989 4469 Ἀρετῆς
1025 4398 1133 4470 γάρ
1166 4394 1329 4452 ἐστιν
1366 4400 1483 4471 εῐδη
1534 4401 1724 4455 πολλά.
1766 4401 1925 4455 Οἴδα-

2024 3228 2166 3273 cant.
2191 3217 2328 3272 Nam
2359 3217 2449 3287 qui
2488 3217 2600 3271 lieri
2630 3224 2829 3286 potest,
2861 3224 2943 3283 ut,
2975 3216 3119 3286 quod
3143 3217 3474 3286 aspectabile
3501 3225 3606 3285 est,

2023 3313 2070 3367 ei
2095 3311 2271 3366 simile
2301 3310 2392 3373 sit,
2416 3308 2559 3379 quod
2583 3307 2754 3362 videri
2786 3323 2893 3361 non
2924 3315 3120 3376 potest,
3153 3318 3245 3361 aut
3278 3323 3603 3377 corporeum

2029 3402 2274 3471 corporis
2326 3400 2556 3469 experti,
2607 3406 2701 3453 aut
2742 3398 2884 3468 quod
2935 3399 3261 3452 contrectari
3318 3407 3514 3468 potest,
3557 3398 3607 3453 ei

2026 3491 2169 3561 quod
2212 3490 2543 3561 apprehendi
2595 3488 2819 3558 nequit?
2859 3486 3126 3543 Praeterea
3182 3503 3282 3543 nos
3334 3489 3607 3542 anteriora

2024 3583 2287 3637 duntaxat
2319 3580 2494 3636 oculis
2547 3579 2750 3633 nOstris
2807 3579 3101 3641 cernimus,
3142 3594 3262 3648 qua:
3305 3595 3446 3649 pone
3479 3587 3608 3633 sunt

2026 3674 2358 3744 ignoramus.
2383 3672 2554 3727 Penes
2586 3671 2753 3727 Deum
2785 3680 2986 3733 autem,
3017 3686 3190 3740 neque
3220 3670 3431 3724 affectio
3464 3671 3597 3735 ulla,

2026 3780 2203 3835 neque
2250 3762 2494 3819 defectus
2537 3771 2643 3830 est,
2696 3764 2789 3819 sed
2840 3761 3200 3831 undecunque
3226 3762 3394 3832 816
3424 3761 3606 3815 lumen

2024 3862 2128 3921 est,
2173 3854 2536 3924 undecunque
2577 3854 2786 3915 oculus,
2820 3852 3179 3921 undecunque
3209 3852 3379 3921 gloria
3436 3852 3607 3921 Spiri-

2027 3955 2113 4001 tus
2145 3946 2287 4000 enim
2321 3946 2463 3999 Deus
2493 3952 2599 4009 est,
2632 3945 2722 4015 qui
2753 3960 2968 3998 omnem
3000 3942 3252 4014 spiritum
3284 3949 3600 4007 exsuperet,

2025 4048 2079 4093 et
2118 4038 2211 4091 lux
2256 4037 2377 4091 luce
2412 4020 2560 4091 omini
2604 4036 2964 4107 praestantior.
3018 4033 3290 4103 Quidquid
3345 4034 3489 4087 enim
3543 4033 3611 4086 ab

2028 4128 2146 4195 ipso
2192 4124 2468 4179 conditum
2516 4135 2617 4189 est,
2670 4124 2811 4178 infra
2859 4123 3003 4178 illius
3047 4122 3214 4177 decus
3262 4136 3324 4175 ac
3374 4121 3604 4192 gloriam

2025 4225 2131 4272 est.
2164 4216 2293 4271 Sola
2325 4232 2455 4272 vero
2478 4215 2719 4272 Trinitas
2756 4213 3141 4284 comprehendi
3183 4228 3289 4267 non
3324 4220 3519 4281 potest,
3554 4222 3609 4266 et

2028 4308 2293 4363 inﬁnitam
2325 4308 2614 4378 quamdam
2655 4308 2880 4377 gloriam
2914 4305 3144 4367 obtinet,
3179 4319 3300 4375 quae
3338 4319 3437 4359 nec
3475 4319 3611 4357 con-

2022 4400 2234 4470 ject'ura
2282 4400 2515 4469 capitur,
2562 4412 2663 4452 nec
2706 4397 3056 4465 intelligentia
3098 4394 3415 4465 percipitur.
3452 4393 3606 4459 Quod

348 4504 452 4557 μεν
481 4487 591 4559 γὰρ
621 4489 772 4542 αὐτοὶ
814 4490 908 4543 καί
946 4507 1097 4555 τινας
1134 4489 1240 4544 ἀπὸ
1278 4491 1625 4562 όμολογητῶν
1663 4493 1922 4564 ὑπάρχον-

2033 4493 2100 4549 ad
2147 4493 2268 4548 illos
2308 4507 2435 4547 vero
2484 4491 2739 4562 pertinet,
2771 4490 2863 4560 qui
2906 4490 2959 4543 in
2997 4489 3194 4543 virtute
3236 4486 3606 4541 conditionem

342 4594 467 4639 τας,
500 4578 692 4643 οἵτινες
722 4578 928 4633 ἑαυτῶν
972 4579 1032 4633 τὸ
1076 4579 1235 4651 σῶμα
1260 4580 1523 4636 δεδώκασι
1562 4582 1657 4636 καὶ
1693 4582 1791 4654 τὴν
1820 4582 1921 4652 ψυ-

344 4670 452 4741 χὴν
504 4670 644 4741 ὑπὲρ
696 4670 790 4724 τοῦ
832 4672 1039 4725 ἑαυτῶν
1080 4673 1351 4728 Δεσπότου
1404 4674 1463 4728 tv
1520 4674 1781 4746 ὁμολογίᾳ⁸
1827 4673 1923 4728 καλ⁸

344 4760 542 4832 ἁγνείᾳ
590 4760 1014 4825 διατελέσαντες,
1064 4761 1246 4815 πίστιν
1273 4778 1333 4815 τε
1363 4762 1734 4833 ἀληθεστάτην
1760 4763 1923 4833 tacti)-

346 4872 534 4918 σαντο,
587 4854 838 4925 εὐσεϐείᾳ
886 4854 1241 4926 διενηνόχασι,
1272 4854 1650 4927 φιλανθρωπία
1693 4856 1789 4909 καὶ
1832 4856 1924 4909 εὐ-

343 4944 562 5016 λαϐείᾳ,
596 4946 655 4997 tv
695 4945 968 5016 νηστείαις
992 4962 1050 4998 τε
1092 4944 1298 5015 διῆξαν,
1325 4944 1421 4998 καὶ
1449 4946 1506 4997 ὲν
1542 4945 1693 5019 πάσῃ
1723 4944 1924 5013 ἀγαθός

345 5052 493 5106 τητι,
536 5035 630 5089 καὶ
670 5035 728 5087 tv
774 5036 975 5106 ἀρετῆς
1018 5036 1354 5106 τεκμηρίοις.
1393 5035 1715 5107 Συμϐέϐηκε
1745 5036 1803 5089 δὲ
1831 5035 1928 5088 αὐσ

346 5125 478 5187 τοὺς
506 5124 648 5194 ἔχειν
674 5124 979 5194 ἐλάττωμα,
1011 5125 1129 5195 ἦτοι
1180 5124 1467 5196 λοιδόρους,
1497 5125 1615 5194 ἦτοι
1661 5124 1929 5195 ὀμνύντας

348 5215 410 5266 ὲν
446 5214 671 5284 ὀνόματι
705 5213 862 5280 Θεοῦ,
893 5215 926 5286 ἦ
953 5210 1092 5268 εῖναι
1124 5213 1410 5286 μυθώδεις,
1446 5214 1479 5285 ἢ
1508 5216 1926 5284 ἀγανακτικούς,

348 5306 385 5375 ἥ
419 5304 532 5374 βίον
563 5305 861 5376 κεκτῆσθαι
891 5304 1093 5376 χρυσοῦ
1135 5306 1227 5359 καὶ
1270 5305 1544 5376 ἀργύρου,
1588 5306 1683 5359 καὶ
1731 5305 1925 5370 ἄλλων,

351 5400 512 5451 ἅτινα
553 5397 744 5468 ἐλλιπῆ
822 5400 1058 5451 ποιεῖται
1113 5398 1212 5465 τῆς
1271 5398 1471 5468 ἀρετῆς
1517 5396 1585 5450 τὰ
1632 5396 1822 5467 μέτρα.
1862 5396 1927 5448 Τί

349 5484 446 5542 οὖν
490 5490 769 5559 εἴπωμεν;
826 5490 899 5542 Τὸ
953 5488 1048 5559 μὲν
1090 5489 1207 5541 κατ’
1229 5488 1411 5542 εἰκόνα
1454 5486 1545 5541 διὰ
1589 5486 1686 5558 τὴν
1728 5486 1926 5559 ἀρετὴν

349 5579 671 5649 ἐκτήσαντο,
704 5580 790 5633 διὰ
813 5580 870 5632 δὲ
906 5580 976 5634 τά
1022 5579 1176 5650 όλίγα
1220 5579 1530 5651 ἀνθρώπινα
1558 5578 1666 5634 τῶν
1697 5579 1927 5633 ἐλαττω-

430 5737 633 5793 ιιιειπ.
673 5753 746 5801 ιν,
788 5736 871 5800 12,
908 5737 991 5793 15.

2026 4584 2171 4638 illam
2203 4582 2455 4652 imaginis
2484 4582 2774 4644 collocant,
2816 4596 2885 4635 ne
2929 4579 3004 4633 illi
3045 4578 3263 4650 quidem
3302 4586 3450 4632 recte
3482 4592 3610 4632 seu-

2027 4676 2191 4730 tiunt.
2236 4673 2371 4728 Nam
2418 4674 2592 4730 virtus
2640 4673 2760 4729 sine
2805 4674 3184 4727 mandatorum
3227 4670 3612 4727 observatione

2028 4766 2330 4823 consistere
2369 4780 2476 4819 non
2513 4772 2708 4835 potest.
2758 4762 2864 4820 Sed
2905 4774 2958 4817 et
3006 4764 3201 4818 virtute
3242 4762 3482 4833 plerique
3526 4761 3611 4813 in-

2032 4859 2205 4914 vicem
2249 4857 2600 4921 antecellunt,
2644 4856 2787 4926 quod
2833 4855 3075 4909 virtutis‘
3094 4869 3291 4925 genera
3338 4854 3450 4908 sint
3490 4866 3613 4921 per-

2034 4947 2226 5005 multa.
2251 4945 2328 5001 Ac
2364 4961 2465 5003 nos
2494 4946 2787 5000 nonnullos
2826 4960 2856 4999 e
2889 4944 3296 4999 couiessoribus
3323 4942 3574 4996 novimus
3593 4978 3609 5003 ,

2033 5035 2128 5106 qui
2158 5050 2358 5105 corpus
2387 5044 2443 5090 et
2473 5034 2713 5089 animam
2742 5048 2843 5103 pro
2866 5018 3096 5086 Domino
3120 5047 3220 5087 suo
3248 5028 3610 5092 tradiderunt,

2032 5134 2087 5183 et
2117 5127 2170 5181 in
2204 5116 2552 5181 confessione
2588 5140 2651 5178 ac
2702 5123 3025 5179 castimonia
3056 5127 3467 5193 perseverantes
3498 5120 3613 5175 sin-

2033 5219 2372 5274 cerissimam
2399 5217 2558 5272 ﬁdem
2589 5218 2693 5272 sibi
2731 5223 3140 5286 compararunt,
3174 5229 3235 5266 ac
3267 5214 3485 5283 pietate,
3520 5213 3615 5265 hu-

2034 5309 2315 5374 manitate,
2350 5308 2609 5379 religione
2626 5307 3029 5378 praestiterunt;
3064 5307 3117 5358 in
3147 5304 3372 5373 jejuniis
3404 5302 3611 5357 assidui

2033 5400 2286 5464 fuerunt;
2319 5398 2373 5452 in
2400 5400 2549 5453 omni
2576 5399 2811 5467 denique
2828 5396 3092 5465 probitate
3110 5409 3173 5448 ac
3203 5394 3417 5449 virtutis
3434 5394 3607 5464 speci-

2035 5489 2178 5543 mine
2191 5487 2513 5543 ﬂoruerunt.
2537 5488 2699 5543 Iidem
2717 5496 2897 5541 tamen
2919 5486 3047 5539 vitio
3064 5487 3244 5555 aliquo
3257 5485 3447 5541 suﬁ'usi
3462 5493 3613 5549 sunt,

2037 5588 2201 5635 utaut
2220 5580 2275 5638 in
2290 5580 2540 5638 convicia
2558 5580 2913 5649 procliviores
2935 5586 3141 5644 essent,
3171 5586 3266 5636 aut
3284 5578 3376 5637 Dei
3414 5594 3613 5636 nomen
