3994 6226
406 345 514 401 3"
1813 341 1874 398 5.
1921 341 2000 396 ΕΡ

2101 343 2263 398 MN"
3562 345 3665 404 διε

389 464 724 532 dejerarent.
767 465 864 513 aut
914 454 1261 528 loquaciores
1313 463 1519 520 essent,
1556 463 1650 510 aut
1686 455 1972 512 iracundia

2099 461 2264 514 ιάτων
2304 461 2455 534 παρὰ
2500 463 2687 536 σχῆμα
2715 456 2856 517 εἶναι
2887 461 3218 535 τὴνεῐκόνα,
3242 463 3334 517 καὶ
3363 462 3549 516 οὖκὲτι
3581 481 3666 516 τε·-

390 554 649 627 prompti,
668 560 761 607 aut
778 544 972 605 aurum
989 557 1339 622 argentumve
1355 547 1718 618 possiderent,
1733 556 1827 603 aut
1846 549 1968 605 aliis

2099 554 2225 606 ,εἰσιν
2255 553 2350 626 τὴν
2393 555 2452 608 ὲν
2499 555 2684 619 αὐτοῖς
2731 554 2957 622 εἰκόνας
3003 556 3100 608 καὶ
3146 555 3306 609 πάλιν
3347 555 3599 608 διέπεσεν
3637 557 3668 607 ό

389 646 625 716 denique
677 642 934 699 sordibus
980 641 1410 717 obsolescerent,
1451 656 1573 713 qua:
1611 641 1859 696 nonnihil
1895 640 1963 697 de

2099 645 2284 700 ῖούτων
2318 645 2494 716 λόγος.
2531 646 2653 700 Τῶν
2695 647 2753 700 δὲ
2794 646 2955 700 πάλιν
2990 645 3256 714 λεγόντων
3291 645 3354 698 τὸ
3383 645 3668 716 βάπτισμα

386 736 537 802 jnsta
586 732 804 789 virtutis
847 746 1102 790 mensura
1157 731 1472 787 detrahunt.
1509 732 1584 786 De
1607 731 1808 802 quibus
1843 730 1974 802 quid

2099 733 2220 791 εἶναι
2261 738 2382 792 κατ’
2423 738 2790 804 εικόνα,’πολύ
2837 757 2888 792 τι
2928 738 3208 792 διαπίπτει
3249 740 3278 791 ό
3317 738 3494 806 λόγος.
3527 736 3668 792 Οὔτε

391 821 610 878 tandem
640 821 841 876 dicturi
866 819 1192 876 sumus‘iAn
1211 820 1332 876 illos
1359 819 1613 891 imaginis
1640 819 1810 876 decus
1841 820 1975 874 illud

2099 826 2194 897 τὰρ
2229 826 2480 898 Ἀϐραὰμ
2525 827 2653 898 ἔσχε
2694 827 2758 881 τὸ
2795 827 3098 898 βάπτισμα,
3144 827 3266 881 οὔτε
3302 829 3507 890 Ἰσαάκ,
3541 827 3667 880 οὔτε

395 931 499 970 sua
519 915 624 968 sibi
659 913 857 967 virtute
888 912 1188 983 qumsisse;
1212 911 1307 967 sed
1343 920 1565 982 propter
1601 913 1872 968 humanos
1887 914 1982 966 ali-

2099 915 2312 982 Ἰακὼϐ,
2351 917 2474 972 οῦτε
2513 919 2720 982 Ἠλίας,
2755 918 2878 972 οὔτε
2919 920 3178 990 Μωῡσῆς,
3213 919 3340 974 οὔτε
3376 920 3427 974 οι
3467 922 3669 992 πρότε-

398 1021 736 1076 (ιιιυειιωνοε
758 1005 1081 1074 hancipsam
1098 1004 1388 1075 imaginem
1407 1004 1589 1073 specie
1603 1013 1763 1058 tenus
1787 1005 1982 1060 abillis

2099 1025 2181 1080 ρον
2209 1010 2338 1081 περὶ
2365 1009 2487 1062 Νῶε
2513 1011 2608 1063 καὶ
2633 1008 2826 1080 Ἰ·1νὼχ,
2857 1008 2982 1062 οὔτε
3020 1012 3072 1063 οἱ
3118 1012 3244 1081 περὶ
3285 1012 3411 1074 τοὺς
3455 1012 3670 1082 προφή-

401 1097 537 1166 geri.
588 1111 691 1151 nec
751 1094 1049 1165 perfectam
1103 1095 1522 1164 absolutamque
1579 1094 1834 1149 retineri?
1889 1095 1984 1149 Sic

2099 1116 2206 1166 τας,
2242 1100 2469 1155 Ἡσαΐαν
2520 1102 2614 1155 καὶ
2654 1103 2780 1164 τοὺς
2822 1101 3075 1170 καθεξῆς.
3111 1101 3175 1155 Τί
3211 1097 3333 1162 οὗνς
3374 1098 3486 1174 ἄρα
3518 1103 3669 1156 ἐκεί-

405 1190 618 1242 illorum
649 1188 872 1257 explosa
913 1187 1181 1242 sententia
1211 1195 1315 1244 est.
1355 1186 1474 1242 Jam
1505 1201 1634 1243 vero
1661 1187 1756 1256 qui
1799 1187 1854 1241 in
1887 1187 1988 1242 ba-

2099 1207 2172 1243 νοι
2205 1190 2306 1244 οὐκ
2335 1190 2516 1262 ἔχουσι
2549 1190 2610 1244 τὸ
2645 1192 2762 1244 κατ’
2795 1189 3012 1254 εἰκόνας
3057 1191 3170 1243 Kal
3205 1190 3376 1260 πολλή
3411 1206 3497 1252 τις
3541 1189 3666 1242 ἐστὶ

406 1280 606 1349 ptismo
641 1279 821 1334 inesse
863 1278 1054 1334 dicunt
1098 1278 1408 1350 imaginem,
1435 1278 1784 1334 vehementer
1825 1277 1987 1334 aber-

2099 1282 2228 1353 πρὸς
2256 1281 2475 1346 τούτους
2503 1283 2536 1353 ή
2568 1281 2862 1350 άντιλογξα,
2910 1281 3099 1353 ὥσπερ
3131 1282 3254 1345 τοὺς
3299 1281 3429 1351 περὶ
3451 1274 3668 1348 ⁸λε’θδιον,

406 1377 549 1422 rant.
577 1367 711 1421 Nam
744 1383 843 1424 nec
876 1368 1148 1422 Abraham
1174 1369 1444 1439 baptismo
1473 1369 1718 1424 initiatus
1747 1375 1853 1434 est,
1883 1385 1988 1426 nec

2099 1373 2409 1441 φιλονείκως
2450 1372 2730 1445 ὁρίζοντας
2775 1371 2918 1429 εἶναι
2955 1376 3014 1428 ὲν
3049 1373 3127 1446 τῷ
3185 1375 3397 1445 σώματι
3433 1374 3497 1426 τὸ
3545 1374 3666 1426 κατ’

392 1463 562 1521 Isaac,
591 1475 768 1530 neque
811 1457 1005 1523 Jacob,
1050 1476 1150 1516 nec
1185 1461 1349 1527 Elias,
1389 1476 1571 1531 neque
1617 1460 1850 1532 Moyses.
1880 1477 1986 1519 nec
2090 1465 2295 1520 εἰκόνα.

399 1545 738 1621 antiquiores
774 1551 882 1606 illis
916 1550 1029 1606 Noe
1059 1559 1114 1605 et
1145 1551 1348 1610 Henoc.
1381 1568 1558 1623 neque
1591 1553 1888 1624 prophetae,
1955 1565 2014 1611 ut
2075 1558 2266 1623 Isaias,
2306 1537 2388 1614 et-
2414 1559 2618 1615 caeteri.
2665 1558 2808 1626 Quid
2855 1558 3058 1628 igitur?
3104 1559 3184 1612 An
3237 1558 3524 1628 imaginem
3571 1557 3649 1612 illi

400 1639 493 1696 Dei
537 1656 644 1696 non
689 1641 1034 1698 habuerunt?
1086 1643 1275 1715 Magna
1322 1645 1480 1700 nobis
1533 1655 1975 1716 argumentorum
2030 1650 2292 1709 adversus
2331 1653 2452 1709 illos
2485 1651 2642 1724 copia
2675 1659 2781 1718 est,
2811 1658 2876 1706 ut
2905 1659 2960 1707 et
2991 1659 3184 1706 contra
3245 1652 3502 1715 Audium,
3555 1651 3651 1720 qui

399 1733 686 1803 imaginem
719 1733 774 1788 in
802 1749 1030 1806 corpore
1057 1735 1236 1792 inesse
1263 1737 1553 1807 pertendit.
3537 1749 3540 1752 ’

475 1822 559 1877 Vl.
599 1825 718 1878 Alia
747 1833 878 1880 sunt
915 1824 1216 1897 Scriptura
1259 1828 1592 1893 testimonia,
1620 1843 1742 1899 qua;
1771 1829 1840 1884 ab
1875 1829 1983 1884 Au-

2159 1829 2247 1897 ς’.
2274 1829 2501 1898 Φέρουσι
2532 1829 2590 1882 δὲ
2618 1829 2711 1883 καὶ
2747 1829 2913 1892 ἄλλας
2953 1827 3104 1891 τινὰς
3146 1830 3448 1900 μαρτυρίας
3477 1831 3528 1882 oi
3565 1831 3670 1884 ati-

398 1915 578 1970 tlianis
604 1915 926 1972 ell‘eruntnr.
963 1916 1111 1973 Velut
1141 1937 1154 1972 :
1199 1917 1352 1974 Oculi
1383 1919 1596 1973 Domini
1623 1925 1677 1974 in
1701 1936 1979 1990 pauperem

2099 1922 2169 1975 τοὶ
2209 1921 2456 1974 Atiman
2496 1920 2604 1974 ἀπὸ
2639 1921 2743 1991 τῆς
2779 1919 2930 1984 θείας
2981 1919 3231 1990 Γραφῆς,
3261 1920 3511 1989 λέγοντες
3533 1965 3544 1985 ,
3586 1923 3668 1976 ὅτι

403 2007 705 2073 respiciunt,
735 2016 784 2060 et
817 2024 974 2060 aures
1024 2008 1137 2078 ejus
1177 2009 1230 2062 in
1280 2024 1456 2078 preces
1503 2025 1686 2064 eorum
1715 2011 1769 2076 ¹;
1807 2011 1980 2067 item:

2099 2012 2408 2082 Ὀςοθαλμοι
2441 2012 2661 2080 Κυρίου
2688 2010 2790 2065 ἐπὶ
2830 2011 2936 2065 τὸν
2962 2009 3186 2078 πένητα
3227 2011 3665 2076 ἀποϐλέπουσι,

403 2096 457 2149 Μ
467 2115 596 2150 .mus
639 2097 850 2151 Domini
876 2099 999 2166 fecit
1043 2099 1156 2154 hwc
1203 2101 1376 2153 omnia
1405 2102 1455 2166 ’ς
1501 2111 1558 2156 et
1591 2121 1602 2155 :
1641 2100 1830 2156 Nonne
1861 2119 1978 2155 ma-

2099 2099 2183 2154 ῑαὶ
2244 2101 2314 2154 τὰ
2352 2095 2472 2154 ὦτα
2511 2100 2698 2154 αὑτοῦ
2745 2103 2834 2167 εἰς
2882 2099 3096 2167 δέησιν
3119 2099 3349 2154 αὐτῶν·
3387 2102 3504 2164 καὶ,
3533 2104 3670 2170 Χεὶρ

401 2204 499 2240 nus
546 2204 661 2241 mea
705 2188 831 2256 fecit
879 2188 990 2242 [nec
1031 2190 1243 2253 omnia,
1276 2207 1307 2243 ο
1345 2191 1496 2245 dum
1549 2193 1763 2246 ceruicis
1815 2193 1985 2246 homi-

401 2295 491 2332 nes
524 2279 578 2332 '?
607 2280 730 2333 item
761 2297 776 2333 :
809 2278 1010 2334 Cretum
1045 2280 1171 2334 mihi
1200 2282 1345 2336 sedes
1373 2292 1471 2347 est,
1501 2292 1553 2337 et
1591 2293 1733 2336 terra
1773 2282 1983 2337 scabel-

404 2384 512 2421 ιιιιιι
538 2369 726 2438 pedum
757 2387 990 2424 meorum
1018 2371 1061 2433 δ,
1088 2386 1152 2425 ac
1185 2372 1412 2442 reliqua,
1443 2389 1564 2443 qua:
1607 2373 1677 2428 ad
1699 2389 1824 2429 eum
1865 2388 1985 2428 mo-

403 2460 532 2512 dum
568 2459 634 2513 de
666 2459 773 2514 Deo
807 2460 1009 2530 scripta
1046 2471 1192 2516 sunt.
1227 2460 1516 2528 Praeterea,
1557 2462 1674 2518 Vidi
1705 2463 1987 2518 Dominum

402 2549 566 2618 817
595 2552 918 2603 exercituum
951 2551 1214 2605 sedentem
1245 2551 1300 2604 in
1344 2552 1530 2606 throno
1569 2552 1773 2608 excelso
1801 2562 1850 2606 et
1880 2553 1988 2608 cle-

406 2652 545 2693 rate.
582 2637 648 2692 Et
677 2649 788 2693 erat
817 2650 974 2709 caput
1004 2641 1118 2710 ejus
1155 2651 1402 2712 tanquam
1444 2643 1569 2696 lana
1596 2642 1742 2706 alba,
1772 2652 1822 2698 et
1855 2645 1990 2697 ami-

405 2741 522 2784 ctus
547 2731 661 2798 eius
699 2731 834 2785 sicut
863 2733 955 2784 nia:
979 2733 1022 2786 '.
1059 2733 1460 2802 Animadvertis
1491 2733 1678 2804 igitur,
1713 2735 1987 2804 inquiunt,

407 2837 611 2891 θοι-μεθ
652 2822 715 2876 ad
756 2823 1046 2890 imaginem
1097 2824 1192 2879 Dei
1240 2840 1362 2880 esse
1411 2823 1654 2880 factum?
1685 2826 1860 2897 Atque
1890 2827 2010 2882 hac.

408 2912 626 2981 quidem
675 2912 729 2966 in
781 2923 932 2982 parte
981 2914 1245 2968 acerrime
1279 2929 1337 2968 se
1378 2915 1534 2969 nobis
1581 2923 1882 2985 opponunt,
1915 2926 1985 2980 et,

410 3016 530 3071 qua:
558 3017 719 3070 supra
749 3001 983 3057 hominis
1011 3010 1230 3071 captum
1255 3009 1402 3068 sunt,
1427 3003 1690 3059 violenter
1717 3003 1990 3060 all'ectant.

410 3093 552 3159 Quin
594 3102 648 3146 et
693 3094 820 3148 illud
866 3092 1171 3162 proferunt,
1209 3092 1357 3166 quod
1405 3093 1672 3150 Dominus
1710 3096 1991 3166 prophetis

413 3186 730 3254 apparuisse
772 3184 984 3254 legitur.
1029 3182 1233 3240 Verum
1279 3185 1368 3239 hic
1408 3185 1626 3254 quidem
1673 3186 1898 3256 perinde
1931 3201 1996 3240 ac
2021 3168 2063 3225 (ἶ

415 3275 626 3328 libitum
680 3283 787 3339 est,
828 3274 1118 3330 videndum
1168 3291 1228 3332 se
1277 3274 1528 3346 praebuit,
1573 3291 1698 3330 cum
1746 3276 1882 3331 nihil
1926 3278 1998 3330 sit

414 3366 535 3434 ejus
575 3367 826 3434 potestati
859 3367 1222 3419 subtractum.
1257 3365 1442 3435 Neque
1465 3380 1594 3421 vero
1626 3365 1796 3421 Deum
1831 3380 1999 3436 nega-

417 3471 541 3514 mus
579 3471 608 3509 a
651 3456 963 3526 prophetis,
1009 3457 1118 3510 imo
1145 3471 1274 3510 vero
1305 3464 1360 3511 et
1406 3457 1473 3510 ab
1503 3457 1767 3526 apostolis
1800 3457 2000 3512 asseri-

418 3563 542 3602 mus
578 3562 702 3601 esse
739 3554 1114 3615 conspectum.
1153 3545 1286 3598 Nam
1340 3545 1650 3615 Stephanus
1697 3553 1998 3615 martyrum

420 3639 668 3711 primus:
704 3635 859 3703 Ecce,
895 3637 1093 3706 inquit,
1122 3635 1268 3690 video
1303 3636 1488 3690 caelum
1526 3643 1788 3705 apertum,
1818 3644 1865 3689 et
1909 3633 2000 3688 Fi-

419 3729 553 3783 lium
600 3726 830 3781 Itonn'm's
891 3735 1118 3780 stantem
1167 3743 1199 3780 a
1242 3725 1471 3780 deateris
1519 3723 1615 3781 Dei
1649 3735 1699 3780 ct
1741 3725 1921 3780 Patris
1956 3728 1998 3781 '.

421 3817 713 3898 Enimvero
762 3817 1003 3888 optimus
1063 3817 1150 3872 ille
1205 3816 1351 3873 Deus
1406 3817 1736 3888 singularem
1783 3818 2002 3887 opilicio

419 3924 524 3966 suo
557 3909 948 3964 humanitatem
996 3907 1284 3972 adhibens,
1319 3923 1388 3963 ne
1437 3908 1540 3963 sibi
1588 3907 1724 3978 ipsis
1759 3907 2002 3962 infideles

419 4000 590 4071 aliqui
621 3999 1030 4072 persuaderent,
1061 4013 1183 4070 quae
1232 3998 1300 4054 de
1346 3997 1456 4052 Deo
1502 3997 1781 4062 dicuntur,
1822 3997 2007 4052 verbis

417 4094 628 4160 omnia,
662 4109 770 4147 non
811 4093 1048 4154 veritate,
1089 4099 1363 4154 constare,
1393 4099 1448 4145 et
1486 4105 1606 4161 quae
1645 4089 1714 4144 ab
1753 4089 1845 4143 illo
1874 4101 2002 4157 pro-

423 4188 671 4242 nuntiata
703 4195 852 4248 sunt,
887 4186 1063 4253 reipsa
1105 4199 1214 4237 non
1271 4183 1496 4253 expleri.
1547 4182 1762 4250 Oportet
1805 4189 2001 4242 autem,

425 4288 486 4332 ut
512 4278 806 4348 Apostolus
841 4277 1055 4339 scribit,
1098 4275 1425 4330 accedentem
1473 4274 1543 4329 ad
1576 4273 1744 4328 Deum
1773 4273 2002 4336 credere,

422 4371 672 4442 quoniam
696 4378 794 4431 est,
817 4378 867 4422 et
889 4367 1224 4438 diligentibus
1253 4368 1427 4436 ipsum
1469 4375 1832 4420 remunerator
1851 4373 1930 4418 est
1956 4365 2000 4419 ⁷.

434 4461 500 4515 L't
532 4459 696 4531 igitur
734 4459 952 4515 condito
993 4475 1024 4514 a
1064 4474 1123 4515 se
1165 4459 1374 4513 homini
1423 4459 1674 4513 ﬁduciam
1717 4458 2006 4529 ingenera-

428 4559 533 4613 ret,
582 4567 680 4620 pro
724 4565 824 4606 sua
871 4550 1111 4620 potentia
1170 4549 1374 4604 sanctis
1432 4548 1767 4612 hominibus,
1818 4558 1874 4602 et
1912 4548 2006 4602 illo

427 4651 724 4713 conspectu
775 4641 955 4712 dignis
1020 4642 1260 4712 scipsum
1310 4641 1512 4712 detegit
1557 4641 1723 4705 Deus,
1773 4647 1832 4694 ut
1887 4641 2006 4710 ipso

429 4733 647 4807 proprie
691 4741 948 4803 certoque
997 4743 1309 4804 conspecto,
1355 4734 1596 4787 animum
1647 4747 1806 4786 suum
1860 4733 2008 4786 velut

2083 2190 2300 2257 Κυρίου
2325 2190 2576 2258 ἐποίησε
2605 2188 2792 2243 ταῦτα
2840 2187 3068 2242 πάντα·
3099 2189 3213 2250 καὶ,
3247 2189 3397 2256 Οὐχὶ
3442 2190 3482 2256 ἡ
3539 2191 3670 2256 χείρ

2079 2297 2199 2349 μου
2257 2280 2506 2348 ἐποίησε
2564 2279 2752 2334 ταῦτα
2816 2277 3013 2332 πάντα
3033 2318 3050 2344 ,
3111 2277 3670 2346 σκληροτράχηλοω

2087 2372 2200 2435 καὶ,
2243 2371 2306 2424 Ὁ
2335 2372 2589 2440 οὐρανός
2633 2389 2735 2442 μοι
2777 2373 3010 2439 θρόνος,
3041 2369 3080 2436 ἢ
3117 2369 3187 2422 δὲ
3231 2368 3305 2439 τῆ
3337 2369 3675 2424 ὑποπόδιον

2085 2459 2206 2515 τῶν
2245 2459 2445 2515 ποδῶν
2476 2476 2628 2530 μουο
2685 2463 2778 2515 καὶ
2818 2462 2921 2514 ὃσα
2961 2459 3188 2514 τοιαῦτα
3233 2460 3361 2531 περὶ
3406 2459 3541 2512 Θεοῦ
3575 2461 3670 2528 γέ-

2087 2567 2328 2622 γραπται
2346 2568 2360 2582 °
2406 2552 2501 2605 καὶ
2544 2552 2627 2606 δτι
2673 2547 2857 2606 Εἶδον
2878 2551 2986 2604 τὸν
3009 2550 3228 2618 Κύρων
3258 2549 3500 2604 Σαϐαὼθ
3527 2553 3672 2604 καθ-

2088 2642 2311 2712 ήμενον
2346 2641 2445 2696 ἐπὶ
2487 2643 2706 2712 θρόνου
2752 2642 2996 2711 ὑψηλοῦ
3035 2641 3136 2695 καὶ
3175 2639 3532 2709 inrumperet).
3562 2639 3674 2694 Kal

2086 2730 2166 2805 ἦν
2215 2733 2254 2800 ή
2306 2733 2540 2802 κεφαλὴ
2573 2733 2759 2789 αὐτοῦ
2791 2734 2933 2788 ὡσεὶ
2977 2733 3143 2802 ἔριον
3187 2731 3432 2797 λευκὸν,
3460 2730 3560 2794 καὶ
3606 2730 3670 2786 τὸ

2088 2827 2465 2895 περιϐόλαιον
2513 2825 2701 2880 αὐτοῦ
2749 2825 2891 2879 ὡσεὶ
2936 2824 3106 2894 χιών.
3153 2824 3262 2878 Kal
3311 2824 3464 2894 ὁρᾷς,
3514 2821 3670 2893 φησὶ,

2090 2917 2206 2982 πῶς
2233 2916 2347 2971 ἐστι
2376 2915 2438 2970 τὸ
2469 2915 2627 2987 σῶμα
2657 2916 2778 2970 κατ’
2811 2917 2996 2970 εἰκόνα
3036 2915 3211 2977 Θεοῦ;
3256 2914 3366 2968 Kal
3409 2913 3517 2966 εἰσὶ
3567 2913 3673 2966 xiv

2089 3007 2262 3080 τούτῳ
2295 3006 2727 3072 άντιπίπτοντες,
2771 3008 2869 3062 καὶ
2919 3007 3228 3080 βιαζόμενοι
3273 3004 3411 3076 ὑπὲρ
3443 3005 3673 3073 δυνάμην

2091 3097 2456 3171 ἀνθρωπείαν.
2499 3100 2610 3153 Kal
2639 3097 2720 3163 τὸ,
2758 3098 2936 3170 ὀφθη
2971 3098 3172 3167 Κύριος
3205 3098 3317 3158 τοῖς
3344 3095 3669 3164 προφήταις.

2095 3192 2204 3244 Kal
2229 3188 2383 3260 ὤφθη
2418 3187 2600 3259 μέντοι
2625 3186 2702 3250 t'o;
2730 3184 2984 3256 ἠθέλησε,
3007 3181 3230 3246 δυνατός
3257 3182 3333 3234 ὢν
3374 3184 3434 3234 ὲν
3475 3182 3669 3235 ἅπασι.

2097 3278 2206 3332 Καὶ
2236 3277 2335 3330 οὐκ
2359 3273 2689 3346 ἀρνούμεθα.
2719 3274 2803 3328 ὅτι
2839 3266 2976 3326 εἶδον
3017 3273 3066 3326 οἱ
3097 3272 3367 3343 προφῆται
3406 3272 3572 3324 Θεόν’
3610 3271 3670 3323 οὐ

2101 3369 2259 3438 μόνον
2287 3367 2342 3420 δὲ
2384 3368 2434 3420 οἱ
2473 3369 2771 3440 προφῆται,
2801 3363 2938 3420 ἀλλὰ
2969 3365 3063 3418 καὶ
3099 3365 3147 3417 οἱ
3184 3362 3490 3417 ἀπόστολοι.
3535 3360 3676 3431 Φησὶ

2097 3459 2206 3530 τὰρ
2247 3461 2276 3512 ὁ
2320 3458 2474 3527 ἅγιος
2525 3457 2795 3526 Στέφανος
2839 3459 2870 3510 ό
2919 3458 3346 3528 πρωτομάρτυς·
3386 3451 3533 3507 Ἰδοὺ
3559 3449 3676 3520 ὁρῶ

2098 3548 2204 3602 τὸν
2230 3546 2491 3616 οὐρανὸν
2520 3545 2920 3614 ἀνεῳγμένον,
2970 3545 3065 3599 καὶ
3117 3542 3222 3597 τὸν
3246 3541 3381 3596 Υιόν
3421 3541 3530 3595 τοῦ
3568 3540 3675 3594 ἀν·

2099 3638 2330 3707 θρώπου
2355 3638 2424 3692 ἐκ
2451 3636 2662 3702 δεξιῶν
2683 3634 2913 3690 ἑστῶτα
2955 3635 3059 3690 τοῦ
3101 3633 3248 3688 Θεοῦ
3281 3631 3378 3686 καὶ
3418 3631 3674 3698 Πατρός.

2113 3729 2270 3782 ’Δλλά
2291 3731 2359 3799 τῇ
2386 3728 2492 3800 ἰδίᾳ
2515 3727 2740 3797 δυνάμει
2766 3726 2898 3790 Θεὸς
2932 3729 2960 3780 ὁ
2996 3723 3336 3794 πανάγαθος,
3373 3721 3678 3792 φιλανθρω-

2101 3821 2398 3890 πευόμενος
2453 3819 2512 3872 τὸ
2560 3819 2690 3872 ἴδιον
2728 3819 2969 3889 πλάσμα,
3002 3818 3079 3888 μή
3107 3833 3250 3880 τινες
3292 3815 3400 3868 τῶν
3435 3813 3680 3867 ἀπίστων

2101 3909 2363 3979 νομίσωσι
2411 3907 2481 3961 τὰ
2524 3908 2651 3980 περὶ
2698 3906 2831 3960 Θεοῦ
2879 3906 3057 3974 λέγειν
3093 3900 3233 3960 εἶναι
3276 3903 3461 3965 ἁπλῶς
3508 3901 3676 3970 λόγῳ,

2102 4002 2194 4055 καὶ
2226 4001 2325 4053 οὐκ
2357 3999 2601 4071 ἀληθείᾳ,
2648 4000 2743 4052 καὶ
2788 3998 2892 4061 ἕως
2934 3998 3094 4066 λόγου
3143 3995 3390 4051 ἵστασθαι
3437 3994 3498 4046 τὸ
3541 3993 3680 4046 κατά

2103 4091 2255 4156 Θεὸν,
2289 4091 2381 4144 καὶ
2413 4089 2487 4160 μὴ
2517 4088 2755 4160 πληροῦν
2793 4088 2852 4141 τὸ
2895 4086 3046 4158 παρὰ
3089 4085 3166 4157 τῷ
3192 4083 3499 4152 Ἀποστόλῳ
3525 4082 3679 4153 ειρη·

2106 4183 2286 4253 μένον,
2313 4182 2415 4245 ὅτι,
2438 4179 2538 4234 Δεῖ
2559 4179 2664 4233 τὸν
2685 4170 3170 4248 προσερχόμενον
3199 4175 3322 4242 Θεῷ
3345 4174 3679 4237 πιστεύειν,

2104 4272 2193 4327 ὅτι
2228 4273 2379 4336 ἐστι,
2419 4271 2516 4324 καὶ
2555 4269 2679 4336 τοῖς
2722 4268 3037 4340 ἀγαπῶσιν
3083 4265 3270 4321 αὐτὸν
3307 4261 3679 4346 μισθαποδό-

2104 4382 2214 4433 της
2251 4365 2494 4434 γίνεται.
2525 4365 2643 4415 ἰνα
2685 4357 2778 4415 οὖν
2827 4358 3218 4433 παραθαρσύνῃ
3259 4356 3351 4409 τὸν
3391 4355 3481 4409 ὑπ’
3515 4351 3680 4407 αὑτοῦ

2111 4454 2487 4525 πεπλασμένον
2518 4453 2824 4526 ἄνθρωπον,
2851 4453 2963 4514 τοῖς
2996 4447 3170 4515 ἁγίοις
3197 4446 3363 4500 αὐτοῦ
3394 4446 3487 4498 καὶ
3514 4445 3682 4511 ἀξίοις

2111 4549 2300 4605 ἑαυτὸν
2329 4546 2702 4602 ἀποκαλύπτει
2729 4543 2880 4607 Θεὸς,
2910 4543 2996 4596 ἵνα
3021 4542 3178 4595 ἴδωσι
3226 4539 3385 4609 φύσει
3420 4537 3572 4603 Θεὸν,
3591 4538 3683 4590 καὶ

2113 4638 2591 4710 θεμελιωθῶσιτὴν
2616 4635 2874 4699 διάνοιαν,
2899 4634 2994 4688 καὶ
3019 4631 3311 4686 ἐλπίσωσιν
3345 4631 3402 4683 ἐν
3433 4629 3680 4698 ἀληθείᾳ,

2113 4733 2208 4786 καὶ
2235 4729 2538 4800 κηρύξωσιν
2570 4726 2729 4780 αὑτὸν
2755 4725 2990 4796 άληθῶς,
3022 4725 3116 4778 καὶ
3137 4722 3567 4791 πιστοποιήσωσι
3593 4721 3683 4773 τὸν

428 4826 612 4881 stabili
670 4826 906 4897 quodam
958 4825 1311 4880 fundamento
1356 4825 1694 4887 contineant,
1747 4833 1800 4878 et
1855 4838 2000 4893 spem

2111 4823 2300 4876 πιστὸν
2335 4819 2620 4891 ἄνθρωπον
2641 4835 2654 4848 ⁸
2703 4817 2776 4880 ὼς
2811 4816 3002 4887 ἀμέλει
3041 4815 3131 4869 καὶ
3172 4816 3221 4866 oi.
3262 4813 3529 4882 Ἐλλήνων
3562 4812 3683 4863 παίο

429 4935 585 4975 suam
635 4919 690 4974 in
745 4921 972 4974 veritate
1011 4919 1304 4980 collocent,
1361 4925 1525 4986 atque
1568 4916 1717 4970 illum
1767 4931 1893 4970 vere
1945 4930 2010 4971 ac

428 5011 643 5068 sincere
673 5010 989 5081 praedicent,
1019 5018 1074 5064 et
1115 5010 1324 5065 tidelem
1371 5008 1606 5079 denique
1637 5007 1910 5063 hominem
1951 5005 2007 5060 in

428 5099 694 5174 suscepta
715 5103 816 5159 lide
853 5101 1196 5159 conﬁrment.
1256 5099 1720 5167 Quemadmodum
1752 5105 2007 5154 econtra-

427 5201 512 5254 rio
541 5201 772 5272 gentiles
805 5214 870 5254 ac
904 5197 1076 5254 Grarci
1115 5197 1210 5252 Dei
1253 5195 1500 5250 notitiam
1544 5192 1711 5248 verbo
1742 5205 1926 5256 tenus,
1953 5198 2010 5246 ct

430 5293 758 5363 imaginibus
785 5291 1121 5347 adumbratis
1151 5288 1418 5344 obtinent.
1451 5285 1560 5342 Nos
1599 5292 1780 5341 autem
1815 5299 2003 5339 revera

433 5382 600 5438 Deum
636 5385 907 5450 novimus,
940 5399 1124 5439 verum
1161 5383 1310 5436 illum
1341 5379 1558 5449 quidem
1601 5393 1666 5433 ac
1709 5393 1837 5433 vere
1873 5377 2004 5432 sub.

433 5476 713 5530 sistentem
763 5491 966 5547 regem,
1001 5473 1621 5544 ineomprehensihilem,
1664 5469 2002 5525 conditorem

432 5579 614 5620 rerum
645 5567 907 5632 omnium,
939 5582 1106 5622 unum
1139 5564 1339 5630 Deum;
1369 5572 1423 5620 et
1461 5564 1530 5618 ab
1557 5563 1676 5633 ipso
1705 5560 2006 5630 proceden-

511 5737 530 5772 ⁸
560 5738 704 5793 Psal.
737 5755 809 5796 ιι.
831 5739 902 5794 28
998 5745 1018 5774 ²
1040 5740 1144 5797 lsa.
1174 5757 1245 5797 Li.
1273 5741 1355 5795 l0.
1431 5739 1450 5770 ³
1477 5741 1580 5793 lsa.
1616 5735 1832 5799 var,2.
1901 5738 1922 5764 ⁸
1953 5732 2084 5788 ibid.
2119 5731 2162 5784 Ι.
2239 5731 2260 5763 ³
2285 5729 2420 5785 Dan.
2443 5744 2541 5796 vn,
2566 5729 2597 5784 9
2621 5742 2744 5798 sqq.

2107 4917 2196 4979 δες
2224 4914 2406 4985 ἔχουσι
2462 4911 2588 4982 περὶ
2621 4910 2752 4963 Θεοῦ
2795 4911 2901 4973 ἕως
2940 4910 3098 4977 λόγου
3127 4923 3185 4958 τε
3236 4905 3330 4959 καὶ
3364 4901 3680 4972 φαντασίας.

2121 5008 2308 5078 Ἡμεῖς
2333 5005 2391 5058 δὲ
2422 5004 2636 5075 άληθῶς
2664 5003 2794 5055 Θεὸν
2826 4998 3168 5070 ἐπιστάμεθα
3195 4995 3391 5066 ἀληθῆ,
3423 4995 3520 5047 καὶ
3553 4993 3681 5044 ὄντα

2109 5095 2322 5167 ἀληθῶς
2356 5095 2714 5148 ὲνυπόστατον
2749 5090 2992 5161 βασιλέα,
3027 5087 3429 5156 ἀκατάληπτον,
3460 5079 3682 5150 ποιητὴν

2107 5189 2218 5244 τῶν
2271 5189 2426 5251 ὅλων,
2481 5188 2576 5240 ἕνα
2621 5186 2774 5244 Θεὸν,
2818 5183 2912 5236 καὶ
2958 5181 3018 5246 ἐξ
3074 5177 3238 5232 αὑτοῦ
3287 5178 3376 5229 τὸν
3406 5172 3682 5240 Μονογενῆ

2109 5283 2261 5345 Θεὸν,
2299 5285 2356 5334 ὲν
2404 5279 2578 5333 οὐδενὶ
2631 5276 3010 5331 διαλλάττοντα
3057 5271 3151 5326 τοῦ
3200 5268 3432 5339 Πατρὸς,
3487 5267 3580 5318 xal
3626 5263 3684 5314 τὸ

2110 5373 2262 5441 ἅγιον
2293 5369 2458 5424 αὑτοῦ
2509 5367 2751 5438 Πνεῦμα,
2811 5365 2975 5436 μηδὲν
3021 5361 3132 5416 άπὸ
3161 5359 3375 5430 Πατρὸς
3407 5358 3502 5410 καὶ
3553 5351 3680 5406 Υἱοῦ

2109 5463 2446 5518 διαλλάττον·
2483 5461 2559 5523 ὡς
2593 5458 2687 5513 καὶ
2713 5461 2772 5512 ὲν
2802 5457 2949 5528 πάσῃ
2988 5454 3197 5526 αἱρέσει
3240 5452 3368 5522 περὶ
3403 5449 3502 5519 τῆς
3547 5444 3682 5500 κατὰ

2111 5555 2241 5609 Θεὸν
2268 5555 2504 5616 πίστεως
2531 5552 2618 5606 διὰ
2645 5548 2838 5606 πολλοῦ
2866 5545 3240 5618 ἐποιησάμεθα
3281 5542 3372 5596 τὸν
3399 5541 3578 5608 λόγον.

2819 5724 2839 5755 ⁸
2863 5725 2981 5778 Act.
3006 5739 3102 5785 vtI,
3123 5721 3208 5776 5-3.
3287 5720 3308 5751 '
3345 5716 3506 5772 Hebr.
3532 5728 3604 5780 ιι,
3625 5708 3678 5768 6.
