3994 6226
245 337 362 397 ω

908 339 1276 400 ADVERSUS
1313 342 1651 402 llAERESES
1688 346 1803 403 LIB.

1905 349 1945 405 Ι.
1985 347 2147 404 ΤΟΜ.
2179 349 2220 404 1.
2261 380 2322 393 -
2368 301 2641 407 IIERES.
2679 352 2840 410 LXX.
2891 385 2896 388 -

3378 361 3487 421 350

257 470 360 510 tem
384 452 728 527 Unigenitum
763 453 954 522 Deum,
979 473 1083 513 nec
1121 460 1227 514 ulla
1265 477 1324 516 re
1367 479 1396 516 a
1437 461 1596 521 Patre
1628 465 1928 534 diversum,
1961 482 2062 523 nec
2094 481 2200 522 non
2225 477 2280 523 et
2304 465 2565 539 Spiritum
2591 479 2842 527 sanctum
2899 473 2992 543 qui
3045 474 3180 530 nihil
3226 493 3259 532 a
3323 475 3486 534 Patre

254 545 488 617 Filioque
531 543 824 617 discrepat.
856 546 1010 614 Quod
1042 551 1262 621 quidem
1305 554 1428 608 ﬁdei
1461 555 1680 626 dogma,
1708 571 1832 611 cum
1866 557 2132 614 adversus
2164 558 2399 618 haereses
2437 561 2683 633 singulas
2719 577 3024 634 ageremus,
3071 568 3318 637 pluribus
3357 586 3485 626 ver-

253 643 334 698 bis
359 639 730 709 exposuimus.

315 735 386 789 Z'.
431 732 539 787 Καὶ
569 731 650 784 ὅτι
690 732 788 802 μὲν
824 730 978 805 ὤφθη
1007 733 1138 798 Θεὸς
1179 734 1486 804 ἀνθρώποις
1505 777 1519 796 ,
1547 736 1803 803 πολλάκις

1977 731 2089 790 νη.
2149 734 2228 788 Ac
2280 732 2450 789 Deum
2506 736 2727 806 quidem
2787 737 3103 797 hominibus
3157 744 3482 814 apparuisse

247 822 486 891 εἴπομεν,
521 820 616 873 καὶ
659 820 760 874 οὐκ
793 821 1138 892 ἀρνούμεθαο
1173 824 1268 876 ἐὰν
1301 825 1411 896 γὰρ
1443 826 1807 898 ἀρνησώμεθα

246 912 337 977 τὰς
365 911 512 974 θείας
543 911 582 963 Γ
587 910 784 981 μωρὰς,
822 913 1044 983 ἀληθεῖς
1069 915 1170 967 οὐκ
1201 915 1388 986 ἐσμὲν,
1430 916 1526 970 καὶ
1551 918 1804 990 εὑρισκό-

247 1000 378 1071 μεθα
398 999 754 1063 ἐκπίπτοντες
779 1000 880 1071 τῆς
910 1001 1166 1072 ἀληθείας
1183 1018 1196 1032 °
1221 1003 1254 1074 ἢ
1285 1005 1385 1075 τὴν
1413 1005 1655 1060 Παλαιὰν
1677 1009 1805 1060 Δια-

244 1091 412 1162 θήκην
467 1090 856 1156 ἐκϐάλλοντες,
903 1091 1090 1146 οὐκέτι
1144 1093 1311 1164 ἐσμὲν
1363 1095 1466 1165 τῆς
1513 1095 1806 1168 καθολικῆς

253 1180 603 1251 Ἐκκλησίας·
655 1181 717 1234 τὸ
752 1181 809 1234 δὲ
854 1182 1179 1250 Εὐαγγέλιον
1217 1183 1319 1255 ἔφη
1344 1197 1359 1212 ⁸
1408 1185 1556 1241 Θεὸν
1607 1187 1808 1254 οὐδεὶς

242 1273 470 1326 πωπότε
517 1272 800 1340 ἑώρακεν,
835 1275 867 1326 ό
899 1274 1245 1344 Μονογενὴς
1295 1276 1440 1344 Θεὸς
1481 1279 1666 1346 αὐτὸς
1709 1280 1805 1346 ἐξ·

241 1362 533 1432 ητήσιιτο⁶
569 1365 664 1417 καὶ
697 1363 858 1418 πάλιν
885 1366 918 1434 ή
961 1365 1098 1436 αὐτὴ
1125 1366 1245 1420 θεία
1267 1368 1476 1439 Γραφὴ,
1504 1370 1586 1423 ὅτι
1615 1371 1804 1440 Ἥξεοη

242 1458 272 1507 d
299 1453 441 1520 Θεός
465 1453 546 1521 τῷ
584 1454 840 1525 Ἀϐραὰμ
863 1456 990 1509 ὄντι
1025 1458 1096 1511 ἐν
1123 1457 1198 1527 τῇ
1223 1461 1677 1531 Μεσοποταμίᾳ·
1711 1465 1805 1517 καὶ

212 1545 392 1606 ,αὐτὸς
422 1544 451 1596 ὁ
500 1544 708 1616 Κύριος
739 1547 801 1599 ὲν
840 1545 919 1617 τῷ
951 1547 1302 1620 Εὐαγγελίῳ,
1333 1551 1414 1603 ὅτι
1458 1555 1522 1605 Οἱ
1562 1551 1804 1623 ἄγγελοι

239 1636 458 1688 τούτων
483 1634 669 1703 ὁρῶσι
702 1636 768 1689 τὸ
801 1638 1126 1706 πρόσωπον
1157 1639 1264 1694 τοῦ
1300 1643 1528 1710 Πατρός
1550 1660 1672 1711 μου
1697 1643 1802 1698 τοῦ

240 1725 304 1778 ἐν
325 1724 401 1790 τῷ
423 1726 682 1795 οὐρανῷ.
718 1727 878 1781 ’Λλλά
900 1727 1116 1792 πάντως
1141 1731 1259 1801 ὲρεϊ
1285 1749 1370 1796 τις
1393 1733 1674 1804 εἰρηκέναι
1703 1735 1802 1806 τὴν

240 1817 382 1870 θείαν
418 1817 645 1890 Γραφὴν
687 1818 822 1883 τοὺς
873 1821 1158 1892 προφήτας
1205 1822 1508 1893 ἑωρακέναι
1545 1824 1632 1879 τὸν
1671 1824 1802 1878 Θεὸν

240 1911 294 1962 ὲν
316 1909 390 1980 τῷ
415 1909 511 1981 νῷ,
544 1910 656 1964 ἀπὸ
679 1910 773 1965 τοῦ
798 1911 990 1983 ῥητοῦ,
1023 1910 1138 1979 τοῦ,
1170 1913 1281 1967 Καὶ
1301 1917 1357 1969 οἱ
1394 1914 1634 1986 ἄγγελοι
1670 1918 1802 1971 τού-

239 2015 350 2052 των
371 1998 556 2066 ὁρῶσι
588 2000 656 2053 τὸ
687 2001 1011 2068 πρόσωπον
1045 2003 1151 2058 τοῦ
1188 2005 1418 2072 Πατρός
1443 2023 1562 2075 μου
1589 2006 1694 2061 τοῦ
1731 2007 1801 2060 ἐν

238 2088 462 2157 οὐρανῷ
483 2105 497 2119 ⁸
538 2091 636 2144 καὶ
669 2091 831 2146 πάλιν
858 2093 967 2146 ἀπὸ
999 2093 1116 2158 τοῦ,
1146 2093 1433 2163 Μακάριοι
1469 2098 1523 2150 οἱ
1551 2097 1795 2166 καθαροὶ
1829 2077 1871 2134 Β

238 2179 307 2247 τῇ
331 2182 567 2250 καρδίᾳ,
597 2183 686 2237 ὅτι
720 2186 889 2240 αὐτοὶ
923 2187 1030 2240 τὸν
1061 2182 1207 2240 Θεὸν
1233 2188 1505 2256 ὄψονται.
1532 2190 1712 2261 Φήσας
1744 2190 1802 2244 δὲ

238 2273 406 2338 τοῦτο,
443 2273 544 2328 καὶ
575 2274 923 2344 παραζεύξας
953 2276 1095 2329 κατὰ
1141 2277 1237 2348 τὴν
1273 2278 1437 2331 αὐτοῦ
1465 2279 1673 2334 ἔννοιαν
1704 2279 1802 2344 τὰς

240 2362 419 2428 λέξεις,
449 2365 604 2419 εἴποι
643 2366 687 2419 δ’
723 2365 810 2431 ἂν,
835 2367 917 2420 ὅτι
962 2368 1021 2420 ὲν
1068 2366 1146 2438 τῷ
1179 2368 1267 2440 νῷ.
1295 2369 1524 2434 ἕκαστος
1567 2371 1672 2442 ὁρᾷ
1709 2371 1803 2425 τὸν

238 2453 378 2511 Θεόν.
417 2455 491 2508 Οὐ
545 2455 656 2527 γὰρ
703 2455 1031 2528 ὀφθαλμοῖς·
1085 2459 1398 2514 ἀντιπίπτει
1449 2462 1506 2516 δὲ
1553 2464 1728 2535 τούτῳ
1771 2465 1802 2518 ὸ

241 2549 370 2627 θεῖος
422 2550 617 2618 λόγος,
662 2550 885 2619 φάσκων
937 2551 1025 2605 διά
1071 2553 1292 2607 Ἡσαΐου
1345 2553 1438 2608 τοῦ
1481 2559 1758 2627 προφήτου
1781 2574 1798 2592 ο

247 2639 426 2706 Τάλας
472 2639 598 2710 ἐγὼ
617 2682 630 2700 .
673 2640 764 2694 ὅτι
820 2644 1256 2713 κατανένυτμαι
1276 2662 1292 2676 ο
1351 2643 1440 2698 ὅτι
1491 2646 1802 2715 ἄνθρωπος

239 2730 533 2799 ἀκάθαρτα
567 2733 740 2800 χείλη
787 2735 948 2801 ἔχων
989 2733 1060 2786 ἐν
1085 2733 1232 2799 λαῷ,
1282 2734 1586 2804 ἀκάθαρτα
1627 2737 1799 2806 χείλη

238 2822 447 2887 ἔχοντι,
499 2821 624 2892 ἐγὼ
667 2821 944 2888 κατοικῶ,
992 2824 1090 2878 καὶ
1134 2825 1241 2878 τὸν
1285 2821 1508 2894 Κύριον
1559 2827 1802 2884 Σαϐαὼθ

239 2909 391 2967 εἶδον
417 2914 546 2981 τοῖς
593 2915 922 2985 ὀφθαλμοῖς
951 2934 1092 2986 μου.
1135 2916 1246 2970 Καὶ
1273 2918 1377 2971 οὐκ
1420 2912 1542 2972 εἷπε
1583 2919 1662 2992 τῷ
1701 2919 1797 2990 νῷ,

239 3005 350 3059 οὐδὲ
395 3008 452 3060 ὲν
484 3009 560 3078 τῇ
603 3007 801 3080 ἐννοίᾳ,
832 3007 969 3062 ἀλλά
1006 3007 1130 3075 τοῖς
1147 3009 1491 3082 ὀφθαλμοῖς,
1513 3010 1585 3065 τὰ
1623 3012 1801 3084 ἀληθῆ

239 3096 324 3148 καὶ
357 3097 686 3169 στερεὰατῆς
710 3097 945 3163 πίστεως
974 3098 1378 3171 βεϐαιούμενος.

303 3183 364 3236 Τί
407 3181 499 3240 οὖν
533 3183 766 3256 εἴπομεν
789 3190 832 3254 ³,
863 3187 958 3241 τοῦ
1005 3189 1338 3259 Εὑαγγελίου
1371 3189 1638 3260 λέγοντος,
1668 3190 1801 3246 Θεὸν

242 3274 310 3344 μὴ
349 3275 654 3345 ἑωρακέναι
683 3275 806 3331 τινὰ
863 3277 1114 3345 πώποτε,
1144 3279 1252 3334 τῶν
1296 3280 1356 3335 δὲ
1385 3281 1678 3352 προφητῶν
1708 3281 1802 3335 καὶ

239 3363 543 3466 ἀποστόλων
570 3366 910 3432 φασκόντων,
943 3367 1039 3422 καὶ
1070 3367 1234 3422 αὐτοῦ
1261 3368 1356 3422 τοῦ
1385 3369 1621 3442 Κυρίου;
1655 3367 1800 3443 *Δρα
1826 3408 1869 3466 C

239 3453 498 3509 ἀντίθετον
543 3456 608 3510 ἐν
644 3459 709 3528 τῇ
755 3456 876 3530 θείᾳ
927 3458 1118 3530 Γραφῇ
1164 3460 1301 3532 πρὸς
1346 3461 1544 3528 ἑαυτήν
1583 3478 1671 3526 τις
1724 3464 1798 3536 μὴ

238 3546 467 3612 γένοιτοι
514 3547 684 3601 Ἀλλά
715 3543 854 3604 εἶδον
888 3550 1164 3621 προφῆται
1203 3551 1298 3604 καὶ
1333 3551 1621 3607 ἀπόστολοι
1644 3571 1658 3584 ο
1705 3554 1801 3608 καὶ

239 3635 424 3706 ἀληθὲς
449 3636 701 3708 ὑπάρχον
720 3655 734 3666 ³
766 3633 906 3691 εἶδον
934 3637 994 3691 δὲ
1035 3639 1172 3692 καθὸ
1205 3639 1464 3709 ἠδύναντο
1501 3641 1675 3708 αὐτοὶ,
1703 3643 1800 3696 καὶ

239 3727 364 3781 καθὸ
391 3728 676 3800 ἐνεχώρει,
709 3729 806 3782 καὶ
820 3727 980 3800 ὤφθη
1005 3729 1186 3794 αὐτοῖς
1205 3731 1236 3782 ὁ
1255 3730 1386 3794 Θεὸς
1415 3731 1490 3796 ὡς
1514 3732 1795 3803 ⁴ήθέλησεεν.

239 3820 409 3874 Πάντα
437 3820 551 3891 γὰρ
582 3819 733 3890 αὐτῷ
759 3820 978 3876 δυνατά.
1000 3821 1111 3874 Καὶ
1130 3821 1212 3874 ὅτι
1237 3823 1334 3892 μὲν
1352 3823 1382 3876 ὁ
1414 3822 1642 3895 ἀόρατος
1665 3823 1801 3888 Θεὸς

237 3912 324 3963 καὶ
351 3911 763 3980 ἀκατάληπτος,
793 3909 951 3964 τοῦτο
970 3911 1130 3982 δῆλόν
1156 3913 1298 3978 ἐστι,
1317 3912 1415 3966 καὶ
1432 3912 1796 3984 ὡμολόγηται.

250 4001 398 4055 Ἀλλὰ
430 4002 596 4056 πάλιν
628 4000 850 4066 δυνατός
883 4003 998 4055 ἐστι
1029 4005 1203 4056 ποιεῖν
1225 4002 1258 4055 ὃ
1287 4001 1553 4072 βούλεται.
1575 4004 1658 4058 Οὐ
1687 4004 1800 4073 γάρ

236 4110 319 4160 τις
348 4095 731 4160 ἀνατίθησιν
770 4093 958 4148 αὐτοῦ
1005 4094 1088 4159 τῷ
1126 4094 1488 4164 βουλήματι.
1548 4095 1800 4168 ’Δόρατος

237 4181 324 4239 οὖν
376 4187 493 4239 ἐστι
533 4185 635 4258 τὴν
679 4185 863 4255 φύσιν,
921 4185 1016 4238 καὶ
1061 4185 1448 4257 ἀκατάληπτος
1475 4185 1574 4257 τὴν
1619 4187 1795 4253 δόξαν.

237 4275 564 4346 Βουλομένου
628 4274 688 4328 δὲ
748 4272 826 4345 τῷ
882 4274 972 4327 ὑπ’
1025 4271 1191 4326 αὑτοῦ
1235 4275 1484 4343 γεγονότι
1529 4275 1800 4349 ἀνθρώπῳ

235 4365 583 4431 ὀπτάνεσθαι,
613 4365 766 4421 οὐδὲν
808 4365 1143 4420 ἐναντιοῦται
1171 4364 1250 4438 τῷ
1285 4366 1450 4420 αὐτοῦ
1482 4367 1796 4440 βουλήματι.

237 4458 308 4511 Uti
337 4457 446 4530 γάρ
467 4457 619 4528 πάθη
655 4457 952 4527 συνέχεται,
969 4456 1030 4509 τὸ
1046 4456 1225 4520 Θεϊον,
1264 4456 1351 4510 ἵνα
1379 4457 1409 4510 ὃ
1447 4457 1696 4526 βούλεται
1723 4457 1800 4530 μὴ

235 4545 467 4616 πράττῃ,
498 4545 534 4616 ἢ
563 4546 778 4616 πράττῃ
807 4544 836 4597 ὃ
865 4545 941 4615 μὴ
973 4544 1242 4614 βούλεται.
1267 4545 1499 4610 Δυνατὸς
1526 4547 1634 4618 γάρ
1658 4549 1796 4613 ἐστι,

235 4633 396 4687 ποιῶν
418 4634 448 4687 ὃ
479 4633 748 4703 βούλεται.
793 4632 952 4688 Ἀλλά
989 4634 1219 4704 πράττει
1252 4634 1396 4706 ἅπερ
1435 4635 1585 4706 αὐτῷ
1604 4639 1625 4668 ²
1651 4639 1800 4709 πρέ-

1906 840 2151 896 persaepe
2175 823 2434 891 diximus,
2467 842 2565 882 nec
2588 842 2826 898 unquam
2850 829 3071 886 intleiati
3095 847 3321 890 sumus:
3351 848 3475 889 nam

1903 915 1955 970 si
1985 930 2266 971 sacrarum
2296 915 2624 971 Litterarum
2664 918 3043 974 auctoritatem
3077 936 3356 993 negemus,
3389 941 3482 980 ve-

1906 1008 2124 1062 ritatem
2154 1022 2262 1062 non
2291 1009 2590 1078 sequimur,
2624 1016 2680 1064 et
2707 1009 2776 1064 ab
2804 1025 2868 1064 ea
2896 1010 3111 1081 longius
3140 1014 3478 1084 aberramus,

1906 1108 2002 1156 ant
2028 1100 2076 1155 si
2106 1098 2274 1156 Vetus
2306 1099 2714 1156 Testamentum
2761 1101 3062 1170 rejicimus,
3101 1118 3211 1159 non
3242 1106 3480 1174 amplius

1907 1191 1962 1245 in
1989 1190 2260 1246 catholica
2292 1190 2536 1247 Ecclesia
2563 1207 2853 1248 censemur
2878 1211 2892 1249 :
2926 1194 3074 1264 atqui
3105 1195 3160 1249 in
3189 1194 3480 1262 Evangelio

1906 1283 2169 1352 scriptum
2203 1291 2322 1338 est:
2361 1281 2524 1337 Deum
2548 1299 2698 1338 nemo
2725 1283 2857 1338 vidit
2882 1301 3139 1355 unquam,
3169 1284 3480 1358 Unigem'tus

1903 1385 2076 1456 818
2115 1383 2251 1440 Deus
2291 1385 2398 1454 ipse
2439 1387 2678 1441 narravit
2701 1387 2743 1453 ³;
2791 1384 3054 1457 praeterea
3087 1387 3277 1444 eadem
3327 1387 3481 1443 Scri-

1905 1489 2063 1548 ptura
2094 1496 2108 1532 :
2140 1477 2423 1544 Apparuit,
2468 1477 2673 1548 inquit,
2713 1477 2850 1532 Deus
2877 1478 3169 1542 Abraham,
3189 1495 3314 1533 eum
3345 1487 3480 1534 esset

1903 1569 1958 1620 in
1981 1565 2363 1634 Mesopotamia
2390 1566 2446 1623 δε
2477 1569 2611 1638 quin
2633 1568 2751 1638 ipse
2785 1567 3049 1624 Dominus
3069 1568 3122 1622 in
3148 1567 3475 1640 Evangelia:

1903 1658 2110 1728 Angeii,
2146 1658 2344 1729 inquit,
2371 1675 2554 1712 eorum
2588 1658 2760 1714 vident
2791 1659 2982 1730 faciem
3018 1658 3200 1714 Patris
3237 1662 3360 1724 mei,
3389 1661 3480 1730 qui

1900 1749 1956 1803 in
1999 1749 2142 1804 caelis
2181 1760 2260 1804 est
2285 1750 2329 1804 ⁸.
2374 1749 2445 1803 At
2490 1750 2675 1818 enim,
2725 1750 2870 1806 dicet
2915 1751 3115 1820 aliquis
3143 1791 3160 1814 ,
3192 1750 3477 1824 Scriptura

1903 1839 2069 1896 Deum
2099 1842 2303 1898 vidisse
2330 1841 2624 1912 prophetas
2665 1843 2888 1907 asserit,
2911 1843 3009 1900 sed
3043 1851 3222 1899 mente
3268 1843 3475 1900 intelli-

1900 1933 2191 2003 gentiaque
2227 1932 2516 1998 duntaxat,
2564 1940 2622 2009 ut
2650 1948 2715 1988 ex
2745 1933 2850 1988 hoc
2887 1933 3006 1988 loco
3033 1933 3214 2002 colligi
3248 1941 3425 2003 potest
3454 1952 3468 1989 :

1899 2023 2281 2094 Angeiieorum
2307 2023 2482 2079 vident
2514 2024 2705 2093 facient
2738 2023 2921 2080 Patris
2954 2025 3074 2090 mei,
3118 2025 3208 2094 qui
3231 2026 3286 2078 in
3315 2024 3462 2079 culis

1900 2122 2016 2176 est;
2044 2112 2170 2168 item
2199 2129 2264 2168 ex
2291 2113 2394 2169 hoc
2421 2114 2539 2167 loco
2565 2130 2579 2166 :
2605 2113 2758 2168 Beati
2791 2113 2990 2168 mundo
3017 2113 3189 2174 corde,
3222 2115 3473 2184 quoniam

1901 2203 2002 2271 ipsi
2026 2202 2194 2257 Deum
2219 2201 2463 2257 uidebunt
2486 2203 2530 2258 ⁸.
2559 2203 2716 2270 Quod
2741 2205 2834 2273 qui
2851 2204 3071 2270 dixerit,
3107 2211 3162 2259 et
3191 2203 3310 2259 illas
3327 2201 3477 2257 Scri-

1901 2303 2075 2363 ptura:
2107 2295 2412 2351 sententias
2435 2293 2580 2367 apud
2622 2310 2683 2350 se
2717 2295 3034 2358 contulerit,
3068 2295 3293 2365 perinde
3323 2295 3473 2349 arbi-

1902 2385 2136 2440 trabitur
2180 2379 2623 2456 unumquemque
2666 2384 2834 2441 Deum
2893 2395 3092 2452 mente,
3144 2401 3251 2440 non
3297 2385 3475 2442 oculis

1901 2475 2106 2531 videre.
2140 2474 2344 2532 Verum
2391 2475 2552 2532 facile
2579 2476 2686 2532 iste
2719 2476 2887 2531 divini
2930 2477 3199 2532 sermonis
3233 2475 3476 2530 auctori-

1900 2572 2014 2620 tate
2057 2563 2346 2630 ret'ellitur,
2376 2579 2518 2620 .cum
2557 2565 2824 2636 propheta
2876 2565 3045 2620 Isaias
3096 2564 3277 2619 dicat:
3307 2562 3475 2617 Miser

1899 2672 2015 2726 ego,
2043 2657 2291 2726 quoniam
2338 2656 2580 2725 conﬁxus
2624 2671 2763 2721 sunt,
2789 2671 2851 2711 eo
2893 2654 3031 2726 quod
3067 2655 3222 2710 homo
3249 2654 3473 2724 impuris

1902 2746 2058 2802 labiis
2081 2747 2137 2801 in
2169 2746 2339 2802 medio
2364 2747 2544 2816 populi
2573 2748 2785 2816 impura
2811 2746 2958 2811 labia
2989 2746 3227 2800 habentis
3249 2761 3342 2814 ego
3373 2745 3473 2798 Ita-

1901 2837 2026 2902 bito,
2054 2848 2106 2893 et
2127 2837 2413 2894 Dominum
2445 2839 2766 2894 exercituum
2794 2837 2904 2892 uidi
2925 2838 3096 2893 oculis
3125 2840 3252 2892 meis
3275 2838 3321 2892 ⁷.
3352 2835 3476 2891 Non

1901 2935 2083 2984 mente
2113 2929 2273 2992 dixit,
2317 2944 2430 2984 non
2469 2929 2821 2998 cogitatione,
2863 2928 2960 2983 sed
3005 2934 3208 2993 oculis.
3253 2943 3473 2998 unaque

1901 3031 2084 3086 veram
2120 3031 2186 3071 ac
2214 3016 2449 3072 solidam
2481 3015 2641 3070 (idem
2677 3017 2892 3071 statuit.

1971 3190 2180 3262 Ecquid
2224 3205 2354 3262 ergo
2383 3189 2638 3257 dicimus,
2677 3203 2801 3244 cum
2835 3186 3188 3258 Evangeliutn
3235 3193 3468 3250 asserat.

1901 3282 2068 3338 Deum
2085 3298 2116 3336 a
2140 3283 2356 3338 nemine
2377 3297 2615 3351 unquam
2630 3295 2758 3337 esse
2777 3287 3131 3350 conspectum
3150 3294 3166 3341 ;
3191 3277 3471 3347 prepheue

1903 3387 2031 3428 vero
2064 3379 2120 3428 et
2149 3371 2402 3443 apostoli,
2433 3371 2543 3426 imo
2569 3370 2832 3425 Dominus
2864 3369 2979 3440 ipse
3018 3367 3352 3422 contrarium
3390 3364 3468 3419 ai-

1903 3463 2156 3519 ilrment?
2178 3464 2262 3517 An
2298 3463 2479 3532 aliqua
2507 3470 2635 3516 sunt
2665 3461 2718 3515 in
2752 3459 3056 3530 Scriptura,
3089 3473 3210 3528 quae
3242 3455 3346 3512 sibi
3380 3455 3469 3510 in-

1900 3549 2072 3605 vicem
2099 3549 2433 3620 repugnent?
2464 3547 2684 3602 Miuime
2710 3547 2762 3601 id
2792 3545 3032 3616 quidem.
3066 3543 3170 3600 Sed
3192 3543 3475 3615 prophetae

1900 3639 2044 3696 haud
2070 3639 2235 3696 dubie
2255 3646 2309 3695 et
2329 3638 2559 3708 apostoli
2594 3637 2760 3692 Deum
2795 3637 3079 3691 viderunt:
3102 3636 3265 3706 idque
3289 3633 3473 3704 ipsum

1899 3731 2264 3787 certissimum
2294 3740 2380 3786 est
2407 3745 2422 3784 :
2455 3731 2549 3786 sed
2587 3730 2852 3785 hactenus
2899 3729 3169 3791 viderunt,
3197 3733 3477 3797 quatenus

1899 3830 2148 3894 poterant
2186 3822 2314 3893 ipsi,
2352 3830 2409 3876 et
2449 3827 2711 3892 quantum
2755 3821 2972 3882 licebat,
3015 3833 3079 3873 ac
3118 3817 3478 3888 quemadmnp

1899 3913 2028 3968 dum
2058 3913 2230 3969 voluit
2259 3912 2423 3980 Deus,
2459 3911 2836 3984 sevidendum
2866 3910 2950 3966 his
2983 3908 3230 3980 praebuit.
3262 3905 3480 3977 Quippe

1899 4005 2082 4060 omnia
2106 4013 2235 4060 sunt
2260 4005 2316 4059 in
2335 4003 2459 4073 ejus
2487 3988 2755 4073 potestate
2783 4002 2980 4072 posita.
3006 3998 3191 4069 Neque
3211 4012 3342 4052 vero
3367 3997 3478 4051 du-

1901 4095 2048 4150 bium
2095 4103 2200 4160 est,
2234 4095 2366 4165 quin
2412 4092 2552 4149 Deus
2603 4092 2775 4149 videri
2823 4088 3319 4160 compreltendique
3367 4103 3466 4141 ne-

1899 4197 2080 4256 queat,
2124 4187 2287 4256 idque
2333 4187 2388 4240 in
2436 4185 2689 4240 confesso
2725 4191 2812 4238 est
2843 4182 2986 4252 apud
3023 4194 3232 4235 omnes.
3278 4175 3384 4231 Sed
3415 4185 3471 4231 et

1900 4277 2029 4333 illud
2065 4277 2292 4348 proinde
2321 4284 2552 4338 certum,
2580 4289 2741 4345 posse
2769 4273 2918 4327 illum
2949 4286 3068 4342 qua:
3088 4270 3214 4324 velit
3236 4268 3468 4324 eﬂicere.

1901 4365 2099 4421 Nullus
2127 4375 2207 4422 est
2232 4365 2371 4420 enim
2406 4364 2494 4435 qui
2535 4363 2649 4433 ejus
2683 4360 2939 4416 voluntati
2977 4357 3250 4413 resistat“.
3291 4355 3498 4422 Quare’

1896 4471 2024 4510 cum
2047 4462 2102 4510 et
2142 4462 2334 4510 natura
2358 4453 2536 4508 visum
2569 4455 2784 4506 omnem
2805 4447 3023 4519 eliugiat
3047 4455 3099 4502 et
3127 4446 3300 4516 ipsius
3321 4459 3472 4499 com-

1900 4544 2160 4615 prehendi
2207 4543 2380 4614 gloria
2423 4548 2680 4611 nequeat,
2728 4547 2908 4593 tamen
2953 4538 3166 4607 quoties
3217 4534 3474 4599 homini,

1899 4652 2058 4706 quem
2084 4633 2359 4706 produxit,
2387 4631 2680 4688 videndum
2703 4645 2762 4686 se
2785 4629 3026 4700 praebere
3055 4626 3309 4689 voluerit,
3333 4625 3479 4683 nihil

235 4741 322 4777 πει
371 4727 441 4794 τῇ
497 4722 744 4793 θεότητι·
802 4721 968 4794 μηδὲν
1007 4722 1143 4786 ὅλως
1187 4723 1268 4794 τῷ
1314 4723 1574 4796 θελήματι
1631 4728 1798 4781 αὐτοῦ

1901 4727 2018 4796 ejus
2047 4725 2310 4780 voluntati
2337 4724 2654 4779 reluctatur.
2692 4720 2974 4791 Siquidem
3003 4718 3149 4772 nulla
3176 4717 3230 4769 in
3251 4714 3359 4770 Deo
3385 4715 3471 4768 in-

235 4815 576 4878 ἀντιπίπτον,
618 4813 757 4867 ὥστε
793 4813 867 4884 μή
896 4811 1158 4884 δύνασθαι
1187 4815 1448 4886 πράττειν
1483 4817 1514 4870 ὃ
1552 4817 1797 4888 βούλεται

235 4907 547 4976 πρεπόντως
582 4907 649 4976 τῇ
695 4903 860 4958 αὐτοῦ
911 4903 1145 4976 θεότητι.
1201 4907 1312 4959 Καὶ
1349 4907 1607 4962 ἀδύνατόν
1651 4910 1799 4964 ἐστιν

238 4997 360 5051 ἰδεῖν
405 4997 580 5058 Θεὸν,
627 4995 858 5067 μάλιστα
905 4995 1250 5067 ἀνθρωπίνην
1307 4997 1504 5067 φύσιν·
1553 5001 1650 5054 καὶ
1700 5003 1800 5056 οὐκ

235 5091 464 5160 ἐγχωρεῖ
491 5089 556 5142 τὸ
581 5087 776 5158 ὁρατὸν
801 5087 934 5158 ὁρᾷν
963 5087 1024 5141 τὸ
1054 5088 1304 5158 ἀόρατον.
1347 5088 1484 5142 Ἀλλ’
1516 5089 1545 5142 ὁ
1570 5091 1798 5162 ἀόρατος

235 5181 393 5244 Θεὸς,
441 5183 502 5234 ὲν
556 5178 935 5252 φιλανθρωπίᾳ
979 5181 1074 5232 καὶ
1116 5178 1342 5250 δυνάμει
1394 5180 1683 5250 ᾂνισχύσας
1737 5185 1800 5238 τὸ

236 5272 514 5336 ἀδύνατον,
566 5271 868 5342 κατηξίωσε
908 5274 974 5342 τῇ
999 5271 1194 5325 ἑαυτοῦ
1221 5272 1484 5343 δυνάμει,
1519 5274 1668 5338 ὅπως
1713 5277 1796 5349 ῐδῃ

235 5361 294 5415 τὸ
319 5363 575 5433 ἀόρατον,
611 5363 703 5417 καὶ
739 5360 769 5414 ὃ
801 5357 907 5416 εῑδε
945 5362 1007 5416 τὸ
1055 5361 1283 5433 ἀόρατόν
1307 5379 1368 5416 τε
1411 5364 1506 5417 καὶ
1549 5363 1794 5436 ἄπειρον,

235 5454 295 5509 οὐ
323 5453 505 5519 καθὼς
534 5451 657 5523 laxe
681 5452 742 5508 τὸ
773 5452 1018 5526 ἄπειρον,
1045 5453 1160 5507 ἀλλ’
1186 5453 1261 5518 ὡς
1287 5455 1519 5525 ἠδύνατο
1539 5460 1735 5530 χωρεῖν
1760 5461 1794 5529 ή

1902 4825 1988 4873 est
2029 4816 2263 4881 affectio,
2299 4830 2476 4885 neque
2514 4814 2626 4882 pati
2661 4811 2956 4883 quidquam
3011 4815 3211 4880 potest,
3267 4815 3324 4861 ut
3375 4815 3474 4860 aut

1903 4910 2049 4980 quod
2075 4910 2204 4966 velit
2235 4925 2342 4964 non
2370 4909 2637 4980 perﬁciat,
2671 4917 2763 4962 aut
2791 4907 2935 4978 quod
2964 4906 3100 4960 nolit
3125 4904 3340 4959 eﬂieiat.
3375 4905 3478 4958 Est

1903 5001 2047 5056 enim
2080 5007 2406 5070 praepotens,
2440 5007 2494 5054 et
2520 4997 2886 5069 quodcunque
2933 4997 3144 5051 libitum
3189 5003 3272 5050 est
3312 4994 3471 5048 moli-

1904 5101 2011 5157 tur,
2040 5093 2112 5147 ila
2151 5100 2332 5146 tamen
2379 5101 2439 5145 ut
2480 5106 2600 5160 quae
2643 5089 2980 5143 divinitatem
3014 5089 3186 5158 ipsius
3215 5085 3470 5145 deceant,

1902 5191 2166 5253 perpetuo
2208 5183 2392 5238 taciat.
2418 5181 2553 5236 Nam
2595 5182 2731 5235 nihil
2775 5189 2879 5245 est,
2916 5188 2974 5233 ut
3002 5178 3137 5239 dixi,
3180 5174 3326 5246 quod
3372 5189 3470 5226 vo-

1904 5273 2097 5326 luntati
2130 5273 2301 5342 ipsius
2328 5273 2668 5337 adversetur,
2696 5271 2991 5343 quominus
3029 5282 3150 5338 qua:
3191 5265 3336 5325 velit,
3370 5281 3470 5334 pro

1901 5377 1967 5417 eo
2011 5377 2075 5417 ac
2124 5361 2395 5416 divinitati
2439 5378 2551 5418 suae
2592 5364 2866 5423 convenit,
2915 5367 3261 5426 exsequatur.
3297 5352 3470 5408 Deum

1902 5457 2120 5526 quidem
2145 5455 2335 5518 videri,
2376 5455 2676 5526 praesertim
2711 5454 2778 5507 ab
2808 5453 3044 5506 humana
3095 5454 3311 5509 natura,
3358 5465 3473 5504 non

307 5564 324 5595 ¹
355 5559 419 5615 F.
441 5563 743 5638 aquatio;
785 5559 806 5589 ’
841 5562 891 5616 F.
930 5563 1099 5638 αὐτοῦ
1194 5564 1217 5596 ³
1239 5562 1399 5621 Joan.
1427 5581 1469 5626 t.
1501 5567 1586 5623 i8.
1662 5569 1685 5600 ⁸
1716 5569 1803 5626 Act

1901 5584 1961 5637 tt,
1983 5568 2066 5638 Ως,
2091 5566 2229 5623 Gen.
2261 5583 2360 5634 xu,
2394 5567 2446 5623 l-.
2519 5567 2542 5599 ⁸
2570 5563 2759 5619 Matth.
2791 5577 2848 5627 ι,
2873 5559 2961 5616 18.
3034 5561 3056 5591 ⁶
3089 5557 3282 5614 Matth.
3320 5570 3376 5626 v,
3405 5554 3461 5612 8.

237 5631 257 5666 ¹
285 5633 390 5689 lsa.
420 5647 502 5698 Vt,
534 5629 604 5686 δι’
657 5633 679 5665 ⁸
704 5635 862 5694 Esth.
892 5649 1010 5698 xm,
1039 5633 1094 5691 9.
