3994 6226
416 347 516 403 551
1812 344 1869 399 S.
1915 343 2255 400 EPIPHANH
3558 343 3673 403 552

417 477 576 531 posse
606 457 867 526 fatemur;
899 475 1071 531 neque
1098 460 1242 530 quod
1272 460 1604 528 aspectabile
1634 467 1738 525 est,
1766 462 1817 515 id
1841 461 1986 531 quod

2102 462 2285 530 φύσις,
2322 460 2760 530 ἑνδυναμωθεϊσα
2802 459 2897 513 τοῦ
2946 461 3219 526 ἀδυνάτως
3263 461 3479 533 ἔχοντος
3528 464 3675 533 πρὸς

418 552 585 607 videri
634 553 855 607 omnino
900 569 1008 606 non
1068 560 1267 622 potest,
1321 552 1517 607 intueri
1573 551 1653 606 Ias
1709 563 1984 621 putamus.

2102 552 2389 605 ἑπέκτασιν
2423 551 2518 604 τοῦ
2547 551 2796 608 δυνατοῦ.
2828 553 2937 606 Καὶ
2967 553 3119 607 ούδέν
3143 553 3329 608 διοίσει
3365 556 3424 607 ἐν
3452 557 3517 625 τῇ
3542 555 3675 626 θείᾳ

414 642 583 712 819
620 640 726 698 Sed
772 643 913 697 idem
970 652 1148 697 tamen
1202 643 1492 699 invisibilis
1543 641 1708 705 Deus,
1758 658 1857 711 pro
1888 658 1987 700 sua

2102 646 2322 716 Γραφῇ,
2368 643 2491 698 οὔτε
2542 643 2818 709 ἀντίθετος
2871 644 3014 712 λέξις
3062 645 3200 716 πρὸς
3244 646 3387 712 λέξιν
3437 647 3676 719 εὑρεθήσ

418 736 755 790 humanitate
790 751 853 789 ac
884 736 1143 805 potentia,
1175 734 1501 789 imbecillam
1559 734 1730 787 aciem
1774 734 1846 786 ita
1874 734 1986 787 vir-
2095 752 2245 788 σεται

416 834 532 879 tute
555 841 654 880 sua
690 826 1050 880 eorrohorare
1106 825 1380 894 dignatur,
1410 830 1469 876 ut
1522 823 1665 892 quod
1692 823 1865 879 videri
1905 823 2107 893 alioqui
2138 824 2248 880 non
2271 830 2481 896 potest,
2511 826 2760 896 aspiciat.
2810 825 2980 881 Porro
3007 842 3130 892 cum
3182 829 3450 886 invisibile
3511 829 3679 897 illud,

414 931 465 972 et
496 919 766 972 inﬁnitum
792 920 1005 988 aspicit,
1031 932 1137 972 non
1164 924 1434 986 quatenus
1464 916 1735 970 inﬁnitum
1771 923 1854 971 est
1892 915 2023 971 illud
2059 917 2328 984 intuetur,
2377 920 2471 974 sed
2523 929 2787 990 quantum
2824 919 2994 987 illius,
3023 920 3166 989 quod
3207 921 3532 977 imbecillum
3560 928 3680 976 est.

415 1018 610 1064 natura
662 1026 855 1080 capere
902 1019 1097 1079 potest,
1134 1009 1401 1077 ejusmodi
1448 1008 1500 1062 vi
1546 1023 1610 1063 ac
1647 1009 1848 1062 virtute
1876 1007 2219 1076 conﬁrmata,
2251 1020 2310 1067 ut
2362 1011 2429 1066 ad
2486 1013 2720 1083 potentis
2762 1013 2909 1069 illius
2973 1014 3220 1068 notitiam
3277 1014 3565 1084 adaequare
3617 1029 3682 1070 se

416 1103 611 1173 possit.
647 1102 1010 1166 Quamobrem
1058 1100 1191 1154 nihil
1224 1106 1305 1154 est
1336 1098 1390 1153 in
1416 1098 1590 1154 sacris
1626 1096 1849 1153 Litteris
1882 1112 1912 1151 a
1942 1098 2124 1169 seipse
2152 1099 2495 1172 discrepans,
2538 1117 2647 1158 non
2683 1102 2954 1158 sententia
2993 1102 3100 1157 ulla
3141 1117 3261 1173 qua:
3290 1103 3359 1159 ab
3411 1104 3513 1159 alia
3542 1119 3685 1161 sen—

418 1193 585 1246 tentia
611 1190 893 1248 dissideat.

491 1282 622 1338 VIlI.
667 1285 773 1338 Res
812 1283 926 1353 ipsa
963 1282 1180 1353 quidem
1202 1322 1216 1346 ,
1247 1292 1304 1337 ut
1335 1288 1817 1337 commemoratum
1839 1295 1868 1334 a
1907 1295 1994 1336 me

2170 1274 2252 1329 H'.
2292 1278 2448 1331 Ἐστι
2478 1278 2558 1343 δὲ,
2585 1278 2661 1342 ὼς
2687 1278 2947 1343 πολλάκις
2974 1277 3036 1331 τὸ
3065 1277 3366 1350 ὑπόδειγμα
3403 1280 3685 1355 διηγησά-

418 1375 615 1445 ειερίιιε
644 1376 944 1443 exemplum
979 1376 1083 1428 hoc
1126 1375 1245 1428 loco
1286 1381 1548 1443 repetam,
1595 1373 1670 1426 ita
1718 1371 1831 1427 fere
1873 1387 1994 1428 sese

2102 1384 2231 1438 μην,
2267 1367 2329 1421 τὸ
2358 1372 2590 1440 πρᾶγμα
2618 1368 2792 1433 οὕτως
2811 1386 2826 1402 ο
2871 1369 2961 1432 Ὠς
2989 1369 3145 1433 εἴτις
3172 1368 3417 1424 θεάσοιτο
3442 1372 3506 1425 δι’
3528 1375 3687 1445 ὀπῆς

418 1468 579 1520 habet
606 1488 621 1521 :
649 1464 1114 1531 Quemadmodum
1148 1464 1192 1520 si
1219 1464 1342 1535 quis
1357 1464 1556 1518 cmlum
1582 1478 1679 1533 per
1700 1470 1991 1534 angustum

2103 1459 2441 1529 μικροτάτης
2471 1458 2564 1513 τὸν
2607 1459 2857 1531 οὐρανὸν,
2893 1460 2987 1513 καὶ
3020 1458 3184 1527 εἴποι,
3219 1461 3360 1532 Ὀρῶ
3392 1462 3482 1516 τὸν
3508 1465 3690 1535 ούρα-

418 1557 661 1611 foramen
688 1556 1032 1625 transpiciat,
1068 1571 1130 1609 ac
1158 1556 1356 1609 caelum
1390 1555 1574 1611 videre
1598 1569 1656 1610 se
1687 1553 1856 1619 dicat,
1883 1569 1991 1609 non

2102 1550 2189 1603 νόν
2211 1565 2226 1578 ·
2262 1552 2355 1604 καὶ
2388 1552 2489 1605 ούκ
2531 1551 2598 1607 ἂν
2639 1551 2891 1621 ψεύσοιτο
2925 1553 2955 1605 6
2992 1551 3260 1616 τοιοῦτος·
3299 1554 3402 1626 ὁρᾷ
3433 1556 3541 1627 γὰρ
3581 1560 3679 1611 ού-

419 1649 606 1718 utique
635 1649 931 1702 mentiatur
959 1666 971 1702 :
999 1647 1141 1702 videt
1172 1648 1314 1702 enim
1361 1662 1548 1701 revera
1579 1646 1811 1711 coelum;
1847 1646 1992 1716 quod

2106 1644 2265 1713 ρανὸν
2290 1644 2368 1715 τῷ
2408 1644 2555 1698 ὅντι’
2596 1645 2741 1698 είποι
2767 1645 2827 1698 δέ
2856 1661 2941 1708 τις
2980 1645 3129 1715 αὐτῷ
3161 1647 3412 1711 συνετῶς,
3446 1649 3525 1702 ὅτι
3563 1650 3688 1721 Οὐχ

418 1741 462 1795 si
491 1741 613 1810 quis
639 1739 933 1810 prudenter
958 1739 1007 1793 ei
1037 1737 1183 1792 dicat
1211 1736 1367 1792 :Non
1402 1737 1554 1791 vides
1580 1737 1815 1802 cmlum;
1851 1753 1918 1790 ne
1944 1736 1991 1792 is

2102 1732 2348 1803 ἑώρακας
2373 1733 2466 1787 τὸν
2504 1734 2768 1806 οὐρανόν⁹
2806 1733 2902 1787 καὶ
2928 1733 3027 1786 οὐκ
3064 1733 3131 1788 ἂν
3161 1734 3413 1805 ψεύσοιτο
3446 1740 3474 1789 ό
3495 1737 3689 1790 τοιοῦ-

416 1830 635 1901 quidein
667 1831 987 1894 mentietur;
1008 1836 1220 1895 neuter,
1249 1827 1493 1897 inquam,
1523 1828 1802 1891 mentitur,
1821 1842 1996 1897 neque

418 1922 511 1991 qui
563 1921 763 1977 vidisse
795 1936 855 1977 se
906 1920 1060 1985 dicit,
1112 1934 1290 1988 neque
1336 1918 1430 1989 qui
1479 1926 1658 1988 negat.
1699 1917 1816 1973 Non
1849 1919 1995 1973 enim

417 2014 790 2068 extensionem
815 2012 962 2074 coeli,
993 2025 1055 2065 ac
1090 2009 1429 2064 latitudinem
1458 2009 1691 2079 aspexit.
1731 2008 1913 2073 Quare
1941 2016 1997 2064 et

420 2102 514 2171 qui
545 2101 703 2167 vidit,
739 2116 927 2157 verum
958 2100 1115 2165 dixit,
1142 2108 1196 2155 et
1227 2100 1319 2169 qui
1351 2106 1636 2169 repugnat.
1667 2097 1863 2153 falsum
1889 2113 1995 2151 non

423 2191 577 2245 dixit.
606 2190 759 2262 Saepe
787 2192 930 2247 enim
965 2191 1161 2246 accidit
1206 2199 1265 2245 ut
1311 2207 1375 2246 ex
1417 2191 1525 2245 alto
1557 2191 1757 2245 montis
1795 2190 1997 2246 vertice

422 2297 573 2336 mare
605 2284 1020 2351 prospiciamus.
1051 2280 1205 2348 Quod
1235 2282 1279 2336 si
1309 2296 1409 2335 nos
1436 2280 1568 2334 illud
1614 2282 1818 2336 vidisse
1846 2281 1999 2335 dica-

420 2386 562 2434 mus,
614 2386 719 2425 non
751 2372 1111 2437 mentiemur;
1162 2386 1338 2440 neque
1383 2370 1427 2426 si
1469 2370 1863 2425 contradixerit
1895 2370 1997 2423 ali-

418 2467 539 2530 quis
572 2478 635 2515 ac
668 2462 870 2516 vidisse
902 2477 1003 2517 nos
1034 2462 1331 2531 negaverit,
1367 2477 1474 2515 non
1503 2477 1689 2515 verum
1725 2462 1813 2516 ille
1836 2461 1993 2517 dixit.

420 2551 708 2620 Propterea
738 2550 908 2620 quod,
942 2565 1062 2619 qua:
1096 2558 1180 2604 est
1223 2548 1460 2603 hominis
1491 2547 1857 2613 imbecillitas,
1887 2561 1997 2616 quo

421 2641 568 2695 illius
626 2640 943 2709 amplitudo,
1000 2647 1092 2693 aut
1142 2639 1445 2709 longitudo,
1505 2645 1600 2693 aut
1653 2638 1998 2708 profunditas

421 2732 709 2800 per-tingat,
744 2745 1017 2800 quamque
1057 2730 1150 2784 alti
1192 2731 1302 2786 sint
1335 2730 1480 2785 illius
1512 2729 1787 2799 voraginis
1811 2744 1997 2785 reces-

419 2838 516 2876 sus
548 2840 562 2888 ;
604 2823 697 2878 sed
734 2838 909 2891 neque
943 2822 1087 2876 illius
1110 2822 1302 2877 ell‘ecta
1334 2822 1616 2892 pervidere
1652 2829 1848 2891 potest.
1878 2819 1998 2876 Jam

420 2915 465 2967 si
504 2915 557 2967 in
584 2914 853 2969 creaturis
899 2914 973 2968 ita
1002 2928 1120 2968 sese
1147 2929 1235 2968 res
1266 2913 1452 2975 habet.
1497 2922 1702 2983 quanto
1735 2912 1909 2982 magis
1944 2912 1998 2967 in

420 3006 656 3073 gratuito
688 3006 781 3059 illo
815 3005 1099 3069 beneﬁcio,
1124 3004 1270 3075 quod
1299 3004 1437 3061 Deus
1462 3004 1741 3075 prophetis
1772 3012 1995 3074 aposto-

422 3099 595 3167 lisque
623 3096 934 3151 concessit?
965 3096 1105 3168 Ergo
1130 3097 1208 3151 illi
1239 3095 1404 3150 Deum
1433 3098 1785 3152 exsistenlem
1810 3112 1997 3152 revera

420 3188 648 3241 t'nttluili
682 3198 829 3253 sunt,
866 3195 920 3243 et
951 3188 1113 3242 simul
1152 3203 1259 3243 non
1291 3194 1420 3244 sunt
1448 3188 1695 3242 contuiti.
1729 3186 2000 3242 Viderunt

420 3279 641 3346 quidem
667 3287 935 3347 quatenus
962 3279 1206 3347 ipsorum
1238 3286 1433 3331 natura
1467 3277 1806 3343 sustinebat;
1835 3276 1999 3346 idque

421 3370 645 3424 virtutis
685 3370 829 3423 illius
863 3368 1150 3433 beneﬁcio,
1205 3385 1311 3438 qua
1358 3375 1665 3439 prchotens
1714 3367 1804 3423 ille
1853 3366 1997 3423 Deus

423 3477 524 3532 pro
556 3462 817 3530 singulari
851 3476 951 3515 suo
989 3476 1117 3531 erga
1146 3462 1420 3515 hominem
1448 3476 1653 3525 amore,
1684 3461 1775 3531 qui
1802 3460 1906 3515 sibi
1928 3477 1994 3515 ex

423 3557 607 3609 animo
647 3570 712 3610 ac
753 3554 964 3609 sincere
1011 3554 1300 3620 serviebat,
1361 3552 1582 3608 allicere
1625 3553 1776 3608 illum
1806 3554 1999 3608 voluit.

426 3647 530 3702 Sed
554 3648 600 3703 si
630 3662 843 3712 manus,
868 3661 962 3701 aut
992 3630 1203 3710 acules,
1231 3656 1323 3699 aut
1350 3646 1452 3698 alia
1478 3644 1530 3698 id
1557 3661 1728 3715 genus
1758 3645 2000 3707 membra

425 3742 603 3795 inesse
625 3738 733 3794 Deo
762 3739 1110 3809 suspicentur
1144 3737 1257 3799 isti,
1311 3736 1455 3806 quod
1496 3735 1565 3790 ad
1599 3751 1723 3791 eum
1774 3737 1995 3789 modum

424 3829 701 3901 prophetis
730 3838 782 3885 et
826 3829 1084 3899 apostolis
1111 3835 1439 3897 conspectus
1465 3827 1556 3892 sit,
1585 3827 1731 3881 inani
1758 3826 1995 3896 qundam

425 3923 611 3978 studio
643 3922 1007 3976 contentionis
1036 3920 1161 3975 elati
1183 3935 1214 3973 a
1244 3919 1467 3974 veritate
1500 3918 1617 3988 ipsa
1652 3917 1998 3975 refelluntur.

422 4015 657 4072 Necesse
690 4014 907 4084 quidem
953 4021 1040 4069 est
1084 4013 1169 4068 his
1210 4012 1464 4066 omnibus
1494 4010 1751 4067 adhibere
1798 4011 1993 4075 Iidem,

423 4121 545 4177 qum
575 4105 627 4158 in
660 4103 833 4159 sacris
880 4101 1102 4157 Litteris
1150 4110 1515 4157 asseruntur:
1541 4101 2001 4171 quemadmodum

425 4212 553 4251 vero
579 4210 701 4251 sese
728 4194 947 4259 habeat,
995 4193 1147 4248 solus
1188 4194 1279 4248 ille
1316 4192 1619 4262 cognoscit.
1651 4190 1999 4261 Proindeque

427 4302 550 4342 vere
590 4285 807 4356 quidem
838 4285 1154 4356 apparuisse
1196 4292 1405 4338 certum
1447 4290 1567 4349 est;
1603 4282 1858 4352 apparuit
1900 4296 2003 4335 au-

427 4390 535 4435 tem
591 4380 864 4450 quomodo
910 4379 1103 4442 voluit,
1150 4385 1205 4433 et
1257 4391 1587 4447 quocunque
1636 4375 1799 4429 modo
1836 4374 2004 4445 820
2034 4421 2079 4476 Β

427 4471 704 4537 apparuit,
726 4483 851 4522 vere
872 4468 1139 4538 apparuit.
1177 4466 1370 4521 Omnia
1392 4466 1592 4537 quippe
1621 4473 1801 4536 potest
1822 4464 2001 4533 Deus;

431 4573 533 4613 nec
568 4566 650 4612 est
685 4558 1006 4629 quidquam,
1056 4557 1201 4627 quod
1245 4557 1364 4627 ejus
1410 4564 1729 4626 potestatem
1758 4554 2000 4626 eﬂugiat.

432 4647 584 4703 Idem
614 4665 742 4704 vero
770 4648 1155 4720 comprehendi
1201 4664 1309 4703 non
1340 4656 1541 4719 potest.
1574 4662 1699 4702 eum
1734 4648 1807 4703 sit
1834 4645 2001 4716 spiri-

432 4751 543 4806 tus,
572 4756 733 4811 quem
759 4741 1114 4812 intelligentia
1151 4741 1298 4795 nulla
1339 4741 1558 4811 penitus
1589 4739 1873 4809 percipere
1905 4753 2003 4809 po-

431 4838 578 4885 test:
614 4830 795 4899 itaque
825 4837 882 4885 ut
916 4830 1097 4885 omnia
1126 4830 1427 4890 contineat,
1459 4837 1513 4883 et
1547 4843 1575 4882 a
1628 4828 1782 4884 nullo
1826 4827 2004 4882 conti-

434 4931 650 4977 neatur.
682 4922 947 4977 Cmterum
985 4922 1161 4991 qualis
1199 4930 1284 4977 est
1319 4920 1501 4983 Pater,
1538 4921 1661 4975 talis
1690 4927 1774 4974 est
1811 4918 2024 4985 Filius,‘

433 5015 558 5069 talis
609 5020 665 5068 et
706 5012 761 5066 in
807 5011 1088 5067 divinitate
1132 5011 1370 5082 Spiritus
1400 5020 1643 5067 sanctus.
1684 5010 1765 5065 Ex
1806 5012 2004 5081 quibus

434 5104 585 5160 solus
614 5102 925 5173 unigenitus
958 5099 1129 5157 Filius
1185 5116 1351 5156 carne
1382 5100 1610 5156 vestitus
1639 5111 1740 5166 est,
1767 5116 2001 5170 quacum

434 5213 465 5249 a
494 5195 724 5249 mortuis
756 5193 1024 5247 excitatus
1050 5200 1154 5255 est,
1190 5191 1545 5262 eamdemque
1575 5194 1738 5247 unius
1772 5192 1827 5246 in
1855 5207 2004 5247 com-

436 5286 745 5340 munionem
781 5284 1004 5353 spiritus
1038 5283 1477 5339 cum’divinitale
1507 5282 1815 5353 conjunxit,
1849 5291 1904 5337 et
1933 5281 2003 5335 ad

433 5375 701 5429 dexteram
733 5372 940 5439 Patris,
983 5382 1042 5427 ut
1073 5373 1335 5443 scriptum
1385 5380 1492 5437 est,
1524 5374 1579 5426 in
1604 5372 1779 5443 gloria
1825 5388 2006 5425 conse-

436 5466 512 5517 dit
540 5469 581 5518 ¹.
617 5463 1083 5531 Quemadmodum
1134 5464 1299 5534 igitur
1341 5464 1880 5533 comprehensionem
1915 5462 2001 5515 in-

438 5558 897 5627 telligentiamque
936 5565 1195 5629 superat,
1246 5557 1327 5612 sic
1377 5555 1561 5611 omnia
1634 5571 1754 5625 quae
1792 5554 2005 5619 de,.illo

2096 1842 2222 1888 τοςο
2254 1826 2282 1877 6
2316 1825 2415 1894 μὲν
2446 1825 2555 1896 γὰρ
2600 1825 2774 1893 λέγων
2809 1825 3113 1896 ἑωρακέναι
3150 1825 3211 1879 ού
3251 1826 3541 1896 ψεύδεταιο
3586 1829 3689 1883 καὶ

2097 1916 2125 1967 6
2153 1916 2330 1986 φήσας
2354 1915 2492 1986 πρὸς
2526 1915 2685 1969 αὑτὸν
2719 1914 2793 1985 μὴ
2817 1914 3119 1985 ἑωρακέναι
3143 1915 3203 1968 τὸ
3230 1916 3360 1969 αὐτὸ
3386 1916 3649 1987 ἀληθεύει
3670 1936 3686 1948 ·

2096 1994 2219 2060 οὔτε
2252 2008 2359 2079 γὰρ
2398 2004 2507 2060 εἶδε
2544 2008 2642 2078 τὴν
2683 2007 2977 2061 ἑπέκτασιν
3006 2006 3127 2059 οὔτε
3156 2006 3218 2059 τὸ
3246 2007 3466 2071 πλάτος.
3501 2008 3624 2062 Καὶ
3657 2010 3691 2063 6

2101 2102 2198 2171 μὲν
2232 2099 2494 2171 ἑωρακὼς
2529 2099 2828 2170 ήλήθευσεν
2851 2114 2865 2127 ·
2906 2100 2934 2151 6
2969 2097 3026 2150 δὲ
3064 2098 3334 2152 ἀντειπὼν
3385 2100 3459 2170 μὴ
3500 2100 3691 2171 ἑωρα-

2099 2191 2251 2243 κέναι
2280 2191 2380 2243 ούκ
2413 2189 2701 2258 ἐψεύσατο,
2736 2188 2870 2242 ἀλλά
2902 2189 2996 2241 καὶ
3024 2188 3184 2251 αὐτὸς
3215 2188 3499 2259 ἠλήθευσε.
3530 2191 3689 2244 Πολ-

2097 2281 2254 2344 λάκις
2280 2281 2389 2353 γὰρ
2414 2281 2510 2335 καὶ
2542 2281 2633 2334 ἐπὶ
2664 2279 2945 2350 ἀκρωρείᾳ
2970 2279 3133 2350 ὅρους
3165 2280 3399 2343 ἑστῶτες
3426 2279 3691 2351 θεώμεθα

2098 2374 2192 2425 καὶ
2220 2371 2320 2442 τὴν
2353 2370 2629 2425 θάλασσαν
2650 2385 2665 2400 ⁸
2694 2372 2789 2423 καὶ
2839 2369 2934 2423 ἐὰν
2959 2370 3203 2440 εἴπωμεν
3237 2371 3534 2441 ἑωρακέναι
3584 2372 3690 2425 ea.

2098 2462 2335 2526 λασσαν,
2390 2463 2491 2515 οὐκ
2528 2460 2894 2531 ἐψευσάμεθα.
2932 2461 2997 2513 Ei
3047 2460 3105 2514 δέ
3151 2478 3235 2523 τις
3286 2461 3528 2516 ἀντείποι
3580 2460 3681 2516 λέ-

2098 2572 2231 2624 γων,
2266 2556 2349 2608 ὅτι
2376 2556 2487 2624 Οὐχ
2518 2553 2788 2626 ἑώρακας,
2820 2554 2914 2606 καὶ
2955 2553 3117 2617 αὐτὸς
3145 2554 3206 2606 οὐ
3244 2552 3517 2623 ψεύδεται.
3555 2555 3675 2608 Ποῦ

2099 2646 2208 2717 γὰρ
2231 2647 2512 2700 διικνεῖται
2542 2646 2601 2698 τὸ
2626 2646 2845 2710 πλάτος,
2868 2644 2971 2697 ποῦ
2992 2644 3054 2697 τὸ
3073 2644 3267 2715 μῆκος,
3282 2644 3386 2698 ποῦ
3409 2647 3470 2697 τὸ
3488 2644 3687 2715 βάθος,

2099 2732 2205 2784 ποῦ
2239 2734 2287 2786 oi
2331 2732 2493 2803 μυχοὶ
2533 2731 2627 2785 τοῦ
2680 2732 2863 2803 βυθοῦ,
2896 2732 2991 2786 καὶ
3027 2732 3098 2786 τὰ
3143 2732 3587 2804 ἀποτελέσματα,
3620 2735 3691 2790 οὐ

2099 2824 2320 2878 δύναται
2352 2824 2550 2877 εἰδέναι
2580 2822 2864 2894 ἄνθρωπος
2893 2821 2987 2877 ὥν.
3017 2823 3081 2876 Ei
3108 2823 3289 2876 τοίνυν
3316 2823 3385 2877 τά
3416 2825 3545 2896 περὶ
3576 2828 3696 2880 τῶν

2101 2916 2414 2986 κτισμάτων
2443 2913 2615 2979 οὕτως
2638 2914 2696 2967 ἐν
2716 2916 2849 2985 ἡμῖν
2870 2913 3193 2986 πληροῦται,
3215 2915 3366 2986 πόσῳ
3389 2932 3451 2984 γε
3476 2919 3691 2986 μᾶλλον

2101 3007 2159 3059 ἐν
2200 3008 2266 3077 τῇ
2322 3006 2535 3077 χάριτι,
2643 3004 2936 3076 ἐχαρίσατο
2983 3005 3013 3057 6
3058 3004 3190 3069 Θεὸς
3232 3009 3538 3078 προφήταις
3586 3013 3692 3064 καὶ

2101 3098 2455 3164 ἀποστόλοις;
2497 3096 2820 3151 Ἐθεάσαντο
2858 3091 2952 3150 οὖν
2989 3095 3050 3149 τὸ
3076 3095 3135 3149 6v
3167 3096 3244 3167 τῷ
3285 3097 3421 3161 ὄντι,
3450 3101 3542 3151 καὶ
3582 3101 3712 3154 ούκν

2103 3189 2427 3243 ἐθεάσαντο·
2458 3188 2574 3243 ἀλλ’
2607 3187 2921 3251 ἐθεάσαντο,
2954 3186 3031 3249 ὡς
3055 3187 3285 3257 ἠδύνατο
3324 3189 3358 3259 ἡ
3388 3188 3551 3257 φύσις
3586 3190 3692 3259 φέ-

2106 3297 2218 3351 ρειν
2244 3297 2257 3311 °
2289 3279 2383 3333 καὶ
2427 3279 2558 3333 αὐτὸ
2605 3279 2747 3333 κατὰ
2786 3278 2946 3349 χάριν
2986 3277 3289 3348 δυνάμεως,
3329 3273 3397 3350 ἧς
3432 3280 3691 3335 ἐνεδυνά·

2104 3389 2283 3444 μωσεν
2329 3374 2358 3425 ὁ
2405 3372 2630 3435 δυνατὸς
2660 3358 2745 3424 *ἐν
2799 3370 2970 3424 ἆπασι
3016 3369 3103 3424 διὰ
3141 3371 3327 3439 φιλίαν
3369 3372 3462 3425 τοῦ
3510 3374 3689 3427 αὑτοῦ

2102 3463 2408 3535 ἀνθρώπου,
2457 3464 2548 3517 καὶ
2586 3460 2888 3516 δουλεύοντι
2922 3462 2942 3491 ³
2972 3461 3123 3531 αύτῷ
3155 3463 3213 3513 ἐν
3260 3462 3505 3533 ἀληθείᾳ.
3554 3464 3692 3518 Ἐὰν

2101 3550 2194 3609 οὗν
2223 3555 2275 3608 οἱ
2305 3554 2536 3607 τοιοῦτοι
2571 3552 2835 3624 νομίσωσι
2860 3552 3051 3623 χεῖρας
3083 3550 3226 3604 οὕτω
3244 3553 3335 3605 τὸν
3354 3552 3484 3605 Θεὸν
3510 3552 3687 3624 ἔχειν,

2101 3647 2134 3717 ἢ
2164 3645 2495 3715 ὀφθαλμοὺς,
2529 3644 2563 3715 ἢ
2594 3644 2663 3697 τὰ
2702 3643 2857 3707 ἄλλα,
2884 3642 2974 3695 διὰ
3010 3641 3072 3695 τὸ
3100 3641 3271 3706 οὕτως
3301 3642 3643 3715 ὀφθήσεσθαι
3664 3646 3688 3677 ³

2100 3736 2211 3796 τοῖς
2245 3733 2552 3803 προφήταις
2577 3731 2672 3783 καὶ⁵
2711 3728 3049 3794 ἀποστόλοις,
3077 3729 3392 3797 φιλονείκως
3424 3729 3689 3801 φέρονται

2103 3825 2446 3894 ἐλεγχόμενοι
2488 3823 2598 3876 ἀπὸ
2625 3822 2727 3892 τῆς
2770 3821 3048 3893 ἀληθείας.
3090 3821 3251 3876 Ἀλλά
3279 3822 3379 3874 ὅσα
3407 3820 3505 3891 μὲν
3530 3820 3689 3891 λέγει

2103 3918 2161 3969 ἑν
2193 3918 2259 3985 τῇ
2293 3913 2414 3985 θείᾳ
2457 3914 2667 3986 Γραφῇ,
2704 3912 2978 3966 πιστεύειν
3006 3912 3136 3983 χρὴ,
3166 3913 3249 3965 ὅτι
3285 3911 3432 3965 ἐστι’
3470 3911 3592 3976 πῶς
3622 3913 3689 3966 δὲ

2104 4004 2271 4068 ἑστιν,
2304 4001 2451 4072 αύτῷ
2496 4001 2642 4072 μόνῳ
2680 4000 2968 4069 ἔγνωσται.
3014 4000 3125 4052 Kal.
3153 3999 3236 4051 ὅτι
3275 3996 3429 4068 ὥφθη
3468 3997 3546 4066 τῷ
3583 3998 3687 4067 μὲν

2103 4094 2237 4156 ὄντι,
2265 4093 2388 4145 ναί·
2425 4090 2582 4161 ὤφθη
2627 4089 2685 4143 δὲ
2732 4089 2808 4153 ὡς
2836 4088 3091 4160 ἠθέλησε,
3126 4090 3219 4142 καὶ
3256 4088 3471 4159 ἀληθῶς
3496 4086 3683 4158 ὤφθη,

2103 4183 2178 4245 ὡς
2210 4181 2385 4253 ὤφθη.
2420 4181 2605 4235 Πάντα
2634 4178 2743 4250 γὰρ
2767 4177 2993 4231 δύναται
3022 4176 3175 4241 Θεὸς,
3217 4177 3314 4231 καὶ⁸
3351 4176 3500 4230 οὐδὲν
3527 4174 3687 4244 αύτιῖ)

2104 4277 2382 4330 ἀδύνατον.
2420 4275 2577 4327 Ἔστι
2610 4272 2667 4325 δέ
2699 4272 3106 4343 ἀκατάληπτος,
3138 4268 3355 4339 πνεῦμα
3380 4266 3455 4322 ὣν
3482 4267 3688 4337 ἀπερι-

2105 4368 2312 4438 νόητον,
2346 4366 2525 4419 πάντα
2552 4363 2841 4435 περιέχων,
2866 4356 3020 4426 οὗτος
3059 4362 3152 4414 ὑπ’
3176 4359 3391 4424 οὐδενὸς
3426 4357 3687 4430 περιεχό-

2109 4474 2294 4529 μενος.
2321 4456 2431 4509 Καὶ
2478 4457 2662 4518 ὁποῖος
2696 4457 2724 4508 ὀ
2759 4453 2985 4526 Πατὴρ,
3024 4450 3264 4515 τοιοῦτος
3293 4452 3388 4506 καὶ
3434 4451 3465 4503 6
3515 4450 3686 4514 Υἱὸς,

2101 4544 2245 4598 οὓτω
2280 4543 2375 4597 καὶ
2426 4540 2650 4612 Πνεῦμα
2695 4540 2754 4595 ἐν
2782 4542 2848 4612 τῇ
2881 4539 3113 4611 θεότητι.
3142 4539 3318 4601 Μόνος
3359 4538 3417 4591 δὲ
3445 4538 3473 4590 6
3508 4536 3689 4590 Μονο-

2100 4634 2263 4708 γενής
2291 4632 2576 4688 ἐνεδύσατο
2616 4630 2786 4685 ἐλθὼν
2812 4631 3012 4702 σάρκα,
3044 4632 3103 4683 ἑν
3145 4625 3178 4704 ᾖ
3227 4630 3323 4682 καὶ
3353 4626 3578 4696 ἀνέστη,
3616 4627 3689 4697 ἠν

2101 4729 2196 4782 καὶ
2240 4728 2513 4787 συνήνωσε
2553 4726 2621 4795 τῇ
2671 4723 2884 4792 θεότητι
2935 4724 3014 4783 είς
3063 4719 3283 4791 πνεῦμα
3332 4716 3685 4782 πνενώσας,

2101 4818 2384 4874 ἐκάθισεν
2409 4816 2480 4871 ἐν
2511 4815 2660 4883 δόξῃ
2679 4854 2694 4879 ,
2728 4811 2984 4880 ἐνδεξιᾷ
3005 4812 3113 4867 τοῦ
3159 4809 3408 4878 Πατρός,
3445 4808 3592 4863 κατὰ
3622 4807 3688 4862 1:6

2109 4911 2509 4983 γεγραμμένον.
2544 4909 2633 4972 Ὧς
2658 4904 2751 4963 οὖν
2779 4910 2926 4962 ἐστιν
2954 4904 3335 4977 ἀκατάληπτος
3363 4902 3461 4957 καὶ
3487 4903 3681 4974 ἀπερι-

2108 5005 2318 5076 νόητος,
2344 5003 2486 5057 οὕτω
2515 5004 2693 5058 πάντα
2719 5001 2787 5055 τά
2812 5000 2941 5071 περὶ
2964 4998 3131 5053 αὺτοῦ
3161 4997 3430 5067 λεγόμενα
3453 4995 3689 5065 amona

2111 5098 2259 5150 ἐστιν
2289 5095 2439 5153 ὄντα.
2480 5096 2569 5159 Ὧς
2595 5093 2654 5147 δέ
2685 5092 2817 5156 Θεός
2863 5093 3011 5145 ἐστιν
3051 5088 3433 5158 ἀκατάληπτος
3453 5126 3469 5150 ,
3508 5085 3686 5149 οὕτως

2109 5190 2220 5243 πᾶν
2248 5188 2309 5241 τὸ
2339 5188 2467 5258 περὶ
2493 5185 2657 5240 αὑτοῦ
2687 5183 2977 5255 λεγόμενον
3001 5179 3384 5250 ἀκατάληπτόν
3410 5180 3525 5231 ἐστι
3560 5176 3684 5246 μὲν,

2108 5279 2243 5335 ἀλλὰ
2274 5279 2655 5349 ἀκατάληπτον
2684 5278 2844 5330 ὁποῖα
2876 5273 3033 5337 Θεοῦ,
3061 5273 3156 5326 καὶ
3178 5272 3254 5335 ὡς
3285 5269 3433 5323 ἐστιν
3466 5269 3523 5321 ἐν
3553 5265 3683 5337 δόξῃ

2109 5372 2490 5442 ἀκαταλήπτῳ.
2533 5369 2643 5423 Καὶ
2670 5367 2842 5422 ταῦτα
2885 5367 3003 5438 μὲν,
3033 5362 3214 5427 καθὼς
3239 5359 3577 5434 ἐχωροῦμεν,
3602 5358 3685 5421 εἰς

2109 5462 2414 5532 δοξολογίαν
2444 5461 2579 5515 Θεοῦ
2621 5460 2848 5531 στόματι
2880 5456 3204 5530 ἀνθρωπίνῳ
3242 5454 3570 5524 είρήκαμεν·
3619 5447 3685 5501 οὐ

2111 5554 2219 5626 γὰρ
2242 5554 2433 5626 ἔχομεν
2457 5552 2646 5624 ἐτέρας
2677 5551 2917 5621 φθογγῆς
2943 5548 3138 5620 χρῆσιν
3163 5544 3303 5617 ὑπὲρ
3328 5543 3427 5613 τὴν
3456 5543 3520 5595 ὲκ
3544 5536 3685 5594 Θεοῦ

522 5710 538 5741 ⁸
564 5708 762 5776 Epltcs.
802 5725 863 5769 tt,
884 5708 952 5774 6;
979 5707 1142 5765 Hebr.
1173 5725 1291 5777 vm,
1324 5710 1369 5763 l.
1450 5711 1471 5742 ⁸
1508 5706 1634 5765 For.
1668 5707 2001 5773 δουλεύοντος

2132 5708 2259 5764 Cor.
2286 5707 2539 5779 ὀφθῆναι.
