3994 6226
351 322 459 383 353

1022 317 1389 376 ADVERSUS
1430 316 1770 374 ΙΙᾸΞΒΕΞΕΞ
1808 315 1932 373 LIB.

2038 318 2059 374 ;.
2102 315 2265 373 ron.
2301 317 2341 371 ι.
2372 316 2729 375 —tusnss.
2774 288 2949 377 Lxx.

3505 324 3612 383 558

350 444 487 515 ἡμῖν
519 443 577 496 ὲν
610 442 794 515 μέτρῳ
816 440 1087 506 δοθεῖσαν,
1124 444 1172 496 εί
1212 442 1307 496 καὶ¹
1332 442 1412 513 τῷ
1439 440 1515 514 νῷ
1545 441 1930 515 περισσότερον

2038 439 2316 507 dicuntur,
2344 441 2629 499 verissima
2652 452 2804 498 sunt.
2836 442 2990 498 Sicut
3016 452 3194 499 autem
3223 445 3610 517 comprehendi

346 535 483 606 περὶ
530 533 665 588 Θεοῦ
713 533 1200 605 ὑπολαμϐάνομεν·
1240 534 1355 588 ἀλλ’
1394 534 1492 604 οὐχ
1539 532 1713 588 ὁπόσα
1738 534 1767 587 ό
1804 531 1931 596 νοῦς

347 627 487 698 ἔχει,
521 626 760 681 τοσαῦτα
793 625 1013 681 δύναται
1040 626 1102 680 τὸ
1133 626 1309 697 στόμα
1348 626 1550 695 λέγειν,
1584 627 1767 698 μέτρῳ
1794 626 1928 679 ἀπο-

351 718 762 789 κεκλεισμένον,
789 718 885 773 καὶ
907 719 1261 789 συνεχόμενον
1278 720 1390 782 τοῖς
1413 718 1743 789 σωματικοῖς
1765 715 1928 787 ὁργά-

348 826 485 872 νοις.
512 809 605 861 Διδ
633 809 728 862 καὶ
766 811 1140 879 συγγνωμονεί
1164 809 1297 874 Θεὸς
1326 809 1454 881 παρ’
1486 810 1641 881 ἡμῶν
1670 808 1925 880 ἀποδεχόο

352 917 517 970 μενος
557 898 658 970 τὴν
704 900 833 972 περὶ
866 899 1032 953 αὑτοῦ
1072 899 1275 971 εἴδησιν
1309 901 1405 953 καὶ
1431 899 1756 968 δοξολογίαν,
1788 899 1931 970 ὑπὲρ

346 992 448 1062 τὴν
482 991 641 1063 ἡμῶν
673 990 901 1062 δύναμιν
940 992 1421 1063 ὲπεκτεινομένην,
1463 992 1584 1061 οὐχὶ¹
1622 988 1742 1060 Θεῷ
1774 989 1933 1061 χαρί-

348 1081 551 1136 σασθαί
581 1099 658 1148 τι,
698 1081 836 1135 ἀλλά
872 1081 1174 1151 δοξολογεῖν
1215 1083 1278 1136 τὸ
1321 1082 1473 1135 Θεῖον
1513 1081 1656 1135 κατὰ
1683 1081 1932 1152 δύναμιν,

348 1173 433 1235 είς
456 1172 518 1225 τὸ
544 1172 784 1237 εὐσεϐῶς
813 1174 1102 1244 φρονῆσαι,
1135 1174 1230 1227 καὶ
1258 1175 1332 1245 μὴ
1360 1175 1613 1227 ἐκπεσεῖν
1640 1172 1741 1243 τῆς
1766 1170 1933 1226 αὐτοῦ

347 1264 577 1335 χάριτος
628 1264 724 1317 καὶ
776 1264 1056 1336 ἀληθείας.
1101 1264 1286 1318 Ταῦτα
1338 1264 1395 1317 δὲ
1448 1265 1577 1336 περὶ
1620 1262 1717 1317 τοῦ
1768 1260 1932 1316 αὐτοῦ

345 1355 548 1409 Δύδίου
602 1358 693 1410 καὶ
742 1356 851 1409 τῶν
912 1355 1187 1409 Αὑδιανῶν
1240 1354 1732 1426 διαλαμϐάνοντες,
1789 1352 1931 1417 ἐξεί-

351 1465 532 1517 πομεν
546 1449 619 1502 τά
649 1449 740 1502 ὑπ’
765 1447 946 1503 αὐτῶν
975 1448 1239 1518 λεγόμενα
1258 1463 1271 1476 ·
1301 1441 1380 1509 οἷς
1409 1444 1548 1501 κατὰ
1581 1445 1640 1498 τὸ
1668 1446 1932 1498 ἰδιωτικὸν

348 1539 452 1592 καὶ
499 1538 656 1594 αὐτοὶ
700 1537 1068 1609 διηγούμενοι,
1102 1537 1194 1591 καὶ
1252 1535 1395 1589 κατά
1433 1534 1495 1588 τὺ
1544 1534 1843 1605 φιλόνεικον
1873 1536 1933 1588 ἐν

348 1629 564 1693 τούτοις
590 1630 924 1701 ἀντέχονται,
955 1627 1219 1700 ἀπρεπῶς
1247 1627 1698 1698 διισχυριζόμενοι

2038 528 2183 586 Deus
2214 546 2322 586 non
2356 540 2555 602 potest,
2589 532 2663 586 ita
2684 532 2753 588 de
2788 534 2883 587 illo
2909 534 3173 605 quidquid
3199 538 3467 592 asseritur
3487 552 3613 608 per-

2037 622 2164 678 inde
2204 623 2587 694 comprehendi
2638 624 2846 695 nequit.
2901 624 3098 697 Nequit
3145 636 3326 683 autem
3381 638 3611 687 eatenus

2034 715 2233 777 solum,
2274 722 2545 783 quatenus
2592 712 2702 769 Deo
2745 716 3021 782 convenit,
3058 725 3113 771 et
3155 732 3221 773 eo
3259 704 3441 785 modo,
3497 737 3610 791 quo

2033 805 2176 861 inest
2196 807 2250 860 in
2272 820 2338 861 eo
2360 805 2667 876 splendore,
2693 805 2787 876 qui
2815 808 3358 877 comprehensionem
3389 812 3608 867 excedit

2032 913 2269 953 onmem.
2311 897 2433 954 Haec
2464 915 2565 955 nos
2590 915 2688 970 pro
2713 899 2925 954 viribus
2951 901 3177 965 nostris,
3203 900 3268 954 ad
3300 901 3392 958 Dei
3436 904 3609 957 hono-

2032 1007 2149 1047 rem
2178 999 2230 1047 et
2258 991 2505 1061 gloriam,
2542 992 2777 1046 humana
2808 992 2991 1063 lingua
3035 992 3433 1062 disputavimus
3460 1015 3472 1050 :
3501 1012 3609 1051 non

2034 1082 2180 1136 enim
2238 1081 2343 1134 alia
2378 1096 2510 1136 voce
2536 1090 2629 1135 aut
2659 1097 2910 1137 sermone
2937 1083 3017 1136 uti
3049 1098 3363 1153 possumus,
3396 1086 3490 1155 qui
3535 1089 3605 1142 sit

2032 1188 2097 1228 eo
2126 1173 2491 1243 praestantior,
2521 1190 2683 1244 quem
2719 1174 2875 1229 nobis
2904 1174 3065 1229 modo
3094 1175 3329 1244 quodam
3361 1191 3424 1230 ac
3455 1192 3609 1231 men-

2036 1279 2165 1320 sura
2218 1264 2359 1321 Deus
2408 1265 2943 1330 altribuit;tametsi
2998 1265 3349 1336 praestantius
3400 1266 3607 1338 aliquid

2037 1361 2218 1408 mente
2243 1353 2309 1409 de
2325 1352 2435 1409 Deo
2467 1354 2862 1423 concipiamus.
2894 1352 3092 1409 Verum
3118 1363 3384 1424 quantum
3421 1364 3606 1411 nostra

2038 1460 2191 1499 mens
2230 1445 2391 1514 capit,
2425 1453 2633 1500 tantum
2663 1460 2726 1499 os
2764 1445 2943 1515 eloqui
2987 1461 3095 1499 non
3128 1454 3337 1516 potest;
3374 1448 3519 1517 quod
3553 1456 3608 1500 ιιι

2035 1549 2292 1589 mensura
2334 1535 2422 1588 illa
2469 1545 2771 1600 coercetur,
2811 1544 2865 1591 et
2908 1536 3184 1607 corporeis
3231 1536 3609 1593 instrumentis

2038 1627 2255 1682 allixum
2289 1636 2527 1683 tenetur.
2557 1627 2829 1695 Quocirca
2851 1630 3208 1685 imbecillitati
3234 1640 3435 1686 nostrai
3464 1630 3605 1686 Deus

350 1719 666 1792 indulgens,
699 1736 862 1791 quam
905 1721 974 1776 de
1005 1721 1125 1792 ipso
1154 1718 1403 1774 notitiam
1466 1719 1845 1789 adipiscimur,
1888 1732 1953 1773 ac
2016 1719 2247 1789 gloriam
2297 1720 2625 1788 deferimus,
2679 1722 2821 1792 aequi
2878 1721 3118 1793 bonique
3168 1723 3428 1789 consulit,
3475 1723 3604 1778 dum

352 1813 507 1868 illam
531 1814 693 1869 etiam
729 1829 893 1885 supra
921 1815 1119 1869 virium
1149 1821 1463 1869 nostrarum
1489 1821 1710 1884 captum
1742 1810 2109 1878 extendimus,
2144 1831 2254 1870 non
2296 1824 2356 1869 ut
2402 1816 2510 1870 ulla
2559 1816 2615 1871 in
2672 1832 2733 1872 re
2792 1816 2905 1872 Deo
2962 1817 3354 1889 gratificemur,
3396 1818 3489 1886 sed
3550 1827 3610 1872 ut

352 1906 510 1963 illum
533 1908 717 1978 quoad
748 1909 913 1964 situm
949 1910 1002 1963 in
1032 1909 1192 1965 nobis
1220 1918 1323 1974 est,
1351 1910 1509 1964 laude
1548 1908 1909 1975 celebremus,
1946 1916 2007 1963 ut
2044 1918 2098 1966 et
2128 1919 2196 1966 de
2228 1912 2321 1965 illo
2355 1912 2609 1982 religiose
2647 1912 2971 1978 sentiamus,
3003 1920 3058 1967 et
3132 1913 3200 1968 ab
3256 1913 3377 1982 ejus
3433 1914 3607 1983 gratia

348 2007 407 2052 et
453 2002 685 2056 veritate
727 2016 839 2056 non
895 2002 1235 2057 exeidamus.
1286 2002 1473 2093 Atque
1508 2001 1622 2056 hac
1668 2000 1934 2058 adversus
1968 2003 2206 2059 Audium
2235 2006 2625 2076 Audianosque
2678 2005 3042 2075 disputantes,
3100 2006 3317 2060 illorum
3354 2005 3609 2075 dogmata

352 2093 780 2161 proposuimus,
818 2106 940 2161 quae
982 2092 1301 2163 simpliciori
1335 2092 1567 2163 quadam
1612 2094 1825 2149 ratione
1869 2108 1934 2149 ac
1972 2097 2242 2165 pertinaci
2266 2097 2636 2153 contentionis
2665 2097 2851 2153 studio
2881 2097 3113 2167 turpiter
3139 2104 3479 2153 asseverant.

424 2206 501 2260 ϐ’.
541 2205 766 2277 Ἔχουσι
798 2206 855 2259 δὲ
903 2207 997 2259 καὶ
1045 2206 1180 2260 ἄλλα
1215 2206 1355 2273 τινὰ,
1405 2205 1473 2259 δι’
1502 2206 1647 2278 ἀπερ
1694 2207 1927 2279 μάλιστα

2098 2207 2187 2263 IX.
2232 2206 2441 2262 Habent
2478 2222 2608 2262 vero
2632 2213 2687 2262 et
2714 2206 2820 2261 alia
2849 2207 3153 2275 complura,
3187 2206 3389 2275 quibus
3430 2206 3608 2275 potis-

354 2298 606 2353 ιστανται
633 2298 1018 2369 περισσότερον
1044 2298 1144 2367 τὴν
1170 2297 1434 2367 διαίρεσιν
1455 2297 1808 2368 ποιησάμενοι
1832 2298 1932 2367 τῆς

367 2388 718 2458 Ἐκκλησίας,
749 2389 816 2442 δι’
857 2382 925 2460 ἦς
967 2388 1063 2442 καὶ
1093 2388 1288 2452 ἀλλους
1332 2388 1635 2460 πτύραντες
1673 2389 1931 2453 πολλάκις

353 2478 711 2532 ἀνθέλκουσιν
756 2479 865 2531 ἀπὸ
917 2479 1019 2549 τῆς
1068 2478 1425 2548 Ἐκκλησίας,
1491 2478 1926 2549 παρελκύσαντες

354 2570 560 2642 ἄνδρας
605 2589 665 2624 τε
699 2572 793 2625 καὶ
823 2574 1109 2640 γυναῖκας.
1156 2570 1312 2625 Μετά
1342 2570 1451 2642 γὰρ
1490 2570 1758 2625 Ἰουδαίων
1807 2570 1931 2641 βού-

355 2663 544 2716 λονται
576 2663 636 2717 τὸ
684 2663 877 2734 Πάσχα
927 2664 1195 2717 ἐπιτελεῖν
1216 2681 1230 2694 ο
1265 2664 1558 2729 τουτέστιν,
1679 2663 1855 2735 καιρῷ
1882 2664 1931 2715 οἱ

369 2754 616 2807 Ἰουδαῖοι
643 2754 858 2807 ποιοῦσι
884 2754 951 2807 τὰ
982 2756 1112 2826 παρ’
1147 2754 1328 2817 αὐτοῖς
1354 2751 1595 2822 Ἀζυμα,
1621 2754 1742 2805 τότε
1780 2753 1933 2806 αὐτοὶ

358 2846 727 2915 φιλονεικοῦσι
760 2845 819 2899 τὸ
862 2845 1056 2917 Πάσχα
1088 2845 1274 2914 ἀγεινο
1310 2844 1405 2898 καί
1448 2844 1606 2914 δῆθεν
1642 2845 1725 2896 ὅτι
1762 2843 1933 2907 οὕτως

355 2935 429 3010 ἦν
473 2940 505 3009 ἡ
547 2938 844 3009 Ἐκκλησία
875 2938 1182 3008 φερομένη·
1217 2937 1333 3006 εἴγε
1385 2936 1480 2989 καὶ
1527 2936 1682 3003 λόγον
1712 2952 1936 2988 σεσυκο-

359 3030 709 3101 φαντημένοι)
759 3029 1064 3084 δεικνύουσι
1120 3031 1234 3093 τοῖς
1282 3027 1753 3098 ὲκκλησιαστικοίς
1794 3026 1934 3080 κατὰ

356 3124 521 3177 τοῦτο
550 3123 611 3176 τὸ
641 3123 824 3194 μέρος,
845 3122 1143 3188 φάσκοντες
1159 3120 1266 3173 ἀπὸ
1294 3119 1671 3173 Κωνσταντίου
1690 3119 1706 3151 ¹
1742 3118 1817 3190 (4)
1849 3117 1935 3171 διὰ

357 3215 462 3285 τὴν
509 3214 646 3284 πρὸς
676 3213 767 3267 τὸν
799 3214 1038 3284 βασιλέα,
1072 3212 1229 3284 φησι,
1264 3209 1725 3281 προσωποληψίαν
1769 3227 1937 3263 κατα-

356 3303 632 3358 λελοιπότι
649 3305 670 3335 ⁸
696 3304 795 3374 τὴν
819 3305 927 3357 τῶν
959 3302 1208 3373 πατέρων
1236 3300 1366 3372 περὶ
1390 3300 1487 3355 τοῦ
1517 3301 1708 3371 Πάσχα
1739 3300 1935 3372 ἑορτῆς

359 3394 684 3450 ἀκολουθίαν
705 3437 720 3462 ,
769 3395 863 3449 καὶ
911 3394 1011 3465 τὴν
1061 3393 1275 3465 ἡμέραν
1326 3390 1692 3462 μετηλλάξατε
1747 3393 1828 3455 είς
1875 3391 1936 3445 τὸ

360 3488 608 3558 καθῆκον
638 3487 734 3541 τοῦ
767 3485 1051 3557 βασίλέως.
1071 3484 1226 3548 Τινὲς
1257 3484 1315 3538 δὲ
1346 3483 1508 3537 πάλιν
1553 3482 1692 3536 κατὰ
1713 3482 1775 3536 τὸ
1809 3482 1936 3537 ίδιον

2038 2301 2237 2356 simum
2283 2301 2570 2365 nituntur,
2621 2314 2790 2369 seque
2819 2299 2886 2352 ab
2925 2297 3179 2352 Ecclesiae
3220 2298 3609 2367 conjunctione

2038 2399 2410 2463 segregarunt,
2452 2393 2651 2462 quibus
2689 2398 2743 2445 et
2787 2390 2923 2444 alios
2964 2389 3284 2459 plerumque
3313 2390 3604 2443 conturba-

2039 2492 2125 2539 tos
2165 2486 2234 2537 ab
2270 2485 2459 2538 eadem
2509 2482 2747 2538 Ecclesia
2780 2481 3067 2545 divellunt,
3116 2480 3399 2549 utriusque
3441 2495 3609 2535 sexus

2038 2567 2303 2623 homines.
2342 2566 2474 2620 Nam
2516 2583 2639 2620 cum
2682 2565 2886 2621 Iudaeis
2934 2564 3143 2620 Pascha
3188 2565 3466 2619 celebrare
3508 2580 3605 2618 vo-

2038 2661 2178 2726 lunt,
2221 2660 2323 2713 hoc
2357 2667 2460 2721 est,
2501 2673 2609 2728 quo
2651 2667 2893 2728 tempore
2925 2656 3097 2710 Judaei
3127 2656 3329 2727 Azyma
3358 2671 3455 2711 sua
3483 2672 3607 2725 per-

2040 2759 2229 2822 agunt,
2274 2759 2402 2803 tunc
2444 2750 2518 2803 illi
2560 2748 2841 2803 Paschalis
2884 2749 3255 2803 celebritatem
3285 2747 3509 2809 obeunt,
3552 2756 3610 2800 ut

2040 2842 2108 2895 al)
2160 2840 2401 2895 Ecclesia
2448 2840 2743 2895 dissentire
2788 2838 3097 2892 vidcantur.
3155 2837 3309 2902 Quod
3359 2835 3608 2891 videlici-t

2038 2933 2168 2985 olim
2218 2933 2331 2985 hmc
2380 2931 2435 2984 in
2483 2930 2644 2999 821
2705 2927 2949 2982 Ecclesia
3007 2926 3340 2982 consuetudo
3393 2937 3607 2995 recepta

2041 3021 2224 3076 fuerit.
2260 3019 2581 3089 Quanquam
2608 3016 2852 3072 nonnihil
2883 3016 3068 3069 hacin
3099 3022 3255 3084 parte
3277 3014 3610 3068 calumnian-

2039 3120 2149 3176 tur,
2187 3122 2241 3166 et
2270 3110 2659 3166 ecclesiasticis
2709 3108 2898 3162 falsam
2933 3105 3199 3160 rationem
3244 3104 3530 3173 objiciunt.
3565 3106 3606 3156 Λ

2040 3202 2401 3266 Constantini,
2440 3201 2714 3271 inquiunt,
2755 3204 3124 3268 tempore,,ut
3150 3194 3495 3265 imperatoris
3521 3210 3609 3248 ra-

2043 3295 2243 3349 tionem
2278 3292 2547 3347 haberetis
2571 3297 2846 3361 paternam
2873 3328 2888 3353 ,
2920 3288 2972 3341 in
3000 3286 3323 3342 celebrando
3345 3283 3610 3339 Pascha-.e

2042 3383 2493 3440 consuetudinem
2568 3380 2864 3455 reliquistis
2907 3378 3159 3447 diemque
3202 3377 3609 3439 commutastis,

2042 3483 2102 3530 ut
2124 3491 2218 3531 vos
2244 3474 2312 3529 ad
2338 3474 2686 3545 in'iporatoris
2716 3481 2909 3527 nutum
2942 3469 3453 3524 accommodat-etis.
3478 3466 3612 3532 Qui-

360 3580 669 3649 φιλόνεικον
694 3580 986 3650 ὁρίζονται,
1018 3578 1121 3642 ὅτι,
1155 3576 1286 3629 Ὅτε
1328 3575 1397 3628 τὰ
1441 3573 1688 3643 γενέθλια
1720 3574 1795 3644 (5)
1839 3573 1931 3627 τοῦ

2038 3568 2159 3623 dam
2191 3568 2353 3623 etiam
2390 3566 2729 3636 pervicacius
2757 3561 3037 3618 definiunt
3058 3601 3073 3627 ,
3110 3569 3187 3624 et,
3221 3560 3357 3616 Cum
3389 3561 3606 3624 natalis,

360 3672 801 3735 Κωνσταντίνου,
826 3671 949 3723 τότε
981 3667 1431 3740 μετεποιήσασθε,
1460 3666 1612 3738 φησὶ,
1632 3666 1692 3719 τὸ
1722 3666 1933 3735 Πάσχα.

363 3764 478 3816 Καὶ
511 3764 558 3815 εί
613 3762 713 3834 μὲν
760 3762 826 3831 τῇ
863 3761 1000 3831 αὐτῇ
1038 3759 1222 3831 ἡμέρᾳ
1260 3757 1322 3810 τὸ
1367 3756 1560 3826 Πάσχα
1607 3756 1772 3826 ἤγετο
1817 3753 1942 3807 κατ’

359 3854 505 3917 ἔτος,
545 3854 641 3906 καὶ
670 3854 737 3922 τῇ
766 3852 901 3922 αὐτῇ
935 3850 1144 3921 ὡρίσθη
1174 3848 1332 3904 τοῦτο
1365 3849 1537 3901 ποιεῖν
1567 3846 1660 3899 ἐπὶ
1690 3845 1786 3917 τῆς
1805 3845 1825 3876 ³
1845 3844 1938 3897 ἐπὶ

360 3942 775 3998 Κωνσταντίνου
817 3940 1172 4011 συναχθείσης
1222 3939 1479 4001 συνόδου,
1524 3936 1746 3990 πιθανὸν
1777 3931 1845 4006 ἦν
1878 3935 1938 3988 τὸ

360 4040 498 4110 παρ’
519 4039 700 4099 αὐτοῖς
728 4035 1019 4104 λεγόμενον
1039 4050 1053 4064 ·
1081 4032 1241 4085 ὁπότε
1271 4030 1328 4083 δὲ
1358 4029 1478 4082 καθ’
1506 4028 1734 4081 ἕκαστον
1750 4028 1939 4102 ⁴ἐνιαυ-

357 4129 456 4182 τὸν
481 4128 540 4181 οὐ
571 4128 793 4181 δύναται
822 4124 1039 4196 ἔχεσθαι
1059 4123 1158 4192 τῆς
1176 4122 1345 4191 αὐτῆς
1362 4120 1542 4190 ψήφου
1573 4119 1607 4188 ἠ
1630 4116 1934 4180 ἀκολουθία,

358 4220 614 4272 διέπεσεν
656 4220 685 4271 ὁ
715 4217 893 4271 αὐτῶν
930 4216 1104 4283 λόγος.
1142 4213 1217 4266 ῢΰ
1246 4213 1353 4283 γὰρ
1399 4210 1488 4264 διὰ
1520 4210 1580 4263 τὸ
1610 4207 1881 4279 γενέθλιον
1908 4205 1937 4257 ὁ

363 4310 622 4381 βασιλεὺς
672 4307 1079 4378 ὲπεμελήσατο,
1133 4303 1271 4356 ἀλλά
1322 4301 1412 4355 διὰ
1454 4301 1552 4372 τὴν
1602 4299 1795 4353 ἕνωσιν
1837 4297 1938 4367 τῆς

374 4402 723 4472 Ἐκκλησίας.
754 4398 845 4471 Τῷ
881 4399 990 4469 γὰρ
1027 4399 1139 4452 δντι
1170 4396 1262 4451 δύο
1294 4396 1523 4468 μέγιστα
1560 4396 1691 4465 ἡμῖν
1724 4391 1940 4463 κατώρα-

362 4498 537 4549 θωσεν
567 4496 595 4547 ὁ
641 4492 774 4554 Θεὸς
819 4491 905 4545 διὰ
950 4490 1043 4544 τοῦ
1084 4488 1479 4561 προειρημένου
1529 4482 1936 4538 Κωνσταντίνου

357 4589 458 4641 τοῦ
500 4583 914 4654 θεοφιλεστάτου
961 4582 1054 4635 καὶ
1096 4579 1184 4634 ἀεὶ
1219 4576 1582 4651 μακαριστοῦ,
1621 4575 1683 4629 τὸ
1715 4573 1938 4638 συνάξαι

358 4677 748 4749 οἰκουμενικὴν
799 4673 1035 4736 σύνοδον,
1085 4672 1180 4726 καὶ
1206 4669 1466 4724 ἐκθέσθαι
1511 4668 1610 4740 τὴν
1637 4669 1695 4720 ὲν
1734 4667 1938 4738 Νικαίᾳ

358 4767 680 4835 ἐκτεθεῖσαν
722 4766 926 4831 πίστιν,
960 4764 1055 4818 καὶ
1087 4762 1509 4833 ὁμολογηθεῖσαν
1553 4758 1670 4831 μεθ’
1698 4758 1939 4829 ὑπογρα-

359 4858 471 4927 φῆς
511 4858 618 4911 τῶν
662 4856 1019 4909 συνελθόντων
1054 4854 1387 4917 ἐπισκόπων,
1414 4849 1803 4922 καθαιρεθῆναι
1836 4848 1936 4919 μὲν

2038 3659 2317 3729 inquiunt,
2343 3656 2684 3712 Constantini
2708 3654 3099 3718 celebraretur,
3132 3651 3415 3707 Paschalis
3443 3651 3611 3704 ratio-

2038 3767 2161 3807 nem
2212 3749 2564 3805 immutastis.
2614 3746 2811 3803 Verum
2854 3746 2903 3800 si
2947 3744 3137 3800 eadem
3185 3743 3482 3813 quotannis
3521 3741 3611 3795 dic

2037 3843 2246 3917 Pascha
2272 3849 2775 3913 repraesentaretur,
2804 3840 2858 3894 in
2881 3853 3056 3909 eaque
3077 3834 3461 3892 celebrandum
3487 3849 3610 3895 esse

2037 3936 2323 3993 statuisset
2363 3936 2452 3989 illa
2485 3935 2728 4006 synodus
2757 3948 2787 3986 a
2817 3929 3177 3987 Constantino
3204 3928 3450 3991 collecta,
3482 3942 3608 3995 pro-

2037 4027 2233 4082 babilis
2271 4025 2502 4081 istorum
2536 4030 2684 4079 esset
2715 4024 2910 4077 oratio.
2950 4018 3108 4073 Nunc
3139 4033 3264 4072 cum
3299 4017 3457 4070 annis
3479 4015 3611 4070 sin-

2035 4119 2178 4188 gulis
2218 4131 2326 4170 non
2380 4113 2571 4170 eadem
2609 4124 2914 4183 temporum
2962 4111 3133 4165 series
3169 4108 3486 4178 putatioque
3524 4120 3610 4159 re-

2037 4206 2322 4277 spondeat,
2367 4205 2548 4259 inanis
2572 4210 2656 4258 est
2684 4204 2789 4257 ista
2821 4201 2979 4255 ratio.
3012 4197 3128 4252 Non
3164 4197 3308 4251 enim
3346 4196 3417 4248 ob
3452 4202 3608 4246 nata-

2036 4299 2139 4354 lem
2179 4314 2359 4361 suum,
2395 4296 2493 4352 sed
2526 4295 2592 4349 ad
2635 4292 2931 4348 Ecclesiam
2970 4287 3391 4352 conciliandam,
3427 4285 3476 4339 ei
3527 4284 3606 4339 rei

2037 4390 2277 4446 studium
2314 4389 2609 4458 imperator
2656 4384 2924 4439 adhibuit.
2982 4383 3125 4437 Sane
3154 4377 3287 4434 illud
3329 4375 3605 4431 fatendum

2037 4479 2196 4534 nobis
2236 4485 2341 4541 est,
2393 4476 2502 4532 duo
2542 4474 2787 4546 quaedam
2832 4472 3066 4526 maxima
3111 4482 3206 4539 per
3253 4462 3606 4536 religiosissi-

2036 4586 2208 4635 mum,
2246 4586 2309 4625 ac
2332 4568 2662 4625 beatissima:
2691 4564 2964 4619 memoriae
2991 4559 3413 4617 Constantinum
3442 4571 3471 4609 a
3497 4554 3607 4609 Deo

2036 4678 2158 4719 esse
2194 4662 2721 4733 pmstitazquorum
2754 4656 2987 4727 primum
3026 4654 3149 4717 fuit,
3186 4661 3245 4705 ut
3270 4648 3607 4705 mcumenica

2037 4754 2279 4827 synodus
2328 4752 2712 4823 colligeretur,
2757 4763 2820 4802 ac
2867 4747 2988 4802 fidei
3026 4758 3237 4800 summa
3278 4741 3470 4795 Nicaeae
3511 4755 3606 4793 ex-

2037 4847 2236 4918 plicata
2270 4850 2687 4914 proponeretur,
2720 4848 2775 4895 et
2798 4839 3178 4909 episcoporum
3218 4833 3312 4903 qui
3343 4844 3607 4886 convene-

363 4922 603 5019 ⁸Ἄρειον,
620 4948 679 5001 τὸ
691 4949 747 5001 δὲ
764 4947 998 5018 καθαρὸν
1017 4947 1114 5017 τῆς
1141 4946 1377 5007 πίστεως
1401 4942 1743 5014 κηρυχθῆναι
1772 4942 1930 4994 πᾶσιο

2038 4946 2162 4993 rant
2213 4936 2623 5006 subscriptione
2678 4934 3099 4989 confirmaretur
3134 4948 3146 4983 :
3178 4926 3313 4981 adeo
3366 4932 3424 4978 ut
3475 4922 3607 4975 Ario

431 5154 451 5208 ¹,
483 5150 615 5222 Leg.
647 5150 1078 5203 Κωνσταντίνου.
1155 5146 1175 5177 ²
1207 5144 1332 5201 Cor.
1359 5141 1808 5198 καταλελοίπατε.
1882 5139 1932 5190 ³4

2038 5179 2054 5197 .
2084 5138 2190 5193 ὑπὸ
2213 5141 2334 5212 τῆς.

428 5352 506 5419 (ί)
539 5351 880 5415 Φάσκοντες
926 5347 1068 5419 ἁπὸ-
1098 5346 1532 5419 Κωνσταντίορ.
1594 5341 1709 5396 lmo
1766 5342 1922 5419 Κων-

357 5410 660 5477 σταντίνου.
721 5410 1011 5474 laetabant
1058 5416 1294 5470 haeretici
1352 5429 1416 5468 ac
1459 5410 1923 5482 Τεσσαρεσκαιδε-

355 5495 598 5553 κατῖται,
632 5489 881 5542 Nicaznos
916 5486 1127 5547 Patres,
1165 5487 1217 5538 in
1274 5484 1625 5538 Constantini
1663 5483 1917 5553 gratiam,

360 5551 661 5631 legitimam
708 5554 1420 5631 Paschalismelebritatem
1465 5567 1604 5631 nova
1639 5551 1925 5631 sanctione

397 5620 732 5684 «vrtuti-besse.
764 5629 916 5694 Quos
945 5624 1138 5681 refellit
1174 5624 1430 5677 Socrates
1464 5624 1555 5678 lib.
1586 5636 1789 5690 v,»cap.
1815 5620 1924 5694 23:

397 5647 732 5684 erturuasse.
764 5647 916 5694 Quos
945 5647 1138 5681 meiut
1175 5647 1430 5677 ῦυυηιιυδ
1465 5647 1555 5678 tm.
1587 5647 1789 5690 V,‘l;i|P.
1819 5647 1885 5673 zu
1908 5647 1924 5674 ς

358 5647 468 5754 Ral
483 5700 582 5769 οὐχ
603 5698 677 5761 ὥς
706 5716 844 5762 τινες
879 5694 1306 5767 ὲπεθρύλλησαν,
1330 5694 1365 5763 ἡ
1396 5693 1487 5746 ἐπὶ
1518 5691 1928 5751 Κωνσταντίνου

2030 5338 2242 5400 σύνοδος
2267 5334 2583 5406 τὴνᾉέορτὴν
2616 5335 2789 5406 παρέτ
2800 5335 2978 5406 ρεψεν.

2099 5408 2177 5479 (5)
2211 5395 2335 5479 ξι)τὶ
2364 5395 2464 5479 (ire
2488 5395 2883 5479 trifariam.
2908 5403 2990 5479 _An
3008 5395 3315 5479 nativitatis
3330 5396 3510 5479 ciem,
3530 5408 3600 5479 an

2030 5462 2517 5560 itnperi‘innatalem
2566 5462 2850 5560 intelligat,
2890 5469 3127 5525 dubitari
3168 5474 3369 5537 potest.
3404 5462 3601 5560 lngiilit

2033 5535 2179 5603 enim
2210 5546 2486 5599 Niczenum
2518 5535 2807 5596 conciliu'm
2834 5544 2893 5595 iu.
2914 5556 3037 5594 eum
3069 5535 3292 5599 annum,
3322 5550 3433 5607 quo
3455 5535 3597 5607 Ceno

2036 5619 2314 5673 stantinus
2346 5612 2664 5667 Vicennalia
2714 5611 3031 5672 celebravit,
3083 5606 3598 5677 adeoquc’natalem

2037 5687 2251 5759 imperii
2272 5685 2417 5741 diem
2437 5682 2793 5753 exquisitiore
2818 5695 3014 5752 pompa
3042 5690 3093 5736 et
3117 5686 3377 5751 apparatu
3406 5677 3598 5732 colu.t.
