3994 6226
469 311 579 367 359
1891 310 1948 364 S.
1995 309 2332 366 EI’IPIIANII
3626 319 3722 377 360

468 407 646 479 spatio
681 404 921 460 nondum
953 403 1187 459 obtineri
1216 413 1486 476 potuerat.
1519 404 1915 469 conciliandas,
1951 405 2029 458 Pal

2153 408 2227 460 Οὐ
2256 407 2478 460 δύναται
2506 407 2562 460 δὲ
2600 406 2757 460 τοῦτο
2807 407 3038 462 πάντοτε
3070 406 3320 478 γενέσθαι
3367 407 3426 461 ἐν
3461 408 3529 479 τῇ
3566 408 3721 480 ψήφῳ

467 506 609 552 trum
633 498 848 552 illorum
873 512 1005 552 cura
1053 497 1462 567 diligentiaque,
1487 510 1594 551 non
1619 496 1739 552 sine
1765 494 1859 552 Dei
1886 504 2020 550 nutu

2151 501 2220 570 τῇ
2248 500 2699 571 ἐκκλησιαστικῇ.

463 590 807 645 Constantini
851 589 1189 659 temporibus
1231 589 1500 645 incubuit.
1552 589 1609 644 In
1659 589 2029 660 apostolorum
2069 605 2203 646 vero
2243 592 2745 648 Constitutionihus
2803 590 2872 646 ad
2921 590 3273 646 concordiam
3340 589 3572 663 perinde
3628 589 3717 645 de‘

463 689 670 735 cretum
743 680 874 736 illud
935 682 1188 752 pertinet.
1246 681 1303 735 Id
1359 681 1506 749 quod
1555 680 1631 734 illi
1688 681 1792 751 ipsi
1849 688 2120 737 testantur
2171 683 2334 754 823
2379 684 2467 739 his
2497 684 2700 746 verbis,
2752 682 3014 748 Quamvis
3060 683 3312 738 aberrent
3387 683 3531 752 ipsi,
3590 678 3717 734 nihil

464 773 516 829 id
551 791 646 830 vos
673 786 1034 830 commoveat.
1066 775 1334 830 Caeterum
1363 791 1430 829 ex
1479 775 1546 830 iis
1588 790 1710 844 quae
1756 775 1946 830 eodem
1995 776 2050 831 in
2114 778 2255 833 libro
2299 779 2504 848 scripta
2546 787 2695 838 sunt,
2745 775 2979 831 Audiani
3032 776 3290 830 facillime
3340 775 3714 830 confutantur.

463 866 663 925 Jubent
690 870 833 925 enim
863 869 1051 924 eodem
1087 870 1140 922 in
1183 870 1301 924 loco
1343 869 1520 924 medio
1551 884 1864 940 azymorum
1896 877 2142 940 tempore
2169 873 2510 944 pervigilium
2569 873 2743 926 obire.
2803 869 2916 924 Hoc
2984 877 3166 924 autem
3225 869 3281 923 in
3349 867 3716 924 ecclesiastica

464 969 769 1030 temporum
815 961 1199 1030 supputatione
1235 961 1348 1015 lieri
1396 970 1660 1030 perpetuo
1695 977 1805 1016 non
1842 972 2042 1032 potest.

537 1054 626 1108 XI.
676 1054 803 1108 Tria
851 1063 979 1109 sunt
1018 1056 1160 1109 enim
1205 1056 1478 1125 praecipue
1520 1056 1720 1126 quibus
1758 1055 2046 1112 Paschalis

464 1146 753 1199 celebritas
785 1145 1036 1214 alligatur
1068 1161 1082 1197 :
1117 1145 1249 1199 solis
1284 1145 1337 1199 in
1361 1145 1552 1216 primis
1587 1160 1805 1211 cursus,
1830 1154 2047 1216 prOpter

469 1233 802 1288 Domiuieam
861 1249 924 1289 ac
971 1250 1243 1300 mensem;
1275 1242 1387 1289 tum
1422 1236 1563 1290 lunae
1591 1236 1776 1290 itidem
1823 1251 2041 1297 cursus,

467 1326 631 1396 idque
658 1334 879 1396 propter
903 1327 1096 1398 legem,
1134 1343 1254 1400 qua:
1291 1327 1501 1381 decima
1536 1335 1730 1396 quarta
1760 1327 1886 1380 luna
1939 1326 2042 1379 im-

465 1416 658 1470 molari
713 1415 921 1470 Pascha
985 1419 1254 1488 praecipit.
1305 1416 1492 1487 Itaque
1539 1433 1716 1488 neque
1775 1417 2040 1473 celebrari

456 1497 623 1560 antea
665 1513 860 1574 potest,
915 1522 1076 1576 quam
1129 1508 1516 1577 :equinoctium
1562 1506 1868 1562 conlectum
1930 1507 2038 1570 sit,

463 1596 606 1666 quod
643 1594 816 1650 ,ἰυόωί
853 1612 1191 1667 nequaquam
1220 1597 1546 1662 observant;
1588 1613 1688 1653 nec
1730 1606 2037 1651 accuratam

2214 1051 2317 1104 ιΑι,
2365 1049 2459 1101 Ἐκ
2495 1049 2661 1118 τριῶν
2704 1045 2812 1117 γὰρ
2844 1046 3168 1116 συνέστηκεν
3202 1046 3314 1115 (I2)
3343 1046 3372 1098 ὁ
3401 1048 3495 1101 τοῦ
3530 1051 3716 1120 Πάσχα

2143 1141 2460 1210 σύνδεσμος,
2499 1138 2564 1191 ἐκ
2597 1154 2657 1190 τε
2700 1137 2794 1189 τοῦ
2837 1135 3061 1206 ἡλιακοῦ
3095 1136 3294 1207 δρόμου
3334 1137 3421 1190 διὰ
3469 1140 3569 1208 τὴν
3614 1143 3715 1194 Κυ-

2145 1230 2336 1302 ριακὴν
2377 1227 2472 1283 καὶ
2506 1227 2595 1281 τὸν
2638 1226 2802 1298 μῆνα,
2843 1226 2905 1278 ἐκ
2935 1243 2993 1278 τε
3021 1225 3114 1278 τοῦ
3154 1227 3473 1296 σεληνιακοῦ
3518 1230 3714 1300 δρόμου

2143 1322 2232 1376 διὰ
2275 1323 2334 1375 τὸ
2365 1319 2506 1374 κατὰ
2533 1319 2624 1372 τὸν
2657 1319 2843 1388 νόμον,
2871 1319 3017 1381 ὄπως
3061 1319 3119 1370 ὲν
3155 1321 3220 1387 τῇ
3267 1322 3715 1390 τεσσαρεσκαιδε-

2141 1415 2282 1483 κάτῃ
2305 1413 2406 1483 τῆς
2434 1410 2660 1482 σελήνης
2685 1410 2818 1478 τυθῇ
2850 1409 2911 1461 τὸ
2947 1409 3158 1479 Πάσχα,
3189 1409 3266 1472 ὡς
3296 1406 3448 1463 εἶπεν
3479 1413 3507 1464 ὁ
3533 1412 3712 1483 νόμος.

2143 1506 2281 1559 Οὔτε
2302 1499 2394 1558 οὖν
2427 1503 2651 1556 δύναται
2682 1501 2934 1572 ἀχθῆναι,
2963 1501 3056 1555 ἐὰν
3083 1503 3158 1572 μὴ
3193 1501 3402 1573 ὑπερϐῇ
3434 1505 3712 1575 ἰσημερξα,

2137 1595 2276 1666 ὅπερ
2303 1591 2454 1664 παρὰ
2489 1594 2602 1654 τοῖς
2633 1590 2906 1656 Ἰουδαίοις
2945 1590 3006 1643 ού
3037 1590 3370 1659 φυλάσσεται
3416 1593 3555 1662 (15),
3598 1595 3714 1649 οὐδὲ

466 1685 573 1742 hoc
618 1687 671 1742 in
708 1688 929 1757 negotio
963 1687 1230 1743 rationem
1275 1687 1415 1741 inire
1451 1687 1692 1749 student,
1719 1686 1861 1757 apud
1899 1700 2029 1756 quos

2138 1685 2342 1756 ἀκριϐῆ
2398 1683 2611 1736 θέλουσι
2663 1681 2916 1752 τοιαύτην
2971 1683 3239 1736 ἐπιτελεῖν
3287 1686 3712 1755 πραγματείανο

463 1773 759 1846 depravata
805 1791 869 1830 ac
902 1775 1214 1845 perturbata
1264 1785 1391 1830 sunt
1433 1777 1638 1830 omnia.
1668 1774 1870 1831 Verum
1915 1776 2039 1830 licet

465 1875 629 1921 tanta:
658 1868 978 1936 quaestionis
1009 1875 1120 1921 tam
1153 1868 1224 1922 sit
1253 1876 1443 1923 exacta
1473 1869 1701 1932 decisio,
1724 1883 1832 1922 non
1858 1875 2038 1922 tamen

462 1957 536 2013 ob
582 1957 852 2027 ejusmodi
889 1959 1242 2026 quaestionem
1281 1965 1702 2026 accuratamque
1746 1957 2035 2021 rationem,

464 2047 560 2102 sed
595 2047 666 2101 ob
698 2062 860 2100 unam
889 2046 1238 2100 concordiam
1266 2047 1380 2100 haec
1409 2047 1478 2101 ab
1507 2047 1768 2116 apostolis
1797 2062 2037 2116 pronun-

461 2138 595 2193 tiata
621 2146 766 2192 sunt.
799 2137 953 2203 Quod
987 2138 1032 2192 si
1069 2138 1148 2192 vel
1176 2152 1298 2191 cum
1323 2137 1525 2192 Christi
1562 2139 1834 2199 hostibus,
1869 2145 1926 2190 ut
1952 2137 2030 2190 illi

463 2235 676 2296 putant,
712 2228 942 2296 apostoli
979 2228 1362 2283 celebrandum
1409 2243 1532 2285 esse
1560 2224 1771 2283 Pascha
1815 2243 2038 2283 censue-

465 2328 610 2383 runt,
650 2327 854 2388 quanto
907 2319 1078 2389 magis
1125 2318 1193 2372 ad
1239 2320 1481 2375 eamdem
1526 2319 1862 2375 retinendam
1899 2334 2034 2375 con—

463 2412 774 2466 seusionem
802 2426 925 2464 cum
978 2409 1218 2464 Ecclesia
1245 2411 1522 2465 celebrare
1561 2411 1838 2474 convenit,
1871 2426 1938 2465 ne
1969 2411 2032 2464 il-

463 2501 571 2554 lius
600 2500 890 2553 concordia
925 2499 1224 2553 laceretur!
1262 2499 1495 2565 Quinam
1527 2499 1692 2569 igitur
1721 2499 1866 2556 istud
1894 2500 2028 2554 ellici

461 2591 678 2660 potest?
708 2590 799 2642 Sic
839 2589 980 2642 enim
1014 2588 1174 2642 iidem
1228 2590 1460 2658 apostoli
1493 2591 1812 2660 praecipiunt
1841 2609 1854 2644 :
1896 2589 2028 2642 Dum

459 2678 748 2750 epulantur
779 2679 874 2743 illi,
913 2693 1010 2733 vos
1053 2678 1366 2747 jejunantes
1394 2695 1493 2749 pro
1535 2681 1642 2736 illis
1670 2682 1866 2751 lugete,
1899 2697 2034 2750 quo-

463 2770 605 2821 niam
637 2765 776 2821 festo
802 2767 892 2821 illo
914 2766 1002 2822 die
1023 2765 1301 2821 Christum
1336 2768 1390 2822 in
1416 2784 1636 2824 crucem
1667 2770 2029 2824 sustulerunt.

461 2858 703 2930 Cumque
741 2860 816 2912 illi
862 2859 1109 2930 lugentes
1143 2859 1350 2930 azymis
1375 2867 1430 2916 et
1463 2861 1695 2918 lactucis
1724 2861 2032 2933 agrestibus

533 2995 551 3026 ί
578 3012 742 3067 Deest
768 3012 995 3083 aliquid.

2141 1775 2355 1828 διέπεσε
2387 1773 2496 1845 γὰρ
2532 1773 2661 1844 παρ’
2689 1773 2900 1836 αὐτοῖς,
2948 1773 3042 1826 καὶ
3078 1773 3353 1843 ἠπάτηται
3398 1775 3465 1827 τὰ
3517 1775 3708 1830 πάντα.

2145 1866 2291 1936 Πλὴν
2331 1866 2380 1918 εἰ
2409 1865 2504 1918 καὶ
2531 1863 2797 1934 τοσαύτης
2831 1863 3108 1934 ζητήσεως
3146 1864 3381 1935 ὑπάρχει
3411 1866 3446 1936 ἡ
3491 1866 3710 1938 τοιαύτη

2143 1956 2416 2028 ἀκρίϐεια,
2447 1956 2509 2008 οὑ
2550 1955 2638 2008 διὰ
2666 1954 2762 2026 τὴν
2797 1955 3022 2026 ζήτησιν
3052 1954 3252 2025 ταύτην
3292 1957 3387 2010 καὶ
3428 1958 3530 2028 τὴν
3561 1959 3715 2029 ἀκρι-

2097 2075 2104 2081 -
2142 2047 2293 2101 ϐειαν
2344 2047 2458 2109 τοῖς
2505 2043 2822 2108 ἀποστόλοις
2867 2043 3112 2116 εἴρηται,
3153 2043 3295 2097 ἀλλά
3340 2044 3407 2096 δι’
3441 2046 3709 2116 ὁμόνοιαν.

2139 2137 2251 2192 Καὶ
2283 2136 2420 2207 μετὰ
2447 2135 2555 2188 τῶν
2582 2134 2939 2207 ὲχθρῶν¹ί14>
2969 2134 3064 2188 τοῦ
3099 2135 3335 2208 Χριστοῦ
3367 2137 3638 2191 ἐπιτελεῖν
3666 2139 3712 2191 οἱ

2138 2227 2426 2282 ἀπόστολοι
2484 2224 2848 2296 προσέταξαν,
2898 2225 2973 2290 ὡς
3030 2218 3175 2279 οὗτοι
3246 2227 3709 2298 διισχυρίξονται,

2137 2321 2288 2390 πόσῳ
2332 2301 2396 2386 γε
2449 2317 2646 2388 μᾶλλον
2677 2315 2742 2370 δι’
2771 2316 3019 2387 ὁμόνοιαν
3067 2318 3203 2388 μετὰ
3237 2320 3334 2390 τῆς
3381 2320 3707 2390 Ἑκκλησίας

2137 2407 2242 2479 χρὴ
2278 2405 2566 2468 ἐπιτελεῖν,
2607 2404 2694 2457 ἵνα
2723 2403 2798 2476 μὴ
2825 2405 2924 2476 τὴν
2955 2406 3206 2475 ὁμόνοιαν
3248 2407 3580 2478 χαράξωμεν
3616 2409 3711 2476 τῆς

2149 2497 2507 2569 Ἐκκλησίαςι
2545 2495 2669 2561 Πῶς
2696 2493 2790 2550 οὖν
2831 2495 3050 2550 δύναται
3083 2495 3350 2549 τελεῖσθαι
3385 2498 3579 2564 τοῦτο;
3613 2500 3711 2551 Λέ-

2137 2606 2290 2658 γουσι
2341 2579 2450 2660 γὰρ
2496 2589 2547 2642 οἱ
2594 2589 2747 2642 αὐτοὶ
2792 2587 3110 2651 ἀπόστολοι,
3160 2588 3272 2651 ὅτι,
3297 2589 3466 2642 Ὅταν
3515 2589 3711 2642 ἐκεῖνοι

2137 2677 2468 2748 εὐωχῶνται,
2499 2677 2656 2747 ὑμεῖς
2686 2675 3038 2746 νηστεύοντες
3065 2675 3204 2747 ὑπὲρ
3233 2677 3413 2730 αὐτῶν
3440 2678 3708 2741 πενθεῖτε,

2136 2768 2214 2821 ὅτι
2245 2771 2302 2820 ὲν
2329 2771 2394 2839 τῇ
2418 2768 2603 2838 ἡμέρα
2625 2767 2722 2837 τῆς
2745 2769 2936 2840 ἑορτῆς
2958 2769 3048 2821 τὸν
3075 2768 3310 2839 Χριστὸν
3334 2770 3708 2840 ἐσταύρωσαν.

2139 2860 2248 2914 Καὶ
2279 2860 2407 2914 ὅταν
2444 2861 2597 2914 αὐτοὶ
2650 2860 2887 2914 πενθῶσι
2924 2861 3038 2932 (I5)
3086 2861 3156 2914 τὰ
3207 2861 3394 2934 ἄζυμα
3441 2863 3711 2927 ἐσθίοντες

530 3168 640 3242 (12)
665 3169 785 3242 ’Ἐκ
817 3165 994 3234 τριῶν
1016 3165 1551 3242 γὰρ’-συνέστηκεν.
1575 3164 1740 3234 Atqui
1772 3161 1881 3242 duo
1905 3171 2028 3242 tan-

2137 3161 2497 3235 Epiphanius,
2533 3175 2605 3242 ut
2628 3174 2816 3236 postea
2852 3169 3180 3242 videbimus.
3206 3168 3275 3223 At
3306 3170 3453 3225 enim
3487 3170 3709 3242 Azymis

458 3234 572 3291 tum
623 3234 715 3291 hic
758 3247 944 3307 aperte
986 3234 1055 3307 ac
1091 3234 1849 3307 distinctecommemorat:
1893 3234 2028 3307 solis

458 3322 704 3368 cursum,
742 3303 958 3375 propter
984 3305 1322 3359 Domiuieum
1351 3305 1533 3375 (ligni;
1577 3313 1630 3375 et
1678 3303 1925 3375 lunarem
1960 3303 2058 3362 ob,

465 3393 552 3430 Juv
587 3372 788 3428 lunam.
818 3372 947 3440 Quae
969 3385 1022 3429 et
1049 3376 1371 3428 Ambrosius
1405 3372 1648 3442 Epistula
1675 3373 1744 3425 ad
1765 3373 2033 3441 episcopos

356 3449 360 3454 ’
460 3445 700 3499 A'Jmilia:
729 3447 1038 3513 complexus
1067 3453 1148 3513 est
1174 3461 1187 3496 :
1219 3443 1334 3496 Duo
1361 3453 1502 3507 sunt,
1534 3443 1730 3513 inquit,
1759 3443 2038 3495 observan-

457 3517 529 3567 da
584 3517 635 3567 in
670 3512 998 3567 solemnitate
1053 3512 1316 3581 Prisc/ue:
1350 3512 1750 3581 quartadecima
1803 3513 1932 3565 [una
1978 3521 2028 3564 et

457 3585 657 3652 primus
689 3586 898 3648 mensis,
935 3583 1025 3653 qui
1050 3582 1246 3636 dicitur
1269 3580 1561 3653 Novarum.
1597 3580 1792 3636 Verum
1841 3585 1896 3638 in
1933 3598 2025 3636 so-

461 3655 559 3706 lari
612 3669 777 3706 cursu
822 3652 1365 3717 duo’contiuentur;
1419 3652 1627 3719 primus
1666 3653 1892 3714 mensis,
1913 3655 2028 3706 sive

459 3724 871 3792 aequinoctium,
912 3731 965 3778 et
999 3722 1152 3777 feria.
1187 3722 1368 3792 Quare
1402 3721 1506 3792 tria
1547 3723 1661 3775 hazc
1689 3721 2027 3776 celebritatis

459 3790 606 3848 illius
634 3795 775 3848 velut
802 3793 1032 3862 ούσιώδη
1064 3791 1328 3846 discernit
1357 3790 1701 3862 explicatque
1725 3792 1912 3846 haeresi
1937 3792 2027 3854 50,

459 3879 612 3916 nutn.
642 3865 696 3926 5,
724 3860 1245 3931 quartamdecimam
1279 3862 1421 3914 luna:
1446 3860 1622 3926 diem,
1645 3862 2034 3930 aequinoctium

456 3948 682 3988 vernum
718 3944 770 3986 et
802 3932 1156 3985 liominicam.

528 4003 639 4072 (l5)
675 4003 846 4071 Ὅπερ
874 4001 1023 4070 παρὰ
1044 4000 1164 4072 τοῖς
1191 3997 1504 4072 Ἰουδαίοις
1532 4000 1603 4052 οὐ
1625 3999 2030 4072 φυλάσσεται.

458 4069 546 4125 De
571 4069 681 4141 quo
734 4069 1043 4141 frequentes
1088 4070 1491 4141 Catholicorum
1542 4070 1738 4141 partim
1785 4076 2023 4140 querela:

455 4140 718 4196 adversus
747 4140 1088 4196 Ultristinnos
1137 4140 1518 4208 judaizantes;
1544 4140 1762 4208 partim
1805 4141 1858 4194 in
1901 4145 2025 4198 illos

456 4213 604 4280 ipsos
653 4211 866 4267 Iudaeos
923 4207 1305 4280 iusulati’oncs.
1346 4207 1482 4264 Vide
1527 4207 1877 4280 genstantini
1910 4216 2025 4266 Au-

451 4276 598 4402 iusti
625 4281 964 4350 l’tescriptum
987 4281 1052 4334 ad
1075 4279 1421 4334 Christianos
1450 4293 1518 4333 ex
1539 4276 1758 4332 Nicaena
1791 4283 2020 4351 synodo.

486 4350 682 4402 ‘xstant
703 4362 757 4402 et
781 4361 988 4402 veteres
1017 4365 1278 4402 canones.
1302 4349 1502 4402 auibus
1525 4349 1847 4402 nominatim
1874 4352 2020 4402 istud

486 4350 682 4403 :xstant
703 4362 757 4403 et
781 4349 988 4405 veteres
1017 4365 1278 4408 canones,
1302 4349 1502 4418 quibus
1525 4349 1847 4403 nominatim
1874 4352 2021 4407 istud

2139 3245 2344 3303 septem
2382 3244 2525 3290 totos
2556 3237 2675 3292 dies
2713 3239 3106 3306 vescebantur,
3135 3239 3354 3295 Denter.
3385 3255 3487 3302 xu,
3521 3237 3610 3297 19.
3635 3242 3707 3295 Ea

2137 3319 2267 3360 vero
2297 3319 2585 3360 man-orem
2614 3321 2682 3380 _a_c
2729 3308 3007 3380 tristitiam
3041 3312 3373 3380 signiﬁcant.
3415 3309 3706 3365 Nihilomi-

2137 3386 2566 3448 nustanteirnv
2595 3376 2736 3448 diem
2769 3377 2835 3429 ad
2867 3376 3169 3448 vesperam,
3204 3387 3297 3433 aut
3326 3381 3605 3436 ineuntem
3642 3398 3707 3436 xv

2139 3446 2268 3499 huic
2294 3445 2500 3519 doloris
2529 3447 2911 3519 signiﬁcationi
2945 3445 3130 3503 eximit
3160 3449 3502 3519 Epiphanius
3536 3470 3552 3504 :
3589 3453 3708 3504 reli-

2133 3530 2302 3586 quum
2360 3515 2503 3574 diei.
2544 3517 2802 3590 adeoque
2840 3527 3069 3574 (ueteres
3124 3515 3338 3583 omnes,
3390 3535 3705 3590 azymorum

2136 3602 2238 3640 usu
2261 3594 2614 3641 consecratos
2651 3587 3019 3643 hilaritatibus
3044 3598 3092 3642 et
3131 3591 3400 3644 conviviis
3430 3587 3703 3645 attribuit.

2133 3655 2303 3723 Cujus
2328 3671 2390 3729 ea
2409 3671 2576 3709 causa
2609 3657 2760 3729 reddi
2786 3666 2983 3726 potest,
3020 3659 3165 3728 quod
3205 3661 3423 3728 epulum
3451 3661 3708 3729 paschale

2133 3742 2256 3800 cum
2288 3727 2496 3794 reliquo
2515 3727 2660 3779 omni
2688 3736 2970 3800 apparatu,
2995 3727 3108 3782 tum
3135 3727 3363 3784 lactucis
3395 3727 3708 3800 agrestibus

2140 3795 2208 3848 ad
2249 3809 2471 3868 azymos
2498 3810 2666 3864 panes
2695 3797 2957 3868 adhibitis
2985 3800 3294 3853 luctuosum
3339 3795 3603 3868 quiddam
3653 3807 3708 3852 et

2137 3865 2399 3938 acerbum
2422 3866 2870 3938 reprazsentabat.
2906 3867 3126 3938 Quodia
3159 3875 3342 3938 primo
3359 3865 3450 3924 die
3472 3871 3707 3938 Azynto-

2137 3950 2279 3997 rum,
2309 3942 2364 3989 et
2389 3934 2803 4008 insequentibus
2824 3937 3031 3990 aberat.
3071 3934 3270 3993 Eodem
3320 3946 3374 3991 et
3414 3940 3505 3992 illa
3534 3934 3706 4008 magi-

2132 4013 2375 4078 strornm
2398 4006 2703 4059 observatio
2734 4008 2966 4078 pertinet
2991 4018 3294 4078 :_septenos
3324 4009 3542 4078 quidem
3561 4006 3705 4064 lotos

2133 4074 2252 4130 dies
2288 4073 2610 4128 fermentato
2641 4073 2790 4129 vesci
2812 4077 2966 4130 nefas
3006 4073 3287 4132 fuissezat
3313 4073 3539 4133 ineunte
3569 4078 3707 4132 dun-

2132 4151 2282 4198 taxat
2312 4150 2468 4216 xv_et
2499 4150 2687 4198 exacta
2713 4160 2823 4216 xiv,
2845 4145 2948 4199 hoc
2978 4155 3064 4201 est
3088 4148 3142 4201 in
3176 4148 3418 4216 paschali
3449 4150 3706 4204 convivio

2132 4228 2321 4284 azyma
2362 4213 2412 4267 vi
2436 4228 2497 4288 ac
2517 4215 2845 4288 necessitate
2882 4216 3015 4288 legis
3044 4213 3362 4288 usurpasse.
3399 4218 3563 4272 Extra
3601 4222 3706 4273 hoc

2131 4283 2345 4356 tempus
2368 4283 2628 4356 neglectis
2660 4286 2891 4356 azymis,
2907 4283 3043 4356 aliis
3061 4283 3385 4352 seminibus,
3405 4299 3500 4342 aut
3521 4289 3706 4342 fructi-

2131 4352 2235 4422 bus
2259 4353 2406 4406 vesci
2436 4352 2700 4422 potuisse.
2728 4352 2822 4408 ‘lt.
2875 4354 3025 4410 Mose
3059 4358 3161 4412 ben
3213 4356 3448 4412 Maimnn
3485 4368 3637 4414 tomo
3659 4357 3701 4422 Ι,

455 4423 682 4500 nclitum
713 4427 796 4473 est
827 4438 842 4474 :
878 4423 945 4473 de
978 4435 1083 4489 qua
1114 4434 1172 4500 re
1199 4419 1267 4473 ad
1299 4417 1528 4500 natreSin
1575 4433 1650 4482 LI,
1695 4418 1750 4472 in
1783 4417 2022 4476 Diatriba
2054 4434 2100 4490 υ
2127 4417 2534 4486 ΙιιιΙ.,Τι·ασιὶιιιι
2566 4423 2629 4478 de
2670 4423 2985 4492 fermentata
3017 4436 3064 4480 et
3097 4443 3307 4496 azyma,
3342 4443 3466 4498 cap.
3507 4431 3542 4477 li
3580 4429 3608 4500 §
3648 4417 3700 4484 ιΞ

454 4487 521 4544 de
544 4488 853 4542 Iudaeorum
876 4487 1018 4541 anno
1037 4489 1262 4557 copiose
1292 4487 1548 4557 diximus.

527 4559 636 4624 (14)
669 4559 775 4611 Καὶ
807 4559 955 4626 μετὰ
987 4555 1379 4628 τῶν“ἐχθρῶτς.
1417 4555 1677 4628 orlasse
1705 4558 1812 4628 leg.
1847 4559 1941 4624 καὶ
1974 4561 2022 4612 εἰ

455 4622 628 4698 μετὰ,
644 4639 750 4682 etc.
781 4622 1060 4682 Sententia
1087 4622 1315 4684 veroex
1341 4626 1534 4681 Latina
1569 4622 2022 4698 interpretatione

460 4701 746 4767 perspicua
780 4707 881 4751 est.

526 4763 782 4838 (l5ijai
826 4767 972 4819 ὅταν
1001 4763 1170 4820 αὐτοὶ
1221 4764 1544 4838 πενθῶσιγ.
1586 4764 1704 4838 Non
1758 4767 1901 4836 quod
1931 4785 2022 4823 xiv

452 4835 1015 4906 Nismijejuuaveriut
1050 4841 1248 4906 (neque
1289 4836 1434 4890 enim
1495 4835 1637 4890 inter
1669 4835 1790 4892 dies
1823 4845 2020 4902 mum-1

452 4910 568 4963 sive
595 4907 955 4978 Augariarum
1013 4908 1293 4968 refertur),
1353 4906 1449 4960 sed
1500 4906 1645 4975 quod
1701 4916 1893 4962 exacto
1927 4913 2018 4962 Illo

450 4978 572 5048 ipso
605 4976 701 5034 die'
723 4976 1040 5033 Paschalem
1072 4991 1271 5048 agnuni
1305 4990 1428 5048 cum
1453 4980 1658 5048 azymis
1703 4986 1763 5048 et_
1787 4979 2020 5048 lactucis

452 5044 760 5118 agrestibus
803 5044 1170 5118 comederent,
1208 5044 1378 5118 Exod.
1413 5044 1584 5118 xtl,'8
1617 5053 1670 5118 et
1706 5046 1793 5101 I8.
1851 5047 2020 5118 Erant

450 5115 596 5173 enim
650 5133 839 5190 azyma
901 5117 1155 5171 maeroris
1204 5132 1268 5172 ac
1323 5117 1500 5170 luctus
1567 5115 1847 5172 iudicium.
1915 5117 2020 5172 Ita-

450 5226 556 5278 que
613 5211 900 5267 Deuteron.
955 5226 1065 5272 xvi,
1111 5209 1174 5272 5,
1201 5219 1428 5262 vocatur
1449 5192 1713 5280 ,νινεηᾶ
1750 5212 1904 5279 pam‘s
1935 5212 2020 5280 af-

449 5283 721 5348 ﬂictionis.
774 5281 1112 5351 Epiphanius
1159 5287 1339 5351 autem
1387 5294 1496 5341 xiv,
1556 5279 1740 5351 l‘hsatr
1761 5279 2019 5351 πένθιμον

450 5351 592 5406 diem
628 5348 1035 5407 facereviilctur
1058 5367 1073 5415 ;
1097 5352 1188 5418 qui
1214 5349 1332 5402 dies
1392 5348 1782 5417 συνεκδοχικῶς
1811 5348 2019 5406 Pascha

449 5420 768 5492 dicehalur;
796 5423 942 5492 quod
973 5423 1077 5475 sub
1105 5421 1225 5490 ejus
1259 5434 1549 5492 vesperam
1585 5436 1784 5488 agnum
1821 5421 2016 5475 immo-

400 5546 406 5556 ι
453 5491 658 5562 larent:
694 5489 993 5562 eodemque
1063 5489 1261 5544 omaso
1300 5489 1411 5562 jam
1473 5489 1588 5541 sole
1618 5499 2016 5562 _vescerentur;

451 5557 970 5630 ὲπιφιοσκούσηςίιι]
1001 5568 1086 5615 est
1109 5563 1328 5614 ineunte
1350 5559 1463 5627 jam
1495 5574 1582 5630 xv.
1608 5557 2017 5629 Quentquidem

451 5630 598 5682 diem
648 5629 974 5699 Azymbrum
1035 5632 1265 5698 primum
1330 5629 1686 5699 nominabant
1719 5648 1732 5682 :
1765 5641 1818 5683 et
1875 5631 2019 5684 hunc

457 5701 635 5766 ipsqu
690 5698 866 5752 Ianum
909 5714 972 5754 ac
1018 5701 1282 5770 genialem
1325 5698 1446 5752 illos
1491 5698 1746 5754 habuisse
1785 5708 2017 5756 teSlatur

2123 4525 2253 4575 mn
2286 4500 2414 4576 “mu
2449 4525 2569 4575 ris-1
2603 4525 2798 4575 ξιτατ-ι
2835 4527 2964 4578 nm
2996 4503 3167 4579 rhus
3203 4504 3345 4580 Βία-ι
3379 4530 3556 4580 ante:
3593 4532 3703 4580 tan

2121 4587 2231 4667 δεδι
2283 4614 2447 4694 mnta
2505 4615 2566 4664 is
2619 4592 2778 4693 mvlrp
2832 4617 2908 4694 τίκ,
2963 4617 3083 4694 pm
3139 4618 3202 4669 in
3251 4595 3546 4670 71135318
3583 4622 3704 4670 rm

2121 4705 2258 4773 tum
2463 4707 2593 4760 nm
2844 4680 2984 4759 5753'.
3026 4700 3393 4755 Verumtamen
3418 4703 3473 4755 in
3497 4703 3702 4773 reliquo

2120 4767 2441 4841 celebritatis
2471 4776 2694 4841 tempore
2721 4784 3030 4838 azymorum
3051 4787 3169 4824 esus
3183 4773 3451 4825 duntaxat
3479 4767 3703 4841 permit-

2123 4837 2281 4914 titur,
2307 4848 2364 4914 ut
2393 4839 2481 4906 qui
2505 4837 2826 4914 velitazymo
2850 4855 3125 4914 vescatur;
3147 4844 3235 4912 qui
3263 4843 3436 4914 malit,
3477 4837 3700 4914 oryzant

2121 4907 2198 4959 vel
2245 4908 2449 4960 milium
2483 4909 2638 4981 edat,
2683 4907 2776 4961 aut
2821 4910 3106 4976 polentam,
3155 4907 3249 4964 aut
3281 4907 3510 4981 fructus.
3541 4907 3611 4965 Ἆι
3644 4916 3700 4967 in

2121 4987 2286 5051 nocte
2323 4993 2409 5040 xv,
2458 4977 2721 5031 duntaxat
2778 4982 2984 5049 azymis
3029 4983 3108 5036 uti
3165 4977 3386 5051 oportet.
3425 4984 3585 5049 Quod
3631 4988 3699 5039 de

2121 5061 2203 5121 νιι
2235 5047 2324 5102 die
2353 5062 2690 5121 azymorum,
2725 5047 2886 5121 quam
2913 5059 3096 5116 nam,
3137 5047 3253 5107 sive
3278 5047 3565 5108 collectam
3604 5071 3703 5109 vo-

2122 5117 2342 5192 cabant,
2383 5117 3086 5192 potissimum'observant,
3125 5137 3190 5177 eo
3231 5121 3357 5192 l‘reti
3397 5124 3700 5192 Scriptura:

2121 5187 2457 5260 testimonio,
2500 5188 2643 5258 quod
2674 5205 2796 5242 cum
2842 5190 3008 5243 Exodi
3047 5206 3145 5256 xu,
3190 5191 3278 5257 I9,
3312 5187 3576 5260 scriptuin
3602 5196 3695 5248 sit:

2122 5256 2306 5330 Primo
2332 5256 2529 5330 mense,
2543 5259 2941 5327 quartadecima
2968 5261 3051 5314 die
3075 5256 3292 5328 mensis,
3315 5264 3385 5315 ad
3400 5256 3693 5330 uesperam,

2125 5327 2404 5401 comedetis
2431 5345 2642 5401 azyma,
2677 5345 2836 5401 usque
2870 5333 2938 5382 ad
2977 5331 3112 5385 diem
3129 5327 3431 5386 vicesimam
3467 5327 3697 5401 primum

2119 5397 2352 5466 ejusdem
2377 5397 2591 5473 mens-is,
2622 5398 2689 5450 ad
2716 5397 2998 5473 uesperam.
3021 5402 3225 5473 Septem
3253 5401 3436 5456 diebus
3467 5397 3698 5472 renuen-

2124 5477 2232 5519 tum
2263 5485 2364 5521 non
2390 5468 2678 5542 iuve_nietur
2716 5471 2770 5521 in
2822 5469 3066 5524 domibus
3089 5468 3284 5525 uestris
3317 5489 3334 5526 :
3369 5468 3533 5542 idque
3560 5477 3698 5528 Deu-

2123 5544 2298 5592 teron.
2338 5553 2447 5613 xvi,
2489 5538 2544 5602 5,
2583 5548 2894 5613 repetatur,
2929 5549 3130 5613 tamen
3190 5538 3459 5610 ejusdem'
3497 5553 3697 5613 c.;p.tis

2122 5617 2392 5662 commate
2405 5610 2458 5668 8,
2481 5624 2574 5663 sex
2599 5616 2813 5663 tantum
2839 5611 3031 5666 diebus
3048 5626 3237 5680 azyma
3254 5615 3467 5667 comedi
3482 5610 3694 5682 jubent.

2131 5697 2366 5756 Uiich.
2404 5700 2619 5757 Selomo
2635 5699 2703 5754 ad
2737 5718 2861 5756 cum
2892 5703 3069 5758 locum
3104 5703 3208 5759 ista
3244 5705 3436 5760 scribit
3581 5706 3703 5765 1:3
