  <div class='ocr_page' id='page_1' title='image "/cluster/home/n/w/nwhite01/storage/ocr_20150623/42/mdp.39015052824052/201.png"; bbox 0 0 3994 6226; ppageno 0'>
   <div class='ocr_carea' id='block_1_1' title="bbox 430 401 545 460">
    <p class='ocr_par' dir='ltr' id='par_1_1' title="bbox 430 401 545 460">
     <span class='ocr_line' id='line_1_1' title="bbox 430 401 545 460; baseline -0.017 0"><span class='ocrx_word' id='word_1_1' title='bbox 430 401 545 460; x_wconf 75' lang='lat'><strong>365</strong></span> 
     </span>
    </p>
   </div>
   <div class='ocr_carea' id='block_1_2' title="bbox 1831 393 2282 452">
    <p class='ocr_par' dir='ltr' id='par_1_2' title="bbox 1831 393 2282 452">
     <span class='ocr_line' id='line_1_2' title="bbox 1831 393 2282 452; baseline -0.009 0"><span class='ocrx_word' id='word_1_2' title='bbox 1831 395 1890 452; x_wconf 88' lang='lat' dir='ltr'><strong>S.</strong></span> <span class='ocrx_word' id='word_1_3' title='bbox 1942 393 2282 450; x_wconf 74' lang='lat' dir='ltr'><strong>EPIPIIANH</strong></span> 
     </span>
    </p>
   </div>
   <div class='ocr_carea' id='block_1_3' title="bbox 3587 397 3703 454">
    <p class='ocr_par' dir='ltr' id='par_1_3' title="bbox 3587 397 3703 454">
     <span class='ocr_line' id='line_1_3' title="bbox 3587 397 3703 454; baseline -0.017 0"><span class='ocrx_word' id='word_1_4' title='bbox 3587 397 3703 454; x_wconf 64' lang='lat' dir='ltr'><strong>50&#39;s</strong></span> 
     </span>
    </p>
   </div>
   <div class='ocr_carea' id='block_1_4' title="bbox 434 505 2018 585">
    <p class='ocr_par' dir='ltr' id='par_1_4' title="bbox 434 509 2008 585">
     <span class='ocr_line' id='line_1_4' title="bbox 434 509 2008 585; baseline -0.007 -12"><span class='ocrx_word' id='word_1_5' title='bbox 434 519 585 573; x_wconf 76' lang='lat' dir='ltr'><strong>illius</strong></span> <span class='ocrx_word' id='word_1_6' title='bbox 623 512 888 585; x_wconf 79' lang='lat' dir='ltr'><strong>dogmatis</strong></span> <span class='ocrx_word' id='word_1_7' title='bbox 933 511 1136 567; x_wconf 83' lang='lat' dir='ltr'><strong>veritas</strong></span> <span class='ocrx_word' id='word_1_8' title='bbox 1181 511 1458 573; x_wconf 92' lang='lat' dir='ltr'><strong>consistit.</strong></span> <span class='ocrx_word' id='word_1_9' title='bbox 1499 519 1554 566; x_wconf 93' lang='lat' dir='ltr'><strong>et</strong></span> <span class='ocrx_word' id='word_1_10' title='bbox 1597 527 1660 565; x_wconf 77' lang='lat' dir='ltr'><strong>ex</strong></span> <span class='ocrx_word' id='word_1_11' title='bbox 1709 509 2008 581; x_wconf 84' lang='lat' dir='ltr'><strong>apostolica</strong></span> 
     </span>
    </p>
   </div>
   <div class='ocr_carea' id='block_1_5' title="bbox 2119 505 3702 585">
    <p class='ocr_par' dir='ltr' id='par_1_5' title="bbox 2119 505 3702 580">
     <span class='ocr_line' id='line_1_5' title="bbox 2119 505 3702 580; baseline 0.002 -20"><span class='ocrx_word' id='word_1_12' title='bbox 2119 507 2408 572; x_wconf 81' lang='grc' dir='ltr'><strong>διατάξεως</strong></span> <span class='ocrx_word' id='word_1_13' title='bbox 2447 505 2556 560; x_wconf 85' lang='grc' dir='ltr'><strong>τῶν</strong></span> <span class='ocrx_word' id='word_1_14' title='bbox 2582 505 2916 569; x_wconf 74' lang='grc' dir='ltr'><strong>ἀποστόλων,</strong></span> <span class='ocrx_word' id='word_1_15' title='bbox 2949 508 3030 561; x_wconf 83' lang='grc' dir='ltr'>ὅτι</span> <span class='ocrx_word' id='word_1_16' title='bbox 3058 506 3125 562; x_wconf 82' lang='grc' dir='ltr'>δι’</span> <span class='ocrx_word' id='word_1_17' title='bbox 3156 508 3428 580; x_wconf 76' lang='grc' dir='ltr'>ὁμόνοιαν,</span> <span class='ocrx_word' id='word_1_18' title='bbox 3459 509 3532 572; x_wconf 83' lang='grc' dir='ltr'>ὡς</span> <span class='ocrx_word' id='word_1_19' title='bbox 3569 527 3702 563; x_wconf 85' lang='grc' dir='ltr'>συν-</span> 
     </span>
    </p>
   </div>
   <div class='ocr_carea' id='block_1_6' title="bbox 435 603 2006 674">
    <p class='ocr_par' dir='ltr' id='par_1_6' title="bbox 435 603 2006 674">
     <span class='ocr_line' id='line_1_6' title="bbox 435 603 2006 674; baseline -0.004 -11"><span class='ocrx_word' id='word_1_20' title='bbox 435 609 531 663; x_wconf 88' lang='lat' dir='ltr'><strong>illa</strong></span> <span class='ocrx_word' id='word_1_21' title='bbox 557 604 950 661; x_wconf 85' lang='lat' dir='ltr'><strong>constitutione</strong></span> <span class='ocrx_word' id='word_1_22' title='bbox 999 605 1187 674; x_wconf 90' lang='lat' dir='ltr'><strong>liquet.</strong></span> <span class='ocrx_word' id='word_1_23' title='bbox 1218 605 1525 658; x_wconf 64' lang='lat' dir='ltr'><strong>concordiae</strong></span> <span class='ocrx_word' id='word_1_24' title='bbox 1552 603 1726 672; x_wconf 81' lang='lat' dir='ltr'><strong>gratia</strong></span> <span class='ocrx_word' id='word_1_25' title='bbox 1766 603 1847 656; x_wconf 90' lang='lat' dir='ltr'><strong>sie</strong></span> <span class='ocrx_word' id='word_1_26' title='bbox 1879 616 2006 657; x_wconf 87' lang='lat' dir='ltr'><strong>esse</strong></span> 
     </span>
    </p>
   </div>
   <div class='ocr_carea' id='block_1_7' title="bbox 435 691 2006 770">
    <p class='ocr_par' dir='ltr' id='par_1_7' title="bbox 435 691 2006 770">
     <span class='ocr_line' id='line_1_7' title="bbox 435 691 2006 770; baseline -0.005 -16"><span class='ocrx_word' id='word_1_27' title='bbox 435 702 749 762; x_wconf 87' lang='lat' dir='ltr'><strong>decretum.</strong></span> <span class='ocrx_word' id='word_1_28' title='bbox 809 704 868 750; x_wconf 92' lang='lat' dir='ltr'><strong>ut</strong></span> <span class='ocrx_word' id='word_1_29' title='bbox 906 695 975 753; x_wconf 82' lang='lat' dir='ltr'><strong>ad</strong></span> <span class='ocrx_word' id='word_1_30' title='bbox 1029 697 1446 770; x_wconf 79' lang='lat' dir='ltr'><strong>consensionem</strong></span> <span class='ocrx_word' id='word_1_31' title='bbox 1489 693 1906 752; x_wconf 88' lang='lat' dir='ltr'><strong>stabiliendam.</strong></span> <span class='ocrx_word' id='word_1_32' title='bbox 1950 691 2006 746; x_wconf 88' lang='lat' dir='ltr'><strong>id</strong></span> 
     </span>
    </p>
   </div>
   <div class='ocr_carea' id='block_1_8' title="bbox 435 787 2006 862">
    <p class='ocr_par' dir='ltr' id='par_1_8' title="bbox 435 787 2006 862">
     <span class='ocr_line' id='line_1_8' title="bbox 435 787 2006 862; baseline -0.005 -16"><span class='ocrx_word' id='word_1_33' title='bbox 435 791 580 862; x_wconf 92' lang='lat' dir='ltr'><strong>quod</strong></span> <span class='ocrx_word' id='word_1_34' title='bbox 613 806 786 845; x_wconf 74' lang='lat' dir='ltr'><strong>nexus</strong></span> <span class='ocrx_word' id='word_1_35' title='bbox 814 789 930 860; x_wconf 81' lang='lat' dir='ltr'><strong>ipse</strong></span> <span class='ocrx_word' id='word_1_36' title='bbox 959 789 1226 843; x_wconf 89' lang='lat' dir='ltr'><strong>orationis</strong></span> <span class='ocrx_word' id='word_1_37' title='bbox 1249 787 1504 849; x_wconf 85' lang='lat' dir='ltr'><strong>ostendit.</strong></span> <span class='ocrx_word' id='word_1_38' title='bbox 1549 788 1596 843; x_wconf 90' lang='lat' dir='ltr'><strong>si</strong></span> <span class='ocrx_word' id='word_1_39' title='bbox 1627 787 1829 842; x_wconf 80' lang='lat' dir='ltr'><strong>Pascha</strong></span> <span class='ocrx_word' id='word_1_40' title='bbox 1861 787 2006 842; x_wconf 82' lang='lat' dir='ltr'><strong>cele-</strong></span> 
     </span>
    </p>
   </div>
   <div class='ocr_carea' id='block_1_9' title="bbox 437 877 2007 949">
    <p class='ocr_par' dir='ltr' id='par_1_9' title="bbox 437 877 2007 949">
     <span class='ocr_line' id='line_1_9' title="bbox 437 877 2007 949; baseline -0.005 -13"><span class='ocrx_word' id='word_1_41' title='bbox 437 886 694 944; x_wconf 90' lang='lat' dir='ltr'><strong>bremus,</strong></span> <span class='ocrx_word' id='word_1_42' title='bbox 747 879 992 949; x_wconf 88' lang='lat' dir='ltr'><strong>adeoque</strong></span> <span class='ocrx_word' id='word_1_43' title='bbox 1040 885 1094 932; x_wconf 92' lang='lat' dir='ltr'><strong>ct</strong></span> <span class='ocrx_word' id='word_1_44' title='bbox 1161 877 1235 932; x_wconf 93' lang='lat' dir='ltr'><strong>illi</strong></span> <span class='ocrx_word' id='word_1_45' title='bbox 1298 877 1608 941; x_wconf 89' lang='lat' dir='ltr'><strong>celebrent,</strong></span> <span class='ocrx_word' id='word_1_46' title='bbox 1661 882 1784 947; x_wconf 85' lang='lat' dir='ltr'><strong>post</strong></span> <span class='ocrx_word' id='word_1_47' title='bbox 1833 877 2007 946; x_wconf 71' lang='lat' dir='ltr'><strong>tequi-</strong></span> 
     </span>
    </p>
   </div>
   <div class='ocr_carea' id='block_1_10' title="bbox 429 967 2007 1041">
    <p class='ocr_par' dir='ltr' id='par_1_10' title="bbox 429 967 2007 1041">
     <span class='ocr_line' id='line_1_10' title="bbox 429 967 2007 1041; baseline -0.004 -13"><span class='ocrx_word' id='word_1_48' title='bbox 429 975 678 1028; x_wconf 75' lang='lat' dir='ltr'><strong>noctium</strong></span> <span class='ocrx_word' id='word_1_49' title='bbox 705 970 872 1041; x_wconf 67' lang='grc'><strong>824</strong></span> <span class='ocrx_word' id='word_1_50' title='bbox 897 970 948 1024; x_wconf 91' lang='lat' dir='ltr'><strong>id</strong></span> <span class='ocrx_word' id='word_1_51' title='bbox 981 969 1208 1024; x_wconf 85' lang='lat' dir='ltr'><strong>omnino</strong></span> <span class='ocrx_word' id='word_1_52' title='bbox 1233 968 1519 1028; x_wconf 79' lang='lat' dir='ltr'><strong>faciamus.</strong></span> <span class='ocrx_word' id='word_1_53' title='bbox 1550 967 2007 1040; x_wconf 83' lang='lat' dir='ltr'><strong>quemadmodum</strong></span> 
     </span>
    </p>
   </div>
   <div class='ocr_carea' id='block_1_11' title="bbox 437 1059 2008 1134">
    <p class='ocr_par' dir='ltr' id='par_1_11' title="bbox 437 1059 2008 1134">
     <span class='ocr_line' id='line_1_11' title="bbox 437 1059 2008 1134; baseline -0.003 -16"><span class='ocrx_word' id='word_1_54' title='bbox 437 1077 680 1134; x_wconf 61' lang='lat' dir='ltr'><strong>persmpc</strong></span> <span class='ocrx_word' id='word_1_55' title='bbox 709 1061 995 1115; x_wconf 88' lang='lat' dir='ltr'><strong>nobiscum</strong></span> <span class='ocrx_word' id='word_1_56' title='bbox 1025 1059 1301 1114; x_wconf 88' lang='lat' dir='ltr'><strong>celebrare</strong></span> <span class='ocrx_word' id='word_1_57' title='bbox 1343 1059 1419 1114; x_wconf 88' lang='lat' dir='ltr'><strong>illi</strong></span> <span class='ocrx_word' id='word_1_58' title='bbox 1465 1061 1662 1114; x_wconf 85' lang='lat' dir='ltr'><strong>solent.</strong></span> <span class='ocrx_word' id='word_1_59' title='bbox 1693 1059 1829 1114; x_wconf 82' lang='lat' dir='ltr'><strong>Cum</strong></span> <span class='ocrx_word' id='word_1_60' title='bbox 1864 1059 2008 1114; x_wconf 86' lang='lat' dir='ltr'><strong>inte-</strong></span> 
     </span>
    </p>
   </div>
   <div class='ocr_carea' id='block_1_12' title="bbox 439 1149 2008 1221">
    <p class='ocr_par' dir='ltr' id='par_1_12' title="bbox 439 1149 2008 1221">
     <span class='ocr_line' id='line_1_12' title="bbox 439 1149 2008 1221; baseline -0.003 -12"><span class='ocrx_word' id='word_1_61' title='bbox 439 1157 540 1209; x_wconf 89' lang='lat' dir='ltr'><strong>rim</strong></span> <span class='ocrx_word' id='word_1_62' title='bbox 570 1161 624 1209; x_wconf 88' lang='lat' dir='ltr'><strong>et</strong></span> <span class='ocrx_word' id='word_1_63' title='bbox 655 1163 782 1208; x_wconf 82' lang='lat' dir='ltr'><strong>ante</strong></span> <span class='ocrx_word' id='word_1_64' title='bbox 813 1150 1198 1221; x_wconf 64' lang='lat' dir='ltr'><strong>aequinoctium</strong></span> <span class='ocrx_word' id='word_1_65' title='bbox 1225 1149 1533 1206; x_wconf 79' lang='lat' dir='ltr'><strong>confectum</strong></span> <span class='ocrx_word' id='word_1_66' title='bbox 1567 1151 1620 1206; x_wconf 92' lang='lat' dir='ltr'><strong>id</strong></span> <span class='ocrx_word' id='word_1_67' title='bbox 1647 1151 1716 1206; x_wconf 88' lang='lat' dir='ltr'><strong>ab</strong></span> <span class='ocrx_word' id='word_1_68' title='bbox 1749 1151 1855 1205; x_wconf 85' lang='lat' dir='ltr'><strong>illis</strong></span> <span class='ocrx_word' id='word_1_69' title='bbox 1881 1165 2008 1220; x_wconf 86' lang='lat' dir='ltr'><strong>per-</strong></span> 
     </span>
    </p>
   </div>
   <div class='ocr_carea' id='block_1_13' title="bbox 440 1241 2006 1316">
    <p class='ocr_par' dir='ltr' id='par_1_13' title="bbox 440 1241 2006 1316">
     <span class='ocr_line' id='line_1_13' title="bbox 440 1241 2006 1316; baseline -0.002 -17"><span class='ocrx_word' id='word_1_70' title='bbox 440 1254 654 1316; x_wconf 77' lang='lat' dir='ltr'><strong>agatur.</strong></span> <span class='ocrx_word' id='word_1_71' title='bbox 710 1261 836 1301; x_wconf 89' lang='lat' dir='ltr'><strong>cum</strong></span> <span class='ocrx_word' id='word_1_72' title='bbox 876 1243 1127 1299; x_wconf 78' lang='lat' dir='ltr'><strong>videlicet</strong></span> <span class='ocrx_word' id='word_1_73' title='bbox 1168 1243 1271 1298; x_wconf 85' lang='lat' dir='ltr'><strong>soli</strong></span> <span class='ocrx_word' id='word_1_74' title='bbox 1314 1241 1525 1298; x_wconf 89' lang='lat' dir='ltr'><strong>Pascha</strong></span> <span class='ocrx_word' id='word_1_75' title='bbox 1569 1258 1728 1298; x_wconf 91' lang='lat' dir='ltr'><strong>suum</strong></span> <span class='ocrx_word' id='word_1_76' title='bbox 1780 1243 2006 1297; x_wconf 88' lang='lat' dir='ltr'><strong>obeunt.</strong></span> 
     </span>
    </p>
   </div>
   <div class='ocr_carea' id='block_1_14' title="bbox 435 1333 2010 1404">
    <p class='ocr_par' dir='ltr' id='par_1_14' title="bbox 435 1333 2010 1404">
     <span class='ocr_line' id='line_1_14' title="bbox 435 1333 2010 1404; baseline -0.002 -14"><span class='ocrx_word' id='word_1_77' title='bbox 435 1337 643 1404; x_wconf 81' lang='lat' dir='ltr'><strong>Quodsi</strong></span> <span class='ocrx_word' id='word_1_78' title='bbox 707 1351 806 1390; x_wconf 90' lang='lat' dir='ltr'><strong>nos</strong></span> <span class='ocrx_word' id='word_1_79' title='bbox 859 1349 967 1389; x_wconf 83' lang='lat' dir='ltr'><strong>una</strong></span> <span class='ocrx_word' id='word_1_80' title='bbox 1015 1333 1384 1400; x_wconf 89' lang='lat' dir='ltr'><strong>celebremus,</strong></span> <span class='ocrx_word' id='word_1_81' title='bbox 1423 1334 1476 1388; x_wconf 92' lang='lat' dir='ltr'><strong>in</strong></span> <span class='ocrx_word' id='word_1_82' title='bbox 1514 1333 1766 1390; x_wconf 87' lang='lat' dir='ltr'><strong>eumdem</strong></span> <span class='ocrx_word' id='word_1_83' title='bbox 1807 1347 2010 1388; x_wconf 92' lang='lat' dir='ltr'><strong>annum</strong></span> 
     </span>
    </p>
   </div>
   <div class='ocr_carea' id='block_1_15' title="bbox 438 1425 2010 1494">
    <p class='ocr_par' dir='ltr' id='par_1_15' title="bbox 438 1425 2010 1494">
     <span class='ocr_line' id='line_1_15' title="bbox 438 1425 2010 1494; baseline -0.004 -9"><span class='ocrx_word' id='word_1_84' title='bbox 438 1434 548 1487; x_wconf 90' lang='lat' dir='ltr'><strong>duo</strong></span> <span class='ocrx_word' id='word_1_85' title='bbox 577 1431 841 1485; x_wconf 83' lang='lat' dir='ltr'><strong>Paschata</strong></span> <span class='ocrx_word' id='word_1_86' title='bbox 867 1428 1025 1484; x_wconf 87' lang='lat' dir='ltr'><strong>nobis</strong></span> <span class='ocrx_word' id='word_1_87' title='bbox 1055 1428 1359 1491; x_wconf 82' lang='lat' dir='ltr'><strong>incurrent,</strong></span> <span class='ocrx_word' id='word_1_88' title='bbox 1381 1433 1506 1480; x_wconf 84' lang='lat' dir='ltr'><strong>ante</strong></span> <span class='ocrx_word' id='word_1_89' title='bbox 1531 1425 1780 1479; x_wconf 74' lang='lat' dir='ltr'><strong>videlicet</strong></span> <span class='ocrx_word' id='word_1_90' title='bbox 1803 1434 1858 1479; x_wconf 90' lang='lat' dir='ltr'><strong>et</strong></span> <span class='ocrx_word' id='word_1_91' title='bbox 1886 1430 2010 1494; x_wconf 80' lang='lat' dir='ltr'><strong>post</strong></span> 
     </span>
    </p>
   </div>
   <div class='ocr_carea' id='block_1_16' title="bbox 429 1515 2010 1594">
    <p class='ocr_par' dir='ltr' id='par_1_16' title="bbox 429 1515 2010 1594">
     <span class='ocr_line' id='line_1_16' title="bbox 429 1515 2010 1594; baseline -0.004 -18"><span class='ocrx_word' id='word_1_92' title='bbox 429 1521 846 1594; x_wconf 59' lang='lat' dir='ltr'><strong>aequinoctium.</strong></span> <span class='ocrx_word' id='word_1_93' title='bbox 878 1519 1016 1574; x_wconf 82' lang='lat' dir='ltr'><strong>Tum</strong></span> <span class='ocrx_word' id='word_1_94' title='bbox 1043 1533 1185 1574; x_wconf 88' lang='lat' dir='ltr'><strong>anno</strong></span> <span class='ocrx_word' id='word_1_95' title='bbox 1219 1526 1476 1588; x_wconf 88' lang='lat' dir='ltr'><strong>sequente</strong></span> <span class='ocrx_word' id='word_1_96' title='bbox 1505 1531 1572 1571; x_wconf 93' lang='lat' dir='ltr'><strong>ne</strong></span> <span class='ocrx_word' id='word_1_97' title='bbox 1599 1530 1765 1569; x_wconf 80' lang='lat' dir='ltr'><strong>unum</strong></span> <span class='ocrx_word' id='word_1_98' title='bbox 1788 1515 2010 1586; x_wconf 89' lang='lat' dir='ltr'><strong>quidem</strong></span> 
     </span>
    </p>
   </div>
   <div class='ocr_carea' id='block_1_17' title="bbox 443 1608 2011 1681">
    <p class='ocr_par' dir='ltr' id='par_1_17' title="bbox 443 1608 2011 1681">
     <span class='ocr_line' id='line_1_17' title="bbox 443 1608 2011 1681; baseline -0.004 -15"><span class='ocrx_word' id='word_1_99' title='bbox 443 1614 810 1670; x_wconf 75' lang='lat' dir='ltr'><strong>celebrabitur</strong></span> <span class='ocrx_word' id='word_1_100' title='bbox 853 1629 869 1668; x_wconf 87' lang='lat'><strong>:</strong></span> <span class='ocrx_word' id='word_1_101' title='bbox 907 1626 1080 1681; x_wconf 89' lang='lat' dir='ltr'><strong>eoque</strong></span> <span class='ocrx_word' id='word_1_102' title='bbox 1128 1608 1292 1664; x_wconf 89' lang='lat' dir='ltr'><strong>modo</strong></span> <span class='ocrx_word' id='word_1_103' title='bbox 1353 1608 1659 1663; x_wconf 87' lang='lat' dir='ltr'><strong>institutum</strong></span> <span class='ocrx_word' id='word_1_104' title='bbox 1699 1622 1861 1662; x_wconf 88' lang='lat' dir='ltr'><strong>omne</strong></span> <span class='ocrx_word' id='word_1_105' title='bbox 1909 1622 2011 1661; x_wconf 86' lang='lat' dir='ltr'><strong>no-</strong></span> 
     </span>
    </p>
   </div>
   <div class='ocr_carea' id='block_1_18' title="bbox 431 1697 2012 1768">
    <p class='ocr_par' dir='ltr' id='par_1_18' title="bbox 431 1697 2012 1768">
     <span class='ocr_line' id='line_1_18' title="bbox 431 1697 2012 1768; baseline -0.005 -7"><span class='ocrx_word' id='word_1_106' title='bbox 431 1716 612 1761; x_wconf 69' lang='lat' dir='ltr'><strong>suum</strong></span> <span class='ocrx_word' id='word_1_107' title='bbox 660 1718 874 1760; x_wconf 88' lang='lat' dir='ltr'><strong>summo</strong></span> <span class='ocrx_word' id='word_1_108' title='bbox 918 1716 1041 1757; x_wconf 92' lang='lat' dir='ltr'><strong>cum</strong></span> <span class='ocrx_word' id='word_1_109' title='bbox 1082 1715 1270 1757; x_wconf 88' lang='lat' dir='ltr'><strong>errore</strong></span> <span class='ocrx_word' id='word_1_110' title='bbox 1322 1699 1673 1768; x_wconf 88' lang='lat' dir='ltr'><strong>conjunctum</strong></span> <span class='ocrx_word' id='word_1_111' title='bbox 1715 1713 1745 1752; x_wconf 87' lang='lat' dir='ltr'><strong>a</strong></span> <span class='ocrx_word' id='word_1_112' title='bbox 1785 1697 2012 1754; x_wconf 80' lang='lat' dir='ltr'><strong>veritate</strong></span> 
     </span>
    </p>
   </div>
   <div class='ocr_carea' id='block_1_19' title="bbox 2111 601 3704 675">
    <p class='ocr_par' dir='ltr' id='par_1_19' title="bbox 2111 601 3704 675">
     <span class='ocr_line' id='line_1_19' title="bbox 2111 601 3704 675; baseline 0.001 -19"><span class='ocrx_word' id='word_1_113' title='bbox 2111 605 2276 675; x_wconf 84' lang='grc' dir='ltr'>ῆκται</span> <span class='ocrx_word' id='word_1_114' title='bbox 2349 601 2443 656; x_wconf 81' lang='grc' dir='ltr'>τοῦ</span> <span class='ocrx_word' id='word_1_115' title='bbox 2503 601 2660 671; x_wconf 87' lang='grc' dir='ltr'>λόγου</span> <span class='ocrx_word' id='word_1_116' title='bbox 2724 603 2754 655; x_wconf 82' lang='grc' dir='ltr'><strong>ὁ</strong></span> <span class='ocrx_word' id='word_1_117' title='bbox 2827 602 3151 674; x_wconf 82' lang='grc' dir='ltr'>σύνδεσμος,</span> <span class='ocrx_word' id='word_1_118' title='bbox 3213 602 3310 658; x_wconf 74' lang='grc' dir='ltr'><strong>ἐὰν</strong></span> <span class='ocrx_word' id='word_1_119' title='bbox 3373 604 3704 657; x_wconf 62' lang='grc' dir='ltr'>ἐπιτελέσωι</span> 
     </span>
    </p>
   </div>
   <div class='ocr_carea' id='block_1_20' title="bbox 2113 692 3704 765">
    <p class='ocr_par' dir='ltr' id='par_1_20' title="bbox 2113 692 3704 765">
     <span class='ocr_line' id='line_1_20' title="bbox 2113 692 3704 765; baseline 0.001 -19"><span class='ocrx_word' id='word_1_120' title='bbox 2113 710 2234 764; x_wconf 84' lang='grc' dir='ltr'>μεν,</span> <span class='ocrx_word' id='word_1_121' title='bbox 2266 693 2300 764; x_wconf 81' lang='grc' dir='ltr'>ἦ</span> <span class='ocrx_word' id='word_1_122' title='bbox 2335 694 2431 747; x_wconf 75' lang='grc' dir='ltr'>καὶ</span> <span class='ocrx_word' id='word_1_123' title='bbox 2463 692 2775 759; x_wconf 79' lang='grc' dir='ltr'>ὲπιτελῶσι,</span> <span class='ocrx_word' id='word_1_124' title='bbox 2813 693 2952 764; x_wconf 82' lang='grc' dir='ltr'>μετὰ</span> <span class='ocrx_word' id='word_1_125' title='bbox 3001 695 3324 765; x_wconf 77' lang='grc' dir='ltr'>ἰσημερίανο</span> <span class='ocrx_word' id='word_1_126' title='bbox 3369 694 3548 758; x_wconf 83' lang='grc' dir='ltr'>καθὼς</span> <span class='ocrx_word' id='word_1_127' title='bbox 3602 695 3704 748; x_wconf 81' lang='grc' dir='ltr'>κά-</span> 
     </span>
    </p>
   </div>
   <div class='ocr_carea' id='block_1_21' title="bbox 2111 784 3705 856">
    <p class='ocr_par' dir='ltr' id='par_1_21' title="bbox 2111 784 3705 856">
     <span class='ocr_line' id='line_1_21' title="bbox 2111 784 3705 856; baseline -0.001 -18"><span class='ocrx_word' id='word_1_128' title='bbox 2111 787 2279 838; x_wconf 79' lang='grc' dir='ltr'>κετνοι</span> <span class='ocrx_word' id='word_1_129' title='bbox 2309 784 2501 854; x_wconf 79' lang='grc' dir='ltr'>ἄγουσι</span> <span class='ocrx_word' id='word_1_130' title='bbox 2531 785 2792 849; x_wconf 83' lang='grc' dir='ltr'><strong>πολλάκις</strong></span> <span class='ocrx_word' id='word_1_131' title='bbox 2823 801 2903 850; x_wconf 87' lang='grc' dir='ltr'><strong>τε,</strong></span> <span class='ocrx_word' id='word_1_132' title='bbox 2936 786 3030 838; x_wconf 78' lang='grc' dir='ltr'>καὶ</span> <span class='ocrx_word' id='word_1_133' title='bbox 3072 787 3251 856; x_wconf 82' lang='grc' dir='ltr'>ἡμεῖς.</span> <span class='ocrx_word' id='word_1_134' title='bbox 3291 785 3456 839; x_wconf 79' lang='grc' dir='ltr'>Πάλιν</span> <span class='ocrx_word' id='word_1_135' title='bbox 3487 785 3543 837; x_wconf 82' lang='grc' dir='ltr'>δὲ</span> <span class='ocrx_word' id='word_1_136' title='bbox 3592 786 3705 855; x_wconf 77' lang='grc' dir='ltr'><strong>πρὸ</strong></span> 
     </span>
    </p>
   </div>
   <div class='ocr_carea' id='block_1_22' title="bbox 2110 874 3701 948">
    <p class='ocr_par' dir='ltr' id='par_1_22' title="bbox 2110 874 3701 948">
     <span class='ocr_line' id='line_1_22' title="bbox 2110 874 3701 948; baseline -0.002 -20"><span class='ocrx_word' id='word_1_137' title='bbox 2110 874 2206 928; x_wconf 80' lang='grc' dir='ltr'><strong>τοῦ</strong></span> <span class='ocrx_word' id='word_1_138' title='bbox 2253 875 2567 947; x_wconf 81' lang='grc' dir='ltr'>τελεσθῆναι</span> <span class='ocrx_word' id='word_1_139' title='bbox 2599 875 2698 948; x_wconf 77' lang='grc' dir='ltr'>τὴν</span> <span class='ocrx_word' id='word_1_140' title='bbox 2747 875 3056 946; x_wconf 71' lang='grc' dir='ltr'><strong>ἰσημερίαν,</strong></span> <span class='ocrx_word' id='word_1_141' title='bbox 3087 876 3164 939; x_wconf 84' lang='grc' dir='ltr'>ὡς</span> <span class='ocrx_word' id='word_1_142' title='bbox 3201 878 3399 930; x_wconf 82' lang='grc' dir='ltr'>ἐκεῖνοι</span> <span class='ocrx_word' id='word_1_143' title='bbox 3441 878 3701 945; x_wconf 75' lang='grc' dir='ltr'><strong>ἄγουσιν,</strong></span> 
     </span>
    </p>
   </div>
   <div class='ocr_carea' id='block_1_23' title="bbox 2111 961 3702 1038">
    <p class='ocr_par' dir='ltr' id='par_1_23' title="bbox 2111 961 3702 1038">
     <span class='ocr_line' id='line_1_23' title="bbox 2111 961 3702 1038; baseline -0.003 -18"><span class='ocrx_word' id='word_1_144' title='bbox 2111 966 2200 1020; x_wconf 83' lang='grc' dir='ltr'>ὅτε</span> <span class='ocrx_word' id='word_1_145' title='bbox 2243 966 2395 1038; x_wconf 57' lang='grc' dir='ltr'>μόνοι</span> <span class='ocrx_word' id='word_1_146' title='bbox 2433 966 2680 1034; x_wconf 81' lang='grc' dir='ltr'><strong>ἄγουσιν.</strong></span> <span class='ocrx_word' id='word_1_147' title='bbox 2718 965 2843 1018; x_wconf 70' lang='grc' dir='ltr'><strong>Ἐὰν</strong></span> <span class='ocrx_word' id='word_1_148' title='bbox 2891 961 2983 1018; x_wconf 85' lang='grc' dir='ltr'>οὖν</span> <span class='ocrx_word' id='word_1_149' title='bbox 3029 967 3122 1018; x_wconf 68' lang='grc' dir='ltr'><strong>καί⁵</strong></span> <span class='ocrx_word' id='word_1_150' title='bbox 3156 968 3319 1037; x_wconf 78' lang='grc' dir='ltr'>ἡμεῖς</span> <span class='ocrx_word' id='word_1_151' title='bbox 3366 965 3702 1018; x_wconf 80' lang='grc' dir='ltr'>ἐπιτελέσω-</span> 
     </span>
    </p>
   </div>
   <div class='ocr_carea' id='block_1_24' title="bbox 2116 1055 3706 1129">
    <p class='ocr_par' dir='ltr' id='par_1_24' title="bbox 2116 1055 3706 1129">
     <span class='ocr_line' id='line_1_24' title="bbox 2116 1055 3706 1129; baseline -0.003 -19"><span class='ocrx_word' id='word_1_152' title='bbox 2116 1073 2236 1129; x_wconf 81' lang='grc' dir='ltr'>μεν,</span> <span class='ocrx_word' id='word_1_153' title='bbox 2283 1057 2632 1128; x_wconf 82' lang='grc' dir='ltr'>συμϐέϐηκεν</span> <span class='ocrx_word' id='word_1_154' title='bbox 2678 1058 2810 1128; x_wconf 79' lang='grc' dir='ltr'>ἡμῖν</span> <span class='ocrx_word' id='word_1_155' title='bbox 2854 1059 2911 1110; x_wconf 82' lang='grc' dir='ltr'><strong>ὲν</strong></span> <span class='ocrx_word' id='word_1_156' title='bbox 2963 1057 3043 1110; x_wconf 74' lang='grc' dir='ltr'><strong>ἐνὶ</strong></span> <span class='ocrx_word' id='word_1_157' title='bbox 3087 1056 3318 1125; x_wconf 77' lang='grc' dir='ltr'>ἐνιαυτῷ</span> <span class='ocrx_word' id='word_1_158' title='bbox 3366 1055 3459 1108; x_wconf 84' lang='grc' dir='ltr'>δύο</span> <span class='ocrx_word' id='word_1_159' title='bbox 3500 1055 3706 1124; x_wconf 80' lang='grc' dir='ltr'>Πάσχα</span> 
     </span>
    </p>
   </div>
   <div class='ocr_carea' id='block_1_25' title="bbox 2112 1147 3704 1222">
    <p class='ocr_par' dir='ltr' id='par_1_25' title="bbox 2112 1147 3704 1222">
     <span class='ocr_line' id='line_1_25' title="bbox 2112 1147 3704 1222; baseline -0.004 -19"><span class='ocrx_word' id='word_1_160' title='bbox 2112 1150 2442 1213; x_wconf 78' lang='grc' dir='ltr'>ἐπιτελέσαι.</span> <span class='ocrx_word' id='word_1_161' title='bbox 2485 1151 2623 1222; x_wconf 81' lang='grc' dir='ltr'><strong>μετὰ</strong></span> <span class='ocrx_word' id='word_1_162' title='bbox 2659 1149 2948 1220; x_wconf 74' lang='grc' dir='ltr'><strong>ἰσημερίαν</strong></span> <span class='ocrx_word' id='word_1_163' title='bbox 2979 1151 3073 1202; x_wconf 83' lang='grc' dir='ltr'><strong>καί</strong></span> <span class='ocrx_word' id='word_1_164' title='bbox 3118 1149 3226 1221; x_wconf 78' lang='grc' dir='ltr'>πρὸ</span> <span class='ocrx_word' id='word_1_165' title='bbox 3261 1149 3546 1218; x_wconf 76' lang='grc' dir='ltr'><strong>ἰσημερίας</strong></span> <span class='ocrx_word' id='word_1_166' title='bbox 3571 1164 3586 1176; x_wconf 87' lang='grc'><strong>·</strong></span> <span class='ocrx_word' id='word_1_167' title='bbox 3625 1147 3704 1214; x_wconf 71' lang='grc' dir='ltr'>τῷ</span> 
     </span>
    </p>
   </div>
   <div class='ocr_carea' id='block_1_26' title="bbox 2111 1237 3705 1314">
    <p class='ocr_par' dir='ltr' id='par_1_26' title="bbox 2111 1237 3705 1314">
     <span class='ocr_line' id='line_1_26' title="bbox 2111 1237 3705 1314; baseline -0.006 -18"><span class='ocrx_word' id='word_1_168' title='bbox 2111 1242 2169 1296; x_wconf 78' lang='grc' dir='ltr'><strong>δὲ</strong></span> <span class='ocrx_word' id='word_1_169' title='bbox 2200 1241 2346 1313; x_wconf 80' lang='grc' dir='ltr'>ἄλλῳ</span> <span class='ocrx_word' id='word_1_170' title='bbox 2374 1240 2504 1312; x_wconf 74' lang='grc' dir='ltr'><strong>ἑξῆς</strong></span> <span class='ocrx_word' id='word_1_171' title='bbox 2541 1242 2773 1314; x_wconf 75' lang='grc' dir='ltr'>ἐνιαυτῷ</span> <span class='ocrx_word' id='word_1_172' title='bbox 2803 1243 2924 1296; x_wconf 81' lang='grc' dir='ltr'><strong>οὐδὲ</strong></span> <span class='ocrx_word' id='word_1_173' title='bbox 2967 1240 3104 1303; x_wconf 83' lang='grc' dir='ltr'>ὅλως</span> <span class='ocrx_word' id='word_1_174' title='bbox 3144 1239 3539 1307; x_wconf 77' lang='grc' dir='ltr'><strong>ἐπιτελέσωμεν</strong></span> <span class='ocrx_word' id='word_1_175' title='bbox 3589 1237 3705 1288; x_wconf 72' lang='grc' dir='ltr'><strong>Πά-</strong></span> 
     </span>
    </p>
   </div>
   <div class='ocr_carea' id='block_1_27' title="bbox 2113 1326 3704 1406">
    <p class='ocr_par' dir='ltr' id='par_1_27' title="bbox 2113 1326 3704 1406">
     <span class='ocr_line' id='line_1_27' title="bbox 2113 1326 3704 1406; baseline -0.006 -19"><span class='ocrx_word' id='word_1_176' title='bbox 2113 1351 2235 1405; x_wconf 87' lang='grc' dir='ltr'>σχα.</span> <span class='ocrx_word' id='word_1_177' title='bbox 2281 1335 2392 1388; x_wconf 72' lang='grc' dir='ltr'><strong>Καὶ</strong></span> <span class='ocrx_word' id='word_1_178' title='bbox 2432 1333 2789 1406; x_wconf 76' lang='grc' dir='ltr'><strong>εὑρεθήσεται</strong></span> <span class='ocrx_word' id='word_1_179' title='bbox 2835 1333 2898 1387; x_wconf 82' lang='grc' dir='ltr'><strong>τὸ</strong></span> <span class='ocrx_word' id='word_1_180' title='bbox 2937 1335 3046 1387; x_wconf 82' lang='grc' dir='ltr'><strong>πᾶν</strong></span> <span class='ocrx_word' id='word_1_181' title='bbox 3089 1331 3298 1400; x_wconf 78' lang='grc' dir='ltr'>πλάνης</span> <span class='ocrx_word' id='word_1_182' title='bbox 3343 1326 3480 1382; x_wconf 77' lang='grc' dir='ltr'>εἶναι</span> <span class='ocrx_word' id='word_1_183' title='bbox 3528 1327 3704 1397; x_wconf 75' lang='grc' dir='ltr'>ἔργον</span> 
     </span>
    </p>
   </div>
   <div class='ocr_carea' id='block_1_28' title="bbox 2113 1419 3701 1497">
    <p class='ocr_par' dir='ltr' id='par_1_28' title="bbox 2113 1419 3701 1497">
     <span class='ocr_line' id='line_1_28' title="bbox 2113 1419 3701 1497; baseline -0.006 -20"><span class='ocrx_word' id='word_1_184' title='bbox 2113 1425 2259 1496; x_wconf 71' lang='grc' dir='ltr'>ἥπερ</span> <span class='ocrx_word' id='word_1_185' title='bbox 2289 1425 2534 1496; x_wconf 81' lang='grc' dir='ltr'>ἀλήθεια.</span> <span class='ocrx_word' id='word_1_186' title='bbox 2568 1425 2680 1497; x_wconf 87' lang='grc' dir='ltr'>Πρδ</span> <span class='ocrx_word' id='word_1_187' title='bbox 2707 1425 2816 1496; x_wconf 81' lang='grc' dir='ltr'><strong>γάρ</strong></span> <span class='ocrx_word' id='word_1_188' title='bbox 2855 1422 3145 1495; x_wconf 78' lang='grc' dir='ltr'><strong>ἰσημερίας</strong></span> <span class='ocrx_word' id='word_1_189' title='bbox 3170 1422 3232 1474; x_wconf 81' lang='grc' dir='ltr'>οὐ</span> <span class='ocrx_word' id='word_1_190' title='bbox 3270 1419 3701 1489; x_wconf 80' lang='grc' dir='ltr'>πληρωθήσεται</span> 
     </span>
    </p>
   </div>
   <div class='ocr_carea' id='block_1_29' title="bbox 2111 1507 3702 1586">
    <p class='ocr_par' dir='ltr' id='par_1_29' title="bbox 2111 1507 3702 1586">
     <span class='ocr_line' id='line_1_29' title="bbox 2111 1507 3702 1586; baseline -0.007 -17"><span class='ocrx_word' id='word_1_191' title='bbox 2111 1516 2172 1569; x_wconf 87' lang='grc' dir='ltr'>τὸ</span> <span class='ocrx_word' id='word_1_192' title='bbox 2201 1515 2350 1577; x_wconf 76' lang='grc' dir='ltr'>ἕτοςο</span> <span class='ocrx_word' id='word_1_193' title='bbox 2391 1513 2514 1568; x_wconf 75' lang='grc' dir='ltr'>οὔτε</span> <span class='ocrx_word' id='word_1_194' title='bbox 2543 1514 2842 1586; x_wconf 77' lang='grc' dir='ltr'>πληροῦται</span> <span class='ocrx_word' id='word_1_195' title='bbox 2869 1513 2964 1566; x_wconf 80' lang='grc' dir='ltr'>τοῦ</span> <span class='ocrx_word' id='word_1_196' title='bbox 2996 1512 3198 1565; x_wconf 78' lang='grc' dir='ltr'>κύκλου</span> <span class='ocrx_word' id='word_1_197' title='bbox 3233 1509 3330 1562; x_wconf 80' lang='grc' dir='ltr'>τοῦ</span> <span class='ocrx_word' id='word_1_198' title='bbox 3371 1507 3604 1578; x_wconf 81' lang='grc' dir='ltr'>δρόμου,</span> <span class='ocrx_word' id='word_1_199' title='bbox 3635 1507 3702 1558; x_wconf 84' lang='grc' dir='ltr'>ὲκ</span> 
     </span>
    </p>
   </div>
   <div class='ocr_carea' id='block_1_30' title="bbox 2112 1595 3702 1678">
    <p class='ocr_par' dir='ltr' id='par_1_30' title="bbox 2112 1595 3702 1678">
     <span class='ocr_line' id='line_1_30' title="bbox 2112 1595 3702 1678; baseline -0.009 -16"><span class='ocrx_word' id='word_1_200' title='bbox 2112 1607 2249 1662; x_wconf 79' lang='grc' dir='ltr'>Θεοῦ</span> <span class='ocrx_word' id='word_1_201' title='bbox 2282 1609 2393 1671; x_wconf 78' lang='grc' dir='ltr'>τοῖς</span> <span class='ocrx_word' id='word_1_202' title='bbox 2419 1607 2726 1678; x_wconf 78' lang='grc' dir='ltr'>ἀνθρώποις</span> <span class='ocrx_word' id='word_1_203' title='bbox 2756 1605 3113 1675; x_wconf 86' lang='grc' dir='ltr'>τεταγμένου,</span> <span class='ocrx_word' id='word_1_204' title='bbox 3139 1605 3166 1656; x_wconf 85' lang='grc' dir='ltr'>ὁ</span> <span class='ocrx_word' id='word_1_205' title='bbox 3193 1599 3459 1662; x_wconf 79' lang='grc' dir='ltr'>ἐνιαυτὸς,</span> <span class='ocrx_word' id='word_1_206' title='bbox 3485 1598 3590 1651; x_wconf 78' lang='grc' dir='ltr'><strong>ἐὰν</strong></span> <span class='ocrx_word' id='word_1_207' title='bbox 3622 1595 3702 1666; x_wconf 78' lang='grc' dir='ltr'><strong>μὴ</strong></span> 
     </span>
    </p>
   </div>
   <div class='ocr_carea' id='block_1_31' title="bbox 2117 1699 2676 1773">
    <p class='ocr_par' dir='ltr' id='par_1_31' title="bbox 2117 1699 2676 1773">
     <span class='ocr_line' id='line_1_31' title="bbox 2117 1699 2676 1773; baseline -0.004 -19"><span class='ocrx_word' id='word_1_208' title='bbox 2117 1699 2364 1773; x_wconf 77' lang='grc' dir='ltr'>παρέλθῃ</span> <span class='ocrx_word' id='word_1_209' title='bbox 2396 1700 2676 1772; x_wconf 84' lang='grc' dir='ltr'>ἰσημερία.</span> 
     </span>
    </p>
   </div>
   <div class='ocr_carea' id='block_1_32' title="bbox 433 1783 3682 1868">
    <p class='ocr_par' dir='ltr' id='par_1_32' title="bbox 433 1783 3682 1868">
     <span class='ocr_line' id='line_1_32' title="bbox 433 1783 3682 1868; baseline -0.005 -19"><span class='ocrx_word' id='word_1_210' title='bbox 433 1795 661 1868; x_wconf 63' lang='lat' dir='ltr'><strong>penitus</strong></span> <span class='ocrx_word' id='word_1_211' title='bbox 692 1793 1028 1849; x_wconf 77' lang='lat' dir='ltr'><strong>abhorrebit.</strong></span> <span class='ocrx_word' id='word_1_212' title='bbox 1066 1790 1278 1848; x_wconf 85' lang='lat' dir='ltr'><strong>Etenim</strong></span> <span class='ocrx_word' id='word_1_213' title='bbox 1327 1799 1454 1844; x_wconf 87' lang='lat' dir='ltr'><strong>ante</strong></span> <span class='ocrx_word' id='word_1_214' title='bbox 1491 1789 1878 1859; x_wconf 56' lang='lat' dir='ltr'><strong>atquinoctium</strong></span> <span class='ocrx_word' id='word_1_215' title='bbox 1919 1788 2163 1844; x_wconf 91' lang='lat' dir='ltr'><strong>nondum</strong></span> <span class='ocrx_word' id='word_1_216' title='bbox 2227 1806 2405 1846; x_wconf 89' lang='lat' dir='ltr'><strong>annus</strong></span> <span class='ocrx_word' id='word_1_217' title='bbox 2451 1791 2708 1861; x_wconf 86' lang='lat' dir='ltr'><strong>impletus</strong></span> <span class='ocrx_word' id='word_1_218' title='bbox 2752 1798 2867 1857; x_wconf 89' lang='lat' dir='ltr'><strong>est;</strong></span> <span class='ocrx_word' id='word_1_219' title='bbox 2911 1803 3087 1859; x_wconf 90' lang='lat' dir='ltr'><strong>neque</strong></span> <span class='ocrx_word' id='word_1_220' title='bbox 3145 1786 3444 1858; x_wconf 78' lang='lat' dir='ltr'><strong>legitimum</strong></span> <span class='ocrx_word' id='word_1_221' title='bbox 3483 1783 3682 1836; x_wconf 82' lang='lat' dir='ltr'><strong>circu-</strong></span> 
     </span>
    </p>
   </div>
   <div class='ocr_carea' id='block_1_33' title="bbox 443 1879 3052 1956">
    <p class='ocr_par' dir='ltr' id='par_1_33' title="bbox 443 1879 3052 1956">
     <span class='ocr_line' id='line_1_33' title="bbox 443 1879 3052 1956; baseline -0.003 -13"><span class='ocrx_word' id='word_1_222' title='bbox 443 1889 641 1956; x_wconf 66' lang='lat' dir='ltr'><strong>itionis</strong></span> <span class='ocrx_word' id='word_1_223' title='bbox 687 1888 834 1941; x_wconf 74' lang='lat' dir='ltr'><strong>illius</strong></span> <span class='ocrx_word' id='word_1_224' title='bbox 886 1895 1126 1956; x_wconf 84' lang='lat' dir='ltr'><strong>tempus,</strong></span> <span class='ocrx_word' id='word_1_225' title='bbox 1164 1882 1310 1954; x_wconf 86' lang='lat' dir='ltr'><strong>quod</strong></span> <span class='ocrx_word' id='word_1_226' title='bbox 1357 1897 1388 1937; x_wconf 91' lang='lat' dir='ltr'><strong>a</strong></span> <span class='ocrx_word' id='word_1_227' title='bbox 1417 1883 1523 1938; x_wconf 85' lang='lat' dir='ltr'><strong>Deo</strong></span> <span class='ocrx_word' id='word_1_228' title='bbox 1562 1879 1874 1938; x_wconf 91' lang='lat' dir='ltr'><strong>hominibus</strong></span> <span class='ocrx_word' id='word_1_229' title='bbox 1915 1881 2276 1952; x_wconf 67' lang='lat' dir='ltr'><strong>praestitutum</strong></span> <span class='ocrx_word' id='word_1_230' title='bbox 2307 1891 2412 1946; x_wconf 91' lang='lat' dir='ltr'><strong>est.</strong></span> <span class='ocrx_word' id='word_1_231' title='bbox 2450 1881 2760 1937; x_wconf 81' lang='lat' dir='ltr'><strong>confectum</strong></span> <span class='ocrx_word' id='word_1_232' title='bbox 2805 1888 3052 1952; x_wconf 87' lang='lat' dir='ltr'><strong>putatur,</strong></span> 
     </span>
    </p>
   </div>
   <div class='ocr_carea' id='block_1_34' title="bbox 433 1979 786 2052">
    <p class='ocr_par' dir='ltr' id='par_1_34' title="bbox 433 1979 786 2052">
     <span class='ocr_line' id='line_1_34' title="bbox 433 1979 786 2052; baseline -0.003 -19"><span class='ocrx_word' id='word_1_233' title='bbox 433 1979 786 2052; x_wconf 69' lang='lat' dir='ltr'><strong>prarterierit.</strong></span> 
     </span>
    </p>
   </div>
   <div class='ocr_carea' id='block_1_35' title="bbox 3131 1874 3697 1948">
    <p class='ocr_par' dir='ltr' id='par_1_35' title="bbox 3131 1874 3697 1948">
     <span class='ocr_line' id='line_1_35' title="bbox 3131 1874 3697 1948; baseline -0.018 -13"><span class='ocrx_word' id='word_1_234' title='bbox 3131 1880 3238 1934; x_wconf 86' lang='lat' dir='ltr'><strong>nisi</strong></span> <span class='ocrx_word' id='word_1_235' title='bbox 3293 1874 3697 1948; x_wconf 64' lang='lat' dir='ltr'><strong>aequinoctium</strong></span> 
     </span>
    </p>
   </div>
   <div class='ocr_carea' id='block_1_36' title="bbox 511 2050 2018 2138">
    <p class='ocr_par' dir='ltr' id='par_1_36' title="bbox 511 2062 2012 2138">
     <span class='ocr_line' id='line_1_36' title="bbox 511 2062 2012 2138; baseline -0.008 -11"><span class='ocrx_word' id='word_1_236' title='bbox 511 2071 625 2128; x_wconf 74' lang='lat' dir='ltr'><strong>XII.</strong></span> <span class='ocrx_word' id='word_1_237' title='bbox 667 2071 783 2138; x_wconf 80' lang='lat' dir='ltr'><strong>Qua</strong></span> <span class='ocrx_word' id='word_1_238' title='bbox 812 2070 881 2125; x_wconf 79' lang='lat' dir='ltr'><strong>de</strong></span> <span class='ocrx_word' id='word_1_239' title='bbox 917 2082 977 2123; x_wconf 90' lang='lat' dir='ltr'><strong>re</strong></span> <span class='ocrx_word' id='word_1_240' title='bbox 1002 2067 1158 2138; x_wconf 85' lang='lat' dir='ltr'><strong>plura</strong></span> <span class='ocrx_word' id='word_1_241' title='bbox 1198 2079 1229 2120; x_wconf 84' lang='lat' dir='ltr'><strong>a</strong></span> <span class='ocrx_word' id='word_1_242' title='bbox 1259 2065 1419 2121; x_wconf 89' lang='lat' dir='ltr'><strong>nobis</strong></span> <span class='ocrx_word' id='word_1_243' title='bbox 1442 2062 1861 2120; x_wconf 88' lang='lat' dir='ltr'><strong>commemorari</strong></span> <span class='ocrx_word' id='word_1_244' title='bbox 1888 2075 2012 2133; x_wconf 89' lang='lat' dir='ltr'><strong>pos-</strong></span> 
     </span>
    </p>
   </div>
   <div class='ocr_carea' id='block_1_37' title="bbox 2119 2050 3699 2138">
    <p class='ocr_par' dir='ltr' id='par_1_37' title="bbox 2187 2050 3699 2130">
     <span class='ocr_line' id='line_1_37' title="bbox 2187 2050 3699 2130; baseline -0.005 -18"><span class='ocrx_word' id='word_1_245' title='bbox 2187 2059 2282 2112; x_wconf 84' lang='lat' dir='ltr'><strong>IB&#39;.</strong></span> <span class='ocrx_word' id='word_1_246' title='bbox 2324 2057 2435 2112; x_wconf 76' lang='lat' dir='ltr'><strong>Kal.</strong></span> <span class='ocrx_word' id='word_1_247' title='bbox 2463 2050 2532 2130; x_wconf 71' lang='grc' dir='ltr'>ἦν</span> <span class='ocrx_word' id='word_1_248' title='bbox 2575 2056 2676 2128; x_wconf 83' lang='grc' dir='ltr'><strong>μὲν</strong></span> <span class='ocrx_word' id='word_1_249' title='bbox 2711 2055 2842 2128; x_wconf 84' lang='grc' dir='ltr'><strong>περί</strong></span> <span class='ocrx_word' id='word_1_250' title='bbox 2899 2053 3090 2110; x_wconf 79' lang='grc' dir='ltr'>τούτου</span> <span class='ocrx_word' id='word_1_251' title='bbox 3151 2053 3323 2108; x_wconf 80' lang='grc' dir='ltr'>πολλὰ</span> <span class='ocrx_word' id='word_1_252' title='bbox 3379 2052 3588 2122; x_wconf 84' lang='grc' dir='ltr'>λέγειν,</span> <span class='ocrx_word' id='word_1_253' title='bbox 3620 2054 3699 2118; x_wconf 82' lang='grc' dir='ltr'><strong>ὡς</strong></span> 
     </span>
    </p>
   </div>
   <div class='ocr_carea' id='block_1_38' title="bbox 435 2155 2017 2232">
    <p class='ocr_par' dir='ltr' id='par_1_38' title="bbox 435 2155 2017 2232">
     <span class='ocr_line' id='line_1_38' title="bbox 435 2155 2017 2232; baseline -0.009 -12"><span class='ocrx_word' id='word_1_254' title='bbox 435 2173 584 2227; x_wconf 82' lang='lat' dir='ltr'><strong>sent.</strong></span> <span class='ocrx_word' id='word_1_255' title='bbox 616 2179 681 2219; x_wconf 70' lang='lat' dir='ltr'><strong>ex</strong></span> <span class='ocrx_word' id='word_1_256' title='bbox 714 2161 915 2232; x_wconf 86' lang='lat' dir='ltr'><strong>quibus</strong></span> <span class='ocrx_word' id='word_1_257' title='bbox 942 2165 1216 2214; x_wconf 85' lang='lat' dir='ltr'><strong>constaret</strong></span> <span class='ocrx_word' id='word_1_258' title='bbox 1251 2155 1488 2226; x_wconf 87' lang='lat' dir='ltr'><strong>majores</strong></span> <span class='ocrx_word' id='word_1_259' title='bbox 1526 2163 1746 2211; x_wconf 89' lang='lat' dir='ltr'><strong>nostros</strong></span> <span class='ocrx_word' id='word_1_260' title='bbox 1777 2155 2017 2210; x_wconf 89' lang='lat' dir='ltr'><strong>saluber-</strong></span> 
     </span>
    </p>
   </div>
   <div class='ocr_carea' id='block_1_39' title="bbox 441 2245 2016 2320">
    <p class='ocr_par' dir='ltr' id='par_1_39' title="bbox 441 2245 2016 2320">
     <span class='ocr_line' id='line_1_39' title="bbox 441 2245 2016 2320; baseline -0.006 -10"><span class='ocrx_word' id='word_1_261' title='bbox 441 2258 583 2310; x_wconf 87' lang='lat' dir='ltr'><strong>rimo</strong></span> <span class='ocrx_word' id='word_1_262' title='bbox 613 2253 866 2316; x_wconf 89' lang='lat' dir='ltr'><strong>consilio,</strong></span> <span class='ocrx_word' id='word_1_263' title='bbox 892 2252 1006 2307; x_wconf 89' lang='lat' dir='ltr'><strong>sive</strong></span> <span class='ocrx_word' id='word_1_264' title='bbox 1034 2251 1216 2320; x_wconf 87' lang='lat' dir='ltr'><strong>potius</strong></span> <span class='ocrx_word' id='word_1_265' title='bbox 1248 2247 1414 2304; x_wconf 88' lang='lat' dir='ltr'><strong>Deum</strong></span> <span class='ocrx_word' id='word_1_266' title='bbox 1449 2262 1545 2318; x_wconf 90' lang='lat' dir='ltr'><strong>per</strong></span> <span class='ocrx_word' id='word_1_267' title='bbox 1573 2247 1695 2302; x_wconf 81' lang='lat' dir='ltr'><strong>illos</strong></span> <span class='ocrx_word' id='word_1_268' title='bbox 1716 2245 2016 2317; x_wconf 76' lang='lat' dir='ltr'><strong>religiosis-</strong></span> 
     </span>
    </p>
   </div>
   <div class='ocr_carea' id='block_1_40' title="bbox 433 2335 2015 2400">
    <p class='ocr_par' dir='ltr' id='par_1_40' title="bbox 433 2335 2015 2400">
     <span class='ocr_line' id='line_1_40' title="bbox 433 2335 2015 2400; baseline -0.005 0"><span class='ocrx_word' id='word_1_269' title='bbox 433 2346 565 2400; x_wconf 81' lang='lat' dir='ltr'><strong>simi</strong></span> <span class='ocrx_word' id='word_1_270' title='bbox 597 2346 740 2399; x_wconf 85' lang='lat' dir='ltr'><strong>illius</strong></span> <span class='ocrx_word' id='word_1_271' title='bbox 773 2357 837 2398; x_wconf 87' lang='lat' dir='ltr'><strong>ac</strong></span> <span class='ocrx_word' id='word_1_272' title='bbox 873 2340 1206 2399; x_wconf 82' lang='lat' dir='ltr'><strong>sanctissimi</strong></span> <span class='ocrx_word' id='word_1_273' title='bbox 1233 2339 1339 2394; x_wconf 90' lang='lat' dir='ltr'><strong>dici</strong></span> <span class='ocrx_word' id='word_1_274' title='bbox 1367 2338 1678 2394; x_wconf 84' lang='lat' dir='ltr'><strong>celebrandi</strong></span> <span class='ocrx_word' id='word_1_275' title='bbox 1717 2335 2015 2392; x_wconf 83' lang='lat' dir='ltr'><strong>accuratis-</strong></span> 
     </span>
    </p>
   </div>
   <div class='ocr_carea' id='block_1_41' title="bbox 436 2428 2016 2502">
    <p class='ocr_par' dir='ltr' id='par_1_41' title="bbox 436 2428 2016 2502">
     <span class='ocr_line' id='line_1_41' title="bbox 436 2428 2016 2502; baseline -0.007 -9"><span class='ocrx_word' id='word_1_276' title='bbox 436 2444 635 2493; x_wconf 69' lang='lat' dir='ltr'><strong>sima-u</strong></span> <span class='ocrx_word' id='word_1_277' title='bbox 663 2434 957 2490; x_wconf 86' lang='lat' dir='ltr'><strong>tradidisse</strong></span> <span class='ocrx_word' id='word_1_278' title='bbox 1000 2431 1292 2494; x_wconf 85' lang='lat' dir='ltr'><strong>rationem,</strong></span> <span class='ocrx_word' id='word_1_279' title='bbox 1324 2437 1384 2484; x_wconf 94' lang='lat' dir='ltr'><strong>ut</strong></span> <span class='ocrx_word' id='word_1_280' title='bbox 1412 2429 1669 2484; x_wconf 84' lang='lat' dir='ltr'><strong>nimirum</strong></span> <span class='ocrx_word' id='word_1_281' title='bbox 1706 2437 1828 2502; x_wconf 71' lang='lat' dir='ltr'><strong>post</strong></span> <span class='ocrx_word' id='word_1_282' title='bbox 1853 2428 2016 2498; x_wconf 66' lang='lat' dir='ltr'><strong>tequi-</strong></span> 
     </span>
    </p>
   </div>
   <div class='ocr_carea' id='block_1_42' title="bbox 444 2519 2016 2594">
    <p class='ocr_par' dir='ltr' id='par_1_42' title="bbox 444 2519 2016 2594">
     <span class='ocr_line' id='line_1_42' title="bbox 444 2519 2016 2594; baseline -0.006 -10"><span class='ocrx_word' id='word_1_283' title='bbox 444 2529 685 2584; x_wconf 83' lang='lat' dir='ltr'><strong>uoctium</strong></span> <span class='ocrx_word' id='word_1_284' title='bbox 718 2527 969 2589; x_wconf 88' lang='lat' dir='ltr'><strong>iniretur.</strong></span> <span class='ocrx_word' id='word_1_285' title='bbox 1005 2523 1222 2594; x_wconf 87' lang='lat' dir='ltr'><strong>quoties</strong></span> <span class='ocrx_word' id='word_1_286' title='bbox 1255 2523 1398 2576; x_wconf 69' lang='lat' dir='ltr'><strong>lunae</strong></span> <span class='ocrx_word' id='word_1_287' title='bbox 1425 2520 1639 2577; x_wconf 88' lang='lat' dir='ltr'><strong>decima</strong></span> <span class='ocrx_word' id='word_1_288' title='bbox 1665 2528 1862 2590; x_wconf 91' lang='lat' dir='ltr'><strong>quarta</strong></span> <span class='ocrx_word' id='word_1_289' title='bbox 1895 2519 2016 2575; x_wconf 85' lang='lat' dir='ltr'><strong>dies</strong></span> 
     </span>
    </p>
   </div>
   <div class='ocr_carea' id='block_1_43' title="bbox 440 2612 2013 2684">
    <p class='ocr_par' dir='ltr' id='par_1_43' title="bbox 440 2612 2013 2684">
     <span class='ocr_line' id='line_1_43' title="bbox 440 2612 2013 2684; baseline -0.005 -12"><span class='ocrx_word' id='word_1_290' title='bbox 440 2618 731 2680; x_wconf 76' lang='lat' dir='ltr'><strong>incideret,</strong></span> <span class='ocrx_word' id='word_1_291' title='bbox 783 2632 894 2670; x_wconf 90' lang='lat' dir='ltr'><strong>non</strong></span> <span class='ocrx_word' id='word_1_292' title='bbox 935 2622 996 2669; x_wconf 92' lang='lat' dir='ltr'><strong>ut</strong></span> <span class='ocrx_word' id='word_1_293' title='bbox 1025 2615 1142 2684; x_wconf 88' lang='lat' dir='ltr'><strong>ipsa</strong></span> <span class='ocrx_word' id='word_1_294' title='bbox 1187 2612 1400 2668; x_wconf 90' lang='lat' dir='ltr'><strong>decima</strong></span> <span class='ocrx_word' id='word_1_295' title='bbox 1453 2621 1647 2683; x_wconf 90' lang='lat' dir='ltr'><strong>quarta</strong></span> <span class='ocrx_word' id='word_1_296' title='bbox 1689 2621 2013 2682; x_wconf 83' lang='lat' dir='ltr'><strong>peragatur;</strong></span> 
     </span>
    </p>
   </div>
   <div class='ocr_carea' id='block_1_44' title="bbox 441 2703 2018 2778">
    <p class='ocr_par' dir='ltr' id='par_1_44' title="bbox 441 2703 2018 2778">
     <span class='ocr_line' id='line_1_44' title="bbox 441 2703 2018 2778; baseline -0.004 -15"><span class='ocrx_word' id='word_1_297' title='bbox 441 2725 568 2763; x_wconf 76' lang='lat' dir='ltr'><strong>nam</strong></span> <span class='ocrx_word' id='word_1_298' title='bbox 598 2707 768 2763; x_wconf 65' lang='lat' dir='ltr'><strong>Judaei</strong></span> <span class='ocrx_word' id='word_1_299' title='bbox 808 2707 1027 2778; x_wconf 84' lang='lat' dir='ltr'><strong>quidem</strong></span> <span class='ocrx_word' id='word_1_300' title='bbox 1061 2704 1278 2758; x_wconf 90' lang='lat' dir='ltr'><strong>unicam</strong></span> <span class='ocrx_word' id='word_1_301' title='bbox 1317 2703 1459 2758; x_wconf 90' lang='lat' dir='ltr'><strong>diem</strong></span> <span class='ocrx_word' id='word_1_302' title='bbox 1502 2703 1814 2774; x_wconf 70' lang='lat' dir='ltr'><strong>observant.</strong></span> <span class='ocrx_word' id='word_1_303' title='bbox 1847 2717 1876 2755; x_wconf 91' lang='lat' dir='ltr'><strong>a</strong></span> <span class='ocrx_word' id='word_1_304' title='bbox 1919 2717 2018 2756; x_wconf 83' lang='lat' dir='ltr'><strong>no-</strong></span> 
     </span>
    </p>
   </div>
   <div class='ocr_carea' id='block_1_45' title="bbox 446 2792 2016 2862">
    <p class='ocr_par' dir='ltr' id='par_1_45' title="bbox 446 2792 2016 2862">
     <span class='ocr_line' id='line_1_45' title="bbox 446 2792 2016 2862; baseline -0.005 -8"><span class='ocrx_word' id='word_1_305' title='bbox 446 2800 530 2854; x_wconf 79' lang='lat' dir='ltr'><strong>bis</strong></span> <span class='ocrx_word' id='word_1_306' title='bbox 565 2812 693 2852; x_wconf 82' lang='lat' dir='ltr'><strong>vero</strong></span> <span class='ocrx_word' id='word_1_307' title='bbox 739 2813 847 2851; x_wconf 91' lang='lat' dir='ltr'><strong>non</strong></span> <span class='ocrx_word' id='word_1_308' title='bbox 881 2795 1066 2860; x_wconf 78' lang='lat' dir='ltr'><strong>utrius,</strong></span> <span class='ocrx_word' id='word_1_309' title='bbox 1115 2793 1209 2849; x_wconf 89' lang='lat' dir='ltr'><strong>sed</strong></span> <span class='ocrx_word' id='word_1_310' title='bbox 1253 2793 1477 2862; x_wconf 65' lang='lat' dir='ltr'><strong>integrae</strong></span> <span class='ocrx_word' id='word_1_311' title='bbox 1515 2792 1870 2849; x_wconf 84' lang='lat' dir='ltr'><strong>hebdomadis</strong></span> <span class='ocrx_word' id='word_1_312' title='bbox 1918 2793 2016 2847; x_wconf 87' lang='lat' dir='ltr'><strong>ha-</strong></span> 
     </span>
    </p>
   </div>
   <div class='ocr_carea' id='block_1_46' title="bbox 445 2885 2018 2957">
    <p class='ocr_par' dir='ltr' id='par_1_46' title="bbox 445 2885 2018 2957">
     <span class='ocr_line' id='line_1_46' title="bbox 445 2885 2018 2957; baseline -0.004 -12"><span class='ocrx_word' id='word_1_313' title='bbox 445 2891 620 2946; x_wconf 87' lang='lat' dir='ltr'><strong>benda</strong></span> <span class='ocrx_word' id='word_1_314' title='bbox 663 2889 804 2943; x_wconf 91' lang='lat' dir='ltr'><strong>ratio</strong></span> <span class='ocrx_word' id='word_1_315' title='bbox 844 2895 946 2942; x_wconf 88' lang='lat' dir='ltr'><strong>est.</strong></span> <span class='ocrx_word' id='word_1_316' title='bbox 980 2886 1062 2942; x_wconf 93' lang='lat' dir='ltr'><strong>0b</strong></span> <span class='ocrx_word' id='word_1_317' title='bbox 1097 2887 1148 2942; x_wconf 89' lang='lat' dir='ltr'><strong>id</strong></span> <span class='ocrx_word' id='word_1_318' title='bbox 1182 2887 1263 2941; x_wconf 83' lang='lat' dir='ltr'><strong>lex</strong></span> <span class='ocrx_word' id='word_1_319' title='bbox 1307 2886 1423 2957; x_wconf 89' lang='lat' dir='ltr'><strong>ipsa</strong></span> <span class='ocrx_word' id='word_1_320' title='bbox 1463 2887 1610 2942; x_wconf 83' lang='lat' dir='ltr'><strong>velut</strong></span> <span class='ocrx_word' id='word_1_321' title='bbox 1655 2885 2018 2956; x_wconf 69' lang='lat' dir='ltr'><strong>tempusdif-</strong></span> 
     </span>
    </p>
   </div>
   <div class='ocr_carea' id='block_1_47' title="bbox 436 2977 2016 3049">
    <p class='ocr_par' dir='ltr' id='par_1_47' title="bbox 436 2977 2016 3049">
     <span class='ocr_line' id='line_1_47' title="bbox 436 2977 2016 3049; baseline -0.004 -14"><span class='ocrx_word' id='word_1_322' title='bbox 436 2982 700 3044; x_wconf 69' lang='lat' dir='ltr'><strong>fundens,</strong></span> <span class='ocrx_word' id='word_1_323' title='bbox 733 2978 1044 3049; x_wconf 77' lang='lat' dir='ltr'><strong>Accipictis.</strong></span> <span class='ocrx_word' id='word_1_324' title='bbox 1068 2978 1263 3048; x_wconf 90' lang='lat' dir='ltr'><strong>inquit,</strong></span> <span class='ocrx_word' id='word_1_325' title='bbox 1291 2977 1433 3031; x_wconf 62' lang='lat' dir='ltr'><strong>uoltis</strong></span> <span class='ocrx_word' id='word_1_326' title='bbox 1456 2993 1648 3047; x_wconf 87' lang='lat' dir='ltr'><strong>agnum</strong></span> <span class='ocrx_word' id='word_1_327' title='bbox 1689 2977 2016 3042; x_wconf 80' lang='lat' dir='ltr'><strong>anniculam,</strong></span> 
     </span>
    </p>
   </div>
   <div class='ocr_carea' id='block_1_48' title="bbox 443 3068 2017 3141">
    <p class='ocr_par' dir='ltr' id='par_1_48' title="bbox 443 3068 2017 3141">
     <span class='ocr_line' id='line_1_48' title="bbox 443 3068 2017 3141; baseline -0.004 -12"><span class='ocrx_word' id='word_1_328' title='bbox 443 3073 866 3137; x_wconf 79' lang='lat' dir='ltr'><strong>inmtacnlatum,</strong></span> <span class='ocrx_word' id='word_1_329' title='bbox 895 3070 1198 3140; x_wconf 73' lang='lat' dir='ltr'><strong>perfectum,</strong></span> <span class='ocrx_word' id='word_1_330' title='bbox 1223 3086 1256 3122; x_wconf 91' lang='lat' dir='ltr'><strong>a</strong></span> <span class='ocrx_word' id='word_1_331' title='bbox 1281 3068 1481 3123; x_wconf 81' lang='lat' dir='ltr'><strong>decium</strong></span> <span class='ocrx_word' id='word_1_332' title='bbox 1504 3068 1588 3123; x_wconf 84' lang='lat' dir='ltr'><strong>die</strong></span> <span class='ocrx_word' id='word_1_333' title='bbox 1613 3072 1802 3124; x_wconf 82' lang='lat' dir='ltr'><strong>mensis</strong></span> <span class='ocrx_word' id='word_1_334' title='bbox 1823 3085 1842 3133; x_wconf 81' lang='lat'><strong>,°</strong></span> <span class='ocrx_word' id='word_1_335' title='bbox 1866 3087 2017 3141; x_wconf 84' lang='lat' dir='ltr'><strong>quem</strong></span> 
     </span>
    </p>
   </div>
   <div class='ocr_carea' id='block_1_49' title="bbox 441 3158 2018 3229">
    <p class='ocr_par' dir='ltr' id='par_1_49' title="bbox 441 3158 2018 3229">
     <span class='ocr_line' id='line_1_49' title="bbox 441 3158 2018 3229; baseline -0.002 -13"><span class='ocrx_word' id='word_1_336' title='bbox 441 3181 531 3218; x_wconf 72' lang='lat' dir='ltr'><strong>ros</strong></span> <span class='ocrx_word' id='word_1_337' title='bbox 556 3160 830 3216; x_wconf 80' lang='lat' dir='ltr'><strong>servabitis</strong></span> <span class='ocrx_word' id='word_1_338' title='bbox 854 3176 1022 3229; x_wconf 64' lang='lat' dir='ltr'><strong>usque</strong></span> <span class='ocrx_word' id='word_1_339' title='bbox 1051 3159 1118 3211; x_wconf 87' lang='lat' dir='ltr'><strong>ad</strong></span> <span class='ocrx_word' id='word_1_340' title='bbox 1153 3159 1406 3212; x_wconf 82' lang='lat' dir='ltr'><strong>decimam</strong></span> <span class='ocrx_word' id='word_1_341' title='bbox 1433 3167 1699 3227; x_wconf 78' lang='lat' dir='ltr'><strong>quartam.</strong></span> <span class='ocrx_word' id='word_1_342' title='bbox 1731 3158 1799 3212; x_wconf 82' lang='lat' dir='ltr'><strong>Et</strong></span> <span class='ocrx_word' id='word_1_343' title='bbox 1831 3160 2018 3213; x_wconf 60' lang='lat' dir='ltr'><strong>immo.</strong></span> 
     </span>
    </p>
   </div>
   <div class='ocr_carea' id='block_1_50' title="bbox 442 3247 2019 3317">
    <p class='ocr_par' dir='ltr' id='par_1_50' title="bbox 442 3247 2019 3317">
     <span class='ocr_line' id='line_1_50' title="bbox 442 3247 2019 3317; baseline -0.002 -11"><span class='ocrx_word' id='word_1_344' title='bbox 442 3252 624 3306; x_wconf 66' lang='lat' dir='ltr'><strong>labilis</strong></span> <span class='ocrx_word' id='word_1_345' title='bbox 670 3249 821 3303; x_wconf 84' lang='lat' dir='ltr'><strong>illum</strong></span> <span class='ocrx_word' id='word_1_346' title='bbox 853 3249 920 3301; x_wconf 85' lang='lat' dir='ltr'><strong>ad</strong></span> <span class='ocrx_word' id='word_1_347' title='bbox 965 3263 1228 3316; x_wconf 71' lang='lat' dir='ltr'><strong>uesperam</strong></span> <span class='ocrx_word' id='word_1_348' title='bbox 1285 3247 1487 3300; x_wconf 82' lang='lat' dir='ltr'><strong>decima</strong></span> <span class='ocrx_word' id='word_1_349' title='bbox 1525 3258 1716 3317; x_wconf 83' lang='lat' dir='ltr'><strong>quarta</strong></span> <span class='ocrx_word' id='word_1_350' title='bbox 1763 3249 1847 3303; x_wconf 85' lang='lat' dir='ltr'><strong>die</strong></span> <span class='ocrx_word' id='word_1_351' title='bbox 1877 3266 2019 3304; x_wconf 83' lang='lat' dir='ltr'><strong>men-</strong></span> 
     </span>
    </p>
   </div>
   <div class='ocr_carea' id='block_1_51' title="bbox 447 3337 2018 3413">
    <p class='ocr_par' dir='ltr' id='par_1_51' title="bbox 447 3337 2018 3413">
     <span class='ocr_line' id='line_1_51' title="bbox 447 3337 2018 3413; baseline -0.001 -16"><span class='ocrx_word' id='word_1_352' title='bbox 447 3344 522 3397; x_wconf 82' lang='lat' dir='ltr'><strong>sis</strong></span> <span class='ocrx_word' id='word_1_353' title='bbox 542 3343 581 3405; x_wconf 84' lang='grc'>¹,</span> <span class='ocrx_word' id='word_1_354' title='bbox 610 3342 713 3395; x_wconf 91' lang='lat' dir='ltr'><strong>hoc</strong></span> <span class='ocrx_word' id='word_1_355' title='bbox 741 3352 821 3413; x_wconf 84' lang='lat' dir='ltr'><strong>est</strong></span> <span class='ocrx_word' id='word_1_356' title='bbox 849 3341 1009 3393; x_wconf 69' lang='lat' dir='ltr'><strong>luna}.</strong></span> <span class='ocrx_word' id='word_1_357' title='bbox 1044 3337 1282 3394; x_wconf 85' lang='lat' dir='ltr'><strong>Proinde</strong></span> <span class='ocrx_word' id='word_1_358' title='bbox 1311 3339 1364 3394; x_wconf 93' lang='lat' dir='ltr'><strong>id</strong></span> <span class='ocrx_word' id='word_1_359' title='bbox 1396 3338 1652 3395; x_wconf 66' lang='lat' dir='ltr'><strong>Ecclesia:</strong></span> <span class='ocrx_word' id='word_1_360' title='bbox 1681 3340 2018 3395; x_wconf 88' lang='lat' dir='ltr'><strong>consuetudo</strong></span> 
     </span>
    </p>
   </div>
   <div class='ocr_carea' id='block_1_52' title="bbox 2114 2145 3704 2218">
    <p class='ocr_par' dir='ltr' id='par_1_52' title="bbox 2114 2145 3704 2218">
     <span class='ocr_line' id='line_1_52' title="bbox 2114 2145 3704 2218; baseline -0.003 -14"><span class='ocrx_word' id='word_1_361' title='bbox 2114 2149 2293 2214; x_wconf 85' lang='grc' dir='ltr'>καλῶς</span> <span class='ocrx_word' id='word_1_362' title='bbox 2331 2149 2656 2218; x_wconf 81' lang='grc' dir='ltr'>ποιήσαντες</span> <span class='ocrx_word' id='word_1_363' title='bbox 2699 2147 2749 2200; x_wconf 92' lang='grc' dir='ltr'><strong>οἰ</strong></span> <span class='ocrx_word' id='word_1_364' title='bbox 2793 2147 3048 2218; x_wconf 72' lang='grc' dir='ltr'>πατέρες,</span> <span class='ocrx_word' id='word_1_365' title='bbox 3087 2146 3289 2217; x_wconf 74' lang='grc' dir='ltr'>μᾶλλον</span> <span class='ocrx_word' id='word_1_366' title='bbox 3317 2145 3374 2199; x_wconf 86' lang='grc' dir='ltr'><strong>δὲ</strong></span> <span class='ocrx_word' id='word_1_367' title='bbox 3419 2146 3486 2200; x_wconf 85' lang='grc' dir='ltr'><strong>δι’</strong></span> <span class='ocrx_word' id='word_1_368' title='bbox 3509 2146 3704 2200; x_wconf 71' lang='grc' dir='ltr'>αὐτῶν</span> 
     </span>
    </p>
   </div>
   <div class='ocr_carea' id='block_1_53' title="bbox 2113 2236 3704 2312">
    <p class='ocr_par' dir='ltr' id='par_1_53' title="bbox 2113 2236 3704 2312">
     <span class='ocr_line' id='line_1_53' title="bbox 2113 2236 3704 2312; baseline 0 -18"><span class='ocrx_word' id='word_1_369' title='bbox 2113 2243 2142 2295; x_wconf 82' lang='grc' dir='ltr'><strong>ὁ</strong></span> <span class='ocrx_word' id='word_1_370' title='bbox 2172 2240 2306 2304; x_wconf 75' lang='grc' dir='ltr'>θεὸς</span> <span class='ocrx_word' id='word_1_371' title='bbox 2344 2238 2673 2312; x_wconf 83' lang='grc' dir='ltr'>κατώρθωσε</span> <span class='ocrx_word' id='word_1_372' title='bbox 2699 2240 2766 2310; x_wconf 83' lang='grc' dir='ltr'>τῇ</span> <span class='ocrx_word' id='word_1_373' title='bbox 2804 2238 3100 2310; x_wconf 69' lang='grc' dir='ltr'>Ἐκκλησία</span> <span class='ocrx_word' id='word_1_374' title='bbox 3131 2236 3194 2291; x_wconf 87' lang='grc' dir='ltr'>τδ</span> <span class='ocrx_word' id='word_1_375' title='bbox 3222 2240 3332 2293; x_wconf 82' lang='grc' dir='ltr'><strong>πᾶν</strong></span> <span class='ocrx_word' id='word_1_376' title='bbox 3369 2239 3704 2312; x_wconf 75' lang='grc' dir='ltr'>άκρίϐασμα</span> 
     </span>
    </p>
   </div>
   <div class='ocr_carea' id='block_1_54' title="bbox 2113 2327 3704 2402">
    <p class='ocr_par' dir='ltr' id='par_1_54' title="bbox 2113 2327 3704 2402">
     <span class='ocr_line' id='line_1_54' title="bbox 2113 2327 3704 2402; baseline 0.001 -18"><span class='ocrx_word' id='word_1_377' title='bbox 2113 2331 2213 2402; x_wconf 83' lang='grc' dir='ltr'>τῆς</span> <span class='ocrx_word' id='word_1_378' title='bbox 2253 2329 2511 2402; x_wconf 79' lang='grc' dir='ltr'>ἀληθείας</span> <span class='ocrx_word' id='word_1_379' title='bbox 2555 2328 2654 2400; x_wconf 86' lang='grc' dir='ltr'>τῆς</span> <span class='ocrx_word' id='word_1_380' title='bbox 2702 2327 3089 2398; x_wconf 79' lang='grc' dir='ltr'>πανσεϐάσμου</span> <span class='ocrx_word' id='word_1_381' title='bbox 3131 2327 3334 2400; x_wconf 78' lang='grc' dir='ltr'>ταύτης</span> <span class='ocrx_word' id='word_1_382' title='bbox 3367 2331 3562 2402; x_wconf 81' lang='grc' dir='ltr'>ἑορτῆς</span> <span class='ocrx_word' id='word_1_383' title='bbox 3608 2331 3704 2386; x_wconf 78' lang='grc' dir='ltr'>καὶ</span> 
     </span>
    </p>
   </div>
   <div class='ocr_carea' id='block_1_55' title="bbox 2115 2419 3704 2493">
    <p class='ocr_par' dir='ltr' id='par_1_55' title="bbox 2115 2419 3704 2493">
     <span class='ocr_line' id='line_1_55' title="bbox 2115 2419 3704 2493; baseline -0.002 -16"><span class='ocrx_word' id='word_1_384' title='bbox 2115 2421 2422 2491; x_wconf 88' lang='grc' dir='ltr'>παναγίας,</span> <span class='ocrx_word' id='word_1_385' title='bbox 2468 2420 2606 2492; x_wconf 81' lang='grc' dir='ltr'>μετὰ</span> <span class='ocrx_word' id='word_1_386' title='bbox 2651 2419 2940 2493; x_wconf 71' lang='grc' dir='ltr'>ἰσημερίαν</span> <span class='ocrx_word' id='word_1_387' title='bbox 2980 2419 3079 2492; x_wconf 82' lang='grc' dir='ltr'><strong>μὲν</strong></span> <span class='ocrx_word' id='word_1_388' title='bbox 3123 2422 3414 2486; x_wconf 86' lang='grc' dir='ltr'>ποιεῖσθαι,</span> <span class='ocrx_word' id='word_1_389' title='bbox 3445 2423 3532 2476; x_wconf 84' lang='grc' dir='ltr'>ὅτε</span> <span class='ocrx_word' id='word_1_390' title='bbox 3569 2424 3704 2477; x_wconf 77' lang='grc' dir='ltr'>ὑπο-</span> 
     </span>
    </p>
   </div>
   <div class='ocr_carea' id='block_1_56' title="bbox 2115 2512 3702 2585">
    <p class='ocr_par' dir='ltr' id='par_1_56' title="bbox 2115 2512 3702 2585">
     <span class='ocr_line' id='line_1_56' title="bbox 2115 2512 3702 2585; baseline 0.001 -18"><span class='ocrx_word' id='word_1_391' title='bbox 2115 2513 2305 2567; x_wconf 79' lang='grc' dir='ltr'>πίπτει</span> <span class='ocrx_word' id='word_1_392' title='bbox 2362 2513 2395 2584; x_wconf 75' lang='grc' dir='ltr'><strong>ή</strong></span> <span class='ocrx_word' id='word_1_393' title='bbox 2439 2512 2540 2583; x_wconf 83' lang='grc' dir='ltr'>τῆς</span> <span class='ocrx_word' id='word_1_394' title='bbox 2583 2512 3181 2585; x_wconf 76' lang='grc' dir='ltr'>τεσσαρεσκαιδεκάτης</span> <span class='ocrx_word' id='word_1_395' title='bbox 3230 2512 3371 2568; x_wconf 83' lang='grc' dir='ltr'>κατὰ</span> <span class='ocrx_word' id='word_1_396' title='bbox 3430 2513 3530 2584; x_wconf 80' lang='grc' dir='ltr'>τῆς</span> <span class='ocrx_word' id='word_1_397' title='bbox 3604 2531 3702 2568; x_wconf 72' lang='lat' dir='ltr'><strong>oe-</strong></span> 
     </span>
    </p>
   </div>
   <div class='ocr_carea' id='block_1_57' title="bbox 2113 2601 3702 2676">
    <p class='ocr_par' dir='ltr' id='par_1_57' title="bbox 2113 2601 3702 2676">
     <span class='ocr_line' id='line_1_57' title="bbox 2113 2601 3702 2676; baseline 0.001 -20"><span class='ocrx_word' id='word_1_398' title='bbox 2113 2603 2282 2674; x_wconf 84' lang='grc' dir='ltr'>λήνης</span> <span class='ocrx_word' id='word_1_399' title='bbox 2319 2601 2534 2676; x_wconf 81' lang='grc' dir='ltr'>ἡμέρας</span> <span class='ocrx_word' id='word_1_400' title='bbox 2575 2601 2783 2671; x_wconf 75' lang='grc' dir='ltr'>ψῆφοςο</span> <span class='ocrx_word' id='word_1_401' title='bbox 2826 2603 2926 2674; x_wconf 78' lang='grc' dir='ltr'><strong>οὐχ</strong></span> <span class='ocrx_word' id='word_1_402' title='bbox 2965 2603 3053 2657; x_wconf 81' lang='grc' dir='ltr'>ἵνα</span> <span class='ocrx_word' id='word_1_403' title='bbox 3098 2603 3158 2658; x_wconf 76' lang='grc' dir='ltr'><strong>ἑν</strong></span> <span class='ocrx_word' id='word_1_404' title='bbox 3197 2605 3335 2676; x_wconf 78' lang='grc' dir='ltr'>αὐτῇ</span> <span class='ocrx_word' id='word_1_405' title='bbox 3381 2606 3447 2676; x_wconf 80' lang='grc' dir='ltr'><strong>τῇ</strong></span> <span class='ocrx_word' id='word_1_406' title='bbox 3490 2621 3702 2659; x_wconf 81' lang='grc' dir='ltr'>τεσσα·</span> 
     </span>
    </p>
   </div>
   <div class='ocr_carea' id='block_1_58' title="bbox 2121 2691 3700 2769">
    <p class='ocr_par' dir='ltr' id='par_1_58' title="bbox 2121 2691 3700 2769">
     <span class='ocr_line' id='line_1_58' title="bbox 2121 2691 3700 2769; baseline 0.004 -25"><span class='ocrx_word' id='word_1_407' title='bbox 2121 2693 2517 2766; x_wconf 83' lang='grc' dir='ltr'>ρεσκαιδεκάτῃ</span> <span class='ocrx_word' id='word_1_408' title='bbox 2560 2691 2981 2764; x_wconf 76' lang='grc' dir='ltr'>ἐπιτελέσωμεν.</span> <span class='ocrx_word' id='word_1_409' title='bbox 3023 2693 3138 2748; x_wconf 82' lang='grc' dir='ltr'><strong>Μία</strong></span> <span class='ocrx_word' id='word_1_410' title='bbox 3183 2693 3292 2765; x_wconf 81' lang='grc' dir='ltr'><strong>γὰρ</strong></span> <span class='ocrx_word' id='word_1_411' title='bbox 3325 2695 3514 2766; x_wconf 76' lang='grc' dir='ltr'>ἡμέρα</span> <span class='ocrx_word' id='word_1_412' title='bbox 3560 2695 3700 2769; x_wconf 80' lang='grc' dir='ltr'>παρ’</span> 
     </span>
    </p>
   </div>
   <div class='ocr_carea' id='block_1_59' title="bbox 2117 2785 3705 2858">
    <p class='ocr_par' dir='ltr' id='par_1_59' title="bbox 2117 2785 3705 2858">
     <span class='ocr_line' id='line_1_59' title="bbox 2117 2785 3705 2858; baseline 0.002 -18"><span class='ocrx_word' id='word_1_413' title='bbox 2117 2787 2342 2849; x_wconf 75' lang='grc' dir='ltr'>ἐκείνοις</span> <span class='ocrx_word' id='word_1_414' title='bbox 2387 2785 2666 2856; x_wconf 70' lang='grc' dir='ltr'>ζητεῖταισ</span> <span class='ocrx_word' id='word_1_415' title='bbox 2706 2785 2836 2856; x_wconf 77' lang='grc' dir='ltr'>παρ’</span> <span class='ocrx_word' id='word_1_416' title='bbox 2864 2787 2994 2857; x_wconf 79' lang='grc' dir='ltr'><strong>ἡμῖν</strong></span> <span class='ocrx_word' id='word_1_417' title='bbox 3033 2786 3090 2839; x_wconf 82' lang='grc' dir='ltr'><strong>δὲ</strong></span> <span class='ocrx_word' id='word_1_418' title='bbox 3119 2788 3180 2840; x_wconf 79' lang='grc' dir='ltr'>οὐ</span> <span class='ocrx_word' id='word_1_419' title='bbox 3229 2786 3328 2858; x_wconf 81' lang='grc' dir='ltr'>μία</span> <span class='ocrx_word' id='word_1_420' title='bbox 3369 2788 3516 2858; x_wconf 89' lang='lat' dir='ltr'><strong>(l9),</strong></span> <span class='ocrx_word' id='word_1_421' title='bbox 3557 2789 3705 2843; x_wconf 80' lang='grc' dir='ltr'>ἀλλὰ</span> 
     </span>
    </p>
   </div>
   <div class='ocr_carea' id='block_1_60' title="bbox 2116 2876 3702 2948">
    <p class='ocr_par' dir='ltr' id='par_1_60' title="bbox 2116 2876 3702 2948">
     <span class='ocr_line' id='line_1_60' title="bbox 2116 2876 3702 2948; baseline 0.001 -16"><span class='ocrx_word' id='word_1_422' title='bbox 2116 2877 2177 2943; x_wconf 76' lang='grc' dir='ltr'><strong>ἐξ</strong></span> <span class='ocrx_word' id='word_1_423' title='bbox 2219 2876 2454 2948; x_wconf 80' lang='grc' dir='ltr'>ἑϐδομὰς</span> <span class='ocrx_word' id='word_1_424' title='bbox 2503 2876 2872 2948; x_wconf 88' lang='grc' dir='ltr'>πληρεστάτη.</span> <span class='ocrx_word' id='word_1_425' title='bbox 2909 2877 3001 2931; x_wconf 85' lang='grc' dir='ltr'><strong>Διὸ</strong></span> <span class='ocrx_word' id='word_1_426' title='bbox 3033 2877 3128 2930; x_wconf 73' lang='grc' dir='ltr'>καὶ</span> <span class='ocrx_word' id='word_1_427' title='bbox 3167 2877 3328 2941; x_wconf 78' lang='grc' dir='ltr'>αὐτὸς</span> <span class='ocrx_word' id='word_1_428' title='bbox 3371 2877 3517 2947; x_wconf 84' lang='grc' dir='ltr'>λέγει</span> <span class='ocrx_word' id='word_1_429' title='bbox 3569 2880 3702 2933; x_wconf 75' lang='grc' dir='ltr'>ἑπι-</span> 
     </span>
    </p>
   </div>
   <div class='ocr_carea' id='block_1_61' title="bbox 2117 2969 3704 3040">
    <p class='ocr_par' dir='ltr' id='par_1_61' title="bbox 2117 2969 3704 3040">
     <span class='ocr_line' id='line_1_61' title="bbox 2117 2969 3704 3040; baseline 0.001 -15"><span class='ocrx_word' id='word_1_430' title='bbox 2117 2970 2398 3026; x_wconf 84' lang='grc' dir='ltr'>πλατύνων</span> <span class='ocrx_word' id='word_1_431' title='bbox 2434 2969 2516 3037; x_wconf 77' lang='grc' dir='ltr'>τὸ,</span> <span class='ocrx_word' id='word_1_432' title='bbox 2553 2971 2836 3040; x_wconf 74' lang='grc' dir='ltr'>Λήψεσθε</span> <span class='ocrx_word' id='word_1_433' title='bbox 2885 2969 3121 3038; x_wconf 76' lang='grc' dir='ltr'>ἑαυτοῖς</span> <span class='ocrx_word' id='word_1_434' title='bbox 3158 2971 3454 3039; x_wconf 79' lang='grc' dir='ltr'>πρόϐατον</span> <span class='ocrx_word' id='word_1_435' title='bbox 3494 2971 3704 3027; x_wconf 79' lang='grc' dir='ltr'><strong>ἐνιαύ-</strong></span> 
     </span>
    </p>
   </div>
   <div class='ocr_carea' id='block_1_62' title="bbox 2117 3061 3696 3132">
    <p class='ocr_par' dir='ltr' id='par_1_62' title="bbox 2117 3061 3696 3132">
     <span class='ocr_line' id='line_1_62' title="bbox 2117 3061 3696 3132; baseline 0.001 -15"><span class='ocrx_word' id='word_1_436' title='bbox 2117 3079 2274 3128; x_wconf 81' lang='grc' dir='ltr'>σιον,</span> <span class='ocrx_word' id='word_1_437' title='bbox 2312 3062 2572 3132; x_wconf 75' lang='grc' dir='ltr'>ἄμωμον,</span> <span class='ocrx_word' id='word_1_438' title='bbox 2597 3061 2851 3126; x_wconf 79' lang='grc' dir='ltr'>τέλειον,</span> <span class='ocrx_word' id='word_1_439' title='bbox 2882 3061 3002 3116; x_wconf 78' lang='grc' dir='ltr'><strong>ἀπὸ</strong></span> <span class='ocrx_word' id='word_1_440' title='bbox 3042 3061 3297 3117; x_wconf 81' lang='grc' dir='ltr'>δεκάτου</span> <span class='ocrx_word' id='word_1_441' title='bbox 3323 3062 3430 3117; x_wconf 84' lang='grc' dir='ltr'>τοῦ</span> <span class='ocrx_word' id='word_1_442' title='bbox 3468 3066 3696 3131; x_wconf 74' lang='grc' dir='ltr'><strong>μηνός·</strong></span> 
     </span>
    </p>
   </div>
   <div class='ocr_carea' id='block_1_63' title="bbox 2117 3152 3702 3224">
    <p class='ocr_par' dir='ltr' id='par_1_63' title="bbox 2117 3152 3702 3224">
     <span class='ocr_line' id='line_1_63' title="bbox 2117 3152 3702 3224; baseline 0.002 -18"><span class='ocrx_word' id='word_1_443' title='bbox 2117 3152 2214 3207; x_wconf 77' lang='grc' dir='ltr'>καὶ</span> <span class='ocrx_word' id='word_1_444' title='bbox 2236 3153 2405 3207; x_wconf 73' lang='grc' dir='ltr'>ἔσται</span> <span class='ocrx_word' id='word_1_445' title='bbox 2427 3152 2566 3224; x_wconf 79' lang='grc' dir='ltr'><strong>ὑμῖν</strong></span> <span class='ocrx_word' id='word_1_446' title='bbox 2584 3152 3083 3223; x_wconf 83' lang='grc' dir='ltr'>διατετηρημένον</span> <span class='ocrx_word' id='word_1_447' title='bbox 3097 3153 3232 3224; x_wconf 80' lang='grc' dir='ltr'>ἄχρι</span> <span class='ocrx_word' id='word_1_448' title='bbox 3252 3153 3360 3222; x_wconf 82' lang='grc' dir='ltr'>τῆς</span> <span class='ocrx_word' id='word_1_449' title='bbox 3371 3168 3702 3224; x_wconf 75' lang='grc' dir='ltr'>τεσσαρεσ-</span> 
     </span>
    </p>
   </div>
   <div class='ocr_carea' id='block_1_64' title="bbox 2118 3242 3704 3313">
    <p class='ocr_par' dir='ltr' id='par_1_64' title="bbox 2118 3242 3704 3313">
     <span class='ocr_line' id='line_1_64' title="bbox 2118 3242 3704 3313; baseline 0.001 -16"><span class='ocrx_word' id='word_1_450' title='bbox 2118 3242 2488 3310; x_wconf 77' lang='grc' dir='ltr'>καιδεκάτης.</span> <span class='ocrx_word' id='word_1_451' title='bbox 2537 3243 2647 3296; x_wconf 78' lang='lat' dir='ltr'><strong>Kal</strong></span> <span class='ocrx_word' id='word_1_452' title='bbox 2712 3244 2973 3299; x_wconf 68' lang='grc' dir='ltr'>θύσεσθαι</span> <span class='ocrx_word' id='word_1_453' title='bbox 3029 3243 3177 3298; x_wconf 81' lang='grc' dir='ltr'>αὐτὸ</span> <span class='ocrx_word' id='word_1_454' title='bbox 3227 3246 3379 3312; x_wconf 76' lang='grc' dir='ltr'>πρὸς</span> <span class='ocrx_word' id='word_1_455' title='bbox 3425 3245 3704 3313; x_wconf 72' lang='grc' dir='ltr'>ἑσπέραν</span> 
     </span>
    </p>
   </div>
   <div class='ocr_carea' id='block_1_65' title="bbox 2119 3332 3703 3405">
    <p class='ocr_par' dir='ltr' id='par_1_65' title="bbox 2119 3332 3703 3405">
     <span class='ocr_line' id='line_1_65' title="bbox 2119 3332 3703 3405; baseline 0.002 -19"><span class='ocrx_word' id='word_1_456' title='bbox 2119 3332 2193 3402; x_wconf 78' lang='grc' dir='ltr'>τῇ</span> <span class='ocrx_word' id='word_1_457' title='bbox 2222 3333 2844 3403; x_wconf 75' lang='grc' dir='ltr'>τεσσαρεσκαιδεκάτῃ</span> <span class='ocrx_word' id='word_1_458' title='bbox 2895 3333 3084 3404; x_wconf 73' lang='grc' dir='ltr'>ᾑμέρᾳ</span> <span class='ocrx_word' id='word_1_459' title='bbox 3137 3334 3243 3389; x_wconf 86' lang='grc' dir='ltr'>τοῦ</span> <span class='ocrx_word' id='word_1_460' title='bbox 3283 3335 3497 3405; x_wconf 74' lang='grc' dir='ltr'>μηνὸς,</span> <span class='ocrx_word' id='word_1_461' title='bbox 3536 3351 3703 3389; x_wconf 80' lang='grc' dir='ltr'>τουτ-</span> 
     </span>
    </p>
   </div>
   <div class='ocr_carea' id='block_1_66' title="bbox 442 3414 2018 3499">
    <p class='ocr_par' dir='ltr' id='par_1_66' title="bbox 442 3428 2013 3495">
     <span class='ocr_line' id='line_1_66' title="bbox 442 3428 2013 3495; baseline 0 -9"><span class='ocrx_word' id='word_1_462' title='bbox 442 3433 667 3494; x_wconf 69' lang='grc' dir='ltr'>τοῑίιιοι,</span> <span class='ocrx_word' id='word_1_463' title='bbox 696 3437 750 3484; x_wconf 81' lang='grc' dir='ltr'><strong>ιιι</strong></span> <span class='ocrx_word' id='word_1_464' title='bbox 783 3428 1069 3484; x_wconf 74' lang='lat' dir='ltr'><strong>Paschalis</strong></span> <span class='ocrx_word' id='word_1_465' title='bbox 1101 3429 1321 3495; x_wconf 78' lang='lat' dir='ltr'><strong>festum,</strong></span> <span class='ocrx_word' id='word_1_466' title='bbox 1353 3429 1457 3484; x_wconf 89' lang='lat' dir='ltr'><strong>hoc</strong></span> <span class='ocrx_word' id='word_1_467' title='bbox 1497 3438 1583 3486; x_wconf 88' lang='lat' dir='ltr'><strong>est</strong></span> <span class='ocrx_word' id='word_1_468' title='bbox 1624 3431 2013 3488; x_wconf 73' lang='lat' dir='ltr'><strong>hebdomadam</strong></span> 
     </span>
    </p>
   </div>
   <div class='ocr_carea' id='block_1_67' title="bbox 2119 3414 3702 3499">
    <p class='ocr_par' dir='ltr' id='par_1_67' title="bbox 2119 3425 3702 3499">
     <span class='ocr_line' id='line_1_67' title="bbox 2119 3425 3702 3499; baseline 0.001 -19"><span class='ocrx_word' id='word_1_469' title='bbox 2119 3425 2235 3480; x_wconf 85' lang='grc' dir='ltr'>ἐστι</span> <span class='ocrx_word' id='word_1_470' title='bbox 2261 3426 2358 3497; x_wconf 81' lang='grc' dir='ltr'>τῆς</span> <span class='ocrx_word' id='word_1_471' title='bbox 2385 3425 2614 3498; x_wconf 82' lang='grc' dir='ltr'>σελήνης</span> <span class='ocrx_word' id='word_1_472' title='bbox 2804 3428 3209 3499; x_wconf 76' lang='grc' dir='ltr'>Παρατηρεῖται</span> <span class='ocrx_word' id='word_1_473' title='bbox 3235 3427 3292 3480; x_wconf 81' lang='grc' dir='ltr'>δὲ</span> <span class='ocrx_word' id='word_1_474' title='bbox 3320 3427 3354 3499; x_wconf 76' lang='grc' dir='ltr'>ἡ</span> <span class='ocrx_word' id='word_1_475' title='bbox 3397 3426 3702 3496; x_wconf 76' lang='grc' dir='ltr'>Ἐκκλησία</span> 
     </span>
    </p>
   </div>
   <div class='ocr_carea' id='block_1_68' title="bbox 449 3521 2020 3595">
    <p class='ocr_par' dir='ltr' id='par_1_68' title="bbox 449 3521 2020 3595">
     <span class='ocr_line' id='line_1_68' title="bbox 449 3521 2020 3595; baseline 0 -17"><span class='ocrx_word' id='word_1_476' title='bbox 449 3528 518 3580; x_wconf 92' lang='lat' dir='ltr'><strong>ab</strong></span> <span class='ocrx_word' id='word_1_477' title='bbox 558 3523 820 3595; x_wconf 87' lang='lat' dir='ltr'><strong>apostolis</strong></span> <span class='ocrx_word' id='word_1_478' title='bbox 859 3522 913 3575; x_wconf 82' lang='lat' dir='ltr'><strong>in</strong></span> <span class='ocrx_word' id='word_1_479' title='bbox 962 3521 1053 3575; x_wconf 90' lang='lat' dir='ltr'><strong>illa</strong></span> <span class='ocrx_word' id='word_1_480' title='bbox 1093 3521 1488 3576; x_wconf 87' lang='lat' dir='ltr'><strong>constitutione</strong></span> <span class='ocrx_word' id='word_1_481' title='bbox 1517 3523 1812 3592; x_wconf 62' lang='lat' dir='ltr'><strong>praeﬁxae},</strong></span> <span class='ocrx_word' id='word_1_482' title='bbox 1857 3537 1887 3576; x_wconf 91' lang='lat' dir='ltr'><strong>a</strong></span> <span class='ocrx_word' id='word_1_483' title='bbox 1939 3537 2020 3578; x_wconf 87' lang='lat' dir='ltr'><strong>se-</strong></span> 
     </span>
    </p>
   </div>
   <div class='ocr_carea' id='block_1_69' title="bbox 440 3611 2020 3682">
    <p class='ocr_par' dir='ltr' id='par_1_69' title="bbox 440 3611 2020 3682">
     <span class='ocr_line' id='line_1_69' title="bbox 440 3611 2020 3682; baseline -0.001 -12"><span class='ocrx_word' id='word_1_484' title='bbox 440 3615 630 3670; x_wconf 85' lang='lat' dir='ltr'><strong>cunda</strong></span> <span class='ocrx_word' id='word_1_485' title='bbox 684 3612 1049 3668; x_wconf 89' lang='lat' dir='ltr'><strong>Sabbatorum</strong></span> <span class='ocrx_word' id='word_1_486' title='bbox 1100 3612 1379 3667; x_wconf 88' lang='lat' dir='ltr'><strong>celebrare</strong></span> <span class='ocrx_word' id='word_1_487' title='bbox 1422 3611 1682 3682; x_wconf 88' lang='lat' dir='ltr'><strong>incipiat;</strong></span> <span class='ocrx_word' id='word_1_488' title='bbox 1729 3627 1852 3682; x_wconf 75' lang='lat' dir='ltr'><strong>qua:</strong></span> <span class='ocrx_word' id='word_1_489' title='bbox 1903 3613 2020 3670; x_wconf 90' lang='lat' dir='ltr'><strong>dics</strong></span> 
     </span>
    </p>
   </div>
   <div class='ocr_carea' id='block_1_70' title="bbox 449 3701 2021 3775">
    <p class='ocr_par' dir='ltr' id='par_1_70' title="bbox 449 3701 2021 3775">
     <span class='ocr_line' id='line_1_70' title="bbox 449 3701 2021 3775; baseline -0.002 -13"><span class='ocrx_word' id='word_1_490' title='bbox 449 3709 574 3771; x_wconf 75' lang='lat' dir='ltr'><strong>agni</strong></span> <span class='ocrx_word' id='word_1_491' title='bbox 634 3714 719 3762; x_wconf 84' lang='lat' dir='ltr'><strong>est</strong></span> <span class='ocrx_word' id='word_1_492' title='bbox 773 3704 1032 3775; x_wconf 80' lang='lat' dir='ltr'><strong>emptioni</strong></span> <span class='ocrx_word' id='word_1_493' title='bbox 1067 3703 1234 3758; x_wconf 88' lang='lat' dir='ltr'><strong>dicta.</strong></span> <span class='ocrx_word' id='word_1_494' title='bbox 1290 3701 1443 3769; x_wconf 86' lang='lat' dir='ltr'><strong>Quod</strong></span> <span class='ocrx_word' id='word_1_495' title='bbox 1493 3703 1538 3758; x_wconf 88' lang='lat' dir='ltr'><strong>si</strong></span> <span class='ocrx_word' id='word_1_496' title='bbox 1571 3719 1660 3756; x_wconf 78' lang='lat' dir='ltr'><strong>xlv</strong></span> <span class='ocrx_word' id='word_1_497' title='bbox 1710 3705 1850 3759; x_wconf 69' lang='lat' dir='ltr'><strong>luna:</strong></span> <span class='ocrx_word' id='word_1_498' title='bbox 1903 3704 2021 3760; x_wconf 84' lang='lat' dir='ltr'><strong>dies</strong></span> 
     </span>
    </p>
   </div>
   <div class='ocr_carea' id='block_1_71' title="bbox 444 3786 2021 3857">
    <p class='ocr_par' dir='ltr' id='par_1_71' title="bbox 444 3786 2021 3857">
     <span class='ocr_line' id='line_1_71' title="bbox 444 3786 2021 3857; baseline -0.003 -11"><span class='ocrx_word' id='word_1_499' title='bbox 444 3797 506 3846; x_wconf 82' lang='lat' dir='ltr'><strong>in</strong></span> <span class='ocrx_word' id='word_1_500' title='bbox 540 3809 574 3846; x_wconf 89' lang='grc' dir='ltr'><strong>ιι</strong></span> <span class='ocrx_word' id='word_1_501' title='bbox 605 3790 968 3845; x_wconf 84' lang='lat' dir='ltr'><strong>Sabbatorum</strong></span> <span class='ocrx_word' id='word_1_502' title='bbox 1014 3788 1240 3850; x_wconf 88' lang='lat' dir='ltr'><strong>incidat,</strong></span> <span class='ocrx_word' id='word_1_503' title='bbox 1287 3786 1524 3842; x_wconf 76' lang='lat' dir='ltr'><strong>indidem</strong></span> <span class='ocrx_word' id='word_1_504' title='bbox 1552 3786 1673 3857; x_wconf 75' lang='lat' dir='ltr'><strong>agni</strong></span> <span class='ocrx_word' id='word_1_505' title='bbox 1704 3787 2021 3842; x_wconf 85' lang='lat' dir='ltr'><strong>immolandi</strong></span> 
     </span>
    </p>
   </div>
   <div class='ocr_carea' id='block_1_72' title="bbox 445 3879 2015 3955">
    <p class='ocr_par' dir='ltr' id='par_1_72' title="bbox 445 3879 2015 3955">
     <span class='ocr_line' id='line_1_72' title="bbox 445 3879 2015 3955; baseline -0.005 -17"><span class='ocrx_word' id='word_1_506' title='bbox 445 3895 667 3955; x_wconf 72' lang='lat' dir='ltr'><strong>tempus</strong></span> <span class='ocrx_word' id='word_1_507' title='bbox 699 3881 920 3952; x_wconf 81' lang='lat' dir='ltr'><strong>incipit;</strong></span> <span class='ocrx_word' id='word_1_508' title='bbox 955 3881 1070 3935; x_wconf 87' lang='lat' dir='ltr'><strong>sive</strong></span> <span class='ocrx_word' id='word_1_509' title='bbox 1103 3881 1158 3934; x_wconf 92' lang='lat' dir='ltr'><strong>in</strong></span> <span class='ocrx_word' id='word_1_510' title='bbox 1197 3895 1256 3934; x_wconf 89' lang='grc' dir='ltr'><strong>ιιι</strong></span> <span class='ocrx_word' id='word_1_511' title='bbox 1289 3879 1674 3942; x_wconf 81' lang='lat' dir='ltr'><strong>Sabbatorum,</strong></span> <span class='ocrx_word' id='word_1_512' title='bbox 1711 3881 1825 3934; x_wconf 86' lang='lat' dir='ltr'><strong>sive</strong></span> <span class='ocrx_word' id='word_1_513' title='bbox 1857 3879 1911 3934; x_wconf 92' lang='lat' dir='ltr'><strong>in</strong></span> <span class='ocrx_word' id='word_1_514' title='bbox 1942 3895 2015 3946; x_wconf 81' lang='lat' dir='ltr'><strong>tv,</strong></span> 
     </span>
    </p>
   </div>
   <div class='ocr_carea' id='block_1_73' title="bbox 450 3947 2016 4038">
    <p class='ocr_par' dir='ltr' id='par_1_73' title="bbox 450 3947 2016 4038">
     <span class='ocr_line' id='line_1_73' title="bbox 450 3947 2016 4038; baseline -0.004 -6"><span class='ocrx_word' id='word_1_515' title='bbox 450 3947 565 4032; x_wconf 44' lang='lat' dir='ltr'><strong>siv‘e</strong></span> <span class='ocrx_word' id='word_1_516' title='bbox 608 3975 662 4028; x_wconf 93' lang='lat' dir='ltr'><strong>in</strong></span> <span class='ocrx_word' id='word_1_517' title='bbox 699 3990 748 4038; x_wconf 88' lang='lat' dir='ltr'><strong>v,</strong></span> <span class='ocrx_word' id='word_1_518' title='bbox 791 3974 906 4028; x_wconf 88' lang='lat' dir='ltr'><strong>sive</strong></span> <span class='ocrx_word' id='word_1_519' title='bbox 955 3972 1007 4025; x_wconf 94' lang='lat' dir='ltr'><strong>in</strong></span> <span class='ocrx_word' id='word_1_520' title='bbox 1058 3968 1417 4036; x_wconf 77' lang='lat' dir='ltr'><strong>Parasceven,</strong></span> <span class='ocrx_word' id='word_1_521' title='bbox 1454 3970 1570 4028; x_wconf 88' lang='lat' dir='ltr'><strong>sive</strong></span> <span class='ocrx_word' id='word_1_522' title='bbox 1618 3971 1670 4024; x_wconf 92' lang='lat' dir='ltr'><strong>in</strong></span> <span class='ocrx_word' id='word_1_523' title='bbox 1719 3969 2016 4026; x_wconf 86' lang='lat' dir='ltr'><strong>Sabbatum</strong></span> 
     </span>
    </p>
   </div>
   <div class='ocr_carea' id='block_1_74' title="bbox 447 4060 2020 4139">
    <p class='ocr_par' dir='ltr' id='par_1_74' title="bbox 447 4060 2020 4139">
     <span class='ocr_line' id='line_1_74' title="bbox 447 4060 2020 4139; baseline -0.002 -19"><span class='ocrx_word' id='word_1_524' title='bbox 447 4069 652 4139; x_wconf 70' lang='lat' dir='ltr'><strong>ipsum,</strong></span> <span class='ocrx_word' id='word_1_525' title='bbox 697 4060 1135 4136; x_wconf 81' lang='lat' dir='ltr'><strong>quandoquidem</strong></span> <span class='ocrx_word' id='word_1_526' title='bbox 1180 4076 1232 4116; x_wconf 69' lang='grc' dir='ltr'>γι</span> <span class='ocrx_word' id='word_1_527' title='bbox 1277 4061 1503 4118; x_wconf 81' lang='lat' dir='ltr'><strong>omnino</strong></span> <span class='ocrx_word' id='word_1_528' title='bbox 1543 4060 1660 4118; x_wconf 83' lang='lat' dir='ltr'><strong>dies</strong></span> <span class='ocrx_word' id='word_1_529' title='bbox 1703 4062 1755 4118; x_wconf 89' lang='lat' dir='ltr'><strong>ei</strong></span> <span class='ocrx_word' id='word_1_530' title='bbox 1802 4062 2020 4134; x_wconf 74' lang='lat' dir='ltr'><strong>negotio</strong></span> 
     </span>
    </p>
   </div>
   <div class='ocr_carea' id='block_1_75' title="bbox 525 4219 950 4283">
    <p class='ocr_par' dir='ltr' id='par_1_75' title="bbox 525 4219 950 4283">
     <span class='ocr_line' id='line_1_75' title="bbox 525 4219 950 4283; baseline -0.002 -8"><span class='ocrx_word' id='word_1_531' title='bbox 525 4223 538 4253; x_wconf 79' lang='grc'>³</span> <span class='ocrx_word' id='word_1_532' title='bbox 573 4221 742 4276; x_wconf 84' lang='lat' dir='ltr'><strong>Exod.</strong></span> <span class='ocrx_word' id='word_1_533' title='bbox 770 4235 867 4283; x_wconf 78' lang='lat' dir='ltr'><strong>xu,</strong></span> <span class='ocrx_word' id='word_1_534' title='bbox 898 4219 950 4276; x_wconf 79' lang='grc'>5.</span> 
     </span>
    </p>
   </div>
   <div class='ocr_carea' id='block_1_76' title="bbox 522 4329 2026 4403">
    <p class='ocr_par' dir='ltr' id='par_1_76' title="bbox 522 4329 2026 4403">
     <span class='ocr_line' id='line_1_76' title="bbox 522 4329 2026 4403; baseline -0.001 -17"><span class='ocrx_word' id='word_1_535' title='bbox 522 4335 636 4403; x_wconf 81' lang='grc'><strong>(19)</strong></span> <span class='ocrx_word' id='word_1_536' title='bbox 682 4333 818 4402; x_wconf 78' lang='grc' dir='ltr'>Πιιρ’</span> <span class='ocrx_word' id='word_1_537' title='bbox 842 4332 986 4401; x_wconf 74' lang='grc' dir='ltr'><strong>’ἡμῖν</strong></span> <span class='ocrx_word' id='word_1_538' title='bbox 1008 4331 1074 4385; x_wconf 80' lang='grc' dir='ltr'><strong>δὲ</strong></span> <span class='ocrx_word' id='word_1_539' title='bbox 1100 4329 1321 4403; x_wconf 40' lang='grc' dir='ltr'><strong>οὐ-μίαἶ</strong></span> <span class='ocrx_word' id='word_1_540' title='bbox 1359 4329 1464 4403; x_wconf 76' lang='lat' dir='ltr'><strong>sex</strong></span> <span class='ocrx_word' id='word_1_541' title='bbox 1488 4330 1604 4403; x_wconf 78' lang='lat' dir='ltr'><strong>dies</strong></span> <span class='ocrx_word' id='word_1_542' title='bbox 1633 4330 2026 4403; x_wconf 60' lang='lat' dir='ltr'><strong>hebdomadam</strong></span> 
     </span>
    </p>
   </div>
   <div class='ocr_carea' id='block_1_77' title="bbox 461 4401 2030 4472">
    <p class='ocr_par' dir='ltr' id='par_1_77' title="bbox 461 4401 2030 4472">
     <span class='ocr_line' id='line_1_77' title="bbox 461 4401 2030 4472; baseline -0.002 -13"><span class='ocrx_word' id='word_1_543' title='bbox 461 4401 697 4468; x_wconf 65' lang='lat' dir='ltr'><strong>faciunt,</strong></span> <span class='ocrx_word' id='word_1_544' title='bbox 758 4401 1116 4456; x_wconf 81' lang='lat' dir='ltr'><strong>auiiumerata</strong></span> <span class='ocrx_word' id='word_1_545' title='bbox 1169 4401 1456 4457; x_wconf 79' lang='lat' dir='ltr'><strong>Paschalis</strong></span> <span class='ocrx_word' id='word_1_546' title='bbox 1513 4401 1859 4466; x_wconf 82' lang='lat' dir='ltr'><strong>celebr.tate,</strong></span> <span class='ocrx_word' id='word_1_547' title='bbox 1907 4415 2030 4472; x_wconf 69' lang='lat' dir='ltr'><strong>qua:</strong></span> 
     </span>
    </p>
   </div>
   <div class='ocr_carea' id='block_1_78' title="bbox 457 4472 1151 4528">
    <p class='ocr_par' dir='ltr' id='par_1_78' title="bbox 457 4472 1151 4528">
     <span class='ocr_line' id='line_1_78' title="bbox 457 4472 1151 4528; baseline -0.01 0"><span class='ocrx_word' id='word_1_548' title='bbox 457 4473 846 4528; x_wconf 85' lang='lat' dir='ltr'><strong>hebdomadem</strong></span> <span class='ocrx_word' id='word_1_549' title='bbox 875 4472 1151 4525; x_wconf 87' lang='lat' dir='ltr'><strong>terminat.</strong></span> 
     </span>
    </p>
   </div>
   <div class='ocr_carea' id='block_1_79' title="bbox 1063 4215 1887 4286">
    <p class='ocr_par' dir='ltr' id='par_1_79' title="bbox 1063 4215 1887 4286">
     <span class='ocr_line' id='line_1_79' title="bbox 1063 4215 1887 4286; baseline 0 -16"><span class='ocrx_word' id='word_1_550' title='bbox 1063 4220 1084 4250; x_wconf 78' lang='grc'>²</span> <span class='ocrx_word' id='word_1_551' title='bbox 1107 4215 1405 4272; x_wconf 63' lang='grc' dir='ltr'>ιίοιειιπῑιιε</span> <span class='ocrx_word' id='word_1_552' title='bbox 1428 4215 1557 4286; x_wconf 78' lang='lat' dir='ltr'><strong>legit</strong></span> <span class='ocrx_word' id='word_1_553' title='bbox 1591 4217 1670 4280; x_wconf 86' lang='grc' dir='ltr'><strong>εἰς</strong></span> <span class='ocrx_word' id='word_1_554' title='bbox 1705 4217 1887 4286; x_wconf 84' lang='grc' dir='ltr'>μέσον.</span> 
     </span>
    </p>
   </div>
   <div class='ocr_carea' id='block_1_80' title="bbox 527 4528 2102 4610">
    <p class='ocr_par' dir='ltr' id='par_1_80' title="bbox 527 4528 2102 4610">
     <span class='ocr_line' id='line_1_80' title="bbox 527 4528 2102 4610; baseline -0.001 -16"><span class='ocrx_word' id='word_1_555' title='bbox 527 4539 640 4610; x_wconf 65' lang='lat'><strong>(9.0)</strong></span> <span class='ocrx_word' id='word_1_556' title='bbox 686 4539 960 4594; x_wconf 84' lang='grc' dir='ltr'>Τουτέστι</span> <span class='ocrx_word' id='word_1_557' title='bbox 1012 4539 1121 4608; x_wconf 79' lang='grc' dir='ltr'>τῆς</span> <span class='ocrx_word' id='word_1_558' title='bbox 1163 4537 1456 4610; x_wconf 69' lang='grc' dir='ltr'>σελήνης.</span> <span class='ocrx_word' id='word_1_559' title='bbox 1499 4537 1625 4610; x_wconf 72' lang='lat' dir='ltr'><strong>llmc</strong></span> <span class='ocrx_word' id='word_1_560' title='bbox 1681 4545 1765 4591; x_wconf 78' lang='lat' dir='ltr'><strong>est</strong></span> <span class='ocrx_word' id='word_1_561' title='bbox 1817 4539 2022 4608; x_wconf 81' lang='lat' dir='ltr'><strong>glossa.</strong></span> <span class='ocrx_word' id='word_1_562' title='bbox 2059 4528 2102 4583; x_wconf 84' lang='grc' dir='ltr'><strong>Ῑ)</strong></span> 
     </span>
    </p>
   </div>
   <div class='ocr_carea' id='block_1_81' title="bbox 452 4608 2020 4681">
    <p class='ocr_par' dir='ltr' id='par_1_81' title="bbox 452 4608 2020 4681">
     <span class='ocr_line' id='line_1_81' title="bbox 452 4608 2020 4681; baseline 0.001 -19"><span class='ocrx_word' id='word_1_563' title='bbox 452 4608 619 4681; x_wconf 77' lang='lat' dir='ltr'><strong>quam</strong></span> <span class='ocrx_word' id='word_1_564' title='bbox 651 4626 712 4681; x_wconf 77' lang='lat' dir='ltr'><strong>ex</strong></span> <span class='ocrx_word' id='word_1_565' title='bbox 751 4611 1052 4681; x_wconf 73' lang='lat' dir='ltr'><strong>communi</strong></span> <span class='ocrx_word' id='word_1_566' title='bbox 1079 4611 1359 4681; x_wconf 66' lang='lat' dir='ltr'><strong>sententia</strong></span> <span class='ocrx_word' id='word_1_567' title='bbox 1396 4608 1460 4662; x_wconf 89' lang='lat' dir='ltr'><strong>ad</strong></span> <span class='ocrx_word' id='word_1_568' title='bbox 1514 4609 1809 4681; x_wconf 79' lang='lat' dir='ltr'><strong>Scriptura:</strong></span> <span class='ocrx_word' id='word_1_569' title='bbox 1841 4613 2020 4664; x_wconf 90' lang='lat' dir='ltr'><strong>locum</strong></span> 
     </span>
    </p>
   </div>
   <div class='ocr_carea' id='block_1_82' title="bbox 458 4677 2022 4770">
    <p class='ocr_par' dir='ltr' id='par_1_82' title="bbox 458 4677 2022 4770">
     <span class='ocr_line' id='line_1_82' title="bbox 458 4677 2022 4770; baseline -0.001 -36"><span class='ocrx_word' id='word_1_570' title='bbox 458 4677 722 4761; x_wconf 62' lang='lat' dir='ltr'><strong>:idtexuit.</strong></span> <span class='ocrx_word' id='word_1_571' title='bbox 753 4679 938 4770; x_wconf 39' lang='lat' dir='ltr'><strong>lioque</strong></span> <span class='ocrx_word' id='word_1_572' title='bbox 968 4679 1112 4770; x_wconf 68' lang='lat' dir='ltr'><strong>enim</strong></span> <span class='ocrx_word' id='word_1_573' title='bbox 1151 4677 1293 4731; x_wconf 74' lang='lat' dir='ltr'><strong>luna:</strong></span> <span class='ocrx_word' id='word_1_574' title='bbox 1313 4677 1609 4770; x_wconf 67' lang='lat' dir='ltr'><strong>lScriptura</strong></span> <span class='ocrx_word' id='word_1_575' title='bbox 1640 4677 1743 4758; x_wconf 74' lang='lat' dir='ltr'><strong>hoc</strong></span> <span class='ocrx_word' id='word_1_576' title='bbox 1777 4679 1838 4770; x_wconf 41' lang='lat' dir='ltr'><strong>in.</strong></span> <span class='ocrx_word' id='word_1_577' title='bbox 1863 4694 2022 4770; x_wconf 50' lang='lat' dir='ltr'><strong>uego-</strong></span> 
     </span>
    </p>
   </div>
   <div class='ocr_carea' id='block_1_83' title="bbox 463 4745 2019 4812">
    <p class='ocr_par' dir='ltr' id='par_1_83' title="bbox 463 4745 2019 4812">
     <span class='ocr_line' id='line_1_83' title="bbox 463 4745 2019 4812; baseline 0.001 -10"><span class='ocrx_word' id='word_1_578' title='bbox 463 4752 544 4803; x_wconf 88' lang='lat' dir='ltr'><strong>tio</strong></span> <span class='ocrx_word' id='word_1_579' title='bbox 570 4745 865 4812; x_wconf 48' lang='lat' dir='ltr'><strong>meminit.‘</strong></span> <span class='ocrx_word' id='word_1_580' title='bbox 888 4749 982 4802; x_wconf 90' lang='lat' dir='ltr'><strong>scd</strong></span> <span class='ocrx_word' id='word_1_581' title='bbox 1022 4763 1264 4802; x_wconf 88' lang='lat' dir='ltr'><strong>mensem</strong></span> <span class='ocrx_word' id='word_1_582' title='bbox 1298 4745 1566 4801; x_wconf 83' lang='lat' dir='ltr'><strong>duntaxat</strong></span> <span class='ocrx_word' id='word_1_583' title='bbox 1601 4745 1866 4803; x_wconf 89' lang='lat' dir='ltr'><strong>nominat.</strong></span> <span class='ocrx_word' id='word_1_584' title='bbox 1908 4745 2019 4804; x_wconf 81' lang='lat' dir='ltr'><strong>Nos</strong></span> 
     </span>
    </p>
   </div>
   <div class='ocr_carea' id='block_1_84' title="bbox 457 4817 1638 4875">
    <p class='ocr_par' dir='ltr' id='par_1_84' title="bbox 457 4817 1638 4875">
     <span class='ocr_line' id='line_1_84' title="bbox 457 4817 1638 4875; baseline -0.003 -4"><span class='ocrx_word' id='word_1_585' title='bbox 457 4823 524 4875; x_wconf 85' lang='lat' dir='ltr'><strong>de</strong></span> <span class='ocrx_word' id='word_1_586' title='bbox 553 4817 863 4871; x_wconf 72' lang='lat' dir='ltr'><strong>inda-orum</strong></span> <span class='ocrx_word' id='word_1_587' title='bbox 893 4833 1039 4871; x_wconf 85' lang='lat' dir='ltr'><strong>anno</strong></span> <span class='ocrx_word' id='word_1_588' title='bbox 1063 4831 1227 4875; x_wconf 72' lang='lat' dir='ltr'><strong>supra</strong></span> <span class='ocrx_word' id='word_1_589' title='bbox 1256 4817 1638 4871; x_wconf 89' lang='lat' dir='ltr'><strong>disseruimus.</strong></span> 
     </span>
    </p>
   </div>
   <div class='ocr_carea' id='block_1_85' title="bbox 529 4831 2022 4959">
    <p class='ocr_par' dir='ltr' id='par_1_85' title="bbox 529 4831 2022 4959">
     <span class='ocr_line' id='line_1_85' title="bbox 553 4831 1638 4872; baseline -0.003 -2"><span class='ocrx_word' id='word_1_590' title='bbox 553 4831 863 4871; x_wconf 71' lang='lat' dir='ltr'><strong>anna-orum</strong></span> <span class='ocrx_word' id='word_1_591' title='bbox 893 4833 1039 4871; x_wconf 86' lang='lat' dir='ltr'><strong>anno</strong></span> <span class='ocrx_word' id='word_1_592' title='bbox 1063 4833 1124 4872; x_wconf 93' lang='lat' dir='ltr'><strong>su</strong></span> <span class='ocrx_word' id='word_1_593' title='bbox 1169 4832 1227 4870; x_wconf 86' lang='lat' dir='ltr'><strong>ra</strong></span> <span class='ocrx_word' id='word_1_594' title='bbox 1256 4831 1638 4871; x_wconf 81' lang='lat' dir='ltr'><strong>disseruimus.</strong></span> 
     </span>
     <span class='ocr_line' id='line_1_86' title="bbox 529 4831 2022 4959; baseline 0.001 -19"><span class='ocrx_word' id='word_1_595' title='bbox 529 4889 642 4959; x_wconf 70' lang='lat' dir='ltr'><strong>(2i)</strong></span> <span class='ocrx_word' id='word_1_596' title='bbox 677 4889 781 4940; x_wconf 80' lang='lat' dir='ltr'><strong>Kal</strong></span> <span class='ocrx_word' id='word_1_597' title='bbox 798 4887 918 4959; x_wconf 55' lang='lat' dir='ltr'><strong>saw</strong></span> <span class='ocrx_word' id='word_1_598' title='bbox 939 4887 1056 4959; x_wconf 66' lang='grc' dir='ltr'><strong>μὲν</strong></span> <span class='ocrx_word' id='word_1_599' title='bbox 1106 4831 1186 4959; x_wconf 44' lang='grc' dir='ltr'><em>ἔν</em></span> <span class='ocrx_word' id='word_1_600' title='bbox 1216 4884 1858 4959; x_wconf 64' lang='grc' dir='ltr'>τεσσαρεσκαιδεκάτη.</span> <span class='ocrx_word' id='word_1_601' title='bbox 1901 4884 2022 4942; x_wconf 88' lang='lat' dir='ltr'><strong>Non</strong></span> 
     </span>
    </p>
   </div>
   <div class='ocr_carea' id='block_1_86' title="bbox 457 4956 2022 5014">
    <p class='ocr_par' dir='ltr' id='par_1_86' title="bbox 457 4956 2022 5014">
     <span class='ocr_line' id='line_1_87' title="bbox 457 4956 2022 5014; baseline -0.001 0"><span class='ocrx_word' id='word_1_602' title='bbox 457 4956 622 5014; x_wconf 87' lang='lat' dir='ltr'><strong>unius</strong></span> <span class='ocrx_word' id='word_1_603' title='bbox 646 4959 751 5012; x_wconf 88' lang='lat' dir='ltr'><strong>diei</strong></span> <span class='ocrx_word' id='word_1_604' title='bbox 795 4957 1104 5014; x_wconf 76' lang='lat' dir='ltr'><strong>Paschalis.</strong></span> <span class='ocrx_word' id='word_1_605' title='bbox 1131 4956 1230 5013; x_wconf 82' lang='lat' dir='ltr'><strong>sed</strong></span> <span class='ocrx_word' id='word_1_606' title='bbox 1263 4959 1431 5010; x_wconf 79' lang='lat' dir='ltr'><strong>totius</strong></span> <span class='ocrx_word' id='word_1_607' title='bbox 1477 4956 1829 5010; x_wconf 84' lang='lat' dir='ltr'><strong>hebdomadis</strong></span> <span class='ocrx_word' id='word_1_608' title='bbox 1852 4959 2022 5012; x_wconf 85' lang='lat' dir='ltr'><strong>ratio-</strong></span> 
     </span>
    </p>
   </div>
   <div class='ocr_carea' id='block_1_87' title="bbox 459 4995 2020 5096">
    <p class='ocr_par' dir='ltr' id='par_1_87' title="bbox 459 4995 2020 5096">
     <span class='ocr_line' id='line_1_88' title="bbox 459 4995 2020 5014; baseline -0.001 -5"><span class='ocrx_word' id='word_1_609' title='bbox 459 4995 622 5014; x_wconf 66' lang='grc' dir='ltr'><strong>μημω</strong></span> <span class='ocrx_word' id='word_1_610' title='bbox 646 4995 751 5012; x_wconf 70' lang='grc' dir='ltr'>...ω</span> <span class='ocrx_word' id='word_1_611' title='bbox 796 4995 814 5008; x_wconf 92' lang='grc'><strong>.</strong></span> <span class='ocrx_word' id='word_1_612' title='bbox 839 4995 1077 5012; x_wconf 48' lang='lat' dir='ltr'><strong>“seu...”</strong></span> <span class='ocrx_word' id='word_1_613' title='bbox 1137 4995 1230 5013; x_wconf 67' lang='grc' dir='ltr'><strong>συ,</strong></span> <span class='ocrx_word' id='word_1_614' title='bbox 1264 4995 1431 5010; x_wconf 78' lang='grc' dir='ltr'>.υ......</span> <span class='ocrx_word' id='word_1_615' title='bbox 1477 4995 1829 5010; x_wconf 65' lang='grc' dir='ltr'>..υυυυηηωω</span> <span class='ocrx_word' id='word_1_616' title='bbox 1855 4995 2020 5012; x_wconf 73' lang='grc' dir='ltr'>...ηυ-</span> 
     </span>
     <span class='ocr_line' id='line_1_89' title="bbox 459 4995 2020 5096; baseline -0.003 -12"><span class='ocrx_word' id='word_1_617' title='bbox 459 5046 580 5084; x_wconf 87' lang='lat' dir='ltr'><strong>nem</strong></span> <span class='ocrx_word' id='word_1_618' title='bbox 600 5031 758 5083; x_wconf 89' lang='lat' dir='ltr'><strong>habet</strong></span> <span class='ocrx_word' id='word_1_619' title='bbox 781 5026 1043 5090; x_wconf 85' lang='lat' dir='ltr'><strong>Ecclesia,</strong></span> <span class='ocrx_word' id='word_1_620' title='bbox 1066 4995 1226 5096; x_wconf 38' lang='lat' dir='ltr'><strong>tinam</strong></span> <span class='ocrx_word' id='word_1_621' title='bbox 1247 5024 1617 5096; x_wconf 80' lang='lat' dir='ltr'><strong>Xerophagite,</strong></span> <span class='ocrx_word' id='word_1_622' title='bbox 1637 5035 1730 5079; x_wconf 89' lang='lat' dir='ltr'><strong>aut</strong></span> <span class='ocrx_word' id='word_1_623' title='bbox 1744 5026 2020 5092; x_wconf 82' lang='lat' dir='ltr'><strong>Sanctam,</strong></span> 
     </span>
    </p>
   </div>
   <div class='ocr_carea' id='block_1_88' title="bbox 457 5096 2023 5166">
    <p class='ocr_par' dir='ltr' id='par_1_88' title="bbox 457 5096 2023 5166">
     <span class='ocr_line' id='line_1_90' title="bbox 457 5096 2023 5166; baseline 0.001 -14"><span class='ocrx_word' id='word_1_624' title='bbox 457 5110 552 5153; x_wconf 88' lang='lat' dir='ltr'><strong>aut</strong></span> <span class='ocrx_word' id='word_1_625' title='bbox 586 5098 793 5152; x_wconf 83' lang='lat' dir='ltr'><strong>Pascha</strong></span> <span class='ocrx_word' id='word_1_626' title='bbox 825 5098 989 5151; x_wconf 87' lang='lat' dir='ltr'><strong>etiam</strong></span> <span class='ocrx_word' id='word_1_627' title='bbox 1031 5096 1394 5166; x_wconf 87' lang='lat' dir='ltr'><strong>appellarunt,</strong></span> <span class='ocrx_word' id='word_1_628' title='bbox 1442 5106 1502 5149; x_wconf 93' lang='lat' dir='ltr'><strong>ut</strong></span> <span class='ocrx_word' id='word_1_629' title='bbox 1536 5098 1602 5149; x_wconf 81' lang='lat' dir='ltr'><strong>ad</strong></span> <span class='ocrx_word' id='word_1_630' title='bbox 1663 5098 1822 5150; x_wconf 86' lang='lat' dir='ltr'><strong>linem</strong></span> <span class='ocrx_word' id='word_1_631' title='bbox 1859 5098 2023 5166; x_wconf 81' lang='lat' dir='ltr'><strong>hujus</strong></span> 
     </span>
    </p>
   </div>
   <div class='ocr_carea' id='block_1_89' title="bbox 458 5167 2024 5238">
    <p class='ocr_par' dir='ltr' id='par_1_89' title="bbox 458 5167 2024 5238">
     <span class='ocr_line' id='line_1_91' title="bbox 458 5167 2024 5238; baseline 0.001 -17"><span class='ocrx_word' id='word_1_632' title='bbox 458 5170 640 5238; x_wconf 84' lang='lat' dir='ltr'><strong>operis</strong></span> <span class='ocrx_word' id='word_1_633' title='bbox 672 5167 1012 5238; x_wconf 81' lang='lat' dir='ltr'><strong>aduotanius.</strong></span> <span class='ocrx_word' id='word_1_634' title='bbox 1047 5167 1104 5220; x_wconf 81' lang='lat' dir='ltr'><strong>Si</strong></span> <span class='ocrx_word' id='word_1_635' title='bbox 1135 5167 1298 5235; x_wconf 78' lang='lat' dir='ltr'><strong>igitur</strong></span> <span class='ocrx_word' id='word_1_636' title='bbox 1331 5181 1419 5220; x_wconf 80' lang='lat' dir='ltr'><strong>xlv</strong></span> <span class='ocrx_word' id='word_1_637' title='bbox 1451 5168 1578 5238; x_wconf 82' lang='lat' dir='ltr'><strong>luna</strong></span> <span class='ocrx_word' id='word_1_638' title='bbox 1611 5169 1662 5220; x_wconf 89' lang='lat' dir='ltr'><strong>in</strong></span> <span class='ocrx_word' id='word_1_639' title='bbox 1708 5167 1898 5222; x_wconf 80' lang='lat' dir='ltr'><strong>feriam</strong></span> <span class='ocrx_word' id='word_1_640' title='bbox 1922 5182 2024 5238; x_wconf 2' lang='lat' dir='ltr'><strong>pse-</strong></span> 
     </span>
    </p>
   </div>
   <div class='ocr_carea' id='block_1_90' title="bbox 455 5235 2023 5306">
    <p class='ocr_par' dir='ltr' id='par_1_90' title="bbox 455 5235 2023 5306">
     <span class='ocr_line' id='line_1_92' title="bbox 455 5235 2023 5306; baseline 0.001 -13"><span class='ocrx_word' id='word_1_641' title='bbox 455 5235 694 5293; x_wconf 75' lang='lat' dir='ltr'><strong>condam</strong></span> <span class='ocrx_word' id='word_1_642' title='bbox 725 5236 1001 5300; x_wconf 87' lang='lat' dir='ltr'><strong>inciderit,</strong></span> <span class='ocrx_word' id='word_1_643' title='bbox 1045 5247 1138 5291; x_wconf 87' lang='lat' dir='ltr'><strong>aut</strong></span> <span class='ocrx_word' id='word_1_644' title='bbox 1168 5239 1220 5290; x_wconf 94' lang='lat' dir='ltr'><strong>in</strong></span> <span class='ocrx_word' id='word_1_645' title='bbox 1253 5237 1509 5306; x_wconf 16' lang='lat' dir='ltr'><strong>reliquos,</strong></span> <span class='ocrx_word' id='word_1_646' title='bbox 1529 5235 1878 5292; x_wconf 73' lang='lat' dir='ltr'><strong>hebdomada:</strong></span> <span class='ocrx_word' id='word_1_647' title='bbox 1904 5237 2023 5294; x_wconf 85' lang='lat' dir='ltr'><strong>dies</strong></span> 
     </span>
    </p>
   </div>
   <div class='ocr_carea' id='block_1_91' title="bbox 459 5304 2023 5388">
    <p class='ocr_par' dir='ltr' id='par_1_91' title="bbox 459 5304 2023 5388">
     <span class='ocr_line' id='line_1_93' title="bbox 459 5304 2023 5388; baseline 0.001 -28"><span class='ocrx_word' id='word_1_648' title='bbox 459 5311 526 5388; x_wconf 69' lang='lat' dir='ltr'><strong>ad</strong></span> <span class='ocrx_word' id='word_1_649' title='bbox 567 5308 863 5388; x_wconf 77' lang='lat' dir='ltr'><strong>Sabbatum</strong></span> <span class='ocrx_word' id='word_1_650' title='bbox 885 5322 1090 5388; x_wconf 35' lang='lat' dir='ltr'><strong>Iusque,</strong></span> <span class='ocrx_word' id='word_1_651' title='bbox 1131 5304 1424 5388; x_wconf 72' lang='lat' dir='ltr'><strong>hebdomas</strong></span> <span class='ocrx_word' id='word_1_652' title='bbox 1473 5305 1826 5388; x_wconf 63' lang='lat' dir='ltr'><strong>Xt&#39;rOphagiae</strong></span> <span class='ocrx_word' id='word_1_653' title='bbox 1880 5307 2023 5388; x_wconf 78' lang='lat' dir='ltr'><strong>cele-</strong></span> 
     </span>
    </p>
   </div>
   <div class='ocr_carea' id='block_1_92' title="bbox 462 5375 2018 5444">
    <p class='ocr_par' dir='ltr' id='par_1_92' title="bbox 462 5375 2018 5444">
     <span class='ocr_line' id='line_1_94' title="bbox 462 5375 2018 5444; baseline 0.001 -15"><span class='ocrx_word' id='word_1_654' title='bbox 462 5379 670 5440; x_wconf 86' lang='lat' dir='ltr'><strong>bratur,</strong></span> <span class='ocrx_word' id='word_1_655' title='bbox 717 5387 772 5432; x_wconf 92' lang='lat' dir='ltr'><strong>et</strong></span> <span class='ocrx_word' id='word_1_656' title='bbox 803 5393 835 5431; x_wconf 89' lang='lat' dir='ltr'><strong>a</strong></span> <span class='ocrx_word' id='word_1_657' title='bbox 884 5375 1015 5430; x_wconf 77' lang='lat' dir='ltr'><strong>feria</strong></span> <span class='ocrx_word' id='word_1_658' title='bbox 1063 5376 1302 5430; x_wconf 87' lang='lat' dir='ltr'><strong>secunda</strong></span> <span class='ocrx_word' id='word_1_659' title='bbox 1347 5375 1467 5444; x_wconf 85' lang='lat' dir='ltr'><strong>ejus</strong></span> <span class='ocrx_word' id='word_1_660' title='bbox 1514 5375 1751 5430; x_wconf 34' lang='lat' dir='ltr'><strong>initium’</strong></span> <span class='ocrx_word' id='word_1_661' title='bbox 1781 5378 2018 5431; x_wconf 86' lang='lat' dir='ltr'><strong>ducitur.</strong></span> 
     </span>
    </p>
   </div>
   <div class='ocr_carea' id='block_1_93' title="bbox 459 5444 2021 5517">
    <p class='ocr_par' dir='ltr' id='par_1_93' title="bbox 459 5444 2021 5517">
     <span class='ocr_line' id='line_1_95' title="bbox 459 5444 2021 5517; baseline 0 -18"><span class='ocrx_word' id='word_1_662' title='bbox 459 5445 653 5502; x_wconf 85' lang='lat' dir='ltr'><strong>Totam</strong></span> <span class='ocrx_word' id='word_1_663' title='bbox 705 5447 844 5501; x_wconf 88' lang='lat' dir='ltr'><strong>hanc</strong></span> <span class='ocrx_word' id='word_1_664' title='bbox 878 5447 1266 5517; x_wconf 83' lang='lat' dir='ltr'><strong>hebdomadem</strong></span> <span class='ocrx_word' id='word_1_665' title='bbox 1299 5444 1444 5517; x_wconf 79' lang='grc' dir='ltr'>θῦμα</span> <span class='ocrx_word' id='word_1_666' title='bbox 1487 5446 1781 5517; x_wconf 84' lang='grc' dir='ltr'>προϐάτου,</span> <span class='ocrx_word' id='word_1_667' title='bbox 1816 5457 2021 5500; x_wconf 86' lang='lat' dir='ltr'><strong>macta-</strong></span> 
     </span>
    </p>
   </div>
   <div class='ocr_carea' id='block_1_94' title="bbox 464 5515 2025 5586">
    <p class='ocr_par' dir='ltr' id='par_1_94' title="bbox 464 5515 2025 5586">
     <span class='ocr_line' id='line_1_96' title="bbox 464 5515 2025 5586; baseline 0.004 -20"><span class='ocrx_word' id='word_1_668' title='bbox 464 5521 652 5571; x_wconf 81' lang='lat' dir='ltr'><strong>tionem</strong></span> <span class='ocrx_word' id='word_1_669' title='bbox 674 5519 795 5585; x_wconf 82' lang='lat' dir='ltr'><strong>agni</strong></span> <span class='ocrx_word' id='word_1_670' title='bbox 816 5521 1114 5585; x_wconf 86' lang='lat' dir='ltr'><strong>nuncupat,</strong></span> <span class='ocrx_word' id='word_1_671' title='bbox 1156 5515 1283 5586; x_wconf 84' lang='lat' dir='ltr'><strong>quia</strong></span> <span class='ocrx_word' id='word_1_672' title='bbox 1313 5516 1368 5569; x_wconf 91' lang='lat' dir='ltr'><strong>in</strong></span> <span class='ocrx_word' id='word_1_673' title='bbox 1405 5515 1668 5586; x_wconf 83' lang='lat' dir='ltr'><strong>apparatu</strong></span> <span class='ocrx_word' id='word_1_674' title='bbox 1689 5517 2025 5572; x_wconf 76' lang='lat' dir='ltr'><strong>celebritatis</strong></span> 
     </span>
    </p>
   </div>
   <div class='ocr_carea' id='block_1_95' title="bbox 462 5586 2020 5655">
    <p class='ocr_par' dir='ltr' id='par_1_95' title="bbox 462 5586 2020 5655">
     <span class='ocr_line' id='line_1_97' title="bbox 462 5586 2020 5655; baseline 0.002 -17"><span class='ocrx_word' id='word_1_675' title='bbox 462 5596 518 5655; x_wconf 79' lang='lat' dir='ltr'><strong>et</strong></span> <span class='ocrx_word' id='word_1_676' title='bbox 552 5587 938 5655; x_wconf 88' lang='lat' dir='ltr'><strong>immolationis</strong></span> <span class='ocrx_word' id='word_1_677' title='bbox 962 5587 1082 5640; x_wconf 89' lang='lat' dir='ltr'><strong>dies</strong></span> <span class='ocrx_word' id='word_1_678' title='bbox 1115 5587 1322 5654; x_wconf 85' lang='lat' dir='ltr'><strong>aliquot</strong></span> <span class='ocrx_word' id='word_1_679' title='bbox 1354 5598 1384 5639; x_wconf 89' lang='lat' dir='ltr'><strong>a</strong></span> <span class='ocrx_word' id='word_1_680' title='bbox 1425 5586 1628 5640; x_wconf 66' lang='lat' dir='ltr'><strong>Judaeis</strong></span> <span class='ocrx_word' id='word_1_681' title='bbox 1661 5586 1788 5640; x_wconf 91' lang='lat' dir='ltr'><strong>olim</strong></span> <span class='ocrx_word' id='word_1_682' title='bbox 1833 5586 2020 5655; x_wconf 85' lang='lat' dir='ltr'><strong>positi.</strong></span> 
     </span>
    </p>
   </div>
   <div class='ocr_carea' id='block_1_96' title="bbox 466 5653 2024 5724">
    <p class='ocr_par' dir='ltr' id='par_1_96' title="bbox 466 5653 2024 5724">
     <span class='ocr_line' id='line_1_98' title="bbox 466 5653 2024 5724; baseline 0.002 -17"><span class='ocrx_word' id='word_1_683' title='bbox 466 5653 599 5707; x_wconf 79' lang='lat' dir='ltr'><strong>Nam</strong></span> <span class='ocrx_word' id='word_1_684' title='bbox 633 5654 794 5722; x_wconf 84' lang='grc' dir='ltr'>μέσον</span> <span class='ocrx_word' id='word_1_685' title='bbox 820 5654 1030 5723; x_wconf 81' lang='grc' dir='ltr'>ἄγεται,</span> <span class='ocrx_word' id='word_1_686' title='bbox 1063 5664 1123 5708; x_wconf 82' lang='grc' dir='ltr'><strong>ιιι</strong></span> <span class='ocrx_word' id='word_1_687' title='bbox 1153 5653 1316 5724; x_wconf 84' lang='lat' dir='ltr'><strong>supra</strong></span> <span class='ocrx_word' id='word_1_688' title='bbox 1351 5655 1658 5718; x_wconf 83' lang='lat' dir='ltr'><strong>docuimus,</strong></span> <span class='ocrx_word' id='word_1_689' title='bbox 1686 5653 1847 5724; x_wconf 76' lang='lat' dir='ltr'><strong>nihil</strong></span> <span class='ocrx_word' id='word_1_690' title='bbox 1875 5657 2024 5710; x_wconf 87' lang='lat' dir='ltr'><strong>aliud</strong></span> 
     </span>
    </p>
   </div>
   <div class='ocr_carea' id='block_1_97' title="bbox 465 5723 2020 5794">
    <p class='ocr_par' dir='ltr' id='par_1_97' title="bbox 465 5723 2020 5794">
     <span class='ocr_line' id='line_1_99' title="bbox 465 5723 2020 5794; baseline 0.003 -20"><span class='ocrx_word' id='word_1_691' title='bbox 465 5733 723 5794; x_wconf 60' lang='lat' dir='ltr'><strong>estquam</strong></span> <span class='ocrx_word' id='word_1_692' title='bbox 745 5723 1057 5787; x_wconf 77' lang='lat' dir='ltr'><strong>celebratur,</strong></span> <span class='ocrx_word' id='word_1_693' title='bbox 1079 5726 1369 5794; x_wconf 82' lang='lat' dir='ltr'><strong>peragitur.</strong></span> <span class='ocrx_word' id='word_1_694' title='bbox 1395 5724 1487 5778; x_wconf 87' lang='lat' dir='ltr'><strong>Sir.</strong></span> <span class='ocrx_word' id='word_1_695' title='bbox 1520 5725 1650 5778; x_wconf 89' lang='lat' dir='ltr'><strong>illud</strong></span> <span class='ocrx_word' id='word_1_696' title='bbox 1672 5723 1830 5777; x_wconf 77' lang='lat' dir='ltr'><strong>Joan.</strong></span> <span class='ocrx_word' id='word_1_697' title='bbox 1850 5740 1948 5787; x_wconf 84' lang='lat' dir='ltr'><strong>vn.</strong></span> <span class='ocrx_word' id='word_1_698' title='bbox 1965 5725 2020 5790; x_wconf 82' lang='lat'><strong>7,</strong></span> 
     </span>
    </p>
   </div>
   <div class='ocr_carea' id='block_1_98' title="bbox 473 5791 2025 5866">
    <p class='ocr_par' dir='ltr' id='par_1_98' title="bbox 473 5791 2025 5866">
     <span class='ocr_line' id='line_1_100' title="bbox 473 5791 2025 5866; baseline 0.002 -21"><span class='ocrx_word' id='word_1_699' title='bbox 473 5791 608 5864; x_wconf 74' lang='grc' dir='ltr'><strong>Ἤδη</strong></span> <span class='ocrx_word' id='word_1_700' title='bbox 642 5793 696 5846; x_wconf 68' lang='grc' dir='ltr'><strong>δὲ</strong></span> <span class='ocrx_word' id='word_1_701' title='bbox 722 5794 817 5863; x_wconf 69' lang='grc' dir='ltr'>τῆς</span> <span class='ocrx_word' id='word_1_702' title='bbox 857 5796 1047 5865; x_wconf 71' lang='grc' dir='ltr'>ἑορτῆς</span> <span class='ocrx_word' id='word_1_703' title='bbox 1080 5791 1392 5866; x_wconf 60' lang='grc' dir='ltr'>μεσούσης,</span> <span class='ocrx_word' id='word_1_704' title='bbox 1431 5795 1598 5862; x_wconf 87' lang='lat' dir='ltr'><strong>accipi</strong></span> <span class='ocrx_word' id='word_1_705' title='bbox 1631 5801 1826 5862; x_wconf 85' lang='lat' dir='ltr'><strong>potest.</strong></span> <span class='ocrx_word' id='word_1_706' title='bbox 1853 5794 2025 5849; x_wconf 66' lang='grc' dir='ltr'>(Σινω-</span> 
     </span>
    </p>
   </div>
   <div class='ocr_carea' id='block_1_99' title="bbox 2114 3515 3700 3590">
    <p class='ocr_par' dir='ltr' id='par_1_99' title="bbox 2114 3515 3700 3590">
     <span class='ocr_line' id='line_1_101' title="bbox 2114 3515 3700 3590; baseline 0.003 -21"><span class='ocrx_word' id='word_1_707' title='bbox 2114 3515 2267 3585; x_wconf 80' lang='grc' dir='ltr'>άγειν</span> <span class='ocrx_word' id='word_1_708' title='bbox 2309 3516 2409 3588; x_wconf 82' lang='grc' dir='ltr'>τὴν</span> <span class='ocrx_word' id='word_1_709' title='bbox 2457 3515 2648 3589; x_wconf 75' lang='grc' dir='ltr'>ἑορτὴν</span> <span class='ocrx_word' id='word_1_710' title='bbox 2698 3517 2792 3572; x_wconf 78' lang='grc' dir='ltr'><strong>τοῦ</strong></span> <span class='ocrx_word' id='word_1_711' title='bbox 2843 3518 3062 3588; x_wconf 81' lang='grc' dir='ltr'>Πάσχα,</span> <span class='ocrx_word' id='word_1_712' title='bbox 3115 3518 3360 3572; x_wconf 84' lang='grc' dir='ltr'>τουτέστι</span> <span class='ocrx_word' id='word_1_713' title='bbox 3396 3519 3494 3590; x_wconf 83' lang='grc' dir='ltr'>τὴν</span> <span class='ocrx_word' id='word_1_714' title='bbox 3536 3519 3700 3573; x_wconf 76' lang='grc' dir='ltr'>ἑϐδο-</span> 
     </span>
    </p>
   </div>
   <div class='ocr_carea' id='block_1_100' title="bbox 2119 3609 3703 3682">
    <p class='ocr_par' dir='ltr' id='par_1_100' title="bbox 2119 3609 3703 3682">
     <span class='ocr_line' id='line_1_102' title="bbox 2119 3609 3703 3682; baseline 0.003 -21"><span class='ocrx_word' id='word_1_715' title='bbox 2119 3609 2260 3680; x_wconf 79' lang='grc' dir='ltr'>μάδα</span> <span class='ocrx_word' id='word_1_716' title='bbox 2290 3609 2388 3680; x_wconf 82' lang='grc' dir='ltr'>τὴν</span> <span class='ocrx_word' id='word_1_717' title='bbox 2419 3609 2735 3682; x_wconf 81' lang='grc' dir='ltr'>ὡρισμένην</span> <span class='ocrx_word' id='word_1_718' title='bbox 2781 3610 2876 3665; x_wconf 81' lang='grc' dir='ltr'>καὶ</span> <span class='ocrx_word' id='word_1_719' title='bbox 2912 3611 3009 3664; x_wconf 78' lang='grc' dir='ltr'><strong>ἀπ’</strong></span> <span class='ocrx_word' id='word_1_720' title='bbox 3031 3610 3212 3665; x_wconf 77' lang='grc' dir='ltr'>αὐτῶν</span> <span class='ocrx_word' id='word_1_721' title='bbox 3241 3611 3350 3664; x_wconf 86' lang='grc' dir='ltr'><strong>τῶν</strong></span> <span class='ocrx_word' id='word_1_722' title='bbox 3377 3611 3703 3665; x_wconf 74' lang='grc' dir='ltr'>ἀποστόλων</span> 
     </span>
    </p>
   </div>
   <div class='ocr_carea' id='block_1_101' title="bbox 2115 3698 3701 3773">
    <p class='ocr_par' dir='ltr' id='par_1_101' title="bbox 2115 3698 3701 3773">
     <span class='ocr_line' id='line_1_103' title="bbox 2115 3698 3701 3773; baseline -0.001 -20"><span class='ocrx_word' id='word_1_723' title='bbox 2115 3702 2174 3755; x_wconf 83' lang='grc' dir='ltr'><strong>ὲν</strong></span> <span class='ocrx_word' id='word_1_724' title='bbox 2204 3702 2271 3772; x_wconf 81' lang='grc' dir='ltr'>τῇ</span> <span class='ocrx_word' id='word_1_725' title='bbox 2300 3700 2562 3768; x_wconf 80' lang='grc' dir='ltr'>διατάξει,</span> <span class='ocrx_word' id='word_1_726' title='bbox 2591 3700 2700 3756; x_wconf 73' lang='grc' dir='ltr'>ἀπὸ</span> <span class='ocrx_word' id='word_1_727' title='bbox 2739 3700 2994 3773; x_wconf 81' lang='grc' dir='ltr'>δευτέρας</span> <span class='ocrx_word' id='word_1_728' title='bbox 3025 3700 3312 3756; x_wconf 82' lang='grc' dir='ltr'>σαϐϐάτων</span> <span class='ocrx_word' id='word_1_729' title='bbox 3332 3714 3346 3729; x_wconf 83' lang='grc'><em>’</em></span> <span class='ocrx_word' id='word_1_730' title='bbox 3376 3699 3510 3772; x_wconf 77' lang='grc' dir='ltr'>ὅπερ</span> <span class='ocrx_word' id='word_1_731' title='bbox 3541 3698 3701 3753; x_wconf 71' lang='grc' dir='ltr'>ἐστὶν</span> 
     </span>
    </p>
   </div>
   <div class='ocr_carea' id='block_1_102' title="bbox 2116 3785 3702 3864">
    <p class='ocr_par' dir='ltr' id='par_1_102' title="bbox 2116 3785 3702 3864">
     <span class='ocr_line' id='line_1_104' title="bbox 2116 3785 3702 3864; baseline 0.001 -20"><span class='ocrx_word' id='word_1_732' title='bbox 2116 3791 2429 3862; x_wconf 75' lang='grc' dir='ltr'>ἀγορασμδς</span> <span class='ocrx_word' id='word_1_733' title='bbox 2480 3790 2575 3846; x_wconf 78' lang='grc' dir='ltr'><strong>τοῦ</strong></span> <span class='ocrx_word' id='word_1_734' title='bbox 2618 3790 2910 3864; x_wconf 87' lang='grc' dir='ltr'>προϐάτου.</span> <span class='ocrx_word' id='word_1_735' title='bbox 2943 3792 3053 3847; x_wconf 78' lang='grc' dir='ltr'><strong>Καὶ</strong></span> <span class='ocrx_word' id='word_1_736' title='bbox 3098 3790 3194 3846; x_wconf 70' lang='grc' dir='ltr'><strong>ἐὰν</strong></span> <span class='ocrx_word' id='word_1_737' title='bbox 3242 3791 3342 3863; x_wconf 82' lang='grc' dir='ltr'><strong>μὲν</strong></span> <span class='ocrx_word' id='word_1_738' title='bbox 3387 3785 3454 3864; x_wconf 74' lang='grc' dir='ltr'><strong>ἦν</strong></span> <span class='ocrx_word' id='word_1_739' title='bbox 3495 3807 3702 3845; x_wconf 76' lang='grc' dir='ltr'>τεσσα-</span> 
     </span>
    </p>
   </div>
   <div class='ocr_carea' id='block_1_103' title="bbox 2118 3881 3704 3956">
    <p class='ocr_par' dir='ltr' id='par_1_103' title="bbox 2118 3881 3704 3956">
     <span class='ocr_line' id='line_1_105' title="bbox 2118 3881 3704 3956; baseline -0.001 -20"><span class='ocrx_word' id='word_1_740' title='bbox 2118 3882 2511 3955; x_wconf 83' lang='grc' dir='ltr'>ρεσκαιδεκάτη</span> <span class='ocrx_word' id='word_1_741' title='bbox 2538 3883 2651 3952; x_wconf 72' lang='grc'>(21)</span> <span class='ocrx_word' id='word_1_742' title='bbox 2677 3883 2778 3954; x_wconf 83' lang='grc' dir='ltr'>τῆς</span> <span class='ocrx_word' id='word_1_743' title='bbox 2806 3884 3033 3954; x_wconf 83' lang='grc' dir='ltr'>σελήνης</span> <span class='ocrx_word' id='word_1_744' title='bbox 3065 3885 3132 3955; x_wconf 75' lang='grc' dir='ltr'><strong>τῇ</strong></span> <span class='ocrx_word' id='word_1_745' title='bbox 3164 3881 3394 3956; x_wconf 77' lang='grc' dir='ltr'>δευτέρα</span> <span class='ocrx_word' id='word_1_746' title='bbox 3429 3882 3539 3936; x_wconf 84' lang='grc' dir='ltr'><strong>τῶν</strong></span> <span class='ocrx_word' id='word_1_747' title='bbox 3568 3881 3704 3934; x_wconf 86' lang='grc' dir='ltr'>σαϐ-</span> 
     </span>
    </p>
   </div>
   <div class='ocr_carea' id='block_1_104' title="bbox 2114 3969 3702 4044">
    <p class='ocr_par' dir='ltr' id='par_1_104' title="bbox 2114 3969 3702 4044">
     <span class='ocr_line' id='line_1_106' title="bbox 2114 3969 3702 4044; baseline -0.002 -17"><span class='ocrx_word' id='word_1_748' title='bbox 2114 3972 2318 4039; x_wconf 82' lang='grc' dir='ltr'>ϐάτων,</span> <span class='ocrx_word' id='word_1_749' title='bbox 2349 3973 2513 4044; x_wconf 83' lang='grc' dir='ltr'>μέσον</span> <span class='ocrx_word' id='word_1_750' title='bbox 2539 3976 2561 4006; x_wconf 79' lang='grc'>³</span> <span class='ocrx_word' id='word_1_751' title='bbox 2594 3974 2788 4042; x_wconf 75' lang='grc' dir='ltr'>ἄγεται</span> <span class='ocrx_word' id='word_1_752' title='bbox 2816 3973 2879 4027; x_wconf 79' lang='grc' dir='ltr'><strong>τὸ</strong></span> <span class='ocrx_word' id='word_1_753' title='bbox 2923 3973 3070 4044; x_wconf 82' lang='grc' dir='ltr'>θῦμα</span> <span class='ocrx_word' id='word_1_754' title='bbox 3101 3971 3195 4027; x_wconf 79' lang='grc' dir='ltr'><strong>τοῦ</strong></span> <span class='ocrx_word' id='word_1_755' title='bbox 3246 3969 3552 4044; x_wconf 66' lang='grc' dir='ltr'>προϐάτουν</span> <span class='ocrx_word' id='word_1_756' title='bbox 3603 3971 3702 4026; x_wconf 77' lang='grc' dir='ltr'>ἐάν</span> 
     </span>
    </p>
   </div>
   <div class='ocr_carea' id='block_1_105' title="bbox 2116 4059 3704 4136">
    <p class='ocr_par' dir='ltr' id='par_1_105' title="bbox 2116 4059 3704 4136">
     <span class='ocr_line' id='line_1_107' title="bbox 2116 4059 3704 4136; baseline 0.001 -21"><span class='ocrx_word' id='word_1_757' title='bbox 2116 4080 2174 4116; x_wconf 88' lang='grc' dir='ltr'><strong>τε</strong></span> <span class='ocrx_word' id='word_1_758' title='bbox 2197 4061 2354 4136; x_wconf 80' lang='grc' dir='ltr'>τρίτῃ</span> <span class='ocrx_word' id='word_1_759' title='bbox 2383 4061 2691 4118; x_wconf 78' lang='grc' dir='ltr'>σαϐϐάτων.</span> <span class='ocrx_word' id='word_1_760' title='bbox 2714 4061 2809 4116; x_wconf 76' lang='grc' dir='ltr'><strong>ἐὰν</strong></span> <span class='ocrx_word' id='word_1_761' title='bbox 2838 4061 2895 4116; x_wconf 78' lang='grc' dir='ltr'><strong>δὲ</strong></span> <span class='ocrx_word' id='word_1_762' title='bbox 2923 4061 3154 4136; x_wconf 75' lang='grc' dir='ltr'>τετάρτῃ</span> <span class='ocrx_word' id='word_1_763' title='bbox 3177 4061 3483 4129; x_wconf 87' lang='grc' dir='ltr'>σαϐϐάτων,</span> <span class='ocrx_word' id='word_1_764' title='bbox 3513 4059 3614 4115; x_wconf 71' lang='grc' dir='ltr'>ἐάν</span> <span class='ocrx_word' id='word_1_765' title='bbox 3637 4075 3704 4116; x_wconf 71' lang='grc' dir='ltr'>τι</span> 
     </span>
    </p>
   </div>
   <div class='ocr_carea' id='block_1_106' title="bbox 2135 4329 3703 4402">
    <p class='ocr_par' dir='ltr' id='par_1_106' title="bbox 2135 4329 3703 4402">
     <span class='ocr_line' id='line_1_108' title="bbox 2135 4329 3703 4402; baseline 0.001 -16"><span class='ocrx_word' id='word_1_766' title='bbox 2135 4346 2255 4387; x_wconf 87' lang='lat' dir='ltr'><strong>rum</strong></span> <span class='ocrx_word' id='word_1_767' title='bbox 2317 4331 2628 4394; x_wconf 74' lang='lat' dir='ltr'><strong>Dnminicm.</strong></span> <span class='ocrx_word' id='word_1_768' title='bbox 2687 4333 2804 4388; x_wconf 84' lang='lat' dir='ltr'><strong>sive</strong></span> <span class='ocrx_word' id='word_1_769' title='bbox 2854 4329 3004 4387; x_wconf 62' lang='lat' dir='ltr'><strong>ferite</strong></span> <span class='ocrx_word' id='word_1_770' title='bbox 3035 4329 3224 4402; x_wconf 70' lang='lat' dir='ltr'><strong>prima:</strong></span> <span class='ocrx_word' id='word_1_771' title='bbox 3268 4330 3374 4386; x_wconf 90' lang='lat' dir='ltr'><strong>hoc</strong></span> <span class='ocrx_word' id='word_1_772' title='bbox 3421 4331 3542 4402; x_wconf 88' lang='lat' dir='ltr'><strong>loco</strong></span> <span class='ocrx_word' id='word_1_773' title='bbox 3572 4345 3703 4402; x_wconf 86' lang='lat' dir='ltr'><strong>non</strong></span> 
     </span>
    </p>
   </div>
   <div class='ocr_carea' id='block_1_107' title="bbox 2136 4400 3704 4472">
    <p class='ocr_par' dir='ltr' id='par_1_107' title="bbox 2136 4400 3704 4472">
     <span class='ocr_line' id='line_1_109' title="bbox 2136 4400 3704 4472; baseline 0.001 -16"><span class='ocrx_word' id='word_1_774' title='bbox 2136 4403 2402 4465; x_wconf 89' lang='lat' dir='ltr'><strong>meminit,</strong></span> <span class='ocrx_word' id='word_1_775' title='bbox 2443 4403 2587 4471; x_wconf 88' lang='lat' dir='ltr'><strong>quod</strong></span> <span class='ocrx_word' id='word_1_776' title='bbox 2616 4402 2682 4456; x_wconf 88' lang='lat' dir='ltr'><strong>ab</strong></span> <span class='ocrx_word' id='word_1_777' title='bbox 2701 4417 2763 4458; x_wconf 91' lang='lat' dir='ltr'><strong>ea</strong></span> <span class='ocrx_word' id='word_1_778' title='bbox 2805 4400 3082 4472; x_wconf 81' lang='lat' dir='ltr'><strong>nunquam</strong></span> <span class='ocrx_word' id='word_1_779' title='bbox 3111 4400 3464 4472; x_wconf 74' lang='lat' dir='ltr'><strong>Xerophagiae</strong></span> <span class='ocrx_word' id='word_1_780' title='bbox 3497 4401 3704 4457; x_wconf 82' lang='lat' dir='ltr'><strong>hebdo-</strong></span> 
     </span>
    </p>
   </div>
   <div class='ocr_carea' id='block_1_108' title="bbox 2136 4471 3700 4542">
    <p class='ocr_par' dir='ltr' id='par_1_108' title="bbox 2136 4471 3700 4542">
     <span class='ocr_line' id='line_1_110' title="bbox 2136 4471 3700 4542; baseline 0.003 -19"><span class='ocrx_word' id='word_1_781' title='bbox 2136 4485 2254 4542; x_wconf 81' lang='lat' dir='ltr'><strong>nias</strong></span> <span class='ocrx_word' id='word_1_782' title='bbox 2303 4473 2439 4542; x_wconf 83' lang='lat' dir='ltr'><strong>inire</strong></span> <span class='ocrx_word' id='word_1_783' title='bbox 2473 4473 2663 4542; x_wconf 83' lang='lat' dir='ltr'><strong>possit,</strong></span> <span class='ocrx_word' id='word_1_784' title='bbox 2695 4488 2817 4527; x_wconf 91' lang='lat' dir='ltr'><strong>cum</strong></span> <span class='ocrx_word' id='word_1_785' title='bbox 2857 4471 3132 4526; x_wconf 87' lang='lat' dir='ltr'><strong>Dominica</strong></span> <span class='ocrx_word' id='word_1_786' title='bbox 3168 4471 3271 4526; x_wconf 20' lang='lat' dir='ltr'><strong>diei</strong></span> <span class='ocrx_word' id='word_1_787' title='bbox 3296 4471 3557 4542; x_wconf 77' lang='lat' dir='ltr'><strong>jejunare</strong></span> <span class='ocrx_word' id='word_1_788' title='bbox 3587 4490 3700 4527; x_wconf 88' lang='lat' dir='ltr'><strong>non</strong></span> 
     </span>
    </p>
   </div>
   <div class='ocr_carea' id='block_1_109' title="bbox 2135 4540 3700 4606">
    <p class='ocr_par' dir='ltr' id='par_1_109' title="bbox 2135 4540 3700 4606">
     <span class='ocr_line' id='line_1_111' title="bbox 2135 4540 3700 4606; baseline 0.001 -13"><span class='ocrx_word' id='word_1_789' title='bbox 2135 4541 2310 4595; x_wconf 83' lang='lat' dir='ltr'><strong>liceat.</strong></span> <span class='ocrx_word' id='word_1_790' title='bbox 2341 4541 2406 4594; x_wconf 86' lang='lat' dir='ltr'><strong>Et</strong></span> <span class='ocrx_word' id='word_1_791' title='bbox 2443 4540 2622 4596; x_wconf 83' lang='lat' dir='ltr'><strong>tamen</strong></span> <span class='ocrx_word' id='word_1_792' title='bbox 2665 4543 2711 4595; x_wconf 90' lang='lat' dir='ltr'><strong>si</strong></span> <span class='ocrx_word' id='word_1_793' title='bbox 2742 4543 2795 4595; x_wconf 92' lang='lat' dir='ltr'><strong>in</strong></span> <span class='ocrx_word' id='word_1_794' title='bbox 2825 4555 2944 4596; x_wconf 88' lang='lat' dir='ltr'><strong>eam</strong></span> <span class='ocrx_word' id='word_1_795' title='bbox 2985 4556 3072 4595; x_wconf 81' lang='lat' dir='ltr'><strong>xiv</strong></span> <span class='ocrx_word' id='word_1_796' title='bbox 3106 4542 3248 4596; x_wconf 65' lang='lat' dir='ltr'><strong>Iunaa</strong></span> <span class='ocrx_word' id='word_1_797' title='bbox 3279 4540 3398 4597; x_wconf 81' lang='lat' dir='ltr'><strong>dies</strong></span> <span class='ocrx_word' id='word_1_798' title='bbox 3420 4540 3700 4606; x_wconf 85' lang='lat' dir='ltr'><strong>inciderit.</strong></span> 
     </span>
    </p>
   </div>
   <div class='ocr_carea' id='block_1_110' title="bbox 2123 4609 3703 4683">
    <p class='ocr_par' dir='ltr' id='par_1_110' title="bbox 2123 4609 3703 4683">
     <span class='ocr_line' id='line_1_112' title="bbox 2123 4609 3703 4683; baseline 0.001 -19"><span class='ocrx_word' id='word_1_799' title='bbox 2123 4612 2386 4683; x_wconf 86' lang='lat' dir='ltr'><strong>postridie</strong></span> <span class='ocrx_word' id='word_1_800' title='bbox 2417 4611 2817 4683; x_wconf 76' lang='lat' dir='ltr'><strong>Xerophagiam</strong></span> <span class='ocrx_word' id='word_1_801' title='bbox 2842 4611 3199 4683; x_wconf 89' lang='lat' dir='ltr'><strong>inchoabant.</strong></span> <span class='ocrx_word' id='word_1_802' title='bbox 3245 4609 3302 4665; x_wconf 89' lang='lat' dir='ltr'><strong>In</strong></span> <span class='ocrx_word' id='word_1_803' title='bbox 3322 4610 3703 4683; x_wconf 10' lang='lat' dir='ltr'><strong>i’l‘essaresme-</strong></span> 
     </span>
    </p>
   </div>
   <div class='ocr_carea' id='block_1_111' title="bbox 2121 4681 3701 4764">
    <p class='ocr_par' dir='ltr' id='par_1_111' title="bbox 2121 4681 3701 4764">
     <span class='ocr_line' id='line_1_113' title="bbox 2121 4681 3701 4764; baseline 0 -29"><span class='ocrx_word' id='word_1_804' title='bbox 2121 4681 2480 4764; x_wconf 69' lang='lat' dir='ltr'><strong>decutitarum</strong></span> <span class='ocrx_word' id='word_1_805' title='bbox 2509 4681 2721 4764; x_wconf 44' lang='lat' dir='ltr'><strong>laureati,</strong></span> <span class='ocrx_word' id='word_1_806' title='bbox 2743 4697 2864 4751; x_wconf 79' lang='lat' dir='ltr'><strong>qua:</strong></span> <span class='ocrx_word' id='word_1_807' title='bbox 2879 4682 3448 4764; x_wconf 57' lang='lat' dir='ltr'><strong>esttptinquagesima,</strong></span> <span class='ocrx_word' id='word_1_808' title='bbox 3468 4697 3621 4736; x_wconf 88' lang='lat' dir='ltr'><strong>num.</strong></span> <span class='ocrx_word' id='word_1_809' title='bbox 3642 4682 3701 4746; x_wconf 81' lang='lat'><strong>9.,</strong></span> 
     </span>
    </p>
   </div>
   <div class='ocr_carea' id='block_1_112' title="bbox 2121 4750 3702 4822">
    <p class='ocr_par' dir='ltr' id='par_1_112' title="bbox 2121 4750 3702 4822">
     <span class='ocr_line' id='line_1_114' title="bbox 2121 4750 3702 4822; baseline 0 -18"><span class='ocrx_word' id='word_1_810' title='bbox 2121 4750 2190 4822; x_wconf 78' lang='lat' dir='ltr'><strong>de</strong></span> <span class='ocrx_word' id='word_1_811' title='bbox 2215 4751 2410 4822; x_wconf 84' lang='lat' dir='ltr'><strong>diebus</strong></span> <span class='ocrx_word' id='word_1_812' title='bbox 2459 4753 2604 4822; x_wconf 49' lang='lat' dir='ltr'><strong>agit.</strong></span> <span class='ocrx_word' id='word_1_813' title='bbox 2613 4750 2768 4822; x_wconf 86' lang='lat' dir='ltr'><strong>quos</strong></span> <span class='ocrx_word' id='word_1_814' title='bbox 2819 4757 2945 4822; x_wconf 88' lang='lat' dir='ltr'><strong>ante</strong></span> <span class='ocrx_word' id='word_1_815' title='bbox 2990 4750 3252 4822; x_wconf 80' lang='lat' dir='ltr'><strong>Paschati</strong></span> <span class='ocrx_word' id='word_1_816' title='bbox 3298 4752 3541 4822; x_wconf 74' lang='lat' dir='ltr'><strong>solemne</strong></span> <span class='ocrx_word' id='word_1_817' title='bbox 3587 4763 3702 4806; x_wconf 89' lang='lat' dir='ltr'><strong>tam</strong></span> 
     </span>
    </p>
   </div>
   <div class='ocr_carea' id='block_1_113' title="bbox 2121 4819 3704 4892">
    <p class='ocr_par' dir='ltr' id='par_1_113' title="bbox 2121 4819 3704 4892">
     <span class='ocr_line' id='line_1_115' title="bbox 2121 4819 3704 4892; baseline 0 -18"><span class='ocrx_word' id='word_1_818' title='bbox 2121 4819 2317 4886; x_wconf 64' lang='lat' dir='ltr'><strong>Judaei,</strong></span> <span class='ocrx_word' id='word_1_819' title='bbox 2351 4819 2518 4892; x_wconf 79' lang='lat' dir='ltr'><strong>quani</strong></span> <span class='ocrx_word' id='word_1_820' title='bbox 2565 4819 2863 4892; x_wconf 77' lang='lat' dir='ltr'><strong>Christiani</strong></span> <span class='ocrx_word' id='word_1_821' title='bbox 2923 4821 3292 4877; x_wconf 88' lang='lat' dir='ltr'><strong>celebrabant.</strong></span> <span class='ocrx_word' id='word_1_822' title='bbox 3331 4819 3704 4892; x_wconf 80' lang='lat' dir='ltr'><strong>Reprehendit</strong></span> 
     </span>
    </p>
   </div>
   <div class='ocr_carea' id='block_1_114' title="bbox 2122 4889 3701 4972">
    <p class='ocr_par' dir='ltr' id='par_1_114' title="bbox 2122 4889 3701 4972">
     <span class='ocr_line' id='line_1_116' title="bbox 2122 4889 3701 4972; baseline 0 -30"><span class='ocrx_word' id='word_1_823' title='bbox 2122 4892 2265 4972; x_wconf 73' lang='lat' dir='ltr'><strong>enim</strong></span> <span class='ocrx_word' id='word_1_824' title='bbox 2296 4889 2604 4972; x_wconf 62' lang='lat' dir='ltr'><strong>haireticos,</strong></span> <span class='ocrx_word' id='word_1_825' title='bbox 2642 4891 2736 4972; x_wconf 80' lang='lat' dir='ltr'><strong>qui</strong></span> <span class='ocrx_word' id='word_1_826' title='bbox 2787 4891 3051 4972; x_wconf 62' lang='lat' dir='ltr'><strong>adultum</strong></span> <span class='ocrx_word' id='word_1_827' title='bbox 3085 4892 3231 4972; x_wconf 83' lang='lat' dir='ltr'><strong>diem_</strong></span> <span class='ocrx_word' id='word_1_828' title='bbox 3255 4889 3564 4972; x_wconf 68' lang='lat' dir='ltr'><strong>respectum</strong></span> <span class='ocrx_word' id='word_1_829' title='bbox 3598 4889 3701 4972; x_wconf 70' lang='lat' dir='ltr'><strong>ha-</strong></span> 
     </span>
    </p>
   </div>
   <div class='ocr_carea' id='block_1_115' title="bbox 2123 4959 3702 5031">
    <p class='ocr_par' dir='ltr' id='par_1_115' title="bbox 2123 4959 3702 5031">
     <span class='ocr_line' id='line_1_117' title="bbox 2123 4959 3702 5031; baseline 0.001 -18"><span class='ocrx_word' id='word_1_830' title='bbox 2123 4960 2334 5024; x_wconf 85' lang='lat' dir='ltr'><strong>berent,</strong></span> <span class='ocrx_word' id='word_1_831' title='bbox 2365 4976 2490 5015; x_wconf 85' lang='lat' dir='ltr'><strong>cum</strong></span> <span class='ocrx_word' id='word_1_832' title='bbox 2513 4973 2542 5014; x_wconf 83' lang='lat' dir='ltr'><strong>a</strong></span> <span class='ocrx_word' id='word_1_833' title='bbox 2573 4959 2784 5031; x_wconf 82' lang='lat' dir='ltr'><strong>decima</strong></span> <span class='ocrx_word' id='word_1_834' title='bbox 2817 4961 2906 5014; x_wconf 89' lang='lat' dir='ltr'><strong>die</strong></span> <span class='ocrx_word' id='word_1_835' title='bbox 2961 4976 3159 5031; x_wconf 75' lang='lat' dir='ltr'><strong>agnum</strong></span> <span class='ocrx_word' id='word_1_836' title='bbox 3193 4959 3365 5031; x_wconf 82' lang='lat' dir='ltr'><strong>deligi</strong></span> <span class='ocrx_word' id='word_1_837' title='bbox 3393 4959 3702 5031; x_wconf 77' lang='lat' dir='ltr'><strong>asservari-</strong></span> 
     </span>
    </p>
   </div>
   <div class='ocr_carea' id='block_1_116' title="bbox 2124 5028 3706 5100">
    <p class='ocr_par' dir='ltr' id='par_1_116' title="bbox 2124 5028 3706 5100">
     <span class='ocr_line' id='line_1_118' title="bbox 2124 5028 3706 5100; baseline 0 -18"><span class='ocrx_word' id='word_1_838' title='bbox 2124 5045 2231 5098; x_wconf 89' lang='lat' dir='ltr'><strong>que</strong></span> <span class='ocrx_word' id='word_1_839' title='bbox 2251 5032 2332 5084; x_wconf 77' lang='lat' dir='ltr'><strong>lex</strong></span> <span class='ocrx_word' id='word_1_840' title='bbox 2353 5031 2688 5100; x_wconf 66' lang='lat' dir='ltr'><strong>praeceperit.</strong></span> <span class='ocrx_word' id='word_1_841' title='bbox 2722 5029 2877 5100; x_wconf 70' lang='lat' dir='ltr'><strong>Unde</strong></span> <span class='ocrx_word' id='word_1_842' title='bbox 2899 5028 3139 5100; x_wconf 80' lang='lat' dir='ltr'><strong>quinque</strong></span> <span class='ocrx_word' id='word_1_843' title='bbox 3157 5030 3225 5084; x_wconf 85' lang='lat' dir='ltr'><strong>ab</strong></span> <span class='ocrx_word' id='word_1_844' title='bbox 3245 5028 3355 5100; x_wconf 75' lang='lat' dir='ltr'><strong>illis</strong></span> <span class='ocrx_word' id='word_1_845' title='bbox 3377 5030 3495 5085; x_wconf 88' lang='lat' dir='ltr'><strong>dies</strong></span> <span class='ocrx_word' id='word_1_846' title='bbox 3521 5028 3706 5086; x_wconf 86' lang='lat' dir='ltr'><strong>obser-</strong></span> 
     </span>
    </p>
   </div>
   <div class='ocr_carea' id='block_1_117' title="bbox 2123 5098 3704 5156">
    <p class='ocr_par' dir='ltr' id='par_1_117' title="bbox 2123 5098 3704 5156">
     <span class='ocr_line' id='line_1_119' title="bbox 2123 5098 3704 5156; baseline 0.003 -6"><span class='ocrx_word' id='word_1_847' title='bbox 2123 5100 2238 5152; x_wconf 89' lang='lat' dir='ltr'><strong>vari</strong></span> <span class='ocrx_word' id='word_1_848' title='bbox 2267 5098 2590 5154; x_wconf 85' lang='lat' dir='ltr'><strong>debuerant.</strong></span> <span class='ocrx_word' id='word_1_849' title='bbox 2627 5099 2698 5156; x_wconf 88' lang='lat' dir='ltr'><strong>De</strong></span> <span class='ocrx_word' id='word_1_850' title='bbox 2739 5098 2944 5155; x_wconf 64' lang='lat' dir='ltr'><strong>ludatis</strong></span> <span class='ocrx_word' id='word_1_851' title='bbox 2977 5098 3124 5155; x_wconf 87' lang='lat' dir='ltr'><strong>enim</strong></span> <span class='ocrx_word' id='word_1_852' title='bbox 3183 5115 3248 5154; x_wconf 89' lang='lat' dir='ltr'><strong>ac</strong></span> <span class='ocrx_word' id='word_1_853' title='bbox 3283 5098 3704 5155; x_wconf 80' lang='lat' dir='ltr'><strong>Judaizantibus</strong></span> 
     </span>
    </p>
   </div>
   <div class='ocr_carea' id='block_1_118' title="bbox 2123 5168 3702 5240">
    <p class='ocr_par' dir='ltr' id='par_1_118' title="bbox 2123 5168 3702 5240">
     <span class='ocr_line' id='line_1_120' title="bbox 2123 5168 3702 5240; baseline -0.003 -17"><span class='ocrx_word' id='word_1_854' title='bbox 2123 5169 2631 5240; x_wconf 81' lang='lat' dir='ltr'><strong>Quartadecimanis</strong></span> <span class='ocrx_word' id='word_1_855' title='bbox 2663 5170 2923 5240; x_wconf 77' lang='lat' dir='ltr'><strong>loquitur.</strong></span> <span class='ocrx_word' id='word_1_856' title='bbox 2949 5170 3121 5240; x_wconf 88' lang='lat' dir='ltr'><strong>Porro</strong></span> <span class='ocrx_word' id='word_1_857' title='bbox 3148 5168 3320 5225; x_wconf 69' lang='lat' dir='ltr'><strong>Judzei</strong></span> <span class='ocrx_word' id='word_1_858' title='bbox 3342 5185 3464 5224; x_wconf 90' lang='lat' dir='ltr'><strong>cum</strong></span> <span class='ocrx_word' id='word_1_859' title='bbox 3493 5170 3702 5240; x_wconf 74' lang='lat' dir='ltr'><strong>decima</strong></span> 
     </span>
    </p>
   </div>
   <div class='ocr_carea' id='block_1_119' title="bbox 2124 5238 3701 5363">
    <p class='ocr_par' dir='ltr' id='par_1_119' title="bbox 2124 5238 3701 5363">
     <span class='ocr_line' id='line_1_121' title="bbox 2124 5238 3701 5363; baseline -0.001 -72"><span class='ocrx_word' id='word_1_860' title='bbox 2124 5250 2318 5363; x_wconf 60' lang='lat' dir='ltr'><strong>quarta</strong></span> <span class='ocrx_word' id='word_1_861' title='bbox 2341 5239 2430 5294; x_wconf 90' lang='lat' dir='ltr'><strong>die</strong></span> <span class='ocrx_word' id='word_1_862' title='bbox 2446 5241 2509 5294; x_wconf 89' lang='lat' dir='ltr'><strong>ad</strong></span> <span class='ocrx_word' id='word_1_863' title='bbox 2536 5238 2814 5310; x_wconf 84' lang='lat' dir='ltr'><strong>vesperam</strong></span> <span class='ocrx_word' id='word_1_864' title='bbox 2830 5238 3038 5295; x_wconf 86' lang='lat' dir='ltr'><strong>Pascha</strong></span> <span class='ocrx_word' id='word_1_865' title='bbox 3065 5248 3403 5309; x_wconf 81' lang='lat' dir='ltr'><strong>peragerent.</strong></span> <span class='ocrx_word' id='word_1_866' title='bbox 3424 5245 3474 5293; x_wconf 90' lang='lat' dir='ltr'><strong>et</strong></span> <span class='ocrx_word' id='word_1_867' title='bbox 3490 5239 3701 5293; x_wconf 84' lang='lat' dir='ltr'><strong>decima</strong></span> 
     </span>
     <span class='ocr_line' id='line_1_122' title="bbox 2165 5309 3680 5363; baseline -0.003 -1"><span class='ocrx_word' id='word_1_868' title='bbox 2165 5311 2212 5363; x_wconf 89' lang='lat' dir='ltr'><strong>ie</strong></span> <span class='ocrx_word' id='word_1_869' title='bbox 2241 5325 2438 5363; x_wconf 70' lang='lat' dir='ltr'><strong>aenum</strong></span> <span class='ocrx_word' id='word_1_870' title='bbox 2457 5319 2734 5363; x_wconf 87' lang='lat' dir='ltr'><strong>canerent.</strong></span> <span class='ocrx_word' id='word_1_871' title='bbox 2757 5326 2788 5361; x_wconf 79' lang='grc' dir='ltr'>ν</span> <span class='ocrx_word' id='word_1_872' title='bbox 2823 5311 3028 5363; x_wconf 91' lang='lat' dir='ltr'><strong>solidos</strong></span> <span class='ocrx_word' id='word_1_873' title='bbox 3060 5311 3176 5363; x_wconf 91' lang='lat' dir='ltr'><strong>dies</strong></span> <span class='ocrx_word' id='word_1_874' title='bbox 3203 5309 3450 5363; x_wconf 64' lang='lat' dir='ltr'><strong>religioni</strong></span> <span class='ocrx_word' id='word_1_875' title='bbox 3472 5309 3680 5363; x_wconf 84' lang='lat' dir='ltr'><strong>Pascha</strong></span> 
     </span>
    </p>
   </div>
   <div class='ocr_carea' id='block_1_120' title="bbox 2165 5309 3680 5380">
    <p class='ocr_par' dir='ltr' id='par_1_120' title="bbox 2165 5309 3680 5380">
     <span class='ocr_line' id='line_1_123' title="bbox 2165 5309 3680 5380; baseline -0.003 -18"><span class='ocrx_word' id='word_1_876' title='bbox 2165 5311 2212 5364; x_wconf 87' lang='lat' dir='ltr'><strong>ie</strong></span> <span class='ocrx_word' id='word_1_877' title='bbox 2241 5325 2438 5380; x_wconf 72' lang='lat' dir='ltr'><strong>agnum</strong></span> <span class='ocrx_word' id='word_1_878' title='bbox 2457 5319 2734 5380; x_wconf 84' lang='lat' dir='ltr'><strong>caperent,</strong></span> <span class='ocrx_word' id='word_1_879' title='bbox 2757 5326 2788 5361; x_wconf 79' lang='grc' dir='ltr'>ν</span> <span class='ocrx_word' id='word_1_880' title='bbox 2823 5311 3028 5365; x_wconf 89' lang='lat' dir='ltr'><strong>solidos</strong></span> <span class='ocrx_word' id='word_1_881' title='bbox 3060 5311 3176 5364; x_wconf 91' lang='lat' dir='ltr'><strong>dies</strong></span> <span class='ocrx_word' id='word_1_882' title='bbox 3203 5309 3450 5379; x_wconf 73' lang='lat' dir='ltr'><strong>religioni</strong></span> <span class='ocrx_word' id='word_1_883' title='bbox 3472 5309 3680 5363; x_wconf 84' lang='lat' dir='ltr'><strong>Pascha</strong></span> 
     </span>
    </p>
   </div>
   <div class='ocr_carea' id='block_1_121' title="bbox 2127 5379 3705 5447">
    <p class='ocr_par' dir='ltr' id='par_1_121' title="bbox 2127 5379 3705 5447">
     <span class='ocr_line' id='line_1_124' title="bbox 2127 5379 3705 5447; baseline -0.004 -14"><span class='ocrx_word' id='word_1_884' title='bbox 2127 5381 2198 5434; x_wconf 90' lang='lat' dir='ltr'><strong>tis</strong></span> <span class='ocrx_word' id='word_1_885' title='bbox 2227 5379 2618 5434; x_wconf 87' lang='lat' dir='ltr'><strong>attribuebant.</strong></span> <span class='ocrx_word' id='word_1_886' title='bbox 2651 5380 2763 5434; x_wconf 80' lang='lat' dir='ltr'><strong>lillO</strong></span> <span class='ocrx_word' id='word_1_887' title='bbox 2789 5394 2918 5434; x_wconf 84' lang='lat' dir='ltr'><strong>vero</strong></span> <span class='ocrx_word' id='word_1_888' title='bbox 2947 5394 3072 5433; x_wconf 90' lang='lat' dir='ltr'><strong>cum</strong></span> <span class='ocrx_word' id='word_1_889' title='bbox 3118 5388 3354 5434; x_wconf 80' lang='lat' dir='ltr'><strong>exeunte</strong></span> <span class='ocrx_word' id='word_1_890' title='bbox 3379 5394 3471 5432; x_wconf 77' lang='lat' dir='ltr'><strong>xlv</strong></span> <span class='ocrx_word' id='word_1_891' title='bbox 3503 5391 3705 5447; x_wconf 76' lang='lat' dir='ltr'><strong>agnum</strong></span> 
     </span>
    </p>
   </div>
   <div class='ocr_carea' id='block_1_122' title="bbox 2127 5448 3706 5518">
    <p class='ocr_par' dir='ltr' id='par_1_122' title="bbox 2127 5448 3706 5518">
     <span class='ocr_line' id='line_1_125' title="bbox 2127 5448 3706 5518; baseline -0.003 -16"><span class='ocrx_word' id='word_1_892' title='bbox 2127 5450 2492 5510; x_wconf 87' lang='lat' dir='ltr'><strong>immolarent,</strong></span> <span class='ocrx_word' id='word_1_893' title='bbox 2545 5451 2767 5504; x_wconf 88' lang='lat' dir='ltr'><strong>ineunte</strong></span> <span class='ocrx_word' id='word_1_894' title='bbox 2798 5464 3022 5518; x_wconf 78' lang='lat' dir='ltr'><strong>vespera</strong></span> <span class='ocrx_word' id='word_1_895' title='bbox 3053 5465 3120 5502; x_wconf 81' lang='lat' dir='ltr'><strong>xv</strong></span> <span class='ocrx_word' id='word_1_896' title='bbox 3150 5448 3335 5516; x_wconf 87' lang='lat' dir='ltr'><strong>hujus,</strong></span> <span class='ocrx_word' id='word_1_897' title='bbox 3381 5449 3485 5503; x_wconf 89' lang='lat' dir='ltr'><strong>hoc</strong></span> <span class='ocrx_word' id='word_1_898' title='bbox 3522 5456 3607 5501; x_wconf 82' lang='lat' dir='ltr'><strong>est</strong></span> <span class='ocrx_word' id='word_1_899' title='bbox 3638 5459 3706 5499; x_wconf 74' lang='lat' dir='ltr'><strong>xv</strong></span> 
     </span>
    </p>
   </div>
   <div class='ocr_carea' id='block_1_123' title="bbox 2127 5519 3702 5588">
    <p class='ocr_par' dir='ltr' id='par_1_123' title="bbox 2127 5519 3702 5588">
     <span class='ocr_line' id='line_1_126' title="bbox 2127 5519 3702 5588; baseline -0.003 -16"><span class='ocrx_word' id='word_1_900' title='bbox 2127 5527 2337 5588; x_wconf 87' lang='lat' dir='ltr'><strong>partem</strong></span> <span class='ocrx_word' id='word_1_901' title='bbox 2376 5519 2639 5581; x_wconf 87' lang='lat' dir='ltr'><strong>libabant.</strong></span> <span class='ocrx_word' id='word_1_902' title='bbox 2675 5519 2923 5588; x_wconf 78' lang='lat' dir='ltr'><strong>adeoque</strong></span> <span class='ocrx_word' id='word_1_903' title='bbox 2951 5533 3003 5572; x_wconf 87' lang='lat' dir='ltr'><strong>vt</strong></span> <span class='ocrx_word' id='word_1_904' title='bbox 3035 5519 3153 5573; x_wconf 90' lang='lat' dir='ltr'><strong>dies</strong></span> <span class='ocrx_word' id='word_1_905' title='bbox 3179 5519 3568 5588; x_wconf 85' lang='lat' dir='ltr'><strong>observabant.</strong></span> <span class='ocrx_word' id='word_1_906' title='bbox 3588 5530 3702 5588; x_wconf 81' lang='lat' dir='ltr'><strong>non</strong></span> 
     </span>
    </p>
   </div>
   <div class='ocr_carea' id='block_1_124' title="bbox 2125 5585 3697 5658">
    <p class='ocr_par' dir='ltr' id='par_1_124' title="bbox 2125 5585 3697 5658">
     <span class='ocr_line' id='line_1_127' title="bbox 2125 5585 3697 5658; baseline -0.003 -16"><span class='ocrx_word' id='word_1_907' title='bbox 2125 5585 2288 5642; x_wconf 80' lang='lat' dir='ltr'><strong>uuam</strong></span> <span class='ocrx_word' id='word_1_908' title='bbox 2321 5588 2802 5658; x_wconf 78' lang='lat' dir='ltr'><strong>duntaxat.Quare</strong></span> <span class='ocrx_word' id='word_1_909' title='bbox 2834 5585 2932 5658; x_wconf 83' lang='lat' dir='ltr'><strong>nos</strong></span> <span class='ocrx_word' id='word_1_910' title='bbox 2959 5604 3023 5642; x_wconf 90' lang='lat' dir='ltr'><strong>eo</strong></span> <span class='ocrx_word' id='word_1_911' title='bbox 3063 5588 3204 5658; x_wconf 90' lang='lat' dir='ltr'><strong>loco.</strong></span> <span class='ocrx_word' id='word_1_912' title='bbox 3239 5587 3292 5641; x_wconf 93' lang='lat' dir='ltr'><strong>id</strong></span> <span class='ocrx_word' id='word_1_913' title='bbox 3323 5596 3406 5643; x_wconf 88' lang='lat' dir='ltr'><strong>est</strong></span> <span class='ocrx_word' id='word_1_914' title='bbox 3429 5603 3552 5658; x_wconf 69' lang='lat' dir='ltr'><strong>p.23.</strong></span> <span class='ocrx_word' id='word_1_915' title='bbox 3573 5585 3697 5647; x_wconf 64' lang='grc' dir='ltr'>ιιι,</span> 
     </span>
    </p>
   </div>
   <div class='ocr_carea' id='block_1_125' title="bbox 2127 5657 3698 5729">
    <p class='ocr_par' dir='ltr' id='par_1_125' title="bbox 2127 5657 3698 5729">
     <span class='ocr_line' id='line_1_128' title="bbox 2127 5657 3698 5729; baseline -0.004 -17"><span class='ocrx_word' id='word_1_916' title='bbox 2127 5673 2179 5712; x_wconf 89' lang='lat' dir='ltr'><strong>v.</strong></span> <span class='ocrx_word' id='word_1_917' title='bbox 2206 5659 2262 5719; x_wconf 72' lang='lat'><strong>2.</strong></span> <span class='ocrx_word' id='word_1_918' title='bbox 2292 5660 2326 5727; x_wconf 74' lang='grc' dir='ltr'><strong>ἡ</strong></span> <span class='ocrx_word' id='word_1_919' title='bbox 2360 5657 2989 5729; x_wconf 14' lang='grc' dir='ltr'>αὐτὴνπεντεκαιδεκάτη</span> <span class='ocrx_word' id='word_1_920' title='bbox 3016 5657 3405 5729; x_wconf 62' lang='grc' dir='ltr'>ὲπιψώσκουσα</span> <span class='ocrx_word' id='word_1_921' title='bbox 3432 5657 3548 5728; x_wconf 75' lang='lat' dir='ltr'><strong>pro</strong></span> <span class='ocrx_word' id='word_1_922' title='bbox 3573 5669 3698 5707; x_wconf 84' lang='grc' dir='ltr'>τεσ-</span> 
     </span>
    </p>
   </div>
   <div class='ocr_carea' id='block_1_126' title="bbox 2129 5727 3704 5796">
    <p class='ocr_par' dir='ltr' id='par_1_126' title="bbox 2129 5727 3704 5796">
     <span class='ocr_line' id='line_1_129' title="bbox 2129 5727 3704 5796; baseline 0.001 -18"><span class='ocrx_word' id='word_1_923' title='bbox 2129 5743 2256 5796; x_wconf 82' lang='grc' dir='ltr'>σαρε</span> <span class='ocrx_word' id='word_1_924' title='bbox 2267 5728 2593 5796; x_wconf 81' lang='grc' dir='ltr'>σκαιδεκάτη</span> <span class='ocrx_word' id='word_1_925' title='bbox 2609 5727 3018 5783; x_wconf 83' lang='lat' dir='ltr'><strong>rescribendum</strong></span> <span class='ocrx_word' id='word_1_926' title='bbox 3033 5729 3310 5796; x_wconf 82' lang='lat' dir='ltr'><strong>putamus.</strong></span> <span class='ocrx_word' id='word_1_927' title='bbox 3330 5727 3502 5794; x_wconf 85' lang='lat' dir='ltr'><strong>Quam</strong></span> <span class='ocrx_word' id='word_1_928' title='bbox 3523 5738 3704 5782; x_wconf 54' lang='lat' dir='ltr'><strong>emet).</strong></span> 
     </span>
    </p>
   </div>
   <div class='ocr_carea' id='block_1_127' title="bbox 2127 5796 3134 5868">
    <p class='ocr_par' dir='ltr' id='par_1_127' title="bbox 2127 5796 3134 5868">
     <span class='ocr_line' id='line_1_130' title="bbox 2127 5796 3134 5868; baseline 0.001 -19"><span class='ocrx_word' id='word_1_929' title='bbox 2127 5796 2400 5850; x_wconf 86' lang='lat' dir='ltr'><strong>datiouem</strong></span> <span class='ocrx_word' id='word_1_930' title='bbox 2437 5800 2701 5852; x_wconf 76' lang='lat' dir='ltr'><strong>sententia</strong></span> <span class='ocrx_word' id='word_1_931' title='bbox 2733 5799 2847 5867; x_wconf 83' lang='lat' dir='ltr'><strong>ipsa</strong></span> <span class='ocrx_word' id='word_1_932' title='bbox 2879 5802 3134 5868; x_wconf 86' lang='lat' dir='ltr'><strong>postulat.</strong></span> 
     </span>
    </p>
   </div>
  </div>
