3990 6228
315 339 426 397 569
991 336 1358 396 ADVERSUS
1397 337 1734 397 IIERESES
1773 341 1902 398 LIB.

2015 385 2027 397 .
2058 342 2220 400 ΤΟΜ.
2262 342 2302 397 Ι.
2327 373 2394 382 -
2434 340 2700 398 ΙΙΑΞΙὶεδ.
2740 339 2904 396 LXX.
3474 340 3578 396 570

327 463 410 514 σιν
436 457 582 511 ἔτεσι
615 456 722 527 μὴν
751 455 956 525 ἕτερος.
988 455 1098 508 Καὶ
1128 455 1500 527 περιλείπεται
1527 457 1636 510 ἀπὸ
1660 457 1769 510 τῶν
1801 459 1900 511 ὲπ-

2007 467 2210 528 cpactm
2260 474 2413 523 xvtn,
2446 458 2592 512 hora:
2626 473 2738 510 xxI.
2780 455 2918 510 Tum
2963 470 3059 510 vuI
3095 470 3239 512 anno
3283 473 3336 511 ιιι
3386 474 3579 516 rursus

321 549 507 604 ακτῶν
554 548 756 618 ἡμέραι
799 544 880 612 ἒξ,
916 547 1010 599 καὶ
1045 541 1187 617 ὧραι
1212 552 1302 618 ιη’.
1345 547 1790 618 Προστιοεμένων
1844 549 1899 602 δὲ

2007 549 2218 617 diebus,
2265 549 2526 618 horisque
2570 547 2748 602 tribus
2779 546 3078 614 adjunctis,
3105 563 3203 602 vm
3257 555 3311 604 et
3359 565 3426 602 xx
3463 549 3577 604 die-

321 636 528 694 τούτων
554 638 633 709 τῷ
668 637 878 708 ἑϐδόμῳ
903 636 1011 690 ἔτει
1036 639 1156 701 ταῖς
1188 644 1278 701 ια’,
1309 640 1428 702 ταῖς
1466 638 1573 692 ἀπὸ
1604 639 1698 692 τοῦ
1725 639 1898 704 ἔτους,

2007 655 2140 705 rum,
2172 649 2335 710 atque
2362 641 2621 693 horarum
2657 653 2783 692 xxiv
2813 647 3014 707 epactae
3035 639 3398 709 colliguntur;
3431 641 3579 696 hora:

319 731 419 784 mi.
451 729 623 801 ὥραις
649 729 818 801 τρισὶ,
850 729 1089 796 γίνονται
1123 729 1358 782 ὲπακταὶ
1395 728 1481 792 ιζ’,
1506 723 1643 802 ὧραι
1672 737 1776 784 καν.
1809 730 1898 803 Τῷ

2007 732 2112 788 Iies
2130 729 2428 786 conﬁciunt
2446 729 2604 788 duos.
2627 728 2721 799 qui
2747 744 2916 783 xxvm
2947 729 3056 785 illis
3084 730 3446 796 annumerati,
3473 747 3574 784 xxx

316 822 380 876 δὲ
418 822 587 892 ὀγδόῳ
619 820 730 874 ἔτει
757 820 1194 893 προστιθεμένων
1226 821 1388 876 πάλιν
1417 821 1526 877 τῶν
1561 829 1627 876 ια’
1650 823 1893 894 ἡμερῶν,

2007 821 2109 876 lies
2141 819 2346 876 solidos
2375 820 2666 890 complent.
2699 818 2880 886 Quare
2913 837 3003 875 vm
3041 835 3185 875 anno
3219 837 3325 875 xxx
3350 821 3469 877 dies
3495 822 3576 876 iu-

321 915 416 968 καὶ
441 913 600 984 ὡρῶν
627 919 695 982 γ’,
724 912 961 980 γίνονται
993 913 1195 984 ἡμέραι
1224 920 1308 984 κη’
1345 915 1581 968 ἐπακταὶ
1625 915 1720 969 καὶ
1754 909 1892 987 ὧραι

2007 912 2352 977 .ercalantur;
2377 919 2428 966 et
2447 911 2720 966 biennium
2743 911 2886 967 istud
2912 927 3152 967 mensem
3180 913 3340 968 habet
3363 929 3528 967 unum
3558 929 3572 966 :

324 1004 422 1067 κδ’,
465 1004 522 1056 αἳ
557 1003 800 1058 ποιοῦσιν
845 1003 1058 1074 ἡμέρας
1104 1003 1168 1072 β’.
1221 1003 1315 1056 Ἐκ
1358 1002 1561 1057 τούτων
1604 1005 1712 1058 τῶν
1737 1006 1895 1076 ὡρῶν

2007 1003 2236 1073 ideoque
2296 1011 2406 1057 tota
2462 1002 2552 1057 illa
2607 1001 2860 1073 periodus
2917 1004 3242 1058 octacterica
3306 1003 3422 1058 dies
3471 1003 3574 1058 sibi

323 1091 764 1161 προστιθεμένων
812 1094 934 1154 ταῖς
973 1090 1061 1160 κη’
1095 1091 1328 1162 ἡμέραις
1377 1093 1618 1160 γίνονται
1660 1093 1794 1165 ὁμοῦ
1828 1095 1894 1150 λ’.

2007 1093 2236 1150 vindicat
2265 1107 2354 1158 xc,
2397 1094 2488 1163 qui
2533 1109 2752 1148 menses
2799 1093 3004 1149 solidos
3038 1093 3276 1148 efﬁciunt
3309 1111 3386 1156 ιιι,
3418 1094 3576 1148 nimi-

322 1183 434 1235 Καὶ
467 1182 752 1252 συμϐαίνει
795 1181 937 1235 κατά
978 1182 1069 1234 τὸν
1095 1182 1278 1251 ὄγδοον
1300 1181 1410 1253 (26)
1450 1183 1694 1238 ἐνιαυτὸν
1737 1186 1899 1255 ἐμϐο-

2007 1201 2114 1240 rum
2128 1186 2320 1255 primis
2345 1185 2557 1240 duobus
2584 1185 2833 1240 trienniis
2848 1185 3078 1255 singulis
3109 1200 3348 1239 mensem
3381 1201 3574 1250 unum,

319 1272 639 1342 Αιμεύεσθαι
669 1271 770 1334 τὰς
797 1271 840 1323 λ’
877 1271 1113 1342 ἡμέρας,
1159 1271 1252 1324 τὸν
1296 1271 1392 1325 ἕνα
1417 1273 1560 1344 μῆνα
1597 1275 1674 1337 εἰς
1712 1274 1778 1328 τά
1809 1274 1904 1327 δύο

2007 1277 2218 1332 biennio
2268 1275 2452 1330 itidem
2527 1287 2790 1344 sequente
2839 1291 3079 1330 mensem
3139 1291 3328 1329 unum.
3377 1274 3434 1329 In
3485 1275 3571 1329 his

318 1364 441 1434 ἐτη⁸
478 1363 574 1416 καὶ
609 1363 782 1426 οὕτως
829 1362 970 1415 κατά
1013 1361 1260 1431 περίοδον
1296 1363 1677 1434 ὀκταετηρίδος
1727 1365 1906 1434 ἐνενή-

2007 1368 2179 1422 tribus
2225 1366 2642 1420 intercalaribus
2691 1366 3011 1430 mensibus,
3069 1367 3160 1435 qui
3211 1366 3413 1434 triplici
3476 1365 3570 1418 illa

319 1471 487 1508 κοντα
509 1453 730 1524 ἡμέραι,
758 1453 958 1515 αἵτινές
979 1455 1084 1506 εἰσι
1107 1453 1468 1524 πληρέστατοι
1490 1453 1772 1524 ἐμϐόλιμοι
1804 1455 1906 1524 μῆ-

2007 1457 2207 1513 dicrum
2243 1458 2564 1513 collectione
2616 1466 2904 1523 constant,
2957 1457 3268 1512 Judzeormu
3326 1456 3572 1521 Pascha,

318 1563 413 1610 νες
461 1549 632 1617 τρεῖς,
685 1545 736 1598 οἳ
793 1544 1035 1613 γίνονται
1101 1543 1240 1596 κατὰ
1296 1545 1423 1614 τρία
1483 1544 1578 1615 ἔτη
1642 1543 1748 1615 μὴν
1804 1540 1906 1610 εἷς,

2007 1565 2033 1604 a
2085 1550 2523 1606 Christianorum
2596 1561 3029 1619 cacterorumque
3079 1549 3347 1604 Paschate
3391 1548 3574 1603 diver-

319 1639 420 1691 καὶ
467 1637 608 1690 κατά
666 1636 760 1688 δύο
813 1636 884 1688 τά
914 1634 1115 1705 ὕστερα
1153 1634 1249 1703 ἐτη
1287 1634 1394 1705 μὴν
1432 1631 1534 1698 εἷς.
1580 1635 1668 1688 Ἐν
1696 1635 1910 1699 τούτοις
2006 1657 2126 1698 sum
2171 1651 2273 1699 est,

317 1731 436 1792 τοῖς
471 1727 645 1798 τρισὶν
681 1727 994 1796 ὲμϐολίμοις
1045 1727 1160 1797 (27)
1215 1727 1325 1780 τῶν
1368 1726 1535 1798 τριῶν
1588 1728 1899 1783 συστάσεων
1937 1730 2195 1804 διαφωνεῖ
2227 1738 2286 1792 τὸ
2342 1737 2533 1808 Πάσχα
2568 1711 2726 1806 ’παρά
2765 1732 3036 1798 Ἰουδαίοις
3075 1750 3136 1786 τε
3192 1733 3287 1786 καὶ
3318 1733 3577 1801 Χριστια-

317 1823 456 1883 νοῖς,
482 1820 576 1872 καὶ
603 1821 715 1880 τοῖς
740 1817 941 1881 ἄλλοις.

394 1912 514 1965 ΙΔ’.
553 1909 638 1961 Ἐν
661 1908 872 1971 τούτοις
897 1910 931 1978 ἡ
950 1907 1211 1979 διαλλαγὴ
1241 1909 1393 1979 παρὰ
1431 1910 1544 1972 τοῖς
1575 1910 1906 1981 προειρημέ-

2079 1911 2216 1968 XIV.
2243 1912 2366 1969 Ila-3c
2385 1923 2514 1970 sunt
2543 1912 2813 1984 inquibus
2834 1910 3068 1965 Audiani
3096 1911 3165 1964 ab
3196 1910 3437 1966 Ecclesia
3468 1911 3581 1968 dis-

319 2017 440 2062 νοις
480 1998 759 2061 Αύδιανοῖς
815 1997 1078 2066 γίγνεται·
1111 1998 1204 2051 καὶ
1259 1997 1532 2050 πλανῶσιν
1577 1998 1775 2069 ἄνδρας
1809 1999 1910 2052 καὶ

318 2091 611 2158 γυναῖκας,
647 2091 705 2141 ὲν
724 2087 898 2159 τούτῳ
929 2088 1008 2159 τῷ
1040 2087 1198 2158 μέρει
1225 2089 1614 2159 σεμνυνόμενοι
1635 2090 1778 2144 κατά
1807 2090 1906 2160 τὴν

319 2181 628 2250 παράδοσιν
649 2180 749 2250 τῆς
780 2182 1032 2250 ἀπαρχῆς
1061 2181 1502 2252 ἐπιτελουμένην,
1531 2182 1624 2234 καὶ
1652 2182 1792 2234 κατὰ
1810 2183 1908 2252 τὴν

314 2273 566 2338 διάταξιν
585 2273 693 2326 τῶν
717 2273 1048 2336 ἀποστόλων,
1077 2272 1344 2342 μηδεμιᾶς
1373 2273 1658 2344 ἀκριϐείας
1685 2274 1703 2304 ¹
1735 2290 1907 2345 προσ-

322 2365 564 2435 έχοντες,
595 2364 728 2434 μηδὲ
767 2364 1118 2434 ἐπιστάμενοι
1157 2365 1219 2418 τὸ
1255 2366 1424 2434 σαφὲς
1451 2367 1548 2436 τῆς
1591 2366 1648 2418 ὲν
1669 2365 1910 2430 διατάξει

318 2458 436 2510 τῶν
462 2457 774 2510 ἀποστόλων
804 2456 1139 2527 ἐπιμελείας,
1174 2454 1243 2530 ἦς
1275 2460 1618 2529 ἐποιήσαντο,
1644 2459 1705 2511 ού
1733 2458 1821 2511 διὰ
1847 2459 1908 2512 τὸ

319 2549 544 2612 πάντως
577 2548 731 2617 ἄγειν
762 2548 887 2611 τοὺς
933 2548 1218 2612 Ἰουδαίους
1262 2551 1401 2620 μετά
1431 2550 1738 2621 ἀκριϐείας,
1773 2551 1908 2605 ἀλλὰ

313 2639 414 2693 διὰ
464 2639 525 2691 τὸ
571 2640 818 2708 ἐκτεμεῖν
864 2639 962 2710 τὴν
1019 2640 1350 2708 φιλονεικίαν
1404 2640 1512 2693 τῶν
1570 2641 1907 2712 βουλομένων

319 2731 450 2785 καθ’
489 2731 716 2791 ἑαυτοὺς
752 2731 980 2784 ἕκαστον
1017 2732 1304 2795 ἐπιτελεῖν,
1342 2733 1435 2787 καὶ⁸
1464 2733 1538 2804 μὴ
1572 2734 1630 2786 ὲν
1661 2735 1904 2804 ὁμονοίᾳ.

324 2823 428 2874 Ἓν
464 2820 572 2893 γάρ
604 2821 792 2890 Πάσχα
814 2821 1049 2892 Χριστὸς
1096 2823 1362 2892 βούλεται,
1395 2825 1488 2878 καὶ
1514 2823 1672 2877 τοῦτο
1697 2825 1906 2892 λογίζε-

311 2931 435 2978 ται,
467 2913 563 2966 καὶ
607 2913 961 2983 προσδέχεται
1000 2914 1090 2968 τὸν
1137 2914 1494 2984 ἀφιλονείκως
1531 2915 1905 2981 ἐπιτελοῦντα,

323 3005 514 3076 μέντοι
540 3021 605 3072 γε
641 3002 780 3074 μετά
841 3003 948 3057 τῶν
981 3004 1120 3074 μετά
1151 3005 1435 3075 ἀκριϐείας
1466 3006 1780 3072 ποιούντων,
1811 3023 1906 3078 με-

313 3097 396 3150 διὰ
443 3095 622 3166 πάσης
663 3095 764 3164 τῆς
806 3095 967 3162 ἁγίας
1018 3095 1362 3164 Ἐκκλησίας,
1385 3097 1483 3167 τῆς
1513 3097 1652 3151 κατά
1683 3098 1907 3161 πολλοὺς

315 3187 563 3258 τρόπους
593 3185 691 3258 τὴν
734 3185 927 3256 ἑορτὴν
954 3185 1213 3258 ἀγούσης.
1245 3187 1357 3240 Καὶ
1392 3190 1440 3240 εί
1484 3188 1582 3259 μὲν
1613 3188 1721 3242 ἀπὸ
1754 3191 1906 3243 Κων-

2006 2007 2286 2070 sentiunt;
2331 2021 2491 2076 quem
2538 2006 2592 2060 in
2623 2019 2864 2059 errorem
2898 2003 3044 2056 viros
3075 2003 3302 2072 perinde
3356 2017 3423 2057 ac
3462 2019 3580 2057 mu-

2005 2094 2169 2150 lieres
2197 2096 2484 2159 inducunt,
2518 2095 2646 2149 dum
2685 2095 2785 2150 hac
2815 2095 2868 2148 in
2907 2101 3060 2164 parte
3084 2093 3389 2162 gloriantur
3414 2095 3582 2148 veteri

2006 2200 2065 2241 se
2092 2186 2368 2241 traditioni
2407 2197 2460 2241 et
2483 2187 2856 2256 apostolorum
2874 2183 3116 2239 decretis
3147 2184 3582 2251 insisterc;cum

2008 2277 2224 2331 interim
2258 2278 2392 2331 nihil
2422 2279 2522 2332 hoc
2549 2278 2603 2331 in
2636 2276 2856 2345 negotio
2887 2275 3210 2344 castigatum
3237 2285 3582 2331 accuratum-

2006 2387 2112 2442 que
2135 2378 2374 2434 teneant,
2409 2384 2509 2424 nec
2537 2370 2781 2424 sedulam
2807 2370 2955 2425 illam
2995 2371 3366 2440 apostolorum
3392 2370 3445 2423 in
3481 2370 3583 2426 hac

2006 2463 2400 2518 constitutione
2432 2461 2768 2533 diligentiam
2811 2462 3132 2531 intelligant,
3171 2477 3333 2531 quam
3361 2478 3426 2516 eo
3451 2479 3580 2517 con-

2007 2555 2126 2610 silio
2178 2553 2538 2608 adhibendam
2582 2553 2657 2607 illi
2719 2560 3001 2622 putarunt,
3052 2569 3159 2606 non
3207 2554 3350 2623 quod
3407 2553 3582 2609 Judzei

2007 2642 2206 2712 optime
2239 2656 2303 2696 ac
2339 2641 2458 2697 sine
2491 2656 2679 2696 errore
2711 2642 2766 2695 in
2815 2642 2904 2696 illa
2958 2642 3274 2698 celebritate
3298 2660 3581 2699 versaren-

2006 2741 2128 2798 tur;
2177 2733 2271 2786 sed
2331 2741 2390 2787 ut
2441 2748 2630 2788 eorum
2668 2733 3025 2803 pertinaciam
3060 2735 3432 2800 excluderent,
3465 2738 3581 2805 qui,

2007 2821 2283 2877 communi
2302 2822 2669 2876 consensione
2698 2830 2902 2890 spreta,
2933 2823 3295 2891 sumquisquc
3319 2823 3582 2875 voluntati

2005 2927 2069 2963 ac
2117 2911 2500 2966 consuetudini
2542 2910 2749 2965 servire
2809 2911 3052 2964 mallent.
3073 2911 3280 2964 Etenim
3331 2911 3585 2968 Christus

2007 3019 2173 3057 unum
2205 3003 2410 3057 Pascha
2438 3003 2506 3058 ab
2540 3003 2798 3058 omnibus
2828 3003 3108 3058 observari
3146 3005 3390 3074 cupiens,
3418 3005 3581 3074 hujus

2007 3094 2168 3148 unius
2189 3094 2454 3147 rationem
2482 3094 2633 3147 ducit
2669 3112 2682 3148 :
2741 3105 2796 3149 et
2825 3110 2945 3148 eum
2971 3093 3257 3162 approbat,
3284 3095 3398 3163 qui,
3433 3096 3583 3149 omni

2007 3184 2356 3239 contentione
2389 3185 2585 3252 posita,
2633 3199 2756 3238 cum
2811 3184 2878 3238 iis
2911 3184 3172 3247 celebrat,
3206 3186 3296 3253 qui
3345 3184 3581 3238 certissi-

319 3277 607 3332 mwivou
635 3275 856 3346 ἐσχίσθη
899 3275 960 3328 τὸ
999 3276 1212 3347 Πάσχα,
1245 3277 1472 3330 πιθανὸν
1506 3273 1574 3348 ἦν
1615 3280 1726 3342 τοῖς
1753 3277 1906 3332 τοῦτο

2010 3292 2152 3331 mam
2184 3277 2328 3331 illius
2357 3277 2621 3332 rationem
2656 3277 2863 3340 ineunt,
2891 3277 2995 3330 hoc
3029 3289 3112 3331 ρει
3155 3293 3278 3330 eum
3337 3275 3581 3331 Ecclesia

322 3367 771 3436 συκοφαντοῦσιν·
801 3367 1068 3436 ἐπειδὴδὲ
1108 3369 1215 3440 πρὸ
1261 3368 1356 3422 τοῦ
1388 3369 1796 3423 Κωνσταντίνου
1839 3370 1906 3423 τὰ

322 3461 603 3531 σχίσματα
630 3453 720 3530 ἦν,
751 3459 842 3511 καὶ
862 3455 930 3530 ἦν
955 3459 1144 3530 χλεύη,
1178 3460 1442 3531 Ἐλλήνων
1482 3459 1770 3530 λεγόντων,
1810 3461 1904 3514 καὶ

398 3620 418 3651 ³
442 3617 568 3674 Cor.
609 3619 847 3690 μηδεμιᾷ
877 3618 1152 3691 ἀκριϐείᾳ.

399 3734 512 3805 (26)
550 3734 662 3787 Καὶ
718 3735 1033 3803 συμϐαίνει
1083 3731 1234 3805 κατὰ
1290 3731 1398 3786 τὸν
1448 3730 1680 3805 ὄγδοον.
1733 3730 1902 3805 pecst

318 3801 648 3861 octaetcridi
693 3801 994 3858 secundum
1055 3801 1260 3856 medios
1312 3809 1494 3855 motus
1543 3802 1608 3855 ad
1665 3801 1898 3856 solidum

322 3886 573 3930 mensem
624 3873 998 3942 complendum
1059 3872 1281 3926 biduum
1332 3869 1468 3942 Alere.
1512 3870 1643 3942 Nam
1700 3880 1903 3938 ενοι-ιω

321 3946 460 4000 anni
492 3945 670 3997 octavi
694 3940 822 3997 sunt
843 3958 1034 4004 xxvm,
1081 3940 1378 3995 octactcris
1411 3940 1618 3994 lunaris
1649 3947 1902 3994 accurata

321 4016 547 4071 dierum
581 4024 663 4067 est
687 4013 850 4075 2925,
885 4013 971 4076 II,
1007 4013 1109 4074 51’,
1141 4012 1241 4064 hoc
1270 4018 1352 4065 est
1381 4011 1636 4063 horarum
1667 4009 1779 4063 fere
1803 4025 1901 4073 xu,

323 4093 389 4140 ut
417 4085 497 4136 ait
518 4082 799 4137 Geminus.
827 4082 1010 4152 Itaque
1033 4083 1211 4152 minor
1231 4090 1333 4152 est
1346 4079 1652 4152 pctaeteris
1679 4078 1905 4152 Epipha-

322 4155 405 4209 nii
445 4153 618 4207 lunari
661 4148 992 4206 octaeteride
1021 4150 1318 4219 scsquidie.
1346 4148 1414 4200 Et
1443 4157 1621 4219 tamen
1650 4149 1901 4217 praacipi-

323 4232 482 4278 tatur
510 4222 886 4282 embolismus,
920 4220 1065 4290 quod
1095 4218 1379 4273 minimum
1416 4218 1562 4290 absit
1591 4219 1659 4272 ab
1696 4220 1905 4290 integra

325 4293 574 4363 syzygia.
606 4291 759 4356 Quod
793 4289 953 4346 ctiani
988 4291 1040 4363 in
1089 4289 1601 4363 emicadecaeteride
1635 4289 1902 4363 servatur.

379 4357 860 4416 aui—embolismus
900 4361 1091 4414 tertius
1128 4360 1196 4413 ab
1233 4357 1617 4412 Alexandrinis
1666 4366 1714 4411 et
1754 4357 1903 4410 Lati—

326 4434 421 4487 nis
451 4439 505 4486 et
535 4432 586 4484 in
611 4431 760 4484 omni
793 4431 928 4485 adeo
956 4431 1131 4500 cyclo,
1173 4437 1536 4500 octavoanno
1579 4427 1900 4500 collocatur.

325 4501 560 4560 Octavo,
601 4501 842 4568 inquam,
891 4497 1005 4553 non
1047 4515 1192 4554 nono
1227 4517 1240 4552 :
1275 4497 1380 4552 etsi
1412 4499 1747 4550 contrarium
1782 4512 1900 4568 ma-

327 4570 615 4626 thematici
640 4567 858 4639 quidam
887 4568 1242 4624 eruditissimi
1273 4584 1338 4620 ac
1363 4574 1743 4639 computorum
1769 4567 1909 4639 scri-

371 4651 522 4694 tores
574 4637 848 4693 asserunt.
892 4639 1048 4705 Quod
1082 4639 1344 4693 adversus
1378 4639 1500 4692 illos
1537 4638 1773 4691 breviter
1806 4637 1910 4690 hoc

350 4725 460 4765 oco
489 4709 974 4763 demonstrandum
1007 4717 1111 4762 est.
1158 4705 1316 4774 (Vide
1353 4707 1801 4762 Dissertationem
1837 4706 1910 4762 De

325 4779 536 4847 duplici
572 4778 719 4848 θείοιο
750 4789 799 4832 ει
833 4778 1527 4848 ezrtbolismorum;ratione,
1567 4777 1731 4846 hujus
1784 4777 1910 4848 edi-

327 4844 504 4904 tionis
539 4844 671 4901 tofn.
713 4848 801 4912 III,
834 4849 889 4902 in
925 4848 1238 4917 Appendice
1268 4844 1746 4917 Dissertationum.
1784 4844 1910 4917 Eo.)

403 4918 520 4990 (27)
556 4918 651 4971 Ἐν
675 4921 906 4984 τούτοις
935 4915 1059 4983 τοῖς
1089 4917 1287 4986 τρισίν
1317 4917 1674 4990 ἐμϐολίμοις.
1701 4916 1780 4990 Ne
1804 4915 1909 4970 hoc

325 4985 555 5060 quidem
584 5003 790 5050 verum,
815 4996 906 5042 aut
929 4985 1354 5060 satisa’ccurate
1376 4987 1586 5060 dictum
1613 5004 1625 5040 :
1656 5005 1673 5036 ι
1696 4985 1911 5060 dissen-

329 5053 547 5115 sionem
595 5072 833 5122 omnem,
872 5074 994 5128 qua:
1026 5057 1367 5128 Christianos
1394 5057 1658 5128 interac
1693 5053 1909 5128 Ipdasos

328 5137 389 5185 et
421 5136 647 5182 caeteros
688 5124 1094 5192 intercesserat,
1130 5127 1231 5181 hoc
1269 5136 1354 5181 est
1393 5126 1682 5180 haereticos
1710 5124 1910 5179 Tessa-

331 5197 796 5258 rescaedecatitas,
842 5207 936 5252 aut
985 5199 1076 5266 qui
1118 5198 1172 5250 in
1208 5197 1370 5266 primi
1402 5194 1608 5266 mensis
1635 5196 1842 5266 epoeha
1870 5209 1908 5266 ra

332 5267 556 5322 Nicarno
599 5282 809 5322 canone
856 5263 1232 5328 discedebant,
1261 5267 1450 5336 quales
1477 5264 1654 5320 Latini
1677 5263 1730 5318 et
1751 5263 1910 5336 Occi—

332 5339 585 5392 dentales
615 5338 857 5408 plerique
890 5345 1062 5408 atque
1085 5334 1350 5408 inprimis
1376 5334 1524 5408 Secti
1561 5336 1800 5408 I‘uerqnt,
1824 5334 1907 5408 _in

335 5408 512 5462 tribus
562 5403 915 5461 octaeteridis
963 5403 1270 5462 etnboliiuis
1299 5405 1620 5460 consistere.
1651 5422 1668 5454 ι
1703 5403 1906 5472 Duplex

335 5476 479 5544 apud
511 5475 857 5544 Christianos
887 5476 1170 5531 Paschalis
1209 5475 1523 5544 depravatio
1559 5474 1659 5526 fuit
1689 5492 1702 5544 ;
1739 5476 1908 5544 altera

337 5543 499 5615 plane
539 5543 769 5600 Judaica
828 5554 883 5600 et
929 5543 1294 5600 Asiaticorum
1347 5545 1474 5615 olim
1520 5543 1760 5612 propria,
1815 5543 1907 5612 qui

338 5614 430 5668 xlv
453 5617 600 5681 luna,
625 5631 1011 5686 quamcunque
1041 5615 1095 5668 in
1123 5615 1326 5686 feriam
1346 5614 1670 5686 incurreret,
1701 5615 1907 5667 Pascha

339 5683 724 5751 celebrabant;
761 5683 959 5746 altera,
996 5701 1118 5754 qua:
1157 5685 1209 5737 in
1250 5683 1648 5754 primimcnsis
1688 5698 1910 5736 ncome-

342 5755 429 5810 nia
460 5765 654 5813 contra
684 5770 950 5811 canouem
981 5751 1368 5821 cbunnittriret,
1400 5751 1531 5806 dum
1567 5753 1711 5806 illam
1744 5754 1907 5808 citius

2015 3370 2306 3433 catholica,
2335 3384 2455 3439 qua:
2475 3368 2638 3423 variis
2665 3367 2841 3421 modis
2873 3365 3068 3422 festum
3089 3366 3220 3420 illud
3239 3365 3581 3421 indicitJam

2010 3476 2138 3517 vero
2193 3460 2240 3516 si
2297 3475 2329 3514 a
2358 3458 2701 3516 Constantini
2749 3459 3085 3528 temporibus
3127 3459 3302 3529 prima
3340 3459 3586 3513 otnnium

2006 3726 2380 3784 antevertebat
2411 3725 2588 3781 :adeo
2617 3733 2676 3780 ut
2710 3741 2800 3780 xlv
2840 3727 2966 3780 luna
3005 3725 3392 3796 mquinoctium
3443 3741 3580 3793 [me-

2005 3801 2242 3854 ccderet.
2270 3797 2973 3868 Οιιιιιῐιίδιαστροφήνξιιοιό
2998 3813 3184 3850 errore
3208 3796 3580 3868 cmuulabant,

2009 3878 2069 3922 ut
2105 3869 2158 3921 in
2192 3867 2424 3922 termino
2452 3867 2592 3935 ipso,
2632 3865 2679 3920 Si
2721 3865 2773 3919 in
2807 3866 3142 3920 Dontinicam
3185 3865 3468 3935 incideret,
3494 3881 3581 3918 ce-

2010 3939 2260 3994 lebritate
2288 3934 2667 4005 fungerentur.
2703 3935 3042 3991 Posteriores
3074 3937 3326 4002 isti,cum
3359 3934 3579 4005 decem-

2009 4007 2300 4076 novennali
2339 4004 2515 4076 cy’clo.
2565 4005 3128 4076 Judzeoruminstar,
3182 4013 3482 4076 uterentur,
3526 4004 3581 4058 in

2009 4078 2221 4132 duobus
2254 4073 2518 4130 duntaxat
2565 4076 2724 4129 annis
2777 4075 2847 4128 ab
2876 4073 3260 4129 Alexandrinis
3287 4084 3342 4128 et
3367 4073 3578 4126 Nicwua

2011 4147 2295 4203 sanctione
2329 4145 2691 4207 dissidebant,
2725 4145 2878 4214 cyclo
2910 4145 3166 4198 nimirum
3209 4159 3301 4198 νιει
3346 4159 3408 4214 ac
3450 4159 3577 4208 xix;

2012 4233 2136 4270 nam
2168 4215 2345 4285 lunari
2386 4215 2561 4285 cyclo,
2611 4230 2719 4267 non
2751 4213 2948 4285 aureis
2987 4215 3224 4285 numeris
3265 4213 3576 4285 utebantur.

2010 4287 2200 4355 Itaque
2232 4283 2606 4355 tribus'cyclis
2635 4285 2703 4355 ab
2734 4283 3118 4355 Alexandrinis
3150 4283 3530 4355 discrepabunt
3561 4302 3574 4336 :

2011 4364 2090 4419 ut,
2112 4352 2347 4422 exempli
2374 4352 2563 4412 causa.
2584 4352 2951 4408 Alexandrino
2977 4369 3205 4408 numero
3230 4369 3267 4412 I.
3284 4353 3580 4422 responde-

2011 4426 2100 4479 bat
2144 4425 2370 4477 aliorum
2418 4440 2545 4476 xvu.
2581 4423 2709 4478 Item
2753 4423 3244 4478 Alexandrinorum
3291 4437 3405 4487 νιιι,
3442 4423 3579 4478 isto-

1939 4480 1978 4532 D
2009 4511 2126 4548 rum
2159 4511 2211 4558 v,
2239 4494 2450 4548 decimo
2473 4509 2617 4547 nono
2647 4480 3436 4557 Alexandrinorum,Iudaicus
3467 4507 3574 4548 xvt.

2011 4566 2246 4634 Indeque
2275 4579 2399 4617 cum
2441 4563 2793 4616 Alexandrini
2834 4579 2978 4617 anno
3009 4564 3146 4633 cycli
3176 4563 3576 4618 dccemnoven-

2011 4635 2152 4690 nalis
2203 4643 2418 4698 octavo,
2467 4634 2552 4688 cui
2602 4649 2864 4688 numerus
2901 4649 3101 4688 aureus
3133 4649 3204 4686 νιι
3237 4634 3304 4686 ad
3337 4634 3577 4700 Aprilem

2012 4721 2186 4774 usque
2215 4704 2491 4774 convenit,
2528 4718 2766 4757 mensem
2825 4704 3217 4774 intercalarem
3256 4711 3577 4766 attexeren},

2010 4772 2243 4845 qui—avt
2291 4773 2466 4845 Martii
2497 4788 2729 4845 exorsus
2769 4774 2824 4826 in
2865 4772 3067 4842 Aprilis
3109 4790 3160 4826 Iv
3189 4773 3483 4845 desineret,
3515 4789 3578 4825 ac

2009 4843 2295 4914 postridie,
2314 4844 2418 4914 hoc
2445 4851 2530 4896 est
2563 4843 2766 4914 Aprilis
2794 4860 2848 4905 v,
2881 4858 3081 4897 annum
3120 4859 3324 4897 nomun
3358 4843 3578 4895 inchoa-

2011 4912 2152 4976 rent,
2183 4912 2588 4966 Judaizantium
2623 4913 2788 4966 t'actio
2830 4929 2929 4982 pro
2961 4914 3302 4968 embolimaso
3329 4927 3575 4966 connuu-

2011 5001 2132 5038 nem
2165 4999 2437 5052 usurpans
2475 4998 2700 5052 annum,
2735 4983 2967 5048 primum
3009 4999 3247 5052 mensem
3290 4982 3578 5035 inchoabat

2013 5054 2188 5107 Martii
2221 5050 2318 5115 vr,—
2345 5053 2504 5121 cujus
2536 5067 2646 5112 xw,
2679 5050 2958 5106 Paschalis
2981 5051 3156 5106 Martii
3190 5068 3275 5105 xix
3305 5057 3578 5121 competef

2012 5124 2122 5177 bat.
2162 5122 2304 5176 Idem
2337 5119 2482 5176 anno
2514 5137 2606 5174 xIx
2635 5123 3002 5191 contingebat.
3030 5139 3192 5191 quem
3225 5119 3574 5191 Alexandrini

2012 5193 2186 5263 pridie
2214 5191 2352 5245 Non.
2381 5193 2520 5263 Apr.
2540 5187 2869 5245 inchoabant
2892 5211 2906 5258 ;
2933 5193 3025 5246 alii
3048 5187 3117 5245 “ιιι
3153 5190 3288 5244 Νοιι.
3319 5187 3572 5251 Martias;

2011 5261 2137 5316 nam
2173 5261 2526 5316 Alexandrini
2566 5277 2660 5314 XIX
2699 5277 2927 5326 animm,
2962 5262 3050 5316 cui
3087 5273 3345 5314 numerus
3376 5273 3581 5312 aureus

2011 5347 2142 5386 xvtll
2189 5331 2500 5400 respondet.
2533 5331 2928 5386 ciubollmacum
2964 5329 3386 5387 constituebant,
3417 5327 3586 5396 eique.

2011 5418 2250 5456 mensem
2275 5399 2424 5455 illum
2449 5401 2795 5468 arrogahant,
2813 5416 2843 5455 a
2867 5416 2974 5469 quo
2998 5399 3166 5453 Iud-.ci
3186 5412 3394 5469 annum
3413 5412 3574 5452 suum

2010 5487 2075 5524 ac
2117 5473 2350 5540 primum
2402 5467 2641 5526 mensem
2686 5467 3128 5539 auspicabantur.
3185 5467 3256 5540 De
3285 5483 3399 5540 Aqua
3433 5483 3490 5540 re
3521 5473 3578 5524 cl.

2009 5537 2166 5595 antea
2199 5541 2559 5596 disseruimus
2606 5548 2659 5593 ct
2703 5537 2890 5608 agetur
2924 5540 3050 5592 alibi
3091 5537 3386 5607 copiosius.
3422 5538 3572 5604 Quo-

2009 5612 2155 5664 circa
2185 5627 2290 5665 non
2322 5611 2374 5664 in
2419 5612 2592 5665 tribus
2630 5609 2978 5662 octaeteridis
3015 5608 3364 5662 embolinneis
3389 5608 3570 5670 annis,

2012 5683 2103 5735 sed
2138 5682 2189 5734 in
2229 5697 2337 5734 uno
2376 5681 2548 5734 solum
2594 5677 2762 5731 Judzni
2811 5685 2865 5731 et
2912 5678 3154 5735 luerctici
3200 5694 3227 5733 a
3271 5678 3574 5734 Catholicis

2011 5752 2409 5822 discrepabunt,
2439 5751 2542 5805 hoc
2563 5757 2647 5804 est
2677 5747 2732 5801 in
2767 5757 2980 5805 octavo.
