3990 6228
414 329 514 386 571
1818 323 1878 382 S.
1920 324 2266 385 EPIPHANII
3589 309 3695 365 37!

416 445 485 497 de
548 438 851 497 istiusmodi
895 437 1213 495 celebritate
1253 438 1483 495 conﬂata
1524 439 1704 498 forent
1736 441 1990 510 dissidia,

2121 443 2481 516 [λευαζόντων
2536 438 2634 511 τὴν
2681 438 2739 491 ὲν
2789 437 2859 508 τῇ
2901 429 3197 504 Ἐκκλησία
3231 425 3557 499 διαφωνίαν,
3605 428 3694 481 ἐπὶ

419 534 717 591 nonnullus
765 532 997 588 istorum
1044 531 1331 587 calumnia
1368 532 1525 589 locus
1553 549 1677 590 esse
1700 534 2002 594 videretur.

2121 533 2520 591 Κωνσταντίνου
2567 530 2625 584 δὲ
2660 527 2749 582 διὰ
2794 528 2893 599 τῆς
2934 525 3045 578 τῶν
3106 522 3421 576 ἐπισκόπων
3461 518 3695 591 σπουδῆς

421 627 528 683 Sed
580 642 704 683 cum
765 632 891 680 ante
932 624 1352 680 Constantinum
1400 626 1587 682 eadem
1631 627 1723 683 illa
1772 628 2007 684 divortia

2121 626 2394 701 συνηνώθη
2444 622 2643 697 μᾶλλον
2695 619 2758 674 τὸ
2805 618 3009 691 σχίσμα
3049 618 3128 680 είς
3174 615 3300 686 μίαν
3336 613 3611 684 ὁμόνοιανθ
3643 611 3696 663 τί

420 720 685 791 vigerent,
738 725 793 770 ct
838 717 1069 788 gentiles
1109 725 1313 770 tantam
1369 716 1627 776 Ecclesia
1673 720 2005 775 discordiam

2121 718 2198 777 ὤν
2224 720 2411 775 τούτου
2430 717 2546 772 ἐστὶ
2564 712 3017 787 προυργιαίτερον
3034 709 3127 762 καὶ
3144 705 3500 778 χαριέστατον
3517 706 3559 766 ι,
3590 703 3698 756 ἀπὸ

421 827 529 867 non
595 812 713 867 sine
770 811 1011 865 ludibrio
1068 811 1229 866 nobis
1279 810 1720 880 exprobrarent;
1784 814 2001 867 tandem

2121 814 2210 887 γῆς
2251 811 2500 885 περάτων
2538 810 2595 861 ὲν
2636 807 2738 878 μιᾷ
2768 802 2952 874 ἡμέρα
2994 798 3361 855 ἀπαλλάττειν
3399 793 3529 849 λαὸν
3556 791 3695 862 Θεῷ,

420 918 551 958 vero
599 903 703 958 sub
765 902 1095 971 imperatore
1146 898 1509 957 Constantino
1554 901 2003 975 conspirantibus

2121 885 2421 976 συμφωνεῖν
2446 918 2505 954 τε
2546 898 2640 953 καὶ
2667 896 2988 969 ἀγρυπνεῖν,
3020 892 3116 946 καὶ
3143 890 3243 954 τὰς
3271 886 3443 951 αὐτάς
3480 885 3699 976 ἡμέρας

420 994 693 1065 episcopis
748 994 1041 1049 dissidium
1096 991 1227 1046 illud
1281 993 1622 1063 pacificatum
1677 1002 1731 1049 et
1760 992 1828 1049 ad
1874 1008 2005 1048 con-

425 1086 666 1141 cordiam
708 1085 987 1141 redactum
1020 1083 1221 1139 fuerit:
1255 1084 1385 1155 quid
1421 1085 1635 1141 tandem
1673 1085 1884 1148 utilius,
1912 1092 2008 1143 aut

423 1178 723 1247 jucundius
786 1185 890 1241 est,
942 1190 1104 1246 quam
1169 1175 1238 1230 ab
1293 1176 1554 1231 extremis
1603 1184 1762 1232 terrae
1805 1175 2009 1233 finibus

426 1269 769 1325 Christianos
793 1282 984 1322 omnes
1010 1266 1239 1337 populos
1291 1264 1344 1319 in
1398 1264 1661 1319 honorem
1731 1262 1825 1319 Dei
1880 1261 2008 1319 festi

428 1360 576 1414 illius
603 1358 919 1415 celebritate
949 1357 1194 1428 defungi,
1228 1371 1293 1411 ac
1327 1357 1605 1411 communi
1640 1354 2008 1411 consensione

427 1448 644 1520 vigilias
685 1448 881 1503 obire?
917 1447 1176 1511 Eosdem,
1221 1446 1466 1517 inquam,
1513 1454 1565 1501 et
1619 1448 1857 1517 aequales
1888 1445 2009 1501 dies

2110 974 2233 1055 ῐσας
2291 990 2474 1062 φέρειν
2528 987 2585 1041 ἐν
2650 1002 2711 1040 τε
2760 981 3089 1057 ἀγρυπνίαις
3152 981 3248 1033 καὶ
3302 978 3540 1049 δεήσεσι,
3604 974 3700 1028 καὶ

2110 1082 2332 1157 ὁμονοία
2368 1079 2462 1134 καὶ
2499 1078 2745 1150 λατρεία,
2777 1074 2998 1147 νηστείᾳ
3041 1090 3099 1126 τε
3144 1072 3239 1125 καὶ
3273 1066 3580 1141 ξηροφαγίᾳ
3609 1067 3700 1120 καὶ

2114 1174 2329 1246 ἁγνεία,
2358 1173 2453 1227 καὶ
2482 1174 2601 1234 ταῖς
2629 1169 2818 1234 ἄλλαις
2843 1169 2964 1231 ταῖς
2997 1165 3139 1219 κατὰ
3165 1162 3264 1234 τὴν
3294 1159 3701 1229 πανσεϐάσμιον

2114 1263 2320 1334 ταύτην
2339 1261 2556 1333 ἡμέραν
2577 1258 2809 1330 ἀγαθαῖς
2833 1257 2953 1328 Θεῴ
2972 1254 3396 1327 εὐαρεστήσεσιν
3422 1268 3438 1317 ;
3482 1246 3702 1311 ’ἱκανῶς

2115 1356 2173 1410 δὲ
2207 1354 2348 1426 ἔχειν
2376 1352 2585 1425 νομίζω
2623 1352 2725 1423 τῆς
2765 1349 2909 1406 κατὰ
2946 1347 3107 1402 τοῦτο
3152 1345 3213 1401 τὸ
3241 1344 3426 1415 τάγμα
3456 1340 3567 1396 τῶν
3600 1340 3703 1394 Δύ-

2103 1439 2312 1499 Ἐιαειῶν
2345 1440 2664 1512 διαφωνίας.

428 1541 802 1611 pernoctando
861 1541 1243 1612 precandoque
1297 1540 1583 1595 traducere
1621 1553 1835 1595 summa
1896 1537 2193 1593 concordia
2255 1536 2420 1607 827
2487 1550 2550 1590 ac
2587 1533 2756 1589 divini
2805 1530 3062 1586 Numinis
3109 1524 3397 1596 obsequio,
3458 1518 3702 1593 ieiuniis,

428 1636 705 1690 aridorum
744 1652 870 1697 usu,
898 1635 1248 1692 castimonia.
1280 1634 1511 1704 aliisque
1538 1632 1757 1704 pietatis
1822 1631 2036 1694 oiliciis,
2078 1630 2279 1701 quibus
2319 1628 2797 1700 religiosissimum
2846 1624 2997 1679 illum
3041 1622 3185 1677 diem
3222 1620 3573 1689 frequentare
3641 1633 3703 1673 ac

430 1730 676 1787 venerari
707 1730 923 1786 solent?
949 1729 1052 1784 Sed
1090 1729 1201 1784 haec
1223 1729 1357 1785 satis
1381 1744 1503 1785 esse
1529 1728 1765 1783 arbitror
1790 1726 1857 1783 de
1884 1726 2265 1783 Audianorum
2297 1724 2526 1780 dissidio
2558 1723 2827 1779 hactenus
2852 1720 3150 1789 disputata.

496 1822 764 1877 Caeterum
797 1822 939 1877 idem
969 1822 1057 1877 ille
1085 1836 1250 1876 senex
1298 1820 1508 1877 Audius
1547 1821 1600 1875 in
1637 1819 1914 1892 Scythiam
1944 1821 2013 1875 ab

2196 1819 2437 1891 ’Υπέστη
2471 1818 2527 1872 δὲ
2557 1817 2652 1871 καὶ
2686 1814 2900 1887 ὲξορίαν
2930 1813 3092 1877 αὐτὸς
3128 1814 3156 1868 ὁ
3186 1810 3364 1884 γέρων
3380 1810 3598 1877 Αὓδυος,
3630 1812 3705 1873 είς

429 1914 758 1984 imperatore
787 1913 1060 1984 relegatus
1098 1922 1221 1978 est;
1256 1911 1403 1983 quod
1446 1913 1677 1984 populos
1703 1912 1907 1983 passim
1940 1911 2010 1967 ab

2121 1911 2174 1969 ιὰ
2216 1912 2358 1985 μέρη
2392 1912 2491 1982 τῆς
2521 1909 2761 1973 Σκυθίας
2798 1908 2903 1962 ὑπὸ
2940 1907 3035 1961 τοῦ
3073 1905 3335 1977 βασιλέως
3384 1903 3701 1976 ἐξορισθεὶς,

430 2003 690 2063 Ecclesiae
756 2004 1023 2074 obsequio
1055 2003 1380 2069 retraheret,
1418 2016 1543 2057 cum
1586 2016 1651 2057 eo
1690 2000 1909 2055 nomine
1944 1999 2012 2054 ab

2121 2004 2199 2061 ῗιὰ
2222 2004 2281 2057 τὸ
2310 2003 2632 2075 ἀφηνιάζειν
2658 2001 2843 2065 λαοὺς,
2886 2000 2981 2054 καὶ
3013 1999 3119 2052 ὑπὸ
3147 1998 3255 2052 τῶν
3280 1998 3599 2051 ἐπισκόπων
3630 1997 3705 2067 τῷ

428 2094 707 2166 cpisc0pis
761 2102 909 2149 esset
958 2094 1025 2148 ad
1075 2094 1463 2165 imperatorem
1503 2094 1732 2149 delatus.
1767 2093 2015 2162 Cumque

2121 2095 2332 2168 βασιλεῖ
2361 2094 2654 2166 ἀνηνέχθη.
2698 2094 2845 2146 Ἐκεῖ
2885 2092 2941 2145 δὲ
2982 2091 3220 2161 μάλιστα
3252 2089 3547 2160 διατρίϐων
3579 2090 3704 2159 χρό-

431 2185 486 2240 in
518 2201 581 2241 ea
612 2184 837 2255 regione
866 2192 1177 2239 versaretur
1221 2184 1376 2255 (quot
1408 2194 1586 2239 autem
1624 2184 1785 2238 annis
1815 2183 2014 2237 ibidem

429 2277 650 2339 vixerit,
667 2284 817 2331 certo
840 2290 1159 2331 asseverare
1177 2290 1283 2330 non
1301 2274 1644 2347 possumus),
1668 2275 1722 2329 in
1754 2275 2015 2328 interiora

432 2367 700 2423 Gotthica:
746 2374 1075 2439 penetrans,
1119 2366 1386 2424 barbaros
1443 2368 1646 2424 multos
1691 2366 2019 2422 Christianae

428 2457 708 2529 religionis
754 2456 1078 2512 rudimentis
1106 2455 1346 2511 instituit
1374 2474 1387 2511 :
1416 2472 1479 2512 ex
1518 2472 1627 2529 quo
1682 2457 2019 2512 monasteria

430 2553 486 2607 in
514 2548 730 2603 Gotthia
762 2549 1024 2603 nonnulla
1061 2555 1359 2619 propagata
1390 2556 1540 2611 sunt,
1576 2549 1629 2603 in
1658 2549 1858 2619 quibus
1896 2549 2020 2603 reli-

430 2644 583 2712 giosa
635 2643 848 2697 vivendi
894 2644 1034 2698 ratio
1065 2652 1117 2697 et
1154 2643 1438 2712 virginitas
1475 2643 1895 2712 arctissiinaque
1937 2642 2023 2697 di-

428 2736 662 2806 sciplina
695 2735 899 2789 lloruit.
934 2733 1031 2789 Est
1054 2733 1201 2787 enim
1232 2732 1515 2787 hominum
1544 2732 1644 2786 iste
1678 2740 1855 2787 cmtus
1892 2732 2021 2785 vita:

428 2828 643 2883 ratione
671 2835 727 2883 et
776 2826 1029 2882 instituto
1069 2840 1191 2881 cum
1223 2824 1416 2897 primis
1444 2824 1816 2889 admirabilis;
1858 2831 2022 2894 atque

428 2918 483 2975 in
515 2918 730 2974 illorum
766 2916 1120 2973 monasteriis
1169 2916 1303 2970 nihil
1327 2930 1432 2969 non
1468 2915 1788 2986 przeclarum
1819 2923 1873 2971 et
1905 2916 2023 2969 exi-

429 3009 598 3062 mium
628 3019 714 3065 est
740 3025 755 3076 ;
781 3009 826 3065 si
859 3006 1204 3079 praefractam
1246 3006 1393 3061 illam
1445 3007 1844 3063 contumaciam
1870 3007 2023 3063 exci-

2111 2206 2202 2243 νον
2232 2187 2394 2249 ἐτῶν,
2427 2187 2527 2240 οὐκ
2556 2186 2664 2258 ἔχω
2695 2185 2897 2255 λέγειν,
2925 2184 3019 2237 καὶ
3061 2184 3138 2247 είς
3164 2182 3231 2236 τὰ
3267 2183 3455 2254 πρόσω
3488 2181 3703 2253 βαίνων,

2114 2280 2210 2333 καὶ
2232 2280 2312 2345 είς
2339 2277 2408 2331 τά
2432 2278 2678 2332 ὲσώτατα
2703 2277 2803 2348 τῆς
2827 2276 3074 2340 Γοτθίας,
3100 2275 3327 2339 πολλοὺς
3357 2274 3470 2328 τῶν
3496 2272 3708 2329 Γότθων

2114 2372 2445 2443 κατήχησεν⁸
2500 2368 2593 2439 ἀφ’
2640 2363 2812 2441 οὗπερ
2854 2368 2951 2421 καὶ
2995 2367 3333 2439 μοναστήρια
3371 2366 3430 2418 ὲν
3456 2367 3523 2437 τῇ
3558 2364 3694 2435 αὐτῇ

2116 2463 2311 2536 Γοτθίᾳ.
2360 2463 2597 2532 ἱγὲνετο,
2639 2462 2733 2517 καὶ
2779 2460 3027 2516 πολιτεία
3066 2460 3161 2515 καὶ
3197 2457 3471 2531 παρθενία
3514 2474 3578 2511 τε
3612 2458 3706 2511 καὶ

2118 2557 2352 2628 ἄσκησις
2389 2556 2489 2627 οὐχ
2523 2558 2557 2626 ή
2592 2554 2848 2627 τυχοῦσα.
2881 2553 3040 2607 Ἐστι
3064 2552 3173 2625 γάρ
3198 2550 3277 2622 τῷ
3302 2550 3419 2604 ὄντι
3448 2549 3562 2621 (τε)
3589 2548 3705 2603 τοῦ-

2118 2667 2181 2704 το
2220 2649 2287 2703 τὸ·
2325 2649 2513 2721 τάγμα
2548 2648 2691 2702 πάνυ
2733 2649 2791 2701 ὲν
2826 2648 3141 2717 ἀναστροφῇ
3174 2644 3482 2715 θαυμαστῇ·
3519 2642 3615 2696 καὶ
3642 2641 3710 2695 τὰ

2121 2740 2300 2797 πάντα
2329 2740 2509 2793 αὐτῶν
2551 2741 2611 2793 ὲν
2641 2741 2753 2800 τοῖς
2783 2738 2962 2793 αὐτῶν
2986 2736 3372 2809 μοναστηρίοις
3400 2734 3583 2797 καλῶς
3617 2733 3710 2803 φέο

2124 2848 2299 2902 ρεται,
2333 2830 2473 2902 πλὴν
2511 2830 2619 2884 τῶν
2649 2829 2989 2899 φιλονεικιῶν
3015 2827 3241 2892 τούτων,
3277 2827 3377 2897 τῆς
3404 2844 3467 2879 τε
3501 2825 3709 2897 παραλ-

2121 2922 2296 2993 λαγῆς
2325 2922 2423 2976 τοῦ
2454 2923 2668 2993 Πάσχα,
2695 2922 2794 2992 τῆς
2820 2939 2880 2975 τε
2918 2919 3061 2975 κατὰ
3079 2918 3139 2973 τὸ
3170 2917 3434 2977 ἰδιωτικὸν
3457 2914 3712 2986 ἐγκειμέ-

2125 3031 2223 3083 νης
2248 3012 2342 3068 τοῦ
2370 3014 2488 3067 κατ’
2514 3012 2704 3066 εἰκόνα
2736 3010 3050 3083 ὁμολογίας.

428 3105 566 3172 pias,
615 3117 723 3173 qua
772 3110 827 3158 et
874 3103 929 3159 in
980 3101 1247 3157 Pasehate
1293 3101 1643 3167 celebrando,
1713 3118 1742 3158 a
1801 3104 2079 3159 communi
2117 3108 2520 3164 consuetudine
2566 3105 2891 3170 discedunt,
2936 3112 2991 3160 et
3049 3102 3183 3159 illud
3226 3101 3295 3157 de
3340 3100 3433 3157 Del
3474 3097 3711 3170 imagine

426 3195 663 3265 simplici
694 3193 929 3265 quadam
961 3195 1171 3248 ratione
1202 3193 1666 3264 interpretandum
1691 3200 1907 3264 putant.

498 3285 616 3342 XV.
656 3284 764 3341 Sed
804 3285 939 3341 illud
988 3286 1217 3357 reliquis
1239 3284 1500 3340 omnibus
1527 3284 1595 3339 ad
1639 3284 1928 3338 horrorem
1962 3292 2018 3339 et

2188 3281 2292 3336 lE'.
2338 3280 2412 3336 Τὸ
2454 3279 2513 3334 δὲ
2565 3279 2866 3351 δεινότερον
2912 3279 3132 3334 πάντων
3178 3277 3272 3333 καὶ
3312 3276 3707 3353 φοϐερώτερον,

428 3378 772 3434 atrocitatem
799 3377 979 3447 majus
1002 3385 1106 3441 est,
1140 3374 1287 3447 quod
1314 3390 1439 3431 cum
1464 3375 1684 3429 nemine
1702 3384 2021 3444 precantur.

427 3470 646 3526 tametsi
674 3468 920 3525 honestis
939 3477 1103 3539 atque
1130 3467 1358 3539 integris
1384 3466 1630 3523 moribus
1660 3481 1783 3522 esse
1797 3465 2017 3521 videan-

430 3573 539 3627 tur,
569 3579 746 3633 neque
774 3562 1075 3633 quidquam
1121 3560 1357 3616 habeant
1387 3560 1531 3630 quod
1582 3559 1691 3614 illis
1721 3558 2019 3629 objiciant;

429 3672 538 3712 non
561 3656 759 3726 stupri,
795 3671 902 3709 non
935 3652 1207 3718 adulterii,
1249 3666 1359 3706 non
1407 3650 1658 3706 avaritia:
1698 3650 1905 3706 crimen
1936 3649 2021 3704 ul-

430 3747 567 3811 lum,
595 3746 699 3802 nisi
724 3745 831 3802 hoc
860 3744 1148 3808 duntaxat,
1178 3741 1328 3813 quod
1357 3739 1614 3799 Ecclesia:
1635 3740 2024 3805 communione

430 3842 769 3897 continetur.
804 3838 896 3894 Est
918 3839 1023 3893 hoc
1053 3851 1207 3902 vero,
1245 3835 1321 3890 uti
1355 3834 1620 3901 diximus,
1662 3832 2020 3899 horrendum,

429 3935 866 3992 Christianorum
923 3938 1264 3987 commutare
1306 3943 1529 3997 nomen,
1570 3928 1665 4000 qui
1719 3925 1775 3982 in
1824 3935 2022 3985 sancta

432 4028 675 4084 Ecclesia
700 4032 1017 4091 censentur,
1074 4038 1196 4094 quae
1242 4024 1359 4082 sola
1389 4021 1596 4080 Christi
1659 4030 1715 4078 et
1752 4020 2019 4077 Christia-

429 4136 627 4176 norum
673 4118 1040 4191 appellatione
1069 4123 1346 4180 contenta,
1381 4115 1680 4171 ascititium
1714 4128 1876 4168 omne
1918 4128 2022 4169 no-

428 4226 554 4265 men
617 4213 846 4282 respuit.
889 4209 994 4264 Pro
1024 4209 1140 4274 illo,
1198 4210 1445 4279 inquam,
1480 4207 1705 4263 nomine
1738 4204 2023 4261 Audianos

430 4301 715 4370 appellari,
757 4301 1028 4356 coitiones
1086 4300 1227 4353 inter
1282 4313 1342 4353 se
1393 4296 1592 4361 facere,
1640 4310 1704 4353 ac
1754 4304 2021 4351 tesseram

431 4392 568 4444 meri
621 4391 862 4447 hominis
922 4391 1143 4445 nomine
1190 4390 1514 4459 inscriptam
1560 4389 1802 4457 exigere.
1859 4384 2017 4448 Haec,

432 4485 679 4556 inquam,
709 4485 934 4538 minime
964 4483 1185 4539 ferenda
1204 4490 1353 4543 sunt,
1378 4481 1629 4551 quamvis
1653 4478 1856 4548 alioqui
1883 4481 2021 4533 inte-

432 4575 707 4645 gerrimus
752 4574 822 4630 sit
858 4572 1142 4628 hominum
1176 4572 1267 4627 ille
1300 4578 1638 4635 conventus;
1680 4578 1845 4638 atque
1870 4568 2020 4624 omni

2123 3372 2205 3428 ὅτι
2237 3372 2337 3427 οὐκ
2368 3370 2617 3443 εὔχονται
2650 3373 2789 3443 μετά
2816 3390 2978 3436 τινος,
2998 3371 3105 3447 ,κᾶν
3129 3390 3186 3425 τε
3216 3372 3327 3426 τῶν
3344 3373 3588 3444 δοκίμων
3613 3393 3710 3442 φα-

2122 3465 2211 3534 νῇ.
2242 3463 2339 3517 καὶ
2384 3461 2551 3534 μηδὲν
2589 3463 2669 3525 εἰς
2703 3463 3076 3534 κατηγόρησιν
3111 3461 3365 3534 ἑχόντων,
3408 3463 3544 3534 μηδι
3580 3465 3710 3536 μέμ-

2122 3553 2216 3624 ψιν
2266 3554 2523 3626 πορνείας
2563 3554 2597 3626 ἢ
2641 3555 2888 3625 μοιχείας
2932 3554 2966 3627 ἢ
3022 3554 3355 3619 πλεονεξίας,
3382 3555 3499 3609 ἀλλ’
3547 3557 3629 3610 ὅτι
3679 3559 3708 3610 ό

2124 3645 2367 3710 τοιοῦτος
2394 3648 2452 3700 ὲν
2469 3649 2534 3718 τῇ
2569 3646 2866 3718 Ἐκκλησία
2881 3647 3194 3715 συνάγεται.
3214 3647 3326 3700 Καὶ
3340 3645 3501 3701 τοῦτό
3518 3649 3635 3701 ὲστι
3651 3648 3709 3702 τὸ

2125 3739 2377 3812 φοϐερὸν,
2395 3740 2457 3794 τὸ
2483 3740 2827 3814 παραλλάξαι
2855 3739 3025 3813 δνομα
3049 3739 3394 3813 Χριστιανῶν
3416 3741 3516 3813 τῆς
3548 3742 3709 3810 άγίας

2138 3826 2486 3903 Ἐκκλησίας,
2532 3831 2635 3902 τῆς
2683 3832 2757 3904 μὴ
2798 3832 3029 3904 ἐχούσης
3070 3832 3319 3887 ὲπίθετον
3348 3833 3543 3903 ὄνομα,
3578 3833 3711 3889 ἀλλὰ

2128 3924 2288 3996 μόνον
2307 3923 2479 3995 δνομα
2504 3923 2742 3997 Χριστοῦ
2778 3924 2873 3979 καὶ
2904 3924 3265 3997 Χριστιανῶν,
3295 3926 3375 3989 είς
3413 3925 3586 3997 ὄνομα
3608 3927 3712 3982 Δύ-

2123 4016 2241 4071 δίου
2296 4014 2601 4081 καλεῐσθαι,
2638 4014 2925 4070 συνθέσθαι
2960 4032 3021 4069 τε
3053 4015 3148 4069 καὶ
3180 4015 3535 4069 ἀπαιτεῖσθαι
3591 4016 3714 4070 σύν-

2125 4114 2277 4179 θημα
2319 4108 2668 4180 ἀνθρωπίνης
2714 4107 2950 4177 φύσεως,
2998 4110 3045 4161 εί
3084 4108 3178 4161 καὶ
3206 4109 3299 4161 ἐπὶ
3333 4108 3393 4161 τὸ
3417 4108 3713 4181 ἀκραιφνὲς

2124 4202 2211 4275 εἴη
2244 4202 2319 4274 τῷ
2363 4202 2482 4274 βίῳ,
2516 4202 2609 4256 καὶ
2634 4202 2783 4273 πάσῃ
2805 4202 3118 4275 δικαιοσύνῃ
3149 4202 3211 4256 τὸ
3234 4203 3422 4273 τάγμα
3456 4202 3716 4273 σεμνυνό-

2127 4312 2309 4366 μενον.
2343 4295 2537 4349 Πολλοὶ
2574 4295 2631 4349 δὲ
2660 4296 2754 4348 καὶ
2791 4296 2928 4367 μετὰ
2953 4295 3051 4367 τὴν
3082 4294 3291 4349 ἐκείνου
3326 4295 3589 4367 τελευτὴν
3620 4311 3714 4363 γε·

2122 4389 2315 4458 γόνασι
2355 4389 2455 4442 σὺν
2491 4390 2675 4453 αὐτοῖς
2706 4407 2766 4443 τε
2814 4388 2907 4443 καὶ¹
2955 4390 3072 4460 μετ’
3113 4387 3278 4442 αὐτὸν
3306 4388 3403 4442 τοῦ
3436 4388 3716 4459 τάγματος

2125 4479 2289 4534 αὐτοῦ
2321 4480 2630 4541 ἐπίσκοποι,
2657 4480 2923 4552 υύράνιός
2958 4498 3043 4544 τις
3065 4479 3166 4550 τῆς
3191 4480 3380 4552 Μέσης
3411 4482 3521 4535 τῶν
3544 4498 3715 4535 ποτα-

2128 4570 2264 4643 μῶν·
2303 4573 2399 4625 καὶ
2431 4572 2540 4626 ἀπὸ
2569 4573 2671 4643 τῆς
2713 4572 2937 4637 Γοτθίας
2966 4572 3025 4627 δὲ
3063 4572 3188 4644 ἔσχε
3244 4573 3419 4637 τινὰς,
3465 4575 3558 4627 καὶ⁵
3591 4590 3718 4627 κατ-

432 4682 496 4722 se
545 4664 815 4736 probitate
858 4664 1183 4734 justitiaque
1230 4663 1490 4719 venditet.
1544 4661 1672 4715 l’ost
1702 4661 1849 4715 illius
1895 4675 2019 4715 vero

2130 4663 2356 4735 ἐστησεν
2382 4667 2580 4729 αὐτοὺς
2608 4664 2959 4729 ἐπισκόπους·
3001 4666 3136 4720 ἀλλὰ
3166 4665 3262 4719 καὶ
3292 4667 3579 4731 Σιλουανός
3612 4684 3717 4731 τις,

432 4766 668 4815 mortem
726 4759 792 4815 ad
833 4762 1087 4814 eumdem
1134 4757 1288 4812 illum
1330 4761 1533 4811 emtum
1565 4753 1845 4810 adhaesere
1870 4768 2024 4808 com-

434 4850 620 4921 plures
648 4849 925 4921 episcopi,
954 4849 1051 4905 sed
1091 4849 1146 4903 in
1191 4847 1385 4918 primis
1419 4844 1658 4902 Uranius
1691 4846 1745 4900 in
1777 4843 2028 4917 Mesopo-

438 4940 630 4998 tamia.
668 4940 980 5010 Quinetiam
1033 4956 1099 4997 ex
1141 4938 1261 5010 ipsa
1308 4936 1531 4993 Gotthia
1562 4935 1664 4991 sibi
1692 4934 1900 5006 aliquot
1933 4935 2029 4989 atl-

429 5033 635 5103 junxit,
684 5040 738 5088 et
765 5032 1056 5103 episcopos
1103 5031 1414 5087 constituit.
1458 5027 1665 5084 Pnnter
1687 5043 1827 5097 quos
1858 5026 2025 5084 etiam

435 5128 693 5182 Silvanus
723 5134 776 5181 et
806 5124 899 5179 alii
956 5124 1178 5195 quidam
1203 5124 1553 5185 exstiterunt,
1586 5138 1616 5177 e
1649 5122 1849 5194 quibus
1890 5135 2027 5177 non-

435 5220 569 5276 nulli
625 5220 825 5275 mortui
859 5225 1010 5286 sunt,
1070 5226 1125 5273 et
1170 5217 1313 5273 inter
1358 5216 1496 5272 alios
1531 5213 1793 5279 Uranius,
1839 5213 1932 5285 qui
1966 5229 2029 5269 se

438 5314 494 5367 in
555 5314 648 5368 illa
702 5313 862 5367 turba
898 5326 1007 5382 prae
1058 5309 1274 5366 caeteris
1330 5307 1608 5364 eﬂerebat.
1649 5306 1853 5363 Verum
1902 5312 2027 5375 post

436 5402 652 5471 Uranii,
697 5403 868 5476 828
891 5418 957 5458 ac
982 5400 1204 5474 Sylvani
1240 5399 1295 5455 in
1330 5398 1552 5456 Gottbia
1598 5395 1845 5468 episcopi
1876 5410 2027 5452 mor-

510 5558 528 5588 ⁸
568 5556 696 5628 Leg.
724 5556 1103 5629 χαριέστερον.

2124 4757 2217 4810 καὶ
2253 4755 2403 4811 ἄλλοι
2443 4758 2611 4823 τινὲς,
2647 4751 2721 4812 ὧν
2762 4757 3077 4829 συμϐέϐηκέ
3110 4776 3264 4823 τινας
3295 4758 3392 4813 τοῦ
3427 4759 3548 4829 βίου
3580 4760 3718 4815 παύ-

2126 4846 2343 4910 σασθαι,
2382 4848 2622 4918 μάλιστα
2653 4848 2935 4917 Οὐράνιον.
2970 4846 3143 4919 Βύχει
3179 4850 3287 4922 γὰρ
3317 4842 3473 4914 οὗτος
3512 4851 3719 4921 ἀναμὲ-

2127 4955 2218 4992 σον
2243 4938 2488 4994 τοιούτου
2517 4941 2821 5011 τάγματος.
2846 4940 3003 4995 Μετὰ
3034 4940 3093 4994 δὲ
3136 4942 3236 5012 τὴν
3266 4940 3375 4994 τῶν
3402 4941 3715 4994 ἐπισκόπων

2126 5030 2307 5083 αὐτῶν
2334 5030 2541 5085 τούτων
2573 5032 2837 5104 Οὐρανίου
2887 5032 2980 5087 καὶ
3011 5032 3301 5087 Σιλουανοῦ
3336 5030 3430 5086 τοῦ
3484 5034 3552 5086 ὲκ
3588 5033 3627 5085 Γ
3630 5048 3713 5085 οτ-

2126 5121 2246 5187 θίας
2272 5122 2547 5195 τελευτὴν,
2580 5123 2766 5178 πολλοὶ
2791 5123 3138 5195 διελύθησαν,
3167 5125 3263 5179 καί
3284 5125 3363 5187 εἰς
3387 5122 3565 5192 ὀλίγον
3585 5118 3713 5193 ἦλθε

2124 5212 2187 5264 τὸ
2213 5212 2418 5265 τούτων
2448 5212 2722 5284 σύστημα,
2759 5212 2817 5267 ἔν
2845 5231 2906 5267 τε
2940 5217 3053 5278 τοῖς
3098 5213 3288 5285 μέρεσι
3327 5211 3594 5277 Χαλκίδος
3618 5211 3713 5283 τῆς

2127 5306 2264 5377 πρὸς
2296 5307 2648 5379 Ἀντιοχείας,
2682 5308 2777 5362 καὶ
2806 5310 2865 5362 ὲν
2900 5311 3013 5371 τοῖς
3046 5308 3239 5380 μέρεσι
3273 5305 3366 5360 τοῦ
3402 5307 3689 5378 Εὐφράτου

2125 5396 2237 5451 Καὶ
2266 5396 2374 5468 γὰρ
2411 5398 2519 5452 ἀπὸ
2551 5399 2650 5470 τῆς
2681 5400 2720 5454 Γ
2722 5398 2907 5464 οτθίας
2936 5397 3269 5470 ἐδιώχθησαν
3297 5399 3348 5453 οἱ
3379 5398 3617 5465 πλείους,
3652 5396 3713 5451 οὐ

509 5674 623 5740 (28)
662 5676 832 5728 Ἔστι
862 5675 973 5744 γὰρ
1009 5674 1088 5741 τῷ
1133 5676 1278 5730 ὄντι.
1310 5672 1436 5728 llaec
1468 5668 1758 5744 Epiplianii
1828 5667 2064 5728 fortasse
2104 5669 2463 5743 temporibus.
2511 5669 2579 5725 At
2617 5678 2777 5727 actate
2806 5668 3133 5731 Theodoreti
3198 5668 3578 5729 Auilianorunt
3610 5667 3711 5726 ista

442 5744 731 5813 discipiina
760 5745 817 5803 in
849 5740 1123 5803 licentiam
1150 5762 1213 5804 ac
1246 5740 1527 5803 libidinem
1553 5740 1879 5798 desciverat.
