3990 6228
345 315 455 374 573

988 306 1358 363 ADVERSUS
1396 304 1738 361 ilAJRESES
1776 303 1902 359 LIB.
1934 302 2021 359 lll.
2064 302 2228 360 TUM.
2268 303 2399 363 |.—
2437 304 2712 362 llAiRES.
2756 303 2941 360 LXXI.

3510 306 3621 365 ἵ»ῗὲ

349 437 535 508 μόνον.
557 432 696 488 ἀλλὰ
720 431 815 486 καὶ
834 432 882 484 οι
902 430 1161 501 ἡμέτεροι
1186 431 1301 482 ἐκεῖ
1330 427 1663 499 Χριστιανοὶ,
1691 426 1915 498 διωγμοί

2038 433 2172 489 tem,
2212 425 2487 497 plerisque
2514 426 2582 480 ab
2606 440 2670 481 ea
2701 424 2940 480 factione
2964 423 3280 488 abstractis,
3317 422 3382 479 ad
3417 440 3625 494 paucos

351 526 592 599 μεγάλου
630 524 917 587 ἐνστάντος
967 522 1072 576 ὑπὸ
1113 521 1375 591 βασιλέως
1429 520 1710 591 Ἕλληνος,
1759 518 1934 573 δεινοῦ

347 637 407 673 τε
439 617 735 688 γενομένου
772 616 865 668 καὶ
898 614 1033 685 πρὸς
1068 613 1229 683 ζῆλον
1273 613 1381 667 τῶν
1425 612 1735 684 Ῥωμαίων,
1759 612 1848 665 διὰ
1878 611 1938 665 τὸ

347 715 476 773 τοὺς
518 709 753 780 βασιλεῖς
791 706 899 759 τῶν
944 706 1234 775 Ῥωμαίων
1276 700 1414 758 εἶναι
1448 705 1829 776 Χριστιανοὺς,
1876 703 1938 757 τὸ

350 806 461 858 πᾶν
497 804 644 872 γένος
670 800 780 853 τῶν
806 797 1149 870 Χριστιανῶν
1190 798 1288 851 ἀπ’
1322 797 1549 851 ἐκείνων
1576 796 1933 867 ἀπελαθῆναι.

350 899 426 951 Οίι
483 896 659 949 λείπει
708 893 765 947 δὲ
814 889 939 964 ῥίζα
976 889 1189 958 σοφίας,
1217 889 1339 943 οὐδὲ
1382 888 1639 961 φύτευμα
1678 890 1933 954 πίστεως.

363 990 528 1043 ’Λλλὰ
559 988 652 1041 καὶ
680 988 729 1039 ri
755 984 974 1039 δοκοῦσι
1007 983 1208 1046 πάντες
1239 982 1578 1054 ἀπηλάσθαι,
1604 983 1823 1046 πάντως
1855 984 1934 1036 εί-

353 1083 439 1133 σὶν
466 1079 676 1134 ἐκεῖθεν
703 1076 1001 1147 ἄνθρωποι.
1051 1076 1169 1130 Οὐκ
1207 1078 1445 1147 ἐγχωρεί
1481 1074 1593 1147 γὰρ
1623 1074 1807 1144 λεῖψαι
1837 1073 1935 1145 τὴν

353 1174 540 1244 πηγὴν
566 1172 666 1241 τῆς
700 1170 958 1233 πίστεως.
985 1168 1179 1224 Πολλοὶ
1206 1164 1301 1223 οὖν
1329 1169 1789 1241 ἀναχωρήσαντες
1827 1166 1935 1221 τῶν

351 1264 535 1317 αὐτῶν
551 1262 826 1316 Αὑδιανῶν
841 1261 941 1332 τῆς
957 1260 1203 1324 Γοτθίας,
1225 1260 1436 1314 καὶτῶν
1454 1259 1736 1331 ἡμετέρων
1752 1277 1818 1330 με
1828 1258 1934 1330 ρῶν

352 1358 590 1412 ἐνταῦθα
613 1354 877 1417 ἐλθόντες,
902 1353 1259 1424 παροικοῦσιν
1278 1351 1388 1405 ἀπὸ
1410 1350 1504 1405 τοῦ
1532 1351 1724 1422 χρόνου
1745 1350 1933 1403 τούτου

351 1448 489 1501 ὲτῶν
506 1445 803 1515 τεσσάρων.
821 1444 982 1497 ’Δλλὰ
994 1444 1089 1498 καὶ
1110 1444 1217 1497 ἀπὸ
1232 1442 1542 1511 τοῦΤαύρου
1562 1442 1718 1514 ὅρους
1734 1440 1936 1511 ἀνεχώ-

355 1557 527 1611 ρησαν
547 1538 708 1591 πάλιν
720 1536 790 1590 τὰ
805 1535 911 1590 τῶν
940 1535 1119 1590 αὐτῶν
1144 1534 1419 1589 Αὐδιανῶν
1446 1534 1802 1605 μοναστήρια,
1826 1533 1934 1586 ὰπό

349 1649 409 1685 τε
433 1632 536 1701 τῆς
557 1629 920 1698 Παλαιστίνης
941 1628 1035 1681 καὶ
1065 1628 1165 1700 τῆς
1204 1626 1481 1698 Ἀραϐίας.
1516 1624 1653 1696 Ἤδη
1684 1625 1795 1696 γάρ
1825 1627 1931 1679 είσι

352 1720 811 1790 πεπλατυσμένοι.
848 1717 1047 1773 Λοιπὺνν
1068 1716 1125 1771 δὲ
1153 1716 1343 1785 ὀλίγοι,
1373 1717 1464 1768 καὶ
1482 1716 1638 1784 ὀλίγα
1662 1716 1933 1788 μοναστή-

2040 517 2271 572 istorum
2300 525 2605 572 conventus
2631 517 2886 573 redactus
2917 523 3022 577 est,
3064 524 3229 586 atque
3260 516 3314 571 in
3339 516 3629 582 Chalcide,

2036 627 2159 682 quae
2191 610 2259 665 ad
2292 610 2639 665 Antiochiam
2687 611 2790 665 sita
2820 623 2926 674 est,
2959 621 3012 665 et
3032 609 3105 664 ad
3126 610 3455 680 Euphratem
3480 627 3620 666 rese-

2036 703 2135 758 dit.
2169 702 2303 757 Nam
2354 720 2385 759 e
2430 702 2651 757 Cotthia
2703 702 2950 773 plerique
2982 702 3122 773 pulsi
3161 710 3309 765 sunt,
3356 717 3461 756 una
3493 720 3617 758 cum

2036 793 2161 848 aliis
2188 793 2594 849 communionis
2623 800 2825 847 nostra:
2851 792 3203 858 Christianis,
3241 807 3364 846 cum
3396 792 3465 846 ab
3497 807 3621 862 rege

2036 886 2271 957 quodam
2303 886 2491 956 gentili
2521 887 2712 957 ingens
2753 893 2900 941 esset
2931 899 2995 939 ac
3022 885 3316 940 vehemens
3345 885 3629 943 concitata

2038 978 2366 1051 persecutio,
2394 992 2558 1048 quam
2584 977 2956 1032 Romanorum
2983 976 3282 1046 praesertim
3309 975 3438 1029 odio
3469 992 3620 1029 com-

2037 1080 2310 1132 movcrat,
2351 1070 2499 1141 quod
2552 1068 2830 1124 Romanos
2878 1068 3240 1137 imperatores
3276 1066 3620 1122 Christianos

2035 1177 2158 1218 esse
2173 1161 2384 1217 videret
2412 1180 2425 1215 :
2460 1162 2603 1216 unde
2636 1161 3010 1215 Christianum
3041 1176 3203 1215 omne
3239 1176 3435 1215 noxncn
3470 1162 3619 1215 illinc

2034 1253 2388 1308 exterminari
2425 1252 2617 1307 voluit.
2644 1251 2843 1305 Verum
2877 1250 3341 1321 radixfsapicntia}
3369 1258 3462 1305 aut
3498 1251 3620 1304 lidei

2035 1354 2189 1400 satus
2244 1361 2351 1399 non
2412 1344 2613 1399 deficit.
2675 1343 2741 1399 Et
2790 1358 3105 1414 quanquam
3152 1343 3293 1413 pulsi
3343 1343 3621 1414 fugatique

2033 1434 2332 1489 Christiani
2364 1450 2554 1489 omnes
2590 1435 2900 1499 videantur,
2935 1435 3189 1489 nonnulli
3223 1443 3404 1489 tamen
3440 1437 3619 1490 adhuc

2034 1534 2351 1597 supersunt.
2381 1525 2568 1596 Neque
2595 1527 2741 1582 enim
2774 1527 2893 1583 lidei
2934 1526 3056 1583 fons
3116 1541 3367 1582 arescere
3399 1528 3619 1597 penitus

2036 1626 2233 1690 potest.
2270 1619 2537 1685 Quocirca
2566 1620 2718 1675 multi
2759 1635 2827 1676 ex
2864 1620 3129 1675 Audianis
3151 1618 3369 1673 Gotthia
3395 1634 3458 1673 ac
3490 1636 3618 1689 pro-

2034 1712 2233 1767 vinciis
2276 1712 2484 1769 nostris
2530 1712 2773 1781 egressi,
2818 1722 2873 1768 ct
2911 1714 2977 1768 ad
3026 1713 3320 1784 Euphratis
3366 1713 3616 1784 regiones

349 1830 462 1883 ρια·
487 1813 629 1883 τάχα
648 1811 705 1864 δὲ
729 1810 823 1863 καὶ
844 1810 963 1863 δυσὶ
975 1807 1189 1879 κώμαις
1204 1809 1261 1861 ὲν
1278 1809 1389 1870 τοῖς
1406 1807 1822 1879 προειρημένοις
1845 1808 1911 1878 μέ

2037 1805 2156 1861 illas
2198 1805 2449 1876 profecti,
2484 1814 2740 1877 quartum
2778 1805 2891 1875 jam
2944 1821 3148 1860 annum
3186 1808 3297 1862 illic
3344 1807 3612 1861 habitant.

350 1921 469 1974 ρεσι
486 1905 626 1959 κατὰ
643 1904 702 1957 τὸ
726 1902 988 1973 ἐξώτερον
1007 1901 1171 1972 μέρος
1187 1900 1285 1971 τῆς
1306 1900 1588 1963 Χαλκίδος,
1612 1902 1705 1953 καὶ
1726 1901 1933 1953 ἐπέκει-

345 2014 413 2048 να
427 1995 742 2065 Δαμασκοῦ,
766 1994 980 2049 καὶτῶν
1000 1992 1181 2063 μερῶν
1211 1992 1308 2063 τῆς
1335 1992 1757 2062 Μεσοποταμίας
1780 1993 1927 2047 ἐστὶν

344 2084 471 2155 ἄχρι
496 2085 658 2157 δεῦρο
680 2085 742 2139 τὸ
769 2085 954 2155 τάγμα
987 2086 1065 2147 εἰς
1080 2083 1257 2152 ὀλίγον
1286 2084 1567 2155 περιστάν,
1596 2084 1672 2148 ὡς
1695 2084 1852 2154 ἔφην.

2035 1895 2236 1951 Adhzcc
2294 1910 2325 1951 e
2372 1894 2556 1950 Tauro
2609 1902 2793 1949 monte
2844 1911 2909 1950 ac
2969 1896 3259 1951 Palaestina
3322 1904 3373 1951 ct
3415 1895 3625 1949 Arabia.

2034 1988 2350 2044 earumdem
2402 1988 2777 2044 Audianorum
2832 1991 3164 2045 monasteria
3213 1991 3423 2046 sublata
3466 1996 3614 2046 sunt.

2037 2081 2177 2138 Olim
2196 2082 2395 2153 quippe
2412 2097 2742 2153 magnopere
2759 2080 2940 2138 diﬂusi
2964 2084 3353 2154 propagatique
3381 2084 3613 2137 fuerant.

345 2176 519 2233 Hodie
574 2194 704 2233 vero
746 2187 858 2233 tam
906 2178 1210 2242 hominum,
1254 2193 1418 2248 quam
1460 2179 1920 2234 monasteriorum
1961 2178 2297 2250 paucissimo
2330 2192 2561 2231 numero
2590 2185 2740 2241 sunt,
2780 2176 2918 2232 adeo
2950 2186 3009 2231 ut
3072 2178 3291 2233 duobus
3350 2178 3617 2232 duntaxat

343 2268 399 2322 in
422 2270 923 2339 pagisdomicilium
942 2269 1181 2324 habeant
1207 2268 1264 2324 in
1290 2284 1376 2335 ea,
1414 2287 1579 2342 quam
1623 2271 1758 2339 dixi,
1788 2270 2092 2341 provincia,
2154 2268 2258 2323 hoc
2287 2277 2373 2326 est
2428 2269 2687 2324 exteriori
2754 2268 3032 2325 Chalcidis
3070 2270 3263 2337 limite,
3307 2270 3449 2325 ultra
3511 2268 3616 2323 Da-

341 2374 591 2413 mascum
621 2367 677 2413 et
701 2357 1167 2429 Mesopotamiam,
1193 2358 1283 2414 ubi
1301 2356 1370 2412 ad
1404 2357 1507 2413 hoc
1536 2366 1751 2429 tempus
1770 2359 2064 2430 perexigua
2097 2357 2317 2412 illorum
2350 2358 2640 2413 multitudo
2664 2358 2832 2428 degit.

425 2449 568 2503 Ἀλλ’
613 2449 719 2513 ἕως
771 2442 874 2503 ὧδε
928 2448 1130 2513 ἱκανῶς
1185 2448 1280 2504 καὶ
1335 2449 1464 2522 περὶ
1512 2449 1718 2505 τούτων
1780 2450 1926 2522 ἔχειν

336 2543 601 2615 ἠγοῦμαι.
625 2541 735 2605 Οὓς
764 2539 1071 2612 παρελθὼν,
1102 2541 1266 2596 πάλιν
1303 2541 1372 2595 τὰ
1396 2541 1523 2612 ἑξῆς
1549 2542 1922 2613 διασκοπήσω,

2102 2447 2207 2502 Sed
2242 2446 2310 2503 de
2347 2447 2434 2504 his
2470 2446 2941 2503 hactenus.Nunc
2970 2448 3036 2502 ad
3073 2450 3210 2504 alias
3236 2456 3619 2517 transeamus,

2028 2554 2096 2594 ne
2125 2538 2255 2608 quid
2311 2554 2342 2592 a
2382 2539 2544 2595 nobis
2588 2542 3052 2610 praztermittatur,
3094 2544 3238 2611 quod
3290 2544 3613 2600 divisionem

336 2635 428 2689 ἵνα
466 2634 538 2705 μή
580 2650 633 2685 τι
676 2632 998 2704 παραλείψω
1024 2632 1130 2687 τῶν
1169 2633 1250 2697 είς
1282 2632 1576 2704 διαιρέσεις
1606 2651 1666 2686 τε
1711 2633 1805 2688 καὶ
1835 2650 1915 2686 το·

2028 2631 2264 2701 aliquam
2322 2646 2386 2686 ac
2428 2633 2578 2686 velut
2619 2633 2918 2689 sectionem
2971 2636 3246 2699 Ecclesiae.
3287 2636 3403 2693 sive
3445 2639 3613 2692 dissi-

340 2725 480 2797 μὰς,
532 2724 628 2778 καὶ
649 2726 728 2788 είς
782 2724 1114 2788 διαστάσεις,
1164 2724 1258 2779 καὶ
1301 2725 1383 2788 είς
1423 2724 1699 2796 σχίσματα
1741 2726 1801 2778 ὲν
1845 2724 1915 2797 τῷ

2028 2723 2176 2777 dium
2205 2737 2268 2777 ac
2287 2722 2581 2778 divortium
2605 2725 2876 2780 attulerit.
2901 2725 3165 2793 Quamvis
3192 2730 3361 2795 enim,
3383 2731 3525 2801 quod
3546 2731 3618 2785 ad

337 2817 533 2887 κόσμῳ
582 2814 1026 2885 συμϐεϐηκότων.
1080 2815 1144 2870 Ei
1194 2815 1302 2887 γὰρ
1360 2816 1455 2868 καὶ
1497 2817 1564 2887 τῇ
1598 2815 1780 2870 πίστει
1822 2816 1915 2869 οὐκ

2031 2814 2186 2869 fidem
2219 2822 2449 2885 spectat,
2479 2829 2542 2869 ac
2572 2830 2725 2871 more
2762 2816 2882 2887 ipso
2926 2818 3144 2888 rituque
3179 2835 3285 2875 non
3316 2821 3611 2874 admodum

336 2906 409 2959 ἂν
467 2906 899 2977 μεταλλάττοιεν,
955 2907 1049 2959 καὶ⁵
1098 2905 1176 2975 τῷ
1233 2906 1423 2978 τρόπῳ
1475 2906 1750 2971 τοσοῦτον,
1804 2907 1915 2961 ἀλλ’

2024 2907 2360 2976 discrepent,
2385 2908 2521 2962 nihil
2544 2924 2643 2964 nos
2677 2916 2882 2974 tamen,
2908 2911 3056 2982 quod
3094 2929 3313 2984 quoque
3348 2915 3510 2970 modo
3536 2916 3605 2969 ab

334 2998 487 3066 ὅμως
546 2998 657 3049 πᾶν
706 2996 767 3049 τὸ
809 2996 1078 3068 διαιρεθὲν
1122 2998 1214 3051 καὶ⁵
1262 2998 1321 3049 ὲν
1369 2997 1470 3068 βίῳ
1525 2997 1915 3070 ὀνομαζόμενον

2028 2998 2269 3053 Ecclesia
2298 2998 2572 3054 divulsum
2607 3007 2774 3070 atque
2814 3002 2956 3057 inter
3013 3002 3277 3061 factiones
3304 3008 3610 3065 contrarias

334 3089 429 3159 ὑφ’
487 3089 643 3160 ἡμῶν
686 3087 829 3142 κατὰ
880 3089 939 3143 τὸ
995 3089 1219 3143 δυνατὸν
1266 3091 1327 3143 οὐ
1397 3090 1915 3162 παραλειφθήσεται.

2027 3088 2363 3143 recensitum
2400 3087 2586 3153 fuerit,
2616 3106 2713 3161 pro
2747 3092 2886 3147 virili
2922 3101 3074 3163 parte
3104 3097 3607 3164 prwtermittcmus.

756 3200 947 3255 ΚΑΤΑ
995 3200 1492 3265 ΦΩΤΕΙΝΙΑΝΩΝ,

334 3313 725 3383 Πεντηκοστὴ
764 3314 985 3381 πρώτη,
1026 3313 1063 3381 ἠ
1100 3312 1201 3366 καὶ
1243 3310 1659 3383 ἑϐδομηκοστὴ
1693 3312 1917 3383 πρώτη.

406 3425 485 3480 A'.
522 3425 805 3489 Φωτεινὸς,
841 3425 900 3489 ἐξ
928 3416 1097 3495 οὗπερ
1134 3424 1501 3486 Φωτεινιανοὶ,
1535 3426 1593 3477 ἐν
1634 3424 1812 3495 τούτῳ
1839 3424 1919 3495 τῷ

331 3515 514 3585 χρόνῳ
548 3516 818 3585 ἧκμασεν,
853 3514 1149 3577 ἐπίσκοπος
1181 3510 1421 3581 γεγονὼς
1456 3512 1557 3583 τῆς
1585 3513 1748 3581 ἁγίας
1789 3513 1918 3567 καθ-

329 3605 520 3674 ολικῆς
556 3604 900 3675 Ἐκκλησίας,
940 3604 1108 3674 μανίᾳ
1135 3604 1319 3675 ἀρθεὶς
1348 3602 1410 3657 οὐ
1448 3605 1767 3675 μικροτάτῃ.
1802 3603 1916 3657 ἀλλ’

329 3695 701 3767 ὲμὸρόντητος
757 3694 996 3765 γεγονὼς
1034 3695 1171 3765 ὑπὲρ
1211 3694 1418 3758 πάντας
1450 3694 1577 3759 τοὺς
1600 3694 1706 3765 πρὸ
1729 3694 1918 3758 αὐτοῦ,

327 3789 494 3857 ὅμοια
516 3788 607 3841 καὶ
633 3787 885 3841 ἐπέκεινα
910 3789 1017 3841 τῶν
1048 3787 1262 3842 Παύλου
1296 3785 1389 3840 τοῦ
1412 3787 1772 3856 Σαμοσατέως
1797 3787 1914 3839 δια-

327 3878 652 3948 νενοημένος
681 3878 807 3947 περὶ
832 3878 925 3930 τοῦ
969 3877 1100 3930 Υἰοῦ
1140 3876 1235 3931 τοῦ
1262 3877 1398 3932 Θεοῦ
1430 3876 1696 3948 ὲξεμέσας
1725 3876 1916 3945 λόγους

325 3970 666 4032 ἀσυστάτους
709 3969 1079 4042 βλασφημίας.
1112 3965 1279 4033 Οὗτος
1308 3971 1364 4024 δὲ
1396 3971 1624 4042 ὡρμᾶτο
1652 3971 1762 4041 (9.9)
1806 3972 1916 4025 ἀπὸ

326 4062 579 4131 Σιρμίου.
634 4063 742 4117 Καὶ
788 4064 878 4117 ὅτε
922 4062 1021 4133 μὲν
1047 4062 1205 4116 τοῦτο
1243 4063 1305 4116 τὸ
1337 4063 1574 4127 ζιζάνιον
1615 4063 1693 4133 τῷ
1724 4064 1917 4134 κόσμῳ

324 4154 683 4223 εἰσηγήσατο,
712 4154 835 4207 τότε
866 4156 981 4207 κατ’
1016 4156 1194 4208 ἐκεῖνο
1223 4154 1416 4225 καιροῦ
1449 4155 1543 4207 ἐπὶ
1573 4155 1913 4208 Κωνσταντί-

324 4248 453 4298 νου¹
480 4246 572 4299 τοῦ
611 4247 893 4319 βασιλέως,
913 4248 1102 4317 καιρὸς
1129 4244 1197 4319 ἦν
1222 4249 1301 4310 είς
1332 4248 1411 4301 ἔτι
1434 4248 1593 4319 δεῦρο
1613 4248 1810 4319 περιῆν
1836 4247 1913 4319 τῷ

325 4338 452 4409 βίῳ,
484 4339 592 4392 ἀπὸ
628 4341 723 4410 τῆς
751 4341 808 4393 ὲν
841 4344 906 4412 τῇ
941 4342 1178 4413 Σαρδικῇ
1225 4340 1338 4412 (30)
1381 4341 1739 4411 συναχθείσης
1769 4340 1912 4394 δυτι-

2411 3203 2689 3262 ςοΝτιιΑ
2714 3205 3204 3276 PilOTlNlANOS,

2323 3319 2453 3385 Qua:
2479 3329 2558 3374 est
2587 3320 2803 3375 Ita-rasis
2843 3320 2940 3385 LI,
2966 3322 3073 3377 sive
3098 3321 3308 3377 LXXI.

2091 3432 2132 3487 l.
2158 3431 2263 3487 Per
2306 3431 2449 3487 idem
2493 3439 2710 3501 tempus
2763 3431 3053 3498 Photinus,
3087 3449 3255 3503 aquo
3295 3434 3611 3490 Photiniani

2018 3523 2360 3594 prodierunt,
2411 3524 2658 3586 emersit,
2702 3524 2985 3580 catholica:
3028 3525 3284 3582 Ecclesiae
3332 3527 3608 3599 quondam

1976 3638 1983 3639 ν
2017 3615 2340 3685 episcopus;
2397 3614 2490 3685 qui
2525 3614 2667 3668 haud
2703 3615 2964 3671 mediocri
3006 3617 3193 3673 furore
3217 3621 3479 3689 percitus,
3510 3636 3605 3676 su-

2020 3705 2261 3774 periores
2318 3720 2510 3759 omnes
2539 3704 2753 3759 insania
2808 3707 3112 3776 superavit,
3154 3708 3456 3781 eademque
3475 3728 3608 3765 cum

2016 3796 2187 3852 Paulo
2223 3795 2606 3857 Samosateno,
2645 3796 2755 3851 imo
2799 3799 3073 3854 atrociora
3114 3801 3363 3872 qumdam
3396 3804 3463 3858 de
3507 3803 3605 3860 Dei

2016 3889 2155 3943 Filio
2178 3897 2358 3943 mente
2390 3889 2558 3959 829
2585 3891 2860 3962 concepit,
2892 3890 2947 3944 in
2981 3908 3142 3961 quem
3187 3894 3377 3963 plenos
3406 3901 3600 3949 contu-

2015 3980 2189 4034 meliae
2226 3996 2530 4046 sermones,
2568 3998 2666 4037 nec
2726 3984 2833 4037 ulla
2860 3984 3143 4040 soliditate
3180 3986 3426 4042 firmatos
3466 4003 3597 4043 evo-

2015 4074 2172 4127 muit.
2220 4072 2320 4126 llic
2362 4074 2620 4143 prodicns
2668 4073 2875 4129 Sirmio
2924 4077 3246 4133 Constantio
3296 4080 3598 4149 imperante

2016 4161 2201 4215 infelix
2225 4161 2489 4217 doctrinae
2510 4180 2623 4219 sua:
2648 4165 2837 4218 lolium
2869 4165 2921 4218 in
2947 4167 3080 4220 orbe
3107 4166 3509 4232 disseminavit,
3542 4178 3597 4222 ct

2014 4250 2082 4304 ad
2138 4252 2250 4305 haec
2304 4270 2478 4322 usque
2528 4262 2775 4325 tempora
2815 4258 3112 4327 superfuit,
3141 4276 3265 4315 cum
3307 4262 3361 4314 in
3406 4260 3595 4315 Sardi-

2013 4342 2161 4395 censi
2211 4340 2525 4400 Occidentis
2558 4347 2769 4415 synodo
2806 4348 2877 4403 ob
2923 4352 3291 4408 cxsccrandas
3338 4351 3593 4423 blasphe-

327 4433 431 4501 ιῆς
478 4432 694 4486 συνόδου
750 4431 1116 4506 καθαιρεθεὶς,
1173 4434 1241 4489 δι’
1287 4434 1355 4506 ἦν
1393 4433 1629 4505 ὲξήμεσε
1669 4432 1909 4504 βλασφη-

2023 4433 2153 4489 mias
2180 4434 2460 4507 depositus
2480 4448 2649 4494 esset.

322 4523 479 4595 μίαν.

396 4682 414 4713 ¹
445 4680 738 4738 Mendosus
769 4682 939 4738 locus.
976 4682 1104 4752 [ινα.
1130 4690 1310 4738 autem
1351 4682 1752 4735 Κωνσταντίου.

394 4838 505 4905 (20)
533 4834 799 4905 Οὗτος-δὲ
819 4838 1071 4909 ὡρμᾶτο.
1106 4839 1727 4910 Ὀρμᾶσθαιεωρίδείηιθ
1754 4838 1898 4910 apud

318 4908 686 4979 I'inphanium
721 4920 774 4964 et
812 4908 948 4964 alius
981 4911 1121 4964 idem
1173 4908 1315 4962 valet
1346 4919 1509 4979 atque
1544 4910 1719 4980 oriri;
1749 4909 1897 4980 quod

315 4989 376 5033 et
405 4978 505 5034 nos
552 4980 654 5033 hoc
707 4980 825 5032 loco
861 4996 1047 5034 verum
1099 4978 1559 5033 existimavimus.
1615 4978 1722 5033 Sed
1769 4978 1895 5033 cum

319 5049 589 5104 Photinus
618 5065 723 5103 non
756 5049 979 5115 Sirmio,
1014 5050 1109 5103 sed
1143 5066 1205 5103 ex
1238 5050 1593 5116 Gallograu-ia
1629 5051 1898 5105 oriundus

317 5122 506 5184 fuerit,
555 5130 614 5174 ut
644 5121 696 5172 in
728 5121 821 5175 lib.
861 5119 933 5175 De
970 5120 1153 5189 script.
1187 5120 1373 5173 eccles.
1409 5120 1602 5175 scribit
1630 5120 1899 5191 llicrony-

315 5207 464 5253 mus,
513 5191 820 5246 consultius
868 5192 1110 5246 arbitror
1158 5190 1451 5260 prodeundi
1498 5190 1763 5245 vocabulo
1793 5190 1897 5254 uti,

314 5262 767 5332 quamuoriundi.
832 5261 1013 5327 Quare
1063 5260 1135 5315 ita
1187 5262 1368 5332 potius
1426 5261 1897 5332 interpretandum

317 5332 439 5384 fuit.
476 5330 584 5403 llic
620 5330 820 5403 Sirmio
850 5332 1119 5403 pradicas,
1165 5330 1269 5385 etc.
1310 5330 1401 5403 Sic
1431 5332 1577 5403 enim
1606 5330 1894 5403 illierony-

315 5418 441 5471 mus
470 5419 484 5455 z
518 5401 774 5456 Photinus
817 5402 881 5457 de
916 5401 1268 5471 Gallograzcia
1308 5401 1554 5457 Marcelli
1579 5401 1893 5471 discipulus,

315 5469 505 5525 Sirmii
550 5473 825 5539 episcopus
859 5469 1162 5532 ordinatus.
1199 5484 1304 5539 etc,

391 5533 659 5611 (50)Ἁὲτὸ
691 5533 793 5609 τῆς
824 5543 894 5595 ἐν
925 5542 999 5610 τῇ
1042 5533 1324 5610 Σαρδωιῆ⁸
1354 5542 1446 5597 Bis
1467 5541 1893 5597 condemnatum

312 5625 438 5683 esse
467 5611 763 5683 Photinum
799 5611 1366 5683 traditEpiphanius:
1402 5616 1637 5683 primum
1675 5612 1727 5666 in
1758 5612 1889 5667 δάιος

313 5681 525 5752 dicensi
555 5682 765 5752 synodo
794 5699 810 5746 ;
841 5693 952 5736 tum
982 5682 1035 5735 in
1055 5681 1378 5746 ’Sirlnicnsi,
1405 5681 1537 5736 cum
1574 5684 1891 5751 imperatori

316 5751 643 5808 Constantio
676 5752 915 5807 libellum
949 5753 1257 5810 obtulisset.
1294 5752 1593 5825 Utrumque
1618 5754 1721 5811 sub
1746 5752 1892 5809 Conv

1995 4838 2602 4925 stantio'celebralum.
2633 4842 2758 4897 ldeo
2798 4847 3583 4925 corrigendos__llicronynms,

1995 4910 2087 4977 qui
2116 4926 2147 4963 a
2181 4908 2560 4983 Valentiniano
2592 4915 2786 4983 imper.
2818 4908 3028 4983 pulsum
3062 4920 3131 4975 ab
3171 4908 3584 4981 EcclesiaJl’ho:

1996 4983 2170 5062 tin_um
2213 4980 2477 5035 affirmat:
2506 4980 2763 5062 nisi_p'ost
2798 4980 3156 5062 Sirmicnsem
3189 4994 3458 5062 synodum
3487 4980 3586 5050 oc-

1996 5052 2176 5123 cultos
2208 5062 2515 5107 conventus
2546 5052 2807 5111 habuisse
2839 5058 3165 5123 dixerimus,
3199 5052 3251 5116 c't
3279 5078 3309 5114 a
3340 5063 3584 5119 Valenti.

1996 5122 2164 5201 niano
2192 5124 2563 5201 proscripturit
2590 5126 2781 5201 fuisse.
2807 5127 2961 5193 Quod
2987 5147 3050 5201 ex
3070 5146 3141 5201 co
3156 5122 3356 5185 deduci
3382 5143 3590 5201 potest,

2036 5192 2151 5269 uod
2190 5194 2242 5245 in
2285 5194 2515 5269 epistola
2558 5192 3077 5269 synodicaconcilii
3114 5192 3481 5269 Aquileiensis
3508 5192 3589 5259 ad

2046 5263 2341 5325 ratianum,
2374 5262 2638 5339 volentia.
2679 5268 3118 5339 etTlteodusiunt
3164 5262 3289 5339 i'mp.
3340 5274 3577 5332 Ambro-

1994 5334 2113 5411 sius
2145 5348 2213 5411 ac
2242 5336 2424 5388 creteri
2460 5336 2703 5406 episcopi
2749 5338 2820 5390 ita
2857 5340 2961 5394 suh
2993 5341 3151 5394 tinem
3188 5334 3530 5411 scripserunt
3560 5367 3575 5403 :

1994 5402 2345 5481 Photini‘anos
2376 5402 2596 5481 quoque,
2638 5402 2766 5475 quos
2794 5421 2843 5462 et
2864 5410 3121 5475 superiori
3160 5411 3267 5481 lege
3300 5402 3589 5472 censuislis.

1991 5474 2165 5527 nullos
2193 5474 2368 5542 facere
2394 5474 2577 5530 debere
2599 5474 2903 5538 cenaentus,
2928 5474 3081 5543 prout
3115 5474 3227 5543 iani
3249 5492 3297 5535 et
3330 5488 3577 5540 sacerdo-

1994 5552 2105 5596 tum
2133 5546 2355 5598 concilio
2387 5549 2643 5599 sententia
2688 5548 2741 5598 in
2776 5564 2862 5601 eos
2887 5548 2999 5600 lata
3022 5560 3120 5605 est.
3156 5552 3393 5608 Petimus
3424 5557 3573 5613 insu-

1989 5630 2098 5681 per,
2136 5623 2193 5667 ut
2224 5616 2472 5683 quoniam
2514 5617 2567 5669 in
2601 5616 2880 5670 Sirmieusi
2914 5620 3103 5685 oppido
3145 5622 3316 5677 adiuta
3356 5644 3572 5685 converto

1990 5694 2074 5740 tus
2105 5693 2302 5741 tentare
2332 5702 2419 5741 eos
2446 5686 2800 5757 cognovimus,
2833 5688 3110 5745 clementia
3143 5704 3333 5762 vestra,
3359 5706 3467 5754 etc.
