3990 6228
393 224 460 279 73

1741 229 1798 286 S.
1840 231 2179 288 EPIPHANII

3487 238 3623 308 δῖε

426 330 526 385 llic
548 330 821 389 Christian
847 348 877 389 a
903 334 1168 407 principio
1193 345 1352 409 negat
1373 339 1663 406 exstitisse,
1698 341 1792 395 sed
1812 341 1925 411 jam

2097 345 2298 399 Φάσκει
2327 344 2383 399 δὲ
2407 337 2559 409 οὗτος
2579 385 2593 407 .
2622 345 2876 419 ἀπαρχῆς
2923 347 3013 401 τὸν
3045 348 3278 419 Χριστὸν
3312 349 3387 422 μὴ
3420 347 3575 406 εἶναι
3593 389 3620 419 ,

356 435 470 484 tum
497 443 527 482 a
556 427 720 483 Maria
743 429 965 501 Virgine
991 431 1204 486 initium
1233 427 1533 503 accepisse,
1564 449 1628 488 ac
1659 443 1928 490 recentem

357 537 509 578 esse:
542 536 607 576 ex
647 537 755 590 quo
781 520 1037 591 Spiritus,
1072 521 1267 593 inquit,
1303 530 1526 581 sanctus
1564 525 1616 580 in
1651 525 1803 580 illum
1836 525 1931 582 de-

358 611 588 676 scendit,
616 619 672 665 et
697 626 727 667 e
758 609 963 682 Spiritu
990 622 1180 669 sancto
1205 614 1420 686 genitus
1447 623 1552 670 cst.
1602 614 1773 681 Quem
1807 615 1931 686 qui-

354 704 475 760 dem
513 701 777 772 Spiritum
815 712 1064 759 sanctum
1095 705 1298 762 Christi
1351 721 1473 762 esse
1523 715 1707 776 putat,
1753 705 1930 760 audax

356 798 706 862 architectus,
755 807 809 852 et
854 799 1178 864 cmlestium,
1231 815 1350 868 quae
1397 815 1648 855 sermone
1673 799 1930 868 explicari

355 898 653 959 nequeunt,
695 889 992 944 dimensor.
1033 888 1157 942 Fuit
1203 891 1288 944 hic
1329 899 1574 961 prompta
1606 891 1671 944 ad
1707 890 1932 960 loquen-

353 982 484 1036 dum
518 997 582 1036 ac
629 982 852 1037 volubili
907 983 1107 1053 lingua,
1142 983 1277 1044 adeo
1319 990 1379 1036 ut
1408 984 1696 1053 plerosque
1736 983 1930 1036 verbo-

355 1088 474 1126 rum
527 1073 639 1141 ipsa
681 1075 1145 1142 pronuntiatione,
1194 1084 1248 1129 et
1299 1074 1513 1130 dicendi
1553 1074 1828 1130 celeritate
1874 1075 1927 1128 in

356 1162 600 1220 fraudem
627 1171 810 1233 posset
835 1164 1127 1234 impellere.
1169 1165 1322 1235 Saepe
1351 1167 1493 1220 enim
1524 1181 1552 1220 a
1583 1166 1768 1220 multis
1793 1163 1932 1218 rel‘u-

357 1261 502 1312 talus
533 1265 636 1317 ρει,
675 1265 798 1329 post
828 1255 974 1309 illam
1007 1256 1091 1311 sui
1124 1257 1498 1328 purgationem
1528 1272 1690 1326 quam
1723 1256 1776 1310 in
1803 1255 1931 1310 Sar-

357 1345 567 1406 dicensi
593 1347 801 1418 synodo
827 1347 1224 1418 snscepit,cum
1256 1349 1325 1403 ab
1352 1349 1623 1419 episcopis
1662 1348 1932 1419 pestiferae

360 1438 640 1504 doctrinae,
675 1454 836 1508 quam
873 1447 1250 1509 proposuerat,
1289 1441 1552 1494 rationem
1590 1438 1815 1495 reddere
1847 1447 1932 1495 est

355 1526 567 1600 jussus.
627 1527 838 1583 Etenim
877 1529 1263 1584 Constantium
1301 1530 1681 1598 imperatorem
1721 1530 1929 1597 adiens,

359 1623 614 1684 tanquam
643 1617 827 1687 inique
857 1618 1136 1688 depositus
1168 1627 1334 1680 esset.
1371 1635 1552 1675 causa:
1579 1636 1692 1674 suae
1716 1621 1932 1690 judices

2030 437 2138 492 ἀπὸ
2171 437 2227 490 δὲ
2271 437 2487 509 Μαρίας
2537 437 2632 492 καὶ
2675 438 2833 510 δεῦρο
2872 439 3034 492 αὐτὸν
3087 441 3380 512 ὑπάρχειν·
3419 443 3616 510 ἐξότε.

2031 529 2195 601 φησὶ,
2231 528 2291 583 τὺ
2334 528 2556 600 Πνεῦμα
2589 529 2652 582 τὸ
2699 529 2853 598 ἅγιον
2898 530 3128 601 ἐπῆλθεν
3162 533 3248 586 ἐπ’
3276 533 3467 598 αὐτὸν,
3501 533 3622 587 καὶ

2030 620 2291 692 ἐγεννήθη
2339 620 2403 673 ὲκ
2448 618 2764 690 Πνεύματος
2815 619 2992 688 ἁγίου.
3047 621 3120 674 Τὸ
3163 621 3223 674 δὲ
3268 621 3495 693 Πνεῦμα
3547 619 3623 674 τὸ

2030 710 2183 780 ἅγιόν
2215 728 2413 782 φησιν,
2443 711 2518 774 ὠς
2544 710 2814 783 τολμηρὸς
2848 711 3213 782 ἀρχιτέκτων,
3246 713 3488 783 νομίζειν
3521 706 3622 764 εἷ-

2029 821 2116 856 ναι
2141 803 2234 856 τοῦ
2265 801 2525 873 Χριστοῦ,
2559 802 2654 855 καὶ
2694 802 2768 865 ὼς
2821 802 3226 873 οὐρανομέτρης
3257 802 3363 856 τῶν
3385 802 3626 856 ἀνεκδι-

2029 894 2269 963 ηγήτων.
2288 893 2481 962 Γέγονε
2507 893 2563 946 δὲ
2579 887 2728 956 οὗτος
2757 894 2785 946 ό
2813 892 3073 955 (ι’ωτεινὸς
3100 892 3256 956 λάλος
3271 893 3360 947 τὸν
3373 893 3622 963 τρόπον,

2030 985 2124 1037 καὶ
2151 983 2471 1054 ὼξυμμένος
2503 981 2601 1054 τὴν
2641 982 2888 1052 γλῶτταν
2912 1023 2925 1045 ,
2961 983 3188 1043 πολλοὺς
3218 984 3274 1036 δὲ
3301 984 3625 1054 δυνάμενος

2029 1077 2242 1146 άπατᾷν
2286 1078 2354 1147 τῇ
2407 1075 2499 1129 τοῦ
2552 1075 2709 1144 λόγου
2776 1077 3028 1146 προφορᾷ
3083 1075 3177 1128 καὶ
3234 1076 3620 1146 ὲτοιμολογέᾳ.

2031 1165 2300 1228 Πολλάκις
2327 1165 2433 1238 γὰρ
2462 1165 2565 1219 ὑπὸ
2599 1165 2806 1218 πολλῶν
2830 1165 3184 1235 ἐλεγχόμενος
3214 1168 3306 1220 καὶ
3337 1166 3475 1236 μετὰ
3506 1166 3626 1236 τὴν

2028 1258 2151 1312 τότε
2176 1258 2475 1329 γενομένην
2514 1259 2570 1311 ἐν
2596 1260 2662 1330 τῇ
2693 1259 2925 1330 Σαρδικῇ
2961 1259 3127 1312 αὑτοῦ
3173 1259 3462 1330 ἀπολογία,
3515 1260 3625 1312 ὅτε

2031 1349 2140 1404 ἀπὸ
2181 1349 2289 1403 τῶν
2329 1349 2642 1402 ἐπισκόπων
2687 1348 2889 1421 ἐκλήθη
2941 1349 3121 1402 δοῦναι
3153 1349 3308 1418 λόγον
3338 1351 3460 1420 περὶ
3507 1351 3626 1418 τῆς

2033 1440 2124 1493 ὑπ’
2151 1438 2312 1492 αὐτοῦ
2341 1437 2740 1509 προϐληθείσης
2770 1437 3148 1501 κακοπιστίας.
3180 1438 3290 1492 Καὶ
3315 1438 3422 1509 γὰρ
3445 1433 3626 1500 οὗτος

2031 1530 2228 1602 ἠξίωσε
2260 1530 2636 1583 Κωνστάντιον
2660 1529 2750 1582 τὸν
2777 1529 3020 1599 βασιλέα,
3050 1529 3125 1592 ὠς
3158 1528 3333 1600 μάτην
3362 1530 3628 1600 καθῃρη-

2036 1619 2224 1690 μένος,
2269 1620 2418 1682 ὅπως
2459 1618 2735 1689 ἀκροατὰς
2780 1618 2933 1672 λάϐοι
2966 1614 3156 1681 αὖθις,
3195 1617 3289 1670 τοῦ
3323 1618 3627 1683 ἀποδεῖξαι

357 1723 421 1765 ac
453 1709 851 1779 disceptatores
881 1711 1054 1780 petiit,
1097 1712 1296 1781 quibus
1334 1711 1536 1768 fruSIra
1565 1713 1667 1768 sibi
1699 1713 1928 1783 abroga-

2047 1710 2221 1762 ἑαυτὸν
2258 1709 2434 1780 μάτην
2477 1709 2883 1780 καθῃρημένον.
2928 1709 3091 1763 Ὅθεν
3132 1711 3159 1762 ὁ
3205 1710 3302 1780 μὲν
3350 1709 3628 1778 βασιλεὺς

356 1810 470 1860 tum
514 1817 637 1859 esse
688 1803 1054 1863 sacerdotium
1104 1805 1377 1874 probaret.
1432 1805 1513 1861 0b
1551 1805 1603 1859 id
1637 1806 1932 1875 imperator

353 1891 570 1958 judices
602 1893 774 1959 misit,
819 1895 960 1965 apud
996 1911 1132 1965 quos
1175 1897 1264 1952 ille
1298 1913 1519 1952 causam
1554 1907 1754 1968 ageret,
1785 1896 1931 1951 Tha-

359 1985 584 2042 lassium
619 1995 672 2041 et
700 1986 1008 2052 Datianum,
1038 1989 1364 2054 Cerealium,
1407 1990 1670 2057 Taurum,
1709 1991 1935 2046 Marcel-

359 2075 553 2140 linum,
572 2077 920 2143 Evanthium,
947 2077 1253 2149 Olympium
1292 2089 1344 2135 et
1373 2079 1680 2142 Leontium,
1716 2079 1934 2133 datum-

358 2180 466 2235 que
505 2164 702 2220 Basilio
749 2166 1040 2238 Ancyrano
1080 2169 1380 2238 negotium,
1429 2177 1488 2224 ut
1520 2170 1669 2224 illum
1704 2169 1937 2224 interro-

361 2265 533 2325 garet,
565 2265 620 2312 et
641 2273 761 2327 qua:
789 2259 857 2314 ab
881 2273 946 2313 eo
967 2267 1354 2329 purgarentur,
1383 2269 1476 2314 aut
1501 2259 1933 2326 admitterentur,

361 2347 646 2404 refelleret.
673 2348 796 2404 Fuit
819 2366 947 2406 vero
977 2351 1119 2406 haud
1145 2352 1436 2408 mediocris
1467 2352 1557 2407 illa
1585 2367 1709 2408 cum
1736 2353 1938 2408 Basilio

361 2447 613 2511 suscepta
666 2441 983 2512 disputatio.
1062 2442 1168 2498 Sed
1217 2444 1564 2518 nequissima:
1611 2444 1940 2500 mulierculae

361 2548 534 2598 more,
582 2549 702 2605 qua:
743 2534 880 2590 fucis
913 2536 1150 2590 colorem
1189 2535 1479 2602 adulterat,
1535 2538 1834 2594 sententias
1884 2538 1938 2591 in

362 2626 688 2696 disputando
719 2627 1010 2681 nonnullas
1039 2627 1348 2696 injiciebat:
1380 2642 1518 2697 quas
1548 2642 1579 2681 a
1608 2643 1773 2683 sensu
1800 2627 1942 2682 veri-

362 2717 494 2780 tatis
527 2716 880 2771 abhorreutcs
913 2717 1204 2786 depravata
1237 2731 1337 2772 sua
1370 2717 1724 2788 intelligentia
1753 2731 1943 2771 corru-

364 2815 538 2886 perat.
600 2806 705 2863 Sed
735 2809 1004 2864 sermonis
1035 2809 1328 2864 calliditate
1372 2823 1437 2864 ac
1483 2809 1740 2879 loquendi
1770 2808 1943 2863 facili-

365 2909 475 2955 tate
502 2900 569 2954 ad
625 2900 711 2955 sui
743 2900 1165 2970 auditorumque
1201 2900 1574 2970 deceptionem
1598 2916 1720 2956 cum
1753 2899 1942 2970 primis

2031 1803 2150 1856 κατ’
2199 1802 2375 1854 έκεῖνο
2421 1801 2612 1873 καιροῦ
2655 1800 2926 1872 ἐξέπεμψε
2963 1801 3156 1872 κριτὰς
3205 1801 3300 1855 καὶ
3331 1801 3628 1871 ἀκροατὰς

2032 1893 2132 1962 τῆς
2157 1892 2323 1946 αὐτοῦ
2355 1893 2654 1964 μελλούσης
2698 1893 2917 1946 ἔσεσθαι
2955 1894 3268 1962 ἀπολογίας,
3309 1893 3630 1947 Θαλάσσιον

2033 1984 2126 2038 καὶ
2175 1983 2431 2037 Δατιανδν
2477 1985 2568 2037 καὶ
2593 1983 2888 2054 Κερεάλιον
2931 1984 3023 2037 καὶ
3065 1983 3276 2056 Ταῦρον
3315 1985 3410 2036 καὶ
3451 1985 3631 2055 Map-

2034 2076 2273 2130 κελλῖνον
2311 2078 2406 2130 καὶ
2448 2077 2706 2130 Εὑάνθιον
2744 2077 2836 2130 καὶ
2875 2077 3166 2148 Ὀλύμπιον
3211 2077 3307 2130 καὶ
3335 2078 3627 2138 Λεόντιον,

2035 2168 2317 2222 Βασιλείου
2349 2168 2444 2221 τοῦ
2489 2167 2849 2238 Ἀγκυριανοῦ
2880 2169 2976 2232 τὰς
3010 2168 3174 2222 αὐτοῦ
3203 2167 3423 2231 πεύσεις
3469 2170 3631 2240 ἐρω-

2035 2263 2256 2326 τῶντος,
2307 2262 2401 2316 καὶ
2436 2261 2807 2328 ἀντιλέγοντος
2851 2264 2962 2324 τοῖς
3000 2261 3091 2312 ὑπ’
3122 2259 3287 2314 αὑτοῦ
3325 2259 3631 2331 μέλλουσιν

2037 2353 2442 2422 ἀπολογεῖσθαι,
2487 2353 2519 2424 ἢ
2571 2352 2667 2407 καὶ
2719 2352 3132 2422 καταδέχεσθαι.
3185 2353 3261 2405 Οὐ
3306 2351 3509 2422 μικρὰν
3563 2351 3631 2404 δὲ

2037 2444 2270 2511 διάλεξιν
2311 2444 2446 2516 πρὸς
2487 2443 2578 2497 τὸν
2622 2444 2783 2496 αὑτὸν
2837 2443 3097 2513 βασιλέα²
3126 2445 3448 2513 ἐποιήσατο·
3489 2442 3629 2496 ἀλλ’

2038 2536 2227 2608 ὥσπερ
2255 2536 2773 2609 παρατετριμμένης
2799 2535 3009 2605 φαύλης
3031 2535 3286 2603 γυναικὸς
3307 2534 3367 2588 τὸ
3391 2535 3627 2606 χρῶμα,

2039 2627 2127 2682 διὰ.
2154 2626 2262 2686 τῶν
2293 2627 2465 2696 λόγων
2488 2626 2652 2681 αὑτοῦ
2689 2627 2996 2698 παρέφερεν
3026 2629 3082 2680 ὲν
3113 2630 3179 2698 τῇ
3209 2625 3439 2690 διαλέξει
3470 2627 3629 2696 ρητά

2040 2716 2320 2772 ἀσύστατα
2362 2715 2497 2786 πρὸς
2528 2716 2626 2786 τὴν
2662 2715 2901 2769 διάνοιαν
2935 2716 3034 2785 τῆς
3066 2715 3359 2785 ἀληθείας,
3389 2715 3520 2768 ὄντα
3566 2715 3632 2769 δὲ

2042 2805 2208 2860 αὐτοῦ
2235 2808 2300 2878 τῇ
2335 2805 2511 2876 ἐννοίᾳ
2541 2805 3078 2875 παραπεποιημένως
3107 2804 3392 2874 νοούμενα.
3427 2804 3530 2857 Διὰ
3565 2805 3630 2858 δὲ

2042 2899 2142 2969 τῆς
2168 2896 2452 2967 ἀπατηλῆς
2496 2896 2659 2950 αὐτοῦ
2689 2896 2930 2966 φθογγῆς
2964 2897 3052 2950 καλ
3107 2895 3494 2966 ὲτοιμολογίας,
3537 2898 3631 2960 εἰς

366 2993 688 3057 instructus,
711 2992 873 3048 etiam
907 2993 1037 3046 illud
1062 2991 1272 3062 jactare
1295 3000 1614 3064 arroganter
1640 3006 1807 3047 ausus
1837 3001 1940 3053 est,

2047 2985 2386 3057 κατασκευὴν
2428 2984 2594 3040 αὑτοῦ
2641 3004 2699 3039 τε
2749 2986 2844 3040 καὶ
2892 2987 3001 3040 τῶν
3043 2988 3350 3041 ἀκουόντων
3388 2986 3477 3038 διὰ
3512 2987 3632 3056 τῆς

365 3092 582 3138 centum
619 3098 677 3139 se
727 3081 1025 3156 Scriptura:
1079 3083 1411 3138 testimoniis
1446 3082 1755 3152 opinionem
1789 3097 1944 3137 suam

368 3191 490 3230 esse
514 3175 887 3244 probaturum.
925 3173 1076 3228 Multi
1104 3173 1250 3228 enim
1282 3173 1545 3228 adversus
1567 3173 1718 3226 illum
1747 3173 1800 3226 in
1833 3186 1949 3226 cer-

371 3273 552 3320 tamen
595 3263 1014 3326 descendcrunt,
1063 3272 1123 3318 ut
1166 3264 1220 3317 in
1265 3264 1403 3320 actis
1449 3262 1754 3318 collationis
1801 3261 1947 3316 illius

371 3371 495 3410 cum
532 3353 733 3411 Basilio
758 3356 1080 3425 reperimus,
1120 3370 1240 3425 quae
1266 3370 1296 3408 a
1341 3355 1568 3409 notariis
1590 3362 1812 3422 excepta
1841 3359 1946 3417 est,

374 3446 581 3518 Anysio
634 3446 978 3515 imperatoris
1024 3447 1337 3514 ministro‘,
1386 3455 1441 3501 et
1471 3446 1762 3501 Callicrate
1792 3460 1950 3501 exce-

371 3547 530 3610 ptore
558 3537 742 3592 Ruﬁni
771 3538 1034 3608 praefecti,
1065 3537 1334 3610 Olympio,
1367 3539 1534 3609 830
1556 3537 1764 3599 Niceta,
1801 3537 1951 3592 Basi-

375 3630 470 3694 lio,
485 3629 578 3700 qui
612 3636 770 3684 erant
785 3643 815 3681 a
833 3629 1112 3692 memoria,
1134 3628 1375 3699 Eutyche
1390 3639 1444 3684 et
1461 3629 1737 3684 Theodqu
1765 3627 1948 3684 Basilii

374 3721 627 3782 notariis.
677 3720 886 3786 Quibus
925 3721 1178 3775 omnibus
1222 3721 1560 3791 perscriptis,
1599 3729 1777 3774 tomus
1809 3735 1950 3774 unus

376 3809 698 3880 obsignatas
743 3810 811 3864 ad
861 3810 1240 3881 imperatorem
1281 3811 1698 3866 Constantinum
1751 3811 1950 3866 missus

377 3910 497 3969 est;
538 3903 679 3958 alius
722 3918 888 3972 penes
930 3904 1220 3975 synodum,
1267 3903 1355 3959 cui
1397 3903 1628 3959 Basilius
1669 3904 1949 3969 intererat,

379 3985 663 4060 remansit.
706 3996 951 4053 Tertium
980 3997 1204 4068 perinde
1232 3999 1580 4069 obsignatum
1610 3999 1750 4070 apud
1774 4016 1832 4056 se
1859 4015 1954 4055 co-

379 4085 538 4152 mites
564 4085 898 4154 habuerunt,
927 4087 1018 4143 ubi
1043 4096 1154 4143 tota
1183 4089 1331 4145 illius
1378 4089 1649 4160 dogmatis
1682 4089 1952 4160 expositio

379 4168 776 4243 continebatur.

2047 3080 2294 3150 γλώσσης
2333 3076 2512 3131 αὐτῶν
2540 3077 2942 3149 ἡτοιμασμένος
2962 3117 2977 3142 ,
3010 3079 3105 3132 καὶ
3135 3077 3270 3150 μετὰ
3301 3079 3632 3148 καυχήσεως

2047 3171 2178 3243 περὶ
2203 3170 2304 3241 τῆς
2326 3169 2631 3234 ὑποθέσεως
2660 3171 2854 3224 ἑκατὸν
2890 3171 3195 3242 μαρτυρίας
3224 3171 3409 3243 φέρειν
3437 3173 3465 3223 ό
3491 3187 3633 3238 γεν-

2046 3265 2208 3328 νάδας
2253 3261 2633 3332 ἐπηγγείλατο.
2684 3263 2794 3316 Καὶ
2840 3263 2950 3334 γὰρ
3000 3262 3152 3316 τῶν³
3206 3262 3294 3316 ἀεὶ
3357 3261 3629 3324 πολλάκις

2049 3356 2184 3427 πρὸς
2209 3355 2368 3408 αὐτὸν
2397 3352 2846 3417 άντιὸαλλόντων,
2881 3353 2957 3417 ὡς
2981 3354 3074 3406 καὶ
3107 3353 3164 3406 ὲν
3197 3355 3263 3424 τῇ
3293 3353 3427 3424 πρὸς
3454 3353 3632 3404 Βασί-

2049 3449 2189 3502 λειον
2225 3446 2454 3511 διαλέξει
2485 3445 2747 3516 εὕρομεν,
2783 3445 2840 3497 ἐν
2875 3443 2957 3508 οἷς
3008 3445 3299 3498 ἐκέλευσαν
3343 3445 3632 3515 ταχυγρά-

2051 3554 2167 3607 φοις
2200 3536 2453 3608 γράφειν,
2498 3534 2725 3605 Ἀνυσίῳ
2771 3534 3001 3606 διακόνῳ
3027 3533 3121 3588 τοῦ
3153 3534 3409 3604 βασιλέως
3436 3532 3454 3562 ⁸
3481 3533 3567 3604 (31
3581 3536 3630 3602 ),

2051 3629 2144 3683 καὶ
2194 3627 2559 3698 Καλλικράτει
2618 3626 2948 3698 ὲκσκέπτορι
3001 3626 3138 3695 (5‘2)
3196 3620 3472 3694 Ῥουιρίνου
3520 3626 3631 3677 τοῦ

2051 3719 2314 3790 ἐπάρχου,
2357 3719 2449 3772 καὶ
2492 3716 2771 3787 Ὀλυμπίῳ
2824 3717 2919 3770 καὶ
2972 3716 3185 3787 Νικὴτῃ
3227 3715 3320 3767 καὶ
3358 3712 3634 3782 Βασιλείῳ

2051 3809 2413 3882 Μεμοραδὶοις
2444 3810 2576 3880 (55),
2607 3811 2700 3862 καὶ
2722 3809 2970 3878 Εὑτυχεῖ,
3017 3807 3112 3860 καὶ
3137 3804 3425 3875 Θεοδούλῳ,
3462 3820 3633 3856 νοταο

2055 3904 2189 3975 ρίοις
2220 3901 2315 3955 τοῦ
2344 3901 2623 3954 Βασιλείου
2650 3900 2789 3970 (54)”
2824 3901 2918 3953 καὶ
2942 3899 3222 3968 ἀπεστάλη
3253 3895 3634 3969 ἐσφραγισμέ-

2052 4011 2141 4058 νος
2194 3994 2358 4064 τόμος
2407 3987 2487 4058 ei;
2537 3993 2615 4064 τῷ
2672 3992 2880 4063 βασιλεῖ
2936 3990 3401 4060 Κωνσταντίνῳδο
3446 3983 3525 4051 εἷς
3567 3989 3633 4042 δὲ

2053 4085 2268 4156 ἔμεινεν
2309 4087 2366 4138 ὲν
2401 4087 2468 4156 τῇ
2499 4085 2639 4139 κατὰ
2668 4084 2944 4138 Βασίλειον
2980 4083 3209 4154 συνόδῳ·
3239 4082 3331 4135 καὶ
3359 4079 3513 4142 ἄλλος
3543 4079 3632 4131 τό·

2059 4194 2156 4247 μος
2207 4178 2344 4247 μετὰ
2386 4176 2494 4230 τῶν
2543 4178 2818 4247 κομήτων,
2863 4175 3124 4236 ὡσαύτως
3171 4171 3631 4247 ἐσφραγισμένος,

2055 4269 2131 4330 ὡς
2156 4269 2176 4299 ⁸
2209 4268 2277 4320 τὰ
2302 4268 2397 4336 τῆς
2429 4267 2594 4320 αὑτοῦ
2629 4268 2884 4330 ὑπονοίας
2915 4266 3239 4337 βεϐλημένα.

455 4353 516 4408 ll.
552 4353 721 4410 Porro
742 4371 865 4410 cum
893 4357 959 4412 de
985 4357 1078 4413 illo
1117 4356 1351 4413 Basilius
1396 4359 1792 4426 sciscitaretur,
1817 4375 1944 4429 quo-

2130 4359 2206 4412 B’.
2252 4358 2449 4412 Εῐποτε
2479 4360 2587 4430 γὰρ
2619 4360 2647 4411 ό
2673 4359 2948 4421 Βασίλειος
2974 4357 3274 4428 ἠρώτησεν,
3303 4357 3383 4409 ὅτι
3418 4354 3534 4418 πῶς
3571 4355 3635 4408 αἱ

384 4445 548 4503 modo
593 4446 891 4517 Scriptura:
932 4463 1102 4504 sacra:
1147 4451 1214 4505 de
1255 4451 1483 4506 Domino
1536 4465 1601 4504 ac
1641 4449 1748 4503 Deo
1783 4449 1955 4505 Verbo

385 4537 666 4604 docerent,
705 4547 859 4594 «ante
893 4541 1076 4594 omnia
1106 4541 1301 4596 saecula
1327 4541 1673 4613 Unigenitum
1701 4541 1871 4608 illum,
1901 4550 1956 4596 et

388 4767 410 4799 .
429 4695 476 4830 ἐ
503 4695 820 4822 gfiuBasilii
851 4696 1098 4752 diacono.
1174 4699 1195 4730 ¹
1219 4697 1346 4755 Cor.
1376 4698 1674 4756 Βασίλειον-

477 4804 494 4830 ,
555 4800 584 4824 .,
655 4802 671 4820 .

477 4804 494 4834 ς
515 4800 671 4824 υσνυυο

462 4875 574 4949 (3i)
602 4877 1170 4949 ,Ἀνναίῳξδιακόνῳ
1223 4883 1331 4938 τοῦ
1367 4882 1692 4949 βασιλέως.
1735 4879 1964 4937 Videtur

387 4945 985 5024 Baor‘aeloonlcgmsed
1032 4945 1276 5006 non-nihil
1313 4945 1611 5024 suspensos
1650 4945 1751 5008 nos
1791 4961 1959 5016 tenet,

391 5019 536 5088 quod
564 5018 655 5093 hic
687 5017 872 5093 Basilii
901 5019 1168 5093 diaconus
1202 5017 1527 5093 appellatur,
1562 5024 1818 5078 nimirum
1849 5024 1961 5076 An-

391 5089 602 5160 cyrani,
636 5088 728 5155 qui
783 5091 1014 5163 actoris
1037 5088 1559 5163 partes‘s'ustinebat
1593 5113 1605 5148 :
1639 5109 1702 5148 ac
1735 5093 1963 5163 proinde

393 5169 681 5234 suspectus
709 5174 832 5234 esse
861 5159 1095 5234 Photino
1122 5161 1388 5234 diaconus
1415 5165 1559 5234 illius
1590 5159 1817 5234 poterat.

467 5229 578 5295 (5'2)
627 5230 1044 5306 ΚαλλιξηράζειΔ
1061 5231 1443 5306 ρκσκεξττορι.
1489 5229 1768 5306 Ἐτέαρχος
1824 5250 1963 5306 prte-

397 5296 595 5374 fectum
627 5296 868 5374 praetorii
907 5301 1209 5374 signiﬁcat.
1226 5296 1526 5360 Corn'arius
1539 5296 1977 5374 vero'prmsident

628 5367 1011 5426 TCredideriIn
1073 5372 1390 5444 praefectura
1451 5367 1712 5446 praetorio
1774 5375 1975 5446 Illyrici

422 5453 587 5492 UISSO.

469 5507 600 5584 (53)_
636 5507 745 5562 Καὶ
776 5511 1074 5584 Βασιλείᾳ)
1112 5513 1524 5584 Μεμοραδίοις.
1572 5513 1829 5570 Fortasse
1863 5515 1974 5568 Με-

400 5576 706 5655 μοραρίοις,
749 5580 904 5646 quasi
959 5576 1306 5655 Memora'rio's
1361 5576 1540 5650 vocet,
1572 5587 1664 5654 qui
1701 5597 1827 5640 sunt
1859 5584 1973 5638 Me-

397 5645 647 5714 moriales
675 5645 945 5717 :quorum
971 5653 1248 5723 proprium
1269 5671 1468 5713 munus
1493 5645 1609 5712 erat
1642 5656 1786 5728 lcgcs
1814 5665 1971 5711 etre-

2061 4451 2203 4504 Θεῖαι
2249 4452 2463 4523 Γροιφα)⁹
2509 4452 2818 4505 διδάσκουσι
2858 4451 2985 4521 περὶ
3012 4450 3106 4503 τοῦ
3137 4451 3340 4521 Κυρίου
3363 4447 3454 4501 τοῦ
3492 4446 3636 4501 Θεοῦ

2061 4543 2233 4612 Λόγου
2266 4564 2284 4595 ι
2306 4543 2410 4613 πρὸ
2435 4542 2647 4596 αἰώνων
2669 4538 2806 4596 εἶναι
2830 4542 3208 4611 τὸνΜονογενῨι
3253 4541 3344 4595 καὶ
3378 4541 3472 4594 σὺν
3513 4541 3635 4594 Πα-

1770 4696 1944 4753 ³Ὲ.κ

2047 4715 2055 4750 ι
2084 4697 2215 4754 τῶν.
2289 4697 2312 4728 δ
2343 4696 2471 4752 Cor.
2504 4696 2783 4751 Βασιλείου
2813 4697 2960 4770 legit.
3034 4698 3057 4730 ⁸
3077 4695 3205 4753 Cor.
3246 4693 3634 4764 Κωνσταντίῳ.

2065 4881 2272 4951 scripta
2303 4879 2577 4950 excipere,
2609 4894 2674 4934 ac
2716 4879 3074 4951 perscribere.
3094 4877 3264 4951 Aliud
3295 4885 3380 4951 est
3409 4894 3638 4948 μεμορο-

2065 4948 2260 5019 φύλαξ.
2289 4959 2342 5005 et
2376 4948 2676 5021 μεμορίτης
2719 4948 2776 5004 in
2821 4950 3054 5021 concilio
3081 4948 3362 5021 Qhalced”
3406 4957 3514 5002 act.
3542 4963 3634 5021 tv;

2063 5017 2166 5075 hoc
2195 5029 2276 5075 est
2303 5023 2331 5074 ό
2361 5017 2416 5072 ἔν
2451 5017 2733 5092 μεμορὼις
2757 5019 3042 5092 κατοικῷν.
3083 5019 3203 5092 Qui
3233 5019 3298 5073 ad
3337 5017 3638 5092 memorias

2064 5099 2369 5162 martyrum
2403 5087 2464 5144 et'
2500 5087 2555 5144 in
2588 5087 2836 5162 ecclesiis
2875 5089 3072 5162 ibidem
3104 5087 3383 5162 collocatis
3408 5087 3636 5162 habitat.

2137 5156 2248 5232 (54)
2279 5162 2588 5229 Νοταρίοις
2623 5159 2730 5232 τοῦ
2772 5159 3117 5232 Βασιλείου.
3163 5157 3294 5232 Cor.
3335 5156 3635 5232 βασιλέῳς.

2065 5227 2384 5287 Habuerunt
2423 5227 2601 5284 tamen
2650 5231 2703 5283 in
2744 5228 2996 5298 conciliis
3023 5239 3076 5282 et
3106 5228 3348 5298 episcopi
3390 5227 3638 5282 notarios

2082 5318 2242 5364 suos,
2290 5311 2452 5370 atque
2493 5312 2916 5370 exceptores‘ac
2947 5297 3117 5352 ferme
3153 5298 3437 5370 diaconos,
3458 5304 3538 5370 ut
3568 5310 3637 5351 ex

2079 5372 2336 5428 Chalced.
2365 5366 2522 5424 conc.
2549 5366 2783 5423 constat.
2815 5367 2919 5422 Sed
2947 5376 2999 5422 et
3028 5368 3168 5437 apud
3198 5369 3427 5436 August.
3458 5366 3552 5420 lib.
3574 5381 3637 5437 tu

2076 5452 2260 5496 contra
2289 5441 2551 5495 Crescent.
2586 5455 2704 5507 cap.
2735 5438 2802 5492 29
2849 5442 2901 5490 iu
2949 5435 3090 5490 Actis
3135 5435 3498 5507 consularibus
3535 5435 3640 5490 sub

2075 5512 2393 5582 Zenophilo,
2443 5505 2811 5562 Nundinarins
2845 5507 3068 5582 __Si_lvani
3110 5507 3416 5565 Cirthensis
3461 5505 3637 5565 Dona-

2077 5577 2512 5642 tistre'diaconus
2542 5587 2799 5649 exceptor
2827 5577 3048 5633 dicitur.
