3990 6228
338 347 444 403 577

990 339 1356 398 ADVERSUS
1397 335 1738 393 "IERESES
1778 335 1901 389 LIB.

2101 332 2264 388 TOM.
2306 328 2345 385 1.
2386 359 2454 369 -
2494 325 2765 383 ΙΙᾹΞΒΕΞ.
2807 319 2996 377 LXXI.

3487 308 3599 368 378

339 464 435 532 τρί
448 481 462 494 ·
491 483 509 515 ι
543 464 573 519 6
596 461 861 526 Φωτεινδς
889 460 989 534 μὲν
1016 461 1108 515 τὸν
1147 462 1306 528 λόγον
1332 459 1567 529 ἐδέχετο,
1593 458 1662 510 τὰ
1704 457 1803 527 μὲν
1840 457 1919 518 είς

2041 469 2146 507 :um
2179 453 2337 506 Patre
2365 449 2601 512 fuisse,»
2640 444 2905 499 Photinus
2954 437 3196 495 adhibita
3248 433 3600 490 distinctione

340 556 580 628 Χριστὸν
608 558 708 625 τὴν
731 554 997 625 διαίρεσιν
1035 551 1394 623 προσάπτων,
1418 550 1490 603 τὰ
1518 549 1576 603 δὲ
1607 550 1687 609 είς
1716 546 1806 600 τὸν
1828 546 1923 599 Λό-

339 664 440 715 γον
485 648 746 701 ἀνωτάτω
786 644 1221 715 ἀναλογοὺμενα.
1258 641 1332 695 Τδ
1380 640 1488 712 γὰρ
1513 680 1529 705 ,
1572 636 1925 705 Ποιήσωμεν

340 737 662 805 ἄνθρωπον
697 735 821 790 κατ’
852 735 1057 789 εικόνα
1088 733 1382 803 ἡμετέραν
1423 728 1523 783 καὶ
1552 726 1680 782 καθ’
1717 724 1925 794 ὁμοίω-

342 842 473 893 σιν,
520 827 600 897 τῷ
642 826 801 896 Λόγῳ
837 824 1057 887 ἑαυτοῦ,
1110 822 1299 895 φησὶν,
1330 822 1360 875 6
1388 818 1578 889 Πατὴρ
1608 816 1818 888 εἴρηκε.
1859 812 1925 866 Τί

342 914 480 984 οὗνς
508 919 538 971 6
562 918 732 986 Λόγος
777 918 836 969 ὲν
878 915 956 985 τῷ
1001 914 1177 986 Πατρὶ
1195 953 1209 975 ,
1239 913 1424 983 φησὶν,
1451 906 1519 981 ἦν
1537 949 1551 971 ,
1588 908 1702 962 ἀλλ’
1731 908 1831 959 οὐκ
1857 900 1926 977 ἦν

347 1010 499 1074 Υίός.
530 1010 659 1071 Καὶ.
691 1007 930 1076 Ἔὸρεξε
957 1007 1172 1074 Κύριος
1201 1004 1361 1072 παρὰ
1388 1002 1629 1070 Κυρίου,
1662 1002 1719 1053 ὲν
1752 997 1928 1069 Πατρὶ

348 1098 427 1153 ὢν
461 1102 490 1154 6
515 1100 707 1168 Λόγος.
736 1097 845 1151 Καὶ
864 1137 879 1162 ,
914 1092 1117 1159 Εἶδον,
1149 1093 1283 1164 φησὶ
1307 1132 1321 1156 ,
1350 1091 1784 1160 κατερχόμενον
1826 1086 1929 1139 ἑπ-

348 1193 475 1247 άνω
520 1192 640 1245 τῶν
684 1188 975 1259 νεφελῶν,
1019 1188 1100 1254 ὠς
1156 1185 1293 1240 Υιόν
1334 1181 1647 1250 ἀνθρώπων
1669 1196 1685 1213 ο
1735 1178 1927 1243 τοῦτο,

351 1282 525 1353 φησὶ,
557 1277 1110 1353 προκαταγγελτικῶς
1141 1276 1347 1344 ἔλεγεν,
1400 1273 1499 1342 οὐχ
1544 1271 1621 1334 ὡς
1664 1268 1759 1322 τοῦ
1799 1266 1929 1321 Υίοῢ

260 1445 265 1448 .
351 1375 714 1444 ὑπάρχοντος,
743 1371 879 1425 ἀλλὰ
903 1370 967 1440 δὴ
997 1368 1024 1422 ὃ
1053 1367 1275 1439 ἔμελλεν
1305 1365 1435 1427 Υἱὸς
1479 1361 1763 1416 καλεῖσθαι
1797 1358 1933 1429 μετά

350 1467 453 1537 τὴν
476 1465 693 1536 Μαρίαν
711 1505 724 1526 ,
752 1464 847 1518 καὶ
873 1462 995 1517 ἀντὶ
1021 1461 1120 1531 τῆς
1160 1458 1362 1531 σαρκὸς
1392 1455 1621 1518 ἀνιέναι,
1653 1452 1932 1522 γεννηθεὶς

350 1557 380 1607 ὁ
426 1554 661 1625 Χριστὸς
704 1555 769 1606 ὲκ
814 1551 1129 1621 Πνεύματος
1172 1549 1335 1617 ἁγίου
1377 1547 1471 1601 καὶ¹
1516 1544 1624 1599 ἀπὸ
1669 1542 1887 1613 Μαρίας
1914 1580 1930 1604 ,

352 1644 807 1716 προχρηστικῶς,
848 1642 1010 1713 φησὶ,
1040 1640 1110 1693 τὰ
1152 1640 1334 1694 πάντα
1366 1635 1697 1707 ἀναφέρεται
1728 1634 1809 1696 είς
1838 1633 1935 1687 αὺ-

2024 543 2098 596 ita
2124 544 2269 611 quod
2295 539 2579 593 dicebatur
2599 534 2884 606 probabat,
2905 530 3098 600 partim
3126 533 3186 580 ut
3211 525 3278 580 ad
3299 524 3598 590 Christum,

2025 634 2220 703 partim
2255 631 2322 685 ad
2356 629 2595 685 Verbum
2627 624 2819 681 referri
2845 622 3138 692 iudicaret.
3193 615 3328 671 Nam
3368 616 3451 670 his
3476 630 3600 669 ver-

2025 722 2138 777 bis:
2190 719 2480 773 Faciamus
2527 717 2788 771 hominem
2836 712 2903 765 ad
2952 709 3233 780 imaginem
3278 716 3515 760 nostram
3549 712 3602 759 et

2025 813 2095 866 ad
2128 810 2527 867 similitudinem
2548 812 2587 873 ¹,
2631 805 2867 861 Verbum
2909 816 3069 857 suum
3101 798 3259 853 Pater
3286 798 3600 868 alloquitur.

1998 902 2167 969 ‘Quid
2208 899 2413 972 igitur?
2459 897 2613 960 Erat,
2659 894 2860 965 inquit,
2903 891 2959 946 in
3001 889 3164 945 Patre
3187 888 3456 956 Verbum;
3507 888 3604 944 sed

2000 1012 2003 1013 '
2028 992 2269 1049 nondum
2287 1002 2403 1046 erat
2419 987 2610 1043 Filius.
2634 988 2770 1041 ltem
2788 1004 2801 1040 :
2819 983 2969 1038 Pluit
2984 981 3243 1035 Dominus
3266 997 3299 1034 a
3319 980 3542 1033 Domino
3559 983 3604 1043 ³,

2000 1086 2171 1157 quod
2205 1086 2259 1138 in
2282 1083 2443 1138 Patre
2473 1080 2711 1136 Verbum
2743 1085 2923 1143 esset;
2973 1082 3056 1131 et:
3104 1073 3246 1133 Vidi,
3282 1073 3478 1142 inquit,
3511 1072 3608 1125 de-

2029 1176 2358 1233 scendentem
2395 1188 2557 1243 supra
2614 1169 2797 1233 nubes,
2854 1166 3009 1238 quasi
3056 1165 3256 1219 Filium
3294 1165 3519 1218 hominis
3542 1164 3605 1218 ³;

2029 1270 2176 1340 quod
2205 1269 2352 1323 velut
2381 1274 2508 1321 ante
2541 1263 2875 1320 denuntians
2904 1259 3070 1324 dixit;
3111 1272 3222 1312 non
3257 1255 3401 1326 quod
3430 1254 3611 1308 adhuc

2032 1361 2203 1417 Filius
2234 1360 2545 1419 exsisteret,
2581 1355 2674 1412 sed
2706 1356 2884 1425 ipsum
2915 1352 3112 1413 solum,
3138 1349 3227 1403 cui
3262 1348 3385 1402 Filii
3411 1362 3612 1402 nomen

2031 1461 2149 1510 erat
2179 1452 2471 1522 aliquando
2503 1447 2878 1507 tribuendum,
2918 1450 3041 1513 post
3080 1442 3304 1496 Mariam
3336 1440 3611 1505 videlicet,

2034 1545 2287 1617 quodque
2315 1561 2382 1600 ex
2415 1558 2579 1598 carne
2609 1539 2950 1611 proditurum
2987 1546 3126 1600 erat,
3165 1533 3417 1589 Christus
3447 1530 3614 1586 nimi-

2035 1653 2156 1692 rum
2185 1637 2254 1691 de
2287 1635 2494 1705 Spiritu
2533 1640 2722 1688 sancto
2754 1628 3029 1699 Mariaque
3057 1626 3308 1698 genitus:
3361 1625 3416 1678 in
3451 1638 3612 1693 quem

352 1737 447 1789 τὸν
480 1737 752 1806 ἀπαρχῆς.
781 1732 947 1786 Οὔπω
976 1732 1032 1785 δὲ
1053 1728 1145 1803 ἦν,
1179 1730 1351 1799 Λόγος
1385 1728 1442 1782 δὲ
1473 1724 1557 1798 ἦν.
1589 1724 1841 1794 καθάπερ
1877 1724 1935 1774 ὲν

2041 1729 2117 1784 sic
2157 1736 2414 1797 tanquam
2461 1724 2849 1794 anticipatione
2892 1721 3124 1791 quadam
3179 1719 3431 1773 universa
3481 1732 3617 1771 con-

353 1829 483 1899 ἐμοὶ
516 1832 544 1881 6
562 1794 753 1897 me;
784 1826 918 1895 Ἤδη
950 1825 1007 1877 δὲ
1037 1794 1209 1887 am,
1241 1794 1325 1875 ὅτι
1356 1819 1463 1873 ἀπὸ
1492 1794 1688 1889 μέρους
1718 1813 1927 1868 Παύλου

2041 1819 2308 1874 feruntur.
2379 1816 2700 1886 Quanquam
2736 1814 2977 1869 nondum
3014 1813 3129 1881 ipse
3160 1809 3613 1879 quemadmodum

351 1919 453 1974 τοῦ
486 1919 845 1989 Σαμοσατέως
887 1918 1026 1987 ἔχων
1063 1915 1132 1968 τὰ
1169 1916 1329 1985 ὅμοια
1354 1913 1452 1982 τῆς
1484 1909 1691 1972 ἐννοίας
1712 1924 1725 1937 ·
1769 1906 1933 1976 ἔτερα

351 2012 415 2065 δὲ
446 2010 527 2064 ἔτι
562 2011 691 2081 παρ’
722 2010 927 2062 ἐκεῖνον
960 2000 1354 2077 ὑπερϐεϐηκὼς
1386 2003 1454 2072 τῇ
1482 1998 1683 2069 ἐννοίᾳ.

429 2296 504 2349 Γ’.
545 2294 656 2347 Καὶ
698 2291 862 2355 αὑτὸς
901 2291 958 2345 δὲ
996 2283 1148 2353 οὗτος
1178 2288 1625 2360 ἀνατραπήσεται
1658 2287 1736 2351 εἰς
1767 2284 1934 2356 ἐσχά-

354 2405 473 2459 την
492 2385 662 2440 ἐλθὼν
689 2384 1058 2457 ἀρνησιθεῖαν,
1088 2383 1182 2436 καὶ
1203 2383 1489 2453 ἀλλοτρίαν
1514 2380 1766 2434 ὑπόνοιαν
1792 2378 1935 2450 ζωῆς

357 2480 581 2536 αἰωνίου
608 2482 665 2533 ὲν
690 2479 910 2532 ἆπασιν.
937 2478 1000 2529 Ei
1020 2476 1130 2546 γὰρ
1150 2474 1462 2545 πρόσφατος
1483 2475 1510 2527 ὁ
1533 2472 1658 2535 Υἱὸς
1681 2469 1776 2524 τοῦ
1799 2470 1935 2523 Θεοῦ

358 2572 506 2627 κατὰ
530 2571 631 2643 τὴν
661 2570 893 2639 θεότητα
912 2611 926 2634 ,
957 2569 1064 2639 ἄρα
1088 2569 1117 2620 6
1146 2566 1309 2618 Aa6l6
1342 2562 1632 2637 πρωτεύει,
1662 2561 1937 2634 μᾶλλονδὲ

358 2666 458 2718 καὶ
492 2665 550 2716 ἐν
591 2661 934 2733 προκριτέοις
963 2660 1202 2733 ὑπάρχει
1235 2658 1329 2712 τοῦ
1359 2657 1520 2711 αὑτὸν
1555 2654 1934 2725 πεποιηκότος.

357 2755 519 2808 Οὕτω
547 2755 655 2823 γὰρ
688 2754 783 2806 καὶ
805 2752 967 2815 αὑτὸς
994 2751 1265 2815 διενοεῖτο,
1310 2749 1508 2820 μᾶλλον
1539 2747 1633 2801 καὶ
1657 2744 1938 2818 παρελθὼν

357 2845 465 2917 τὴν
504 2844 654 2898 θείαν
702 2844 946 2915 Γραφὴν,
977 2842 1131 2895 Δκατὰ
1160 2842 1260 2913 τὴν
1312 2839 1477 2893 αὐτοῦ
1515 2836 1939 2906 πεπλανημένην

360 2940 575 2992 ἔννοιαν
608 2937 853 3004 φάσκων,
892 2937 975 2989 ὅτι
1021 2936 1114 2989 καὶ
1153 2937 1181 2987 6
1217 2931 1537 2992 Ἀπόστολος
1578 2929 1833 3000 εἴρηκενο
1877 2929 1941 2981 '0

362 3028 599 3098 πρῶτος
630 3028 935 3096 ἅνθρωπος
970 3028 1039 3080 ἐκ
1066 3024 1179 3096 γῆς
1211 3022 1446 3094 χοϊκός,
1476 3022 1641 3075 καίό
1666 3020 1942 3087 δεύτερος

362 3121 469 3176 ἀπ’
500 3119 778 3188 οὐρανοῦ.
810 3118 986 3181 Εὐθὺς
1020 3117 1076 3170 δὲ
1105 3115 1418 3170 ἀντιπίπτει
1441 3111 1589 3183 αὑτῷ
1609 3113 1637 3164 6
1667 3111 1821 3179 λόγος
1844 3111 1942 3178 τῆς
1972 3142 2014 3198 C

362 3212 642 3284 ἀληθείας,
688 3212 782 3264 καὶ
818 3210 1027 3281 ἐλέγχει
1073 3206 1237 3262 αὐτοῦ
1275 3207 1373 3277 τὴν
1413 3203 1799 3274 ἐσκοτωμένην
1827 3202 1943 3254 διά-

362 3320 539 3358 νοιαν.
572 3301 889 3374 ’Ἄνθρωπον
938 3302 1047 3372 γὰρ
1088 3300 1184 3354 καὶ
1230 3298 1515 3370 ἄνθρωπον
1581 3296 1683 3367 ἔφη
1724 3297 1753 3348 6
1789 3294 1944 3362 ἀγιος

377 3396 703 3458 Ἀπόστολος
724 3411 735 3426 ·
764 3394 858 3447 καὶ
882 3393 971 3446 τὸν
997 3392 1093 3464 μὲν
1119 3392 1335 3463 πρῶτον
1357 3388 1642 3460 ἄνθρωπον
1664 3387 1755 3440 τὸν
1773 3386 1896 3438 Ἀδὰ
1904 3403 1943 3456 μ

365 3488 436 3539 ὲκ
466 3485 571 3555 γῆς
614 3481 755 3538 εἶναι
802 3484 1006 3553 χοῖκὸν,
1054 3481 1144 3535 τὸν
1173 3481 1230 3534 δὲ
1262 3480 1513 3550 δεύτερον
1556 3480 1650 3532 ἀπ’
1687 3477 1940 3550 οὐρανοῦ.

364 3576 563 3631 Καίτοι
591 3592 655 3643 γε
685 3575 967 3646 ἄνθρωπον
991 3573 1186 3641 λέγων,
1211 3574 1310 3626 οὐκ
1333 3572 1391 3638 ἐξ
1411 3569 1637 3643 οὐρανοῦ
1667 3570 1723 3623 δὲ
1749 3570 1782 3640 ἡ
1807 3567 1944 3639 σὰρξ

367 3667 769 3737 καταϐέϐηκεν,
805 3666 918 3719 ἀλλ’
947 3664 1294 3734 ὡμολόγηται
1335 3663 1430 3715 καὶ
1467 3661 1575 3715 ἀπὸ
1605 3661 1797 3713 τούτου
1835 3658 1944 3711 ἀπὸ

363 3758 587 3828 Μαρίας
614 3753 766 3810 οὖσα.
798 3753 917 3807 Ἀπ’
947 3752 1176 3825 οὐρανοῦ
1203 3752 1260 3805 δὲ
1284 3750 1736 3823 καταχρηστικῶς
1768 3749 1830 3801 οὐ
1858 3746 1944 3800 λέ·-

364 3866 456 3916 γει
489 3848 689 3917 σάρκα,
717 3846 851 3900 ἀλλά
886 3846 975 3899 τὸν
1007 3844 1261 3917 δεύτερον
1296 3844 1601 3913 ἄνθρωπον,
1630 3841 1778 3905 ἐξότε
1802 3840 1943 3893 ἄνω-

366 3940 463 3993 θεν
497 3935 661 4011 ἦλθεν
705 3941 734 3993 6
778 3938 969 4007 Λόγος,
1004 3935 1102 3989 καὶ
1131 3935 1483 4003 ἐσκήνωσεν
1509 3934 1578 3991 ἐν
1610 3932 1773 4001 ἡμῖν,
1802 3930 1944 3984 κατὰ

363 4031 432 4086 τὸ
460 4031 862 4102 γεγραμμένον.
894 4030 956 4081 El
984 4023 1076 4081 οὖν
1109 4026 1464 4098 προϋπῆρχεν
1513 4027 1541 4078 6
1582 4024 1809 4095 Κύριος,
1848 4021 1944 4074 καὶ

364 4122 657 4193 πάρεστιν,
682 4122 778 4187 Ὃς
804 4118 1017 4188 ἐφεῦρε
1046 4117 1253 4172 πᾶσαν
1278 4113 1423 4169 ὀδόν
1450 4114 1777 4177 συνέσεως,
1805 4107 1943 4164 εἶναι

363 4215 429 4269 δὲ
458 4214 638 4278 αὑτὸν,
670 4213 745 4276 ὼς
773 4212 873 4265 οὐκ
904 4208 1232 4280 ἀμφιϐάλλει
1266 4208 1300 4277 ἡ
1327 4205 1445 4258 θεία
1473 4205 1682 4276 Γραφή.
1716 4203 1797 4256 Τά
1832 4202 1943 4273 γὰρ

369 4307 514 4377 μετά
550 4304 723 4359 ταῦτα
780 4303 1035 4374 σημαίνει
1075 4302 1348 4372 προόντα,
1397 4297 1492 4350 καὶ
1542 4295 1602 4349 τὸ
1651 4294 1944 4365 εὑρηκέναι

365 4400 553 4452 πᾶσαν
597 4396 715 4449 ὁδὸν
763 4396 1069 4457 συνέσεως·
1119 4387 1239 4445 εἶτα
1289 4389 1382 4443 ἐπὶ
1440 4387 1546 4456 γῆς
1599 4386 1795 4457 ὤφθη,
1846 4385 1944 4453 τὴν

2032 1920 2086 1966 et
2109 1902 2340 1965 Verbum
2383 1907 2537 1973 illud,
2582 1905 2725 1975 quod
2760 1906 2814 1959 in
2858 1920 2942 1958 me
2969 1913 3071 1958 est.
3114 1902 3225 1955 Hoc
3248 1908 3427 1954 autem
3455 1899 3617 1969 paulo

2034 2012 2159 2058 ante
2186 2001 2523 2062 monuimus,
2569 1996 2860 2052 Photinum
2891 2011 2953 2050 ex
2981 1994 3130 2047 Pauli
3166 1991 3504 2047 Samosateni
3534 1990 3617 2043 fa-

2034 2096 2216 2150 ctione
2251 2108 2396 2157 esse,
2428 2089 2726 2158 eademque
2759 2102 2884 2141 cum
2939 2086 3031 2139 illo
3061 2083 3372 2146 defendere,
3404 2082 3619 2136 tametsi

2036 2187 2189 2241 illum
2222 2186 2398 2255 ipsum
2432 2180 2589 2236 novis
2618 2178 2898 2233 erroribus
2932 2177 3272 2244 iuveutisquc
3316 2172 3617 2242 superavit.

2109 2276 2195 2330 ιιι.
2223 2276 2425 2331 Verum
2471 2270 2827 2326 nihilominus
2864 2276 2917 2323 et
2964 2268 3079 2336 ipse
3108 2264 3406 2327 relelletur,
3441 2264 3531 2333 qui
3563 2264 3619 2317 in

2036 2377 2334 2422 extremam
2378 2362 2704 2432 impietatem
2732 2373 2795 2412 ac
2822 2358 2991 2413 divini
3022 2355 3273 2410 Numinis
3304 2355 3621 2424 abnegatio—

2040 2474 2161 2514 nem
2213 2456 2521 2528 prolapsus,
2564 2460 2617 2508 et
2662 2452 2838 2505 aliena
2877 2464 2907 2502 a
2948 2450 3275 2517 sempiterna
3317 2448 3422 2499 vita
3472 2462 3623 2499 cmu-

2039 2557 2218 2605 menta
2246 2558 2466 2605 secutus
2494 2557 2597 2605 est.
2631 2548 2765 2602 Nam
2802 2548 2846 2602 si
2882 2563 3069 2602 recens
3098 2546 3232 2600 adeo
3263 2552 3364 2608 cst,
3389 2543 3530 2614 quod
3553 2543 3620 2598 ad

2038 2643 2375 2697 divinitatem
2410 2641 2622 2705 attinet,
2655 2640 2748 2695 Dei
2790 2638 2978 2702 Filius,
3006 2652 3346 2707 consequens
3374 2646 3478 2700 est,
3513 2650 3620 2688 non

2043 2736 2203 2789 modo
2237 2734 2493 2789 Davidem
2530 2734 2622 2787 illo
2664 2732 2989 2787 anteriorem
3018 2747 3159 2795 esse,
3203 2730 3299 2784 sed
3348 2739 3402 2783 et
3445 2728 3621 2781 eidem

2043 2827 2311 2879 conditori
2367 2841 2467 2880 suo
2518 2823 2937 2895 praeferendum.
3010 2823 3186 2892 Atque
3234 2822 3347 2875 hzec
3400 2819 3620 2890 quidem

2044 2915 2278 2971 haeretici
2310 2916 2452 2970 illius
2480 2915 2665 2985 opinio
2696 2911 2944 2982 fuit,qui,
2977 2925 3256 2965 sacrarum
3291 2908 3621 2961 Litterarum

2043 3007 2360 3062 auctoritate
2407 3013 2737 3074 contempta,
2787 3006 2908 3074 ejus
2964 3002 3278 3057 testimonio
3336 3012 3620 3069 perperam

2046 3100 2321 3154 intellecto
2351 3098 2431 3153 sic
2460 3098 2709 3152 abutitur
2731 3116 2744 3151 :
2766 3096 3080 3166 Apostolus,
3118 3092 3313 3163 inquit,
3340 3092 3413 3144 ita
3450 3090 3623 3160 loqui-

2046 3196 2170 3242 tur:
2235 3186 2451 3241 Primus
2490 3187 2643 3240 homo
2682 3185 2745 3240 de
2785 3195 2928 3239 terra
2969 3194 3225 3248 terrenus,
3267 3180 3523 3235 secundus
3560 3180 3624 3234 de

2044 3281 2171 3335 cwlo
2194 3280 2235 3334 ⁸.
2278 3280 2442 3349 Atqui
2479 3280 2661 3335 statim
2700 3280 2776 3333 illi
2810 3277 3055 3333 veritatis
3093 3272 3397 3345 refragatur
3425 3272 3622 3335 oratio,

2045 3386 2108 3425 ac
2138 3372 2534 3426 tenebricosam
2576 3370 2722 3424 illius
2745 3377 2980 3423 mentem
3006 3366 3301 3436 redarguit.
3334 3364 3624 3435 Apostolus

2048 3466 2193 3518 enim
2248 3463 2484 3533 duplicis
2535 3462 2776 3516 hominis
2820 3462 3151 3517 mentionem
3202 3461 3331 3529 agit,
3390 3471 3622 3525 quorum

2044 3555 2277 3624 priorem
2310 3554 2469 3623 831
2502 3553 2770 3607 Adamum
2805 3568 2835 3607 e
2862 3562 3007 3605 terra
3039 3558 3357 3613 terrenum;
3391 3546 3620 3599 alterum

2044 3663 2075 3703 e
2105 3646 2245 3700 cmlo
2273 3645 2567 3699 deductum
2594 3644 2842 3698 allirmat.
2870 3642 2947 3697 Ac
2976 3643 3104 3696 licet
3133 3641 3406 3695 hominem
3442 3636 3621 3705 appel-

2045 3740 2139 3803 let,
2175 3753 2280 3792 uon
2318 3746 2499 3792 tamen
2527 3752 2557 3792 e
2586 3738 2727 3791 coelo
2757 3750 2888 3790 caro
2921 3735 3035 3804 ipsa
3069 3732 3374 3796 descendit,
3416 3729 3510 3785 sed
3542 3729 3626 3782 vel

2045 3831 2249 3886 fatente
2276 3831 2417 3900 ipso,
2467 3829 2695 3886 eMaria
2748 3835 3154 3897 suscepta.est.
3203 3826 3277 3880 De
3325 3825 3467 3879 cmlo
3498 3837 3627 3877 vero

2047 3938 2155 3977 non
2202 3922 2377 3977 abusu
2415 3921 2651 3992 quodam
2697 3919 2969 3977 sermonis
3002 3933 3221 3972 carnem
3259 3917 3333 3968 ait
3368 3929 3489 3968 csse
3532 3912 3629 3965 de—

2048 4015 2277 4084 lapsam,
2312 4014 2406 4069 sed
2443 4012 2745 4068 secundum
2786 4012 3060 4065 hominem
3092 4008 3392 4063 duntaxat:
3422 4020 3487 4058 ex
3518 4018 3628 4072 quo

2049 4106 2286 4162 Verbum
2339 4121 2370 4160 e
2423 4105 2563 4159 curio
2610 4103 2915 4165 descendit,
2966 4109 3017 4155 et
3063 4100 3321 4155 habitavit
3369 4099 3422 4151 in
3454 4095 3625 4157 nobis,

2047 4197 2503 4269 quemadmodum
2534 4196 2798 4264 scriptum
2827 4194 2973 4248 est“.
3016 4191 3379 4257 Quamobrem
3414 4196 3467 4241 et
3501 4195 3627 4242 ante

2049 4289 2312 4344 Dominus
2345 4288 2665 4352 exsistebat,
2696 4297 2750 4342 et
2784 4283 3015 4339 subinde
3044 4283 3247 4337 adfuit:
3300 4281 3403 4346 Qui
3432 4281 3626 4333 invenit

2049 4398 2253 4437 omnem
2280 4381 2418 4434 viam
2447 4380 2679 4434 scientia:
2702 4380 2743 4433 ⁸.
2780 4379 3071 4435 Exstitisse
3102 4391 3230 4430 vero
3258 4374 3442 4429 divina
3475 4370 3625 4425 Scri-

370 4489 672 4560 μέλλουσαν
698 4487 962 4557 ἒνσαρκον
991 4482 1315 4557 παρουσίαν.
1347 4482 1457 4534 Καὶ
1482 4482 1564 4535 ὅτι
1593 4478 1686 4531 ἀπ’
1712 4478 1770 4530 οὐ
1780 4477 1939 4548 ρανοῦ

2042 4482 2204 4546 ptura
2230 4489 2337 4528 non
2365 4473 2594 4527 dubitat.
2631 4470 2763 4525 Nam
2802 4487 2922 4542 quae
2977 4477 3287 4540 sequuntur
3315 4475 3441 4521 ante
3471 4465 3623 4519 illum

367 4596 506 4647 φασι
528 4579 617 4631 τὸν
634 4577 917 4646 ἄνθρωπον
940 4574 1268 4646 ἐνηνοχέναι,
1284 4571 1345 4625 οὗ
1372 4570 1518 4639 λέγει
1544 4571 1572 4623 6
1599 4567 1940 4631 ’Λπόστολος.

382 4670 547 4724 Ἀλλὰ
580 4669 669 4722 διὰ
712 4669 812 4740 τὴν
858 4666 1148 4721 συνένωσιν
1188 4667 1288 4735 τῆς
1334 4662 1600 4732 ὲνσάρκου
1640 4659 1943 4730 παρουσίας

367 4763 657 4834 ἄνθρωπον
681 4761 779 4831 μὲν
801 4759 964 4813 αὐτὸν
992 4758 1141 4826 λέγει
1167 4756 1255 4810 διὰ
1283 4755 1372 4809 τὸν
1403 4754 1594 4825 χρόνον
1622 4752 1711 4805 τὸν
1739 4752 1943 4821 μεταξὺ

383 4853 557 4923 ’Δδὶιμ
587 4853 682 4905 καὶ
708 4852 807 4921 τῆς
836 4852 1102 4922 ὲνσάρκου
1133 4845 1432 4918 παρουσίας
1451 4862 1465 4877 ο
1505 4845 1598 4898 ἀπ’
1625 4842 1854 4915 οὐρανοῦ
1887 4842 1945 4895 δὲ

367 4946 533 5002 αὐτὸν
566 4944 741 5014 λέγει,
774 4943 862 4997 διὰ
903 4942 964 4996 τὸ
1011 4940 1217 4996 ἄνωθεν
1245 4938 1437 5009 ήκέναι
1464 4936 1555 4991 τὸν
1583 4936 1714 4989 Θεὸν
1747 4934 1941 5002 Λόγον,

368 5038 469 5091 καὶ
502 5036 697 5106 σάρκα,
736 5034 811 5098 ὥς
845 5049 1028 5103 φησιν,
1060 5033 1088 5084 6
1114 5031 1284 5099 Λόγος
1319 5028 1456 5099 σὰρξ
1497 5026 1807 5097 γενόμενος,
1845 5026 1944 5096 οὐχ

370 5128 450 5193 ὡς
480 5127 640 5190 αὐτὸς
666 5126 884 5179 ὑπονοεῖ
915 5122 1085 5191 Λόγον
1117 5122 1182 5175 ὲκ
1216 5119 1432 5191 Πατρδς
1468 5118 1820 5189 προελθόντα,
1852 5117 1947 5169 καὶ

370 5222 452 5282 εἰς
516 5218 693 5289 σάρκα
754 5211 1261 5285 μεταϐεϐλημένον
1312 5208 1457 5264 οὕτω
1504 5208 1613 5280 γάρ
1657 5206 1799 5260 κατά
1845 5206 1946 5278 τὴν

371 5307 735 5379 ἠπατημένην
762 5304 927 5359 αὑτοῦ
954 5304 1160 5357 ἔννοιαν
1192 5300 1489 5372 διηγήσατο
1509 5298 1637 5369 περὶ
1672 5296 1766 5351 τοῦ
1793 5298 1941 5369 ὅρου.

376 5402 438 5456 Εἰ
468 5400 525 5453 δὲ
562 5399 707 5453 ἐστιν
740 5397 911 5467 Ἀδὰμ
939 5394 1044 5466 πρὸ
1075 5392 1169 5447 τοῦ
1198 5390 1335 5447 εἶναι
1373 5392 1465 5445 τὸν
1493 5390 1684 5459 Λόγον,
1716 5384 1824 5461 ἄρα
1857 5388 1946 5442 διὰ

369 5493 515 5557 τίνος
539 5495 567 5547 6
588 5488 935 5559 αὐτὸςἌδάμ
961 5487 1262 5548 κέκτισται,
1290 5485 1386 5538 καὶ
1418 5482 1597 5536 πάντα
1628 5480 1697 5534 τὰ
1722 5479 1829 5551 πρὸ
1849 5482 1945 5535 αὑ-

371 5583 467 5637 τοῦ
514 5583 789 5653 κτίσματα
831 5578 925 5634 τοῦ
954 5577 1125 5643 Θεοῦ;
1154 5577 1224 5629 Ἦ
1257 5574 1391 5646 πρὸς
1423 5573 1544 5627 τίνα
1580 5574 1609 5625 ὁ
1650 5570 1839 5643 Πατὴρ
1868 5571 1944 5624 εῖ-

445 5723 462 5752 ¹
490 5721 626 5774 Gen.
662 5737 702 5779 ι.
731 5720 820 5775 26.

374 5789 397 5829 ⁷
425 5792 557 5850 ibid.
593 5793 658 5844 5“

930 5722 950 5751 ’
979 5716 1114 5773 ch.
1162 5732 1272 5781 χιιι,
1296 5716 1387 5770 24.
1490 5715 1511 5746 ³
1545 5714 1681 5768 Dan.
1715 5730 1809 5778 vn,
1846 5714 1925 5769 l3.

2051 4565 2328 4622 exstitisse
2394 4565 2694 4619 declarant.
2782 4564 2943 4619 Velut
3002 4562 3145 4634 quod
3202 4575 3420 4615 omnem
3478 4558 3625 4613 viam

2051 4659 2294 4714 scientiae
2340 4658 2607 4728 reperisse
2648 4658 2883 4724 dicatur,
2921 4657 3118 4713 deinde
3178 4656 3234 4711 in
3286 4662 3429 4709 terra
3473 4654 3626 4707 visus

2048 4751 2247 4807 esse':
2316 4767 2439 4821 qua:
2490 4750 2727 4805 futuram
2786 4750 3244 4815 incarnationem,
3295 4748 3626 4819 quandoque

2051 4841 2452 4912 signiﬁcabant.
2503 4840 2623 4896 Jam
2658 4856 2789 4896 vero
2818 4842 2960 4912 quod
2996 4857 3026 4897 e
3062 4841 3201 4897 caelo
3234 4856 3417 4896 secum
3446 4837 3625 4892 homi-

2051 4948 2174 4989 nem
2202 4934 2463 4989 detulisse
2495 4942 2691 5004 putant
2739 4934 3002 4999 lueretici,
3040 4950 3149 4988 non
3196 4934 3299 4987 hoc
3332 4931 3624 5001 Apostolus

2049 5029 2230 5085 dicit:
2284 5043 2470 5084 verum
2512 5029 2583 5083 ob
2625 5029 2919 5083 humanam
2972 5036 3222 5081 naturam
3267 5040 3389 5080 cum
3441 5021 3623 5076 divina

2050 5120 2418 5175 consociatam
2453 5119 2728 5176 hominem
2761 5120 2912 5174 illum
2946 5118 3222 5189 appellat;
3267 5123 3429 5184 atque
3456 5113 3621 5167 etiam

2050 5212 2121 5267 ob
2151 5212 2282 5267 illud
2310 5220 2547 5283 tempus,
2574 5214 2719 5283 quod
2745 5213 3009 5268 Adamum
3041 5214 3184 5268 inter
3213 5219 3267 5264 et
3294 5205 3624 5261 incarnatioo

2052 5318 2176 5358 nem
2198 5302 2542 5371 interiectum
2570 5312 2684 5370 est;
2712 5319 2820 5359 non
2845 5304 3010 5373 quod,
3045 5313 3103 5356 ut
3137 5301 3225 5353 ille
3252 5298 3355 5353 sibi
3392 5311 3623 5367 persua-

2048 5394 2160 5458 det,
2202 5392 2439 5450 Verbum
2491 5411 2520 5449 a
2573 5394 2735 5451 Patre
2790 5394 3139 5465 processerit,
3187 5400 3241 5445 ct
3298 5390 3352 5443 in
3403 5403 3623 5442 carnem

2051 5494 2318 5540 mutatum
2353 5487 2556 5543 fuerit:
2600 5488 2677 5542 ita
2717 5488 2860 5541 enim
2909 5486 2997 5539 ille
3029 5484 3167 5537 falso
3215 5482 3282 5535 de
3328 5480 3431 5535 hoc
3460 5493 3624 5547 argu-

2050 5586 2235 5635 mento
2259 5579 2536 5637 disseruit.
2571 5579 2639 5633 Et
2665 5593 2793 5634 vero
2816 5578 2862 5633 si
2890 5576 3132 5630 Adamus
3164 5573 3324 5630 Verbi
3359 5570 3625 5640 originem

2079 5723 2100 5754 ‘
2130 5723 2146 5778 l
2177 5723 2300 5783 Cor.
2333 5740 2419 5792 xv,
2443 5724 2531 5778 47.
2637 5724 2657 5754 ’⁵
2683 5720 2841 5777 Joar.
2874 5737 2911 5788 ι,
2939 5721 3022 5777 Η.
3124 5721 3145 5752 ⁶
3176 5718 3385 5775 l‘aruch
3417 5732 3498 5783 ιιι,
3528 5711 3618 5769 '57.
