3990 6228
377 271 484 328 379

1791 256 1848 312 s.
1894 224 2241 310 crurum“

3558 235 3674 293 330

383 381 698 443 antecessit.
737 393 833 450 per
874 391 1164 449 quenmam
1208 391 1317 433 non
1356 373 1519 430 modo
1555 373 1818 438 Adamus,
1867 369 1965 425 sed

2096 382 2206 437 »ηκε
2226 380 2238 392 ⁸
2265 359 2620 431 Ποιήσωμεν
2649 357 2996 426 Memor;
3021 355 3082 409 οὺ
3104 353 3225 426 γάρ
3242 353 3330 418 τίς
3358 370 3494 408 ποτε
3523 353 3668 450 πρὸς

382 475 548 530 etiam
576 486 698 543 quae
712 469 920 525 Adamo
946 468 1158 538 priores
1188 477 1317 523 sunt
1335 473 1606 522 creaturae
1628 462 1756 529 Dei,
1783 475 1976 516 omnes

384 564 662 637 productae
694 562 862 617 sunt?
897 561 1034 629 Quis
1063 561 1152 616 ille
1182 574 1314 616 vero
1341 566 1426 615 est
1487 557 1576 614 cui
1608 556 1768 611 Pater
1792 552 1969 609 dixit:

391 654 678 710 Faciamus
715 651 1021 706 hominem!
1070 648 1241 706 Nemo
1287 649 1434 704 enim
1479 657 1574 702 aut
1608 645 1676 702 ad
1718 643 1972 701 intimum

386 744 612 799 verbum
638 757 823 807 suum,
865 750 957 794 aut
984 740 1050 795 ad
1081 738 1214 794 illud
1237 737 1381 807 quod
1405 738 1646 794 exterius
1677 734 1974 807 profertur,

388 834 851 890 consultationem
883 829 1685 903 deliberationemqueﬁirigit.
1736 825 1863 883 Ideo
1891 825 1978 881 in-

390 928 556 981 situm
581 925 688 981 sibi
710 923 1232 993 sanctissimumque
1254 937 1412 977 suum
1435 919 1668 977 Verbum
1693 919 1977 988 alloquens

393 1019 575 1082 Pater,
598 1017 835 1072 futuram
858 1016 1098 1071 hominis
1119 1015 1549 1086 procreationem
1571 1011 1978 1082 sapientissima

392 1127 530 1166 voce
557 1110 823 1174 declarat,
869 1115 928 1162 ut
957 1108 1154 1162 Filium
1203 1107 1345 1176 apud
1377 1105 1594 1162 Patrem
1623 1104 1782 1160 initio
1806 1101 1978 1158 exsti-

395 1204 530 1258 tis-e
564 1202 870 1265 sciremus;
917 1216 1095 1270 neque
1125 1198 1463 1254 conditorem
1502 1205 1753 1254 nostrum
1785 1208 1979 1251 recens

2076 455 2170 512 τὸν
2190 452 2496 509 ἐνδιάθετον
2517 448 2686 508 αὑτοῦ
2717 448 2897 519 λόγον,
2928 447 2962 518 ἢ
2991 447 3082 499 τὸν
3107 444 3442 518 προφορικδν
3468 442 3672 498 ἐπιτεί-

2079 563 2234 602 νεται
2274 545 2379 615 τὴν
2417 541 2784 615 συμϐουλίαν,
2827 539 2968 594 ἀλλὰ
3001 539 3137 611 πρὸς
3166 538 3258 592 τὸν
3290 537 3534 607 ἔμφυτον
3573 535 3672 589 καὶ

2079 639 2236 709 ἅγιον
2263 636 2428 692 αὐτοῦ
2462 636 2635 704 Λόγον
2662 634 2766 704 τῆς
2792 630 3095 704 μελλούσης
3132 629 3227 684 τοῦ
3255 628 3551 700 ἀνθρώπου
3577 627 3672 696 8ης

2084 730 2375 803 μιουργίας
2402 730 2638 783 ποιεῖται
2663 726 2765 798 τὴν
2794 724 2935 797 μετὰ
2959 724 3139 794 πάσης
3169 721 3361 793 σοφίας
3381 720 3668 791 ἐξήγησιν·

2081 822 2171 880 ἴνα
2207 822 2470 893 μάθωμεν
2496 819 2555 887 ἐξ
2576 817 2756 891 ἀρχῆς
2788 813 2928 872 εἶναι
2957 815 3049 870 τὸν
3082 815 3256 870 Παῖδα
3281 812 3419 885 πρὸς
3450 812 3545 868 τὸν
3571 812 3671 864 αὖα

2080 913 2176 970 τοῦ
2207 912 2449 986 Πατέρα,
2476 911 2562 965 ἵνα
2596 910 2672 983 μὴ
2696 909 2788 964 τὸν
2813 907 3080 980 ἡμέτερον
3106 905 3328 977 κτίστην
3355 903 3670 979 πρόσφατον

2079 1004 2414 1078 νομίσωμεν,
2441 1001 2580 1057 ἀλλὰ
2610 1019 2709 1058 συν
2742 998 2920 1072 Πατρὶ
2957 997 3046 1051 ἀεὶ
3073 996 3389 1066 ὑπάρχοντα
3426 993 3536 1063 πρὸ
3562 993 3673 1045 τῶν

2082 1095 2329 1155 αἰώνων·
2361 1095 2438 1159 ὡς
2471 1095 2565 1150 καὶ
2607 1091 2861 1162 Ἰωάννης
2898 1089 3168 1161 μαρτυρεῖ
3193 1086 3404 1156 λέγων·
3435 1087 3541 1140 Ἐν
3571 1085 3675 1153 ἀρ-

2084 1187 2167 1260 χῇ
2191 1184 2273 1259 ἦν
2295 1190 2329 1242 ό
2353 1189 2570 1256 Λόγος,
2601 1186 2700 1242 καί
2725 1187 2758 1239 ὁ
2779 1183 2973 1252 Λόγος
2994 1177 3075 1251 ἦν
3099 1180 3252 1250 πρὸς
3272 1180 3378 1237 τὸν
3410 1181 3584 1236 Θεόν.

398 1295 454 1351 in
482 1296 656 1349 lucem
683 1294 888 1350 editum
921 1295 1340 1356 arbitraremur,
1371 1293 1466 1348 sed
1497 1307 1622 1347 cum
1689 1291 1849 1346 Patre
1871 1288 2110 1359 priorem
2157 1283 2377 1340 sarculis
2422 1282 2680 1337 omnibus
2745 1279 2937 1336 fuisse.
2996 1277 3056 1332 id
3118 1273 3266 1348 quod
3326 1275 3566 1332 Joannes
3599 1272 3674 1327 ita

397 1390 771 1446 demonstrat:
821 1389 888 1444 In
930 1389 1188 1460 principio
1228 1399 1342 1443 erat
1381 1387 1624 1454 Verbum,
1670 1395 1720 1440 et
1754 1385 1977 1440 Verbum
2015 1389 2131 1438 erat
2160 1379 2303 1448 apud
2338 1377 2503 1432 Deum
2524 1377 2565 1432 ⁸.

473 1483 562 1538 IV.
601 1485 764 1553 Atqui
794 1485 1056 1546 Verbum,
1090 1484 1267 1552 inquit
1291 1482 1588 1537 circulator
1620 1482 1744 1544 iste,
1770 1495 1802 1534 a
1833 1478 1983 1549 prin-

400 1575 542 1644 cipio
574 1575 850 1629 exstitisse
885 1574 1094 1640 fateor;
1159 1573 1352 1628 Filium
1389 1573 1479 1628 Dei
1512 1572 1753 1643 genitum
1789 1569 1981 1635 fuisse,

2157 1474 2232 1530 A'.
2277 1471 2413 1536 ’Ὡςθ
2443 1488 2611 1542 φησιν
2638 1470 2668 1522 ό
2697 1467 2946 1541 ἀγύρτης
2964 1482 2978 1498 ⁸
3020 1465 3133 1521 Καὶ
3163 1461 3328 1529 αὐτός
3360 1480 3507 1534 φημι
3535 1456 3678 1516 εἶναι

2089 1562 2181 1616 τὸν
2209 1562 2380 1630 Λόγον
2411 1559 2700 1632 ἀτυαρχῆς,
2737 1558 2853 1612 ἀλλ’
2877 1558 2977 1628 οὐχ
3013 1556 3142 1610 Υίὸν
3175 1553 3311 1608 Θεοῦ
3341 1552 3678 1623 γεγεννημέ-

402 1665 454 1718 id
481 1681 609 1721 vero
637 1681 743 1719 non
773 1665 968 1720 fateor.
1039 1665 1239 1719 Verum
1269 1665 1377 1721 nisi
1417 1664 1617 1725 Deisit
1647 1661 1837 1726 Filius,
1864 1663 1982 1716 ina-

2096 1672 2199 1710 νον.
2236 1654 2346 1709 Καὶ
2383 1655 2432 1706 εί
2484 1653 2562 1724 μὴ
2610 1652 2760 1706 ἐστιν
2805 1651 2932 1715 Υἱὸς
2976 1649 3144 1716 Θεοῦ,
3184 1648 3412 1720 μάταιος
3447 1646 3616 1700 αὑτοῦ
3651 1648 3682 1699 ό

283 1827 288 1834 ,
405 1759 490 1813 nis
518 1767 602 1812 est
629 1757 774 1814 illius
803 1759 976 1821 labor,
1003 1759 1164 1812 inane
1185 1767 1240 1812 et
1259 1757 1424 1812 anitni
1459 1756 1820 1828 propositum,
1840 1768 1984 1810 vana

402 1850 639 1920 denique
661 1851 981 1920 spcsomnis
1003 1859 1057 1906 et
1085 1850 1364 1920 cogitatio.
1397 1849 1542 1904 Nihil
1575 1849 1720 1904 enim
1751 1847 1985 1917 amplius

406 1943 876 2013 excellentiusque
911 1943 978 1997 de
1024 1943 1243 1997 Christo
1280 1941 1587 2012 proﬁtetur,
1621 1955 1784 2011 quam
1814 1936 1985 1994 Judaei

408 2033 534 2103 ipsi,
565 2034 658 2104 qui
687 2033 940 2088 eumdem
985 2034 1347 2104 abnegarunt.
1379 2032 1552 2087 Porro
1583 2049 1692 2088 nou
1719 2031 1986 2101 scriptum

407 2130 493 2177 est
521 2124 574 2177 in
608 2122 938 2193 Evangelio:
968 2121 1035 2177 In
1059 2124 1318 2192 principio
1347 2135 1464 2177 erat
1501 2119 1746 2186 Verbum,
1781 2128 1835 2175 et
1854 2117 1990 2175 Vero

409 2211 538 2267 bum
565 2221 677 2266 erat
704 2211 757 2265 in
789 2211 927 2276 Deo;
956 2211 1088 2267 sed:
1115 2209 1333 2265 Verbum
1351 2219 1465 2265 erat
1495 2209 1634 2278 apud
1667 2209 1866 2274 Deum;
1889 2222 1990 2263 nec

410 2301 465 2358 in
501 2302 608 2356 Deo
631 2300 866 2358 Verbum
898 2302 1061 2372 832
1095 2302 1258 2358 modo
1283 2301 1454 2359 fuisse
1489 2301 1656 2366 dicit;
1697 2301 1814 2365 sed,
1849 2299 1988 2354 Deus

409 2403 521 2448 erat
563 2391 807 2448 Verbum.
860 2391 920 2448 ln
973 2393 1093 2462 ipso
1138 2393 1358 2464 quidem
1403 2392 1622 2448 homine
1667 2407 1849 2447 sermo
1877 2390 1988 2455 ille,

410 2485 500 2556 qui
526 2493 787 2554 perpetuo
804 2493 898 2539 aut
923 2484 1169 2550 interior,
1193 2493 1282 2540 aut
1316 2491 1539 2538 externa
1572 2498 1703 2538 voce
1736 2483 1982 2553 prolatus

409 2583 512 2641 est,
531 2575 692 2631 homo
707 2575 813 2630 dici
844 2591 947 2629 non
979 2583 1178 2645 potest.
1203 2575 1296 2631 sed
1319 2574 1557 2630 honrinis
1583 2589 1782 2629 sermo.
1809 2571 1994 2640 Quod.

411 2667 480 2730 si,
529 2675 588 2720 ut
630 2665 721 2719 ille
756 2672 1014 2732 nugatur,
1058 2665 1298 2720 nondum
1327 2666 1476 2720 velut
1507 2664 1650 2720 fetus
1703 2673 1856 2731 erat,
1898 2672 1992 2717 aut

415 2755 507 2810 Dei
555 2753 726 2811 Filius
785 2754 927 2812 Deus
977 2753 1254 2818 Verbum,
1323 2771 1417 2827 per
1465 2771 1759 2826 quemnam
1808 2755 1992 2810 omnia

414 2845 682 2916 producta
753 2846 932 2900 sunt?
1014 2845 1466 2918 Quandoquidem
1526 2855 1586 2903 ut
1644 2847 1992 2920 Evangelium

412 2937 638 3003 asserit,
680 2937 876 2992 Omnia
911 2954 1003 3007 per
1038 2939 1210 3008 ipsum
1239 2938 1383 3008 facta
1411 2950 1564 3004 sunt,
1619 2950 1669 2995 et
1714 2941 1829 2996 sine
1880 2943 1992 3007 ipso

411 3028 614 3098 factum
650 3038 730 3084 est
771 3029 904 3083 nihil
919 3031 961 3085 '.
1019 3030 1234 3086 Ateuim
1268 3032 1751 3102 quemadmodum,
1793 3033 1994 3103 inquit.

415 3121 578 3176 homo
624 3137 721 3190 per
754 3119 994 3178 Verbum
1043 3139 1204 3178 suum
1251 3123 1517 3194 quidquid
1553 3125 1774 3179 libuerit
1808 3125 1993 3189 eilicit,

412 3208 488 3266 ita
517 3219 573 3266 et
604 3209 764 3266 Pater
807 3226 904 3281 per
943 3208 1180 3266 Verbum
1215 3227 1398 3275 suum,
1431 3212 1576 3282 quod
1617 3212 1672 3266 in
1705 3213 1823 3283 ipso
1855 3221 1996 3278 erat,

417 3303 670 3357 universa
694 3303 1019 3372 procreavit.
1048 3302 1334 3368 Quomodo
1358 3305 1520 3376 igitur
1543 3305 1645 3360 hoc
1669 3306 1724 3359 in
1753 3304 1999 3376 Evange-

416 3390 492 3444 lio
538 3387 749 3442 Domini
791 3389 999 3444 dictum
1046 3391 1422 3461 accipiendqu
1471 3403 1585 3449 est:
1636 3393 1808 3450 Pater
1838 3412 2001 3467 usque

419 3479 576 3534 modo
614 3489 883 3549 operatur,
917 3491 965 3534 et
993 3498 1086 3551 ego
1119 3500 1304 3552 operor
1326 3484 1380 3539 '?
1421 3483 1554 3550 Qua:
1589 3487 1753 3542 verba
1785 3501 1894 3542 non
1919 3488 2000 3544 sic

418 3572 767 3644 lntelligenda
805 3582 956 3640 sunt,
996 3579 1152 3646 quasi
1199 3578 1252 3632 in
1301 3577 1388 3634 his
1428 3593 1550 3647 qua:
1597 3577 1766 3634 Filius
1813 3579 1998 3648 eﬂicit,

417 3666 555 3720 nihil
586 3664 748 3722 Pater
778 3665 894 3736 ipse
926 3668 1206 3733 moliatur,
1256 3677 1352 3724 aut
1383 3678 1575 3724 contra
1605 3671 2001 3727 abalienandus

417 3759 491 3814 sit
518 3756 720 3826 Filius;
764 3774 942 3828 neque
972 3775 1030 3820 se
1068 3759 1249 3816 Patris
1285 3762 1503 3832 opiﬁeio
1541 3763 1751 3832 agendo
1793 3763 1996 3834 aliquid

417 3850 742 3908 immisceat.
794 3849 1074 3921 Siquidem
1109 3854 1507 3923 operaomnia
1551 3870 1581 3908 a
1624 3854 1785 3910 Patre
1836 3856 2002 3912 simul

416 3951 472 3996 et
504 3940 642 3997 Filio
675 3950 730 3999 et
759 3941 967 4013 Spiritu
997 3952 1192 4000 sancto
1226 3945 1492 4014 producta
1522 3954 1673 4002 sunt.
1729 3943 1867 3999 Nam
1906 3959 2002 4016 per

419 4035 596 4104 ipsum
631 4035 813 4091 ouiuia
838 4045 967 4091 sunt
997 4049 1028 4090 a
1059 4035 1217 4092 Patre
1249 4036 1557 4107 producta;
1611 4039 1836 4108 ipseque
1866 4037 2002 4092 adeo

417 4143 543 4181 cum
566 4125 727 4185 Patre
760 4136 816 4182 et
847 4127 1059 4200 Spiritu
1081 4137 1273 4185 sancto
1299 4130 1584 4186 fabricavit
1607 4130 1810 4186 omnia.
1837 4128 2003 4185 Verbo

415 4219 554 4272 enim
588 4217 801 4273 Domini
851 4219 966 4274 caeli
1006 4221 1224 4290 {armati
1251 4231 1394 4289 sunt,
1450 4233 1501 4278 et
1538 4223 1730 4292 spiritu
1759 4223 1864 4276 oris
1889 4220 2002 4290 ejus

419 4309 588 4362 cuiuis
611 4310 774 4366 virtus
802 4327 984 4365 eorum
1007 4311 1051 4366 ⁵.
1104 4311 1375 4377 Quocirca
1407 4322 1568 4369 caute
1599 4313 1735 4368 illud
1763 4311 2003 4383 pruden-

421 4407 613 4468 terque
656 4399 917 4457 Dominus
959 4403 1013 4457 in
1059 4402 1353 4474 Evangelia
1399 4406 1558 4469 dixit,
1606 4421 1755 4469 cum,
1814 4413 2006 4475 utpote

423 4489 566 4546 Deus
613 4495 794 4547 omnia
844 4495 1169 4564 pravidens,
1223 4512 1288 4550 ac
1324 4498 1455 4568 quid
1488 4497 1701 4568 decepti
1753 4497 2005 4552 homines

423 4583 714 4654 cogitaturi
763 4585 1058 4655 aliquando
1109 4586 1310 4654 forent,
1348 4599 1514 4659 utque
1556 4591 1626 4645 ab
1666 4606 1727 4646 se
1772 4589 2006 4660 quisque

421 4682 703 4730 veritatem
755 4675 1167 4745 ahjudicaturus
1220 4686 1368 4734 esset
1414 4678 1723 4750 intelligens
1752 4718 1767 4745 ,
1829 4677 2002 4745 Nihil,

421 4767 618 4838 inquit,
649 4785 683 4821 a
707 4769 880 4837 seipse
916 4769 1046 4838 facit
1077 4768 1275 4835 Filius,
1309 4774 1413 4827 nisi
1443 4771 1631 4827 viderit
1662 4771 1879 4828 Patrem
1903 4774 1996 4844 fa-

420 4861 638 4914 cientem
662 4861 705 4912 δ.
745 4859 857 4916 Nec
884 4871 972 4918 est
994 4863 1140 4934 quod
1170 4864 1482 4935 suspicetur
1513 4865 1730 4936 aliquis,
1765 4867 1999 4937 primum

419 4953 574 5008 illum
609 4953 813 5017 videre,
853 4954 1050 5012 deinde
1081 4955 1284 5012 facere.
1335 4957 1509 5014 Habet
1547 4958 1696 5015 enim
1726 4960 1782 5016 in
1813 4961 2000 5035 seipse

418 5045 625 5109 oumia,
648 5055 705 5101 et
729 5061 1071 5118 quacunque
1099 5049 1332 5105 voluerit
1363 5050 1594 5122 perlicit.

490 5135 557 5190 V.
590 5137 824 5204 Quinam
858 5139 1024 5210 igitur
1053 5155 1180 5194 vera
1231 5140 1346 5197 haec
1376 5155 1521 5206 esse,
1563 5139 1814 5207 Photine,
1847 5149 1997 5213 pote-

421 5231 584 5284 runt?
638 5229 772 5297 Quis
801 5231 891 5287 ille
929 5239 1014 5288 est
1060 5233 1155 5304 qui
1199 5233 1252 5287 in
1291 5243 1344 5288 te
1392 5233 1550 5289 nobis
1584 5250 1778 5291 rursus
1811 5235 1998 5289 lolium

423 5321 556 5376 illud
585 5322 944 5378 disseminat?
985 5325 1118 5391 Quis
1149 5325 1278 5380 illud
1309 5325 1461 5382 virus
1491 5326 1546 5380 in
1579 5326 1874 5381 humanum
1907 5341 2000 5396 ge-

427 5427 529 5467 nus
551 5413 742 5469 ell'udit
763 5414 784 5468 2
809 5416 946 5482 Quis
975 5424 1139 5474 tanta:
1168 5417 1266 5474 tibi
1293 5417 1604 5484 impietatis,
1632 5431 1694 5472 ac
1729 5424 1838 5471 tam
1867 5431 2000 5472 cou-

2085 1749 2268 1811 πόνος,
2299 1745 2507 1818 ματαία
2545 1743 2711 1799 αὐτοῦ
2741 1743 2837 1798 καὶ
2866 1744 2900 1815 ἡ
2934 1741 3274 1816 προαίρεσις,
3306 1738 3402 1794 καὶ
3433 1740 3468 1810 ὴ
3502 1737 3679 1801 ἐλπὶς,

2086 1841 2182 1896 καὶ
2213 1843 2246 1910 ἡ
2300 1840 2530 1894 διάνοια.
2563 1838 2700 1892 Οὐδέ
2734 1837 2840 1909 γὰρ
2875 1835 3264 1908 περισσότερον
3293 1831 3402 1886 τῶν
3434 1832 3680 1902 ἀρνησα-

2091 1933 2268 2006 μένων
2300 1931 2464 1987 αὐτὺν
2504 1929 2776 1984 Ἰουδαίων
2823 1925 2980 1992 οὗτος
3031 1926 3200 1995 λέγει.
3248 1924 3325 1978 Οὐ
3372 1923 3481 1994 γὰρ
3530 1921 3682 1990 λέγει

2088 2026 2221 2096 περὶ
2255 2023 2419 2078 αὑτοῦ
2467 2023 2528 2076 τὸ
2559 2021 2914 2090 [εὐαγγέλιον.
2954 2021 3036 2074 ὅτι
3075 2021 3182 2073 Ἐν
3216 2015 3376 2087 ἀρχῇ
3403 2013 3484 2084 ἦν
3509 2018 3543 2068 ό
3570 2017 3683 2070 Λό-

2089 2136 2213 2190 γος,
2247 2117 2340 2172 καὶ
2367 2117 2395 2171 ό
2431 2115 2604 2184 Λόγος
2637 2109 2705 2186 ἦν
2736 2115 2794 2167 ἐν
2822 2111 2900 2184 τῷ
2923 2109 3045 2182 Θεῷ
3065 2128 3078 2143 ο
3115 2109 3252 2176 ἀλλ’,
3293 2109 3346 2162 Ὀ
3384 2107 3578 2177 Λόγος
3604 2102 3684 2175 ἦν

2089 2211 2239 2281 πρὸς
2268 2211 2378 2264 τὸν
2405 2210 2574 2265 Θεόν.
2608 2209 2718 2262 Καὶ
2742 2207 2805 2262 οὐ
2838 2206 3009 2276 λέγει,
3033 2205 3117 2258 ὅτι
3147 2205 3208 2258 ἐν
3238 2201 3318 2275 τῷ
3343 2199 3466 2272 Θεῷ
3486 2195 3556 2273 ἦν
3587 2198 3685 2270 μό-

2089 2320 2181 2356 νον
2199 2319 2213 2333 ⁸
2242 2301 2399 2368 ἀλλά,
2433 2301 2580 2366 Θεὸς
2616 2297 2695 2371 ἦν
2725 2301 2758 2355 ό
2787 2299 2998 2368 Λόγος.
3036 2296 3178 2351 Ἀλλ’
3202 2296 3262 2351 ὲν
3290 2295 3370 2367 τῷ
3407 2292 3683 2366 ἀνθρώπῳ

2095 2395 2214 2468 μὲν,
2256 2396 2410 2465 λόγος
2441 2393 2747 2456 ἐνδιάθετος
2777 2393 2864 2447 ἀεὶ
2894 2392 2988 2445 καὶ
3019 2387 3356 2462 προφορικὸς
3387 2387 3680 2458 ὑπάρχων,

2091 2487 2151 2541 οὐ
2181 2486 2406 2541 δύναται
2435 2485 2691 2554 λέγεσθαι
2733 2485 3039 2556 ἄνθρωπος,
3084 2481 3222 2537 ἀλλὰ
3265 2479 3555 2552 ἀνθρώπου
3595 2479 3687 2532 λό-

2092 2599 2209 2652 γος.
2246 2581 2312 2636 Εἰ
2339 2581 2359 2612 ⁷
2396 2580 2498 2634 οὐκ
2528 2575 2598 2651 ἦν
2627 2579 2780 2633 οὔπω
2807 2577 2868 2631 τὸ
2899 2578 3167 2648 γέννημα,
3201 2574 3278 2639 ὡς
3310 2573 3475 2637 αὐτὸς
3512 2571 3681 2640 λέγει,

2093 2673 2190 2726 καὶ
2215 2674 2262 2725 εξ
2284 2670 2438 2725 οὔπω
2471 2666 2538 2742 ἦν
2572 2671 2698 2735 Υἱὸς
2737 2669 2833 2724 τοῦ
2865 2667 3001 2722 Θεοῦ
3027 2666 3162 2732 Θεὸς
3201 2666 3394 2736 Λόγος,
3421 2664 3510 2719 διὰ
3539 2665 3684 2727 τινος

2094 2761 2164 2816 τά
2207 2761 2386 2816 πάντα
2431 2761 2755 2832 γεγένηταιζ
2811 2759 2996 2830 ἐπειδή
3030 2775 3166 2829 φησι
3205 2756 3268 2810 τὸ
3315 2754 3681 2824 Εὑαγγέλιον·

2098 2851 2302 2907 Πάντα
2320 2851 2396 2906 δι’
2421 2851 2610 2906 αὐτοῦ
2633 2851 2895 2920 ἐγένετο,
2913 2847 3013 2903 καὶ
3033 2847 3214 2918 χωρίς
3236 2845 3423 2901 αὑτοῦ
3447 2843 3684 2915 ἐγένετο

2098 2943 2241 2999 οὐδὲ
2273 2943 2360 2998 ἓν.
2408 2942 2589 3005 Ἀλλὰ,
2626 2941 2813 3014 φησιν,
2844 2941 3033 3012 ὥσπερ
3059 2939 3148 2994 διὰ
3168 2938 3327 3008 λόγου
3347 2939 3376 2991 ό
3399 2936 3685 3009 ἄνθρωπος

2100 3035 2332 3107 πράττει
2365 3035 2394 3089 ὃ
2428 3034 2700 3105 βούλεται,
2716 3032 2890 3096 οὕτως
2917 3032 3008 3087 διὰ
3029 3029 3127 3085 τοῦ
3161 3031 3294 3085 ίδίου
3315 3029 3493 3099 Λόγου
3520 3028 3549 3083 ό
3569 3029 3681 3082 Πα-

2098 3129 2204 3200 τὴρ
2233 3127 2323 3181 διὰ
2350 3127 2448 3180 τοῦ
2474 3127 2626 3191 όντος
2669 3127 2730 3180 ἐν
2762 3124 2914 3195 αὐτῷ
2946 3124 3090 3195 λόγῳ
3133 3121 3358 3194 ἐποίησε
3392 3121 3463 3175 τὰ
3483 3122 3680 3176 πάντα.

2100 3219 2227 3284 Πῶς
2249 3215 2343 3273 οὖν
2364 3220 2393 3273 ό
2419 3217 2621 3290 Κύριος
2645 3216 2735 3271 διὰ
2761 3216 2855 3270 τοῦ
2879 3215 3215 3286 Εὐαγγελίου
3241 3214 3415 3282 λέγει,
3441 3213 3525 3269 ὅτι
3541 3215 3686 3279 Ἕως

2099 3312 2230 3381 ἄρτι
2258 3314 2292 3366 ό
2317 3310 2525 3380 Πατὴρ
2563 3308 2884 3380 ἐργάζεται,
2923 3307 3084 3379 κάγὼ
3112 3305 3422 3377 ἐργάζομαι
3437 3322 3457 3372 ;
3502 3305 3578 3359 Τδ
3605 3305 3684 3369 δέ,

2110 3406 2167 3457 Ὁ
2189 3404 2392 3472 Πατὴρ
2424 3401 2722 3472 ἐργάζεται
2741 3441 2756 3466 ,
2789 3400 2954 3470 κάγὼ
2993 3397 3332 3470 ἐργάζομαι,
3363 3399 3426 3452 οὐ
3449 3397 3546 3452 τοῦ
3571 3398 3686 3451 Πα-

2100 3496 2229 3568 τρὸς
2260 3495 2336 3568 μὴ
2380 3494 2754 3567 ἐργαζομένου
2797 3494 2858 3548 ἐν
2888 3495 2955 3564 τῇ
2999 3491 3094 3547 τοῦ
3123 3492 3255 3547 Υίοῦ
3282 3491 3536 3564 ἐργασίᾳ,
3567 3490 3688 3545 obob

2099 3589 2195 3641 τοῦ
2227 3587 2358 3642 Υίοῦ
2383 3586 2792 3657 άλλοτριοῦντος
2809 3585 2854 3650 ⁸,
2884 3584 2979 3638 καὶ
3009 3583 3083 3656 μὴ
3117 3582 3501 3655 ἐργασαμένου
3528 3583 3588 3635 ἐν
3618 3584 3684 3652 τῇ

2101 3676 2199 3731 τοῦ
2237 3676 2453 3749 Πατρδς
2499 3674 2856 3747 δημιουργίᾳ.
2911 3673 3099 3728 Πάντα
3133 3673 3244 3744 γάρ
3285 3672 3352 3727 τὰ
3395 3673 3538 3745 ἔργα
3588 3672 3687 3726 ὅσα

2101 3765 2268 3831 ἐστὶν,
2297 3767 2416 3837 ἅμα
2441 3767 2506 3819 ἐκ
2535 3765 2750 3836 Πατρὸς
2796 3763 2892 3818 καὶ
2921 3761 3054 3817 Υίοῦ
3100 3764 3195 3818 καὶ
3232 3763 3390 3832 ἁγίου
3437 3761 3689 3834 Πνεύμα-

2100 3873 2194 3920 τος
2223 3856 2530 3927 γεγένηται.
2569 3855 2647 3909 Δι’
2680 3854 2846 3909 αὑτοῦ
2875 3854 2986 3925 γὰρ
3018 3853 3086 3908 τὰ
3117 3856 3296 3909 πάντα
3325 3857 3550 3924 γέγονεν
3580 3853 3689 3908 ἀπὸ

2103 3945 2320 4018 Πατρὸς
2339 3984 2354 4010 ,
2389 3946 2489 4000 καὶ
2521 3945 2682 4009 αὐτὸς
2730 3945 2800 3999 τὰ
2828 3946 3007 4000 πάντα
3036 3944 3332 4016 εἰργάσατο
3358 3946 3456 3999 σὺν
3489 3945 3686 4016 Πατρὶ,

2103 4037 2198 4092 καὶ
2243 4038 2338 4092 σὺν
2366 4038 2508 4108 ἁγίῳ
2557 4037 2859 4108 Πνεύματι.
2913 4035 2998 4102 Τῷ
3030 4036 3139 4106 γὰρ
3176 4038 3337 4106 ,λόγῳ
3371 4037 3592 4105 Κυρίου
3634 4039 3688 4089 οι

2103 4129 2351 4198 οὐρανοί
2413 4129 2902 4197 ἐστερεώθησαν.
2955 4129 3054 4182 καί
3103 4127 3184 4194 τῷ
3232 4130 3528 4198 πνεύματι
3581 4127 3688 4182 τοῦ

2103 4222 2402 4291 στόματος
2430 4221 2620 4276 αὐτοῦ
2647 4221 2819 4275 πᾶσα
2851 4223 2889 4289 ἡ
2925 4220 3177 4290 δύναμις
3203 4218 3425 4276 αὐτῶν.
3469 4219 3560 4273 Διὸ
3594 4219 3688 4273 καὶ

2037 4363 2082 4420 D
2109 4310 2248 4383 μετά
2300 4311 2603 4381 ἀσφαλείας
2632 4314 2660 4365 ό
2694 4312 2900 4383 Κύριος
2928 4312 2986 4364 ἐν
3013 4311 3093 4382 τῷ
3141 4311 3459 4383 Εὐαγγελίιι.
3496 4311 3648 4380 ἔλεγε
3668 4350 3685 4374 ,

2105 4403 2392 4474 γινώσκων
2434 4403 2536 4467 τὰς
2574 4403 2830 4467 ὑπονοίας
2873 4405 2985 4456 τῶν
3047 4402 3517 4475 πεπλανημένων,
3556 4419 3688 4472 προ-

2105 4494 2354 4566 γνὼστης
2379 4493 2477 4558 ὣν,
2514 4495 2590 4559 ὡς
2614 4494 2770 4562 Θεὸς,
2805 4495 2900 4550 καὶ
2924 4493 3001 4557 ὡς
3035 4493 3270 4565 ἧμελλεν
3308 4495 3542 4558 ἕκαστος
3578 4493 3688 4546 ἀπὸ

2103 4590 2204 4658 τῆς
2245 4588 2506 4660 ἀληθείας
2552 4587 2743 4641 ἑαυτὸν
2795 4585 3117 4647 ἐκϐάλλειν,
3166 4585 3323 4654 ἔλεγε
3377 4585 3517 4658 πρὸς
3564 4584 3688 4648 τοὺς

2117 4679 2402 4743 Ἰουδαίους
2420 4695 2434 4710 ⁸
2460 4679 2651 4734 Οὐδὲν
2677 4679 2776 4748 ἀφ’
2796 4679 3012 4734 ἑαυτοῦ
3052 4677 3211 4732 ποιεῖ
3234 4681 3268 4733 d
3297 4677 3449 4744 Υἱὸς,
3478 4677 3586 4732 ἐὰν
3600 4676 3690 4746 μὴ

2105 4769 2204 4839 ῑδῃ
2245 4769 2353 4824 τὸν
2395 4767 2628 4838 Πατέρα
2672 4769 2980 4823 ποιοῦντα.
3035 4769 3146 4821 Καὶ
3197 4768 3298 4838 οὐχ
3343 4769 3427 4820 ὃτι
3473 4765 3690 4839 πρῶτον

2105 4863 2229 4934 ὁρᾷ,
2259 4861 2452 4915 ἔπειτα
2482 4860 2744 4933 πράττει·
2772 4859 2908 4915 ἀλλὰ
2932 4859 3110 4915 πάντα
3139 4860 3198 4915 ἐν
3225 4859 3404 4933 ἐαυτῷ
3437 4860 3554 4932 ἐγει
3596 4861 3689 4914 καὶ

2106 4955 2357 5024 πράττει,
2391 4951 2429 5008 ἃ.
2461 4951 2730 5023 βούλεται.

2180 5137 2256 5190 E'.
2296 5136 2423 5202 Πῶς
2451 5131 2544 5192 οὖν
2573 5136 2748 5192 ταῦτα
2777 5135 2952 5202 ἔσται,
2978 5135 3025 5191 ὦ
3045 5136 3312 5204 {iterer
3343 5139 3416 5192 Ἦ
3452 5148 3538 5203 τις
3573 5141 3602 5193 ό
3635 5140 3691 5191 ἐν

2111 5229 2194 5280 σοὶ
2225 5228 2386 5283 πάλιν
2419 5231 2550 5301 ἡμῖν
2577 5229 3012 5301 ⁴προϐαλλόμενος
3032 5228 3190 5282 τοῦτο
3208 5229 3270 5282 τὸ
3298 5229 3539 5294 ζιζάνιον
3559 5247 3574 5297 ;
3597 5231 3691 5295 Τίς

2105 5322 2135 5375 ό
2155 5321 2218 5375 τὸ
2251 5322 2575 5394 δηλητήριον
2609 5321 2766 5376 τοῦτο
2791 5321 3213 5385 κατασκευάσας
3237 5321 3316 5392 τῷ
3347 5322 3485 5393 βίῳ;
3523 5321 3690 5376 Πόθεν

2105 5415 2169 5470 τὸ
2197 5416 2433 5488 πονηρόν
2478 5433 2561 5470 σοι
2609 5415 2962 5487 ἐνθυμεῖσθαι
3007 5415 3150 5470 κατὰ
3194 5415 3290 5469 τοῦ
3344 5416 3552 5487 Κυρίου
3597 5432 3689 5468 σου

500 5592 516 5623 ³
545 5592 770 5674 dimitti,
805 5597 856 5674 1.
932 5599 1116 5674 ’_ihid.
1141 5603 1196 5657 5.
1271 5603 1291 5636 ³
1320 5600 1476 5660 Jean.
1509 5619 1560 5668 ι’,
1586 5601 1670 5658 l7.
1748 5600 1768 5633 ⁸
1800 5600 1942 5658 Psal.
1973 5615 1992 5656 1

2106 5617 2142 5671 l,
2177 5600 2230 5658 6.
2307 5599 2506 5658 'Joan.
2531 5617 2585 5670 v,
2617 5601 2697 5658 l9.
2775 5603 2796 5636 ⁶
2823 5601 2885 5659 F.
2905 5601 3063 5657 Ἀλλά
3087 5617 3186 5674 pro
3209 5603 3305 5668 ὡς.
3381 5602 3403 5636 ⁷
3434 5600 3593 5661 Deest
3607 5600 3684 5658 δέ.

427 5661 452 5696 ‘
477 5660 585 5732 ch
634 5663 911 5738 ἀλλοτρίου
940 5669 1110 5733 ὄντος.
