3990 6228
306 305 421 364 3⁸31

957 301 1326 361 ADVERSUS
1363 305 1711 363 HIERESES
1747 306 1874 364 LIB.
1912 307 2000 365 ill.
2044 307 2211 365 ΤΟΜ.
2250 308 2374 361 1.-
2418 305 2696 364 ιΙιΕΙὶΕΞ.
2738 305 2951 364 LXXII.

3480 313 3590 370 582

309 419 635 491 βλάσφημοι
661 418 847 475 λαᾶεϊν
870 418 1159 486 ὑπόνοιανς
1183 421 1296 475 Οὐκ
1324 420 1512 476 ἐπεισέ
1537 439 1596 476 σε
1627 398 1898 496 ’Ᾰὸραὰμ,

2018 423 2286 479 sceleratae
2369 422 2896 490 contumelioszeque
2954 420 3010 475 in
3090 419 3256 479 Deum
3316 423 3595 495 opinionis

308 514 546 583 φάσκων
585 512 720 584 πρὸς
759 511 922 570 αὐτὸν
957 512 1051 567 καὶ
1080 512 1256 583 λέγων
1279 531 1292 546 ο
1334 514 1388 567 Ὀ
1433 515 1657 585 κρίνων
1696 514 1905 571 πᾶσαν

307 604 434 672 τὴν
460 603 595 674 γῆν,
635 607 708 659 οὺ
736 604 1012 673 ,ποιήσεις
1039 607 1277 675 κρίσιν;
1320 607 1642 683 Ἐλέγχθητι
1669 610 1802 682 γὰρ,
1829 609 1905 676 ὡς

309 698 451 768 παρ’
486 695 633 768 αὐτῷ
672 697 854 779 διΥῐδς
893 698 1229 771 ἐπεδήμησε,
1273 701 1366 754 καὶ
1405 701 1466 754 οὐ
1515 703 1770 775 προφορά
1822 720 1907 767 τις

308 788 416 853 ὢν,
448 790 561 843 ἀλλ’
590 790 953 855 ὲνυπόστατος
999 792 1131 856 Θεὸς
1167 792 1357 862 Λόγος.
1390 794 1498 848 Καὶ
1524 794 1674 859 ὃπως
1703 794 1905 867 γνῴης,

308 876 365 934 ὦ
407 881 719 953 ὲθελόσοςρε,
774 882 835 935 τὸ
872 882 1045 953 πέρας
1080 884 1188 936 τῶν
1240 885 1298 938 ὲν
1336 885 1511 958 ταύτῃ
1541 888 1609 958 τῇ
1650 886 1908 943 ὑποθέσει

308 974 927 1047 πεπραγματευμένων,
955 975 1031 1039 ὡς
1061 978 1118 1029 ὲν
1148 978 1217 1048 τῇ
1255 976 1377 1050 θείᾳ
1408 978 1599 1051 Γραφῇ
1631 979 1907 1051 ἐπισφρα-

308 1068 616 1141 γισάμενος
657 1067 721 1119 τὸ
760 1067 964 1122 τέλειον
999 1070 1131 1140 ἡμῖν
1177 1070 1495 1141 ἀπεφήνατο
1534 1071 1784 1141 φάσκων,
1824 1074 1907 1128 ὅτι

314 1157 567 1226 Ἕὸρεξε
611 1158 826 1226 Κύριος
864 1157 965 1213 ἀπ’
1001 1159 1262 1228 οὐρανοῦ
1302 1159 1423 1229 πῦρ
1462 1162 1560 1215 καί
1606 1161 1769 1216 θεῖον
1805 1161 1907 1216 ἐπὶ

310 1248 558 1317 Σόδομα
588 1248 686 1301 καὶ
710 1249 985 1318 ι’όμορῤα
1011 1250 1173 1319 παρὰ
1195 1252 1437 1320 Κυρίου.
1470 1254 1580 1307 Καὶ
1605 1254 1707 1307 οὐκ
1730 1249 1905 1319 εἶπεν,

308 1344 345 1395 ὁ
381 1341 559 1410 Λόγος
604 1339 699 1394 τοῦ
729 1341 961 1414 Κυρίου,
1009 1343 1171 1405 ἀλλὰ,
1205 1345 1421 1413 Κύριος
1458 1346 1618 1415 παρὰ
1646 1350 1869 1415 Κυρίου
1891 1365 1905 1377 ·

314 1430 399 1497 ὡς
435 1430 533 1484 καὶ
562 1431 724 1485 Δαὸὶδ
747 1430 926 1501 λέγει’
944 1433 1130 1487 Εἶπεν
1158 1436 1192 1487 ὁ
1215 1434 1432 1503 Κύριος
1453 1432 1532 1500 τῷ
1554 1436 1748 1504 Κυρίῳ
1764 1453 1905 1507 μου.

313 1522 433 1575 Καὶ
481 1522 569 1575 ἵνα
608 1522 627 1553 ⁸
670 1522 753 1576 ὅτι
794 1522 856 1575 οὐ
897 1521 1034 1593 μετὰ
1074 1523 1176 1594 τὴν
1220 1523 1483 1594 ἕνσαρκον
1529 1523 1832 1596 παρουσίαν
1881 1525 1911 1578 ὁ

313 1611 451 1675 Υἱὸς
482 1613 643 1683 μόνον
671 1612 1007 1686 εὑρίσκεται,
1038 1613 1306 1685 διηγεῖται
1350 1616 1445 1669 καὶ
1505 1615 1761 1687 περὶτῆς
1798 1615 1909 1670 ἀπ-

310 1704 521 1776 αρχῆς,
544 1704 627 1757 ὅτι
670 1705 766 1759 Ἐκ
794 1705 1054 1774 γαστρὸς
1080 1705 1196 1774 πρὸ
1226 1706 1574 1775 Ἑωσφόρου
1605 1704 1909 1777 ἐγέννησὰ

2007 523 2200 569 auctor
2255 513 2396 569 fuit?
2459 512 2580 568 Non
2643 512 2728 567 vel
2776 512 3123 569 Abrahamus
3173 515 3448 570 meliorem
3500 518 3597 574 tibi

2006 615 2245 662 mentem
2268 606 2599 678 persuadere
2625 603 2827 674 potuit,
2846 604 2940 674 qui
2971 603 3138 660 Deum
3165 605 3244 660 sic
3268 607 3596 677 alloquitur:

2009 698 2114 764 Qui
2145 698 2359 769 judico:
2415 713 2615 754 omnem
2640 706 2860 759 terram,
2907 713 3012 750 non
3057 697 3220 766 {acies
3254 699 3597 768 judicium'?

2008 787 2147 844 illud
2188 804 2320 844 vero
2369 788 2699 856 redarguere
2739 794 2792 841 te
2832 786 3016 850 debet,
3047 788 3192 858 quod
3237 790 3377 858 apud
3421 791 3597 860 ipsum

2009 890 2263 937 versatus
2309 894 2433 937 esse
2477 877 2650 934 Filius
2697 877 2921 942 dicitur,
2960 893 3070 932 non
3106 882 3379 936 sermonis
3414 882 3597 952 aliqua

2010 973 2264 1044 prolatio.
2314 973 2410 1030 sed
2466 972 2609 1028 Deus
2648 970 2889 1029 Verbum
2936 972 3266 1028 subsistens.
3328 975 3507 1045 Atque
3540 984 3598 1030 ut

2007 1081 2220 1130 eorum,
2249 1080 2370 1137 qua:
2397 1065 2451 1119 in
2482 1065 2584 1121 hoc
2608 1065 2827 1135 negotio
2848 1075 2997 1135 gesta
3022 1071 3173 1129 sunt,
3202 1066 3408 1121 exitum
3440 1066 3601 1121 intel.

2008 1159 2167 1232 ligas,
2214 1174 2249 1215 ο
2294 1157 2577 1229 sapientia:
2626 1157 2807 1211 inanis
2860 1155 3163 1217 affectator.
3225 1155 3330 1210 hoc
3377 1157 3495 1229 ipso
3544 1158 3599 1214 iu

2010 1249 2311 1322 Scriptum
2354 1250 2477 1304 loco
2521 1248 2668 1319 quod
2702 1246 3003 1317 perfectum
3054 1253 3108 1301 et
3153 1245 3466 1304 absolutum
3516 1256 3600 1307 est

2008 1341 2158 1397 velut
2196 1340 2521 1413 obsignans,
2559 1338 2859 1393 declaravit
2908 1338 2994 1392 his
3024 1338 3251 1394 verbis:
3306 1337 3455 1393 I’iuit
3492 1338 3599 1392 Do-

2010 1434 2182 1487 minus
2213 1449 2241 1487 e
2270 1434 2396 1486 caelo
2428 1432 2622 1502 ignem,
2652 1438 2701 1484 et
2737 1429 2901 1500 833
2929 1429 3150 1497 sulphur
3185 1430 3241 1485 in
3279 1429 3513 1484 Sodoma
3550 1439 3601 1485 et

2011 1522 2306 1578 Comorrlta
2339 1539 2375 1576 α
2402 1521 2628 1576 Domino
2644 1525 2686 1574 ⁵.
2737 1520 2854 1575 Non
2889 1521 3047 1582 dixit,
3098 1518 3331 1575 Verbum
3364 1520 3600 1586 Domini,

2014 1613 2135 1678 sed,
2169 1614 2425 1669 Dominus
2454 1632 2487 1669 a
2520 1613 2767 1668 Domino.
2804 1612 2874 1668 Ut
2920 1621 2974 1669 et
3016 1611 3185 1668 David
3235 1613 3450 1669 locutus
3481 1621 3599 1668 est:

2018 1706 2170 1761 Dixit
2204 1706 2461 1763 Dominus
2484 1705 2709 1759 Domino
2735 1720 2848 1758 meo
2874 1704 2916 1757 ⁸.
2946 1701 3013 1761 Ut
3037 1713 3217 1758 autem
3250 1714 3463 1760 constet
3492 1721 3601 1760 non

310 1809 419 1849 σε.
462 1797 573 1850 Καὶ
610 1796 737 1868 περῖ⁵
773 1796 868 1850 τοῦ
898 1797 1053 1866 ἁγίου
1082 1796 1431 1868 Πνεύματος,
1466 1792 1512 1852 ὦ
1539 1798 1907 1872 περιττολόγε,

2018 1800 2187 1856 solum
2233 1807 2356 1870 post
2403 1797 2833 1853 incarnationem
2882 1794 3005 1850 Filii
3050 1811 3249 1850 nomen
3322 1799 3601 1867 usurpari,

320 1887 427 1940 καὶ
457 1888 517 1940 ὲν
544 1888 733 1959 ἀργοῖς
767 1889 863 1941 καὶ
894 1888 1206 1960 περιέργοις
1237 1891 1556 1962 ταττόμενε,
1615 1891 1790 1955 οὐδεὶς
1824 1891 1909 1945 δέ·

312 1977 474 2043 ξεταί
506 1995 599 2032 σου
621 1979 709 2032 τὸν
730 1978 907 2049 λόγον.
934 1978 1073 2034 Οὖτε
1099 1982 1210 2052 γὰρ
1239 1980 1553 2054 μειζότερον
1575 1984 1637 2038 τὸ
1661 1985 1907 2059 Πνεῦμα,

308 2069 447 2124 οὔτε
481 2072 826 2143 μικρότερον.
862 2073 957 2139 Πς
995 2074 1107 2143 γὰρ
1136 2074 1323 2133 ταῦτα
1350 2075 1691 2144 ἐξεζήτησε,
1716 2078 1906 2149 φησιν,

2020 1890 2089 1947 de
2104 1908 2169 1948 eo
2184 1906 2421 1963 quoque,
2439 1890 2581 1960 quod
2599 1906 2626 1942 a
2644 1888 2914 1959 principio
2929 1887 3133 1942 factum
3145 1895 3249 1951 est,
3267 1890 3597 1943 mentionem

2013 1982 2165 2040 facit.
2203 1981 2287 2037 Ea:
2307 1992 2476 2047 utero,
2498 1981 2696 2051 inquit,
2712 1990 2832 2035 ante
2854 1980 3153 2049 Luciferum
3173 1984 3324 2053 genui
3348 1984 3448 2037 te“.
3479 1983 3604 2038 1am

2008 2088 2140 2131 vero
2162 2074 2229 2129 de
2251 2074 2458 2146 Spiritu
2486 2083 2677 2130 sancto
2701 2087 2861 2128 nemo
2880 2081 2982 2137 est,
3014 2073 3177 2129 homo
3223 2075 3608 2145 loquacissime

308 2161 389 2215 ἐκ
429 2159 551 2216 τῶν
580 2162 796 2232 χειρῶν
819 2162 1023 2233 ὐμῶν;
1057 2165 1299 2237 Ἐλὲγχει
1325 2183 1386 2220 σε
1414 2166 1471 2222 δὲ
1502 2168 1532 2221 ὁ
1558 2167 1721 2232 αὐτὸς
1748 2168 1907 2238 ἅγιος

2018 2173 2062 2223 et
2102 2164 2245 2221 inter
2283 2163 2493 2220 otiosos
2548 2163 2914 2233 euriososque
2951 2166 3308 2231 numeranda,
3345 2167 3441 2236 qui
3482 2183 3602 2223 ser-

308 2251 529 2323 Λόγος,
574 2252 653 2316 ὡς
682 2253 880 2322 φάσκει
913 2254 1120 2325 Κύριος
1154 2256 1285 2328 περὶ
1326 2257 1423 2312 τοῦ
1452 2258 1771 2330 Πνεῦματος
1805 2257 1903 2314 τοῦ

308 2344 513 2413 ἁγίου·
544 2344 821 2416 ὁμολογῶν
867 2345 999 2399 αὐτὸ
1031 2347 1253 2419 γνήσιον
1279 2347 1380 2417 τῆς
1426 2348 1594 2404 αὑτοῦ
1628 2349 1902 2421 θεότητος,

310 2435 476 2507 φησί·
516 2435 585 2493 πυ
610 2436 681 2491 ἐκ
714 2437 820 2494 τοῦ
844 2439 1077 2508 Πατρός
1125 2440 1605 2511 ἐκπορευόμενον
1649 2442 1743 2499 καὶ
1796 2441 1905 2499 τοῦ

306 2527 470 2595 ἐμοῦ
494 2528 774 2598 λήψεται.

2011 2271 2205 2314 mones
2240 2262 2368 2313 tuos
2415 2254 2593 2325 aquis
2636 2255 2871 2313 auribus
2918 2256 3191 2313 admittat.
3245 2256 3379 2313 Nam
3430 2274 3609 2329 neque

2011 2349 2210 2420 major,
2262 2363 2442 2418 neque
2473 2347 2654 2401 minor
2703 2346 2813 2400 dici
2853 2355 3035 2417 potest
3074 2348 3314 2419 Spiritus
3356 2360 3606 2408 sanctus.

2014 2439 2147 2507 Quis
2165 2440 2301 2494 enim
2326 2439 2457 2505 hwc,
2477 2440 2675 2509 inquit,
2696 2440 2965 2509 requisivit
2993 2438 3063 2494 de
3081 2442 3325 2496 manibus
3346 2443 3529 2496 vestris
3549 2444 3606 2498 τί

2012 2533 2324 2601 Quinetiam
2358 2531 2503 2588 idem
2535 2541 2588 2589 te
2620 2531 3031 2589 sanctissimum
3056 2531 3317 2600 Verbum,
3350 2533 3606 2591 Christus

310 2620 572 2676 videlicet
599 2622 860 2680 Dominus
885 2624 1249 2693 condemnat;
1284 2628 1376 2698 qui
1402 2628 1469 2687 de
1486 2628 1691 2699 Spiritu
1720 2638 1912 2687 sancto
1951 2629 2034 2689 sic
2061 2628 2331 2699 loquitur,
2360 2627 2665 2685 divinitatis
2699 2635 2757 2684 ut
2786 2642 2901 2687 sua:
2940 2643 3260 2700 germanum
3313 2643 3379 2686 ac
3438 2631 3609 2702 parti-

309 2714 500 2785 cipem
532 2727 810 2787 agnoscat.
843 2718 933 2775 Ait
959 2720 1138 2775 enim:
1176 2720 1281 2786 Qui
1303 2736 1369 2775 ex
1400 2720 1561 2777 Patre
1592 2724 1889 2793 procedit“,
1927 2731 1983 2781 et
2008 2723 2072 2778 de
2102 2740 2214 2778 meo
2245 2723 2468 2791 accipiet
2492 2723 2538 2777 ’.

396 2813 486 2878 εἷ’.
509 2812 618 2864 Καὶ
637 2811 797 2864 πόσαι
820 2811 975 2867 ἄλλαι
1005 2812 1333 2882 τυγχάνουσι
1365 2817 1695 2888 μαρτυρίαις
1730 2816 1914 2871 Ἐπει-

309 2902 387 2973 δὴ
407 2903 463 2959 δὲ
490 2904 654 2956 πᾶσιν
689 2904 721 2975 ἡ
746 2904 814 2976 σὴ
845 2903 1135 2976 ὲρεσχελία
1167 2904 1326 2976 δῆλός
1372 2907 1491 2959 ἐστι
1519 2908 1728 2981 πλάνης
1752 2905 1907 2972 οὖσα,

311 2995 422 3048 καὶ
462 2996 563 3051 οὐκ
605 2995 901 3067 ἀληθείαςο
954 2996 1344 3069 φωοαθήσεται
1384 2998 1443 3052 δὲ
1493 2999 1555 3055 οὐ
1598 3000 1757 3071 μόνον
1803 3002 1911 3055 ἀπὸ

315 3088 587 3152 συνετῶν,
618 3089 755 3143 ἀλλὰ
786 3090 881 3145 καὶ
910 3090 1019 3144 ἀπὸ
1046 3090 1154 3142 τῶν
1182 3090 1362 3159 ὀλίγον
1394 3108 1448 3145 τι
1478 3092 1576 3162 τῆς
1606 3092 1757 3157 θείας
1776 3094 1911 3169 Γρα-

314 3179 433 3256 φῆς
453 3178 552 3252 τὴν
584 3180 906 3235 ἀκολουθίαν
950 3182 1447 3252 ὲπιγινωσκόντων,
1480 3181 1545 3237 δι’
1576 3185 1642 3259 ἢν
1670 3185 1771 3238 οὐκ
1791 3186 1913 3239 tm-

311 3272 663 3344 δεηθήσομαι
686 3270 896 3325 πολλῶν
922 3272 1263 3344 μαρτυριῶν,
1284 3272 1318 3344 ἢ
1345 3273 1545 3346 πολλῆς
1564 3274 1877 3349 ἀνατροπῆς
1892 3292 1906 3307 °

314 3362 597 3417 εὐάλωτον
638 3363 748 3432 γάρ
806 3380 900 3416 σου
941 3363 1004 3416 τὸ
1045 3363 1291 3436 διήγημα
1332 3364 1425 3417 καὶ
1476 3366 1511 3436 ή
1555 3365 1911 3425 κακοπιστία,

313 3453 419 3507 Διὸ
447 3453 693 3525 ἀρκετῶς
726 3453 867 3525 ἔχειν
898 3455 965 3509 τὰ
1004 3455 1142 3527 πρὸς
1166 3457 1226 3509 σὲ
1261 3457 1547 3531 εἰρημένα,
1575 3458 1650 3523 ὡς
1673 3458 1783 3512 ἀπὸ
1805 3459 1911 3530 γῆς

313 3542 702 3613 ἁναφύσαντος
730 3542 1025 3612 κνιιοδάλου¹
1057 3543 1261 3615 ἀτόμου
1280 3546 1300 3576 ³
1334 3561 1390 3601 τε
1417 3544 1512 3601 καὶ
1536 3544 1809 3615 ἀδυνάμου
1832 3542 1915 3616 τῷ

316 3636 451 3705 ποδὶ
492 3636 586 3690 τοῦ
627 3636 784 3705 λόγου
834 3635 1154 3707 συντρίψας,
1189 3637 1283 3694 καὶ
1326 3639 1392 3708 τῇ
1431 3636 1523 3691 τοῦ
1556 3636 1692 3692 Θεοῦ
1738 3636 1917 3704 Λόγου

314 3727 558 3799 ἀληθείᾳ.
577 3744 590 3759 ο
649 3727 682 3799 ἢ
710 3727 785 3792 ὡς
808 3726 1064 3799 ἕλμιγγα,
1101 3729 1220 3798 ἤτοι
1262 3730 1365 3799 γῆς
1395 3725 1719 3799 ἐντεριώνην
1748 3744 1919 3781 κατα-

314 3820 516 3891 λείψω.
558 3820 698 3890 Ἤδη
737 3818 847 3891 γὰρ
883 3817 977 3872 καὶ
1014 3817 1368 3889 διεσκεδάσθη
1399 3819 1478 3880 είς
1511 3817 1693 3885 ὀλίγον
1726 3815 1916 3887 χρόνον

317 3913 363 3989 ἡ
408 3911 598 3966 τούτου
631 3911 724 3967 τοῦ
768 3911 1123 3983 ὴπατημένου
1154 3910 1384 3983 αἵρεσις.
1422 3909 1546 3967 Ἐπὶ
1563 3908 1620 3966 δὲ
1650 3908 1749 3973 τὰς
1790 3908 1917 3980 ἑξῆς

319 4004 575 4076 συνήθως
602 4004 736 4058 θεὸν
758 4002 1189 4074 ἐπικαλούμενος
1219 4001 1643 4075 προελεύσομαι.

2099 2815 2187 2870 VI.
2219 2815 2393 2881 Quam
2420 2814 2588 2873 multa
2615 2823 2745 2871 sunt
2770 2826 2824 2872 et
2850 2815 2953 2872 alia
2975 2815 3308 2880 testimonia.
3333 2831 3453 2887 qum
3478 2832 3608 2873 con-

2018 2906 2167 2961 sullo
2200 2912 2467 2975 prmtereo
2493 2921 2507 2970 ;
2541 2905 2802 2974 quoniam
2832 2904 3050 2976 quidem
3080 2913 3173 2959 tua
3202 2905 3461 2962 omnibus
3492 2906 3595 2960 im-

2017 2998 2330 3069 portunitas
2359 3004 2443 3053 est
2486 2996 2803 3061 manifesta,
2832 3013 2955 3068 qua:
2977 2998 3046 3054 ab
3072 3013 3277 3064 errore,
3313 3014 3422 3052 non
3450 3014 3478 3052 a
3510 3015 3606 3054 ve-

2017 3089 2180 3145 ritate
2213 3088 2604 3161 proﬁciscitur,
2639 3087 2775 3144 adeo
2813 3097 2870 3145 ut
2897 3104 3009 3144 non
3043 3104 3163 3145 eam
3196 3090 3359 3145 modo
3389 3091 3607 3161 sapien-

2020 3180 2211 3243 tiores,
2241 3178 2338 3234 sed
2368 3186 2428 3232 ut
2471 3177 2547 3232 illi
2596 3176 2757 3233 facile
2786 3177 3223 3249 deprehendant,
3253 3179 3347 3255 qui
3374 3180 3610 3235 nonnul-

2017 3271 2128 3326 lum
2164 3287 2450 3329 sacrarum
2496 3270 2834 3327 Litterarum
2875 3286 3037 3328 usum
3074 3272 3385 3329 habuerint.
3427 3273 3609 3341 Quare

2016 3376 2127 3417 non
2160 3370 2246 3416 est
2279 3360 2425 3433 quod
2471 3359 2722 3435 pluribus
2756 3359 3023 3417 adversus
3074 3361 3224 3416 illam
3280 3363 3610 3418 testimoniis

2014 3462 2107 3507 aut
2130 3452 2361 3524 longiori
2384 3452 2711 3509 refutatione
2733 3468 2873 3521 opus
2901 3467 3025 3508 esse
3054 3452 3213 3508 nobis
3248 3454 3604 3509 arbitremur.

2014 3544 2157 3600 Nihil
2205 3545 2352 3602 enim
2394 3544 2709 3601 narratione
2760 3555 2849 3599 tua
2896 3552 2950 3599 et
2995 3543 3311 3601 inﬁdelitate
3356 3545 3424 3600 ad
3470 3562 3606 3600 con-

2020 3638 2348 3693 vincendum
2392 3636 2628 3694 facilius.
2668 3637 2823 3695 Unde
2856 3652 2977 3708 qua:
3017 3648 3210 3692 contra
3244 3645 3299 3693 te
3332 3638 3607 3708 disputata

2023 3739 2156 3788 sunt
2203 3731 2489 3796 hactenus,
2544 3731 2680 3787 satis
2725 3730 2966 3787 arbitror
3016 3728 3237 3796 futura;
3265 3745 3339 3785 ac
3386 3729 3610 3799 perinde

2022 3830 2082 3878 ut
2112 3821 2385 3878 insectum
2422 3820 2700 3896 quoddam
2755 3823 2956 3877 animal
2992 3838 3023 3878 e
3056 3830 3203 3877 terra
3235 3837 3508 3878 emersum
3552 3831 3607 3877 et

2025 3911 2359 3967 imbecillum
2402 3931 2415 3967 :
2458 3914 2539 3968 sic
2590 3925 2946 3985 posteaquam
3002 3922 3054 3970 te
3105 3913 3277 3968 divini
3320 3912 3482 3969 Verbi
3541 3928 3608 3969 ac

2022 4001 2274 4057 veritatis
2307 4002 2535 4072 vestigio
2570 4003 2912 4072 proculcavi,
2955 4005 3073 4060 sive
3110 4004 3362 4059 lumbrici
3408 4005 3605 4068 instar,

318 4106 426 4152 aut
450 4104 608 4153 terra:
637 4096 926 4161 interanei,
960 4096 1187 4150 missum
1220 4103 1498 4165 postremo
1537 4093 1758 4147 faciam.
1794 4089 1920 4147 Jam
1965 4093 2111 4147 enim
2164 4094 2316 4148 brevi
2371 4093 2667 4148 admodum
2720 4108 2971 4165 tempore
3020 4097 3168 4157 illius
3226 4104 3311 4152 est
3376 4096 3607 4155 haeresis

322 4194 620 4271 dissipata.
654 4191 816 4249 Nunc
846 4192 1159 4267 implorata,
1190 4198 1249 4245 ut
1272 4190 1535 4256 solemus,
1570 4204 1676 4265 ope
1702 4187 1823 4257 Dei,
1851 4188 1921 4246 ad
1959 4188 2203 4259 reliquas
2233 4188 2470 4245 haereses
2502 4188 2935 4260 progrediamur.

718 4333 911 4388 KATA
942 4330 1522 4397 MAPKEAAIANQN,

324 4468 719 4539 Πεντηκοστὴ
753 4469 1025 4539 δευτέρα,
1053 4470 1094 4541 ἡ
1127 4468 1226 4523 καὶ
1260 4465 1605 4539 ἐπτακοστὴ
1640 4463 1913 4534 δευτέρα.

405 4581 483 4633 A’.
521 4579 612 4649 Τῷ
635 4580 692 4632 δὲ
728 4579 876 4651 αὐτῷ
912 4578 1075 4636 πάλιν
1105 4579 1285 4651 χρόνῳ
1334 4579 1464 4649 (ὑπὸ
1488 4579 1548 4633 ἓν
1574 4578 1683 4651 γὰρ
1717 4579 1919 4643 πάντες

325 4661 477 4722 οὗτοι
509 4664 683 4741 ἦσαν)
732 4670 1052 4740 Μάρκελλος
1091 4671 1312 4740 γέγονεν
1355 4673 1413 4724 ἐν
1480 4670 1743 4742 Ἀγκύρῃ.
1795 4672 1919 4747 Ἐτιι

328 4762 442 4834 γὰρ
471 4762 564 4815 καὶ
592 4762 773 4835 δεῦρο,
800 4764 907 4817 ἀπὸ
930 4764 1024 4817 τοῦ
1054 4763 1207 4828 ἔτους
1228 4764 1418 4818 τούτου
1441 4764 1517 4828 ὡς
1542 4765 1651 4819 ἀπὸ
1668 4764 1760 4817 δύο
1782 4764 1916 4819 ἑτῶν

329 4852 609 4915 ἐτελεύτα,
653 4853 686 4925 ἦ
722 4853 892 4907 πλείω
927 4853 960 4926 ἢ
992 4854 1223 4910 ἐλάσσω.
1261 4855 1515 4925 Ἐποίησε
1543 4855 1600 4908 δὲ
1633 4855 1725 4909 καὶ
1756 4855 1917 4919 αὐτός

327 4961 452 4997 τινα
477 4943 741 5014 διαίρεσιν
768 4945 826 5002 ὲν
867 4947 932 5014 τῇ
976 4944 1272 5016 Ἐκκλησία
1294 4944 1390 4999 ἀπ’
1418 4944 1596 5016 ἀρχῆς
1625 4944 1720 4999 τοῦ
1749 4943 1918 4999 αὑτοῦ

330 5036 545 5107 χρόνου.
613 5035 833 5106 Ὀλίγην
877 5036 936 5088 δέ
983 5053 1107 5089 τινα
1150 5035 1360 5089 ἔννοιαν
1402 5035 1698 5105 ὑπέφαινεν
1738 5026 1914 5099 οὗτος,

332 5123 768 5196 ἁπεικαξόμενος
791 5125 1062 5195 Σαϐελλίῳ
1085 5142 1145 5178 τε
1172 5127 1266 5178 καὶ
1287 5125 1523 5196 Ναυάτῳ
1551 5123 1659 5178 ἀπὸ
1689 5123 1782 5177 τοῦ
1808 5123 1916 5177 τῶν

345 5218 637 5286 Ἀρειανῶν
686 5217 821 5289 πρὸς
866 5217 1030 5271 αὑτὸν
1070 5216 1444 5288 παροξυσμοῦ,
1488 5215 1650 5286 δῆθεν
1692 5215 1780 5270 διὰ
1820 5213 1915 5268 τοῦ

332 5308 595 5381 λογισμοῦ
612 5309 713 5380 τῆς
732 5309 868 5380 πρὸς
886 5310 1011 5373 τοὺς
1042 5310 1352 5379 Ἀρειανοὺς
1374 5308 1721 5373 ἀντιθέσεως.
1753 5307 1921 5362 Ὅθεν

336 5400 430 5453 καὶ
464 5399 615 5470 παρά
641 5417 804 5452 τινων
837 5398 1238 5470 βλασφημεῖται
1264 5398 1371 5452 ἀπὸ
1406 5400 1626 5471 μέρους,
1654 5396 1729 5461 ὡς
1755 5396 1914 5468 ἔφην,

336 5489 708 5543 Σαδελλιανῶν
730 5486 979 5561 ἐσχηκὼς
1004 5487 1103 5559 τὴν
1132 5487 1463 5560 ὲρεοχελίαν.
1513 5487 1668 5551 Τινὲς
1693 5487 1750 5543 δὲ
1775 5485 1917 5559 ὑπὲρ

412 5644 430 5677 ι
466 5642 623 5697 Deest
651 5641 812 5713 γνῷς.
890 5644 927 5713 Ἀ
950 5640 1010 5695 F.
1045 5640 1255 5696 ἁτὸνου.
1302 5641 1353 5713 7³
1386 5641 1521 5713 Gen.
1550 5657 1703 5708 xvul,
1724 5641 1816 5699 25.

339 5716 360 5749 '
386 5713 544 5772 Joau.
578 5711 777 5783 xv,26.
852 5714 873 5745 ’
904 5711 1062 5769 Joan.
1108 5729 1218 5778 1m,
1257 5712 1339 5779 li,
1385 5712 1470 5775 l5.

1944 4342 1991 4400 D

2369 4322 2655 4382 CONTRA
2687 4321 3246 4389 MARCELLIANOS,

2291 4460 2424 4529 Quae
2452 4469 2532 4518 est
2560 4460 2781 4516 haeresis
2814 4456 2941 4522 LII,
2971 4459 3076 4513 sive
3107 4456 3345 4513 LXXII.

2092 4575 2134 4630 Ι.
2177 4574 2283 4633 Per
2320 4576 2461 4631 idem
2485 4583 2701 4647 tempus
2732 4574 2881 4646 (nam
2912 4574 2971 4628 in
3004 4573 3253 4629 eamdem
3283 4578 3497 4628 aetatem
3528 4571 3607 4628 illi

2018 4682 2213 4723 omnes
2242 4666 2515 4736 incidunt)
2544 4665 2777 4737 Ancyra:
2809 4664 3097 4720 Marcellus
3126 4663 3360 4727 exstitit,
3406 4663 3501 4733 qui
3536 4663 3607 4717 ad

2021 4766 2211 4815 nostra
2251 4774 2423 4828 usque
2464 4765 2708 4827 tempora
2752 4756 3017 4826 pervenit,
3054 4764 3105 4811 et
3155 4753 3372 4809 duobus
3404 4754 3607 4809 abhinc

2021 4849 2147 4919 plus
2197 4849 2382 4904 minus
2438 4847 2601 4903 annis
2646 4847 2804 4901 obiit.
2851 4845 2951 4901 llic
2991 4846 3240 4902 nonnihil
3280 4845 3334 4901 in
3366 4844 3607 4905 Ecclesia

2018 4941 2239 4998 divortii
2291 4939 2569 5004 conﬂavit,
2624 4939 2817 4995 eodem
2892 4937 3008 4995 fere
3067 4946 3126 4993 ut
3172 4937 3283 4992 dixi
3341 4945 3604 5006 tempore.

2022 5028 2227 5085 Verum
2251 5030 2547 5085 obscuram
2581 5028 2873 5084 admodum
2905 5027 3177 5099 dogmatis
3211 5027 3297 5082 sui
3327 5025 3607 5095 signitica-
3682 5090 3689 5097 α

2017 5121 2223 5175 tionem
2265 5119 2433 5183 dedit,
2486 5118 2652 5191 834
2711 5134 2837 5174 cum
2894 5117 2964 5173 ad
3013 5117 3241 5174 Sabellii
3302 5126 3357 5172 et
3408 5115 3605 5171 Novati

2026 5213 2322 5271 factionem
2378 5214 2792 5285 adiungeretur,
2842 5211 3062 5267 Arianis
3106 5211 3450 5281 potissimum
3508 5227 3608 5280 pro

2024 5320 2126 5361 suo
2161 5305 2216 5359 in
2251 5305 2406 5360 illum
2434 5305 2564 5361 odio
2589 5305 2694 5360 hoc
2738 5304 2917 5375 ipsum
2949 5301 3428 5371 exprobrantibus,
3461 5305 3604 5372 qiiod

2024 5395 2281 5451 nimirum
2319 5396 2585 5453 adversus
2631 5394 2868 5448 Ariauos
2913 5391 3286 5447 contenderet.
3339 5390 3479 5447 llinc
3524 5404 3608 5447 est

2023 5489 2170 5560 quod
2200 5503 2231 5543 a
2260 5490 2543 5546 nonnullis
2589 5502 2655 5545 eo
2703 5485 2930 5542 nomine
2970 5483 3289 5548 incessitur,
3333 5486 3493 5556 quasi
3536 5486 3605 5544 ad

1920 5642 1940 5676 ⁸
1964 5642 2100 5701 Gen.
2134 5660 2247 5710 xix,
2276 5644 2363 5700 2i.
2444 5644 2464 5677 ⁵
2492 5642 2637 5699 Psal.
2665 5656 2776 5710 cu,
2805 5641 2853 5696 Ι.
2931 5642 2952 5675 ⁸
2976 5640 3186 5698 ibid.5.
3264 5642 3281 5675 ’
3315 5641 3420 5698 isa.
3448 5657 3486 5709 ι,
3519 5640 3602 5701 l2.
