3990 6228
418 316 524 376 883

1862 313 1918 369 S.
1955 311 2296 368 EPIPHANII

3571 308 3685 367 ’584

418 433 854 489 Sabellianorum
901 428 1276 484 cavillationes
1310 428 1508 498 partim
1541 427 1852 485 adhaeserit.
1884 427 1988 484 Ve-

2098 428 2263 483 αὒτοῦ
2283 427 2689 500 ἀπελογήσαντο
2709 424 2786 498 μὴ
2809 427 2978 492 οὕτως
3003 426 3162 498 ἔχειν,
3181 427 3294 482 ἀλλ’
3308 426 3487 499 ὀρθῶς
3515 426 3684 482 αὐτὸν

416 539 537 578 rum
580 523 670 576 alii
712 519 887 576 eidem
944 518 1352 588 patrocinantes
1386 532 1578 571 verum
1628 515 1682 570 id
1727 533 1849 571 esse
1895 532 1992 572 ne-

413 624 560 687 gant,
612 629 644 668 e
679 609 959 666 contrario
987 625 1116 664 vero
1154 609 1415 678 praeclare
1468 607 1620 662 illum
1675 608 1878 663 vixisse
1928 622 1994 662 ac

414 711 564 758 recte
606 703 852 759 sensisse
893 701 1242 756 conﬁrmant.
1276 695 1432 752 Unde
1457 711 1651 768 magna
1677 697 1745 752 de
1775 712 1843 752 eo
1868 712 1995 752 con-

411 794 674 850 troversia
699 794 931 849 conllata
956 799 1060 848 est.
1091 791 1380 846 Enimvero
1400 804 1524 858 quae
1553 791 1607 843 in
1637 789 1784 844 illius
1809 790 1994 844 animo

413 887 632 942 occulta
663 885 907 949 fuerunt,
943 884 1040 938 uni
1090 881 1202 938 Deo
1263 884 1483 953 cognita
1542 891 1692 938 sunt.
1725 881 1991 937 Caeterum

413 978 565 1032 illius
610 984 936 1042 sectatores,
976 982 1030 1029 et
1061 974 1130 1028 ab
1159 988 1224 1028 eo
1258 973 1516 1037 instituti,
1545 988 1667 1026 cum
1696 973 1816 1042 ejus
1845 987 1995 1026 men-

396 1077 521 1123 tem
546 1069 884 1138 ignorarent,
917 1081 1018 1120 nec
1045 1081 1166 1142 quae
1201 1080 1324 1118 vere
1369 1065 1456 1119 ille
1505 1065 1769 1120 StlllSlSsel
1816 1063 1994 1134 expri-

413 1166 646 1222 merent,
697 1165 810 1213 tres
860 1157 1183 1227 hypostases
1240 1153 1490 1209 conﬁteri
1548 1153 1860 1217 noluerunt,
1915 1153 1994 1206 uti

417 1251 625 1304 veritas
680 1249 862 1312 docet,
911 1263 1033 1317 quae
1072 1262 1236 1301 unam
1285 1254 1475 1299 censet
1513 1260 1634 1299 esse
1659 1243 1994 1297 divinitatem

414 1355 689 1410 unamque
721 1339 946 1410 gloriam
983 1346 1037 1393 et
1073 1337 1600 1393 consubstantialem
1633 1335 1991 1400 Trinitatem,

414 1449 536 1503 quae
580 1433 715 1486 nihil
754 1431 809 1486 in
849 1431 1020 1501 gloria
1062 1445 1161 1485 sua
1213 1428 1492 1484 diversum
1535 1427 1753 1492 habeat,
1811 1434 1995 1496 utpote

417 1524 660 1594 perfecta
683 1523 946 1588 Trinitas,
978 1529 1032 1576 et
1068 1535 1177 1574 una
1207 1520 1487 1583 divinitas,
1522 1536 1629 1573 una
1663 1521 1858 1580 virtus,
1889 1533 1996 1572 una

413 1616 686 1682 essentia;
741 1631 915 1685 neque
948 1613 1002 1668 in
1033 1627 1202 1667 unum
1252 1618 1556 1677 contracta,
1601 1618 1695 1665 aut
1748 1611 1994 1674 confusa,

425 1723 527 1762 nec
565 1708 674 1761 ulla
707 1707 792 1761 sui
817 1714 971 1776 parte
1002 1706 1251 1766 inferior,
1280 1712 1374 1758 aut
1404 1705 1669 1774 subjecta.
1710 1701 1996 1757 Marcellus

2097 519 2440 589 βεϐιωκέναι,
2491 520 2584 573 καὶ
2627 519 2705 588 τῷ
2738 520 3046 592 φρονήματι
3100 519 3265 572 αὐτὸν
3317 518 3495 589 ὀρθῶς
3533 519 3683 588 ἔχειν

2093 608 2505 681 διισχυρίζοντο.
2532 609 2623 662 Διὸ
2639 610 2809 680 πολλὴ
2838 610 2967 680 περὶ
2992 609 3181 664 τούτου
3209 608 3436 680 ζήτησις
3460 608 3678 676 γέγονε.

2095 703 2206 755 Καὶ
2237 703 2306 755 τὰ
2331 703 2426 773 μὲν
2454 701 2661 774 κρύφια
2685 703 2785 773 τῆς
2809 701 3018 766 ἐννοίας
3038 701 3158 773 Θεῷ
3186 700 3475 770 ἔγνωσται.
3531 701 3597 753 Ol
3619 699 3682 753 δέ

2099 793 2196 847 ἀπ’
2229 793 2392 848 αὑτοῦ
2429 793 2715 863 γεγονότες
2750 793 2844 847 καὶ
2872 793 3298 865 κατηχηθὼτες,
3331 795 3381 847 oi
3407 792 3509 865 τὴν
3531 793 3680 846 ἐκείο

2097 902 2189 938 νου
2227 884 2435 940 ἔννοιαν
2481 885 2823 954 ἀγνοοῦντες,
2851 887 2902 939 οί
2949 885 3024 958 μὴ
3057 886 3124 940 τὰ
3151 886 3362 939 ἐκείνου
3393 885 3568 957 ἀληθῆ
3593 885 3674 938 δι-

2093 974 2228 1045 ηγού
2237 992 2408 1045 μενοι,
2423 973 2544 1028 οὔτε
2556 975 2653 1037 τὰς
2663 977 2810 1045 τρεῖς
2823 974 3148 1038 ὑποστάσεις
3161 973 3442 1043 ὁμολογεῖν
3458 973 3672 1044 ἧθελον,

2092 1066 2167 1130 ὡς
2194 1067 2306 1138 ἔχει
2331 1069 2363 1137 ἡ
2393 1067 2640 1136 ἀλήθεια,
2667 1069 2750 1120 ὅτι
2783 1067 2882 1135 μία
2912 1066 3060 1118 ἐστὶν
3091 1067 3125 1136 ἡ
3155 1065 3366 1134 θεότης,
3402 1066 3502 1135 μία
3524 1065 3670 1132 δοξο-

2092 1159 2268 1226 λογία,
2291 1158 2457 1228 ὁμοού
2465 1175 2576 1221 σιος
2594 1155 2652 1211 οῦ
2661 1175 2729 1212 σα
2743 1161 2777 1229 ἡ
2792 1156 2981 1228 Τριάς,
3001 1157 3095 1210 καὶ
3109 1157 3263 1210 οὐδὲν
3282 1157 3594 1210 διαλλάττου
3603 1174 3670 1210 σα

2091 1251 2190 1321 τῆς
2217 1250 2352 1314 ἰδίας
2382 1250 2561 1321 δόξης,
2593 1251 2766 1321 Τριάς
2803 1248 2984 1302 τελεία
3022 1245 3176 1311 οὖσα,
3207 1248 3303 1302 καὶ
3335 1248 3432 1318 μία
3457 1248 3668 1318 θεότης,

2097 1343 2194 1414 μία
2215 1343 2463 1411 δύναμις,
2491 1343 2588 1412 μία
2607 1343 2784 1403 οὐσία,
2809 1340 2932 1395 οῦτε
2962 1341 3253 1410 συναλοιφή
3277 1358 3360 1404 τις
3375 1336 3529 1403 οὖσα,
3548 1341 3670 1394 οὔτε

2094 1433 2482 1503 ὑποϐεϐηκυῖα.
2520 1428 2684 1497 Οῦτος
2718 1432 2795 1498 δὲ,
2824 1432 3170 1486 ἐπιπλεῖστον
3201 1432 3522 1503 βουλόμενός
3554 1450 3671 1485 τινα

2093 1524 2271 1592 λέγειν
2300 1525 2450 1595 παρά
2479 1541 2642 1588 τισιν,
2696 1524 2770 1586 ὡς
2803 1523 2908 1576 ὑπὸ
2933 1523 3023 1578 τὸν
3057 1523 3338 1577 Σαδὲλλιον
3364 1523 3443 1593 τῷ
3471 1525 3671 1594 φρονή-

2097 1631 2226 1683 ματι
2263 1613 2460 1680 ἔδειξεν
2493 1609 2651 1668 εἶναι.
2693 1615 2784 1668 Διὸ
2809 1616 2902 1668 καὶ
2941 1616 3080 1686 αὑτὴ
3133 1616 3190 1667 ἐν
3228 1613 3440 1683 αἱρέσει
3477 1613 3671 1683 ἐλέχθη

2095 1707 2191 1759 καὶ
2208 1705 2335 1777 ὴριθ
2345 1706 2511 1777 μήθη.
2551 1707 2946 1779 Παραθήσομαι
2967 1707 3024 1761 δέ
3049 1703 3202 1770 αὖθις
3225 1706 3318 1759 καὶ
3339 1707 3436 1776 τὴν
3457 1706 3672 1759 ἔκθεσιν

415 1807 597 1854 autem
629 1799 1021 1852 nonnullorum
1059 1797 1329 1851 sententia
1363 1811 1487 1850 cum
1526 1793 1729 1864 aliquid
1757 1792 1988 1863 amplius

2092 1797 2187 1850 τοῦ
2231 1797 2412 1866 λόγου,
2457 1790 2518 1850 οῦ
2562 1799 2853 1869 πεποίηται
2912 1799 3116 1869 Ἰουλίῳ
3157 1797 3238 1869 τῷ
3275 1797 3555 1870 μακαρίτῃ
3593 1797 3670 1878 τῷ

417 1891 505 1946 his
542 1899 790 1946 astruere
837 1890 1018 1954 vellet,
1050 1889 1106 1942 in
1161 1887 1386 1942 Sabellii
1438 1901 1681 1942 errorem
1731 1883 1992 1939 incidisse

416 1983 567 2036 visus
596 1990 699 2036 est.
733 1979 811 2033 Ex
843 1993 952 2049 quo
989 1977 1192 2032 factum
1217 1985 1321 2043 est,
1354 1985 1413 2032 ut
1440 1978 1582 2032 inter
1619 1977 1854 2031 haereses
1889 1977 1990 2031 ista

415 2088 636 2142 quoque
676 2071 1010 2125 recensenda
1057 2085 1121 2124 ac
1170 2068 1503 2125 confutanda
1550 2068 1780 2123 veniret.
1838 2065 1993 2122 Libet

422 2169 606 2218 autem
659 2171 715 2217 et
765 2164 911 2218 illius
957 2161 1260 2216 orationem
1315 2159 1606 2231 subjicere,
1659 2174 1821 2229 quam
1866 2173 1993 2226 pur-

398 2254 580 2325 gandi
607 2255 690 2309 sui
718 2254 890 2324 gratia
922 2253 986 2307 ad
1018 2253 1187 2306 beatae
1211 2252 1486 2306 memoriae
1534 2249 1739 2304 Julium
1791 2247 1993 2302 Roma-

419 2360 614 2400 norum
657 2346 974 2414 episcopum
1015 2342 1260 2413 scripsit.
1301 2342 1418 2406 Qua
1456 2357 1522 2396 ex
1561 2340 1900 2402 defensione,
1942 2345 1996 2392 et

418 2436 600 2490 libello
647 2436 908 2490 nonnulla
959 2442 1151 2488 contra
1184 2433 1454 2490 sinceram
1513 2432 1670 2486 ﬁdem
1711 2431 1993 2500 opinatum

415 2542 537 2582 esse
581 2526 882 2582 constabit.
951 2524 1164 2579 Etenim
1221 2524 1266 2578 si
1302 2522 1434 2576 nihil
1483 2522 1553 2576 ab
1587 2522 1676 2574 illa
1717 2522 1994 2574 diversum

2105 1889 2390 1958 Ῥωμαίων
2415 1889 2699 1960 ἐπισκόπῳ
2730 1892 2758 1943 ό
2781 1889 2942 1953 αὐτὸς
2963 1889 3297 1961 Μάρκελλος,
3333 1887 3670 1959 ὑπεραπολο-

2094 1980 2358 2050 γούμενος
2403 1980 2561 2051 δῆθεν
2609 1981 2827 2034 ἐαυτοῦ.
2876 1982 2972 2035 Ἐκ
3014 1981 3069 2034 δέ
3103 1981 3202 2051 τῆς
3248 1980 3545 2048 ἀπολογίας
3577 1980 3669 2034 καὶ

2093 2069 2188 2124 τοῦ
2233 2070 2477 2124 λιὸἐλλου
2508 2073 2806 2143 φανήσεται
2840 2073 3003 2144 ἕτερα
3045 2071 3198 2142 παρά
3231 2071 3329 2142 τὴν
3362 2071 3547 2124 πίστιν
3574 2071 3671 2140 τῆς

2094 2160 2348 2232 ἀληθείας
2377 2161 2756 2234 πεφρονηκὼς.
2812 2164 2875 2216 Εἰ
2917 2164 2992 2235 μὴ
3026 2162 3134 2232 γὰρ
3162 2162 3323 2232 ἕτερα
3349 2162 3670 2234 ἐφρόνησεν,

2095 2250 2235 2322 ὑπὲρ
2269 2253 2437 2305 ποίων
2472 2254 2551 2318 εἰς
2589 2254 2884 2322 ἀπολογίαν
2917 2256 3135 2326 ἤρχετο,
3171 2255 3220 2306 εί
3256 2253 3330 2324 μὴ
3374 2253 3482 2324 ἄρα
3523 2254 3672 2321 λὸγοι

2096 2339 2155 2405 ἐξ
2184 2339 2347 2392 αὐτοῦ
2383 2340 2644 2412 ἐτέθησαν
2693 2343 2793 2396 οὐκ
2823 2343 2992 2415 ὀρθοὶ,
3038 2343 3132 2397 καί
3161 2360 3308 2405 τινας
3338 2343 3665 2414 ταράξαντες

2096 2429 2176 2493 εἰς
2191 2429 2391 2501 ταύτην
2409 2434 2718 2503 κατήγαγον
2733 2435 2833 2505 τὴν
2859 2433 3183 2502 ἀπολογίαν;
3211 2434 3402 2487 Τοίνυν
3425 2434 3486 2488 τὸ
3517 2435 3666 2489 ἀντί-

2098 2519 2308 2589 γραφόν
2336 2520 2453 2572 ἐστι
2479 2520 2634 2574 τοῦτο
2668 2539 2682 2554 ο

420 2618 691 2674 sensisset
752 2632 1018 2687 unquam,
1043 2617 1332 2686 eujusnam
1369 2615 1448 2669 rei
1483 2614 1680 2685 gratia,
1713 2613 1856 2666 hanc
1918 2611 2065 2665 illam
2106 2611 2190 2666 sui
2243 2614 2618 2683 purgationem
2664 2614 3013 2683 institueret;
3051 2616 3155 2672 nisi
3194 2619 3440 2687 quaedam
3471 2617 3540 2673 ab
3578 2615 3666 2670 illo

417 2725 611 2782 parum
661 2716 807 2763 recte
854 2707 1030 2777 posita
1083 2721 1147 2762 ac
1200 2706 1550 2776 pronuntiata
1599 2703 1812 2770 forent,
1866 2717 1987 2772 qu:e
2055 2716 2180 2756 cum
2228 2702 2440 2771 aliquos
2488 2706 2924 2773 perturbassent,
2991 2706 3315 2764 defendendi
3362 2709 3451 2766 sui
3502 2717 3666 2778 atque

418 2799 713 2858 excusandi
753 2799 1132 2853 necessitatem
1166 2795 1494 2852 attulerint?
1525 2795 1842 2865 Exemplum
1881 2793 2046 2865 igitur
2075 2791 2319 2863 epistola:
2341 2793 2421 2848 sic
2450 2809 2510 2849 se
2543 2794 2707 2850 habet
2732 2811 2748 2849 :

418 2910 731 2980 Exemplum
778 2910 1016 2982 epistola:
1038 2909 1301 2982 Marcelli,
1329 2925 1482 2982 quem
1505 2909 1567 2965 ob
1597 2908 1837 2963 hwresim
1866 2925 1991 2979 syn-

998 2980 1131 3035 odus
1162 2981 1424 3050 deposuit.

2182 2907 2926 2980 hwlrgagoorematoxﬁc
2953 2909 3063 2980 (35)
3102 2911 3492 2980 Μαρκέλλου,
3527 2912 3601 2967 ὃν

2249 2977 2521 3031 καθεῖλεν
2549 2978 2588 3046 ἠ
2614 2979 2874 3045 σύνοδος
2899 2977 3074 3048 χάριν
3101 2977 3492 3050 ἐτεροδοξίιις.
3591 2985 3597 2990 ”

398 3107 404 3109 “
488 3091 553 3148 Il.
593 3093 919 3150 Beatissimo
949 3094 1168 3164 collegae
1195 3092 1340 3148 Julio
1373 3092 1660 3149 Marcellus
1695 3091 1750 3146 in
1774 3090 1988 3146 Christo

2166 3088 2240 3142 B'.
2259 3088 2349 3159 Τῷ
2367 3089 2770 3161 μακαριωτάτῳ
2792 3091 3064 3146 συλλειτου
3073 3092 3184 3164 ργῷ
3201 3093 3400 3164 Ἰουλίῳ
3420 3094 3667 3164 Μάρκελ-

417 3185 672 3240 salutem.
731 3184 867 3238 Cum
921 3183 1168 3239 nonnulli
1223 3200 1290 3240 ex
1344 3184 1411 3240 iis
1449 3183 1574 3254 qui,
1623 3183 1766 3254 quod
1799 3198 1990 3252 parum

420 3277 628 3345 integre
653 3275 719 3330 de
765 3276 869 3330 lide
921 3276 1210 3342 sentirent,
1262 3283 1421 3329 antea
1448 3274 1800 3329 condemnati
1833 3282 1985 3341 sunt,

418 3365 624 3434 quique
653 3379 682 3417 a
708 3379 792 3418 me
819 3366 872 3417 in
904 3363 1122 3418 Nicaena
1159 3363 1369 3435 synodo
1397 3363 1631 3418 convicti
1675 3372 1822 3426 sunt,
1861 3377 1991 3417 con-

417 3462 504 3508 tra
539 3471 624 3509 me
655 3454 722 3508 ad
759 3455 1008 3524 pietatem
1033 3462 1178 3508 tuam
1210 3455 1449 3509 scribere
1471 3470 1580 3509 non
1603 3453 1987 3519 dubitaverint,

313 3561 319 3566 '
417 3561 506 3599 me
539 3560 639 3599 nec
668 3557 832 3611 recte,
878 3559 978 3599 nec
1008 3559 1132 3599 cum
1168 3542 1424 3599 Ecclesia:
1472 3545 1719 3600 doctrina
1750 3559 1986 3600 consen-

419 3647 577 3691 tanee
608 3636 676 3691 de
725 3635 830 3690 ﬁde
873 3644 1134 3702 Statuere,
1191 3637 1270 3691 uti
1325 3638 1532 3692 crimen
1590 3651 1748 3691 suum
1803 3636 1857 3691 in
1902 3651 1989 3694 me

418 3723 1132 3793 transferrentzpmpterea
1187 3726 1501 3780 necessario
1547 3724 1774 3780 Romam
1823 3723 1987 3796 835

417 3815 552 3869 mibi
602 3815 926 3871 veniendum
971 3823 1028 3871 et
1066 3822 1120 3871 te
1167 3817 1622 3872 commonendum
1664 3817 1880 3888 putavi,
1926 3826 1987 3870 ut

415 3921 512 3962 eos
545 3908 639 3977 qui
678 3916 869 3962 contra
902 3923 988 3963 me
1014 3908 1359 3979 scripserunt
1388 3923 1719 3974 arcesseres,
1758 3917 1818 3964 ut
1859 3923 1984 3963 cum

419 3994 794 4063 advenissent,
824 3997 892 4052 de
916 3997 1132 4054 duobus
1169 3998 1278 4054 illis
1307 4013 1337 4052 a
1373 4014 1460 4055 me
1506 3998 1982 4060 convincerentur,

417 4101 542 4141 cum
599 4087 689 4141 illa
743 4088 860 4158 ipsa
914 4088 1051 4144 falsa
1095 4105 1238 4154 esse,
1269 4105 1390 4160 quae
1421 4091 1474 4144 in
1504 4105 1591 4145 me
1623 4091 1982 4160 scripserunt,

416 4187 533 4234 tum
566 4195 662 4237 eos
693 4181 871 4236 adhuc
916 4182 972 4237 in
1010 4184 1246 4253 pristino
1288 4198 1476 4238 errore
1507 4198 1854 4253 perseverare
1876 4223 1890 4248 ,
1930 4192 1985 4238 et

2092 3179 2182 3244 λος
2215 3181 2273 3233 ἐν
2302 3180 2522 3252 Χριστῷ
2550 3181 2782 3253 χαίρειν.
2831 3182 3045 3255 Ἐπειδὴ
3079 3201 3221 3248 τινες
3249 3184 3358 3238 τῶν
3388 3201 3666 3254 καταγνω-

2095 3266 2328 3322 σθέντων
2365 3267 2631 3340 πρότερον
2664 3270 2756 3323 ἐπὶ
2791 3269 2868 3341 τῷ
2915 3270 2989 3342 μὴ
3021 3271 3195 3344 ὀρθῶς
3225 3272 3524 3334 πιστεύειν,
3569 3271 3659 3334 οὓς

2091 3358 2200 3426 ἐγὼ
2229 3360 2288 3413 ἐν
2314 3361 2380 3430 τῇ
2413 3360 2553 3413 κατὰ
2583 3361 2816 3416 Νικαίαν
2845 3363 3045 3434 συνόδῳ
3075 3363 3351 3434 διήλεγξα,
3381 3365 3500 3417 κατ’
3533 3362 3662 3434 ἐμοῦ

2088 3449 2296 3518 γράψαι
2324 3452 2390 3520 τῇ
2426 3451 2706 3524 θεοσεϐείᾳ
2733 3470 2826 3506 σου
2861 3455 3185 3527 ἐτόλμησαν,
3215 3456 3290 3521 ὠς
3322 3457 3389 3511 ἂν
3421 3457 3557 3528 ἐμοῦ
3590 3459 3658 3526 μή

2087 3541 2283 3612 ὀρθῶς,
2310 3542 2445 3613 μήτε
2469 3543 2938 3614 ὲκκλησιαστικῶς
2977 3547 3317 3618 φρονοῦντος,
3351 3547 3413 3600 τὸ
3453 3547 3659 3601 ἑαυτῶν

2088 3633 2338 3704 ἔγκλημα
2378 3635 2457 3696 είς
2495 3635 2592 3705 ἐμὲ
2635 3635 2992 3706 μετατεθῆναι
3023 3636 3442 3701 σπουδάζοντεςσ
3472 3637 3658 3691 τούτου

2087 3723 2269 3777 ἕνεκεν
2291 3725 2584 3794 ἀναγκαῖον
2610 3725 2926 3798 ἡγησάμην,
2957 3728 3276 3799 ἀπαντήσας
3295 3729 3375 3790 είς
3407 3727 3507 3798 τὴν
3537 3726 3658 3780 Ῥώ-

2089 3832 2217 3886 μην,
2259 3817 2571 3888 ὑπομνῆσαί
2611 3836 2692 3883 σε,
2730 3820 2815 3872 ἵνα
2857 3821 2982 3884 τοὺς
3021 3821 3141 3874 κατ’
3183 3819 3318 3891 ἐμοῦ
3343 3820 3658 3891 γράψαντας

2088 3910 2413 3981 μεταστείλῃ
2443 3910 2582 3982 ὑπὲρ
2610 3910 2705 3964 τοῦ
2734 3912 3178 3983 ἀπαντήσαντος¹
3213 3913 3408 3976 αὐτοὺς
3435 3914 3524 3965 ἐπ’
3551 3913 3656 3983 ἀμ-

2085 4001 2331 4072 φοτέροις
2346 4002 2664 4073 ἐλεγχθῆναι
2687 4003 2778 4056 ὑπ’
2803 4002 2958 4074 ἐμοῦ,
2981 4006 3064 4058 ὅτι
3091 4021 3150 4057 τε
3175 4004 3270 4058 καὶ
3289 4003 3326 4059 ἃ
3349 4004 3654 4074 γεγράφασι

2085 4090 2204 4144 κατ’
2235 4092 2393 4162 ἐμοῦ,
2413 4093 2581 4164 ψευδῆ
2609 4094 2736 4148 ὄντα
2778 4095 3054 4165 τυγχάνει,
3091 4095 3184 4148 καὶ
3213 4097 3294 4148 ὅτι
3335 4096 3417 4148 ἔτι
3445 4097 3539 4149 καὶ
3567 4095 3656 4148 νῦν

2084 4181 2478 4253 ἐπιμένουσιτῇ
2507 4183 2712 4237 ἑαυτῶν
2739 4183 2980 4255 προτέρᾳ
2996 4183 3172 4255 πλάνῃ
3187 4199 3201 4213 ⁸
3237 4183 3331 4236 καὶ
3347 4183 3497 4236 δεινά
3519 4182 3655 4235 κατά

418 4271 638 4341 indigna
681 4273 926 4340 quaedam
973 4273 1235 4330 adversus
1288 4273 1559 4329 Ecclesias
1606 4272 1697 4328 Dei
1759 4287 1823 4326 ac
1882 4288 1983 4329 nos

2090 4288 2139 4324 τε
2177 4272 2282 4327 τῶν
2306 4272 2400 4326 τοῦ
2423 4273 2554 4326 Θεοῦ
2590 4274 2923 4346 Ἐκκλησιῶν
2957 4274 3049 4327 καὶ
3085 4275 3239 4345 ἡμῶν
3263 4274 3370 4326 τῶν
3386 4272 3655 4342 προεστώ-

418 4364 567 4430 ipsos
607 4363 825 4418 illarum
864 4366 1123 4433 prazsidcs
1152 4381 1276 4421 esse
1322 4365 1676 4419 machinatos.
1717 4363 1820 4419 Sed
1858 4379 1980 4418 cum

2090 4381 2192 4417 των
2205 4365 2387 4444 ,αὐτῶν
2405 4367 2826 4439 τετολμήκασιν.
2865 4369 3016 4422 Ἐπεὶ
3033 4369 3211 4422 τοίνυν
3231 4369 3541 4439 ἀπαντῆσαι
3561 4369 3653 4421 οὐκ

417 4450 496 4506 illi
541 4452 728 4507 venire
772 4454 1067 4520 noluerint,
1103 4455 1329 4510 tametsi
1362 4455 1705 4525 presbyteros
1738 4455 1805 4510 ad
1837 4453 1985 4524 ipsos

2090 4455 2485 4527 ἠϐουλήθησαν,
2521 4459 2937 4524 ἀποστείλαντός
2971 4477 3063 4513 σου
3099 4459 3498 4530 πρεσῦυτέρους
3522 4458 3652 4530 πρὸς

417 4541 658 4606 miseris,
693 4558 793 4614 ego
822 4559 950 4598 vero
985 4559 1131 4600 anno
1162 4545 1375 4616 integro
1401 4561 1466 4600 ac
1499 4545 1673 4600 tribus
1706 4546 1986 4602 mensibus

487 4695 508 4731 ⁸
534 4696 661 4754 Cor.
688 4696 1123 4769 ἀπαντήσαντας.

482 4844 605 4920 (55)
642 4848 1028 4920 Ἂντίγραφον
1057 4850 1406 4920 ἐπιστολῆς.
1446 4851 1627 4907 Edidit
1672 4853 1813 4907 hanc
1857 4853 1983 4907 ﬁdei

418 4918 814 4992 professionem
894 4920 1225 4992 Marcellus,
1270 4918 1588 4992 postquam
1634 4924 1703 4977 ab
1756 4925 1977 4979 Arianis

416 4989 546 5046 Sede
571 5003 669 5044 sua
695 4989 887 5059 pulsus
908 4991 1135 5062 Romam
1169 4994 1236 5046 ad
1262 4989 1466 5047 Julium
1497 5006 1688 5062 papam
1713 4993 1982 5061 confugit,

414 5062 485 5116 ab
510 5075 686 5129 coque
715 5075 822 5114 una
853 5076 976 5116 cum
1031 5060 1328 5116 Athanasio
1378 5060 1667 5118 restitutus
1714 5071 1816 5119 est.
1847 5060 1984 5120 Vide

418 5132 645 5202 Annales
674 5129 870 5185 Baron.
903 5147 993 5186 an.
1019 5130 1142 5202 54!.
1168 5132 1271 5196 Qui
1302 5133 1370 5187 de
1401 5133 1502 5188 hoc
1528 5134 1645 5202 ipso
1674 5132 1855 5189 libello
1882 5135 1985 5188 du-

418 5201 571 5265 bitat,
605 5200 725 5256 isne
763 5201 855 5259 sit.
886 5217 1047 5270 quem
1085 5199 1232 5256 .lulio
1274 5211 1389 5257 tum
1428 5199 1644 5265 obtulit,
1675 5218 1800 5257 cum
1836 5206 1890 5258 in
1919 5219 1985 5258 eo

419 5271 565 5342 nulla
603 5270 788 5342 sitfcoii
819 5271 1107 5342 ὁμοουσίου
1141 5274 1366 5326 mentio.
1399 5272 1600 5329 Verum
1635 5287 1742 5327 non
1773 5289 1988 5342 semper

332 5382 335 5385 .
419 5340 473 5411 in
504 5338 798 5411 catholica:
822 5338 944 5397 ﬁdei
969 5343 1424 5411 professionibus,
1451 5354 1544 5397 aut
1569 5343 1624 5396 in
1653 5338 1986 5398 convincen-

418 5409 505 5463 dis
550 5409 838 5473 haireticis,
893 5409 1096 5467 recenti
1145 5412 1323 5466 adhuc
1362 5413 1415 5466 in
1463 5413 1679 5466 Nicmno
1727 5413 1983 5479 concilio,

421 5484 653 5552 tessera
685 5479 773 5532 illa
801 5481 943 5552 ﬁdei
986 5497 1047 5535 ac
1082 5479 1176 5552 τοῦ
1203 5483 1488 5552 ὁμοουσίου
1520 5484 1666 5552 clara
1697 5490 1751 5537 et
1778 5483 1984 5552 diserta

421 5546 694 5624 eortfeSsio
712 5550 940 5624 solebat
967 5551 1130 5624 euigi.
1167 5546 1424 5624 Exemplo
1451 5555 1524 5607 sit
1551 5549 1764 5624 Ursacii
1792 5560 1848 5605 et
1878 5550 1984 5604 Va-

421 5615 581 5692 lentis
632 5618 846 5692 Arianae
900 5615 1153 5692 fartioitis
1202 5615 1508 5691 principum
1552 5622 1788 5692 libellus,
1816 5637 1977 5692 quem

417 5683 562 5757 Jjulio
596 5700 745 5757 papa:
777 5689 1111 5746 obtulerunt.
1151 5683 1258 5757 quo
1307 5703 1358 5746 et
1383 5683 1604 5745 ἐνι-0115
1651 5691 1732 5743 sui
1764 5683 1975 5743 veniam

419 5755 693 5823 deprecati
743 5765 890 5823 sunt,
924 5766 976 5812 et
1010 5759 1140 5813 Ario
1174 5755 1432 5816 damnato
1465 5760 1787 5814 catholicam
1821 5761 1978 5815 ﬁdem

2091 4547 2307 4615 αὐτοὺς,
2333 4549 2428 4602 καὶ
2451 4547 2624 4603 ταῦτα
2653 4549 2787 4621 ἐμοῦ
2808 4550 3049 4606 ἐνιαυτὸν
3077 4551 3170 4605 καὶ
3199 4552 3346 4622 τρεῖς
3370 4551 3526 4614 ὅλους
3555 4549 3653 4620 μῆ-

2084 4854 2336 4924 professi.
2386 4853 2578 4910 Exstat
2616 4855 2759 4924 apud
2806 4856 3166 4911 Athanasium
3215 4857 3370 4924 Apol.
3410 4856 3466 4910 ‘2.
3500 4856 3555 4911 In
3585 4873 3647 4908 eo

2083 4940 2214 5006 vero
2245 4927 2312 5006 de
2335 4925 2604 5006 ὁμοουσίιρ
2633 4927 2858 5006 verbum
2891 4928 3141 5006 nullum;
3190 4943 3326 5006 n_am_
3345 4939 3398 4982 et
3432 4929 3485 5006 in
3517 4943 3645 5006 (Eon-

2083 4996 2212 5066 cilio
2240 4995 2600 5066 Aquileiensi,
2653 4997 2707 5050 in
2733 5010 2842 5066 quo
2885 4997 3165 5051 adnitente
3207 4997 3502 5052 Ambrosio
3531 4996 3646 5049 Pal-

2084 5064 2262 5122 ladius
2290 5064 2346 5120 et
2377 5064 2766 5135 Secundianus
2789 5067 3033 5135 episcopi
3061 5066 3305 5120 damnati
3343 5076 3491 5128 sunt,
3525 5082 3644 5120 cum

2083 5142 2193 5188 tam
2227 5135 2479 5206 studiose
2515 5133 2564 5206 id
2599 5143 2789 5206 ageret
2819 5133 3264 5206 Ambrfositts,iut
3309 5137 3376 5190 ab
3408 5136 3474 5190 iis
3505 5135 3645 5189 indi-

2086 5206 2231 5257 cium
2266 5205 2482 5273 aliquod
2518 5204 2732 5258 Ariana:
2763 5205 3125 5274 professionis
3147 5205 3386 5269 eliceret,
3422 5206 3646 5272 idecque

2087 5273 2256 5328 variis
2291 5275 2812 5344 interrogationibus
2840 5277 3155 5335 lacesseret.
3189 5276 3395 5328 nullam
3427 5276 3640 5328 consub-

2087 5345 2360 5398 stantialis
2391 5345 2718 5415 mentionem
2757 5345 2954 5415 attigit,
3003 5344 3098 5399 sed
3127 5346 3240 5399 haec
3273 5353 3481 5398 tantum
3507 5359 3642 5398 com-

2087 5415 2304 5478 munia;
2357 5413 2552 5482 ecquid
2600 5412 2771 5468 Filius
2805 5412 3145 5478 immortalis,
3179 5415 3353 5469 bonus
3388 5429 3452 5467 ac
3491 5429 3644 5468 verus

2086 5493 2252 5545 esset,
2285 5499 2350 5538 ac
2372 5483 2581 5552 reliqua
2612 5485 2826 5553 generis
2853 5485 3120 5553 ejusdem.
3141 5483 3450 5549 Quinetiam
3480 5484 3640 5553 Atha-

2086 5553 2580 5624 nasiiASymbolum
2608 5552 2731 5607 rum
2760 5555 2830 5624 sit
2859 5552 3102 5619 qua-dam
3136 5554 3258 5609 lidei
3287 5555 3554 5623 expositio
3578 5552 3640 5606 ab

2085 5638 2150 5696 eo
2187 5621 2352 5696 edita.
2387 5621 2601 5696 quiue
2627 5623 2908 5696 opoot'ictov
2948 5624 3212 5696 acerrime
3259 5621 3637 5696 propugnaret,

2084 5691 2326 5762 ejusdem
2361 5693 2605 5748 vocabuli
2637 5691 2964 5749 mentionem
2990 5693 3190 5750 omisit.
