3990 6228
342 373 447 431 385

970 362 1333 422 ADVERSUS
1364 360 1705 419 IIIERESES
1742 361 1869 418 LIB.
1903 362 1914 417 1

2025 360 2188 415 ΤΟΜ.
2220 360 2331 416 1.-
2352 359 2626 414 “ASINIS.
2671 356 2879 411 LXXII.

3466 360 3575 419 386

341 506 433 552 νας
464 491 525 541 ὲν
552 489 617 557 τῇ
655 483 839 556 Ῥώμῃ
866 482 1246 554 πεποιηκότος,
1275 482 1568 548 ἀναγκαῖον
1594 480 1906 551 ἡγησάμην,

2016 475 2196 529 Roma:
2226 480 2590 528 commoratus
2622 484 2837 535 tueruu,
2871 469 3173 521 faciendum
3226 469 3355 523 mihi
3401 473 3579 527 enmi-

341 580 550 649 μέλλων
582 578 828 629 ἐντεῦθεν
858 576 1080 640 ἐξιέναι,
1125 574 1397 643 ἕγγραφόν
1433 589 1512 624 σοι
1541 572 1640 644 τὴν
1668 568 1904 641 ἐμαυτοῦ

336 673 521 725 πίστιν
543 669 681 739 μετὰ
700 670 877 737 πάσης
902 666 1155 735 ἀληθείας
1182 667 1246 735 τῇ
1270 664 1506 733 ἐμαυτοῦ
1530 664 1672 734 χειρὶ
1691 662 1906 733 γράψας

336 763 632 824 ἐπιδοῦναι,
655 760 719 830 ἦν
748 758 966 827 ἔμαθον,
989 757 1051 808 ἐκ
1071 773 1129 808 τε
1163 755 1270 807 τῶν
1297 755 1450 807 θείων
1479 753 1708 825 Γραφῶν
1737 752 1906 806 ἐδιδά-

334 856 491 924 χθην,
512 851 730 905 καὶτῶν
754 849 934 911 κακῶς
963 848 1053 900 ὑπ’
1070 847 1246 899 αὑτῶν
1271 846 1576 915 λεγομένων
1599 843 1907 912 ὑπομνῆσαι

336 962 420 1004 σε,
450 944 537 997 ἵνα
561 942 722 1012 γνῷς.
755 937 833 998 οἷς
860 942 1129 1011 χρώμενοι
1152 938 1286 1008 πρὸς
1320 938 1533 1005 ἀπάτην
1554 935 1660 989 τῶν
1689 933 1908 988 ἀκουόν-

333 1052 444 1087 των
470 1035 669 1101 λόγοις,
701 1033 797 1102 τὴν
825 1032 1079 1101 ἀλήθειαν
1114 1030 1373 1101 κρύπτειν
1398 1029 1694 1099 βούλονται.

406 1293 543 1345 Φασὶ
580 1292 687 1362 γὰρ
728 1291 801 1360 μὴ
840 1290 969 1343 ἴδιον
1009 1290 1102 1342 καὶ
1133 1289 1379 1358 ἀληθινδν
1420 1288 1589 1356 Λόγον
1634 1283 1770 1341 εἶναι
1813 1287 1905 1341 τοῦ

338 1384 778 1453 παντοκράτορος
807 1381 941 1432 Θεοῦ
980 1380 1071 1431 τὸν
1102 1380 1228 1431 Υίὺν
1261 1378 1349 1430 τὸν
1384 1378 1585 1449 Κύριον
1618 1377 1773 1449 ἡμῶν
1805 1379 1909 1448 Ἰη-

340 1476 469 1529 σοῦν
519 1474 769 1545 Χριστὸν,
820 1472 933 1526 ἀλλ’
983 1472 1166 1541 ἕτερον
1210 1469 1372 1523 αὑτοῦ
1417 1471 1582 1537 Λόγον
1616 1465 1774 1534 εἶναι,
1817 1470 1909 1522 καὶ⁵

338 1570 536 1640 ἑτέραν
581 1566 771 1635 σοφίαν
814 1566 905 1618 καὶ
946 1563 1196 1633 δύναμιν.
1266 1561 1464 1613 Τοῦτον
1498 1560 1784 1630 γενόμενον
1818 1560 1908 1612 ὑπ’

339 1660 508 1716 αὑτοῦ
546 1656 855 1727 ὠνομάσθαι
905 1655 1109 1723 Λόγον,
1151 1653 1243 1705 καὶ
1282 1652 1489 1721 σοφίαν,
1533 1652 1625 1705 καὶ
1663 1651 1906 1721 δύναμιν.

342 1752 457 1806 Kal.
494 1750 579 1803 διὰ
620 1749 681 1801 τὸ
724 1747 894 1809 οὕτως
930 1745 1125 1806 αὐτοὺς
1163 1745 1396 1814 φρονεῖν,
1426 1742 1589 1812 ἄλλην
1620 1742 1909 1796 ὑπόστασιν

2005 581 2076 620 no
2119 566 2327 629 censui,
2392 571 2449 616 ut
2485 570 2772 630 antequam
2819 561 2942 611 hine
2996 559 3387 627 proﬁciscerer,
3441 577 3577 618 mea:

2005 655 2127 709 fidei
2179 653 2572 724 professionem
2626 651 2721 703 tibi
2793 650 3001 704 sincere
3051 659 3213 719 atque
3264 665 3327 704 ex
3392 652 3577 706 animo

2006 758 2234 812 meaque
2285 756 2447 794 manu
2495 740 2852 809 perscriptum
2895 740 3142 793 oﬂerrcm
3176 760 3188 793 :
3224 741 3437 809 qualem
3490 742 3576 795 di-

2006 834 2135 896 dici,
2169 840 2331 901 atque
2364 847 2430 885 ex
2465 831 2666 885 divinis
2716 829 2936 882 Litteris
2976 845 3094 883 sum
3133 830 3380 895 edoctus,
3423 841 3476 887 et
3515 840 3576 888 ut

2005 921 2059 975 in
2092 920 2404 974 memoriam
2444 920 2535 973 tibi
2563 932 2869 971 revocat-em
2914 933 3032 987 qua‘
3061 934 3337 988 perperam
3372 922 3438 975 ab
3468 922 3575 976 illis

2008 1020 2373 1066 asseruntur:
2405 1027 2469 1065 ex
2518 1010 2716 1080 quibus
2749 1010 3107 1079 intelligeres,
3144 1010 3467 1079 quibusnam
3499 1011 3568 1065 ad

2007 1101 2290 1155 auditores
2332 1099 2682 1168 decipiendos
2713 1098 2972 1153 adhibitis
3002 1099 3344 1155 sermonibus
3365 1101 3565 1154 verita-

2010 1202 2115 1246 tem
2140 1193 2414 1245 occultare
2439 1202 2720 1244 conantur.
3283 1194 3291 1203 ‘

2079 1283 2137 1334 in
2172 1282 2358 1350 primis
2390 1281 2533 1335 enim
2557 1290 2754 1349 negant
2788 1280 3076 1333 Dominum
3111 1289 3357 1334 nostrum
3390 1280 3574 1336 Jesum

2007 1372 2282 1426 Christum
2308 1372 2583 1441 proprium
2617 1386 2680 1424 ac
2713 1387 2898 1425 verum
2925 1369 3017 1424 Dei
3043 1374 3428 1440 omnipotentis
3451 1388 3573 1426 esse

2010 1461 2269 1525 Verbum,
2309 1464 2401 1517 sed
2452 1462 2596 1515 aliud
2644 1462 2813 1531 ipsius
2839 1477 2959 1516 esse
2982 1460 3240 1526 Verbum,
3285 1464 3442 1517 aliam
3485 1479 3576 1517 sa»

2010 1553 2268 1624 pientiam
2302 1560 2355 1607 et
2403 1553 2656 1607 virtutem
2700 1567 2822 1606 esse
2860 1552 3182 1622 prredicant.
3225 1552 3380 1607 Illum
3425 1571 3575 1621 vero,

2011 1655 2297 1715 postquam
2330 1645 2383 1698 in
2418 1644 2591 1699 lucem
2618 1644 2689 1697 sit
2725 1643 2925 1708 editus,
2972 1645 3041 1697 ab
3081 1645 3198 1713 ipso
3234 1643 3489 1711 Verbum,
3522 1654 3577 1699 et

2015 1739 2337 1809 sapientiam
2397 1736 2757 1805 virtutemque
2811 1726 3172 1794 nominatum.
3238 1735 3393 1801 Quod
3450 1751 3575 1790 cum

342 1841 640 1895 διεστῶσαν
668 1838 761 1892 τοῦ
795 1837 1007 1906 Πατρὸς
1039 1830 1175 1888 εἷναί
1214 1853 1394 1904 φασιν.
1452 1836 1571 1887 ’Έτι
1608 1833 1788 1904 μέντοι
1821 1836 1912 1886 καὶ

2016 1830 2271 1891 sentiant,
2304 1827 2464 1881 aliam
2496 1841 2526 1879 a
2550 1824 2711 1881 Patre
2761 1826 3029 1880 diversam
3078 1826 3407 1896 hypostasim
3454 1841 3578 1882 esse

338 1931 716 2003 προϋπάρχειν
758 1927 1009 1981 τοῦΥίοῦ
1045 1927 1136 1979 τὸν
1173 1925 1408 1995 Πατέρα,
1450 1925 1515 1976 δι’
1548 1916 1621 1976 ὧν
1668 1923 1907 1994 γράφου-

340 2042 448 2087 σιν,
491 2022 875 2092 ἀποφαίνονται
924 2019 998 2090 μὴ
1037 2016 1175 2072 εἶναι
1221 2017 1382 2071 αὑτὸν
1419 2015 1632 2087 ἀληθῶς
1680 2014 1796 2066 re»
1846 2014 1911 2065 ἐκ

337 2116 435 2168 τοῦ
475 2114 644 2167 Θεοῦ·
688 2112 819 2165 ἀλλὰ
863 2111 963 2165 κᾶν
1009 2111 1255 2178 λέγουσιν
1294 2112 1358 2162 ὲκ
1393 2108 1485 2161 τοῦ
1524 2106 1689 2168 Θεοῦ,
1739 2105 1912 2167 οὑτως

338 2204 591 2271 λέγουσιν
646 2204 719 2262 ὼς
775 2202 914 2254 κατᾶ
965 2201 1160 2251 πάντα.
1230 2198 1350 2250 Ἔτι
1402 2196 1522 2267 ,μὴν
1566 2195 1658 2247 καὶ
1713 2195 1793 2246 ὅτι
1842 2188 1910 2262 ἦν

338 2314 496 2360 ποτε,
527 2297 613 2347 ὅτε
660 2295 757 2346 οὑκ
793 2290 879 2364 ἦν,
931 2292 1106 2361 λέγειν
1136 2290 1373 2361 τολμῶσι
1396 2306 1409 2318 °
1453 2288 1546 2341 καὶ
1578 2286 1778 2355 κτίσμα
1810 2285 1908 2337 αὑ-

339 2387 435 2439 τὸν
478 2388 571 2439 καὶ
618 2386 823 2456 ποίημα
870 2381 1026 2448 εἶναι,
1073 2383 1395 2455 διορίζοντες
1456 2379 1617 2433 αὑτὸν
1669 2375 1776 2429 ἀπὸ
1815 2374 1908 2427 τοῦ

340 2477 579 2546 Πατρός.
637 2476 775 2540 Τοὺς
819 2470 910 2529 οὖν
951 2474 1121 2528 ταῦτα
1171 2473 1424 2539 λέγοντας
1466 2467 1772 2538 ἀλλοτρίους
1814 2465 1910 2536 τῆς

340 2572 636 2639 καθολικῆς
690 2567 1013 2638 Ἐκκλησίας
1055 2562 1192 2619 εἶναι
1231 2563 1615 2630 πεπίστευμαι.
1666 2557 1912 2612 Πιστεύω

341 2664 403 2718 δὲ
438 2662 701 2732 ἑπόμενος
735 2662 852 2722 ταῖς
890 2657 1061 2721 θείαις
1100 2657 1356 2727 Γραφαίς,
1407 2655 1488 2707 ὅτι
1521 2647 1598 2715 εἷς
1632 2649 1782 2713 Θεὸς,
1818 2648 1912 2702 καὶ

340 2753 373 2806 ὁ
419 2751 605 2805 τούτου
644 2749 933 2819 μονογενὴς
966 2747 1092 2808 Υἱὸς
1150 2745 1339 2812 Λόγος,
1376 2744 1404 2795 ὁ
1435 2741 1521 2793 ἀεὶ
1557 2738 1911 2808 συνυπάρχων

340 2841 425 2911 τῷ
452 2840 645 2912 Πατρὶ,
671 2839 763 2892 καὶ
791 2835 1144 2908 μηδεπώποτε
1173 2835 1344 2905 ἀρχὴν
1364 2832 1456 2884 τοῦ
1483 2827 1617 2883 εἶναι
1644 2828 1910 2899 ἐσχηκὼς,

344 2932 562 3003 ἀληθῶς
594 2934 655 2983 ἐκ
681 2928 775 2983 τοῦ
808 2928 942 2982 Θεοῦ
972 2927 1250 2996 ὑπάρχων,
1280 2926 1341 2977 οὑ
1380 2922 1635 2986 κτισθεὶς,
1663 2922 1722 2973 οὑ
1754 2937 1911 2989 ποιη-

346 3023 483 3085 θεὶς,
526 3021 657 3074 ἀλλὰ
697 3019 783 3073 ἀεὶ
822 3019 918 3084 ὣν,
968 3018 1054 3070 ἀεὶ
1094 3014 1501 3086 συμϐασιλεύων
1545 3011 1620 3081 τῷ
1657 3010 1775 3081 Θεῴ
1821 3012 1914 3063 καὶ

346 3113 545 3183 “arpi,
569 3107 639 3165 οὗ
668 3111 770 3179 τῆς
795 3108 1136 3173 βασιλείας,
1172 3106 1310 3159 κατὰ
1355 3106 1452 3175 τὴν
1487 3102 1578 3156 τοῦ
1620 3101 1913 3156 ἀποστόλου

2013 1918 2160 1972 illum
2189 1916 2518 1973 existimant.
2554 1914 2815 1970 Praeterea
2846 1914 3063 1968 Patrem
3095 1922 3219 1967 ante
3249 1912 3447 1968 Filium
3481 1930 3577 1969 ex-

2011 2009 2224 2071 sistere,
2273 2022 2339 2062 ex
2390 2007 2474 2061 his
2513 2022 2633 2076 quae
2662 2007 2911 2061 scribunt
2951 2005 3237 2061 manifeste
3264 2006 3577 2073 declarant;

2022 2113 2123 2152 nec
2147 2098 2325 2166 ipsum
2359 2112 2485 2152 vere
2514 2112 2636 2151 esse
2664 2095 2883 2160 Filium,
2908 2112 2937 2151 a
2966 2096 3127 2151 Patre
3150 2098 3529 2167 procedentem
3559 2115 3575 2152 :

2024 2189 2117 2243 sed
2149 2191 2248 2244 etsi
2278 2204 2308 2242 a
2343 2187 2450 2243 Deo
2480 2203 2600 2243 esse
2628 2188 2832 2253 dicant,
2863 2188 3086 2258 perinde
3118 2188 3269 2241 illum
3302 2188 3574 2241 arbitran-

2012 2290 2098 2335 tur
2142 2294 2205 2333 ac
2252 2288 2444 2334 caetera
2505 2279 2686 2331 omnia
2746 2287 2927 2331 creata
2971 2277 3261 2346 proficisci.
3304 2278 3385 2333 Ad
3438 2279 3575 2342 11330,

2012 2371 2181 2425 fuisse
2206 2370 2521 2439 aliquando,
2547 2384 2671 2422 cum
2704 2369 2942 2423 nondum
2976 2378 3142 2430 esset,
3178 2368 3444 2424 aiiirmare
3465 2385 3575 2424 non

2011 2463 2299 2516 dubitant:
2340 2459 2580 2527 adeoque
2626 2468 2931 2510 creaturam
2991 2466 3043 2512 et
3102 2458 3377 2527 opiﬁcium
3423 2473 3577 2523 esse;

2011 2567 2169 2621 quem
2195 2551 2357 2604 etiam
2400 2564 2428 2602 a
2473 2547 2632 2602 Patre
2671 2547 2984 2616 sejunguut.
3042 2546 3153 2616 Ego
3181 2562 3309 2601 vero
3336 2548 3427 2617 qui
3463 2547 3577 2602 haec

2012 2649 2264 2698 asserunt
2291 2641 2359 2695 ab
2388 2639 2629 2693 Ecclesia
2658 2638 2925 2691 catholica
2957 2638 3162 2691 alienos
3188 2653 3311 2692 esse
3341 2654 3570 2706 persua-

2015 2749 2133 2787 sum
2167 2732 2364 2785 habco.
2419 2726 2554 2783 Tum
2604 2730 2780 2784 sacris
2835 2727 3057 2782 Litteris
3107 2716 3379 2783 inlimrens
3410 2729 3579 2782 credo

2014 2839 2180 2877 unum
2214 2839 2339 2878 esse
2371 2821 2536 2876 Deum
2567 2830 2619 2874 et
2653 2821 2992 2889 unigenitum
3034 2820 3153 2888 ejus
3201 2820 3396 2874 Filium
3453 2821 3580 2873 Ver-

2013 2915 2164 2976 bum,
2191 2915 2281 2983 qui
2306 2928 2428 2966 cum
2461 2911 2619 2965 Patre
2645 2926 2858 2979 semper
2887 2910 3123 2975 exsistit,
3151 2926 3249 2963 nec
3273 2909 3575 2963 exsisteudi

2013 3006 2228 3059 initium
2263 3004 2428 3056 ullum
2464 3018 2699 3071 unquam
2735 3000 2925 3054 habuit
2954 3018 2966 3053 :
2997 2998 3136 3052 idetn
3179 3014 3364 3053 revera
3404 3014 3433 3050 a
3471 2997 3578 3051 Deo

2016 3096 2333 3163 procedens,
2367 3109 2472 3147 non
2501 3102 2739 3155 creatus,
2790 3106 2897 3144 non
2936 3090 3136 3153 iactus,
3174 3090 3267 3143 sed
3305 3091 3576 3144 exsistens

349 3171 680 3275 μαρτυρίαν,
843 3201 1011 3254 ἔσται
1042 3171 1233 3263 τέλος.
1268 3171 1431 3259 Οὗτος
1458 3195 1604 3257 Υίὸς,
1636 3188 1786 3256 οὗτος
1824 3192 1912 3244 δύ-

2017 3199 2248 3253 scmper,
2270 3199 2331 3237 ac
2357 3198 2479 3237 cum
2518 3182 2624 3236 Deo
2650 3182 2806 3234 Patre
2839 3189 3100 3250 perpetuo
3134 3195 3385 3249 regnans,
3425 3180 3574 3247 cujus

346 3312 535 3364 ναμις,
565 3288 714 3355 οὗτος
748 3292 928 3361 σοφία,
955 3283 1107 3351 οὗτος
1146 3288 1274 3351 ἴδιος
1321 3287 1415 3339 καὶ
1443 3286 1644 3356 ἀληθὴς
1665 3284 1755 3337 τοῦ
1780 3282 1912 3335 Θεοῦ

346 3384 542 3451 Λόγος,
576 3384 604 3435 ὁ
648 3380 849 3451 Κύριος
886 3379 1043 3449 ἡμῶν
1088 3374 1296 3447 Ἰησοῦς
1327 3373 1579 3446 Χριστὸς,
1613 3372 1914 3441 ἀδιαίρετος

344 3477 578 3545 δύναμις
607 3472 698 3525 τοῦ
726 3470 879 3534 Θεοῦ,
921 3471 988 3522 δι’
1020 3463 1080 3522 οῦ
1109 3467 1178 3520 τὰ
1209 3466 1384 3519 πάντα
1423 3462 1493 3515 τὰ
1525 3462 1789 3532 γενόμενα
1821 3459 1914 3526 γέ-

344 3584 509 3636 ¹γονε,
545 3563 726 3627 καθὼς
762 3564 824 3615 τὸ
860 3560 1187 3629 Εὑαγγέλιον
1231 3559 1517 3629 μαρτυρεῖ,
1561 3553 1747 3620 λέγον·
1816 3551 1917 3603 Ἐν

345 3654 508 3724 ἀρχῇ
540 3651 618 3725 ἦν
646 3656 677 3706 ό
704 3654 914 3717 Λόγος,
940 3649 1037 3704 καὶ
1062 3652 1094 3703 ὁ
1126 3648 1315 3717 Λόγος
1338 3642 1416 3717 ἦν
1444 3644 1591 3713 πρὸς
1616 3642 1722 3695 τὸν
1747 3640 1914 3702 Θεὸν,

347 3749 451 3802 καὶ
483 3746 625 3812 Θεὸς
652 3741 737 3815 ἦν
775 3748 807 3797 ὁ
836 3744 1044 3812 Λόγος.
1096 3740 1295 3795 Πάντα
1327 3737 1399 3790 δι’
1430 3735 1614 3790 αὐτοῦ
1644 3732 1877 3801 ἐγένετο
1900 3746 1912 3759 ’

348 3840 451 3893 καὶ
479 3838 654 3906 χωρίς
692 3834 875 3889 αὐτοῦ
915 3833 1148 3901 ἐγένετο
1191 3829 1331 3883 οὺδέ
1365 3828 1452 3881 ἐν.
1507 3820 1672 3886 Οὗτός
1702 3826 1845 3875 ἐστιν
1890 3821 1917 3872 ὁ

349 3933 546 3999 Λόγος,
570 3928 696 3998 περὶ
725 3922 784 3981 οῦ
808 3926 901 3979 καὶ
923 3925 1134 3985 Λουκᾶς
1157 3923 1185 3975 ὁ
1213 3918 1599 3988 εὑαγγελιστὴς
1633 3916 1918 3987 μαρτυρεῖ,

348 4018 755 4091 λέγων’Καθὼς
767 4016 1114 4085 παρέδωκαν
1126 4013 1269 4083 ἡμῖν
1279 4015 1332 4065 οἱ
1346 4009 1622 4079 ἀπαρχῆς
1634 4008 1921 4061 αὐτόπται

352 4113 455 4167 καὶ
472 4111 755 4178 ὑπηρέται
778 4108 1082 4177 γενόμενοι
1098 4104 1202 4158 τοῦ
1218 4105 1429 4171 Λόγου.
1472 4101 1606 4171 Περὶ
1622 4099 1809 4151 τούτου
1828 4098 1921 4150 καὶ

352 4202 519 4256 Δαὸὶδ
547 4200 678 4269 ἔφη·
714 4196 1103 4264 Ἐξηρεύξατο
1127 4195 1164 4261 ἡ
1192 4193 1405 4260 καρδία
1431 4208 1547 4259 μου
1566 4191 1757 4256 Λόγον
1781 4188 1921 4255 ἁγα-

351 4295 483 4350 Οόν.
519 4290 673 4344 υὺτω
702 4290 795 4341 καὶ
825 4289 851 4338 ὁ
874 4286 1074 4355 Κύριος
1097 4282 1251 4353 ἡμῶν
1280 4281 1489 4351 Ἰησοῦς
1516 4278 1747 4350 Χριστὸς
1773 4277 1921 4346 ἡμᾶς

351 4382 594 4435 διδάσκει
625 4378 709 4432 διὰ
752 4376 840 4430 τοῦ
870 4373 1220 4443 Εὑαγγελίου,
1264 4371 1463 4439 λέγων’
1536 4367 1679 4437 Ἐγὼ
1714 4367 1781 4420 ἐκ
1815 4364 1921 4418 τοῦ

352 4470 586 4536 Παῖρός
614 4466 892 4533 ἐξῆλθον,
918 4462 1014 4517 καὶ
1044 4462 1185 4529 ἥκω.
1218 4454 1402 4521 Οὗτος,
1440 4458 1524 4509 ἐπ’
1553 4455 1792 4525 ἐσχάτων
1814 4452 1921 4505 τῶν

357 4560 583 4634 ἡμερῶν
611 4555 882 4612 κατελθὼν
924 4554 1012 4607 διὰ
1046 4552 1142 4622 τὴν
1185 4550 1454 4621 ἡμετέραν
1490 4546 1776 4617 σωτηρίαν,
1824 4543 1917 4596 καὶ⁹

357 4656 427 4705 ὲκ
466 4652 566 4721 τῆς
606 4648 879 4720 Παρθένου
916 4644 1133 4715 Μαρίας
1172 4641 1473 4711 γεννηθεὶς,
1501 4639 1591 4691 τὸν
1634 4636 1918 4707 ἄνθρωπον

353 4743 535 4798 ἔλαϐε.

417 4921 492 4972 Γ’.
514 4916 759 4978 Πιστεύω
776 4910 866 4967 οὖν
886 4914 963 4975 εἰς
980 4910 1112 4962 Θεὸν
1132 4906 1562 4977 παντοκράτορα,
1584 4903 1678 4957 καὶ
1700 4904 1778 4966 εἰς
1801 4903 1926 4973 Χρι-

356 5010 483 5061 στὸν
507 5006 710 5076 Ἰησοῦν
739 5004 828 5056 τὸν
844 5002 969 5054 Υἱὸν
988 4998 1150 5054 αὑτοῦ
1183 4998 1272 5050 τὸν
1297 4997 1579 5067 μονογενῆ,
1600 4994 1690 5046 τὸν
1720 4991 1923 5063 Κύριον

355 5098 392 5161 ἠ
401 5095 517 5165 μῶν
527 5134 539 5152 .
554 5094 641 5145 τὸν
654 5089 981 5160 γεννηθέντα
994 5091 1057 5141 ὲκ
1070 5085 1384 5156 Πνεύματος
1396 5083 1554 5151 ἁγίου
1564 5123 1578 5146 ,
1599 5083 1693 5134 καὶ
1707 5081 1924 5151 Μαρίας

355 5185 457 5252 τῆς
482 5181 777 5252 Παρθένου,
801 5178 891 5231 τὸν
906 5178 997 5229 ἐπὶ
1016 5175 1239 5229 Ποντίου
1264 5172 1495 5227 Πιλάτου
1520 5170 1921 5241 σταυρωθέντα,

360 5276 455 5328 καὶ
487 5272 744 5340 ταφέντα,
775 5270 868 5321 καὶ
892 5270 958 5339 τῇ
983 5267 1137 5338 τρίτῃ
1166 5264 1347 5337 ἡμέρᾳ
1374 5262 1681 5317 ἀναστάντα
1719 5262 1783 5312 ὲκ
1815 5258 1923 5312 τῶν

359 5366 591 5438 νεκρῶν,
619 5364 891 5418 ἀναϐάντα
912 5362 991 5422 είς
1020 5358 1145 5420 τοὺς
1168 5356 1446 5426 οὐρανοὺς,
1480 5353 1574 5406 καὶ
1616 5350 1923 5421 καθήμενον

360 5459 421 5512 ιν
441 5456 589 5526 δεξιᾷ
613 5453 705 5507 τοῦ
726 5451 958 5523 Πατρὸς,
987 5449 1107 5502 ὅθεν
1134 5447 1347 5517 ἔρχεται
1371 5444 1575 5515 κρίνειν
1601 5442 1805 5507 ζῶντας
1829 5440 1924 5493 καὶ

362 5546 618 5619 νεκρούςο
655 5544 750 5597 καὶ
771 5545 848 5606 είς
874 5541 934 5595 τὺ
955 5539 1108 5607 ἆγιον
1120 5535 1361 5605 Πνεῦμα,
1389 5534 1550 5603 ἁγίαν
1576 5531 1920 5600 Ἐκκλησίαν,

2014 3277 2175 3346 regni,
2209 3282 2267 3328 ut
2309 3282 2539 3328 testatur
2581 3273 2860 3342 apostolus
2888 3312 2902 3335 ,
2954 3288 3055 3325 non
3105 3271 3202 3324 erit
3247 3271 3365 3338 linis
3399 3270 3437 3322 ¹.
3481 3268 3581 3323 llic

2014 3362 2129 3431 ipse
2170 3360 2359 3426 Filius,
2413 3362 2527 3430 ipse
2570 3364 2764 3423 virtus,
2816 3362 2929 3429 ipse
2973 3360 3260 3429 sapientia,
3295 3361 3409 3427 ipse
3449 3373 3577 3428 pro-

2014 3456 2190 3523 prium
2243 3467 2541 3521 verumque
2608 3451 2701 3505 Dei
2759 3450 3027 3515 Verbum,
3081 3450 3342 3504 Dominus
3394 3457 3580 3503 noster

2017 3544 2180 3598 Jcsus
2259 3544 2545 3605 Christus,
2597 3541 2827 3595 indivisa
2878 3540 2968 3594 Dei
3018 3540 3230 3594 virtus:
3265 3555 3358 3609 per
3418 3555 3579 3609 quem

2016 3642 2198 3689 creata
2228 3633 2407 3687 omnia
2441 3631 2705 3701 producta
2748 3642 2893 3694 sunt,
2931 3638 2989 3683 ut
3026 3630 3192 3700 836
3230 3629 3579 3700 Evangelium

2018 3725 2192 3777 docet.
2257 3721 2316 3775 In
2348 3722 2625 3789 principio,
2674 3721 2869 3789 inquit,
2904 3729 3019 3773 erat
3064 3718 3305 3783 Verbum,
3358 3728 3406 3771 et
3457 3719 3584 3771 Ver-

2019 3814 2137 3865 bum
2159 3822 2267 3866 erat
2304 3811 2440 3880 apud
2472 3810 2658 3874 Deum,
2714 3820 2761 3862 et
2787 3808 2924 3862 Deus
2951 3817 3064 3861 erat
3105 3806 3348 3861 Verbum.
3388 3806 3581 3862 Omnia

2017 3919 2105 3972 per
2138 3904 2306 3970 ipsum
2333 3902 2476 3971 facta
2510 3908 2664 3963 sunt;
2686 3909 2733 3951 et
2758 3900 2871 3953 sine
2898 3900 3007 3966 ipso
3040 3898 3239 3966 factum
3280 3907 3355 3950 est
3392 3899 3576 3951 nihil'.

2020 3992 2133 4047 Hoc
2162 3992 2378 4046 demum
2408 3990 2648 4045 Verbum
2686 3996 2790 4053 est,
2825 3989 2890 4042 de
2923 4004 3029 4061 quo
3056 3988 3231 4042 Lucas
3253 3989 3578 4056 evangelista

2018 4092 2284 4139 testatur:
2324 4081 2495 4145 Sicut,
2536 4081 2731 4150 inquit,
2770 4080 3102 4132 tradiderunt
3151 4080 3334 4139 nobis,
3383 4080 3469 4149 qui
3513 4083 3576 4135 ab

2021 4175 2171 4226 initio
2227 4173 2542 4240 inspectores
2607 4178 2655 4222 et
2717 4169 2948 4221 ministri
3010 4168 3155 4235 fuere
3224 4167 3378 4220 Verbi
3404 4168 3440 4221 '.
3499 4165 3575 4218 Ad

2021 4261 2268 4317 euuzdem
2314 4262 2479 4314 etiam
2530 4260 2697 4313 David
2740 4259 3002 4329 respexit,
3052 4275 3174 4313 cum
3224 4260 3297 4312 ita
3343 4258 3583 4312 cecinit:

2024 4352 2300 4405 Eructavit
2337 4368 2423 4404 cor
2456 4366 2624 4404 meum
2665 4348 2886 4402 Verbum
2924 4347 3113 4401 bonum
3138 4350 3178 4400 ⁸.
3207 4347 3296 4403 Sic
3326 4358 3378 4403 et
3404 4347 3586 4401 Domi-

2026 4458 2130 4496 nus
2175 4450 2363 4495 noster
2408 4438 2566 4495 Jcsus
2615 4438 2868 4494 Christus
2916 4438 2972 4491 in
3022 4438 3313 4507 Evangelia
3350 4454 3449 4493 nos
3483 4438 3585 4490 do-

2027 4534 2139 4586 cuit
2164 4552 2175 4586 :
2212 4530 2343 4599 Ego,
2372 4531 2563 4600 inquit,
2598 4547 2629 4581 a
2684 4528 2845 4581 Patre
2874 4529 3029 4592 exivi,
3056 4538 3104 4581 et
3131 4532 3273 4581 venio
3292 4528 3334 4580 ⁸.
3371 4527 3471 4581 Hic
3501 4536 3587 4581 est

2027 4625 2120 4694 qui
2176 4624 2467 4693 postremis
2522 4621 2859 4692 temporibus
2922 4630 3123 4675 nostrae
3173 4621 3365 4675 salutis
3416 4621 3591 4689 gratia

2026 4715 2362 4770 descendens
2400 4722 2453 4769 et
2484 4731 2550 4769 ex
2588 4712 2809 4783 Virgine
2842 4710 3008 4764 Maria
3035 4713 3274 4781 genitus,
3308 4712 3585 4765 hominem

2032 4806 2295 4875 suscepit.
3356 4790 3359 4791 ⁷

2107 4898 2190 4952 Ill.
2229 4898 2404 4952 Credo
2435 4897 2599 4966 igitur
2633 4896 2686 4949 in
2723 4895 2889 4949 Deum
2944 4894 3391 4962 omnipotentem,
3437 4900 3489 4945 ct
3535 4891 3588 4943 in

2027 4990 2305 5044 Christum
2352 4987 2537 5043 Jesum
2564 4988 2737 5056 ipsius
2779 4986 2970 5039 Filium
3020 4987 3358 5055 unigenitum
3404 4981 3591 5035 Domi-

2028 5094 2157 5131 num
2206 5084 2480 5141 nostrum,
2511 5078 2751 5146 genitum
2772 5076 2853 5129 ,dc
2894 5073 3099 5146 Spiritu
3129 5082 3317 5128 sancto
3341 5080 3395 5125 et
3426 5069 3590 5122 Maria

2029 5167 2286 5238 Virgine,
2337 5167 2431 5237 qui
2475 5167 2578 5221 sub
2614 5164 2809 5219 Pontio
2850 5164 3022 5218 Pilato
3066 5163 3363 5216 cruciﬁxus
3409 5167 3492 5212 est
3540 5167 3593 5211 et

2026 5259 2289 5327 sepultus,
2317 5265 2368 5310 ct
2396 5257 2547 5312 tertia
2585 5255 2673 5311 die
2711 5255 3009 5310 resurrexit
3039 5267 3068 5305 λ
3094 5252 3365 5314 mortuis;
3401 5263 3593 5303 ascen-

2030 5350 2108 5404 dit
2137 5349 2191 5401 in
2224 5348 2443 5410 cmlum,
2475 5356 2528 5401 et
2555 5347 2707 5401 sedet
2759 5346 2825 5399 ad
2878 5346 3152 5399 dexteram
3202 5340 3380 5395 Patris
3409 5355 3422 5392 :
3453 5338 3596 5391 unde

2031 5446 2292 5494 venturus
2332 5445 2415 5492 est
2439 5437 2687 5506 judicare
2717 5436 2867 5487 vivos
2894 5441 2950 5486 et
2982 5437 3260 5492 mortuos;
3297 5434 3346 5481 et
3380 5426 3434 5478 in
3473 5422 3596 5494 Spi-

2030 5530 2196 5585 ritum
2244 5540 2522 5592 sanctum,
2568 5534 2810 5583 sanctam
2858 5522 3179 5587 Ecclesiam,
3218 5518 3596 5575 remissionem

444 5728 618 5785 'Luc.
641 5745 682 5796 ι,
705 5727 775 5781 55
872 5727 893 5759 ³
929 5721 1089 5778 Joau.
1118 5734 1156 5785 1,
1184 5719 1234 5773 3.
1314 5717 1333 5749 ³
1366 5716 1496 5769 Luc.
1524 5732 1561 5779 l,
1596 5717 1640 5769 l.
1718 5715 1739 5746 ⁸
1764 5713 1908 5767 Psal.
1945 5728 2085 5775 κων,
2116 5711 2169 5764 9..
2246 5713 2265 5743 ⁵
2295 5709 2322 5765 J
2347 5727 2447 5763 van.
2485 5725 2594 5770 im,
2620 5707 2709 5762 28.
