3990 6228
369 367 473 422 387
1803 359 1866 417 s.
1897 355 2240 418 taetrum“
3514 345 3625 404 588

372 475 742 550 peccatorum,
765 475 947 532 carnis
976 473 1456 539 resurrectionem,
1472 473 1640 526 vitam
1667 479 1947 527 aeternam.

2060 471 2245 540 Ξφεσιν
2277 466 2582 540 ἁμαρτιῶν,
2621 465 2821 538 σαρκὸς
2857 465 3170 529 ἀνάστασιν,
3211 462 3356 534 ζωὴν
3383 461 3626 518 αίώνιον.

373 569 493 623 Jam
535 568 714 623 Patris
741 574 793 622 et
833 566 956 621 Filii
1000 566 1338 622 divinitatem
1366 563 1536 618 dividi
1578 577 1687 616 non
1718 576 1879 632 posse
1912 573 1944 615 e

2063 561 2386 633 ’Λδιαίρετον
2420 557 2557 614 εἶναι
2602 559 2701 632 τὴν
2745 559 2977 630 θεότητα
3009 556 3104 611 τοῦ
3159 554 3372 628 Πατρδς
3406 555 3503 608 καὶ
3529 553 3628 608 τοῦ

374 660 548 714 sacris
597 659 816 713 Litteris
837 657 1156 716 didicimus.
1189 655 1321 709 Nam
1353 655 1398 710 si
1425 655 1548 725 quis
1582 651 1803 714 Filium,
1840 652 1946 704 hoc

2060 653 2202 717 Υίοῦ,
2227 652 2379 724 παρὰ
2406 654 2511 706 τῶν
2534 652 2694 705 θείων
2713 651 3110 723 μεμαθήκαμεν
3143 649 3394 720 Γραφῶν.
3425 647 3489 700 Εί
3515 647 3629 719 γάρ

374 759 460 806 est
505 750 896 820 omnipotentis
943 748 1038 804 Dei
1079 748 1343 812 Verbum,
1387 761 1643 817 separare
1689 743 1943 807 voluerit,

2060 761 2135 809 τις
2162 744 2383 818 χωρίζει
2415 744 2504 799 τὸν
2539 746 2689 810 Υιδν,
2712 743 2958 797 τουτέστι
2987 741 3079 795 τδν
3102 743 3272 810 Λόγον
3298 739 3393 793 τοῦ
3423 756 3626 793 παντο-

377 858 602 898 necesse
643 851 726 897 est
770 850 832 896 ut
877 849 972 895 aut
1010 841 1151 896 duos
1190 855 1312 895 esse
1351 837 1494 894 Deos
1535 837 1850 899 arbitretur,
1894 836 1944 890 id

2060 839 2317 909 κράτορος
2335 836 2492 900 Θεοῦ,
2519 838 2732 907 ἀνάγκη
2753 836 2914 890 αὑτὸν
2939 836 2971 907 ἢ
2996 836 3089 889 δύο
3114 835 3280 897 Θεοὺς
3306 829 3446 886 εἶναι
3471 829 3630 902 νομί-

374 935 518 1003 quod
549 950 577 988 a
611 933 817 988 cozlesti
863 933 1108 987 doctrina
1161 929 1510 986 confessione
1556 928 1800 982 omnium
1850 925 1948 979 ab-

2060 926 2187 992 ζειν,
2215 931 2352 1000 ὅπερ
2382 929 2660 999 ἀλλότριον
2692 929 2788 999 τῆς
2822 926 2972 991 θείας
3001 924 3348 986 διδασκαλίας
3373 917 3511 976 εἶναι
3539 939 3630 974 νε-

377 1028 582 1090 horret,
640 1036 730 1078 aut
782 1021 1015 1078 Verbum
1071 1038 1192 1078 esse
1228 1022 1395 1075 Deum
1455 1020 1726 1073 inficietur
1758 1037 1770 1072 :
1803 1017 1947 1088 quod

2060 1020 2326 1090 νόμισται,
2355 1018 2388 1089 ἢ
2419 1018 2512 1072 τὸν
2536 1019 2706 1086 Λόγον
2731 1017 2806 1087 μὴ
2836 1013 2974 1070 εἶναι
2994 1014 3128 1068 Θεὸν
3147 1013 3426 1085 ὁμολογεῖν
3443 1029 3456 1041 ·
3488 1012 3628 1083 ὅπερ

375 1125 430 1170 ct
483 1114 659 1184 ipsum
717 1115 786 1168 ab
844 1113 1055 1167 sincera
1116 1111 1220 1166 fide
1278 1111 1492 1166 videtur
1521 1110 1776 1172 alienum,
1822 1122 1947 1161 cum

2060 1114 2148 1166 καὶ
2168 1112 2296 1165 αὑτὸ
2320 1110 2595 1180 ἀλλότριον
2622 1109 2722 1178 τῆς
2741 1108 2907 1180 ὀρθῆς
2930 1107 3166 1170 πίστεως
3190 1101 3331 1159 εἶναι
3353 1103 3624 1173 φαίνεται,

376 1202 704 1272 evangelista
761 1201 963 1254 dicat:
1015 1197 1082 1252 Et
1142 1197 1282 1251 Deus
1349 1207 1460 1250 erat
1519 1193 1761 1248 Verbum.
1837 1194 1950 1262 Ego

2060 1201 2148 1257 τοῦ
2191 1201 2576 1271 εὐαγγελιστοῦ
2611 1200 2860 1268 λέγοντος
2881 1216 2895 1229 °
2941 1199 3049 1253 Καὶ
3085 1197 3229 1263 Θεὸς
3252 1193 3332 1266 ἦν
3355 1199 3387 1250 ό
3412 1195 3625 1264 Λόγος.

378 1307 509 1345 vero
555 1299 710 1345 certo
753 1290 885 1345 illud
925 1289 1127 1357 didici,
1170 1290 1423 1344 virtutem
1469 1285 1668 1347 Patris,
1715 1284 1819 1338 hoc
1863 1289 1951 1337 est

2068 1292 2208 1362 Ἐγὼ
2232 1293 2287 1345 δὲ
2314 1290 2554 1363 ἀκριϐῶς
2582 1290 2900 1362 μεμάθηκα,
2931 1289 3012 1342 ὅτι
3038 1288 3338 1358 ἀδιαίρετος
3365 1286 3460 1339 καὶ
3480 1283 3627 1355 άχὼ-

379 1382 614 1446 Filium,
659 1398 838 1453 neque
881 1382 1071 1447 dividi,
1123 1395 1301 1451 neque
1347 1378 1590 1449 separari
1630 1391 1810 1446 posse.
1871 1373 1947 1431 Ita

2060 1387 2237 1456 ριστός
2263 1385 2408 1438 ἐστιν
2432 1387 2465 1454 ἡ
2486 1383 2712 1453 δύναμις
2731 1382 2825 1436 τοῦ
2848 1381 3079 1453 Πατρὸς,
3105 1381 3132 1434 ὁ
3158 1380 3301 1442 Υίός.
3334 1377 3504 1441 Αὐτὸς
3520 1377 3628 1446 γὰρ

379 1476 524 1531 enim
572 1475 824 1529 Salvator
865 1489 931 1529 ac
971 1468 1234 1528 Dominus
1273 1479 1461 1527 noster
1497 1469 1659 1524 Jesus
1696 1467 1950 1523 Christus

2060 1475 2085 1528 ό
2117 1475 2305 1548 Σωτὴρ
2334 1475 2362 1528 ό
2391 1476 2594 1545 Κύριος
2633 1474 2790 1546 ήμῶν
2823 1472 3031 1545 Ἰησοῦς
3053 1471 3286 1544 Χριστός
3309 1485 3478 1540 φησιο
3527 1470 3630 1523 'E'r

380 1567 669 1637 l0quitur:
721 1564 788 1620 In
830 1583 910 1621 me
943 1565 1124 1628 Pater,
1149 1576 1197 1620 et
1241 1581 1333 1634 ego
1383 1564 1438 1617 in
1489 1559 1720 1615 Patre‘.
1776 1561 1946 1615 Item:

2060 1563 2184 1634 ἐμοὶ
2215 1564 2246 1618 ό
2271 1563 2494 1632 Πατὴρ,
2525 1562 2687 1632 κάγὼ
2722 1563 2791 1616 ἐν
2820 1560 2900 1628 τῷ
2923 1561 3108 1630 Harp!
3129 1577 3143 1590 ·
3179 1559 3304 1622 καὶ,
3343 1555 3494 1627 Ἐγὼ
3529 1557 3629 1611 καί

381 1657 492 1728 Ego
517 1668 566 1712 et
599 1657 763 1712 Pater
801 1673 964 1710 unum
996 1673 1175 1710 sumus
1204 1657 1248 1710 ².
1285 1653 1350 1707 Et
1379 1671 1392 1707 :
1425 1651 1530 1720 Qui
1569 1651 1706 1706 videt
1735 1667 1834 1715 me,
1876 1648 1952 1703 υἱ·

2060 1654 2091 1713 ὁ
2125 1655 2327 1724 Πατὴρ
2357 1654 2427 1709 ἓν
2449 1656 2670 1724 ἐσμεν·
2721 1654 2837 1720 καὶ,
2883 1652 2948 1708 '0
2975 1650 3082 1723 ἐμὲ
3109 1650 3378 1721 ἐωρακὰκ
3408 1649 3632 1718 ἑώρακε

378 1747 464 1800 det
497 1759 546 1801 et
572 1745 789 1801 Patrem
811 1745 853 1800 ⁸.
889 1744 1042 1800 Hane
1073 1745 1256 1816 igitur,
1287 1758 1449 1814 quam
1487 1753 1542 1797 ct
1572 1757 1601 1795 a
1629 1741 1802 1797 sacris
1839 1737 1953 1793 Lit-

2060 1747 2164 1803 τὸν
2203 1745 2454 1816 Πατέρα.
2511 1743 2728 1818 Ταύτην
2773 1745 2870 1800 καὶ
2903 1743 3052 1814 παρά
3081 1743 3189 1798 τῶν
3216 1743 3373 1797 θείων
3397 1742 3634 1813 Γραφῶν

382 1836 517 1892 teris
553 1836 891 1906 accepimus,
929 1846 983 1890 et
1016 1851 1045 1889 a
1077 1834 1377 1905 majoribus
1415 1833 1619 1888 nostris
1649 1831 1949 1887 Secundum

2060 1839 2286 1912 εἰληφὼς
2315 1840 2414 1910 τὴν
2453 1838 2656 1901 πίστιν,
2687 1838 2781 1892 καὶ
2823 1835 2985 1908 παρὰ)
3006 1835 3115 1891 τῶν
3151 1834 3296 1890 κατά
3330 1834 3466 1888 Θεὸν
3495 1851 3634 1906 προ-

381 1926 547 1980 Deum
581 1926 894 1993 didicimus,
937 1925 1094 1980 lidem
1141 1941 1264 1980 cum
1305 1924 1360 1979 in
1409 1924 1656 1981 Ecclesia
1685 1921 1776 1993 Dei
1809 1935 1947 1992 pra:-

2053 1934 2224 2004 γόνων
2247 1932 2536 2004 διδαχθεὶς,
2559 1931 2616 1986 ἐν
2641 1947 2700 1986 τε
2725 1931 2790 2002 τῇ
2821 1929 2914 1984 τοὺ
2940 1929 3074 1983 Θεοῦ
3109 1925 3406 1999 Ἐκκλησία
3431 1928 3635 1999 κηρύτ-

380 2019 525 2080 dico,
555 2024 670 2071 tum
701 2017 766 2071 ad
799 2028 850 2072 te
883 2016 1042 2071 modo
1075 2017 1376 2087 perscribo,
1417 2016 1645 2086 ejusque
1672 2028 1837 2084 penes
1865 2026 1951 2066 me

2060 2044 2150 2095 tu),
2182 2026 2278 2079 zeal.
2320 2025 2455 2096 πρὸς
2487 2023 2548 2078 σέ
2587 2023 2682 2078 νῦν
2705 2021 2978 2095 γέγραφα,
3002 2020 3064 2075 τὸ
3087 2021 3418 2093 ἀντίγραφον
3438 2020 3631 2074 τούτου

381 2108 665 2176 exemplar
719 2107 938 2162 retinui.
995 2105 1276 2162 Postremo
1313 2107 1446 2162 illud
1483 2123 1512 2160 a
1563 2114 1615 2160 te
1662 2113 1825 2175 peto,
1895 2110 1956 2157 ut

381 2192 627 2269 ejusdem
669 2213 798 2253 mete
839 2198 1197 2268 professionis
1241 2198 1546 2267 exemplum
1596 2197 1705 2251 tuis
1739 2192 1805 2249 ad
1841 2193 1956 2263 epi-

381 2303 578 2359 scopos
624 2287 820 2342 litteris
876 2289 1120 2353 inseras,
1176 2304 1245 2343 ne
1298 2289 1423 2358 quis
1486 2302 1696 2352 eorum,
1754 2284 1955 2356 quibus

381 2385 637 2432 accurate
663 2377 932 2448 perspecti
966 2394 1073 2432 non
1111 2393 1323 2443 sumus,
1361 2379 1578 2432 illorum
1606 2376 1674 2433 de
1702 2393 1789 2432 me
1817 2378 1957 2432 scri-

381 2471 489 2540 ptis
532 2468 688 2524 fidem
735 2469 1002 2526 adhibens
1053 2468 1108 2524 in
1141 2484 1384 2525 errorem
1410 2469 1720 2525 inducatur.
1748 2466 1952 2524 Valete.

381 2560 654 2615 Hactenus
674 2561 922 2630 cpistola.

448 2651 608 2720 837
643 2648 731 2704 IV.
763 2648 1034 2704 Caeterum
1088 2663 1156 2703 an
1190 2646 1408 2704 libellus
1438 2648 1542 2704 iste
1575 2656 1723 2704 recte
1760 2662 1820 2704 se
1865 2645 1958 2703 ha-

381 2740 506 2793 beat
537 2754 741 2803 necne,
786 2739 964 2808 legant
1000 2737 1094 2807 qui
1142 2744 1406 2806 possunt,
1450 2747 1505 2792 et
1562 2737 1652 2807 qui
1697 2744 1945 2791 exactam

380 2844 591 2892 eorum,
624 2843 744 2898 qua:
777 2827 830 2882 iu
860 2841 924 2881 eo
964 2827 1167 2896 scripta
1203 2833 1368 2892 sunt,
1415 2826 1823 2897 intelligentiam
1857 2827 1956 2880 ha—

382 2919 510 2972 bere
537 2925 805 2988 possunt,
840 2916 1036 2986 ecquid
1072 2917 1126 2971 in
1155 2931 1219 2970 eo
1259 2916 1374 2970 vitii
1413 2915 1483 2970 sit
1507 2915 1774 2986 judicent.
1809 2915 1954 2970 Nihil

381 3010 525 3063 enim
559 3015 916 3079 praeterquam
944 3007 1088 3078 quod
1121 3007 1347 3073 scimus,
1379 3015 1432 3061 et
1464 3007 1528 3061 ad
1557 3023 1657 3061 nos
1687 3008 1953 3078 perlatum

380 3109 482 3163 est,
515 3114 831 3155 asseverare
857 3100 1128 3153 volmnus.
1161 3098 1238 3152 Ae
1271 3098 1398 3152 licet
1426 3099 1562 3152 nihil
1601 3099 1654 3152 in
1682 3114 1745 3154 eo
1774 3099 1954 3154 libello

382 3207 490 3245 non
523 3203 732 3246 castum
762 3205 826 3244 ac
857 3191 1131 3245 sincerum
1184 3191 1275 3255 sit,
1307 3188 1390 3243 vel
1421 3203 1487 3244 ex
1521 3189 1639 3258 ipso
1668 3189 1947 3244 nihilomi-
1982 3160 2026 3219 (ἶ

382 3296 488 3336 nus
521 3287 877 3351 argumento,
918 3280 1010 3350 qui
1035 3280 1183 3335 hunc
1212 3280 1396 3350 legunt
1427 3286 1522 3333 aut
1561 3278 1824 3343 audiunt,
1857 3293 1953 3334 co-

385 3372 558 3442 gitare
580 3371 778 3425 debent
804 3384 913 3424 non
944 3369 1166 3433 frustra,
1201 3385 1300 3425 nec
1324 3380 1526 3425 temere
1550 3367 1618 3423 ad
1639 3369 1781 3424 hanc
1809 3367 1959 3423 illum

383 3459 709 3517 defendendi
743 3459 828 3516 sui
859 3459 1240 3515 necessitatem
1271 3470 1562 3515 venturum
1598 3457 1808 3523 fuisse,
1855 3455 1962 3514 nisi

384 3551 649 3604 nonnulla
683 3549 1047 3621 protulisset,
1091 3561 1214 3620 qua:
1261 3548 1547 3602 turbarum
1583 3546 1786 3619 aliquid
1813 3547 1962 3602 exci-

385 3647 631 3706 tassent,
673 3647 728 3696 ct
769 3653 834 3696 eo
859 3639 1135 3695 hominem
1173 3636 1564 3704 adduxissent,
1605 3646 1664 3693 ut
1688 3639 1960 3694 dictorum

385 3731 665 3786 reddenda
696 3731 837 3786 ratio
869 3731 1165 3786 videretur.
1200 3729 1414 3784 Etenim
1450 3728 1563 3784 ﬁeri
1599 3729 1730 3784 illud
1761 3727 1958 3800 potuit,

386 3828 450 3875 ut
491 3828 614 3890 post
658 3836 900 3876 errorem
947 3836 1042 3891 per
1090 3820 1334 3875 libellum
1386 3834 1507 3875 sese
1553 3829 1838 3875 excusaret
1898 3835 1963 3875 ac

385 3913 727 3983 corrigeret:
762 3921 856 3966 aut
886 3922 946 3966 ut
983 3910 1174 3967 eodem
1225 3911 1317 3965 illo
1350 3909 1532 3966 libello
1577 3911 1650 3966 ita
1691 3911 1960 3966 sermoni-

385 4002 490 4056 bus
520 4002 636 4057 suis
684 4000 867 4056 fucum
899 3999 1122 4066 faceret,
1156 4009 1214 4055 ut
1238 4015 1356 4070 qua‘
1384 4011 1541 4055 antea
1574 3999 1803 4056 dixisset
1836 4017 1964 4056 eon-

387 4092 536 4149 sulto
567 4091 977 4156 dissimularet,
1020 4109 1090 4147 ne
1119 4092 1174 4147 in
1205 4091 1456 4147 ordinem
1488 4091 1854 4163 redigeretur,
1893 4094 1961 4148 ab

384 4183 663 4256 communi
691 4187 1072 4254 episcoporum
1105 4198 1372 4238 consessu
1406 4190 1459 4236 et
1493 4198 1703 4238 canone
1731 4184 1962 4254 deposi-

389 4275 521 4328 tus:
557 4285 834 4346 utcunque
890 4291 948 4331 se
998 4289 1086 4331 res
1122 4274 1321 4330 habeat
1349 4315 1364 4340 ,
1401 4274 1515 4330 lucc
1566 4284 1846 4346 suntquae
1893 4277 1961 4332 de

387 4353 640 4420 Marcello
672 4381 988 4437 comparare
1043 4366 1342 4436 potuimus.
1387 4363 1464 4419 De
1508 4382 1618 4436 quo
1667 4382 1791 4421 cum
1856 4367 1959 4422 ali-

387 4455 608 4525 quando
641 4456 859 4510 bcatum
891 4471 1087 4525 papam
1117 4453 1476 4535 Athanasium
1507 4457 1954 4528 interrogassem,

385 4544 692 4614 cujusmodi
729 4561 852 4600 eum
906 4545 1305 4609 arbitraretur,
1354 4546 1442 4600 ille
1495 4558 1669 4616 neque
1708 4549 1958 4616 purgavit

387 4636 684 4700 hominem,
712 4652 888 4707 neque
915 4651 1045 4691 vero
1071 4638 1318 4706 asperius
1359 4638 1601 4704 notavit;
1639 4638 1734 4692 sed
1768 4639 1959 4693 leniter

387 4727 638 4781 arridens
659 4765 674 4792 ,
701 4743 810 4782 non
836 4729 1067 4780 multum
1107 4728 1177 4782 ab
1220 4727 1566 4797 improbitate
1609 4727 1957 4784 abhorruisse

387 4816 716 4887 significavit
735 4856 752 4883 ,
802 4825 856 4872 et
901 4817 956 4872 in
986 4832 1175 4873 eorum
1205 4818 1326 4872 loco
1351 4857 1367 4884 ,
1397 4817 1490 4888 qui
1521 4833 1580 4871 se
1606 4828 1953 4888 purgassem,

387 4906 598 4962 habuit.

459 4997 522 5052 V.
552 4997 706 5052 Libet
737 5003 915 5053 autem
947 4997 1035 5052 hic
1067 5014 1129 5052 ea
1168 4997 1592 5068 subjicere,qum
1625 4999 1679 5054 in
1715 4999 1951 5060 Marcelli

385 5089 607 5160 scriptis
637 5105 665 5142 a
699 5089 1025 5160 quibusdam
1063 5089 1352 5146 observata
1386 5101 1548 5155 sunt,
1581 5107 1700 5161 quac
1731 5095 1820 5148 isti
1843 5148 1848 5154 _
1869 5109 1953 5148 re-

386 5180 762 5251 prehendenda
794 5190 1158 5251 putaverunt:
1202 5181 1344 5236 unde
1381 5190 1435 5234 ct
1487 5183 1539 5235 in
1573 5181 1822 5239 eumdem
1867 5186 1952 5241 iu-

384 5275 522 5330 vecti
547 5274 863 5350 confutandi
893 5273 1066 5344 gratia
1103 5274 1459 5343 scripserunt.
1488 5274 1807 5345 Quanquam
1836 5277 1949 5341 alii,

387 5380 485 5435 pro
526 5380 594 5420 eo
620 5363 767 5434 quod
819 5364 911 5434 qui
955 5365 1217 5421 adversus
1256 5365 1404 5419 illum
1445 5375 1791 5422 coinmeutati
1824 5377 1953 5424 sunt

460 5501 476 5531 '
505 5499 664 5556 Joan.
705 5517 817 5566 κιν,
853 5504 936 5559 l0.
1047 5506 1068 5534 ²
1095 5500 1250 5556 Joan.
1295 5517 1346 5567 ι,
1372 5503 1459 5562 50.

387 5580 700 5640 corruptus.

457 5676 571 5746 (5G)
616 5678 762 5751 ξΥξτό
795 5678 862 5731 δὲ
881 5680 1088 5732 ἄλλων
1118 5681 1321 5734 πάλιν.
1356 5681 1644 5751 Utrunque
1695 5684 1850 5737 licuit
1891 5701 1956 5738 ex

387 5747 805 5814 corruptissimo
838 5751 955 5800 loco
996 5760 1318 5805 sententiam
1349 5747 1682 5806 t-xtrusiinus
1758 5754 1828 5808 Dc
1879 5757 1962 5808 his

2053 2116 2182 2188 παρ’
2223 2114 2445 2187 ἐμαυτῷ
2483 2112 2792 2184 κατασχών.
2823 2112 2935 2166 Καὶ
2967 2110 3102 2176 ἀξιῶ
3137 2109 3198 2164 τὸ
3238 2109 3531 2164 ἀντίτυπόν
3572 2125 3633 2161 σε

2052 2206 2242 2260 τούτου
2272 2208 2339 2278 τῇ
2368 2204 2505 2278 πρὸς
2535 2206 2661 2270 τοὺς
2698 2204 3031 2268 ἐπισκόπους
3053 2203 3308 2274 ἐπιστολῇ
3337 2200 3631 2273 ἐγγράψαι,

2054 2298 2143 2353 Eva
2166 2297 2242 2370 μή
2281 2313 2427 2360 τινες
2443 2294 2553 2351 τῶν
2574 2293 2816 2366 ἀκριϐῶς
2847 2295 2920 2368 μὴ
2949 2294 3167 2348 εἰδότων
3182 2292 3636 2366 ήμᾶς,κάκείνοις

2052 2388 2166 2450 τοῖς
2204 2385 2296 2440 ὑπ’
2317 2380 2494 2439 αὑτῶν
2530 2383 2787 2456 γραφεῖσι
2828 2383 3207 2456 προσέχοντες,
3251 2379 3632 2455 ἀπατηθῶσιν.

2057 2475 2364 2552 Ἔρρωσθε.
2405 2473 2788 2547 Πεπλήρωται.

2123 2651 2196 2710 Δ’.
2227 2652 2291 2710 Et
2316 2655 2494 2709 τοίνυν
2521 2651 2550 2708 ό
2583 2651 2824 2716 λίΰελλος
2844 2645 2998 2717 οὗτος
3027 2651 3208 2718 καλῶς
3235 2652 3376 2725 ἔχει,
3398 2653 3448 2707 οἱ
3471 2653 3631 2708 δυνά.

2059 2763 2207 2817 μενοι
2240 2744 2660 2814 ἀναγνώτωσαν,
2701 2745 2796 2799 καὶ
2823 2747 2873 2798 ot
2916 2745 3202 2816 δυνάμενοι
3230 2743 3534 2816 ἀκριὸῶσαι
3566 2745 3636 2799 τά

2055 2840 2112 2892 ἐν
2138 2836 2285 2909 αὑτῷ
2315 2837 2599 2909 εἰρημένα·
2633 2839 2728 2892 καὶ
2755 2837 2804 2891 εί
2836 2835 2934 2909 μὲν
2964 2835 3151 2902 κακῶς
3175 2836 3307 2908 ἔχει,
3337 2837 3492 2892 αὑτοὶ
3518 2837 3636 2892 δια-

2055 2929 2406 3002 κρινέτωσαν.
2445 2929 2519 2983 Οὑ
2557 2929 2665 3004 γὰρ
2697 2929 2998 3001 βουλόμεθα
3048 2930 3201 3002 παρὰ
3251 2921 3370 2984 δῶν
3412 2927 3638 2984 ἐπιστά-

2057 3020 2198 3093 μεθα
2222 3023 2316 3075 καὶ
2342 3021 2449 3074 τῶν
2487 3023 2566 3085 είς
2610 3022 2758 3093 ἡμᾶς
2791 3021 3051 3075 ἐλθόντων
3077 3019 3276 3090 λέγειν.
3311 3021 3376 3075 Εἰ
3405 3019 3511 3094 γὰρ
3540 3021 3638 3075 καὶ

2059 3111 2239 3177 καλῶς
2264 3111 2376 3183 ἔχει
2407 3111 2436 3165 ὁ
2469 3111 2710 3176 λίϐελλος
2744 3110 2808 3166 ἐκ
2828 3115 2928 3184 τῆς
2962 3111 3291 3176 ὑποθέσεως,
3327 3111 3492 3166 πάλιν
3518 3109 3636 3165 δια-

2059 3199 2411 3271 νοηθήσονται
2446 3201 2497 3253 οἱ
2539 3200 2959 3271 ἐντυγχάνοντὲς
2994 3218 3055 3254 τε
3083 3201 3180 3256 καὶ
3212 3199 3522 3266 ἀκούοντες,
3553 3201 3639 3255 ὅτι

2057 3289 2158 3344 οὑκ
2185 3291 2266 3354 είς
2295 3290 2496 3362 μάτην,
2531 3288 2655 3344 οὑτε
2689 3292 2771 3354 είς
2795 3291 3096 3363 ἀργότητα,
3125 3291 3248 3347 οὕτε
3280 3297 3398 3348 κατ’
3427 3295 3636 3351 ἐκείνω

2060 3380 2268 3448 ἐγίνετο
2295 3379 2446 3453 αὑτῷ
2476 3379 2689 3455 ἀνάγκη
2725 3381 3044 3452 ἀπολογίας,
3077 3385 3126 3437 εξ
3157 3381 3234 3456 μὴ
3265 3385 3371 3456 ἀρα
3403 3383 3636 3455 ἑξήμεσε

2058 3471 2252 3540 λόγους
2279 3473 2430 3537 τινάς
2453 3473 2850 3545 ταράσσοντας,
2892 3475 2988 3528 καὶ
3017 3471 3433 3543 ἀναγκάσαντας
3476 3475 3638 3530 αὑτὸν

2059 3562 2141 3626 είς
2163 3561 2460 3632 ἀπολογίαν
2490 3561 2646 3634 ἥκειν
2679 3564 2808 3638 περὶ
2855 3563 2964 3619 τῶν
2989 3565 3080 3619 ὑπ’
3101 3566 3266 3620 αὑτοῦ
3309 3565 3637 3639 εἰρημένων.

2060 3649 2360 3722 Συμϐαίνει
2390 3653 2520 3726 γάρ,
2554 3654 2649 3708 καὶ
2681 3653 2820 3726 μετά
2839 3655 2903 3708 τὸ
2937 3654 3198 3724 ἐσφάλθαι
3219 3655 3404 3720 αὑτὸν,
3436 3655 3523 3712 διά
3543 3655 3636 3711 τοῦ

2059 3743 2305 3797 λιϐέλλου
2350 3743 2960 3817 ὑπεραπολογήσασοαι,
3002 3747 3096 3800 καὶ
3123 3748 3316 3801 ἐαυτὸν
3344 3747 3635 3819 διορθώσα-

2062 3836 2207 3891 σθαι⁸
2251 3837 2284 3908 ἦ
2327 3838 2410 3891 ὃτι
2446 3838 2545 3909 μὲν
2579 3839 2656 3908 τῷ
2694 3839 2920 3908 λιϐέλλῳ
2973 3842 3279 3913 ἐκόσμησεν
3310 3841 3476 3896 αὑτοῦ
3512 3845 3637 3906 τοὺς

2059 3926 2269 3997 λόγους.
2306 3929 2392 3983 ἵνα
2430 3933 2770 4004 παρακρύψῃ
2817 3933 2885 3986 τά
2927 3933 3017 3986 ὑπ’
3055 3933 3215 3986 αὑτοῦ
3249 3933 3500 4005 ρηθέντα,
3549 3933 3638 3986 ἵνα

2065 4017 2139 4090 μὴ
2197 4020 2406 4093 ἐκπέσῃ
2464 4019 2552 4076 διά
2585 4023 2686 4093 τῆς
2732 4022 3103 4096 καθαιρέσεως
3152 4022 3246 4076 τοῦ
3302 4023 3482 4077 κοινοῦ
3530 4023 3636 4074 τῶν

2061 4111 2380 4166 ἐπισκόπων
2409 4114 2666 4184 συλλόγου
2695 4132 2752 4168 τε
2784 4117 2878 4169 καὶ
2909 4116 3001 4169 τοῦ
3053 4114 3295 4178 κανόνος.
3338 4113 3528 4185 Ὅμως
3567 4114 3636 4168 τὰ

2060 4202 2191 4272 περὶ
2237 4201 2552 4274 Μαρκέλλου
2597 4206 2676 4268 εἰς
2715 4206 2862 4275 ἡμᾶς
2907 4205 3130 4258 ἐλθόντα
3175 4204 3362 4260 ταῦτα.
3397 4204 3637 4276 Ἡρόμην

2059 4289 2116 4344 δὲ
2148 4290 2308 4356 αὑτὸς
2329 4291 2440 4360 ἐγὼ
2465 4293 2640 4364 χρόνῳ
2670 4295 2778 4347 τινὶ
2809 4293 2898 4346 τὸν
2931 4295 3241 4366 μακαρίτην
3269 4296 3459 4348 πάπαν
3481 4294 3636 4346 Ἀθα-

2059 4383 2243 4438 νάσιον
2306 4384 2434 4456 περὶ
2490 4385 2680 4438 τούτου
2712 4383 2807 4438 τοὺ
2861 4387 3203 4457 Μαρκέλλου,
3239 4383 3358 4448 πῶς
3407 4384 3473 4439 ἂν
3523 4385 3634 4457 ἔχοι

1990 4505 2032 4560 D
2064 4475 2191 4545 περὶ
2229 4475 2414 4529 αὑτοῦ.
2454 4477 2512 4530 '0
2534 4472 2590 4531 δέ
2627 4476 2750 4530 οὔτε
2797 4477 3332 4549 ὑπεραπελογήσατο,
3379 4475 3503 4531 οὔτε
3533 4478 3631 4532 πά.⁴

2061 4564 2143 4618 λιν
2172 4567 2306 4637 πρὸς
2351 4567 2516 4621 αὑτὸν
2570 4567 2824 4638 ἀπεχθῶς
2858 4568 3078 4640 ὴνέχθη’
3113 4569 3269 4638 μόνον
3297 4568 3355 4621 δέ
3402 4567 3490 4622 διὰ
3539 4565 3631 4621 τοῦ

2062 4656 2350 4726 προσώπου
2385 4657 2663 4726 μειδιάσας
2699 4659 2962 4729 ὑπέφηνε,
2983 4659 3286 4730 μοχθηρίας
3319 4659 3396 4730 μὴ
3421 4661 3632 4731 μακράν

2060 4747 2220 4800 αὑτὸν
2247 4743 2405 4814 εἶναι,
2438 4749 2532 4802 καὶ
2568 4748 2643 4813 ὡς
2667 4749 3144 4822 ἀπολογησάμενον
3177 4747 3310 4823 εἶχε.

2130 5011 2206 5064 E'.
2244 5012 2641 5085 Παραθήσομαι
2679 5014 2736 5068 δὲ
2775 5015 2932 5070 ἅτινά
2959 5033 3106 5080 τινες
3131 5015 3382 5088 εὑρόντες
3429 5019 3488 5070 ἐν
3522 5018 3631 5081 τοῖς

2058 5100 2226 5153 αὑτοῦ
2263 5103 2582 5172 Μαρκέλλου
2634 5104 3024 5175 συντάγμασιν,
3057 5105 3094 5160 ἃ.
3126 5106 3298 5160 ἐδόκει
3330 5107 3631 5179 ἐπιλήψιμα

2060 5192 2240 5252 αὐτοῖς
2274 5191 2580 5259 φαίνεσθαι,
2626 5196 2761 5264 πρὸς
2808 5194 2866 5246 ὃν
2905 5195 3311 5267 ἀποτεινόμενοι
3347 5197 3440 5250 καὶ
3484 5196 3631 5249 αὑτοὶ

2059 5282 2500 5347 ἀντισυνέταξαν.
2516 5285 2652 5338 Ὑπὸ
2683 5285 2738 5340 δὲ
2762 5286 2936 5341 ἄλλων
2961 5287 3252 5360 πάλιν(56)
3280 5288 3365 5341 διά
3383 5289 3442 5341 τὸ
3460 5289 3582 5350 τοὺς
3610 5288 3630 5319 ⁵

2058 5372 2568 5439 ἀντισυντάξαντας,
2607 5375 2831 5450 ὕστερον
2863 5381 2944 5443 είς
2976 5380 3104 5434 ἀλλο
3138 5381 3445 5450 τραπέντας
3486 5381 3628 5448 ἐλέγ-

1574 5506 1595 5535 ³
1615 5503 1773 5560 Joan.
1799 5522 1909 5569 xiv,
1947 5507 1958 5560 ε

2077 5507 2100 5538 ⁸
2126 5507 2187 5563 F.
2217 5511 2378 5582 πέρα.
2455 5512 2476 5543 ³
2504 5510 2567 5566 F.
2597 5511 2746 5568 ἄλλοι
2767 5513 2825 5568 δὲ
2856 5514 3021 5568 πάλιν
3046 5513 3137 5569 διά
3160 5513 3307 5578 τούς.
3339 5512 3518 5570 Locus
3544 5513 3626 5567 hic

2067 5693 2270 5761 autem,
2300 5675 2438 5755 quos
2473 5689 2742 5750 nominat,
2785 5689 3006 5754 Acacio,
3043 5687 3267 5751 Basilio,
3301 5689 3531 5761 Georgio
3565 5708 3621 5746 at:

2073 5757 2318 5824 reliquis,
2341 5766 2530 5826 agt-tur
2560 5762 2614 5812 in
2646 5762 2891 5829 sequenti
2923 5761 3111 5816 haa'csi
3151 5761 3418 5839 pluribus.
