3990 6228
274 316 416 377 389

983 318 1348 375 ADVERSUS
1383 320 1722 377 HIERESES
1761 320 1888 375 LIB.
1930 318 2018 375 Ill.
2047 320 2212 378 ΤΟΜ.
2252 323 2291 378 1.
2327 321 2691 378 —ll1ERES.
2733 323 2950 381 LXXII.

3470 330 3578 386 590

278 451 409 505 κου
440 434 623 505 χάριν,
651 434 721 488 τά
758 434 1247 507 ἀντισυνταχθέντα
1284 438 1377 492 ὑπ’
1402 438 1584 492 αὐτῶν
1609 437 1879 510 προϐαλλό

2004 448 2192 508 postea
2240 442 2549 496 contrarias
2601 442 2667 496 ad
2716 454 2900 514 partes
2940 444 3326 516 desciverunt,
3381 449 3576 509 horum

281 543 465 597 μενοι
496 525 789 593 ἐδείκνυον,
820 526 915 580 καὶ
940 528 1000 581 ὲν
1026 530 1140 591 τοῖς
1165 529 1315 598 σφῶν
1343 529 1522 583 αὐτῶν
1551 530 1893 600 συντάγμασι

276 616 455 670 κατὰ
484 617 586 680 τάς
635 616 939 688 λεγομένας
970 617 1269 688 διαιρέσεις
1316 619 1587 689 άναμέσον
1626 619 1735 672 τῶν
1767 617 1895 689 περὶ

294 706 575 761 ’Δκάκιον
602 707 698 761 καὶ
729 708 1009 763 Βασίλειον
1038 708 1132 762 τὸν
1190 709 1436 781 Γαλάτην
1474 710 1569 765 καὶ
1623 710 1895 782 Γεώργιον

278 799 399 852 τὸν
433 800 757 864 Λαοδικείας
803 802 1128 873 ἐποιήσαντο
1180 803 1316 873 πρὸς
1354 803 1571 872 ἔλεγχον
1600 803 1695 858 τοῦ
1726 800 1893 857 αὐτοῦ

296 890 599 946 Ἀκακίου.
653 885 821 955 Οὗτος
852 893 960 964 γὰρ
981 888 1051 964 ἦν
1094 896 1123 947 6
1146 894 1254 948 ἀπὸ
1292 894 1388 948 τοῦ
1417 896 1736 966 Μαρκέλλου
1767 912 1892 950 συν-

276 987 604 1056 ταγμάτων
658 986 802 1040 κατὰ
855 988 1180 1059 Μαρκέλλου
1230 988 1423 1051 εἰπὼν,
1474 990 1562 1044 ῐνα
1613 992 1674 1045 ἐν
1724 994 1891 1046 πᾶσιν

278 1078 469 1147 ἡμεῖς
491 1077 592 1148 τῆς
619 1078 877 1151 ἀληθείας
918 1080 1085 1152 μηδὲν
1128 1082 1565 1153 παραλείψαντες
1605 1083 1889 1156 δείξωμεν,

276 1169 385 1222 ὅτι
413 1168 541 1225 οὔτε
569 1172 922 1243 ἀπευχόμεθα
952 1174 1021 1226 τὰ
1048 1175 1185 1247 πρὸς
1215 1175 1523 1247 διόρθωσιν,
1554 1175 1677 1230 οὔτε
1708 1195 1892 1231 συναι-

278 1264 417 1314 νείν
443 1261 743 1333 βουλόμεθα
765 1266 875 1328 τοῖς
898 1282 952 1317 τι
986 1266 1141 1336 παρὰ
1161 1266 1223 1318 τὸ
1247 1266 1497 1336 ἀληθινὸν
1534 1267 1890 1340 ἐπιχειροῦσι.

280 1353 415 1405 Καὶ
464 1354 582 1406 ἔστι
632 1353 807 1407 ταῦτα
835 1356 901 1409 ὲκ
928 1356 1026 1427 τῆς
1061 1356 1316 1411 ’Δκακίου
1347 1356 1502 1427 Πρὸς
1536 1357 1894 1429 Μάρκελλον

281 1444 619 1515 ἀντιλογίας
646 1446 797 1501 τάδε·

734 1558 926 1614 Ταῦτα
964 1559 1062 1613 διὰ
1091 1561 1469 1629 Μαρκέλλου.

372 1671 469 1736 τῖ’.
503 1669 691 1725 Ταῦτα
719 1672 817 1743 μὲν
846 1667 939 1726 οῦν
958 1672 1052 1726 καὶ
1077 1673 1147 1728 τὰ
1173 1674 1396 1728 τοιαῦτα
1431 1674 1543 1745 (37)
1560 1674 1657 1747 τὴν
1686 1676 1882 1748 παρεξ.

1996 530 2240 600 ipsorum
2288 533 2698 591 lucubrationes
2752 536 2993 593 refutare
3037 541 3279 611 aggressi
3322 553 3484 610 sunt,
3519 546 3573 599 in

1994 620 2195 689 quibus
2251 622 2502 691 vulgatas
2551 624 2673 680 illas
2751 626 3047 684 divisiones
3115 630 3373 686 Acacium
3432 633 3577 689 inter

2000 718 2055 766 et
2081 710 2341 766 Basilium
2369 712 2619 769 Galatam
2664 723 2721 771 et
2777 716 3069 791 Georgium
3098 720 3462 780 Laodicenum
3488 739 3575 782 re-

1995 801 2207 857 futandi
2242 803 2429 859 Acacii
2466 820 2631 862 causa
2668 808 2890 878 scriptis
2933 812 3285 870 mandarunt.
3340 815 3441 871 llic
3486 822 3574 873 est

1991 892 2137 946 enim
2166 893 2255 947 ille
2279 934 2294 957 ,
2323 893 2415 963 qui
2450 893 2764 951 Marcellum
2801 915 2865 952 ex
2898 900 3186 970 ipsiusmet
3213 905 3371 962 libris
3414 922 3571 964 coar-

1994 982 2141 1053 guit:
2175 999 2296 1054 qua:
2321 1000 2425 1041 nos
2450 985 2574 1042 ideo
2606 990 3020 1059 proposuimus,
3050 1008 3119 1049 ne
3140 996 3427 1053 veritatem
3460 1001 3565 1055 ali-

1992 1088 2102 1143 qua
2133 1090 2199 1130 ex
2250 1085 2408 1149 parte
2452 1080 2785 1148 praeteriisse
2822 1080 3107 1137 videamur
3129 1123 3144 1147 .
3180 1088 3437 1155 quoniam
3469 1104 3569 1143 ne-

1992 1180 2099 1235 que
2130 1165 2198 1221 de
2227 1169 2606 1225 emendatione
2637 1169 3028 1242 desperemus,
3081 1189 3181 1229 nec
3207 1177 3273 1231 iis
3308 1180 3567 1233 assentiri

1993 1256 2279 1322 volumus,
2328 1258 2423 1329 qui
2463 1270 2737 1332 utcunque
2768 1277 2799 1315 a
2839 1264 3065 1320 veritate
3096 1266 3406 1324 discedunt.
3438 1268 3572 1335 Qum

1993 1359 2298 1419 sequuntur
2351 1352 2514 1421 igitur
2563 1368 2631 1408 ex
2687 1355 2875 1411 Acacii
2928 1360 3327 1415 commentario
3381 1372 3572 1417 contra

1992 1438 2308 1495 Hareellum
2346 1445 2746 1515 excerpsimus.

2130 1555 2299 1627 838
2353 1556 2435 1611 Ea:
2469 1558 2653 1615 Acacii
2693 1561 2828 1616 libro
2866 1572 3055 1619 contra
3086 1564 3421 1624 Marcellum.

2062 1664 2151 1722 Vl.
2191 1666 2315 1721 ch
2345 1676 2398 1722 et
2428 1667 2513 1723 bis
2546 1668 2745 1724 similia
2777 1668 3063 1727 Marcellus
3099 1674 3347 1744 quaedam
3373 1685 3564 1731 contra

280 1764 505 1835 ήγησιν
553 1764 661 1817 τῶν
711 1767 790 1829 είς
820 1766 919 1828 τὰς
965 1766 1273 1838 Παροιμίας
1327 1767 1507 1839 ῥητῶν
1540 1768 1815 1839 γέγραφεν
1862 1769 1879 1821 ί

1997 1759 2161 1814 Deum
2201 1760 2383 1832 iniqua
2422 1762 2669 1833 garriens
2697 1804 2710 1829 ,
2741 1770 2795 1819 et
2827 1764 2880 1819 in
2912 1767 3147 1823 sublime
3179 1783 3351 1823 cornu
3396 1784 3559 1824 suum

281 1856 645 1927 Μάρκελλος,
675 1857 850 1911 λαλῶν
874 1874 933 1912 τε
982 1858 1125 1913 κατᾶ
1167 1857 1260 1912 τοῦ
1299 1858 1433 1912 Θεοῦ
1462 1859 1694 1924 ἀδικίαν,
1729 1860 1886 1913 ἐπαί-

284 1964 418 2016 ρων
444 1947 500 1999 δὲ
529 1948 609 2010 είς
633 1946 764 2017 ὕψος
798 1948 859 2002 τὸ
900 1948 1071 2020 κέρας
1098 1949 1283 2013 αὐτοῦ,
1323 1948 1610 2020 γενόμενος
1638 1947 1778 2020 ὑπὲρ
1817 1947 1886 2002 τὰ

283 2036 448 2107 μέσα
476 2038 571 2090 τοῦ
592 2037 817 2108 βιϐλίου,
842 2040 936 2092 καὶ
959 2040 1120 2093 πάλιν
1145 2040 1259 2103 θεὶς
1281 2038 1556 2112 ’Λστερίου
1571 2042 1640 2095 τά
1659 2041 1883 2109 λέγοντα

281 2129 544 2197 ῥήματα·
580 2147 599 2181 ι
641 2128 831 2193 Ἀλλος
861 2132 960 2201 μὲν
984 2132 1092 2200 γάρ
1113 2132 1260 2185 ὲστιν
1295 2132 1324 2186 6
1355 2131 1544 2204 Πατὴρ
1570 2132 1599 2186 6
1619 2134 1884 2204 γεννήσας

278 2220 353 2283 ὲξ
378 2220 577 2274 ἑαυτοῦ
608 2221 699 2277 τὸν
742 2224 1004 2294 μονογενῆ
1038 2223 1230 2293 Λόγον,
1260 2225 1354 2278 καὶ
1406 2226 1749 2298 πρωτότοκον
1778 2226 1877 2280 πά-

281 2325 400 2380 σης
436 2312 683 2376 κτίσεως,
729 2313 887 2382 μόνος
921 2313 1099 2385 μόνον,
1135 2314 1338 2379 τέλειος
1374 2316 1596 2381 τέλειον,
1631 2315 1883 2387 βασιλεὺς

280 2400 545 2470 βασιλέα,
581 2400 784 2474 Κύριος
819 2402 1044 2477 Κύριον,
1078 2405 1211 2469 Θεὸς
1243 2406 1396 2471 Θεὸν,
1435 2404 1623 2472 οὐσίας
1649 2426 1731 2472 τε,
1787 2411 1882 2463 καὶ

281 2488 520 2562 βουλῆς,
562 2492 979 2564 καὶδυνάμεως,
1040 2494 1134 2548 καὶ
1164 2495 1323 2566 δόξης
1349 2496 1763 2567 ἀπαράλλακτον
1800 2500 1880 2552 εί-

279 2581 453 2635 κόνα.
498 2602 515 2633 ι
546 2584 671 2647 Θεὶς
698 2580 791 2638 οῦν
811 2584 983 2639 ταῦτα
1010 2586 1104 2639 καὶ
1123 2587 1489 2659 δυσχεραίνων
1520 2588 1657 2661 πρὸς
1684 2589 1781 2661 τὴν
1806 2590 1881 2644 εί-

278 2671 434 2724 κὸνα
479 2672 580 2741 τὴν
622 2673 1058 2743 ἀπαράλλακτον,
1106 2677 1352 2730 τουτέστι
1384 2677 1446 2731 τὸ
1500 2677 1733 2732 ἔκτυπον
1782 2678 1877 2733 καὶ

276 2763 493 2833 τρανὲς
540 2766 829 2833 ἐκμαγεῖον
884 2765 979 2820 τοῦ
1032 2767 1167 2821 Θεοῦ
1217 2768 1319 2839 τῆς
1366 2769 1558 2833 οὐσίας
1629 2770 1723 2824 καὶ
1770 2772 1879 2826 τῶν

281 2856 445 2926 ἑξῆς.
478 2857 687 2927 φαύλην
731 2858 913 2913 καλῶν
963 2859 1061 2930 τὴν
1098 2860 1364 2934 ὑπόληψιν
1399 2862 1621 2933 ταύτην,
1653 2866 1877 2917 ὲπισυνο

280 2948 461 3002 ἅπτει
480 2950 577 3020 τὴν
604 2950 995 3022 δυσαρέστησιν
1020 2951 1209 3017 αὑτοῦ,
1234 2953 1461 3024 γράφων
1484 2947 1607 3007 ὧδε·
1647 2972 1665 3007 ι
1694 2955 1878 3009 Ταῦτα

281 3043 361 3095 τὰ
403 3045 624 3113 ῥήματα
658 3042 844 3113 σαφῶς
866 3044 963 3116 τὴν
1003 3045 1199 3099 ἑαυτοῦ
1230 3046 1439 3118 φαύλην
1472 3049 1601 3120 περὶ
1627 3048 1877 3120 θεότητος

282 3135 705 3205 ὲλέγχειδόξαν.
732 3136 855 3200 Πῶς
876 3138 983 3208 γὰρ
1016 3139 1045 3190 6
1075 3138 1279 3209 Κύριος
1313 3140 1406 3193 καὶ
1427 3140 1557 3203 Θεὸς
1576 3140 1875 3212 γεννηθεὶς,
1905 3162 1947 3217 C

284 3228 372 3291 ὡς
416 3228 583 3292 αὐτὸς
616 3228 905 3300 προλαϐὼν
956 3228 1083 3301 ἔφη,
1125 3230 1350 3285 δύναται
1401 3231 1482 3285 ἔτι
1531 3231 1694 3286 εἰκὼν
1743 3232 1877 3286 Θεοῦ

283 3316 469 3384 εἶναι;
504 3320 731 3391 Ἕτερον
778 3318 887 3393 γὰρ
916 3321 1051 3375 Θεοῦ
1090 3323 1287 3391 ζείκὼν,
1340 3324 1433 3377 καὶ
1486 3324 1670 3395 ἕτερον
1724 3322 1877 3390 Θεός.

284 3411 465 3463 Ὥστε
494 3411 544 3463 εί
578 3409 675 3482 μὲν
706 3411 889 3476 εἰκὼν,
925 3410 984 3467 οὐ
1035 3411 1260 3484 Κύριος,
1307 3412 1429 3468 οὐδὲ
1462 3413 1614 3481 Θεὸς,
1643 3414 1756 3468 ἀλλ’
1801 3417 1879 3469 εί-

285 3502 411 3555 χὼν
439 3502 644 3573 Κυρίου
682 3504 776 3557 καὶ
799 3504 953 3559 Θεοῦ·
988 3508 1038 3559 εί
1066 3504 1125 3559 δὲ
1178 3506 1382 3579 Κύριος
1406 3508 1575 3571 ὅντως
1618 3510 1712 3563 καὶ
1746 3507 1880 3572 Θεὸς

283 3593 495 3658 ὅντως,
532 3596 720 3650 οὐκέτι
752 3597 780 3649 6
812 3595 1016 3670 Κύριος
1049 3597 1141 3652 καί
1171 3599 1303 3662 Θεὸς
1329 3598 1494 3653 εἰκὼν
1542 3600 1747 3671 Κυρίου
1785 3600 1879 3654 καὶ

283 3686 433 3739 Θεοῦ
450 3682 588 3742 εἶναι
611 3686 853 3742 δύναται.
885 3709 904 3741 ι
939 3689 1048 3743 Kal
1076 3689 1220 3761 ἐξῆςν
1252 3709 1270 3743 ι
1304 3689 1471 3744 Οὐδὲν
1498 3687 1591 3744 οὖν
1616 3690 1777 3745 αὐτὸν
1801 3684 1877 3747 ῶν

285 3782 560 3850 προεῖπον
586 3779 722 3834 ε’ίναι
757 3781 1023 3852 βούλεται.
1068 3781 1292 3846 Πάντως
1320 3782 1428 3854 γὰρ
1455 3783 1658 3837 τούτων
1690 3782 1876 3838 εἰκόνα

284 3870 461 3923 αὑτὸν
497 3865 637 3926 εἶναι
682 3872 850 3941 λέγει.
883 3872 1091 3927 Οὐκοῦν
1125 3875 1174 3926 εἰ
1195 3873 1381 3938 οὐσίας
1413 3874 1560 3927 ἐστὶν
1598 3874 1781 3939 είκὼν,
1812 3876 1874 3930 οὐ

282 3962 520 4015 δύναται
564 3962 854 4016 αὺτοουσία
893 3958 1052 4017 εἶναι’
1085 3963 1178 4016 καὶ
1213 3965 1262 4017 εί
1293 3963 1488 4035 βουλῆς
1510 3966 1657 4018 ἐστιν
1686 3964 1871 4032 εἰκὼν,

283 4051 481 4105 οὐκέτι
542 4053 839 4124 αὑτοϐουλὴ
897 4047 1033 4107 εἶναι
1070 4052 1312 4108 δύναται·
1364 4054 1459 4107 καὶ
1498 4055 1547 4107 εί
1593 4054 1875 4125 δυνάμεως

286 4143 483 4208 εἰκὼν,
512 4143 696 4197 οὐκέτι
752 4144 1002 4216 δύναμις·
1040 4145 1137 4199 καὶ
1176 4146 1225 4198 εί
1276 4145 1434 4214 δόξης
1474 4144 1656 4209 εἰκὼν,
1691 4146 1872 4201 οὐκέτι

285 4236 446 4302 δόξα.
510 4236 577 4290 Ἦ
608 4236 717 4308 γάρ
748 4236 911 4293 είκὼν
942 4238 1041 4309 οὐχ
1072 4237 1291 4309 ἑαυτῆς,
1332 4235 1446 4291 ἀλλ’
1496 4237 1682 4309 ἑτέρου
1728 4236 1873 4301 τινός

287 4331 444 4383 ἐστι.
480 4346 501 4383 ι

369 4592 443 4644 Ζ’.
476 4587 661 4643 Ταῦτα
687 4589 744 4643 δὲ
778 4590 867 4655 σὺ,
906 4590 1213 4662 Μάρκελλε,
1254 4588 1322 4643 τά
1364 4590 1583 4661 ῥήματα
1612 4587 1682 4641 τά
1734 4587 1869 4659 πρό-

288 4699 454 4752 τερον
478 4682 766 4743 ἐπαινέσας
795 4682 853 4733 ὲν
884 4681 1025 4752 ἀρχῇ
1056 4680 1150 4733 τοῦ
1182 4681 1408 4751 βιϐλίου,
1441 4678 1536 4732 νῦν
1558 4679 1613 4732 δὲ
1641 4679 1873 4750 ἀρνησά-

293 4791 458 4846 μενος
479 4773 568 4827 τὸν
598 4773 730 4826 Θεὸν
759 4774 822 4825 ὲκ
851 4773 985 4826 Θεοῦ
1012 4774 1181 4842 Λόγον
1206 4773 1334 4827 δντα
1354 4773 1447 4826 τὸν
1472 4772 1620 4836 Υίὸν,
1654 4772 1748 4825 καὶ
1776 4770 1871 4841 μό·

293 4882 385 4919 νον
409 4866 472 4917 ἐκ
500 4864 683 4935 μόνου,
716 4864 809 4917 καλ⁵
834 4864 1037 4917 τέλειον
1065 4865 1129 4917 ὲκ
1157 4864 1384 4928 τελείου,
1414 4863 1600 4932 σαφῶς
1620 4863 1717 4932 τὴν
1734 4861 1870 4931 φαύ-

293 4964 395 5027 λην
431 4974 522 5009 σου
556 4957 685 5026 περὶ
729 4957 980 5028 θεότητος
1013 4955 1243 5027 ἦλεγξας
1280 4955 1456 5022 δόξαν.
1488 4954 1595 5007 Τοῦ
1624 4954 1731 5025 γὰρ
1764 4954 1869 5006 Βα-

297 5046 489 5110 σιλέως
518 5048 611 5100 τοῦ
664 5046 901 5117 μεγάλου
946 5047 1048 5118 τὴν
1097 5047 1282 5100 εἰκόνα
1312 5044 1511 5102 λαόὼν.
1563 5042 1736 5114 άζωῒᾳ
1773 5042 1867 5095 καὶ

294 5140 566 5209 ἀθεότητι,
598 5140 827 5211 ἀϐουλία
863 5153 923 5193 τε
954 5140 1048 5194 καὶ
1092 5138 1385 5209 ἀδυναμίᾳ,
1416 5136 1510 5190 καὶ
1541 5135 1743 5205 ἀδοξίᾳ,
1772 5134 1866 5187 καὶ

293 5229 372 5299 τῷ
403 5230 655 5300 ἀνουσίῳ,
688 5229 1051 5301 ἐκτετμῆσθαι
1077 5230 1175 5301 τὴν
1199 5228 1417 5283 ἀνοσίαν
1446 5224 1670 5297 ῶφειλες
1697 5224 1867 5295 γλῶτ·

383 5409 401 5440 ¹
428 5408 544 5464 Col.
576 5425 615 5476 ι,
647 5407 729 5463 l5.

1989 1854 2225 1924 erigens,
2252 1864 2376 1921 post
2407 1870 2562 1910 suam
2586 1856 2735 1911 illam
2763 1852 3182 1914 Proverbiorum
3213 1860 3561 1930 depravatio-

1989 1959 2111 1996 nem
2150 1944 2329 2012 potius
2352 1983 2369 2008 ,
2404 1960 2565 2015 quam
2599 1943 3107 2018 interpretationem
3142 1950 3447 2020 subjunxlt.
3480 1952 3562 2005 Ac

1989 2033 2223 2103 primum
2276 2034 2393 2090 haec
2431 2036 2632 2092 Asterii
2676 2038 2837 2093 verba
2869 2040 3167 2109 proponit:
3212 2057 3232 2092 ι
3272 2038 3427 2096 Alius
3474 2050 3560 2096 est

1986 2125 2131 2179 enim
2157 2123 2355 2192 Pater,
2404 2128 2495 2196 qui
2526 2129 2751 2184 unicum
2784 2144 2850 2183 ex
2882 2130 3065 2200 seipso
3094 2128 3292 2185 Filium
3323 2131 3558 2188 Verbum

1985 2213 2210 2284 genuit,
2240 2214 2659 2285 primogenitum
2692 2226 2956 2272 creaturze
2983 2218 3163 2275 omnis
3200 2219 3241 2286 ',
3279 2221 3433 2277 solus
3461 2235 3557 2278 so-

1987 2305 2097 2359 lum
2125 2346 2139 2371 ,
2173 2304 2451 2375 perfectus
2484 2307 2783 2377 perfectum
2810 2348 2826 2371 ,
2870 2322 2964 2363 rex
3011 2323 3227 2380 regem,
3292 2310 3559 2371 Dominus

1989 2392 2273 2448 Dominum
2302 2436 2316 2461 ,
2355 2394 2498 2451 Deus
2551 2395 2744 2463 Deum,
2785 2398 3039 2453 essentia:
3084 2400 3412 2472 consiliique
3467 2404 3556 2458 sui

1985 2497 2051 2539 ac
2078 2485 2295 2540 virtutis
2329 2495 2378 2540 et
2409 2486 2593 2557 gloria:
2634 2489 2783 2542 nulla
2810 2489 2863 2543 in
2898 2502 2958 2543 re
2986 2488 3387 2562 discrepantem
3418 2494 3560 2549 ima-

1982 2573 2185 2645 ginem.
2216 2594 2235 2628 ι
2273 2575 2484 2643 Quibus
2508 2577 2561 2632 in
2611 2580 2849 2635 medium
2882 2580 3155 2645 adductis.
3188 2584 3291 2638 hoc
3329 2585 3556 2654 potissi-

1984 2678 2132 2718 mum
2164 2666 2425 2732 oll‘ensus,
2456 2669 2601 2738 quod
2632 2672 2779 2724 nulla
2811 2672 2865 2725 in
2896 2687 2953 2728 re
2987 2674 3383 2743 discrepantem
3418 2676 3559 2731 ima-

1983 2756 2162 2826 ginem
2219 2759 2526 2829 appellarit,
2556 2762 2660 2817 hoc
2685 2771 2769 2817 est
2805 2763 3001 2819 divime
3028 2766 3277 2820 essentia:
3301 2781 3365 2821 ac
3388 2777 3553 2821 caue-

1981 2864 2169 2903 rorum
2191 2852 2433 2905 omnium
2463 2868 2777 2923 expressam
2803 2863 2859 2911 et
2905 2856 3210 2912 evidentem
3239 2858 3553 2927 imaginem,

1982 2936 2296 2993 istiusmodi
2357 2942 2682 2995 sententiam
2740 2942 3151 3018 improbandam
3203 2960 3325 3000 esse
3373 2947 3552 3014 dicit;

1982 3037 2142 3099 atque
2171 3028 2322 3085 hisce
2359 3030 2561 3093 verbis.
2608 3042 2871 3102 quantum
2931 3034 3035 3088 sibi
3085 3035 3174 3089 illa
3202 3035 3553 3104 displiceant,

1982 3120 2220 3176 ostendit
2242 3138 2254 3174 :
2281 3140 2299 3174 ι
2325 3119 2449 3175 llmc
2465 3123 2667 3177 Asterii
2693 3124 2856 3179 verba
2888 3124 3171 3181 manifeste.
3186 3142 3405 3197 pravam
3430 3129 3552 3197 ejus

1979 3212 2047 3266 de
2079 3210 2360 3265 divinitate
2395 3213 2721 3267 sententiam
2750 3222 3005 3285 arguunt.
3042 3214 3253 3270 Etenim
3293 3218 3386 3287 qui
3434 3218 3549 3273 ﬁeri

1976 3310 2188 3372 potest.
2234 3309 2293 3356 ut
2324 3302 2583 3360 Dominus
2621 3319 2686 3360 ac
2725 3304 2868 3361 Deus
2893 3305 3022 3371 ille,
3052 3307 3147 3378 qui
3193 3305 3266 3365 sit
3310 3310 3550 3379 genitus,

1978 3400 2039 3447 ut
2090 3394 2318 3463 ipsemet
2364 3403 2524 3450 antea
2577 3398 2819 3467 scripsit,
2854 3397 2950 3453 Dei
3000 3400 3177 3470 imago
3222 3402 3554 3458 censeatur?

1975 3485 2137 3538 Aliud
2184 3485 2327 3539 enim
2368 3493 2453 3539 est
2486 3486 2665 3557 imago
2711 3486 2846 3555 Dei;
2885 3486 3033 3542 aliud
3075 3490 3236 3547 Deus.
3277 3489 3456 3556 Quare
3502 3494 3552 3547 si

1977 3577 2161 3649 imago
2198 3576 2292 3633 Dei
2339 3585 2464 3645 est,
2495 3593 2606 3633 non
2656 3586 2740 3633 est
2769 3579 3069 3646 Dominus,
3108 3589 3201 3636 aut
3236 3581 3413 3647 Deus,
3452 3584 3551 3640 sed

1975 3667 2155 3739 imago
2186 3667 2400 3724 Domini
2446 3684 2511 3724 ac
2542 3668 2656 3725 Dei.
2690 3668 2787 3725 Sin
2832 3685 3021 3727 revera
3049 3672 3315 3729 Dominus
3360 3683 3446 3729 est
3485 3690 3553 3729 ac

1974 3758 2149 3826 Deus,
2180 3761 2274 3831 qui
2307 3760 2575 3830 ejusmodi
2603 3770 2688 3816 est
2708 3802 2725 3827 ,
2757 3760 2849 3816 Dei
2877 3776 2943 3821 ac
2972 3762 3183 3817 Domini
3217 3763 3395 3834 imago
3426 3780 3555 3821 esse

1973 3866 2083 3907 non
2112 3859 2311 3922 potest.
2356 3872 2374 3905 ι
2405 3852 2600 3907 Subdit
2626 3860 2855 3922 postea:
2889 3870 2908 3904 ι
2929 3851 3073 3907 hihi]
3112 3852 3280 3925 igitur
3330 3854 3549 3909 illorum

1972 3958 2095 4014 qua:
2125 3944 2261 4008 dixi,
2295 3959 2419 3998 esse
2451 3953 2606 4015 putat
2640 3944 2843 4012 ipsum,
2876 3956 3002 3996 cum
3036 3958 3224 3997 eorum
3255 3942 3549 4013 imaginem

1972 4051 2095 4091 esse
2124 4036 2365 4090 deﬁniat.
2397 4034 2548 4090 Unde
2571 4035 2616 4089 si
2650 4033 2927 4097 cssentiw,
2961 4033 3109 4089 verbi
3132 4034 3327 4105 gratia,
3370 4033 3551 4103 imago

1974 4128 2078 4193 sit;
2114 4127 2347 4197 ipsamet
2400 4128 2638 4181 essentia
2668 4140 2777 4180 non
2812 4126 2953 4189 erit,
3007 4141 3184 4194 neque
3232 4124 3277 4181 si
3330 4124 3547 4180 consilii

1974 4220 2045 4273 sit
2095 4218 2315 4288 imago,
2348 4218 2644 4288 ipsummet
2704 4231 2827 4271 esse
2881 4214 3173 4271 consilium
3230 4216 3451 4287 poterit.
3489 4215 3545 4270 Si

1972 4310 2190 4365 virtutis
2213 4318 2297 4365 est
2319 4310 2526 4380 imago,
2558 4310 2732 4365 virtus
2758 4325 2867 4363 non
2896 4316 2980 4364 est
3008 4325 3023 4375 ;
3058 4323 3234 4379 neque
3260 4309 3429 4379 gloria
3448 4346 3463 4372 ,
3498 4309 3544 4363 si

1974 4401 2141 4470 hujus
2169 4401 2348 4471 imago
2380 4402 2471 4457 sit.
2503 4399 2685 4471 Imago
2713 4400 2859 4455 enim
2894 4414 3001 4454 non
3042 4400 3149 4464 sui,
3180 4399 3275 4456 sed
3315 4398 3547 4467 alicujus

1898 4495 1944 4550 D
1974 4495 2205 4549 alterius
2227 4502 2365 4549 est.»

2052 4583 2159 4638 Vll.
2191 4584 2315 4639 Haec
2352 4592 2440 4647 tu,
2469 4583 2721 4639 Marcelle
2749 4622 2764 4646 ,
2793 4583 2952 4637 verba
2975 4622 2990 4647 ,
3025 4598 3147 4637 cum
3190 4591 3349 4637 antea
3393 4579 3547 4636 initio

1974 4677 2098 4732 libri
2124 4676 2543 4741 collaudaveris,
2573 4690 2718 4730 nunc
2743 4684 2921 4730 autem
2946 4672 3204 4729 inﬁcieris
3227 4693 3240 4729 :
3268 4672 3543 4737 nimirum,

1977 4767 2146 4824 Deum
2195 4784 2263 4823 ex
2310 4767 2422 4823 Deo
2451 4766 2691 4822 Verbum
2741 4783 2862 4823 esse
2894 4767 3087 4821 Filium
3114 4804 3130 4830 ,
3176 4772 3231 4820 et
3261 4765 3438 4820 solum
3478 4778 3544 4817 ex

1976 4861 2113 4925 solo,
2147 4869 2201 4915 et
2229 4876 2291 4915 ex
2320 4859 2563 4931 perfecto
2590 4860 2913 4929 perfectum,
2954 4859 3240 4930 perspicue
3268 4857 3543 4913 sinistram

1974 4959 2123 5003 tuam
2156 4952 2225 5005 de
2252 4950 2538 5005 divinitate
2566 4950 2889 5005 sententiam
2920 4950 3145 5019 detegis.
3171 4946 3416 5015 Cumque
3439 4958 3547 4996 ma-

1973 5043 2063 5113 gni
2097 5041 2262 5112 Regis
2302 5042 2591 5112 imaginem
2623 5042 2846 5111 capiens
2879 5041 2987 5094 vita
3008 5079 3025 5104 ,
3060 5038 3342 5093 divinitate
3367 5075 3383 5100 ,
3416 5049 3543 5089 con-

1972 5134 2099 5188 silio
2119 5174 2133 5197 ,
2181 5134 2420 5203 polentia
2440 5172 2454 5195 ,
2496 5132 2668 5202 gloria
2688 5171 2703 5196 ,
2734 5132 2973 5187 essentia
3001 5130 3233 5199 denique
3267 5123 3541 5207 spoliaris,

1969 5225 2171 5297 dignus
2220 5239 2316 5291 es,
2373 5223 2541 5295 839
2586 5224 2675 5279 cui
2730 5222 2894 5293 impia
2952 5220 3135 5291 lingua
3194 5216 3542 5289 praecidatur,

368 5586 479 5661 (Ξῖ)
525 5586 715 5661 ταῦτα
758 5588 874 5661 μὲν
916 5577 1044 5661 οὖν·Δ
1074 5589 1170 5661 καὶ
1209 5586 1280 5641 τὰ
1307 5588 1565 5661 termino.
1614 5584 1862 5661 Asterius

1983 5582 2261 5637 'el'ulasset
2291 5581 2596 5661 Marcellus,
2632 5578 2845 5660 longius
2873 5576 3149 5661 progredi.
3176 5586 3239 5661 ολ
3263 5575 3317 5630 in
3350 5574 3542 5658 Sabel~

300 5645 541 5725 Sopliista
588 5645 953 5712 Christ-inuam
1019 5658 1176 5710 ﬁdem
1244 5657 1860 5734 amplexus._nonnulla
1965 5654 2173 5734 lianain
2221 5652 2469 5734 narrt-sini
2504 5645 2808 5734 desciscere
2853 5645 3003 5734 visus
3034 5656 3154 5734 ρει.
3195 5645 3329 5734 Quae
3357 5648 3539 5734 omnia

303 5718 589 5797 scripserat
622 5728 837 5781 Arimnc
868 5728 1103 5795 perﬁdia:
1137 5718 1523 5782 consentanea.
1561 5728 1691 5791 Quae
1736 5739 1859 5777 cum
1963 5723 2348 5792 copiosissime
2387 5721 2553 5776 habes
2605 5720 2657 5772 in
2707 5718 2903 5772 Annal.
2937 5718 3228 5775 ecclesiast.
3270 5720 3537 5790 exposita.
