3990 6228
426 389 528 452 59!

1841 379 1901 436 ε.
1943 378 2288 437 ΕΡΙΡΙῘΑΝΙΙ

3585 383 3702 442 393
3711 423 3716 426 -

427 503 866 581 quandoquidem
916 502 1344 560 consceleratam
1385 499 1441 556 in
1475 499 1645 557 Deum
1695 515 1884 557 vocem
1919 501 2007 572 je-

2119 517 2234 565 ταν,
2257 500 2428 555 εἰπὼν
2462 501 2613 573 ῥῆμα
2645 502 2725 566 εἰς
2755 501 2986 575 Κύριον,
3011 502 3108 559 καὶ
3133 502 3466 578 τελευτήσας
3490 505 3573 570 εἰς
3593 507 3704 576 ψυ-

428 601 592 662 cisti,
644 611 708 651 ac
742 605 849 650 tam
898 595 1226 663 sacrilegum
1277 591 1446 646 animi
1478 605 1702 646 sensum
1735 599 2012 662 postremo

430 686 740 760 prodidisti.
775 683 912 739 Nam
947 684 1040 755 qui
1075 683 1169 739 Dei
1201 682 1493 754 imaginem
1547 689 1752 736 mutam
1793 697 1857 738 ac
1901 683 2012 737 vita

428 785 708 835 carentem
744 775 975 842 tinxisti,
1015 776 1156 830 hanc
1182 781 1240 829 tu
1275 789 1454 844 neque
1493 771 1804 838 Dominum,
1837 787 2014 842 neque

431 871 601 924 Deum
626 911 644 938 ,
691 884 793 924 nec
825 868 1156 934 essentiam,
1209 880 1310 921 nec
1333 865 1654 930 consilium,
1691 879 1868 934 neque
1899 865 2014 919 vir-

429 968 602 1015 tutem
633 1000 648 1024 ,
699 975 877 1030 neque
925 957 1154 1030 gloriam
1205 971 1328 1012 esse
1361 955 1612 1026 judicas,
1661 955 1758 1012 sed
1814 956 2010 1011 horum

430 1052 674 1107 omnium
705 1051 1038 1105 immobilem
1063 1047 1313 1119 effigiem,
1336 1062 1458 1117 qua:
1483 1063 1585 1102 nec
1608 1049 1812 1110 anima,
1838 1063 2015 1118 neque

431 1140 542 1194 vita
573 1139 800 1209 praedita
837 1139 951 1204 sit,
991 1138 1134 1192 velut
1167 1137 1316 1191 foras
1369 1137 1672 1206 expositam
1707 1136 2012 1204 arbitraris,

433 1240 597 1302 atque
646 1233 720 1285 ita
773 1230 1070 1285 inanimam
1101 1271 1117 1296 ,
1162 1236 1218 1284 et
1249 1229 1486 1282 humana
1517 1231 1694 1283 solum
1734 1236 1852 1283 arte
1882 1244 2016 1282 con-

434 1331 693 1379 stantem.
731 1323 976 1378 Viventis
1024 1329 1207 1376 autem
1252 1321 1348 1375 Dei
1399 1322 1669 1376 viventem
1721 1321 2013 1392 imaginem

432 1431 557 1471 esse
608 1429 774 1484 negas
799 1456 813 1480 ,
852 1422 945 1468 aut
995 1414 1296 1469 essentiam
1326 1413 1611 1476 essentia,
1645 1420 1740 1466 aut
1773 1411 2012 1478 consilii,

431 1507 671 1574 virtutis,
698 1523 760 1561 ac
787 1507 994 1577 gloriae,
1026 1506 1339 1570 consilium,
1369 1506 1645 1570 virtutem,
1673 1519 1738 1558 ac
1761 1505 2011 1574 gloriam,

435 1610 494 1654 ut
546 1599 661 1653 haec
699 1600 879 1668 imago
927 1598 1000 1652 ab.
1029 1613 1095 1654 eo
1129 1597 1290 1666 cujus
1323 1598 1501 1668 imago
1529 1605 1614 1651 est
1668 1596 1818 1650 nulla
1871 1597 1926 1650 in
1955 1611 2016 1652 re

433 1690 726 1759 discrepet.
762 1687 882 1742 Jam
934 1705 1058 1744 cum
1115 1689 1263 1743 nulla
1315 1703 1375 1744 re
1421 1688 1736 1758 discrepare
1789 1688 2013 1753 dicitur,

433 1799 544 1837 non
583 1783 810 1852 perinde
850 1792 956 1846 est,
987 1797 1052 1836 ac
1099 1782 1146 1836 si
1194 1781 1490 1853 ingenitam
1517 1796 1640 1836 esse
1669 1779 2012 1846 fateremini;

2112 593 2214 665 χὴν
2257 591 2430 658 οὕτως
2477 593 2844 666 ἀσεσήσασαν.
2879 595 2992 668 Τὴν
3035 596 3146 668 γὰρ
3200 597 3384 651 εἰκόνα
3419 595 3517 665 τοῦ
3563 597 3702 652 Θεοῦ

2111 685 2288 756 acet;
2325 683 2695 757 περιγράψας,
2723 685 2850 739 οὐτε
2880 686 3107 759 Κύριον,
3139 687 3264 742 οὔτε
3293 689 3449 754 Θεὸν,
3483 689 3586 743 οὐκ
3611 690 3708 743 οὐ·

2114 775 2256 842 σίαν,
2282 777 2346 829 οὐ
2391 775 2608 846 βουλὴν,
2641 778 2704 830 οὐ
2737 779 2990 849 δύναμιν,
3034 779 3096 833 οὐ
3125 781 3284 846 δόξαν
3307 778 3448 836 εἶναι
3471 781 3702 854 ταύτην,

2110 866 2316 922 τούτων
2337 866 2394 920 δὲ
2417 869 2674 938 ἀκίνητον
2709 870 2895 924 εἰκόνα
2923 867 3064 924 εἶναι
3105 871 3281 936 θέλεις
3307 872 3502 944 αὐτὴν,
3533 874 3702 928 οἱονεὶ

2112 957 2320 1030 ἄψυχον
2351 959 2446 1013 καὶ
2476 959 2653 1025 ἅζωον
2678 960 2783 1027 ἔξω
2809 962 3124 1017 ὲκτεθεῖσαν
3161 965 3334 1036 αὐτὴν
3371 965 3567 1030 ποιῶν,
3603 966 3700 1020 καὶ

2111 1049 2186 1113 ὡς
2205 1049 2366 1114 αὐτὸς
2381 1051 2402 1082 ³
2421 1051 2627 1121 ἄψυχον
2647 1052 2742 1104 καὶ
2763 1052 2860 1106 ἀνθ
2871 1053 3080 1126 ρωπίνῃ
3099 1054 3264 1129 τέχνῃ
3281 1057 3419 1130 μόνῃ
3441 1057 3704 1111 συνεστῶ-

2115 1157 2236 1194 σαν.
2263 1141 2472 1206 Ζῶντος
2499 1143 2558 1196 δὲ
2583 1143 2765 1207 ζῶσαν
2795 1145 2858 1198 οὐ
2899 1145 3071 1211 θέλεις
3098 1143 3238 1202 εἶναι
3267 1150 3366 1220 τὴν
3393 1151 3582 1205 εἰκόνα
3605 1151 3701 1206 τοῦ

2113 1229 2272 1297 Θεοῦ,
2299 1233 2420 1286 οὐδὲ
2442 1233 2627 1298 οὐσίας
2653 1235 2844 1290 οὐσίαν
2869 1237 3074 1302 εἰκόνα,
3097 1239 3219 1292 οὐδὲ
3250 1241 3449 1314 βουλῆς
3484 1246 3582 1298 καὶ
3609 1245 3701 1298 δυ-

2115 1320 2332 1392 νάμεως
2383 1323 2479 1376 καὶ
2525 1324 2702 1396 δόξης,
2745 1325 2939 1400 βουλὴν
2989 1330 3083 1382 καὶ
3129 1330 3360 1402 δύναμιν
3405 1334 3501 1388 καὶ
3545 1335 3706 1399 δόξαν

2115 1413 2552 1484 ἀπαραλλάκτως
2583 1417 2788 1472 εἰκόνα.
2818 1420 2892 1473 Τὸ
2935 1419 2992 1472 δὲ
3040 1421 3476 1495 ἀπαραλλάκτως
3527 1429 3702 1480 εἰπεῖν

2114 1504 2214 1575 οὐχ
2263 1499 2373 1560 οἷόν
2427 1524 2480 1560 τι
2529 1509 2624 1562 καὶ
2652 1510 2984 1582 ἁγεννήτως,
3041 1514 3156 1567 ἀλλ’
3196 1516 3280 1570 ὅτι
3317 1519 3574 1583 ὲκτύπως
3611 1521 3705 1574 καὶ

2115 1596 2360 1668 ἀκριϐῶς
2387 1599 2748 1672 ὼμοιωμένην
2778 1603 2916 1674 πρὸς
2941 1608 3212 1680 πατρικὴν
3253 1611 3566 1682 ἀγαθότητα
3611 1615 3704 1668 καὶ

2119 1687 2350 1760 θεότητα
2399 1694 2492 1746 καί
2556 1696 2738 1748 πᾶσαν
2790 1697 3090 1768 ἐνέργειαν,
3152 1704 3266 1757 Καὶ
3319 1706 3440 1775 μεθ’
3503 1707 3700 1778 ἓτερα³

2123 1789 2270 1842 Ἔδει
2304 1790 2360 1843 δέ
2411 1809 2493 1846 σοι
2533 1795 2710 1849 ἅλαλα
2736 1797 3030 1870 γενηθῆναι
3056 1799 3128 1853 τὰ
3171 1799 3326 1871 χείλη
3351 1799 3421 1852 τὸ.
3439 1799 3612 1866 δόλια,
3639 1801 3708 1854 τίι

433 1876 531 1932 sed
583 1875 717 1929 illud
751 1874 929 1928 solum
964 1873 1274 1929 ostenditur
1296 1913 1311 1938 ,
1349 1873 1416 1927 ad
1456 1869 1696 1942 paterna:
1728 1872 2012 1938 bonitatis,

2119 1881 2380 1937 λαλοῦντα
2411 1887 2555 1940 κατὰ
2585 1890 2679 1943 τοῦ
2709 1868 3092 1948 Θεοῦ-ἀδικίαν
3130 1868 3594 1966 ὲνύπενρηφανείᾳ
3615 1895 3705 1949 καὶ

433 1977 489 2022 et
521 1968 830 2030 divinitatis
851 2007 866 2032 ,
901 1974 956 2022 et
985 1966 1218 2021 actionis
1257 1966 1437 2022 omnis
1471 1966 1750 2035 exemplar
1777 1968 2019 2020 exactis-

435 2059 572 2112 sime
595 2055 1110 2124 absolutissimeque
1135 2070 1258 2109 esse
1281 2054 1428 2107 illam
1451 2067 1788 2121 expressam.
1815 2049 2018 2106 Deinde

433 2150 598 2219 paulo
641 2157 764 2218 post
803 2165 816 2202 :
854 2147 999 2202 Muta
1046 2156 1140 2201 tua
1174 2147 1264 2200 illa
1297 2161 1422 2200 esse
1461 2144 1649 2200 dolosa
1681 2144 1822 2198 labia
1851 2159 2018 2214 opor-

433 2243 604 2304 tebat,
635 2257 755 2309 quae
805 2240 1103 2309 loquuntur
1139 2236 1404 2292 adversus
1445 2235 1614 2291 Deum
1649 2235 2011 2305 injustitiam'

434 2349 560 2387 cum
611 2333 866 2402 superbia
913 2339 966 2386 et
999 2337 1340 2398 contemptu.
1387 2326 1602 2382 Etenim
1653 2327 1805 2384 solus
1836 2328 2016 2385 solum

431 2422 598 2480 Pater
626 2423 848 2478 unicum
892 2420 1090 2475 Filium
1135 2421 1322 2490 genuit
1353 2461 1369 2486 ,
1421 2420 1674 2490 quamvis
1707 2421 1932 2478 minime
1962 2422 2018 2478 id

434 2517 533 2570 tibi
571 2517 816 2586 placeat,
845 2515 932 2570 cui
976 2513 1122 2568 aliud
1151 2513 1311 2567 modo
1343 2513 1518 2582 placet
1541 2553 1558 2576 ,
1599 2529 1780 2584 neque
1811 2530 1942 2570 vero
1985 2529 2020 2570 a

435 2609 676 2678 quodam
725 2606 1230 2662 Valentinianorum
1275 2620 1490 2659 menum
1533 2603 1805 2674 principio
1844 2605 2018 2662 Filius

2119 1973 2490 2042 ὲξουδενώσει.
2524 1981 2635 2034 Καὶ
2665 1983 2775 2056 γὰρ
2820 1985 2979 2056 μόνος
3015 1987 3175 2058 μόνον
3211 1987 3506 2059 ἐγέννησεν
3535 1988 3564 2040 ό
3591 1990 3703 2042 Πα-

2117 2067 2224 2138 τὴρ
2273 2069 2365 2122 τὸν
2412 2073 2717 2144 Μονογενῆ,
2753 2076 2858 2129 κᾶν
2905 2078 2972 2131 σύ
3008 2079 3082 2150 μὴ
3121 2077 3327 2142 θέλεις,
3356 2077 3454 2132 νῦν
3483 2079 3611 2134 ἄλλο
3655 2097 3704 2132 τι

2119 2159 2310 2224 θέλων,
2355 2162 2456 2242 οὐκ
2486 2165 2544 2231 ἐξ
2573 2167 2754 2231 αἰτίας
2795 2168 2904 2222 τῶν
2949 2169 3160 2224 αἰώνων
3199 2171 3556 2225 Οὐαλεντίνου
3611 2172 3706 2242 τὴν

2121 2249 2352 2322 πάροδον
2381 2239 2635 2319 λαϐόντος
2668 2257 2762 2310 τοῦ
2785 2258 2939 2326 Υἰοῦ,
2963 2259 3074 2314 ἀλλ’
3096 2261 3160 2312 ὲκ
3179 2261 3340 2330 μόνου
3372 2261 3584 2332 Πατρὸς
3611 2239 3705 2330 την

2119 2341 2371 2412 γέννησιν
2402 2344 2639 2417 ἔχοντος·
2687 2353 2785 2404 καὶ
2825 2352 3030 2417 τέλειος
3060 2353 3288 2408 τέλειον.
3333 2355 3549 2418 Ἀτελὲς
3601 2354 3706 2426 γὰρ

2118 2434 2271 2489 οὐδὲν
2320 2439 2380 2492 ὲν
2410 2441 2606 2514 Πατρί·
2641 2443 2724 2498 διὸ
2765 2444 2885 2498 οὐδὲ
2915 2447 2974 2499 ὲν
3018 2447 3154 2518 Υἱῷ,
3191 2449 3328 2502 ἀλλὰ
3358 2449 3458 2518 τῆς
3500 2447 3704 2500 ἐκείνου

2117 2525 2456 2600 τελειότητος
2511 2535 2607 2588 καὶ
2659 2536 3142 2611 ὐπερτελειότητος
3183 2540 3431 2612 γέννημα
3457 2608 3460 2610 ν
3487 2540 3706 2611 γνήσιον

2116 2617 2210 2671 τοῦ
2249 2621 2378 2676 Υἰοῦ
2399 2624 2520 2678 τελε
2530 2627 2694 2699 ιότης.

434 2701 742 2772 Processit.
769 2701 864 2754 sed
895 2714 924 2752 a
975 2697 1112 2798 solo.
1141 2694 1300 2750 Patre
1619 2705 1748 2758 est:
1787 2697 1914 2798 ile_m
1970 2703 2246 2770 Perfectus
2297 2715 2600 2784 perfectum
2630 2694 2860 2791 genuit.
2892 2723 3036 2781 Nihil
3083 2727 3231 2781 enim
3300 2729 3444 2784 inest
3505 2729 3702 2798 imper-

437 2793 642 2848 fectum
691 2791 744 2844 in
802 2788 964 2846 Patre
1009 2807 1022 2843 :
1065 2785 1188 2842 ideo
1233 2801 1334 2842 nec
1387 2787 1440 2840 in
1477 2785 1614 2842 Filio
1651 2795 1832 2858 potest
1863 2791 2065 2864 inesse,
2101 2813 2228 2857 cum
2264 2804 2413 2863 illius
2443 2785 2802 2880 perfectionis

437 2892 688 2956 superat,
706 2898 1000 2956 germanus
1030 2881 1176 2938 fetus
1215 2882 1288 2936 sit
1317 2879 1440 2936 Filii
1468 2883 1751 2953 perfectio.

508 3003 612 3058 Sed
643 3009 697 3058 et
726 3017 821 3058 rex
860 3017 1041 3072 regem
1071 3001 1280 3072 genuit.
1323 3000 1531 3058 Pietate
1558 3004 2019 3075 quippe‘consen-

433 3105 653 3152 taneum
685 3102 803 3161 est,
839 3108 1069 3164 regnare
1112 3093 1315 3158 Deum,
1358 3107 1481 3147 cum
1536 3094 1755 3150 interim
1802 3099 2020 3168 genitus

435 3197 562 3244 ante
619 3187 820 3242 saecula
869 3183 1079 3248 Filius,
1121 3183 1376 3254 idemque
1423 3201 1520 3241 rex
1578 3195 1756 3258 regno’
1792 3191 2019 3249 alterius

437 3279 740 3350 subjectus,
775 3293 870 3349 per
901 3291 1059 3347 quem
1091 3275 1263 3346 ipsius
1291 3291 1457 3348 regno
1487 3288 1681 3333 caetera
1711 3281 2018 3352 subjacent,

437 3373 746 3440 subjectum
787 3385 846 3424 se
875 3383 996 3424 esse
1021 3375 1176 3437 grato
1215 3368 1399 3420 animo
1434 3367 1688 3424 fateatur.
1719 3371 1838 3426 Non
1877 3376 2020 3428 enim

437 3464 709 3535 privatum
738 3502 750 3524 ,
780 3460 873 3516 sed
905 3474 1088 3530 regem
1125 3459 1276 3512 illum
1308 3461 1496 3530 genuit
1524 3463 1671 3532 regni
1707 3465 1792 3518 sui
1827 3465 2018 3523 Pater:

438 3555 586 3627 quod
620 3569 796 3624 neque
831 3553 1096 3623 temporis
1153 3552 1310 3606 initio
1335 3592 1347 3616 ,
1383 3569 1560 3623 neque
1593 3557 1717 3610 vitae
1765 3557 1872 3614 line
1916 3562 2023 3615 cir-

437 3648 832 3716 cumscriptum
862 3653 969 3700 est.
1001 3644 1271 3710 Quoniam
1322 3648 1442 3716 ejus
1491 3649 1730 3719 dignitas
1780 3668 1887 3706 non
1923 3671 2020 3709 ex-

437 3741 712 3796 trinsecus
762 3738 932 3792 ascita
963 3779 977 3802 ,
1036 3737 1129 3792 sed
1179 3746 1237 3792 ut
1265 3737 1318 3792 in
1353 3737 1542 3803 Patre,
1579 3757 1608 3793 a
1647 3758 1754 3811 quo
1805 3746 2020 3814 genitus

436 3842 554 3898 est,
591 3833 657 3888 ad
688 3833 982 3888 essentiam
1035 3832 1210 3902 ipsam
1241 3834 1498 3903 pertinet.
1535 3833 1616 3889 0b
1658 3836 1710 3890 id
1750 3839 2018 3909 scriptum

436 3926 570 3982 illud
623 3935 743 3982 est:
781 3925 849 3978 Et
903 3926 1048 3996 regni
1097 3925 1244 3979 illius
1293 3943 1396 3980 non
1443 3928 1544 3980 erit
1577 3929 1702 3997 ﬁnis
1729 3933 1770 3984 ³.
1818 3929 2018 3988 Eodem

435 4019 602 4074 modo
641 4027 694 4074 et
749 4017 1014 4072 Dominus
1047 4015 1378 4082 Dominum,
1417 4026 1465 4074 et
1515 4017 1661 4077 Deus
1697 4021 1900 4090 Deum,
1943 4027 2020 4082 uti

434 4125 538 4166 nos
569 4111 904 4173 asserimus,
941 4111 1146 4179 genuit.
1177 4109 1392 4180 Atque,
1433 4120 1491 4165 ut
1525 4128 1635 4167 uno
1673 4115 1842 4170 verbo
1889 4117 2022 4172 deli-

433 4202 619 4267 niam,
669 4203 961 4268 essentne,
1011 4201 1270 4266 consilii,
1308 4202 1525 4259 virtutis
1577 4214 1629 4259 et
1673 4207 1858 4276 gloriae
1909 4225 2018 4264 non

434 4303 641 4348 mutam
719 4310 783 4349 ac
843 4301 1116 4347 mortuam
1151 4294 1446 4364 imaginem
1491 4295 1584 4351 sed
1615 4303 1852 4354 essentia
1888 4315 2020 4356 con-

435 4379 782 4449 sultandique
833 4382 884 4434 vi
939 4381 1218 4450 praeditam
1281 4397 1344 4438 ac
1405 4391 1676 4452 potentem
1725 4397 1772 4442 et
1829 4390 2022 4459 glorio-

436 4483 553 4522 sam
605 4485 727 4524 csse
775 4468 1142 4524 defendimus.
1178 4470 1365 4526 Virtus
1399 4475 1543 4528 enim
1589 4476 2018 4535 imbecillitatem

435 4575 545 4614 non
581 4569 841 4630 generat,
875 4562 968 4616 sed
1001 4563 1174 4632 ipsam
1216 4563 1382 4635 840
1433 4581 1530 4634 per
1573 4583 1693 4624 sese
1740 4571 2021 4628 virtutem:

433 4651 510 4705 ita
560 4653 734 4724 gloria
767 4669 875 4707 non
931 4653 1324 4725 ignobilitatem
1356 4699 1372 4723 ,
1409 4659 1502 4712 sed
1537 4660 1798 4728 gloriam;
1835 4665 2022 4719 consi-

435 4746 568 4800 lium
603 4761 710 4800 non
746 4747 966 4800 consilii
999 4763 1194 4817 expers
1223 4749 1452 4818 aliquid,
1481 4751 1574 4805 sed
1605 4761 1658 4806 et
1683 4753 1858 4822 ipsum
1890 4769 2022 4810 con—

435 4839 660 4903 silium;
701 4839 939 4892 essentia
977 4839 1213 4910 denique
1263 4855 1371 4894 non
1425 4844 1663 4897 essentia
1702 4859 1898 4900 carens
1929 4848 2024 4902 ali-

433 4929 606 5007 quid,
655 4929 748 4983 sed
781 4929 1080 4983 essentiam
1131 4930 1322 5000 gignit.
1353 4931 1534 4997 Quare
1569 4932 1805 4988 Verbum
1837 4937 2018 5007 ipsum

433 5005 612 5094 imago
661 5021 806 5077 Deus
843 5029 957 5084 est,
1015 5021 1317 5091 vivensque
1363 5024 1629 5093 sapientia
1688 5005 2016 5094 subsistens,

433 5113 672 5170 Verbum
703 5111 892 5169 efﬁcax
939 5121 996 5168 et
1031 5113 1203 5169 Filius
1227 5155 1242 5178 ,
1294 5113 1594 5187 eademque
1627 5117 1716 5172 illa
1749 5119 2016 5190 sapientia

433 5207 728 5262 essentiam
787 5205 972 5279 habet.
1025 5203 1153 5260 l-lazc
1201 5207 1348 5261 enim
1387 5219 1471 5264 est
1526 5225 1632 5280 qua
1677 5226 1738 5266 se
1771 5213 2016 5281 quotidie

433 5297 576 5357 Deus
617 5300 944 5365 oblectabat,
987 5315 1112 5355 cum
1146 5301 1398 5356 absoluto
1429 5309 1698 5356 terrarum
1725 5303 1858 5358 orbe
1887 5318 2014 5375 gau-

431 5391 595 5448 debat
631 5393 670 5448 ³.
708 5393 840 5460 Qua;
869 5392 1088 5463 quidem
1120 5393 1305 5448 omnia
1331 5408 1454 5448 cum
1483 5401 1564 5460 tu,
1600 5392 1877 5457 Marcelle,
1909 5411 2006 5450 co-

431 5499 548 5538 ram
607 5485 922 5540 hominibus
973 5501 1179 5556 neges,
1241 5485 1464 5557 negabit
1514 5493 1568 5539 et
1624 5486 1712 5540 illa
1744 5493 1796 5538 te
1821 5502 2007 5542 coram

433 5573 626 5642 Patre.
657 5579 750 5648 qui
788 5579 842 5633 in
872 5579 1026 5635 caelis
1055 5588 1139 5643 est
1169 5580 1228 5644 δε
1265 5577 1554 5657 negabcris
1591 5599 1719 5642 vero
1749 5592 2009 5656 praterca

2823 2856 2838 2884 ,
2879 2833 3001 2888 quas
3053 2820 3442 2890 perfectionem
3489 2835 3703 2876 omnem

2198 3017 2307 3072 Kal
2339 3019 2592 3091 βασιλεὺς
2619 3025 2865 3097 βασιλέα.
2890 3029 3128 3093 Εὐσεϐὲς
3157 3031 3267 3104 γὰρ
3293 3031 3382 3085 τὸν
3407 3033 3542 3087 Θεὸν
3564 3034 3706 3106 βασι-

2125 3119 2323 3188 λεύειν,
2350 3124 2458 3195 πρὸ
2484 3125 2591 3180 τῶν
2641 3128 2853 3184 αἰώνων
2880 3131 3232 3203 γεννηθέντος
3281 3133 3378 3186 τοῦ
3415 3133 3570 3201 Υἰοῢ,
3617 3137 3705 3190 καὶ

2047 3232 2093 3292 C
2125 3213 2540 3288 βασιλευομένου
2573 3219 2858 3290 βασιλέως,
2894 3224 2960 3278 δι’
3011 3221 3072 3280 οὗ
3103 3227 3194 3279 καὶ
3245 3227 3314 3280 τὰ
3363 3227 3526 3282 λοιπᾶ
3556 3228 3702 3299 βασιο

2121 3315 2360 3382 λεύεται,
2415 3319 2759 3392 εὐχαρίστως
2809 3324 3200 3395 ὁμολογοῦντος
3259 3329 3359 3398 τὴν
3405 3329 3702 3399 ὑποταγὴν.

2122 3420 2236 3472 Οὐκ
2265 3419 2478 3492 ἰδιώτην
2508 3422 2635 3494 γὰρ,
2671 3425 2806 3480 ἀλλὰ
2839 3425 3062 3496 βασιλέα
3107 3430 3440 3502 γεγέννηκεν
3461 3433 3489 3484 ό
3521 3435 3704 3504 Πατὴρ

2119 3512 2218 3582 τῆς
2246 3510 2525 3580 βασιλείας
2553 3515 2741 3581 αὐτοῦ,
2773 3515 2896 3571 οὔτε
2921 3519 3094 3591 ἀρχὴν
3130 3521 3372 3592 ἡμερῶν,
3409 3522 3536 3577 οὔτε
3567 3525 3704 3594 ζωῆς

2121 3599 2272 3664 τέλος
2305 3600 2555 3672 ἐχούσης.
2595 3605 2670 3657 Οὐ
2698 3605 2806 3679 γὰρ
2840 3607 3038 3674 ἔξωθεν
3069 3611 3131 3664 τὸ
3153 3611 3391 3682 ἀξίωμα,
3413 3614 3494 3677 εἱς
3523 3615 3704 3668 οὐσίαν

2121 3699 2177 3751 δὲ
2204 3701 2354 3772 αὐτῷ
2392 3705 2656 3769 συντελεῖ,
2687 3708 2891 3778 ὁμοίως
2921 3709 3100 3782 Πατρὶ
3123 3713 3469 3784 γεννήσαντι.
3500 3715 3592 3768 Διὸ
3617 3717 3704 3769 καὶ

2121 3803 2429 3874 γέγραπται
2453 3806 2534 3873 τὸ,
2573 3807 2679 3860 Καὶ
2708 3808 2819 3877 τῆς
2839 3809 3164 3877 βασιλείας
3193 3814 3509 3870 αὺτσῦοακ
3541 3818 3703 3872 ἔσται

2119 3896 2317 3962 τέλος.
2353 3897 2539 3962 Οὕτως
2562 3899 2617 3953 δὲ
2665 3901 2758 3954 καὶ
2798 3899 3001 3972 Κύριος
3028 3903 3251 3974 Κύριον,
3283 3905 3377 3958 καὶ
3399 3907 3530 3971 Θεὸς
3579 3909 3704 3962 Θεὸν

2122 3988 2317 4056 γεννᾷν
2355 3987 2484 4058 παρ’
2525 3989 2686 4059 ἡμῶν
2729 3990 3097 4062 ὡμολόγηται.
3134 3995 3245 4047 Καὶ
3279 3997 3466 4060 ἁπλῶς
3511 4001 3700 4066 εἰπεῖν,

2121 4077 2310 4141 οὐσίας
2357 4081 2451 4133 καὶ
2499 4079 2692 4151 βουλῆς
2737 4084 2832 4136 καί
2877 4084 3156 4155 δυνάμεως
3191 4089 3286 4140 καὶ
3317 4089 3477 4160 δόξης
3523 4093 3700 4146 εἰκόνα

2121 4181 2349 4254 λέγομεν
2397 4185 2496 4238 οὐκ
2544 4185 2748 4258 ἄψυχον
2799 4190 2892 4242 καὶ
2935 4190 3154 4262 νεκρὰν,
3209 4192 3324 4245 ἀλλ’
3353 4194 3588 4267 οὐσιὼδη
3616 4195 3704 4250 καὶ

2123 4279 2448 4352 βουλητικὴν
2483 4283 2578 4337 καὶ
2611 4285 2844 4357 δυνατὴν
2892 4291 2985 4342 καὶ
3027 4290 3254 4358 ἔνδοξον.
3311 4295 3551 4368 Δύναμις
3601 4299 3704 4371 γὰρ

2121 4374 2221 4426 οὐκ
2267 4374 2566 4445 ἀδυναμίαν
2601 4380 2786 4449 γεννᾷ,
2821 4380 2956 4434 ἀλλὰ
2993 4383 3374 4458 αὐτοδύναμιν·
3433 4393 3529 4444 καὶ
3583 4393 3703 4460 δόξα

2121 4466 2222 4518 οὐκ
2261 4465 2476 4531 ἀδοξίαν
2519 4471 2705 4540 γεννᾷ,
2753 4471 2890 4526 ἀλλὰ
2929 4475 3241 4540 αὐτοδόξαν·
3273 4481 3368 4533 καὶ
3403 4481 3566 4555 βουλὴ
3611 4487 3703 4538 οὐκ

2120 4557 2376 4610 ἀϐουλίαν
2411 4561 2594 4632 γεννᾷ,
2643 4562 2780 4616 ἀλλὰ
2829 4565 3178 4640 αὐτοϐουλήν·
3233 4572 3329 4624 καὶ
3355 4573 3513 4628 οὐσία
3551 4577 3614 4629 οὐ
3644 4575 3704 4628 τὸ

2125 4647 2410 4719 ὁμοούσιον
2442 4653 2484 4722 ⁸,
2515 4654 2652 4706 ἀλλὰ
2680 4655 3014 4712 αὐτοούσιον.
3055 4661 3232 4716 Εἰκὼν
3248 4665 3356 4736 ἄρα
3387 4667 3534 4722 ἐστὶν
3559 4671 3588 4722 ό
3615 4671 3704 4723 Λό-

2126 4759 2224 4809 γος
2258 4743 2409 4809 Θεὸς,
2442 4745 2592 4810 ζῶσα
2641 4749 2801 4816 σοφία
2847 4751 3205 4826 ὐποττστικὴ,
3237 4758 3409 4826 Λόγος
3457 4763 3700 4834 ἐνεργὴς,

2125 4835 2222 4889 καὶ
2251 4836 2399 4900 Υἱὸς,
2423 4836 2562 4909 αὕτη
2616 4841 2945 4914 οὐσιωμένη.
2989 4846 3137 4918 Αὕτη
3169 4849 3277 4920 γὰρ
3378 4855 3700 4926 προσέχαιρε

2125 4929 2248 4982 καθ’
2277 4932 2489 5002 ἡμέραν
2523 4936 2552 4987 ὁ
2583 4935 2736 4998 Θεὸς,
2765 4937 2854 4990 ὅτε
2893 4939 3218 5012 εὐφραίνετο
3257 4945 3356 5018 τὴν
3381 4944 3704 5022 οἰκουμένην

2127 5021 2470 5115 συντελέσας.
2502 5025 2574 5078 Σὺ
2599 5025 2678 5092 δὲ,
2713 5028 3024 5102 Μάρκελλε,
3057 5034 3227 5088 ταῦτα
3261 5039 3598 5111 ἀρνούμενος
3617 5021 3703 5115 ἔμε

2123 5109 2361 5203 πρόσθεν
2397 5113 2512 5203 τῶν
2559 5117 2883 5190 ἀνθρώπων,
2923 5123 3208 5200 ἀρνηθήσῃ
3247 5109 3347 5198 μὲν
3391 5109 3485 5184 eis
3538 5109 3702 5203 αὐτῆς

2121 5201 2336 5271 ἐκείνης
2378 5202 2687 5276 ἔμπροσθεν
2714 5208 2810 5263 τοῦ
2841 5212 3057 5286 Πατρὸς
3081 5217 3176 5271 τοῦ
3201 5219 3260 5272 ἐν
3289 5223 3404 5286 τοῖς
3435 5201 3696 5298 οὐρανοῖς,

2119 5303 2404 5401 ἀρνηθήσῃ
2424 5307 2480 5362 δὲ
2509 5309 2603 5363 καὶ
2627 5311 2938 5384 ἔμπροσθεν
2959 5318 3060 5390 τῆς
3093 5319 3423 5396 Ἐκκλησίας
3459 5329 3560 5401 τῆς
3601 5331 3697 5385 ὐπὸ

2118 5395 2210 5496 fl”
2233 5399 2461 5469 οὐρανὸν
2497 5405 2815 5480 γραφούσης
2864 5411 2992 5482 περὶ
3040 5413 3134 5466 σοῦ
3173 5419 3452 5491 πανταχοῦ

2120 5491 2338 5545 ’Ἄκουε
2359 5495 2553 5564 Λόγον
2575 5500 2816 5566 Κυρίου.
2835 5503 3086 5574 Γράψον
3115 5507 3224 5562 τὸν
3251 5511 3442 5581 ἄνδρα
3467 5491 3690 5580 τοῧτὸέ,

2118 5584 2493 5654 ἐκκήρυκτον
2523 5590 2858 5660 ἄνθρωπον-⁸
2895 5597 2984 5652 ὅτι
3013 5601 3086 5655 οὐ
3106 5601 3194 5672 μὴ
3229 5607 3471 5679 αὐξηθῇ
3503 5611 3571 5668 ἐκ
3593 5611 3692 5667 τοῦ

505 5803 526 5838 ⁸
549 5801 692 5859 Psal.
725 5820 853 5870 xxx,
881 5806 965 5863 l9.
1041 5809 1062 5841 '
1092 5807 1226 5865 Luc.
1253 5825 1294 5877 ι,
1321 5809 1410 5864 ³55.
1487 5808 1508 5840 ³
1548 5805 1710 5863 Prov.
1737 5823 1856 5873 vm,
1891 5807 1978 5864 50.

2119 5809 2306 5870 Matth.
2345 5823 2400 5874 x,
2429 5811 2518 5866 '55.
2594 5813 2706 5878 '.F.
2735 5817 3018 5886 ὡσαύτως.
3097 5824 3118 5858 ⁸
3147 5825 3273 5883 Cor.
3300 5830 3564 5893 ἀνούσιον.
