3990 6228
325 300 426 355 393

967 294 1339 350 ADVERSUS
1382 293 1723 350 "IERESES
1764 294 1890 348 LIB.

2008 336 2021 349 .
2065 294 2227 350 ΤΟΜ.
2269 295 2307 349 1.
2352 329 2419 337 -
2460 298 2734 356 ΗΑΞΒΕΞ.
2778 300 2983 357 LXXII.

3482 304 3585 360 ΞΜ

321 415 666 485 σπέρματος
709 412 898 467 αὐτοῦ
942 415 1142 481 ἅρχων
1164 416 1251 467 ἔτι
1295 415 1362 466 ἐν
1408 415 1488 478 τῷ
1530 415 1737 481 Ἰούδᾳ,
1762 418 1897 467 καθ-

2006 423 2058 469 et
2092 431 2279 471 coram
2313 417 2576 484 Ecclesia,
2607 437 2727 491 quae
2757 424 2859 478 sub
2888 425 3028 479 coelo
3055 438 3140 481 est
3175 469 3190 493 ,
3222 444 3342 498 quin
3377 431 3580 500 ubique

318 510 541 579 ἥμενος
560 509 657 562 ἐπὶ
682 509 898 575 θρόνου
927 507 1121 561 Δαϐίδ.
1172 527 1189 557 ι

2020 516 2290 561 terrarum
2356 509 2424 564 de
2488 520 2541 565 te
2597 514 2830 569 scribit:
2889 517 3030 571 Audi
3081 519 3289 573 verbum
3330 521 3571 579 Domini:

318 605 503 661 Scribe
540 605 711 659 virum
766 604 902 657 hunc
957 602 1261 656 abdicatum
1297 602 1599 667 hominem;
1650 603 1898 674 quoniam
1940 619 2043 656 non
2076 612 2269 657 crescet
2298 618 2364 657 ea:
2394 606 2506 673 ejus
2538 608 2731 662 semine
2752 609 2994 680 princeps
3030 610 3257 683 amplius
3306 617 3365 669 in
3413 615 3577 680 Iuda,

315 697 504 751 sedens
540 698 596 749 in
629 698 815 750 throno
860 695 1026 749 David
1056 698 1095 747 '.
1122 715 1139 745 ι

386 784 469 839 H'.
506 787 617 839 Καὶ
670 786 789 857 μεθ’
823 787 1008 857 ἕτερα,
1062 784 1537 856 μνημονεύσαντος
1578 786 1901 857 Μαρκέλλου

311 877 425 931 τῶν
464 879 742 949 Ἀστερίου
780 878 980 950 ῥητῶν,
1019 879 1269 948 ἐπιφέρει
1293 879 1488 947 λέγων’

393 989 413 1020 ε
450 970 575 1033 Θείς
602 966 694 1023 οῦν
723 971 917 1034 ταῦτα,
958 972 1051 1023 καὶ
1081 972 1273 1042 χωρῶν
1298 974 1363 1043 τῇ
1399 973 1624 1043 ἀρνήσει
1648 972 1903 1043 Σωτῆρος

311 1061 474 1130 ἡμῶν
514 1062 723 1126 εἰκόνος
748 1064 842 1116 καὶ
870 1064 1080 1127 οὐσίας,
1111 1065 1204 1116 καὶ
1235 1066 1333 1134 τῆς
1374 1064 1693 1133 μονογενοῦς
1726 1064 1903 1135 υἰότη-

311 1170 408 1218 τος
438 1155 505 1207 ὲκ
531 1155 763 1227 Πατρὸς,
788 1156 883 1209 καὶ
913 1156 1023 1209 τῶν
1044 1157 1427 1227 πρωτοτοκὶων
1445 1158 1624 1227 πάσης
1650 1158 1900 1225 κτίσεως,

314 1243 534 1315 καὶτῆς
560 1245 624 1299 ὲκ
662 1246 982 1317 μονογενοῦς
1012 1248 1325 1317 μονότητος,
1365 1248 1460 1301 καὶ
1483 1250 1581 1318 τῆς
1603 1250 1667 1301 ἐκ
1696 1248 1903 1302 τελείου

312 1332 675 1406 τελειότητος,
707 1339 801 1402 καὶ
836 1338 937 1408 τῆς
965 1339 1029 1391 ὲκ
1054 1338 1317 1407 βασιλέως
1352 1338 1647 1410 βασιλείας,
1683 1340 1778 1393 καὶ
1804 1341 1906 1409 τῆς

315 1427 381 1477 ὲκ
406 1424 613 1496 Κυρίου
637 1427 984 1497 κυριότητος,
1010 1430 1103 1481 καὶ
1131 1429 1233 1497 τῆς
1262 1431 1326 1482 ὲκ
1357 1430 1492 1483 Θεοῦ
1524 1429 1797 1500 θεότητος,
1824 1432 1906 1483 οὐ·

316 1516 443 1579 σίας
463 1533 524 1569 τε
549 1517 755 1582 ἁπλῶς,
797 1518 891 1572 καὶ
923 1519 1138 1590 βουλῆς,
1172 1521 1265 1573 καὶ
1290 1520 1592 1590 δυνάμεως,
1626 1521 1721 1574 καὶ
1747 1520 1906 1591 δόξης

311 1606 449 1660 Θεοῦ
477 1609 689 1673 εἰκόνος
720 1611 1164 1683 ἀπαραλλάκτου,
1204 1613 1265 1665 οὐ
1319 1615 1534 1683 μικροῖς
1584 1612 1764 1681 λόγοις
1803 1615 1902 1684 ἀρ·-

310 1700 573 1771 νούμενος
604 1702 911 1773 ἔμπροσθεν
931 1705 1039 1757 τῶν
1074 1704 1402 1776 ἀνθρώπων,
1424 1706 1503 1758 διὸ
1530 1707 1624 1760 καὶ
1662 1706 1901 1777 ἁρνηθη-

312 1792 543 1862 σόμενος
564 1793 873 1865 ἔμπροσθεν
911 1794 1002 1848 τοῦ
1027 1797 1237 1868 Πατρὸς
1268 1796 1455 1861 αὐτοῦ,
1492 1797 1752 1867 ἄντικρυς
1767 1798 1901 1850 ταῦ-

308 1901 380 1937 τα
412 1886 663 1957 γράφεις·
723 1886 907 1941 Ταῦτα
940 1889 1010 1942 τὰ
1071 1890 1295 1960 ῥήματα
1334 1890 1521 1959 σαφῶς
1559 1892 1658 1961 τὴν
1691 1891 1901 1962 φαύλην

308 1978 478 2029 αὐτοῦ
533 1979 662 2050 περὶ
710 1977 960 2050 θεότητος
1012 1981 1226 2053 Πατρὸς
1278 1983 1369 2035 καὶ
1424 1983 1554 2035 Υἱοῦ
1605 1984 1903 2055 παρίστησι

307 2067 491 2133 δόξαν.
536 2068 602 2121 Ἦ
633 2070 689 2122 δὲ
718 2071 922 2124 τούτων
967 2071 1195 2143 ἄρνησις
1222 2073 1320 2143 τὴν
1369 2074 1467 2144 σὴν
1518 2074 1901 2147 ὲνδιάστροφον

307 2161 408 2212 καὶ
438 2160 649 2232 φαύλην
667 2163 795 2234 περὶ
820 2162 1071 2235 θεότητος
1100 2165 1195 2218 καὶ
1219 2165 1407 2228 οὐσίας
1430 2167 1687 2237 Χριστοῦ,
1718 2168 1904 2236 σαφῶς

306 2254 541 2324 ῆλεγξεν
574 2252 920 2328 ἑτεροδοξίαν.
948 2277 965 2310 ι

378 2515 463 2571 8⁸.
491 2516 605 2571 Καὶ
629 2516 747 2590 μεθ’
783 2515 947 2592 ἕτερα
973 2516 1225 2588 ἐπιφέρει
1250 2516 1317 2571 τὰ
1342 2517 1687 2589 Μαρκέλλουο

390 2626 410 2660 ι
450 2610 634 2663 Ἕωλα
664 2606 757 2664 οὖν
782 2610 849 2664 τὰ
880 2611 1007 2681 ἑξῆς
1048 2610 1296 2681 ἐπιφέρει
1330 2610 1573 2681 γράφων·
1601 2608 1768 2663 Οὐδὲν
1799 2610 1897 2664 αὐ·

306 2701 422 2754 τῶν
448 2696 523 2755 ῶν
551 2705 809 2774 προεῖπεν
842 2698 981 2757 εἶναι
1008 2702 1277 2772 βούλεται.
1308 2702 1533 2755 Πάντων
1556 2702 1664 2772 γὰρ
1696 2699 1899 2753 τούτων

308 2793 500 2846 εἰκόνα
551 2794 713 2847 αὐτὸν
751 2790 890 2848 εἰναι
920 2794 1118 2863 λέγεις.
1160 2793 1369 2848 Οὐκοῦν
1417 2794 1465 2846 εἰ
1510 2793 1699 2856 οὐσίας
1753 2793 1899 2846 ἐστὶν

307 2885 502 2953 εἰκὼν,
524 2887 708 2941 οὐκέτι
731 2878 1019 2942 άύτοουσία
1048 2887 1271 2941 δύναται
1302 2883 1461 2940 εἶναι.
1493 2884 1603 2937 Καὶ
1632 2886 1681 2937 εἰ
1703 2882 1898 2955 βουλῆς

308 2976 465 3029 ἐστιν
509 2976 695 3041 εἰκὼν,
729 2977 912 3030 οὐκέτι
954 2976 1256 3047 αὐτοϐουλὴ
1281 2972 1420 3029 εἶναι
1449 2974 1691 3029 δύναται·
1729 2975 1821 3027 καὶ
1849 2974 1900 3025 εἰ

308 3068 618 3137 δδνάμεως,
647 3068 828 3121 οὐκέτι
861 3067 1108 3139 δύναμιςο
1146 3069 1241 3122 καὶ
1261 3069 1310 3122 εἰ
1338 3068 1515 3139 δόξης,
1539 3068 1721 3121 οὐκέτι
1748 3067 1894 3132 δόξα.

323 3160 393 3213 Ἠ
417 3160 526 3228 γὰρ
558 3158 719 3213 εἰκὼν
754 3160 851 3230 οὐχ
892 3161 1111 3231 ἑαυτῆς,
1147 3160 1261 3215 ἀλλ’
1301 3160 1488 3231 ἐτέρου
1545 3160 1690 3222 τινὸς
1735 3157 1896 3212 εἰκών

309 3250 485 3302 ἐστιν.
516 3250 701 3303 Ἔωλα
728 3249 806 3313 δὲ,
842 3249 1149 3321 Μάρκελλε,
1182 3250 1275 3303 καί
1311 3249 1481 3319 ψευδῆ
1530 3248 1721 3301 ταῦτα.
1755 3248 1898 3301 Πάν-

310 3357 384 3392 τα
423 3339 532 3410 γὰρ
561 3340 723 3392 αὐτὸν
746 3340 781 3393 ἃ
829 3344 1089 3411 προεῖπον
1126 3339 1403 3410 Ἀστέριος
1448 3334 1588 3391 εἶναι
1628 3338 1894 3407 βούλεται,

311 3432 511 3500 λέγων·
542 3432 804 3495 Βασιλεὺς
823 3432 1070 3503 βασιλέα,
1095 3432 1300 3503 Κύριος
1332 3431 1557 3502 Κύριον,
1577 3431 1709 3493 Θεὸς
1741 3430 1893 3484 Θεόν.

311 3522 428 3577 Καὶ
454 3521 568 3575 λύει
602 3540 696 3577 σου
722 3523 818 3595 τὴν
845 3524 1048 3594 ἄψυχον
1078 3524 1283 3587 εἰκόνα,
1312 3521 1411 3593 τὴν
1440 3521 1581 3575 κατά
1604 3522 1662 3575 σὲ
1689 3520 1898 3591 ἀνθρω-

314 3613 454 3684 πίνῃ
484 3614 649 3685 τέχνῃ
682 3614 1023 3668 συνεστῶσαν
1077 3613 1234 3685 μόνῃ.
1276 3612 1500 3666 Πάντων
1545 3612 1654 3682 γὰρ
1694 3611 1897 3665 τούτων

314 3706 503 3769 ζῶσαν
550 3707 732 3761 εἰκόνα
781 3707 949 3776 λέγει,
1005 3707 1099 3760 καὶ
1134 3705 1333 3771 ζῶντος
1364 3704 1567 3769 εἰκόνος
1605 3705 1896 3775 ἐκμαγεῖον

314 3794 488 3852 οὖσαν
516 3799 611 3853 τοῦ
641 3800 1049 3870 γεγεννηκότος·
1080 3798 1173 3853 καὶ
1199 3798 1385 3861 οὐσίας
1414 3796 1735 3851 αὐτοουσίαν
1761 3797 1897 3850 εἰκό-

317 3909 389 3946 να
416 3892 583 3959 λεγει,
616 3895 711 3946 καὶ
743 3892 938 3963 βουλῆς
969 3889 1317 3961 αὐτοὸουλὴν,
1351 3890 1447 3943 καὶ
1485 3889 1764 3960 δυνάμεως
1793 3890 1893 3942 αὐ-

314 3982 632 4053 τοδύναμιν,
690 3985 785 4037 καὶ
838 3982 994 4053 δόξης
1048 3981 1376 4047 αὐτοδοξίαν,
1411 3981 1504 4035 καὶ
1532 3981 1629 4051 οὐχ
1674 3978 1894 4049 ἑαυτῆς,

311 4073 434 4126 ἀλλ’
459 4074 649 4145 ἐτέρου
698 4074 927 4137 εἰκόνος.
958 4075 1029 4126 Σὺ
1055 4073 1133 4138 δὲ,
1182 4072 1315 4126 Θεὸν
1359 4072 1424 4124 ὲκ
1461 4070 1595 4123 Θεοῦ
1635 4070 1725 4124 τὸν
1772 4070 1896 4123 Υἰὸν

310 4167 417 4236 οὐχ
443 4165 748 4237 ὁμολογῶν,
775 4167 896 4220 οὐδὲ
926 4164 1042 4236 φῶς
1082 4167 1146 4218 ὲκ
1178 4164 1373 4233 φωτὸς,
1404 4163 1523 4216 οὐδὲ
1555 4162 1781 4232 δύναμιν
1832 4164 1896 4215 ὲκ

310 4258 619 4328 δυνάμεως,
650 4257 775 4311 οὐτε
810 4257 963 4324 Θεὸν,
996 4256 1118 4309 οὔτε
1143 4255 1278 4324 φῶς,
1308 4256 1368 4309 οὐ
1389 4255 1636 4324 δύναμιν,
1666 4254 1763 4307 οὐκ
1804 4254 1895 4307 οὐ-

312 4349 460 4412 σίαν,
495 4352 555 4404 οὐ
615 4350 833 4422 βουλὴν,
863 4351 922 4403 οὐ
952 4349 1108 4416 δόξαν
1152 4349 1243 4402 τὸν
1284 4348 1413 4400 Υἱὸν
1458 4343 1594 4400 εἶναι
1649 4345 1821 4409 θέλεις
1854 4346 1893 4401 ¹.

2085 777 2216 832 VIII.
2250 777 2382 835 Post
2404 781 2517 836 haec
2537 798 2659 837 cum
2683 800 2751 839 ex
2778 788 2992 842 Asterie
3012 788 3294 847 Marcellus
3317 798 3580 850 nonnulla

2011 880 2516 938 commemorasset,
2552 875 2785 943 subjecit
2812 876 3078 934 Aeacius:

2084 982 2102 1012 ι
2137 962 2232 1017 His
2280 966 2464 1033 itaque
2494 966 2723 1035 positis,
2761 969 2979 1039 longius
3012 972 3211 1029 deinde
3259 992 3583 1046 progressus

2008 1054 2300 1122 imaginem
2334 1053 2637 1112 Salvatoris
2658 1099 2674 1121 ,
2722 1068 2778 1113 et
2825 1063 3117 1116 essentiam
3145 1103 3160 1127 ,
3192 1073 3245 1119 et
3283 1070 3428 1122 unici
3459 1068 3580 1124 Filii

2009 1158 2072 1197 ex
2109 1143 2269 1199 Patre
2294 1184 2309 1208 ,
2356 1162 2570 1203 necnon
2645 1157 2699 1203 et
2734 1150 3076 1222 primogeniti
3110 1156 3289 1211 omnis
3320 1167 3584 1216 creaturae

2007 1236 2375 1292 conditionem
2409 1255 2643 1309 negans;
2678 1249 2840 1310 atque
2886 1244 3033 1298 illam
3070 1246 3313 1315 ejusdem
3346 1252 3586 1322 singula-

2005 1328 2223 1385 ritatem
2244 1370 2259 1395 ,
2292 1346 2415 1402 qua;
2464 1348 2490 1386 a
2522 1334 2787 1404 singulari
2812 1334 2919 1391 Deo
2945 1346 3169 1404 manat,
3205 1351 3258 1395 et
3292 1343 3584 1411 perfectio-

2006 1434 2129 1475 nem
2162 1436 2193 1474 a
2220 1423 2464 1491 perfecto
2494 1465 2509 1489 ,
2542 1433 2597 1481 et
2627 1426 2829 1497 regiam
2862 1430 2930 1484 ab
2958 1445 3085 1501 rege
3141 1442 3461 1503 potestatem
3482 1476 3497 1500 ,
3552 1455 3582 1493 a

2007 1507 2239 1565 Domino
2274 1513 2613 1570 dominatum
2635 1556 2649 1581 ,
2699 1526 2754 1572 et
2780 1518 3114 1577 divinitatem
3156 1539 3185 1577 a
3219 1524 3328 1581 Deo
3353 1567 3368 1590 ,
3406 1536 3461 1583 et
3492 1545 3582 1585 es-

2009 1603 2239 1657 sentiam
2265 1604 2503 1676 denique
2542 1623 2606 1663 ac
2656 1612 2988 1676 consilium,
3020 1615 3277 1672 virtutem
3327 1620 3584 1690 gloriam-

2007 1705 2114 1760 que
2151 1693 2304 1747 nullo
2338 1695 2499 1750 modo
2525 1696 2756 1754 diversae
2785 1699 3040 1772 imaginis
3073 1703 3163 1758 Dei
3196 1705 3443 1763 funditus
3473 1711 3544 1762 tol
3567 1742 3604 1781 -γ

2004 1781 2151 1847 lens,
2187 1799 2362 1856 neque
2407 1790 2598 1857 paucis
2641 1791 2825 1849 verbis
2869 1809 3053 1849 coram
3102 1797 3415 1857 hominibus
3456 1803 3579 1858 inﬁ-

2003 1870 2178 1935 cians,
2221 1875 2464 1947 adeoque
2493 1894 2677 1934 coram
2706 1880 2866 1939 Patre
2896 1886 3042 1942 illius
3072 1889 3419 1962 inﬁciandus,
3466 1897 3577 1951 htcc

2003 1973 2188 2031 aperte
2223 1966 2524 2036 scripsisti:
2578 1969 2860 2039 Ejusmodi
2914 1977 3075 2031 verba
3129 1995 3348 2049 pravam
3407 1985 3578 2054 ipsius

2002 2054 2071 2109 de
2098 2054 2279 2113 Patris
2314 2074 2377 2116 ac
2410 2059 2530 2115 Filii
2582 2063 2868 2121 divinitate
2914 2073 3239 2126 sententiam
3270 2085 3456 2145 aperte
3484 2079 3578 2134 de-

2003 2153 2331 2202 monstrant.
2370 2151 2567 2206 V'erum
2605 2162 2660 2209 tu
2694 2156 2803 2211 illis
2846 2159 3029 2227 potius
3064 2164 3327 2232 negandis
3360 2183 3580 2236 perver—

2000 2250 2118 2303 sam
2147 2237 2608 2313 depravatamque
2648 2258 2795 2301 tuam
2846 2250 2912 2303 de
2945 2249 3148 2308 Christi
3203 2255 3484 2315 divinitate
3524 2271 3577 2315 et

2002 2330 2240 2384 essentia
2267 2332 2574 2400 opinionem
2601 2349 2761 2392 recue
2787 2339 2909 2395 ﬁdei
2932 2345 3265 2401 contrariam
3294 2352 3578 2422 perspicue

2003 2419 2311 2486 prodidisti.
2343 2442 2361 2474 ι

2074 2507 2164 2563 ΙΧ.
2203 2509 2334 2568 Post
2365 2513 2479 2569 haec
2522 2513 2762 2572 Marcelli
2794 2521 2958 2577 verba
2991 2523 3250 2595 subiicit:

2077 2620 2097 2654 ‹
2128 2600 2310 2675 Inepta
2366 2608 2595 2677 proinde
2645 2622 2775 2668 sunt
2819 2629 2941 2684 quae
2991 2614 3277 2675 Marcellus
3329 2621 3571 2693 adjecit:

1999 2690 2143 2748 Nihil
2186 2711 2376 2752 eorum
2435 2716 2557 2770 quae
2611 2714 2771 2767 antea
2828 2719 3393 2776 commemoraverat.
3454 2731 3575 2771 esse

2001 2788 2225 2855 statuit;
2264 2800 2317 2845 tu
2351 2792 2493 2847 enim
2525 2795 2759 2853 istorum
2789 2800 3033 2854 omnium
3064 2816 3188 2858 esse
3220 2819 3412 2862 censes
3441 2807 3577 2862 ima-

2000 2876 2199 2947 ginem.
2233 2878 2388 2937 Unde
2417 2884 2462 2938 si
2489 2889 2741 2942 essentia:
2779 2890 2959 2961 imago
3008 2902 3132 2960 est,
3167 2894 3284 2965 ipsa
3312 2913 3435 2955 esse
3464 2916 3573 2955 non

2004 2976 2184 3037 potest
2212 2975 2450 3028 essentia
2479 2995 2492 3029 :
2523 2987 2577 3031 et
2609 2978 2653 3033 si
2689 2982 2904 3036 consilii
2940 2983 3120 3055 imago
3157 2988 3249 3052 sit,
3283 2993 3572 3046 consilimn

2003 3058 2182 3128 ipsum
2212 3077 2337 3119 esse
2364 3066 2581 3135 nequit;
2613 3085 2788 3140 neque
2818 3072 3013 3140 virtus,
3038 3075 3084 3129 si
3123 3077 3373 3144 virtutis;
3398 3097 3575 3153 neque.

2000 3151 2213 3220 gloria,
2269 3157 2313 3211 si
2359 3159 2577 3227 quidem
2625 3163 2804 3235 imago
2832 3166 3016 3236 gloria:
3065 3177 3168 3224 est.
3208 3169 3343 3226 Nam
3396 3151 3575 3246 imago

2000 3258 2107 3297 non
2143 3246 2228 3300 sui
2266 3247 2476 3317 ipsius,
2532 3252 2629 3307 sed
2678 3256 2903 3315 alterius
2953 3259 3187 3329 alicujus
3242 3260 3420 3334 imago
3468 3277 3571 3321 est.

2001 3332 2108 3390 Sed
2158 3337 2273 3393 haec
2304 3340 2538 3407 insulsa,
2570 3344 2820 3403 Marcelle
2841 3390 2855 3413 ,
2888 3358 3015 3405 sunt
3046 3366 3110 3406 ac
3139 3353 3293 3410 falsa.
3324 3332 3574 3413 Asterius

1997 3428 2141 3483 enim
2174 3433 2357 3487 omnia
2387 3434 2502 3490 haec
2533 3437 2683 3492 illum
2716 3456 2837 3496 esse
2877 3442 3100 3508 indicat,
3129 3462 3251 3517 qua:
3276 3449 3441 3522 841
3471 3466 3570 3505 an-

1998 3526 2083 3574 tea
2119 3529 2458 3592 numeravit,
2507 3544 2632 3584 cum
2669 3530 2844 3587 dixit:
2903 3534 3021 3590 Rex
3073 3553 3279 3609 regem,
3313 3540 3571 3599 Dominus

2001 3610 2289 3670 Dominum
2316 3656 2330 3681 ,
2362 3619 2502 3675 Deus
2543 3620 2734 3678 Deum.
2773 3623 2983 3690 Quibus
3013 3629 3197 3683 verbis
3243 3641 3389 3685 tuam
3425 3634 3568 3688 illam

1998 3701 2294 3760 inaniniam
2322 3708 2550 3780 elligiem
2579 3750 2593 3774 ,
2630 3727 2694 3769 ac
2723 3715 2839 3769 solo
2861 3756 2874 3778 ,
2903 3726 2960 3771 ut
2989 3719 3273 3776 arbitraris
3293 3762 3307 3784 ,
3338 3722 3573 3781 hominis

1998 3792 2236 3847 artiﬁcio
2273 3800 2626 3855 constitutam
2677 3800 2924 3859 funditus
2958 3807 3169 3861 evertit.
3204 3807 3417 3880 Quippe
3448 3811 3569 3865 illo-

1999 3899 2119 3938 rum
2153 3888 2400 3942 omnium
2433 3890 2608 3945 vivam
2648 3908 2770 3948 esse
2816 3894 2973 3950 docet
3009 3897 3319 3968 imaginem,
3354 3902 3457 3956 hoc
3488 3916 3567 3959 est

1996 3976 2174 4031 vivam
2209 3980 2314 4034 vivi
2367 3983 2633 4051 genitoris
2670 3985 2897 4057 elligiem
2924 4028 2937 4051 ,
2988 3997 3043 4043 et
3088 3992 3340 4047 essentia:
3377 4008 3567 4050 essen-

1998 4068 2128 4121 tiam
2156 4108 2172 4136 ,
2205 4082 2260 4125 et
2292 4073 2509 4127 consilii
2558 4077 2888 4142 consilium,
2925 4079 3144 4135 virtutis
3182 4082 3436 4139 virtutem
3463 4126 3478 4147 ,
3514 4075 3564 4140 ἐι

1997 4159 2183 4228 gloriae
2206 4163 2477 4232 gloriam;
2525 4182 2703 4236 neque
2739 4184 2903 4236 porro
2933 4171 3017 4224 sui
3058 4171 3262 4240 ipsius,
3298 4174 3392 4229 sed
3429 4176 3558 4230 alte-

1998 4252 2111 4307 rius
2142 4253 2576 4334 imaginemesse
2597 4257 2952 4315 demonstrat.
2981 4259 3062 4316 Tu
3092 4279 3220 4318 vero
3248 4280 3370 4319 cum
3398 4266 3487 4323 De:
3512 4286 3565 4325 in

1996 4356 2061 4397 ex
2094 4342 2204 4397 Deo
2237 4343 2433 4399 Filium
2466 4362 2589 4403 esse
2627 4350 2789 4414 nolis,
2822 4366 2997 4421 neque
3027 4354 3210 4408 lumen
3242 4355 3308 4410 de
3340 4356 3569 4423 lumine,

323 4441 488 4495 Ἀλλὰ
524 4442 586 4495 τὸ
616 4443 775 4513 σῶμα
812 4442 983 4495 ταῦτα
1022 4440 1272 4510 ἀφανίζει
1316 4437 1528 4501 ἀσεϐῶς
1572 4439 1629 4491 ἐν
1662 4439 1726 4509 τῇ
1765 4455 1890 4491 συν-

2004 4446 2174 4501 neqne
2197 4433 2450 4488 virtutem
2481 4452 2546 4490 cx
2583 4437 2804 4503 virtute,
2836 4455 3011 4509 neque
3040 4440 3209 4495 Deum
3231 4482 3245 4505 ,
3281 4459 3457 4514 neque
3482 4446 3562 4498 lu-

308 4534 496 4604 τελείᾳ
551 4533 689 4604 μετὰ
720 4533 941 4587 τούτων.
981 4532 1092 4586 Καὶ
1145 4533 1282 4602 ἀρνῇ
1333 4530 1432 4600 μὲν
1460 4529 1541 4592 τὸ,
1581 4528 1724 4593 Θεὸς
1752 4524 1831 4598 ἦν
1858 4530 1891 4581 ό

309 4625 526 4694 Λόγος,
557 4626 684 4678 Υἰὸν
709 4626 765 4678 δὲ
787 4624 920 4678 Θεοῦ
960 4624 1165 4687 καλεῖς,
1195 4623 1227 4693 ἢ
1254 4622 1476 4692 ὀνόματι
1514 4620 1680 4690 μόνῳ,
1713 4620 1746 4690 ἢ
1783 4619 1890 4672 τῶν

315 4714 620 4787 ἀνθρώπων
639 4717 682 4779 ⁸,
731 4707 797 4768 ἵν’
830 4713 1120 4783 ἑτερογενῆ
1150 4711 1352 4780 γεννῶν
1391 4713 1474 4780 εἰη
1502 4712 1529 4763 ὁ
1558 4709 1708 4773 Θεὸς,
1745 4708 1888 4762 θέσει

309 4806 572 4877 γεννητὸν
610 4807 755 4865 Υἱὸν.
792 4804 1034 4867 κατὰτὸ,
1064 4803 1234 4866 Υἰοὺς
1253 4801 1573 4871 ἐγέννησα,
1603 4799 1700 4851 καὶ
1736 4799 1890 4867 ὕψω-

306 4912 415 4950 σα·
458 4898 551 4949 καὶ
581 4896 722 4950 κατά
751 4896 830 4958 τὸ,
872 4893 1147 4949 Ἐλάϐετε
1169 4891 1408 4961 Πνεῦμα
1437 4890 1757 4954 υἱοθεσίας·
1796 4892 1889 4945 καὶ

307 4989 394 5053 τὸ,
446 4989 761 5057 Ἐνέγκατε
784 4987 863 5053 τῷ
894 4987 1105 5054 Κυρίῳ,
1138 4983 1252 5039 υἱοί
1283 4984 1451 5038 Θεοῦ.

1999 4538 2120 4577 men
2143 4563 2158 4587 ,
2196 4540 2373 4595 neque
2407 4527 2660 4582 virtutem
2679 4571 2692 4593 ,
2729 4546 2829 4585 nec
2855 4534 3150 4588 essentiam
3178 4576 3192 4602 ,
3236 4551 3410 4605 neque
3437 4552 3566 4590 con-

1996 4613 2201 4679 silium,
2238 4631 2414 4685 neque
2444 4618 2671 4687 gloriam
2706 4635 2827 4676 esse
2856 4620 3053 4676 Filium
3083 4623 3365 4680 existimas
3407 4664 3421 4678 .
3455 4667 3467 4679 .
3502 4666 3513 4677 .
3554 4666 3566 4677 .

1996 4704 2090 4760 sed
2121 4706 2235 4760 haec
2264 4707 2428 4776 impie
2457 4724 2677 4779 corpus,
2714 4711 2768 4765 in
2801 4712 2902 4767 line
2931 4715 3144 4781 mundi,
3175 4733 3281 4771 una
3303 4732 3427 4771 cum
3463 4718 3569 4771 illis

1994 4800 2364 4871 exstinguunt.
2388 4801 2462 4856 Ita
2493 4802 2719 4859 Joannis
2744 4805 2875 4859 illud
2900 4808 3276 4863 testimonium
3309 4811 3567 4879 abnegas,

1996 4891 2138 4945 Deus
2176 4903 2290 4947 erat
2334 4895 2558 4949 Verbum
2590 4896 2629 4959 ³,
2677 4895 2814 4951 Filio
2847 4913 3009 4968 porro
3065 4899 3153 4955 Dei
3206 4900 3291 4955 vel
3348 4899 3569 4954 nomine

1996 4992 2179 5048 tenus,
2212 4986 2294 5039 vel
2318 4987 2495 5039 solum
2524 4987 2797 5041 hominem
2833 4990 3093 5059 appellas,
3122 4997 3179 5043 ut
3205 4989 3407 5044 diversi
3439 5002 3467 5039 a
3512 5002 3568 5038 se

306 5083 530 5151 generis
587 5081 780 5137 Filium
839 5082 1105 5153 producat
1159 5078 1341 5140 Deus,
1402 5078 1607 5147 quique
1662 5079 1776 5133 sola
1830 5080 1900 5132 sit
1963 5080 2253 5147 adoptione
2316 5078 2529 5146 Filius,
2580 5082 2889 5152 cujusmodi
2939 5084 2993 5139 in
3052 5084 3162 5184 illis
3207 5082 3361 5184 locis
3386 5081 3566 5184 expri-

310 5178 508 5230 mitur:
560 5173 730 5229 Filios
778 5176 972 5245 genui,
1024 5182 1073 5226 et
1126 5172 1355 5226 exaltari
1389 5169 1447 5237 δς
1508 5172 1677 5225 item:
1738 5172 2025 5241 Accepistis
2086 5174 2342 5243 Spiritum
2406 5175 2703 5245 adoptionis
2734 5178 2790 5241 5;
2842 5179 3005 5233 item:
3066 5178 3263 5245 Aﬁ'erte
3322 5173 3562 5257 Domino,

383 5268 415 5296 :.'
456 5267 542 5296 rh:
567 5266 587 5296 6

383 5268 415 5279 ·’
527 5267 608 5319 i‘.

311 5267 585 5421 ﬁlii-52;;
616 5352 731 5420 οῦν,
767 5358 860 5411 καὶ
886 5356 1187 5425 δυνάμεως,
1214 5356 1305 5407 καὶ
1351 5354 1565 5424 βουλῆς,
1606 5354 1699 5408 καὶ
1725 5351 1882 5422 δόξης

307 5448 736 5519 ἀπαράλλακτον
765 5448 941 5516 λέγων
987 5446 1261 5516 ’Δστέριος
1290 5446 1470 5498 εἰκόνα
1506 5445 1596 5498 τὸν
1624 5445 1750 5497 Υἰὸν
1789 5443 1884 5496 τοῦ

385 5608 402 5637 ⁸
439 5605 563 5660 limo
587 5605 670 5657 vel
698 5605 877 5658 alieno
922 5604 1042 5657 loco
1094 5602 1292 5672 posita,
1345 5601 1426 5654 vel
1485 5606 1738 5669 corrupta
1781 5603 1928 5652 sunt.

311 5677 332 5707 '
371 5676 527 5730 Rern.
563 5692 683 5739 vm,
719 5674 803 5727 l5.
880 5677 899 5705 θ
938 5674 1079 5727 l’sal.
1109 5688 1302 5733 xxvm,
1337 5674 1380 5725 l.

519 5815 792 5877 ΡΑτιιοι.
833 5815 946 5872 Gn.
998 5814 1045 5873 Χ
1065 5813 1188 5872 LII.

2061 5352 2194 5405 Cum
2248 5352 2412 5421 igitur
2456 5352 2701 5409 Asterius
2763 5353 2957 5408 Filium
3006 5360 3243 5422 paterna:
3293 5354 3562 5421 essentia),

1994 5444 2232 5508 virtutis,
2262 5444 2496 5508 consilii,
2531 5445 2822 5514 gloriaeque
2862 5444 3008 5496 nulla
3041 5458 3097 5497 re
3129 5443 3394 5497 diversam
3428 5445 3563 5499 ima-

2009 5600 2027 5628 τ
2056 5597 2115 5651 F.
2141 5598 2231 5651 τὸν
2264 5598 2570 5669 ἄνθρωπον.
2647 5599 2666 5630 ³
2694 5594 2893 5651 Jerem.
2919 5611 3053 5659 un,
3086 5596 3175 5650 50.
3245 5590 3265 5620 ⁸
3306 5598 3407 5651 lsa.
3439 5611 3475 5660 ι,
3507 5597 3560 5653 '2.

3182 5794 3254 5854 13
