3990 6228
404 367 507 423 ’595

1829 359 1884 416 s.
1919 358 2270 438 EPIPHANII.

3577 371 3681 426 596

397 486 577 556 ginem
599 502 720 542 esse
747 484 895 547 velit,
941 496 1167 538 necesse
1208 488 1314 548 est,
1340 487 1397 535 ut
1430 488 1709 552 paternas,
1739 481 1888 536 velut
1927 481 1983 535 in

2093 487 2324 559 Πατρὸς,
2367 487 2583 553 πάντως
2612 486 2774 540 οἱονεὶ
2809 485 2935 547 τοὺς
2976 483 3278 554 πατρικοὺς
3313 481 3672 555 χαρακτῆρας

405 583 540 642 ﬁlio,
583 588 740 634 notas
773 592 840 649 ac_
857 576 1058 646 ﬁguras
1085 575 1265 631 inesse
1276 574 1628 644 iudicaverit,
1659 589 1834 644 eaque
1861 589 1982 644 quae

395 669 462 724 de
491 669 651 726 Patre
703 671 887 725 animo
936 667 1343 738 concipiuntur,
1407 666 1461 720 in
1524 664 1660 719 Filio
1697 674 1980 735 expressa,

395 760 479 816 vel
506 761 556 816 ei
583 775 870 825 concessa,
892 775 1014 831 qua:
1040 775 1150 816 non
1179 758 1292 814 sint
1319 758 1388 812 ab
1411 757 1531 829 ipso
1553 757 1712 812 Patre
1742 757 1978 812 diversa.

395 853 538 923 Ergo
569 852 685 908 haec
722 869 842 924 quae
873 851 1085 907 dixerat
1107 851 1287 906 omnia
1311 865 1434 912 esse
1467 850 1582 904 vult
1613 849 1832 906 Filium.
1861 847 1982 905 Non

393 944 538 1000 enim
568 945 713 1000 velut
739 944 1118 999 adumbratam
1155 942 1434 998 coloribus
1487 942 1777 1013 imaginem
1832 943 1982 1012 cogi-

395 1034 571 1103 tavit;
615 1050 793 1104 neque
842 1035 1064 1089 tertium
1123 1034 1384 1104 pictorem
1427 1034 1651 1097 invexit,
1684 1042 1742 1088 ut
1771 1029 1981 1090 dis-creo

393 1129 577 1196 pantis
609 1143 639 1182 a
669 1128 829 1183 Patre
856 1126 999 1191 Filii,
1038 1127 1118 1184 sic
1151 1134 1413 1198 tanquam
1439 1128 1720 1182 coloribus
1748 1129 1982 1199 qualita-

395 1230 477 1274 tes
515 1219 644 1275 alibi
688 1220 1040 1290 exprimeret,
1104 1219 1268 1289 idque
1320 1220 1500 1289 ipsum
1559 1221 1858 1291 appellaret
1890 1220 1982 1275 Fi-

393 1310 547 1366 lium.
599 1311 714 1368 Hoc
747 1313 891 1368 enim
925 1318 980 1366 tu
1035 1313 1149 1369 sive
1179 1313 1444 1383 prudens,
1492 1313 1610 1368 sive
1662 1311 1980 1384 imprudens

393 1403 620 1468 asseris,
657 1419 782 1460 eum
809 1404 883 1459 ita
914 1405 1174 1476 loqueris.
1221 1405 1388 1476 Igitur
1433 1403 1478 1460 si
1515 1404 1770 1460 essentne
1802 1404 1981 1475 imago

391 1506 496 1564 est,
525 1500 761 1554 essentia
789 1499 908 1570 ipsa
939 1514 1061 1556 esse
1099 1515 1207 1554 non
1234 1507 1430 1570 poteSI,
1459 1514 1636 1570 neque
1663 1501 1979 1566 consilium,

394 1590 440 1644 si
479 1590 658 1662 imago
685 1592 903 1647 consilii
940 1600 1046 1648 est.
1076 1589 1274 1646 Nostra
1304 1605 1436 1644 vero
1457 1591 1751 1656 sententia,
1804 1592 1849 1646 si
1891 1606 1981 1647 es-

392 1681 583 1736 sentia:
607 1681 725 1738 viva
749 1683 822 1738 sit
850 1682 1050 1754 imago,
1081 1679 1323 1738 essentia
1354 1682 1470 1752 ipsa
1495 1697 1620 1738 esse
1645 1690 1843 1753 potest,
1869 1691 1982 1738 est-

385 1759 497 1842 que
513 1789 720 1830 revera.
748 1775 923 1846 Atque
953 1776 1026 1830 ita
1066 1776 1320 1831 essentia;
1341 1774 1632 1845 imaginem
1685 1790 1808 1830 esse
1846 1789 1980 1830 con-

2092 581 2291 635 ὲνεῖναι
2343 581 2495 650 λέγει
2544 579 2622 650 τῷ
2652 578 2787 649 Υίῷ,
2812 579 2906 631 καὶ
2943 576 3014 630 τά
3039 577 3397 647 ἐπινοοῦμενα
3428 577 3522 630 τοῦ
3556 578 3672 630 Πα-

2087 673 2214 746 τρὸς
2243 673 2608 736 τετυπῶσοαι,
2649 672 2682 743 ἢ
2711 671 2956 738 δεδόσθαι
2988 669 3068 740 τῷ
3089 670 3224 741 Υἱῷ,
3247 670 3348 724 οὐκ
3372 670 3507 725 ἄλλα
3539 670 3673 739 παρ’

2090 766 2252 820 αὑτὸν
2285 766 2435 821 ὄντα.
2493 766 2677 821 Πάντα
2700 760 2791 818 οὖν
2820 763 2856 818 ὃ.
2878 766 3160 835 προεῖπεν,
3185 763 3344 816 αὑτὸν
3369 759 3507 817 εἶναι
3533 763 3675 833 βού-

2091 858 2266 912 λεται.
2303 858 2377 910 Οὐ
2416 856 2522 928 γὰρ
2561 856 2660 928 τὴν
2694 856 2752 908 tv
2801 853 3088 925 χρώμασιν
3146 853 3328 907 εἰκόνα
3370 855 3501 918 νοεῖ,
3549 854 3672 907 οὐδὲ

2091 950 2270 1021 τρίτον
2309 948 2599 1020 ζωγράφον
2623 948 2854 1016 εἰσάγει.
2885 947 2968 1000 ἵνα
2991 946 3386 1016 διαφωνοῦντος
3418 947 3551 1016 πρὸς
3579 947 3672 1000 τὸν

2088 1039 2311 1110 Πατέρα
2337 1038 2424 1092 διὰ
2460 1037 2766 1110 χρωμάτων
2803 1035 2902 1098 τὰς
2940 1035 3232 1105 ποιότητας
3263 1033 3498 1104 ἀλλαχοῦ
3526 1033 3666 1106 γρά-

2089 1147 2185 1204 φῃ,
2216 1131 2310 1184 καὶ
2343 1130 2501 1184 τοῦτο
2534 1130 2660 1183 Υἰὸν
2703 1129 2878 1183 καλεῖ.
2908 1127 3066 1180 Οὓτω
3094 1127 3202 1197 γάρ
3233 1127 3298 1178 σὺ
3328 1127 3547 1194 νοήσας,
3577 1125 3673 1178 καί

2090 1220 2167 1292 μὴ
2210 1222 2432 1292 νοήσας,
2469 1221 2596 1292 φῄς.
2634 1219 2843 1274 Οὐκοῦν
2885 1221 2934 1272 εί
2969 1219 3156 1282 οὐσίας
3190 1218 3337 1270 ἐστὶν
3377 1216 3560 1279 εἰκὼν,
3609 1217 3670 1269 οὐ

2085 1311 2310 1366 δύναται
2340 1313 2633 1367 αὖτοουσία
2669 1309 2811 1366 εἶναι
2833 1329 2845 1343 ·
2893 1311 2988 1366 καὶ
3024 1313 3072 1364 εί
3115 1309 3331 1380 βουλῆς,
3361 1309 3543 1362 οὐκέτι
3573 1309 3673 1361 αὑ-

2086 1405 2336 1478 τοϐουλή.
2367 1406 2506 1459 Καθ’
2529 1407 2677 1477 ἡμᾶς
2699 1404 2808 1478 γὰρ
2840 1406 2888 1458 εἰ
2919 1404 3108 1468 οὐσίας
3132 1404 3276 1457 ἐστὶν
3302 1402 3465 1455 εἰκὼν
3495 1402 3670 1466 ζῶσα,

2087 1499 2378 1552 αὐτοουσία
2408 1497 2630 1552 δύναται
2664 1493 2826 1563 εἷναι,
2853 1499 2948 1551 καὶ
2969 1497 3106 1550 ἐστι.
3140 1497 3250 1549 Kal
3281 1493 3453 1558 οὕτως
3482 1493 3673 1555 οὐσίας

2086 1589 2274 1642 οὐσίαν
2309 1589 2494 1642 εἰκόνα
2525 1588 2757 1660 λέγομεν
2790 1588 2878 1642 διὰ
2911 1588 3141 1659 μίμησιν
3175 1587 3496 1658 ὁμοιοτάτην
3523 1585 3671 1654 ζωῆς

2085 1697 2145 1732 τε
2171 1681 2264 1734 καὶ
2291 1681 2571 1752 ἐνεργείας
2596 1697 2609 1712 ·
2637 1681 2778 1734 οὕτω
2809 1680 2866 1732 δὲ
2898 1680 2992 1732 καὶ
3015 1679 3210 1750 βουλῆς
3239 1678 3432 1748 βουλὴν
3459 1678 3669 1739 εἰκόνα,

2085 1768 2176 1823 τὸν
2226 1770 2470 1841 μεγάλης
2519 1771 2714 1843 βουλῆς
2743 1771 3038 1840 Ἄγγελον,
3087 1771 3182 1824 καὶ
3233 1769 3532 1841 δυνάμεως,
3574 1771 3673 1822 καὶ

392 1865 628 1930 ﬁtemur,
665 1865 731 1921 ad
761 1876 1009 1922 exactam
1038 1867 1162 1922 vita:
1189 1874 1243 1922 et
1300 1866 1531 1922 actionis
1568 1865 1982 1922 similitudinem

2093 1858 2242 1932 δόξης
2269 1861 2521 1935 δύναμιν,
2553 1864 2649 1918 καὶ
2675 1863 2860 1930 δόξαν.
2882 1863 2994 1918 Kal
3027 1862 3232 1916 τούτων
3259 1859 3670 1933 παραστατικὸν

389 1971 729 2023 expressam.
763 1957 967 2013 Eodem
1000 1958 1161 2013 modo
1187 1965 1241 2013 et
1267 1957 1483 2012 consilii
1516 1957 1816 2028 im’aginem
1847 1971 1981 2011 con-

392 2044 576 2098 silium
611 2045 840 2103 facimus
868 2063 883 2112 ;
909 2048 1088 2119 magni
1130 2047 1340 2103 scilicet
1385 2046 1601 2102 consilii
1633 2046 1898 2116 Angelum
1935 2047 1978 2108 ¹,

391 2148 458 2188 ac
487 2143 761 2204 postremo
781 2137 967 2208 gloriae
996 2145 1050 2192 et
1078 2138 1296 2192 virtutis
1327 2136 1619 2208 imaginem
1651 2137 1882 2208 gloriam
1914 2151 1980 2191 ac

392 2225 648 2281 virtutem
699 2243 821 2284 esse
863 2230 1174 2284 statuimus.
1207 2227 1339 2296 Quae
1381 2229 1600 2299 quidem
1651 2229 1838 2284 omnia
1894 2228 1981 2284 his

395 2316 576 2372 verbis
599 2332 628 2371 a
658 2316 882 2373 Christo
910 2319 1298 2375 declarantur:
1339 2319 1490 2374 Sicut
1524 2318 1693 2375 Pater
1726 2319 1880 2374 habet
1911 2320 1983 2374 υἱ-

2085 1952 2167 2018 τὸ,
2198 1954 2433 2023 ’Ὠσπερ
2475 1954 2584 2025 γὰρ
2615 1958 2648 2008 ό
2670 1953 2872 2023 Πατὴρ
2897 1953 3023 2023 ἔχει
3075 1953 3229 2021 ζωὴν
3254 1953 3322 2006 ἐν
3339 1950 3550 2016 ἑαυτῷ,
3571 1952 3668 2004 οῦ-

2085 2061 2199 2110 τως
2219 2045 2319 2098 καὶ
2342 2043 2422 2111 τῷ
2459 2043 2574 2111 Υίῷ
2600 2045 2783 2100 ἔδωκε
2816 2044 2970 2114 («chr
2998 2045 3164 2116 ἔχειν
3197 2045 3266 2097 ἐν
3298 2041 3490 2107 ἐαυτῷ
3512 2059 3524 2072 ·
3551 2043 3670 2105 καὶ,

2087 2138 2318 2208 Ὥσπερ
2360 2141 2393 2192 ὁ
2427 2137 2630 2207 Πατὴρ
2672 2139 2885 2209 ἐγείρει
2918 2137 3062 2204 τοὺς
3102 2135 3376 2205 νεκροὺς,
3411 2134 3509 2187 καὶ
3535 2133 3671 2194 ζωο-

2085 2231 2260 2286 ποιεῖ.
2295 2232 2370 2285 Τὸ
2399 2231 2530 2304 γὰρ,
2575 2231 2802 2301 ὥσπερ,
2847 2232 3055 2297 οὕτως,
3091 2228 3368 2298 εἰκονικῆς
3410 2231 3526 2283 ἐστι
3581 2244 3673 2299 μι-

2081 2323 2326 2395 μήσεως,
2358 2323 2453 2377 καὶ
2482 2322 2798 2395 ὁμοιώσεως
2821 2321 3050 2394 ἀκριϐὲς
3079 2322 3393 2392 ἐκμαγεῖον.
3425 2337 3446 2371 ι

405 2415 514 2461 tam
571 2411 624 2462 in
682 2410 872 2478 seipse,
903 2411 978 2464 sic
1007 2411 1150 2465 dedit
1205 2423 1254 2466 et
1304 2410 1450 2467 Filio
1496 2414 1659 2467 vitam
1688 2411 1879 2470 habere
1941 2413 1997 2467 in
2027 2415 2198 2484 seipse
2230 2417 2401 2481 ’;et:
2436 2413 2586 2472 Sicut
2645 2414 2808 2470 Pater
2867 2416 3087 2469 suscitat
3136 2423 3373 2467 mortuos
3415 2421 3463 2466 et
3500 2409 3672 2479 viviﬁ-

393 2499 547 2553 cat’.
607 2499 888 2571 Ejusmodi
918 2502 1084 2576 842
1142 2505 1346 2576 quippe
1402 2521 1582 2571 voces,
1617 2507 1774 2572 sicut,
1815 2507 1913 2572 sic,
1953 2507 2370 2566 similitudinem
2427 2509 2722 2581 quamdam
2766 2509 3043 2580 imaginis,
3078 2517 3133 2564 et
3175 2507 3243 2562 ad
3302 2505 3666 2562 imitationem

393 2610 710 2666 expressam
747 2597 976 2669 ctiigiem
1000 2599 1405 2655 demonstrant.
1441 2620 1462 2652 ι

461 2685 531 2741 Χ.
567 2686 774 2743 Deinde
823 2691 1016 2759 paucis
1064 2690 1373 2762 interjectis
1415 2709 1427 2746 :
1468 2711 1487 2745 ι
1516 2691 1648 2747 Non
1684 2693 1854 2760 enim,
1893 2693 1982 2748 in-

394 2779 535 2850 quit,
560 2778 808 2834 divinum
841 2779 1106 2847 Verbum,
1130 2781 1294 2841 Jesus
1317 2785 1528 2841 scilicet
1551 2785 1739 2852 vitam,
1772 2796 1827 2842 et
1857 2786 1982 2857 pul-

395 2871 789 2938 chritudinem,
825 2882 880 2929 et
926 2875 1181 2930 decorem
1243 2877 1512 2944 tribuens,
1572 2878 1697 2933 vitae
1743 2878 1880 2949 ipse,
1915 2885 1979 2934 ac

395 2965 845 3036 pulchritudinis,
875 2973 930 3022 et
950 2967 1167 3023 decoris
1205 2984 1402 3040 expers
1425 2976 1510 3025 est
1555 2970 1610 3024 in
1641 2978 1840 3035 morte,
1895 2970 1979 3025 vel

391 3073 460 3114 eo
489 3065 636 3115 statu
664 3058 719 3113 in
742 3073 852 3130 quo
879 3058 1016 3114 nihil
1049 3059 1279 3116 omnino
1325 3060 1417 3129 sit,
1469 3062 1838 3130 constitutus;
1885 3062 1982 3119 sed

395 3161 652 3221 paternas
691 3150 747 3206 in
774 3167 836 3207 se
891 3163 1052 3208 notas
1089 3153 1251 3208 habet
1306 3169 1599 3225 eXpressas
1631 3171 1644 3207 :
1683 3170 1791 3210 non
1823 3156 1982 3226 quasi

2158 2693 2216 2746 1'.
2252 2691 2364 2745 Kal
2405 2690 2524 2762 μεθ’
2553 2690 2714 2762 ἕτερα
2757 2690 2916 2760 ὀλίγα
2935 2707 2948 2720 ·
2975 2710 2993 2742 ι
3038 2691 3114 2744 Οὐ
3140 2689 3248 2762 γὰρ
3267 2689 3481 2759 ὁΛὸγος
3510 2690 3665 2756 Θεὸς,

2095 2781 2253 2856 [ἀλλ’]
2293 2783 2322 2837 ὁ
2364 2783 2571 2856 Ἰησοῦς
2618 2784 2878 2856 παρέχων
2925 2783 3071 2854 ζωὴν
3097 2823 3111 2845 ,
3160 2784 3255 2837 καὶ
3298 2784 3516 2849 κάλλος,
3575 2785 3669 2838 καὶ

2091 2877 2337 2950 μορφὴν,
2383 2877 2548 2942 αὐτὸς
2591 2876 2788 2943 ἄζωος,
2837 2878 2932 2930 καὶ
2964 2875 3222 2948 άκαλλὴς,
3278 2878 3372 2932 καὶ
3422 2879 3671 2950 ἄμορφός

2087 2970 2256 3033 ἐστιν,
2293 2971 2351 3023 tv
2396 2970 2703 3038 νεκρότητι,
2733 2969 2766 3041 ἢ
2804 2967 2885 3040 τῷ
2913 2969 2986 3040 μὴ
3011 2963 3152 3023 εἶναι
3178 2968 3464 3039 νοούμενος
3486 3013 3500 3033 ,
3532 2970 3671 3023 ἀλλὰ

2089 3065 2378 3134 πατρικοῖς
2415 3063 2761 3134 χαρακτῆρσι
2807 3061 3197 3132 μεμόρφωταιο
3227 3061 3324 3133 οὐχ
3367 3060 3444 3125 ὡς
3488 3062 3675 3135 ἕτερος

2090 3155 2253 3220 αὐτὸς
2278 3153 2386 3222 ὢν,
2431 3155 2652 3226 ἐτέρους
2683 3154 2742 3208 δὲ
2776 3155 2904 3218 τοὺς
2932 3153 3288 3226 χαρακτῆρας
3323 3155 3426 3224 τῆς
3459 3155 3672 3225 μορφῆς

392 3242 531 3297 alter
564 3241 681 3312 ipse
712 3241 806 3308 sit,
855 3252 909 3298 et
930 3242 1053 3299 aliis
1082 3243 1268 3314 ﬁgurae
1302 3247 1449 3301 notis
1481 3247 1761 3318 praeditus,
1789 3262 1980 3302 verum

2093 3247 2224 3319 έχων
2243 3263 2256 3277 ⁸
2292 3247 2406 3302 ἀλλ’
2430 3249 2488 3301 tv
2514 3247 2592 3319 τῷ
2629 3243 2772 3302 εἶναι
2793 3246 2958 3302 αὑτοῦ
2980 3249 3030 3302 οί
3054 3247 3401 3320 χαρακτῆρές
3431 3249 3560 3309 είσι,
3581 3247 3675 3300 καὶ

394 3338 450 3386 et
479 3332 534 3386 in
557 3331 678 3402 ejus
699 3335 942 3388 essentia
982 3335 1222 3404 propria}
1260 3335 1407 3393 illius
1436 3347 1579 3392 notae
1609 3339 1803 3409 positte
1833 3345 1984 3402 sunt,

393 3423 536 3479 etin
587 3425 824 3495 propriis
880 3426 1028 3480 notis
1085 3427 1328 3482 essentia
1379 3429 1662 3485 consistit.
1715 3428 1986 3486 Caeterum

398 3514 582 3583 imago
615 3529 740 3569 cum
789 3515 1038 3583 alterius,
1084 3531 1191 3570 non
1252 3517 1636 3590 suimetipsius
1682 3520 1862 3592 imago
1894 3520 1984 3585 sit,

397 3614 459 3662 ut
479 3615 533 3663 et
564 3608 682 3678 ipse
708 3608 928 3672 statuis,
950 3608 1281 3682 exemplaris
1312 3610 1370 3664 in
1413 3626 1473 3667 se
1503 3612 1730 3684 ﬁguram
1763 3628 1981 3684 gerens,

397 3698 771 3755 diversitatem
821 3699 1065 3766 indicat;
1100 3700 1197 3755 sed
1254 3701 1529 3772 ejusmodi
1585 3703 1980 3769 diversitatem,

397 3805 519 3862 quae
571 3790 713 3846 idem
747 3805 811 3846 ac
865 3789 1170 3845 similitudo
1209 3791 1300 3847 sit.
1341 3790 1460 3847 Non
1497 3794 1642 3848 enim
1687 3795 1779 3849 sui
1808 3794 1984 3864 ipsius

397 3886 670 3940 exsistens
710 3884 797 3939 ille
834 3884 974 3953 ipse,
1000 3883 1094 3938 sed
1127 3883 1434 3956 cujuspiam
1465 3885 1692 3942 alterius
1721 3895 1806 3942 est
1847 3887 1986 3940 ima-

398 3991 502 4047 go;
535 3976 736 4047 imago,
769 3975 992 4046 inquam
1016 4017 1031 4040 ,
1068 3991 1180 4030 non
1226 3977 1579 4046 aspectabilis
1635 3977 1749 4033 Dei.
1808 3977 1988 4032 Patris

398 4068 566 4141 igitur
617 4067 794 4138 imago
848 4065 1023 4122 Filius
1088 4078 1194 4131 est,
1236 4067 1426 4124 vivens
1483 4069 1675 4140 utique
1729 4070 1986 4135 viventis,

399 4168 548 4216 motu
576 4168 737 4232 atque
763 4159 1029 4216 eﬁiciendi
1061 4161 1134 4226 vi,
1178 4175 1394 4216 necnon
1449 4169 1506 4217 et
1543 4161 1765 4228 virtute,
1800 4163 1987 4219 consi-

400 4253 473 4308 lio
501 4253 782 4324 gloriaque
830 4252 1055 4323 praedita
1088 4291 1102 4317 ,
1157 4268 1268 4308 non
1319 4253 1501 4308 anima
1577 4261 1837 4325 motuque
1889 4270 1986 4310 ca-

400 4359 551 4409 rens,
601 4354 696 4399 aut
746 4344 1040 4414 ejusmodi,
1087 4359 1211 4414 qure
1250 4345 1304 4399 in
1345 4345 1454 4399 alio
1484 4352 1545 4400 ut
1581 4346 1652 4401 sit
1685 4346 1900 4409 habeat,
1933 4358 1987 4402 et

401 4435 804 4507 quodammodo
828 4436 1105 4506 pingatur,
1143 4437 1198 4491 in
1230 4439 1408 4507 seipsa
1446 4453 1598 4505 vero,
1635 4453 1698 4492 ac
1735 4455 1829 4509 per
1865 4455 1986 4496 sese

2089 3342 2148 3394 tv
2177 3343 2292 3405 τοῖς
2317 3341 2662 3414 χαρακτῆρσι
2690 3341 2751 3394 τὸ
2777 3338 2917 3396 εἶναι
2955 3340 3143 3395 αὐτοῦ.
3182 3341 3247 3394 Ἦ
3271 3339 3329 3393 δὲ
3365 3337 3530 3393 είκὼν
3559 3339 3667 3392 ἔτι

2093 3450 2214 3504 ρου,
2245 3433 2340 3487 καὶ
2362 3433 2462 3504 οὐχ
2489 3417 2690 3504 ἑαυτῆς
2715 3432 2880 3487 εἰκὼν
2910 3429 3068 3498 οὖσα,
3107 3432 3250 3488 καθὰ
3271 3432 3365 3485 καὶ
3388 3431 3453 3484 σὺ
3476 3430 3673 3494 θέλεις,

2085 3524 2179 3578 τοῦ
2203 3524 2559 3598 πρωτοτύπου
2591 3527 2650 3579 ἐν
2689 3526 2854 3598 ἑαυτῇ
2878 3526 3006 3590 τοὺς
3029 3524 3383 3598 χαρακτῆρας
3411 3523 3672 3595 φέρουσα.

2084 3618 2182 3688 τὴν
2211 3618 2507 3690 ἑτερότητα
2536 3617 2866 3691 παρίστησιν
2887 3635 2902 3650 ο
2935 3619 3229 3692 ἑτερότητα
3249 3618 3304 3672 δὲ
3329 3617 3407 3682 ὡς
3423 3617 3674 3689 ὁμοιότη-

2084 3727 2175 3762 τα.
2221 3711 2336 3781 Οὐχ
2384 3709 2586 3780 ἑαυτῆς
2625 3710 2753 3782 γὰρ,
2791 3711 2979 3782 ἑτέρου
3027 3709 3085 3763 δέ
3128 3727 3273 3773 τινος
3318 3708 3484 3762 εἰκὼν
3528 3709 3675 3760 ἐστιν

2086 3801 2240 3869 οὗτος
2275 3803 2370 3870 ὢν,
2395 3806 2423 3858 ὃ
2458 3808 2607 3859 ἐστιν
2633 3805 2797 3860 είκὼν
2821 3805 2913 3859 τοῦ
2939 3805 3075 3859 Θεοῦ
3102 3805 3196 3859 τοῦ
3224 3805 3479 3877 ἀοράτου.
3500 3802 3675 3861 Είκὼν

2090 3892 2187 3950 οὖν
2225 3895 2321 3950 τοῦ
2352 3897 2566 3968 Πατρὸς
2591 3899 2621 3951 ὁ
2656 3897 2806 3963 Υἱὸς,
2833 3895 2983 3962 ζῶσα
3001 3896 3224 3962 ζῶντος,
3257 3897 3314 3950 tv
3340 3896 3551 3966 κινήσει
3584 3895 3672 3946 καὶ

2088 3988 2361 4060 ἐνεργείᾳ,
2394 3985 2622 4060 δυνάμει
2653 4005 2712 4041 τε
2751 3989 2844 4043 καὶ
2881 3987 3068 4061 βουλῇ,
3095 3987 3190 4042 καὶ
3236 3987 3386 4060 δόξῃ,
3411 3986 3511 4039 οὐκ
3538 3985 3669 4054 64n-

2093 4098 2204 4152 χος,
2229 4080 2350 4134 οὐδὲ
2370 4079 2648 4152 ἀκίνητος,
2675 4081 2734 4134 tv
2764 4081 2936 4152 ἑτέρῳ
2962 4081 3059 4152 μὲν
3081 4080 3142 4134 τὸ
3175 4075 3313 4133 εἶναι
3339 4079 3560 4150 ἔχουσα,
3587 4079 3678 4130 καὶ

2099 4169 2442 4242 γραφομένη,
2492 4171 2630 4242 αὑτὴ
2681 4169 2780 4242 μὲν
2823 4172 2881 4223 tv
2915 4171 3082 4240 ἑαυτῇ
3125 4170 3219 4223 καὶ
3262 4169 3329 4223 δι’
3353 4167 3578 4237 ἑαυτῆς,
3621 4168 3681 4220 ἐν

2097 4263 2311 4332 κινήσει
2341 4263 2416 4333 μὴ
2446 4258 2600 4317 οὖσα.
2635 4261 2738 4317 Kal
2761 4261 2924 4316 εἰκών
2957 4264 3106 4316 ἐστιν
3138 4261 3579 4334 ἀπαράλλακτος,
3613 4267 3676 4317 0-3

2093 4353 2195 4423 τῆς
2230 4349 2643 4425 ἀπαραλλαξίας
2676 4355 2896 4426 Πατέρα
2937 4353 3216 4426 ποιούσης,
3375 4353 3504 4407 Υῖὺν
3531 4352 3675 4420 ἀπη-

2094 4444 2456 4516 κριὸωμένον.
2497 4465 2515 4496 ι
2813 4439 2826 4454 “

401 4526 626 4582 minime
655 4533 960 4581 moveatur.
988 4526 1125 4582 Cum
1161 4535 1343 4581 autem
1395 4527 1576 4597 imago
1637 4531 1786 4582 nulla
1837 4529 1891 4583 in
1923 4545 1980 4586 re
2013 4532 2081 4586 ab
2120 4535 2424 4605 exemplari
2483 4536 2703 4594 diversa
2765 4535 3011 4600 dicitur,
3059 4534 3276 4590 Patrem
3333 4539 3528 4589 exacta
3587 4530 3676 4586 illa

404 4618 706 4676 similitudo
731 4634 840 4674 non
875 4617 1028 4681 facit,
1075 4617 1172 4674 sed
1217 4619 1416 4674 Filium
1460 4620 1716 4675 omnibus
1754 4620 1822 4675 ad
1861 4622 1996 4678 illud
2032 4629 2318 4698 exemplar
2354 4631 2601 4685 numeris
2632 4643 2979 4699 expressum.
3031 4647 3050 4679 ι

475 4733 754 4789 Hactenus
782 4749 848 4789 ex
870 4733 1090 4790 Acacio.
1119 4733 1236 4788 Jam
1265 4750 1396 4790 vero
1431 4736 1655 4805 quidam
1701 4753 1765 4792 ex
1801 4739 1983 4794 ortho-

2163 4747 2556 4820 Πεπλήρωνται
2597 4747 2665 4801 τά
2719 4747 2905 4801 ἐνθάδε
2951 4745 3231 4800 Ἀκακίου.
3268 4743 3384 4798 Νῦν
3424 4743 3482 4798 δέ
3514 4760 3680 4814 φασιν

404 4827 563 4883 doxis
591 4827 852 4882 fratribus
908 4827 1111 4882 nostris
1142 4836 1195 4882 et
1238 4827 1655 4882 eoul‘essoribus
1693 4831 1992 4899 expositio-

406 4938 526 4981 nem
562 4920 686 4976 ﬁdei
709 4935 740 4974 a
771 4919 1102 4990 quibusdam
1130 4919 1371 4974 Marcelli
1399 4919 1688 4990 discipulis
1710 4923 1992 4993 accepisse

403 5037 462 5077 se
489 5018 700 5086 dicunt,
763 5031 870 5088 qua
931 5014 1054 5070 ﬁdei
1118 5030 1231 5070 sure
1272 5015 1540 5070 rationem
1603 5016 1694 5071 ille
1728 5017 1988 5072 reddidit.

402 5115 579 5183 Quam
605 5111 826 5185 quidem
864 5110 952 5164 hic
983 5107 1368 5165 Ascribendam
1391 5109 1598 5180 putavi,
1629 5111 1845 5166 tametsi
1875 5111 1990 5167 sin-

404 5209 552 5280 gula,
586 5221 708 5278 qua:
754 5205 818 5258 ad
856 5203 1005 5256 illam
1063 5203 1358 5272 pertinent,
1423 5201 1666 5256 nondum
1729 5215 1989 5259 accurate

404 5297 775 5370 cognoverim.
806 5295 1125 5364 Exemplum
1164 5309 1292 5348 vero
1325 5301 1409 5347 est
1450 5293 1746 5363 ejusmodi.

811 5412 1088 5483 Expositio
1138 5411 1263 5481 ﬁdei
1306 5409 1573 5464 Marcelli.

477 5529 564 5582 XI.
599 5528 1019 5586 Venerabilibus
1052 5536 1106 5582 et
1133 5526 1498 5584 sanctissimis
1545 5521 1822 5592 episc0pis
1855 5521 1984 5574 Dio-

408 5640 653 5684 caesareze
681 5634 901 5695 propter
921 5623 1284 5680 orthodoxam
1320 5621 1620 5672 Sulvulorts
1663 5617 1832 5670 nostri
1857 5614 1986 5672 Jesu

457 5784 471 5813 ί
537 5781 647 5834 isa.
669 5793 748 5846 rx,
777 5780 832 5832 6.
907 5782 927 5810 ²
949 5779 1106 5833 Joan.
1141 5797 1192 5840 v,
1225 5777 1315 5830 9.8.
1401 5778 1415 5805 ³
1445 5774 1574 5830 ibid.
1607 5775 1697 5827 21.

2100 4843 2151 4895 oi.
2177 4841 2471 4914 ὀρθὸδοξοι,
2512 4842 2608 4895 καὶ
2651 4840 2872 4910 ἀδελφοὶ
2905 4839 3184 4912 ἡμέτεροι,
3222 4838 3316 4892 καὶ
3346 4835 3677 4908 ὁμολογῆται

2098 4934 2251 5006 παρά
2269 4953 2432 4989 τινων
2473 4927 2578 4988 ὑπὸ
2616 4932 2938 5005 Μαρκέλλου
2994 4929 3464 4999 καταλειφθέντων
3503 4927 3676 5000 μαϐηο

2097 5025 2204 5077 τῶν
2237 5024 2451 5078 ἔκθεσιν
2477 5022 2758 5095 εἰληφέναι
2803 5023 3098 5093 ὁμολογίας
3124 5022 3254 5092 περὶ
3281 5021 3519 5081 πίστεως
3543 5020 3676 5072 ἁπο-

2096 5114 2464 5186 λογουμένης·
2499 5110 2567 5186 ἦς
2596 5113 2664 5190 τὰ
2703 5112 3156 5182 λεπτολογήματα
3193 5109 3354 5172 αὐτὸς
3385 5109 3460 5180 μῆ
3493 5124 3674 5160 κατει-

2095 5205 2302 5276 ληφὼς,
2341 5206 2512 5276 αὐτὴν
2560 5204 2792 5259 ἐνταῦθα
2827 5203 3167 5276 παρεθέμην.
3199 5202 3309 5256 Kal
3345 5200 3461 5255 ἔστι
3498 5202 3558 5253 τὸ
3581 5206 3674 5257 ἀν-

2095 5297 2360 5365 τίγραφον
2385 5296 2523 5348 τόδε.

2283 5409 2352 5461 Ἠ
2380 5407 2674 5476 ἐπιγραφὴ
2699 5409 2955 5470 πίστεως
2986 5404 3087 5457 τοῦ
3118 5402 3496 5471 Μαρκέλλου.

2169 5523 2265 5576 IA'.
2301 5523 2424 5584 Τοῖς
2463 5521 2910 5591 αἰδεσιμωτάτοις
2956 5519 3049 5572 καὶ
3091 5519 3420 5586 ἁγιωτάτοις
3455 5513 3668 5568 ἐπισκό-

2095 5631 2238 5683 ποις,
2267 5618 2379 5678 τοῖς
2409 5616 2466 5668 ἐν
2499 5613 2885 5684 Διοκαισαρείᾳ
2922 5609 3356 5685 ὑπερορισθείσιν
3398 5610 3539 5680 ὑπὲρ
3573 5608 3662 5678 τῆς
