3990 6228
433 379 536 434 399

1809 383 1865 437 s.
1911 380 2252 438 EPll‘ilANll
3597 349 3686 450 λοι]

430 495 666 548 hominis
700 501 950 546 naturam
984 494 1306 564 assumpsit,
1353 494 1452 548 hoc
1490 502 1572 548 est
1603 495 1811 550 ratione
1838 504 1890 550 et
1924 496 1993 550 in-

2115 495 2215 564 τῆς
2268 495 2614 566 ἀνθρωπείας
2664 495 2903 564 φύσεως.
2939 497 3186 550 τουτέστι
3233 498 3408 570 ψυχῆς
3459 499 3688 572 λογικῆς-

429 589 724 658 ιυηὶεοιιιὶιι
751 587 1028 656 ιιιτιξιιίιιιιιι
1055 588 1292 641 animam
1327 588 1730 658 humanamque
1760 603 2003 643 carnem.

426 679 714 733 tiredimus
775 679 829 731 in
877 695 1045 732 unum
1083 678 1250 732 Deum
1299 678 1518 733 Patrem
1553 680 2004 750 omnipotentem,

2113 587 2206 639 καὶ
2245 590 2458 657 νοερᾶς,
2491 589 2583 640 καὶ
2619 589 2820 658 σαρκὸς
2863 589 3228 661 ἀνθρωπίνης.
3257 593 3591 662 Πιστεύομεν
3625 603 3693 658 εις

2111 680 2205 732 ἕνα
2231 679 2366 732 Θεὸν
2397 681 2620 752 Πατέρα
2645 681 3094 754 παντοκράτορα,
3136 685 3358 738 πάντων
3398 685 3613 756 ὁρατῶν
3643 705 3694 740 τε

423 771 668 826 omnium
699 771 999 826 visibilium
1034 770 1499 840 invisibiliumque
1523 771 1901 837 conditorem;
1955 782 1993 826 el

2111 772 2202 824 καὶ
2236 772 2484 843 ἀοράτων
2531 774 2797 844 ποιητήν·
2833 773 2929 826 καὶ
2980 777 3060 837 εἰς
3105 775 3201 830 ἕνα
3245 775 3450 847 Κύριον
3491 777 3692 847 Ἰησοῦν

380 883 386 896 ι
425 862 478 916 in
519 877 686 915 unum
722 860 1012 914 Dominum
1071 859 1260 914 Jcsum
1311 860 1592 914 Christum
1649 859 1846 914 Filiqu
1889 860 2003 927 Dei,

422 956 664 1024 genitum
695 969 760 1007 ex
793 951 973 1017 Patre,
1008 951 1366 1020 unigenitum,
1405 953 1506 1006 hoc
1540 962 1625 1008 est
1653 953 1721 1007 ab
1765 955 2004 1009 essentia

423 1044 622 1110 Patris,
650 1043 819 1098 Deum
847 1042 1014 1115 844
1034 1043 1102 1098 de
1121 1043 1250 1108 Deo,
1277 1046 1457 1100 lumen
1487 1046 1554 1100 de
1583 1045 1806 1110 lumine,
1835 1045 2002 1100 Deum

421 1153 610 1192 verum
645 1139 710 1192 de
741 1135 852 1191 Deo
889 1152 1057 1202 vero;
1098 1139 1338 1208 genitum
1373 1153 1480 1192 non
1505 1138 1731 1204 factum,
1768 1139 2005 1192 consub-

423 1231 731 1286 stantialem
763 1229 932 1295 Patri,
969 1245 1065 1299 per
1093 1245 1254 1299 quem
1289 1233 1471 1284 omnia
1518 1231 1660 1286 facta
1695 1213 1842 1298 sunt,
1883 1247 2003 1302 quae

422 1319 479 1372 in
513 1318 672 1383 cmlo,
727 1333 956 1387 quaeque
1015 1317 1068 1372 in
1111 1326 1257 1373 terra
1309 1329 1476 1387 sunt;
1529 1321 1621 1390 qui
1656 1331 2000 1391 propter-nos

420 1409 694 1473 homines,
726 1419 780 1464 et
812 1419 1034 1480 propter
1067 1418 1313 1464 nostram
1347 1412 1576 1467 salutem
1617 1413 1919 1480 descendit,
1949 1424 2002 1468 et

419 1505 743 1557 incarnatus
764 1511 866 1566 est,
903 1511 957 1556 et
1003 1503 1168 1557 homo
1219 1504 1412 1568 factus,
1443 1513 1498 1558 et
1553 1520 1748 1574 passus
1795 1513 1915 1572 est;
1947 1517 2000 1560 et

419 1597 722 1652 resurrexit
751 1595 908 1650 tertia
947 1595 1074 1662 die;
1107 1597 1358 1652 ascendit
1387 1599 1440 1650 in
1465 1599 1688 1660 coelum,
1721 1607 1774 1654 et
1803 1607 1998 1654 ventu-

417 1705 515 1746 rus
535 1699 620 1746 est
645 1688 896 1759 judicare
921 1689 1075 1745 vivos
1098 1697 1152 1743 et
1201 1697 1483 1756 mortuos;
1530 1701 1584 1744 et
1617 1691 1670 1744 in
1697 1671 1710 1679 ’
1733 1689 1994 1760 Spiritum

417 1793 690 1838 sanctum.
738 1781 846 1837 Eos
889 1789 1070 1837 autem
1129 1782 1222 1852 qui
1275 1783 1510 1838 dicunt:
1545 1781 1670 1838 Fuit
1700 1785 1996 1856 aliquando

2107 863 2343 934 Χριστὸν
2369 905 2384 931 ,
2427 863 2519 916 τὸν
2551 863 2678 916 Υίδν
2701 863 2797 916 τοῦ
2827 863 2985 930 Θεοῦ,
3015 866 3104 918 τὸν
3136 867 3469 938 γεννηθέντα
3500 869 3567 921 ἐκ
3604 868 3692 921 τοῦ

2109 954 2326 1026 Πατρδς
2361 956 2651 1026 μονογενῆ,
2691 957 2988 1009 τουτέστιν.
3008 960 3072 1010 ἐκ
3101 959 3198 1029 τῆς
3225 959 3416 1022 οὐσίας
3455 959 3551 1012 τοῦ
3585 961 3692 1011 Πα-

2107 1045 2254 1116 τρὸς,
2277 1045 2409 1098 Θεὸν
2437 1047 2500 1098 ἐκ
2523 1043 2682 1108 Θεοῦ,
2718 1045 2833 1114 φῶς
2857 1048 2920 1099 ἐκ
2951 1045 3147 1114 φωτὸς,
3181 1046 3314 1100 Θεὸν
3353 1047 3609 1118 ἀληθινὸν
3637 1049 3692 1100 ἐκ

2105 1137 2240 1190 Θεοῦ
2276 1137 2532 1207 ἀληθινοῦ
2557 1179 2571 1200 ,
2611 1136 2945 1207 γεννηθέντα
2973 1138 3032 1189 οὑ
3062 1137 3380 1208 ποιηθέντα,
3411 1138 3692 1208 ὁμοούσιον

2103 1227 2182 1299 τῷ
2211 1228 2408 1300 ﬂat-cpi,
2439 1211 2514 1281 δέ
2531 1221 2594 1280 οὑ
2620 1227 2688 1280 τά
2715 1228 2895 1281 πάντα
2925 1227 3161 1294 ἐγένετο,
3208 1229 3278 1280 τά
3307 1245 3366 1280 τε
3400 1230 3456 1280 ἐν
3482 1229 3693 1299 οὐρανῷ

2105 1319 2198 1373 καὶ
2225 1321 2293 1373 τά
2317 1321 2408 1373 ἐπὶ
2426 1320 2526 1390 τῆς
2551 1319 2655 1389 γῆς
2675 1335 2688 1348 ·
2725 1319 2814 1372 τὸν
2841 1319 2907 1370 δι’
2931 1319 3079 1389 ἡμᾶς
3105 1317 3232 1382 τοὺς
3251 1318 3573 1390 ἀνθρώπους
3595 1322 3688 1374 καὶ

2102 1412 2190 1465 διά
2207 1413 2305 1482 τὴν
2325 1411 2598 1483 ἡμετέραν
2615 1412 2889 1482 σωτηρίαν
2911 1411 3261 1475 κατελθόντα,
3279 1413 3374 1464 καὶ
3393 1413 3694 1482 σαρκωθέν-

2101 1519 2190 1568 τα,
2207 1503 2301 1555 καὶ
2317 1503 2474 1556 ἐνανθ
2485 1506 2815 1574 ρωπήσαντα
2835 1545 2850 1569 ,
2873 1503 3112 1556 παθόντα
3128 1545 3142 1568 ,
3165 1504 3260 1556 καὶ
3291 1505 3600 1560 ἀναστάντα
3623 1507 3690 1576 τῇ

2099 1595 2257 1664 τρίτῃ
2275 1593 2479 1666 ἡμέρᾳ,
2507 1594 2800 1647 ἀνελθόντα
2823 1598 2902 1658 εἰς
2917 1595 3044 1659 τοὺς
3079 1595 3364 1666 οὐρανοὺς,
3397 1597 3692 1668 ἐρχόμενον

2101 1689 2283 1757 κρῖναι
2304 1685 2514 1750 ζῶντας
2551 1687 2646 1740 καὶ
2671 1686 2929 1757 νεκρούς·
2960 1689 3052 1740 καὶ
3071 1689 3150 1750 εἰς
3178 1689 3242 1740 τὸ
3263 1687 3416 1756 ἅγιον
3447 1689 3689 1760 Πνεῦμα.

2100 1779 2238 1842 Τοὺς
2253 1779 2308 1832 δὲ
2336 1778 2615 1848 λέγοντας,
2639 1775 2746 1832 ἿΙν
2773 1795 2902 1832 ποτε
2929 1779 3018 1832 ὅτε
3046 1779 3145 1832 οὑκ
3173 1775 3266 1851 ἦν,
3299 1781 3394 1833 καὶ
3417 1781 3550 1849 πρὶν
3566 1799 3690 1850 γεν-

416 1891 544 1930 cum
593 1891 702 1930 non
757 1887 894 1938 erat,
929 1883 982 1929 et
1031 1882 1320 1946 antequam
1357 1876 1672 1947 gigneretur
1700 1894 1805 1933 non
1843 1891 1993 1947 erat;

2100 1869 2328 1942 νηοῆναι
2382 1871 2482 1923 οὑκ
2514 1867 2603 1941 ἧν,
2659 1871 2754 1924 καὶ
2807 1871 2890 1924 ὅτι
2961 1871 3050 1938 Ἐξ
3097 1872 3196 1925 οὑκ
3235 1873 3402 1924 ὄντων
3453 1871 3690 1941 ἐγένετο,

418 1973 514 2019 aut
554 1981 582 2020 e
619 1965 810 2032 nihilo,
869 1965 985 2020 sive
1029 1981 1097 2019 ex
1125 1967 1298 2020 altera
1337 1983 1590 2036 persona,
1625 1979 1722 2023 aut
1755 1971 1994 2026 essentia

417 2060 612 2114 dicunt
664 2059 966 2126 exstitisse,
1009 2062 1124 2117 sive
1189 2062 1434 2118 converti
1485 2063 1801 2133 mutarique
1834 2080 1998 2134 posse

421 2153 515 2208 Dei
539 2151 736 2207 Filium
757 2153 1044 2220 allirmant,
1066 2155 1166 2210 hos
1189 2154 1538 2210 anathemate
1563 2155 1788 2208 damnat
1815 2157 2000 2210 catho-

416 2245 523 2300 lica
552 2256 606 2301 et
633 2247 934 2316 apostolica
967 2245 1232 2302 Ecclesia.
1268 2245 1378 2319 Ego
1407 2245 1677 2304 Photinus
1707 2247 1995 2319 presbyter

416 2343 718 2410 Ancyram:
749 2337 1004 2395 Ecclesia:
1031 2339 1103 2394 ita
1135 2339 1299 2395 credo
1333 2348 1386 2395 et
1420 2341 1620 2408 sentio,
1653 2349 1711 2396 ut
1741 2341 1828 2396 hic
1853 2343 1994 2397 seri-

415 2441 568 2502 ptum
599 2443 702 2490 est.
733 2435 842 2505 Ego
862 2433 1106 2505 Sigerius
1142 2436 1428 2506 presbyter
1460 2435 1705 2505 ejusdem
1741 2436 1997 2493 Ecclesia:

417 2528 490 2578 ita
511 2525 675 2600 credo
699 2535 752 2580 et
773 2527 970 2592 sentio,
1003 2535 1060 2581 ut
1088 2527 1463 2600 hiescriptum
1487 2535 1590 2584 est.
1619 2528 1730 2598 Ego
1757 2528 1998 2600 Hyginus

415 2595 683 2670 diaconus
721 2615 968 2685 ejusdem
1001 2595 1261 2672 Ecclesiae
1286 2595 1360 2670 ita
1400 2617 1568 2672 credo
1615 2595 1688 2673 οι-
1703 2595 1902 2686 sentio,
1939 2628 1998 2674 ut

415 2707 504 2761 hic
535 2707 802 2777 scriptum
845 2718 950 2762 εει.
977 2707 1090 2778 Ego
1117 2707 1434 2764 Heraclides
1459 2709 1830 2767 subdiaconus
1857 2712 1998 2782 ejus-

414 2798 538 2854 dem
575 2797 833 2854 Ecclesiae
861 2800 934 2854 ita
966 2800 1129 2856 credo
1163 2809 1217 2857 et
1263 2802 1462 2870 sentio,
1513 2811 1571 2858 ut
1612 2805 1698 2859 hic
1729 2805 1994 2875 scriptum

413 2899 518 2946 est.
539 2889 650 2962 Ego
671 2891 916 2962 Elpidius
933 2892 1104 2947 lector
1123 2893 1372 2962 ejusdem
1397 2894 1653 2951 Ecclesiae
1671 2897 1745 2950 ita
1762 2899 1925 2954 credo
1943 2908 1994 2954 et

412 2985 611 3049 sentio,
643 2993 703 3040 ut
739 2985 828 3040 hic
854 2985 1121 3055 scriptum
1153 2997 1258 3042 est.
1299 2985 1411 3059 Ego
1446 2987 1709 3060 Cyriacus
1736 2989 1998 3046 defensor

412 3077 656 3150 ejusdem
687 3079 946 3135 Ecclesia:
975 3079 1050 3133 ita
1079 3080 1246 3136 credo
1293 3089 1348 3135 et
1401 3083 1602 3146 sentio,
1635 3089 1694 3137 ut
1725 3082 1813 3138 hic
1852 3085 1994 3139 scri-

413 3181 564 3242 ptum
594 3179 698 3227 est.
733 3170 858 3227 Haec
901 3179 1036 3227 sunt
1057 3187 1179 3243 quae
1213 3172 1282 3226 ad
1313 3172 1662 3230 confessores
1695 3187 1749 3230 et
1775 3174 1989 3242 Patres,

2102 1963 2135 2034 ἦ
2164 1963 2222 2029 ἐξ
2253 1963 2448 2034 ἑτέρας
2477 1963 2886 2032 ὑποστάσεωςῆ
2922 1962 3110 2026 οὐσίας
3142 1963 3453 2033 φάσκοντας
3479 1959 3690 2034 εἷναι,ἢ

2101 2055 2369 2126 τρεπτὸν,
2415 2055 2447 2126 ἢ
2491 2055 2788 2125 ἀλλοιωτὴν
2832 2055 2924 2108 τὸν
2967 2056 3097 2109 Υἰὸν
3140 2055 3234 2110 τοῦ
3281 2055 3438 2120 Θεοῦ,
3473 2056 3692 2120 τούτους

2102 2145 2491 2217 ἀναθεματίζει
2515 2147 2546 2217 ή
2576 2145 2838 2218 καθολικὴ
2867 2147 2961 2199 καὶ
2990 2145 3319 2218 ἀποστολικὴ
3359 2147 3680 2218 Ἐκκλησία.

2115 2239 2257 2310 Ἐγὼ
2277 2212 2546 2303 φωτεινὸς
2561 2212 2838 2311 1:95.66tits
2845 2257 2934 2310 ρος
2955 2239 3054 2309 τῆς
3086 2239 3223 2293 κατά
3248 2212 3530 2312 ’Ᾱγκυραδ
3549 2212 3692 2294 *Ἐκ-

2101 2334 2333 2407 κλησίας
2357 2333 2502 2388 οὑτω
2522 2333 2765 2386 πιστεύω
2787 2333 2881 2385 καὶ
2908 2331 3110 2402 φρονῶ,
3143 2331 3219 2394 ὡς
3245 2333 3687 2403 προγέγραπται.

2113 2427 2254 2496 Ἐγὼ
2283 2427 2533 2497 Σιγέριος
2559 2423 2932 2498 πρεσϐύτερος
2958 2427 3056 2496 τῆς
3073 2423 3246 2494 αὐτῆς
3273 2425 3415 2477 οὑτω
3450 2424 3692 2477 πιστεύω

2100 2519 2199 2572 καὶ
2227 2517 2432 2591 φρονῶ,
2467 2517 2542 2580 ὡς
2568 2517 3008 2591 προγέγραπται.
3045 2515 3186 2584 Ἐγὼ
3221 2515 3432 2584 ’Υγῖνος
3448 2515 3690 2580 διάκονος

2097 2611 2199 2680 τῆς
2232 2609 2404 2682 αὑτῆς
2440 2608 2584 2663 οὑτω
2619 2610 2862 2663 πιστεύω
2897 2609 2992 2664 καὶ
3023 2609 3228 2681 φρονῶ,
3271 2607 3347 2672 ὡς
3376 2607 3690 2680 προγέγρα-

2100 2719 2250 2756 πται.
2296 2699 2437 2769 Ἐγὼ
2461 2700 2822 2772 Ἡρακλείδης
2852 2701 3202 2764 ὑποδιάκονος
3217 2699 3318 2770 τῆς
3349 2699 3522 2770 αὐτῆς
3545 2699 3690 2753 οὕτω

2099 2791 2343 2846 πιστεύω
2371 2792 2463 2846 καὶ
2499 2793 2705 2864 φρονῶ,
2749 2793 2825 2857 ὡς
2862 2793 3304 2866 προγέγραπται.
3342 2792 3483 2862 Ἐγὼ
3509 2793 3692 2847 Ἐλπί-

2096 2887 2208 2951 διος
2228 2885 2584 2962 ἀναγνώστης
2604 2888 2632 2939 ὁ
2667 2886 2870 2957 ταύτης
2905 2885 3049 2940 οὑτω
3078 2885 3321 2941 πιστεύω
3350 2885 3444 2938 καὶ
3471 2885 3688 2957 φρονῶ,

2097 2978 2172 3042 ὼς
2207 2977 2648 3050 προγέγραπται.
2701 2975 2845 3046 Ἐγὼ
2887 2978 3168 3050 Κυριακὺς
3218 2977 3533 3049 προστάτης
3586 2976 3688 3046 τῆς

2098 3071 2270 3141 αὑτῆς
2295 3069 2439 3123 οὑτω
2472 3070 2715 3124 πιστεύω
2750 3071 2846 3124 καὶ
2876 3069 3091 3142 φρονῶ,
3134 3071 3205 3135 ὡς
3245 3071 3688 3146 προγέγραπται.

2100 3161 2286 3217 Ταῦτά
2309 3163 2424 3216 ἐστι
2459 3162 2529 3217 τὰ
2552 3163 2644 3215 ὑπ’
2674 3161 2853 3216 αὑτῶν
2895 3162 3033 3233 πρὸς
3059 3163 3187 3225 τοὺς
3211 3161 3554 3233 ὁμολογητάς
3589 3163 3686 3216 καὶ

413 3263 488 3316 illi
540 3263 902 3333 scripserunt.
937 3259 1068 3328 Quae
1125 3263 1172 3317 si
1203 3263 1258 3316 in
1299 3263 1617 3320 melioribus
1645 3280 1768 3322 esse
1797 3281 1993 3320 nume-

2100 3255 2356 3326 Πατέρας
2384 3255 2685 3327 γραφέντα.
2712 3253 2775 3307 El
2809 3228 2989 3308 τοίνῦν
3017 3228 3421 3325 δύναται-παρά
3438 3228 3688 3308 -συνετῶν

411 3353 603 3417 randa,
633 3353 994 3424 intelligentes
1014 3353 1401 3425 judicaverint,
1427 3370 1523 3425 per
1539 3369 1624 3411 me
1643 3362 1701 3410 ut
1723 3355 1994 3424 ejusmodi

413 3449 720 3503 habeantur
751 3448 895 3502 licet.
921 3445 1016 3501 Sin
1049 3448 1102 3502 in
1131 3447 1236 3501 hac
1258 3447 1374 3518 ipsa
1401 3449 1756 3508 excusatione
1786 3463 1851 3504 ac
1879 3450 1995 3505 dis-

411 3541 696 3611 putatione
725 3539 1014 3594 titubatum
1045 3540 1114 3594 ab
1141 3539 1251 3594 illis
1281 3539 1650 3606 nonuihilest,
1708 3555 1771 3595 ac
1803 3557 1993 3613 parum

412 3639 559 3684 recte
583 3630 843 3699 positum,
877 3645 1037 3684 suum
1063 3629 1205 3700 apud
1232 3630 1480 3685 eruditus
1507 3629 1686 3685 locum
1716 3634 1994 3688 ordinem-

409 3738 516 3792 que
547 3729 787 3778 teneant.
817 3719 1102 3777 Postremo
1125 3737 1250 3777 cum
1269 3721 1334 3776 de
1365 3721 1620 3778 Marcello
1651 3727 1992 3794 superiorem

409 3830 627 3869 omnem
658 3813 1029 3869 narrationem
1066 3814 1284 3870 abunde
1311 3814 1740 3884 instituerimus,
1770 3817 1839 3872 ab
1893 3819 1994 3874 hoc

407 3909 478 3964 ad
508 3909 644 3963 alias
673 3907 910 3962 [nereses
939 3905 1316 3962 transibimus.

740 4019 876 4076 ADV
886 4019 1115 4076 ERSUS
1170 4018 1638 4076 SEMIARIANOS
1655 4062 1670 4089 ,

617 4135 750 4203 Qua:
781 4147 856 4191 est
907 4135 1122 4190 hwresis
1151 4133 1322 4200 LIII,
1365 4135 1470 4190 sive
1505 4133 1778 4189 LXXIII.

481 4248 520 4304 Ι.
551 4247 934 4318 Posteaquam,
977 4245 1282 4316 opitulante
1333 4243 1466 4308 Deo,
1517 4246 1656 4311 Arii,
1689 4259 1991 4315 eorumque

410 4337 504 4405 qui
532 4336 663 4391 Ario
690 4342 1098 4394 successerunt.
1161 4335 1400 4390 infelicia
1431 4335 1685 4406 dogmata
1735 4335 1988 4406 perrupi-

411 4441 555 4488 mus,
586 4425 641 4478 in
663 4423 966 4495 primisque
1019 4419 1268 4490 Phot'ini;
1317 4425 1412 4479 sed
1459 4433 1513 4480 et
1540 4423 1779 4481 Marcelli
1807 4425 1991 4495 priora

409 4517 502 4572 illa
533 4516 929 4582 discussimus,
961 4518 1018 4572 in
1045 4518 1244 4588 quibus
1277 4517 1524 4573 nonnihil
1559 4518 1797 4574 titubare
1839 4519 1987 4573 visus

2095 3347 2330 3400 νοεῖσθαι
2357 3347 2413 3400 ἐν
2435 3347 2711 3400 καλλίοσιν
2737 3347 3026 3418 ὑπάρχειν,
3056 3347 3150 3400 καὶ
3170 3347 3234 3418 δὴ
3253 3346 3395 3400 οὕτω
3420 3345 3684 3418 τετάχθω.
3745 3343 3760 3356 “

2095 3437 2161 3490 Εἰ
2189 3437 2246 3491 δὲ
2271 3437 2364 3490 καὶ
2389 3439 2570 3491 ἐκεῖσε
2605 3437 2769 3494 πάλιν
2792 3438 2882 3491 διὰ
2909 3442 3008 3510 τῆς
3039 3439 3098 3492 ἐν
3133 3440 3271 3510 αὑτῇ
3309 3439 3375 3510 τῇ
3421 3439 3685 3510 ἀπολογίᾳ

2093 3529 2348 3600 διαλογῆς
2381 3529 2644 3600 ἕσφαλταί
2675 3548 2796 3584 τινα
2828 3529 2897 3583 τὰ.
2923 3530 3024 3584 οὑκ
3049 3530 3184 3602 epes
3209 3530 3552 3603 ὑπάρχοντα,
3577 3531 3684 3584 πά-

2093 3621 2181 3674 λιν
2227 3621 2490 3687 ὡσαύτως
2517 3625 2630 3687 τοῖς
2673 3623 3000 3694 φιλομαθέσι
3025 3622 3290 3694 τετάχθω.
3339 3623 3426 3687 Ὠς
3455 3619 3549 3677 οὖν
3576 3623 3686 3676 τῶν

2095 3713 2508 3785 προειρημένων
2532 3715 2747 3768 πάντων
2768 3714 2866 3785 τὴν
2889 3713 3164 3786 ὑφήγησιν
3186 3713 3536 3785 διεξήλθομεν
3559 3717 3684 3786 περὶ

2101 3804 2194 3857 τοῦ
2230 3803 2398 3858 αὑτοῦ
2431 3804 2788 3875 Μαρκέλλου,
2844 3803 3255 3876 παρελεύσομαι
3309 3805 3404 3858 καὶ
3467 3803 3681 3868 τοῦτον,

2097 3897 2191 3951 καὶ
2228 3895 2352 3970 [εἰς]
2382 3897 2482 3961 τὰς
2514 3897 2640 3969 ἑξῆς
2669 3898 3134 3970 διασκοπήσομαι.

2579 4032 2770 4085 ΚΑΤΑ
2799 4033 3209 4098 ΗΜῙΑΡΕΙΩΝ,

2017 4121 2026 4126 ’
2083 4145 2322 4213 Αἵρεσις
2337 4145 2721 4214 πεντηκοστὴ
2737 4145 2927 4215 τρίτη,
2951 4144 2990 4214 ἢ
3011 4145 3108 4200 καὶ
3129 4147 3478 4216 ἐπτακοστὴ
3495 4147 3674 4216 τρίτη.

2163 4258 2240 4308 A'.
2261 4255 2348 4310 Ἐν
2367 4259 2434 4330 τῇ
2460 4255 2554 4310 τοῦ
2585 4256 2721 4311 Θεοῦ
2741 4258 2970 4330 δυνάμει
2990 4258 3084 4312 τοῦ
3127 4257 3337 4330 Ἀρείου
3368 4258 3437 4312 τά
3467 4259 3677 4331 σχέτλια

2092 4347 2486 4419 διαρρήξαντες
2516 4350 2610 4403 καὶ
2631 4351 2740 4404 τῶν
2775 4353 2893 4422 μετ’
2923 4352 3108 4419 αὑτὸν,
3137 4351 3405 4406 Φωτεινοῦ
3437 4353 3494 4404 τέ
3519 4369 3674 4424 φημι,

2093 4437 2228 4492 ἀλλὰ
2257 4441 2351 4493 καὶ
2380 4441 2702 4511 Μαρκέλλου
2725 4482 2740 4509 ,
2787 4443 2846 4496 ἐν
2890 4433 2934 4510 ᾧ
2973 4441 3138 4510 ὀλίγῳ
3173 4437 3324 4506 ἔδοξε
3367 4459 3675 4514 παρασεσα-

2093 4529 2338 4596 λεῦσθαι,
2365 4531 2401 4586 ἃ.
2437 4533 2495 4600 ἐξ
2523 4534 2776 4606 ὑπαρχῆς
2800 4531 3090 4606 ἐξήμεσεν,
3119 4533 3197 4598 ὡς
3223 4535 3280 4588 ἐν
3313 4535 3453 4607 μέθῃ
3479 4538 3508 4588 ὁ
3544 4535 3675 4606 ἀνὴρ

407 4617 512 4676 est,
544 4623 772 4680 quaeque
793 4609 950 4665 initio
977 4609 1204 4680 perinde
1229 4619 1394 4680 atque
1414 4611 1678 4666 ebrietate
1703 4619 1990 4682 correptus

2100 4623 2431 4695 προληφθοίς
2461 4598 2708 4695 (γένοιτο.
2731 4598 2800 4680 ’δέ
2825 4598 2952 4691 τοῦς
2983 4625 3148 4680 αὑτοῦ
3206 4598 3602 4699 διορθωθῆναι,
3630 4598 3680 4680 εἴ

406 4701 668 4757 evomuit.
702 4701 908 4772 (Atque
942 4703 1149 4757 utinam
1187 4703 1334 4758 illius
1366 4712 1688 4767 sectatores,
1719 4705 1987 4775 siquidem

407 4793 525 4849 ﬁeri
551 4803 748 4862 potest,
776 4793 1196 4865 emendentur!)
1219 4793 1298 4848 Ad
1327 4794 1443 4848 inec
1466 4809 1590 4848 cum
1613 4794 1777 4867 845
1799 4803 1988 4850 exorta

405 4888 476 4944 ab
505 4889 739 4959 ipsemet
775 4887 906 4942 Ario
936 4887 1146 4942 zizania
1171 4887 1356 4954 verbo,
1410 4887 1555 4957 quod
1590 4897 1675 4943 est
1706 4889 1853 4943 onmi
1882 4891 1991 4960 gla-

404 4981 497 5037 dio
532 4980 760 5051 ancipiti
793 4980 1188 5051 penetrabilius
1230 4982 1271 5046 ¹,
1307 4980 1696 5046 exciderimus,
1734 4983 1988 5038 conside-

404 5075 637 5130 randum
697 5074 860 5128 modo
911 5073 1072 5129 nobis
1127 5081 1230 5137 est,
1267 5073 1766 5143 quemadmodum,
1799 5076 1983 5146 pullu-

405 5165 723 5222 lante‘mala
775 5167 868 5220 illa
913 5166 1030 5220 Arii
1071 5167 1443 5230 lruticatioue,
1475 5183 1650 5238 genus
1709 5169 1984 5240 quoddam

404 5260 899 5324 emerseritsectae,
936 5273 1097 5328 quam
1133 5257 1598 5314 Semiarianorum
1626 5269 1839 5316 vocant.
1880 5259 1984 5326 Qui

405 5353 620 5420 quidem
647 5353 774 5406 licet
799 5351 948 5406 illius
999 5366 1196 5406 nomen
1221 5350 1459 5420 ejurent,
1495 5353 1749 5407 eumdem
1805 5353 1982 5422 ipsum

405 5453 606 5508 tamen,
642 5459 704 5499 ac
735 5445 1060 5500 sceleratam
1099 5445 1243 5500 illius
1283 5444 1594 5513 opinionem
1631 5445 1890 5510 induunt,
1933 5457 1986 5500 et

404 5538 666 5590 ementita
691 5537 924 5606 quadam
962 5538 1162 5605 specie,
1195 5551 1257 5590 ac
1291 5537 1440 5589 larva
1483 5536 1674 5589 facient
1699 5551 1852 5590 suam
1888 5538 1986 5590 ob-

405 5625 635 5690 ducunt,
665 5643 728 5679 ac
749 5630 1120 5683 dissimulant.
1173 5628 1494 5696 Cujusmodi
1555 5627 1886 5682 histrionum
1929 5631 1982 5684 in

407 5717 637 5771 theatris
672 5733 792 5772 esse
821 5723 1108 5773 consuevit
1145 5721 1289 5774 actio
1326 5740 1337 5775 :
1371 5721 1464 5790 qui
1499 5721 1601 5776 sub
1631 5722 1824 5778 alienis
1863 5725 1978 5778 vul-

487 5866 688 5924 ‘llebr.
727 5884 799 5934 tv,
837 5868 923 5922 12.
999 5872 1018 5902 ²
1063 5871 1120 5926 F.
1163 5871 1637 5944 ἐπιπλασσόμενοι.

2091 4729 2156 4784 γε
2180 4713 2556 4786 διορθώσοιντο
2575 4718 2586 4771 !
2605 4717 2646 4786 )’
2664 4716 2799 4770 ἀλλὰ
2820 4717 3042 4772 καὶτῶν
3069 4718 3128 4783 ἐξ
3150 4719 3313 4772 αὑτοῦ
3342 4719 3438 4772 τοῦ
3471 4719 3672 4791 Ἀρείου

2094 4807 2475 4878 γεγενημένων
2499 4813 2566 4862 τά
2595 4806 2812 4872 ζιζάνια
2839 4809 2928 4862 διὰ
2947 4809 3040 4862 τοῦ
3073 4809 3216 4862 θείου
3239 4809 3398 4878 λόγου
3422 4811 3518 4864 τοῦ
3541 4811 3672 4882 ὑπὲρ

2095 4899 2279 4951 πᾶσαν
2312 4898 2590 4969 μάχαιραν
2613 4899 2864 4970 δίστομον
2885 4901 3198 4972 τομωτέρου
3233 4903 3562 4973 ἐκτεμόντες
3580 4903 3670 4975 τῆς

2095 4988 2157 5054 ἐξ
2189 4989 2354 5043 αὑτοῦ
2393 4989 2486 5044 τοῦ
2521 4991 2731 5062 Ἀρείου
2766 4993 2997 5065 φυείσης
3030 4993 3350 5065 ὑλομανίας,
3378 4995 3672 5064 διασκοπή-

2103 5095 2286 5150 σωμεν
2321 5081 2439 5144 πῶς
2473 5098 2620 5146 τινες
2678 5083 3125 5155 Ἦμιαρείζουσιν
3151 5123 3168 5149 ,
3217 5085 3429 5139 ἐκείνου
3477 5087 3576 5157 μὲν
3617 5087 3671 5141 τὸ

2089 5169 2260 5240 δνομα
2294 5170 2648 5242 ἀρνούμενοι,
2685 5175 2848 5228 αὑτὸν
2881 5175 2938 5228 δὲ
2980 5177 3074 5230 καὶ
3099 5175 3198 5248 τὴν
3233 5178 3400 5232 αὑτοῦ
3445 5179 3667 5232 κακοδο-

2093 5261 2211 5326 ξίαν
2243 5263 2606 5334 ἐνδεδυμένοι,
2636 5269 2988 5340 προσχήματί
3021 5286 3125 5322 τινι
3155 5271 3540 5342 προσποιητῶς
3567 5271 3670 5322 ἐπι-

2091 5357 2419 5429 πλαζόμενοι
2445 5360 2464 5389 ³
2499 5362 2714 5425 ἑαυτοῖς
2743 5363 2804 5414 τὸ
2839 5363 3130 5434 πρόσωπον
3160 5363 3559 5434 ἠλλοιωμένον
3599 5364 3668 5424 ὡς

2089 5453 2122 5520 ἡ
2155 5451 2263 5504 τῶν
2293 5453 2386 5505 ἐπὶ
2429 5457 2632 5526 σκηνῆς
2674 5456 2982 5510 πέπλασται
3040 5458 3497 5528 δραματουργία,
3535 5457 3665 5510 ὥστε

2091 5545 2458 5614 προσωπείοις
2483 5549 2695 5620 ἑτέροις
2716 5549 2814 5613 τάς
2841 5550 3050 5604 ἑαυτῶν
3077 5550 3230 5620 ὄψεις
3275 5551 3632 5622 ἐπικρύπτειν
3649 5589 3662 5612 ,

2090 5637 2182 5688 καὶ
2227 5636 2437 5692 ἔνδοθεν
2474 5641 2569 5693 τοῦ
2609 5641 2906 5713 προσώπου
2933 5643 3002 5696 τὰ
3027 5643 3127 5712 τῆς
3151 5643 3442 5714 κωμῳρίας
3469 5642 3662 5714 αἰσχρά

2087 5745 2146 5780 τε
2174 5730 2266 5782 καὶ
2294 5731 2464 5802 μέθης
2500 5733 2710 5803 ἔμπλεα
2731 5735 3058 5806 διηγεῖσθαι,
3090 5737 3121 5808 ἦ
3153 5735 3328 5802 ἄλλως
3361 5738 3658 5809 φερόμενοι.
