3990 6228
405 436 502 490 401

1033 432 1402 490 ADVERSUS
1439 433 1784 490 HERESES
1824 434 1950 489 LIB.
1985 437 2071 490 ill.
2116 435 2281 509 TUM.
2322 437 2360 490 1.
2403 468 2468 474 -
2509 435 2782 491 llA'JltliS.
2828 437 3056 494 LXXI".

3555 442 3659 492 401

401 561 436 627 ἢ
470 556 999 630 σχηματοποιοῦντες
1025 556 1134 609 τῶν
1169 555 1416 610 παλαιῶν
1438 557 1570 619 τοὺς
1613 555 1837 627 μύθους,
1869 557 1980 607 τῶν

2101 556 2238 610 ιίιηιδ
2270 556 2670 620 delitescentes,
2704 573 2766 609 ac
2805 558 3102 624 personati,
3133 573 3250 625 qna:
3285 559 3335 610 in
3377 559 3662 614 committis

402 651 532 722 παρ’
559 651 744 714 αὐτοῖς
773 648 1012 720 ποιητῶν
1041 647 1200 702 τοῦτο
1230 647 1643 719 ἐργασαμένων.
1692 646 1849 700 Οὕτω
1888 646 1983 698 καὶ

397 735 571 805 οῦτοι,
601 741 806 812 πλανᾷν
841 740 1115 802 ἐθέλοντες
1161 741 1290 802 τοὺς
1337 739 1655 809 ἀκεραίους,
1691 738 1846 791 αὐτοὶ
1883 738 1981 806 μέν

401 834 514 886 εἰσι
547 835 643 885 καὶ
676 831 752 902 τῷ
789 829 1086 902 προσώπῳ,
1120 830 1214 884 καὶ
1243 828 1320 900 τῷ
1351 828 1491 899 ἤθει,
1525 829 1620 881 καὶ
1655 831 1721 898 τῇ
1757 827 1981 879 κακοδο-

405 923 499 995 ξίᾳ
535 923 696 995 ὁποία
727 924 944 993 ’Ἄρειος
973 923 1067 976 καὶ
1109 922 1548 992 Ἀρειομανῖταιο
1585 919 1745 988 δῆθεν
1789 918 1846 970 δὲ
1895 918 1988 970 καὶ

403 1017 700 1080 κολακείας
727 1016 889 1069 ἕνεκα
921 1013 1207 1084 άπατηλῆς
1248 1014 1346 1083 τὴν
1378 1012 1506 1084 παρ’
1531 1011 1760 1074 ἐκείνοις
1798 1009 1988 1080 ὁμολο-

414 1108 683 1179 γουμένην
747 1106 1130 1176 ὲνδιάστροφον
1195 1101 1542 1156 διδασκαλίαν
1618 1102 1986 1170 κατακοσμεῖν

407 1199 706 1261 ἐθέλοντες,
737 1197 944 1269 κτίσμα
972 1197 1070 1266 μὲν
1092 1195 1182 1248 τὸν
1211 1195 1338 1248 Υἰδν
1365 1193 1456 1246 τοῦ
1486 1191 1623 1246 Θεοῦ
1658 1209 1828 1262 φασιν
1847 1205 1860 1218 ⁸
1901 1191 1989 1244 ἵνα

403 1292 462 1344 δὲ
492 1289 652 1361 δῆθεν
682 1290 1028 1358 ἁπατήσωσι,
1060 1287 1156 1339 καὶ
1177 1284 1254 1356 τῷ
1287 1284 1398 1355 Υἱῷ
1442 1283 1538 1336 τοῦ
1565 1281 1700 1336 Θεοῦ
1741 1299 1792 1334 τι
1826 1282 1988 1352 χαρί-
2019 1311 2035 1321 ~

406 1398 636 1445 σωνται,
694 1379 830 1450 μετὰ
884 1377 1126 1440 Θωπείας
1169 1378 1281 1438 τοῖς
1323 1373 1431 1427 άπὸ
1460 1372 1554 1426 τοῦ
1593 1372 1753 1441 λόγου
1789 1371 1980 1424 τούτου

401 1469 738 1542 πυφμὲνοις
760 1471 774 1500 ¹
803 1466 1132 1539 ἀγυρτωδῶς
1169 1464 1534 1532 ἐπιλέγουσιν,
1585 1462 1669 1514 ὅτι
1707 1481 1724 1512 ι
1760 1460 1834 1514 Οὔ
1867 1479 1972 1530 φα-

409 1577 514 1631 μεν
557 1558 760 1629 κτίσμα
786 1558 862 1620 ὡς
906 1558 963 1610 ἓν
1005 1556 1112 1610 τῶν
1138 1555 1472 1626 κτισμάτων,
1495 1552 1617 1607 οὔτε
1649 1554 1894 1624 γέννημα
1915 1553 1988 1617 ὡς

403 1649 465 1706 ἓν
504 1650 614 1702 τῶν
636 1650 1010 1719 γεννημάτων.
1055 1666 1074 1698 ι

2084 647 2422 716 turpissima,
2456 655 2510 700 et
2531 647 2807 702 ebrietatis
2835 651 2990 716 plena
3026 650 3374 702 continentur
3398 689 3412 712 ,
3449 649 3655 704 edisse--

2086 746 2249 790 runt:
2281 738 2397 791 sive
2430 746 2671 792 veterum
2713 749 2995 806 poetarum
3038 739 3248 793 fabulas
3277 748 3432 810 gestu
3463 740 3581 808 ipso
3608 749 3662 792 et

2085 829 2518 884 conformatione
2551 833 2800 900 corporis
2828 833 3158 900 exprimant.
3203 832 3294 885 Sic
3322 841 3379 894 et
3407 832 3496 885 isti
3527 836 3660 886 sim-

2088 921 2408 991 plicioribus
2451 921 2677 975 illudere
2709 922 3012 991 cupientes,
3037 937 3160 975 cum
3199 931 3252 976 et
3284 923 3432 975 vultu
3466 924 3583 992 ipso
3605 929 3660 975 et

2091 1011 2355 1075 moribus,
2379 1019 2433 1066 et
2461 1013 2626 1081 impio
2653 1012 2906 1082 dogmate
2943 1012 3011 1064 ab
3039 1012 3170 1064 Ario
3203 1012 3525 1080 Arianisque
3549 1028 3656 1064 non

2085 1103 2356 1168 differant,
2401 1104 2755 1157 nihilominus
2795 1103 3031 1174 quodam
3068 1102 3397 1158 adulationis
3431 1104 3660 1156 artificio

2087 1192 2508 1264 perditissimam
2540 1193 2780 1246 omnium
2812 1193 3158 1250 confessione
3210 1193 3424 1247 illorum
3463 1191 3660 1248 doctri-

2087 1299 2211 1338 nam
2241 1284 2424 1339 fucare
2444 1299 2507 1338 ac
2535 1284 2884 1340 dissimulare
2903 1287 3208 1356 cupientes,
3243 1287 3314 1338 ita
3343 1284 3430 1340 Dei
3463 1283 3657 1338 Filium

2085 1385 2390 1428 creaturam
2444 1391 2565 1430 esse
2614 1376 2891 1440 dictitant,
2947 1393 3056 1447 quo
3101 1378 3317 1432 facilius
3363 1377 3657 1446 decipiunt,

2087 1479 2152 1519 ac
2186 1465 2435 1520 videlicet
2458 1467 2550 1523 Dei
2581 1465 2716 1521 Filio
2741 1468 3133 1536 gratificentur,
3185 1469 3229 1524 si
3264 1484 3401 1538 quos
3426 1467 3661 1522 viderint

2087 1557 2159 1610 ob
2187 1557 2454 1626 ejusmodi
2475 1574 2756 1615 sermones
2774 1562 3075 1623 exturbari,
3099 1560 3656 1615 circnmforaneorum

2089 1663 2243 1702 more
2301 1649 2485 1703 statim
2537 1650 2864 1706 blandiendo
2914 1651 3414 1721 subjiciantthon
3441 1651 3658 1720 perinde

403 1757 713 1804 creaturam
747 1747 898 1800 illum
934 1745 1188 1808 facimus,
1257 1759 1321 1798 ac
1375 1749 1696 1798 caaterarum
1758 1741 2042 1811 aliquam;
2079 1760 2254 1815 neque
2300 1745 2465 1800 fetum
2511 1757 2836 1804 cancrorum
2891 1749 3066 1805 instar
3106 1751 3314 1805 fetuum
3355 1765 3477 1805 esse
3519 1749 3657 1804 dici-

406 1860 553 1899 mus.
587 1863 610 1896 ν

475 1939 549 1990 Τὸ
596 1937 674 2000 δὲ,
705 1936 1048 2005 ὀμοοὺσισν,
1081 1932 1282 1986 τέλειον
1329 1931 1680 1996 ἐκϐάλλουσι,
1709 1931 1870 2001 δῆθεν
1914 1931 1989 1994 ὡς
2024 1945 2062 1998 Β

402 2027 683 2098 ἀλλότριον
727 2026 785 2079 ὂν
815 2029 910 2095 τῆς
943 2023 1093 2087 Gaia;
1143 2024 1384 2095 Γραφῆς.
1438 2023 1575 2094 Περὶ
1608 2023 1663 2076 δὲ
1695 2021 1898 2075 τούτων
1931 2022 1988 2074 ἐν

401 2120 471 2191 τῇ
513 2118 656 2171 κατὰ
702 2119 918 2187 Ἀρειον
947 2115 1222 2187 άκρότατα
1257 2113 1632 2185 διελέχθημεν.
1667 2113 1782 2168 Ἵνα
1808 2113 1864 2166 δὲ
1896 2113 1990 2166 καὶ¹

401 2213 590 2282 ὅμοιον
615 2209 788 2279 τούτῳ
823 2207 975 2280 ῥῆμα
1003 2204 1412 2279 προϐάλλοιντο,
1443 2209 1490 2260 οἱ
1527 2208 1654 2277 περὶ
1683 2207 1987 2269 Βασίλειον,

405 2301 571 2370 φημὶ.
619 2299 711 2351 καὶ
757 2296 1052 2367 Γεώργιον,
1100 2295 1196 2349 καὶ
1237 2297 1339 2366 τῆς
1394 2296 1725 2366 Ἢμιαρείων
1786 2295 1990 2367 ταύτης

403 2391 504 2460 τῆς
531 2389 796 2459 αἱρέσεως
832 2386 1136 2458 προστάται
1167 2387 1331 2456 φασίν
1353 2403 1366 2417 ’
1411 2387 1486 2440 Οὐ
1526 2386 1760 2458 λέγομεν
1800 2388 1993 2457 ὁμοού-

406 2499 543 2543 σιον,
588 2479 724 2534 άλλά
761 2478 1087 2549 ὁμοιούσιον.
1143 2474 1430 2558 Ἦσαῃδὲ
1460 2472 1604 2534 οὗτοι
1650 2481 1696 2533 οἱ
1748 2480 1857 2534 ἀπὸ
1893 2479 1993 2550 τῆς

413 2572 634 2626 συνόδου
682 2568 1038 2640 διαιρεθέντες
1064 2569 1235 2640 αὐτῆς
1276 2571 1375 2640 τῆς
1417 2571 1870 2641 Ἀρειομανίτιδος
1908 2572 1992 2625 ai-

410 2663 619 2734 ρέσεως
644 2675 658 2690 ⁸
701 2663 729 2715 ό
759 2659 917 2724 αὐτὸς
941 2659 1219 2724 Βασίλειος
1257 2661 1570 2733 ’Λγκυρῖνος
1591 2662 1795 2716 τούτων
1823 2663 1994 2732 ἀρχη-

406 2756 525 2825 γὸς,
571 2755 664 2808 καὶ
711 2753 980 2824 Γεώργιος
1021 2755 1061 2806 δ’
1081 2753 1398 2817 Λαοδικείας
1425 2755 1445 2784 ¹
1473 2755 1570 2824 τῆς
1617 2754 1754 2825 πρὸς
1791 2754 1993 2806 Ἀντιό-

410 2847 712 2917 χειανιῶθ)
747 2847 982 2916 Δάφνης,
1019 2845 1189 2915 ἠγουν
1217 2846 1416 2915 Κοίλης
1456 2846 1676 2918 Συρίας.
1713 2849 1778 2899 Οί
1807 2846 1863 2899 δὲ
1892 2847 1992 2898 αῦ-

411 2941 497 2994 το¹ι
526 2941 620 2994 καὶ
651 2940 780 3012 περὶ
817 2938 912 2991 τοῦ
955 2937 1111 3007 άγίου
1154 2938 1469 3009 Πνεῦματος
1501 2938 1631 3002 ἴσως
1671 2941 1784 3002 τοῖς
1828 2941 1995 2993 Πνευ-

412 3031 752 3102 ματομάχοις
808 3031 947 3084 εἰσὶν
1005 3027 1240 3098 ἔχοντες.
1302 3029 1500 3082 Οὐκέτι
1557 3028 1667 3100 γὰρ
1723 3029 1798 3093 ὡς
1858 3029 1996 3099 μετὰ

409 3123 812 3193 δυσωπήσεως,
859 3122 892 3192 ἢ
939 3123 1080 3192 μετά
1109 3138 1255 3185 τινος
1305 3119 1656 3174 διστακτικοῦ
1699 3119 1857 3188 λόγου
1880 3161 1894 3185 ,
1921 3119 1996 3182 ὡς

411 3215 541 3285 περὶ
576 3214 668 3267 τοῦ
703 3213 833 3268 Υίοῦ
856 3255 872 3279 ,
916 3214 1296 3284 αἰσχυνόμενοι
1329 3213 1535 3266 τέλειον
1583 3213 1789 3284 κτίσμα
1834 3214 1995 3266 αὑτὸν

2162 1929 2277 1985 Iam
2330 1933 2795 1989 consubstantialis
2837 1950 3022 1991 vocem
3050 1978 3064 2000 ,
3110 1945 3364 2008 tanquam
3411 1954 3442 1992 a
3487 1942 3660 1995 sacris

2093 2022 2315 2079 Litteris
2348 2026 2603 2089 alienam.
2636 2028 2869 2098 ‘penitus
2911 2030 3232 2099 explodunt.
3285 2031 3389 2086 Sed
3439 2031 3508 2086 de
3554 2034 3659 2099 his,

2092 2132 2217 2170 cum
2248 2115 2511 2172 adversus
2542 2117 2729 2172 Arium
2766 2134 3083 2189 ageremus,
3111 2123 3518 2179 accuratissime
3547 2125 3659 2178 dis-

2094 2208 2423 2276 putavimus.
2463 2207 2752 2276 Cmterum,
2798 2220 2858 2264 ut
2902 2211 3048 2266 aliud
3081 2213 3226 2269 illius
3261 2215 3437 2270 simile
3469 2231 3662 2270 nomen

2093 2297 2388 2366 objicient,
2431 2298 2665 2354 Basilius
2711 2301 2763 2354 in
2786 2301 3008 2370 primis,
3046 2318 3110 2357 ac
3141 2302 3436 2374 Georgius,
3484 2305 3660 2359 Semi-

2094 2389 2405 2444 arianorum
2439 2391 2600 2447 istius
2620 2400 2781 2448 secta:
2816 2394 3110 2466 principes,
3143 2396 3360 2461 Filium,
3391 2399 3661 2466 inquiunt,

2096 2494 2203 2532 non
2237 2480 2540 2551 όμοούσιον,
2558 2485 2660 2539 hoc
2680 2491 2784 2547 est,
2830 2485 3348 2551 consubstantialem,
3393 2488 3485 2543 sed
3506 2491 3662 2559 ὁμοι⁴

2094 2569 2296 2636 ούσιον,
2341 2572 2443 2628 hoc
2477 2584 2590 2639 est,
2630 2577 2793 2630 simili
2827 2577 3126 2632 substantia
3163 2579 3474 2647 pra‘ditum,
3510 2595 3665 2635 asse-
3727 2589 3732 2593 ’

2096 2663 2287 2718 rimus.
2320 2668 2496 2735 Atque
2520 2666 2576 2720 hi
2606 2666 2822 2722 demum
2860 2667 3098 2734 fuerunt,
3126 2670 3216 2740 qui
3249 2679 3369 2738 post
3396 2671 3662 2741 synodum

2097 2755 2168 2808 ab
2205 2755 2396 2810 insana
2425 2757 2748 2812 Arianorum
2782 2759 3013 2814 factione
3042 2762 3276 2830 separati
3321 2769 3489 2816 sunt:
3523 2777 3662 2831 quo-

2096 2861 2214 2900 rum
2261 2847 2368 2900 dux
2430 2846 2666 2904 Basilius
2721 2849 3044 2921 Ancyranus
3088 2853 3329 2916 exstitit,
3388 2869 3494 2906 una
3538 2869 3665 2907 cum

2097 2936 2330 3008 Georgio
2364 2938 2666 3008 Laodiceae,
2705 2951 2759 2996 et
2783 2941 3036 3011 Daphnes
3064 2941 3131 2995 ad
3165 2943 3528 3008 Antiochiam,
3562 2943 3665 2997 hoc

2095 3037 2179 3084 cst
2218 3029 2546 3101 leesyriac.
2591 3031 2756 3087 Iidem
2796 3042 2851 3088 et
2897 3033 2964 3088 de
3000 3032 3204 3103 Spiritu
3256 3043 3448 3090 sancto
3479 3035 3665 3090 eadem

2097 3135 2220 3173 cum
2252 3120 2400 3176 illius
2428 3125 2896 3192 oppugnatoribus
2929 3134 3129 3180 tenent.
3163 3125 3350 3196 Neque
3387 3143 3518 3182 vero
3552 3137 3666 3182 ter-

2099 3211 2443 3281 giversando,
2469 3222 2562 3268 aut
2597 3215 2934 3282 hzesitando,
2971 3217 3426 3288 quemadmodum
3475 3219 3529 3272 in
3575 3219 3666 3274 Fi-

413 3305 610 3368 εἰπεῖν,
638 3305 775 3374 ὅπερ
802 3305 896 3357 καὶ
933 3302 1104 3367 οὕτως
1149 3303 1332 3375 ἔχουσι
1354 3319 1366 3333 ·
1401 3303 1491 3356 διὰ
1521 3303 1578 3356 δὲ
1616 3304 1706 3358 τὸν
1735 3305 1870 3376 πρὸς
1903 3305 1996 3358 άν-

2101 3304 2205 3368 lio;
2230 3321 2389 3374 quem
2421 3323 2544 3360 cum
2575 3309 2824 3365 absolute
2845 3319 3150 3365 creaturam
3176 3313 3530 3380 pronuntiare
3560 3328 3668 3366 non

413 3393 665 3466 θρώπους
703 3395 866 3464 φόϐον
919 3395 1238 3466 ἐπιφέρουσι
1291 3396 1352 3448 τὸ
1403 3394 1730 3466 όμοιούσιον,
1787 3396 1882 3448 καὶ
1924 3395 1992 3449 τὸ

421 3485 629 3555 κτίσμα
657 3485 732 3549 ὡς
765 3486 785 3516 ³
815 3485 874 3538 ἒν
901 3485 1008 3538 τῶν
1060 3486 1395 3556 κτισμάτων.
1437 3485 1572 3557 Περὶ
1604 3485 1661 3538 δὲ
1698 3485 1792 3538 τοῦ
1837 3485 1994 3553 ἁγίου

417 3576 768 3646 Πνεῦματος,
793 3576 869 3640 ὡς
899 3576 1059 3648 ἔφην,
1089 3577 1149 3630 οὐ
1181 3577 1508 3640 διστατικῶς
1533 3576 1810 3647 όρμῶνται
1830 3617 1844 3639 ,
1879 3576 1994 3630 ἀλλ’

417 3667 494 3732 ὡς
520 3667 861 3739 λυσσητῆρες
891 3667 1082 3735 κῦνες,
1112 3668 1347 3736 ἀφειδῶς
1377 3669 1584 3739 κτίσμα
1622 3668 1754 3723 αὐτὸ
1793 3667 1998 3721 πάντά·

417 3775 586 3811 πασιν
607 3757 900 3828 ὁρίζονται,
936 3758 1028 3810 καὶ
1048 3757 1221 3822 οῦτως
1245 3757 1703 3824 διαϐεϐαιοῦνται,
1734 3758 1827 3812 καὶ
1846 3757 2002 3810 ἀλλό-

419 3866 569 3922 τριον
595 3849 808 3921 Πατρδς
841 3851 932 3903 καὶ
958 3849 1089 3902 Υίοῦ
1126 3849 1387 3920 ὑπάρχον.
1413 3851 1521 3903 Καὶ
1544 3850 1630 3903 ἵνα
1657 3851 1730 3922 μή
1758 3867 1840 3912 τις
1859 3849 2002 3902 εἴποι

420 3939 564 3996 κατὰ
588 3940 983 4010 συκοφάντησιν
1016 3939 1156 3993 κατά
1182 3957 1340 3992 τινων
1361 3941 1510 4017 ἡμᾶς
1533 3939 1736 4008 λέγειν,
1769 3939 2002 3992 ἐνταῦθα

421 4031 812 4103 παραθήσομαι
853 4031 929 4094 ὡς
956 4030 1192 4101 ἔγραψεν
1218 4030 1447 4094 ἕκαστος
1475 4031 1656 4084 αὐτῶν
1688 4029 2000 4100 ἐπιστολὴν,

532 4145 548 4174 ¹
583 4162 686 4228 χρ.
734 4145 1112 4215 πειρωμένοις.
1166 4143 1311 4214 Lego
1365 4144 1743 4216 πτυρομένοις,
1806 4144 1891 4200 vel
1947 4146 2326 4216 πυρουμένοις.

424 4215 524 4284 οὐχ
567 4215 664 4278 ὼς.

505 4334 615 4402 (39)
657 4335 766 4386 Καὶ
797 4333 1134 4404 ιἐὠργιοςό
1169 4333 1517 4398 Λαοδικείας
1547 4333 1656 4403 τῆς
1679 4335 1830 4402 πρὸς
1877 4335 2004 4388 Ἀν-

432 4406 713 4472 τιόχειαν.
768 4404 923 4458 llnnc
989 4406 1168 4458 locum
1209 4405 1479 4474 integrum
1520 4419 1626 4474 non
1676 4419 1798 4458 esse
1824 4405 2004 4474 suspi-

432 4474 767 4544 i-ariraliquis
802 4475 1010 4542 possit;
1053 4490 1174 4544 nam
1208 4473 1477 4528 Laodicea
1529 4472 1699 4544 Syria;
1754 4475 1885 4527 nihil
1923 4472 2000 4528 ad

2097 3393 2358 3458 audeant,
2383 3396 2484 3449 etsi
2533 3395 2586 3450 id
2621 3398 2846 3452 omnino
2876 3400 3148 3465 sentiant,
3183 3399 3536 3455 nihilominus
3571 3401 3667 3455 ho-

2096 3483 2304 3537 minum
2346 3485 2805 3543 existimationem
2867 3490 3057 3555 veriti,
3094 3506 3280 3544 vocem
3330 3491 3474 3544 illam
3515 3494 3668 3560 ὁμοι-

2097 3572 2278 3627 ούσιον
2315 3575 2639 3641 obtrudunt,
2670 3586 2717 3633 et
2757 3588 3063 3637 creaturam
3096 3583 3164 3638 ab
3196 3591 3510 3637 caeterarnm
3539 3599 3671 3637 con-

2057 3704 2072 3718 .
2100 3663 2308 3718 ditione
2355 3665 2626 3722 diversam
2673 3684 2796 3726 esse
2837 3672 3139 3734 definiunt,
3182 3688 3306 3727 cum
3355 3673 3422 3729 de
3465 3673 3669 3744 Spiritu

2099 3757 2266 3829 846
2313 3769 2525 3825 sancto,
2563 3761 2805 3830 inquam,
2842 3763 3026 3833 igitur,
3059 3780 3166 3819 non
3203 3765 3387 3819 timide
3430 3780 3493 3819 ac
3530 3765 3672 3819 ditii-

2098 3849 2325 3916 denter,
2379 3852 2471 3907 sed
2525 3853 2840 3909 rabidorum
2888 3872 3082 3910 canum
3127 3872 3276 3911 more
3321 3865 3432 3910 toto
3467 3857 3668 3926 impetit

2102 3937 2354 3995 feruntur
2385 3948 2438 3996 et
2484 3949 2792 3997 creaturam
2844 3958 2967 3998 esse
3018 3945 3135 3998 sine
3169 3945 3276 3998 ulla
3323 3947 3671 4001 cunctatione

2099 4029 2315 4096 docent,
2347 4041 2400 4088 et
2433 4049 2464 4088 a
2516 4033 2699 4099 Patre,
2735 4049 2799 4088 ac
2832 4033 2968 4089 Filio
3013 4035 3324 4091 abalienare
3377 4045 3667 4090 conantur.

2432 4151 2452 4180 ²
2489 4147 2563 4203 De
2607 4149 2710 4204 hoc
2759 4149 2878 4204 loco
2919 4152 3141 4206 consule
3180 4160 3355 4206 notas.
3461 4151 3485 4184 ³
3514 4151 3671 4207 Addo

2112 4333 2393 4396 tiochiam,
2438 4332 2520 4386 vel
2564 4329 2823 4400 Daphnen
2855 4345 2952 4400 pro
2994 4329 3213 4400 regione
3245 4330 3672 4400 ipsa,etlee~

2111 4405 2252 4474 syria
2283 4399 2667 4474 nonnunquam
2697 4399 3146 4474 usurparihpiod
3162 4399 3443 4474 sequentia
3460 4399 3676 4474 docent,

2109 4469 2232 4526 cum
2283 4473 2432 4526 addit
2460 4469 2626 4542 ἤγουν
2655 4473 2752 4540 τῆς
2786 4469 2984 4542 Κοίλης
3011 4471 3230 4542 Συρίας.
3269 4472 3671 4542 Daphnensium
3748 4510 3758 4520 .

435 4541 696 4612 Daphnen
756 4541 1014 4633 pertinet.
1059 4543 1350 4633 Antioehia
1397 4541 1796 4633 por.ro:Syria:l
1839 4551 2004 4633 caput
2038 4580 2080 4633 υ
2109 4541 2808 4633 ιμιίιίειιιῂῼυιιιὶιοῑοιιδίιιιιι
2856 4541 3010 4633 inter:
3041 4541 3510 4623 legionesNotitia
3560 4556 3672 4594 me-

434 4623 795 4682 cognomento
827 4615 920 4666 ἐπὶ
949 4613 1184 4682 Δάφνης,
1213 4615 1280 4667 ab
1309 4613 1681 4667 anuenissimo
1709 4614 1999 4674 suburbio,

436 4682 694 4752 aLatinis
710 4685 869 4737 etiam
894 4683 1244 4751 Epidaplmes,
1265 4684 1402 4752 apud
1426 4682 1566 4736 Plin.
1592 4683 1684 4735 lib.
1703 4700 1754 4741 ν.
1773 4683 2002 4749 cap.25-

445 4751 660 4806 I‘aritns
719 4754 812 4807 lib.
871 4767 905 4806 ιι
996 4755 1134 4804 Ann.
1204 4754 1271 4804 ait
1300 4751 1320 4805 7:
1354 4751 1661 4805 Germanico
1698 4751 1996 4819 sepulcrum

440 4822 732 4876 Antiochia:
761 4828 1126 4884 constitutum,
1160 4821 1248 4874 ubi
1296 4835 1590 4881 crematus;
1620 4823 1852 4874 tribunal
1880 4821 2007 4889 Epi-

438 4891 681 4959 daphnm,
723 4908 824 4962 quo
877 4894 928 4945 in
963 4893 1074 4944 loco
1109 4893 1265 4944 vitam
1297 4893 1527 4961 ﬁnierat.
1563 4890 1829 4945 Nimirum
1861 4892 2005 4960 quod

357 4962 362 4966 ’
440 4963 532 5033 ἐπὶ
573 4962 790 5033 -Δάφνῃ,
836 4964 916 5033 vel
957 4962 1050 5014 ἐπὶ
1095 4962 1310 5030 Δάφνης
1359 4963 1550 5016 crebro
1607 4962 2005 5033 nominaretur,

444 5031 586 5100 vnlg‘i
621 5031 1015 5086 censucludinc
1047 5033 1268 5092 factum,
1301 5042 1357 5083 ut
1400 5047 1505 5083 una
1537 5045 1668 5101 voce
1709 5031 2008 5101 Ἑπιδάφνη

445 5101 668 5171 Daphne
705 5103 817 5171 ipsa
849 5103 1123 5155 diceretur
1157 5120 1168 5152 :
1204 5100 1661 5171 quemadmodum
1695 5115 1761 5171 ex
1797 5100 2010 5154 duabus

444 5170 578 5240 istis
627 5169 924 5225 Homericis
998 5172 1222 5223 vocibus
1269 5172 1348 5222 είν
1394 5169 1676 5240 ίἈρίμοις,
1736 5169 2011 5240 Inarimen

445 5239 715 5295 conflasse
759 5241 1038 5310 Virgilium
1069 5239 1404 5310 grammatici
1420 5239 1805 5310 suspicantur:
1833 5239 2013 5305 Quare

449 5327 556 5362 non
581 5307 1101 5371 assentior'Ortelio',
1130 5310 1220 5378 qui
1255 5309 1396 5378 apud
1419 5307 1666 5362 Tacitum
1701 5316 1753 5361 et
1779 5308 2010 5363 Plinium

450 5395 549 5442 pro
585 5379 910 5446 Epidaplme,
933 5381 1012 5433 vel
1042 5379 1372 5446 Epidaplmes
1409 5378 2014 5435 rescribendumcredit

453 5447 664 5505 Latinis
690 5451 938 5510 vocibus,
975 5448 1112 5516 apud
1144 5448 1413 5514 Daphnen.
1458 5448 1530 5500 Ex
1564 5449 1632 5503 iis
1661 5449 1855 5503 merito
1879 5465 2014 5502 con-

455 5519 545 5583 iici
600 5531 792 5588 potest,
845 5519 986 5588 apud
1040 5518 1401 5586 Epiphaninm
1453 5519 1671 5588 inverso
1718 5521 2010 5572 verborum

456 5587 645 5659 ordine
703 5591 793 5642 ita-
835 5587 934 5659 legi
987 5589 1166 5659 potius
1215 5596 1487 5659 oportere.
1527 5587 1626 5656 τῆς
1666 5588 1800 5651 πρὸς
1829 5589 2014 5659 ᾼνάφνῃ

466 5656 814 5727 Ἀντιοχείας,
847 5656 1008 5727 quam
1048 5658 1146 5726 τῆς
1200 5657 1336 5727 πρὸς
1389 5657 1786 5727 ἋντιοχηΔάφ.
1834 5656 2016 5727 Neque

457 5733 635 5796 tamen
667 5726 956 5796 propterea
987 5726 1306 5794 eXplIcatiOr
1355 5726 1441 5779 hic
1480 5726 1792 5796 iipse‘locus
1832 5726 2011 5779 fuerit.

457 5793 815 5858 Qumretidnni
849 5799 989 5851 enim
1026 5793 1302 5865 praetcrea,
1338 5811 1438 5848 cur
1477 5793 1739 5849 Laodicea
1773 5797 1871 5864 τῆς
1896 5797 2015 5848 ’Λν-

462 5867 690 5932 ιιοχείας
719 5869 1040 5935 appelletur.
1071 5869 1150 5918 An
1184 5866 1283 5921 hoc
1313 5865 1730 5919 existimandum
1756 5876 1837 5920 cst
1858 5907 1871 5930 ,
1905 5869 2008 5920 Au-

2111 4611 2289 4667 minit.
2321 4611 2560 4665 Dicerem
2596 4611 2919 4664 Antiocheni
2944 4611 3178 4678 alicujus
3211 4612 3450 4680 episcopi
3478 4627 3674 4665 nomen

2111 4684 2199 4736 hic
2232 4681 2550 4743 desiderari,
2583 4679 2628 4732 si
2685 4680 2808 4748 quis
2858 4689 3170 4736 occurreret
3210 4679 3673 4735 Semiarianoruni

2112 4756 2311 4814 fautor,
2339 4764 2392 4805 et
2414 4750 2640 4821 signifer
2672 4769 2682 4802 :
2714 4750 3020 4817 cujusmodi
3067 4751 3274 4804 nullum
3300 4752 3531 4821 reperio.
3564 4749 3674 4821 lnio

2109 4839 2237 4877 vero
2269 4819 2566 4882 Eudoxios,
2587 4821 2676 4888 qui
2697 4821 3088 4874 Antiochenam
3108 4821 3289 4875 sedem
3313 4819 3434 4890 post
3464 4819 3672 4874 Leontii

2110 4894 2317 4946 obitum
2350 4892 2656 4960 occupavit,
2690 4891 2894 4951 Basilii,
2929 4907 2992 4943 ac
3018 4891 3232 4954 Georgii
3255 4890 3544 4960 Laudiceni
3581 4903 3676 4954 per

2113 4963 2202 5015 illa
2239 4959 2504 5030 tempora
2535 4960 2707 5017 hostis
2758 4962 3058 5015 acerrimus
3106 4963 3224 5014 fuit.
3269 4961 3402 5014 Vide
3455 4959 3673 5030 Sozam.

2113 5033 2206 5085 lib.
2235 5048 2308 5093 iv,
2336 5028 2456 5100 cap.
2483 5030 2548 5083 12
2577 5037 2630 5083 et
2659 5030 3032 5100 sequentibus.
3060 5031 3256 5084 Credat
3282 5033 3444 5098 igitur
3477 5028 3676 5100 aliquis

2113 5103 2182 5155 ab
2222 5097 2519 5169 Epiphanio
2549 5100 2646 5169 τὴν
2678 5097 2769 5150 ἐπὶ
2797 5099 3096 5170 Ἀντιοχείᾳ
3125 5097 3340 5168 Δάφνην
3378 5114 3473 5170 pro
3500 5097 3675 5170 Caele-

2113 5166 2554 5240 syria‘h'oeIOCO
2594 5166 2768 5232 Sunii;
2800 5169 2944 5240 quod
2973 5166 3352 5240 novummilii,
3384 5177 3438 5240 et
3461 5166 3675 5240 inaudi-

2115 5237 2228 5293 tum
2255 5254 2376 5294 esse
2405 5238 2598 5292 fateor.
2641 5239 2904 5304 Quodnisi
2950 5240 3036 5292 cui
3070 5239 3384 5306 conjectura
3415 5237 3518 5289 ista
3556 5239 3676 5303 pla-

2114 5318 2262 5376 ceat,
2309 5309 2735 5378 simplicissima,
2779 5319 2838 5378 et
2885 5307 3115 5362 fortasse
3157 5322 3281 5360 vera
3313 5307 3452 5378 ratio
3477 5315 3581 5378 est,
3618 5313 3680 5359 ut

2115 5378 2383 5434 Laodicea
2415 5376 2777 5447 cognomento
2811 5377 3052 5443 Daphnes
3095 5378 3366 5447 appellata
3406 5376 3677 5447 videatur,

2115 5450 2258 5519 quod
2288 5451 2336 5503 ei
2375 5446 2500 5502 loco
2523 5447 3053 5519 longe‘nobilissimo
3075 5460 3147 5519 ac
3176 5446 3534 5519 celeberrimo
3557 5461 3679 5519 pro-

2117 5514 2318 5589 pinqua
2343 5523 2499 5582 lorct,
2525 5514 2666 5571 κατὰ
2683 5514 2965 5589 διαστολὴν
2989 5515 3266 5589 Laodicea;
3287 5517 3535 5577 alterius,
3574 5517 3680 5589 iino

2119 5583 2352 5658 plurium
2385 5589 2613 5640 aliarum
2643 5583 3046 5658 cognominum.
3068 5583 3219 5658 inter
3249 5587 3388 5658 hanc
3417 5601 3566 5658 vero,
3591 5586 3678 5638 cui

2117 5653 2165 5711 et
2193 5658 2434 5713 Cabiosa’
2460 5672 2652 5710 nomen
2687 5653 2938 5715 inditum,
2975 5664 3021 5706 et
3053 5654 3394 5710 Antiochiam
3421 5655 3487 5707 ad
3512 5655 3682 5708 Oron-

2117 5737 2246 5791 tem,
2277 5726 2556 5794 interjccta
2585 5725 2685 5777 fuit
2714 5722 2952 5794 Daphne.
2979 5724 3024 5789 ρ
3049 5725 3132 5776 ιοιί
3160 5735 3216 5778 ιιι
3247 5727 3564 5792 expressius
3582 5723 3681 5794 de-

2118 5799 2384 5866 clararetA
2408 5791 2762 5866 Epiphanius,
2799 5791 2998 5861 adjecit
3029 5795 3194 5863 ἤγουν
3233 5791 3427 5866 Κοίλης
3462 5791 3678 5866 Συρίας,

2120 5884 2185 5920 ne
2210 5866 2333 5939 quis
2365 5863 2650 5934 Phrygiam
2678 5870 2910 5932 putaret,
2943 5873 3032 5917 aut
3067 5866 3225 5919 aliam
3256 5863 3570 5936 quamlibet.
