3990 6228
387 447 494 506 405

986 441 1355 500 ADVERSUS
1390 432 1730 495 IIA‘IRESES
1771 429 1897 484 LIB.
1934 427 1983 479 ll‘

2088 427 2224 479 .UM.
2269 424 2696 481 I.—Il.cEIiES.
2736 425 2966 482 LXXIII.

3548 433 3656 487 406

402 560 764 630 Ἐκκλησίας,
815 559 1229 629 ἐκϐεϐλημένων
1277 558 1384 609 τῶν
1435 554 1766 618 σκανδάλων,
1824 553 1974 623 εἰρη-

2088 543 2212 595 mini
2261 543 2436 598 nostri
2475 543 2779 599 Constantii
2826 546 3076 615 imperio,
3128 547 3421 601 conciliata
3453 548 3657 618 ubique

389 652 572 706 νεύειν
603 669 660 704 τε
691 653 786 705 καὶ
817 654 935 715 ταῖς
968 650 1247 721 λατρείαις
1279 649 1372 702 τοῦ
1409 648 1545 702 Θεοῦ
1577 647 1932 719 προσανέχειν
1958 662 1972 676 ·

387 745 579 817 ἐπειδὴ
613 744 692 809 δὲ,
729 746 802 808 ὠς
833 744 1030 809 ἔοικεν,
1072 745 1131 798 οὐ
1168 745 1400 797 παύεται
1434 745 1462 796 ὁ
1487 742 1731 803 διάϐολος
1758 739 1847 794 διὰ
1871 739 1977 792 τῶν

386 838 610 891 οἰκείων
637 837 848 892 σκευῶν
880 837 1196 902 σπουδάζων
1224 836 1346 890 καθ’
1377 837 1588 897 ἑαυτὸν,
1620 836 1709 887 ἵνα
1737 832 1800 903 δὴ
1843 832 1978 886 πάν-

387 949 501 994 τως
525 930 596 984 τά
625 949 682 985 τε
723 932 854 1002 περὶ
884 931 899 961 ¹
935 929 1029 984 τοῦ
1061 931 1269 1003 Κυρίου
1322 927 1734 1000 προρρηθέντα,
1766 925 1859 980 καὶ
1892 924 1978 978 διὰ

388 1024 487 1076 τοῦ
517 1023 676 1092 ἁγίου
719 1024 1042 1077 Ἀποστόλου
1083 1023 1379 1093 σύμφωνα,
1425 1022 1500 1085 ὼς
1530 1020 1622 1074 ἐπὶ
1657 1019 1977 1090 προφυλακῇ

391 1117 503 1168 τῶν
535 1117 742 1169 πιστῶν
792 1117 1136 1188 κηρυχθέντα
1175 1119 1253 1180 εἰς
1284 1114 1620 1170 ἀποστασίαν
1647 1112 1976 1183 ἐργάσηται,

393 1206 634 1260 ἐπινοῶν
681 1211 1006 1279 καινισμοὺς
1053 1208 1193 1264 κατά
1234 1208 1335 1279 τῆς
1374 1205 1834 1278 ἐκκλησιαστικῆς
1890 1200 1978 1256 πί·

395 1317 593 1365 στεως,
628 1302 722 1356 καὶ
749 1300 842 1355 νῦν
867 1304 925 1354 ὲν
961 1300 1240 1373 μορφώσει
1278 1301 1432 1365 τινὰς
1459 1299 1739 1362 εὐσεϐείας
1768 1295 1979 1350 οἰκειώ-

397 1389 618 1454 σασθαι,
653 1391 746 1445 καὶ
775 1391 1038 1463 βεϐήλους
1063 1391 1426 1462 καινοφωνίας
1453 1391 1519 1444 δι’
1549 1388 1730 1443 αὐτῶν
1760 1389 1976 1458 ἐπινοῆ-

396 1498 493 1534 σαι
524 1482 666 1536 κατὰ
715 1485 813 1554 τῆς
850 1484 1107 1549 εὐσεϐοῦς
1139 1485 1488 1556 γνησιότητος
1525 1483 1620 1538 τοῦ
1658 1481 1979 1555 μονογενοῦς

401 1575 532 1628 Υίοῦ
577 1576 672 1630 τοῦ
707 1577 863 1642 Θεοῦ,
912 1579 1174 1650 πρότερον
1215 1579 1312 1649 μὲν
1355 1579 1644 1642 ἀκούοντες
1697 1577 1836 1631 κατὰ
1879 1579 1980 1647 τὴν

411 1667 739 1743 ’Δντιόχειαν
768 1670 1070 1742 διατρὲχειν
1099 1672 1252 1734 τινὰς
1271 1711 1284 1735 ,
1318 1671 1453 1726 ἀλλά
1481 1673 1573 1726 καὶ
1595 1670 1694 1742 τὴν
1733 1668 1981 1734 Ἀλεξάν-

395 1759 604 1829 δρειαν,
633 1760 713 1815 ἔτι
738 1779 797 1815 τε
827 1763 921 1818 κοιλ⁸
948 1763 1046 1834 τὴν
1068 1764 1285 1827 Λυδίαν,
1309 1764 1360 1816 εἴ
1383 1781 1441 1817 τε
1473 1764 1613 1820 κατὰ
1630 1763 1727 1834 τὴν
1772 1761 1976 1826 Ἀσίαν,

2080 637 2150 694 ab
2177 647 2298 694 ortu
2336 639 2401 692 ad
2449 655 2706 695 occasum
2745 639 3011 707 Ecclesia,
3052 642 3351 713 cjectisque
3381 643 3658 700 scandalis

2083 743 2269 804 pacem
2302 732 2570 794 obtinere.
2607 747 2671 786 ac
2703 733 2904 789 divinis
2929 735 3208 804 obsequiis
3242 735 3532 792 insistere.’
3551 736 3656 791 Sed

2082 823 2370 893 quoniam,
2400 832 2460 876 ut
2489 823 2730 887 videtur,
2773 823 3046 889 diabolus,
3088 840 3195 894 quo
3233 824 3440 880 scilicet
3473 826 3655 880 omnia

2085 916 2197 980 illa,
2224 929 2344 984 quae
2373 929 2403 968 a
2436 913 2670 969 Domino
2711 914 2970 984 praedicta
3017 922 3166 978 sunt,
3198 923 3252 970 et
3288 915 3356 970 ab
3395 915 3656 986 Apostolo

2081 1018 2451 1067 consentauee
2498 1008 2565 1062 ad
2607 1007 2846 1062 ﬁdelium
2893 995 3202 1062 cautionem
3243 1006 3309 1062 de
3352 1007 3658 1063 defectione

2082 1099 2410 1171 prmdicata,
2454 1099 2520 1152 ad
2584 1099 2788 1152 exitum
2833 1097 3088 1164 deducat,
3140 1097 3297 1152 novis
3330 1099 3655 1168 quibusdam

2083 1192 2411 1248 commentis
2451 1198 2643 1246 contra
2697 1190 3069 1247 ecclesiastica
3114 1189 3236 1246 tidei
3288 1190 3656 1246 sinceritatem

2081 1284 2372 1356 Opposilis,
2415 1285 2466 1341 id
2498 1300 2661 1357 agere
2686 1285 2980 1354 molirique
3025 1299 3136 1338 non
3167 1283 3390 1348 desinit,
3423 1291 3482 1338 ut
3520 1291 3657 1338 non-

2083 1379 2249 1434 nullis
2294 1377 2476 1451 specie
2521 1378 2756 1449 quadam
2790 1377 3062 1436 ementita:
3105 1376 3322 1446 pietatis
3361 1375 3657 1446 adjunctis,

2083 1471 2340 1543 profanas
2364 1469 2628 1541 quasdam
2666 1485 2861 1524 vocum
2891 1470 3160 1524 novitates
3180 1509 3194 1532 ,
3233 1467 3498 1524 adversus
3529 1467 3660 1523 reli-

2082 1566 2290 1636 giosam
2335 1563 2600 1636 unigeniti
2646 1562 2738 1616 Dei
2772 1561 2894 1618 Filii
2939 1562 3351 1634 germanitatem
3393 1575 3489 1623 per
3537 1559 3661 1614 illos

2083 1657 2373 1728 excogitet.
2390 1655 2526 1710 Cum
2549 1662 2602 1711 et
2626 1662 2782 1710 antea
2801 1655 3090 1709 nonnullos
3116 1653 3459 1707 Antiochiam
3483 1652 3658 1716 obire,

2086 1766 2299 1806 necnon
2337 1756 2391 1804 et
2421 1747 2805 1810 Alexandriam
2838 1761 2899 1801 ac
2935 1744 3182 1817 Lydiam,
3208 1753 3260 1799 et
3282 1743 3446 1815 847
3472 1743 3658 1797 Asiam

401 1851 494 1903 καὶ
533 1853 792 1921 ἐμϐαλεῖν
838 1854 1137 1926 σπινθῆρας
1177 1856 1432 1920 ἀσεϐείας
1477 1859 1597 1921 ταῖς
1634 1858 1744 1912 τῶν
1783 1856 1976 1913 ἀπλου·

2088 1840 2453 1904 audissemus,
2487 1839 2672 1909 ibique
2706 1838 3002 1909 impietatis
3023 1852 3136 1892 sua:
3171 1836 3437 1891 scintillas
3469 1833 3657 1888 rudio~

396 1942 611 2014 στέρων
636 1944 854 2016 ψυχαῖς,
887 1949 1181 2018 ἐλπίζομεν
1221 1949 1310 2003 διὰ
1331 1950 1391 2002 τὸ
1422 1950 1694 2022 τολμηρὸν
1721 1952 1819 2020 τῆς
1861 1952 1981 2004 ἀσε-

395 2035 573 2099 ϐείας,
613 2037 706 2090 καὶ
736 2039 989 2094 τοσοῦτον
1038 2041 1252 2106 ἀναιδὲς
1276 2043 1456 2096 αὐτῶν
1495 2045 1977 2116 ὑπερμαχοῦντων,

396 2128 628 2182 καὶτῶν
675 2130 814 2184 κατά
854 2132 1019 2185 τόπον
1045 2132 1248 2203 κυρίων
1293 2134 1742 2206 συλλειτουργῶν,
1777 2155 1982 2209 μαραν-

398 2217 562 2288 θῆναι
597 2221 696 2292 τὴν
732 2223 1122 2295 προνοηθεῖσαν
1149 2226 1384 2298 αἵρεσιν,
1427 2227 1521 2280 καὶ
1551 2227 1845 2300 σϐεσθῆναι
1883 2229 1981 2301 τὴν

397 2307 624 2363 κακίαν.

483 2573 704 2646 Ἐπειδὴ
737 2576 864 2647 ἑξῆς
912 2579 965 2631 οἵ
1003 2597 1065 2633 τε
1099 2583 1164 2636 ἐκ
1209 2581 1312 2636 τῶν
1347 2585 1765 2656 προειρημένων
1804 2589 1984 2642 τόπων

399 2667 796 2739 ἐπιδημοῦντες
839 2674 936 2727 καὶ
978 2677 1026 2727 οἱ
1072 2675 1180 2732 ἀπὸ
1222 2676 1331 2730 τῶν
1376 2677 1517 2733 κατὰ
1569 2677 1630 2732 τὸ
1692 2677 1985 2752 Ἰλλυρικὸν

397 2759 862 2828 ἀπαγγέλλουσιν,
892 2765 967 2828 ὡς
1011 2767 1247 2840 σπουδὴν
1285 2769 1526 2834 τιθέντες
1573 2772 1624 2823 οί
1658 2772 1846 2826 τούτου
1890 2771 1984 2825 τοῦ

405 2851 582 2905 κακοῦ
616 2853 920 2925 ἐξευρεταὶ,
950 2860 1044 2912 καὶ
1071 2860 1323 2925 πλείονας
1355 2862 1612 2932 βλάπτειν
1638 2864 1945 2936 τολμῶντες
1969 2907 1983 2932 ,

410 2941 506 2993 καὶ
533 2943 667 3014 πρὸς
694 2945 890 3001 κακίαν
917 2949 1144 3019 ξυμοῦν,
1169 2951 1350 3006 οὐκέτι
1379 2953 1739 3024 ἀνασχόμενοι
1765 2957 1986 3028 ὑπερτί-

401 3029 595 3085 θεσθαι
620 3072 635 3096 ,
695 3035 828 3095 ἀλλά
878 3037 970 3091 καλ⁸
1019 3041 1130 3103 τοῖς
1191 3042 1516 3112 γράμμασιν
1568 3045 1988 3115 ἐντυγχάνοντες

402 3125 512 3187 τοῖς
547 3124 641 3178 τοῦ
667 3127 940 3198 ὁμοψύχου
965 3129 1376 3203 συλλειτουργοῦ
1401 3135 1558 3204 ἡμῶν
1581 3134 1858 3207 -Γεωργίου
1891 3135 1990 3190 τοῦ

2085 1949 2203 1986 rum
2242 1932 2440 1987 animis
2475 1931 2788 1996 immittere,
2823 1945 3016 1999 magna
3061 1944 3162 1984 nos
3197 1945 3322 1999 spes
3345 1930 3521 1992 tenet,
3563 1943 3661 1998 pro

2084 2033 2234 2081 tanta
2286 2024 2514 2081 sceleris
2563 2021 2815 2086 audacia,
2861 2037 2924 2077 ac
2954 2031 3089 2092 .tam
3140 2023 3382 2091 projecta
3443 2022 3659 2074 illorum

2086 2117 2440 2189 impudentia,
2475 2115 2520 2172 si
2550 2125 2605 2172 et
2643 2131 2765 2182 nos,
2797 2121 2849 2169 et
2895 2115 2989 2183 qui
3029 2114 3083 2168 in
3122 2114 3229 2167 illis
3261 2113 3394 2168 locis
3425 2112 3660 2167 ministri

2085 2208 2300 2263 Domini
2329 2208 2639 2278 accollegze
2688 2214 2837 2273 sunt,
2872 2205 3131 2261 Ecclesiae
3170 2204 3658 2276 propugnationem

2083 2301 2513 2371 susciperemus,
2548 2300 2822 2354 inventam
2863 2297 3009 2352 illam
3049 2296 3492 2367 nupcrhaeresim
3538 2311 3664 2366 pro-

2085 2392 2296 2464 ﬂigari,
2354 2399 2517 2462 atque
2554 2405 2769 2445 omnem
2831 2389 2977 2444 illam
3043 2387 3448 2458 improbitatem
3504 2395 3665 2457 posse

2087 2483 2370 2555 restingui.

2156 2577 2426 2645 Quoniam
2467 2555 2597 2630 vero
2643 2583 2754 2628 tam
2811 2574 2880 2634 ab
2928 2572 2995 2629 iis
3039 2581 3260 2644 postea,
3301 2571 3396 2643 qui
3445 2586 3508 2627 ex
3559 2570 3666 2628 illis

2088 2675 2224 2730 locis
2258 2674 2366 2728 huc
2405 2671 2636 2744 profecti
2665 2677 2813 2736 sunt,
2849 2685 3013 2741 quam
3045 2685 3111 2725 ex
3147 2668 3488 2740 Illyricorum
3526 2684 3666 2724 nun-

2089 2766 2180 2821 tiis
2210 2764 2546 2834 accepimus,
2579 2763 2707 2817 mali
2751 2763 2916 2833 hujus
2951 2772 3204 2818 auctores
3252 2774 3474 2816 onmem
3506 2758 3667 2812 indu-

2087 2860 2279 2914 striam
2329 2857 2626 2922 adhibere,
2676 2870 2742 2911 ac
2794 2855 3073 2927 plerisque
3125 2854 3422 2925 perniciem
3457 2851 3667 2908 machi-

2079 2951 2232 3015 nari,
2262 2964 2467 3019 eosque
2496 2949 2645 3004 velut
2698 2947 3025 3003 fermentum
3062 2946 3339 3017 quoddam
3365 2945 3432 2999 ad
3476 2944 3668 3013 nequi-

2090 3041 2218 3095 tiam
2259 3039 2572 3095 distendere
2597 3081 2612 3107 ,
2655 3054 2768 3093 rem
2805 3039 2948 3092 ultra
2995 3036 3346 3094 diﬁ'ercndam
3383 3049 3506 3090 esse
3556 3047 3666 3086 non

2091 3133 2429 3190 censuimus.
2458 3132 2563 3188 Sed
2603 3147 2727 3186 cum
2783 3131 2996 3186 litteras
3046 3130 3271 3200 insuper
3321 3129 3391 3184 ab
3421 3127 3666 3182 unanimi

404 3217 505 3286 τῆς
546 3218 860 3285 Λαοδικείας
898 3223 1242 3296 Ἑκκλησίας,
1275 3219 1349 3280 ὧν
1383 3227 1450 3280 τά
1487 3227 1753 3282 ἀντίτυπα
1785 3230 1983 3283 ὑπετά-

2089 3227 2298 3296 collega
2341 3233 2536 3280 nostro
2588 3222 2822 3295 Georgio
2866 3223 3123 3292 episc0po
3165 3219 3483 3276 Laodic’enae
3513 3218 3668 3274 urbis

403 3310 601 3380 ξαμεν,
649 3313 744 3366 καὶ
791 3314 892 3378 τὰς
949 3318 1256 3390 μαρτυρίας
1305 3320 1415 3373 τῶν
1458 3321 1997 3394 διαμαρτυραμένων-

403 3400 546 3472 πρὸς
580 3402 726 3472 ἡμᾶς
755 3405 848 3458 ἐπὶ
889 3406 1055 3472 Θεοῦ,
1103 3407 1527 3479 εὐλαϐηθέντες,
1573 3410 1648 3474 ὡς
1692 3411 1921 3464 ἐνεδίδου
1957 3413 1986 3465 ὁ

403 3497 626 3569 καιρὸς,
657 3501 756 3570 τῆς
784 3499 945 3568 ἁγίας
979 3501 1198 3572 ἡμέρας
1229 3502 1323 3555 τοῦ
1361 3502 1552 3574 Πάσχα
1594 3503 1981 3575 ἐπικειμένης,

406 3590 765 3660 συναχθέντες
805 3593 919 3655 ὅσοι
958 3609 1022 3661 γε
1055 3591 1400 3664 ἠδυνήθημεν
1448 3592 1586 3665 [καὶ]
1621 3594 1982 3664 συναχθῆναι,

401 3684 494 3741 διὰ
517 3683 714 3740 καὶτὸν
729 3686 748 3715 ¹
779 3685 1025 3755 χειμῶνα
1045 3686 1158 3749 τοῖς
1189 3684 1402 3749 πολλοῖς
1431 3671 1682 3756 ἐμποδὼν
1708 3686 1983 3755 γενέσθαι,

401 3775 482 3836 ὡς
498 3775 587 3830 διὰ
619 3776 729 3831 τῶν
749 3777 1091 3850 γραμμάτων
1115 3778 1419 3849 ἐσήμαναν,
1449 3779 1706 3833 ἐκθέσθαι
1730 3781 1809 3843 είς
1831 3780 1988 3833 τοῦτο

401 3867 468 3920 τὸ
496 3864 633 3932 εἶδος
655 3869 773 3939 (46)
815 3869 912 3940 τῆς
948 3869 1182 3934 πίστεως
1211 3870 1272 3924 τὸ
1317 3870 1511 3940 ἰδίωμα
1541 3872 1984 3943 ἐσπουδάσαμεν,

392 3959 532 4012 ,ὅσον
577 3959 669 4012 ἐπὶ
713 3961 824 4022 τοῖς
858 3961 1083 4024 λοιποῖς,
1115 3962 1183 4031 τῇ
1227 3961 1285 4012 ὲν
1328 3961 1657 4034 Ἀντιοχείᾳ,
1705 3963 1782 4028 ὡς
1838 3961 1982 4037 ’προ-

402 4050 646 4120 έφημεν,
689 4049 970 4122 ἐκτεθείσῃ
1005 4067 1062 4102 τε
1095 4050 1275 4104 πίστει
1308 4053 1372 4121 τῇ
1420 4052 1477 4104 ὲν
1506 4053 1617 4116 τοῖς
1655 4053 1982 4121 ἐγκαινίοις·

403 4141 547 4195 ἀλλὰ
575 4142 668 4194 καὶ
709 4144 767 4195 ἐν
799 4143 866 4212 τῇ
902 4142 1140 4213 Σαρδικῇ
1165 4183 1179 4206 ,
1211 4141 1276 4213 ἣν
1309 4141 1596 4211 ἀνείληφεν
1624 4145 1655 4212 ἡ
1692 4145 1748 4196 ὲν
1773 4144 1986 4216 Σιρμίῳ

405 4232 656 4295 σύνοδος,
709 4232 802 4286 καὶ
847 4234 959 4296 τοῖς
1006 4232 1214 4286 ἐκεῖθεν
1267 4231 1583 4301 λογισμοῖς,
1631 4232 1989 4304 διαρθρώσειν

405 4322 655 4394 ἀκριϐῶς
701 4323 800 4393 τὴν
841 4323 922 4385 είς
956 4321 1052 4394 τὴν
1091 4321 1254 4390 ἁγίαν
1297 4321 1504 4391 Τριάδα
1549 4321 1648 4392 τῆς
1693 4321 1989 4393 καθολικῆς

419 4413 750 4485 Ἐκκλησίας
791 4414 1002 4467 πίστιν·
1041 4413 1177 4485 πρὸς
1219 4412 1277 4466 δὲ
1318 4412 1496 4478 τοῦτο,
1541 4412 1616 4477 ὡς
1644 4413 1985 4486 προέφημεν,

403 4509 508 4577 τῆς
558 4505 906 4577 καινοτομίας
967 4505 1030 4558 τὸ
1075 4502 1213 4568 εἶδος
1271 4505 1452 4576 μόνον,
1510 4505 1586 4569 ὡς
1637 4507 1870 4560 ἐνεδίδου
1920 4506 1982 4560 τὸ

406 4596 656 4668 Πνεῦμα,
688 4598 1181 4670 ὑπαγορεύσαντες.
1215 4599 1325 4651 Καὶ
1357 4598 1780 4670 παρακαλοῦμεν
1815 4599 1980 4669 ὑμᾶς,

421 4688 607 4761 κύριοι
671 4689 990 4761 τιμιώτατοι
1043 4688 1446 4762 συλλειτουργολ.
1497 4691 1843 4761 ἐντυχόντες,
1901 4694 1985 4746 ὅτι

393 4780 714 4852 ιὲράσθητε³
729 4784 794 4854 τῇ
816 4783 880 4836 ἐκ
905 4781 1156 4854 πατέρων
1180 4781 1547 4857 παραδοθείσῃ
1573 4784 1770 4845 πίστει,
1791 4785 1886 4839 καὶ
1910 4786 1986 4850 ὡς

403 4871 674 4942 σύμφωνα
717 4873 845 4944 ὑμῖν
891 4872 1216 4945 φρονοῦμεν,
1254 4874 1328 4938 ὡς
1360 4875 1823 4947 πεπιστεύκαμεν,
1853 4878 1985 4932 ὐπο-

403 4963 786 5033 σημή,νασθαι’
838 4964 924 5019 ἵνα
993 4964 1501 5036 πληροφορηθέντες
1557 4968 1606 5019 ot
1663 4966 1761 5038 τὴν
1812 4968 1983 5040 αὐτὴν

397 5051 656 5106 ἀσέϐειαν
695 5054 1008 5122 ἐπεισάγειν
1033 5053 1361 5124 τολμῶντες,
1390 5056 1471 5109 ὅτι
1506 5055 1756 5128 καθάπερ
1785 5059 1983 5130 κλῆρόν

400 5161 526 5196 τινα
550 5143 647 5214 τὴν
689 5146 752 5198 ἐκ
776 5145 885 5198 τῶν
927 5146 1300 5200 ἀποστολικῶν
1330 5149 1537 5220 χρόνων
1563 5150 1652 5205 διὰ
1683 5151 1790 5204 τῶν
1818 5153 1876 5206 ἐν
1907 5154 1988 5223 τῷ

403 5234 560 5304 μέσῳ
600 5236 728 5306 ἄχρι
759 5236 852 5289 καὶ
888 5236 1046 5307 ἡμῶν
1089 5237 1350 5308 πατέρων
1379 5239 1770 5312 ὑποδεξάμενοι
1807 5244 1990 5298 πίστιν

403 5327 776 5398 φυλάσσομεν,
807 5329 840 5400 ἢ
870 5330 1246 5399 αἰσχυνθέντες
1275 5331 1732 5404 διορθωθὴσονται
1754 5377 1768 5401 ,
1801 5336 1832 5407 ἢ
1866 5337 1990 5390 ἐπιι

407 5418 662 5490 μένοντες
689 5420 1114 5491 ἀποκηρυχθῶσι
1153 5422 1252 5492 τῆς
1308 5423 1634 5494 Ἐκκλησίας
1657 5464 1674 5489 ,
1712 5426 1810 5498 τὴν
1853 5429 1986 5481 ἀπο·

404 5510 633 5562 στασίαν
659 5511 738 5582 τῷ
767 5511 868 5581 υἱῷ
898 5513 996 5582 τῆς
1030 5511 1258 5582 ἀνομίας
1279 5556 1292 5580 ,
1321 5514 1380 5578 ὃς
1410 5515 1612 5587 τολμᾷν
1642 5517 1863 5572 ἀπειλεῖ
1887 5521 1979 5573 καὶ

479 5676 491 5704 ¹
531 5673 586 5726 ί⁴“.
620 5673 784 5742 παρὰ.
863 5674 881 5702 ²
920 5671 977 5724 ν.
1002 5671 1062 5724 τὸ
1096 5674 1188 5725 καὶ
1214 5673 1324 5729 τόν.

2091 3318 2519 3388 accepissemus,
2547 3331 2782 3386 quarum
2815 3315 3124 3384 exemplum
3161 3313 3248 3367 hic
3284 3311 3665 3382 ascripsimus,

2085 3419 2142 3466 et
2174 3425 2363 3465 eorum
2400 3409 2865 3472 denuntiationcs,
2898 3409 2994 3478 qui
3024 3416 3206 3462 cora‘m
3242 3405 3353 3459 Deo
3382 3419 3481 3458 nos
3509 3404 3666 3457 oble-

2090 3502 2400 3565 stabantur,
2435 3507 2655 3556 reveriti
2691 3513 2962 3563 essemus,
2997 3511 3095 3566 pro
3124 3511 3190 3550 eo
3221 3509 3285 3548 ac
3323 3509 3418 3564 per
3454 3501 3670 3560 tempus

2090 3593 2330 3658 licebat,
2384 3591 2703 3646 imminente
2742 3597 3098 3646 sacrosancto
3140 3585 3427 3642 Paschatis
3471 3585 3579 3645 die,
3611 3583 3666 3636 in

2091 3699 2260 3740 unum
2297 3682 2542 3750 collecti,_
2562 3689 2830 3752 quotquot
2852 3680 3042 3736 adesse
3066 3678 3343 3749 potuimus
3367 3675 3526 3748 (nam
3553 3673 3668 3744 plc-

2090 3791 2293 3845 rosque
2331 3774 2507 3830 hiems
2538 3772 2868 3838 interclusit,
2903 3779 2963 3826 ut
2989 3786 3054 3826 ex
3082 3785 3272 3824 eorum
3305 3767 3502 3823 litteris
3528 3765 3671 3819 didi~

2092 3863 2568 3937 cimus),operam
2605 3863 2882 3926 dedimus,
2907 3868 2966 3915 ut
2992 3859 3061 3915 ad
3083 3869 3360 3929 receptam
3399 3855 3523 3909 ﬁdei
3558 3853 3669 3909 for-

2091 3958 2291 4012 mulam
2331 3956 2609 4027 proprium
2646 3953 2929 4025 quiddam,
2968 3959 3132 4022 atque
3157 3947 3474 4020 expressius
3500 3944 3668 4000 adde—

2090 4057 2262 4117 retur,
2304 4056 2364 4103 ut
2412 4055 2532 4118 post
2570 4054 2797 4102 cateras
2838 4045 2958 4099 ﬁdei
2998 4043 3389 4113 professiones,
3422 4053 3540 4093 cam
3581 4038 3668 4091 ni-

2088 4141 2310 4205 mirum,
2344 4155 2468 4210 qua:
2509 4137 2809 4193 Antiochiae
2847 4135 2951 4192 sub
2984 4135 3242 4189 Ecclesiae
3269 4131 3669 4187 dedicationem

2089 4234 2369 4305 proposita
2409 4239 2532 4298 est;
2592 4244 2804 4287 necnon
2851 4238 2906 4284 ct
2952 4229 3007 4282 in
3055 4225 3369 4281 Sardicensi
3436 4221 3666 4294 synodo,

2089 4337 2252 4392 quam
2287 4320 2604 4377 Sirmiensis
2628 4319 2876 4390 amplexa
2909 4327 3032 4385 est;
3065 4324 3118 4372 et
3146 4315 3214 4371 ad
3247 4316 3489 4370 rationes
3522 4313 3665 4376 illas,

2089 4429 2210 4486 qua:
2257 4414 2311 4468 in
2365 4413 2516 4468 hisce
2562 4411 2814 4467 conciliis
2862 4410 3144 4480 explicatae
3187 4416 3336 4472 sunt,
3382 4403 3668 4460 catholica:

2091 4505 2350 4562 Ecclesiae
2377 4503 2445 4560 de
2477 4511 2669 4559 sancta
2702 4502 2974 4558 Trinitate
2999 4501 3195 4572 dogma
3227 4497 3544 4554 distinctius
3572 4512 3668 4550 ex-

2094 4599 2355 4668 plicatum
2403 4611 2434 4650 a
2479 4596 2639 4651 nobis
2678 4596 2980 4651 accederet.
3021 4594 3082 4649 In
3117 4607 3224 4664 qua
3263 4591 3480 4663 quidem
3529 4602 3669 4643 nova

2095 4690 2217 4747 fidei
2258 4686 2628 4746 declaratione
2670 4687 2805 4742 nihil
2835 4685 2980 4752 aliud
3025 4700 3188 4756 quam
3239 4682 3386 4755 quod
3431 4680 3667 4752 Spiritus

2092 4785 2627 4853 sanctusmentibus
2660 4783 2867 4838 nostris
2907 4779 3252 4852 suggerebat,
3300 4775 3512 4831 dictare
3547 4780 3666 4830 stu-

2090 4878 2330 4935 duimus.
2350 4876 2614 4945 Quocirca
2640 4877 2803 4932 etiam
2832 4884 2994 4944 atque
3028 4872 3190 4928 etiam
3215 4885 3313 4926 vos
3344 4880 3664 4941 precamur,

2090 4969 2429 5025 venerabiles
2472 4968 2679 5024 domini
2713 4982 2777 5021 ac
2816 4967 3059 5036 collegae,
3095 4973 3155 5018 ut
3193 4962 3351 5017 lectis
3383 4959 3469 5012 his
3522 4957 3668 5009 litte-

2089 5061 2187 5126 ris,
2221 5075 2346 5115 cum
2393 5059 2549 5114 vobis
2583 5058 2840 5112 traditam
2881 5072 2912 5111 a
2959 5054 3262 5126 majoribus
3305 5050 3463 5103 ﬁdem
3512 5043 3666 5099 cordi

2087 5168 2243 5219 esse;
2281 5160 2395 5207 tum
2424 5166 2526 5206 nos
2551 5150 2739 5206 eadem
2768 5149 3052 5205 vobiscum
3079 5144 3301 5207 sentire,
3327 5155 3388 5194 ac
3419 5135 3665 5209 proﬁteri

2089 5245 2450 5318 signiﬁcetis:
2495 5253 2552 5299 ut
2581 5244 2675 5314 qui
2728 5241 3059 5313 impietatem
3111 5237 3255 5290 illam
3301 5231 3666 5286 disseminare

2091 5353 2200 5393 non
2227 5343 2506 5400 verentur,
2539 5351 2663 5390 cum
2705 5333 2758 5389 id
2789 5341 2941 5389 certo
2963 5325 3354 5399 compererint,
3391 5322 3535 5375 illam
3563 5335 3664 5376 nos

2091 5433 2272 5496 ﬁdem,
2305 5446 2472 5503 quam
2520 5429 2588 5484 ab
2620 5425 2938 5499 apostolicis
2977 5422 3102 5476 inde
3140 5415 3500 5489 temporibus.
3533 5428 3666 5468 con-

2086 5524 2298 5580 tinuata
2329 5523 2398 5579 ad
2480 5520 2663 5590 patres
2691 5520 2908 5570 nostros
2936 5521 3107 5580 usque
3139 5503 3486 5563 successione
3509 5514 3660 5558 acce-

1405 5675 1502 5728 ‘F.
1532 5676 1828 5750 ἡγιάσθητε,
1878 5681 1970 5735 sed
2016 5698 2205 5752 parum
2269 5683 2518 5738 sincerus
2578 5682 2665 5736 hic
2696 5679 2870 5734 locus.

480 5828 956 5907 (Ipi-IEICUéLrﬂflt
1003 5831 1088 5894 εἰς
1129 5829 1303 5882 τοῦτο
1365 5831 1426 5883 τὸ
1471 5827 1649 5897 εἶδος.
1696 5831 1808 5886 Hoc
1866 5844 1946 5888 cst

2111 5837 2374 5903 formula,
2433 5834 2879 5907 professioneque
2943 5832 3064 5888 ﬁdei
3117 5828 3437 5888 nominatim
3508 5824 3646 5896 ejus,

407 5900 553 5967 quod
580 5902 640 5956 ab
669 5899 938 5955 lucretius
966 5908 1330 5972 oppugnatur,
1359 5903 1687 5958 mentionem
1720 5904 1980 5972 adjicere.
2027 5912 2036 5917 '
