3990 6228
367 457 470 514 401
1749 452 1806 510 S.
1849 453 1943 508 ΕΡ(

2056 453 2188 508 AN"
3523 459 3629 512 408

373 577 574 646 pimus,
609 577 758 633 velut
799 569 1193 648 patrimonium
1225 577 1388 646 tueri,
1422 591 1486 633 ac
1515 577 1828 644 defendere,
1861 577 1944 631 vel

2053 579 2130 641 είς
2157 578 2247 630 τὸν
2283 576 2411 630 ναὸν
2435 575 2532 630 τοῦ
2563 576 2700 630 Θεοῦ
2745 576 2968 630 καθίσαι
3007 577 3106 648 ἤδη
3133 617 3146 641 ,
3175 575 3242 629 δι’
3280 575 3470 630 ἑαυτὸν
3497 593 3629 648 προ-

372 673 578 740 pudore
613 669 790 726 affecti
833 671 899 724 ad
940 670 1220 726 meliorem
1245 679 1483 726 mentem
1515 685 1575 724 se
1617 670 1942 736 conferant;

1006 670 1220 726 eliorem
1245 679 1483 726 mentem
1515 685 1575 724 se
1617 670 1942 736 conferant;
2051 669 2582 740 παρασκευάζοντες.

369 765 456 818 vel
497 764 544 820 si
589 763 644 817 in
681 763 1031 834 improbitate
1068 766 1380 834 persistant,
1419 763 1488 818 ab
1525 762 1774 820 Ecclesia
1815 763 2268 834 proscribantur;
2327 773 2516 836 utpote
2571 767 2663 837 qui
2731 766 3038 837 iniquitatis
3101 767 3234 828 ﬁlio,
3303 765 3397 836 qui
3433 763 3514 820 vel
3573 763 3630 820 in

373 857 466 916 Dei
491 860 694 929 templo
726 859 910 914 sedem
945 874 1099 914 suam
1127 861 1238 930 jam
1271 874 1419 914 nunc
1457 875 1516 914 se
1552 849 1948 914 collocaturum
1983 861 2225 915 minatur
2249 861 2290 924 ¹,
2319 861 2683 916 defectionem
2716 875 2814 932 per
2843 875 2967 917 sese
2987 849 3330 930 comparent.

437 949 730 1022 848111.
775 951 942 1022 Igitur
984 950 1115 1004 ﬁdes
1161 959 1348 1006 nostra
1401 951 1466 1005 ad
1509 951 1719 1006 Patrem
1755 961 1808 1006 et
1855 949 1947 1004 Fi-

2121 953 2194 1006 I".
2247 953 2312 1006 Ἦ
2340 953 2522 1016 πίστις
2549 951 2705 1025 ἡμῶν
2729 955 2808 1016 είς
2833 951 3055 1023 Πατέρα
3078 953 3171 1004 καὶ
3199 950 3327 1004 Υίδν
3353 949 3444 1003 καὶ
3471 949 3629 1017 ἄγνον

369 1043 528 1106 lium,
563 1051 618 1098 et
656 1041 924 1112 Spiritum
961 1052 1212 1097 sanetum
1244 1041 1499 1098 refertur.
1537 1041 1629 1098 Sic
1660 1043 1804 1098 enim
1837 1041 1944 1096 Do—

2052 1043 2272 1114 Πνεῦμα
2320 1045 2390 1114 (ὅ)
2447 1047 2616 1100 ἐστιν.
2649 1043 2804 1098 Οὕτω
2845 1043 2955 1115 γάρ
2988 1043 3234 1097 ἐδίδασκε
3267 1043 3392 1106 τοὺς
3430 1039 3628 1094 ἑαυτοῦ

371 1134 555 1189 minus
585 1141 773 1188 noster
811 1131 969 1188 Jcsus
1004 1135 1255 1190 Christus
1287 1133 1588 1206 discipulos
1627 1151 1757 1192 suos
1789 1135 1942 1190 insti-

2052 1134 2300 1207 μαθητὰς
2340 1137 2370 1189 ὀ
2411 1135 2610 1207 Κύριος
2657 1135 2813 1206 ἡμῶν
2876 1135 3085 1206 Ἰησοῦς
3140 1134 3374 1207 Χριστὸς
3423 1132 3625 1186 εἰπών·

371 1223 518 1278 tuit:
563 1221 783 1286 Eunles,
832 1223 1038 1292 inquit,
1083 1222 1262 1276 docete
1303 1239 1478 1278 omnes
1528 1233 1724 1294 gentes,
1774 1224 1944 1293 bapti-

2053 1230 2444 1297 Πορευθέντες
2465 1231 2881 1300 μαθητεύσατε
2925 1227 3126 1281 πάντα
3183 1227 3257 1281 τὰ
3303 1227 3447 1293 ἔθνη
3465 1267 3479 1292 ,
3508 1225 3629 1290 ,βα-

369 1325 553 1370 ααηιεδ
599 1333 684 1370 eos
725 1317 781 1369 in
828 1318 1036 1370 nomine
1076 1313 1292 1379 Patris,
1331 1323 1383 1368 et
1425 1313 1581 1380 Filii,
1617 1324 1666 1368 et
1712 1313 1943 1382 Spiritus

2051 1320 2351 1388 πτίζοντες
2375 1321 2598 1388 αὐτοὺς
2627 1325 2715 1389 εὶς
2759 1323 2828 1375 τὸ
2857 1321 3043 1390 ὄνομα
3077 1319 3183 1372 τοῦ
3222 1319 3474 1388 Πατρός,
3523 1318 3627 1374 καί

369 1409 543 1462 sancti
565 1411 607 1462 ⁸.
649 1409 828 1476 Quare
867 1409 960 1479 qui
1013 1409 1068 1464 in
1104 1409 1246 1462 hanc
1293 1405 1416 1462 ﬁdei
1467 1405 1701 1462 formam
1749 1408 1945 1464 iterato

2051 1415 2157 1468 τοῦ
2200 1415 2370 1482 Υίοῦ,
2401 1415 2498 1469 καὶ
2541 1415 2647 1471 τοῦ
2685 1417 2858 1486 ἁγίου
2903 1417 3270 1486 Πνεύματος.
3317 1413 3530 1466 οὐκοῦν
3575 1413 3627 1467 oi

371 1500 538 1570 geniti
589 1516 810 1568 sumus,
865 1501 1148 1556 nominum
1199 1500 1467 1570 ejusmodi
1525 1501 1776 1556 notiones
1817 1501 1946 1557 reli-

2057 1507 2486 1578 άναγεννὼμενοι
2517 1509 2596 1571 είς
2627 1507 2832 1580 ταύτην
2851 1509 2950 1577 τὴν
2979 1510 3182 1566 πίστιν.
3217 1505 3458 1568 εὐσεϐῶς
3487 1506 3633 1557 νοεῖν

368 1593 522 1662 giose
552 1593 816 1648 debemus
872 1593 1142 1662 accipere.
1189 1590 1379 1663 Neque
1417 1590 1563 1646 enim
1612 1592 1788 1646 dixit:
1839 1590 1944 1645 Ba-

2055 1598 2148 1663 τάς
2194 1601 2258 1652 ὲκ
2304 1600 2407 1654 τῶν
2457 1600 2736 1672 ὀνομάτων
2787 1599 2992 1664 ἑννοίας
3039 1599 3344 1670 ὀφείλομεν.
3395 1597 3470 1650 Οὐ
3519 1597 3631 1666 γὰρ

373 1685 638 1752 ptizantes
692 1702 780 1740 eos
835 1686 891 1739 in
943 1686 1063 1755 ejus
1097 1685 1317 1740 nomine
1346 1683 1439 1754 qui
1495 1683 1679 1739 carnis
1728 1697 1949 1752 expers,

2056 1685 2174 1742 εἷπε
2189 1706 2202 1719 '
2229 1689 2620 1756 Βαπτίζοντες
2644 1691 2865 1758 αὐτοὺς
2885 1693 2964 1754 είς
2987 1691 3047 1744 τὸ
3071 1691 3240 1760 ὄνομα
3265 1688 3358 1742 τοῦ
3385 1688 3632 1760 άσάρκου

371 1792 594 1832 carnem
639 1778 854 1842 induit;
895 1793 1074 1847 neque
1121 1777 1450 1833 immortalis
1493 1785 1546 1832 et
1583 1783 1816 1832 mortem
1853 1789 1947 1829 ex-

2057 1783 2149 1836 καὶ
2178 1783 2626 1855 σαρκωθέντος,ἦ
2654 1784 2748 1838 τοῦ
2769 1784 3037 1839 ἀθανάτου
3062 1784 3157 1837 καὶ
3179 1783 3409 1837 θανάτου
3433 1783 3633 1851 πεῖραν

372 1869 546 1936 perti;
573 1883 746 1938 neque
771 1870 994 1940 ingeniti
1018 1879 1068 1925 et
1093 1869 1294 1940 geniti;
1322 1869 1416 1926 sed
1439 1871 1494 1923 in
1511 1869 1722 1924 nomine
1737 1867 1946 1929 Patris,

2055 1874 2326 1940 λαϐόντος,
2357 1875 2389 1947 ἢ
2419 1875 2514 1930 τοῦ
2549 1877 2845 1947 ἀγεννήτου
2877 1876 2970 1930 καὶ
2997 1873 3279 1946 γεννητοῦ,
3305 1872 3422 1928 ἀλλ’
3449 1875 3538 1939 είς
3563 1873 3631 1926 τὸ

371 1967 418 2013 et
455 1958 610 2025 Filii,
637 1971 686 2016 et
721 1960 952 2032 Spiritus
989 1963 1179 2028 sancti,
1215 1971 1272 2018 ut
1299 1962 1693 2034 appellationes
1727 1969 1947 2016 natura-

2057 1965 2160 2019 τοῦ
2187 1967 2438 2034 Πατρός,
2472 1967 2572 2020 καὶ
2603 1967 2711 2022 τοῦ
2768 1953 2904 2022 ride
2925 2009 2940 2032 ,
2973 1968 3071 2021 καὶ
3102 1967 3209 2021 τοῦ
3246 1965 3422 2036 ἁγίου
3447 1965 3633 2017 11νεύ-

375 2051 520 2106 libus
561 2069 624 2108 ex
679 2053 840 2109 rebus
889 2055 1192 2110 translatas
1230 2055 1545 2118 audientes,
1589 2051 1810 2107 Patrem
1865 2053 1951 2108 sui

2057 2061 2256 2125 ματοςτ,
2287 2057 2373 2110 ἵνα
2413 2057 2691 2129 ὀνομάτων
2719 2058 3155 2131 προσακούοντες
3191 2057 3300 2110 ἀπὸ
3333 2055 3442 2109 τῶν
3473 2073 3633 2124 φυσι-

374 2143 573 2199 similis
603 2155 810 2199 natura:
849 2145 1178 2216 principium
1213 2147 1625 2216 intelligamus;
1659 2144 1950 2215 itidemque

2059 2147 2186 2212 κῶν,
2218 2147 2300 2220 [ἐν
2327 2146 2432 2222 οἷς]
2463 2151 2553 2203 τὸν
2581 2151 2800 2222 Πατέρα
2829 2150 2999 2204 αἴτιον
3025 2149 3216 2220 ὁμοίας
3249 2147 3413 2201 αὐτοῦ
3443 2147 3635 2211 οὐσίας

373 2234 500 2291 Filii
543 2253 742 2293 nomen
791 2239 1098 2303 audientes,
1145 2237 1342 2294 Filium
1391 2238 1514 2309 ejus
1559 2236 1762 2300 Patris,
1793 2237 1949 2308 cujus

2059 2239 2343 2311 ἐννοῶμεν,
2381 2241 2475 2294 καὶ
2503 2241 2563 2294 τὸ
2599 2241 2768 2312 ὄνομα
2794 2241 2888 2294 τοῦ
2935 2239 3065 2294 Υίοῦ
3095 2239 3387 2301 ἀκούοντες
3405 2277 3420 2301 ,
3447 2238 3635 2308 ὅμοιον

375 2327 550 2385 Filius
582 2341 687 2393 est,
722 2331 955 2386 similem
991 2345 1115 2386 esse
1153 2331 1479 2401 cogitemus.
1525 2328 1817 2384 Credimus
1849 2329 1951 2400 igi-

2055 2333 2338 2404 νοήσωμεν
2378 2333 2470 2388 τὸν
2505 2334 2632 2386 Υἱὸν
2679 2333 2774 2387 τοῦ
2815 2333 3062 2404 Πατρδς,
3113 2325 3175 2386 οῦ
3210 2333 3358 2386 ἐστιν
3415 2333 3442 2384 ὀ
3481 2331 3631 2392 Υἱός.

375 2432 468 2475 tur
501 2421 555 2475 in
603 2419 855 2486 Patrem,
897 2429 952 2477 et
985 2420 1186 2476 Filium
1209 2463 1224 2486 ,
1261 2429 1316 2476 et
1357 2419 1622 2490 Spiritum
1663 2427 1951 2486 sanetum;

2067 2422 2500 2494 Ἐπιστεύσαμεν
2537 2419 2630 2476 οὖν
2673 2425 2754 2487 είς
2801 2423 3041 2494 Πατέρα,
3069 2423 3164 2475 καὶ
3181 2422 3328 2486 Υίὸν,
3355 2420 3450 2472 καὶ
3479 2419 3637 2486 ἅγιον

378 2528 487 2567 non
538 2513 592 2567 in
627 2521 969 2576 creatorem,
1013 2522 1068 2568 et
1111 2519 1458 2568 creaturam.~
1491 2511 1652 2566 Aliud
1686 2511 1830 2567 enim
1871 2518 1954 2566 est

2059 2509 2302 2580 Πνεῦμα,
2331 2511 2429 2564 οὐκ
2456 2512 2536 2574 εἰς
2563 2511 2785 2581 κτίστην
2811 2511 2905 2566 καὶ
2931 2511 3156 2582 κτίσμα.
3191 2509 3353 2564 Ι’Λλλο
3375 2509 3484 2578 γάρ
3511 2511 3635 2562 ἐστι

377 2614 594 2662 creator
631 2613 686 2661 et
723 2589 1188 2668 creaturafaliud
1243 2605 1401 2660 Pater
1448 2613 1502 2660 et
1546 2603 1736 2660 Filius.
1777 2601 1860 2658 Ob
1901 2601 1953 2657 id

2059 2603 2282 2673 κτίστης
2305 2602 2396 2655 καί¹
2435 2603 2667 2672 κτίσμα,
2707 2603 2836 2656 ἄλλο
2879 2603 3068 2672 Πατὴρ
3117 2600 3214 2655 καὶ
3253 2603 3281 2654 ὀ
3311 2601 3470 2664 Υίός·
3497 2598 3635 2652 διότι

377 2706 675 2768 utrumque
722 2698 947 2752 notione
994 2699 1112 2767 ipsa
1161 2703 1472 2767 separatum
1512 2705 1612 2750 est.
1660 2693 1793 2748 Nam
1829 2709 1953 2748 eum

2059 2693 2384 2766 κεχώρισται
2439 2694 2643 2748 τούτων
2713 2695 2972 2766 ἑκάτερον
3025 2695 3092 2765 τῇ
3143 2689 3343 2762 ἐννοίᾳ.
3391 2691 3466 2744 Τὸ
3520 2689 3635 2761 γὰρ

378 2797 690 2844 creaturam
725 2788 871 2854 dico,
917 2789 1156 2860 priorem
1187 2802 1308 2842 esse
1347 2795 1648 2841 creatorem
1681 2785 1952 2855 signiﬁco.

2057 2786 2262 2854 κτίσμα
2295 2785 2488 2853 λέγων,
2519 2785 2735 2856 πρῶτον
2779 2785 3002 2856 κτίστην
3033 2783 3197 2854 φημί.
3233 2783 3345 2836 Καὶ
3379 2777 3633 2845 τδ,Υίὺς,

377 2879 444 2935 At
481 2877 603 2934 Filii
651 2895 756 2935 vos
801 2895 867 2934 ex
915 2880 1080 2934 rebus
1124 2887 1386 2948 usurpata
1439 2877 1739 2946 corporeis.
1783 2885 1836 2930 et
1887 2877 1953 2930 ab

2061 2876 2134 2940 ὡς
2181 2877 2290 2930 ἀπὸ
2328 2877 2654 2948 σωματικῶν
2699 2876 3268 2950 προσλαμϐανόμενον,
3309 2875 3404 2928 καὶ
3445 2873 3532 2926 διά
3567 2872 3637 2926 τά

379 2971 759 3029 affectionibus
791 2973 918 3034 illis,
945 2987 1007 3026 ac
1025 2970 1306 3042 prolluriis
1329 2971 1596 3026 seminum
1614 2985 1732 3040 qum
1754 2969 1808 3024 in
1832 2983 1955 3023 cor-

2061 2968 2207 3038 σιάθη
2251 2969 2345 3022 καὶ
2387 2969 2485 3032 τὰς
2523 2971 2826 3040 ἁποῇροίας
2869 2967 2980 3022 τῶν
3024 2965 3352 3037 σωματικῶν
3383 2964 3637 3036 πατέρων

379 3065 564 3136 porcis
605 3067 855 3137 patribus
908 3065 1145 3134 ﬁliisque
1180 3071 1503 3128 cernuntur,
1545 3070 1774 3133 purgata
1819 3077 1955 3133 quo-

2059 3062 2153 3114 xal.
2183 3061 2310 3114 υἱῶν
2345 3061 2600 3132 καθαρῶς
2641 3063 2722 3124 είς
2753 3059 2852 3131 τὴν
2882 3059 2974 3114 τοῦ
2999 3057 3060 3125 ἐξ
3084 3059 3380 3130 ἀσωμάτου
3419 3055 3635 3126 Πατρός

380 3157 696 3222 dammodo,
752 3173 818 3212 ac
865 3156 1126 3212 defamata
1178 3162 1415 3209 mentem
1465 3161 1706 3210 nostram
1759 3153 1814 3207 in
1848 3167 1954 3206 una

2063 3153 2352 3224 ἀσωμάτου
2401 3151 2532 3204 Υίοῦ
2573 3151 2806 3223 ὓπαρξιν
2839 3149 3050 3222 ἵστησιν
3082 3149 3310 3202 ἔννοιαν.
3349 3147 3448 3200 Διὰ
3477 3143 3639 3198 τοῦτο

2133 3245 2145 3256 ι
2223 3244 2233 3256 I
2385 3245 2410 3254 -
2522 3244 2534 3256 ι
2807 3243 2818 3256 ι
2877 3243 2890 3256 ι
3229 3240 3255 3250 ⁸·
3427 3238 3438 3256 Ι
3485 3237 3504 3256 ἢ
3524 3236 3637 3256 ,P_,-

383 3249 696 3320 incorporei
737 3247 860 3302 Filii
897 3248 966 3302 ab
1019 3247 1345 3315 incorporeo
1385 3243 1546 3300 Patre
1595 3244 1958 3315 productione

2063 3245 2156 3298 καὶ
2184 3244 2282 3316 τὴν
2320 3245 2413 3298 τοῦ
2445 3244 2744 3313 κτίσματος
2795 3243 2902 3296 ἀπὸ
2945 3240 3258 3312 σωματικοῦ
3297 3236 3639 3312 παρέπλεξεν

381 3343 589 3412 deligit.
645 3341 991 3412 Quapropter
1025 3348 1290 3393 creaturae
1327 3353 1544 3408 quoque
1593 3353 1658 3392 cx
1695 3353 1761 3392 eo
1811 3335 1957 3406 quod

2063 3335 2288 3388 ἔννοιαν.
2331 3337 2441 3388 Καὶ
2469 3335 2654 3405 ἐπειδὴ
2683 3334 2743 3387 τὸ
2775 3336 2980 3404 κτίσμα
3007 3333 3036 3385 ὃ
3066 3334 3209 3384 ποιεῖ
3237 3331 3258 3362 ³
3291 3329 3416 3383 Υἱὸν
3453 3327 3635 3400 μόνον.

383 3447 707 3502 corporeum
749 3439 856 3494 est,
904 3429 1222 3483 translatam
1270 3427 1550 3482 notionem
1605 3425 1852 3494 illigavit.
1893 3421 1959 3476 Et

2065 3425 2170 3479 άπὸ
2192 3425 2284 3479 τοῦ
2315 3425 2531 3478 κτίστου
2563 3423 2771 3478 καὶτοῦ
2802 3423 3100 3492 κτίσματος
3129 3418 3309 3473 λαϐὼν
3337 3417 3400 3470 τὸ
3432 3415 3641 3478 ἀπαθὲς

384 3525 646 3596 quoniam
699 3532 966 3578 creatura:
1008 3521 1153 3576 nuda
1203 3521 1344 3574 ratio
1383 3515 1579 3571 Filium
1620 3515 1960 3570 constituere

2065 3518 2157 3570 τοῦ
2178 3517 2474 3580 κτίζοντος,
2497 3517 2572 3580 ὡς
2591 3516 2726 3588 πρὸς
2741 3516 2802 3568 τὸ
2823 3515 3050 3585 κτίσμα,
3077 3513 3172 3566 καὶ
3193 3511 3286 3564 τοῦ
3313 3509 3633 3579 κτίσματος,

385 3620 596 3689 nequit,
625 3633 656 3672 a
687 3625 934 3672 creatore
961 3623 1014 3671 et
1038 3621 1288 3670 creatura
1317 3610 1562 3682 qtizcdam
1595 3623 1908 3671 secernens,
1929 3621 1958 3658 a

2066 3611 2126 3662 τὸ
2155 3608 2215 3674 ἐξ
2243 3605 2485 3670 ἀπαθοῦς
2512 3605 2606 3660 τοῦ
2654 3607 2930 3670 κτίζοντος
2959 3601 3270 3674 ὑφεστῶτος
3301 3600 3498 3668 πάγιον
3523 3597 3641 3650 κτί-

385 3719 631 3766 creatore
664 3710 946 3770 nimirum,
982 3707 1026 3762 si
1053 3706 1118 3760 ad
1156 3712 1461 3760 creaturam
1509 3700 1796 3762 referatur,
1833 3713 1955 3768 pas—

2070 3701 2198 3765 ζων,
2231 3699 2482 3754 ἐϐούλετο
2503 3698 2526 3730 ⁸
2551 3697 2760 3752 τελείαν
2787 3699 2851 3750 ὲκ
2898 3696 2992 3749 τοῦ
3041 3690 3353 3765 σωματικοῦ
3429 3691 3637 3762 πατρὸς

387 3802 559 3860 sionis
606 3813 883 3871 expertem
937 3807 1173 3862 statum;
1209 3812 1238 3850 a
1286 3803 1536 3851 creatura
1577 3809 1707 3848 vero
1747 3791 1961 3845 ﬁrmum

2073 3793 2168 3846 καὶ
2187 3791 2431 3860 ιΥίοῦέεκ
2461 3789 2773 3861 σωματικοῦ
2811 3789 3028 3841 κτίστου
3056 3787 3151 3840 καὶ
3179 3783 3498 3854 κτίσματος,
3533 3779 3637 3850 τὴν

388 3893 673 3966 quiddam,
703 3899 756 3946 et
809 3891 1068 3952 solidum,
1121 3889 1266 3958 quod
1311 3888 1379 3942 ab
1423 3893 1646 3956 experte
1689 3883 1962 3954 passionis

2067 3883 2197 3954 περὶ
2245 3884 2456 3953 [ἰατρὸς
2499 3883 2594 3935 καὶ
2632 3881 2765 3934 Υίοῦ
2817 3879 3073 3950 καθαρῶς
3121 3877 3270 3948 ἡμᾶς
3321 3871 3643 3927 ἐπαίδευσεν

389 3961 640 4040 creatore
679 3983 986 4054 profectum
1028 3991 1132 4044 cst,
1166 3987 1276 4033 tam
1330 3995 1359 4032 a
1395 3993 1660 4048 corporeo
1709 3975 1870 4030 Patre
1909 3983 1963 4028 et

2067 3977 2294 4028 ἔννοιαν.
2335 3974 2766 4046 ’Ᾱφαιρουμένου
2807 3973 2917 4043 γὰρ
2947 3971 3054 4024 ἀπὸ
3097 3968 3192 4022 τοῦ
3221 3967 3520 4037 κτίσματος
3547 3961 3642 4014 τοῦ

389 4075 547 4138 Filio,
567 4091 728 4146 quam
764 4091 791 4128 a
824 4083 1072 4130 creatore
1100 4085 1154 4130 et
1181 4079 1456 4134 creatura,
1481 4068 1772 4140 perfectam
1804 4067 1962 4120 nobis

2069 4083 2128 4118 τε
2161 4063 2356 4128 ἔξωθεν
2385 4063 2694 4133 ὑφεστῶτος
2717 4064 2809 4118 καὶ
2842 4064 2934 4118 τοῦ
2963 4061 3168 4122 ὑλικοῦ,
3195 4061 3290 4112 καὶ
3314 4057 3424 4110 τῶν
3448 4054 3640 4118 ἄλλων,

389 4185 453 4222 ac
480 4167 748 4222 sinceram
781 4167 848 4222 de
875 4167 1038 4222 Patre
1067 4163 1315 4234 Filioque
1344 4161 1591 4218 notitiam
1625 4157 1962 4214 informavit.

2070 4159 2172 4210 ὅσα
2201 4158 2328 4227 περὶ
2357 4157 2378 4188 ⁵
2425 4155 2739 4227 σωματικοῦ
2767 4155 3062 4226 κτίσματος
3095 4153 3157 4207 τὸ
3184 4151 3356 4220 ὄνομα
3383 4147 3643 4234 περιέχειὲ

389 4259 603 4314 Etenim
650 4260 696 4316 si
747 4275 776 4312 a
810 4267 1062 4314 creatura
1113 4265 1295 4313 certas
1340 4254 1632 4326 qualitates
1673 4250 1962 4316 exemeris,

2077 4249 2213 4319 μόνη
2243 4249 2354 4302 ἀπὸ
2378 4247 2472 4300 τοῦ
2519 4245 2818 4317 κτίσματος
2850 4245 2999 4316 μένει
3027 4244 3061 4314 ἠ
3089 4241 3330 4312 ἀπαθὴς,
3359 4238 3522 4309 φημὶ,
3549 4231 3644 4287 τοῦ

391 4348 562 4415 velut,
601 4347 747 4418 quod
783 4359 936 4402 extra
981 4355 1284 4402 creatorem
1338 4343 1626 4404 subsistat,
1655 4339 1800 4412 quod
1839 4353 1964 4392 cum

2073 4340 2391 4410 κτίσματος,
2417 4339 2512 4392 καὶ
2538 4339 2720 4390 τελεία
2753 4337 2845 4392 τοῦ
2873 4335 3214 4405 κτιζομένου,
3239 4333 3334 4387 καὶ
3353 4331 3413 4385 ὃν
3437 4331 3458 4361 ⁸
3484 4327 3649 4400 ἠϐού-

393 4440 620 4495 materia
667 4448 918 4494 concreta
967 4441 1058 4500 sit,
1102 4439 1317 4508 aliaque
1362 4437 1416 4490 id
1461 4449 1656 4505 genus,
1688 4447 1809 4502 qua:
1838 4443 1966 4485 cor-

1909 4447 1966 4484 r-
2071 4431 2194 4483 λετο
2227 4433 2254 4484 ὀ
2287 4431 2484 4494 κτίζων
2517 4429 2795 4494 κτίζεσθαι
2827 4429 2888 4481 τὸ
2920 4427 3255 4498 κτιζόμενον,
3289 4425 3485 4478 ἔννοια.

394 4547 572 4602 porca:
617 4537 882 4586 creaturae
921 4531 1209 4600 appellatio
1235 4528 1502 4589 continet,
1549 4526 1664 4580 sola
1703 4525 1962 4593 deinceps
2014 4523 2287 4594 supererit
2337 4537 2366 4574 a
2411 4523 2664 4591 passione
2709 4531 2915 4576 remota
2957 4519 3308 4589 perfectaque
3359 4521 3646 4574 creatura,

394 4623 624 4692 ejusque
658 4638 818 4692 quem
853 4631 1068 4678 creator
1097 4621 1376 4690 procreari
1407 4617 1660 4679 voluerit,
1691 4616 1862 4670 notio.

469 4717 525 4772 Si
561 4719 726 4788 igitur
753 4734 782 4772 a
823 4725 1070 4772 creatore
1109 4721 1163 4768 et
1193 4721 1446 4768 creatura
1495 4707 1798 4780 segregatis
1843 4707 1971 4762 reli-
2005 4705 2045 4759 D

2146 4699 2207 4752 Ei
2233 4691 2325 4750 οὖν
2351 4697 2458 4751 ἀπὸ
2483 4697 2576 4751 τοῦ
2601 4697 2820 4750 κτίστου
2845 4696 2939 4748 καὶ
2963 4693 3059 4747 τοῦ
3091 4692 3391 4765 κτίσματος
3417 4693 3486 4748 τὰ
3517 4695 3651 4748 ἄλλα

397 4811 552 4882 quis,
597 4811 816 4864 unicam
879 4809 1024 4862 illam
1083 4805 1358 4860 notionem
1417 4801 1752 4869 deligamus,
1789 4813 1896 4868 qua
1941 4813 1972 4851 a

2079 4790 2240 4844 πάλιν
2282 4789 2632 4851 ἐκϐάλλοντες
2655 4829 2669 4850 ,
2703 4788 2803 4856 τὴν
2851 4785 2910 4849 ἐξ
2940 4783 3184 4845 ἀπαθοῦς
3211 4781 3306 4835 τοῦ
3339 4781 3649 4846 κτίζοντος,

399 4869 680 4976 passionis
711 4909 934 4972 experte
965 4897 1338 4969 perfectoque,
1379 4909 1444 4948 ac
1485 4892 1668 4948 stabili
1708 4897 1975 4950 creatore,

2077 4883 2171 4935 καὶ
2199 4881 2404 4935 τελείου
2436 4897 2494 4933 τε
2515 4921 2528 4944 ,
2565 4880 2762 4948 παγίου
2789 4917 2802 4940 ,
2841 4877 2936 4929 καὶ
2963 4871 3074 4928 οἷον
3101 4873 3353 4927 ἐϐούλετο
3397 4869 3536 4926 εἶναι
3589 4873 3653 4927 τὸ

399 4963 454 5050 et
499 4963 1089 5064 ejusmodi-denique,
1136 4985 1444 5056 cujusmodi
1497 4992 1805 5038 creaturam
1855 4995 1975 5036 esse

2077 4974 2318 5042 κτίσμα,
2373 4972 2540 5042 μόνην
2599 4968 3018 5039 λαμϐανομένην
3070 4965 3300 5028 ἔννοιαν,
3358 4963 3651 5018 άκόλουθόν

402 5085 596 5149 voluit,
631 5083 931 5140 derivatam
965 5081 1111 5134 illam
1147 5078 1526 5148 concipimus,
1551 5075 1718 5148 849
1746 5089 1978 5130 consen-

2085 5065 2234 5118 ἐστιν
2250 5063 2357 5117 ἀπὸ
2383 5062 2477 5115 τοῦ
2509 5061 2721 5132 Πατρδς
2751 5061 2843 5112 κα)⁸
2870 5056 2964 5110 τοῦ
2989 5057 3120 5110 Υἱοῦ
3141 5056 3442 5126 ὀνομάτων,
3463 5056 3649 5128 ἐπειδὴ

402 5148 623 5233 taneum
662 5183 766 5236 est,
797 5183 854 5228 ut
891 5188 956 5227 ex
986 5171 1166 5226 Patris
1189 5169 1424 5240 Filiique
1454 5169 1703 5236 vocibus,
1733 5167 1978 5238 quando-

2083 5157 2315 5226 μάλιστα
2340 5159 2420 5218 είς
2445 5155 2663 5223 Πατέρα
2697 5153 2790 5205 καὶ
2815 5151 2942 5204 Υἱὺν
2969 5148 3247 5202 πιστεύειν
3273 5149 3647 5220 ἐδιδάχθημεν.

405 5266 622 5333 quidem
651 5265 706 5319 in
737 5263 975 5328 Patrem,
1010 5277 1074 5316 ac
1106 5259 1302 5314 Filium
1335 5261 1559 5315 credere
1595 5259 1866 5330 praecipue
1893 5255 1978 5310 di—

2077 5250 2223 5303 Μίαν
2259 5245 2352 5302 οὖν
2379 5267 2498 5301 τινα
2530 5245 2768 5308 εὐσεϐῶς
2799 5245 3092 5315 λαμϐάνειν
3133 5243 3282 5314 ἡμᾶς
3309 5241 3515 5296 ἔννοιαν
3549 5241 3647 5296 δεῖ.

405 5358 663 5422 uicimus,
695 5355 967 5418 eamdem,
1007 5361 1064 5407 ut
1101 5354 1218 5423 pios
1251 5367 1314 5406 ac
1349 5352 1635 5422 religiosos
1673 5349 1848 5410 decet,
1883 5363 1980 5400 no-

407 5447 582 5502 titiam
613 5445 956 5499 hauriamus.

477 5535 560 5590 ιν.
605 5535 967 5602 Quamobrem
1001 5535 1046 5588 si
1077 5533 1129 5588 in
1167 5549 1224 5588 re
1255 5533 1552 5604 pr0posita,
1585 5533 1636 5584 iu
1673 5529 1831 5583 Patre
1857 5527 1976 5581 dis-

2155 5522 2227 5574 A'.
2269 5519 2358 5572 Διδ
2395 5519 2488 5571 καὶ
2527 5517 2618 5568 ἐπὶ
2653 5516 2825 5582 τούτῳ
2865 5507 3260 5578 ἐκϐαλλομένου
3299 5505 3394 5559 τοῦ
3425 5503 3564 5558 κατὰ
3591 5503 3649 5555 τὸ

407 5639 716 5689 cernamus,
767 5626 818 5678 id
862 5625 1008 5694 quod
1057 5625 1335 5679 adhaerere
1381 5623 1538 5684 solet,
1584 5627 1641 5672 ut
1678 5635 1800 5672 cum
1845 5633 1980 5688 qua-

2087 5615 2294 5678 πάθος,
2329 5613 2361 5682 ἦ
2407 5608 2718 5682 ἀπορροὴν,
2761 5607 2852 5658 τὸν
2901 5603 3120 5673 Πατέρα
3167 5599 3380 5671 πατέρα
3419 5593 3649 5650 νοεῖσθαι

482 5801 504 5882 ξ
535 5799 787 5882 tljhoss.
819 5819 878 5864 ιι,
927 5801 970 5854 ι.
1046 5803 1066 5832 ι
1102 5801 1292 5854 Matth.
1323 5767 1520 5860 Ξκνιιι,
1562 5797 1648 5852 to.
1731 5797 1748 5826 τι
1781 5794 1842 5848 F.
1879 5796 1936 5846 οὐ
1964 5809 2053 5846 ποι

2061 5795 2124 5845 εἴ.
2197 5789 2218 5820 ⁸
2249 5787 2306 5842 F.
2345 5789 2438 5842 καὶ
2471 5781 2580 5841 οἷον
2613 5785 2880 5842 ἐϐούλετο,
2941 5789 2998 5835 ut
3025 5778 3186 5834 infra.
3265 5781 3286 5810 ⁵
3319 5777 3380 5848 i".
3419 5778 3637 5846 ὅσαπερ.

415 5871 432 5902 ⁸
463 5869 504 5926 ξ’
513 5909 527 5924 .
559 5869 684 5922 οἷον.
