3990 6228
327 413 433 469 ιοο

965 411 1336 470 ADVERSUS
1375 412 1717 471 HEltESES
1750 416 1878 472 LIB.

1996 461 2010 475 .
2052 418 2216 475 ΤΟΜ.
2262 418 2390 472 1.-
2430 419 2700 476 ΠᾹΞΒΕΞ.
2743 421 2975 479 LXXIII.

3487 437 3591 495 “fl

326 534 429 589 τοῦ
458 532 609 598 Υίοῦ,
642 536 846 588 καὶτὸν
874 534 1005 587 Υίδν
1040 534 1114 605 μὴ
1152 536 1542 607 σπερματικῶς
1570 538 1889 610 καταϐεϐληε

2015 540 2138 594 dam
2170 539 2473 603 affectione,
2518 539 2895 611 prollnvioque
2945 541 3066 597 Filii
3123 556 3277 611 pater
3322 548 3591 624 intelliga-

323 627 494 697 μένον
538 634 872 697 σωματικοῖς
919 626 1135 696 φύσεως
1169 627 1543 693 τελειοῦσθαι,
1594 630 1687 683 καὶ
1726 647 1907 682 κινου-

325 720 513 790 μένοις
539 721 626 773 ἀεὶ
656 720 790 791 πρὸς
820 719 989 790 αύξην
1021 720 1115 773 καὶ
1164 720 1370 791 φθορὰν
1393 761 1408 785 ,
1435 720 1511 783 ὡς
1532 720 1600 774 τὰ
1622 722 1905 791 σωματικὰ

322 812 473 882 ἔχειν
518 816 645 876 τοὺς
686 814 1069 884 χαρακτῆρας,
1113 812 1247 883 μόνη
1280 813 1767 885 παραληφθήσεται
1817 814 1904 867 ἐν-

322 920 446 957 νοια
479 904 572 957 τοῦ
604 904 812 974 ὁμοίου.
852 904 941 967 Ὠς
965 904 1072 975 γὰρ
1104 903 1211 957 ἀπὸ
1245 904 1339 959 τοῦ
1380 905 1707 975 κτίσματος,
1744 906 1907 960 πάλιν

323 995 584 1067 ἐροῦμεν,
619 997 834 1049 πάντων
873 994 1309 1065 ἐκϐεϐλημένων,
1345 997 1666 1068 παρελήφθη
1702 1000 1735 1065 ἡ
1762 998 1905 1052 ἀπα-

322 1087 424 1159 θὴς
466 1088 564 1159 μὲν
592 1088 687 1141 τοῦ
736 1087 1039 1151 κτίζοντος,
1074 1087 1252 1139 τελεία
1278 1128 1291 1151 ,
1322 1088 1417 1139 καὶ
1461 1087 1579 1140 οἵαν
1621 1087 1901 1157 ἠϐούλετο,

322 1181 419 1233 καὶ
476 1181 509 1250 ἡ
562 1179 734 1248 παγία
769 1178 865 1232 τοῦ
917 1178 1215 1247 κτίσματος
1250 1194 1265 1209 ⁸
1321 1176 1462 1231 οὕτω
1512 1178 1607 1231 καὶ
1658 1179 1753 1232 ἐπὶ
1804 1179 1900 1231 τοῦ

321 1271 536 1341 [ἰατρὸς
570 1271 664 1325 καὶ
719 1270 885 1333 Υίοῦ,
946 1268 1357 1340 ἐκϐεϐλημένων
1406 1268 1514 1322 τῶν
1571 1269 1902 1340 σωματικῶν

320 1364 577 1428 πάντων,
614 1362 1105 1435 παραληφθήσεται
1155 1364 1290 1435 μόνη
1325 1364 1358 1433 ἡ
1409 1364 1597 1432 ὁμοίου
1638 1364 1731 1416 καὶ
1780 1364 1900 1417 κατ’

315 1456 510 1510 οὐσίαν
536 1455 675 1521 ζώου
695 1455 1093 1527 γενεσιουργία.
1124 1454 1342 1525 Ἐπειδὴ
1368 1455 1475 1517 πᾶς
1502 1454 1681 1526 πατὴρ
1707 1454 1901 1523 ὁμοίας

315 1547 510 1611 οὐσίας
546 1547 711 1601 αὑτοῦ
744 1549 942 1600 νοεῖταί
970 1547 1172 1617 πατήρ.
1204 1546 1266 1598 Ei
1300 1545 1355 1598 δέ
1390 1544 1529 1613 μετὰ
1556 1545 1663 1598 τῶν
1696 1545 1899 1598 λοιπῶν

318 1637 577 1690 ἁπάντων
605 1677 619 1702 ,
654 1635 717 1688 ἔκ
748 1653 808 1689 τε
863 1634 958 1689 τοῦ
1015 1634 1221 1706 πατρὸς
1253 1634 1347 1687 καὶ
1394 1632 1513 1686 υίοῦ
1571 1634 1900 1704 σωματικῶν

2009 638 2130 697 tur;
2166 639 2220 683 et
2251 627 2447 683 Filium
2481 629 2630 682 nullo
2669 634 2879 687 semine
2924 645 3278 705 propagatum
3313 644 3580 712 concipia-

2008 735 2130 774 mus
2175 720 2391 787 animo;
2428 735 2605 789 neque
2634 721 2927 790 ejusmodi,
2964 732 3021 777 ut
3054 730 3333 796 corporeis
3381 742 3588 789 natura:

2004 811 2220 866 virilms
2255 812 2553 875 adolescat,
2596 822 2648 868 et
2702 813 2768 866 ad
2820 814 3235 882 incrementum,
3282 826 3559 894 corruptio

2004 915 2241 970 nemque
2276 901 2515 955 vicissim
2550 909 2813 966 transeat,
2840 918 2960 973 quae
2988 914 3117 958 sunt
3141 910 3372 977 preprite
3402 928 3584 968 rerum

2005 1006 2391 1062 corporearnm
2448 1001 2589 1046 notae
2633 1011 2647 1046 :
2696 993 2800 1055 his,
2854 995 3098 1064 inquam,
3152 999 3583 1075 circumscriptis

2004 1083 2279 1148 omnibus,
2316 1084 2449 1137 nihil
2492 1093 2691 1154 praeter
2725 1085 2923 1140 similis
2968 1088 3246 1142 notionem
3278 1091 3579 1155 habebitur.

2004 1173 2075 1229 Ut
2104 1176 2248 1229 enim
2294 1190 2417 1229 cum
2457 1190 2485 1228 a
2517 1185 2769 1231 creatura
2814 1177 2961 1247 (nam
2997 1178 3048 1231 id
3086 1179 3266 1235 denuo
3314 1195 3558 1254 repeten-

2002 1267 2131 1321 dum
2176 1267 2281 1336 est)
2316 1269 2651 1323 exclusimus
2692 1271 2896 1334 omnia,
2933 1287 3104 1326 unum
3152 1274 3287 1329 illud
3343 1282 3584 1350 sumpsi-

2002 1374 2158 1413 nms:
2193 1360 2247 1413 in
2278 1368 2525 1414 creatore
2561 1359 2777 1430 quidem
2811 1368 3013 1416 statum
3041 1365 3329 1433 quemdam
3376 1370 3586 1439 passio-

2002 1451 2087 1507 nis
2115 1462 2424 1521 expertem;
2461 1452 2513 1506 in
2543 1463 2793 1507 creatura
2830 1470 2962 1509 vero
3008 1456 3327 1525 perfectam,
3363 1469 3417 1515 et
3446 1478 3583 1531 qua—

2001 1543 2103 1596 lem
2138 1542 2391 1596 conditor
2416 1542 2609 1605 voluit,
2644 1558 2709 1597 ac
2738 1545 2970 1599 selidam
3000 1556 3208 1603 natura:
3235 1551 3579 1620 qualitatem:

2012 1634 2092 1687 sic
2129 1634 2182 1686 in
2239 1632 2454 1687 Patrem
2495 1640 2548 1687 et
2592 1633 2814 1699 Filium,
2862 1640 3141 1706 corporeis
3178 1643 3433 1697 omnilms
3469 1660 3582 1697 am-

314 1730 599 1799 όνομάτων
631 1728 1044 1799 ἐκϐαλλομένων
1073 1726 1289 1781 ἐννοιῶν
1310 1765 1324 1790 ,
1368 1724 1776 1779 συνεκϐάλλοιτο
1805 1727 1889 1778 καῖ

1999 1725 2225 1793 putatis,
2271 1727 2433 1780 unica
2486 1725 2702 1788 similis,
2727 1727 2869 1796 quod
2920 1730 2986 1782 ad
3019 1732 3315 1786 essentiam
3364 1735 3579 1799 attinet,

312 1822 348 1891 ἡ
392 1822 553 1891 ὁμοία
587 1822 705 1874 κατ’
749 1820 935 1873 οὐσίαν
1152 1818 1366 1890 Πατρὸς
1414 1818 1731 1890 παρέχουσα
1764 1820 1889 1890 ήμῖιι

1999 1816 2253 1869 animalis
2288 1816 2571 1883 generatio
2615 1816 2967 1872 transfertur.
3002 1817 3166 1874 Pater
3198 1822 3341 1875 enim
3381 1824 3464 1879 sui
3501 1824 3577 1877 si-

312 1916 458 1967 νοεῖν
485 1954 498 1978 ,
546 1912 731 1966 οὐκέτι
770 1912 921 1965 ἔσται
964 1896 1153 1984 Πατὴρ
1204 1913 1298 1965 καὶ
1326 1911 1455 1974 Υἱὸς
1488 1911 1889 1981 πιστευόμενος,

2000 1906 2145 1960 milis
2200 1908 2524 1962 substantia:
2593 1922 2743 1978 pater
2777 1924 2805 1961 a
2855 1910 3014 1965 nobis
3049 1913 3391 1983 intelligitur.
3426 1916 3579 1981 Quod

314 1998 455 2051 ἀλλὰ
508 1998 731 2069 κτίστης
786 1999 881 2052 καὶ
935 2000 1183 2070 κτίσμα,
1233 2000 1327 2054 καὶ
1367 1997 1598 2070 περιττὰ
1634 1998 1889 2070 ὀνόματα,

1994 1999 2171 2053 siuna
2214 2013 2339 2053 cum
2383 2000 2598 2054 caeteris
2650 2002 2908 2057 omnibus
2966 2004 3304 2071 notionibus,
3352 2023 3472 2076 qua:
3514 2024 3580 2062 ex
3662 1998 3668 2004 ’

316 2090 488 2160 μηδὲν
513 2091 640 2163 παρ’
676 2090 883 2145 ἑαυτῶν
915 2092 1299 2163 είσφερόμενα.

2003 2090 2175 2156 patris
2208 2096 2264 2143 et
2324 2088 2417 2143 lilii
2466 2090 2782 2145 nominibus
2811 2108 3201 2161 corporearum
3242 2112 3426 2150 rerum
3455 2114 3583 2167 pro-

313 2183 454 2259 priis
491 2184 821 2254 cogitatione
851 2186 1245 2255 praedicuntur,
1294 2193 1505 2241 natura:
1542 2200 1763 2257 quoque
1796 2182 2050 2237 animalis
2089 2196 2212 2235 cum
2277 2180 2433 2236 Patre
2496 2182 2798 2236 similitudo
2848 2186 3088 2251 tollatur,
3145 2202 3176 2241 e
3220 2204 3327 2257 qua
3371 2188 3575 2243 intelli-

312 2274 478 2345 gendi
530 2277 794 2332 rationem
840 2292 1056 2332 omnem
1093 2277 1368 2347 ducimus,
1394 2277 1610 2333 Patrem
1659 2275 1895 2345 amplius
1926 2274 2160 2332 nullum,
2194 2280 2289 2324 aut
2322 2271 2519 2325 Filium
2550 2289 2673 2329 esse
2714 2274 3032 2332 credemus:
3100 2278 3194 2333 sed
3250 2288 3577 2351 creatorem,

308 2387 378 2425 ac
423 2380 753 2440 creaturam,
789 2383 843 2429 et
894 2388 1300 2445 supervacanea
1346 2375 1594 2446 quaedam
1640 2376 1887 2435 nomina,
1922 2385 2043 2441 quae
2074 2368 2208 2422 nihil
2243 2384 2338 2439 per
2369 2371 2551 2438 seipsa
2588 2370 2899 2427 conferant.

385 2489 497 2542 Kal.
526 2489 677 2543 ἔσται
711 2489 883 2555 οὕτως
911 2490 1136 2563 κτίστης
1174 2492 1273 2563 μὲν
1301 2493 1376 2557 ὡς
1407 2493 1559 2559 Θεὸς,
1593 2494 1710 2546 κατ’
1738 2491 1889 2546 οὐδὲν

306 2583 449 2645 ὅλως
480 2584 686 2655 Πατήρ.
723 2583 843 2637 ’Ότι
868 2583 977 2655 γὰρ
1005 2586 1104 2638 οὐκ
1142 2585 1419 2657 ἐνεργείας
1462 2585 1679 2655 λέγεται
1703 2584 1890 2655 Πατὴρ

306 2674 336 2724 ὁ
373 2674 600 2744 Πατὴρ,
634 2673 749 2727 ἀλλ’
791 2674 982 2744 ὁμοίας
1031 2675 1207 2745 ἐαυτῷ
1240 2676 1427 2740 οὐσίας
1460 2676 1558 2747 τῆς
1611 2675 1755 2731 κατὰ
1790 2676 1889 2747 τὴν

306 2766 521 2819 τοιάνδε
549 2767 825 2835 ἐνέργειαν
856 2768 1198 2839 ὑποστάσης,
1232 2769 1389 2839 δῆλον
1418 2772 1482 2823 ἐκ
1514 2768 1622 2823 τῶν
1646 2770 1889 2839 φυσικῶν

306 2859 619 2929 καθέστηκε
669 2860 961 2930 λογισμῶν.
1000 2861 1204 2925 Πολλὰς
1242 2862 1352 2934 γὰρ
1380 2863 1658 2933 ἐνεργείας
1692 2862 1831 2934 ἔχων
1860 2866 1889 2918 ὁ

303 2951 465 3016 Θεὸς,
498 2952 631 3025 άλλῃ
664 2954 760 3023 μὲν
787 2952 1035 3024 ἐνεργείᾳ
1058 2955 1279 3026 κτίστης
1308 2944 1529 3020 νοεῖται,
1560 2956 1695 3009 καθὸ
1726 2957 1890 3027 ούρα-

303 3044 403 3097 νοῦ
435 3045 530 3097 καὶ
558 3045 682 3114 γῆς,
714 3045 808 3097 καὶ
847 3044 1063 3098 πάντων
1094 3045 1202 3099 τῶν
1230 3048 1287 3099 ἐν
1322 3046 1533 3111 τούτοις
1557 3064 1571 3078 ·
1615 3047 1752 3101 ἀλλὰ
1790 3048 1887 3101 καὶ

302 3134 418 3189 τῶν
453 3137 700 3207 ἀοράτων
733 3136 955 3207 κτίστης
984 3138 1120 3193 ἐστί.
1150 3139 1341 3212 Πατήρ
1361 3139 1418 3193 δὲ
1445 3141 1783 3210 Μονογενοῦς
1809 3142 1885 3196 ὢν

302 3228 407 3297 οὐχ
456 3226 531 3291 ὡς
560 3227 818 3298 κτίστης,
863 3228 977 3282 ἀλλ’
1011 3228 1087 3293 ὡς
1142 3230 1325 3303 πατὴρ
1362 3234 1629 3304 γεννήσας
1662 3237 1882 3288 νοεῖται.

303 3318 454 3371 Είδὲ
500 3317 589 3371 διὰ
637 3318 735 3389 τὴν
788 3320 1041 3374 ὑπόνοιαν
1072 3322 1171 3391 τὴν
1209 3324 1337 3395 περὶ
1382 3324 1509 3388 τοὺς
1540 3328 1886 3395 σωματικοὺς

301 3410 550 3480 πατέρας
578 3428 636 3462 τε
668 3412 761 3463 καὶ
787 3412 955 3478 υἱοὺς,
988 3413 1096 3465 τῶν
1121 3414 1307 3467 παθῶν
1334 3414 1520 3479 δεδιὼς
1556 3418 1627 3488 μή
1658 3435 1710 3470 τι
1734 3419 1883 3493 πάθῃ

303 3502 513 3572 γεννῶν
546 3503 575 3555 ὁ
618 3502 907 3574 ἀσώματος
932 3546 944 3565 ,
978 3508 1026 3559 εί
1064 3505 1137 3577 μὴ
1164 3507 1353 3571 ἀτελὲς
1391 3510 1475 3580 εἴη
1505 3510 1565 3563 τὸ
1605 3510 1880 3582 γεννώμεο

301 3610 418 3657 νον,
449 3595 544 3647 καὶ
590 3597 689 3649 ὅσα
735 3596 1019 3666 συμϐαίνει
1050 3598 1178 3669 περὶ
1202 3599 1293 3653 τὸν
1328 3602 1639 3670 σωματικὸν
1670 3603 1883 3672 πατέρα

301 3702 365 3738 τε
396 3688 490 3739 καὶ
533 3689 645 3741 υίὸν
670 3688 1085 3759 εὐλαϐούμενος,
1120 3681 1371 3759 ἇφέλοιτο
1405 3692 1505 3763 τὴν
1538 3693 1766 3764 γνησίαν
1790 3694 1884 3747 ἐπὶ

303 3778 520 3849 Πατρὸς
551 3782 643 3833 καὶ
695 3780 825 3833 Υίοῦ
866 3781 1073 3835 ἐννοιαν
1099 3822 1115 3848 ,
1168 3784 1350 3836 ὁποῖον
1402 3782 1467 3836 ἂν
1504 3784 1651 3853 λέγοι
1698 3785 1882 3856 ἕτερον

300 3873 435 3943 ποίη
447 3891 541 3941 μα,
577 3874 671 3926 καὶ
698 3874 955 3927 οὐδέποτε
984 3876 1100 3946 ἐρεῖ
1134 3874 1227 3929 τὸν
1255 3877 1383 3929 Υίὸν
1411 3876 1561 3930 Υἱόν.
1611 3876 1736 3930 Εἴτε
1773 3878 1883 3946 γὰρ

307 3965 530 4035 μεγέθει
562 3964 968 4036 ὑπερϐάλλοντα
992 3965 1168 4035 λέγοι,
1214 3966 1290 4031 ὠς
1338 3967 1567 4039 οὐρανὸν
1614 3968 1807 4038 ὁρους,
1845 3968 1879 4037 ἢ

303 4057 530 4129 βουνοῦ,
564 4057 659 4111 τοῦ
705 4058 813 4113 τῶν
839 4058 1159 4129 ποιημάτων
1188 4058 1378 4127 γένους
1410 4059 1573 4113 αὐτὸν
1593 4100 1607 4122 ,
1638 4059 1741 4114 κᾶν
1789 4077 1883 4130 με-

301 4149 457 4213 γέθει
512 4148 862 4219 ὑπερϐάλλων
906 4151 1111 4213 νοοῖτο,
1166 4147 1402 4217 ἐλέγξει·
1452 4148 1563 4200 είτε
1615 4148 1773 4219 χρεία
1808 4148 1883 4210 ὡς

302 4240 524 4311 πρῶτον
548 4240 708 4293 αὑτὸν
736 4239 1013 4307 γεγονότα.
1050 4240 1159 4292 εἴτε
1197 4240 1277 4301 είς
1304 4237 1401 4309 τὴν
1431 4238 1602 4293 ἄλλων
1625 4238 1883 4310 δημιουρ-

303 4330 434 4397 γίαν
480 4330 901 4401 ὑπουργήσαντα
926 4371 940 4395 ,
978 4328 1111 4381 »οὗτε
1141 4328 1302 4383 αὑτὸν
1330 4328 1501 4391 οὕτως
1532 4328 1635 4392 ἐξω
1664 4330 1883 4399 ποιήσει

299 4421 409 4491 τῆς
438 4420 545 4473 τῶν
578 4421 896 4491 ποιημάτων
927 4422 1152 4483 ἐννοίας.
1196 4420 1283 4482 Ὣς
1319 4421 1429 4491 γὰρ
1458 4420 1608 4473 οὐδὲν
1639 4419 1883 4490 διαφέρει

301 4516 366 4569 τὸ
411 4518 475 4586 τῇ
515 4515 686 4568 λαϐίδι
734 4516 798 4567 ἐκ
828 4514 921 4567 τοῦ
953 4513 1340 4585 θυσιαστηρίου
1388 4513 1480 4566 τὸν
1527 4513 1772 4583 ἄνθρακα
1807 4513 1882 4583 μὴ

302 4608 442 4677 αὐτῇ
468 4610 532 4678 τῇ
563 4608 704 4677 χειρὶ
722 4594 1113 4676 λαμϐάνεσθαι,
1140 4607 1232 4659 καὶ⁵
1257 4605 1347 4659 διὰ
1372 4604 1575 4676 ταύτης
1602 4605 1635 4675 ή
1661 4603 1884 4674 χαλκευ-

304 4699 434 4770 τικὴ
470 4700 486 4730 ί
518 4700 601 4769 εἴη
637 4696 953 4750 ἐπελαύνειν
986 4697 1076 4750 τὸν
1102 4696 1319 4767 σίδηρον
1345 4714 1359 4728 ·
1397 4695 1549 4749 ἔσται
1575 4695 1685 4766 γὰρ
1716 4696 1810 4748 καὶ
1847 4697 1880 4765 ἡ

302 4793 497 4857 λαϐὶς,
533 4792 627 4845 καλ⁸
666 4791 695 4843 ὀ
748 4790 835 4844 διὰ
879 4790 1083 4860 ταύτης
1131 4788 1485 4859 ἐλαυνόμενος
1521 4788 1738 4859 σίδηρος
1787 4786 1880 4840 τοῦ

303 4886 498 4953 γένους
552 4884 659 4937 τῶν
719 4885 1039 4953 ποιημάτων
1072 4898 1085 4911 ⁸
1126 4881 1298 4944 οὕτως
1350 4881 1504 4934 οὐδὲν
1530 4881 1718 4933 διοίσει
1771 4880 1882 4934 τῶν

306 4978 626 5047 ποιημάτων
660 4977 688 5028 ὁ
715 4976 783 5028 δι’
814 4971 874 5028 οὗ
902 4974 970 5027 τὰ
1004 4973 1210 5038 πάντα,
1250 4974 1298 5025 εί
1330 4973 1405 5043 μὴ
1437 4972 1580 5024 ἔστιν
1609 4972 1733 5033 Υίός
1758 4989 1773 5003 ο
1807 4972 1883 5036 ὡς

302 5072 338 5141 ή
393 5069 596 5139 φυσικὴ
645 5067 823 5121 ἔννοια
862 5066 1193 5121 Δὑποϐάλλει.
1252 5066 1503 5137 Ποιηθεὶς
1554 5066 1613 5118 δὲ
1666 5065 1882 5135 πρῶτος

302 5163 459 5216 ἔσται
496 5160 605 5214 τῶν
654 5164 1008 5231 ποιημάτων,
1060 5160 1156 5213 καὶ
1207 5159 1437 5230 ὄργανον
1482 5158 1765 5229 γινόμενος
1800 5156 1882 5227 τῷ

305 5254 505 5323 ποιητῇ
530 5291 545 5315 ,
572 5252 638 5305 δι’
666 5247 726 5307 οὗ
761 5252 828 5304 τὰ
854 5252 1030 5304 πάντα
1058 5251 1085 5303 ὁ
1128 5251 1354 5321 κτίστης
1392 5248 1701 5320 ἐργάζεται.

2067 2486 2144 2540 Ita
2180 2487 2267 2541 lict
2301 2494 2358 2540 ut
2406 2486 2547 2541 Deus
2583 2496 2800 2541 creator
2828 2490 2921 2556 sit,
2969 2506 3069 2545 nec
3123 2492 3229 2545 ulla
3267 2500 3446 2549 tamen
3492 2511 3579 2549 ra-

1996 2582 2146 2637 tione
2181 2580 2251 2634 sit
2283 2578 2461 2634 Pater.
2498 2580 2651 2644 Quod
2682 2580 2827 2634 enim
2876 2581 3032 2637 Pater
3058 2600 3165 2637 non
3199 2585 3372 2654 ipsius
3409 2588 3580 2642 actio-

1996 2673 2102 2740 nis,
2137 2674 2231 2729 sed
2267 2680 2478 2727 natura:
2519 2673 2805 2741 cujusdam
2854 2674 3074 2737 similis,
3122 2674 3242 2745 quze'
3290 2693 3385 2747 per
3433 2679 3577 2734 illam

1998 2763 2268 2818 actionem
2302 2764 2543 2827 exsistit,
2582 2764 2742 2818 Pater
2775 2762 3099 2834 appelletur,
3131 2770 3411 2826 naturales
3447 2773 3581 2842 ipsrc

2000 2855 2242 2910 rationes
2308 2855 2587 2909 evidenter
2638 2857 2955 2910 ostendunt.
3012 2856 3145 2911 Nam
3209 2875 3333 2914 cum
3407 2867 3576 2919 multa

1995 2966 2162 3021 penes
2194 2949 2361 3004 Deum
2392 2950 2669 3005 actionum
2722 2967 2918 3020 genera
2967 2956 3095 3016 sint,
3135 2953 3238 3005 alia
3274 2962 3358 3008 est
3408 2958 3574 3017 actio,

1992 3058 2099 3113 qua
2129 3052 2430 3096 creatorem
2473 3042 2851 3111 intelligimus,
2892 3053 3162 3112 quatenus
3212 3046 3337 3099 οωίί
3377 3054 3569 3102 teme.-

1991 3151 2117 3205 que,
2153 3142 2207 3191 et
2240 3151 2360 3204 quae
2404 3135 2488 3189 bis
2536 3136 2889 3189 continentur
2936 3137 3203 3201 omnium,
3252 3154 3465 3192 necnon
3515 3147 3570 3192 et

1991 3242 2180 3282 eorum
2221 3242 2343 3297 quae
2374 3226 2546 3281 videri
2590 3235 2887 3295 tlcqueunl,
2922 3237 3140 3282 creator
3169 3237 3271 3283 est.
3310 3228 3579 3288 Eumdem

1986 3334 2119 3373 vero
2150 3318 2298 3372 unici
2324 3317 2443 3371 Filii
2484 3330 2762 3387 parentem
2815 3335 2923 3372 non
2962 3327 3219 3389 tanquam
3250 3328 3570 3382 creatorem.

1985 3411 2079 3464 sed
2128 3420 2389 3480 tanquam
2446 3418 2675 3477 patrem,
2733 3410 2825 3479 qui
2866 3412 3077 3481 genuit,
3124 3428 3249 3466 esse
3290 3412 3575 3482 cognosci-

1984 3516 2129 3555 mus.
2163 3500 2363 3556 Verum
2397 3500 2443 3555 si
2495 3508 2718 3571 propter
2749 3501 2918 3567 illam,
2949 3517 3111 3572 quam
3164 3512 3345 3558 mente
3385 3504 3575 3557 conci-

1985 3596 2187 3663 pimus,
2250 3594 2531 3663 corporeis
2589 3594 2639 3645 in
2670 3593 2919 3663 patribus
2989 3609 3054 3647 ac
3106 3589 3234 3649 ﬁliis
3306 3594 3576 3651 conditio-

1982 3698 2105 3736 nem
2165 3682 2517 3752 passionibus
2569 3681 2885 3743 obnoxiam,
2920 3690 3176 3735 vereatur
3236 3681 3456 3751 aliquis.
3506 3696 3573 3735 ne

1986 3774 2029 3828 si
2064 3774 2315 3845 corporis
2341 3790 2536 3844 expers
2579 3775 2718 3828 Deus
2747 3789 3007 3844 generare
3050 3772 3288 3837 dicatur,
3321 3774 3570 3843 quzedam

1983 3866 2032 3920 ei
2066 3866 2338 3919 tribuatur
2369 3865 2604 3929 all‘ecrtio,
2643 3873 2735 3919 aut
2766 3866 2967 3935 ipsum,
3000 3864 3145 3934 quod
3170 3866 3435 3935 gignilur,
3473 3866 3573 3918 im-

1983 3955 2287 4027 perfectum
2349 3965 2675 4021 censeatur,
2718 3970 2781 4009 ac
2833 3962 3027 4009 caetera
3085 3955 3139 4008 id
3195 3971 3398 4025 genus,
3452 3959 3617 4025 qum‘

1988 4060 2257 4116 corporeo
2301 4046 2445 4112 patri
2500 4044 2722 4115 ﬁlioque
2751 4045 3102 4109 conveniunt,
3132 4046 3177 4099 si
3214 4045 3287 4109 id,
3325 4047 3570 4115 inquam,

1985 4146 2257 4200 metuens,
2298 4153 2614 4207 germanam
2657 4136 2835 4193 Patris
2884 4154 2947 4192 ac
3000 4137 3121 4191 Filii
3166 4141 3441 4193 notionem
3474 4154 3571 4193 au-

1982 4228 2141 4293 ferat,
2173 4246 2239 4284 eo
2271 4230 2487 4284 demum
2520 4231 2819 4295 relabetur,
2861 4231 3022 4285 talem
3074 4238 3133 4283 ut
3180 4228 3376 4284 Filium
3418 4247 3572 4287 asse-

1982 4330 2087 4383 rat,
2112 4322 2297 4392 qualia
2327 4329 2457 4375 sunt
2494 4321 2711 4392 opiﬁcia
2747 4322 2977 4393 reliqua,
3013 4338 3111 4377 nec
3154 4322 3309 4376 illum
3344 4324 3571 4378 omnino

1981 4410 2181 4465 Filium
2241 4413 2495 4481 appellet.
2548 4412 2713 4482 850
2762 4411 2975 4467 Etenim
3027 4414 3143 4469 sive
3198 4416 3570 4487 magnitudine

1984 4520 2247 4574 superare
2278 4505 2498 4569 dixerit,
2525 4505 2986 4576 quemadmodum
3028 4510 3224 4564 ccelum
3256 4518 3441 4566 monte
3471 4511 3570 4565 ali~

1985 4614 2118 4667 quo,
2166 4598 2250 4651 vel
2281 4598 2421 4652 colle
2470 4598 2648 4667 majus
2690 4608 2798 4666 est,
2831 4600 2895 4653 ad
2928 4615 3152 4670 operum
3207 4602 3569 4657 nihilominus

1916 4669 1956 4723 θ
1986 4688 2378 4753 conditionem,
2416 4692 2769 4759 quantumvis
2820 4669 3196 4761 magnitudine
3240 4695 3572 4750 antecellere

1980 4783 2131 4846 velit,
2162 4782 2413 4836 eumdem
2450 4782 2602 4836 illum
2630 4782 2872 4849 abjiciet.
2912 4782 3037 4838 Sive
3064 4801 3166 4839 usu
3212 4794 3266 4840 et
3300 4787 3568 4857 obsequio

1983 4887 2245 4946 praestare
2276 4875 2491 4931 caeteris
2512 4875 2663 4939 velit,
2698 4875 2843 4945 quod
2882 4876 3090 4945 reliqua
3111 4878 3295 4931 omnia
3343 4894 3570 4948 praeces-

1990 4967 2145 5029 serit,
2201 4974 2255 5019 et
2310 4966 2377 5019 ad
2428 4981 2618 5020 eorum
2667 4966 3083 5035 productionem
3141 4983 3359 5037 operam
3411 4983 3566 5023 suam

1989 5052 2304 5116 contulerit,
2345 5052 2518 5107 nihilo
2562 5063 2738 5107 tamen
2774 5055 2945 5124 magis
2979 5056 3047 5110 ab
3078 5056 3419 5125 Opiliciorum
3464 5072 3565 5110 no-

1989 5142 2136 5195 tione
2172 5142 2490 5196 vindicabit.
2535 5142 2765 5196 Utcnim
2803 5144 2939 5197 nihil
2971 5146 3218 5209 interest,
3245 5145 3292 5199 si
3339 5146 3564 5215 forcipe,

1987 5248 2095 5286 non
2131 5249 2290 5287 manu
2327 5235 2466 5303 ipsa,
2499 5236 2667 5289 carbo
2692 5236 2760 5290 de
2792 5237 2948 5289 altari
2981 5237 3249 5305 capiatur,
3273 5251 3383 5305 quo
3410 5237 3564 5293 illius

304 5343 575 5398 beneficio
620 5343 831 5399 fabrilis
883 5359 974 5398 ars
1023 5341 1253 5397 ferream
1307 5342 1564 5395 laminam
1618 5342 1872 5408 inducat;
1934 5351 2218 5413 propterea
2266 5343 2407 5413 quod
2475 5354 2583 5398 tam
2643 5344 2876 5413 forceps,
2910 5359 3072 5413 quam
3124 5341 3350 5408 ferrum,
3415 5347 3562 5413 quod

305 5451 403 5506 per
435 5436 581 5491 illam
617 5438 857 5499 ducitur,
914 5436 1056 5489 inter
1108 5450 1271 5504 opera
1329 5444 1663 5495 censentur:
1694 5438 1771 5493 ita
1816 5434 1953 5489 nihil
1998 5450 2025 5487 a
2072 5436 2353 5505 productis
2383 5437 2661 5506 operibus,
2724 5437 2834 5500 ille,
2887 5450 2982 5505 per
3031 5449 3190 5502 quem
3248 5432 3389 5485 facta
3436 5444 3566 5491 sunt

304 5529 495 5583 omnia
553 5529 787 5591 dilferet,
855 5527 962 5583 nisi
998 5526 1170 5583 Filius
1216 5530 1307 5593 sit,
1347 5528 1807 5597 quemadmodum
1866 5530 2136 5585 naturalis
2194 5531 2337 5583 ratio
2399 5530 2711 5600 persuadet.
2761 5528 2902 5593 Quin
2952 5528 3127 5584 lactus
3173 5527 3289 5600 ipse
3328 5527 3563 5597 primum

302 5624 413 5679 erit
470 5624 712 5677 omnium
763 5638 919 5694 opus,
953 5637 1015 5677 ac
1074 5623 1221 5677 velut
1257 5624 1554 5680 conditoris
1595 5625 2044 5689 instrumentum,
2088 5640 2183 5693 per
2212 5624 2355 5693 quod
2389 5622 2963 5693 universa‘moliatur.

386 5840 400 5869 ⁸
436 5838 495 5892 ἰδ’.
533 5842 580 5894 εί
604 5839 757 5907 χαλκ.
