3990 6228
232 357 358 414 413

857 354 1227 413 ADVERSUS
1270 357 1614 415 HERESES
1653 360 1782 416 [ΑΒ.

1965 364 2128 419 'rou.
2173 367 2213 419 ι.
2255 395 2324 406 -
2365 328 2640 419 ιιτιξιιιτεζ
2671 363 2903 419 Lxxni.

3417 367 3518 421 ιιι

326 481 416 546 ς’.
468 479 531 532 Ei
578 477 638 532 δὲ
671 477 760 532 διὰ
806 477 868 532 τὸ
902 478 1162 532 ἀδύνατον
1209 480 1316 534 τῶν
1359 479 1635 550 λογισμῶν
1681 482 1697 510 ¹
1759 482 1826 551 μὴ

2013 483 2098 536 Vl.
2145 482 2262 537 Jam
2297 483 2340 537 si
2371 491 2656 552 prepterea
2683 481 2829 550 quod
2858 497 2924 536 eo
2956 491 3242 552 penetrare
3285 483 3518 534 lmmana

233 567 428 638 ἔχοιτό
487 585 571 632 τις
613 567 702 621 τὸν
743 566 1003 639 λογισμὸν
1045 567 1246 637 γνώσει
1284 569 1456 634 οὕτως
1479 571 1696 642 νοηθείη
1729 573 1836 625 Πα-

230 661 357 731 τὴρ
378 701 392 723 ,
424 659 598 725 πάθος
626 703 639 724 ,
673 660 706 731 ἢ
742 660 1033 730 μερισμὸν,
1070 660 1102 730 ἢ
1142 661 1445 733 ἀπόρροιαν
1475 664 1837 734 ὑπομένοντος

231 753 345 806 τοῦ
397 753 644 825 Πατρδς,
681 753 776 806 καὶ
803 752 1204 822 παρωσάμενος
1244 754 1345 825 τὴν
1380 755 1596 819 πίστιν,
1654 755 1686 826 ἦ
1737 757 1836 824 ὑφ-

240 843 438 915 ίστησι
469 844 489 874 ¹
522 844 620 914 τὴν
649 842 846 913 εὐσεϐῆ
881 843 1013 914 περὶ
1050 842 1263 915 Πατρὸς
1310 845 1404 898 καὶ
1431 844 1562 898 Υίοῦ
1604 844 1832 912 ἔννοιαν,

235 935 548 1006 λογισμοὺς
601 934 856 1006 ἀπαιτοίη
885 974 899 998 ,
949 935 1279 1004 ἀπαιτητέον
1309 937 1474 990 αὐτὸν
1521 937 1830 1007 λογισμοὺς,

236 1025 372 1088 πῶς
402 1027 432 1078 6
457 1025 590 1088 Θεὸς
616 1025 974 1096 σταυροῦται·
1009 1025 1104 1080 καὶ
1150 1026 1268 1090 πῶς
1301 1026 1362 1080 τὸ
1395 1029 1704 1100 μωρότερον
1738 1029 1832 1083 τοῦ

230 1118 607 1187 εὐαγγελικοῦ
658 1118 1012 1189 κηρύγματος
1051 1119 1138 1173 διὰ
1165 1120 1230 1174 τὸ
1262 1121 1642 1191 ἀσυλλόγιστον
1684 1122 1835 1193 παρὰ

229 1213 358 1274 τοῖς
391 1210 643 1264 δοκοῦσιν
683 1206 823 1263 εἶναι
871 1210 966 1264 τοῦ
1018 1212 1223 1283 κόσμου
1261 1216 1446 1283 σοφοῖς
1470 1255 1485 1278 ,
1524 1213 1832 1284 σοφώτερον

229 1301 556 1372 ἀνθρώποις
583 1302 604 1333 ³
632 1303 811 1368 ἐστὶν,
841 1301 936 1366 οὒς
970 1303 1090 1357 οὐδὲ
1123 1304 1281 1373 λόγου
1311 1304 1454 1369 ἀξιοῖ
1489 1307 1518 1358 6
1565 1306 1834 1376 μακάριος

230 1392 487 1456 Παῦλος
527 1391 660 1447 διότι
692 1392 768 1464 τῷ
806 1394 1178 1466 ἀσυλλογίστῳ
1217 1395 1318 1466 τῆς
1357 1396 1639 1467 δυνάμεως
1689 1396 1835 1467 ἐμώ-

234 1497 375 1552 ρανε
407 1483 505 1554 τὴν
540 1484 732 1552 σοφίαν
763 1470 873 1537 τῶν
907 1484 1316 1555 συλλογίζεσθαι
1355 1487 1690 1558 δυναμένων.
1742 1488 1832 1542 Ei-

230 1589 382 1644 ρηκε
414 1574 522 1646 γάρ
543 1593 561 1608 ’
595 1570 816 1631 Ἦλθον
848 1579 1278 1646 καταγγέλλων
1305 1578 1457 1647 ,ὑμῖν
1487 1579 1552 1632 τὸ
1593 1577 1834 1647 μυστή-

217 1683 376 1734 ριον
415 1666 520 1721 τοῦ
567 1667 722 1721 Θεοῦ
751 1709 768 1733 ,
816 1669 928 1722 οὐκ
981 1669 1054 1721 ἐν
1087 1669 1275 1738 σοφίᾳ
1311 1671 1499 1740 λόγου
1527 1711 1540 1735 ,
1591 1672 1696 1726 ἵνα
1741 1670 1828 1739 μὴ

226 1758 476 1827 κενωθῇ
503 1761 536 1813 ό
564 1759 828 1829 σταυρὸς
871 1760 979 1815 τοῦ
1015 1761 1293 1830 Χριστοῦ.
1351 1761 1409 1815 Ὀ
1441 1759 1534 1816 οὖν
1562 1765 1619 1815 ἐν
1667 1763 1830 1834 σοφίᾳ

226 1851 403 1920 λόγου
453 1851 699 1904 ἁπαιτῶν
731 1851 793 1905 τὸ
844 1852 1143 1924 μυστήριον
1167 1893 1182 1916 ,
1219 1852 1358 1922 μετὰ
1395 1854 1494 1923 τῆς
1529 1855 1830 1925 μωρανθεί-

229 1961 341 2014 σης
372 1945 570 2014 σοφίας
603 1943 742 2014 ἔχων
774 1943 834 1996 τὸ
866 1943 1031 2015 μέρος
1060 1984 1074 2006 ,
1105 1944 1406 1998 ἀπιστείτω
1443 1945 1468 1978 ⁸
1515 1945 1592 2016 τῷ
1625 1964 1832 2018 μυστη-

229 2035 366 2106 ρίῳ,
419 2036 504 2088 ’ἁτε
557 2035 658 2089 κᾶν
696 2036 899 2099 ἐκεῖνος
936 2037 1244 2090 ἀπιστεῖται
1289 2039 1347 2090 ἐν
1376 2039 1538 2108 σοφίᾳ
1591 2039 1748 2108 λόγου
1801 2040 1831 2093 6

227 2129 452 2194 Παῦλος
475 2171 490 2195 ,
523 2132 613 2184 ἵνα
645 2131 719 2202 μὴ
759 2132 970 2203 κενωθῇ
1014 2135 1043 2186 6
1071 2133 1304 2204 σταυρὸς
1342 2133 1435 2189 τοῦ
1475 2136 1732 2207 Χριστοῦ.
1763 2136 1831 2190 Ei

221 2225 291 2276 δὲ
320 2225 378 2276 ἐν
411 2223 619 2286 τούτοις
647 2224 1022 2295 ἀποκρίνεται,
1055 2224 1153 2278 οὐκ
1183 2227 1242 2278 ἐν
1278 2227 1441 2299 σοφίᾳ
1476 2227 1660 2296 λόγου,
1690 2227 1830 2282 ἀλλὰ

225 2316 456 2388 μωρίαν
487 2318 669 2370 πᾶσαν
699 2316 1115 2388 συλλογιστικὴν
1143 2319 1340 2386 σοφίαν
1363 2319 1590 2388 ἐλέγξας
1621 2319 1710 2375 διὰ
1731 2320 1830 2392 τῆς

220 2411 623 2482 ἀσυλλογίστου
650 2411 934 2482 δυνάμεως
953 2449 970 2473 ,

220 2505 375 2576 πρὸς
423 2502 699 2574 σωτηρίαν
739 2501 850 2556 τῶν
895 2503 958 2555 τὺ
1001 2503 1267 2573 κήρυγμα
1315 2503 1642 2574 δεχομένων.
1689 2503 1828 2557 Οὐδὲ

220 2592 597 2664 ἀποκρίνεται
630 2590 748 2655 πῶς
792 2592 822 2644 6
869 2591 1057 2663 Πατὴρ
1087 2593 1314 2656 ἀπαθῶς
1346 2594 1510 2663 γεννᾷ
1540 2593 1632 2647 τὸν
1673 2593 1824 2657 Υίὸν,

222 2686 323 2738 ἶνα
358 2685 435 2756 μὴ
463 2682 676 2756 κενωθῇ
697 2682 758 2736 τὸ
789 2684 1088 2755 μυστήριον
1112 2685 1212 2754 τῆς
1241 2685 1307 2738 ἐκ
1345 2685 1558 2755 Πατρὸς
1577 2685 1828 2756 υίότητος

218 2771 326 2824 τοῦ
373 2770 736 2838 Μονογενοῦς.
802 2770 963 2824 Ἀλλὰ
1016 2773 1437 2844 μωραινομένην
1473 2773 1573 2846 τὴν
1633 2775 1827 2844 σοφίαν

218 2863 341 2917 τῶν
387 2863 625 2916 συνετῶν
660 2862 842 2931 (καθὰ
887 2863 1237 2932 γέγραπται·
1272 2864 1399 2918 Ποῦ
1449 2864 1642 2934 σοφὸς
1666 2905 1680 2928 ,
1708 2866 1826 2920 ποῦ

218 2954 630 3026 γραμματεὺς,
664 2954 783 3008 ποῦ
814 2953 1155 3022 συζῖητητὴς
1180 2955 1286 3009 τοῦ
1313 2955 1530 3022 αἰῶνος
1556 2958 1768 3011 τούτου
1784 2957 1823 3028 ;)

218 3048 506 3118 ἐλέγχων,
539 3049 642 3101 οὐκ
691 3050 749 3101 ὲν
780 3047 943 3119 σοφίᾳ
966 3047 1126 3116 λόγου
1147 3089 1160 3112 ,
1193 3048 1284 3100 ἴνα
1327 3048 1402 3120 μὴ
1433 3049 1520 3102 διὰ
1557 3049 1626 3102 τὰ
1653 3053 1717 3104 ὲκ
1737 3051 1826 3103 λο-

217 3139 448 3209 γισμῶν
469 3139 882 3200 ὑποπτευόμενα
905 3138 1150 3210 κενωθῇ,
1177 3141 1340 3210 φημὶ,
1366 3141 1595 3212 εὐσεϐὴς
1622 3141 1820 3207 ἔννοια,

218 3233 260 3304 ἡ
287 3233 420 3304 περὶ
446 3231 660 3304 Πατρός
695 3233 791 3286 καὶ
822 3229 952 3284 Υἱοῦ
978 3246 988 3257 ·
1026 3231 1140 3284 ἀλλ’
1169 3231 1398 3296 ἀπαθῶς
1433 3233 1652 3305 Πατέρα
1678 3275 1692 3298 ,
1728 3234 1824 3287 καὶ

219 3325 362 3378 Υἱὸν
389 3365 405 3388 ,
463 3324 685 3395 Πατέρα
752 3323 852 3394 μὲν
912 3323 970 3390 ἐξ
1021 3323 1216 3376 ἑαυτοῦ
1274 3324 1643 3396 γεγεννηκότα
1695 3324 1821 3378 ἄνευ

219 3417 532 3488 ἀπορροίας
558 3417 652 3471 καὶ
683 3415 889 3478 πάθους
920 3415 1012 3468 τὸν
1041 3415 1167 3468 Υἱὸν
1186 3455 1199 3478 ,
1230 3416 1356 3468 Υίὸν
1385 3415 1442 3469 δὲ
1466 3417 1650 3488 ὅμοιον
1668 3457 1682 3482 ,
1727 3416 1823 3470 καὶ

220 3510 350 3564 κατ’
390 3509 578 3563 οὐσίαν
611 3510 675 3561 ὲκ
697 3506 790 3561 τοῦ
818 3506 1032 3578 Πατρὸς
1051 3547 1064 3567 ,
1091 3506 1295 3561 τέλειον
1336 3509 1399 3560 ἐκ
1429 3508 1633 3565 τελείου
1663 3548 1677 3571 ,
1726 3525 1822 3578 μο-

220 3603 424 3674 νογενῆ
473 3601 804 3665 ὑποστάντα,
840 3602 955 3664 τοῖς
1013 3603 1257 3665 πιστοῖς,
1309 3600 1341 3672 ἢ
1405 3601 1819 3672 ὲποπτευόμενα

221 3693 635 3762 ἀσυλλογίστως
684 3690 930 3765 κηρύξει.
975 3692 1096 3746 Τῶν
1136 3692 1245 3764 γὰρ
1275 3694 1493 3746 ἀτόπων
1520 3694 1702 3756 ἐστὶν,
1756 3695 1821 3746 ἐκ

223 3785 397 3856 σοφοῦ
425 3786 562 3840 Θεοῦ
588 3786 778 3855 σοφίαν
803 3785 1178 3856 ὑφισταμένην
1211 3785 1498 3848 ἀκούοντα,
1534 3785 1610 3849 ὡς
1637 3784 1821 3853 σοφῶς

220 3882 337 3938 οἶδε
377 3883 477 3953 τῆς
532 3880 591 3948 ἐξ
653 3879 848 3935 ἑαυτοῦ
904 3879 1258 3950 γεννηθείσης
1319 3879 1512 3945 σοφίας
1564 3877 1820 3946 γενέσθαι

221 3973 424 4044 Πατὴρ
447 4013 462 4036 ,
499 3971 670 4035 πάθος
695 3972 893 4024 ἐννοεῖν
926 3969 1053 4040 περὶ
1091 3969 1188 4041 τὴν
1232 3969 1422 4039 σοφίαν
1459 3969 1817 4039 ὑφίστασθαι,

219 4065 273 4117 εἰ
306 4062 492 4134 μέλλοι
526 4061 584 4126 ἐξ
611 4060 775 4115 αὐτοῦ
802 4059 923 4114 κατ’
949 4060 1135 4113 οὐσίαν
1166 4059 1326 4131 ὁμοία
1349 4059 1427 4130 τῷ
1468 4059 1614 4131 σοφῷ
1643 4061 1676 4130 ἡ
1721 4064 1818 4112 ’σο-

221 4157 327 4226 cpia
356 4153 702 4224 ὑφίστασθαι.
737 4153 797 4205 Εἰ
831 4150 941 4222 γὰρ
983 4152 1119 4221 μήτε
1159 4153 1186 4204 6
1213 4150 1373 4220 σοφὸς
1399 4151 1534 4214 Θεδς
1561 4149 1777 4220 μεθέξει
1797 4152 1818 4182 ⁵

224 4246 426 4316 σοφίας
471 4245 739 4308 συνθέτως
767 4244 928 4313 σοφὸς
964 4246 1098 4316 ἡμῖν
1147 4246 1368 4305 νοεῖται,
1428 4242 1543 4295 ἀλλ’
1593 4242 1818 4296 ἀσυνθέ-

220 4359 336 4404 τως
362 4339 526 4401 αὑτός
568 4341 683 4391 ἐστι
714 4338 907 4406 σοφὸς,
964 4337 1151 4399 οὐσίας
1177 4337 1196 4367 ⁶
1236 4336 1372 4401 ἐστὶ,
1413 4336 1550 4406 μήτε
1591 4336 1623 4406 ἡ
1658 4335 1818 4404 σοφία

225 4433 380 4485 ἐστὶν
419 4433 448 4483 6
477 4430 640 4492 Υἱὸς,
695 4427 820 4498 ἑξῆς
866 4429 1093 4480 νοεῖταν
1124 4427 1260 4480 ἀλλὰ
1311 4428 1342 4495 ἡ
1395 4427 1557 4495 σοφία
1587 4425 1817 4490 οὐσίας’

1018 2410 1118 2481 τὴν
1147 2411 1333 2464 πίστιν
1365 2411 1532 2482 μόνην
1559 2411 1828 2483 λαμϐάνει

1941 572 2081 626 ratio
2115 581 2369 642 nequeat,
2419 588 2538 628 eam
2581 573 2633 624 in
2675 587 2796 626 sese
2839 573 3206 641 cognitionem
3257 570 3519 624 informet

1938 664 2233 734 quispiam,
2277 673 2335 718 ut
2370 665 2701 734 passionem,
2747 671 2844 716 aut
2872 663 3221 722 divisionem,
3255 670 3351 713 aut
3397 676 3520 728 pro.

1937 756 2158 809 ﬂuvium
2205 755 2410 824 aliquid
2464 753 2611 807 Patri
2663 752 3014 806 tribuendum
3064 759 3234 820 putet,
3290 751 3335 804 si
3390 767 3518 805 ron-

1933 856 2140 917 tempta
2172 847 2298 902 fidei
2340 847 2550 917 regula,
2582 861 2704 916 quae
2740 845 2826 914 pie
2859 846 2926 900 de
2955 843 3115 898 Patre
3152 858 3216 897 ac
3259 843 3398 898 Filio
3427 859 3519 898 co-

1936 941 2091 1009 gitat,
2129 937 2393 994 rationem
2425 953 2455 991 a
2495 939 2656 992 nobis
2702 938 2904 1006 exigat,
2940 935 3184 991 vicissim
3229 936 3296 988 ab
3337 952 3402 990 eo
3435 953 3520 992 re-

1937 1029 2210 1100 poscenda
2244 1029 2384 1082 ratio
2415 1037 2520 1094 est,
2570 1028 2851 1098 quomodo
2886 1027 2942 1080 in
2988 1041 3153 1080 cruce
3183 1025 3410 1081 suﬂixus
3449 1029 3520 1081 sit

1938 1121 2101 1176 Deus.
2142 1119 2280 1174 Tum
2309 1135 2418 1191 quo
2448 1127 2608 1190 pacto
2645 1119 2948 1189 evangelici
2980 1117 3234 1187 praeconii
3265 1118 3520 1185 stultitia,

1931 1228 2055 1282 quae
2089 1211 2242 1266 rudis
2285 1227 2350 1266 ac
2383 1212 2531 1266 nulla
2567 1209 2986 1266 ratiocinatione
3023 1210 3152 1263 nixa
3213 1208 3358 1278 apud
3398 1208 3521 1264 illos

1931 1311 2214 1368 censetur,
2246 1305 2337 1372 qui
2378 1303 2432 1357 in
2483 1304 2586 1357 boc
2620 1301 2826 1356 mundo
2861 1302 3138 1370 Sapientes
3171 1315 3294 1355 esse
3334 1299 3518 1356 viden-

1931 1402 2045 1459 tur,
2085 1395 2386 1463 sapientior
2423 1396 2495 1450 sit
2528 1395 2862 1449 bominibus.
2911 1391 3060 1458 Quos
3089 1393 3252 1447 etiam
3286 1391 3436 1446 nullo
3468 1393 3521 1446 in

1932 1486 2058 1540 loco
2098 1486 2250 1541 ducit
2306 1487 2623 1556 Apostolus,
2657 1487 2752 1556 qui
2803 1487 3006 1540 virtute
3057 1499 3124 1540 ac
3175 1485 3419 1554 potentia
3454 1485 3521 1538 ab

1931 1579 2080 1633 omni
2139 1578 2585 1650 syllogismorum
2653 1579 2828 1632 aliena
2883 1577 3044 1639 fuco,
3106 1576 3548 1651 dialecticorum»

1931 1672 2180 1726 omnium
2230 1672 2556 1740 sapientiam
2600 1670 2850 1750 stultitia:
2900 1670 3198 1724 damnavit.
3245 1667 3339 1724 Sic
3374 1669 3520 1724 enim

1934 1763 2215 1833 loquitur:
2264 1761 2391 1816 Veni
2427 1763 2737 1832 mysterium
2783 1761 2879 1814 Dei
2925 1759 3066 1814 vobis
3112 1760 3388 1826 nuntians,
3418 1775 3520 1812 non

1926 1871 2049 1907 cum
2104 1854 2370 1922 sapientia
2429 1853 2724 1925 sermonis,
2785 1860 2843 1905 at
2900 1869 3006 1906 non
3061 1861 3341 1906 evacuatur
3391 1864 3519 1904 cru:

1927 1944 2132 1999 Christi
2171 1944 2214 1999 ⁸.
2251 1944 2618 2010 Quamobrem
2667 1944 2759 2013 qui
2799 1943 3074 1998 sermonis
3113 1943 3386 2014 sapientia
3416 1942 3522 2000 fre-

1927 2043 2020 2090 tus
2050 2037 2293 2106 mysterii
2328 2036 2473 2090 illius
2518 2037 2784 2089 rationem
2819 2035 3058 2104 postulat
3089 2041 3144 2089 et
3177 2032 3247 2087 ad
3279 2032 3524 2090 stultitiae

1927 2129 2237 2182 convictam
2265 2127 2414 2180 illam
2443 2127 2771 2196 sapientiam
2803 2128 3083 2197 ascriptus
3114 2135 3222 2190 est,
3259 2126 3522 2197 mysterio

1929 2220 2093 2274 tidem
2126 2219 2372 2288 abrogat.
2407 2217 2862 2288 Quandoquidem
2894 2218 3098 2274 Paulus
3133 2218 3405 2274 sermonis
3431 2233 3520 2273 sa-

1930 2311 2150 2380 pientiae
2179 2309 2394 2364 diﬁisus
2435 2319 2544 2369 est.
2582 2319 2640 2364 ut
2677 2326 2748 2364 ne
2775 2308 2980 2366 Christi
3020 2327 3155 2368 crux
3193 2325 3367 2365 vacua
3397 2311 3507 2366 red-

1929 2403 2172 2459 deretur.
2205 2401 2363 2468 Quod
2406 2403 2453 2457 si
2489 2402 2694 2473 aliquid
2740 2418 2803 2458 ea
2848 2403 2919 2459 de
2965 2419 3024 2459 re
3065 2403 3378 2473 respondet,
3413 2419 3521 2458 non

1927 2493 1982 2548 id
2011 2509 2077 2548 ex
2125 2495 2231 2550 ista
2268 2496 2543 2549 sermonis
2572 2494 2840 2564 sapientia
2888 2494 3039 2559 facit,
3071 2494 3169 2552 sed
3201 2495 3253 2550 vi
3277 2495 3520 2566 quadam

1926 2586 2370 2641 ratiocinationis
2427 2593 2652 2656 experte
2705 2587 3049 2642 dialecticam
3083 2587 3248 2658 852
3305 2602 3521 2642 omnem

1925 2678 2181 2748 peritiam
2243 2679 2566 2735 stoliditatis
2615 2680 2976 2743 conrincens,
3035 2680 3104 2734 ad
3152 2696 3366 2744 eorum,
3429 2680 3520 2750 qui

1927 2770 2302 2840 evangelicum
2351 2773 2690 2841 praeconium
2725 2771 3050 2836 admittunt,
3096 2773 3332 2828 salutem
3388 2773 3524 2826 nihil

1929 2869 2130 2930 praeter
2171 2860 2330 2917 ﬁdem
2371 2862 2742 2918 adhibendum
2785 2872 2958 2934 putat.
2996 2863 3181 2932 Neque
3222 2879 3350 2919 vero
3383 2879 3525 2933 quae-

1927 2953 2090 3008 stconi
2144 2953 2223 3006 illi
2261 2955 2580 3024 respondet,
2632 2971 2870 3024 quonam
2919 2966 3080 3025 pacto
3117 2955 3313 3010 Filium
3360 2956 3523 3010 Pater

1926 3046 2064 3098 citra
2099 3046 2406 3116 passionem
2445 3048 2652 3118 gignat,
2683 3064 2750 3102 ne
2775 3049 3134 3118 proprietatis
3175 3048 3322 3112 Filii,
3356 3063 3518 3118 qum

1927 3132 2256 3205 Unigenitus
2309 3151 2340 3190 a
2381 3135 2546 3192 Patre
2593 3139 2782 3204 trahit,
2817 3140 3141 3208 mysterium
3196 3141 3359 3197 inane
3388 3127 3519 3196 red-

1927 3228 2140 3282 datur:
2179 3245 2368 3284 rerum
2421 3230 2771 3301 prudentium
2822 3231 3106 3286 hominum
3159 3235 3380 3287 stultam
3427 3249 3521 3290 sa-

1926 3321 2186 3391 pientiam
2228 3322 2317 3393 (de
2356 3337 2461 3393 qua
2504 3324 2773 3394 scriptum
2813 3331 2942 3380 est:
2986 3321 3085 3378 Ubi
3127 3327 3380 3394 sapiens?
3430 3326 3521 3380 ubi

1922 3410 2142 3467 scriba?
2166 3414 2255 3466 ubi
2281 3414 2606 3483 conquisitor
2637 3415 2820 3468 swcuti
2850 3415 3006 3482 hujus
3039 3418 3118 3488 οἳ)
3154 3417 3520 3489 redarguens,

1927 3505 2134 3558 nullam
2171 3505 2263 3559 hic
2315 3507 2644 3576 sapientiam
2684 3509 2958 3563 sermonis
3002 3511 3402 3571 accommodat,
3455 3527 3522 3564 ne

1924 3599 2134 3667 argutis
2196 3598 2330 3654 iisce
2384 3600 2663 3654 rationum
2720 3600 3060 3671 coniecturis
3114 3603 3404 3674 religiosus
3456 3604 3522 3659 de

1923 3687 2084 3744 Patre
2117 3689 2360 3760 Filioque
2392 3707 2592 3747 sensus
2625 3692 2805 3746 inanis
2847 3695 2935 3746 iial
2969 3713 2981 3746 :
3012 3696 3141 3763 quin
3176 3703 3234 3748 ut
3270 3694 3338 3748 ab
3368 3704 3521 3749 utro-

1923 3796 2031 3851 que
2062 3782 2376 3851 passionem
2410 3783 2709 3838 exclude-ns
2741 3799 2981 3849 omnem,
3021 3783 3238 3838 Patrem
3279 3799 3308 3836 a
3339 3786 3520 3853 seipse

1921 3873 2060 3927 citra
2098 3873 2448 3944 proﬂuvium,
2492 3883 2587 3929 aut
2649 3874 2992 3931 aﬂ'ectionem
3040 3877 3276 3946 aliquam
3323 3875 3518 3928 Filium

1925 3965 2179 4035 genuisse
2217 3965 2464 4021 fidelibus
2493 3965 2758 4022 declaret.
2801 3967 2866 4020 Et
2895 3984 3018 4021 etim
3050 3968 3267 4038 quidem
3299 3967 3519 4028 Filium.

1923 4057 2016 4126 qui
2048 4055 2198 4109 Patri
2232 4057 2448 4119 similis,
2491 4067 2544 4112 et
2577 4059 2646 4111 ab
2674 4059 2864 4113 eodem
2912 4061 3215 4114 secundum
3253 4061 3518 4114 substan-

1923 4149 2056 4201 tiam
2083 4149 2324 4218 genitus,
2359 4149 2636 4219 perfectus
2675 4166 2704 4206 e
2739 4151 3003 4220 perfecto,
3045 4154 3349 4221 unicusque
3381 4153 3518 4206 sub-

1923 4239 2118 4305 sistat;
2172 4248 2340 4312 utque
2389 4241 2500 4295 hoc
2541 4245 2864 4312 mysterium
2903 4243 3023 4298 sine
3077 4243 3518 4299 ratiocinationis

1926 4329 2267 4386 adminiculo
2307 4333 2423 4388 sola
2476 4338 2754 4403 cognitum
2807 4336 3268 4405 contemplatione
3315 4335 3517 4405 praedi-

1924 4429 2033 4474 cet.
2073 4420 2170 4475 Est
2205 4424 2351 4477 enim
2400 4424 2694 4496 admodum
2729 4425 3021 4484 ridiculum
3054 4442 3200 4492 eum,
3241 4426 3333 4496 qui
3366 4444 3394 4480 a
3426 4444 3516 4481 sa—

227 4522 385 4574 ὲστὶν
441 4519 548 4572 ἀπὸ
603 4518 765 4586 σοφοῦ
816 4518 1005 4580 οὐσίας
1035 4556 1048 4576 ,
1097 4517 1126 4569 ὃ
1177 4519 1291 4569 ἐστι
1328 4516 1489 4585 σοφία
1519 4557 1531 4574 ,
1601 4516 1758 4568 οὐσία
1794 4518 1822 4569 6

1929 4515 2096 4583 pienti
2139 4514 2251 4570 Deo
2291 4495 2620 4587 sapien’tiam
2658 4519 2811 4572 audit
2855 4519 3142 4582 exsistere,
3195 4495 3292 4588 pro
3344 4535 3409 4573 eo
3453 4535 3516 4574 ac

228 4613 360 4676 Υἱὸς
399 4610 670 4675 ὑποστὰς,
697 4610 860 4680 ὁμοία
907 4608 1059 4661 ἔσται
1089 4608 1187 4661 καὶ
1233 4609 1353 4660 κατ’
1383 4606 1570 4658 οὐσίαν
1592 4605 1686 4658 τοῦ
1728 4624 1814 4660 σο-

222 4695 331 4777 ᾀοῦ
364 4703 615 4774 Πατρός,
646 4702 737 4770 ἀφ’
768 4693 940 4770 οὗπερ
980 4700 1189 4770 ὑπέστη
1223 4698 1385 4768 σοφία
1416 4701 1443 4751 6
1476 4699 1626 4762 Υἱξς.

1928 4608 2204 4678 sapienter
2241 4625 2363 4664 sese
2408 4612 2559 4665 novit
2591 4613 2785 4682 genit:e
2825 4628 2852 4664 a
2895 4629 2954 4666 se
2985 4613 3264 4681 sapientiae
3300 4611 3514 4665 Patrem

1926 4716 2081 4762 esse,
2135 4702 2302 4755 ullam
2355 4702 2449 4756 isti
2508 4704 2794 4774 sapientiae
2855 4705 3167 4774 passionem
3219 4705 3513 4768 ascribere,

218 4812 336 4867 quo
380 4796 448 4850 ab
497 4795 593 4848 illo
631 4794 932 4849 secundum
985 4793 1280 4848 essentiam
1330 4792 1560 4860 sapienti
1618 4792 1814 4846 similis
1851 4793 2118 4863 sapientia
2157 4795 2442 4850 subsistat.
2486 4795 2620 4849 Nam
2683 4805 2743 4850 ut
2783 4797 3007 4866 sapiens
3058 4795 3200 4851 Deus
3265 4814 3372 4851 non
3424 4813 3515 4851 sa-

219 4888 450 4960 pientia,
484 4884 951 4941 velutaﬂ'eetione
1009 4885 1213 4954 aliqua,
1271 4884 1554 4953 praldilus,
1623 4897 1714 4939 aut
1789 4887 2190 4958 compositione
2250 4888 2360 4940 ulla
2416 4889 2635 4958 sapiens
2688 4905 2716 4942 a
2777 4888 2936 4944 ntbis
2999 4889 3358 4961 intelligitur;
3417 4888 3512 4942 sed

219 4979 634 5048 simplicissima
670 4977 901 5039 ratione,
959 4984 1012 5033 et
1051 4977 1293 5032 essentia
1333 4993 1433 5032 sua
1480 4979 1599 5033 sine
1648 4980 2051 5048 compositione
2101 4983 2322 5050 sapiens
2357 4991 2487 5037 est:
2544 4983 2619 5036 ita
2674 4999 2851 5054 neque
2920 4984 3208 5054 sapientia,
3262 4984 3355 5054 qui
3416 4982 3511 5036 Fi-

219 5077 329 5134 lius
381 5090 506 5130 esse
550 5074 775 5136 dicitur,
830 5072 1044 5129 aﬂ’ectio
1097 5073 1338 5143 putanda
1386 5081 1504 5140 est;
1562 5075 1658 5129 sed
1751 5075 2020 5144 sapientia
2083 5077 2319 5146 ipsamet
2382 5078 2692 5134 substantia
2747 5087 2874 5141 est,
2919 5079 2988 5132 ab
3042 5078 3207 5147 ejus,
3263 5078 3355 5146 qui
3417 5090 3509 5130 sa-

221 5171 516 5239 piens-est,
574 5169 885 5225 substantia
938 5170 1226 5240 producta.
1289 5169 1422 5236 Qua:
1497 5171 1720 5240 quidem
1780 5171 2048 5240 sapientia
2083 5172 2392 5226 substantia
2477 5174 2596 5243 ipsa
2653 5186 2772 5235 est;
2833 5173 2939 5228 hoc
3029 5182 3114 5228 est
3195 5171 3507 5226 subsistens

219 5261 418 5328 Filius,
442 5263 743 5332 eademque
773 5262 1040 5332 sapientis
1075 5263 1258 5318 Patris
1299 5265 1606 5318 substantia
1643 5265 1840 5317 similis
1871 5279 1899 5316 a
1932 5280 2040 5334 quo
2069 5265 2337 5333 sapientia
2377 5263 2550 5321 Filius
2578 5249 2814 5322 exisislit.

288 5356 365 5411 Z'.
391 5355 483 5409 Διό
521 5357 614 5409 καὶ
643 5354 851 5420 εἰωθὼς
882 5358 916 5410 μό
967 5357 1234 5428 μακάριος
1271 5357 1483 5420 Παῦλος
1524 5355 1703 5418 καλῶς
1744 5355 1812 5409 τὰ

1997 5353 2104 5408 VII.
2147 5355 2514 5422 Quamobrem
2547 5361 2829 5428 apostolus
2878 5360 3102 5426 Paulus,
3134 5357 3249 5428 qui,
3283 5365 3342 5411 ut
3391 5369 3508 5409 erat

228 5445 502 5518 Ἐϐραίων
538 5443 971 5516 πεπαιδευμένος
1011 5446 1118 5498 ἀπὸ
1151 5445 1246 5498 τοῦ
1288 5445 1453 5500 αὐτοῦ
1493 5445 1810 5516 Πνεύματος

1928 5443 2197 5504 Hebraicaa
2227 5448 2421 5512 linquze
2460 5451 2846 5520 peritissimus,
2886 5466 3011 5504 cum
3045 5466 3110 5504 ex
3141 5448 3332 5504 eodem
3382 5447 3506 5517 Spi-

215 5535 315 5590 ἰοῦ
336 5537 394 5590 ὲν
415 5536 627 5607 Παλαιᾷ
654 5535 748 5589 καὶ
767 5537 943 5608 Καινῇ
971 5534 1212 5608 Διαθήκῃ
1237 5535 1570 5608 λαλήσαντος
1592 5536 1688 5598 τὰς
1709 5535 1806 5588 αὐλ-

1928 5538 2046 5602 τὶιιι,
2083 5540 2174 5609 qui
2231 5556 2286 5593 ιη
2344 5539 2534 5596 Vetere
2582 5556 2646 5596 ac
2692 5543 2844 5596 Novo
2889 5540 3238 5596 Testamento
3284 5541 3500 5608 loeutus

294 5650 1041 5726 17p.7.0ytxtov._Cori-uptus
1073 5651 1159 5726 hic
1191 5651 1365 5726 locus.
1441 5650 1553 5726 ’_F.
1576 5654 1623 5726 γὴ
1653 5651 1826 5726 {apisci

2008 5653 2028 5684 ³
2052 5653 2179 5726 Cor.
2221 5655 2553 5722 deptorttw.
2631 5656 2654 5692 ⁵
2679 5673 2770 5725 rp.
2807 5658 3030 5709 ἀπεστεῖ
3048 5655 3146 5726 τῷ.
3223 5657 3243 5687 ⁸
3273 5654 3334 5709 F.
3358 5654 3495 5726 ἕξει.

210 5713 550 5845 είῖἱῌσοεὲῗξ
605 5720 783 5792 οὐσίᾳ,
847 5713 987 5774 οὕτω
1048 5722 1187 5792 μήτε
1231 5724 1301 5793 ⁴ἡ
1361 5720 1522 5794 σοφία
1571 5713 1715 5776 ἐστὶν
1779 5713 2015 5786 όὙίδς,
2077 5724 2188 5790 ἕξις
2247 5713 2469 5780 νοέῖται.
2575 5727 2592 5756 ⁷
2649 5713 2727 5784 ΙίΪ
2764 5727 2944 5782 οὐσία.
3018 5727 3040 5760 ⁸
3085 5713 3105 5782 ί
3153 5725 3366 5819 Curat,
3400 5713 3499 5780 ⁷17.

394 5829 437 5856 Ι,
468 5829 555 5846 ιινο
