3990 6228
481 325 586 380 με

1867 329 1924 385 S.
1961 327 2296 386 EPIPIIANII

3614 321 3724 377 “6

469 443 578 498 est,
597 433 784 484 eadem
805 426 1026 480 haurire
1049 438 1208 478 sensa
1227 423 1602 478 οοιιειιυνίεευι
1623 419 1838 475 duobus
1860 438 1888 474 e
1912 420 2055 490 psal-

2150 448 2237 512 τὰς
2261 448 2442 500 ’ἑλκειν
2471 443 2700 506 ἐννοίας,
2731 442 2922 512 ὥσπερ
2951 439 3059 494 ἀπὸ
3084 439 3191 493 τῶν
3215 439 3310 492 δύο
3331 437 3586 508 ψαλμῶν,
3613 436 3724 491 ἀπὺ

471 541 598 588 mis,
618 523 687 576 ab
710 536 778 576 eo
797 520 1048 574 videlicet
1069 517 1120 571 in
1145 533 1254 586 quo
1275 515 1491 571 canitur
1517 515 1768 568 :Judicia
1789 525 1880 567 tua
1905 517 2060 583 abys-

469 633 558 669 sus
595 613 760 666 multa
786 613 798 644 '
823 624 838 673 ;
863 621 914 665 et
938 611 1006 664 ab
1029 610 1158 674 alio,
1185 610 1236 662 in
1260 623 1370 677 quo
1390 607 1653 674 scriptum
1687 615 1771 662 est
1798 625 1810 660 :
1847 605 2060 660 Semita:

471 721 574 763 tua:
599 711 652 760 in
673 707 825 778 aquis
848 707 1048 770 multis,
1067 715 1112 758 et
1139 705 1358 772 uestigia
1377 713 1467 756 tua
1489 719 1590 754 non
1614 713 1988 772 cognoscentur
2003 704 2057 767 ’ς

472 802 617 853 illam
642 801 708 853 de
744 798 1073 867 Deijudiciis
1099 796 1425 850 sententiam
1457 795 1736 864 paululum
1761 794 2061 849 immutatis

467 883 798 962 quibusdam
831 891 1126 945 transtulit.
1167 889 1303 944 Nam
1345 905 1441 958 pro
1479 889 1548 945 iis
1575 887 1754 942 verbis
1783 907 1796 942 :
1826 888 2060 958 Abgssus

469 985 660 1044 multa.
682 983 932 1052 scripsit:
955 981 999 1036 0
1024 983 1250 1036 altitudo
1281 979 1614 1036 diuitiarum‘l
1631 979 1757 1035 ΞΡΓο
1785 980 1869 1036 his
1890 996 2014 1034 vero
2045 998 2058 1035 :

471 1077 688 1131 Semitie
711 1087 818 1130 tua:
839 1075 892 1128 in
919 1076 1068 1145 aquis
1089 1075 1306 1138 multis;
1327 1085 1375 1128 et
1401 1075 1618 1145 uestigia
1637 1083 1730 1127 tua
1755 1090 1857 1126 non
1877 1089 2064 1143 cogno-

467 1177 680 1220 scentur
693 1183 711 1230 ;
725 1169 970 1237 scripsit:
991 1166 1386 1237 Iut'estigabiles
1403 1183 1421 1231 ;
1437 1182 1534 1236 pro
1551 1167 1636 1221 his
1653 1175 1832 1220 autem
1852 1168 2056 1222 verbis:

467 1261 683 1314 Judicia
711 1271 802 1315 tua
840 1261 1059 1330 nbgssus
1092 1261 1260 1314 multa
1281 1303 1294 1326 ,
1319 1261 1783 1332 substituit85~3
1807 1262 1939 1324 haec,
1962 1261 2060 1316 ln-

467 1355 780 1408 scrutabilia
792 1355 1004 1422 judicia
1027 1355 1142 1422 ejus
1160 1355 1199 1408 ‘.
1220 1355 1300 1409 Ad
1327 1356 1576 1409 eumdem
1603 1356 1821 1410 modum
1847 1371 1972 1410 cum
1994 1356 2062 1410 ab

469 1448 585 1516 ipsa
611 1447 890 1517 Sapientia
916 1457 1160 1501 mutuam
1185 1447 1380 1516 ipsius,
1405 1461 1470 1500 ac
1500 1444 1677 1501 Patris
1709 1462 1832 1500 cum
1861 1447 2063 1502 inﬁmis

469 1540 618 1593 hisce
644 1539 1121 1608 comparationem
1170 1537 1654 1605 habitudinemque
1695 1537 2061 1605 cognovisset,

467 1632 742 1700 propriam
767 1630 968 1694 Patris,
996 1646 1060 1684 ac
1083 1629 1227 1692 Filii,
1255 1638 1308 1683 et
1335 1644 1522 1684 eorum
1545 1645 1668 1699 quae
1693 1644 1789 1699 per
1807 1627 1847 1682 F
1853 1629 2004 1683 ilium
2033 1643 2063 1683 a

2143 539 2236 594 τοῦ
2261 557 2320 592 τε
2342 537 2588 606 λέγοντος
2607 553 2620 566 ’
2669 537 2745 590 Τὰ
2769 533 3018 602 κρίματὰ
3051 549 3166 586 σου
3197 532 3470 595 ἄϐυσσος
3493 528 3720 594 πολλὴ,

2145 633 2238 684 καὶ
2269 629 2376 684 ἀπὸ
2407 627 2500 680 τοῦ
2523 667 2538 692 ,
2577 629 2646 679 Ai
2694 627 2878 693 τρίόοι
2915 639 3031 677 σου
3088 623 3156 676 ἐγ
3195 623 3375 675 ὕδασι
3429 619 3712 683 πολλοῖςι

2145 723 2242 776 καὶ
2273 723 2345 776 τὰ
2375 721 2514 790 ῑχνη
2549 735 2666 772 σου
2691 719 2764 772 οὐ
2802 714 3278 786 γνωσθήσονται,
3312 713 3403 766 τὸν
3437 711 3570 782 περὶ
3599 726 3712 778 κρε-

2149 815 2332 884 μάτων
2370 811 2464 864 τοῦ
2495 808 2630 864 Θεοῦ
2673 809 2830 878 λόγον
2881 806 3198 877 μετέϐαλεν.
3245 804 3390 858 Ἀντὶ
3447 803 3550 873 μὲν
3599 800 3715 867 τοῦ,

2149 908 2214 960 Ἀ
2225 908 2455 969 ϐυσσος
2479 901 2680 969 πολλὴ
2698 941 2712 964 ,
2735 899 2818 964 τὸ,
2847 895 2916 951 Ὦ
2947 897 3140 964 βάθος
3165 897 3432 950 πλούτου
3452 895 3474 948 !
3507 895 3630 946 ἀντὶ
3657 893 3716 944 δὲ

2143 997 2238 1052 τοῦ
2263 1038 2276 1059 ,
2329 999 2396 1050 Ai
2425 995 2608 1062 τρίϐοι
2652 1007 2768 1046 σου
2823 990 2892 1042 ἐν
2939 987 3120 1041 ὕδασι
3171 984 3459 1051 πολλοῖς·
3491 985 3592 1036 καὶ
3645 983 3718 1036 τὰ

2147 1089 2286 1155 ἴχνη
2317 1103 2434 1139 σου
2461 1087 2531 1137 οὐ
2563 1080 3040 1151 praecalidos-tat,
3067 1077 3150 1136 τὸ.
3202 1075 3677 1143 Ἀνεξιχνίαστοι
3703 1091 3710 1100 ·

2147 1185 2266 1238 ἀντὶ
2301 1182 2358 1234 δὲ
2409 1179 2502 1232 τοῦ
2527 1219 2542 1243 ,
2587 1178 2664 1233 Τὰ
2707 1173 2959 1244 κρίματά
2995 1189 3111 1226 σου
3163 1170 3432 1234 ἄϐυσσος
3488 1164 3714 1232 πολλὴ.

2145 1273 2206 1327 τὸ
2228 1315 2243 1338 ,
2289 1269 2748 1337 Ἀνεξερεύνητα
2795 1265 2866 1318 τὰ
2911 1259 3165 1331 κρίματά
3211 1275 3350 1313 σου.
3405 1257 3564 1311 Οὕτω
3625 1255 3720 1307 καὶ

2147 1363 2276 1435 παρ’
2316 1361 2482 1431 αὑτῆς
2526 1359 2628 1428 τῆς
2667 1356 2868 1425 Σοφέας
2901 1353 3000 1424 τὴν
3045 1353 3172 1422 περὶ
3223 1348 3422 1416 ἑαυτῆς
3473 1343 3568 1398 καὶ
3623 1343 3717 1396 τοῦ

2145 1453 2356 1524 Πατρὸς
2379 1491 2394 1515 ,
2448 1451 2540 1504 καὶ
2579 1449 2678 1519 τὴν
2730 1447 2865 1516 πρὸς
2903 1444 3030 1497 τάδε
3077 1441 3343 1510 γενόμενα
3383 1437 3570 1505 σχέσιν
3619 1451 3714 1503 μοι

2147 1543 2288 1606 θὼν,
2341 1544 2400 1594 ὲν
2455 1541 2568 1602 τοῖς
2614 1535 2807 1590 ἑαυτοῦ
2861 1537 2994 1605 ἡμῖν
3037 1531 3136 1602 τὴν
3175 1529 3304 1600 περὶ
3361 1525 3581 1597 Harpe;
3628 1524 3722 1576 καὶ

2145 1635 2276 1691 Υἱοῦ
2295 1675 2312 1697 ,
2341 1631 2566 1687 καὶτῶν
2603 1633 2668 1682 ὲκ
2699 1628 2909 1698 [ἰατρὸς
2953 1626 3020 1679 δι’
3057 1623 3188 1678 Υιοῦ
3225 1620 3525 1691 γεγονότων
3577 1633 3720 1686 παρ-

470 1725 631 1779 Patre
661 1724 924 1794 producta
960 1731 1110 1787 sunt,
1145 1723 1422 1777 notionem
1463 1723 1578 1778 suis
1624 1723 1678 1776 in
1719 1721 1940 1791 scriptis
1969 1739 2055 1776 ex-

2150 1727 2360 1797 ίστησιν
2411 1724 2640 1778 ἔννοιαν.
2683 1720 2794 1790 Τῆς
2829 1719 2939 1788 γὰρ
2975 1715 3171 1784 Σοφίας
3222 1711 3522 1781 εἰπούσηςο
3577 1707 3722 1778 Ἐγὼ

465 1815 684 1884 pressit.
713 1812 849 1866 Nam
887 1828 1012 1868 cum
1053 1811 1329 1880 Sapientia
1359 1811 1589 1866 dixisset
1619 1825 1634 1864 :
1667 1811 1776 1882 Ego
1801 1811 2055 1880 sapientia

2150 1819 2186 1887 ἡ
2239 1796 2426 1885 σοφία
2477 1811 2916 1880 κατεσκήνωσα
2963 1806 3210 1887 ,βουλὴν
3235 1845 3250 1868 ,
3302 1804 3398 1856 καὶ
3453 1801 3520 1854 τὰ
3573 1801 3720 1870 ἑξῆς,

465 1905 647 1958 habito
673 1907 730 1958 in
763 1905 982 1958 consilio
1003 1907 1045 1971 ³,
1064 1915 1193 1968 etc.,
1221 1913 1336 1958 tum
1376 1904 1442 1959 ad
1481 1919 1600 1958 eam
1630 1905 2060 1974 procreationem

468 1997 1134 2066 adu'tinistratinnemque,
1169 2012 1290 2067 (pun
1333 1998 1726 2052 interveniente
1753 1997 1932 2053 Verbo
1975 1999 2056 2060 ﬁt,

465 2089 822 2156 descendens,
843 2106 966 2144 cum
992 2090 1061 2143 ita
1088 2089 1454 2158 subjuuxisset
1485 2089 1624 2143 :Per
1647 2105 1725 2142 me
1751 2098 2058 2158 reges,etc.,

481 2177 608 2228 item
641 2175 770 2228 illud
805 2192 819 2227 :
861 2173 921 2228 Si
953 2174 1258 2226 nuntiavero
1290 2174 1454 2235 vobis,
1493 2188 1605 2241 quw
1628 2187 1720 2240 per
1759 2190 1842 2228 me
1881 2175 2052 2243 ﬁunt;

478 2263 892 2333 commemorabo
931 2279 1048 2332 qua:
1085 2280 1118 2316 a
1147 2261 1346 2316 saeculo
1372 2269 1495 2314 sunt
1531 2264 1913 2330 percensenda;
1951 2265 2050 2320 de-

478 2353 645 2408 inde:
681 2354 940 2406 Dominus
966 2352 1162 2406 creavit
1204 2367 1286 2405 me
1332 2352 1542 2404 initium
1587 2353 1791 2406 viarum
1832 2371 2052 2406 suarum

477 2447 530 2498 in
563 2462 722 2514 opera
775 2445 943 2512 ipsius
971 2460 989 2497 :
1024 2454 1144 2497 ante
1177 2443 1433 2498 saxulum
1487 2443 1730 2512 fundavit
1784 2460 1898 2508 me;
1931 2455 2052 2499 ante

477 2539 654 2590 omnia
701 2539 876 2606 genuit
935 2551 1061 2590 me:
1099 2551 1224 2589 cum
1282 2535 1416 2598 haec,
1473 2535 1718 2604 inquam,
1775 2534 2050 2605 Sapientia

475 2630 728 2688 dixisset.
763 2629 1056 2697 Apostolus
1101 2641 1198 2696 pro
1242 2643 1308 2682 eo
1354 2627 1498 2696 quod
1539 2633 1646 2688 est,
1685 2627 1916 2692 initium,
1959 2642 2054 2696 p0-

477 2721 606 2778 Suit,
643 2720 885 2783 primus;
917 2734 1038 2788 pro,
1063 2719 1239 2788 genuit
1269 2735 1368 2780 me,
1395 2718 1636 2787 genitus;
1685 2733 1786 2788 pro
1815 2725 1931 2772 toto
1959 2719 2052 2772 illo

475 2814 740 2873 membro,
791 2811 1003 2864 Creauit
1043 2827 1122 2864 me
1163 2810 1372 2862 initium
1427 2809 1630 2862 uiarum
1675 2825 1930 2872 suarum;
1975 2817 2048 2876 et,

472 2901 648 2968 genuit
689 2918 785 2966 me,
827 2901 928 2956 ista
977 2901 1238 2964 subtexit,
1274 2899 1667 2969 Primogenitus
1699 2900 1867 2952 omnis
1900 2916 2050 2952 erea-

474 2998 688 3058 turaﬂ;
733 3008 834 3062 pro
886 2992 1010 3056 hoc,
1057 2991 1324 3046 It'undat‘it
1379 3007 1478 3056 me,
1516 2991 1760 3060 scripsit,
1820 2991 1886 3044 In
1937 2992 2049 3059 ipso

475 3094 652 3136 creata
675 3095 794 3136 sunt
825 3085 1022 3138 omnia.
1047 3087 1258 3138 Rursus
1287 3098 1384 3152 pro
1411 3082 1534 3146 hoc,
1560 3098 1651 3149 per
1676 3097 1786 3144 nte;
1817 3081 2049 3150 Aposto-

2147 1883 2242 1965 »ταὶ
2275 1883 2588 1980 μέταϐἀσης
2615 1907 2694 1968 εἰς
2723 1903 2814 1957 τὸν
2839 1902 2905 1954 δι’
2933 1895 2992 1954 οὗ
3027 1883 3228 1966 Λόγδψ
3258 1897 3448 1968 εἶρηκε
3475 1894 3609 1962 γὰρ,
3643 1890 3720 1944 Δι’

2145 2001 2291 2071 ἐμοῦ
2320 1999 2602 2066 βασιλεῖς
2629 2015 2642 2028 ·
2675 1996 2771 2050 καὶ
2809 1995 2892 2058 τὸ,
2944 1992 3084 2047 Ἐὰν
3120 1988 3452 2058 araneae)
3485 1983 3628 2054 ὑμῖν
3653 1983 3726 2036 τὰ

2145 2095 2220 2148 δι’
2253 2093 2396 2163 ἐμοῦ
2417 2135 2431 2158 ,
2460 2090 2860 2162 μνημονεύσω
2891 2087 2963 2141 τὰ
2990 2087 3090 2140 ἀπ’
3122 2082 3336 2146 αιώνος
3361 2077 3721 2148 ἀριθμῆσαι·

2148 2185 2243 2239 καὶ
2269 2184 2557 2254 εἰπούσης·
2598 2181 2820 2249 Κιτιοιος
2855 2176 3060 2232 ἐκτισέ
3087 2192 3162 2244 με
3191 2171 3392 2241 ἀρχὴν
3433 2167 3592 2224 ὁδῶν
3621 2168 3723 2220 αὐ-

2147 2273 2254 2328 τοῦ
2277 2277 2363 2340 εὶς
2395 2273 2538 2342 ἔργα
2562 2270 2746 2324 αὑτοῦ
2773 2285 2787 2300 ·
2827 2267 2939 2335 πρὸ
2981 2267 3086 2320 τοῦ
3111 2265 3326 2327 αἰῶνος
3365 2256 3726 2329 ἐθεμελίωέ

2143 2382 2220 2434 με
2243 2381 2256 2394 ·
2291 2364 2403 2432 πρὸ
2431 2362 2499 2416 δὲ
2525 2361 2766 2414 πάντων
2796 2357 2978 2429 γεννᾷ
3011 2374 3089 2428 με
3113 2371 3126 2385 ⁸
3163 2353 3283 2408 ἀντὶ
3310 2352 3410 2423 μὲν
3437 2349 3531 2403 τοῦ
3563 2388 3580 2410 ,
3625 2349 3726 2415 ἁρ-

2149 2455 2290 2524 χὴν,
2319 2454 2506 2508 ἔλαϐεν
2535 2455 2564 2506 ὁ
2607 2451 2927 2513 Ἀπόστολος
2957 2450 3038 2512 τὸ,
3075 2446 3304 2516 ξερῶτος
3328 2461 3341 2474 ⁸
3373 2443 3494 2496 ἀντὶ
3515 2441 3574 2494 δὲ
3609 2438 3724 2500 τοῦ.

2150 2544 2332 2612 γεννᾷ
2355 2561 2463 2616 με,
2503 2545 2597 2606 τὸ,
2634 2545 2809 2606 τόκος
2830 2557 2844 2570 ⁸
2885 2541 3006 2594 ἀντὶ
3041 2538 3100 2592 δὲ
3137 2535 3230 2590 τοῦ
3268 2535 3388 2587 ὃ).ου
3424 2530 3558 2602 ὁμοῦ
3583 2571 3600 2595 ,
3643 2529 3724 2592 τὺ,

2143 2635 2504 2710 Ἕκτισέτμε
2533 2631 2730 2702 ἀρχὴν
2753 2630 2906 2686 ὁδῶν
2935 2629 3122 2684 αὐτοῦ
3144 2647 3155 2658 ·
3191 2627 3284 2680 καὶ
3313 2622 3497 2694 τωο-ᾇ
3515 2639 3614 2692 με.
3643 2622 3726 2682 τὸ,

2150 2725 2521 2789 πρωτότοκος
2567 2723 2769 2790 πάσης
2802 2722 3053 2786 κτίσεως
3081 2737 3092 2749 ·
3135 2719 3256 2772 ἀντὶ
3307 2717 3363 2770 δὲ
3394 2715 3489 2769 τοῦ
3513 2755 3529 2778 ,
3571 2714 3727 2768 Ἐθε-

2144 2813 2404 2879 μελίωσε
2423 2851 2436 2873 ,
2468 2813 2527 2865 τὸ
2551 2852 2566 2876 ,
2611 2815 2714 2865 Ἐν
2751 2809 2912 2875 αὐτῷ
2941 2811 3185 2876 ἐκτίσθη
3225 2808 3297 2860 τὰ
3334 2805 3562 2860 πάντα·
3609 2802 3728 2856 ἀντὶ

2149 2901 2206 2954 δὲ
2238 2900 2362 2963 τοῦ,
2394 2902 2467 2956 δι’
2495 2901 2660 2972 ἐμοῦ,
2702 2906 2780 2956 Τὰ
2805 2902 2904 2956 ἀπ’
2932 2902 3168 2965 αἰῶνος,
3201 2900 3322 2953 εἶτε
3354 2899 3576 2966 θρόνοι,
3611 2895 3727 2947 εἴτε

2150 2993 2511 3059 κιιριότητες,
2547 2994 2666 3046 εἴτε
2693 2993 2890 3063 ἀρχαὶ,
2931 2994 3052 3046 εἴτε
3076 2991 3352 3055 ἐξουσίαι
3373 3029 3388 3054 ,
3428 2987 3502 3042 τὰ
3531 2987 3732 3041 πάντα

2149 3082 2224 3136 δι’
2247 3085 2454 3150 αὑτοῦ,
2483 3085 2578 3138 καὶ
2601 3088 2688 3153 εἰς
2717 3085 2905 3140 αὐτὸν
2933 3086 3217 3140 ἔκτισται.

473 3175 580 3241 lus,
611 3193 726 3244 qua:
773 3193 806 3230 a
865 3177 1058 3230 saeculo
1105 3188 1248 3242 sunt,
1295 3179 1400 3230 sive
1443 3176 1644 3238 throni,
1695 3177 1801 3230 sive
1849 3175 2268 3242 dominationes,
2343 3180 2448 3234 sive
2505 3181 2858 3250 principatus,
2901 3181 3005 3235 sive
3049 3187 3358 3250 potestates,
3415 3174 3594 3228 ontnia
3639 3187 3730 3240 per

472 3267 664 3334 ipsum,
697 3277 746 3320 et
781 3269 834 3320 in
865 3268 1036 3335 ipsum
1069 3278 1248 3320 creata
1271 3278 1418 3323 sunt.

545 3354 732 3423 Itaque
791 3370 916 3408 cum
967 3355 1210 3424 Apostoli
1260 3355 1528 3408 sententia
1575 3369 1700 3408 eum
1754 3353 2047 3424 Sapient’a:

2219 3351 2444 3405 Πάντων
2477 3347 2570 3406 οὗν
2594 3350 2730 3422 πρὸς
2777 3351 2923 3418 λέξιν
2971 3350 3328 3418 ἐξισαζόντων
3357 3353 3728 3408 ἀποστολικών

473 3459 606 3498 voce
663 3445 730 3498 ad
801 3445 1026 3500 verbum
1093 3452 1396 3515 congruat,
1451 3446 1598 3500 velut
1659 3447 1870 3498 initium
1923 3463 2046 3502 cum

472 3535 665 3602 primo,
700 3543 752 3588 et
783 3537 957 3605 genuit
981 3551 1104 3590 cum
1133 3537 1508 3606 primogenitus
1531 3543 1616 3599 ;ct
1642 3536 1811 3600 istud,
1836 3536 2046 3592 Creavit

475 3643 556 3680 mc
577 3628 787 3680 initium
817 3631 1022 3682 viarum
1046 3643 1266 3681 suarum
1293 3628 1347 3680 in
1373 3643 1530 3696 opera
1555 3628 1740 3696 ipsius,
1767 3643 1890 3680 cum
1921 3628 2048 3693 hoc,

475 3717 864 3787 Primogenitus
887 3719 1056 3773 omnis
1077 3728 1332 3773 creatura:
1357 3736 1374 3784 ;
1428 3719 1554 3772 item
1574 3735 1670 3788 pro
1684 3718 1924 3787 fundavit
1947 3735 2048 3786 me,

473 3808 590 3862 lucc
621 3808 785 3862 verba
817 3808 1113 3864 substituta
1151 3810 1281 3872 sint,
1315 3807 1370 3860 in
1403 3808 1516 3875 ipso
1551 3821 1731 3860 creata
1764 3818 1922 3872 sunt;
1955 3823 2053 3878 pro

477 3899 580 3952 hoc
613 3915 740 3954 vero
764 3939 779 3964 ,
819 3916 912 3970 per
939 3917 1052 3966 me,
1091 3899 1272 3964 istud,
1303 3915 1396 3968 per
1446 3899 1654 3968 ipsum,
1703 3899 2052 3954 manifestum

474 4000 558 4046 est
605 3993 850 4062 imaginis
885 4007 1082 4046 nomen
1115 3992 1254 4047 citra
1311 3992 1626 4063 passionem
1679 3993 1970 4062 usurpari;
1999 3999 2056 4046 et

475 4097 574 4152 pro
608 4082 739 4136 iisce
772 4083 972 4147 verbis,
1007 4081 1120 4154 Ego
1149 4082 1437 4152 sapientia,
1473 4080 1709 4150 positum
1739 4081 1933 4136 fuisse.
1975 4081 2054 4136 Ac

476 4174 701 4244 proinde
731 4175 874 4230 sicut
907 4175 1178 4247 sapientia
1207 4175 1475 4245 sapientis
1509 4173 1682 4230 Filius
1703 4216 1718 4240 ,
1749 4174 2055 4230 substantia

475 4265 792 4320 substantiae
821 4275 905 4322 est
937 4285 952 4321 :
995 4267 1077 4322 sic
1109 4266 1404 4336 imaginem
1448 4265 1771 4321 substantiae
1821 4281 1944 4320 esse
1981 4266 2056 4320 si—

477 4357 680 4412 milem.
712 4358 791 4412 Ex
823 4375 934 4428 quo
960 4360 1180 4429 quidem
1215 4360 1396 4430 imago
1435 4357 1552 4422 Dei,
1585 4358 1680 4428 qui
1722 4357 1892 4414 videri
1923 4373 2056 4416 ocu-

478 4449 544 4500 lis
579 4464 688 4501 non
732 4457 944 4519 potest.
991 4450 1093 4504 hoc
1139 4459 1224 4504 est
1251 4449 1450 4512 Filius,
1485 4449 1826 4520 intelligitur.
1860 4448 1938 4502 lta
1969 4449 2050 4502 di-

477 4541 687 4594 ctiones
723 4555 912 4594 omnes
940 4539 1006 4593 ad
1039 4541 1302 4596 amussim
1345 4540 1738 4610 respondentes
1770 4540 2051 4594 habemus.

482 4634 549 4687 lit
589 4641 714 4700 puta
749 4646 844 4700 pro
882 4631 1139 4700 sapiente.
1174 4632 1342 4698 Deus;
1385 4647 1482 4702 pro
1511 4631 1806 4697 sapientia,
1838 4631 2051 4700 imago;

2151 3444 2228 3507 ὡς
2255 3442 2324 3496 τὰ
2347 3443 2497 3515 παρὰ
2526 3445 2622 3515 τῆς
2649 3445 2866 3512 Σοφίας,
2890 3444 3134 3497 τουτέστι
3158 3444 3249 3497 τοῦ
3273 3462 3332 3497 τε
3359 3445 3560 3514 ἀρχὴν
3593 3449 3728 3520 πρὸς

2149 3537 2210 3586 τὸ
2246 3535 2496 3602 πρῶτος,
2549 3535 2642 3588 καὶ
2681 3535 2774 3588 τοῦ
2832 3534 3051 3604 Terr-ft"
3078 3537 3486 3603 πρωτότοκος,
3524 3539 3618 3591 καὶ
3647 3539 3726 3604 τὺ,

2155 3626 2390 3680 Ἔκτισέ
2407 3644 2484 3696 με
2507 3625 2706 3696 ἀρχὴν
2743 3625 2898 3680 ὁδῶν
2944 3627 3152 3691 αὐτοῦ,
3197 3630 3286 3694 είς
3332 3628 3480 3698 ἔργα
3519 3631 3728 3694 αὑτοῦ,

2154 3719 2288 3788 πρὸς
2322 3718 2402 3782 τὸ,
2435 3721 2814 3786 Πρωτίτοκος
2849 3718 3054 3786 πάσης
3079 3719 3328 3785 κτίσεως
3347 3733 3360 3748 ⁸
3394 3720 3518 3772 ἀντὶ
3540 3721 3596 3772 δὲ
3617 3722 3730 3786 τοῦ,

2164 3809 2546 3880 Ἐθεμελίωσέ
2575 3828 2674 3880 με,
2708 3811 2787 3874 τὸ,
2835 3812 2932 3864 Ἐν
2983 3810 3142 3875 αὐτῷ
3185 3811 3454 3878 ἐκτίσθη·
3505 3813 3628 3866 ἀντὶ
3673 3814 3732 3866 δὲ

2150 3901 2265 3960 τοῦ,
2300 3899 2372 3954 δι’
2397 3900 2564 3970 ἐμοῦ,
2604 3901 2679 3964 ὡς
2713 3901 2848 3971 πρὸς
2883 3900 2961 3966 τὸ,
2987 3899 3060 3952 δι’
3089 3901 3308 3955 αὐτοῦ·
3349 3903 3610 3972 φανερὸν.
3639 3905 3732 3958 καὶ

2153 3993 2190 4060 ἡ
2221 3993 2402 4046 εἰκὼν
2429 3995 2528 4048 οὐκ
2570 3995 2628 4046 ἐν
2663 3994 2845 4060 πάθει,
2887 3994 3002 4047 ἀλλ’
3033 3993 3155 4047 ἀντὶ
3196 3993 3314 4058 τοῦ,
3361 3994 3510 4062 Ἐγὼ
3547 3995 3584 4060 ἠ
3628 4013 3728 4049 σο-

2151 4085 2280 4152 φία,
2315 4085 2698 4157 πᾳρείληπται.
2745 4085 2853 4138 Καὶ
2885 4085 2958 4147 ὡς
2990 4086 3023 4156 ἡ
3057 4085 3216 4152 σοφία
3257 4083 3351 4137 τοῦ
3385 4085 3551 4152 σοφοῦ
3581 4085 3726 4150 Υἱὸς,

2153 4175 2310 4228 οὐσία
2343 4175 2549 4242 οὐσίας,
2605 4175 2778 4240 οὕτως
2808 4177 2841 4246 ἡ
2873 4174 3035 4228 εἰκὼν
3081 4175 3268 4238 οὐσίας
3293 4175 3454 4246 ὁμοία
3481 4176 3600 4228 ἐστί
3643 4177 3730 4229 Διὸ

2153 4269 2246 4320 καὶ
2273 4265 2434 4320 εἰκὼν
2461 4267 2657 4337 ἐνοήθη
2687 4267 2780 4319 τοῦ
2827 4266 2960 4318 Θεοῦ
2991 4265 3246 4336 ἀοράτου,
3293 4266 3350 4329 ὃς
3399 4267 3548 4320 ἐστιν
3583 4267 3726 4329 Υἱός.

2156 4359 2260 4411 Καὶ
2303 4357 2497 4428 ἔχομεν
2544 4358 2899 4424 ὲξισαζούσας
2949 4357 3048 4420 τὰς
3093 4357 3266 4422 λέξεις
3331 4357 3544 4420 πάσας·
3613 4357 3732 4410 ἀντὶ

2156 4447 2254 4516 μὲν
2300 4446 2393 4498 τοῦ
2426 4447 2644 4515 σοφοῦ,
2683 4447 2744 4499 τὸ
2775 4449 2936 4512 Θεός·
2967 4445 3088 4499 ἀντὶ
3121 4445 3177 4498 δὲ
3217 4446 3327 4512 τῆς
3373 4447 3615 4514 σοφίας,
3651 4447 3728 4508 τὸ,

2152 4536 2328 4590 εἰκών
2351 4553 2364 4566 '
2388 4537 2510 4590 ἀντὶ
2529 4537 2585 4589 δὲ
2609 4536 2702 4588 τοῦ
2732 4537 2911 4605 ἀρχὴ,
2939 4534 3170 4603 πρῶτος
3193 4551 3206 4563 ·
3245 4537 3364 4589 ἀντὶ
3395 4536 3452 4588 δὲ
3476 4535 3570 4588 τοῦ
3605 4553 3731 4605 τεν-

2155 4625 2251 4692 νᾷ,
2281 4627 2361 4692 τὸ,
2422 4629 2625 4692 τόκος·
2658 4627 2776 4680 ἀντὶ
2818 4627 2873 4679 δὲ
2908 4627 3075 4690 ὅλου,
3111 4627 3498 4718 όμοῦιφαμεν·
3537 4629 3656 4680 ἀντὶ
3675 4627 3729 4680 δὲ

465 4733 565 4786 pro
603 4713 776 4779 initio,
819 4715 1058 4781 primus;
1114 4727 1210 4778 pro
1261 4710 1458 4778 genuit,
1491 4710 1734 4778 genitus;
1785 4723 1882 4777 pro
1923 4717 2054 4780 toto,

2155 4718 2272 4782 τοῦ,
2320 4719 2534 4788 Ἀρχὴν
2565 4717 2719 4772 ὁδῶν
2747 4717 2932 4772 αὐτοῦ
2987 4719 3192 4771 ἐκτισέ
3217 4707 3295 4788 μὲ
3323 4721 3411 4784 εἰς
3441 4719 3586 4789 ἔργα
3630 4721 3732 4773 αὑ-

471 4823 615 4870 una;
663 4820 762 4875 pro
797 4813 911 4858 toto
956 4803 1048 4857 illo
1088 4803 1356 4864 metnbro,
1383 4799 1652 4866 videlicet,
1683 4799 1910 4854 Initium
1951 4803 2065 4856 via-

473 4914 591 4951 rum
620 4913 838 4950 suarum
871 4897 1063 4949 creavit
1097 4912 1176 4949 me
1211 4896 1264 4948 in
1302 4911 1459 4964 opera
1489 4910 1609 4956 sua,
1643 4903 1696 4948 et
1731 4894 1910 4964 genuit
1944 4911 2061 4959 me;

475 4991 864 5062 l’rimogcnitus
893 4991 1059 5042 omnis
1087 5000 1364 5042 creaturw.
1395 4987 1525 5042 item
1552 5004 1648 5056 pro
1683 4987 1928 5056 fundavit
1957 5004 2058 5055 me,

466 5083 532 5137 In
559 5085 673 5153 ipso
705 5093 884 5136 creata
912 5092 1034 5136 sunt
1057 5100 1076 5147 ;
1102 5093 1154 5137 et
1179 5099 1276 5152 pro
1297 5100 1388 5152 per
1420 5101 1520 5148 me,
1551 5081 1744 5137 Omnia
1767 5100 1860 5153 per
1887 5084 2061 5152 ipsum

468 5185 517 5228 et
549 5177 602 5228 in
628 5177 822 5245 ipsum.
857 5173 934 5227 Ex
959 5175 1160 5244 quibus
1191 5175 1398 5244 liquido
1425 5183 1639 5229 constat
1665 5193 1678 5228 :
1709 5189 1804 5229 eos
1840 5175 1934 5244 qui
1971 5173 2062 5228 Dei

474 5285 580 5322 non
632 5267 980 5339 aspectabilis
1026 5267 1314 5337 imaginem
1369 5283 1490 5322 esse
1545 5267 1743 5322 Filium
1796 5267 2057 5338 audiunt,

469 5371 523 5416 et
555 5363 915 5418 nihilominus
954 5362 1120 5430 huius
1172 5377 1298 5416 cum
1329 5361 1486 5416 Patre
1526 5362 1936 5417 similitudinem
1967 5377 2064 5416 ea-

470 5451 726 5509 lumniari
768 5464 878 5510 tam
912 5455 1256 5526 impudenter
1299 5469 1406 5508 non
1441 5453 1712 5522 dubitant,
1739 5453 1945 5508 erroris
1993 5451 2063 5506 ab

2159 4807 2284 4874 τοῦ,
2344 4809 2437 4860 καὶ
2465 4805 2650 4877 γεννᾷ
2693 4825 2792 4877 με,
2842 4807 2923 4869 τὸ,
2957 4807 3334 4874 Πρωτότοκος
3361 4807 3569 4876 πάσης
3611 4808 3732 4860 κτί-

2158 4915 2308 4965 σεως
2335 4913 2350 4925 ·
2388 4899 2509 4950 ἀντὶ
2539 4897 2596 4949 δὲ
2638 4896 2751 4956 τοῦ,
2793 4895 3182 4964 Ἐθεμελίωσέ
3206 4913 3300 4962 με,
3330 4897 3412 4962 τὸ,
3447 4895 3552 4950 Ἐν
3575 4894 3734 4960 αὐτῷ

2157 4991 2190 5044 ἐ
2208 4993 2402 5058 κτίσθη
2429 5007 2442 5020 ·
2473 4989 2592 5042 ἀντὶ
2643 4989 2700 5041 δὲ
2726 4987 2840 5052 τοῦ,
2877 4987 2951 5041 δι’
2981 4987 3146 5055 ἐμοῦ,
3181 4983 3256 5042 Τὰ
3286 4987 3482 5040 πάντα
3526 4987 3600 5039 δι’
3632 4989 3732 5040 αὑ-

2157 5082 2263 5135 τ)ῦ
2298 5081 2396 5134 καὶ
2427 5083 2512 5144 εἰς
2537 5081 2741 5132 αὐτόν.
2793 5078 3049 5148 Φανερὺν,
3084 5075 3158 5139 ὡς
3205 5075 3391 5128 εἰκόνα
3441 5077 3732 5138 ἀκούοντας

2157 5175 2246 5226 τὸν
2277 5174 2396 5226 Υῐὸν
2426 5172 2518 5224 τοῦ
2545 5169 2679 5223 Θεοῦ
2710 5167 2802 5222 τοῦ
2821 5168 3053 5240 ἀοράτου
3081 5167 3174 5220 καὶ
3197 5166 3367 5228 οὕτως
3393 5167 3622 5230 ἀναιδῶς
3648 5184 3730 5220 σο-

2156 5264 2404 5333 φίζειθαι
2465 5263 2561 5334 τὴν
2613 5263 2733 5314 κατ’
2766 5261 2954 5314 οὐσίαν
2995 5259 3288 5330 ὁμοιότητα
3315 5257 3410 5310 τοῦ
3439 5259 3570 5312 Υἱοῦ
3601 5259 3732 5330 πρὸς

2155 5359 2374 5429 Πατέρα
2407 5357 2818 5427 ἐπιχειροῦντας
2852 5358 2964 5417 τοῖς
3015 5355 3181 5407 πᾶσιν
3236 5351 3450 5422 ἐλέγχει
3489 5369 3724 5423 παραπε-

2154 5450 2374 5514 σόντας·
2434 5451 2494 5503 οὐ
2525 5449 2734 5510 Παῦλος
2771 5465 2834 5517 γε
2893 5447 3072 5516 μόνος,
3107 5442 3242 5497 ἀλλὰ
3274 5444 3368 5496 καὶ
3413 5442 3521 5514 πρὸ
3545 5441 3730 5494 τούτου

567 5636 580 5664 ’
615 5633 757 5687 I‘sal.
784 5649 946 5692 xxxv,
985 5633 1034 5684 7.
1109 5633 1128 5662 ²
1155 5614 1296 5685 Psal.
1321 5643 1506 5697 um,
1539 5631 1630 5684 ~20.
1707 5629 1730 5661 ³
1760 5627 1917 5682 Rulli.
1952 5645 2026 5692 Il,
2055 5627 2144 5683 33.
2221 5627 2240 5660 ⁸
2264 5629 2395 5684 ibid.
2465 5627 2668 5684 'Prov.
2699 5644 2818 5695 Vill,
2853 5625 2916 5680 l2
2931 5642 3051 5696 sqq.
3129 5625 3152 5655 ⁵
3177 5621 3394 5678 Coloss.
3439 5635 3482 5688 ι,
3519 5620 3582 5676 l5
3611 5635 3728 5691 sqq.

497 5691 514 5720 ⁷
538 5701 597 5756 l".
629 5703 722 5754 τοῦ
743 5703 856 5754 Εκτ.
933 5691 954 5734 ⁸
994 5701 1054 5755 l".
1089 5701 1225 5763 ποὺς
1252 5701 1331 5754 τό.
