3990 6228
318 310 423 365 417

962 308 1331 379 ADVERSUS
1372 309 1713 365 ll/ERESES
1752 310 1877 364 LIB.
1920 310 2007 366 Ill.
2050 314 2218 369 TOM.
2256 316 2294 369 I.
2336 347 2403 357 ——
2445 280 2717 375 llz’EllES.
2758 320 2987 379 LXXIII.

3494 332 3592 385 HR

331 428 611 498 Ἰωάννης,
662 429 691 480 6
717 428 832 491 υἱὸς
895 429 1064 493 ὅντως
1102 430 1348 501 βροντῆς,
1378 431 1443 500 τῇ
1489 429 1664 499 οἰκείᾳ
1696 429 1897 500 μεγαλο

2028 433 2292 502 Apostolo
2311 435 2565 488 convinci
2594 454 2605 487 :
2635 451 2948 505 quanquam
2981 452 3087 491 non
3120 438 3239 493 ilzos
3268 438 3443 494 solum
3475 446 3595 495 red-

318 519 520 589 φωνίᾳ,
553 520 725 591 ὅσπερ
756 521 818 573 ἐκ
851 539 1010 573 τινων
1044 522 1283 591 νεφελῶν
1311 522 1417 573 τῶν
1454 523 1553 592 τῆς
1582 522 1781 590 Σοφίας
1818 524 1905 574 αἰ-

314 612 623 679 νιγμάτων,
677 612 775 682 τὴν
818 614 1014 685 εὐσεϐῆ
1046 616 1177 685 ἡμῖν
1225 613 1434 666 ἔννοιαν
1457 612 1553 666 τοῦ
1608 613 1736 666 Υἰοῦ
1767 613 1907 667 κατὰ

311 700 408 752 τὸν
434 702 620 771 ὅμοιον
646 704 846 772 τρόπον
876 706 1096 776 ἀνῆκεν.

2012 524 2196 591 arguit
2242 524 2557 593 Apostolus,
2592 525 2685 578 sed
2726 535 2779 579 et
2826 533 2950 579 ante
2994 528 3309 595 Apostolnm
3354 527 3593 583 Joannes

2014 613 2181 685 854
2214 615 2305 670 ille
2344 633 2469 673 vere
2504 616 2726 669 tonitrui
2768 618 2931 672 lilius.
2973 619 3076 684 Qui
3109 620 3300 691 grandi
3336 622 3426 676 illa
3469 637 3591 683 sua,

2016 704 2431 775 clarissimaque
2473 719 2603 757 voce
2638 721 2668 759 e
2719 703 3009 774 Sapientia:
3053 709 3197 761 velut
3232 707 3588 767 adumbratis,

316 796 375 841 et
405 793 664 847 obscuris
698 796 1016 858 involucris,
1064 797 1222 867 quasi
1270 796 1597 866 quibusdam
1652 811 1683 850 ε
1736 795 1996 861 nubibus,
2031 796 2173 866 piam
2231 794 2299 850 de
2358 793 2498 849 Filio
2549 795 2875 849 sententiam
2937 797 3005 851 ad
3066 800 3315 853 eumdem
3368 799 3588 852 modum

312 883 519 935 emisit.

394 973 475 1027 il’.
501 975 644 1046 Ὅρα
680 977 806 1047 γὰρ,
839 978 920 1030 ὅτι
959 996 1052 1031 και
1082 980 1244 1044 αὐτὸς
1276 982 1310 1034 ἃ
1340 981 1585 1051 ἐδιδάχθη
1618 983 1765 1051 παρὰ
1803 980 1901 1048 τῆς

308 1062 538 1132 Σοφίας,
587 1068 759 1121 ταῦτα
816 1072 873 1122 ὲν
924 1070 1001 1141 τῷ
1034 1074 1162 1141 παρ’
1197 1072 1361 1125 αὐτοῦ
1412 1073 1737 1144 κηρυχθέντι
1772 1075 1903 1142 ἡμῖν

210 1190 221 1195 -
316 1156 644 1229 Εἱαγγελίῳ
671 1162 1039 1232 παραδέδωκε.
1072 1163 1185 1232 Τῆς
1232 1162 1340 1233 γὰρ
1372 1165 1567 1233 Σοφίας
1608 1163 1899 1234 εἰπούσης*

320 1250 653 1319 Ἕχτισέμε
670 1253 864 1320 ἀρχὴν
881 1251 1036 1305 ὁδῶν
1051 1254 1257 1318 αὑτοῦ,
1272 1254 1354 1319 τὸ,
1376 1255 1443 1308 ἐν
1464 1256 1644 1324 ἀρχῇ,
1668 1255 1899 1320 ἐξέθετο,

314 1341 513 1401 εἰπὼν,
558 1341 657 1394 Ἐν
692 1341 847 1409 ἀρχῇ
874 1338 953 1412 ἦν
991 1345 1023 1395 ὁ
1053 1343 1238 1413 Λόγος
1262 1361 1275 1374 ·
1315 1343 1432 1397 ἀντὶ
1468 1340 1901 1407 δὲτοῦ,¹Ἐκτισέ

307 1449 412 1499 με,
446 1434 555 1485 Καὶ
590 1433 734 1499 Θεὸς
765 1429 874 1503 ἦν’
908 1435 992 1487 ἵνα
1030 1434 1103 1505 μὴ
1138 1435 1229 1488 τὸν
1261 1438 1319 1488 ὲν
1356 1438 1625 1508 προφορᾷ,
1656 1436 1789 1489 ἀλλὰ
1814 1438 1902 1490 τὸν

314 1525 378 1576 ἑν
415 1524 715 1577 ὑποστάσει
758 1526 933 1597 παγίᾳ
981 1527 1166 1597 ἀπαθῆ
1206 1529 1269 1579 ἐκ
1324 1530 1535 1599 Πατρὸς
1578 1527 1708 1581 Θεὸν
1732 1528 1903 1596 Λόγον

314 1616 639 1686 νοήσωμεν·
700 1616 821 1669 ἀντὶ
872 1616 929 1669 δὲ
984 1617 1099 1680 τοῦ,
1162 1618 1385 1686 Ἠμὴνι
1443 1620 1578 1689 παρ’
1600 1618 1780 1684 αὐτῷ,
1821 1621 1900 1683 τὸ,

290 1706 472 1783 ’πρὸς
514 1706 662 1758 Θεόν
687 1722 701 1735 ·
734 1706 854 1758 ἀντὶ
879 1705 934 1758 δὲ
963 1706 1078 1769 τοῦ,
1107 1706 1181 1759 δι’
1201 1708 1365 1775 ἐμοῦ,
1391 1707 1468 1771 τὸ,
1503 1708 1627 1779 [ἀεί
1665 1707 1899 1774 αἰῶνος,

2086 970 2217 1027 Vlll.
2261 972 2649 1026 Animadverte
2677 972 2822 1026 enim
2850 980 2931 1035 ut,
2974 989 3094 1042 quae
3123 989 3150 1025 a
3189 973 3464 1044 Sapientia
3504 978 3587 1032 di-

2011 1065 2164 1128 dicit,
2205 1065 2258 1118 in
2297 1065 2589 1134 Evangelio
2618 1082 2717 1119 suo
2749 1066 2907 1120 nobis
2934 1068 3266 1135 exposuerit.
3306 1068 3438 1122 Nam
3464 1087 3584 1124 cum

2009 1156 2287 1226 Sapientia
2322 1158 2550 1212 dixisset
2587 1176 2597 1210 :
2644 1156 2854 1211 Creavit
2904 1174 2984 1211 me
3030 1159 3345 1227 principium
3386 1163 3587 1215 viarum

2008 1262 2259 1312 suarum,
2320 1245 2558 1302 Joannes
2620 1248 2873 1317 principii
2926 1264 3113 1302 vocem
3175 1252 3482 1318 expressit:
3523 1251 3587 1305 In

2005 1339 2282 1405 principio,
2317 1337 2515 1407 inquit,
2544 1348 2659 1392 erat
2692 1339 2912 1393 Verbum
2936 1341 2957 1370 ⁵
2982 1357 2995 1405 ;
3027 1355 3125 1409 pro
3153 1356 3219 1394 eo
3247 1358 3393 1407 vero,
3421 1344 3587 1399 Crea-

2006 1429 2075 1480 rit
2110 1446 2220 1493 me,
2247 1430 2484 1499 subjecit
2512 1430 2681 1494 istud,
2713 1429 2778 1485 Et
2823 1430 2965 1485 Deus
2997 1442 3136 1486 erat.
3168 1430 3243 1486 Ne
3274 1434 3582 1488 istiusmodi

2010 1519 2281 1585 Verbum,
2336 1522 2481 1592 quod
2514 1522 2837 1592 ,prolatione
2870 1532 3124 1586 constat,
3176 1538 3359 1576 verum
3413 1523 3585 1578 solide

2004 1612 2337 1675 subsistens,
2373 1627 2437 1666 ac
2467 1613 2748 1682 passionis
2775 1628 2993 1683 expers,
3040 1622 3093 1669 et
3133 1630 3162 1667 a
3205 1613 3365 1669 Patre
3394 1632 3583 1685 proce-

2003 1703 2139 1757 dens
2172 1704 2407 1759 Verbum
2454 1704 2623 1757 Deum
2670 1712 2856 1759 mente
2884 1704 3322 1775 conciperemus.
3355 1705 3474 1760 Jam
3517 1709 3578 1760 il-

313 1794 429 1865 τὺ.]
471 1795 675 1848 Πάντα
712 1794 999 1849 διἀὐτοῦ
1029 1794 1299 1865 ἐγένετο·
1342 1798 1439 1850 καὶ
1494 1796 1671 1865 χωρὶς
1716 1797 1899 1851 αὐτοῦ

2008 1791 2269 1855 lis,Eram
2296 1794 2437 1863 apud
2472 1794 2649 1858 illum,
2677 1795 2781 1850 ista
2825 1798 3176 1863 respondent,
3214 1797 3351 1865 apud
3383 1798 3579 1861 Deum;

313 1886 557 1955 ἐγένετο
594 1886 735 1941 οὐδὲ
763 1887 832 1939 ἓν
851 1904 865 1918 ·
924 1888 1044 1941 ἀντὶ
1070 1888 1126 1940 δὲ
1150 1888 1265 1953 τοῦ,
1336 1889 1712 1956 ἐΰεμελίωσε,
1754 1889 1836 1953 τὸ,
1867 1888 1899 1942 ὃ

315 1978 588 2048 γέγονεν.
632 1980 734 2033 Ἐν
767 1978 927 2045 αὐτῷ
961 1979 1073 2048 ζωὴ
1114 1976 1222 2051 ἦν’
1271 1972 1315 2045 ᾧ
1344 1982 1455 2032 ἰσον
1493 1980 1573 2043 τὸ,
1613 1981 1716 2034 Ἐν
1742 1980 1901 2046 αὐτῷ

313 2070 569 2137 ἐκτίσθη
612 2069 682 2123 τὰ
720 2068 951 2123 πάντα’
1007 2070 1129 2122 ἀντὶ
1178 2069 1235 2123 δὲ
1270 2068 1384 2133 τοῦ,
1431 2070 1483 2121 '0
1521 2070 1713 2138 Λόγος
1744 2070 1898 2137 σὰρξ

316 2157 579 2226 ἐγένετο,
628 2158 689 2213 Ἡ
708 2159 893 2228 σοφία
914 2159 1301 2229 ᾠκοδόμησεν
1325 2158 1509 2227 ἑαυτῇ
1546 2155 1713 2212 οἶκον
1735 2176 1747 2189 ·
1780 2160 1901 2213 ἀντὶ

316 2250 375 2303 δὲ
413 2250 518 2313 τοῦ,
554 2253 741 2320 Ἦμην
771 2250 905 2319 παρ’
927 2251 1086 2317 αὐτῷ
1108 2251 1464 2321 ἁρμόζουσα,
1493 2251 1573 2317 τὸ,
1608 2254 1689 2305 Οὐ
1717 2252 1899 2306 δύνα-

317 2358 420 2395 ται
486 2346 519 2399 ό
567 2344 695 2408 Υἱὸς
746 2340 940 2395 ποιεῖν
984 2341 1086 2411 ἀφ’
1110 2341 1328 2396 ἑαυτοῦ
1356 2340 1557 2405 οὐδὲν,
1595 2341 1703 2395 ἐὰν
1724 2342 1808 2410 μή
1848 2360 1901 2395 τι

309 2434 523 2500 ,βλέπῃ
556 2434 663 2486 τὸν
704 2435 935 2503 Πατέρα
964 2435 1281 2488 ποιοῦντα·
1330 2434 1368 2487 d
1400 2435 1512 2503 γὰρ
1551 2433 1627 2487 ἂν
1670 2433 1899 2500 ἐκεῖνος

313 2522 486 2591 ποιῇ,
517 2525 705 2579 ταῦτα
733 2526 829 2579 καὶ
849 2529 880 2579 d
908 2528 1035 2592 Υἱὸς
1070 2528 1276 2595 ὁμοίως
1307 2525 1465 2579 ποιεῖ
1486 2542 1500 2557 θ
1529 2526 1603 2589 ὡς
1630 2527 1770 2596 ἔχειν
1803 2527 1899 2597 τὴν

313 2618 413 2671 ἐπὶ
448 2618 712 2688 στόματος
746 2618 840 2671 δύο
877 2620 970 2671 καὶ
998 2619 1164 2690 τριῶν
1208 2618 1534 2690 μαρτύρων²
1576 2622 1656 2682 εἰς
1690 2620 1900 2673 ἀπόδει-

312 2710 401 2775 ξιν
431 2712 529 2781 τῆς
559 2712 676 2763 κατ’
703 2711 892 2763 οὐσίαν
946 2712 1084 2782 πρὸς
1114 2712 1330 2783 Πατέρα
1373 2710 1466 2764 τοῦ
1502 2711 1629 2764 Υἰοῦ
1652 2713 1899 2783 ὁμοιότη-

309 2817 430 2862 τος.
472 2801 529 2853 '0
562 2801 658 2871 μὲν
686 2800 793 2872 γὰρ
823 2800 915 2854 τοῦ
941 2801 1105 2871 σοφοῦ
1127 2802 1225 2873 τὴν
1253 2802 1441 2872 σοφίαν
1469 2802 1592 2855 Υἱόν
1612 2819 1625 2832 ·
1665 2805 1695 2856 6
1724 2803 1779 2855 δὲ
1800 2803 1895 2857 τοῦ

310 2890 453 2942 Θεοῦ
488 2890 577 2945 τὸν
607 2891 778 2958 Λόγον
815 2892 1076 2963 μονογενῆ
1110 2892 1271 2945 Θεόν·
1307 2895 1336 2945 6
1392 2892 1448 2945 δὲ
1480 2892 1575 2946 τοῦ
1623 2892 1758 2945 Θεοῦ
1807 2893 1897 2947 τὸν

312 2982 471 3045 Υἰὸν,
498 2984 681 3036 εἰκόνα
712 2986 897 3054 φησίν.
952 2985 1037 3048 Ὠς
1067 2984 1158 3038 τὸν
1186 2984 1321 3038 Θεοῦ
1343 2984 1533 3052 Λόγον,
1565 2985 1659 3037 καὶ
1685 2985 1780 3056 τὴν
1805 3002 1897 3038 σο-

310 3076 471 3145 φίαν,
499 3077 591 3129 καὶ
620 3079 718 3149 τὴν
759 3078 943 3132 εἰκόνα
974 3078 1157 3148 ὅμοιον
1192 3079 1256 3135 ὲκ
1305 3078 1543 3141 πάντων,
1594 3077 1735 3131 καθὰ
1764 3095 1896 3150 προ-

2004 1884 2126 1940 istis
2157 1902 2302 1949 vero,
2331 1902 2423 1954 per
2449 1903 2549 1948 me,
2578 1886 2715 1951 haec,
2742 1886 2806 1939 ab
2838 1889 3270 1952 wterno;0nmia
3294 1904 3385 1956 per
3408 1890 3579 1959 ipsum

2006 1979 2152 2045 facta
2192 1988 2351 2043 sunt,
2385 1990 2433 2032 et
2476 1980 2590 2032 sine
2621 1980 2734 2047 ipso
2774 1978 2974 2047 factum
3007 1989 3081 2032 est
3124 1980 3288 2043 nihil;
3341 1998 3438 2051 pro
3480 1983 3581 2037 hac

2003 2056 2137 2123 voce
2175 2068 2454 2136 fundavit,
2481 2071 2649 2135 istud,
2680 2072 2816 2140 quod
2858 2072 3059 2139 factum
3093 2082 3189 2125 est.
3220 2072 3286 2125 In
3328 2074 3439 2142 ipso
3473 2076 3580 2129 vita

2001 2171 2135 2215 erat.
2159 2160 2259 2215 Cui
2290 2163 2468 2217 simile
2497 2172 2581 2217 est
2605 2164 2758 2227 illud,
2777 2161 2842 2217 In
2871 2166 2986 2232 ipso
3018 2172 3198 2217 creata
3224 2176 3346 2217 sunt
3373 2168 3575 2220 omnia.

2000 2251 2135 2306 Nam
2171 2253 2256 2307 his
2281 2253 2481 2316 verbis,
2508 2250 2576 2305 Et
2607 2253 2827 2307 Verbum
2858 2268 2983 2307 caro
3018 2254 3221 2322 factum
3253 2268 3351 2319 est,
3383 2256 3471 2309 illa
3496 2272 3579 2310 re-

2002 2344 2271 2413 spondent.
2299 2362 2311 2396 :
2344 2342 2618 2412 Sapientia
2655 2345 2940 2413 wdi/icavit
2981 2346 3083 2399 sibi
3130 2346 3403 2403 domum“.
3449 2347 3579 2402 ltetu

2003 2449 2102 2504 pro
2130 2435 2401 2499 his,Eram
2436 2432 2574 2501 apud
2605 2436 2777 2501 ipsum
2807 2451 3117 2503 componens
3139 2436 3182 2496 ",
3208 2434 3449 2491 Joannes
3476 2437 3579 2491 ista

2009 2526 2251 2597 scripsit,
2281 2525 2404 2579 Non
2431 2536 2599 2595 potest
2626 2525 2801 2581 Filius
2826 2545 2858 2580 a
2883 2529 3049 2596 seipso
3071 2527 3248 2595 facere
3269 2530 3576 2598 quidquam,

2000 2620 2104 2672 nisi
2143 2617 2281 2687 quod
2317 2617 2503 2672 viderit
2544 2617 2763 2672 Patrem
2804 2620 3108 2687 lacientem.
3157 2618 3290 2685 Quae
3318 2620 3458 2673 enim
3492 2620 3531 2673 il
3552 2635 3579 2673 e

1998 2707 2162 2778 facit,
2213 2707 2396 2761 eadem
2450 2716 2499 2761 et
2547 2706 2723 2763 Filius
2773 2710 3021 2763 similiter
3065 2709 3257 2778 facit”.
3306 2708 3578 2767 Habemus

1998 2801 2165 2871 igitur
2208 2816 2273 2855 ex
2324 2814 2421 2855 ore
2452 2800 2687 2856 duorum
2725 2802 2810 2856 vel
2846 2802 3012 2856 trium
3061 2802 3285 2857 testium
3332 2800 3455 2856 Filii
3497 2818 3579 2858 se-

1997 2895 2237 2949 cundum
2280 2902 2532 2947 naturam
2584 2894 2997 2949 similitudinem
3046 2909 3171 2949 cum
3219 2894 3383 2951 Patre
3424 2910 3577 2949 com-

1996 2986 2300 3055 probatam.
2327 2984 2477 3040 Unus
2499 2986 2698 3055 quippe
2730 2986 3054 3056 sapientiam
3085 2987 3350 3056 sapientis
3374 2985 3566 3040 Filium

1998 3075 2291 3145 praedicat;
2342 3077 2481 3130 alter
2528 3076 2622 3131 Dei
2671 3074 2909 3130 Verbum
2959 3077 3302 3146 unigenitum
3361 3078 3577 3143 Deum;

309 3166 555 3237 εἰρηται,
586 3168 679 3221 καὶ
735 3169 853 3222 κατ’
882 3167 1066 3221 οὐσίαν
1099 3168 1224 3221 Υἰὸν
1273 3168 1368 3221 τοῦ
1392 3168 1526 3221 Θεοῦ
1561 3168 1653 3220 καὶ
1685 3167 1895 3238 Πατρδς

2005 3167 2195 3221 tertius
2229 3165 2321 3221 Dei
2360 3165 2557 3221 Filium
2592 3167 2882 3236 imaginem
2918 3166 3167 3222 allirmat.
3213 3169 3365 3224 Adeo
3397 3176 3456 3221 ut
3484 3168 3577 3222 Det

310 3261 428 3322 τοῖς
473 3260 606 3311 πᾶσι
658 3258 1044 3330 κηρύττεσθαι.
1076 3260 1198 3311 Ἔτι
1235 3258 1289 3311 δὲ
1332 3258 1529 3329 μᾶλλον
1568 3258 1643 3321 ὡς
1668 3258 1759 3311 τδν
1789 3258 1899 3311 Θω-

314 3352 427 3419 μᾶν
467 3350 614 3419 ἡμᾶς
636 3353 701 3421 τῇ
738 3350 983 3421 ψηλαφίᾳ
1017 3351 1116 3421 τῆς
1151 3350 1431 3419 ἐνεργείας
1462 3350 1481 3381 ³
1527 3353 1626 3420 τῆς
1656 3349 1773 3403 κατ’
1812 3349 1900 3401 οὐ·

315 3444 443 3495 σίαν
473 3442 788 3513 ὁμοιότητος
815 3445 843 3495 6
880 3441 1014 3495 Θεοῦ
1038 3442 1209 3508 Λόγος
1242 3442 1510 3513 προσάγει
1546 3441 1719 3509 λέγων
1739 3457 1753 3471 ·
1804 3442 1900 3506 Ὡς

312 3539 350 3590 ὀ
378 3535 578 3605 Πατὴρ
620 3537 744 3603 ἔχει
792 3535 945 3603 ζωὴν
993 3536 1063 3588 ἐν
1099 3533 1308 3600 ἑαυτῷ,
1339 3535 1491 3588 οὕτω
1529 3534 1627 3587 καὶ
1658 3532 1738 3599 τῷ
1791 3532 1901 3598 Υἱῷ

311 3628 541 3683 δέδωκε
592 3628 743 3696 ζωὴν
774 3630 940 3697 ἔχειν
971 3628 1041 3681 ἐν
1064 3626 1275 3691 ἐαυτῷ.
1333 3628 1394 3679 Εἰ
1426 3626 1535 3697 γὰρ
1585 3626 1667 3688 τὸ,
1733 3626 1829 3691 Ὠς
1868 3628 1901 3679 ό

313 3721 522 3790 Πατὴρ
550 3723 693 3791 ἔχει,
725 3723 822 3793 οὐχ
874 3722 950 3785 ὼς
979 3722 1036 3775 ὲν
1064 3720 1208 3791 ἄλλῳ
1241 3723 1479 3773 νοεῖται·
1522 3720 1584 3772 οὐ
1620 3720 1730 3791 γὰρ
1774 3720 1902 3772 ἄλλο

317 3815 425 3885 μέν
456 3815 603 3867 ἐστιν
627 3817 655 3868 6
684 3815 893 3885 Πατὴρ,
933 3813 1061 3867 ἄλλο
1084 3814 1141 3866 δὲ
1170 3815 1203 3884 ἡ
1232 3812 1396 3883 ζωὴὴ
1439 3814 1496 3865 ὲν
1524 3811 1692 3883 αὐτῷ,
1723 3812 1808 3865 ἵνα
1838 3811 1900 3864 τὸ

317 3906 422 3976 μὲν
461 3905 603 3975 ἕχον,
629 3906 690 3958 τὺ
709 3906 766 3959 δὲ
798 3906 1052 3976 ἐχόμενον
1078 3905 1265 3975 νοῆται
1291 3921 1305 3934 ο
1335 3904 1449 3958 ἀλλ’
1476 3904 1635 3968 αὐτὸς
1671 3904 1899 3958 ἀσυνθέ-

310 4012 427 4060 τως
453 3998 568 4051 ἐστὶ
599 3997 711 4068 ζωὴ
737 3999 765 4049 6
793 3997 1003 4069 Πατὴρ,
1058 3998 1152 4049 καὶ
1178 3995 1253 4059 ώς
1275 3986 1386 4065 ἔχει
1414 3995 1594 4058 αὐτὸς.
1634 3994 1776 4047 οὕτω
1808 3994 1900 4047 δέ·

313 4096 459 4149 δωκε
499 4092 592 4146 καὶ
611 4090 690 4161 τῷ
722 4089 856 4160 Υἱῷ,
890 4088 1133 4160 δηλονότι
1161 4074 1469 4150 ἀσυνθέτως
1510 4086 1587 4149 ὼς
1620 4088 1648 4140 6
1677 4087 1898 4157 Πατήρ·

316 4184 575 4256 φανερὸν,
611 4183 691 4235 ὃτι
726 4181 898 4244 οὕτως
931 4179 1089 4249 ἔχων,
1126 4178 1249 4231 ἐπεὶ
1292 4176 1366 4249 μὴ
1415 4177 1725 4247 ἀγεννήτως
1765 4175 1897 4247 ἔχει,

323 4277 459 4349 μηδὲ
492 4274 758 4336 συνθέτως
788 4273 922 4343 ἕχει,
960 4271 1161 4342 ὁμοίως
1207 4268 1383 4323 πάντα
1408 4271 1527 4321 κατ’
1554 4268 1763 4333 οὐσίαν,
1806 4268 1901 4321 καὶ

318 4368 650 4430 ἀσυνθέτως,
680 4366 755 4429 ὡς
784 4366 812 4417 6
865 4365 1051 4435 Πατήρ
1074 4379 1089 4394 ο
1142 4361 1299 4433 δήλου
1328 4360 1499 4425 ὄντος,
1526 4360 1607 4413 ὅτι
1639 4359 1700 4412 τὸ
1718 4360 1901 4428 ὅμοιον

315 4462 575 4515 οὐδέποτε
600 4457 793 4512 ταυτὸν
826 4454 962 4510 εἶναι
995 4455 1216 4508 δύναται
1241 4447 1301 4507 οῦ
1330 4454 1477 4505 ἐστιν
1507 4453 1710 4523 ὅμοιον,
1730 4452 1751 4483 ⁸
1767 4452 1901 4505 ἀπό-

2016 3258 2269 3323 Verbum,
2298 3267 2346 3313 et
2380 3260 2673 3327 sapientia,
2723 3267 2777 3313 et
2826 3260 2999 3327 imago
3031 3274 3197 3312 unum
3234 3274 3479 3328 prorsus,
3521 3267 3575 3312 ut

2000 3358 2159 3405 antea
2200 3350 2408 3404 dictum
2440 3360 2547 3415 est,
2592 3351 2845 3420 idemque
2874 3350 3222 3418 signiﬁcent;
3254 3364 3317 3404 ac
3350 3348 3442 3404 Dei
3476 3349 3549 3403 Pa

2000 3445 2212 3514 trisque
2242 3443 2545 3499 secundum
2583 3444 2880 3499 essentiam
2914 3441 3085 3496 Filius
3119 3442 3486 3497 communiter
3509 3442 3577 3496 ab

2000 3537 2255 3591 omnibus
2289 3544 2653 3591 asseveretur.
2701 3536 2901 3590 Praeter
2940 3536 3054 3590 haec
3100 3549 3232 3589 vero
3272 3534 3438 3588 divini
3479 3550 3576 3590 nos

2001 3632 2272 3686 sermonis
2306 3632 2610 3685 auctoritas
2644 3630 2711 3684 ad
2752 3630 2900 3685 illam
2940 3628 3193 3685 essentia:
3225 3628 3369 3682 velut
3404 3628 3581 3681 mani~

2001 3724 2105 3778 bus
2135 3720 2583 3777 contrectandam
2631 3720 3043 3776 similitudinem
3066 3759 3079 3783 ,
3109 3717 3334 3774 Thomas
3381 3719 3577 3779 instar,

2002 3814 2245 3879 adducit,
2278 3829 2401 3867 cum
2435 3814 2508 3866 ita
2538 3804 2781 3883 loquitur
2808 3831 2820 3866 :
2854 3809 3003 3866 Sicut
3036 3809 3203 3864 Pater
3236 3808 3389 3863 habet
3420 3811 3579 3863 vitam

2001 3905 2055 3958 in
2094 3920 2285 3973 sctpso,
2312 3905 2387 3957 ita
2416 3914 2465 3957 et
2490 3902 2633 3956 Filio
2661 3902 2806 3955 dedit
2835 3901 3000 3955 vitam
3031 3900 3221 3954 habere
3256 3900 3309 3952 in
3338 3900 3513 3967 seipse
3533 3902 3575 3952 ’.

2001 3996 2213 4051 Etenim
2245 3998 2291 4052 si
2339 3996 2454 4051 hzec
2478 3995 2666 4058 verba,
2690 3990 2836 4049 Sicut
2871 3992 3031 4045 Pater
3082 3991 3235 4044 habet
3264 4032 3277 4051 .
3317 3990 3398 4044 sic
3430 3990 3578 4044 acci-

2001 4092 2247 4161 piuntur,
2295 4096 2353 4141 ut
2405 4102 2513 4141 non
2551 4086 2617 4140 ad
2663 4087 2810 4140 aliud
2850 4085 3111 4157 quiddam
3146 4085 3475 4147 referantur,
3517 4099 3579 4138 ac

2001 4183 2300 4237 diversum.
2334 4178 2522 4249 Neque
2560 4179 2706 4231 enim
2743 4178 2889 4232 aliud
2926 4185 3010 4232 est
3036 4176 3220 4241 Pater,
3260 4175 3407 4229 aliud
3441 4176 3578 4237 vita,

1999 4286 2122 4343 quae
2154 4282 2237 4326 est
2264 4270 2318 4324 in
2351 4270 2488 4339 ipso,
2525 4268 2682 4338 quasi
2708 4268 2856 4323 aliud
2898 4268 2971 4322 sit
2996 4266 3141 4337 quod
3173 4266 3400 4329 habeat,
3431 4266 3578 4319 aliud

2000 4364 2147 4435 quod
2198 4362 2388 4418 haberi
2429 4362 2667 4423 dicatur,
2714 4360 2809 4415 sed
2842 4361 2958 4430 ipse
2998 4360 3118 4414 sine
3166 4359 3274 4412 ulla
3308 4357 3580 4427 composi«

2004 4455 2152 4509 tione
2178 4453 2289 4507 vita
2316 4460 2402 4508 est
2436 4451 2630 4506 Pater:
2664 4466 2830 4521 porro
2860 4452 3005 4507 sicut
3053 4450 3214 4506 habet
3245 4451 3381 4520 ipse,
3412 4451 3492 4505 sic
3528 4458 3579 4505 et

314 4555 482 4620 δειξιν
532 4553 648 4616 τοῦ,
686 4554 742 4605 ὲν
771 4548 1077 4621 ὁμοιώματι
1126 4545 1427 4619 ἀνθρώπων
1472 4516 1762 4615 γενόμενον
1808 4545 1899 4599 τὸν

2005 4542 2145 4597 Filio
2197 4543 2429 4607 dederit,
2464 4516 2722 4597 nimirum
2756 4543 2894 4597 citra
2926 4543 3402 4614 compositionem,
3434 4552 3492 4597 ut
3526 4552 3580 4598 ct

318 4649 450 4701 Υἱὸν
502 4644 597 4699 τοῦ
647 4642 802 4708 Θεοῦ,
839 4640 1124 4713 ἄνθρωπον
1170 4640 1269 4709 μὲν
1314 4638 1590 4709 γενέσθαι,
1658 4636 1732 4707 μὴ
1759 4636 1902 4690 κατὰ

318 4741 502 4795 πάντα
556 4737 614 4792 δὲ
636 4735 831 4790 ταυτὸν
860 4733 1108 4803 γενέσθαι
1142 4731 1414 4804 ἀνθρώπῳ
1432 4747 1446 4762 ο
1477 4730 1570 4783 καὶ
1593 4728 1900 4800 ὁμοιώματι

318 4828 523 4902 σαρκὸς
574 4826 847 4898 ἁμαρτίας
914 4823 1224 4893 γενόμενον,
1285 4819 1537 4890 γενέσθαι
1566 4819 1664 4891 μὲν
1710 4820 1901 4881 ἐντοῖς

317 4922 519 4977 πάθεσι
574 4922 687 4983 τοῖς
717 4917 910 4979 αἰτίοις
966 4916 1065 4987 τῆς
1088 4915 1147 4967 ὲν
1204 4913 1366 4984 σαρκὶ
1424 4910 1719 4983 ἁμαρτίας,
1778 4909 1900 4962 πεί-

316 5033 418 5087 νης
470 5013 668 5085 φαμὲν,
731 5011 825 5065 καὶ
874 5007 1054 5077 δίψης,
1106 5005 1196 5058 καὶ
1250 5003 1358 5057 τῶν
1407 5002 1629 5066 λοιπῶν,
1680 5000 1755 5072 μὴ
1805 5018 1898 5069 γε-

317 5106 507 5159 νέσθαι
577 5103 634 5155 δὲ
700 5103 758 5154 ὲν
818 5099 1107 5168 ταυτότητι
1164 5097 1263 5165 τῆς
1328 5094 1528 5165 σαρκὸς
1600 5092 1893 5163 ἁμαρτίας.

320 5199 487 5250 Ὥστε
514 5195 608 5248 καὶ
635 5193 743 5247 ἀπὸ
773 5191 880 5244 τῶν
928 5188 1294 5243 ἀποστολικῶν
1328 5184 1642 5257 μαρτυριῶν
1681 5184 1775 5237 καὶ
1800 5184 1898 5255 τὴν

316 5291 441 5344 κατ’
467 5285 654 5339 οὐσίαν
682 5284 976 5355 ὁμοιότητα
1006 5279 1097 5334 τοῦ
1132 5278 1261 5331 Υἰοῦ
1295 5278 1429 5349 πρὸς
1453 5276 1676 5347 Πατέρα
1704 5275 1903 5347 κηρύτ-

314 5378 527 5435 τεσθαι.

2002 4637 2183 4691 Pater.
2217 4636 2564 4691 Manifestum
2598 4644 2705 4699 est,
2729 4652 2853 4691 cum
2889 4637 2963 4690 ita
2989 4637 3134 4690 illam
3168 4636 3363 4692 habeat
3385 4635 3578 4700 Filius,

2004 4745 2103 4784 nec
2139 4737 2398 4799 tanquam
2432 4729 2708 4799 ingenitus
2750 4728 2947 4783 habeat
2973 4768 2988 4792 ,
3017 4727 3262 4784 eamdem
3304 4730 3579 4800 composi-

2005 4821 2169 4876 tionis
2202 4820 2366 4874 modo
2400 4834 2505 4874 non
2539 4820 2772 4887 habere;
2804 4836 2869 4876 ac
2914 4819 3189 4875 simillime
3221 4820 3275 4874 in
3301 4821 3577 4883 omnibus,

2000 4911 2165 4993 85‘5
2189 4912 2334 4982 quod
2378 4911 2444 4965 ad
2473 4912 2769 4966 essentiam
2793 4911 3011 4975 attinet,
3038 4926 3102 4966 ac
3130 4910 3310 4973 Pater.
3334 4912 3581 4981 citraque

2003 5002 2477 5073 compositionem.
2527 5001 2637 5056 Nec
2677 5002 2824 5058 enim
2864 5010 2947 5057 est
2979 5003 3310 5065 obscurum,
3346 5002 3397 5055 id
3432 5003 3578 5071 quod

2003 5096 2181 5151 simile
2211 5102 2316 5157 est,
2334 5093 2490 5153 idem
2544 5096 2765 5165 penitus
2799 5111 2924 5150 cum
2964 5111 3050 5161 eo,
3084 5096 3244 5165 cujus
3270 5096 3447 5149 simile
3473 5101 3580 5158 est,

2004 5200 2129 5241 esse
2155 5201 2263 5239 non
2293 5198 2473 5254 posse.
2501 5184 2673 5254 Cujus
2698 5185 2773 5240 rei
2800 5194 3121 5255 argumento
3150 5185 3242 5248 sit,
3267 5183 3410 5252 quod
3438 5183 3582 5237 idem

2007 5278 2099 5333 ille
2123 5276 2301 5332 factus
2329 5279 2393 5331 ad
2425 5276 2707 5331 hominum
2735 5275 3154 5332 similitudinem
3185 5272 3279 5327 Dei
3307 5271 3582 5335 Filius,li-

2007 5379 2092 5425 cet
2120 5370 2282 5425 homo
2311 5371 2495 5431 fuerit,
2524 5386 2634 5424 non
2676 5378 2857 5423 tamen
2889 5367 3030 5422 idem
3062 5381 3186 5421 cum
3228 5365 3448 5419 homine
3487 5380 3582 5434 pc~

316 5476 474 5529 nitus
503 5470 683 5526 fuerit.
711 5468 785 5521 Ac
814 5463 1029 5519 tametsi
1063 5468 1314 5531 suscepta
1347 5459 1532 5516 carnis
1565 5456 1774 5529 peccati
1809 5458 2167 5516 similitudine
2198 5460 2239 5491 ⁸ο
2303 5460 2660 5531 passionibus
2717 5457 2848 5525 illis,
2883 5472 2912 5510 a
2974 5455 3176 5526 quibus
3210 5454 3394 5509 carnis
3452 5470 3582 5523 pec-

386 5667 403 5698 ¹
440 5672 501 5730 ιτ.
530 5677 733 5746 ἥμην-η
775 5674 793 5703 ²
824 5669 892 5746 F-
913 5666 1254 5746 μαρτυρίαγς.
1321 5664 1501 5746 ’.βεττκ
1524 5662 1833 5746 impraes-

1911 5660 1933 5692 ⁸
1977 5659 2136 5716 Deest
2167 5662 2246 5726 εἰς
2277 5663 2443 5723 ἀπόδ.

2512 5658 2723 5716 'Joan.
2775 5670 2815 5725 ι,
2873 5657 2893 5711 1
2956 5670 3077 5723 sqq.
3154 5652 3361 5711 “Prov.
3394 5669 3470 5722 ix.
3525 5654 3580 5712 i.

320 5745 520 5801 'va.
547 5732 666 5809 ίὶιιί,
705 5744 797 5797 5U.
874 5732 1077 5795 'Juau.
1105 5732 1159 5806 v,
1193 5737 1259 5792 19
1354 5736 1375 5767 ⁹
1395 5732 1635 5789 ibid.‘26.
1714 5734 1756 5765 “’
1785 5733 1921 5788 ltom
1971 5747 2087 5799 \‘lll,
2110 5732 2145 5789 5
