3990 6228
393 273 498 333 419
1119 293 1121 295 ί
1784 260 1840 316 S.
1884 257 1988 312 EPI

2093 255 2226 311 AN"
3555 244 3678 306 420

393 412 577 458 catum
621 395 1013 468 proficiscitur,
1078 390 1340 447 anoxius
1390 393 1538 442 esset
1584 404 1598 437 :
1654 381 1964 454 cujusmodi
2008 388 2136 436 sunt
2165 378 2354 443 fames,
2387 391 2449 430 ac
2482 374 2623 437 sitis,
2667 381 2987 468 casterscque
3016 369 3068 423 id
3101 381 3275 467 genus
3311 386 3324 421 :
3368 363 3516 464 idem
3543 371 3660 468 "ta.-

395 450 728 558 ἶιῖιξῖξρῖιοῖι
776 450 844 539 ad
887 450 1074 538 carnis
1104 489 1392 552 peccatum
1437 450 1840 546 pcrtinct,hon
1882 471 2003 525 fuit.
2043 467 2414 533 Quamobrem
2465 478 2531 519 cx
2579 461 2902 532 apostolicis
2961 460 3096 515 iisce
3144 455 3486 513 testimoniis
3543 450 3669 505 Filii

396 584 692 643 secundum
738 578 1033 634 essentiam
1077 590 1202 630 cum
1256 571 1420 625 Patre
1473 566 1776 625 similitudo
1815 562 2120 632 colligitur.

468 672 557 727 lx.
619 671 690 725 Ut
736 670 881 723 enim
935 666 1216 720 hominum
1273 661 1364 716 ille
1409 660 1610 715 similis
1660 657 1878 716 factus,
1912 660 1968 707 et

2138 647 2214 700 Θ¹.
2258 647 2346 708 Ὠς
2370 653 2480 714 γὰρ
2531 644 2590 696 ὲν
2630 642 2935 712 ὁμοιώματι
2992 637 3298 712 ἀνθρώπων
3348 633 3664 705 γενόμενος,

396 765 558 817 homo
583 770 716 822 erat,
749 771 802 814 et
833 772 940 812 non
972 758 1026 810 in
1055 753 1314 809 omnibus
1339 760 1458 806 erat
1489 765 1506 801 :
1538 750 1704 803 homo
1729 745 1970 817 quidem,

395 866 665 925 quatenus
694 865 917 905 cat-nem
975 847 1218 915 suscepit
1249 843 1510 904 hominis,
1543 839 1802 910 quoniam
1843 835 1973 889 Ver-

396 948 517 1000 bum
544 961 672 998 caro
702 943 904 1013 factum
938 949 1015 994 est
1037 939 1077 992 ¹.
1109 936 1252 990 Idem
1283 941 1462 989 autem
1500 932 1662 985 homo
1691 944 1799 984 non
1835 933 1974 989 erat,

397 1045 666 1107 quatenus
696 1041 1018 1088 caeterorum
1069 1044 1221 1084 more
1272 1035 1436 1082 natus
1490 1040 1598 1080 non
1632 1022 1836 1084 fuerat,
1874 1019 1979 1073 hoc

401 1137 488 1183 est
517 1141 548 1181 ε
575 1125 716 1179 virili
752 1133 874 1180 satu
897 1163 910 1187 ,
944 1131 998 1178 et
1027 1122 1316 1190 utriusque
1369 1115 1758 1188 conjunctione
1789 1124 1975 1165 sexus.

401 1219 471 1271 Ita
503 1214 676 1270 Filius
697 1255 710 1279 ,
761 1215 851 1284 qui
888 1212 1084 1267 smcula
1124 1211 1419 1265 antecessit
1448 1206 1652 1270 omnia,
1700 1203 1841 1258 Deus
1871 1209 1977 1266 est,

399 1317 669 1380 quatenus
702 1307 795 1359 Dei
828 1304 1035 1370 Filius;
1066 1300 1294 1374 perinde
1327 1308 1491 1369 atque
1521 1297 1684 1350 homo
1710 1304 1816 1360 est,
1840 1308 1980 1363 qua-

401 1413 559 1454 tenus
606 1397 843 1451 hominis
886 1393 1090 1459 Filius;
1129 1392 1220 1447 sed
1269 1405 1380 1446 non
1439 1389 1580 1442 idem
1626 1392 1710 1441 est
1755 1384 1984 1439 omnino

401 1505 526 1544 cum
559 1488 668 1542 Deo
699 1487 878 1552 Patre,
903 1501 932 1539 a
971 1498 1082 1555 quo
1110 1482 1328 1552 genitus
1359 1464 1484 1536 est‘:
1521 1474 1980 1548 quemadmodum

401 1597 510 1636 non
549 1581 685 1635 idem
715 1587 800 1634 est
829 1592 956 1632 cum
982 1575 1221 1636 homine,
1242 1578 1515 1643 quatenus
1541 1569 1661 1625 sine
1689 1566 1833 1620 virili
1859 1573 1984 1620 satu

407 1681 514 1730 est,
555 1685 620 1724 ac
649 1670 926 1738 voluptate
979 1673 1332 1736 propagatus.
1368 1660 1512 1716 idem
1562 1658 1745 1714 carnis
1775 1654 1985 1727 peccati

404 1761 817 1817 similitudinem
867 1757 1057 1812 habuit
1083 1758 1142 1821 ';
1177 1753 1618 1825 quandoqn-idem
1651 1752 1869 1813 famem,
1905 1749 1984 1804 si-

401 1863 498 1918 tim
571 1868 636 1908 ac
675 1865 926 1908 somnum
965 1851 1019 1904 in
1053 1863 1221 1904 carne
1253 1847 1550 1902 toleravit:
1609 1845 1811 1916 quibus
1857 1840 1988 1897 εσθ-

409 1943 683 1997 ‹-ιὶοηὶι›υε
715 1943 780 1996 ad
815 1940 1151 2011 peccandum
1199 1953 1433 2009 corpora
1470 1938 1841 1992 concitantur.
1883 1932 1984 1988 Ve-

413 2048 531 2086 runt
581 2032 708 2085 licet
757 2030 943 2086 carnis
977 2029 1296 2085 affectiones
1336 2025 1609 2098 ejusmodi
1664 2025 1981 2089 sustineret,

409 2124 629 2183 minime
669 2132 850 2175 tamen
885 2122 954 2176 ah
1008 2122 1074 2176 iis
1102 2121 1172 2174 ad
1209 2119 1541 2190 peccandum
1572 2117 1842 2187 impulsus
1878 2125 1983 2172 est.

410 2213 611 2268 Eodem
646 2213 809 2267 modo
857 2209 1032 2266 Filius
1063 2226 1092 2265 a
1121 2210 1283 2266 Patre
1311 2210 1550 2281 genitus,
1585 2224 1650 2265 ac
1684 2208 1778 2264 Dei
1813 2207 1986 2264 forma

409 2304 671 2375 praeditus
694 2345 708 2371 ,
738 2304 1075 2375 aequalisque
1102 2303 1234 2372 Deo,
1278 2302 1582 2360 divinitatis
1624 2303 1990 2375 proprietates

411 2397 621 2462 habuit,
649 2405 836 2466 utpote
855 2396 1104 2466 corporis
1127 2396 1428 2451 secundum
1452 2397 1748 2452 essentiam
1771 2411 1988 2466 expers,

410 2505 474 2544 ac
501 2488 972 2559 Patrirdivinitate
1019 2490 1167 2559 ipsa,
1201 2500 1255 2545 et
1285 2491 1608 2561 incorporea
1652 2472 1988 2553 conditione,

411 2589 468 2635 et
513 2581 727 2636 actione
756 2580 952 2636 similis
985 2598 1000 2635 :
1034 2579 1260 2650 perinde
1295 2595 1359 2634 ac
1400 2580 1596 2634 similis
1627 2586 1748 2634 erat
1775 2580 1988 2647 carnis,

413 2679 683 2742 quatenus
714 2685 845 2726 caro
878 2670 1007 2729 fuit.
1059 2679 1114 2726 et
1147 2671 1334 2727 carnis
1378 2672 1664 2742 passiones
1705 2672 1990 2740 suscepit;

417 2777 523 2817 non
558 2772 739 2818 tamen
784 2764 926 2817 idem
977 2771 1064 2821 est
1102 2764 1362 2830 omnino,
1396 2763 1656 2834 quoniam
1706 2778 1813 2833 qua
1849 2763 1992 2820 Deus

413 2867 523 2924 est,
547 2871 654 2910 non
687 2855 862 2910 forma
897 2855 990 2912 Dei
1022 2865 1127 2924 est,
1157 2855 1252 2912 sed
1277 2855 1420 2912 Deus
1445 2874 1459 2923 ;
1490 2873 1590 2913 nee
1613 2860 1837 2930 aequalis
1861 2859 1991 2926 Deo,

415 2948 512 3002 scd
553 2945 727 3012 Deus;
759 2961 936 3017 neque
968 2947 1284 3017 principalis
1314 2955 1374 3002 ut
1409 2945 1590 3003 Pater.
1628 2948 1995 3016 Quemadmo-

413 3037 543 3093 dum
571 3038 717 3109 quod
755 3038 820 3094 ad
863 3039 1284 3111 propensionem
1335 3040 1390 3096 in
1426 3048 1705 3112 peceatum
1737 3035 1992 3114 pertinet,

415 3127 580 3182 homo
625 3143 736 3184 non
786 3137 909 3194 est,
950 3128 1046 3184 sed
1081 3131 1299 3185 actione
1340 3131 1546 3186 homini
1597 3133 1816 3189 similis.
1862 3133 1995 3200 Qua:

413 3222 554 3276 enim
599 3221 730 3290 facit
770 3220 953 3287 Pater,
988 3222 1171 3278 eadem
1214 3224 1344 3293 facit
1371 3234 1421 3280 et
1457 3224 1635 3280 Filius
1654 3225 1697 3281 ³.
1735 3225 1874 3298 Ergo
1906 3227 1995 3282 hic

2079 739 2172 794 καὶ
2219 738 2507 810 ἄνθρωπος
2561 731 2651 806 ἢν,
2705 734 2800 787 καὶ
2847 735 2909 788 οὐ
2940 731 3082 786 κατὰ
3136 731 3314 784 πάντα
3341 726 3667 798 ἄνθρωπος·

2077 830 2362 901 ἄνθρωπος
2389 830 2486 899 μὲν
2518 827 2596 898 τῷ
2630 827 2722 879 καὶ
2765 825 2946 896 σάρκα
2976 822 3260 878 ἀναλαϐεῖν
3291 821 3667 892 ἀνθρωπίνην,

2078 923 2268 993 ἐπειδὴ
2307 924 2338 975 ό
2367 922 2558 989 Λόγος
2611 917 2771 991 σὰρξ
2816 917 3052 986 ἐγένετο
3075 931 3090 947 ο
3124 915 3225 967 οὐκ
3260 912 3551 983 ἄνθρωπος
3609 910 3669 962 δὲ

2077 1011 2167 1086 ἦν,
2197 1015 2320 1067 ἐπεὶ
2345 1014 2442 1083 οὐχ
2472 1011 2672 1082 ὁμοίως
2701 1009 3006 1079 ἀνθρώποις
3043 1005 3306 1077 ἐγεννήθη
3327 1021 3339 1035 ·
3367 1003 3430 1058 οὗ
3468 1004 3579 1074 γὰρ
3604 1004 3669 1054 ὲκ

2081 1105 2289 1175 σπορᾶς
2335 1103 2430 1156 καὶ
2481 1099 2860 1170 συνδυασμοῦ·
2912 1097 3054 1152 οὕτω
3107 1097 3202 1150 καὶ
3249 1099 3277 1150 ὁ
3307 1097 3416 1167 πρὸ
3457 1095 3671 1148 αίώνων

2081 1195 2208 1258 Υἱὸς
2240 1194 2370 1256 Θεὸς
2405 1193 2526 1264 μὲν,
2566 1191 2704 1245 καθὸ
2733 1189 2862 1252 Υἱὸς
2900 1187 3058 1251 Θεοῦ,
3090 1187 3166 1250 ὡς
3197 1187 3503 1258 ἄνθρωπος,
3536 1185 3670 1239 καθὸ

2081 1287 2210 1351 Υἱὸς
2247 1285 2535 1357 ἀνθρώπω
2561 1301 2574 1313 ·
2603 1285 2664 1337 οὺ
2694 1284 2888 1338 ταυτὸν
2915 1284 2974 1338 δὲ
3012 1283 3091 1354 τῷ
3118 1281 3238 1353 Θεῷ
3263 1281 3358 1334 καὶ
3385 1281 3566 1351 Πατρὶ
3592 1280 3672 1350 τῷ

2081 1383 2422 1453 γεννήσαντι,
2461 1379 2536 1444 ὡς
2591 1381 2652 1433 οὐ
2680 1379 2876 1434 ταυτὸν
2903 1378 2981 1449 τῷ
3027 1378 3321 1451 ἀνθρώπῳ,
3359 1376 3496 1430 καθὸ
3543 1377 3670 1430 ἄνευ

2083 1473 2386 1545 ἀπορροίας
2412 1471 2507 1526 καὶ
2550 1471 2780 1536 πάθους,
2842 1471 2977 1526 καθὸ
3012 1472 3140 1526 ἄνευ
3185 1470 3395 1541 σπορᾶς
3424 1467 3521 1522 καὶ
3555 1467 3672 1538 ἠδο-

2083 1567 2199 1636 νῆς.
2238 1565 2348 1618 Καὶ
2371 1565 2430 1617 ὲν
2455 1562 2762 1634 ὁμοιώματι
2802 1563 3004 1635 σαρκὸς
3043 1561 3350 1634 ἁμαρτίας·
3383 1561 3521 1614 καθὸ
3553 1562 3670 1613 πεῖ-

2083 1657 2184 1712 νάν
2212 1674 2271 1712 τε
2303 1656 2399 1710 καὶ
2425 1655 2609 1726 δίψαν,
2643 1657 2739 1710 καὶ
2773 1655 2938 1709 ’ύπνον
2965 1657 3024 1710 ὲν
3043 1657 3108 1727 τῇ
3146 1655 3309 1727 σαρκὶ
3342 1653 3668 1724 ὑπέμεινεν

2086 1749 2145 1814 ἐξ
2183 1743 2258 1804 ὧν
2297 1747 2487 1802 παθῶν
2545 1747 2981 1820 ἀμαρτητικῶν⁸
3039 1749 3270 1801 κινεῖται
3303 1745 3373 1800 τὰ
3421 1743 3671 1816 σώματα.

2098 1841 2416 1912 ’Υπομένων
2440 1842 2498 1896 δὲ
2545 1841 2615 1896 τὰ
2653 1841 2852 1914 σαρκὸς
2879 1840 3257 1913 προειρημένα
3289 1838 3457 1906 πάθη,
3484 1839 3586 1891 οὐκ
3614 1836 3674 1901 ἐξ

2088 1933 2266 1988 αὐτῶν
2294 1933 2687 2005 ἁμαρτητικῶς
2712 1935 2963 1988 ἐκινεῖτο.
3000 1932 3157 1986 Οὕτω
3199 1933 3292 1986 καί
3320 1931 3447 1995 Υἱὸς
3479 1929 3554 1984 ὣν
3581 1931 3673 1983 τοῦ

2086 2029 2221 2084 Θεοῦ
2255 2030 2350 2084 καὶ
2398 2031 2455 2084 ὲν
2489 2031 2669 2102 μορφῇ
2701 2030 2965 2101 ὑπάρχων
2995 2028 3153 2094 Θεοῦ,
3187 2030 3281 2083 καὶ
3313 2028 3403 2082 ῐσα
3433 2028 3507 2080 ὢν
3558 2025 3676 2096 Θεῴ

2086 2123 2156 2176 τὰ
2190 2124 2288 2194 μὲν
2349 2121 2616 2193 ἰδιώματα
2672 2117 2785 2193 εἶχε
2841 2123 2938 2193 τῆς
2991 2121 3266 2194 θεότητος,
3333 2123 3455 2174 κατ’
3488 2120 3678 2173 οὐσίαν

2087 2213 2378 2285 ἀσώματος
2403 2213 2500 2281 ὢν,
2536 2214 2632 2268 καὶ
2669 2215 2854 2286 ὅμοιος
2890 2213 2969 2286 τῷ
2995 2214 3174 2286 Πατρὶ
3227 2213 3373 2266 κατὰ
3407 2213 3506 2284 τὴν
3562 2211 3679 2265 θεό-

2063 2323 2227 2378 .τητα
2264 2308 2359 2361 καὶ
2385 2307 2804 2379 ἀσωματότητα,
2855 2307 3078 2372 καὶτὰς
3127 2307 3428 2379 ἐνεργείας,
3488 2305 3678 2375 ὥσπερ

2088 2397 2290 2467 ὁμοίως
2342 2399 2405 2468 τῇ
2462 2398 2626 2470 σαρκὶ
2656 2397 2735 2468 τῷ
2775 2397 2911 2469 σὰρξ
2942 2393 3104 2461 εἶναι,
3159 2399 3254 2451 καὶ
3292 2395 3438 2468 πάθη
3474 2396 3678 2468 σαρκὸς

2091 2489 2382 2560 ὑπομένειν
2401 2509 2416 2521 ·
2445 2490 2520 2562 μὴ
2555 2490 2738 2561 μέντοι
2769 2494 2861 2544 τὸν
2886 2491 3051 2553 αὑτὸν
3083 2487 3242 2555 εἶναι,
3267 2489 3404 2544 καθὸ
3425 2489 3560 2553 Θεὸς
3581 2488 3681 2555 ὢν,

2091 2578 2214 2633 οὔτε
2248 2581 2427 2650 μορφή
2465 2580 2580 2633 ἐστι
2627 2580 2722 2633 τοῦ
2757 2580 2914 2646 Θεοῦ,
2965 2581 3101 2634 ἀλλὰ
3155 2579 3290 2633 Θεοῦ
3316 2581 3338 2612 ³
3361 2595 3375 2610 ’
3413 2580 3538 2636 οὕτε
3590 2578 3680 2633 [ea

2093 2670 2210 2722 ἐστὶ
2239 2669 2318 2738 τῷ
2338 2667 2477 2740 Θεῷ,
2515 2668 2651 2723 ἀλλὰ
2689 2669 2842 2741 Θεῷ·
2896 2666 3372 2731 οὓτεᾟὺθεντικῶς
3403 2666 3483 2730 ὡς
3509 2667 3539 2718 ὁ
3566 2667 3679 2720 Πα-

2092 2763 2216 2832 τήρ.
2249 2761 2460 2832 Ὥσπερ
2491 2760 2600 2834 γὰρ
2638 2761 2736 2831 οὐχ
2798 2760 3189 2833 ἀμαρτητικῶς
3229 2759 3534 2832 ἅνθρωπος,
3566 2758 3684 2810 ἀλλ’

2093 2853 2293 2923 ὁμοίως
2321 2853 2570 2925 ἐνεργείᾳ
2601 2852 2677 2917 ὡς
2709 2853 3014 2924 ἄνθρωπος.
3048 2853 3226 2921 Ἀπερ
3278 2851 3388 2922 γὰρ
3415 2851 3492 2905 ἂν
3513 2853 3545 2904 ό
3565 2853 3680 2903 Πα-

2095 2944 2204 3014 τὴρ
2228 2943 2392 3014 ποιῇ,
2423 2945 2610 3001 ταῦτα
2635 2944 2733 2999 καί
2773 2947 2806 2998 ό
2843 2944 2977 3012 Υἱὸς
3006 2946 3220 3015 ὁμοίως
3256 2942 3430 2998 ποιεῖ.
3469 2943 3680 3012 Ὥσπερ

2095 3035 2189 3093 οὖν
2225 3038 2459 3093 ἐνταῦθα
2513 3039 2611 3109 οὐχ
2634 3037 3046 3109 ἁμαρτητικῶς,
3081 3035 3199 3090 ἀλλ’
3231 3035 3456 3106 ὁμοίως,
3485 3036 3598 3098 τοῖς
3623 3033 3680 3088 ὲν

2098 3132 2261 3204 σαρκὶ
2286 3133 2516 3186 ἐκινεῖτο
2535 3147 2548 3160 ·
2578 3131 2690 3186 τῶν
2744 3130 2855 3202 γὰρ
2882 3129 3096 3183 ἀτόπων
3121 3128 3267 3182 ἐστὶν
3306 3127 3415 3182 ἀπὸ
3455 3125 3556 3198 μὲν
3584 3126 3677 3180 τοῦ

2097 3226 2239 3281 κατὰ
2269 3225 2430 3296 φύσιν
2453 3225 2629 3279 ἐλθεῖν
2659 3225 2820 3278 αὑτὸν
2847 3223 2926 3286 είς
2951 3222 3012 3276 τὸ
3031 3221 3180 3293 παρὰ
3201 3222 3383 3291 φύσιν,
3408 3220 3680 3274 τουτέστιν

417 3314 862 3384 absquepeccati
895 3315 1151 3371 illecebra
1181 3317 1434 3387 similiter
1454 3326 1618 3388 atque
1649 3319 1684 3373 ii
1711 3320 1805 3389 qui
1829 3333 1988 3374 carne

2097 3318 2205 3373 ἀπὸ
2234 3317 2370 3371 Θεοῦ
2419 3317 2714 3388 γενόμενον
2749 3315 2876 3371 Υίὸν
2927 3313 3238 3387 ἀνθρώπου,
3291 3314 3476 3385 ὅμοιον
3535 3313 3684 3381 γενέ⁴

418 3401 628 3472 praaditi
655 3413 802 3467 sunt,
828 3404 1183 3461 incitabatur.
1214 3405 1527 3460 Ahsurdum
1553 3414 1637 3461 est
1670 3408 1814 3461 enim
1837 3407 1992 3461 illum

419 3494 490 3550 ab
519 3495 753 3550 naturali
781 3502 930 3551 statu
960 3496 1027 3551 ad
1054 3495 1224 3570 856
1246 3513 1368 3552 eum
1399 3499 1492 3569 qui
1526 3507 1720 3569 praeter
1746 3511 1993 3555 naturam

420 3594 528 3652 est,
578 3585 1067 3668 esse_perductum
1117 3605 1132 3642 :
1172 3589 1276 3643 hoc
1325 3601 1409 3645 est
1457 3589 1625 3644 lilium
1677 3591 1913 3648 hominis
1961 3607 1994 3648 e

421 3675 532 3731 Deo
561 3674 766 3732 factum
787 3718 802 3745 ,
843 3677 912 3734 iis
937 3692 1176 3749 quorum
1222 3680 1492 3736 natu-ralis
1520 3688 1605 3736 est
1647 3681 1750 3737 iste
1792 3691 1992 3749 status,

419 3769 786 3835 naturalibus,
822 3770 1073 3840 inquam,
1111 3760 1425 3830 horninibus
1454 3773 1506 3827 in
1537 3789 1600 3829 eo
1629 3775 1773 3846 quod
1799 3785 1995 3845 praeter

421 3869 672 3913 naturam
701 3874 854 3915 suam
889 3860 1141 3923 habebat,
1171 3862 1403 3917 similem
1431 3862 1635 3932 fuisse;
1669 3866 1723 3918 in
1749 3880 1815 3921 eo
1843 3879 1990 3932 vero,

419 3949 564 4019 quod
610 3950 712 4020 ipsi
752 3951 999 4006 naturale
1034 3959 1138 4012 est.
1182 3954 1449 4008 naturalis
1489 3955 1640 4010 illum
1672 3955 1852 4013 Patris
1884 3972 1992 4012 non

425 4055 547 4094 esse
579 4039 813 4095 similem
834 4079 850 4105 ,
881 4055 1006 4095 cum
1035 4041 1302 4112 originem
1336 4040 1478 4098 Deus
1518 4058 1548 4096 a
1595 4043 1707 4100 Deo
1745 4044 1990 4100 traxerit.

420 4129 558 4184 lilud
591 4130 900 4200 vero'plane
935 4140 1155 4186 constat
1186 4149 1200 4184 :
1233 4129 1337 4199 Qui
1368 4133 1600 4189 similem
1631 4134 1873 4190 essentia
1897 4134 1998 4188 Pa-

419 4222 492 4276 tri
531 4219 726 4276 Filinm
763 4230 994 4293 negant,
1034 4237 1105 4278 ne
1161 4223 1334 4280 tilium
1365 4225 1583 4294 quidem
1615 4225 1767 4281 illum
1811 4225 1992 4294 fateri,

420 4311 516 4366 sed
547 4323 854 4368 creaturam
885 4314 1180 4383 duntaxat;
1224 4314 1440 4371 Patrem
1467 4333 1597 4372 vero
1620 4333 1726 4374 non
1755 4328 2005 4392 patrem,

421 4402 516 4457 sed
549 4411 874 4459 creatorem.
909 4404 1120 4475 Quippe
1153 4406 1527 4463 similitudinis
1560 4408 1676 4479 ipsa
1707 4413 1856 4466 notio
1886 4426 1993 4467 non

421 4508 489 4550 eo
516 4493 713 4549 Filium
744 4494 998 4561 adducit,
1041 4504 1100 4550 ut
1129 4497 1274 4551 idem
1303 4499 1528 4554 omnino
1559 4516 1682 4555 cum
1709 4500 1870 4558 Patre
1900 4504 1993 4568 sit,

423 4587 517 4644 sed
541 4596 600 4642 ut
629 4587 802 4643 eidem
835 4589 908 4644 sit
939 4593 1179 4646 essentia
1208 4593 1426 4657 similis,
1457 4603 1511 4649 et
1545 4604 1603 4648 ut
1627 4595 1696 4649 ab
1729 4597 1847 4666 ipso
1873 4613 2000 4667 pro-

2101 3405 2222 3460 σθαι
2255 3409 2368 3471 τοῖς
2387 3407 2528 3461 κατὰ
2558 3405 2742 3476 φύσιν,
2778 3405 3021 3460 τουτέστι
3039 3405 3150 3468 τοῖς
3186 3401 3345 3473 φύσει
3377 3400 3684 3474 ἀνθρώποις

2099 3501 2158 3553 ἐν
2189 3499 2268 3570 τῷ
2294 3498 2490 3552 ἑαυτοῦ
2521 3498 2673 3570 παρὰ
2707 3498 2868 3568 φύσιν
2887 3515 2900 3529 ·
2930 3501 2987 3551 ὲν
3008 3497 3066 3551 δὲ
3087 3495 3166 3567 τῷ
3194 3495 3336 3548 κατά
3366 3493 3534 3563 ’φύσιν
3562 3493 3680 3545 ἑαυ-

2099 3591 2194 3646 τοῦ
2220 3592 2312 3646 καὶ
2338 3587 2476 3646 εἶναι
2501 3592 2684 3663 ὅμοιον
2713 3589 3022 3661 ὲαυτὸν,τῷ
3057 3588 3199 3642 κατὰ
3225 3587 3385 3657 φύσιν
3416 3585 3592 3656 Πατρὶ
3621 3586 3683 3637 ἐκ

2099 3680 2234 3735 Θεοῦ
2261 3681 2391 3735 Θεὸν
2414 3681 2760 3751 γεννηθέντα.
2820 3680 2928 3734 Καὶ
2953 3679 3205 3748 φανερὸν,
3259 3677 3342 3730 ὅτι
3370 3675 3421 3728 oi
3459 3674 3534 3746 μὴ
3562 3674 3682 3727 κατ’

2099 3774 2284 3828 οὐσίαν
2307 3772 2556 3842 λέγοντες
2588 3772 2770 3842 ὅμοιον
2797 3769 2876 3841 τῷ
2904 3769 3081 3841 Πατρὶ
3113 3768 3204 3822 τὸν
3234 3766 3364 3821 Υίὸν
3402 3764 3525 3820 οὔτε
3570 3765 3681 3818 υἱὸν

2099 3866 2372 3936 λέγουσιν,
2406 3865 2542 3920 ἀλλὰ
2569 3864 2778 3936 κτίσμα
2825 3864 3008 3935 μόνον,
3037 3861 3162 3916 οὔτε
3191 3861 3283 3914 τὸν
3317 3858 3541 3932 Πατέρα
3569 3875 3681 3914 πα·

2099 3957 2254 4029 τέρα,
2274 3957 2410 4012 ἀλλὰ
2437 3956 2661 4028 κτίστην
2681 3971 2694 3986 ⁸
2726 3955 2826 4026 τῆς
2871 3953 3057 4025 ὁμοίου
3097 3951 3307 4015 ἐννοίας
3336 3951 3438 4005 οὐκ
3469 3948 3560 4002 ἐπὶ
3586 3949 3682 4018 τὴν

2100 4050 2402 4120 ταυτότητα
2423 4047 2518 4102 τοῦ
2559 4047 2772 4120 Πατρὸς
2811 4045 3051 4116 ἀγούσης
3093 4045 3184 4099 τὸν
3236 4044 3388 4107 Υίὸν,
3428 4043 3543 4096 ἀλλ’
3590 4040 3682 4093 ἐπὶ

2101 4143 2199 4215 τὴν
2223 4142 2342 4197 κατ’
2387 4141 2576 4194 οὐσίαν
2608 4140 2902 4212 ὁμοιότητα
2935 4141 3030 4193 καὶ
3072 4137 3386 4210 ἀπόρρητον
3425 4136 3484 4202 ἐξ
3518 4133 3682 4188 αὑτοῦ

2103 4235 2332 4298 ἀπαθῶς
2365 4234 2720 4306 γησιὸτητα.
2763 4233 2852 4297 Ὠς
2889 4233 3018 4304 γὰρ,
3051 4231 3216 4286 πάλιν
3242 4228 3372 4301 ὲρῶ,
3401 4229 3462 4281 ὲν
3488 4225 3682 4298 ὁμοιώ-

2106 4345 2236 4401 ματι
2267 4327 2590 4399 ἀνθρώπων,
2622 4327 2712 4380 καὶ
2750 4325 2808 4378 ὲν
2834 4325 3139 4396 ὁμοιώματι
3172 4323 3372 4396 σαρκὸς
3410 4319 3683 4392 ἁμαρτίας

2103 4422 2204 4476 οὐκ
2258 4421 2351 4475 ἐπὶ
2397 4421 2496 4492 τὴν
2538 4408 3039 4491 ταυτότηταῆγετο
3081 4417 3175 4471 τοῦ
3217 4415 3531 4487 ἀνθρώπου,
3567 4412 3680 4467 ἀλλ’

2105 4512 2197 4565 ἐπὶ
2225 4511 2324 4584 τὴν
2349 4512 2449 4583 τῆς
2489 4511 2690 4584 σαρκὸς
2747 4511 2934 4575 οὐσίας
2977 4511 3272 4582 ὁμοιότητα
3312 4509 3401 4563 διὰ
3438 4507 3506 4560 τὰ
3534 4508 3680 4576 εἰρη-
3743 4505 3748 4508 ’

2110 4605 2277 4676 μένω
2311 4603 2484 4668 οὕτως
2530 4604 2651 4657 οὐδὲ
2698 4603 2726 4656 ὁ
2749 4603 2897 4666 Υἱὸς,
2929 4603 3115 4674 ὅμοιος
3160 4605 3282 4656 κατ’
3311 4601 3502 4654 οὐσίαν
3533 4598 3680 4667 γενό-

421 4679 622 4735 cedens
653 4695 908 4734 arcanam
937 4681 1228 4751 quamdam
1278 4697 1404 4737 cum
1449 4684 1542 4740 illo
1579 4687 1988 4756 germanitatem

2103 4713 2263 4770 μενος
2289 4695 2368 4766 τῷ
2393 4695 2712 4766 γεννήσαντι
2742 4695 2936 4765 ﬂat-pi,
2964 4696 3042 4758 εἰς
3087 4693 3388 4765 ταυτότητα
3420 4693 3539 4757 ἄξει
3590 4689 3680 4743 τοῦ

423 4773 668 4828 obtineat
701 4787 714 4824 :
752 4788 902 4840 nam,
935 4782 994 4827 ut
1038 4775 1180 4830 idem
1213 4774 1394 4830 denuo
1427 4785 1666 4846 repetam
1690 4815 1704 4844 ,
1733 4781 1996 4848 quemad-

422 4863 643 4920 modum
672 4879 798 4919 cum
830 4864 1072 4921 hominis
1122 4880 1184 4920 ac
1213 4866 1396 4922 carnis
1426 4869 1636 4938 peccati
1676 4869 1994 4927 similitudi-

2102 4786 2316 4856 Πατρὸς
2375 4786 2475 4856 τὴν
2528 4784 2722 4838 ἑαυτοῦ
2775 4786 2998 4854 οὐσίαν,
3051 4785 3166 4840 ἀλλ’
3217 4787 3307 4838 ἐπὶ
3342 4785 3440 4850 τὴν
3500 4782 3678 4855 ὁμοιὸ-

2101 4896 2257 4952 τητα.

421 4975 545 5015 nem
593 4971 822 5030 gereret,
856 4976 964 5015 non
991 4977 1058 5018 eo
1097 4961 1365 5018 deductus
1403 4970 1509 5027 est,
1544 4964 1686 5020 idem
1723 4973 1784 5020 ut
1843 4983 1968 5024 cum
2039 4971 2259 5029 homine
2324 4987 2554 5042 prorsus
2586 4971 2746 5040 foret,
2796 4972 2889 5028 scd
2937 4983 2996 5028 ut
3044 4980 3255 5028 naturae
3318 4971 3501 5027 carnis
3538 4980 3676 5025 esset

421 5054 638 5120 Similis.
668 5065 726 5109 ιιι
752 5071 818 5109 εἰ
848 5055 914 5111 iis
935 5071 1065 5126 quae
1088 5057 1350 5112 hactenus
1372 5059 1516 5112 dicta
1544 5067 1692 5125 sunt,
1718 5073 1973 5133 apparet:
2007 5069 2198 5124 eodem
2237 5069 2401 5123 modo
2430 5067 2603 5123 Filius
2635 5067 2804 5136 Patri,
2840 5086 2868 5123 a
2913 5086 3021 5140 quo
3052 5069 3270 5141 genitus
3326 5077 3434 5135 est,
3495 5082 3678 5122 essen-

423 5149 496 5202 tia
533 5149 729 5206 similis
776 5164 930 5205 suam
970 5151 1117 5204 illam
1147 5154 1440 5208 essentiam
1486 5171 1593 5209 non
1628 5158 1692 5210 ad
1735 5159 2072 5218 identitatem
2104 5181 2228 5218 cum
2266 5164 2446 5230 Patre,
2476 5165 2568 5220 sed
2602 5166 2665 5218 ad
2703 5167 3114 5222 similitudinem
3153 5166 3433 5236 perducet.

498 5243 560 5300 Χ.
601 5245 806 5313 Quodsi
857 5248 981 5318 quis
1014 5248 1200 5303 mttndi
1247 5252 1526 5321 sapientiae
1552 5253 1790 5328 deditus,
1830 5273 1993 5326 quam

422 5335 565 5392 Deus
598 5339 845 5395 stultitiae
875 5341 1136 5408 convicit,
1183 5343 1603 5414 sapientissimae
1631 5346 1804 5400 divini
1845 5350 1996 5404 verbi

497 5447 512 5478 ³
560 5446 717 5503 Joan.
767 5466 807 5517 ι,
846 5449 931 5506 Η.

424 5515 558 5571 ἀλλὰ
591 5518 730 5589 Θεῷ.

2176 5266 2231 5317 l'.
2265 5267 2372 5319 Καὶ
2395 5269 2548 5330 εἴτις
2573 5269 2637 5338 τῇ
2671 5268 2832 5337 σοφίᾳ
2862 5265 2974 5336 (48)
3005 5265 3099 5318 τοῦ
3144 5265 3349 5334 κόσμου
3381 5261 3676 5334 προσέχων,

2108 5353 2168 5425 ἣν
2199 5357 2480 5428 ἐμώρανεν
2505 5363 2532 5414 ὁ
2562 5359 2715 5423 Θεὸς,
2747 5359 2820 5430 μὴ
2853 5355 3208 5431 προσέχοίτῷ
3237 5360 3293 5411 ὲν
3327 5356 3489 5427 σοφίᾳ
3530 5354 3674 5417 λόγου

1043 5455 1063 5484 ²
1101 5451 1260 5509 Rom.
1317 5471 1434 5523 vm,
1485 5457 1540 5512 5.
1615 5457 1636 5489 ³
1695 5455 1848 5512 toan.
1893 5477 1943 5522 ν,
1985 5478 1988 5490 ι

2147 5468 2167 5497 ⁸
2199 5466 2258 5521 F.
2300 5470 2717 5542 ἁμαρτητικῶς.
2798 5472 2820 5502 ⁵
2873 5470 2936 5526 C.
2995 5471 3132 5525 ἀλλά
3185 5470 3317 5534 Θεός
3341 5476 3395 5525 ει
3434 5483 3557 5522 mox
3586 5482 3676 5536 pro

441 5633 1078 5738 “fingi
1113 5646 1688 5738 cogei'gzhgiequuntur
1723 5651 1988 5706 anathem:

2093 5659 2182 5725 mi,
2213 5665 2491 5731 paululum
2535 5667 2603 5720 ab
2647 5667 2713 5720 iis
2755 5666 2976 5734 diversi,
3029 5682 3166 5738 quos
3225 5682 3292 5723 ex
3347 5667 3535 5720 eadem
3585 5659 3677 5716 Sc-

426 5711 820 5768 tiziarianorum
849 5712 1058 5780 synodo
1089 5711 1281 5770 recitat
1320 5711 1576 5772 Hilarius.
