3990 6228
301 253 404 310 421

879 250 1250 309 ADVERSUS
1291 251 1634 307 IIAZRLSES
1668 251 1795 306 LIB.
1843 252 1930 306 Ill‘.
1975 251 2140 309 TUM.
2186 256 2298 310 l.—
2337 256 2616 314 HERES.
2653 259 2884 320 LXXIII.

3469 267 3576 322 Hi

293 365 643 436 κηρύγματι,
697 366 791 418 καὶ
832 365 968 436 μετά
1019 365 1254 426 πίστεως
1305 365 1402 436 τὴν
1434 365 1747 434 ὁμοιότητα,
1799 364 1886 418 καὶ

1997 365 2368 434 ριωιηροιίοηί
2402 368 2537 422 nihil
2575 369 2863 424 admodum
2889 372 3118 436 tribuat,
3146 387 3323 445 neque
3353 391 3421 431 ex
3453 374 3572 431 ﬁdei

294 463 423 512 κατ’
451 460 640 512 οὐσίαν
693 460 786 513 τοῦ
819 459 949 512 Υίοῦ
995 459 1132 530 πρὸς
1181 458 1398 541 Πατέρα
1439 458 1749 529 ὁμολογοίη,
1811 458 1885 520 ὡς

289 551 670 620 ψευδωνύμως
719 551 895 619 λέγων
941 550 1033 604 τὸν
1074 551 1292 623 Πατέρα
1341 551 1434 603 καὶ
1482 550 1572 604 τὸν
1611 551 1758 615 Υίὸν,
1791 551 1887 604 καὶ

295 645 441 712 μήτε
467 642 686 713 Πατέρα
719 641 891 711 λέγων
916 642 1154 713 ἀληθῶς,
1207 644 1344 713 μήτε
1400 641 1546 706 Υὶὸν,
1592 642 1728 696 ἀλλὰ
1767 643 1886 696 κτί-

297 751 440 804 στην
468 735 561 788 καὶ
596 734 823 805 κτίσμα,
865 735 958 787 καὶ
1008 732 1328 786 κοινοποιῶν
1376 735 1476 804 τὴν
1528 733 1620 787 τοῦ
1677 733 1887 804 Πατρὸς

294 825 524 879 καὶτοῦ
562 825 693 879 Υἱοῦ
724 825 933 879 ἔννοιαν
987 826 1079 878 ἐπὶ
1127 826 1234 879 τῶν
1287 825 1490 879 λοιπῶν
1543 827 1883 897 ποιημάτων,

294 919 396 970 καὶ
451 916 768 985 σοφίζεσθαι
831 916 998 970 θέλων
1049 918 1214 981 εἴτις
1261 919 1438 990 χρεία,
1475 918 1548 982 ὡς
1579 919 1640 971 τὸ
1670 918 1886 989 πρῶτον

296 1007 629 1078 ποιημάτιον
657 1007 722 1059 δι’
755 1007 945 1070 αὑτοῦ,
1002 1009 1111 1060 εἴτε
1146 1007 1417 1080 ὑπερϐολῇ
1467 1008 1557 1061 τοῦ
1599 1009 1912 1077 μεγέθους,,

295 1101 575 1154 καὶκατὰ
619 1101 784 1171 μηδὲν
831 1100 1107 1171 ὁμολογῶν
1157 1101 1256 1171 τὴν
1309 1101 1766 1172 ὲκκλησιαστικὴν
1797 1101 1886 1155 πί-

297 1207 422 1244 στιν
452 1190 549 1261 τὴν
575 1191 653 1253 εἰς
685 1191 906 1262 Πατέρα
927 1209 986 1244 τε
1017 1193 1111 1244 καὶ
1161 1192 1310 1254 Υἰὸν,
1342 1191 1417 1256 ὡς
1452 1191 1580 1262 παρ’
1614 1192 1642 1243 ὂ
1662 1192 1887 1261 εὐηγγε-

294 1283 524 1337 λίσαντο
555 1284 700 1354 ἡμᾶς
747 1284 797 1335 οἱ
844 1284 1128 1337 ἀπόστολοι
1156 1284 1324 1336 θέλων
1371 1282 1870 1351 εὐαγγελίσασθαι·

295 1377 557 1446 ἀνάθεμα
595 1375 756 1430 ἔστω.
825 1375 958 1436 Καὶ,
1008 1375 1151 1429 κατὰ
1201 1376 1291 1428 τὸν
1351 1375 1620 1446 μακάριον
1653 1374 1884 1438 Παῦλον,

305 1470 769 1541 προειρήκαμεν,
790 1469 886 1523 καὶ
911 1467 1411 1540 ἂρτιπὰλινλέγῳ
1466 1466 1481 1495 ¹
1514 1465 1884 1535 ἀνειληφότες,

295 1557 399 1608 καὶ
430 1555 536 1627 [τὸ]
587 1558 901 1626 ἀναγκαίως
930 1558 1133 1628 φαμέν.
1172 1559 1242 1612 Εἴ
1284 1575 1368 1621 τις
1405 1559 1498 1612 τὸν
1533 1558 1695 1629 σοφὸν
1727 1559 1887 1630 μόνον

293 1646 515 1700 ἀκούων
561 1648 799 1717 Πατέρα,
858 1648 952 1702 καὶ
1014 1647 1203 1718 σοφίαν
1247 1648 1340 1701 τὸν
1378 1651 1640 1720 μονογενῆ
1698 1649 1888 1703 τούτου

1996 459 2316 528 praescripto
2345 459 2580 512 similent
2617 465 2857 515 essentia
2912 461 3061 518 Patri
3097 462 3294 520 Filium
3328 478 3452 522 esse
3498 469 3574 524 fa-

1996 555 2202 610 teatur,
2246 561 2432 619 utpote
2457 552 2549 620 qui
2584 550 2723 608 falso
2753 551 2967 608 Patrem
2996 563 3049 609 et
3088 553 3284 610 Filium
3317 560 3572 628 appellet,

1994 642 2176 711 reipsa
2208 658 2334 697 vero
2365 659 2543 713 neque
2581 654 2791 708 patrem
2833 663 3010 717 neque
3069 647 3260 712 ﬁlium,
3301 651 3396 706 sed
3421 667 3567 707 crea-

1994 744 2174 789 turam
2217 750 2279 788 ac
2309 744 2643 802 creatorem,
2682 754 2746 792 ac
2805 737 2926 794 Filii
2975 740 3260 812 Patrisque
3294 744 3570 799 notionem

1994 840 2118 879 cum
2171 826 2396 896 reliquis
2429 828 2687 896 operibus
2725 832 3123 891 communicet.
3161 843 3214 888 et
3252 836 3464 904 quoties
3511 853 3570 890 ea

1993 913 2060 969 de
2095 930 2154 969 re
2196 917 2397 986 agitur,
2430 918 2766 974 calumniose
2798 921 3115 989 mentiatur,
3159 925 3390 993 primum
3442 928 3570 982 illud

1993 1022 2131 1076 opus
2157 1022 2220 1061 ac
2246 1009 2580 1078 praecipuum
2615 1026 2758 1074 esse,
2789 1012 2934 1081 quod
2972 1015 3040 1066 ab
3083 1015 3204 1084 ipso
3241 1015 3441 1072 factum
3466 1030 3571 1084 est,

1994 1107 2082 1152 aut
2129 1100 2503 1170 magnitudine
2537 1103 2870 1157 antecellens
2903 1118 2915 1154 :
2952 1119 3014 1158 ac
3047 1105 3281 1176 denique
3315 1110 3558 1164 ecclesia-

1995 1190 2191 1244 sticam
2243 1192 2298 1245 in
2348 1191 2568 1247 Patrem
2622 1192 2928 1264 Filiumque
2975 1197 3174 1261 ﬁdetn,
3227 1214 3332 1253 non
3383 1201 3570 1254 eodem

1994 1281 2155 1336 modo
2204 1282 2546 1351 proﬁteatur,
2577 1299 2688 1353 quo
2722 1285 2869 1338 illam
2923 1287 3085 1341 nobis
3137 1289 3365 1358 apostoli
3415 1298 3575 1345 antea

1993 1374 2360 1442 tradiderunt,
2387 1378 2678 1448 anathema
2708 1379 2801 1434 sit.
2835 1378 2902 1433 Et
2934 1368 3069 1434 illud
3095 1392 3273 1446 antea,
3301 1393 3359 1437 ut
3391 1384 3564 1452 loqui-

1995 1478 2083 1522 tur
2127 1469 2459 1538 Apostolus,
2489 1470 2834 1533 prwdiximus
2859 1489 2877 1526 :
2911 1483 2958 1526 et
3003 1491 3138 1527 nunc
3173 1474 3342 1528 demto
3386 1478 3576 1544 repeti-

1995 1577 2112 1614 mus
2136 1561 2178 1626 ³,
2209 1577 2272 1616 ac
2304 1564 2620 1617 necessario
2649 1580 3079 1620 commonemus.
3116 1565 3168 1620 Si
3202 1569 3327 1637 quis
3357 1570 3563 1638 sapien-

1997 1659 2106 1704 tem
2139 1651 2316 1706 solum
2349 1654 2584 1710 audiens
2618 1654 2854 1725 Patrem,
2894 1667 2947 1712 et
2977 1659 3195 1712 unicum
3227 1660 3346 1729 ejus
3374 1659 3569 1716 Filium

293 1737 451 1801 Υἱὸν,
480 1740 675 1792 ταυτὸν
701 1735 840 1792 εἶναι
865 1739 1012 1809 λέγοι
1052 1739 1150 1810 τὴν
1197 1740 1388 1810 σοφίαν
1429 1740 1508 1812 τῷ
1540 1741 1687 1812 μόνῳ
1711 1741 1883 1812 σοφῷ,

1992 1741 2351 1810 sapientiam,
2395 1744 2535 1800 hanc
2586 1762 2750 1800 unum
2815 1746 3066 1818 idchue
3113 1765 3236 1802 cum
3284 1752 3375 1805 illo
3427 1750 3573 1807 dicat

291 1833 542 1904 ἀναιρῶν
569 1834 631 1887 τὸ
647 1829 785 1887 εἶναι
815 1833 966 1898 Υἱὸν,
999 1835 1244 1904 ἀνάθεμα
1272 1834 1430 1889 ἔστω.
1458 1835 1567 1889 Ka‘t
1601 1835 1653 1888 εἴ
1679 1853 1764 1899 τις
1794 1836 1886 1889 τὸν

294 1926 464 1994 σοφὸν
493 1925 707 1979 ἀκούων
735 1925 974 1996 Πατέρα,
1026 1926 1122 1978 καὶ
1159 1925 1350 1995 σοφίαν
1401 1925 1494 1979 τὸν
1550 1926 1678 1981 Υίὸν
1720 1927 1884 1980 αὑτοῦ

291 2019 553 2087 ἀνόμοιον
580 2017 780 2085 λέγων,
814 2018 910 2070 καὶ
941 2019 1062 2070 κατ’
1085 2017 1273 2071 οὐσίαν
1313 2018 1413 2089 τὴν
1438 2018 1632 2088 σοφίαν
1669 2018 1762 2072 τοῦ
1795 2036 1885 2072 σο-

293 2110 401 2178 φοῦ
432 2107 590 2177 Θεοῦ,
641 2109 717 2173 ὡς
759 2110 833 2182 μὴ
879 2110 1054 2180 λέγων
1101 2110 1196 2163 τὸν
1223 2111 1386 2179 σοφὸν
1409 2112 1507 2182 τῆς
1533 2112 1726 2181 σοφίας
1752 2111 1884 2182 ἀλη-

293 2199 410 2264 θῶς
470 2201 712 2272 πατέρα,
756 2201 1009 2273 ἀνάθεμα
1046 2201 1206 2255 ἔστω.
1253 2201 1356 2256 Καὶ
1393 2202 1449 2256 εἴ
1501 2218 1586 2266 τις
1617 2203 1710 2256 τὸν
1751 2203 1885 2256 Θεὸν

291 2292 435 2347 νοῶν
464 2293 552 2347 τὸν
582 2293 822 2365 Πατέρα,
863 2293 953 2346 τὸν
982 2294 1040 2347 δὲ
1073 2297 1130 2347 ὲν
1162 2295 1303 2365 ἀρχῇ
1341 2294 1513 2362 Λόγον
1538 2309 1596 2348 τε
1630 2295 1724 2350 καὶ
1753 2295 1884 2349 Θεὸν

292 2383 486 2437 τοῦτον
517 2383 666 2453 λέγοι
696 2387 830 2456 πρὸς
857 2384 948 2438 τὸν
977 2384 1109 2438 Θεὸν
1141 2386 1312 2454 Λόγον
1343 2403 1404 2439 τε
1437 2388 1530 2439 καὶ
1571 2387 1704 2439 Θεὸν
1737 2385 1886 2458 αὺτῷ

293 2476 372 2548 τῷ
401 2475 522 2548 Θεῷ
544 2475 624 2547 τῷ
664 2476 801 2548 πρὸς
843 2477 902 2529 ὃν
934 2476 1104 2545 Λόγος
1137 2494 1196 2530 τε
1229 2477 1361 2541 Θεὸς
1382 2479 1424 2542 ²,
1487 2478 1562 2542 ὡς
1605 2478 1678 2550 μὴ
1712 2478 1885 2548 λέγων

293 2568 516 2640 ἀληθῶς
559 2570 694 2634 υἱὸν,
729 2568 977 2640 ἀνάθεμα
1027 2568 1186 2623 ἔστω.
1243 2570 1355 2624 Καὶ
1383 2569 1551 2634 εἴτις
1593 2570 1683 2624 τὸν
1725 2588 1887 2641 μονο-

293 2664 431 2733 γενῆ
454 2661 588 2714 Θεὸν
610 2662 784 2731 Λόγον
833 2662 962 2715 Υίὸν
1006 2662 1221 2716 ἀκούων
1255 2662 1350 2716 τοῦ
1385 2663 1542 2729 Θεοῦ,
1603 2665 1741 2736 πρὸς
1765 2665 1824 2718 ὃν
1857 2667 1886 2718 ὁ

292 2757 472 2825 Λόγος
493 2773 551 2809 τε
583 2756 677 2810 καὶ
696 2755 830 2820 Θεὸς
880 2756 1135 2827 ἀνόμοιον
1173 2758 1344 2827 λέγοι,
1405 2757 1500 2812 καὶ
1549 2758 1668 2812 κατ’
1697 2759 1884 2812 οὐσίαν

293 2851 393 2904 τὸν
413 2850 546 2904 Θεὸν
575 2849 748 2920 Λόγον
771 2849 864 2904 τοῦ
903 2850 1139 2923 Πατρὸς,
1191 2853 1284 2907 τὸν
1315 2851 1470 2917 Θεὸν,
1499 2852 1594 2905 τοῦ
1626 2852 1762 2905 Θεοῦ
1793 2853 1886 2907 καὶ

296 2943 538 3014 Πατρὸς,
579 2942 716 3015 πρὸς
765 2942 824 2998 ὃν
855 2945 885 2997 ὁ
920 2943 1214 3015 μονογενὴς
1266 2945 1325 2998 ὲν
1354 2945 1498 3016 ἀρχῇ
1528 2940 1596 3016 ἦν
1622 2929 1754 3008 Θεὸς
1781 2944 1886 2998 Λό-

294 3053 417 3105 γος,
447 3031 522 3098 ὡς
553 3037 627 3106 μὴ
648 3035 822 3105 λέγων
853 3035 1072 3107 ἀληθῶς
1118 3035 1268 3102 Υἰὸν,
1304 3035 1550 3106 ἀνάθεμα
1580 3035 1737 3088 ἔστω.
1775 3035 1886 3088 Καὶ

1993 1848 2138 1897 esse,
2191 1848 2256 1887 ac
2301 1832 2424 1888 Filii
2464 1836 2849 1906 proprietatem
2879 1847 3084 1891 evertat
3107 1878 3122 1902 ,
3159 1839 3447 1893 anathema
3480 1842 3570 1894 sit.

1996 1922 2124 1979 Item
2161 1925 2205 1979 si
2236 1927 2360 1994 quis
2403 1927 2704 1996 sapientem
2746 1929 2976 1984 audiens
3014 1928 3262 1997 Patrem,
3293 1941 3347 1984 et
3376 1931 3574 1986 Filium

1992 2013 2113 2084 ejus
2152 2016 2473 2086 sapientiam
2519 2019 2827 2084 nominari,
2868 2020 3010 2074 hanc
3046 2022 3217 2091 ipsam
3249 2023 3573 2092 sapientiam

1993 2108 2259 2178 sapientis
2303 2107 2484 2165 Patris
2516 2111 2754 2166 essentia
2795 2113 3117 2169 dissimilem
3151 2113 3414 2182 aﬁirmet,
3456 2126 3574 2170 tan-

1994 2216 2156 2270 quam
2198 2205 2499 2271 sapientem
2538 2219 2660 2259 vere
2707 2205 2988 2275 sapientia!
3033 2216 3248 2274 patrem
3307 2223 3432 2264 esse
3480 2225 3576 2264 ne—

1992 2307 2158 2362 gans,
2202 2293 2490 2348 anathema
2547 2295 2636 2349 sit.
2687 2293 2741 2348 Si
2779 2295 2907 2365 quis
2959 2295 3126 2350 Deum
3173 2312 3296 2353 esse
3353 2297 3572 2353 Patrem

1994 2397 2322 2454 agnoscens,
2372 2400 2497 2439 eum
2537 2385 2700 2456 857
2735 2402 2862 2442 vero
2911 2387 3005 2458 qui
3039 2387 3093 2442 in
3147 2389 3417 2460 principio
3469 2390 3574 2444 fuit

1992 2473 2231 2532 Verbum
2262 2492 2327 2532 ac
2357 2477 2526 2541 Deus,
2552 2478 2699 2533 hunc
2730 2478 2870 2533 idem
2901 2495 3024 2536 esse
3044 2483 3263 2550 penitus
3289 2497 3413 2537 cum
3439 2481 3570 2548 Deo,

1993 2569 2134 2638 apud
2165 2585 2326 2640 quem
2368 2569 2640 2634 Verbum,
2683 2587 2748 2626 ac
2778 2570 2920 2626 Deus
2951 2584 3068 2638 est,
3099 2575 3421 2641 constituat,
3450 2583 3572 2629 tan-

1991 2675 2153 2731 quam
2190 2677 2314 2734 vere
2362 2663 2534 2718 ﬁlium
2563 2678 2671 2717 non
2703 2679 3028 2734 agnoscens,
3055 2666 3346 2721 anathema
3375 2667 3464 2722 sit.
3514 2669 3572 2724 Si

1992 2754 2118 2824 quis
2146 2753 2484 2824 unigenitum
2519 2753 2687 2809 Deum
2719 2769 2781 2808 ac
2811 2753 3048 2809 Verbum
3091 2753 3286 2810 Filium
3329 2755 3422 2812 Dei
3466 2774 3575 2812 no-

1991 2844 2189 2899 minari
2232 2845 2494 2908 audiens,
2529 2845 2668 2915 apud
2715 2862 2878 2916 quem
2925 2844 3164 2901 Verbum
3199 2863 3262 2902 ac
3295 2847 3436 2905 Deus
3467 2863 3571 2914 εει,

1993 2937 2138 2992 hunc
2169 2939 2345 3007 ipsum
2380 2937 2584 3000 Deum,
2627 2953 2692 2992 ac
2730 2937 2910 2994 Patris
2935 2937 3171 2993 Verbum
3195 2978 3210 3004 ,
3244 2937 3336 2993 Dei
3379 2955 3442 2994 ae
3470 2940 3574 2995 Pa-

1994 3030 2114 3095 tris,
2151 3031 2292 3099 apud
2320 3045 2480 3101 quem
2523 3028 2851 3102 Unigenitus
2883 3031 2938 3084 in
2974 3031 3246 3101 principio
3275 3031 3417 3086 Deus
3452 3042 3571 3087 erat

294 3127 352 3182 ετ
379 3143 465 3190 τις
491 3126 676 3182 εἰκόνα
703 3127 916 3181 ἀκούων
944 3097 1044 3181 ’τὸν
1096 3127 1226 3180 Υίὸν
1257 3126 1352 3180 τοῦ
1399 3126 1534 3180 Θεοῦ
1584 3125 1678 3180 τοῦ
1720 3127 1884 3198 ἀορά-

1992 3119 2249 3184 Verbum,
2281 3122 2600 3177 dissimilem
2634 3121 2882 3188 afﬁrmet,
2914 3129 3174 3192 tanquam
3211 3138 3336 3178 vere
3375 3123 3570 3179 Filimn

294 3218 789 3288 του,ταυτὸνλέγοι
821 3219 920 3291 τὴν
946 3219 1131 3273 εἰκόνα
1163 3218 1240 3289 τῷ
1269 3219 1389 3290 Θεῷ
1424 3218 1502 3290 τῷ
1534 3220 1772 3290 ἀοράτῳ,
1810 3218 1886 3282 ὡς

298 3312 380 3384 μὴ
404 3311 685 3381 ὁμολογῶν
735 3311 951 3382 άληθῶς
1004 3312 1153 3376 Υίὸν,
1179 3311 1431 3381 ἀνάθεμα
1486 3312 1648 3366 ἔστω.
1682 3312 1790 3365 Καὶ
1836 3309 1892 3364 εἴ

293 3421 384 3468 τις
416 3404 600 3458 εἰκόνα
627 3403 841 3458 ἀκούων
887 3404 978 3458 τὸν
1041 3405 1306 3476 μονογενῆ
1350 3405 1479 3457 Υἱὸν
1504 3404 1599 3458 τοῦ
1651 3405 1884 3476 ἀοράτου

292 3494 436 3549 Θεοῦ
471 3494 724 3566 ἀνόμοιον
775 3495 920 3564 λέγοι
959 3496 1052 3550 καὶ
1108 3497 1229 3551 κατ’
1284 3495 1471 3550 οὐσίαν
1499 3496 1591 3550 τὸν
1626 3497 1774 3562 Υἱὸν,
1810 3497 1887 3550 εί-

294 3587 435 3640 κόνα
462 3587 590 3640 ὄντα
631 3586 726 3640 τοῦ
756 3587 890 3640 Θεοῦ
935 3586 1032 3640 τοῦ
1061 3589 1314 3660 ἀοράτου,
1347 3581 1407 3640 οὗ
1443 3587 1606 3643 εἰκὼν
1645 3589 1738 3642 καὶ
1766 3589 1884 3642 κατ’

291 3677 486 3732 οὐσίαν
512 3681 733 3743 νοεῖται,
757 3679 834 3743 ὼς
863 3678 1081 3751 ἀληθῶς
1133 3681 1209 3751 μὴ
1245 3679 1419 3749 λέγων
1469 3681 1605 3746 υίὸν,
1638 3680 1886 3751 ἀνάθεμα

293 3769 461 3824 ἔστω.
490 3769 602 3823 Καὶ
629 3769 683 3823 εἴ
707 3787 791 3834 τις
818 3769 1032 3825 ἀκούων
1064 3771 1157 3824 τοῦ
1196 3772 1314 3826 υἱοῦ
1340 3772 1588 3841 λέγοντος
1613 3789 1626 3802 ·
1659 3773 1886 3841 ’Ὠσπερ

293 3859 412 3930 τὰρ
441 3863 474 3913 ὀ
526 3861 731 3930 Πατὴρ
770 3862 896 3932 ἔχει
941 3861 1193 3936 ζωὴν-ἐν
1221 3864 1432 3930 ἑαυτῷ,
1469 3865 1622 3918 οὕτω
1667 3865 1766 3920 καὶ
1805 3864 1886 3932 τῷ

301 3950 420 4016 ne
470 3952 691 4007 δέδωκε
725 3953 877 4023 ζωὴν
903 3956 1070 4025 ἔχειν
1131 3957 1200 4010 ἐν
1241 3956 1454 4024 ἐαυτῷ,
1497 3958 1692 4012 ταυτὸν
1738 3958 1885 4028 λέγοι

293 4042 392 4098 τὸν
425 4043 686 4115 εἰληφότα
717 4046 866 4118 παρά
885 4047 980 4100 τοῦ
1017 4047 1230 4118 [ἰατρὸς
1254 4047 1353 4119 τὴν
1384 4048 1550 4120 ζωὴν,
1583 4049 1676 4102 καὶ
1700 4049 1886 4120 ὁμολο-

293 4136 500 4204 γοῦντα
532 4137 612 4201 τὸ,
643 4137 816 4208 Κάγὼ
844 4136 915 4200 ζῶ
934 4137 1030 4192 διὰ
1060 4139 1167 4193 τὸν
1195 4140 1448 4207 Πατέρα,
1498 4133 1577 4211 τῷ
1605 4140 1882 4204 δεδωκότι,

291 4227 550 4300 ἀνάθεμα
578 4229 736 4284 ἔστω.
770 4232 878 4285 Καὶ
906 4231 961 4285 εί
997 4251 1081 4296 τις
1133 4233 1348 4287 ἀκούων
1385 4233 1446 4287 τό
1468 4250 1479 4261 ·
1514 4234 1744 4304 ’Ὠσπερ
1773 4236 1884 4304 γὰρ

293 4323 331 4375 ό
358 4321 562 4390 Πατὴρ
589 4320 744 4391 ζωὴν·
793 4324 918 4392 ἔχει
947 4324 1018 4377 ἐν
1051 4324 1264 4392 ἐαυτῷ,
1319 4325 1474 4379 οὕτω
1507 4325 1606 4379 καὶ
1657 4325 1738 4391 τῷ
1774 4326 1886 4393 Υἱῷ

1989 3214 2213 3270 minime
2241 3214 2532 3279 conﬁtens,
2557 3215 2844 3271 anathema
2879 3215 2968 3270 sit.
2996 3215 3052 3270 Si
3081 3217 3206 3286 quis
3227 3213 3425 3271 Filium
3451 3217 3569 3292 Dei,

1988 3305 2273 3377 quivideri
2299 3322 2408 3361 non
2441 3314 2642 3376 potest,
2675 3305 2968 3377 imaginem
2999 3306 3254 3373 audiens,
3281 3307 3422 3363 idem
3447 3324 3572 3364 esse

1987 3413 2110 3453 cum
2141 3415 2248 3452 non
2284 3399 2605 3470 aspectabili
2642 3397 2749 3454 Deo
2779 3399 2926 3453 dicat
2958 3399 3271 3469 imaginem,
3306 3407 3568 3470 tanquam

1988 3506 2115 3546 vere
2178 3489 2352 3546 ﬁlium
2403 3493 2626 3548 minime
2673 3488 2991 3562 professus,
3034 3491 3324 3545 anathema
3374 3491 3466 3546 sit.
3511 3491 3570 3546 Si

1988 3580 2112 3649 quis
2147 3579 2483 3649 unigenitum
2525 3576 2723 3632 Filium
2767 3579 3058 3649 imaginem
3095 3577 3224 3643 Dei,
3263 3580 3354 3650 qui
3399 3579 3570 3634 \ideri

1987 3688 2098 3727 non
2139 3680 2353 3742 potest,
2389 3673 2651 3744 appellari
2688 3673 2942 3738 audiens,
2973 3672 3299 3750 dissimilem
3331 3688 3455 3729 esse
3485 3674 3571 3727 di-

1987 3775 2076 3822 cat
2108 3768 2345 3822 essentia
2379 3764 2600 3830 Filium,
2634 3781 2699 3820 ac
2729 3765 2821 3820 Dei
2854 3782 2962 3819 non
2998 3749 3349 3836 aspectabilis
3378 3767 3571 3837 imagi-

1987 3870 2110 3910 nem
2143 3854 2263 3924 ejus
2297 3853 2457 3923 cujus
2483 3855 2724 3909 essentia
2753 3853 3046 3924 imaginem
3095 3853 3274 3923 ipsum
3315 3852 3575 3923 intelligi—

1988 3961 2130 4012 mus,
2165 3948 2310 4002 velut
2340 3944 2538 4001 Filium
2581 3961 2703 4002 esse
2733 3962 2841 4001 non
2875 3960 2999 4000 vere
3029 3945 3315 4016 proﬁtens,
3348 3946 3572 4000 anathe-

1987 4046 2078 4086 ma
2125 4037 2215 4091 sit.
2266 4035 2398 4088 Item
2443 4037 2488 4090 si
2544 4035 2667 4105 quis
2711 4033 2983 4088 dicentem
3037 4027 3232 4086 Filium
3282 4031 3513 4087 audiens
3553 4049 3568 4086 :

1990 4130 2444 4201 Quemadmodum
2484 4128 2647 4182 Pater
2687 4125 2838 4180 liabet
2877 4126 3038 4179 vitam
3070 4127 3126 4179 in
3175 4124 3380 4194 seipse,
3415 4125 3493 4179 sic
3520 4133 3571 4178 et

1989 4223 2134 4278 Filio
2166 4222 2310 4277 dedit
2338 4222 2499 4275 vitam
2534 4217 2725 4272 habere
2765 4218 2819 4270 in
2849 4217 3018 4284 seipse
3035 4215 3079 4283 ‘,
3114 4230 3238 4270 eum
3272 4214 3362 4285 qui
3395 4215 3564 4268 vitam

1989 4315 2188 4386 accipit
2217 4330 2248 4368 a
2279 4313 2461 4374 Patre.
2486 4320 2539 4367 et
2567 4311 2696 4364 illud
2727 4310 2996 4386 dicentem
3031 4327 3045 4363 τ
3081 4304 3148 4360 Et
3174 4323 3264 4378 ego
3293 4307 3405 4361 vivo
3442 4320 3567 4375 pre-

282 4413 488 4468 -ἐδωκε
513 4413 666 4483 ζωὴν
695 4415 858 4485 ἔχειν
909 4417 978 4469 ἐν
1002 4415 1195 4482 ἐαυτῷ
1218 4433 1230 4446 ·
1282 4418 1535 4488 ἀνόμοιον
1571 4419 1720 4487 λέγοι
1764 4421 1884 4472 κατ’

1992 4418 2104 4480 pter
2131 4408 2412 4470 Patrem",
2447 4404 2588 4460 idem
2613 4419 2737 4458 cum
2771 4402 2893 4454 vitae
2927 4401 3117 4454 datore
3142 4415 3264 4456 esse
3293 4397 3568 4465 defendat,

293 4504 487 4558 οὐσίαν
509 4504 600 4558 τὸν
634 4505 761 4559 Υἱόν
790 4505 869 4576 τῷ
908 4507 1102 4579 Πατρὶ,
1131 4507 1656 4579 διαμαρτυρόμενος,
1683 4509 1766 4562 ὅτι
1793 4509 1885 4562 οῦ-

292 4611 408 4658 τως
438 4594 552 4667 ἔχει
582 4596 659 4660 ὼς
694 4597 940 4670 εἴρηκεν,
973 4599 1225 4670 ἀνάθεμα
1277 4599 1438 4655 ἔστω.
1479 4601 1716 4673 Φανερὸν
1755 4603 1884 4674 γὰρ,
1921 4641 1941 4656 ι

291 4687 402 4751 ὅτι,
426 4689 524 4752 τῆς
553 4689 702 4760 ζωῆς
723 4692 821 4762 τῆς
850 4693 908 4744 ὲν
943 4691 1021 4762 τῷ
1046 4693 1218 4764 [Iuth
1249 4693 1544 4764 νοουμένης
1583 4695 1772 4758 οὐσίας
1798 4713 1888 4767 ση-

295 4782 658 4853 μαινομένης,
712 4784 806 4836 καὶ
837 4783 934 4853 τῆς
967 4783 1114 4853 ζωῆς
1157 4784 1252 4853 τῆς
1299 4784 1391 4838 τοῦ
1411 4787 1753 4855 Μονογενοῦς
1784 4789 1886 4855 τῆς

291 4874 361 4926 ὲκ
393 4873 488 4926 τοῦ
530 4871 740 4945 [ἰατρὸς
785 4874 1188 4945 γεγεννημένης
1232 4876 1421 4940 οὐσίας
1453 4881 1772 4950 νοουμένης,
1799 4883 1879 4946 τὸ,

291 4967 508 5032 οὕτως.
542 4967 640 5038 τὴν
670 4968 962 5038 ὁμοιότητα
993 4969 1093 5039 τῆς
1130 4967 1319 5031 οὐσίας
1367 4969 1500 5039 πρὸς
1547 4973 1736 5026 οὐσίαν
1785 4992 1882 5046 ση-

297 5058 482 5128 μαίνει
509 5058 777 5130 (ἀνάθεμα
810 5059 1005 5135 ἔστω).

363 5319 467 5370 IA'.
512 5319 620 5371 Καὶ
648 5318 701 5370 εἴ
726 5336 808 5382 τις
834 5319 914 5384 τὸ,
951 5323 1194 5376 Ἔκτισέ
1219 5340 1315 5391 με,
1338 5325 1433 5378 καὶ
1453 5325 1532 5389 τὸ,
1567 5327 1753 5396 γεννᾷ
1776 5348 1874 5399 με,

290 5412 427 5480 παρ’
462 5410 629 5463 αὑτοῦ
667 5410 902 5476 ἀκούων,
945 5413 1024 5476 τὸ,
1067 5414 1248 5483 γεννᾷ
1277 5434 1374 5484 με,
1415 5420 1488 5490 μὴ
1529 5421 1620 5473 ἐπὶ
1645 5421 1740 5475 τοῦ
1776 5425 1876 5477 αὐ·-

293 5501 389 5558 τοῦ
426 5505 522 5555 καὶ
567 5503 686 5556 κατ’
724 5503 912 5559 οὕσίαν
962 5495 1174 5572 sweet,
1199 5507 1562 5566 ἀλλάταυτὸ)
1601 5512 1748 5584 λέγοι
1791 5515 1872 5582 τὸ,

273 5682 281 5690 ,
365 5658 388 5692 ι
421 5657 482 5715 ιι,
521 5658 768 5731 λέγομεν.
847 5662 866 5692 ‘
888 5660 1015 5717 Cor.
1048 5664 1140 5716 καὶ
1168 5663 1316 5728 Θεὸς.

1990 4501 2278 4556 anathema
2320 4499 2412 4554 sit.
2462 4497 2519 4552 Si
2568 4497 2692 4567 quis
2735 4494 2880 4550 istud
2910 4492 3184 4548 audiens:
3224 4490 3372 4546 Sicut
3407 4489 3573 4543 Pater

1991 4596 2151 4650 vitam
2180 4594 2334 4647 habet
2370 4597 2423 4645 in
2453 4593 2624 4659 seipse
2643 4630 2659 4656 ,
2712 4589 2789 4642 sic
2818 4587 2966 4641 Filio
2995 4585 3140 4640 dedit
3171 4585 3334 4638 vitam
3382 4583 3572 4638 habere

1987 4691 2042 4744 in
2076 4691 2246 4756 seipse
2268 4727 2283 4750 ,
2343 4685 2667 4740 dissimilem
2699 4681 2942 4737 essentia
2991 4679 3134 4733 Patri
3167 4677 3368 4732 Filium
3420 4693 3572 4733 asse—

1991 4788 2159 4843 reret,
2181 4787 2256 4841 et,
2282 4778 2357 4830 ita
2381 4777 2456 4830 uti
2488 4774 2647 4839 dicit,
2673 4772 2874 4826 habere
2909 4786 2968 4848 se
2993 4776 3246 4832 testetur,
3279 4766 3572 4822 anathema

1989 4871 2080 4926 sit.
2117 4865 2468 4923 Manifestum
2508 4865 2656 4918 enim
2696 4867 2802 4925 est,
2833 4875 2958 4914 cum
2990 4859 3098 4912 vita
3128 4871 3292 4928 quam
3332 4857 3387 4910 in
3411 4855 3572 4909 Patre

1989 4963 2364 5034 intelligimus,
2397 4959 2636 5015 essentia
2685 4957 2785 5018 sit.
2822 4969 3034 5009 necnon
3064 4959 3120 5008 et
3152 4950 3424 5022 Unigeniti
3459 4950 3571 5002 vita

1987 5072 2111 5128 quae
2143 5072 2174 5110 a
2203 5054 2364 5108 Patre
2395 5054 2576 5123 genita
2606 5057 2712 5114 est,
2744 5048 3081 5118 intelligatur
3107 5045 3370 5106 essentia,
3399 5040 3572 5111 parti-

1988 5149 2168 5204 culam
2202 5147 2368 5212 hanc,
2395 5145 2494 5211 sic,
2543 5141 2801 5198 essentia:
2828 5155 2952 5195 eum
2978 5138 3220 5194 essentia
3254 5135 3572 5192 similitudi-

1989 5257 2112 5296 nem
2153 5239 2416 5294 indicare.

2053 5333 2146 5387 XI.
2169 5331 2225 5387 Si
2249 5333 2372 5402 quis
2388 5332 2490 5388 ista
2510 5329 2779 5386 dicentem
2799 5327 2948 5382 illum
2973 5324 3201 5378 audiens
3222 5340 3234 5375 :
3256 5320 3468 5378 Creavit
3489 5337 3570 5374 me

1981 5437 2033 5483 et
2053 5427 2231 5498 genuit
2260 5439 2360 5490 me,
2389 5424 2566 5494 genuit
2587 5439 2666 5476 me
2689 5437 2795 5490 non
2817 5420 2882 5472 ad
2910 5415 3161 5472 eumdem
3189 5421 3243 5469 et
3264 5413 3570 5470 secundum

1979 5519 2276 5575 essentiam
2295 5519 2566 5590 pertinere
2583 5521 2735 5585 putet
2756 5532 2769 5568 :
2789 5511 2883 5569 sed
2905 5511 3045 5568 idem
3062 5523 3185 5567 esse
3208 5509 3374 5576 dicat,
3393 5509 3570 5581 genuit

1400 5667 1419 5697 ³
1444 5666 1621 5722 Galat.
1655 5686 1691 5739 t,
1723 5671 1787 5728 l9
1881 5672 1904 5707 ⁸
1941 5671 2099 5732 Joan.
2123 5691 2178 5743 v,
2207 5673 2296 5729 26.
2373 5675 2394 5706 ⁸
2425 5672 2583 5727 .Ioau.
2617 5685 2690 5728 τι.
2721 5668 2808 5723 57.
