3990 6228
419 298 525 353 425

1827 285 1882 340 S.
1931 284 2275 343 EPlPllANll

3583 289 3690 344 42d

419 429 522 477 me,
549 425 625 474 et,
655 406 849 460 creavit
884 419 983 469 me,
1015 411 1276 472 tanquam
1318 399 1512 456 Filium
1561 401 1681 456 sine
1729 402 1836 456 ulla
1870 418 1998 473 pas-

2107 402 2286 473 γεννᾷ
2330 421 2428 472 με,
2463 402 2562 474 τῷ,
2613 401 2816 457 ἕκτισέ
2842 420 2938 472 με,
2989 404 3064 467 ὡς
3097 405 3172 476 μὴ
3205 405 3381 474 λέγων
3417 405 3510 460 τὸν
3565 408 3690 460 Γίὸν

419 503 575 559 sione
615 500 912 570 perfectum
968 511 1034 550 ex
1077 495 1292 551 duobus
1352 495 1460 550 illis
1495 494 1778 549 vocabulis
1828 495 2000 549 conli-

417 607 559 656 tcns,
598 591 789 646 creavit
820 605 918 654 me,
947 596 1022 652 et,
1048 588 1228 657 genuit
1265 603 1364 649 nte,
1399 586 1492 641 sed
1524 594 1836 640 creaturam
1865 584 2000 640 dun-

415 692 714 742 taxatmon
738 680 932 734 Filium
957 678 1253 738 allirmans,
1286 677 1598 746 cujusmodi
1654 678 1802 747 pium
1839 678 1998 733 nobis

413 789 479 826 ex
511 771 724 826 duabus
754 770 864 824 illis
913 768 1141 822 vocibus
1170 783 1394 822 sensum
1434 767 1715 838 Sapientia
1749 769 1996 832 tradidit,

413 864 700 915 anathema
725 861 816 916 sit.
852 859 908 914 Si
944 861 1090 929 quis,
1117 857 1252 912 Filio
1278 875 1433 912 suam
1461 876 1583 913 cum
1617 859 1776 914 Patre
1811 877 2001 916 secun-

413 953 541 1006 dum
573 953 872 1007 essentiam
901 950 1311 1005 similitudinem
1351 952 1510 1006 nobis
1535 953 1620 1007 his
1647 955 1826 1008 verbis
1853 955 1998 1007 indi--

415 1054 616 1099 caute:
654 1045 804 1098 Sicut
859 1045 1000 1096 enim
1033 1043 1194 1097 Pater
1220 1045 1381 1096 vitam
1419 1044 1573 1097 habet
1611 1046 1663 1098 in
1704 1047 1893 1113 seipse,
1922 1048 1999 1100 sic

307 1151 316 1158 '
411 1145 460 1190 et
488 1134 632 1189 Filio
652 1135 794 1189 dedit
824 1138 982 1188 vitam
1009 1135 1197 1189 habere
1227 1137 1280 1188 in
1303 1137 1510 1199 seipso;
1534 1152 1651 1209 eam
1689 1152 1818 1192 vero
1845 1139 2000 1192 simi-

414 1230 859 1299 litudinem,’qua:
881 1231 936 1282 in
955 1231 1168 1283 actione
1194 1230 1394 1299 posita,
1429 1231 1514 1286 his
1543 1232 1721 1286 verbis
1736 1232 1996 1288 docente:

414 1324 750 1394 Quaecunque
795 1323 934 1377 enim
970 1303 1144 1393 .Paler
1175 1321 1329 1390 facit,
1383 1338 1445 1374 ea
1468 1333 1516 1375 et
1549 1320 1726 1375 Filius
1755 1324 2001 1378 similiter

413 1418 550 1487 facit
583 1417 622 1481 ί,
684 1417 855 1471 solam
896 1415 1038 1468 hanc
1088 1413 1323 1468 actionis
1367 1412 1537 1484 858
1585 1415 1998 1470 similitudinem

411 1507 737 1572 concedens,
771 1506 1015 1572 alteram,
1039 1521 1160 1574 qua:
1187 1505 1252 1557 ad
1273 1508 1570 1560 es5entiam
1601 1515 2002 1577 spcctat,qua:-

411 1615 519 1669 que
551 1597 882 1668 praecipuum
937 1595 1058 1650 ﬁdei
1095 1604 1300 1650 nostra:
1334 1604 1497 1664 caput
1546 1605 1650 1659 est,
1685 1596 1820 1652 Filio
1865 1599 2000 1652 sub-

412 1692 614 1755 trahat,
641 1701 901 1760 tanquam
934 1698 1138 1744 aeterna
1162 1689 1292 1753 vita,
1330 1705 1451 1759 qua:
1491 1690 1544 1743 in
1574 1688 1753 1746 Patris
1778 1706 1842 1746 ac
1875 1689 1998 1745 Filii

411 1781 728 1853 cognitione
752 1781 1027 1844 consistit,
1054 1780 1293 1851 seipsum
1318 1782 1560 1851 privans,
1590 1782 1881 1838 anathema
1903 1785 1996 1840 sit.

412 1872 470 1929 Si
506 1875 630 1945 quis
670 1874 722 1928 in
747 1871 964 1927 Patrem
994 1887 1058 1927 ac
1098 1871 1294 1926 Filium
1319 1873 1542 1928 credere
1565 1885 1686 1929 sese
1715 1875 1994 1944 promens,

412 1966 629 2020 Patrem
662 1980 771 2018 non
802 1964 1000 2020 similis
1028 1979 1151 2019 cum
1206 1963 1346 2018 Filio
1372 1966 1628 2020 essentia;
1680 1965 1828 2020 dicat
1852 1981 1994 2033 esse,

411 2058 508 2113 sed
538 2058 792 2124 actionis,
845 2064 1100 2127 tanquam
1129 2056 1389 2128 profanas
1432 2072 1628 2113 vocum
1675 2058 1945 2114 novitates
1975 2061 1998 2091 ⁸
2027 2099 2041 2108 .

410 2149 480 2202 de
505 2147 629 2202 Filii
661 2148 754 2204 Dei
796 2149 1037 2204 essentia
1071 2149 1432 2219 pronuntiare
1485 2165 1673 2215 ausus,
1725 2158 1780 2205 et
1812 2167 1996 2206 veram

412 2239 533 2295 Filii
575 2242 960 2312 proprietatem
1015 2250 1284 2305 evertens,
1321 2242 1613 2296 anathema
1649 2242 1742 2298 sit.
1779 2241 1836 2296 Si
1872 2243 1998 2314 quis

419 2336 590 2390 lilium
650 2333 883 2390 similem
908 2334 1149 2389 essentia
1184 2335 1330 2389 illius
1354 2335 1684 2404 intelligens,
1712 2334 1874 2404 cujus
1938 2339 2020 2392 [ἰο-

412 2428 517 2483 lius
553 2427 890 2497 intelligitur,
919 2429 1001 2481 vel
1029 2427 1169 2482 idem
1202 2442 1430 2497 prorsus
1463 2443 1588 2481 cum
1609 2428 1772 2496 Patre
1800 2426 1998 2483 Filium

409 2533 534 2572 esse
557 2518 720 2580 dicat,
757 2519 838 2572 vel
870 2515 1049 2572 Patris
1081 2527 1309 2587 partem,
1341 2519 1426 2574 vel
1465 2518 1733 2588 proﬂuvio
1759 2520 1998 2588 quodam

411 2627 476 2666 ac
507 2612 782 2682 passione,
809 2625 1200 2680 corporeorum
1229 2612 1402 2664 instar
1443 2611 1706 2677 ﬁliorum,
1747 2612 2002 2680 incorpo-

413 2719 565 2758 reum
591 2703 660 2756 ab
687 2703 1016 2772 incorporeo
1043 2701 1202 2756 Patre
1236 2703 1507 2772 prodiisse
1535 2701 1729 2756 Filium
1761 2712 1996 2769 asserat,

412 2797 702 2851 anathema
732 2795 824 2850 sit.
853 2792 910 2849 Si
937 2795 1081 2864 quis,
1118 2804 1402 2865 propterea
1439 2796 1584 2865 quod
1629 2811 1807 2866 neque
1837 2795 2002 2849 Pater

414 2888 609 2952 Filius,
647 2904 826 2958 neque
853 2886 1025 2942 Filius
1054 2904 1176 2944 esse
1193 2888 1355 2945 Pater
1383 2890 1715 2962 intelligatur
1736 2907 1996 2963 unquam,

411 2982 644 3036 alterum
678 2995 709 3034 a
742 2981 900 3036 Patre
948 2979 1145 3035 Filium
1181 2996 1305 3036 esse
1326 2982 1538 3048 dicens,
1580 3000 1647 3038 co
1679 2986 1826 3055 quod
1862 2987 2000 3042 alter

412 3074 484 3128 sit
513 3071 672 3127 Pater
697 3088 762 3128 ac
792 3072 984 3140 Filius,
1016 3081 1074 3128 ut
1097 3073 1306 3128 dictum
1336 3082 1423 3129 est
1453 3089 1464 3123 ε
1517 3075 1669 3131 Alius
1698 3085 1777 3131 est
1809 3080 1897 3147 qui
1926 3088 2000 3134 te—

410 3165 720 3218 stimonium
754 3163 983 3234 perhibet
1038 3163 1103 3217 de
1160 3164 1328 3231 me';
1386 3165 1562 3220 item:
1621 3165 2001 3222 Testimonium

411 3255 642 3325 perhibet
669 3257 758 3326 qui
784 3258 926 3309 misit
958 3272 1038 3310 me
1067 3257 1227 3310 Pater
1259 3257 1316 3310 δι
1361 3259 1404 3312 si
1435 3258 1840 3328 quis,inquam,
1875 3275 1997 3331 pro-

415 3356 534 3418 pter
565 3347 711 3418 piam
746 3347 892 3400 illam
923 3363 1045 3416 quae
1081 3347 1136 3401 in
1171 3347 1417 3404 Ecclesia
1453 3350 1767 3420 concipitur
1806 3367 2000 3422 perso-

415 3454 610 3492 narum
644 3436 824 3493 Patris
855 3453 918 3492 ac
941 3436 1060 3493 Filii
1093 3440 1500 3510 proprietatem,
1525 3443 1730 3497 veritus
1759 3459 1826 3498 ne
1858 3444 2000 3499 idem

413 3529 639 3584 Olltnlno
668 3543 792 3583 cum
835 3527 996 3584 Patre
1031 3528 1203 3586 Filius
1257 3531 1591 3603 intelligatur
1621 3573 1634 3598 ,
1674 3533 2000 3592 dissimilem

414 3621 652 3675 essentia
703 3619 882 3676 Patris
920 3636 1045 3677 esse
1079 3620 1277 3677 Filium
1331 3622 1498 3688 dicat,
1559 3627 1850 3682 anathema
1906 3627 1998 3682 sit.

417 3710 474 3766 Si
511 3711 637 3782 quis
666 3709 886 3766 Patrem
924 3713 1188 3783 unigeniti
1237 3712 1361 3768 Filii
1409 3716 1463 3769 in
1500 3725 1741 3788 tempore
1787 3727 2000 3788 patrem

417 3803 586 3859 fuisse
613 3803 716 3859 sibi
749 3803 1093 3876 persuadeat,
1131 3821 1310 3876 neque
1335 3813 1460 3864 ante
1483 3814 1701 3877 tempus
1723 3822 2003 3870 omneeac

415 3910 585 3966 supra
612 3895 905 3951 humanam
956 3911 1178 3954 omnem
1205 3899 1622 3968 cogitationem,
1660 3899 1999 3969 unigenitum

416 3989 614 4044 Filium
647 4003 679 4044 a
712 3989 872 4046 Patre
897 3991 1018 4047 sine
1049 3991 1158 4046 ulla
1197 3992 1455 4064 passione
1486 3992 1675 4049 credat
1723 4008 1848 4048 esse
1873 4007 2001 4063 pro-

415 4083 664 4149 ductum,
725 4091 988 4154 tanquam
1045 4087 1409 4157 apostolicum
1461 4088 1660 4157 dogma
1724 4096 2001 4158 transgre-

415 4176 593 4244 diens,
625 4176 767 4248 quod
793 4193 822 4232 a
839 4175 1020 4243 Patre,
1034 4177 1285 4250 Filioque
1308 4181 1572 4250 temporis
1589 4181 1824 4250 spatium
1841 4197 2004 4238 omne

417 4268 639 4338 rejicit:
674 4269 778 4324 hoc
812 4285 942 4326 vero
980 4287 1084 4327 nos
1127 4271 1361 4327 ﬁdeliter
1399 4271 1592 4328 edocet
1629 4292 1644 4328 :
1695 4273 1762 4328 In
1801 4277 2002 4345 princi-

415 4357 502 4423 pio
555 4364 670 4410 erat
719 4353 967 4421 Verbum,
1017 4366 1066 4411 et
1128 4355 1352 4412 Verbum
1379 4368 1494 4412 erat
1527 4359 1668 4428 apud
1712 4359 1903 4424 Deum,
1952 4370 2003 4416 et

419 4447 559 4502 Deus
580 4459 692 4501 erat
735 4447 962 4502 Verbum
995 4449 1055 4503 ἰ
1087 4450 1376 4505 anathema
1411 4453 1503 4507 sit.
1538 4451 1595 4507 Si
1629 4454 1754 4524 quis
1789 4453 2002 4510 Patrem
2037 4481 2079 4535 ι)

419 4537 723 4608 unigenito,
746 4554 908 4607 quem
948 4539 1231 4609 produxit,
1289 4539 1430 4597 Filio
1469 4549 1716 4614 tempore
1757 4546 2002 4601 anterio-

422 4645 534 4684 rem
565 4645 690 4685 esse
714 4631 890 4696 dicat;
919 4629 1119 4686 Filium
1148 4647 1279 4687 vero
1326 4635 1490 4689 Patre
1516 4634 1793 4704 juniorem
1823 4652 1836 4688 :
1871 4651 2004 4691 ana-

420 4721 604 4776 thema
652 4720 743 4776 sit.
799 4719 858 4776 Si
914 4722 1040 4792 quis
1069 4723 1336 4793 temporis
1390 4733 1668 4794 expertem
1734 4726 2003 4798 unigeniti

419 4812 624 4868 Christi
654 4827 684 4866 a
721 4811 884 4868 Patre
922 4815 1295 4884 procedentis,
1324 4814 1662 4885 hypostasim
1691 4818 1758 4872 ad
1801 4819 2005 4888 ingeni-

420 4915 534 4974 tam
558 4901 654 4958 Dei
687 4903 986 4958 essentiam
1012 4902 1232 4967 referat,
1261 4911 1520 4974 tanquam
1543 4905 1876 4976 Υίοπάτορα,
1901 4905 2004 4961 hoc

419 5003 504 5050 est
556 4992 928 5062 Filiopatrem,
981 4994 1282 5064 appellans,
1315 4995 1602 5050 anathema
1666 4998 1754 5052 sit.
1791 4997 1846 5051 Si
1879 4999 2004 5067 quis

420 5088 536 5144 sola
563 5095 834 5158 potestate
863 5085 1080 5143 Patrem
1110 5088 1381 5160 unigeniti
1416 5087 1563 5154 Filii,
1595 5105 1703 5145 non
1735 5099 2006 5161 potestate

421 5181 606 5246 simul,
626 5189 681 5236 et
710 5181 949 5236 essentia
983 5196 1110 5236 esse
1138 5182 1382 5247 detiniat,
1412 5190 1671 5256 tanquam
1704 5185 1874 5240 solam
1902 5200 2003 5255 p0-

421 5280 672 5329 testatem
719 5289 1018 5344 usurpans,
1073 5285 1128 5328 et
1159 5290 1504 5331 communem
1538 5279 1589 5332 ei
1629 5293 1755 5332 cum
1786 5279 2002 5334 caeteris

421 5365 680 5434 operibus
707 5365 1078 5422 conditionem
1109 5366 1379 5431 tribuens,
1412 5383 1588 5438 neque
1613 5384 1932 5439 germanum
1970 5383 2002 5422 a

2101 495 2190 550 τὸν
2215 495 2440 558 ἀπαθῶς
2461 495 2662 550 τέλειον
2679 497 2742 548 ἐκ
2764 495 2871 549 τῶν
2891 496 2984 549 δύο
3010 497 3311 568 ὀνομάτων,
3343 499 3460 564 τοῦ,
3484 498 3690 554 ἔκτισὲ

2097 606 2192 658 με,
2227 588 2318 640 καὶ
2343 588 2458 648 τοῦ,
2485 586 2669 658 γεννᾷ
2692 605 2789 656 με,
2824 589 3030 658 κτίσμα
3061 589 3220 658 μόνον
3258 591 3562 659 ὁμολογῶν,
3595 594 3691 644 καὶ

2105 681 2303 752 μηκέτι
2359 680 2492 746 υἱὸν,
2523 680 2599 744 ὼς
2643 680 3026 752 παραδέδωκεν
3063 683 3096 751 ή
3141 682 3309 750 Σοφία
3355 683 3420 735 ἐκ
3454 682 3565 736 τῶν
3595 683 3689 737 δύο

2102 772 2342 836 εὐσεϐῶς
2373 773 2472 842 τὴν
2502 772 2710 825 ἔννοιαν
2731 789 2742 800 '
2773 773 3019 843 ἀνάθεμα
3049 774 3206 826 ἔστω.
3236 775 3346 828 Kal
3376 774 3427 826 εἶ
3455 793 3557 838 τις,
3593 776 3689 828 τοῦ

2103 865 2234 918 Υίοῦ
2267 866 2365 936 τὴν
2401 865 2498 934 μὲν
2552 865 2672 917 κατ’
2707 865 2896 918 οὐσίαν
2935 866 3069 938 πρὸς
3103 865 3193 918 τὸν
3225 865 3420 918 ἐαυτοῦ
3466 866 3690 936 Πατέρα

2101 957 2392 1028 ὁμοιότητα
2409 959 2542 1027 ἡμῖν
2569 956 3046 1020 ἀποκαλύπτοντπ
3070 957 3137 1010 δι’
3165 951 3240 1011 ὧν
3263 974 3396 1029 φησι
3413 975 3426 988 ·
3461 959 3688 1026 Ὥσπερ

2101 1049 2212 1117 γὰρ
2242 1051 2274 1101 ό
2305 1048 2508 1116 Πατὴρ
2553 1047 2706 1114 ζωὴν
2747 1047 2872 1116 ἔχει
2903 1049 2974 1102 ἐν
2999 1047 3208 1112 ἐαυτῷ,
3237 1049 3426 1115 οὕτως
3453 1048 3557 1102 καὶ
3608 1050 3689 1114 τῲ

2111 1139 2222 1204 Υἱῷ
2278 1139 2462 1193 ἔδωκε
2511 1137 2664 1206 ζωὴν
2704 1139 2871 1208 ἔχειν
2913 1139 2985 1192 ἐν
3032 1138 3224 1204 ἐαυτῷ
3251 1156 3262 1166 ·
3310 1141 3409 1211 τὴν
3457 1139 3514 1191 δὲ
3567 1140 3692 1192 κατ’

2102 1231 2382 1302 ἐνέργειαν
2412 1231 2478 1284 δι’
2533 1224 2608 1284 ὦν
2663 1230 2940 1285 παιδεύει⁶
3003 1233 3062 1286 ’Ἀ
3114 1232 3220 1302 γὰρ
3268 1231 3347 1284 ἂν
3402 1235 3436 1285 ό
3482 1231 3689 1300 Πατὴρ

2103 1323 2266 1392 ποιῇ,
2302 1325 2490 1378 ταῦτα
2519 1324 2614 1378 καὶ
2660 1328 2693 1378 ό
2742 1323 2874 1389 Υἱὸς
2905 1325 3119 1394 ὁμοίως
3160 1324 3344 1378 ποιεῖ·
3389 1325 3560 1394 μόνην
3589 1327 3688 1395 τὴν

2104 1418 2224 1470 κατ’
2277 1415 2560 1487 ἐνέργειαν
2598 1416 2893 1486 ὁμοιότητα
2938 1415 3186 1484 διδούσης
3221 1416 3354 1469 κατ’
3389 1415 3601 1477 οὐσίαν,
3651 1417 3687 1485 ἤ

2103 1509 2218 1561 ἐστι
2251 1508 2310 1560 τὸ
2339 1506 2876 1576 κεφαλαιωδέστατον
2919 1507 3076 1578 ἡμῶν
3108 1507 3206 1578 τῆς
3242 1507 3500 1570 πίστεως,
3556 1511 3692 1559 ἀπο-

2105 1598 2320 1670 στεροίη
2354 1598 2449 1651 τοῦ
2485 1597 2637 1659 Υἱοῦ,
2664 1597 2741 1662 ὡς
2771 1597 2962 1651 ἑαυτὸν
2992 1597 3309 1669 ἀποστερῶν
3337 1598 3436 1664 τῆς
3465 1601 3522 1649 ἐν
3551 1596 3688 1664 γνῶ·

2105 1705 2186 1742 σει
2221 1689 2435 1761 Πατρὸς
2464 1691 2557 1744 καὶ
2599 1689 2730 1743 Υἰοῦ
2766 1690 2985 1744 αἰωνίου
3022 1688 3166 1760 ζωῆς
3188 1707 3200 1718 ·
3240 1688 3491 1759 ἀνάθεμα
3526 1689 3688 1742 ἔστω.

2106 1782 2217 1836 Kal
2249 1781 2304 1834 εί
2335 1799 2438 1846 τις,
2471 1783 2550 1845 είς
2584 1781 2800 1852 Πατέρα
2838 1781 2933 1834 καὶ
2964 1781 3090 1834 Υίδν
3121 1779 3399 1834 πιστεύειν
3421 1777 3694 1847 ἐπαγγελ-

2105 1874 2353 1944 λόμενος,
2386 1874 2479 1927 τὸν
2523 1872 2743 1944 Πατέρα
2778 1871 2854 1944 μὴ
2887 1871 3075 1934 οὐσίας
3105 1871 3298 1941 ὁμοίας
3344 1869 3512 1922 αὐτοῦ
3543 1869 3692 1936 λέγοι

2108 1965 2348 2036 Πατέρα,
2395 1964 2532 2018 ἀλλά
2578 1963 2879 2035 ἐνεργείας,
2911 1963 2987 2026 ὡς
3030 1962 3286 2034 βεϐήλους
3325 1961 3692 2031 καινοφωνίας

2105 2029 2374 2129 κάτάτῆς
2405 2057 2594 2120 οὐσίας
2618 2029 2877 2110 τοίῦ-Υίοῦ
2915 2054 3009 2108 τοῦ
3030 2029 3174 2108 ,Θεοῦ
3202 2029 3534 2124 φθέγγεσθαι
3571 2053 3694 2105 τολ-

2109 2147 2249 2216 μῶν,
2284 2146 2374 2200 καὶ
2409 2147 2650 2216 ἀναιρῶν
2695 2145 2756 2197 τὸ
2797 2139 2936 2198 εἷναι
2964 2143 3180 2214 ἀληθῶς
3243 2145 3388 2197 υἱόν·
3441 2143 3693 2212 ἀνάθεμα

2107 2239 2265 2292 ἔστω.
2301 2239 2410 2292 Kal
2443 2238 2497 2291 εἴ
2517 2255 2607 2301 τις
2633 2238 2760 2291 Υίὸν
2786 2238 2970 2308 ὅμοιον
2999 2239 3118 2290 κατ’
3143 2237 3331 2289 οὐσίαν
3364 2237 3501 2290 νοῶν
3546 2238 3691 2289 ἐκεί-

2106 2347 2220 2393 νου,
2251 2325 2311 2383 οὗ
2340 2330 2436 2382 καὶ
2466 2332 2667 2382 νοεῖται
2707 2328 2841 2394 υἱὸς,
2882 2329 2916 2400 ἦ
2965 2327 3160 2382 ταυτὸν
3207 2327 3357 2396 λέγοι
3404 2328 3483 2401 τῷ
3520 2329 3694 2399 Πατρὶ

2105 2423 2198 2475 τὸν
2239 2421 2449 2492 Titani;
2502 2422 2668 2492 μέρος
2705 2421 2800 2474 τοῦ
2848 2421 3079 2492 Πατρὸς,
3116 2421 3150 2490 ἢ
3201 2421 3344 2474 κατά
3391 2422 3694 2493 ἀπόρροιαν

2108 2513 2202 2567 καὶ
2250 2513 2389 2567 κατά
2425 2513 2618 2579 πάθος,
2652 2513 2729 2576 ὼς
2771 2515 3120 2584 σωματικοὺς
3167 2513 3338 2578 υἱοὺς,
3368 2513 3460 2565 τὸν
3493 2514 3558 2566 ἐκ
3598 2510 3695 2564 τοῦ

2107 2607 2402 2678 ἀσωμάτου
2443 2606 2654 2677 Πατρὸς
2693 2606 2984 2676 ἀσώματον
3034 2607 3161 2660 Υἱὸν
3200 2607 3529 2672 ὑποστάντα,
3560 2605 3695 2659 ἀνά-

2108 2698 2250 2769 θεμα
2283 2698 2443 2752 έστω.
2479 2700 2590 2753 Kal
2630 2699 2683 2752 εί
2711 2717 2794 2762 τις
2827 2699 2916 2753 διὰ
2967 2700 3028 2753 τὸ
3071 2700 3165 2753 τὸν
3213 2700 3432 2771 Πατέρα
3482 2700 3695 2770 μήποτε

2107 2792 2240 2846 Υίὸν
2287 2790 2545 2854 νοεῖσθαι,
2593 2792 2687 2844 καὶ
2747 2791 2838 2846 τὸν
2897 2793 3019 2846 Υίὸν
3057 2793 3268 2864 μήποτε
3306 2793 3525 2865 Πατέρα
3557 2796 3698 2845 νοεῖ·

2109 2883 2257 2948 σθαι,
2287 2883 2476 2955 ἕτερον
2508 2882 2682 2952 λέγων
2713 2881 2804 2936 τὸν
2849 2883 2974 2938 Υίὸν
3009 2884 3162 2956 παρά
3197 2883 3288 2938 τὸν
3314 2884 3554 2956 Πατέρα,
3606 2884 3694 2938 διά

2105 2976 2170 3030 τὸ
2197 2976 2288 3030 τὸν
2340 2975 2563 3047 Πατέρα
2603 2974 2813 3047 ἕτερον.
2844 2969 3005 3039 εῖναι,
3053 2977 3148 3029 καὶ
3191 2975 3281 3031 τὸν
3315 2976 3464 3038 Υίὸν,
3511 2975 3696 3038 καθὼς

2108 3071 2356 3142 ετρηταιο
2411 3069 2629 3134 Ἄλλος
2677 3067 2854 3122 ἐστίν
2886 3071 2919 3122 ό
2964 3068 3279 3140 μαρτυρῶν
3328 3069 3464 3136 περὶ
3509 3067 3657 3138 ἐμοῦ
3677 3085 3691 3101 ³

2111 3164 2226 3229 καὶ,
2249 3161 2552 3231 Μαρτυρεῖ
2580 3162 2712 3234 γάρ,
2768 3163 2954 3235 φησιν,
2989 3165 3021 3216 ό
3067 3163 3311 3232 πέμψας
3342 3179 3421 3232 με
3455 3163 3689 3230 Πατήρ·

2108 3253 2197 3308 διὰ
2223 3253 2428 3324 ταύτην
2471 3251 2569 3324 τὴν
2599 3252 2798 3324 εὐσεϐῆ
2837 3255 2896 3308 ἐν
2940 3257 3005 3325 τῇ
3052 3254 3351 3326 Ἐκκλησία
3395 3254 3696 3325 νοουμένην

2113 3345 2353 3416 ἰδιότητα
2381 3344 2489 3398 τῶν
2522 3344 2850 3415 προσώπων,
2895 3345 3106 3417 Πατρὸς
3153 3346 3250 3416 μὲν
3289 3346 3384 3398 καὶ
3429 3345 3581 3409 Υίοῦ,
3612 3347 3696 3397 δε-

2108 3437 2258 3502 διὼς,
2312 3439 2523 3509 μήποτε
2586 3437 2783 3492 ταυτὸν
2831 3437 2997 3510 νοηθῇ
3034 3439 3161 3502 Υίὸς
3197 3439 3393 3510 Πατρὶ,
3442 3439 3696 3509 ἀνόμοιον

2109 3525 2257 3598 λέγοι
2290 3532 2409 3582 κατ’
2436 3529 2624 3583 οὐσίαν
2649 3529 2738 3583 τὸν
2765 3529 2893 3583 Υἱὸν
2922 3531 3000 3600 τῷ
3032 3531 3224 3602 Πατρὶ,
3254 3530 3504 3599 ἀνάθεμα
3531 3530 3690 3582 ἔστω.

2109 3623 2220 3677 Kal
2267 3622 2438 3686 εἴτις
2474 3624 2533 3674 ἐν
2572 3623 2748 3694 χρόνῳ
2776 3624 2867 3676 τὸν
2916 3623 3138 3694 Πατέρα
3182 3625 3401 3696 πατέρα
3447 3628 3557 3678 νοοῖ
3600 3625 3691 3676 τοῦ

2111 3713 2435 3784 μονογενοῦς
2465 3712 2620 3779 Υίοῦ,
2669 3715 2766 3768 καὶ
2803 3714 2878 3785 μὴ
2914 3715 3054 3786 ὑπὲρ
3087 3716 3330 3786 χρόνους,
3362 3716 3457 3769 καὶ
3507 3718 3650 3769 κατὰ
3673 3718 3693 3744 ⁶

2110 3806 2290 3870 πάσας
2339 3805 2690 3878 ἀνθρωπίνας
2739 3807 2950 3872 ἐννοίας
3004 3808 3250 3860 πιστεύει
3295 3807 3385 3860 τὸν
3429 3810 3691 3879 μονογενῆ

2111 3898 2239 3952 Υίὸν
2293 3899 2359 3952 ἐκ
2405 3898 2501 3952 τοῦ
2533 3898 2747 3970 Πατρὺς
2796 3899 3024 3964 ἀπαθῶς
3052 3900 3371 3970 ὑφεστάναι,
3404 3901 3480 3964 ὡς
3514 3919 3691 3970 παρα·

2111 3989 2316 4044 ϐαίνων
2345 3990 2409 4044 τὸ
2455 3990 2813 4045 ἀποστολικὸν
2861 3993 3144 4064 κήρυγμα,
3173 3992 3399 4063 χρόνους
3435 3992 3533 4062 μὲν
3565 3993 3694 4062 περὶ

2109 4083 2322 4154 Πατρὸς
2371 4083 2467 4137 καὶ
2520 4082 2648 4137 Υίοῦ
2699 4083 3121 4157 παρωσάμενον,
3173 4084 3384 4146 πιστῶς
3433 4084 3492 4137 δὲ
3547 4086 3689 4154 ἡμᾶς

2111 4174 2406 4229 παιδεῦσαν
2434 4175 2521 4229 τό·
2567 4177 2671 4230 Ἐν
2706 4175 2864 4246 ἀρχῇ
2896 4172 2975 4246 ἦν
3000 4180 3033 4230 ὀ
3059 4178 3269 4246 Λόγος,
3303 4176 3402 4230 καὶ
3432 4179 3466 4230 ό
3505 4177 3693 4243 Λόγγος

2109 4267 2191 4337 ἦν
2223 4266 2373 4336 πρὸς
2401 4266 2508 4321 τὸν
2537 4267 2705 4332 Θεὸν,
2732 4269 2830 4320 καὶ
2855 4267 2998 4334 Θεὸς
3019 4264 3096 4338 ἦν
3123 4271 3157 4322 ό
3189 4271 3411 4338 Λόγος,
3445 4267 3695 4338 ἀνάθεμα

2111 4359 2271 4414 ἔστω.
2326 4359 2434 4412 Kal
2473 4361 2528 4412 εῐ
2568 4377 2652 4422 τις
2691 4360 2782 4414 τὸν
2831 4361 3052 4432 Πατέρα
3101 4361 3472 4433 πρεσϐύτερον
3520 4361 3694 4432 χρόνῳ

2109 4452 2258 4521 λέγοι
2301 4452 2396 4504 τοῦ
2429 4451 2489 4517 ἐξ
2535 4453 2731 4506 ἐαυτοῦ
2763 4452 3085 4524 μονογενοῦς
3133 4453 3296 4508 Υἱοῦο
3350 4453 3613 4525 νεώτερον
3635 4454 3693 4507 δέ

2109 4547 2286 4618 χρόνῳ
2315 4546 2407 4600 τὸν
2439 4546 2569 4600 Υίὸν
2599 4546 2694 4600 τοῦ
2728 4547 2963 4620 Πατρὸς,
2995 4547 3246 4618 ἀνάθεμα
3281 4547 3441 4604 ἔστω.
3494 4548 3605 4600 Kal
3644 4550 3694 4600 ετ

2109 4655 2194 4702 τις
2225 4638 2287 4692 τὸ
2317 4639 2544 4709 ἄχρονον
2575 4637 2678 4707 τῆς
2713 4637 2808 4692 τοῦ
2851 4639 3174 4710 μονογενοῦς
3205 4638 3446 4710 Χριστοῦ
3479 4641 3544 4692 ἐκ
3585 4640 3693 4692 Πα-

2107 4728 2237 4800 τρὸς
2302 4729 2653 4792 ὑποστάσεως
2714 4729 2807 4782 ἐπὶ
2862 4729 2963 4798 τὴν
3029 4729 3326 4800 ἀγέννητον
3384 4727 3480 4782 τοῦ
3557 4726 3691 4781 Θεοῦ

2109 4819 2299 4874 οὐσίαν
2359 4821 2661 4892 ἀναφέροι,
2694 4819 2770 4884 ὼς
2823 4822 3125 4893 υίοπάτορα
3180 4821 3392 4888 λέγων,
3447 4818 3689 4888 ἀνάθεμα

2111 4909 2272 4964 ἔστω.
2306 4910 2419 4964 Kal
2453 4909 2507 4963 el’
2531 4927 2615 4974 τις
2647 4908 2863 4982 ἐξουσίᾳ
2893 4911 3030 4981 μόνῃ
3061 4911 3151 4964 τὸν
3179 4908 3402 4979 Πατέρα
3427 4908 3574 4975 λέγοι
3601 4909 3690 4959 τοῦ

2113 5002 2437 5074 μονογενοῦς
2484 5002 2638 5070 Υίοῦ,
2681 5005 2776 5056 καὶ
2829 5003 2905 5074 μὴ
2945 5002 3164 5073 ἐξουσίᾳ
3218 5000 3357 5072 ὁμοῦ
3415 5002 3507 5054 καὶ
3538 5001 3693 5070 οὐσίᾳ.

2110 5095 2327 5166 Πατρὸς
2376 5094 2700 5166 μονογενοῦς
2752 5095 2904 5162 Υίοῦ,
2955 5095 3030 5159 ὼς
3084 5095 3252 5166 μόνην
3298 5093 3398 5165 τὴν
3450 5093 3692 5158 ἐξουσίαν

2109 5187 2423 5258 λαμϐάνων,
2451 5188 2545 5242 καὶ
2569 5186 2889 5241 κοινοποιῶν
2909 5187 3072 5240 αὐτὸν
3100 5187 3238 5258 πρὸς
3258 5185 3324 5239 τά
3351 5185 3515 5238 λοιπά
3542 5186 3691 5252 ποιή-

2113 5296 2278 5348 ματα,
2313 5279 2409 5334 καὶ
2439 5281 2499 5334 οὐ
2530 5279 2705 5349 λέγων
2726 5279 2941 5351 ἀληθῶς
2969 5279 3035 5331 ἐκ
3056 5278 3270 5350 Πατρός
3299 5280 3524 5348 γνήσιον
3546 5277 3690 5336 Υἱὸν,

2109 5369 2358 5441 ἀνάθεμα
2411 5369 2570 5424 ἔστω.
2623 5372 2733 5426 Kal
2782 5371 2838 5424 εί
2855 5387 2940 5434 τις
2985 5369 3204 5440 ἐξουσίᾳ
3236 5369 3332 5422 καὶ
3379 5369 3537 5438 οὐσία
3581 5368 3691 5435 (i9)

491 5522 507 5553 ¹
536 5520 696 5577 Joan.
733 5541 786 5589 ν,
820 5525 906 5579 l9.
979 5525 999 5555 ’
1025 5524 1199 5578 l'l‘im.
1235 5540 1313 5591 vi,
1353 5523 1439 5577 10.
1511 5522 1533 5554 ³
1562 5521 1722 5577 Joan.
1755 5539 1805 5587 ν,
1843 5523 1932 5577 '52.

2107 5537 2227 5578 Dan.
2271 5539 2391 5588 vni,
2416 5524 2509 5579 28.
2586 5526 2606 5556 '
2637 5522 2797 5580 Joan.
2831 5541 2870 5591 ι,
2900 5525 2950 5579 1.
3024 5525 3045 5556 ⁸
3072 5525 3133 5580 F.
3166 5524 3339 5596 παρά.
3373 5497 3385 5506 ’

495 5678 608 5750 (49)
649 5680 756 5732 Kal
792 5681 848 5732 ει
891 5698 981 5746 τις
1009 5681 1262 5747 ἐξουσίᾳ
1302 5681 1399 5734 καὶ
1441 5681 1641 5746 οὐσίᾳ.
1683 5680 2002 5736 Postremus
2029 5683 2042 5698 '

424 5749 516 5806 me
562 5750 1044 5807 anathematismus
1079 5753 1220 5822 apud
1259 5751 1522 5806 llilarium
1558 5767 1665 5806 non
1696 5761 1996 5822 comparet,

2110 5681 2202 5755 qui
2245 5682 2363 5736 sine
2385 5682 2553 5755 dubio
2578 5685 2868 5755 lirereticus
2893 5693 2998 5747 est,
3028 5693 3304 5755 quatenus
3333 5684 3689 5741 consubstan-

2109 5753 2294 5808 tialem
2320 5769 2443 5811 esse
2468 5754 2618 5810 Patri
2646 5753 2843 5810 Filium
2875 5753 3078 5825 negat‘:
3111 5757 3215 5812 hoc
3242 5768 3326 5814 est
3353 5771 3532 5829 neque
3558 5755 3685 5824 ὀμο-
