3990 6228
423 280 532 337 427

1835 275 1896 335 S.
1953 271 2295 330 EPIPHANII

3574 277 3700 336 4⁵28

426 392 626 459 Veteri,
655 392 740 450 vel
781 390 933 448 Novo
953 389 1304 448 Testamento
1330 396 1517 463 aperte
1551 390 1842 461 reperitur,
1891 389 1986 446 sed

2106 386 2236 460 λαιᾷ
2275 385 2372 441 καὶ
2400 384 2575 457 Καινῇ
2608 387 2672 442 οὑ
2709 387 2886 442 κεῖται
2911 387 3307 461 Γραφῇ,ὁνοῦς
3321 389 3379 445 δὲ
3401 389 3699 463 πανταχοῦ

422 485 569 557 quod
612 501 678 542 eo
724 483 1086 556 signillcatur,
1139 486 1343 556 passim
1398 498 1716 554 expressum
1761 482 1995 553 legitur:

421 579 479 634 in
500 577 692 648 primis
719 577 776 631 in
807 591 872 632 eo
901 576 1040 642 loco,
1076 575 1130 630 in
1155 589 1263 646 quo
1300 574 1443 631 Deus
1475 575 1710 646 Moysem
1749 576 1996 642 mittens,

421 670 502 726 sic
529 669 577 724 ei
626 670 843 724 loeutus
871 677 956 724 est
985 686 998 722 :
1045 665 1136 722 Sic
1173 666 1311 721 dices
1343 666 1473 736 ﬁliis
1491 665 1668 721 Israel
1687 681 1705 720 :
1730 666 1835 734 Qui
1856 676 1934 721 est
1957 667 1996 732 ³,

421 767 529 813 etc.
561 757 719 824 Quod
766 758 834 814 de
862 756 1024 814 Patre
1075 757 1376 828 praesertim
1407 756 1627 820 dicitur,
1685 757 1778 827 qui
1811 757 2002 813 ordine

419 849 630 918 primus
690 848 1033 919 intelligitur,
1067 864 1100 900 a
1133 863 1234 918 quo
1262 847 1433 902 omnis
1462 847 1758 914 paternitas
1791 847 1847 901 in
1872 846 2000 902 cwlo

417 949 467 993 et
489 939 541 992 in
571 947 713 992 terra
763 939 1070 993 nominatur
1104 937 1144 990 ³.
1185 935 1288 1004 Qui
1319 952 1496 1008 neque
1526 937 1596 992 ab
1651 937 1764 992 ullo
1811 945 1914 1002 est,
1948 945 2002 993 et

420 1028 488 1083 iis
513 1043 636 1098 quae
666 1034 813 1092 sunt,
848 1041 1013 1081 causa
1049 1033 1132 1082 est
1167 1037 1226 1080 ut
1254 1026 1385 1082 sint.
1436 1025 1640 1082 Verum
1680 1042 1804 1082 cum
1831 1036 1884 1082 et
1908 1025 2000 1081 Fi-

421 1122 526 1175 lius
558 1121 628 1175 sit
654 1118 947 1185 exsistens,
976 1125 1029 1173 et
1060 1117 1192 1172 illud
1224 1118 1325 1173 sibi
1352 1119 1820 1174 communicatum
1844 1134 2000 1174 acce-

421 1211 580 1281 perit,
631 1209 837 1266 Paulus
889 1208 1282 1265 Samosatenus
1332 1217 1387 1264 et
1443 1210 1740 1266 Marcellus
1791 1210 1860 1264 ab
1908 1209 2000 1264 illa

415 1299 645 1357 Joannis
690 1302 980 1365 sententia,
1017 1316 1123 1372 qua
1151 1302 1416 1373 scriptum
1446 1309 1574 1357 est:
1620 1300 1688 1356 In
1738 1303 1999 1372 principio

416 1401 532 1446 erat
592 1390 814 1445 Verbum
851 1390 902 1457 ³,
951 1398 1086 1459 ete.,
1134 1393 1340 1448 erroris
1373 1392 1719 1447 occasionem
1752 1392 2000 1462 arripue-

417 1492 565 1546 runt,
593 1491 652 1535 ut
683 1481 776 1536 Dei
803 1481 1000 1536 Filium
1033 1495 1163 1537 vere
1190 1496 1314 1538 esse
1364 1480 1563 1536 Filium
1599 1482 1810 1538 nollent
1833 1498 2000 1553 agno-

420 1585 592 1625 scere.
632 1569 738 1626 Sed
768 1586 836 1626 ex
883 1571 1002 1641 ipsa
1042 1568 1200 1625 Verbi
1242 1570 1607 1642 appellatione
1659 1586 1871 1636 ansam,
1913 1573 1994 1627 uti

415 1661 673 1729 diximus,
697 1661 1046 1732 arripientes,
1097 1660 1297 1716 Filium
1329 1660 1423 1717 Dei
1471 1662 1818 1730 vocabulum,
1848 1663 1997 1735 quod

2099 476 2322 547 φέρεται
2343 491 2356 506 ⁸
2391 477 2485 531 καὶ
2509 477 2727 549 πρῶτον
2747 479 2840 547 ἀφ’
2867 473 2944 533 ὧν
2966 481 2995 534 6
3023 481 3156 545 Θεὸς
3181 482 3416 552 πέμπων
3441 483 3700 538 Μωῦσέα

2100 571 2321 643 εἴρηκεν
2337 586 2351 601 ·
2379 570 2578 638 Οὕτως
2600 571 2755 642 ἐρεῖς
2773 575 2899 640 τοῖς
2911 573 3064 640 υιοῖς
3090 574 3337 642 Ἰσραήλ
3354 592 3368 606 .
3405 576 3466 630 σο
3483 576 3594 642 ὢν,
3611 575 3701 640 ὡς

2099 661 2190 715 ἐπὶ
2202 661 2294 715 τοῦ
2312 659 2542 732 πρώτως
2556 664 2842 734 νοουμένου
2860 665 3094 735 Πατρδς,
3111 665 3180 730 ἐξ
3195 661 3264 722 οὗ
3283 666 3453 722 πᾶσα
3465 667 3700 735 πατριὰ

2098 753 2171 807 ἐν
2207 754 2443 823 οὐρανῷ
2493 755 2592 811 καὶ
2647 753 2748 808 ἐπὶ
2778 755 2894 825 γῆς
2936 755 3298 825 ὀνομάζεται,
3348 759 3378 810 6
3426 759 3573 829 μήτε
3626 757 3700 810 ἐκ

2098 861 2242 909 τινος
2273 844 2372 912 ὢν,
2406 847 2500 900 καὶ
2529 848 2643 910 τοῖς
2697 841 2848 900 οὖσιν
2890 846 3061 911 αἴτιος
3092 845 3192 904 ὢν.
3240 849 3453 920 Ἐπειδὴ
3480 849 3545 902 δὲ
3593 849 3701 902 καὶ

2101 936 2229 1002 Υἱός
2275 940 2424 993 ἐστιν
2450 940 2479 992 6
2521 937 2618 1004 ὢν,
2669 937 2829 992 ἔλασε
2861 938 2918 993 δὲ
2963 939 3073 992 ἀπὸ
3111 938 3208 993 τοῦ
3236 939 3378 993 κατὰ
3429 941 3700 1010 Ἰωάννην

2100 1029 2432 1099 Εὑαγγελίου
2462 1031 2688 1100 λέγοντα
2711 1070 2726 1096 ,
2781 1031 2878 1086 Ἐν
2903 1031 3064 1101 ἀρχῇ
3097 1027 3178 1103 ἦν
3201 1034 3236 1086 ὁ
3263 1033 3470 1108 Λόγος,
3519 1033 3700 1104 ἀφορ-

2102 1119 2208 1190 μὴν
2241 1118 2439 1190 εὕρατο
2466 1119 2679 1184 Παῦλος
2723 1121 2753 1173 6
2796 1120 3146 1191 Σαμοσατεὺς
3189 1121 3283 1175 καὶ
3333 1121 3696 1192 Μάρκελλος,

2099 1210 2280 1264 οὐκέτι
2310 1209 2555 1274 θέλοντες
2604 1209 2784 1279 λέγειν
2813 1211 2904 1264 τὸν
2934 1211 3062 1266 Υἰὺν
3089 1211 3182 1265 τοῦ
3207 1211 3342 1265 Θεοῦ
3383 1213 3518 1267 Υίὸν
3551 1214 3699 1284 6.11;-

2101 1299 2229 1365 Θῶς,
2263 1300 2397 1354 ἀλλὰ
2423 1301 2531 1354 ἀπὸ
2561 1301 2654 1354 τοῦ
2689 1304 2881 1371 Λόγος
2906 1302 3169 1373 ὀνόματος
3201 1305 3451 1376 ἀφορμὴν
3487 1305 3697 1359 λαϐόν-

2099 1403 2211 1454 τες,
2243 1389 2408 1460 φημὶ,
2435 1391 2502 1444 ἐκ
2534 1391 2800 1462 στόματος
2830 1393 2980 1463 ρῆμα
3006 1393 3100 1445 καὶ
3127 1393 3345 1465 φθέγμα
3371 1394 3696 1466 ἠϐουλήθη-

2101 1496 2202 1535 σαν
2251 1483 2424 1536 είπεῖν
2477 1483 2570 1537 τὸν
2620 1483 2748 1536 Υίὸν
2797 1484 2892 1538 τοῦ
2944 1483 3102 1548 Θεοῦ,
3153 1484 3588 1556 ἡναγκάσθησαν
3639 1487 3699 1539 οἱ

2099 1572 2360 1645 Πατέρες,
2394 1573 2445 1626 οἱ
2483 1573 2767 1646 κρίναντες
2809 1573 3024 1627 Παῦλον
3055 1574 3147 1628 τὸν
3193 1575 3542 1646 Σαμοσατὲα,
3593 1575 3697 1629 ἐπὶ

2098 1661 2176 1732 τῷ
2220 1661 2446 1734 τοιούτῳ
2502 1662 2816 1734 ὲρωτισμῷ,
2873 1664 2959 1717 ἵνα
3009 1663 3272 1730 δείξωσιν,
3325 1666 3408 1719 ὅτι
3456 1667 3485 1719 6
3553 1665 3694 1729 Υίὸς

414 1754 484 1807 ab
507 1769 606 1808 ore
636 1752 903 1824 procedit,
947 1767 1011 1808 ac
1034 1767 1222 1808 vocem
1257 1753 1532 1808 nominari
1566 1734 1879 1810 voluerunt.
1912 1754 1996 1812 Ob

2101 1751 2394 1807 ὑπόστασιν
2446 1752 2580 1825 ἔχει,
2631 1756 2728 1809 καὶ
2772 1754 3033 1826 ὑπάρχων
3076 1756 3214 1820 ἐστὶ,
3268 1757 3362 1810 καὶ
3386 1755 3462 1809 ὢν
3500 1757 3689 1824 ἑστιν,

413 1842 470 1899 id
500 1843 693 1900 Patres
719 1845 817 1911 illi,
837 1845 932 1914 qui
953 1844 1184 1899 Paulum
1208 1843 1624 1900 Samosatenum
1641 1845 1990 1914 damnarunt,

413 1937 485 1991 ob
519 1938 678 1992 talem
708 1937 1316 2008 interrogatiunculam,
1349 1943 1408 1990 ut
1434 1936 1634 1992 Filium
1684 1937 1992 1995 subsisten-

414 2036 545 2093 tetn,
574 2037 628 2084 et
649 2029 1030 2097 exsistentem,
1062 2037 1116 2084 et
1161 2044 1285 2084 eum
1317 2029 1410 2098 qui
1441 2037 1546 2095 est,
1601 2044 1722 2086 esse
1767 2031 1996 2087 demon-

413 2130 672 2189 strarent,
719 2137 829 2177 non
900 2128 1081 2177 autem
1122 2121 1448 2176 vocabulum
1489 2121 1749 2192 aliquod,
1796 2121 1994 2179 Filium

413 2215 780 2270 substantiam
810 2221 871 2268 ut
905 2219 1163 2268 vocarent
1194 2212 1417 2267 adducti
1476 2220 1607 2268 sunt
1650 2227 1663 2264 :
1709 2227 1816 2284 qua
1864 2215 1996 2270 sub-

413 2305 630 2360 stantiae
669 2305 1033 2376 appellatione
1083 2304 1139 2360 id
1193 2304 1340 2375 quod
1376 2319 1473 2376 per
1505 2304 1744 2374 seipsum
1775 2305 1994 2361 exsistit

411 2393 482 2448 ab
505 2409 571 2449 eo
611 2394 758 2464 quod
793 2408 889 2464 per
940 2409 1000 2450 se
1047 2409 1156 2449 non
1209 2394 1427 2450 exsistit
1460 2395 1645 2466 aliquo
1674 2395 1995 2453 discrimine

413 2497 749 2558 separarent.
776 2486 988 2543 Etenim
1026 2487 1352 2542 vocabulum
1385 2501 1482 2555 per
1520 2501 1641 2542 sese
1672 2501 1780 2542 non
1810 2486 1994 2542 subsi-

413 2580 531 2642 stit,
577 2594 681 2633 nec
731 2594 852 2633 esse
909 2576 1005 2632 Dei
1059 2576 1232 2632 Filius
1289 2583 1490 2647 potest.
1549 2575 1767 2646 Alioqui
1803 2576 1992 2646 plures

413 2673 574 2720 erunt
601 2667 705 2720 hoc
735 2665 894 2720 modo
928 2665 1022 2719 [illi
1063 2665 1175 2720 Dei.
1198 2664 1332 2719 Nam
1370 2663 1534 2720 Pater
1552 2666 1720 2719 multa
1751 2667 1994 2722 omnium

414 2755 763 2811 confessione
808 2754 948 2810 Filio
987 2755 1207 2810 locutus
1252 2761 1355 2820 est,
1392 2763 1452 2810 ut
1480 2769 1606 2809 cum
1634 2755 1773 2811 dixit
1808 2775 1821 2810 :
1863 2754 1994 2810 Fiat

413 2847 844 2915 firmamentum;
877 2845 1042 2900 Fiant
1090 2846 1413 2910 luminaria;
1445 2845 1718 2900 Producat
1772 2855 1911 2901 terra
1940 2847 1988 2913 ‘,

412 2945 518 2993 etc.
574 2937 705 2992 Item
742 2953 755 2989 τ
815 2934 1105 2992 Faciamus
1149 2936 1411 2991 hominem
1455 2937 1500 2991 ⁸.
1559 2934 1746 3008 Itaque
1792 2934 1990 2992 Filium

2094 1842 2215 1912 οὐχὶ
2246 1843 2304 1896 δὲ
2331 1843 2486 1915 ῥῆμά
2525 1845 2693 1912 ἐστιν,
2726 1845 2914 1898 οὐσίαν
2947 1847 3121 1898 εἰπεῖν
3156 1846 3366 1899 καὶτὸν
3391 1847 3550 1914 Υἰδν,
3583 1848 3694 1918 τὴν

2094 1930 2359 2004 διαφορὰν
2389 1933 2485 1987 τοῦ
2523 1951 2583 1987 τε
2637 1935 2758 1989 καθ’
2791 1936 2984 1990 ἑαυτὸν
3033 1936 3379 2008 ἀνυπάρκτου
3429 1938 3528 1992 καὶ
3584 1937 3690 1992 τοῦ

2096 2019 2430 2091 ὑπάρχοντος
2467 2022 2542 2094 τῷ
2589 2024 2690 2094 τῆς
2741 2025 2929 2090 οὐσίας
2979 2027 3203 2098 ὀνόματι
3253 2029 3687 2095 ἐπιδεικνύντες.

2096 2108 2170 2163 Τὸ
2203 2111 2303 2181 μὲν
2344 2111 2455 2184 γὰρ
2481 2114 2632 2184 ῥῆμα
2667 2116 2788 2170 καθ’
2820 2118 2982 2170 ἑαυτὸ
3023 2118 3368 2192 ἀνύπαρκτόν
3395 2122 3512 2174 ἐστι
3535 2137 3553 2151 ⁸
3585 2122 3691 2176 καὶ

2095 2202 2155 2255 οὑ
2185 2201 2408 2258 δύναται
2452 2201 2593 2259 εἶναι
2625 2205 2752 2270 Υἱὸς
2797 2208 2954 2275 Θεοῦ,
3009 2211 3131 2264 ἐπεὶ
3175 2211 3358 2264 πολλοί
3403 2228 3466 2280 γε
3495 2211 3691 2278 οὕτως

2095 2291 2310 2350 ἔσονται
2350 2297 2458 2351 υἱοὶ
2495 2296 2651 2352 Θεοῦ.
2687 2299 2866 2354 Πολλὰ
2897 2300 3007 2372 γὰρ
3035 2303 3063 2355 6
3099 2302 3291 2375 Πατὴρ
3333 2302 3686 2373 ὁμολογεῖται

2094 2383 2269 2442 λαλῶν
2317 2387 2398 2459 τῷ
2444 2388 2580 2460 Υίῷ,
2609 2389 2741 2445 ὅταν
2781 2390 2916 2463 λέγῃ
2933 2408 2947 2422 ’
2983 2393 3298 2461 Γενηθήτω
3348 2396 3685 2465 στερέωμα,

2097 2479 2543 2550 Γενηθήτωσαν
2559 2483 2873 2555 φωστῆρες
2891 2499 2908 2517 ·
2935 2483 3306 2557 Ἐξάγαγιέτω
3323 2481 3362 2550 ἠ
3405 2482 3484 2553 γῆ
3501 2500 3516 2514 ·
3557 2488 3687 2540 καέι·

2093 2565 2444 2637 Ποιήσωμεν
2498 2568 2832 2639 ἄνθρωπον.
2891 2571 3057 2625 ’Ὥστε
3108 2575 3138 2627 6
3188 2573 3381 2645 Πατὴρ
3432 2575 3508 2647 τῷ
3561 2576 3688 2647 Υιῷ

2094 2653 2263 2711 λαλεῖ.
2304 2659 2415 2712 Καὶ
2437 2661 2486 2713 οἱ
2518 2660 2616 2730 μὲν
2645 2661 2790 2730 λόγοι
2824 2662 2919 2716 τοῦ
2951 2661 3086 2717 Θεοῦ
3112 2661 3205 2727 οὓς
3230 2662 3382 2717 λαλεῖ
3418 2664 3496 2736 τῷ
3531 2666 3682 2738 Υἰῷ,

2093 2747 2194 2800 οὐκ
2222 2749 2358 2802 εἰσιν
2398 2750 2536 2804 υἱοί·
2569 2752 2598 2804 ὁ
2630 2751 2688 2805 δὲ
2734 2752 2876 2819 Υἱὸς,
2908 2753 3046 2826 πρὸς
3085 2754 3144 2808 ὃν
3189 2753 3344 2809 λαλεῖ
3385 2757 3413 2810 6
3457 2757 3681 2830 Πατὴρ,

2097 2838 2236 2908 μετὰ
2275 2839 2388 2894 τῶν
2421 2841 2595 2897 ἄλλων
2621 2843 2858 2908 εὐσεϐῶς
2894 2845 3135 2900 καλεῖται
3173 2847 3358 2917 ἄρτος,
3408 2848 3500 2902 καὶ
3530 2849 3681 2919 ζωὴ,

2094 2928 2186 2981 καὶ
2217 2929 2532 2998 ἀνάστασις,
2587 2932 2670 2987 ἔτι
2734 2933 2827 2987 κα)⁸
2861 2935 3033 3004 Λόγος
3086 2935 3438 3006 ὀνομάζεταιο
3482 2937 3683 3008 ἐπειδὴ

411 3027 573 3087 Pater
608 3029 924 3099 alloquitur.
951 3027 1124 3084 Porro
1167 3028 1246 3082 illi
1293 3027 1398 3098 ipsi
1451 3041 1756 3094 sermones,
1792 3028 1990 3098 quibus

2101 3019 2370 3091 ἑρμηνεύς
2413 3024 2530 3076 ἐστι
2555 3023 2664 3077 τῶν
2687 3023 2781 3078 τοῦ
2821 3025 2956 3078 Θεοῦ
3000 3026 3372 3099 βουλημάτων.
3423 3029 3540 3082 Ἵνα
3601 3029 3683 3099 μὴ

414 3120 483 3176 ad
530 3120 727 3174 Filium
776 3119 935 3175 Pater
967 3122 1158 3185 utitur,
1193 3118 1290 3174 lilii
1344 3134 1452 3175 non
1505 3127 1654 3175 sunt.
1711 3120 1782 3175 At
1804 3119 1993 3188 Filius,

413 3224 580 3280 quem
607 3207 770 3262 Pater
803 3209 1120 3278 alloquitur,
1145 3209 1290 3263 inter
1310 3215 1537 3263 caeteras
1575 3205 1994 3276 appellationes,

413 3301 597 3371 panis,
640 3300 774 3366 vita,
808 3300 1141 3356 resurrectio
1185 3297 1254 3354 ac
1280 3298 1517 3369 denique
1541 3296 1780 3352 Verbum
1835 3297 2000 3353 etiam

416 3391 645 3456 dicitur,
673 3407 738 3447 eo
758 3392 904 3462 quod
936 3392 1028 3447 Dei
1063 3391 1135 3447 sit
1179 3391 1482 3446 voluntatis
1522 3389 1813 3460 interpres.
1835 3391 2002 3462 860

416 3482 690 3550 Quocirca
715 3496 782 3536 ne
805 3480 1044 3536 haeretici
1083 3480 1399 3536 rudioribus
1423 3479 1768 3549 imponentes
1801 3476 2001 3534 Filium

417 3572 561 3626 idem
595 3585 717 3626 esse
747 3585 869 3625 cum
913 3570 996 3626 bis
1021 3571 1222 3636 verbis,
1255 3585 1375 3639 quae
1423 3567 1586 3625 Pater
1631 3569 1846 3626 locutus
1873 3575 1999 3638 est,

418 3670 728 3727 censerent,
755 3661 822 3716 ad
843 3660 936 3717 Dei
972 3659 1091 3714 Filii
1120 3659 1505 3716 declarandum
1554 3659 1622 3714 ab
1659 3659 1812 3715 hisce
1841 3674 2002 3715 voca-

417 3754 584 3818 bulis,
616 3767 737 3824 quae
759 3753 973 3808 locutus
994 3760 1080 3809 est
1102 3752 1283 3817 Pater,
1303 3753 1622 3817 discrimen,
1645 3751 1843 3808 Filium
1870 3751 2002 3809 sub-

423 3845 682 3900 stantiam
715 3844 974 3916 appellari
1007 3851 1260 3914 oportere
1284 3844 1681 3911 decreverunt;
1733 3850 1897 3914 atque
1926 3843 2001 3897 ita

421 3937 720 3994 discrimen
749 3934 884 3991 illud
914 3936 1348 4000 constituerunt,
1381 3945 1442 3990 ut
1486 3943 1540 3990 et
1590 3933 1732 3989 Deus
1758 3933 1830 3989 sit
1857 3934 2002 3988 exsi-

422 4038 597 4093 stens,
627 4037 681 4085 et
711 4027 878 4084 verba
929 4028 1022 4082 illa
1050 4042 1172 4099 quae
1203 4025 1582 4098 pronuntiavit
1633 4025 1800 4090 Deus,
1829 4024 2001 4080 exsti-

421 4123 561 4177 tisse
599 4121 875 4187 dicantur,
909 4119 1006 4176 sed
1053 4134 1398 4190 nequaquam
1432 4116 1773 4180 substantiae,
1809 4129 2002 4169 verum

418 4209 813 4284 pronuntiandi
831 4208 1078 4265 actiones
1098 4224 1222 4266 esse
1239 4217 1592 4265 censeantur:
1615 4212 1672 4260 at
1695 4204 1864 4260 Filius
1877 4218 2001 4259 cum

421 4301 661 4358 Verbum
691 4303 786 4368 sit,
817 4319 927 4358 non
968 4303 1112 4357 actio
1141 4301 1391 4371 quaedam
1444 4298 1722 4370 loquendi,
1772 4295 1888 4362 sed,
1917 4304 2003 4350 ut.

2100 3109 2215 3178 οῦν,
2259 3113 2576 3179 ἀπατῶντες
2595 3118 2721 3181 τοὺς
2751 3117 3169 3190 ἁπλουστέρους,
3209 3121 3300 3174 τὸν
3325 3121 3453 3174 Υίὺν
3478 3121 3683 3174 ταυτὸν

2099 3201 2328 3272 λέγωσιν
2389 3207 2440 3259 ol.
2492 3208 2755 3284 αὶρετικρὶ
2814 3212 2926 3273 τοῖς
2973 3209 3153 3279 λόγοις
3211 3215 3324 3276 τοῖς
3373 3212 3524 3284 παρὰ
3579 3211 3682 3265 τοῦ

2100 3291 2234 3345 Θεοῦ
2267 3293 2634 3366 λαλουμένοις,
2669 3298 2728 3351 τὸ
2754 3299 3009 3370 διάφορον
3032 3302 3127 3355 τοῦ
3155 3301 3286 3355 Υίοῦ
3310 3302 3406 3356 τοῦ
3439 3302 3577 3356 Θεοῦ
3601 3303 3684 3366 ὡς

2101 3382 2236 3453 πρὸς
2271 3383 2340 3436 τὰ
2367 3385 2588 3455 ῥήματα
2615 3385 2710 3440 τοῦ
2753 3387 2887 3442 Θεοῦ
2918 3389 3327 3455 ὑποδεικνύντες
3358 3392 3408 3445 οἱ
3431 3391 3684 3465 Πατέρες

2101 3472 2192 3527 τὸν
2226 3473 2377 3542 Υίὸν,
2433 3477 2596 3546 φημὶ,
2630 3479 2818 3532 οὐσίαν
2855 3479 3157 3535 ἐκάλεσανο
3204 3481 3378 3546 οὓτως
3426 3481 3522 3553 τὴν
3551 3483 3680 3537 δια-

2103 3567 2273 3638 φορὰν
2311 3569 2704 3640 παριστῶντες,
2739 3572 2820 3625 ὅτι
2849 3572 2879 3622 ὁ
2912 3571 3044 3636 Θεὸς
3074 3572 3149 3626 ὧν
3173 3573 3343 3638 ἐστιν,
3384 3574 3478 3626 καὶ
3512 3575 3562 3626 oi
3592 3573 3684 3627 λό-
3731 3595 3744 3602 ’

2101 3674 2211 3726 γοι,
2260 3657 2355 3722 οὒς
2400 3659 2570 3725 λαλεῖ,
2616 3661 2767 3726 ὄντες
2791 3679 2804 3693 °
2843 3663 2960 3740 ἀλλ’
3010 3663 3110 3717 οὐκ
3161 3665 3339 3719 οὐσίαι
3384 3663 3478 3718 τοῦ
3515 3663 3680 3729 Θεοῦ,

2102 3747 2352 3802 λεκτικαὶ
2397 3749 2455 3804 δὲ
2494 3750 2785 3822 ἐνέργειαι.
2832 3753 2891 3807 Ὀ
2935 3754 2992 3808 δὲ
3045 3754 3173 3819 Tib;
3218 3757 3389 3826 Λόγος
3418 3757 3519 3824 ὣν,
3552 3759 3681 3830 οὐχὶ

2105 3839 2356 3910 ἐνέργεια
2401 3840 2624 3914 λεκτική
2653 3845 2770 3898 ἐστι
2797 3845 2891 3900 τοῦ
2925 3846 3082 3911 Θεοῦ,
3111 3846 3227 3902 ἀλλ’
3260 3848 3387 3912 Υἱὸς
3417 3848 3497 3903 ὣν
3522 3851 3684 3904 οὐσία

2104 3931 2271 3985 ἐστίν.
2312 3933 2376 3985 Ei
2403 3931 2512 4005 γὰρ
2543 3935 2573 3987 6
2614 3935 2805 4007 Πατὴρ
2843 3934 2939 4003 ὢν,
2971 3938 3067 3991 καὶ
3092 3938 3221 4004 Tib;
3248 3939 3355 3992 ὤν’
3396 3939 3472 3993 ὢν
3498 3939 3553 3994 δὲ
3585 3941 3681 3994 οῦ-

2105 4037 2212 4086 τως
2240 4022 2270 4074 6
2310 4022 2458 4086 Υἱὸς,
2489 4023 2566 4088 ὡς
2592 4025 2657 4079 ἐκ
2702 4026 2794 4080 τοῦ
2826 4027 2961 4082 Θεοῦ
2991 4027 3130 4100 ἔχων
3161 4030 3398 4102 γνησίως
3430 4031 3491 4085 τὸ
3518 4027 3680 4098 εἶναι,

2107 4109 2278 4178 Λόγος
2327 4112 2650 4185 νοηθήσεται
2699 4117 2729 4170 6
2780 4115 2930 4185 Υίὺς,
2976 4121 3075 4192 οὐχ
3107 4121 3183 4185 ὡς
3213 4123 3264 4176 oi
3300 4121 3468 4191 λόγοι,
3501 4125 3552 4177 oi
3595 4124 3685 4180 διὰ

2103 4201 2239 4256 Θεοῦ
2272 4203 2610 4278 λαλούμενοι.
2648 4209 2878 4264 Ἐκεῖνοι
2910 4211 3019 4284 γὰρ
3079 4212 3140 4266 τὸ
3181 4209 3322 4268 εἶναι
3363 4217 3423 4270 ὲν
3465 4216 3544 4288 τῷ
3589 4217 3686 4270 λα-

2104 4292 2286 4348 λοῦντι
2317 4295 2563 4366 ἔχουσιν
2594 4300 2623 4352 6
2658 4300 2714 4353 δὲ
2741 4301 2801 4355 τὸ
2835 4296 2974 4357 εἶναι
3007 4302 3083 4374 τῷ
3112 4304 3178 4358 ὲκ
3208 4305 3304 4360 τοῦ
3341 4307 3566 4380 Πατρὸς,
3593 4325 3686 4376 γε-

421 4403 548 4464 pote
579 4391 773 4456 Filius,
805 4392 1113 4449 substantia
1147 4391 1243 4446 sit.
1280 4389 1415 4445 Nam
1441 4390 1487 4445 si
1519 4387 1681 4443 Pater
1702 4402 1826 4443 esse
1852 4386 1997 4442 dica‘

2111 4384 2423 4454 γεννῆσθαι,
2458 4387 2552 4441 καὶ
2579 4389 2796 4445 ἀκούειν
2839 4392 2932 4447 τοῦ
2976 4395 3209 4467 Πατρὸς,
3251 4396 3344 4450 καὶ
3392 4397 3684 4469 ὑπουργεῖν

425 4493 536 4548 tur,
564 4493 618 4540 et
648 4500 771 4541 esse
795 4484 1022 4555 perinde
1079 4481 1287 4549 Filius;
1339 4497 1462 4538 esse
1507 4496 1636 4536 vero
1683 4489 1938 4548 tanquam
1971 4493 2004 4532 a

427 4573 538 4630 Deo
576 4575 796 4645 proprie
830 4589 893 4629 ac
923 4577 1179 4645 germane
1209 4582 1269 4627 ut
1314 4575 1386 4628 sit
1431 4574 1729 4642 accipiens,
1763 4569 2004 4623 Verbum

2111 4475 2190 4546 τῷ
2232 4479 2410 4549 Πατρὶ
2449 4480 2581 4550 ἔχει.
2637 4484 2851 4556 Ταύτην
2892 4483 2985 4540 οὖν
3031 4487 3130 4560 τὴν
3163 4490 3460 4546 ὑπόστασιν
3498 4492 3684 4546 οὐσίαν

2113 4566 2377 4622 ἐκάλεσαν
2409 4571 2459 4622 oi
2493 4572 2634 4625 Πατέ
2644 4591 2751 4644 ρες.

427 4668 601 4726 Filius
630 4685 774 4735 esse,
813 4685 920 4724 non
954 4677 1014 4723 ut
1041 4679 1237 4724 caetera
1283 4684 1404 4738 quae
1435 4683 1462 4720 a
1513 4667 1626 4722 Deo
1656 4665 2005 4737 pronuntiata
2039 4672 2186 4726 sunt,
2219 4663 2559 4736 intelligitur.
2593 4668 2717 4726 Haec
2741 4672 2884 4726 enim
2913 4673 2966 4727 in
2995 4689 3061 4729 eo
3110 4675 3204 4745 qui
3261 4675 3506 4746 loquitur
3561 4693 3682 4734 esse

429 4765 562 4821 illud
583 4781 743 4821 suum
774 4765 1000 4829 habent,
1032 4763 1165 4818 illud
1194 4779 1325 4819 vero
1350 4764 1404 4817 in
1427 4777 1492 4819 eo
1526 4777 1648 4818 esse
1699 4775 1859 4818 suum
1913 4756 2153 4828 positum
2207 4757 2389 4823 habet,
2445 4763 2590 4832 quod
2648 4779 2680 4819 a
2743 4764 2906 4822 Patre
2953 4770 3172 4838 genitus
3223 4769 3330 4837 sit;
3394 4781 3449 4826 et
3509 4771 3682 4827 eidem

431 4857 702 4914 auscultet
768 4870 834 4910 ac
896 4854 1190 4911 ministret.
1241 4854 1396 4910 lianc
1449 4855 1616 4926 igitur
1665 4851 1987 4926 hypostasin
2058 4846 2247 4906 Patres
2293 4853 2652 4910 substantiam
2691 4866 2976 4913 vocarunt.

487 4949 624 5006 XIII.
653 4948 1012 5020 Quapmpter
1040 4945 1238 5001 Filium
1271 4946 1418 5000 Patri
1465 4945 1696 5002 similem
1749 4947 1801 5001 in
1829 4944 2007 5001 omni-

414 5046 518 5102 bus
551 5041 927 5114 intelligimus,
959 5047 1013 5096 et
1041 5038 1237 5095 haeresi
1268 5038 1345 5092 illi
1378 5053 1499 5110 qua:
1528 5038 1790 5096 adversus
1814 5038 2012 5110 Eccle-

415 5200 576 5254 multe
607 5198 962 5267 subscribere
985 5196 1058 5267 ab
1101 5194 1428 5266 imperatore
1451 5204 1684 5267 coactus
1718 5203 1823 5262 est,
1870 5211 1992 5267 quae

417 5267 611 5324 Filium
645 5283 738 5338 per
767 5263 962 5322 omnia'
983 5266 1162 5338 Patris
1180 5263 1310 5322 esse
1337 5266 1569 5322 similem
1592 5263 1904 5338 asserebat,
1933 5274 1992 5319 ut

415 5354 481 5394 ex
520 5359 587 5418 An.
638 5337 710 5418 22
755 5339 1050 5418 constabit,
1089 5337 1349 5418 ad-quem
1387 5337 1678 5418 nonnulla,
1713 5352 1836 5418 qua:
1885 5337 1992 5390 huc

417 5410 710 5479 pertinent,
751 5409 1122 5464 conferemus.
1163 5405 1343 5479 Vides,
1387 5408 1574 5470 lector,
1631 5406 1819 5475 quanti
1875 5422 1993 5479 mo-

419 5477 582 5534 inenti
614 5492 722 5546 res,
758 5488 868 5533 tam
900 5479 1005 5534 levi
1034 5494 1100 5534 ex
1139 5478 1523 5534 observatione
1550 5485 1846 5532 consecuta
1895 5477 1990 5542 sit,

2187 4941 2285 5000 II".
2332 4944 2553 5016 Ὅμοιον
2584 4942 2676 5001 οὖν
2703 4947 2929 5019 νοοῦμεν
2949 4950 3040 5003 τὸν
3063 4951 3191 5005 Υίδν
3219 4951 3296 5022 τῷ
3323 4952 3526 5024 Πατρὶ,
3551 4954 3685 5009 κατὰ

2121 5040 2298 5095 πάντα
2357 5040 2651 5112 μαχόμενοι
2695 5041 2788 5095 καὶ
2838 5042 2974 5114 πρὸς
3020 5042 3121 5114 τὴν
3176 5042 3271 5097 νῦν
3321 5045 3686 5117 ὲπιφυομένην

2098 5205 2158 5272 ut
2215 5196 2609 5272 haereticorum.
2649 5196 2985 5267 disputatio,
3033 5212 3158 5272 quae
3211 5211 3492 5272 perperam
3545 5199 3681 5272 Epi-

2099 5268 2284 5337 phanii
2317 5282 2438 5322 sese
2468 5265 2686 5322 nomine
2733 5265 2788 5320 et
2837 5265 3163 5323 auctoritate
3191 5265 3524 5330 venditabat,
3550 5265 3668 5326 tan-

2099 5339 2222 5391 dem
2266 5339 2428 5407 longo,
2476 5337 2760 5391 intervallo
2793 5340 3031 5407 cognita,
3086 5352 3150 5392 ac
3198 5340 3314 5393 suis
3361 5343 3671 5395 auctoribus

2101 5405 2373 5472 reddita,
2409 5405 2592 5460 fucum
2650 5405 2944 5462 lectoribus
3007 5408 3186 5466 facere
3241 5411 3380 5464 tanti
3442 5411 3673 5468 nominis

2099 5478 2279 5547 specie
2320 5493 2384 5531 ac
2420 5477 2771 5534 simulatione
2804 5479 3049 5534 desierit.

476 5659 504 5729 ,'
545 5660 712 5716 Exod.
753 5675 837 5726 ιιι,
870 5661 956 5715 14.
1036 5662 1054 5692 ³
1092 5659 1292 5729 Εριιθς.
1337 5674 1416 5724 ιιι,
1450 5656 1535 5712 l5.
1615 5653 1815 5710 ‘Joan.
1846 5670 1884 5723 l,
1921 5655 1973 5712 1.

2101 5653 2237 5712 Gen.
2270 5672 2310 5720 ι,
2336 5655 2504 5724 6,14,
2537 5656 2624 5710 ll.
2703 5657 2724 5691 ⁸
2753 5656 2882 5712 ibid.
2917 5656 3007 5712 26.
