3990 6228
336 333 443 393 ηρ

935 330 1307 390 ADVERSUS
1345 325 1690 386 HASRESES
1730 326 1858 382 LIB.
1900 326 1936 381 ll

2039 323 2196 384 TOM.
2238 323 2279 377 ι.
2303 354 2373 364 --
2412 321 2687 378 ΙΙΑΞΒΕΞ.
2730 309 2986 376 LXXIII.”

3491 318 3596 377 450

331 448 549 518 αἵρεσιν
601 448 918 520 Ἐκκλησίᾳ.
959 449 1024 501 Ἡ
1069 452 1179 519 γὰρ
1215 446 1311 503 νῦν
1355 447 1566 518 αἵρεσις
1621 444 1764 499 κατά
1817 443 1917 515 μὲν

2039 443 2159 497 siam
2190 456 2363 511 nuper
2401 451 2482 496 est
2505 439 2764 503 excitata,
2813 437 3148 493 resistimus.
3197 432 3328 500 Quae
3376 433 3597 505 quidem

335 540 594 610 βούλησιν
612 541 708 594 καὶ
735 539 834 611 τὴν
865 540 1146 612 ἐνέργειαν
1175 539 1538 608 ἀποφαίνεται
1565 533 1703 591 εἶναι
1734 537 1919 607 ὅμοιον

332 632 428 686 τὸν
458 633 587 687 Υίὺν
620 631 699 703 τῷ
725 632 898 704 Πατρί
918 649 933 662 ·
977 631 1122 686 κατὰ
1146 631 1202 684 δὲ
1227 630 1287 684 τὸ
1319 631 1336 661 ί
1367 629 1622 702 ἀνόμοιον
1661 624 1798 682 εἶναι
1829 627 1922 680 τὸν

336 725 468 778 Υίὸν
496 723 577 794 τῷ
608 724 816 794 Πατρί·
850 724 928 786 ὼς
954 721 1458 785 κατασκευάζεσθαι
1498 720 1651 792 παρὰ
1689 719 1797 773 τῶν
1828 717 1923 772 νῦν

333 817 542 872 καινῶν
571 819 883 888 αίρετικῶν,
913 817 995 871 ὅτι
1019 819 1052 888 ή
1095 816 1195 887 μὲν
1237 815 1489 888 βούλησις
1522 813 1617 866 τοῦ
1645 814 1800 878 Υίοῦ,
1828 813 1924 866 καὶ

335 910 371 980 η
399 909 651 979 ἐνέργεια
673 907 764 962 τοῦ
790 907 943 971 Υίοῦ,
985 907 1145 978 ὁμοία
1174 909 1241 978 τῇ
1278 906 1528 977 βουλήσει
1563 903 1656 958 τοῦ
1687 902 1922 974 Πατρὸς,

336 1003 432 1056 καὶ
462 1005 529 1072 τῇ
565 1002 817 1072 ἐνεργείᾳ
847 1000 941 1054 τοῦ
971 1000 1186 1071 Πατρός
1208 1016 1223 1032 ·
1273 999 1436 1061 αὐτὸς
1472 999 1529 1050 δὲ
1576 998 1605 1050 6
1661 997 1788 1059 Υἱὸς
1830 997 1926 1048 ἀν-

335 1091 526 1162 όμοιος
571 1091 650 1161 τῷ
696 1091 892 1161 Πατρί.
940 1091 1050 1144 Καὶ
1090 1091 1177 1145 διὰ
1206 1089 1493 1161 τοῦτο’τὴν
1539 1090 1636 1160 μὲν
1672 1087 1925 1158 βούλησιν

335 1180 440 1234 τοῦ
486 1180 620 1234 Υίοῢ
659 1181 755 1236 καὶ
782 1181 880 1253 τὴν
921 1181 1201 1252 ἐνέργειαν
1251 1179 1530 1250 βούλονται
1564 1175 1703 1233 εἶναι
1734 1179 1926 1248 ὁμοίαν

337 1276 408 1344 τῇ
460 1273 710 1345 βουλήσει
755 1271 850 1327 τοῦ
891 1273 1106 1347 Πατρὸς
1157 1273 1254 1327 καὶ
1293 1275 1382 1346 τῇ,
1412 1271 1697 1344 ἐνεργείᾳ·
1747 1271 1840 1324 τὸν
1870 1271 1928 1324 δὲ

339 1365 475 1418 Υίὸν
520 1366 582 1418 οὑ
622 1365 902 1436 βούλονται
945 1367 1130 1436 ὅμοιον
1179 1359 1319 1418 εἶναι
1365 1363 1444 1436 τῷ
1487 1363 1693 1435 Πατρί·
1742 1361 1929 1433 ἐπειδὴ

339 1456 778 1511 διαϐεϐαιοῦνται
819 1459 892 1529 μὴ
938 1453 1077 1511 εἶναι
1118 1457 1184 1510 ἐκ
1222 1455 1317 1510 τοῦ
1364 1455 1499 1510 Θεοῦ
1530 1454 1928 1527 γεγεννημένον

337 1549 437 1603 τὸν
467 1551 620 1618 Υἱὺν,
655 1551 791 1606 ἀλλά
823 1551 982 1622 μόνον
1006 1552 1212 1622 κτίσμα
1234 1547 1374 1604 εῖναι
1407 1549 1590 1614 αὑτὸν,
1624 1550 1718 1604 καὶ
1741 1549 1928 1602 τοῦτον

339 1641 625 1714 διαφέρειν
671 1642 780 1696 τῶν
831 1640 1032 1697 λοιπῶν
1070 1642 1408 1714 κτισμάτων,
1444 1643 1525 1696 ὅτι
1569 1659 1629 1695 τε
1673 1640 1935 1713 ὑπερέχει,

345 1731 594 1802 μεγέθει,
629 1733 724 1786 καὶ
763 1734 844 1786 ὅτι
890 1733 1104 1804 πρῶτος
1137 1734 1245 1788 τῶν
1275 1735 1532 1789 ἁπάντων
1567 1733 1800 1802 ὑπέστη,
1835 1732 1929 1786 καὶ¹

2024 534 2248 589 haeresis
2272 532 2552 587 voluntate
2591 539 2645 586 et
2671 531 2887 586 actione
2933 529 3049 586 sola
3078 525 3260 584 Patris
3289 524 3488 581 Filium
3520 527 3598 582 si-

2022 625 2204 680 milem
2237 639 2360 680 esse
2388 623 2742 693 pronuntiat;
2778 621 3016 677 essentia
3042 634 3174 674 vero
3210 618 3430 674 eosdem
3458 617 3602 674 inter

2023 731 2084 774 se
2123 729 2247 772 esse
2274 715 2573 770 dissimiles
2608 733 2622 768 :
2657 713 2794 768 adeo
2835 720 2895 766 ut
2936 727 3004 767 ex
3055 710 3359 766 recentium
3403 709 3601 764 horum

2023 810 2404 864 haereticorum
2422 807 2644 864 decreto
2680 803 2805 860 Filii
2825 805 3100 869 voluntas,
3129 811 3182 857 et
3214 802 3381 866 actio,
3409 802 3604 856 volun-

2023 901 2123 954 tati
2154 901 2227 955 sit
2259 899 2439 954 Patris
2471 897 2784 968 aetionique
2806 896 3003 952 similis
3050 913 3064 948 :
3094 893 3464 950 Filiustamen
3488 894 3604 963 ipse

2023 993 2208 1049 Patris
2237 992 2310 1049 sit
2343 990 2652 1048 dissimilis.
2686 988 2988 1060 Pr0pterea
3018 1000 3151 1042 vero
3179 983 3305 1039 Filii
3351 986 3606 1039 volunta-

2025 1095 2154 1152 tem,
2179 1096 2234 1141 et
2263 1086 2542 1163 actionem
2585 1090 2829 1153 paternae
2881 1079 3202 1140 voluntatis,
3264 1084 3320 1133 et
3373 1077 3607 1132 actionis
3655 1083 3658 1088 '

2026 1178 2261 1236 similem
2290 1192 2413 1232 esse
2438 1177 2664 1240 volunt;
2703 1173 2902 1228 Filium
2955 1173 3137 1242 ipsum
3170 1168 3351 1224 Patris
3377 1182 3499 1224 esse
3531 1167 3608 1222 si-

2025 1272 2209 1327 milem
2235 1278 2468 1341 negant;
2498 1268 2644 1338 quod
2676 1266 2874 1321 Filium
2906 1280 2938 1319 a
2992 1263 3154 1319 Patre
3185 1262 3408 1320 minime
3454 1260 3605 1332 geni-

2027 1370 2165 1428 tum,
2201 1361 2298 1416 sed
2349 1369 2660 1415 creaturam
2714 1357 2981 1412 duntaxat
3024 1370 3148 1411 esse
3191 1354 3293 1410 sibi
3320 1367 3612 1424 persuase-

2029 1457 2178 1522 rint;
2204 1462 2368 1526 atque
2395 1454 2450 1509 in
2483 1468 2549 1509 eo
2582 1468 2612 1506 a
2647 1452 2848 1508 creatis
2896 1451 3061 1505 rebus
3104 1448 3317 1503 distare
3369 1445 3608 1511 caeteris,

2028 1545 2176 1616 quod
2208 1555 2264 1601 et
2295 1545 2672 1616 magnitudine
2703 1541 3005 1606 antecellit,
3035 1549 3088 1595 et
3140 1546 3267 1594 ante
3303 1537 3487 1592 omnia
3513 1552 3611 1591 ex-

2030 1640 2190 1705 stitit,
2221 1646 2277 1694 et
2334 1637 2526 1693 eodem
2577 1637 2725 1692 velut
2785 1633 3114 1690 administro
3162 1632 3502 1702 reliquorum
3540 1627 3612 1683 ad

1996 1728 2445 1800 ’productionem
2469 1745 2604 1784 usus
2626 1737 2709 1784 est
2734 1725 2902 1782 Deus.
2933 1722 3419 1798 Quandoquidem,
3452 1722 3610 1777 aiunt

341 1823 429 1877 ὅτι
453 1824 712 1895 ὑπουργῷ
757 1823 906 1896 αὒτῷ
934 1826 1203 1897 ἐχρήσατο
1232 1825 1311 1889 είς
1339 1825 1437 1896 τὴν
1469 1825 1578 1878 τῶν
1606 1820 1808 1877 λοιπῶν
1836 1823 1928 1893 δη-

2039 1821 2297 1886 haeretici,
2327 1831 2523 1875 caetera
2549 1819 2695 1875 Deus
2714 1834 2810 1890 per
2825 1816 3024 1873 Filium
3045 1816 3376 1888 procreavit,
3398 1813 3611 1884 ipsum-

347 1916 644 1987 μιουργίαν
690 1918 717 1970 6
757 1917 907 1980 Θεός.
955 1917 1196 1989 Ἐπειδὴ,
1230 1918 1393 1988 φασὶν
1435 1919 1484 1971 οἱ
1532 1917 1818 1990 αἱρετικοὶ,
1861 1914 1929 1968 τὰ

347 2007 453 2070 μὲν
481 2007 616 2061 ἄλλα
639 2007 706 2060 δι’
736 2008 867 2061 Υίοῦ
900 2011 928 2062 6
952 2009 1083 2074 Θεὸς
1112 2011 1306 2072 ἐποίει,
1339 2008 1502 2062 αὐτὸν
1543 2008 1598 2061 δὲ
1640 2007 1698 2060 οὐ
1734 2006 1822 2059 διά
1846 2023 1929 2058 τι-

345 2117 458 2163 νος.
499 2099 612 2152 ἀλλ’
648 2100 809 2163 αὐτὸς
850 2099 1012 2154 αὐτὸν
1053 2100 1416 2172 αὑτούργησε,
1465 2100 1557 2154 καὶ
1591 2099 1931 2167 ὑπερέχοντα

347 2188 574 2259 μεγέθει
622 2189 717 2244 καὶ
761 2189 1289 2260 δυνάμειὰπάντων
1344 2191 1586 2263 ἐποίησε.
1636 2190 1734 2244 Διά
1772 2191 1931 2244 τοῦτο

345 2281 516 2333 αὐτὸν
545 2281 772 2334 ἐκάλεσε
806 2283 1067 2354 μονογενῆ
1099 2283 1249 2336 Υίόν.

424 2373 522 2428 1Δ’.
553 2377 743 2446 Ἡμεῖς
772 2375 825 2426 δὲ
846 2377 892 2428 οἱ
916 2376 1014 2445 τῆς
1038 2376 1331 2448 καθολικῆς
1365 2376 1690 2447 Ἐκκλησίας
1727 2375 1791 2426 ὲκ
1824 2373 1933 2426 τῶν

345 2466 512 2520 θείων
528 2467 758 2537 Γραφῶν
775 2466 871 2537 τὴν
887 2467 1172 2537 ὁμολογίαν
1184 2468 1281 2538 τῆς
1294 2469 1528 2531 πίστεως
1541 2466 1934 2539 παρειληφότες

342 2561 525 2625 οὕτως
554 2561 770 2631 ἔχομεν,
805 2561 884 2614 ὅτι
905 2563 934 2613 6
954 2559 1142 2631 Πατὴρ
1170 2562 1356 2631 ὁμοίου
1397 2562 1544 2614 ἐστὶν
1584 2560 1776 2614 ἑαυτοῦ
1801 2558 1934 2613 Υίοῦ

347 2652 566 2723 Πατὴρ,
598 2652 691 2706 καὶ
714 2654 742 2704 6
770 2650 894 2715 Υἱὸς
916 2652 1095 2722 ὅμοιός
1119 2654 1233 2705 ἐστι
1257 2652 1348 2704 τοῦ
1376 2653 1610 2724 Πατρὺς,
1640 2653 1699 2718 ἐξ
1729 2645 1789 2705 οὗ
1821 2653 1935 2707 Πα-

345 2745 479 2816 τρὸς
510 2747 710 2797 νοεῖται
747 2744 893 2808 Υἱός.
948 2743 1118 2798 Τοῦτο
1143 2743 1298 2815 ἡμῶν
1340 2746 1860 2818 προσδιοριζομένων
1891 2745 1934 2810 ’,

347 2836 448 2888 καὶ
490 2832 663 2895 οὕτως
715 2832 1119 2904 καθαιρούντων
1154 2833 1174 2863 ³
1205 2831 1295 2884 τὸν
1327 2832 1474 2894 νοῦν,
1514 2833 1589 2896 ὡς
1621 2833 1757 2903 πρὸς
1810 2832 1937 2893 τοὺς

347 2925 677 2989 Σαϐελλίους
733 2926 984 2989 καὶτοὺς
1025 2924 1263 2990 λοιποὺς,
1308 2927 1387 2979 ὅτι
1433 2924 1552 2978 οὔτε
1608 2927 1636 2977 6
1675 2925 1802 2988 Υἱὸς
1852 2922 1941 2976 δύ-

348 3037 515 3072 ναται
569 3013 708 3070 εἶναι
769 3017 994 3088 Πατὴρ,
1051 3015 1228 3069 οὒτεὸ
1271 3015 1459 3087 Πατὴρ
1523 3013 1745 3068 δύναται
1800 3008 1940 3067 εἶναι

2031 1921 2142 1968 met
2169 1926 2298 1968 vero
2329 1910 2530 1966 Filium
2581 1925 2692 1965 non
2722 1911 2951 1965 alterius
3007 1909 3336 1973 interventu,
3391 1906 3487 1962 sed
3516 1920 3614 1977 per

2032 2003 2386 2074 semetipsum
2443 2002 2712 2066 condidit,
2753 2001 3132 2071 magnitudine
3186 2010 3240 2055 et
3272 1999 3474 2054 virtute
3503 2013 3612 2053 cae-

2033 2095 2166 2150 teris
2204 2103 2574 2165 praestantem.
2598 2094 2734 2150 Hinc
2760 2093 3016 2150 eumdem
3043 2092 3384 2165 unigenitum
3412 2090 3614 2147 Filium

2031 2188 2338 2258 appellavit.

2103 2363 2246 2420 XIV.
2279 2364 2392 2421 Nos
2416 2380 2620 2431 autem,
2646 2367 2737 2436 qui
2763 2366 2818 2420 in
2852 2365 3111 2422 Ecclesm
3143 2365 3430 2420 catholica:
3459 2374 3616 2436 parte

2038 2473 2420 2523 numeramur,
2455 2473 2579 2512 cum
2612 2477 2643 2515 e
2687 2458 2989 2530 Scripturis
3039 2459 3213 2515 sacris
3249 2458 3372 2512 ﬁdei
3410 2458 3618 2527 profes-

2037 2549 2246 2606 sionem
2281 2549 2444 2622 861
2488 2551 2870 2616 hauserimus,
2914 2553 2994 2607 sic
3046 2553 3352 2606 habemus:
3401 2549 3619 2607 Patrem

2039 2641 2123 2696 sui
2148 2641 2347 2697 similis
2378 2658 2498 2698 esse
2514 2640 2638 2698 Filii
2663 2642 2904 2711 Patrem,
2933 2654 2986 2702 et
3011 2647 3206 2701 Filium
3232 2648 3464 2704 similem
3495 2664 3620 2704 esse

2040 2731 2240 2797 Patris,
2270 2749 2380 2804 quo
2418 2749 2484 2790 ex
2535 2734 2696 2793 Patre
2728 2736 2900 2792 Filius
2952 2740 3293 2812 intelligitur.
3344 2741 3483 2796 Tum
3517 2741 3621 2797 hoc

2041 2827 2267 2895 insuper
2296 2827 2612 2892 statuimus,
2640 2843 2813 2898 eoque
2837 2829 3088 2900 dogmate
3115 2841 3352 2887 mentem
3381 2833 3449 2887 ab
3471 2832 3621 2887 omni

2044 2913 2406 2970 Sabelliorum
2456 2932 2521 2971 ac
2561 2927 2884 2973 ca=terorum
2921 2937 3111 2976 errore
3152 2939 3486 2993 purgamus;
3529 2939 3621 2978 ne-

2042 3023 2148 3077 que
2191 3005 2386 3062 Filium
2437 3007 2652 3066 Patrem
2716 3026 2839 3066 esse
2896 3026 3095 3080 posse,
3162 3028 3340 3083 neque
3404 3013 3620 3069 Patrem

350 3111 515 3173 Υἱός·
556 3107 671 3163 ἀλλ’
708 3111 735 3162 6
766 3109 894 3172 Υἱὸς
942 3107 1088 3172 Υἱὸς,
1139 3107 1230 3160 καὶ
1282 3109 1310 3159 6
1349 3105 1540 3177 Πατὴρ
1577 3104 1788 3176 Πατὴρ,
1847 3104 1936 3156 καὶ

2045 3096 2262 3167 Filium,
2300 3099 2396 3154 sed
2446 3097 2644 3154 Filium
2701 3116 2823 3157 esse
2873 3100 3107 3169 Filium,
3144 3112 3198 3159 et
3244 3103 3456 3159 Patrem
3499 3121 3620 3162 esse

347 3161 641 3272 οὐγνγίός.
829 3161 1176 3271 τόύτοις1γάρ
1196 3201 1393 3269 ἐστινὴ
1418 3161 1671 3267 ἀκρίϐεια
1830 3193 1936 3248 τῶν

2045 3188 2288 3253 Patrem,
2334 3206 2443 3244 non
2498 3188 2715 3245 Filium.
2750 3181 2821 3246 ln.
2861 3192 2947 3248 liis
2976 3161 3178 3264 quippe
3213 3204 3464 3250 accurata
3500 3212 3620 3267 per-

352 3293 666 3366 προσὼπων
721 3293 1066 3361 ἐπιγνώσεως
1091 3332 1104 3356 ,
1162 3291 1240 3363 τῷ
1297 3291 1388 3345 τὸν
1447 3289 1667 3360 Πατέρα
1720 3287 1940 3358 Πατέρα

351 3387 448 3440 ἀεὶ
510 3385 637 3437 ὄντα
683 3383 924 3455 ἅσαρκον
986 3383 1084 3455 μὲν
1124 3378 1264 3436 εἶναι
1302 3383 1397 3434 καὶ
1433 3381 1718 3444 ἀθάνατον,
1756 3378 1848 3431 τὸν
1884 3378 1941 3431 δὲ

351 3474 487 3527 Υίὸν
515 3473 642 3526 Υίὸν
675 3471 805 3526 ὄντα
826 3474 933 3536 ἀεὶ,
964 3473 1059 3526 καὶ
1091 3471 1343 3525 οὐδέποτε
1381 3471 1510 3526 ὄντα
1543 3470 1781 3542 Πατέρα.
1823 3469 1941 3523 Ἀει

349 3568 413 3620 δὲ
452 3567 718 3635 λεγόντων
749 3565 772 3596 ⁸
802 3565 889 3619 διὰ
930 3566 992 3618 τὸ
1019 3565 1246 3635 ἄχρονον
1300 3564 1393 3618 ml.
1428 3562 1810 3632 ἀκατάληπτον
1843 3561 1942 3631 τῆς

353 3659 714 3722 ὑποστάσεως
769 3657 948 3728 σάρκα
996 3656 1344 3726 ἀνειληφέναι
1387 3655 1529 3709 κατά
1564 3653 1817 3723 βούλησιν
1846 3651 1940 3705 τοῦ

353 3751 595 3822 Πατρὸς,
628 3748 722 3803 καὶ¹
756 3749 983 3802 θάνατον
1013 3748 1154 3818 ὑπὲρ
1183 3746 1339 3818 ἡμῶν
1371 3746 1690 3814 ὑποστῆναι.
1721 3742 1939 3796 Τούτων

350 3841 845 3913 διευκρινημένων,
880 3841 930 3893 ei
981 3838 1286 3910 θαυμαστοὶ
1325 3838 1375 3892 οί
1408 3835 1701 3908 τῇαίρέσει
1726 3851 1942 3905 συμμα-

354 3935 586 4006 χοῦντες
635 3933 729 3987 δύο
784 3928 1313 4004 πραγματεύσασθαι
1353 3928 1712 3982 σπεύδουσιν·
1749 3926 1806 3980 ἓν
1843 3925 1942 3997 μὲν

354 4027 422 4080 τὸ
452 4025 649 4097 μηκέτι
676 4023 857 4092 λέγειν
897 4021 1118 4094 Πατέρα
1151 4019 1245 4073 καὶ
1269 4017 1415 4084 Υίδν,
1445 4017 1612 4079 ἀλλὰ,
1649 4017 1943 4085 ἀγέννητον

359 4118 461 4173 καὶ
491 4116 747 4187 γεννητόν
766 4129 780 4142 ·
801 4114 897 4167 καὶ
929 4111 1018 4166 διὰ
1060 4109 1220 4166 τοῦτο
1265 4110 1505 4179 σόφισμα
1545 4107 1645 4177 τῆς
1680 4105 1944 4178 αἱρέσεως

312 4193 322 4203 ’
362 4207 602 4276 οἰόμενοι
644 4201 958 4270 ἐπεισάγειν
993 4202 1062 4272 τῇ
1102 4195 1417 4268 Ἐκκλησίᾳ.
1453 4194 1711 4278 Συνίσασι
1742 4193 1853 4264 γὰρ
1893 4193 1944 4246 ot

366 4298 524 4367 σοφοὶ
556 4296 625 4350 τὰ
670 4294 764 4348 τοῦ
805 4290 965 4358 Θεοῦ,
1005 4292 1088 4345 ὅτι
1132 4290 1194 4342 τὸ
1221 4288 1514 4358 ἀγέννητον
1552 4285 1774 4341 ἔλαττον
1804 4283 1944 4338 εἶναι

359 4391 458 4446 τοῦ
481 4385 712 4457 Πατρός
737 4387 1020 4457 ὀνόματος.
1050 4382 1124 4436 Τὸ
1155 4382 1264 4454 γὰρ
1288 4381 1604 4452 ἀγέννητον,
1635 4380 1715 4434 ὅτι
1743 4379 1772 4432 6
1800 4378 1899 4450 μὲν
1921 4378 1943 4411 ³

356 4482 464 4535 οὐκ
494 4477 776 4549 ἐγεννήθη,
807 4476 1076 4546 νενόηται,
1093 4474 1307 4529 οὐδέπω
1332 4473 1390 4526 δὲ
1415 4474 1463 4526 εί
1486 4473 1580 4527 καὶ
1607 4474 1800 4545 Πατήρ
1825 4473 1943 4526 ἐστι

361 4571 641 4644 σημαίνει.
687 4569 760 4623 Τὸ
814 4568 870 4621 δὲ
923 4566 1125 4635 Πατὴρ
1174 4565 1336 4619 πλέον
1366 4567 1484 4620 ἐστὶ
1519 4564 1613 4619 τοῦ
1649 4566 1944 4638 ἀγεννήτου

361 4664 625 4734 ὀνόματος
644 4661 722 4715 ὃν.
767 4661 855 4713 Ἐν
905 4660 1001 4730 μὲν
1034 4659 1142 4731 γάρ
1189 4659 1267 4729 τῷ
1310 4659 1612 4730 ἀγεννήτῳ,
1659 4659 1821 4730 φημὶ,
1843 4658 1946 4712 οὑκ

350 4753 689 4824 ἐμφαίνεται
717 4752 751 4820 ἡ
780 4749 875 4803 τοῦ
905 4749 1118 4819 Πατρὸς
1152 4748 1380 4818 δύναμις
1398 4765 1411 4778 ·
1437 4750 1497 4802 ὲν
1524 4747 1581 4800 δὲ
1626 4747 1704 4818 τῷ
1738 4747 1944 4816 Πατὴρ

359 4846 589 4915 ὀνόματι
608 4841 745 4914 ὁμοῦ
769 4857 828 4893 τε
854 4839 1124 4910 φαίνεται,
1141 4839 1223 4891 ὅτι
1249 4839 1349 4892 οὐκ
1375 4838 1520 4891 ἔστιν
1538 4837 1666 4901 Υἱὸς
1686 4840 1714 4891 6
1731 4838 1942 4910 Πατὴρ,

359 4937 491 4990 εἴτε
509 4936 714 5008 κυρίως
758 4936 957 4986 νοεῖται
1001 4933 1030 4985 6
1072 4931 1282 5002 Πατὴρ,
1323 4932 1417 4984 καὶ
1455 4931 1537 4983 ὅτι
1582 4930 1754 4994 αἴτιός
1796 4931 1946 4984 ἐστιν

358 5026 549 5097 ὁμοίου
598 5022 793 5077 ἑαυτοῦ
853 5022 1004 5075 Υἱοῦ.
1046 5022 1142 5075 Ἓν
1186 5021 1284 5092 μὲν
1312 5020 1580 5092 δήτοῦτο.
1613 5023 1838 5091 Ἕτερον
1864 5021 1942 5086 δὲ,

361 5119 444 5171 ὅτι
477 5114 782 5186 φθάσαντες
815 5114 1064 5184 ἀνόμοιον
1091 5113 1214 5167 κατ’
1239 5113 1429 5166 οὐσίαν
1459 5111 1666 5183 γράψαι
1695 5113 1787 5165 τὸν
1819 5111 1948 5165 Υἱὸν

357 5211 440 5280 τῷ
469 5209 665 5280 Πατρί.
694 5208 905 5279 Ὥσπερ
931 5204 1025 5260 οὖν
1054 5206 1310 5278 ἐνόμισαν
1345 5204 1822 5275 καταψηφίζεσθαι
1846 5206 1946 5275 τὴν

373 5300 702 5372 Ἐκκλησίαν
742 5300 809 5353 δι’
858 5294 934 5354 ὧν
987 5297 1264 5370 ὲθήρασαν
1321 5297 1474 5369 παρὰ
1511 5298 1605 5352 τοῦ
1664 5299 1943 5369 αἰδεσίμου

360 5396 664 5451 ἐπισκόπου
716 5395 892 5448 Ὀσίου
931 5392 1301 5466 γραμμάτων·
1361 5393 1419 5445 ὲν
1469 5387 1551 5456 οἷς
1607 5393 1834 5462 φέρεται
1879 5391 1941 5444 τὸ

357 5489 616 5558 ἀνόμοιον
671 5485 878 5542 οὐσίαν.
943 5484 1162 5554 Ἐπειδὴ
1219 5484 1276 5537 δὲ
1317 5483 1634 5548 ἀνελθόντες
1657 5485 1707 5536 οἱ
1750 5487 1815 5538 ἐκ
1840 5483 1944 5555 τῆς

434 5670 455 5700 ί
490 5665 553 5722 F.
589 5666 689 5738 τὴν
726 5664 949 5738 οὐσίαν.

434 5670 455 5700 ί
490 5665 553 5722 F.
589 5666 689 5738 τὴν
741 5664 949 5718 οὐσίαν.
1073 5666 1095 5697 ¹
1133 5682 1222 5736 τγ).
1257 5662 1774 5737 προδιορθουμένων.

359 5740 596 5799 videtur.
671 5739 692 5770 ³
726 5736 789 5790 F.
816 5737 844 5788 6
867 5735 985 5806 μέν.

1888 5662 1909 5695 ³
1937 5663 2000 5719 F.
2032 5667 2428 5736 καθαιρόντων.

2044 3295 2304 3337 sonarum
2348 3282 2633 3339 distinctio
2679 3286 3023 3351 continetur,
3069 3294 3128 3340 ut
3163 3285 3376 3342 Patrem
3417 3290 3621 3360 sempi-

2046 3383 2261 3428 ternum
2311 3390 2433 3431 esse
2474 3373 2714 3440 Patrem,
2762 3387 2816 3432 et
2872 3380 3056 3433 carnis
3107 3389 3418 3448 expertem,
3460 3390 3623 3451 atque

2046 3466 2447 3533 immortalem;
2477 3465 2674 3522 Filium
2707 3484 2835 3524 vero
2864 3465 3059 3523 Filium
3092 3485 3214 3525 esse
3254 3486 3486 3541 semper,
3522 3489 3624 3528 nec

2046 3574 2286 3628 unquam
2317 3558 2531 3614 Patrem
2573 3575 2695 3615 esse
2732 3559 3080 3617 deliniamus.
3113 3565 3288 3618 Porro
3325 3579 3450 3620 cum
3486 3582 3623 3618 sem-

2043 3665 2136 3717 per
2162 3649 2416 3716 dicimus,
2468 3651 2570 3705 hoc
2612 3652 2789 3721 ipsum
2820 3653 3075 3709 volumus
3102 3672 3115 3708 :
3152 3655 3272 3724 ejus
3303 3656 3623 3728 liypostasin

2047 3747 2202 3796 extra
2258 3749 2472 3813 tempus
2501 3736 2672 3799 Omne
2731 3752 2785 3799 et
2843 3745 3214 3817 intelligentiae
3257 3749 3624 3819 comprehen-

2047 3834 2258 3899 sionem
2291 3851 2441 3902 esse;
2490 3836 2586 3892 sed
2621 3837 2772 3892 illum
2806 3837 3041 3910 denique
3088 3855 3306 3896 carnem
3336 3840 3404 3896 de
3446 3841 3625 3898 Patris

2045 3926 2325 3982 voluntate
2354 3929 2678 4000 suscepisse,
2699 3945 2762 3986 ac
2791 3940 3018 3988 mortem
3048 3941 3237 3989 nostra
3265 3947 3432 3988 causa
3460 3935 3626 3989 susti-

2050 4019 2260 4073 nuisse.
2292 4018 2504 4085 Quibus
2541 4021 2686 4076 hunc
2724 4023 2780 4076 in
2825 4023 3048 4078 modum
3092 4024 3299 4094 liquido
3341 4025 3624 4092 stabilitis,

2048 4111 2250 4182 egregii
2300 4112 2376 4166 illi
2431 4114 2638 4170 erroris
2682 4117 2900 4185 patroni
2947 4117 3058 4172 duo
3108 4116 3362 4188 quaedam
3413 4118 3626 4174 edicere

2047 4203 2317 4258 nituntur.
2350 4203 2595 4261 Primum
2625 4214 2685 4260 ut
2731 4222 2800 4262 ne
2848 4205 3014 4264 Pater
3050 4209 3284 4278 amplius
3317 4223 3382 4264 ac
3429 4207 3626 4276 Filius,

2050 4292 2146 4348 sed
2201 4294 2477 4366 ingenitus
2542 4310 2609 4351 ac
2668 4297 2886 4368 genitus
2939 4298 3180 4353 dicatur.
3237 4300 3355 4366 Qua
3412 4282 3630 4357 ratione

2049 4379 2234 4436 fucum
2295 4399 2354 4439 se
2404 4383 2625 4450 facere,
2661 4395 2824 4457 atque
2873 4386 3177 4443 Ecelesiam
3227 4389 3629 4448 circumvenire

1975 4503 2021 4560 υ
2051 4482 2244 4548 putant
2265 4492 2447 4547 posse.
2466 4473 2673 4533 Verum
2698 4479 2791 4550 qui
2817 4479 3124 4536 divinarum
3147 4497 3330 4536 rerum
3358 4483 3629 4554 sapientia

2054 4569 2280 4639 pollent,
2310 4585 2658 4640 nequaquam
2701 4571 2806 4626 hoc
2835 4573 3132 4641 ignorant:
3177 4573 3405 4644 ingeniti
3439 4589 3630 4630 vocem

2053 4658 2368 4714 inferiorem
2418 4675 2542 4716 esse
2589 4659 2772 4716 Patris
2829 4663 3082 4728 nomine,
3139 4672 3428 4734 pmpterea
3481 4665 3629 4736 quod

2051 4751 2282 4822 ingeniti
2309 4753 2460 4806 notio
2490 4769 2604 4823 prae
2636 4771 2695 4810 se
2730 4754 2864 4808 illud
2897 4770 3064 4810 unum
3091 4753 3215 4820 fert,
3250 4764 3311 4809 ut
3345 4772 3454 4811 non
3505 4772 3630 4812 esse

2051 4843 2270 4913 genitus
2314 4845 2684 4915 intelligatur,
2736 4846 2978 4900 nondum
3029 4853 3209 4901 tamen
3272 4847 3416 4902 sitne
3467 4845 3630 4902 Pater

2051 4934 2312 4988 declarat.
2367 4933 2435 4986 At
2504 4950 2635 4990 vero
2703 4933 2865 4990 Pater
2923 4937 3160 5006 amplius
3229 4936 3489 5006 quiddam
3547 4947 3632 4991 es:

2050 5026 2276 5096 ingeniti
2327 5027 2618 5092 vocabulo,
2653 5029 2915 5097 quoniam
2965 5029 3021 5083 in
3068 5031 3194 5094 hoc,
3232 5029 3313 5082 uti
3364 5028 3497 5091 dixi,
3549 5028 3633 5082 vis

2051 5117 2142 5172 illa
2193 5115 2372 5173 Patris
2410 5133 2518 5173 non
2550 5119 2898 5188 exprimitur.
2932 5118 3041 5174 Sed
3097 5119 3153 5173 in
3185 5117 3366 5172 Patris
3408 5117 3634 5170 nomine

2051 5209 2184 5264 illud
2215 5225 2323 5264 una
2377 5205 2738 5282 signiﬁcatiir,
2773 5210 2990 5266 Patrem
3025 5225 3134 5266 non
3167 5225 3292 5264 esse
3318 5205 3542 5273 Filium,
3582 5209 3633 5262 si

2050 5302 2272 5371 proprie
2299 5301 2458 5357 Pater
2499 5303 2863 5374 intelligatur,
2894 5316 2962 5358 ac
2994 5302 3078 5356 sui
3109 5299 3307 5355 similis
3353 5313 3477 5355 esse
3506 5296 3635 5352 Filii

2050 5395 2402 5465 principium.
2461 5395 2709 5450 Alterum
2757 5393 2904 5465 quod
2971 5391 3232 5463 perﬁcere
3300 5390 3636 5446 studuerunt

2053 5484 2193 5552 fuit,
2244 5495 2302 5541 ut
2355 5485 2676 5543 dissimilem
2729 5483 2968 5542 essentia
3021 5481 3222 5538 Filium
3277 5480 3460 5538 Patris
3512 5497 3638 5538 esse

2538 5669 2560 5701 ‘
2590 5667 2651 5728 F.
2695 5668 2946 5740 λέγομεν,
3001 5668 3097 5725 sed
3151 5668 3399 5726 nonnihil
3437 5667 3631 5724 deesse
