3990 6228
389 290 486 347 Hii

1795 278 1850 334 S.
1913 277 2260 334 EPIPIIANII

3551 273 3666 332 432

392 408 612 480 scriptis
667 406 1003 460 mandarent.
1051 402 1171 470 Quo
1221 401 1440 456 nomine
1491 398 1788 454 Ecclesiam
1826 415 1957 454 con-

2077 399 2362 472 ’Λνατολῆς
2407 401 2498 454 ἐπὶ
2533 399 2592 454 rb
2621 403 2867 473 Σίρμιον,
2911 399 3395 473 περισυνελὲξαντο
3427 398 3522 452 καὶ
3555 415 3658 454 κα·-

392 502 649 554 dcmnare
693 513 750 552 se
795 511 954 567 posse
1005 503 1264 566 putarunt
1329 494 1396 548 iis
1445 492 1672 559 litteris,
1715 505 1852 562 quas
1889 491 1963 546 ab

393 588 690 645 venerabili
731 587 990 656 episcopo
1015 585 1146 640 Osio
1181 599 1277 654 per
1307 582 1554 638 fraudem
1579 579 1960 646 abstulerunt;

394 682 446 734 in
483 680 678 750 quibus
729 677 1009 733 dissimilis
1046 675 1284 731 essentia
1331 673 1550 743 legitur.
1587 669 1788 725 Verum
1835 684 1962 724 cum

391 765 696 822 Orientales
729 765 990 819 Sirmium
1021 761 1252 834 profecti
1289 761 1451 831 hujus
1479 775 1696 832 quoque
1735 758 1964 814 hmresis

393 856 796 926 improbitatem
837 869 946 908 una
991 869 1114 907 cum
1167 853 1288 908 aliis
1331 858 1518 908 essent
1573 850 1864 920 complexi,
1897 865 1968 905 ne

392 957 614 1018 propter
630 961 744 1012 eos,
769 945 861 1014 qui
887 943 1216 999 Orientalem
1248 942 1368 998 fidei
1399 941 1794 1014 professionem
1834 957 1960 1012 per-

2070 491 2360 564 κούργημα
2407 493 2599 546 τούτου
2645 495 2739 548 τοῦ
2775 493 3115 566 αἱρετισμοῦ,
3167 492 3255 546 ἵνα
3307 491 3383 564 μὴ
3423 489 3659 553 εὐθύνας

2071 581 2342 652 ὑπέχωσιν
2382 583 2472 636 ἐπὶ
2501 586 2613 648 τοῖς
2649 585 2729 648 είς
2753 584 2854 655 τὴν
2889 582 3209 653 ἀνατολικὴν
3239 581 3423 634 πίστιν
3452 578 3664 649 τολμή-

2071 689 2248 736 σασιν,
2303 673 2638 728 ἐσπούδασαν
2693 673 2753 728 τὸ
2798 673 2899 746 τῆς
2944 673 3133 737 οὐσίας
3169 671 3337 742 ὄνομα
3369 671 3430 723 ὲν
3459 669 3658 741 χρήσει

2070 765 2314 836 ὑπάρχον
2337 767 2448 831 τοῖς
2483 767 2759 839 Πατράσιν
2787 766 2876 822 διά
2892 767 2992 830 τάς
3037 763 3442 838 προειρημένας
3473 759 3658 826 αἰτίας

2067 855 2276 909 ἀνελεῖν
2340 857 2442 930 τῆς
2503 857 2961 931 ὲκκλησιαστικῆς
3018 855 3387 918 διδασκαλίας.
3427 853 3516 906 ἴνα
3555 851 3652 904 καὶ

2067 947 2208 1000 κατὰ
2233 946 2390 1002 τοῦτο
2419 949 2612 1015 δόξωσι
2665 950 2954 1022 κρατύνειν
3008 949 3218 1003 ἑαυτῶν
3269 947 3366 1018 τὴν
3410 947 3648 1016 αἵρεσιν.

389 1053 601 1096 vertere
625 1055 734 1094 non
765 1037 1116 1102 dubitarant,
1153 1037 1218 1090 ad
1249 1035 1578 1091 reddendam
1614 1035 1877 1089 rationem
1913 1033 2353 1105 impellerentur,
2395 1043 2718 1098 substantiae
2759 1057 2980 1108 nomen,
3009 1041 3155 1113 quod
3201 1056 3230 1094 a
3264 1039 3520 1095 Patribus
3581 1041 3652 1093 ad

391 1149 487 1186 eas
522 1145 742 1192 causas,
781 1143 919 1199 quas
967 1128 1246 1199 attigimus
1293 1127 1346 1181 in
1393 1141 1552 1184 usum
1583 1133 1861 1195 receptum
1899 1124 2108 1194 fuerat,
2145 1129 2213 1185 ab
2260 1133 2634 1191 ecclesiastica
2674 1133 2822 1189 omni
2865 1133 3114 1190 doctrina
3145 1131 3432 1203 proﬂigare
3465 1129 3654 1185 conati

391 1235 538 1289 sunt,
571 1236 630 1276 ut
658 1223 756 1277 hac
795 1221 1005 1276 ratione
1035 1235 1190 1276 suam
1227 1219 1476 1275 haeresim
1504 1219 1943 1274 corroborarent.

457 1334 623 1404 862
661 1331 774 1386 XV.
829 1331 921 1388 Sic
968 1334 1111 1388 enim
1166 1333 1310 1403 apud
1369 1348 1428 1387 se
1475 1333 1791 1403 cogitarunt
1829 1351 1842 1386 :
1883 1329 1962 1396 Si,

390 1429 618 1480 excluso
651 1425 974 1480 substantize
1003 1426 1247 1486 nomine,
1278 1425 1495 1479 actione
1525 1425 1642 1480 sola
1683 1439 1746 1478 ac
1773 1424 1965 1478 volun-

390 1525 499 1571 tate
548 1515 781 1571 similem
827 1515 1010 1570 Patris
1054 1531 1176 1570 csse
1226 1513 1425 1569 Filium
1474 1513 1754 1580 dicerent,
1801 1515 1968 1569 licere

390 1609 535 1674 sibi,
594 1607 810 1662 sublato
874 1623 1103 1678 prorsus
1140 1607 1458 1662 substantia:
1505 1607 1758 1672 nomine,
1805 1604 1967 1660 dissi-

2142 1333 2244 1387 IE'.
2310 1331 2606 1388 Ὑπέλαθον
2647 1333 2776 1404 γὰρ,
2817 1333 2919 1400 ὃτι,
2951 1333 2999 1386 εί
3044 1331 3106 1386 rb
3139 1331 3236 1402 τῆς
3259 1329 3445 1394 οὐσίας
3480 1330 3656 1400 ὃνομα

2071 1425 2384 1496 ἐκϐληθείη,
2420 1426 2559 1482 κατά
2603 1427 2854 1498 βούλησιν
2901 1425 3060 1497 μόνον
3095 1426 3364 1494 λέγοντες,
3403 1424 3495 1477 καὶ
3527 1423 3650 1476 κατ’

2073 1517 2352 1590 ἐνέργειαν
2380 1520 2564 1590 ὅμοιον
2599 1519 2676 1590 τῷ
2697 1519 2872 1590 Ila-cpi.
2903 1517 2996 1572 rbv
3011 1517 3162 1584 Υίδν,
3187 1516 3436 1583 ἐξουσίαν
3461 1515 3654 1574 οὐσίας

2071 1609 2250 1676 ἕξουσι
2279 1609 2354 1682 μὴ
2369 1610 2794 1682 ὀνομαζομένης,
2821 1609 3005 1663 λοιπὸν
3021 1608 3276 1679 ἀνόμοιον
3301 1606 3479 1676 λέγειν
3509 1606 3656 1660 κατά

390 1702 571 1755 milem
603 1699 884 1768 deinceps,
917 1699 1062 1769 quod
1099 1697 1165 1754 ad
1201 1699 1379 1768 ipsum
1428 1713 1551 1754 esse
1597 1706 1650 1754 et
1701 1697 1966 1754 exsistere

2076 1701 2132 1755 rb
2190 1696 2348 1770 εἶναι,
2380 1704 2476 1756 καὶ
2503 1703 2645 1757 κατά
2672 1701 2734 1756 rb
2777 1702 3042 1776 ὑπάρχειν
3064 1699 3154 1754 rbv
3182 1699 3307 1752 Υίδν
3337 1697 3413 1768 τῷ
3449 1697 3652 1767 Πατρί.

393 1792 646 1862 pertinet,
699 1789 882 1845 Patris
935 1792 1292 1861 pronuntiare
1344 1789 1564 1846 Filium.
1607 1789 1714 1846 Sed
1763 1789 1963 1845 vindex

389 1884 638 1938 veritatis
697 1882 883 1950 Deus,
955 1882 1048 1954 qui
1110 1881 1523 1952 comprehendit
1576 1880 1851 1952 sapientes
1903 1882 1958 1935 in

391 1977 589 2031 astutia
612 1991 710 2032 sua
731 1977 840 2033 '....
868 1975 958 2046 qui
991 1975 1253 2045 unigeniti
1271 1974 1393 2044 ejus
1413 1973 1536 2028 Filii
1559 1974 1963 2046 cognationem,

391 2067 628 2124 similem
663 2083 788 2123 eum
819 2068 874 2122 in
927 2068 1182 2122 omnibus
1226 2081 1352 2123 esse
1395 2065 1574 2122 Patris
1625 2066 1964 2131 asserenda,

391 2174 582 2214 coram
617 2159 876 2231 religioso
917 2160 1246 2230 imperatore
1289 2157 1574 2228 professus
1612 2165 1715 2215 est.
1747 2157 1882 2213 Nam
1913 2167 1968 2214 et

389 2255 538 2323 ipse,
571 2261 763 2323 utpote
795 2251 940 2324 pius,
996 2267 1108 2306 non
1144 2252 1302 2306 aliter
1343 2251 1410 2306 de
1450 2259 1682 2324 patrono
1723 2267 1847 2316 suo,
1901 2267 1967 2308 ac

402 2319 709 2415 protectore
746 2319 847 2400 suo
891 2343 1055 2399 unico
1086 2343 1180 2399 Dei
1224 2343 1364 2400 Filio
1407 2319 1698 2409 sentiebat,
1729 2351 1784 2400 et
1813 2343 1958 2416 quod

394 2436 665 2492 sentiebat
694 2437 783 2507 pio
809 2437 864 2490 in
893 2435 1149 2490 omnibus
1177 2449 1272 2491 ore
1297 2435 1698 2506 pronuntiavit:
1729 2435 1782 2490 id
1811 2435 1958 2506 quod

388 2541 492 2582 nos
512 2524 780 2580 Catholici
809 2523 1112 2590 credimus,
1130 2523 1362 2579 similem
1387 2539 1512 2580 esse
1532 2523 1712 2579 Patris
1733 2523 1928 2578 Filium
1949 2541 1966 2591 ;

390 2631 570 2690 neque
599 2632 696 2687 per
729 2615 908 2686 ipsum
940 2613 1328 2669 haereticorum
1359 2613 1677 2670 insidiosam
1705 2614 1968 2670 adversus

392 2708 828 2766 ecclesiasticam
884 2705 1044 2762 ﬁdem
1084 2705 1438 2762 calliditatem
1472 2719 1605 2762 suos
1647 2721 1970 2777 progressus

391 2801 702 2857 habituram
753 2819 765 2854 :
813 2815 936 2870 qua:
986 2799 1313 2856 substantia:
1363 2813 1564 2855 nomen
1615 2813 1682 2854 eo
1737 2800 1970 2856 consilio

391 2902 622 2948 conatur
669 2891 1040 2962 exstinguere,
1073 2897 1135 2944 ut
1186 2903 1295 2944 non
1335 2889 1690 2959 pronuntiata
1734 2889 1968 2960 amplius

391 2997 528 3040 voce
558 2983 906 3051 substantiae,
938 2981 1160 3038 demum
1201 2982 1256 3036 in
1299 2981 1616 3052 pectoribus
1643 2980 1970 3040 delitescens

2081 1791 2218 1846 Ἀλλ’
2242 1794 2392 1865 ὅμως
2433 1795 2460 1847 6
2491 1792 2701 1856 ἔκδικος
2728 1793 2828 1864 τῆς
2873 1789 3130 1862 ἀληθείας
3175 1789 3327 1852 Θεὸς,
3363 1791 3391 1840 6
3421 1785 3656 1859 δρασσό-

2071 1901 2231 1953 μενος
2278 1875 2404 1947 τούς
2439 1885 2636 1952 σοφοὺς
2671 1883 2729 1936 ὲν
2753 1885 2820 1954 τῇ
2847 1881 3154 1952 πανουργίᾳ
3184 1877 3382 1944 αὐτῶν,
3415 1879 3436 1908 ⁴¹
3471 1877 3530 1941 ὃς
3555 1877 3658 1948 τὴν

2070 1977 2389 2046 συγγένειαν
2441 1975 2536 2030 τοῦ
2587 1974 2928 2046 Μονογενοῦς
2972 1971 3159 2040 αὑτοῦ,
3193 1973 3252 2026 rb
3293 1971 3435 2026 κατά
3474 1971 3656 2024 πάντα

2068 2067 2251 2136 ὅμοιον
2274 2066 2365 2120 rbv
2389 2065 2515 2121 Υίδν
2536 2065 2613 2138 τῷ
2637 2065 2814 2138 Πατρῒ⁷
2843 2061 3000 2129 εἶναι,
3023 2064 3117 2118 ἐπὶ
3144 2061 3236 2116 τοῦ
3263 2059 3520 2124 εὐσεὸοὖς
3559 2061 3656 2130 βα-

2071 2158 2264 2222 σιλέως
2293 2157 2756 2230 ἐπαρρησιάσατο.
2790 2157 2946 2212 Οὕτω
2971 2145 3082 2228 γάρ
3109 2156 3202 2209 καὶ
3223 2154 3384 2217 αὐτὸς
3411 2153 3652 2224 ἐφρόνει,

2069 2248 2296 2318 εὐσεϐὴς
2319 2246 2394 2301 ῶν
2431 2247 2572 2320 ὑπὲρ
2613 2247 2708 2300 τοῦ
2747 2245 3196 2318 ὑπερμαχοῦντος
3229 2243 3394 2298 αὐτοῦ
3433 2238 3656 2314 μονογε-

2069 2339 2192 2404 νοῦς
2246 2339 2376 2394 Υίοῦ
2437 2339 2529 2394 τοῦ
2583 2339 2741 2406 Θεοῦ,
2781 2340 2875 2394 καὶ
2907 2337 3121 2411 φρονῶν
3163 2335 3378 2390 εὐσεϐεῖ
3425 2337 3657 2407 στόματι.

2069 2433 2354 2505 διωρίσατο
2389 2433 2532 2488 κατὰ
2578 2433 2784 2488 πάντα·
2815 2433 2892 2498 ὡς
2918 2433 2968 2488 οἱ
2989 2431 3263 2486 καθολικοὶ
3289 2427 3658 2483 πεπιστεύκαο

2076 2545 2195 2598 μεν,
2223 2529 2408 2599 ὅμοιον
2437 2521 2578 2582 εἶναι.
2611 2529 2702 2582 τὸν
2755 2528 2882 2582 Υίδν
2925 2527 3002 2599 τῷ
3037 2527 3234 2598 Πατρὶ,
3261 2526 3356 2580 καὶ
3391 2523 3460 2578 δι’
3486 2523 3654 2579 αὐτοῦ

2075 2618 2150 2689 μὴ
2206 2621 2563 2690 προχωρῆσαι
2609 2617 2709 2690 τὴν
2756 2618 2895 2672 κατά
2937 2619 3036 2689 τῆς
3077 2615 3539 2688 ἐκκλησιαστικῆς
3563 2613 3656 2665 πί-

2073 2723 2241 2774 στεως
2286 2711 2584 2781 μεθοδείαν,
2617 2711 2860 2781 ἀναιρεῖν
2903 2708 3231 2782 βουλομένης
3258 2707 3319 2761 rb
3357 2707 3528 2778 ὄνομα
3557 2705 3656 2776 τῆς

2069 2801 2277 2868 οὐσίας,
2308 2802 2394 2855 ἵνα
2437 2801 2516 2874 τῷ
2556 2802 2786 2874 στόματι
2825 2801 2900 2874 μὴ
2940 2801 3276 2872 λαλουμένης
3302 2799 3513 2866 οὐσίας,
3544 2798 3656 2850 λοι-

2071 2894 2170 2947 πὸν
2219 2895 2277 2946 ἐν
2316 2895 2437 2958 ταῖς
2487 2893 2733 2964 καρδίαις
2771 2893 3086 2964 φωλεύουσα
3133 2894 3166 2964 ἡ
3225 2891 3434 2963 αἵρεσις
3483 2889 3656 2959 νέμη-

2071 3001 2182 3040 rat.
2254 2984 2393 3038 Ἀλλ’
2439 2987 2636 3050 αὐτοὺς
2705 2985 2998 3058 φθάσωμεν
3033 2987 3053 3017 ³
3105 2985 3420 3057 γράφοντας
3472 2985 3658 3054 ὅμοιον

392 3077 618 3132 haeresis
651 3076 875 3148 impune
903 3083 1210 3147 grassetur.
1235 3073 1436 3130 Verum
1465 3075 1559 3146 qui
1589 3075 1821 3132 similem
1847 3089 1968 3132 esse

2076 3076 2216 3130 κατά
2249 3075 2524 3150 βούλησιν,
2569 3078 2822 3149 ἀνόμοιον
2853 3077 2910 3131 δὲ
2949 3077 3067 3132 κατ’
3102 3077 3288 3131 οὐσίαν
3309 3094 3320 3106 ·
3369 3077 3422 3130 εἴ
3451 3092 3516 3144 γε
3563 3075 3660 3127 ἀν-

389 3172 697 3234 νοΙιιιιῑειιο,
750 3169 1059 3226 substantia
1101 3184 1234 3224 vero
1264 3167 1586 3225 dissimilem
1627 3166 1822 3224 Filium
1853 3185 1975 3226 esse

395 3263 762 3331 scripserunt,
797 3259 987 3324 iidem,
1020 3259 1069 3315 si
1101 3259 1243 3315 bona
1269 3258 1374 3314 [ide
1404 3273 1468 3314 ac
1493 3259 1709 3314 sincere
1740 3259 1972 3316 similem

392 3355 646 3411 eumdem
677 3357 732 3410 in
764 3354 1022 3410 omnibus
1043 3369 1168 3409 esse
1201 3351 1441 3408 confessi
1471 3358 1620 3420 sunt,
1650 3353 1974 3409 vanissimos

393 3461 584 3504 eorum
631 3455 866 3502 conatus
926 3460 1048 3501 esse
1107 3441 1608 3515 deprehendemus,
1660 3443 1788 3499 dum
1841 3446 1974 3501 sub-

396 3538 611 3592 stantia:
645 3551 844 3592 nomen
879 3537 1092 3605 eripere
1127 3534 1276 3590 omni
1327 3533 1679 3589 contentione
1726 3535 1970 3591 student.

395 3629 608 3684 Etenim
642 3629 688 3684 si
744 3628 796 3682 in
830 3628 1110 3692 omnibus,
1144 3633 1204 3681 ut
1241 3635 1519 3694 asserunt,
1561 3627 1756 3684 similis
1787 3629 1879 3694 sit,
1913 3641 1974 3684 ut

394 3731 480 3776 est
522 3735 733 3784 revera,
778 3718 924 3773 Patri
954 3717 1148 3784 Filius,
1196 3731 1304 3773 non
1349 3717 1628 3773 voluntate
1672 3726 1728 3774 et
1759 3719 1973 3776 actione

397 3813 535 3880 sola,
566 3821 626 3868 ut
669 3813 776 3868 illis
807 3813 1008 3883 placet,
1061 3811 1156 3867 sed
1203 3809 1528 3866 exsistentia
1565 3824 1630 3865 ac
1665 3811 1973 3868 substantia

394 3913 450 3962 et
486 3907 542 3962 in
584 3921 649 3962 eo
682 3908 804 3976 ipso
834 3903 982 3976 quod
1030 3911 1135 3969 est,
1187 3911 1376 3974 utpote
1428 3901 1622 3966 Filius,
1673 3905 1869 3961 similis
1901 3905 1974 3962 sit

395 4013 626 4055 necesse
657 4007 744 4054 est
774 4016 787 4054 :
824 4011 952 4052 nam
983 3995 1099 4052 hate
1129 3995 1390 4067 loquendi
1422 3995 1678 4061 formula,
1712 3996 1768 4050 in
1800 3997 1971 4051 omni-

397 4091 515 4156 bus,
544 4091 800 4146 universa
851 4088 1232 4162 complectitur
1255 4126 1271 4154 ,
1324 4101 1425 4144 nec
1457 4087 1630 4142 ullum
1677 4087 1973 4143 discrimen

395 4184 661 4249 admittit,
714 4182 1158 4254 quandoquidem
1197 4180 1255 4235 in
1303 4179 1560 4236 confesso
1610 4179 1754 4250 apud
1782 4194 1973 4236 omnes

398 4275 549 4332 istud
606 4285 711 4338 est,
765 4289 868 4330 nec
919 4274 1153 4329 similem
1183 4287 1308 4329 esse
1349 4271 1453 4328 sibi
1510 4270 1751 4336 Patrem,
1795 4287 1974 4344 neque

397 4367 502 4423 sibi
541 4367 646 4438 ipsi
699 4365 918 4432 Filium,
951 4365 1048 4422 sed
1093 4363 1294 4419 Filium
1321 4377 1442 4420 esse
1480 4363 1661 4420 Patris
1714 4365 1967 4432 similem,

397 4465 450 4512 ct
489 4472 556 4511 eo
609 4459 764 4526 ipso,
811 4455 958 4527 quod
1009 4455 1066 4510 in
1123 4455 1378 4510 omnibus
1423 4453 1571 4508 Patri
1625 4455 1820 4511 similis
1865 4467 1968 4521 est,

397 4547 596 4602 Filium
630 4563 773 4613 esse,
809 4563 919 4604 non
967 4547 1182 4602 Patrem
1205 4588 1220 4613 ,
1270 4545 1365 4618 qui
1407 4546 1629 4616 quidem
1664 4545 1904 4615 perfecte
1941 4563 1972 4602 a

397 4639 641 4710 perfecto
673 4638 832 4697 Patre
859 4649 987 4696 ante
1009 4638 1426 4710 intelligentiam
1455 4651 1694 4698 omnem,
1720 4652 1971 4693 omnem-

398 4745 504 4801 que
533 4735 829 4800 rationem,
871 4745 935 4787 ac
979 4737 1226 4800 tempora
1267 4727 1574 4798 smculaque
1615 4743 1645 4782 e
1679 4726 1976 4796 Patrislest

397 4821 757 4878 similitudine
795 4823 1036 4894 genitus,
1077 4835 1144 4876 eo
1192 4819 1356 4874 modo
1385 4833 1545 4886 quem
1579 4817 1732 4872 solus
1766 4834 1972 4890 cogno-

397 4913 500 4970 scit
527 4911 708 4975 Pater,
743 4914 836 4983 qui
872 4911 1025 4965 illum
1055 4925 1086 4966 e
1117 4913 1297 4980 seipse
1332 4910 1469 4963 citra
1509 4907 1817 4979 passionem
1854 4925 1972 4965 om-

396 5021 520 5060 nem
555 5004 764 5073 genuit,
795 5003 889 5058 sed
920 5009 971 5056 et
1009 4999 1180 5056 Filius
1207 5001 1383 5065 novit,
1417 5000 1508 5070 qui
1541 5001 1608 5055 ab
1640 5015 1703 5055 co
1734 5011 1792 5054 ut
1825 5010 1973 5057 esset

395 5096 642 5167 accepit;
681 5079 831 5150 novit
879 5103 1153 5164 postremo
1190 5103 1244 5148 et
1291 5094 1365 5155 is,
1424 5094 1513 5148 cui
1563 5093 1651 5149 ille
1695 5095 1971 5160 revelarit,

393 5193 592 5262 cuique
615 5190 670 5244 in
697 5191 778 5246 sui
813 5189 1269 5259 contemplatione
1305 5188 1480 5245 Patris
1515 5189 1622 5253 sui,
1657 5199 1713 5244 ut
1741 5207 1837 5261 par
1871 5207 1974 5262 est,

396 5285 808 5356 intelligentiam
844 5284 1200 5338 concesserit.

463 5375 628 5448 863
667 5371 805 5429 XVI.
855 5373 1054 5429 Verum
1087 5391 1154 5430 ne
1184 5392 1342 5446 quem
1379 5377 1744 5447 liypostaseon
1781 5381 1968 5448 appel-

397 5463 528 5518 latio
583 5463 700 5534 ipsa
745 5462 1050 5533 perturbet.
1104 5461 1186 5518 0b
1235 5463 1288 5518 id
1335 5465 1483 5518 enim
1523 5465 1848 5535 hypostases
1903 5469 1969 5524 ab

401 5551 772 5610 Orientalibus
809 5563 1183 5626 usurpantur,
1225 5563 1285 5610 ut
1317 5571 1669 5624 personarum
1727 5561 1972 5630 proprie-

476 5708 492 5739 ‘
515 5705 638 5764 Job.
665 5725 719 5774 ν,
754 5711 850 5778 15;
879 5711 898 5766 1
928 5709 1056 5766 Cor.
1091 5725 1172 5777 ιιι,
1205 5711 1290 5765 19.

2003 4429 2050 4484 D

2080 3169 2327 3233 υπούλως
2351 3170 2446 3224 καὶ
2478 3170 2734 3242 καθαρῶς
2764 3171 2824 3224 τὸ
2853 3171 2996 3224 κατὰ
3027 3172 3205 3225 πάντα
3253 3173 3437 3242 ὅμοιον
3465 3167 3658 3238 ὁμολο-

2074 3259 2284 3331 γοῦσιν,
2315 3263 2481 3316 ’ἐωλον
2509 3264 2692 3328 αὐτοῖς
2722 3263 3189 3336 ἀπελεγχθήσεται
3213 3265 3274 3318 rb
3298 3264 3656 3336 ἐπιχείρημα,

2075 3353 2439 3409 σπουδάσασιν
2485 3351 2618 3426 ἆραι
2671 3355 2730 3409 τὸ
2775 3357 2946 3428 ὄνομα
2971 3357 3068 3426 τῆς
3108 3356 3314 3422 οὐσίας.
3349 3358 3516 3412 Οὐδὲν
3542 3358 3656 3430 γάρ

2074 3443 2403 3517 ἐκέρδαινον,
2453 3447 2892 3515 ἀναγκασθέντες
2939 3447 3268 3518 ὁμολογῆσαι
3305 3449 3398 3502 τὸν
3423 3449 3553 3502 Υἱὸν
3581 3449 3660 3520 τῷ

2075 3537 2250 3610 Harp).
2293 3537 2436 3593 κατά
2482 3541 2660 3595 πάντα
2712 3543 2917 3612 ὅμοιον.
2961 3543 3026 3598 El
3056 3543 3162 3617 γὰρ
3189 3544 3330 3598 κατὰ
3359 3547 3557 3608 πάντα,
3583 3547 3660 3608 ὡς

2075 3631 2450 3703 ὡμολόγησαν,
2499 3633 2642 3688 ἔστιν
2687 3635 2890 3706 ὅμοιος,
2938 3637 3128 3709 ὥσπερ
3157 3633 3258 3692 ὀὖν
3288 3641 3435 3694 ἐστιν
3463 3643 3494 3694 6
3527 3642 3656 3706 Υἱὸς

2074 3725 2153 3796 τῷ
2181 3725 2354 3795 Πατρὶ
2385 3725 2590 3796 ὅμοιος,
2623 3725 2769 3780 ἔστιν
2799 3727 2980 3800 ὅμοιος
3012 3729 3072 3782 οὐ
3106 3730 3246 3784 κατά
3273 3731 3371 3802 τὴν
3402 3729 3658 3804 βούλησιν

2075 3813 2167 3866 καὶ
2183 3813 2278 3884 τὴν
2295 3814 2575 3886 ἐνέργειαν
2589 3816 2779 3888 μόνην,
2811 3819 2954 3872 καθὰ
2985 3821 3138 3874 αὐτοὶ
3155 3821 3498 3895 διορίζονται,
3523 3824 3660 3880 ἀλλά

2075 3903 2216 3956 κατά
2238 3903 2336 3974 τὴν
2357 3902 2613 3976 ὕπαρξιν,
2647 3907 2740 3960 καὶ
2767 3908 2906 3962 κατὰ
2918 3909 3015 3982 τὴν
3047 3911 3366 3978 ὑπόστασιν,
3393 3916 3488 3969 xa‘t
3516 3919 3658 3972 κατὰ

2074 3994 2135 4047 τὸ
2151 3989 2289 4048 εἶναι
2309 3993 2385 4057 ὡς
2399 3996 2526 4058 Υἱός
2541 4014 2553 4026 ·
2577 3997 2672 4052 καὶ
2693 3999 2970 4067 καθάπαξ,
2991 4001 3140 4056 κατὰ
3152 3983 3368 4070 πάντα,
3401 4007 3659 4062 ἁπάντων

2075 4085 2191 4137 ἐστὶ
2214 4083 2626 4156 περιληπτικὸν,
2652 4089 2745 4142 καὶ
2775 4089 3032 4160 οὐδεμίαν
3061 4091 3324 4164 διαφοράν
3348 4097 3656 4167 προσίεται..

2075 4177 2503 4249 ὁμολογουμένου
2541 4180 2634 4234 τοῦ
2681 4183 2818 4252 μήτε
2859 4183 3022 4238 αὐτὸν
3076 4186 3251 4257 ἑαυτῷ
3287 4189 3472 4258 ὅμοιον
3517 4186 3658 4246 εἶναι.

2075 4268 2164 4321 τὸν
2187 4270 2428 4342 Πατέρα,
2455 4271 2593 4341 μήτε
2619 4271 2711 4324 τὸν
2729 4272 2856 4326 Υίὸν
2881 4274 3043 4328 αὐτὸν
3077 4273 3284 4350 [αὑτὸν]
3305 4279 3486 4349 ἐαυτῷ
3517 4274 3658 4332 εἶναι.

2075 4359 2282 4430 ὅμοιον,
2313 4360 2448 4414 ἀλλά
2475 4362 2603 4415 Υἱὸν
2637 4358 2775 4417 εἶναι
2809 4365 2993 4436 ὅμοιον
3033 4367 3112 4438 τῷ
3140 4368 3338 4440 Πατρὶ,
3369 4372 3466 4424 καὶ
3497 4373 3554 4424 ἐν
3581 4372 3660 4442 τῷ

2081 4449 2219 4502 κατά
2263 4449 2438 4504 πάντα
2485 4451 2669 4523 ὅμοιον
2722 4449 2860 4508 εἶναι
2889 4455 2970 4528 τῷ
3001 4459 3180 4529 Πατρὶ
3227 4459 3357 4514 Υίὸν
3383 4460 3538 4526 ὄντα,
3563 4464 3659 4516 καὶ

2074 4543 2136 4595 οὐ
2163 4541 2401 4614 Πατέρα,
2437 4543 2498 4608 ἐξ
2525 4537 2584 4597 οὗ
2619 4545 2642 4576 ⁸
2673 4547 2885 4616 Πατρὸς
2915 4548 3136 4613 τελείως
3187 4551 3254 4604 ἐκ
3290 4553 3520 4620 τελείου,
3552 4555 3660 4625 πρὸ

2075 4633 2256 4704 πάσης
2281 4635 2508 4700 ἑννοίας,
2539 4638 2634 4690 καὶ
2682 4638 2900 4694 πάντων
2947 4639 3243 4712 λογισμῶν,
3291 4645 3388 4698 καὶ
3427 4647 3662 4717 χρόνων,

2076 4728 2169 4780 καὶ
2202 4727 2412 4782 αἰώνων
2433 4731 2498 4784 ὲκ
2545 4729 2640 4784 τοῦ
2667 4731 2882 4805 Πατρὸς
2911 4734 3225 4805 ὁμοιότητος
3255 4737 3560 4808 γεννηθεὶς,
3585 4739 3660 4802 ὡς

2077 4811 2186 4871 οἶδε
2227 4819 2382 4888 μόνος
2405 4820 2434 4872 6
2467 4821 2656 4894 Πατὴρ
2679 4824 2706 4876 6
2736 4821 2796 4888 ἐξ
2815 4824 2978 4878 αὐτοῦ
3011 4826 3172 4880 αὐτὸν
3203 4827 3432 4892 ἀπαθῶς
3463 4831 3658 4902 γεννή-

2084 4927 2200 4977 σας,
2219 4913 2311 4963 κα¹ι
2335 4914 2362 4965 ὁ
2384 4913 2514 4979 Υἱὸς
2547 4916 2574 4967 6
2603 4914 2662 4978 ἐξ
2682 4913 2845 4968 αὐτοῦ
2870 4916 2932 4969 τδ
2957 4913 3096 4970 εἶναι
3127 4917 3286 4989 ἔχων,
3311 4921 3408 4973 καὶ
3429 4913 3475 4988 ᾧ
3499 4920 3660 4984 αὐτὸς

2081 5003 2417 5073 ἀποκαλύψει
2439 5007 2496 5060 ὲν
2534 5008 2599 5077 τῇ
2635 5008 2753 5062 κατ’
2777 5007 2936 5063 αὐτὸν
2964 5009 3165 5082 θεωρίᾳ
3199 5010 3363 5076 ἀξίως
3391 5013 3539 5084 ἡμᾶς
3569 5013 3662 5066 τὸν

2081 5098 2274 5152 ἑαυτοῦ
2307 5101 2523 5172 Πατέρα
2561 5103 2818 5172 παρέχειν
2850 5111 2871 5141 ⁵
2905 5105 3063 5158 νοεῖν.

2139 5379 2256 5441 ις’.
2289 5377 2395 5429 Καὶ
2427 5377 2501 5448 μὴ
2541 5379 2858 5449 ταρασσέτω
2891 5381 2951 5436 rb
2980 5381 3087 5436 τῶν
3119 5383 3470 5438 ὑποστάσεων
3493 5359 3656 5454 ὄνομά

2071 5487 2239 5532 τινας.
2279 5469 2377 5521 Διά
2420 5468 2578 5522 τοῦτο
2617 5469 2725 5540 γὰρ
2769 5473 3094 5537 ὑποστάσεις
3129 5477 3178 5527 oi
3225 5475 3531 5530 ἀνατολικοὶ
3571 5475 3655 5527 λέ·-

2069 5578 2280 5630 γουσιν,
2315 5559 2400 5614 ἵνα
2420 5561 2516 5626 τὰς
2556 5562 2820 5634 ἰδιότητας
2852 5563 2964 5618 τῶν
2991 5564 3298 5636 προσώπων
3341 5567 3652 5638 ὑφεστώσας

1387 5713 1409 5742 ⁸
1445 5709 1603 5768 DeCSI
1650 5713 1848 5784 iliqltid
1922 5715 1943 5746 ³

2076 5717 2414 5788 φωράσομεν.
2495 5721 2514 5752 ⁸
2538 5719 2598 5776 F.
2633 5721 2696 5773 ἐκ
2725 5722 2840 5778 τοῦ.
2917 5723 2940 5756 ⁸
2971 5721 3032 5777 F.
3062 5725 3337 5796 παρέχων.
