3990 6228
381 373 495 430 455

1017 371 1392 430 ADVERSUS
1432 373 1774 431 HERESES
1811 373 1941 432 LIB.
1981 373 2074 433 III.
2117 376 2281 433 TOM.
2315 377 2354 432 I.
2393 409 2458 417 —-
2499 377 2777 434 HERES.
2821 377 3050 436 LXXIII.

3555 378 3662 436 458

381 496 482 552 καὶ
503 492 852 565 ὑπαρχούσας
877 492 1238 563 γνωρίσωσιν.
1263 493 1327 546 Et
1343 491 1452 564 γὰρ
1470 492 1684 562 πνεῦμα
1703 495 1731 547 6
1760 493 1971 564 Πατὴρ,

2108 502 2226 549 ales
2284 494 2648 550 subsistentes
2695 493 3136 563 exsistentesque
3192 493 3482 549 declarent.
3524 492 3658 546 Nam

384 584 607 655 πνεῦμα
646 582 792 636 καὶὸ
825 580 974 644 Υἱὸς,
1042 579 1258 650 πνεῦμα
1302 582 1395 635 καὶ
1441 581 1502 636 τὸ
1541 580 1694 650 ἅγιον
1727 581 1970 652 Πνεῦμα,

384 677 453 729 οὐ
483 677 681 728 νοεῖται
706 672 893 742 Πατὴρ
917 674 945 726 6
970 671 1117 734 Υἱός.
1135 671 1436 743 ’Υφέστηκε
1463 672 1518 725 δὲ
1539 673 1634 726 καὶ
1653 672 1713 725 τὸ
1725 671 1971 742 Πνεῦμα,

386 765 419 818 ὃ
467 766 528 819 οὐ
561 766 760 817 νοεῖται
801 761 946 826 Υἱὸς,
999 759 1028 814 ὃ
1089 761 1182 814 καὶ
1236 761 1338 814 οὐκ
1379 759 1493 814 ἔστι
1527 760 1610 830 (τὸ
1644 760 1870 830 Πνεῦμα
1911 761 1972 813 οὐ

389 859 594 910 νοεῖται
619 854 768 920 Υἱὸς,
807 852 1078 922 ὑφέστηκε
1116 853 1172 905 δὲ
1201 852 1294 906 καὶ
1326 856 1386 905 τὸ
1433 853 1655 923 Πνεῦμα
1685 852 1748 906 τὸ
1775 851 1973 922 ἅγιον).

387 949 506 1003 Καὶ
559 947 743 1000 οὐκέτι
797 946 857 999 τὸ
915 944 1138 1015 Πνεῦμα
1189 944 1252 997 τὸ
1296 944 1480 1013 ἅγιον,
1512 945 1634 998 οὐδὲ
1693 947 1723 998 6
1764 942 1974 1015 Πατὴρ,

385 1041 512 1094 οὐδὲ
560 1041 588 1093 6
642 1039 804 1102 Υἱὸς,
845 1036 982 1091 ἀλλὰ
1030 1036 1255 1108 Πνεῦμα
1299 1037 1455 1105 ἅγιον
1513 1039 1577 1090 ἐκ
1622 1035 1856 1108 Πατρὸς,
1909 1035 1977 1090 δι’

391 1131 533 1186 Υίοῦ
600 1134 810 1193 πιστοῖς
863 1130 1160 1199 διδόμενον.
1226 1129 1466 1193 Εἰκότως
1518 1128 1826 1198 ὑφεστῶτος
1886 1129 1980 1182 καὶ

393 1223 800 1295 ὑπάρχοντοςί,
847 1223 936 1276 καὶ
979 1223 1074 1274 τοῦ
1143 1221 1455 1292 Πνεῦματος
1502 1221 1595 1276 τοῦ
1646 1223 1831 1290 ἁγίου,
1882 1221 1979 1284 τὰς

397 1315 706 1385 ἰδιότητας,
763 1314 838 1377 ὡς
889 1315 1333 1386 προειρήκαμεν,
1380 1313 1684 1385 προσώπων
1733 1311 1980 1382 ὑφεστώ-

393 1423 507 1459 των
577 1405 900 1468 ὑποστάσεις
939 1405 1292 1476 ὀνομάζουσιν
1372 1406 1422 1457 οἱ
1487 1404 1822 1467 ἀνατολικοὶ,
1861 1405 1982 1474 οὐχὶ

393 1498 497 1561 τὰς
552 1501 699 1568 τρεῖς
748 1497 1092 1563 ὑποστάσεις,
1142 1501 1290 1569 τρεῖς
1338 1497 1531 1567 ἀρχὰς,
1581 1498 1793 1569 ἢτρεῖς
1829 1497 1984 1560 θεοὺς

394 1590 672 1657 λέγοντες.
727 1588 1208 1659 Ἀναθεματίζουσι
1262 1589 1403 1660 γάρ,
1455 1590 1506 1642 εἴ
1540 1607 1621 1652 τις
1656 1589 1802 1657 λέγει
1834 1591 1984 1659 τρεῖς

393 1680 575 1744 θεοὺς.
627 1680 764 1733 Ἀλλ’
791 1680 911 1733 οὐδὲ
956 1681 1178 1752 Πατέρα
1221 1680 1313 1734 καὶ
1344 1680 1469 1733 Υἱὸν
1503 1680 1594 1734 δύο
1618 1680 1773 1744 θεοὺς
1800 1679 1986 1747 λέγου-

399 1791 510 1827 σιν.
563 1772 910 1843 Ὀμολογοῦσι
959 1773 1068 1844 γὰρ
1113 1772 1240 1842 μίαν
1283 1769 1694 1842 εἴναιθεότητα,
1755 1773 1986 1842 ἐμπερι-

401 1865 636 1933 έχουσαν
690 1864 757 1917 δι’
788 1863 920 1916 Υίοῦ
947 1865 1006 1916 έν
1050 1863 1328 1933 ῐινεύματι
1365 1863 1505 1932 ἁγίῳ
1529 1863 1598 1915 τὰ
1629 1862 1826 1925 πάντα,
1863 1863 1991 1932 ὁμο-

397 1954 624 2023 λογοῦσι
655 1955 784 2025 μίαν
811 1955 1061 2026 θεότητα,
1101 1957 1194 2008 καὶ
1237 1955 1365 2026 μίαν
1408 1953 1702 2023 βασιλείαν,
1733 1955 1826 2007 καὶ
1861 1952 1991 2023 μίαν
2023 1934 2066 1988 Β

398 2045 602 2116 ἀρχήν.
638 2044 830 2114 Ὅμως
860 2044 929 2097 τὰ
955 2044 1217 2116 πρόσωπα
1244 2047 1300 2097 ὲν
1323 2046 1443 2106 ταῖς
1474 2043 1698 2115 ἰδιότησι
1731 2044 1837 2096 τῶν
1858 2044 1992 2095 ὑπο⁶

404 2137 650 2191 στάσεων
683 2135 923 2200 εὐσεϐῶς
950 2135 1295 2206 γνωρίζουσι,
1322 2135 1414 2190 τὸν
1447 2136 1666 2206 Πατέρα
1693 2139 1752 2190 έν
1779 2138 1844 2205 τῇ
1886 2151 1992 2189 πα-

403 2228 572 2298 τρικῇ
603 2225 860 2297 αὐθεντίᾳ
893 2225 1181 2294 ὑφεστῶτα
1212 2227 1478 2292 νοοῦντες,
1520 2227 1614 2280 καὶ
1639 2227 1732 2279 τὸν
1761 2226 1889 2280 Υίδν
1929 2226 1991 2279 οὐ

402 2319 576 2390 μέρος
614 2317 742 2370 ὄντα
775 2317 869 2370 τοῦ
919 2317 1152 2387 Πατρὸς,
1203 2317 1341 2372 ἀλλὰ
1381 2317 1637 2388 καθαρῶς
1681 2319 1745 2371 ἐκ
1780 2317 1994 2389 Πατρὸς

401 2409 611 2464 τέλειον
647 2410 712 2462 ἐκ
765 2409 972 2462 τελείου
996 2409 1392 2480 γεγεννημένον
1421 2411 1514 2464 καὶ
1537 2410 1825 2479 ὑφεστῶτα
1865 2411 1996 2478 ὁμο-

403 2502 716 2571 λογοῦντες,
755 2502 848 2555 καὶ⁵
876 2501 935 2555 τὸ
978 2501 1204 2572 Πνεῦμα
1223 2502 1282 2554 τὸ
1313 2501 1486 2570 ἆγιον,
1522 2502 1552 2555 ὃ
1581 2504 1614 2571 ἡ
1647 2501 1765 2555 θεία
1802 2500 1993 2572 Γραφὴ

403 2595 767 2667 Παράκλητον
789 2595 1063 2665 ὀνομάζει,
1092 2596 1158 2647 ὲκ
1201 2593 1414 2664 Πατρδς
1457 2593 1523 2647 δι’
1553 2593 1682 2646 Υίοῦ
1711 2592 1996 2662 ὑφεστῶτα

403 2687 783 2761 γνωρίζοντες.
825 2687 912 2751 Ὠς
943 2689 971 2741 6
1002 2687 1358 2758 Παρὰκλητος
1386 2686 1446 2740 τδ
1481 2684 1694 2757 πνεῦμα
1731 2685 1828 2755 τῆς
1859 2684 1994 2754 ἀλη-

405 2781 564 2844 θείας
594 2781 837 2834 διδάσκει
865 2781 1014 2850 ὴμᾶς
1035 2779 1135 2850 τὴν
1156 2778 1435 2849 ἀλήθειαν,
1463 2779 1584 2848 ἥτις
1605 2778 1750 2831 ἐστὶν
1775 2778 1804 2828 6
1841 2777 1991 2839 Υίός·

406 2870 626 2938 Οὐδεὶς
656 2870 767 2941 γὰρ
792 2871 975 2939 λέγει,
1005 2870 1217 2937 Κύριος
1257 2868 1508 2938 Ἰησοῦς,
1534 2870 1586 2920 εὶ
1609 2866 1695 2937 μὴ
1722 2867 1792 2920 ἐν
1813 2868 1998 2921 Πνεύ-

404 2979 550 3032 ματι
582 2962 746 3032 ἁγίῳ.
795 2959 950 3014 υῦτω
985 2962 1077 3014 καὶ
1119 2961 1147 3013 ὁ
1189 2959 1337 3023 Υἱὸς,
1369 2961 1425 3022 ὅς
1457 2961 1603 3012 ἐστιν
1633 2958 1879 3028 ἀλήθεια,
1907 2957 2000 3011 τὸν

408 3051 666 3124 ἀληθινὸν
723 3054 879 3116 Θεὸν,
937 3053 1030 3106 τὸν
1081 3051 1276 3105 ἑαυτοῦ
1330 3051 1549 3122 Πατέρα
1587 3051 1732 3120 ἡμᾶς
1761 3047 2000 3112 εὐσεϐῶς

417 3147 612 3200 ειδέναι
675 3145 896 3211 διδάξει,
947 3144 1127 3208 καθὼς
1161 3145 1308 3213 λέγει
1338 3160 1351 3174 ·
1410 3142 1472 3196 '0
1531 3140 1804 3209 ἑωρακὼς
1863 3140 1993 3211 ἐμὲ,

309 3258 315 3262 ·
407 3233 637 3302 ἑώρακε
658 3234 764 3287 τὸν
784 3234 1031 3301 Πατέρα.
1063 3232 1274 3286 Οὐκοῦν
1311 3232 1370 3284 ἐν
1398 3231 1674 3302 Πνεύματι
1709 3231 1849 3300 ἁγίῳ
1872 3229 2001 3283 Υἱὺν

886 3285 960 3378 ﬁt;
997 3324 1109 3398 Υἱῷ
1130 3285 1198 3377 δὲν
1213 3326 1491 3396 μονογενεῖ
1519 3285 1736 3394 Πατέρα
1758 3285 2004 3387 ἐὐισεὸῶς
2030 3285 2074 3346 C

412 3420 518 3492 καί
544 3417 708 3482 ἀξίως
730 3417 1043 3487 δοξάζομεν.
1080 3417 1190 3470 Καὶ
1224 3415 1363 3488 αῦτη
1393 3415 1540 3468 ἐστὶν
1575 3417 1608 3485 ἡ
1643 3414 1880 3485 σφραγὶς
1904 3415 2005 3486 τῆς

415 3511 672 3575 πίστεως,
725 3512 783 3563 έν
914 3509 1168 3580 σφραγῖδι
1221 3507 1585 3582 βαπτισθῆναι
1627 3506 2007 3578 προσέταξενὸ

413 3599 609 3672 Σωτὴρ
643 3601 735 3653 καὶ
751 3598 953 3670 Κύριος
994 3597 1199 3669 Ἰησοῦς
1229 3597 1479 3669 Χριστὸς,
1505 3597 1751 3666 ὁλέγων·
1791 3599 2006 3665 Πορευ-

411 3695 628 3756 θέντες
654 3691 1070 3760 μαθητεύσατε
1094 3688 1289 3742 πάντα
1313 3688 1383 3743 τὰ
1407 3688 1551 3757 ἔθνη
1575 3727 1591 3754 ,
1616 3686 2006 3753 βαπτίζοντες

413 3783 644 3849 αὐτοὺς
675 3785 760 3848 εὶς
784 3783 847 3835 τὸ
889 3782 1077 3850 ὄνομα
1116 3781 1220 3834 τοῦ
1264 3779 1515 3850 Πατρός,
1560 3779 1661 3834 καί
1703 3779 1810 3834 τοῦ
1845 3777 2005 3847 Υὶοῦ,

415 3876 522 3929 καὶ
552 3875 658 3929 τοῦ
698 3875 871 3945 ἁγίου
902 3874 1272 3943 Πνεύματος.

495 4045 593 4099 ΙΖ’.
627 4045 762 4116 Περὶ
785 4043 894 4114 γὰρ
936 4044 1030 4115 τῆς
1070 4044 1209 4098 κατὰ
1252 4044 1430 4098 πάντα
1470 4041 1563 4096 τοῦ
1598 4041 1728 4096 Υἱοῦ
1759 4043 1894 4113 πρὸς
1918 4043 2010 4097 τὸν

421 4138 646 4210 Πατέρα
668 4137 983 4206 ὁμοιότητος
1015 4135 1346 4206 πλατύτερον
1372 4135 1469 4204 μὲν
1500 4133 1732 4204 ἀλλαχοῦ
1755 4134 1969 4205 εἴρηται
1991 4151 2006 4165 ·

421 4225 627 4297 ὁμοίως
653 4226 709 4280 δὲ
740 4225 834 4278 καὶ
864 4225 958 4277 νῦν
987 4226 1044 4276 έν
1085 4224 1276 4295 βραχεῖ
1321 4223 1883 4294 παρασημειῶσασοαι
1911 4223 2012 4276 οὐκ

422 4318 751 4387 ὁκνὴσομεν,
779 4318 860 4370 ὅτι
880 4318 909 4368 ὁ
945 4316 1284 4379 Ἀπὸστολος,
1307 4315 1489 4368 εἰκόνα
1515 4315 1607 4368 τοῦ
1627 4314 1858 4386 ἀοράτου
1875 4315 2010 4369 Θεοῦ

423 4411 520 4464 τὸν
549 4409 676 4462 Υιὸν
714 4408 974 4480 εἰρηκὼς,
999 4409 1090 4462 καὶ
1129 4410 1186 4461 ὲν
1215 4407 1393 4478 τούτῳ
1435 4407 1670 4472 διδάξας,
1705 4409 1787 4461 ὅτι
1827 4409 2011 4479 ὅμοιός

427 4503 578 4555 ἐστιν
620 4502 650 4554 6
701 4499 824 4562 Υἱὸς
854 4498 934 4570 τῷ
979 4499 1174 4568 Πατρὶ,
1223 4497 1456 4568 ἀλλαχοῦ
1487 4498 1604 4562 πῶς
1637 4499 1717 4551 δεῖ
1737 4501 1880 4552 νοεῖν
1920 4499 2012 4553 τὸν

2081 586 2186 639 etsi
2235 586 2461 654 spiritus
2501 583 2664 638 Pater
2693 592 2799 646 est,
2841 591 2895 636 et
2929 584 3102 640 Filius
3149 586 3396 656 spiritus,
3431 593 3486 639 ct
3531 584 3660 654 Spi-

2082 677 2225 730 ritus
2256 685 2481 732 sanctus
2516 677 2630 745 ipse
2659 676 2909 744 spiritus,
2939 692 3044 730 non
3079 685 3257 731 tamen
3287 675 3499 730 Patrem
3536 691 3662 730 esse

2084 765 2282 822 Filium
2329 767 2672 836 concipimus
2718 768 2920 820 animo.
2959 767 3102 833 Quin
3157 777 3210 822 et
3260 767 3499 839 Spiritus
3543 767 3660 836 ipse

2085 861 2360 924 subsistit,
2395 861 2489 930 qui
2520 874 2863 930 nequaquam
2895 859 3066 916 Filius
3099 860 3440 930 intelligitur,
3473 859 3661 926 cujus-

2085 952 2233 1006 modi
2281 967 2388 1006 non
2439 961 2543 1015 est,
2597 950 2690 1006 sed
2733 967 2830 1021 per
2868 952 3110 1021 seipsum
3155 951 3391 1020 Spiritus
3438 957 3663 1006 sanctus

2079 1039 2177 1094 ille
2228 1040 2498 1095 subsistit.
2548 1038 2648 1094 Ilic
2687 1040 2835 1094 enim
2885 1054 3066 1108 neque
3117 1038 3276 1093 Pater
3329 1047 3433 1103 est,
3486 1051 3664 1107 neque

2088 1131 2299 1194 Filius,
2357 1132 2451 1186 sed
2513 1129 2750 1200 Spiritus
2805 1138 3050 1194 sanctus,
3105 1144 3266 1198 quem
3316 1144 3411 1199 per
3464 1129 3663 1182 Filium

2087 1224 2250 1280 Pater
2280 1224 2532 1280 lidelibus
2563 1225 2811 1294 largitur.
2859 1223 3040 1289 Quare
3085 1222 3281 1277 merito
3317 1222 3669 1276 subsistentis

2087 1317 2516 1387 exsistentisque
2562 1315 2760 1378 Patris,
2797 1330 2861 1369 ac
2910 1313 3069 1378 Filii,
3111 1321 3166 1369 et
3200 1313 3442 1383 Spiritus
3488 1313 3670 1368 sancti

2089 1409 2481 1480 proprietates,
2519 1415 2579 1461 ut
2629 1408 2898 1471 diximus,
2947 1407 3368 1462 subsistentium
3410 1420 3670 1475 persona-

2090 1517 2212 1556 rum
2253 1501 2580 1571 hypostases
2611 1497 2920 1554 Orientales
2966 1498 3272 1561 nominant,
3310 1513 3416 1552 non
3463 1505 3523 1550 ut
3555 1504 3672 1551 tres

2093 1593 2217 1648 illas
2270 1593 2598 1663 hypostascs
2633 1591 2737 1643 tria
2790 1591 3079 1662 principia,
3131 1599 3314 1645 tresve
3361 1589 3493 1645 deos
3549 1604 3672 1644 csse

2094 1687 2303 1740 dicant.
2360 1684 2495 1738 Nam
2548 1699 2642 1739 eos
2676 1684 3026 1739 anathemate
3078 1684 3372 1746 damnant,
3405 1684 3499 1755 qui
3563 1694 3673 1739 tres

2095 1778 2228 1832 deos
2253 1784 2529 1832 asserunt.
2563 1775 2751 1846 Neque
2783 1791 2911 1831 vero
2947 1776 3159 1830 Patrem
3206 1786 3261 1831 et
3306 1775 3500 1830 Filium
3534 1776 3674 1831 duos

2098 1886 2222 1925 esse
2257 1869 2390 1924 deos
2432 1869 2641 1922 dicunt.
2689 1867 2800 1921 Hoc
2839 1868 2986 1922 enim
3038 1869 3276 1921 fatentur
3309 1887 3321 1921 :
3362 1883 3526 1922 unam
3557 1883 3676 1922 esse

2093 1961 2456 2021 divinitatem,
2488 1975 2608 2030 quae
2641 1975 2735 2029 per
2762 1957 2960 2012 Filium
2996 1961 3050 2013 in
3080 1958 3285 2029 Spiritu
3318 1967 3509 2013 sancto
3539 1972 3675 2011 con.

2095 2052 2266 2107 tineat
2293 2051 2546 2106 universa
2576 2070 2589 2117 ;
2621 2066 2808 2114 unam,
2838 2052 3084 2121 inquam,
3111 2051 3479 2110 divinitatem.
3507 2067 3682 2112 unum

2095 2159 2322 2215 regnum
2390 2153 2555 2214 atque
2597 2160 2764 2198 unum
2815 2143 3104 2213 imperium
3153 2159 3278 2198 esse
3327 2142 3676 2196 conﬁtentur.

2095 2234 2162 2287 Ει
2205 2234 2561 2290 nihilominus
2616 2249 2882 2304 personas
2944 2235 2996 2287 in
3045 2233 3412 2304 lrgpostaseon
3455 2248 3679 2286 suarum

2096 2327 2525 2398 proprietatibus
2562 2328 2650 2398 pie
2686 2328 3032 2390 discernunt,
3078 2326 3296 2380 Patrem
3343 2326 3595 2380 videlicet
3626 2325 3682 2380 in

2098 2428 2324 2490 paterna
2377 2419 2665 2489 majestate
2703 2419 3125 2482 subsistentem;
3165 2417 3360 2472 Filium
3398 2433 3525 2472 vero
3571 2433 3682 2473 non

2096 2518 2305 2580 partem
2337 2526 2460 2566 esse
2514 2509 2690 2564 Patris
2736 2510 3065 2582 intelligunt,
3105 2510 3197 2565 sed
3243 2527 3270 2562 a
3307 2509 3549 2580 perfecto
3573 2508 3680 2563 Pa-

2096 2616 2179 2658 tre
2228 2602 2567 2672 perfectum,
2619 2603 2862 2673 genitum
2933 2619 2995 2657 ac
3048 2602 3440 2657 subsistentem
3501 2617 3674 2672 agno-

2098 2702 2280 2750 scunt.
2323 2693 2400 2748 Ac
2432 2693 2667 2762 denique
2715 2692 2976 2763 Spiritum
3021 2702 3293 2754 sanetum.
3319 2708 3479 2764 quem
3513 2692 3670 2746 Scri-

2103 2789 2264 2851 ptura
2301 2796 2460 2836 saera
2492 2779 2842 2836 Paracletum
2876 2789 3058 2843 vocat,
3101 2797 3130 2834 a
3162 2781 3320 2835 Patre
3351 2795 3446 2850 per
3481 2779 3681 2834 Filium

2099 2873 2460 2943 prodeuntem
2507 2888 2571 2926 ac
2621 2874 3018 2927 subsistentem
3075 2873 3364 2927 deliniunt.
3409 2869 3685 2937 Quemad-

2101 2965 2322 3018 modum
2350 2964 2691 3027 Paracletus,
2722 2965 2814 3019 ille
2841 2966 3090 3019 veritatis
3121 2965 3370 3034 spiritus,
3403 2964 3683 3019 veritatem

2102 3052 2277 3122 ipsam
2306 3068 2405 3107 nos
2427 3053 2607 3114 docet,
2640 3068 2762 3122 quae
2803 3062 2888 3109 est
2920 3051 3091 3109 Filius
3124 3073 3133 3106 :
3170 3051 3336 3105 Nemo
3365 3053 3508 3107 enim
3535 3052 3684 3116 dicit,

2102 3141 2359 3198 Dominus
2394 3143 2574 3207 Iesus.
2605 3144 2710 3196 nisi
2751 3144 2804 3196 in
2847 3143 3053 3212 Spiritu
3094 3153 3278 3196 sancto
3304 3143 3340 3195 ⁸.
3383 3141 3474 3196 Sic
3507 3150 3560 3196 et
3597 3141 3688 3195 Fi-

2104 3235 2234 3299 lius,
2279 3236 2373 3306 qui
2404 3236 2607 3290 veritas
2656 3243 2760 3300 est,
2816 3234 2984 3289 Deum
3022 3250 3210 3289 verum
3260 3234 3474 3287 Patrem
3525 3250 3686 3288 suum

2105 3341 2225 3381 esse
2259 3326 2344 3396 pie
2379 3341 2481 3381 nos
2531 3326 2771 3389 edocuit,
2814 3327 3040 3380 dicens:
3083 3326 3188 3392 Qui
3235 3325 3368 3379 videt
3409 3341 3508 3388 me,
3545 3324 3678 3378 ridet

2103 3428 2154 3474 et
2177 3416 2456 3473 Pntrem‘.
2491 3417 2664 3488 Igitur
2697 3417 2897 3471 Filium
2936 3418 2989 3471 in
3014 3417 3222 3488 Spiritu
3255 3425 3468 3482 sancto,
3500 3425 3557 3470 ut
3593 3433 3692 3487 par

2104 3519 2211 3573 est.
2264 3508 2614 3581 intelligimus
2661 3526 2675 3573 ;
2734 3509 2788 3561 in
2821 3507 3099 3578 unigenito
3143 3525 3269 3562 vero
3310 3508 3448 3562 Filio
3493 3510 3599 3578 pie,
3632 3515 3688 3561 et

2108 3610 2168 3656 nt
2213 3616 2314 3672 par
2348 3610 2454 3663 est,
2492 3598 2710 3654 Patrem
2753 3614 2877 3654 esse
2919 3615 3233 3670 censemus.
3292 3599 3404 3653 Iloc
3448 3607 3532 3654 est
3567 3598 3691 3653 ﬁdei

2106 3695 2256 3749 velut
2301 3693 2576 3762 sigillum;
2617 3692 2669 3744 in
2699 3706 2810 3761 quo
2854 3690 3122 3759 baptizari
3174 3707 3275 3746 nos
3337 3689 3587 3744 Salvator
3628 3706 3693 3745 ac

2109 3781 2375 3838 Dominus
2412 3780 2576 3837 Iesus
2605 3781 2862 3836 Christus
2891 3781 3192 3850 aliquando
3228 3782 3417 3850 jussit,
3451 3781 3536 3836 his
3567 3797 3690 3835 ver-

2108 3875 2228 3930 bis:
2264 3873 2462 3928 Euntes
2502 3873 2684 3928 docete
2714 3891 2892 3928 omnes
2931 3883 3127 3938 qentes,
3163 3873 3491 3941 baptizantes
3523 3891 3607 3926 eos
3637 3878 3692 3927 in

2109 3968 2318 4021 nomine
2352 3965 2554 4028 Patris,
2591 3977 2638 4018 et
2665 3963 2818 4026 Filii,
2843 3984 2904 4020 ac
2941 3965 3171 4035 Spiritus
3199 3967 3432 4019 sancti“.

2183 4056 2352 4110 XVII.
2399 4057 2672 4111 Caeterum
2707 4073 2831 4111 cum
2863 4057 2931 4111 de
2965 4057 3205 4127 perfecta
3234 4055 3355 4110 Filii
3385 4071 3508 4109 cum
3535 4055 3694 4110 Patre

2113 4148 2477 4204 similitudine
2517 4149 2627 4202 alio
2683 4149 2805 4202 loco
2859 4149 3036 4202 fusius
3065 4148 3532 4217 dispulaverimus
3556 4189 3568 4210 ,
3605 4147 3694 4200 hic

2113 4247 2299 4294 tamen
2333 4239 2571 4294 breviter
2599 4238 2894 4291 observare
2939 4252 3045 4290 non
3079 4237 3302 4306 pigebit,
3334 4236 3681 4305 Apostolum,

2112 4328 2388 4400 quissi,
2415 4328 2503 4383 Dei
2538 4343 2647 4383 non
2666 4327 3016 4398 aspectabilis
3047 4327 3336 4398 imaginem
3359 4325 3554 4381 Filium
3571 4342 3696 4383 esse

2115 4422 2277 4486 dixit,
2311 4437 2487 4492 eoque
2513 4420 2673 4476 modo
2705 4420 2886 4474 Patris
2913 4436 3038 4476 esse
3067 4419 3302 4474 similem
3338 4419 3545 4482 docuit,
3580 4419 3689 4474 alio

2115 4514 2354 4583 quodam
2412 4513 2466 4567 in
2517 4514 2640 4567 loco
2675 4511 3138 4582 quemadmodum
3191 4509 3263 4566 sit
3301 4508 3694 4578 intelligendus

427 4593 559 4647 Υἱὸν
575 4591 906 4662 παρέδωκεν.
952 4591 1038 4644 Ἐν
1053 4590 1160 4661 γὰρ
1183 4592 1245 4661 τῇ
1269 4591 1404 4672 πρὸς
1429 4589 1819 4661 Φιλιππησίους
1863 4592 1997 4644 Ἐπι·

2117 4601 2288 4658 Filius
2331 4603 2635 4672 aperuisse.
2690 4601 2825 4656 Nam
2863 4601 2914 4654 in
2957 4600 3223 4671 Epistula,
3256 4615 3421 4668 quam
3460 4598 3526 4652 ad
3570 4599 3690 4651 Phi.

429 4685 592 4757 στολῇ
617 4701 812 4755 φησιν⁸
853 4686 968 4749 Ὃς,
993 4684 1061 4736 ἐν
1100 4682 1302 4753 μορφῇ
1346 4683 1494 4738 Θεοῦ
1553 4682 1858 4753 ὑπάρχων,
1898 4683 2010 4754 οτλχ

426 4777 744 4847 ἁρπαγμὸν
782 4775 1051 4845 ἡγήσατο
1092 4776 1156 4828 τὸ
1204 4771 1356 4828 εἶναι
1387 4776 1492 4828 ἴσα
1521 4773 1642 4840 Θεῷ
1662 4792 1673 4804 ·
1712 4774 1847 4829 ἀλλ’
1874 4775 2012 4829 ἐαυ-

429 4870 542 4924 τύν
586 4869 866 4934 ἐκένωσε,
900 4866 1141 4937 μορφὴν
1184 4865 1410 4921 δούλου
1450 4865 1670 4930 λαϐὼν,
1707 4865 1776 4920 ἐν
1804 4865 2010 4936 ὀμοιώ-

424 4979 570 5034 ματι
629 4958 956 5029 ἀνθρώπων
1003 4960 1351 5028 γενόμενος·
1409 4959 1466 5011 ὲν
1517 4957 1574 5011 δὲ
1605 4959 1672 5029 τῇ
1705 4959 1840 5030 πρὸς
1879 4958 2011 5012 Ῥω-

435 5054 657 5123 μαίους
696 5051 764 5106 Τὸ
788 5050 899 5120 γὰρ
922 5050 1220 5105 ἀδύνατον
1240 5049 1347 5103 τοῦ
1373 5049 1580 5118 νόμου,
1601 5050 1672 5102 ἐν
1694 5042 1742 5116 ᾧ
1771 5048 2012 5118 ἠσθένει

429 5146 532 5199 διὰ
549 5143 658 5213 τῆς
685 5143 932 5213 σαρκὸς,
962 5145 994 5196 ὁ
1022 5141 1166 5208 Θεὸς
1203 5141 1312 5194 τὸν
1343 5141 1561 5195 ἑαυτοῦ
1605 5141 1741 5194 Υἱὸν
1772 5142 2016 5211 πέμψας

431 5241 504 5294 ἐν
549 5237 861 5307 ὁμοιώματι
909 5235 1158 5304 σαρκὸς,
1211 5233 1312 5288 καὶ
1349 5234 1484 5302 περὶ
1528 5234 1817 5303 ἁμαρτίας
1872 5251 2012 5288 κατ·

431 5332 633 5399 έκρινε
659 5329 774 5397 τὴν
801 5329 1094 5398 ἁμαρτίαν
1125 5328 1194 5380 ἐν
1217 5327 1290 5395 τῇ
1321 5329 1539 5396 animi;
1561 5327 1647 5390 Ὠς
1677 5329 1767 5380 ἐπὶ
1783 5345 1892 5380 των
1926 5327 2020 5380 δύο

437 5420 754 5492 μαρτυριῶν
783 5421 847 5472 ἐκ
874 5419 982 5471 τῶν
1002 5418 1095 5471 δύο
1118 5416 1446 5472 Ἐπιστολῶν
1472 5418 1582 5471 ἀπὸ
1615 5421 1635 5450 ⁹
1656 5417 1748 5471 τοῦ
1783 5435 2022 5489 σωματι-

434 5511 537 5567 κοῦ
571 5510 811 5575 εὑσεϐῶς
841 5510 934 5564 καὶ
963 5509 1062 5580 τὴν
1091 5527 1155 5562 πε
1166 5509 1220 5580 pi.
1249 5509 1342 5562 τοῦ
1371 5509 1558 5576 ὁμοίου
1600 5511 1766 5580 ἡμᾶς,
1795 5511 1888 5564 καὶ
1918 5511 2011 5564 ἐπὶ

434 5603 534 5659 τοῦ
564 5603 855 5674 ἀσωμάτου
909 5600 1122 5672 Πατρός
1176 5617 1233 5653 τε
1274 5600 1368 5654 καὶ
1410 5599 1538 5654 Υἱοῦ
1569 5601 1905 5672 διδαχθῆναι.
1941 5600 2014 5653 Τὸ

513 5719 526 5748 ¹
567 5715 777 5785 Πατρδς
816 5715 910 5767 καὶ
959 5713 1090 5786 Υἱοῦ
1129 5713 1288 5786 a_ddo.
1367 5715 1385 5745 ⁸
1420 5713 1610 5786 Ιεχτὴν
1641 5717 1766 5770 ἀπὸ.

442 5789 464 5822 ⁸
497 5783 730 5857 Philipp.
781 5801 841 5850 ιι,
877 5786 930 5852 6,
965 5785 1016 5837 7.
1095 5786 1114 5817 ⁷
1140 5783 1297 5841 Rom.
1329 5800 1446 5853 vm,
1472 5785 1523 5838 5.

1874 5717 1892 5746 ³
1927 5715 1944 5770 ι
1981 5714 2106 5770 Cor.
2169 5734 2265 5782 xu,
2318 5718 2367 5774 3.

2124 4692 2400 4761 lippenses
2433 4691 2676 4761 scripsit,
2709 4691 2780 4744 ita
2818 4691 3096 4760 loquitur:
3131 4689 3234 4754 Qui
3272 4705 3392 4742 cum
3427 4690 3480 4741 in
3517 4688 3695 4757 forma

2118 4781 2216 4837 Dei
2242 4791 2399 4846 esset,
2429 4799 2532 4836 non
2560 4784 2801 4850 rapinam
2851 4783 3144 4835 arbitratus
3174 4789 3250 4834 est
3278 4797 3389 4834 esse
3419 4796 3472 4834 se
3512 4795 3692 4849 (equa-

2115 4874 2215 4928 lem
2252 4874 2391 4938 Deo;
2424 4874 2514 4929 sed
2549 4875 2884 4942 semetipsum
2927 4873 3243 4937 exinunivit,
3295 4873 3523 4941 formam
3562 4872 3697 4925 servi

2117 4965 2408 5030 accipiens,
2457 4965 2510 5018 in
2546 4965 2946 5018 similitudinem
2997 4964 3270 5017 hominum
3326 4964 3498 5032 [actus
3523 4963 3586 5028 ⁶;
3627 4962 3695 5014 ad

2117 5053 2398 5110 Romanos
2429 5072 2558 5110 vero
2601 5057 2893 5110 scribens:
2931 5055 3084 5122 Quod
3126 5057 3264 5110 enim
3285 5065 3401 5108 erat
3443 5055 3692 5122 impossi-

2119 5146 2218 5200 bile
2262 5147 2394 5216 legi,
2443 5149 2498 5202 in
2549 5165 2652 5218 quo
2694 5146 3070 5216 inﬁrntabutur
3123 5163 3213 5215 per
3269 5160 3502 5207 carnem,
3555 5142 3693 5198 Deus

2121 5237 2323 5291 Filium
2357 5255 2510 5292 suum
2560 5240 2772 5294 mittens
2821 5240 2875 5292 in
2919 5237 3267 5293 similitudine
3307 5237 3504 5300 carnis,
3549 5235 3696 5289 etde

2119 5339 2328 5396 peccato
2357 5330 2720 5385 condemnavit
2749 5340 3018 5400 peccatum
3051 5330 3104 5382 in
3139 5344 3295 5381 carne
3318 5328 3360 5381 ⁷.
3398 5327 3491 5381 Sic
3527 5327 3696 5394 igitur

2124 5421 2229 5475 hoc
2269 5421 2475 5492 duplici
2526 5422 2843 5478 testimonio
2868 5437 2933 5476 ex
2981 5420 3248 5474 ambabus
3295 5417 3556 5488 Epistolis
3596 5419 3695 5474 de-

2122 5523 2394 5582 promptu,
2432 5514 2499 5568 ab
2540 5529 2801 5582 corporea
2847 5522 3039 5566 natura
3084 5508 3462 5564 similitudinis
3510 5510 3689 5565 notio-

2123 5620 2245 5658 ueru
2310 5606 2364 5659 in
2421 5605 2744 5674 incorporeo
2793 5601 2954 5656 Patre
3007 5599 3254 5670 Filioque
3307 5599 3691 5670 perdiscimus.

2486 5719 2504 5747 ‘
2540 5714 2690 5770 Iuan.
2749 5727 2857 5773 xlv,
2886 5711 2939 5766 9.
3044 5713 3062 5744 '
3099 5712 3286 5770 Matth.
3350 5729 3538 5781 xxvnt,
3611 5712 3697 5767 I9.
