3990 6228
263 361 270 374 ³
349 343 452 403 με

1751 341 1807 397 S.
1853 336 2197 396 EPIPHANII

3523 341 3631 397 456

351 461 641 532 Siquidem
673 459 764 516 illa
801 457 988 524 verba,
1028 455 1284 514 Formam
1311 460 1448 515 servi
1477 457 1760 529 accipiens,
1795 467 1845 514 et
1878 459 1934 513 in

2057 459 2140 513 ιὲν
2170 457 2301 530 γὰρ,
2335 455 2591 527 Μφςρήν
2603 455 2830 512 δούλου
2853 457 3076 516 λαϐὼν.
3107 457 3292 513 καὶέν
3309 460 3630 530 ὁμοιώματι

353 552 757 608 similitudinem
783 551 1058 607 hominum
1088 551 1285 621 factus,
1306 567 1528 607 carnem
1567 552 1718 607 illum
1755 566 1786 607 e
1811 549 1938 605 Vir-

353 648 480 718 gine
524 644 834 714 sumpsisse
895 645 1204 700 declarant.
1256 642 1622 709 Quamobrem
1675 643 1768 699 illa
1819 643 1938 714 ipsa

351 752 505 801 caro,
547 752 713 806 quam
748 736 843 792 Dei
874 736 1048 792 Filius
1081 735 1282 801 induit,
1316 737 1504 792 eadem
1548 745 1634 791 est
1678 750 1802 791 cum
1833 750 1941 790 cae-

351 835 600 883 terorum
642 827 926 884 hominum
965 841 1169 882 carne:
1203 827 1274 881 ad
1309 827 1594 882 hominum
1637 842 1766 882 vero
1788 827 1941 882 simi—

351 919 644 976 litudinem
675 933 802 974 esse
828 917 1054 981 dicitur,
1093 919 1354 989 quoniam
1380 934 1490 974 non
1521 918 1664 973 virili
1707 929 1829 976 satu
1872 932 1939 974 ac

353 1012 660 1070 concubitu
690 1011 978 1066 hominum
1001 1026 1156 1066 more
1177 1019 1477 1083 prognatus
1505 1018 1612 1066 est.
1632 1009 1750 1066 Non
1777 1025 1939 1067 secus

355 1120 422 1160 ac
447 1103 624 1158 Filius
660 1117 787 1157 cum
823 1102 1054 1172 spiritus
1099 1104 1172 1158 sit
1208 1141 1226 1168 ,
1300 1113 1356 1160 et
1407 1103 1633 1173 spiritus
1683 1117 1712 1157 a
1777 1102 1939 1160 Patre

357 1197 604 1268 genitus,
647 1202 924 1267 quatenus
963 1197 1193 1267 spiritus
1222 1212 1253 1250 a
1289 1196 1484 1266 spiritu
1525 1195 1748 1262 prodiit,
1797 1194 1942 1250 idem

357 1295 446 1344 est
479 1301 607 1342 cum
655 1288 772 1351 illo,
806 1288 948 1342 sicut
976 1296 1254 1359 quatenus
1292 1301 1424 1342 caro
1465 1303 1529 1343 ex
1563 1302 1730 1342 carne
1764 1285 1942 1343 factus

360 1386 472 1443 est,
515 1378 686 1433 Maria
727 1377 1006 1440 videlicet,
1056 1378 1200 1434 idem
1244 1389 1328 1434 est
1362 1395 1486 1434 cum
1538 1394 1725 1434 carne.
1769 1377 1944 1433 Porro

359 1475 635 1534 quatenus
666 1465 787 1523 sine
819 1465 1112 1538 profluvio,
1144 1467 1402 1537 passione
1431 1483 1497 1524 ac
1527 1469 1798 1524 divisione
1834 1469 1943 1523 ulla

361 1569 396 1610 a
426 1554 587 1613 Patre
619 1557 838 1628 genitus
878 1565 984 1624 est,
1025 1556 1204 1614 Patris
1243 1567 1328 1615 est
1367 1560 1601 1626 similis;
1657 1575 1760 1616 nec
1800 1559 1944 1616 idem

359 1661 488 1704 cum
512 1663 600 1714 eo,
643 1651 724 1704 sic
771 1657 827 1706 et
860 1649 1037 1705 Filius
1081 1650 1387 1707 secundum
1418 1667 1664 1720 carnem,
1693 1652 1764 1707 ad
1792 1654 1946 1708 simi-

364 1739 644 1798 litudinem
676 1742 947 1798 hominum
975 1743 1151 1814 factus
1172 1755 1266 1812 est,
1297 1761 1400 1802 nec
1427 1753 1512 1802 est
1545 1745 1688 1800 idem
1721 1747 1945 1802 omnino

361 1842 490 1885 cum
527 1831 773 1887 homine.

437 1917 628 1978 XVIII.
658 1920 828 1994 Igitur
858 1924 912 1979 in
944 1924 1189 1997 Epistola
1223 1927 1290 1981 ad
1320 1927 1701 1999 Philippenscs
1729 1928 1831 1984 hoc
1856 1927 1946 1983 ille

364 2025 471 2064 nos
502 2010 712 2075 docuit,
745 2016 1022 2083 quomodo
1049 2016 1172 2072 Filii
1205 2017 1520 2089 bypostasis
1559 2017 1739 2075 Patris
1776 2019 1946 2090 hypo-

367 2101 505 2155 stasi
538 2103 610 2155 sit
639 2102 866 2171 similis;
899 2104 1141 2175 Spiritus
1165 2109 1310 2162 enim
1336 2123 1366 2160 a
1388 2106 1552 2163 Patre
1575 2109 1942 2179 progreditur.

366 2190 553 2259 Quare
595 2195 641 2250 si
669 2196 913 2266 .spiritus
965 2199 1245 2256 notionem
1295 2203 1820 2278 consideresaidem
1863 2217 1949 2262 est

369 2301 496 2342 cum
551 2288 733 2354 Patre,
773 2293 1000 2362 perinde
1055 2309 1120 2349 ac
1150 2297 1336 2353 carnis
1390 2298 1543 2352 illum
1597 2299 1752 2354 notio
1803 2299 1947 2354 idem

370 2391 497 2431 cum
555 2379 777 2436 homine
821 2383 1128 2440 constituit.
1177 2383 1296 2440 Non
1351 2386 1491 2442 idem
1538 2402 1670 2443 vero
1715 2396 1820 2451 est,
1854 2388 1950 2444 sed

369 2467 567 2524 similis
597 2469 886 2537 duntaxat,
914 2481 1190 2543 quatenus
1223 2476 1455 2546 spiritus
1503 2478 1614 2544 ille,
1643 2479 1734 2550 qui
1779 2476 1950 2536 Filius

371 2568 479 2625 est,
513 2576 620 2615 non
653 2571 735 2617 est
764 2561 948 2620 Pater.
985 2563 1049 2618 Et
1089 2565 1180 2620 illa
1204 2582 1357 2632 caro,
1379 2583 1544 2638 quam
1580 2570 1682 2624 sibi
1711 2569 1949 2626 Verbum

371 2652 645 2721 adjunxit,
667 2669 776 2709 non
797 2671 827 2710 e
852 2657 997 2710 virili
1026 2666 1149 2712 satu
1172 2674 1236 2713 ac
1259 2660 1537 2730 voluptate
1562 2663 1948 2732 proﬁciscitur,

373 2742 470 2802 sed
492 2759 558 2800 eo
582 2746 763 2812 modo,
793 2751 885 2818 qui
916 2749 972 2803 in
1008 2747 1303 2821 Evangelio
1331 2752 1626 2809 traditur‘.
1662 2754 1758 2810 His
1792 2757 1956 2826 igitur

375 2835 658 2901 omnibus,
687 2846 746 2892 ut
793 2846 954 2896 antea
993 2841 1202 2896 dictum
1234 2853 1338 2908 est,
1372 2846 1831 2914 quemadmodum
1862 2847 1958 2901 Fi-

377 2922 512 2986 lius,
546 2935 820 2996 quatenus
847 2939 930 2985 est
966 2946 1032 2985 ac
1064 2922 1321 2987 subsistit
1355 2933 1493 3004 ipse,
1522 2935 1668 2990 Patri
1693 2937 1746 2990 in
1775 2939 1957 2992 omni-

375 3011 482 3073 bus
513 3016 586 3071 sit
622 3017 840 3083 similis,
875 3017 1048 3076 Filius
1081 3033 1182 3076 nos
1220 3021 1459 3077 edocuit.
1489 3023 1955 3088 Quemadmodum

2041 551 2368 620 ἀνθρώπων
2393 550 2736 620 τενόιωνος,
2767 549 3056 616 δείκνυσιν,
3090 551 3247 606 δτιέκ
3277 552 3376 622 τῆς
3407 553 3631 625 Παρθέ-

2040 661 2133 698 νου
2175 643 2354 716 σάρκα
2382 641 2664 696 ἀνέλαϐεν.
2705 642 2914 696 Οὐκοῦν
2953 645 2987 716 ἡ
3020 644 3176 715 σὰρξ,
3204 644 3273 715 ἠν
3311 645 3574 701 ἀνέλαϐεν
3599 648 3633 700 6

2042 736 2173 800 Υίὸς
2203 735 2300 790 τοῦ
2343 734 2503 800 Θεοῦ,
2555 733 2706 810 αὐτὴ,
2727 735 2823 807 μὲν
2846 735 2963 789 ἔστι
2990 739 3057 808 τῇ
3089 738 3252 808 σαρκὶ
3283 736 3392 790 τῶν
3416 735 3634 808 ἀνθρὼ-

2044 846 2182 883 πων.
2227 830 2316 883 Ἐν
2347 826 2655 899 ὁμοιώματι
2687 827 2744 881 δὲ
2775 827 3082 899 ἀνθρώπων
3108 829 3278 892 ἐστὶν,
3312 829 3498 903 ἐπειδὴ
3527 831 3634 884 οὐκ

2041 925 2106 977 ὲκ
2136 923 2347 995 σπορᾶς
2369 923 2444 987 ὼς
2474 921 2770 996 ἄνθρωποι,
2797 922 2915 976 οὐδὲ
2939 924 3005 975 ἐκ
3037 921 3222 989 κοίτης
3255 922 3446 995 ἀνδρὸς
3477 925 3634 992 ἐγεν-

2042 1012 2309 1086 νήθη.Ὦς
2341 1012 2486 1068 κατά
2507 1014 2596 1067 τὸν
2630 1015 2812 1084 ὅμοιον
2833 1013 3052 1085 τρόπον,
3078 1015 3172 1067 καὶ
3207 1015 3378 1078 ὁΥίὸς
3410 1014 3633 1085 πνεῦμα

2042 1107 2140 1172 ὢν,
2174 1108 2268 1162 καὶ
2292 1110 2356 1162 ὲκ
2382 1105 2478 1160 τοῦ
2516 1106 2730 1178 Πατρὸς
2773 1106 2986 1177 πνεῦμα
3020 1106 3323 1179 γεννηθεὶς,
3358 1107 3503 1161 κατά
3529 1109 3632 1180 μὲν

2043 1199 2104 1254 τὸ
2133 1199 2348 1271 πνεῦμα
2368 1201 2433 1253 ὲκ
2465 1198 2774 1270 πνεύματος
2807 1194 2964 1261 εἶναι,
2991 1199 3052 1252 τὸ
3075 1199 3206 1254 αὐτό
3233 1201 3401 1266 ἐστιν,
3439 1199 3635 1272 ὥσπερ

2047 1289 2152 1364 (τὸ)
2179 1291 2320 1345 κατὰ
2341 1291 2403 1344 τὸ
2433 1291 2569 1362 σὰρξ
2608 1293 2673 1344 ὲκ
2704 1291 2905 1362 σαρκὸς
2928 1287 3177 1362 εἷναιτῆς
3203 1292 3422 1362 Μαρίας
3441 1309 3454 1321 ·
3488 1292 3634 1346 κατὰ

2044 1383 2103 1438 δὲ
2143 1381 2205 1435 τὸ
2254 1383 2380 1437 ἄνευ
2439 1382 2738 1453 ἀπορροίας
2765 1382 2860 1436 καὶ
2890 1381 3096 1445 πάθους
3127 1381 3223 1435 καὶ
3256 1382 3528 1452 μερισμοῦ
3565 1383 3636 1438 ὲκ

2045 1473 2140 1528 τοῦ
2185 1473 2397 1546 Πατρὸς
2423 1473 2770 1544 γεννηθῆναι,
2812 1471 2996 1543 ὅμοιός
3036 1473 3151 1526 ἐστι
3183 1471 3262 1542 τῷ
3292 1473 3494 1544 Πατρίο
3537 1474 3635 1528 καὶ

2047 1565 2148 1619 οὐκ
2175 1565 2338 1627 αὐτὸς
2362 1565 2391 1617 6
2417 1561 2559 1617 κατὰ
2587 1563 2764 1636 σάρκα
2789 1562 2941 1626 Υίὸς,
2968 1563 3038 1616 ἐν
3061 1561 3381 1632 ὁμοιώματι
3403 1564 3632 1633 ἀνθρώ-

2048 1673 2178 1711 πων
2201 1655 2354 1722 ἐστι,
2391 1654 2486 1708 καὶ
2509 1655 2609 1708 οὐκ
2637 1654 2769 1708 αὐτὸ
2801 1655 2943 1711 κατὰ
2971 1654 3149 1708 πάντα
3179 1654 3276 1709 ἀνθ
3286 1671 3486 1727 ρωπος.

2117 1917 2225 1971 lH'.
2265 1917 2474 1971 Οὐκοῦν
2492 1917 2578 1972 διὰ
2606 1919 2704 1989 τῆς
2725 1918 2862 1990 πρὸς
2887 1917 3277 1992 Φιλιππησίους
3313 1920 3636 1992 Ἐπιστολῆς

2047 2011 2285 2078 ἐδίδαξεν
2331 2013 2502 2083 ἡμᾶς,
2556 2011 2675 2075 πῶς
2733 2014 2767 2082 ἠ
2817 2011 3114 2075 ὑπόστασις
3155 2010 3248 2064 τοῦ
3288 2012 3417 2065 Υἱοῦ
3470 2013 3636 2084 ὁμοία

2047 2104 2164 2157 ἐστὶ
2195 2106 2260 2174 τῇ
2286 2103 2584 2157 ὑποστάσει
2622 2101 2715 2156 τοῦ
2755 2100 2990 2173 Πατρός·
3040 2099 3255 2172 πνεῦμα
3287 2101 3395 2174 γὰρ
3426 2105 3491 2157 ὲκ
3521 2105 3636 2156 Πα-

2046 2195 2194 2265 τρός.
2228 2195 2336 2248 Καὶ
2392 2192 2533 2246 κατά
2583 2191 2682 2263 μὲν
2709 2191 2809 2263 τὴν
2838 2191 2932 2244 τοῦ
2971 2181 3185 2263 Πατρὸς
3215 2192 3238 2223 ⁸
3267 2192 3478 2246 ἔννοιαν
3505 2211 3637 2247 ταυ-

2047 2289 2159 2354 τὸν,
2189 2288 2265 2352 ὡς
2288 2286 2429 2340 κατά
2450 2286 2549 2357 τὴν
2575 2285 2676 2356 τῆς
2700 2285 2900 2358 σαρκὸς
2921 2285 3130 2339 ἔννοιαν
3154 2286 3370 2342 ταυτὸν.
3401 2287 3476 2340 Οὐ
3501 2305 3634 2342 ταυ-

2049 2381 2140 2436 τὸν
2156 2382 2232 2444 δὲ,
2267 2379 2380 2434 ἀλλ’
2418 2381 2625 2450 ὅμοιον,
2658 2361 2797 2431 διότῖ
2818 2377 2879 2430 τὸ
2913 2377 3131 2448 πνεῦμα
3170 2379 3198 2431 ὃ
3234 2379 3381 2430 ἐστιν
3409 2381 3439 2431 6
3472 2379 3633 2445 Υἱὸς,

2051 2475 2151 2528 οὐκ
2188 2473 2336 2526 ἔστιν
2365 2473 2392 2524 6
2425 2471 2634 2541 Πατήρ.
2665 2470 2831 2540 Καὶὴ
2865 2468 3000 2541 σὰρξ
3015 2469 3082 2540 ἣν
3108 2469 3323 2538 ὁΛόγος
3346 2470 3629 2537 ἀνέλαϐεν,

2052 2568 2150 2622 οὐκ
2182 2566 2328 2619 ἐστιν
2378 2567 2444 2618 ὲκ
2477 2563 2792 2634 σπέρματος
2828 2563 2922 2615 καὶ
2950 2562 3174 2633 ἡδονῆς·
3203 2562 3320 2615 ἀλλ’
3351 2563 3522 2627 οὕτως
3557 2563 3634 2628 ὡς

2052 2661 2114 2713 τὸ
2147 2656 2472 2726 Εὑαγγέλιον
2510 2657 2656 2726 ἡμᾶς
2693 2653 2918 2718 ἐδίδαξε.
2941 2653 3040 2707 Διά
3073 2655 3173 2726 μὲν
3195 2654 3259 2724 δὴ
3297 2653 3523 2720 τούτων,
3557 2657 3634 2719 ὡς

2055 2752 2399 2823 προείρηται,
2445 2748 2563 2811 πῶς
2606 2747 2636 2800 6
2677 2747 2806 2811 Υἱὸς
2837 2745 2983 2801 κατὰ
3017 2747 3079 2800 τὸ
3110 2744 3251 2800 εἶναι
3293 2746 3511 2811 ἑαυτοῦ,
3542 2749 3637 2801 καὶ

2056 2845 2200 2899 κατὰ
2245 2843 2306 2897 τὸ
2361 2839 2609 2911 ὑφεστὼς
2649 2834 2788 2892 εἶναι
2827 2837 3042 2904 ἑαυτοῦ,
3097 2839 3285 2909 ὅμοιός
3333 2839 3451 2892 ἐστι
3496 2839 3638 2892 κατά

2061 2938 2241 2990 πάντα
2270 2934 2349 3006 τῷ
2399 2932 2597 3003 Πατρὶ,
2631 2933 2660 2984 6
2693 2930 2822 2994 Υἱὸς
2873 2930 3186 2984 ἐπαίδευσεν
3214 2932 3362 3002 ἡμᾶς
3385 2947 3400 2960 ·
3440 2932 3559 2995 πῶς
3583 2931 3640 2984 δὲ

2058 3030 2242 3103 ὅμοιός
2295 3030 2412 3081 ἐστι
2469 3024 2612 3080 κατὰ
2641 3023 2740 3095 τὴν
2789 3023 3039 3095 βούλησιν
3083 3024 3176 3076 καὶ
3209 3024 3308 3094 τὴν
3339 3022 3640 3094 ἐνέργειαν,

377 3119 512 3162 vero
546 3109 829 3168 voluntate
873 3121 925 3167 et
955 3115 1174 3170 actione
1220 3117 1589 3187 operibusque
1625 3119 1696 3173 sit
1737 3120 1953 3185 similis,

2064 3125 2160 3178 καὶ
2191 3121 2259 3174 τά
2284 3113 2653 3190 ἐνεργήματα,
2681 3115 2769 3169 διὰ
2798 3115 2896 3185 τῆς
2923 3117 3058 3184 πρὸς
3090 3115 3413 3186 Ῥωμαίους,
3442 3116 3534 3184 ἀφ’
3568 3109 3643 3169 ὧν

379 3214 449 3259 ex
481 3200 722 3273 Epistola
753 3205 820 3259 ad
853 3205 1133 3262 Romanos
1169 3207 1487 3272 didicimus,
1521 3210 1613 3266 ubi
1655 3211 1747 3266 ille
1779 3212 1916 3266 dixit
1943 3233 1958 3268 :

381 3287 456 3352 In
499 3295 846 3350 similitudine
887 3298 1051 3369 865
1106 3302 1286 3354 carnis
1339 3303 1542 3369 peccati
1599 3302 1965 3358 condemnavit

379 3393 658 3458 peccatum
681 3386 734 3438 in
766 3391 984 3443 carne’.
1009 3388 1141 3442 Nam
1172 3390 1265 3444 illa
1299 3406 1449 3459 caro,
1480 3408 1643 3462 quam
1669 3393 1762 3447 Dei
1792 3394 1967 3451 Filius

385 3469 590 3539 induit,
629 3473 756 3528 licet
809 3475 998 3530 eadem
1055 3485 1204 3533 esset
1257 3493 1384 3533 cum
1431 3485 1870 3552 carne‘peccati,
1913 3491 1968 3538 et

385 3565 580 3620 eodem
625 3567 790 3622 modo
847 3567 914 3622 ad
967 3568 1202 3637 famem,
1264 3573 1412 3628 sitim
1473 3581 1639 3642 atque
1691 3589 1966 3641 somnum,

386 3670 503 3730 quo
556 3657 765 3728 reliqua
799 3673 930 3714 caro
979 3661 1160 3716 omnis
1210 3661 1602 3731 impelleretur,
1650 3664 1738 3720 his
1786 3670 1970 3719 tamen

389 3749 654 3809 Omnibus
677 3765 1024 3822 nequaquam
1057 3752 1126 3807 ad
1157 3762 1382 3824 peccata
1411 3756 1811 3810 concitabatur.
1835 3755 1970 3811 Pro-

391 3850 581 3919 pterea
621 3841 760 3896 dixit
799 3843 1119 3913 Apostolus,
1157 3843 1226 3898 In
1263 3846 1614 3901 similitudine
1643 3849 1822 3901 carnis
1854 3865 1974 3916 pec-

393 3936 536 4003 cati,
587 3932 734 4005 quod
793 3934 982 3989 eodem
1037 3950 1160 3990 cum
1215 3936 1309 3990 illo
1351 3937 1587 3991 recidit:
1639 3939 1974 4010 Quaecunque

391 4029 536 4089 enim
581 4027 748 4096 Pater
791 4027 946 4098 facit,
997 4028 1106 4082 hwc
1149 4037 1199 4084 et
1249 4027 1427 4083 Filius
1473 4029 1720 4084 similiter
1768 4031 1900 4100 facit
1927 4032 1972 4086 ³.

393 4121 531 4184 Nam
567 4119 732 4176 Pater
773 4137 894 4176 cum
940 4121 1012 4175 sit
1061 4120 1326 4191 Spiritus,
1373 4130 1635 4192 tanquam
1684 4122 1974 4193 principali

397 4215 561 4269 modo
595 4214 747 4278 facit,
772 4213 947 4268 Filius
972 4229 1102 4268 vero
1124 4214 1216 4284 qui
1243 4224 1296 4270 et
1327 4215 1446 4284 ipse
1470 4216 1700 4284 spiritus
1731 4225 1836 4282 est,
1865 4232 1976 4270 non

395 4307 687 4378 principali
732 4309 916 4371 modo,
966 4307 1114 4362 velut
1149 4307 1330 4371 Pater,
1379 4306 1475 4363 sed
1522 4307 1776 4362 similiter
1821 4307 1972 4364 facit.

2067 3217 2282 3292 εἴρηκεν
2298 3227 2312 3242 ·
2351 3213 2445 3264 Ἑν
2455 3209 2769 3280 ὁμοιώματι
2781 3207 3008 3276 σαρκὸς
3030 3207 3317 3276 ἁμαρτίας
3338 3206 3648 3275 κατέκρινε

2065 3309 2181 3376 τὴν
2201 3305 2493 3376 ἁμαρτίαν
2515 3303 2585 3355 ἐν
2598 3300 2672 3370 τῇ
2694 3301 2894 3370 σαρκί.
2943 3300 3005 3354 Ἠ
3029 3297 3139 3370 γὰρ
3157 3298 3294 3370 αὑτὴ
3323 3298 3461 3369 σὰρξ
3490 3295 3647 3364 οὖσα,

2067 3401 2135 3469 ἢν
2189 3394 2451 3450 ἀνέλαϐεν
2483 3396 2511 3446 6
2540 3392 2668 3454 Υἱὸς
2699 3391 2794 3444 τοῦ
2836 3389 2992 3454 Θεοῦ,
3037 3393 3103 3462 τῇ
3158 3390 3432 3461 ἁμαρτίας
3462 3391 3648 3460 σαρκὶ,

2069 3489 2165 3543 καὶ
2214 3487 2413 3558 ὁμοίως
2457 3483 2746 3555 κινουμένη
2789 3481 2929 3554 πρὸς
2975 3484 3184 3545 πεῖναν,
3222 3481 3317 3535 καὶ⁹
3342 3481 3525 3550 δίψαν,
3557 3481 3652 3534 καὶ

2072 3581 2260 3644 ὕπνον,
2289 3579 2366 3642 ὡς
2412 3580 2562 3632 πᾶσα
2602 3576 2758 3647 σὰρξ,
2798 3577 2863 3629 ὲκ
2899 3573 3104 3628 τούτων
3127 3573 3520 3645 ἀμαρτητικῶς
3553 3573 3653 3626 οὐκ

2073 3674 2321 3726 ἐκινεῖτο.
2345 3670 2436 3724 Διὸ
2465 3670 2708 3740 εἴρηται·
2729 3668 2833 3721 Ἐν
2854 3664 3170 3736 ὁμοιώματι
3207 3664 3438 3732 σαρκὸς
3473 3665 3657 3732 ἀμαρ-

2073 3765 2224 3828 τίας,
2285 3763 2423 3832 ὅπερ
2473 3758 2656 3830 ὅμοιόν
2685 3759 2800 3812 ὲστι
2834 3755 2947 3826 τῷ,
2976 3755 3163 3823 ’Ἄπερ
3191 3753 3304 3823 γὰρ
3343 3755 3378 3807 ό
3428 3751 3656 3821 Πατὴρ,

2073 3853 2264 3907 ταῦτα
2291 3851 2389 3905 καὶ
2435 3853 2468 3905 ό
2535 3847 2666 3914 Υἱὸς
2705 3845 2921 3916 ὁμοίως
2974 3842 3148 3898 ποιεῖ.
3209 3842 3268 3895 '0
3309 3841 3421 3912 γὰρ
3467 3838 3660 3910 Πατὴρ

2076 3943 2296 4014 πνεῦμα
2345 3941 2444 4006 ὢν,
2494 3936 2827 4000 αὑθεντικῶς
2879 3937 3042 3990 ποιεῖ.
3085 3934 3143 3987 '0
3180 3934 3238 3987 δὲ
3294 3930 3660 4001 ι⁸ίὸς,πνεῦμα

2076 4035 2173 4102 ὢν,
2219 4035 2318 4087 οὐκ
2369 4028 2700 4093 αὐθεντικῶς
2763 4029 2926 4091 ποιεῖ,
2986 4025 3063 4090 ὡς
3137 4026 3166 4078 6
3235 4023 3458 4095 Πατὴρ,
3543 4021 3659 4076 ἀλλ’

2076 4127 2298 4200 ὁμοίως.
2350 4121 2559 4178 Οὐκοῦν
2612 4120 2746 4174 καθὸ
2797 4119 2896 4190 μὲν
2926 4116 3064 4189 σὰρξ
3107 4116 3202 4170 καὶ
3252 4113 3411 4188 σὰρξ,
3441 4113 3660 4180 ταυτὸν,

2079 4218 2268 4287 ὥσπερ
2313 4213 2450 4269 καθὸ
2495 4212 2714 4282 πνεῦμα
2755 4210 2850 4268 καὶ
2902 4209 3147 4279 πνεῦμα,
3187 4206 3574 4261 ταυτόνοκαθὸ
3605 4205 3661 4259 δὲ

2066 4302 2206 4364 ’ἄνευ
2232 4305 2460 4375 σπορᾶς,
2491 4303 2552 4356 οὐ
2576 4301 2792 4364 ταυτὸν,
2809 4299 2923 4353 ἀλλ’
2940 4300 3144 4370 ὅμοιον·
3171 4297 3362 4368 ὥσπερ
3385 4297 3516 4350 καθὸ
3533 4297 3663 4350 ἄνευ

394 4395 668 4468 Quocirca
697 4398 743 4452 si
779 4413 1001 4452 carnem
1029 4399 1288 4470 utrinque
1307 4408 1520 4469 spectes
1539 4441 1553 4465 ,
1580 4399 1720 4454 idem
1743 4409 1825 4456 est
1849 4415 1953 4454 cun

2084 4399 2388 4472 ἀπορροίας
2419 4396 2514 4450 καὶ
2547 4394 2754 4457 πάθους
2771 4391 2965 4459 ὁΥἱὸς,
2992 4392 3053 4445 οὐ
3081 4391 3294 4457 ταυτὸν,
3319 4389 3433 4443 ἀλλ’
3455 4391 3660 4460 ὅμοιον.

399 4489 716 4546 hominibus
763 4489 1039 4554 Christus,
1100 4506 1262 4561 quem
1297 4491 1588 4546 admodum
1629 4492 1676 4546 si
1725 4492 1953 4562 spirituu

2091 4492 2226 4566 [Καὶ
2247 4488 2380 4544 καθὸ
2406 4488 2506 4560 μὲν
2538 4485 2675 4558 σὰρξ
2702 4486 2795 4539 καὶ
2817 4483 2973 4556 σὰρξ,
2991 4482 3207 4547 ταυτὸν,
3225 4483 3300 4546 ὡς
3335 4480 3470 4535 καθὸ
3497 4481 3664 4534 πνεῦ-

399 4581 657 4651 utrinque
678 4589 912 4651 spectes,
931 4583 1071 4638 idem
1108 4589 1192 4638 est
1215 4597 1337 4637 cum
1359 4583 1537 4636 Patre.
1565 4581 1684 4637 Jam
1708 4591 1948 4653 quatenu

2094 4603 2171 4658 μα
2185 4584 2281 4638 κα.)⁸
2301 4581 2544 4651 πνεῦμα,
2562 4577 2814 4651 ταυτόψ]
2845 4577 2979 4632 καθὸ
3003 4578 3060 4632 δὲ
3089 4578 3159 4632 ἐν
3181 4576 3499 4648 ὁμοιώματι
3520 4591 3666 4646 σαρ-

399 4673 522 4731 sine
548 4673 758 4729 semine
784 4674 1000 4743 genitus
1021 4682 1124 4738 est,
1150 4690 1260 4729 non
1310 4675 1451 4728 idem
1485 4685 1590 4736 est,
1620 4674 1714 4729 sed
1748 4674 1942 4730 similis

2089 4677 2196 4743 κὸς
2239 4674 2548 4744 ἁμαρτίας,
2581 4671 2766 4741 ὅμοιος
2791 4673 2906 4734 τοῖς
2946 4670 3146 4742 σαρκὸς
3172 4671 3458 4741 κινήμασι,
3484 4669 3578 4722 καὶ
3603 4668 3663 4722 οὐ

398 4764 634 4835 perinde
683 4775 848 4834 atque
893 4774 1166 4835 quatenus
1219 4766 1340 4820 sine
1401 4764 1670 4835 profluvio
1723 4767 1856 4832 ullo,
1916 4780 1953 4818 at

2087 4769 2304 4824 ταυτὸν,
2343 4767 2554 4834 Ὥσπερ
2581 4757 2674 4816 οὖν
2721 4763 2779 4815 ὲν
2821 4762 3124 4833 ὁμοιώματι
3163 4763 3432 4832 κινήσεως
3463 4761 3494 4813 6
3518 4761 3664 4824 Υἱὸς,

399 4857 665 4929 passione
703 4860 973 4928 processit
996 4856 1186 4926 Filius,
1232 4875 1340 4913 non
1375 4859 1517 4914 idem
1551 4869 1657 4934 est,
1690 4859 1784 4914 sed
1825 4859 1948 4914 simi

2087 4859 2455 4931 ὑπουργικῶς,
2484 4858 2579 4910 καὶ
2608 4856 2668 4910 οὐ
2705 4854 2922 4919 ταυτὸν,
2949 4854 3023 4917 ὼς
3051 4855 3080 4907 6
3102 4854 3294 4924 Πατὴρ
3315 4852 3664 4916 αὑθεντικῶς.

402 4955 492 5011 lis.
523 4953 804 5022 Quatenus
827 4970 958 5010 vero
982 4955 1036 5008 in
1067 4953 1418 5008 similitudine
1445 4962 1520 5008 est
1541 4955 1717 5009 carnis
1757 4956 1953 5022 peccati

2092 4955 2159 5006 Ἀ
2190 4952 2297 5023 γὰρ
2321 4954 2348 5004 6
2379 4951 2569 5020 Πατὴρ
2597 4949 2760 5011 ποιεῖ,
2803 4945 2978 5000 ταῦτα
3016 4947 3110 4999 καὶ
3135 4945 3164 4997 6
3189 4943 3342 5010 Υἱὸς,
3371 4945 3470 5016 οὐχ
3498 4944 3667 5009 οὕτως

401 5063 515 5103 non
553 5047 694 5102 idem
739 5054 822 5102 est
865 5061 991 5100 cum
1036 5046 1220 5099 carnis
1256 5046 1738 5109 commotionibus,
1776 5044 1870 5100 sed
1907 5046 1953 5100 si

2091 5043 2251 5107 αὐτὸς
2279 5043 2439 5107 ποιεῖ,
2470 5041 2584 5094 ἀλλ’
2605 5040 2824 5110 ὁμοίως.

401 5139 713 5196 milis.Non
753 5141 908 5195 aliter
939 5146 1104 5209 atque
1124 5138 1266 5194 idem
1295 5139 1388 5208 qui
1420 5140 1806 5194 commotionis
1865 5139 2014 5194 illius
2049 5135 2468 5192 similitudinem
2528 5133 2730 5196 habet,
2810 5129 2982 5185 Filius
3041 5129 3480 5186 administrando
3544 5147 3663 5186 cum

373 5232 564 5290 Patre
597 5234 780 5290 facere
825 5235 1049 5298 dicitur,
1082 5249 1192 5288 non
1240 5233 1382 5288 idem
1421 5249 1542 5289 esse
1597 5250 1721 5289 cum
1764 5235 1879 5298 illo,
1935 5241 2029 5286 aut
2086 5231 2374 5302 principali
2435 5228 2597 5284 modo
2660 5228 2859 5282 facere.
2920 5225 3054 5280 Nam
3110 5241 3452 5297 quaecunque
3509 5223 3667 5282 Pater

405 5325 556 5390 facit,
597 5324 786 5379 eadem
818 5331 872 5378 et
893 5323 1088 5387 Filius,
1125 5339 1236 5377 non
1271 5322 1461 5378 eodem
1495 5332 1676 5378 tamen
1719 5322 1901 5388 modo,
1935 5321 2033 5377 sed
2073 5317 2328 5377 similiter
2359 5319 2510 5373 facit.

477 5416 555 5472 Ex
583 5415 668 5471 bis
696 5430 825 5470 vero
854 5415 1111 5470 omnibus
1151 5415 1494 5485 perspicuum
1530 5424 1638 5480 est,
1684 5413 1882 5468 Filium
1929 5414 1953 5466 i:

2114 5461 2126 5473 κ
2162 5415 2272 5468 Καὶ
2320 5411 2552 5483 φανερὸν
2591 5413 2656 5465 ὲκ
2689 5409 2916 5476 τούτων,
2963 5411 3044 5463 ὅτι
3089 5409 3230 5463 κα.ῖά
3273 5409 3452 5465 πάντα
3485 5412 3512 5463 6
3546 5412 3666 5475 Υἱὸς

406 5509 661 5564 omnibus
692 5509 870 5565 Patris
893 5525 1016 5564 esse
1045 5509 1298 5573 similem,
1334 5509 1790 5581 quemadmodum
1817 5505 1953 5562 Filiu

2089 5503 2273 5576 ὅμοιός
2302 5506 2417 5557 ἐστι
2445 5501 2522 5573 τῴ
2545 5501 2742 5572 Πατρὶ,
2773 5501 2848 5564 ὡς
2877 5503 2904 5554 6
2934 5500 3059 5564 Υἱὸς
3086 5499 3260 5570 Πατρὶ
3281 5498 3341 5565 ἐξ
3361 5501 3525 5556 αὑτοῦ
3550 5519 3670 5575 fvri-

410 5592 586 5650 Patris
609 5611 730 5654 esse
756 5599 952 5654 similis
981 5599 1161 5666 debet,
1198 5615 1228 5654 a
1253 5614 1363 5669 quo
1395 5599 1722 5673 proprie‘est
1757 5613 1820 5652 ac
1853 5599 1953 5668 legi

2094 5597 2224 5660 σίως
2277 5594 2689 5666 γεγεννημένος.
2739 5592 2858 5646 Τῶν
2897 5591 3005 5664 γὰρ
3047 5591 3264 5646 ἀτόπων
3317 5592 3490 5662 ἐστὶν,
3544 5593 3664 5648 Υίὸν

483 5749 500 5781 ¹
532 5747 665 5805 Luc.
707 5766 747 5818 ι,
781 5752 871 5807 ⁸55.
947 5754 966 5784 ¹
989 5751 1146 5808 Rom.
1181 5768 1299 5818 Vlll,
1325 5753 1375 5806 5,
1456 5752 1472 5783 ³
1513 5751 1670 5806 Joan.
1707 5766 1756 5821 ν,
1791 5751 1874 5808 19.

2057 5794 2058 5799 η
2090 5750 2429 5827 Πνεῦμα-ξος.
