3990 6228
326 341 437 402 457

956 350 1325 414 ADVERSUS
1360 356 1701 419 HERESES
1728 360 1856 420 LIB.
1896 367 1912 423 1

2026 367 2187 427 ΤΟΜ.
2230 370 2344 428 1.-
2361 370 2636 432 ΠίΕΙὶΕΒ.
2678 376 2910 437 LXXIII.

3472 385 3578 439 433

321 461 465 518 θεοῦ
502 462 663 518 αὑτὸν
700 465 809 536 πρὸ
835 467 1046 523 αἰώνων
1081 472 1415 544 ὑπάρχοντα,
1459 478 1552 532 καὶ
1579 480 1718 534 κατὰ
1745 481 1907 550 φύσιν

2021 487 2140 543 time
2160 493 2396 560 genitus.
2433 491 2566 548 Illud
2595 497 2737 555 enim
2768 505 2853 552 est
2890 497 3205 565 absurdum,
3237 496 3433 555 Filium
3459 498 3574 570 Del,

320 558 456 612 ὂντα
487 559 620 612 Θεὸν
652 560 717 613 ἐκ
737 560 872 615 Θεοῦ
901 562 996 615 τοῦ
1039 565 1274 636 Πατρὸς,
1316 568 1404 620 ὅτε
1432 571 1583 642 παρὰ
1614 572 1775 640 φύσιν
1804 576 1901 644 μὲν

321 647 522 703 ἑαυτοῦ
558 650 624 702 ἐκ
662 650 881 721 Μαρίας
927 652 1148 721 γέγονεν
1180 656 1482 730 ἄνθρωπος,
1522 661 1708 731 ὅμοιον
1742 665 1903 718 αὑτὸν

322 740 583 810 γενέσθαι
624 744 739 805 τοῖς
778 743 919 796 κατά
956 744 1119 812 φύσιν
1159 747 1467 820 ἀνθρώποις
1505 751 1564 806 ἐν
1599 753 1677 825 τῷ
1707 756 1902 811 ἑαυτοῦ

322 828 480 899 παρά
506 829 684 898 φύσιν.
713 831 873 902 Παρὰ
898 832 1059 901 φύσιν
1087 834 1194 907 γὰρ
1225 833 1293 908 ἦν
1346 840 1495 911 αὑτῷ
1520 841 1640 913 Θεῷ
1662 838 1777 898 ὄντι
1809 863 1905 916 γε·-

320 918 517 1007 νέσθαι
550 918 856 992 ἄνθρωπον·
908 923 966 975 ἐν
1011 924 1089 995 τῷ
1118 926 1262 980 κατά
1289 927 1452 998 φύσιν
1498 931 1556 984 δὲ
1593 933 1787 988 ἐαυτοῦ
1829 934 1904 1007 μὴ

319 1006 469 1067 εἶναι
500 1012 662 1067 αὑτὸν
697 1015 882 1085 ὅμοιον
904 1016 983 1087 τῷ
1012 1019 1188 1089 Πατρὶ
1216 1019 1294 1091 τῷ
1332 1023 1669 1095 γεννήσαντι.
1708 1026 1777 1079 Εἰ
1796 1006 1905 1100 γὰρ

321 1104 387 1157 ἐν
416 1102 494 1175 τῷ
520 1103 674 1174 παρά
703 1105 867 1174 φύσιν
903 1108 1098 1162 ἑαυτοῦ
1130 1110 1316 1181 ὅμοιός
1350 1115 1468 1166 ἐστι
1498 1119 1609 1179 τοῖς
1638 1117 1780 1170 κατά
1807 1117 1907 1186 φύ-

324 1211 439 1256 σιν,
474 1195 654 1266 πολλῷ
674 1196 835 1251 πλέον
859 1199 1044 1268 ὅμοιός
1067 1202 1213 1255 ἐστιν
1234 1204 1293 1257 ἐν
1321 1204 1398 1276 τῷ
1423 1206 1565 1260 κατά
1588 1207 1748 1276 φύσιν
1776 1209 1905 1263 ἐαυ-

322 1284 426 1338 τοῦ
458 1286 536 1356 τῷ
567 1287 711 1342 κατά
749 1288 910 1357 φύσιν
950 1292 1189 1362 γνησίως
1228 1294 1388 1349 αὐτὸν
1426 1300 1776 1369 γεγεννηκότι
1804 1301 1909 1354 Πα-

318 1379 441 1448 τρί.
476 1380 638 1432 ’Ὥστε
668 1379 729 1433 τὸ
765 1381 950 1450 ὅμοιον
989 1380 1130 1437 εἶναι
1169 1385 1312 1439 κατά
1344 1387 1523 1442 πάντα
1554 1389 1645 1443 τὸν
1681 1390 1802 1444 Υἱὸν
1830 1390 1908 1462 τῷ

321 1470 510 1539 Πατρὶ
557 1472 913 1539 προσκεῖσθαι
952 1474 1096 1527 κατά
1138 1475 1238 1540 τάς
1286 1479 1527 1548 Γραφάς.
1576 1480 1801 1552 Ὅμοιος
1851 1482 1909 1535 δέ

319 1560 550 1629 ἐνοήθη,
581 1561 656 1625 ὡς
683 1562 920 1627 ἐδίδαξεν
944 1566 1091 1635 ἡμᾶς
1123 1567 1221 1637 τὴν
1245 1568 1337 1621 τοῦ
1365 1569 1551 1639 ὁμοίου
1584 1570 1790 1626 ἔννοιαν
1821 1572 1910 1626 διὰ

320 1652 442 1705 τῶν
473 1654 884 1725 προειρημένων
918 1658 947 1710 ὁ
992 1657 1330 1723 Ἀπόστολος.
1364 1662 1588 1731 Ὅμοιος
1624 1663 1733 1735 γάρ
1769 1666 1906 1732 ἐστι,

321 1742 430 1794 καὶ
460 1743 597 1796 καθὸ
628 1742 740 1814 ζωὴ
772 1745 838 1798 ὲκ
868 1746 1035 1818 ζωῆς,
1066 1748 1182 1817 φῶς
1219 1750 1283 1803 ἐκ
1315 1752 1511 1820 φωτὸς,
1536 1753 1630 1806 καὶ
1659 1754 1909 1825 ἀληθινὸς

2001 580 2097 649 qui
2147 584 2361 639 saeculis
2404 584 2657 641 omnibus
2706 588 2945 644 anterior
2992 599 3109 656 est,
3159 596 3215 646 et
3259 594 3575 650 naturaliter

2003 670 2149 730 Deus
2191 690 2222 728 a
2266 674 2375 731 Deo
2406 675 2566 734 Patre
2607 680 2894 749 processit,
2932 696 3055 737 eum
3097 691 3291 752 praeter
3328 693 3577 739 naturam

2004 778 2158 819 suam
2193 766 2356 822 homo
2382 777 2466 824 est
2489 784 2556 825 ex
2586 770 2754 826 Maria
2776 770 2997 843 Virgine
3026 774 3224 839 factus,
3254 775 3306 828 in
3341 792 3407 830 eo
3438 777 3579 845 ipso.

2004 856 2149 926 quod
2198 866 2394 929 praeter
2430 868 2680 916 naturam
2735 862 2987 928 habebat,
3022 867 3352 920 naturalium
3402 866 3581 920 homi-

2004 963 2135 1002 num
2183 950 2414 1006 similem
2464 953 2737 1009 exstitisse
2782 974 2796 1009 :
2851 963 3047 1025 praeter
3096 963 3347 1010 naturam
3400 966 3580 1012 autem

2005 1047 2123 1095 erat
2146 1040 2242 1107 illi,
2278 1044 2371 1113 qui
2403 1043 2546 1100 Deus
2583 1052 2750 1110 esset,
2790 1054 2850 1100 ut
2896 1046 3063 1104 homo
3092 1046 3289 1113 ﬁeret;
3330 1054 3388 1101 at
3428 1046 3483 1101 in
3515 1061 3582 1099 eo

2006 1129 2151 1201 quod
2177 1131 2278 1201 ipsi
2312 1134 2559 1189 naturale
2583 1142 2688 1200 est,
2717 1151 2828 1190 non
2867 1152 2989 1192 esse
3020 1135 3220 1201 Patris,
3256 1135 3347 1205 qui
3388 1149 3448 1190 se
3485 1147 3582 1203 ge-

2008 1220 2208 1287 nuerit,
2237 1222 2489 1277 similem.
2534 1222 2591 1278 Si
2621 1225 2766 1279 enim
2814 1225 2869 1280 in
2909 1241 2995 1289 eo,
3031 1225 3175 1297 quod
3206 1234 3400 1297 praeter
3430 1208 3606 1281 natu»l

2006 1321 2123 1360 ram
2157 1307 2337 1372 habet,
2373 1325 2561 1365 eorum
2595 1312 2790 1371 similis
2828 1322 2933 1382 est,
2985 1316 3183 1385 quibus
3226 1315 3357 1370 illud
3400 1316 3593 1387 ipsum.

2009 1399 2324 1454 naturaliter
2350 1402 2623 1467 convenit,
2658 1404 2830 1459 multo
2868 1406 3040 1476 magis
3068 1406 3123 1460 in
3150 1421 3214 1461 eo
3246 1405 3391 1477 quod
3419 1414 3584 1460 natu-

2007 1487 2122 1542 rale
2151 1497 2206 1543 et
2236 1489 2456 1544 insitum
2493 1491 2672 1555 habet,
2720 1492 2899 1549 Patris
2943 1495 3087 1550 illius
3131 1494 3327 1550 similis
3376 1495 3499 1559 erit,
3548 1509 3594 1547 a.

2007 1590 2115 1646 quo
2152 1577 2472 1635 naturaliter
2514 1589 2598 1635 est
2630 1590 2682 1635 et
2714 1580 2951 1651 legitime
2985 1582 3217 1653 genitus.
3286 1580 3423 1635 Hinc
3472 1581 3579 1635 ita-

2009 1681 2114 1736 que
2165 1668 2472 1738 colligimus
2518 1670 2669 1734 illud,
2718 1671 2864 1741 quod
2912 1672 3171 1738 diximus,
3228 1672 3461 1727 similem
3523 1672 3595 1726 in.

2008 1758 2262 1813 omnibus
2286 1775 2407 1815 esse
2435 1760 2611 1817 Patris
2636 1760 2849 1827 Filium,
2881 1779 2947 1817 ex
2977 1778 3261 1818 sacrorum
3291 1763 3596 1818 Librorum.

322 1833 396 1899 ἐξ
416 1833 691 1925 ἀληθινοῦ,
717 1837 811 1890 καὶ
845 1839 1005 1906 σοφία
1029 1841 1093 1893 ἐκ
1120 1842 1307 1911 σοφοῦ.
1329 1845 1437 1897 Καὶ
1466 1845 1719 1914 καθάπαξ
1744 1846 1904 1919 [ἐστὶ]

2021 1851 2331 1907 auctoritate
2354 1854 2695 1921 pronuntiari
2735 1854 2960 1925 insuper
3010 1866 3280 1925 oportere.
3312 1855 3578 1925 quemad-

325 1924 483 2015 κατά
508 1924 605 1986 τὰς
635 1927 875 1997 Γραφὰς,
919 1932 979 1983 οὐ
1023 1932 1166 1986 κατά
1208 1935 1308 2005 τὴν
1355 1934 1635 2008 ἐνέργειαν
1672 1939 1765 1992 καὶ
1809 1938 1906 2010 τὴν

2021 1944 2231 1997 modum
2263 1946 2457 2001 similis
2488 1947 2761 2000 notionem
2801 1946 2868 2001 iis
2909 1961 3030 2015 qua
3069 1946 3313 2015 proxime
3342 1959 3581 2000 comme-

326 2014 593 2085 βούλησίν
626 2019 743 2071 ἐστι
785 2019 943 2089 μόνον
970 2022 1175 2091 ὅμοιος,
1208 2025 1346 2079 ἀλλά
1370 2027 1489 2080 κατ’
1518 2029 1648 2083 αὐτὸ
1677 2030 1740 2083 τὸ
1766 2025 1907 2083 εἶναι

2021 2031 2364 2096 moravimus,
2394 2033 2550 2088 nobis
2580 2034 2875 2103 Apostolus
2913 2014 3159 2087 tradidit.
3196 2033 3405 2088 Etenim
3428 2032 3583 2088 simi-

326 2106 431 2157 καὶ
450 2106 767 2175 ὑφεστάναι,
798 2110 891 2163 καὶ
920 2112 1186 2183 ὑπάρχειν
1214 2116 1396 2186 ὅμοιός
1420 2119 1534 2171 ἐστι
1564 2119 1706 2173 κατά
1731 2120 1905 2175 πάντα

2021 2120 2079 2175 lis
2106 2128 2210 2189 est,
2245 2132 2514 2192 quatenus
2544 2125 2650 2178 vita
2685 2141 2751 2180 ex
2792 2125 2923 2191 vita,
2948 2126 3134 2181 lumen
3170 2141 3200 2181 e
3237 2126 3460 2188 lumine,
3492 2139 3583 2178 ve—

323 2194 414 2263 τῷ
440 2197 613 2266 Πατρὶ
644 2197 722 2267 τῷ
754 2202 1094 2271 γεννήσαντι,
1120 2203 1196 2267 ὡς
1235 2203 1352 2267 υἱὸς
1392 2206 1576 2276 πατρί.

2021 2227 2106 2266 rus
2130 2228 2192 2265 ex
2221 2230 2369 2281 vero,
2399 2224 2452 2271 et
2474 2216 2736 2285 sapientia
2770 2234 2799 2273 a
2826 2219 3069 2289 sapiente
3093 2217 3357 2290 procedit.
3386 2216 3583 2285 Atquev

326 2296 398 2342 ut
437 2304 549 2342 uno
591 2292 756 2345 verbo
793 2292 992 2357 dicam,
1017 2294 1207 2349 iisdem
1258 2310 1288 2349 e
1329 2296 1626 2366 Scripturis
1665 2303 1895 2360 constat,
1935 2311 2042 2351 non
2084 2304 2298 2358 actione
2346 2320 2410 2359 ac
2460 2309 2737 2363 voluntate
2759 2311 2933 2363 solum
2966 2312 3131 2373 illius,
3161 2312 3255 2365 sed
3284 2306 3583 2363 secundum

322 2383 503 2453 866
535 2383 637 2436 hoc
662 2384 836 2453 ipsum
869 2386 1013 2454 quod
1056 2394 1160 2454 est,
1212 2398 1266 2442 et
1310 2389 1581 2454 subsistit,
1621 2400 1781 2459 atque
1816 2390 2052 2455 exsistit,
2084 2394 2314 2447 similem
2361 2394 2416 2451 in
2438 2395 2696 2451 omnibus
2715 2396 3133 2466 cssePatri,qui
3167 2397 3318 2453 illum
3364 2396 3584 2469 genuit:

324 2476 793 2546 quemadmodum
841 2476 980 2545 patri
1033 2476 1172 2532 ﬁlius
1201 2479 1394 2534 similis
1425 2488 1529 2535 est.

408 2569 512 2622 19'.
570 2568 693 2621 Ἐὰν
737 2570 786 2621 oi
831 2569 1009 2623 καινοὶ
1053 2570 1342 2640 αἱρετικοὶ,
1394 2573 1905 2644 προσδιαλεγόμενοι

329 2662 495 2729 ἡμῖν,
524 2660 818 2730 ἀγέννητον
854 2660 1071 2727 λέγουσι
1114 2662 1207 2714 καὶ
1239 2664 1517 2734 γεννητὸν,
1545 2665 1777 2734 ἐροῦμεν
1810 2665 1908 2717 αὺ-

328 2753 468 2815 τοῖς·
509 2751 723 2821 Ἐπειδὴ
759 2752 1234 2823 κακουργήσαντες
1277 2754 1337 2808 τὸ
1378 2756 1478 2824 τῆς
1521 2755 1705 2819 οὐσίας
1740 2756 1911 2825 ὄνομα

330 2842 397 2892 ἐν
430 2842 623 2912 χρήσει
652 2843 766 2905 τοῖς
798 2843 1075 2913 Πατράσιν
1111 2844 1351 2915 ὑπάρχον
1377 2846 1451 2909 ὼς
1474 2847 1720 2916 ἄγραφον
1747 2847 1805 2898 οὐ
1829 2846 1913 2899 δέ·-

332 2931 523 3001 χεσθε·
552 2932 672 2985 οὐδὲ
697 2934 858 3002 ἡμεῖς
882 2933 943 2986 τὸ
964 2934 1257 3005 ἀγέννητον
1283 2936 1528 3007 ἄγραφον
1549 2937 1607 2990 ὃν
1632 2934 1911 3007 δεξόμεθα.

340 3023 659 3095 Ἀφθαρτον
696 3024 815 3094 μὲν,
850 3026 944 3078 καὶ
971 3025 1222 3096 ἀόρατον,
1262 3028 1356 3081 καὶ
1398 3027 1663 3083 ἀθάνατον
1705 3028 1852 3097 λέγει
1887 3031 1916 3081 ὁ

352 3113 697 3177 ’Δπόστολοςο
729 3113 983 3167 οὐδέποτε
1013 3114 1070 3168 δὲ
1104 3116 1263 3169 αὑτὸν
1303 3117 1598 3186 ἀγέννητον
1635 3118 1916 3188 ὠνόμασεν

337 3205 377 3273 ἡ
407 3204 617 3274 Γραφή.
667 3204 877 3257 Ἔπειθ’
911 3205 1015 3269 ὅτι,
1053 3205 1128 3268 ὡς
1180 3207 1524 3277 προείρηται,
1562 3210 1590 3261 ὁ
1627 3209 1917 3279 ἀγέννητος

336 3295 570 3348 οὐδέπου
617 3295 872 3366 σημαίνει
915 3297 1013 3367 τὴν
1050 3297 1146 3351 τοῦ
1188 3298 1403 3368 Πατρός
1448 3298 1673 3351 έννοιαψ
1708 3299 1801 3352 καὶ
1838 3301 1918 3352 ὅτι

338 3388 440 3442 τὸν
469 3389 729 3459 γεννητὸν
766 3388 912 3452 ἰδίως
940 3388 1067 3442 Υἱὸν
1099 3388 1328 3442 οὐδέπου
1365 3394 1617 3460 σημανεῖ,
1654 3391 1790 3444 ἀλλά
1816 3409 1922 3445 κοι-

340 3481 554 3532 νοποιεῖ
580 3479 717 3550 πρὸς
754 3480 931 3536 πάντα
960 3478 1032 3533 τὰ
1060 3480 1295 3551 γεννητά
1322 3481 1419 3551 τὴν
1457 3481 1685 3537 ἔννοιαν.
1728 3482 1785 3536 '0
1814 3482 1922 3553 γὰρ

342 3567 519 3622 εἰπὼν
547 3569 829 3640 γεννητὸν,
860 3570 943 3623 ὅτι
976 3570 1073 3641 μὲν
1100 3570 1323 3639 γέγονεν
1352 3572 1650 3642 ἐσήμανεν,
1684 3573 1921 3643 οὐδαμοῦ

342 3661 415 3733 δέ
434 3660 495 3713 τὸ
525 3661 709 3725 ἀϊδίως
740 3660 868 3714 Υίδν
895 3661 1185 3732 νοούμενον
1220 3662 1589 3733 παρεδήλωσε.
1626 3664 1717 3716 Διὸ
1741 3664 1924 3727 ἀϊδίως

345 3732 657 3813 ἐννοοῦντες
680 3751 808 3805 Υίὸν
826 3750 983 3813 Θεοῦ,
1002 3752 1063 3803 οὐ
1088 3732 1351 3821 δεξόμεθα
1370 3752 1527 3804 τοῦτο
1544 3753 1676 3823 πρὸς
1694 3753 1922 3820 τούτοις,

344 3844 431 3896 ὅτι
456 3842 517 3896 τὸ
541 3830 632 3896 τοῦ
663 3843 875 3914 Πατρὸς
904 3842 1001 3896 καὶ
1031 3842 1161 3896 Υῑοῦ
1187 3842 1356 3913 ὄνομα
1382 3844 1480 3913 τὴν
1505 3843 1639 3914 πρός
1661 3861 1714 3896 τι
1743 3844 1925 3914 σχέσιν

350 3932 629 4003 σημαίνει.
657 3932 747 3985 Διὸ
772 3933 875 3985 κᾶν
899 3932 1119 4002 Πατέρα
1152 3933 1309 4002 μόνον
1330 3935 1702 4005 ὀνομάζωμεν,
1731 3935 1926 4006 ἔχομεν

347 4025 430 4094 τῷ
454 4024 677 4094 ὀνόματι
702 4024 796 4076 τοῦ
819 4025 1030 4094 Πατρὸς
1058 4025 1576 4095 συνυπακουομένην
1602 4025 1698 4096 τὴν
1720 4026 1928 4081 ἔννοιαν

348 4114 448 4169 τοῦ
475 4115 625 4169 Υίοῦ.
655 4115 847 4185 Πατὴρ
873 4114 981 4186 γὰρ
1006 4114 1138 4168 Υίοῦ
1170 4116 1359 4186 Πατὴρ
1385 4116 1624 4184 λέγεται.
1654 4116 1771 4171 Κᾶν
1800 4118 1930 4172 Υἱὸν

350 4211 517 4280 μόνον
549 4210 924 4279 ὀνομάσωμεν,
970 4208 1165 4279 ἔχομεν
1202 4209 1303 4278 τὴν
1334 4208 1541 4262 ἔννοιαν
1571 4207 1665 4261 τοῦ
1695 4208 1928 4279 Πατρὸς,

352 4299 441 4351 ὅτι
486 4298 598 4361 υἱὸς
626 4298 838 4368 Πατρὸς
867 4298 1104 4365 λέγεται.
1138 4298 1361 4368 ’Έχεται
1385 4296 1491 4368 γάρ
1523 4295 1753 4369 θάτερον
1777 4296 1932 4350 θατέ-

2083 2569 2221 2623 XIX.
2256 2570 2410 2637 Quod
2440 2572 2485 2628 si
2516 2571 2638 2625 novi
2673 2572 2750 2626 illi
2796 2570 3031 2625 haeretici
3072 2568 3352 2623 nobiscum
3385 2566 3587 2636 dispu-

2016 2670 2194 2720 tantes
2224 2665 2518 2735 ingenitum
2547 2666 2895 2735 genitumque
2924 2662 3182 2726 dixerint,
3229 2662 3309 2716 sic
3353 2660 3457 2713 illis
3486 2675 3585 2713 oc-

2015 2770 2298 2811 curremus
2326 2775 2337 2809 :
2370 2756 2633 2821 Quoniam
2668 2756 2985 2811 substantia:
3023 2770 3236 2818 nomen,
3266 2766 3373 2821 quo
3403 2750 3588 2807 Patres

2018 2848 2105 2903 usi
2136 2856 2282 2910 sunt,
2309 2864 2374 2901 eo
2401 2848 2545 2917 quod
2570 2850 2624 2901 in
2653 2848 2933 2917 Scriptura
2958 2862 3065 2900 non
3089 2853 3286 2907 exstat,
3312 2842 3454 2895 mala
3485 2841 3589 2897 ﬁde

2019 2939 2338 3009 repudiatis,
2374 2955 2547 3009 neque
2583 2953 2682 2993 nos
2708 2939 2927 3007 ingeniti
2960 2935 3301 2995 vocabulum,
3334 2942 3587 3001 tanquam

2021 3031 2225 3098 scripto
2256 3045 2363 3083 non
2395 3045 2733 3099 expressum,
2768 3028 3124 3081 admittimus.
3167 3024 3301 3077 Nam
3341 3024 3591 3077 incorru»

2020 3129 2169 3190 ptum
2205 3122 2419 3190 quidem
2463 3128 2517 3175 et
2557 3136 2663 3174 non
2701 3118 3083 3188 aspcctabilem
3132 3123 3186 3169 ct
3234 3112 3590 3167 immortalem

2020 3222 2179 3267 vocat
2218 3212 2509 3282 Apostolus
2547 3231 2559 3263 :
2608 3211 2904 3280 ingenitum
2948 3222 3076 3263 vero
3124 3219 3391 3274 nusquam
3445 3201 3593 3255 Scri-

2020 3312 2178 3373 ptura
2209 3304 2526 3357 nominavit.
2572 3302 2795 3356 Accedit
2839 3300 2981 3369 quod
3025 3296 3317 3368 ingenitus,
3343 3294 3417 3347 uti
3454 3292 3594 3347 dixi-

2022 3408 2176 3456 mus,
2225 3392 2463 3446 nondum
2519 3393 2691 3460 ipsam
2749 3389 2926 3443 Patris
2976 3387 3251 3441 notionem
3303 3383 3594 3454 signiﬁcat,

2024 3499 2199 3553 neque
2244 3485 2484 3554 genitum
2530 3482 2745 3554 preprie
2801 3481 2996 3534 Filium
3048 3477 3325 3547 exprimit,
3372 3474 3466 3530 sed
3525 3472 3592 3527 ad

2023 3576 2203 3629 oniuia
2230 3575 2490 3644 producta
2517 3572 2880 3628 communiter
2910 3570 3161 3641 pertinet.
3198 3566 3331 3620 Nam
3380 3566 3469 3638 qui
3505 3580 3597 3634 ge-

2026 3665 2196 3719 nitum
2225 3665 2379 3729 dicit,
2404 3663 2748 3733 .productum
2790 3662 3047 3729 quiddam
3093 3658 3301 3728 aliquid
3336 3672 3457 3713 esse
3501 3654 3600 3711 de-

2025 3764 2317 3822 monstrat,
2358 3756 2583 3810 minime
2637 3762 2818 3808 tamen
2868 3751 3089 3813 Filium,
3132 3751 3226 3820 qui
3277 3749 3344 3802 ab
3397 3754 3602 3802 aeterno

2026 3849 2326 3919 productus
2370 3847 2729 3917 concipiatur,
2768 3844 3025 3900 ostendit.
3069 3840 3431 3908 Quamobrem
3478 3854 3601 3892 cum

2028 3941 2122 3996 Dei
2156 3940 2351 3995 Filium
2400 3940 2469 3995 ab
2502 3948 2706 3994 atterno
2750 3937 3112 4005 intelligamus
3150 3933 3430 3993 exsistere,
3472 3929 3605 3983 illud

2030 4032 2207 4101 ipsum
2261 4046 2456 4086 nomen
2514 4040 2773 4099 praeterea
2831 4039 3174 4095 nequaquam
3234 4022 3603 4080 admittimus,

2030 4122 2286 4193 quoniam
2318 4121 2496 4177 Patris
2532 4120 2764 4189 Filiique
2811 4134 3005 4172 nomen
3052 4116 3117 4170 ad
3168 4113 3313 4168 aliud
3346 4110 3605 4181 quiddam

2033 4214 2403 4269 habitudinem
2447 4212 2734 4281 signilieat.
2784 4209 2938 4263 Unde
2990 4208 3115 4261 licet
3172 4206 3385 4259 Patrem
3430 4201 3605 4256 solum

2034 4306 2398 4366 nominemus,
2431 4301 2551 4355 Filii
2584 4315 2800 4370 quoque
2828 4298 3106 4352 notionem
3153 4294 3332 4348 Patris
3371 4291 3609 4360 appella-

354 4406 477 4459 pou,
516 4388 612 4441 καὶ
649 4389 710 4441 οὐ
754 4388 1106 4442 διακόπτεται
1141 4389 1174 4458 ή
1206 4387 1407 4457 σχέσις.
1458 4386 1620 4439 Ἀλλὰ
1646 4388 1739 4440 καὶ
1772 4387 1917 4457 μόνοι

2037 4396 2184 4450 tione
2202 4393 2649 4463 comprehensam
2674 4405 2779 4444 una
2808 4387 3240 4456 complectimur.
3271 4382 3431 4435 Pater
3462 4379 3607 4466 enim

352 4479 615 4549 ἑκάτερον
647 4480 936 4550 λεγόμενον
967 4480 1272 4547 συνεισάγει
1311 4478 1539 4549 θατέρου
1570 4477 1667 4548 τὴν
1697 4477 1927 4531 ἔννοιαν·

353 4571 453 4624 καὶ
494 4571 554 4625 οὐ
597 4572 657 4623 τὸ
684 4571 851 4642 ὄνομα
877 4572 1057 4641 μόνον,
1087 4570 1222 4624 ἀλλὰ
1254 4568 1390 4640 μετά
1420 4567 1514 4621 τοῦ
1549 4567 1809 4637 ὀνόματος
1840 4566 1931 4621 καὶ

355 4661 460 4730 τῆς
504 4661 717 4729 φύσεως
759 4663 855 4733 τὴν
889 4661 1216 4731 οἰκειότητα.
1272 4659 1491 4731 Πατέρα
1534 4658 1644 4730 γὰρ
1684 4658 1931 4723 νοοῦντες

355 4752 448 4805 τὸν
486 4752 641 4815 Θεὸν,
679 4752 812 4805 Θεοῦ
854 4752 1081 4823 νοοῦμεν
1122 4750 1358 4820 Πατέρα·
1402 4752 1496 4802 καὶ
1541 4750 1660 4803 Υίὸν
1688 4748 1933 4814 νοοῦντες

354 4842 515 4903 Θεοῦ,
565 4843 697 4896 Θεὸν
744 4842 974 4913 νοοῦμεν
1020 4843 1112 4896 τὸν
1168 4841 1401 4912 ρηθέντα
1457 4841 1584 4894 Υίὸν
1629 4840 1788 4905 Θεοῦ,
1842 4842 1935 4895 καὶ

356 4936 543 5003 ὅμοιον
579 4934 775 5005 ἐκείνῳ
820 4934 962 4987 κατά
1002 4934 1101 5006 τὴν
1129 4932 1312 5001 φύσιν,
1341 4926 1402 4986 οῦ
1434 4932 1529 4984 καὶ
1552 4935 1753 4985 νοεῖται
1787 4932 1934 4995 Υίός.

370 5026 690 5094 Ἀγέννητον
726 5025 783 5078 δὲ
814 5027 874 5077 οὐ
913 5026 1126 5095 λέγεται
1152 5025 1412 5098 γεννητοῦ
1447 5025 1770 5096 ἀγέννητον,
1815 5024 1937 5078 οὐδὲ

358 5116 619 5186 γεννητὸν
643 5118 938 5189 ἀγεννήτου
963 5119 1241 5188 γεννητόν.

2035 4484 2156 4539 Filii
2197 4492 2351 4555 pater
2384 4483 2602 4538 dicitur.
2637 4481 2713 4535 Ae
2748 4480 2873 4534 licet
2920 4478 3093 4533 solum
3138 4475 3481 4528 nominemus
3518 4465 3608 4521 Fi-

2037 4576 2191 4638 lium,
2240 4573 2417 4628 Patris
2460 4588 2675 4644 quoque
2722 4572 2995 4624 notionem
3045 4582 3149 4619 una
3197 4559 3614 4632 comprehendi-

2038 4682 2181 4728 mus,
2230 4680 2296 4719 co
2344 4665 2488 4734 quod
2562 4664 2711 4718 [ilius
2756 4660 2935 4715 Patris
2987 4674 3110 4713 esse
3160 4655 3328 4709 Filius
3373 4653 3608 4707 dicatur.

2039 4758 2283 4811 Alterum
2326 4757 2525 4826 quippe
2573 4769 2695 4809 cum
2744 4754 2913 4807 altero
2962 4761 3267 4803 connexum
3302 4754 3406 4808 est,
3439 4755 3615 4811 neque

2040 4857 2262 4904 mutuus
2284 4849 2350 4903 ad
2381 4863 2502 4903 sese
2530 4845 2758 4901 invicem
2789 4850 3070 4912 respectus
3104 4837 3397 4893 dirimitur.
3432 4832 3615 4899 Quare

2040 4938 2256 4993 tametsi
2295 4937 2380 4991 vel
2417 4937 2644 4990 alterum
2692 4934 3088 5003 pronuntietur,
3140 4943 3245 4983 una
3281 4933 3336 4981 et
3385 4925 3615 4978 alterum

2037 5028 2408 5099 intelligentiae
2455 5036 2655 5082 nostra:
2695 5025 2950 5094 subjicit;
3004 5036 3104 5078 nec
3136 5021 3281 5075 illius
3312 5016 3473 5070 modo
3518 5026 3616 5065 no-

2037 5133 2183 5182 men,
2224 5133 2411 5173 verum
2446 5118 2608 5172 etiam
2643 5130 2750 5169 una
2779 5130 2901 5169 cum
2934 5113 3151 5168 nomine
3188 5116 3395 5163 natura}
3444 5102 3616 5171 ipsius

356 5210 673 5267 aﬂinitatem
707 5214 1063 5268 demonstrat.
1104 5214 1311 5268 Etenim
1345 5228 1467 5268 cum
1508 5211 1724 5267 Patrem
1754 5212 1941 5267 animo
1974 5212 2314 5283 concipimus
2368 5211 2560 5271 Deum,
2617 5212 2708 5266 Dei
2744 5210 2959 5264 Patrem
3011 5204 3369 5274 concipimus.
3419 5196 3484 5250 Et
3528 5193 3612 5249 Fi-

358 5306 493 5361 lium
529 5321 654 5361 cum
716 5306 1065 5375 intelligimus
1106 5305 1216 5371 Dei,
1254 5305 1423 5359 Deum
1486 5304 1858 5373 intelligimus,
1892 5305 1987 5373 qui
2024 5304 2119 5360 Dei
2148 5304 2322 5360 Filius
2368 5306 2689 5375 appellatur,
2724 5304 2926 5373 quique
2975 5299 3123 5353 illius
3178 5302 3373 5350 natura
3421 5286 3617 5389 similis

356 5413 468 5465 εει,
493 5400 651 5471 cujus
677 5399 994 5472 intelligitur
1034 5415 1157 5457 esse
1214 5399 1402 5455 Filius.
1451 5400 1522 5452 At
1573 5399 1873 5466 ingenitum
1924 5399 2090 5469 geniti
2143 5414 2485 5471 nequaquam
2534 5398 2835 5469 ingenitum
2876 5394 3097 5457 dicitur,
3147 5400 3325 5458 neque
3374 5386 3618 5453 genitum

362 5495 594 5566 ingeniti
623 5496 887 5565 genitum.
2749 5571 2760 5576 _
2913 5568 2924 5576 _
2956 5567 2969 5576 _
3152 5563 3235 5576 .

434 5559 520 5641 λ’.
564 5559 781 5658 Ἐπειδὴ
822 5586 1001 5640 τοίνυν
1045 5583 1168 5638 οὔτε
1210 5583 1307 5654 τὴν
1347 5583 1482 5652 πρὸς
1518 5582 1725 5653 ἄλληλα
1756 5581 1917 5651 σχέσιε

2120 5577 2234 5633 XX.
2267 5577 2535 5644 Quocirca
2577 5588 2699 5629 cum
2749 5567 2972 5641 ingeniti
3044 5563 3317 5637 genitiQue
3358 5559 3619 5616 vocabula

363 5682 483 5753 εχει
508 5679 579 5733 τὰ
606 5679 697 5734 τοῦ
725 5680 1018 5749 ἀγεννήτου
1046 5680 1139 5732 καὶ
1165 5675 1449 5747 γεννητοῦ,
1487 5674 1609 5728 οὒτε
1646 5673 1917 5742 συνεμφαί

2049 5684 2225 5739 neque
2279 5668 2347 5722 ad
2406 5683 2529 5722 sese
2572 5672 2761 5718 mutuo
2812 5659 3148 5721 referantur,
3196 5661 3621 5753 nequ-enatura;

365 5739 452 5827 νῖι
480 5768 580 5840 τὴν
607 5739 790 5838 φύσιν,
824 5739 1114 5824 κοινοποιεῖ
1136 5739 1192 5821 δέ
1220 5739 1353 5837 πρός
1377 5739 1445 5818 τά
1474 5762 1638 5819 λοιπά
1660 5739 1917 5833 ποιήματι

2050 5758 2495 5831 signiﬁcationem
2548 5753 2861 5817 involvant;
2915 5765 2978 5806 ac
3032 5756 3288 5820 preterea
3332 5739 3456 5798 Filii
3492 5755 3622 5812 pro-
