3990 6228
382 265 487 320 439

1794 268 1852 324 ὃ.
1892 266 2231 328 EPIPHANII

3533 280 3647 337 ΗΟ

376 377 661 453 prietatem
697 391 1038 432 communem
1093 394 1218 433 cum
1266 381 1499 446 caeteris,
1543 396 1664 452 qua:
1695 384 1957 452 producta

2062 391 2156 446 τοῦ
2185 387 2316 444 Υἱοῦ
2347 388 2449 462 τὴν
2473 389 2730 462 ἰδιότητα·
2756 391 2816 444 οὐ
2839 390 3105 463 δεξόμεθα
3140 392 3240 464 μὲν
3264 391 3352 446 διὰ
3379 391 3476 464 τὴν
3504 396 3644 464 πρὸς

377 476 528 533 sunt,
561 467 812 535 eﬂiciant,
856 483 924 524 ne
971 469 1038 524 ad
1089 470 1420 542 impietatem
1469 473 1580 528 ullo
1634 475 1958 537 insidiarum

375 558 609 619 artiﬁcio
655 557 1206 636 deducamur,867
1253 561 1562 619 istiusmodi
1607 567 1829 622 nomina
1871 583 1961 626 re-

370 652 663 723 jiciemns;
715 651 896 711 Patris
934 669 1064 710 vero
1119 669 1184 712 ac
1218 654 1339 711 Filii
1378 659 1794 729 appellationem
1829 678 1961 720 san-

373 752 462 801 cte
489 758 555 800 ac
597 754 862 819 perpetuo
903 747 1309 816 usurpabimus.
1364 748 1604 806 Primum
1660 755 1806 824 quod
1857 771 1959 814 nos

371 849 406 892 θ
433 836 726 907 gentilibus
750 838 925 892 vocali
958 837 1014 892 in
1056 838 1352 909 ingenitum
1397 857 1462 898 ac
1502 845 1739 912 genitqu
1777 846 1957 919 bapti-

371 927 479 986 ιιιιί
507 942 617 982 non
662 944 873 995 sumus,
906 929 1002 984 sed
1038 930 1092 984 in
1122 929 1337 987 Patrem
1391 949 1456 988 ac
1498 933 1732 1004 Filium;
1763 938 1959 1000 deinde

372 1020 520 1091 quod
549 1017 721 1077 Filius
749 1037 1027 1092 nunquam
1076 1023 1290 1080 Patrem
1330 1041 1491 1082 suum
1521 1029 1822 1102 ingenitum
1863 1049 1958 1104 ap-

368 1110 606 1185 pellasse
639 1113 977 1184 reperiatur;
1008 1115 1106 1170 sed
1143 1115 1358 1173 Patrem
1397 1134 1613 1191 semper
1639 1125 1957 1180 nominave-

366 1200 444 1256 rit
471 1199 662 1268 Deum,
695 1204 939 1274 seipsum
967 1219 1096 1260 vero
1123 1205 1217 1263 Dei
1246 1206 1463 1266 Filium.
1493 1211 1702 1278 Quibus
1725 1230 1789 1271 ex
1821 1217 1956 1272 locis

366 1307 546 1364 pauca
588 1295 834 1365 quaedam
890 1298 1213 1354 ascribenda
1258 1309 1409 1358 sunt.
1454 1302 1615 1360 Hunc
1661 1307 1826 1377 igitur
1875 1310 1956 1366 sic.

366 1386 680 1456 loquentem
701 1387 986 1446 audiamus
1007 1409 1018 1445 :
1037 1388 1097 1445 Si
1114 1391 1392 1464 ditigeritis
1407 1412 1504 1462 me,
1523 1398 1822 1468 gaudet-etis
1847 1405 1958 1457 uti.

368 1492 488 1547 que,
508 1478 633 1547 quia
650 1479 781 1533 vado
816 1481 884 1534 ad
920 1479 1143 1536 Patrem
1162 1500 1332 1541 meum
1355 1488 1396 1545 ³.
1415 1485 1546 1542 Item
1570 1509 1583 1545 :
1606 1489 1771 1555 Quem
1794 1492 1958 1548 Pater

370 1571 723 1641 sanctiﬁcavit
741 1581 791 1631 et
816 1573 960 1628 misit
982 1576 1037 1630 iu
1070 1577 1346 1644 mundum,
1369 1595 1458 1634 vos
1482 1581 1611 1634 mihi
1636 1583 1952 1650 irascimini,

370 1659 506 1728 quod
521 1659 747 1716 dixerim
770 1677 788 1715 :
809 1660 979 1717 Filius
997 1663 1094 1719 Dei
1109 1683 1226 1720 sum
1249 1669 1288 1720 ³.
1312 1666 1442 1723 Item
1468 1687 1481 1724 :
1513 1670 1622 1741 Ego
1646 1683 1692 1726 et
1726 1691 1760 1728 a
1794 1673 1955 1730 Patre

366 1749 525 1816 exivi,
551 1759 598 1804 et
633 1752 958 1809 vado.Exivi
979 1754 1278 1819 aPatre,et
1308 1761 1422 1813 ueni
1463 1761 1783 1817 inmundum
1809 1781 1827 1818 :
1852 1768 1953 1820 ite-
1988 1738 2028 1792 Β

366 1857 487 1904 tum
515 1844 754 1912 relinquo
775 1849 1046 1914 mundum,
1073 1859 1124 1902 et
1145 1850 1278 1904 vado
1305 1851 1374 1904 ad
1392 1851 1610 1909 Patrem
1626 1855 1666 1909 ³.
1690 1856 1842 1912 Adde
1859 1857 1956 1914 Pe-

367 1935 437 1996 tri
459 1936 882 1995 confessionem:
910 1940 988 2000 Tu
1012 1959 1066 1997 es
1085 1941 1327 2000 Christus
1359 1945 1533 2002 Filius
1564 1948 1658 2003 Dei
1685 1952 1726 2004 ⁵.
1766 1952 1869 2007 Sed
1897 1965 1955 2007 et

366 2023 531 2080 Pater
556 2043 586 2082 e
614 2029 786 2091 ccclo:
809 2029 911 2088 Hic
937 2042 1039 2098 est,
1063 2035 1258 2105 inquit,
1285 2035 1460 2092 Filius
1496 2056 1638 2094 meus
1655 2040 1876 2097 dilectus
1909 2045 1952 2098 ⁵.

369 2115 504 2186 Qua:
539 2133 663 2188 cum
706 2121 781 2176 ita
813 2124 942 2189 sint,
974 2141 1210 2196 cumque
1248 2137 1303 2186 et
1339 2129 1499 2186 Pater
1529 2129 1675 2195 Filii.
1701 2141 1756 2188 et
1784 2133 1956 2191 Filius

371 2208 552 2275 Patris
590 2213 658 2268 ad
682 2230 806 2269 eum
833 2216 1055 2272 modum
1086 2221 1416 2290 meminerit,
1443 2232 1498 2279 et
1526 2240 1648 2290 nos,
1673 2237 1731 2281 ut
1757 2229 1954 2283 iterum

369 2299 570 2370 dicam,
611 2304 760 2381 hisce
810 2309 1128 2369 nominibus
1179 2313 1452 2385 obsignati
1513 2316 1708 2382 simus,
1761 2319 1954 2374 iisdem

367 2392 478 2454 illis
503 2409 720 2466 semper
743 2407 979 2469 utemur,
1013 2417 1076 2458 ac
1095 2402 1367 2474 profanas
1389 2419 1584 2461 vocum
1615 2409 1884 2465 novitates
1909 2412 1952 2479 ‘,

366 2501 491 2557 qua:
524 2491 881 2565 apostolicam
920 2492 1078 2551 [idem
1107 2507 1445 2568 oppugnant,
1478 2501 1667 2571 procul
1701 2503 1954 2571 repudia-

366 2577 570 2634 bimus.
603 2578 757 2648 Quod
791 2584 938 2638 enim
981 2601 1013 2645 a
1060 2584 1222 2643 Patre
1253 2588 1461 2644 dictum
1505 2600 1610 2656 est,
1681 2589 1748 2644 In
1780 2594 1958 2661 spten-

365 2670 587 2732 doribus
641 2682 947 2735 sanctorum
992 2692 1057 2732 ex
1108 2687 1258 2734 utero
1316 2689 1438 2736 ante
1489 2682 1767 2752 luciferum
1803 2686 1956 2754 genui

362 2771 420 2832 te
454 2761 499 2829 ’,
532 2765 843 2838 necessario
871 2777 1194 2840 usurpatum
1234 2778 1339 2837 est,
1369 2782 1422 2828 et
1468 2774 1538 2829 ab
1575 2777 1958 2833 communione

367 2871 494 2923 cum
522 2860 722 2914 creatis
769 2860 933 2917 rebus
982 2859 1177 2935 Filium
1223 2862 1402 2920 Patris
1449 2865 1720 2922 abducet:
1757 2869 1849 2939 qui
1887 2870 1959 2925 ab

365 2949 489 3020 ipso
536 2966 828 3023 germanus
872 2954 1197 3025 preprieque
1245 2956 1463 3028 genitus
1509 2967 1594 3015 est
1644 2958 1849 3032 Filius;
1901 2962 1952 3018 id

2059 481 2315 542 ἀσέϐειαν
2338 482 2619 554 μεθοδείαν
2642 482 2713 536 τὰ
2735 482 2995 554 ὀνόματαο
3016 483 3103 537 ἀεὶ
3125 483 3182 536 δὲ
3210 483 3290 554 τῷ
3303 481 3400 537 τοῦ
3425 483 3645 554 Πατρδς

2061 575 2157 630 καὶ
2176 571 2307 628 Υίοῦ
2337 573 2502 638 ὁσίως
2529 573 2868 646 χρησόμεθα.
2897 573 3124 644 Πρῶτον
3155 574 3253 644 μὲν
3279 570 3374 629 οὖν
3398 574 3479 627 ὃτι
3505 575 3555 626 οἱ
3579 573 3646 640 ἐξ

2059 663 2230 718 έθνῶν
2271 661 2561 734 κληθέντες
2607 665 2709 717 οὐκ
2751 661 3162 733 ἐϐαπτίσθημεν
3209 663 3290 726 είς
3343 662 3647 732 ἀγέννητον

2060 756 2154 812 καὶ
2178 755 2457 827 γεννητὸν.
2498 753 2612 809 ἀλλ’
2648 755 2730 819 είς
2771 753 2990 826 Πατέρα
3021 756 3118 809 καὶ
3145 754 3295 808 Υἱόνο
3333 754 3527 807 ἔπειτα
3555 755 3645 808 ὅτι

2059 846 2296 918 οὐδαμοῦ
2333 846 2646 919 εὑρίσκεται
2676 847 2706 899 ὁ
2736 846 2863 910 Υἱὸς
2896 845 3136 918 εἰρηκὼς
3173 845 3268 898 τὸν
3307 843 3502 899 ἑαυτοῦ
3532 845 3646 898 Πα-

2058 939 2194 1011 τέρα
2219 938 2534 1010 ἀγέννητον,
2562 938 2698 993 ἀλλὰ
2729 938 2820 992 ἀεὶ
2850 937 3071 1008 Πατέρα
3100 934 3340 1008 εἰρηκὼς
3364 935 3456 990 τὸν
3476 937 3639 1000 Θεὸν,

2057 1029 2154 1083 καὶ
2188 1028 2277 1083 ἀεὶ
2299 1027 2489 1082 ἑαυτὸν
2521 1028 2648 1081 Υίὸν
2671 1026 2766 1081 τοῦ
2796 1025 2932 1081 Θεοῦ
2962 1026 3143 1096 (ὀλίγα
3174 1025 3218 1057 ¹⁰
3247 1041 3644 1096 παρασημειω-

2057 1120 2219 1190 τέον),
2252 1119 2544 1183 ἀκούοντες
2583 1118 2749 1173 αὑτοῦ
2800 1118 3068 1186 λέγοντος·
3111 1119 3180 1172 Ei
3228 1115 3500 1186 ἠγαπᾶτέ
3539 1133 3642 1187 με,

2055 1210 2314 1281 ἐχάρητε
2337 1210 2435 1274 ἂν,
2463 1211 2553 1264 ὅτι
2576 1211 2901 1280 πορεύομαι
2931 1210 3080 1277 πρὸς
3104 1209 3212 1262 τὸν
3240 1208 3472 1276 Πατέρα
3494 1224 3642 1277 μου·

2057 1302 2174 1366 καὶ,
2214 1305 2319 1357 Ὃν
2343 1305 2377 1357 ό
2409 1302 2614 1370 Πατὴρ
2643 1301 2861 1371 ἠνίασε
2898 1301 2998 1355 καὶ
3026 1299 3391 1355 ἀπέστειλεν
3423 1301 3511 1356 eic
3532 1297 3645 1351 τὸν

2058 1395 2311 1464 κόσμον,
2343 1394 2472 1463 ἐμοὶ
2520 1391 2762 1462 χολᾶτε,
2792 1391 2884 1446 ὅτι
2923 1380 3113 1445 εἷπον·
3159 1390 3292 1456 Υἱὸς
3319 1388 3470 1443 Θεοῦ
3497 1391 3638 1458 εἰμι’

2056 1483 2170 1547 καὶ,
2207 1483 2346 1552 Ἐγὼ
2360 1484 2427 1537 ἐκ
2449 1483 2555 1536 τοῦ
2573 1483 2798 1550 Πατρός
2817 1481 3101 1550 ἐξῆλθον,
3126 1480 3223 1534 καὶ
3247 1479 3392 1548 ἥκω.
3429 1477 3640 1546 Ἐξῆλ-

2055 1577 2163 1628 007-
2185 1573 2254 1628 ἐκ
2285 1573 2393 1630 τοῦ
2421 1572 2670 1642 Πατρός,
2699 1558 2814 1628 καί
2831 1571 3102 1638 ἐλήλυθα
3128 1572 3216 1634 εὶς
3237 1569 3347 1622 τὸν
3379 1568 3638 1636 κόσμον

2057 1661 2242 1722 πάλιν
2272 1663 2484 1733 ἀφίημι
2532 1663 2640 1716 τὸν
2684 1663 2938 1731 κόσμον,
2987 1659 3086 1714 καὶ
3128 1659 3452 1728 πορεύομαι
3485 1655 3640 1721 πρὸς

2059 1756 2165 1809 τόν
2195 1755 2445 1826 Πατέρα.
2473 1757 2583 1810 Kal.
2611 1757 2644 1827 ή
2669 1754 2926 1826 ὁμολογία
2950 1753 3006 1808 δὲ
3030 1751 3125 1806 τοῦ
3155 1752 3384 1823 Πέτρου·
3411 1749 3496 1802 Σὺ
3526 1745 3586 1802 εἴ
3603 1751 3640 1802 ό

2060 1852 2313 1920 Χριστὸς
2351 1854 2384 1905 ό
2431 1851 2564 1916 Υἱὸς
2600 1850 2708 1904 τοῦ
2748 1848 2918 1902 Θεοῦ.
2967 1848 3074 1900 Kal
3105 1848 3134 1900 ὁ
3177 1845 3364 1916 Πατὴρ
3409 1841 3635 1898 ἄνωθεν*

2064 1938 2254 2009 Οὗτός
2272 1945 2442 1996 ἐστιν
2463 1945 2494 1996 ό
2519 1944 2648 2007 Υἱός
2665 1958 2784 2009 μου
2805 1943 2838 1993 ό
2859 1939 3186 2008 ἀγαπητός.
3213 1937 3324 1989 Καὶ
3345 1934 3436 1988 διὰ
3455 1933 3638 1993 τοῦτο.

2061 2036 2248 2107 ἐπειδὴ
2295 2035 2465 2098 οὕτως
2510 2034 2606 2088 καὶ
2648 2033 2838 2100 Πατὴρ
2879 2031 3009 2084 Υίοῦ
3056 2032 3350 2100 μέμνηται,
3388 2028 3484 2080 καὶ
3512 2026 3644 2088 Yth;

2061 2131 2273 2202 Πατρὸς
2318 2131 2413 2182 καὶ
2473 2129 2531 2180 έν
2583 2126 2794 2189 τούτοις
2843 2127 2954 2188 τοῖς
3000 2123 3226 2194 ὀνόμασι
3277 2120 3466 2188 (πάλιν
3508 2118 3642 2188 ἐρῶ)

2061 2222 2528 2296 ὲσφραγίσθημεν,
2578 2219 2787 2282 τούτοις
2829 2217 2924 2270 καὶ
2961 2217 3046 2270 ἀεὶ
3097 2213 3436 2284 χρησόμεθα,
3502 2211 3643 2264 ἀπο-

2062 2316 2378 2387 κρουόμενοι
2407 2311 2506 2374 τὰς
2533 2309 2675 2364 κατὰ
2706 2309 2803 2379 τῆς
2831 2304 3192 2373 ἀποστ-δολιχῆς
3218 2303 3456 2364 πίστεως
3478 2299 3642 2370 βεϐή-

2060 2405 2185 2467 λους
2213 2400 2565 2471 κενοφωνίας.
2603 2399 2677 2452 Τὸ
2714 2402 2823 2468 γὰρ
2856 2395 3007 2466 παρὰ
3039 2395 3133 2448 τοῦ
3165 2394 3375 2466 Πατρὸς
3416 2391 3642 2463 εἰρημέ-

2061 2514 2170 2562 νον,
2204 2493 2345 2560 Ταῖς
2373 2493 2757 2562 λαμπρότησι
2784 2487 2904 2542 τῶν
2928 2487 3111 2556 ἁγίων
3134 2487 3204 2538 ἐκ
3226 2483 3491 2553 γαστρὸς
3523 2482 3641 2550 πρὸ

2059 2588 2369 2656 ἑωσφόρον
2407 2582 2710 2656 ἐγέννησά
2753 2595 2848 2646 σε,
2896 2579 3208 2649 ἀναγκαίως
3257 2578 3493 2648 εἴρηται·
3548 2575 3644 2636 καὶ

2060 2680 2260 2746 ἀπάξει
2290 2679 2390 2750 τῆς
2421 2676 2730 2746 κοινότητος
2768 2675 2868 2746 τῆς
2889 2673 3042 2744 ,πρὸς
3073 2670 3142 2724 τὰ
3170 2670 3454 2747 ποιήματα
3481 2675 3641 2745 (τοῖς)

2059 2772 2150 2826 τὸν
2181 2771 2308 2825 Υἱὸν
2331 2769 2426 2823 τοῦ
2458 2769 2694 2841 Πατρὸς,
2737 2767 2830 2820 καὶ
2859 2765 2950 2819 τὸν
2989 2764 3048 2836 ἐξ
3082 2767 3247 2823 αὐτοῦ
3293 2769 3514 2838 γνήσιον
3547 2767 3644 2820 καὶ

2064 2863 2207 2928 ἰδίως
2227 2860 2625 2935 γεγεννημένον
2640 2859 2772 2918 Υίὸν
2794 2862 2884 2918 διὰ
2901 2861 3019 2929 τοῦ,
3047 2861 3198 2914 κατὰ
3222 2861 3338 2927 τὴν
3357 2857 3638 2930 γαστέρα,

2060 2957 2323 3030 ὀνόματος
2357 2956 2720 3021 παιδεύοντος
2746 2956 2823 3019 ὡς
2847 2954 3047 3028 ὁμοίως
3074 2954 3169 3007 καὶ
3193 2956 3220 3007 ὁ
3244 2953 3392 3016 Υἱὸς,
3423 2953 3642 3020 Κύριος

332 3042 514 3119 ,ηυοά
563 3053 616 3099 et
659 3059 722 3105 ea
771 3045 937 3100 verba
982 3055 1260 3116 praestant,
1290 3065 1355 3105 ea:
1404 3061 1570 3105 utero.
1605 3053 1868 3109 Similiter
1904 3063 1957 3111 et

2061 3050 2266 3107 ἕκτισέ
2292 3067 2390 3120 με,
2422 3047 2613 3116 εἰπὼν,
2658 3048 2746 3101 ἵνα
2786 3045 3274 3116 καινοποιουμένην
3306 3043 3471 3097 αὑτοῦ
3505 3044 3642 3114 πρὸς

365 3131 540 3208 Filius
565 3149 692 3189 cum
724 3135 974 3203 dixisset,
1026 3137 1286 3198 Dominus
1312 3144 1505 3196 creavit
1540 3161 1620 3198 me
1640 3146 1683 3211 ³,
1715 3163 1782 3200 ne
1807 3162 1957 3200 com-

367 3238 590 3287 munem
634 3224 758 3294 ejus
811 3240 939 3281 cum
992 3227 1191 3286 creatis
1240 3231 1407 3286 rebus
1443 3233 1652 3287 caeteris
1702 3243 1954 3288 naturam

367 3333 494 3389 esse
519 3321 952 3389 suspicaremur,
982 3326 1298 3380 necessario
1351 3327 1624 3396 subjecit:
1666 3330 1800 3383 Ante
1845 3346 1957 3383 om-

369 3426 462 3489 nes
488 3410 647 3465 colles
675 3413 852 3481 genuit
889 3429 970 3468 me
1001 3414 1042 3468 ’.
1097 3415 1308 3481 Quibus
1346 3419 1490 3488 piam
1524 3420 1681 3475 nobis
1725 3436 1790 3474 ac
1831 3437 1958 3491 pas-

371 3487 548 3581 sionis
569 3503 748 3558 omnis
777 3513 1054 3574 expertem
1087 3506 1259 3577 ipsius
1286 3487 1355 3562 er
1383 3507 1543 3565 Patre
1562 3509 1684 3565 Filii
1712 3487 1956 3582 proprie-

372 3600 540 3656 tatem
567 3597 858 3665 expressit.
892 3596 1094 3656 Verum
1137 3602 1302 3657 semel
1351 3601 1622 3658 duntaxat
1662 3604 1842 3672 Pater,
1870 3622 1957 3663 se-

370 3686 589 3757 melque
633 3687 804 3746 Filius
849 3692 921 3746 ob
965 3691 1134 3758 illam,
1166 3709 1329 3764 quam
1377 3696 1638 3763 diximus,
1667 3701 1810 3769 piam
1863 3699 1957 3756 Dei

370 3779 815 3855 germanitatem,
857 3783 1025 3852 geniti
1069 3785 1230 3840 nobis
1277 3787 1603 3844 vocabulum
1648 3789 1956 3844 ediderunt.

369 3869 442 3932 At
495 3869 670 3927 Patris
719 3880 773 3928 et
822 3871 947 3928 Filii
995 3877 1308 3934 nominibus
1348 3879 1568 3948 plenum
1619 3890 1704 3935 est
1743 3879 1957 3938 Novum

369 3977 534 4031 omne
568 3963 1002 4021 Testamentum.

441 4053 584 4136 XXI.
624 4056 728 4111 Sed
765 4066 823 4112 ut
860 4060 1092 4129 propriis
1124 4062 1238 4116 suis
1284 4064 1428 4116 notis
1472 4079 1624 4118 novae
1662 4063 1808 4117 illius
1842 4063 1952 4118 ha:-

369 4149 509 4222 resis
552 4151 881 4208 architectos
927 4152 1242 4208 discernere
1293 4155 1591 4224 possimus,
1632 4170 1697 4210 ex
1744 4156 1950 4222 multis,

370 4255 492 4314 quae
521 4241 588 4296 de
624 4242 722 4313 illo
762 4251 1082 4316 argumento
1121 4246 1486 4314 scripserunt,
1506 4260 1698 4316 pauca,
1726 4262 1795 4300 ne
1833 4247 1953 4301 lon-

369 4332 488 4402 gior
512 4316 635 4408 sim,
661 4319 971 4406 adnotanda
999 4337 1202 4403 putavi.
1232 4335 1306 4396 Ex
1336 4336 1532 4404 quibus
1555 4336 1820 4392 Catholici
1842 4344 1956 4392 tota

2060 3146 2131 3198 τὰ
2161 3143 2326 3198 λοιπὰ
2365 3141 2640 3212 κτίσματα
2687 3137 3117 3208 ὑποπτεύσωμεν
3166 3137 3267 3207 τὴν
3314 3135 3508 3205 φύσιν,
3540 3137 3640 3188 ἐπε

2059 3237 2291 3308 ήνεγκεν
2322 3233 2658 3302 ἀναγκαίως·
2680 3231 2803 3300 Πρὸ
2832 3231 2900 3285 δὲ
2933 3230 3175 3284 πάντων·
3189 3227 3438 3293 βουνῶν
3463 3225 3643 3298 γεννᾷ

2053 3344 2151 3396 με,
2188 3325 2386 3395 εὐσεϐῆ
2424 3326 2556 3395 ἡμῖν
2581 3324 2676 3378 καὶ
2705 3321 2889 3393 ἀπαθῆ
2923 3317 3020 3392 τὴν
3051 3322 3116 3374 ὲκ
3143 3320 3279 3374 Θεοῦ
3307 3320 3519 3393 natm
3542 3323 3644 3391 τῆς

2063 3417 2313 3488 υἱότητος
2347 3416 2514 3472 αὑτοῦ
2549 3415 2756 3469 ἔννοιαν
2787 3413 3077 3485 παριστὰς.
3129 3412 3270 3465 Ἀλλ’
3307 3411 3456 3476 ἅπαξ
3490 3411 3590 3482 μὲν
3614 3409 3644 3464 6

2064 3509 2255 3581 Πατὴρ
2287 3509 2382 3563 καὶ
2402 3507 2549 3572 ἅπαξ
2581 3510 2608 3561 ὁ
2632 3506 2760 3570 Υἱὸς
2779 3506 2867 3560 διὰ
2888 3506 2988 3576 τὴν
3008 3505 3418 3578 προειρημένην
3445 3502 3643 3574 εὐσεϐῆ

2064 3598 2393 3670 γνησιὸτητα
2445 3599 2540 3651 τοῦ
2593 3596 2728 3650 Θεοῦ
2775 3597 2835 3650 τὸ
2889 3597 3143 3669 γεννητὸν
3197 3598 3329 3668 ἡμῖν
3373 3593 3640 3661 ὲξέθεντοτ

2065 3691 2214 3744 πᾶσα
2255 3689 2312 3742 δὲ
2350 3692 2383 3762 ἡ
2426 3689 2603 3767 Καινὴ
2647 3689 2886 3762 Διαθήκη
2935 3688 3094 3762 γέμει
3131 3685 3344 3758 Πατρὸς
3387 3687 3481 3740 καὶ
3511 3684 3644 3740 Υίοῦ

2062 3782 2359 3852 ὀνομάτων.

2137 4054 2268 4106 KA'.
2309 4053 2425 4105 Ἵνα
2450 4052 2506 4104 δὲ
2527 4049 2634 4103 ἀπὸ
2657 4048 2767 4101 τῶν
2805 4049 2951 4102 ἰδίων
2982 4047 3360 4118 γνωρισθῶσιν
3385 4047 3437 4100 οἱ
3465 4064 3647 4101 καινοιν

2065 4144 2360 4216 τομοῦντες
2395 4144 2495 4215 τὴν
2537 4145 2779 4216 αἵρεσιν,
2818 4145 2883 4195 ἐκ
2926 4141 3137 4194 πολλῶν
3163 4141 3272 4194 τῶν
3308 4141 3440 4213 παρ’
3465 4139 3645 4194 αὐτῶν

2066 4239 2146 4302 είς
2188 4237 2288 4309 τὴν
2327 4237 2583 4290 ὑπόθεσιν
2615 4235 3018 4308 γεγραμμένων
3061 4235 3219 4302 ὀλίγα
3249 4233 3340 4287 διὰ
3371 4234 3434 4287 τὸ
3471 4233 3647 4303 μῆκος

2068 4328 2660 4401 παρεσημειωσάμεθα·
2704 4330 2795 4398 ἀφ’
2825 4320 2902 4382 ὧν
2938 4327 3058 4381 ὅλον
3086 4327 3137 4380 oi
3168 4325 3450 4379 καθολικοὶ
3477 4341 3646 4378 κατα-

371 4422 520 4500 illius
548 4423 968 4493 haeresismente
987 4434 1292 4497 perspecta,
1312 4428 1646 4494 necessario,
1668 4436 1725 4482 ut
1744 4429 1957 4500 opinor,

2071 4420 2334 4492 μαθόντες
2359 4420 2450 4473 τὸν
2483 4418 2608 4474 νοῦν
2635 4421 2734 4492 τῆς
2772 4419 3059 4490 αἱρέσεως,
3104 4417 3438 4487 ἀναγκαίως,
3467 4413 3640 4485 οἶμαι,

370 4499 849 4591 statuentzaﬁs
884 4519 978 4584 qui
1030 4517 1145 4570 haec
1197 4518 1516 4588 scripserint
1543 4561 1558 4584 ,
1616 4499 1803 4574 eadem
1844 4521 1962 4590 ipsa

369 4602 694 4669 damnasse;
733 4607 788 4657 et
816 4604 1048 4672 ipsamet
1095 4606 1349 4678 dogmata
1398 4624 1498 4664 sua
1544 4609 1615 4664 ab
1651 4610 1964 4679 apostolica:

370 4693 494 4749 ﬁdei
529 4695 810 4775 consortio
850 4697 1099 4775 rejicere.
1152 4699 1259 4755 Sed
1306 4708 1361 4755 et
1411 4715 1504 4756 eos
1547 4699 1828 4766 damnare,
1866 4704 1960 4772 qui

369 4783 558 4840 eadem
594 4772 780 4842 secum
810 4772 1047 4843 sentiant
1074 4805 1137 4844 ac
1160 4790 1410 4846 doceant.
1441 4791 1716 4863 Siquidem
1757 4793 1810 4847 in
1847 4795 1961 4850 haec

368 4875 536 4931 verba
583 4877 958 4955 scripserunt:
991 4899 1009 4930 ι
1045 4880 1176 4942 Nam
1208 4883 1467 4952 praeclara
1521 4882 1730 4936 scilicet
1779 4883 1961 4940 divina

365 4969 541 5048 verba
562 4972 972 5030 communicare
1002 4957 1284 5030 vobiscum
1307 4990 1468 5044 quam
1497 4975 1822 5050 brevissimo
1852 4990 1962 5031 ser-

365 5075 539 5124 mone.
571 5062 855 5135 constitui.
906 5059 1228 5135 Quicunque
1277 5067 1597 5137 substantia:
1645 5067 1959 5122 similitudi-

331 5135 344 5160 "
367 5164 491 5203 nem
529 5166 752 5212 servare
791 5169 917 5221 eum
967 5153 1125 5211 Patre
1159 5153 1356 5214 Filium
1399 5135 1614 5228 putant,
1662 5173 1692 5211 a
1731 5161 1962 5217 veritate

369 5240 586 5312 lpngius
617 5245 966 5316 aberrarunt,
989 5231 1065 5301 eo
1092 5230 1234 5317 quod
1267 5234 1630 5324 appellatione
1657 5250 1784 5323 ipsa,
1804 5250 1959 5318 inge-

370 5332 491 5411 ngiti,
519 5336 695 5392 simile
717 5338 1019 5392 secundum
1057 5352 1302 5394 naturam
1337 5344 1727 5397 condemnant.
1761 5361 1778 5392 ι
1816 5343 1962 5394 Rur-

372 5425 564 5485 snsita
590 5427 904 5497 disputant:
944 5449 962 5479 ‹
986 5428 1155 5485 Filius
1197 5447 1358 5500 porro
1393 5432 1742 5502 generatione
1782 5431 1962 5510 minor

441 5611 461 5642 ⁵
492 5609 646 5666 Joan.
682 5629 788 5673 xiv,
819 5614 907 5667 28.
985 5615 1005 5643 ¹
1034 5611 1191 5666 Joan.
1226 5629 1278 5676 χ,
1310 5613 1396 5667 ⁸56.
1477 5613 1496 5644 ³
1526 5611 1681 5666 Joan.
1715 5629 1822 5670 ενι.
1865 5612 1953 5666 28.

372 5693 453 5756 ut,
473 5681 566 5754 20,
643 5683 661 5713 τ
702 5681 846 5755 Psal.
878 5698 990 5752 crx,
1016 5684 1069 5737 5.
1142 5686 1163 5716 ⁸
1198 5681 1359 5750 Prov.
1383 5682 1609 5758 “11,22.
1687 5684 1706 5715 °
1735 5683 1866 5756 ibid.
1892 5684 1983 5754 25.

2066 4512 2309 4584 κρινοῦσι
2337 4513 2463 4575 τοὺς
2494 4512 2666 4565 ταῦτα
2699 4511 3014 4583 γράψαντας
3052 4508 3448 4580 ἀναθεματίσαι
3480 4505 3641 4568 αὐτὰ,

2067 4605 2162 4660 καὶ
2196 4604 2394 4667 αὐτοὺς
2426 4604 2495 4657 τὰ
2527 4603 2735 4658 ἑαυτῶν
2762 4603 3012 4656 ἐκϐαλεῖν
3042 4602 3142 4672 τῆς
3165 4599 3526 4669 ἀποστολικῆς
3556 4597 3645 4650 πί-

2066 4715 2253 4762 στεως·
2298 4697 2693 4769 ὰναθεματίσαι
2740 4697 2798 4749 δὲ
2841 4697 2937 4749 καὶ
2975 4697 3110 4759 τοὺς·
3145 4694 3216 4748 τὰ
3263 4692 3403 4746 αὐτὰ
3460 4691 3642 4754 αὐτοῖς

2065 4790 2396 4862 φρονοῦντας
2436 4789 2532 4842 καὶ
2564 4788 2932 4852 διδάσκοντας.
2985 4788 3260 4858 Γρὰφουσι
3301 4785 3410 4856 γὰρ
3453 4785 3643 4846 αὐταῖς

2062 4884 2271 4951 λέξεσιν
2300 4882 2489 4948 οὕτως’
2522 4900 2540 4934 ι
2573 4882 2646 4934 Τὸ
2669 4881 2774 4953 γὰρ
2805 4879 3126 4952 μεταδοῦναι
3154 4879 3281 4950 ὑμῖν
3301 4877 3410 4930 τῶν
3444 4879 3500 4929 ὲν
3526 4872 3644 4950 Θεῷ

2064 4977 2326 5050 ῥημάτων
2351 4976 2654 5030 καλλίστων
2681 4975 2750 5029 τὰ
2783 4975 3015 5046 μάλιστα
3043 4972 3131 5026 διὰ
3153 4971 3395 5044 βραχέων
3424 4966 3642 5042 προεθυ-

2065 5067 2264 5139 μήθην.
2297 5067 2452 5119 Ὅσοι
2483 5067 2583 5136 τὴν
2621 5067 2742 5119 κατ’
2773 5065 2962 5118 οὐσίαν
3004 5063 3297 5133 ὁμοιότητα
3336 5057 3642 5122 ἀποσώζειν

2056 5159 2147 5211 τὸν
2176 5157 2303 5211 Υῐὸν
2343 5157 2420 5228 τῷ
2465 5158 2639 5228 Πατρὶ
2685 5155 3183 5226 ὑπολαμϐάνουσιν,
3230 5153 3335 5219 ἔξω
3376 5153 3478 5224 τῆς
3507 5152 3640 5222 ἀλη-

2059 5247 2208 5312 θείας
2266 5247 2552 5319 βεϐήκασι,
2613 5247 2703 5300 διὰ
2756 5247 2855 5317 τῆς
2911 5247 3210 5316 ἀγεννήτου
3266 5244 3640 5316 προσηγορίας

2059 5337 2493 5410 κατηγοροῦντες
2532 5336 2626 5390 τοῦ
2657 5337 2845 5408 ὁμοίου
2885 5337 3004 5390 κατ’
3036 5337 3242 5392 οὐσίαν.
3286 5357 3303 5387 ι
3343 5336 3455 5390 Καὶ
3483 5336 3640 5389 πάλιν

2059 5428 2293 5500 ἐροῦσιν·
2333 5447 2351 5480 ‹
2401 5429 2458 5480 Ὁ
2479 5427 2533 5480 δὲ
2561 5428 2688 5492 Υἱὸς
2720 5428 2958 5482 ἐλάττων
2988 5428 3253 5497 γενέσεως
3279 5429 3376 5480 καὶ
3407 5427 3522 5482 ἔστι
3547 5425 3637 5480 καὶ

2031 5614 2052 5646 ’⁸
2083 5613 2272 5668 Matth.
2304 5629 2414 5680 τινι,
2446 5615 2529 5670 16.
2607 5618 2628 5647 ⁵
2662 5615 2851 5672 Matth.
2878 5631 2958 5680 ιιι,
2986 5615 3052 5669 17
3077 5633 3091 5677 ;
3115 5631 3248 5677 xvu,
3283 5615 3335 5670 5.
3415 5616 3434 5645 ⁸
3457 5613 3473 5667 l
3498 5613 3634 5667 Tim.

2064 5686 2107 5715 ¹⁰
2145 5683 2207 5749 F.
2235 5685 2393 5755 ὀλίγα
2434 5685 2489 5739 δὲ
2520 5703 2687 5758 παρα.
2733 5697 2787 5743 et
2814 5686 3124 5758 parenthesi
3157 5684 3481 5742 includenda
3513 5686 3631 5739 ista.
