3990 6228
344 277 448 335 441
1061 276 1431 335 ADVERSUS
1477 279 1818 340 IIERESES
1844 285 1971 342 LIB.
2008 286 2099 343 lll.
2131 285 2302 343 TOM.
2344 287 2385 342 Ι.
2410 285 2765 343 —llA£RES.
2807 287 3045 343 LXXIII.
3523 286 3637 349 M2

348 390 717 462 ὡμολόγηται.
766 391 880 446 Οὐκ
933 391 1045 465 ἄρα
1094 395 1196 464 τὴν
1241 396 1361 469 κατ’
1409 399 1600 453 οὐσίαν
1648 401 1940 472 ὁμοιότητα

2047 411 2145 469 est,
2174 411 2229 456 et
2259 417 2385 458 esse
2411 401 2635 457 dicitur.
2684 399 2803 454 Non
2843 401 3010 471 igitur
3060 408 3271 455 natura:
3319 398 3633 456 similitudi-

349 481 663 547 ἀποσώζειν
689 483 705 513 ¹
738 482 874 556 πρὸς
900 483 960 537 τὸ
990 484 1303 557 ἀγέννητον.
1350 488 1649 555 Ἀποσώζει
1668 492 1726 545 δὲ
1751 492 1942 563 ἀκραι-

348 576 461 645 φνῆ
490 574 675 646 φέρων
704 576 762 628 ὲν
786 579 853 648 τῇ
886 577 1065 651 οἰκείᾳ
1095 578 1390 634 ὑποστάσει
1408 581 1507 654 τὴν
1526 583 1621 637 τοῦ
1650 583 1787 638 Θεοῦ
1816 584 1941 655 βού·

346 672 535 735 λησιν.
568 666 781 720 Οὐκοῦν
816 668 1112 740 ὁμοιότητα
1139 668 1414 737 διασώζει,
1458 673 1519 728 οὐ
1554 674 1696 729 κατὰ
1728 673 1827 747 τὴν
1852 675 1942 728 οὐ·

348 757 502 823 σίαν,
532 756 671 811 ἀλλὰ
703 760 848 814 κατὰ
876 759 971 814 τόν
995 760 1096 831 τῆς
1124 761 1395 833 θελήσεως
1427 764 1604 834 λόγον,
1635 761 1748 821 οἷον
1772 770 1793 799 ¹
1824 767 1943 838 ἡθέ·

351 853 519 919 λησεν
541 850 902 922 ὑπεστήσατο.
930 871 950 904 ι
975 852 1086 906 Καὶ
1107 854 1291 909 πάλιν·
1317 875 1335 908 ι
1364 857 1492 922 Πῶς
1514 859 1637 929 οὐχί
1662 859 1758 913 καὶ
1780 860 1943 922 αὐτός

354 959 451 1011 μοι
498 943 902 1014 συνομολογεῖς,
951 945 1032 999 ὅτι
1082 947 1202 1000 κατ’
1237 947 1424 1002 οὐσίαν
1452 950 1552 1004 οὐκ
1584 950 1730 1005 ἔστιν
1760 954 1789 1006 ὁ
1816 952 1945 1016 Υἱὸς

353 1035 545 1104 ὅμοιος
569 1034 649 1104 τῷ
677 1036 884 1106 Πατρί;
915 1056 933 1088 ι
957 1038 1065 1092 Καὶ
1094 1038 1274 1092 πάλιν·
1310 1060 1329 1092 ι
1361 1041 1531 1096 Ὅταν
1549 1043 1613 1114 δὴ
1632 1045 1660 1097 ὁ
1686 1044 1784 1115 μὲν
1812 1044 1943 1109 Υίὺς

353 1126 716 1198 ἁτελεύτητος
743 1128 1110 1200 ὁμολογεῖται,
1145 1133 1247 1186 οὐκ
1278 1135 1342 1187 ἐκ
1380 1135 1479 1206 τῆς
1499 1136 1709 1200 οἰκείας
1730 1137 1944 1207 φύσεως

353 1220 417 1271 τὸ
440 1220 538 1289 ζῇν
564 1220 722 1290 ἔχων,
758 1222 872 1275 ἀλλ’
901 1223 966 1276 ὲκ
1001 1223 1101 1293 τῆς
1144 1224 1239 1278 τοῦ
1273 1227 1570 1297 ἀγεννήτω
1604 1229 1873 1297 ἐξουσίαςσ
1906 1232 1940 1300 ἡ

353 1308 399 1365 δ’
443 1308 737 1379 ἀγέννητος
794 1310 955 1379 φύσις
1012 1312 1389 1386 ὰτελευτήτως
1450 1318 1633 1389 πάσης
1696 1318 1943 1384 ἐξουσίας

358 1400 631 1469 κρείττων
665 1402 801 1453 ὲστί·
837 1402 956 1467 πῶς
988 1403 1136 1474 δῆλοί
1163 1407 1301 1458 εἰσιν
1328 1409 1375 1460 οἱ
1399 1409 1635 1473 ἀσεϐεῖς,
1667 1412 1942 1481 ὁμοιότητι

353 1492 544 1555 οὐσίας
577 1492 637 1545 τὸ
678 1494 1015 1565 ὲτεροούσιον
1064 1497 1162 1567 τῆς
1207 1498 1489 1565 εὐσεϐείας
1533 1503 1946 1567 ὲναλλάττοντες

353 1584 655 1654 κήρυγμα;
688 1602 710 1636 ι
744 1587 855 1639 Καὶ
880 1588 1063 1641 πάλινο
1093 1607 1112 1640 ι
1149 1590 1240 1643 Διὸ
1278 1591 1339 1644 τὸ
1366 1591 1537 1662 ὄνομα
1574 1594 1603 1645 ὁ
1634 1592 1820 1665 Πατὴρ
1853 1595 1947 1647 οὐ·

352 1672 482 1735 σίας
512 1674 613 1726 οὐκ
639 1674 755 1727 ἐστι
787 1675 1103 1745 δηλωτικὸν,
1127 1678 1241 1732 ἀλλ’
1266 1679 1533 1745 ἐξουσίας,
1559 1682 1944 1753 ὑποστησάσης

2038 510 2162 550 nem
2185 509 2410 565 servare
2437 507 2562 549 cum
2588 493 2832 556 ingenito
2866 500 3061 562 potest.
3088 491 3294 547 Verum
3321 491 3414 550 Dei
3440 493 3633 548 volun-

2042 595 2232 652 tatem,
2256 601 2422 658 quam
2471 586 2527 641 in
2569 586 2789 656 propria
2836 585 3118 656 hypostasi
3169 588 3434 657 integram
3468 587 3634 642 habet

2041 692 2131 734 ac‘
2167 678 2473 739 sinceram,
2515 683 2825 731 conservat.
2886 673 3158 740 Quocirca
3216 676 3633 732 similitudinem

2042 769 2262 841 quidem
2306 774 2638 831 conservat;
2685 765 2777 823 sed
2823 781 2933 820 non
2975 766 3029 820 in
3077 775 3292 830 natura,
3340 783 3526 823 verum
3576 768 3631 822 in

2043 861 2325 916 voluntate
2348 859 2605 929 positam,
2633 873 2700 913 eo
2741 856 2885 927 quod
2916 857 3129 925 qualem
3162 857 3335 923 voluit
3362 859 3478 928 ipse
3508 872 3634 927 pro-

2042 953 2216 1009 duxit.
2252 970 2270 1001 ι
2305 951 2369 1005 Ει
2400 965 2618 1006 rursum
2646 968 2660 1005 :
2693 970 2713 1002 ι
2753 949 3038 1016 Quomodo
3065 964 3170 1002 non
3193 958 3243 1003 et
3272 964 3483 1005 mecum
3514 950 3631 1018 ipse

2042 1044 2251 1110 fateris,
2276 1042 2476 1098 Filium
2496 1041 2642 1097 Patri
2670 1052 2864 1097 natura
2888 1057 2995 1095 non
3014 1056 3136 1096 esse
3153 1041 3421 1095 similem?
3444 1060 3462 1091 ι
3491 1039 3633 1094 Bur-

2042 1151 2205 1193 sum:
2245 1154 2263 1187 ‹
2288 1135 2423 1189 Cum
2471 1132 2643 1189 Filius
2679 1134 2828 1188 exitu
2861 1147 3052 1187 carere
3091 1131 3241 1185 omni
3282 1131 3515 1192 dicatur,
3540 1132 3633 1199 qui

2044 1228 2206 1283 vitam
2238 1226 2460 1297 propria
2490 1241 2553 1280 ex
2588 1233 2781 1279 natura
2814 1240 2922 1279 non
2962 1223 3144 1288 habet,
3184 1221 3279 1277 sed
3309 1237 3375 1277 ex
3409 1222 3634 1291 ingeniti

2041 1328 2340 1390 potestate;
2390 1317 2631 1386 ingenita
2690 1331 2854 1385 porro
2918 1321 3117 1368 natura
3172 1314 3293 1369 sine
3358 1312 3469 1367 ullo
3527 1313 3634 1366 fine

2043 1412 2190 1466 omni
2220 1412 2290 1466 sit
2320 1416 2587 1482 potestate
2631 1408 2904 1478 superior,
2934 1421 3116 1462 nonne
3157 1404 3448 1461 manifeste
3483 1404 3633 1473 impii

2042 1520 2165 1561 sese
2187 1503 2437 1558 homines
2492 1500 2750 1571 produnt,
2804 1500 2933 1553 dum
2983 1498 3235 1554 essentia:
3276 1494 3635 1552 similitudine

2041 1596 2271 1651 diversae
2309 1592 2629 1649 substantiae
2680 1590 2900 1660 dogma.
2927 1589 3072 1659 quod
3108 1588 3295 1659 pietati
3336 1593 3633 1642 consenta-

2044 1699 2206 1739 neum
2256 1691 2360 1745 est,
2391 1681 2766 1737 commutant?
2798 1694 2816 1731 ι
2850 1679 3071 1744 Deinde,
3109 1700 3126 1731 ι
3147 1678 3460 1749 Propterea,
3543 1680 3630 1734 in-

352 1766 451 1820 τὸν
480 1766 607 1821 Υίὸν
634 1768 741 1839 πρὸ
768 1767 979 1823 αἰώνων
1007 1771 1141 1825 Θεὸν
1164 1773 1335 1841 Λόγον
1362 1774 1735 1855 ἁτελευτήτως
1754 1771 1822 1846 ἦν
1840 1776 1860 1806 ³
1884 1777 1941 1829 ὲν

2047 1777 2259 1846 quiunt,
2333 1774 2512 1829 Patris
2538 1788 2737 1828 nomen
2786 1771 3147 1828 substantiam
3183 1786 3292 1825 non
3327 1769 3618 1841 significat,

352 1859 508 1930 αὐτῷ
538 1860 896 1931 δωρηθεῖσαν,
944 1864 1010 1934 ἢν
1056 1863 1195 1935 ἔχων
1241 1866 1474 1919 διατελεῖ
1520 1867 1709 1922 οὐσίαν
1751 1886 1812 1921 τε
1850 1870 1944 1922 καὶ

2047 1862 2140 1919 sed
2163 1871 2484 1934 potestatem
2505 1878 2518 1915 :
2546 1877 2669 1932 quae
2687 1860 2881 1914 Filium
2895 1868 3021 1915 ante
3043 1861 3240 1915 saecula
3258 1861 3440 1913 omnia
3463 1859 3632 1914 Deum

351 1949 633 2013 ἐξουσίαν.
680 1972 698 2004 ι
737 1954 848 2006 Καὶ
883 1954 1066 2011 πάλινο
1106 1974 1125 2007 ι
1163 1957 1365 2021 Οὐσίας
1393 1951 1533 2012 εἶναι
1568 1958 1850 2029 βούλονται
1883 1961 1944 2013 τὸ

350 2042 562 2109 Πατὴρ
596 2042 914 2114 δηλωτικὸν,
955 2045 1069 2098 ἀλλ’
1116 2047 1218 2101 οὐκ
1272 2048 1540 2114 ἐξουσίας,
1595 2049 1674 2121 τῷ
1718 2052 1894 2122 Πατρὶ
1921 2051 1945 2084 δ

348 2129 585 2200 ὀνόματι
619 2132 711 2185 καὶ
737 2132 837 2205 τὴν
852 2132 947 2186 τοῦ
972 2134 1312 2204 Μονογενοῢς
1343 2138 1643 2194 ὑπόστασιν
1677 2156 1945 2211 προσαγο-

351 2224 692 2297 ρευέτωσαν.
729 2245 749 2278 ι

428 2490 559 2545 KB'.
603 2491 869 2563 Ἐροῦμεν
911 2492 1007 2548 νῦν
1038 2493 1174 2564 πρὸς
1202 2494 1329 2557 τοὺς
1366 2492 1460 2547 νῦν
1498 2494 1828 2565 αίρετικοὺς,
1860 2495 1943 2549 ὅτι

361 2581 556 2651 Ὑμεῖς
606 2581 881 2652 ἐγράψατε
929 2583 1114 2654 ὅμοιον
1159 2583 1302 2638 κατὰ
1360 2582 1633 2654 βούλησιν,
1689 2584 1943 2655 ἀνόμοιον

350 2674 480 2728 κατ’
511 2675 718 2728 οὐσίαν·
761 2674 842 2728 διὸ
877 2676 1040 2746 ἡμεῖς
1081 2674 1522 2747 ἀντεγράψαμεν,
1555 2677 1636 2730 ὃτι
1665 2677 1848 2747 ὅμοιος
1880 2677 1941 2729 οὐ

350 2765 503 2821 κατὰ
534 2762 767 2834 μίμησιν
798 2765 980 2835 μόνον,
1011 2765 1147 2820 ἀλλὰ
1189 2766 1280 2819 καὶ
1317 2768 1439 2820 κατ’
1472 2767 1678 2821 οὐσίαν.
1726 2768 1942 2839 Ἐπειδὴ

350 2855 538 2910 τοίνυν
586 2857 793 2926 πρῶτοι
846 2857 1006 2928 ὑμεῖς
1063 2856 1253 2921 οὐσίας
1304 2857 1637 2929 ἐμνήσθητε,
1694 2857 1945 2928 λέγοντες

351 2948 614 3018 ἀνόμοιον
643 2952 764 3002 κατ’
797 2950 1007 3014 οὐσίαν,
1044 2951 1138 3003 καὶ
1165 2949 1254 3004 διὰ
1284 2950 1444 3003 τοῦτο
1484 2951 1814 3016 σπουδάζετε
1844 2952 1944 3021 ἀρ-

356 3038 521 3110 θῆναι
552 3039 613 3093 τὸ
635 3039 807 3111 ὄνομα
828 3042 928 3112 τῆς
956 3041 1165 3105 οὐσίας,
1192 3043 1278 3095 ἵνα
1304 3042 1448 3096 κατὰ
1479 3042 1730 3114 βούλησιν
1758 3044 1943 3114 ὅμοιον

355 3125 503 3184 εἶναι
542 3130 703 3201 μόνον
728 3130 939 3200 λέγοιτε
976 3133 1066 3186 τὸν
1103 3133 1252 3199 Υἱὸν,
1285 3136 1335 3186 εἰ
1372 3132 1588 3204 ἀληθῶς
1630 3133 1939 3187 συντίθεσθε
1971 3187 2012 3206 η

356 3221 505 3278 κατὰ
532 3222 707 3277 πάντα
736 3224 920 3293 ὅμοιον
959 3225 1050 3278 τὸν
1083 3225 1209 3278 Υἰὸν
1248 3224 1326 3297 τῷ
1372 3226 1569 3296 Πατρὶ,
1612 3225 1940 3297 ἀναθεματίο

361 3330 498 3369 σατε
528 3317 655 3380 τοὺς
699 3316 962 3387 διαφορὰν
1003 3317 1259 3385 λέγοντας
1301 3318 1637 3388 ὁμοιότητος
1672 3319 1768 3372 καὶ
1805 3320 1944 3391 γρά-

358 3407 502 3477 ψατε
529 3407 723 3472 οὕτως,
773 3410 856 3463 ὅτι
890 3408 957 3461 Εἴ
976 3426 1063 3473 τις
1098 3408 1171 3480 μὴ
1198 3409 1341 3463 κατὰ
1363 3409 1540 3463 πάντα
1580 3408 1730 3479 λέγοι
1757 3413 1943 3482 ὅμοιον

358 3499 454 3553 τὸν
484 3499 611 3553 Υίὸν
635 3499 713 3571 τῷ
743 3500 939 3571 Πατρὶ,
972 3500 1047 3564 ὡς
1084 3500 1197 3553 υἱὸν
1247 3501 1433 3572 πατρὶ,
1486 3500 1624 3555 ἀλλὰ
1671 3502 1810 3556 κατά
1842 3505 1945 3574 μὲν

362 3591 621 3664 βούλησιν
650 3592 798 3661 λέγοι
828 3593 1033 3662 ὅμοιον,
1074 3591 1218 3647 κατὰ
1250 3592 1307 3645 δὲ
1331 3592 1430 3663 τὴν
1456 3593 1645 3646 οὐσίαν
1670 3594 1941 3664 ἀνόμοιον,

360 3680 615 3751 ἀνάθεμα
648 3680 807 3735 ἔστω.
840 3681 950 3734 Καὶ
990 3680 1130 3751 μετὰ
1160 3679 1336 3735 ταῦτα
1364 3682 1414 3733 εί
1443 3680 1724 3752 βούλονται
1755 3683 1943 3747 οὐσίας

360 3771 626 3843 ὀνόματος
670 3770 1000 3844 μεμνῆσθαι,
1033 3773 1130 3826 καὶ
1165 3770 1417 3825 ἀθετοῦσι
1448 3772 1547 3837 τὰς
1573 3772 1782 3827 ἑαυτῶν
1805 3773 1941 3826 ὐπο-

361 3865 605 3935 γραφὰς,
653 3863 839 3927 οὐσίας
886 3862 1163 3934 πανταχοῦ
1209 3864 1699 3935 μνημονεύσαντες,
1743 3867 1836 3918 καί
1872 3866 1944 3920 τὰ

359 3954 477 4008 τῶν
516 3954 776 4025 Πατέρων
824 3953 1278 4023 όμολογείτωσαν,
1339 3951 1416 4023 μὴ
1468 3952 1626 4022 μόνον
1663 3952 1805 4006 κατὰ
1843 3953 1942 4024 τὴν

364 4043 641 4115 βούλησιν,
685 4042 821 4097 ἀλλὰ
853 4041 995 4096 κατὰ
1023 4042 1081 4095 τὸ
1113 4036 1271 4107 εἶναι,
1323 4042 1418 4094 καὶ
1446 4041 1586 4096 κατὰ
1624 4042 1938 4109 ὑφεστάναι,

362 4136 460 4193 καὶ
502 4134 644 4188 κατὰ
682 4134 743 4188 τὸ
788 4134 1054 4205 ὑπάρχειν
1084 4132 1224 4187 κατὰ
1252 4131 1433 4186 πάντα
1470 4132 1727 4197 καθάπαξ
1753 4134 1940 4204 ὅμοιον

358 4223 503 4281 εἶναι
530 4225 623 4279 τὸν
654 4225 782 4279 Υίὸν
810 4225 1006 4296 lla-cpi,
1038 4224 1114 4287 ὡς
1139 4224 1254 4279 υίὸν
1282 4225 1472 4295 πατρὶ,
1499 4222 1684 4287 καθὼς
1712 4226 1769 4277 αἱ
1799 4224 1941 4278 θεῖαι

358 4319 583 4387 λέγουσι
611 4316 847 4389 Γραφαί.

2047 1953 2279 2010 Verbum
2318 1954 2597 2024 produxit,
2625 1952 2719 2023 qui
2778 1952 3140 2007 substantiam
3181 1952 3326 2004 illam
3375 1965 3439 2005 ac
3485 1956 3635 2020 pote-

2042 2052 2236 2102 statem
2263 2045 2368 2101 sibi
2404 2046 2458 2098 in
2487 2054 2752 2099 aeternum
2778 2041 3234 2098 communicatam
3259 2041 3313 2094 in
3347 2056 3469 2095 sese
3497 2055 3633 2095 cou-

2045 2138 2201 2193 tinet.
2234 2155 2254 2188 ι
2277 2136 2513 2206 Pergunt
2534 2138 2730 2189 iterum
2766 2153 2779 2189 :
2822 2152 2842 2185 ι
2875 2132 2930 2188 Si
2952 2132 3132 2187 Patris
3161 2132 3481 2186 vocabulum
3500 2132 3624 2186 sub-

2043 2228 2299 2285 stantiam
2350 2226 2677 2297 signiﬁcare.
2708 2240 2818 2279 non
2853 2231 3174 2294 potestatem
3219 2223 3408 2286 velint,
3441 2222 3632 2276 eadem

2043 2324 2162 2393 ipsa
2203 2320 2381 2375 Patris
2425 2333 2557 2374 voce
2587 2316 2861 2388 Unigeniti
2908 2330 3127 2386 quoque
3172 2328 3458 2384 personam
3506 2312 3633 2367 licet

2044 2412 2337 2482 appellent.
2375 2429 2392 2461 ι

2113 2501 2280 2557 XXII.
2314 2501 2422 2557 Sed
2463 2501 2725 2558 adversus
2770 2515 2941 2554 novos
2981 2500 3116 2555 istos
3152 2496 3437 2552 hereticos
3485 2494 3631 2548 [tune

2044 2597 2100 2651 in
2150 2595 2370 2651 modum
2416 2595 2819 2666 disputabimus
2862 2612 2875 2647 :
2935 2592 3207 2661 Scriptum
3266 2605 3296 2643 a
3344 2588 3500 2642 vobis
3546 2592 3633 2641 est

2044 2687 2277 2743 similem
2304 2701 2427 2742 esse
2453 2687 2736 2741 voluntate
2774 2683 2994 2749 Filium,
3031 2682 3336 2739 substantia
3388 2678 3633 2734 dissimi-

2044 2778 2149 2833 lem
2176 2796 2191 2833 :
2227 2778 2372 2832 unde
2397 2778 2528 2832 illud
2559 2785 2749 2832 contra
2777 2777 3121 2846 scripsimus,
3147 2789 3256 2827 non
3293 2772 3409 2827 sola
3434 2771 3632 2825 volun-

2045 2873 2176 2930 tate,
2210 2867 2305 2922 sed
2334 2874 2389 2920 et
2418 2866 2729 2923 substantia
2763 2866 2994 2919 similem
3025 2880 3168 2920 esse.
3215 2861 3484 2928 Quoniam
3533 2860 3632 2929 igi-

2045 2964 2136 3010 tur
2168 2956 2329 3025 primi
2361 2956 2682 3011 substantite
2723 2954 3053 3009 mentionem
3097 2951 3327 3015 fecistis,
3358 2964 3483 3003 cum
3515 2946 3633 3003 dis-

2046 3047 2277 3102 similem
2312 3062 2436 3102 esse
2464 3046 2771 3102 substantia
2794 3043 3079 3109 dixeritis;
3120 3054 3282 3111 atque
3334 3038 3457 3099 ideo
3498 3038 3633 3093 sub-

2048 3139 2261 3194 stantiae
2292 3154 2488 3194 nomen
2521 3154 2553 3194 e
2582 3138 2760 3192 medio
2806 3137 2996 3191 tollere
3027 3133 3295 3189 studeatis
3323 3151 3337 3187 :
3375 3148 3483 3201 quo
3517 3132 3631 3185 sola

2046 3233 2324 3287 voluntate
2375 3231 2609 3286 similem
2660 3244 2783 3285 esse
2835 3226 3143 3282 defendatis
3192 3223 3425 3286 Filium,
3477 3222 3525 3276 si
3566 3236 3631 3278 ex

2045 3321 2212 3375 animi
2258 3320 2422 3376 vestri
2476 3319 2747 3374 sententia
2796 3316 3029 3372 similem
3090 3315 3146 3369 in
3197 3313 3452 3368 omnibus
3510 3326 3633 3366 esse

2045 3410 2193 3465 Patri
2226 3410 2394 3482 869
2418 3408 2618 3465 Filium
2651 3410 2928 3472 statuatis,
2957 3409 3211 3462 damnate
3248 3406 3373 3459 illos
3403 3403 3632 3458 anathe-

2046 3510 2213 3564 mate,
2262 3502 2357 3571 qui
2401 3500 2776 3558 similitudinis
2825 3499 3120 3554 discrimen
3170 3502 3509 3568 agnoscunt;
3553 3502 3634 3547 at-

2046 3608 2155 3663 que
2184 3592 2256 3645 ita
2286 3592 2566 3647 scribitote
2592 3611 2604 3646 :
2644 3590 2702 3646 Si
2730 3592 2857 3661 quis
2886 3607 2995 3646 non
3024 3591 3077 3645 in
3111 3590 3368 3645 omnibus
3400 3586 3635 3642 similem
3722 3616 3737 3625 ι

2046 3700 2170 3741 esse
2212 3683 2360 3739 Patri
2403 3681 2600 3737 Filium
2629 3682 2849 3747 dixerit,
2883 3682 3339 3753 quemadmodum
3378 3680 3521 3750 patri
3550 3680 3630 3734 si—

2047 3774 2194 3830 milis
2248 3783 2332 3830 est
2369 3774 2542 3839 ﬁlius;
2573 3774 2667 3830 sed
2700 3775 2983 3829 voluntate
3030 3774 3286 3836 similem,
3327 3771 3633 3826 substantia

2047 3862 2369 3922 dissimilem
2402 3878 2527 3920 esse
2570 3862 2789 3930 dixerit,
2819 3865 3107 3918 anathema
3153 3864 3242 3918 sit.
3288 3861 3555 3915 Praeterea
3585 3861 3634 3915 si

2047 3956 2368 4012 substantiae
2415 3971 2613 4011 nomen
2659 3970 3091 4012 commemorare
3120 3953 3350 4013 ~velint,
3405 3965 3468 4004 ac
3518 3949 3636 4006 suis

2046 4048 2291 4119 ipsorum
2346 4047 2846 4118 subscriptionibus
2894 4044 3182 4113 refragari,
3234 4044 3374 4097 facta
3434 4040 3635 4111 ubique

2046 4137 2369 4195 substantiae
2412 4143 2687 4193 mentione
2735 4138 2803 4192 iis
2849 4150 2971 4206 qua:
3006 4133 3198 4188 Patres
3233 4130 3464 4201 professi
3508 4142 3635 4187 sunt

2047 4233 2437 4294 assentiamur,
2466 4245 2574 4285 non
2604 4228 2884 4283 voluntate
2928 4223 3113 4290 modo,
3152 4221 3249 4276 sed
3295 4229 3350 4275 et
3388 4219 3534 4290 quod
3566 4219 3636 4273 ad

2045 4335 2168 4376 esse
2203 4322 2380 4390 ipsum
2415 4319 2639 4385 attinet,
2689 4330 2754 4371 ac
2796 4313 3226 4374 subsistentiam,
3267 4321 3321 4365 et
3365 4318 3629 4365 exsistet:-

361 4413 518 4475 tiam,
553 4419 716 4481 atque
765 4411 820 4464 in
869 4408 1123 4465 omnibus
1151 4409 1387 4480 denique
1424 4410 1659 4466 similem
1689 4425 1814 4466 esse
1840 4408 1989 4467 Patri
2018 4414 2218 4471 Filium
2261 4423 2549 4481 asseram,
2591 4408 3051 4485 quemadmodum
3094 4406 3289 4462 similis
3358 4411 3443 4458 est
3492 4405 3634 4473 patri

360 4503 529 4566 ﬁlius,
564 4502 642 4557 uti
672 4516 842 4557 sacra:
866 4500 1083 4557 Litterae
1109 4508 1407 4559 testantur.

433 4593 531 4658 Είς
572 4593 671 4666 τὴν
706 4590 1016 4645 ὲκτεθεῖσαν
1063 4592 1243 4647 πίστιν
1280 4593 1392 4665 (Si)
1447 4594 1576 4667 περὶ
1622 4593 1717 4649 τοῦ
1752 4596 1937 4666 ὅμοιον

2116 4592 2387 4649 Caeterum
2412 4593 2704 4664 proposita:
2729 4592 2807 4648 illi
2836 4591 2963 4648 fidei
2998 4587 3361 4655 confessioni,
3394 4602 3503 4659 qua
3542 4582 3634 4651 Εἰς

439 4750 456 4780 ¹
478 4747 605 4807 Cor.
636 4746 929 4812 ἀποσώζει.
1005 4748 1027 4778 ³
1050 4745 1113 4804 F.
1136 4747 1218 4801 ὅτι
1238 4743 1371 4804 οἷον.
1447 4751 1466 4781 ³
1487 4747 1549 4803 F.
1578 4749 1696 4820 τήν.
1774 4747 1796 4779 ⁸
1817 4747 1876 4801 F.
1902 4747 2136 4819 Πατρός.

434 4903 550 4973 (5i)
595 4904 701 4969 Εἰς
750 4902 867 4972 τὴν
897 4900 1249 4973 ἐκτεθεῖσᾳν
1296 4903 1524 4957 πίστιν.
1580 4902 1701 4958 Haec
1753 4904 1833 4958 vel
1870 4903 1940 4956 ab
1971 4908 2017 4965 D

361 4972 671 5046 Epiphanio
698 4973 1137 5046 adsnperiorem
1165 4972 1941 5046 Setniarianorumcommen-

362 5042 625 5101 tariolum
660 5042 890 5107 addita,
943 5043 1025 5097 vel
1075 5042 1248 5111 ipsius
1298 5043 1731 5098 commentarioli
1767 5051 1935 5097 sunt:

364 5118 423 5195 ip
463 5128 575 5195 quo
626 5121 824 5195 prater
857 5111 1434 5195 expositionem'fidei
1486 5115 1620 5195 Acta
1680 5114 1941 5195 nennnlla

365 5181 606 5240 Basilius
631 5181 715 5236 'ac
752 5181 1019 5252 Georgius
1064 5182 1550 5253 praescripserant:
1586 5183 1729 5250 quod
1762 5194 1944 5253 poste-

366 5257 487 5312 rius
545 5253 720 5323 magis
772 5253 1011 5323 arridet.
1056 5252 1349 5308 Sciendum
1401 5261 1486 5307 εει
1536 5261 1717 5306 autem
1758 5252 1941 5323 πίστιν

366 5327 555 5387 illam,
605 5322 672 5376 de
716 5338 822 5392 qua
872 5322 1148 5392 loquitur,
1181 5337 1305 5376 esse
1341 5323 1734 5392 professionem
1795 5322 1941 5376 illam

368 5395 623 5455 tertiam,
659 5406 778 5461 quae
820 5392 1124 5461 Sil‘llllleSl
1164 5392 1341 5456 edita,
1375 5408 1537 5461 quam
1592 5394 1847 5445 Socrates
1887 5399 1943 5446 et

368 5465 712 5519 Sozomenus
740 5462 889 5533 falso
925 5462 978 5515 in
1010 5460 1298 5533 Sirtniensi
1337 5460 1545 5533 synodo
1572 5462 1942 5533 conscriptam

365 5543 704 5588 asseverant.
738 5530 874 5586 Nata
923 5543 1007 5586 est
1038 5532 1181 5586 enim
1214 5530 1603 5585 anno‘demum
1632 5530 1944 5592 559,Ense-

370 5604 464 5662 bio
518 5610 572 5657 et
602 5602 830 5672 Hypatio
870 5616 1032 5672 coss,
1052 5618 1107 5656 tu
1137 5600 1253 5654 Kal.
1281 5600 1492 5672 Junias.
1521 5601 1945 5672 utgAthanasius

368 5674 471 5733 lib.
506 5672 581 5727 De
631 5670 845 5741 s'y’nodis
897 5671 1071 5725 docet.
1116 5672 1217 5738 Qui
1260 5671 1377 5726 dies
1414 5671 1549 5739 prid.
1598 5670 1945 5741 Pentecostes

375 5743 479 5819 fuit
502 5760 542 5819 ,ς
569 5738 715 5817 quod
744 5741 1078 5815 Epiphanius
1125 5745 1227 5798 hoc
1283 5743 1339 5799 in
1372 5738 1491 5797 loco
1529 5747 1779 5801 testatur.
1814 5738 1947 5799 Vide

2042 4918 2164 5026 quae
2212 4903 2472 4960 Nicolaus
2530 4902 2707 4956 Faber
2750 4900 2919 4983 .Prasf.
2969 4899 3035 4954 ad
3077 4898 3269 4953 Hilarii
3328 4898 3630 4978 fragmenta

2086 4982 2316 5026 tsnutat.
2350 4990 2473 5026 nam.
2527 4973 2652 5026 575.
2691 4971 2858 5026 Ιιιιιυι·
2891 4978 3012 5026 post
3059 4972 3407 5026 Ancvranum
3440 4984 3630 5021 conct-

2086 4974 2316 5044 isput_at,
2350 4990 2473 5044 pag.
2527 4973 2652 5044 375.
2691 4971 2858 5044 Igitur
2890 4978 3016 5044 post
3059 4972 3407 5044 Ancyranum
3440 4969 3631 5044 cunei-

2045 5036 2181 5098 linfn
2224 5036 2494 5106 Basilius,
2553 5036 2754 5111 aliique
2794 5036 3253 5095 Semiarianorum
3285 5039 3462 5111 legati
3509 5036 3629 5090 Sir-

2045 5112 2213 5182 mium
2241 5113 2306 5166 ad
2336 5109 2721 5182 imperatorem
2753 5112 2980 5181 profecti
3018 5112 3225 5164 litteras
3250 5109 3316 5182 ab
3329 5117 3410 5160 ‘eo
3439 5114 3633 5182 contra

2044 5181 2350 5236 Eudoxium
2397 5174 2450 5237 et
2497 5174 2793 5236 Anomteos
2824 5174 3401 5251 expresseru_nt._Tum
3433 5175 3499 5229 de
3522 5192 3631 5251 eo-

2044 5253 2292 5306 rutndem
2323 5253 2555 5307 consilio
2587 5244 2971 5321 imperator'ad
3011 5265 3099 5302 res
3119 5247 3476 5321 Antiochenaa
3520 5244 3627 5301 Ec:

2046 5323 2230 5377 clesiae
2261 5319 2686 5392 componendas,
2714 5336 2876 5392 quam
2924 5319 3200 5392 Eudpxius
3232 5323 3428 5392 prmtcr
3462 5330 3633 5370 οεηοε

2043 5405 2143 5446 nes
2199 5386 2536 5459 occuparat,
2600 5386 2762 5445 simul
2812 5388 2879 5441 ad
2937 5388 3076 5440 Aetii
3133 5395 3185 5440 et
3239 5386 3630 5459 Anomteorum

2045 5456 2438 5532 profligandam
2477 5463 2832 5532 impietatem,
2860 5473 3054 5532 novatn
3093 5456 3361 5526 synodum
3396 5471 3631 5532 congrej

2045 5524 2173 5600 gare
2208 5524 2457 5598 'statuit;
2515 5524 2659 5600 quod
2730 5543 2895 5597 supra
2944 5527 3009 5600 _in
3073 5524 3340 5600 annorum
3404 5524 3631 5597 synopsi

2050 5596 2465 5656 declaravimns.
2513 5596 2707 5652 Postea
2759 5596 2882 5651 cum
2928 5596 2992 5651 de
3034 5598 3165 5651 urbe
3192 5636 3204 5660 ,
3240 5597 3293 5649 in
3344 5596 3449 5665 qua
3491 5611 3626 5651 con-

2049 5688 2233 5727 sessus
2276 5671 2457 5725 haberi
2513 5678 2733 5738 posset,
2798 5682 3137 5738 nequaquam
3192 5665 3436 5738 episcoiii
3494 5680 3627 5718 con-

2049 5742 2325 5807 venirent,
2347 5737 2581 5796 Basilius
2609 5752 2752 5803 anno
2781 5737 2885 5803 349
2914 5752 3110 5804 rursus
3140 5737 3206 5802 ad
3236 5737 3627 5808 imperatorem,
