3990 6228
399 283 506 342 443

1815 277 1872 332 S.
1907 276 2246 332 EPIPIIANII

3557 275 3680 332 ιιι

406 396 510 450 lius
549 395 606 450 in
655 395 909 453 omnibus
969 394 1116 450 Patri
1159 395 1354 450 similis
1409 409 1535 450 esse
1583 393 1863 458 delinitur;
1901 395 1978 448 ita

2099 391 2220 447 :ivat
2272 394 2360 446 τὸν
2407 395 2536 447 Υῑὸν
2587 393 2666 464 τῷ
2721 393 2894 466 [lat-pi
2945 393 3084 448 κατὰ
3119 393 3296 448 πάντα
3339 391 3676 462 ὑπέγραψαν

403 487 849 556 subscripserunt
877 508 894 542 :
923 485 1138 542 Marcus
1187 486 1482 556 episcopus
1543 487 1851 540 Aretbusiaa
1901 486 1976 540 ita

401 578 570 632 credo
620 585 675 630 et
711 577 931 637 sentio.
975 586 1036 630 ut
1079 591 1249 646 supra
1298 575 1562 644 scriptum
1604 583 1712 630 est.
1778 574 1980 630 Eodem

405 669 566 724 modo
611 677 664 724 et
713 669 808 739 qui
867 669 1098 723 aderant
1153 667 1622 737 subscripserunt.
1667 666 1738 720 At
1781 666 1982 722 Valens

405 758 554 812 hunc
605 758 660 812 in
689 759 910 814 modum
950 778 963 812 :
992 757 1460 824 Quemadmodum
1493 773 1558 813 ea
1597 767 1781 824 nocte,
1815 773 1981 828 quam

404 849 522 904 dies
561 848 912 905 Pentecostes
949 859 1136 905 secuta
1171 857 1276 915 est,
1309 849 1646 920 superiorem
1683 850 1824 904 hanc
1847 849 1981 906 sub-

403 940 762 1010 scriptionem
781 940 1140 1008 ediderimus,
1167 948 1372 996 norunt
1411 942 1504 1010 qui
1536 952 1644 996 tam
1685 951 1982 1010 praesentes

329 1058 336 1066 -
405 1040 586 1093 crant,
625 1046 690 1086 ac
721 1031 842 1102 pius
881 1031 934 1085 in
973 1031 1164 1100 primis
1194 1032 1510 1102 imperator,
1544 1033 1684 1103 apud
1721 1047 1884 1102 quem
1928 1039 1984 1087 et

407 1123 527 1178 sine
559 1123 762 1192 scripto
793 1139 914 1180 sum
954 1129 1010 1178 et
1055 1124 1260 1193 scripto
1301 1131 1662 1180 contestatus.
1705 1123 1836 1180 Post
1867 1124 1982 1178 haec

408 1231 534 1268 cum
599 1213 802 1271 Valens
850 1229 951 1270 suo
989 1231 1140 1270 more
1182 1215 1620 1284 subseripsisset,
1669 1223 1720 1270 et
1761 1215 1826 1270 ad
1857 1215 1988 1272 sub-

411 1305 764 1374 scriptionem
825 1307 1147 1372 addidisset,
1215 1305 1446 1362 similem
1505 1321 1628 1362 esse
1685 1305 1834 1362 Patri
1893 1305 1986 1361 Fi-

411 1395 566 1461 lium,
623 1399 1004 1467 praetermissis
1044 1397 1130 1452 his
1173 1395 1422 1462 vocibus,
1460 1397 1517 1450 in
1545 1396 1809 1460 omnibus,
1841 1411 1987 1451 cum-

412 1501 522 1557 que
579 1503 642 1544 ea
701 1503 760 1543 re
806 1489 1160 1552 declarasset,
1195 1503 1356 1558 quem
1405 1489 1461 1543 in
1515 1503 1736 1543 sensum
1767 1502 1830 1542 ea
1867 1500 1990 1556 qua

411 1577 616 1649 scripta
640 1577 858 1634 fuerant
877 1580 1257 1650 approbasset,
1281 1595 1344 1634 ac
1375 1578 1828 1649 quemadmodum
1859 1591 1990 1630 con-

415 1669 796 1726 substantialis
818 1686 1003 1726 vocem
1034 1669 1382 1740 intelligeret,
1413 1670 1536 1740 pius
1562 1668 1666 1724 hoc
1693 1669 1991 1738 imperator

2085 487 2260 550 οὕτως
2279 503 2293 516 ·
2325 488 2552 558 Μάρκος
2587 489 2618 542 ὁ
2669 487 2966 550 ἐπίσκοπος
3004 484 3350 558 ’Δρεθουσὶας
3387 481 3534 536 οὕτω
3577 497 3678 534 πι-

2085 579 2260 632 στεύω
2280 581 2372 634 καὶ
2401 577 2586 651 φρονῶ
2605 581 2718 643 τοῖς
2751 577 3269 650 προγεγραμμένοις
3285 592 3300 607 ⁸
3335 575 3432 630 καὶ
3447 578 3498 628 οἱ
3519 590 3676 645 παρ-

2083 669 2236 734 ὄντες
2269 671 2490 741 ὁμοίως.
2525 669 2740 739 Οὐάλης
2759 670 2818 723 δὲ
2847 669 3052 732 οὕτως·
3082 669 3270 732 Ὅπως
3298 667 3396 738 μὲν
3421 666 3679 738 ὑπεγρά-

2080 760 2263 832 ψαμεν
2293 763 2360 833 τῇ
2386 761 2542 815 νυκτὶ
2571 759 2988 832 ὲπιφωσκούσης
3018 759 3122 827 τῆς
3151 757 3532 829 Πεντηκοστῆς
3565 757 3680 827 τὴν

2083 851 2584 924 προγεγραμμένην
2625 851 2950 922 ὑπογραφὴν
2965 891 2981 914 ,
3033 850 3240 903 οῑδασιν
3289 850 3340 902 oi
3395 847 3680 918 παρόντες

2083 943 2180 997 καὶ
2202 945 2232 996 ὀ
2267 943 2499 1013 εὐσεϐὴς
2541 941 2824 1012 βασιλεὺς,
2857 939 2999 1011 πρὸς
3039 939 3099 993 ὃν
3129 939 3224 993 καὶ
3267 938 3678 1010 ἐμαρτυράμην

2083 1032 2349 1104 ἀγράφως
2373 1048 2434 1084 τε
2467 1031 2562 1086 καὶ
2621 1029 2941 1102 ἐγγράφως.
2971 1027 3130 1084 Μετά
3160 1028 3220 1081 δὲ
3261 1025 3436 1080 ταῦτα
3479 1026 3680 1095 οἰκείῳ

2085 1124 2203 1195 nos.
2253 1121 2670 1194 ὐπογράψαντος
2715 1121 3045 1184 υύἁλεντος,
3081 1120 3176 1172 καὶ
3221 1115 3680 1188 προστεθεικὸτοις

2085 1217 2152 1284 τῇ
2187 1214 2498 1285 ὑπογραφῇ,
2537 1212 2722 1282 ὅμοιον
2753 1210 2846 1264 τὸν
2891 1209 3020 1264 Υέὺν
3045 1207 3125 1288 τῷ
3153 1207 3348 1278 Πατρὶ,
3391 1206 3466 1277 μὴ
3493 1221 3678 1279 προσ-

2088 1304 2392 1366 τεθεικότος
2425 1303 2506 1369 δὲ,
2531 1302 2683 1356 κατὰ
2705 1300 2925 1366 πάντα,
2957 1301 3052 1354 καὶ
3082 1299 3358 1366 δείξαντος
3389 1299 3544 1360 ὅπως
3575 1296 3678 1348 καὶ

2089 1395 2339 1449 συνέθετο
2363 1397 2476 1458 τοῖς
2503 1393 3042 1466 προγεγραμμένοις,
3081 1390 3115 1462 ἢ
3149 1390 3212 1443 τὸ
3235 1388 3522 1460 ὁμοούσιον
3549 1387 3678 1450 πῶς

2087 1489 2224 1551 νοεῖ,
2253 1484 2736 1556 ὲπισημηναμὲνου
2777 1501 2840 1536 τε
2870 1483 3060 1536 τοῦτον
3089 1479 3186 1534 τοῦ
3225 1478 3482 1542 εὐσεϐοῦς
3511 1477 3677 1547 βασι-

2091 1579 2250 1642 λέως.
2293 1579 2390 1633 καὶ
2437 1577 2848 1646 ἀναγκάσαντος
2876 1573 3038 1629 αὐτὸν
3061 1571 3374 1646 προσθεῖναι
3401 1571 3489 1637 τὸ,
3521 1570 3680 1624 κατὰ

2093 1669 2309 1730 πάντα.
2337 1669 2474 1739 ὅπερ
2507 1667 2600 1722 καὶ
2643 1663 3034 1737 προστέθεικε,
3079 1662 3361 1726 Βασίλειος
3396 1660 3678 1714 ὑποπτεύ-

411 1761 744 1825 observavit,
789 1769 844 1816 et
897 1771 978 1826 ut,
1032 1763 1088 1817 in
1127 1764 1367 1818 ontnibus
1393 1800 1408 1824 ,
1467 1762 1726 1830 adjiceret
1766 1759 1988 1830 coegit:

2099 1783 2193 1829 σας
2219 1765 2316 1820 καὶ
2347 1765 2430 1828 τὸ,
2455 1761 2608 1817 κατὰ
2643 1759 2862 1824 πάντα,
2905 1758 3021 1830 ἰδίῳ
3047 1757 3124 1829 νῷ
3155 1756 3316 1811 αὐτὸν
3351 1753 3676 1826 προστεθει-

413 1850 579 1922 idque
599 1858 657 1904 ut
679 1850 870 1921 jussus
908 1861 1028 1906 erat
1052 1853 1327 1922 praestitit.
1368 1851 1438 1906 At
1477 1851 1711 1908 Basilius
1739 1851 1988 1920 suspica-

413 1949 504 1998 tus
553 1957 718 1996 voces
749 1941 890 2008 illas,
926 1943 979 1996 in
1025 1943 1288 2008 omnibus,
1335 1959 1400 1998 ex
1441 1943 1660 2013 propria
1699 1951 1880 1997 mente
1925 1955 1992 1996 ac

413 2048 576 2090 sensu
629 2033 698 2088 ad
727 2033 1013 2088 formulam
1055 2035 1321 2105 adjectas,
1355 2052 1480 2092 cum
1523 2038 1830 2106 exemplum
1863 2050 1994 2106 pro-

415 2125 670 2182 fessionis
699 2126 847 2182 illius
875 2125 1072 2182 Valens
1103 2144 1226 2184 cum
1255 2129 1368 2184 suis
1400 2129 1602 2184 habere
1632 2131 1810 2194 vellet,
1837 2127 1984 2199 quod

413 2235 599 2276 secum
621 2221 686 2275 ad
706 2221 1106 2276 Ariminensem
1131 2220 1398 2292 synodum
1417 2221 1673 2287 deferret,
1701 2221 1806 2276 hoc
1829 2220 1992 2276 modo

414 2311 740 2382 subscripsit
776 2328 789 2363 :
820 2311 1057 2368 Basilius
1115 2315 1407 2382 cpiscopus
1448 2313 1680 2384 Ancyrae
1707 2311 1892 2376 credo,
1937 2320 1992 2368 et

415 2402 685 2456 assentior
737 2401 805 2456 iis
855 2416 974 2470 qua).
1011 2417 1176 2470 supra
1209 2402 1416 2471 scripta
1468 2411 1617 2466 sunt,
1669 2401 1902 2458 similem
1929 2400 1984 2456 in

413 2493 670 2550 omnibus
716 2495 982 2549 confitens
1032 2492 1210 2548 Patris
1235 2509 1359 2550 esse
1395 2493 1615 2548 Filium.
1648 2492 1708 2546 In
1735 2491 1992 2547 omnibus

413 2599 546 2638 vero
573 2599 695 2639 cum
719 2583 866 2648 dico,
901 2599 1010 2638 non
1043 2584 1324 2640 voluntate
1377 2584 1554 2640 solum
1603 2583 1870 2652 intelligo,
1897 2580 1992 2636 sed

413 2684 470 2732 et
516 2676 893 2740 subsistentia,
935 2684 990 2730 et
1056 2675 1399 2741 exsistentia,
1458 2673 1703 2743 adeoque
1755 2671 1994 2729 essentia

416 2767 554 2837 ipsa.
585 2775 770 2838 utpote
791 2765 1008 2832 Filium,
1031 2767 1178 2837 quod
1199 2782 1370 2822 sacrae
1393 2766 1612 2822 Littera:
1625 2780 1725 2820 con
1737 2764 1954 2818 firmant
1977 2781 1994 2820 :

415 2859 670 2930 spiritum
697 2875 730 2914 e
763 2858 983 2928 spiritu,
1019 2860 1184 2912 vitam
1212 2874 1243 2913 e
1272 2860 1400 2922 vita,
1440 2859 1624 2912 lumen
1677 2873 1707 2912 e
1752 2856 1978 2920 lumine,

417 2947 586 3004 Deum
650 2964 718 3004 ex
769 2947 897 3014 Deo,
927 2963 1118 3002 verum
1160 2945 1358 3002 Filium
1389 2963 1456 3002 ex
1491 2963 1643 3011 vero,
1669 2947 1993 3018 sapientiam

413 3035 612 3092 Filium
641 3053 672 3092 e
696 3036 908 3106 sapient
929 3035 1039 3091 Deo
1089 3051 1152 3089 ac
1185 3035 1364 3090 Patre.
1407 3035 1575 3105 87o
1631 3035 1728 3100 Et,
1787 3041 1848 3088 ut
1881 3047 1993 3088 uno

415 3129 586 3184 verbo
614 3128 817 3191 dicam,
871 3125 1066 3181 Filium
1097 3125 1276 3181 Patris
1313 3127 1676 3196 undecunque
1727 3126 1991 3194 similem,

416 3221 496 3276 uti
559 3219 728 3273 lilium
768 3219 960 3288 patris.
987 3221 1066 3272 Ac
1089 3219 1135 3274 si
1159 3219 1286 3288 quis
1318 3219 1502 3288 aliqua
1522 3219 1711 3274 solum
1741 3235 1806 3274 ex
1837 3229 1992 3288 parte

2089 1859 2246 1912 κέναι
2279 1858 2360 1920 εἰς
2397 1856 2468 1910 τὰ
2498 1855 2589 1909 ἴσα
2623 1853 2994 1925 (ἐσπούδασαν
3015 1853 3064 1904 οἱ
3102 1850 3232 1921 περὶ
3257 1848 3535 1903 οὐάλεντα
3571 1845 3676 1900 λα-

2087 1947 2225 2010 ϐεῖν,
2265 1947 2350 2015 ἐφ’
2389 1939 2492 2016 ᾧτε
2525 1943 2860 2014 ἀποκομίσαι
2907 1944 2990 2006 εις
3041 1941 3142 2010 τὴν
3202 1938 3347 1993 κατὰ
3391 1936 3678 2008 ’Δρίμινον

2089 2035 2370 2109 σύνοδον),
2415 2034 2732 2108 ὑπέγραψεν
2777 2032 2948 2097 οὕτως
2968 2048 2982 2061 ·
3036 2030 3322 2095 Βασίλειος
3369 2027 3676 2092 ἐπίσκοπος

2101 2128 2374 2200 ’Δγκύρας
2397 2127 2638 2182 πιστεύω
2663 2126 2758 2180 καὶ
2785 2125 3088 2180 συνευδοκῶ
3105 2127 3218 2187 τοῖς
3243 2125 3678 2194 προγεγραμμέ-

2089 2239 2220 2285 νοις,
2236 2223 2419 2291 ὅμοιον
2441 2218 2717 2289 ὁμολογῶν
2739 2217 2830 2270 τὸν
2849 2215 2978 2269 Υἰὺν
2997 2214 3076 2286 τῷ
3097 2216 3212 2268 Πατ
3221 2214 3274 2284 pl.
3297 2213 3442 2267 κατά
3466 2211 3672 2264 πάντα.

2090 2313 2248 2368 Κατά
2281 2312 2461 2365 πάντα
2489 2310 2567 2374 δὲ,
2601 2309 2664 2362 οὐ
2711 2308 2869 2378 μόνον
2891 2305 3034 2360 κατά
3073 2304 3173 2375 τὴν
3219 2303 3472 2374 βούλησιν
3491 2340 3506 2366 ,
3537 2299 3680 2354 ἀλλά

2091 2405 2232 2459 κατὰ
2263 2403 2361 2474 τὴν
2413 2401 2745 2461 ὑπόστασιν,
2794 2399 2891 2452 καὶ
2943 2397 3086 2450 κατά
3119 2397 3218 2468 τὴν
3255 2393 3526 2466 ὓπαρξιν,
3579 2391 3680 2444 καὶ

2091 2495 2234 2552 κατὰ
2287 2495 2348 2548 τὸ
2375 2490 2550 2555 εἶναι,
2599 2492 2676 2555 ὡς
2719 2490 2846 2544 Υἱὸν
2883 2487 3026 2542 κατά
3073 2487 3174 2552 τὰς
3225 2485 3375 2548 θείας
3411 2485 3676 2556 Γραφὰς,

2094 2585 2316 2655 πνεῦμα
2341 2585 2406 2636 ὲκ
2427 2583 2758 2652 πνεύματος,
2781 2581 2927 2652 ζωὴν
2957 2582 3020 2634 ὲκ
3049 2579 3216 2648 ζωῆς,
3240 2579 3356 2646 φῶς
3379 2578 3446 2630 ὲκ
3473 2577 3674 2645 φωτὸς,

2093 2675 2226 2728 Θεὸν
2261 2676 2326 2726 ἐκ
2355 2673 2492 2726 Θεοῦ
2515 2713 2530 2735 ,
2575 2671 2828 2741 ἀληθινὸν
2865 2670 2993 2724 Υἱὺν
3039 2670 3100 2734 ἐξ
3145 2667 3402 2739 ἀληθινοῦ
3425 2708 3442 2732 ,
3485 2666 3680 2734 σοφίαν

2095 2765 2224 2820 Υῑὸν
2253 2767 2318 2818 ὲκ
2348 2764 2514 2832 σοφοῦ
2549 2762 2684 2816 Θεοῦ
2719 2764 2814 2816 καὶ
2848 2761 3080 2832 Πατρδς,
3110 2761 3206 2814 καὶ
3250 2758 3508 2822 καθάπαξ
3533 2755 3680 2810 κατὰ

2095 2857 2273 2911 πάντα
2293 2856 2383 2910 τὸν
2408 2855 2534 2908 Υἱὸν
2559 2855 2744 2924 ὅμοιον
2771 2853 2850 2924 τῷ
2881 2853 3078 2923 [Ias-pl,
3109 2852 3186 2914 ὡς
3211 2851 3326 2904 υἱὸν
3355 2849 3542 2920 πατρί.
3567 2847 3680 2900 Καὶ

2096 2949 2150 3002 εἷ
2169 2965 2252 3012 τις
2277 2948 2422 3002 κατά
2447 2965 2502 3000 τι
2532 2945 2682 3016 λέγοι
2711 2947 2920 3016 ὅμοιον,
2947 2945 3023 3008 ὠς
3053 2943 3486 3016 προγέγραπται,
3515 2941 3678 2994 ἀλλό-

2096 3057 2246 3110 τριον
2271 3034 2411 3092 εἶναι
2451 3038 2550 3108 τῆς
2583 3035 2883 3106 καθολικῆς
2924 3034 3272 3106 Ἐκκλησίας,
3307 3033 3384 3096 ὡς
3426 3033 3500 3102 μὴ
3533 3031 3678 3088 κατά

2095 3130 2192 3194 τὰς
2213 3130 2366 3194 θείας
2399 3127 2625 3200 Γραφάς
2658 3129 2844 3198 ὅμοιον
2875 3127 2967 3182 τὸν
3001 3127 3130 3180 Υιδν
3157 3127 3236 3197 τῷ
3275 3126 3452 3196 lla-cpi.
3481 3124 3674 3192 λέγων.

2102 3219 2442 3292 Ἀνεγνὼσθη
2473 3221 2506 3291 ἡ
2541 3217 2868 3290 ὑπογραφὴ,
2905 3217 3002 3270 καὶ
3031 3217 3188 3287 ἐδόθη
3221 3216 3503 3278 Οὐάλεντι,
3535 3231 3678 3286 παρ-

425 3307 660 3365 similem
689 3322 813 3362 esse
840 3306 1008 3372 dicat,
1051 3317 1111 3361 ut
1131 3317 1256 3362 ante
1283 3309 1550 3376 scriptum
1581 3317 1685 3372 est,
1720 3308 1788 3362 ab
1809 3306 1993 3364 Eccle-

2099 3313 2242 3378 5v-ro;
2289 3313 2520 3386 Μάρκου
2541 3353 2557 3374 ,
2607 3311 2884 3382 Γεωργίου
2905 3352 2921 3378 ,
2973 3311 3312 3382 Οὐρσακίου,
3369 3307 3675 3380 Γερμανοῦ,

417 3399 502 3454 sia
533 3397 805 3452 catholica
837 3396 1076 3450 alienum
1114 3411 1238 3452 esse
1267 3412 1468 3452 censeo
1502 3415 1516 3451 :
1548 3411 1614 3452 eo
1647 3397 1794 3468 quod
1832 3413 1862 3453 e
1900 3413 1993 3453 sa-

418 3503 639 3544 crarum
672 3485 1002 3542 Litterarum
1044 3489 1366 3558 praescripto
1415 3488 1560 3543 Patri
1595 3490 1825 3544 similem
1873 3507 1996 3548 esse

2104 3405 2433 3460 ’Υπατιανοῦ
2461 3404 2595 3475 ,(52)
2643 3404 2987 3470 ἐπισκόπων,
3013 3402 3108 3457 καὶ
3135 3401 3540 3474 -πρεσϐυτέρων
3583 3399 3682 3452 καὶ

2094 3495 2360 3550 διακόνων
2394 3495 2683 3549 πλειόνων.

419 3577 617 3636 Filium
643 3593 752 3632 non
774 3585 1054 3647 agnoscat.
1087 3576 1250 3633 Lecta
1277 3587 1362 3633 est
1390 3580 1504 3632 haec
1545 3580 1876 3650 subscriptio
1950 3593 2004 3637 et
2067 3582 2284 3640 Valenti
2321 3585 2543 3640 tradita.
2575 3583 2837 3648 Adfuere,
2878 3581 3116 3648 Marcus,
3165 3581 3458 3653 Georgius,
3509 3577 3680 3634 Ursa-

420 3671 552 3734 tius,
587 3665 888 3723 Germanus
914 3675 968 3723 et
1013 3667 1374 3740 Hypatianus,
1415 3668 1678 3739 episcopi,
1720 3685 1844 3724 cum
1879 3675 2210 3746 presbyteris
2247 3690 2313 3730 ac
2341 3675 2587 3730 diaconis
2616 3675 2884 3744 pluribus.

491 3757 680 3814 XXIII.
739 3757 832 3814 Hae
883 3774 1048 3829 porro
1098 3759 1342 3828 epistola:
1383 3775 1412 3813 a
1465 3759 1627 3816 nobis
1659 3760 1748 3816 hic
1777 3769 1998 3818 attextae

421 3859 571 3917 sunt,
612 3862 671 3906 ut
708 3849 842 3904 illud
870 3850 1118 3906 eruditus
1165 3851 1394 3919 quisque
1451 3866 1515 3906 ac
1558 3867 1700 3907 vera:
1724 3853 1846 3908 ﬁdei
1879 3861 1997 3908 stu-

423 3943 612 3998 diosus
635 3941 924 4012 intelligat,
951 3957 1058 3995 non
1085 3941 1319 3997 inaniter
1367 3957 1432 3996 ac
1457 3943 1578 3998 sine
1605 3959 1774 4000 causa
1808 3961 1908 4000 nos
1937 3945 1995 4000 in

419 4034 658 4104 aliquem
695 4033 900 4100 invehi,
953 4034 1048 4091 sed
1085 4035 1408 4092 certissimis
1448 4036 1864 4106 probationibus
1896 4037 1994 4092 niti

421 4123 577 4178 velle.
607 4121 876 4178 Caeterum
903 4122 1044 4178 idem
1077 4124 1154 4184 illi
1173 4140 1365 4180 rursus
1395 4139 1425 4177 a
1454 4125 1570 4180 suis
1597 4125 1994 4191 discesserunt,

421 4232 546 4272 cum
604 4217 676 4272 ob
719 4216 927 4287 privata
975 4216 1100 4272 odia
1155 4217 1530 4288 humanasque
1583 4220 1888 4274 simultates
1932 4229 1988 4274 et

420 4309 794 4366 mulationes
813 4325 933 4366 sese
959 4309 1188 4364 invicem
1215 4310 1416 4380 jurgiis
1455 4311 1810 4376 lacesserent,
1847 4322 1900 4366 et
1929 4311 1998 4366 de

2173 3767 2302 3819 Kl".
2345 3760 2514 3820 Αῦται
2560 3765 2617 3819 αἱ
2672 3763 2958 3818 ἐπιστολαὶ
3009 3762 3385 3834 μετετάγησαν
3429 3761 3566 3831 πρὸς
3617 3760 3682 3814 to

2102 3857 2302 3910 εἰδέναι
2348 3857 2579 3911 ἕκαστον
2623 3856 2730 3911 τῶν
2771 3855 3091 3927 φιλολόγων,
3136 3854 3246 3908 τῶν
3275 3855 3346 3907 τά
3381 3853 3554 3923 ἀληθῆ
3581 3853 3680 3922 τῆς

2103 3949 2337 4012 πίστεως
2373 3948 2762 4019 ὲκζητούντων,
2791 3950 2874 4001 ὅτι
2917 3948 2979 4000 οὐ
3013 3945 3154 3998 κατά
3201 3943 3362 3998 κενοῦ
3405 3943 3680 4015 φερόμεθα

2104 4037 2240 4109 πρός
2259 4055 2414 4100 τινας
2439 4038 2636 4106 λέγειν,
2661 4036 2775 4090 ἀλλ’
2815 4035 2878 4100 ἐξ
2899 4033 3171 4104 ἀληθινῶν
3205 4033 3516 4086 συστάσεων
3541 4030 3684 4100 φιλο-

2101 4129 2411 4201 τιμούμεθα
2443 4131 2739 4200 ὁρμᾶσθαι.
2775 4127 3146 4199 Διηνέχθησαν
3175 4123 3270 4180 οὖν
3303 4128 3354 4179 oi
3387 4126 3542 4178 αὐτοὶ
3567 4125 3680 4194 (53)

2100 4221 2259 4275 πάλιν
2291 4221 2428 4292 πρὸς
2453 4222 2580 4285 τοὺς
2611 4222 2706 4275 σὺν
2731 4222 2935 4286 αὐτοῖς,
2971 4219 3062 4274 διὰ
3099 4219 3232 4289 μίση
3259 4217 3424 4270 τινῶν
3453 4218 3547 4270 καὶ
3583 4217 3684 4286 ζῆ-

2098 4310 2188 4365 λον
2216 4309 2554 4382 ἀνθρώπινον
2587 4309 3004 4386 ὲρεσχελοῦντες
3029 4309 3290 4380 ἑκάτερος
3319 4307 3458 4379 πρὸς
3485 4309 3682 4362 ἑκάτε-

425 4461 685 4538 Sirmium
719 4459 956 4515 advolat.
992 4459 1148 4538 Prior
1201 4462 1342 4516 enim
1388 4462 1652 4538 profectio
1699 4464 1753 4518 in
1791 4478 1994 4538 annum
2030 4471 2072 4526 ι)
2103 4463 2205 4538 [ille
2238 4465 2572 4538 disputatio,
2624 4473 2678 4538 et
2724 4466 2792 4521 ad
2834 4474 3042 4538 certam
3093 4469 3334 4538 regulam
3391 4467 3680 4538 perducta,

425 4531 800 4600 superiorem,
827 4545 937 4598 quo
961 4539 1016 4585 et
1044 4531 1388 4600 Ancyranum
1427 4534 1720 4588 concilium
1752 4536 1994 4588 celebra-

426 4599 542 4655 tum
582 4607 704 4664 est,
759 4599 1010 4654 incurrit.
1044 4599 1118 4654 Ibi
1158 4599 1282 4654 cum
1325 4601 1616 4657 Ursacium
1642 4645 1657 4664 ,
1691 4603 1992 4667 Valentem,

427 4668 670 4739 Marcum
727 4668 1074 4724 Arctliusium
1103 4711 1118 4736 ,
1161 4668 1468 4739 Georgium
1527 4672 1996 4736 Alexamlrimim,

425 4738 804 4811 Germinium,
853 4740 1098 4811 aliosque
1150 4738 1400 4794 factionis
1449 4741 1668 4796 Arianae
1725 4744 1997 4811 principes

425 4809 778 4881 offendisset,
813 4824 946 4881 cum
988 4810 1093 4881 illis
1121 4824 1452 4881 congressus
1477 4821 1558 4865 est
1578 4851 1590 4874 ,
1633 4827 1696 4865 ac
1727 4809 1852 4881 post
1883 4809 2000 4866 len-

425 4894 550 4962 sam
583 4877 1010 4962 altercationem,
1042 4877 1258 4959 demum
1285 4879 1622 4935 allaliorante
1652 4877 1996 4962 C_onstan_t_io,

427 4948 484 5006 in
516 4963 635 5004 eam
676 4948 796 5019 fidei
832 4948 1252 5019 professionem
1281 4964 1606 5004 consensum
1655 4952 1722 5006 ab
1751 4954 2008 5010 omnibus

425 5027 542 5084 est,
585 5017 892 5091 ιιιγούσίαξ,
931 5027 984 5073 et
1035 5017 1568 5091 opoouoiouﬂabolitis
1615 5024 1840 5078 vocibus
1867 5065 1883 5091 ,
1919 5023 2008 5077 Fi-

428 5091 563 5160 lium
614 5088 763 5160 Patri
817 5105 914 5160 per
965 5088 1162 5160 omnia
1203 5089 1436 5160 similem
1489 5090 1836 5148 afﬁrmarent.
1871 5088 2006 5148 'Cui

427 5157 631 5234 Valens
693 5157 897 5234 invitus
955 5159 1312 5234 subscripsit;
1369 5159 1624 5234 Basilius_
1651 5178 1816 5228 vero,
1855 5163 2005 5234 quod

429 5229 720 5304 impetrare
765 5229 1438 5304 mini_me__potuissct_,___ut
1493 5232 1548 5304 in
1602 5231 1834 5288 formula
1873 5229 2004 5304 ipsa

430 5297 734 5372 substantia
762 5300 950 5372 similis
978 5297 1252 5354 diceretur
1281 5297 1486 5372 Filius,
1515 5301 1570 5356 in
1600 5297 2004 5372 subscriptione

431 5384 532 5426 sua
567 5369 698 5438 quid
748 5371 1006 5432 sentiret,
1061 5376 1318 5424 testatum
1363 5371 1576 5435 voluit,
1619 5380 1678 5426 ut
1727 5369 1836 5427 hoc
1881 5375 2003 5429 loco

431 5451 620 5510 narrat
655 5441 1010 5510 Epiphanius.
1053 5438 1252 5494 Valens
1283 5454 1408 5494 cum
1457 5443 1559 5496 hac
1613 5441 1845 5496 formula
1879 5443 2003 5500 fidei

433 5507 620 5580 statim
666 5507 773 5580 ad'
800 5511 1146 5568 Ariminense
1202 5511 1494 5564 concilium
1553 5512 1812 5580 perrexit.
1859 5512 2004 5570 Inter

434 5576 624 5656 Ililarii
657 5578 957 5651 fragmenta
997 5580 1433 5656 exstatepistola
1463 5576 1726 5636 Germinii
1751 5621 1766 5648 ,
1802 5599 2006 5656 exﬂqua

440 5645 878 5722 illud_praet'erea
929 5645 1317 5720 cognoscitur:
1351 5649 1488 5703 Cum
1546 5645 1813 5722 praesente
1860 5645 2006 5709 Gon-

435 5717 642 5773 Stantio
677 5719 890 5790 longius
943 5717 1023 5776 ad'
1065 5726 1274 5792 noctem
1310 5735 1484 5789 usque
1517 5717 1722 5790 prolata
1766 5733 1910 5782 esset
1939 5723 2008 5781 de

2105 4535 2348 4588 Marcum
2394 4535 2747 4606 Aretlmsium
2797 4535 2866 4606 ab
2905 4545 3136 4606 utraque
3160 4535 3334 4606 ‘parte
3370 4553 3493 4592 esse
3537 4537 3682 4592 dele-

2104 4612 2277 4669 ctum,
2315 4619 2346 4657 a
2396 4619 2506 4674 quo
2551 4605 2871 4660 Sirmicnsis
2921 4607 3013 4659 illa
3063 4605 3292 4660 formula
3326 4608 3561 4672 dictata;
3593 4607 3684 4660 eui

2104 4689 2251 4730 coss.
2279 4675 2484 4744 praefixi
2513 4685 2661 4729 sunt.
2701 4675 2778 4728 Ex
2799 4674 2999 4744 quibus
3023 4684 3248 4745 apparet
3272 4719 3286 4742 ,
3319 4675 3680 4739 Germinium,

2105 4759 2241 4816 cum,
2275 4745 2541 4816 hactenus
2581 4745 2969 4799 Anommorum
3012 4746 3248 4816 perfidia:
3280 4761 3413 4816 cum,
3463 4745 3684 4816 Valente

2105 4821 2160 4869 et
2199 4815 2428 4871 Ursacio
2483 4815 2717 4870 fuisset:
2767 4816 2966 4884 quibus
3009 4814 3132 4868 cum
3171 4814 3335 4870 etiam
3380 4815 3569 4871 Osium
3615 4814 3684 4868 ad

2105 4885 2422 4954 ὁμοουσίου,
2455 4895 2510 4940 et
2557 4885 2866 4955 ὁμοιουσίου
2919 4884 3184 4940 tollendas
3212 4901 3244 4940 e
3295 4887 3474 4955 medio
3519 4900 3681 4940 voces

2107 4953 2393 5024 adegerat,
2432 4965 2492 5010 ut
2527 4953 2620 5010 lib.
2667 4971 2752 5020 tv,
2785 4971 2904 5024 cap.
2945 4957 3002 5007 ll
3027 4993 3043 5018 ,
3079 4955 3273 5010 scribit
3321 4953 3680 5020 Sozomenus,

2107 5024 2177 5096 ab
2207 5026 2314 5082 illis
2343 5027 2626 5096 paululum
2663 5025 3016 5086 dissensisse,
3051 5033 3106 5078 et
3137 5039 3430 5096 suppressa
3463 5025 3682 5096 τῆςοὺ-

2105 5095 2228 5166 σίας
2261 5093 2560 5160 mentione,
2586 5093 2708 5150 Filii
2739 5111 2835 5166 per
2865 5097 3050 5150 omnia
3093 5093 3218 5149 cum
3245 5093 3408 5150 Patre
3429 5093 3683 5150 similitu-

2104 5165 2288 5221 dinem
2329 5168 2640 5222 attnovisse.

2139 5235 2288 5360 .352)
2339 5233 2651 5304 Γερμανοῦ
2676 5276 2690 5302 ,
2755 5233 3126 5289 Ὑπατιανοῦ.
3179 5233 3286 5289 Alii
3351 5233 3679 5306 Γερμανίου’

2139 5321 2166 5360 e
2230 5306 2518 5360 Γεραινίου
2562 5308 2666 5360 lett.

2106 5321 2201 5362 seu
2231 5321 2298 5358 ιε

2385 5308 2518 5360 ινίου
2562 5308 2666 5361 lett.

2179 5322 2201 5360 ll
2231 5322 2254 5358 1
2273 5322 2518 5429 ερᾸιινιου
2563 5322 2666 5376 leg.
3342 5375 3353 5386 .

2179 5375 2292 5447 (55)
2367 5377 2736 5447 ιηνέχθησαν
2763 5370 2879 5430 οὖν
2907 5376 2960 5428 οἱ
2984 5374 3178 5447 αὐτοι,
3231 5373 3470 5432 Basnlius
3503 5374 3678 5446 Ancyo

2106 5445 2280 5500 ranus
2307 5455 2428 5516 post
2455 5446 2811 5501 Sirmicnsem
2839 5446 3136 5515 synodum,
3167 5445 3222 5499 in
3255 5460 3364 5515 qua
3397 5445 3679 5503 strenuam

2108 5515 2373 5571 adversus
2410 5515 2704 5571 Photinum
2733 5530 2954 5584 operam
2979 5523 3306 5577 navaverat,
3344 5515 3491 5586 apud
3513 5517 3680 5586 impe-

2107 5595 2344 5657 ratorem
2383 5588 2571 5657 gratia
2619 5587 2914 5657 plurimum
2943 5624 2956 5650 ,
2993 5585 3427 5657 etwauctoritate
3479 5585 3676 5657 valuit;

2109 5670 2238 5710 nam
2273 5650 2657 5728 abiA'ncyrano
2701 5655 2936 5728 concilio
2967 5655 3034 5728 ad
3069 5655 3221 5709 illum
3241 5656 3520 5728 allegatus
3549 5650 3680 5728 nihil

2110 5740 2220 5782 non
2242 5724 2511 5796 obtinuit,
2548 5728 2684 5785 adeo
2725 5733 2783 5782 ut
2819 5725 3162 5794 Eudoxium,
3205 5724 3438 5800 ejusque
3485 5724 3676 5782 sull'ra-o
