3990 6228
313 344 427 403 “5

987 348 1360 407 ADVERSUS
1398 350 1738 407 ΗᾸΞΚΕΒΕΒ
1763 351 1893 410 LIB.

2062 352 2229 410 TOM.
2270 352 2312 408 ι.
2347 384 2417 394 -
2456 350 2732 410 ιιιιιιεε.
2776 354 3011 413 LXXIII.

3473 356 3580 414 HG

316 478 435 539 ρον,
470 459 566 515 καὶ
591 460 1002 534 φιλαρχοῦντες.
1031 464 1136 518 Καὶ
1170 466 1477 537 ἐκρατύνθη
1508 467 1628 521 τότε
1654 468 1716 521 τὸ
1742 468 1904 539 μέρος

2023 468 2316 540 principatu
2375 468 2789 525 contenderent.
2837 472 2914 527 Ae
2954 482 3068 526 tum
3119 464 3578 527 Semiarianorum

309 551 653 607 τούτωντῶν
690 553 1048 626 Ἦμιαρείων,
1071 555 1182 610 τῶν
1218 557 1351 628 περὶ
1389 558 1688 622 Βασίλειον,
1730 558 1896 628 φημὶ,

309 645 413 697 καὶ
461 642 765 715 Γιώργιον,
822 645 919 698 καὶ
964 645 1251 701 Σιλουανὺν
1294 647 1407 717 (54)
1430 688 1444 713 ,
1505 649 1601 701 καὶ
1644 647 1900 711 λοιποὺς,

310 730 538 804 ἔχοντες
568 731 687 803 μεθ’
717 732 929 785 ἑαυτῶν
950 735 1152 805 σαρκὸς
1183 734 1365 799 δεξιὰν
1387 737 1767 791 Κωνστάντιον
1808 736 1901 790 τὸν

310 821 570 892 βασιλέα,
628 824 680 876 οι
713 823 843 896 περὶ
883 824 1167 890 Εὑδόξιονί
1197 826 1311 899 (55)
1347 828 1442 882 καὶ
1497 827 1767 900 Γεώργιον
1808 827 1902 880 τὸν

326 904 718 980 Ἀλεξανδρέα,
772 909 869 963 καὶ
917 907 1158 973 Εὐζὼῖον
1212 910 1304 964 τὸν
1359 911 1656 982 Ἀντιοχέα.
1691 912 1802 966 Καὶ
1853 913 1902 965 οἱ

313 997 424 1068 μὲν
452 999 582 1068 περὶ
615 999 895 1052 Βασίλειον
924 1001 1017 1053 καὶ
1048 999 1323 1073 Γεώργιον
1364 1002 1457 1055 τὸν
1478 1002 1744 1056 Λαοδικέα
1779 1004 1905 1057 ὲτα-

310 1087 682 1159 πεινώθησαν,
709 1089 911 1160 καίπερ
935 1089 1108 1144 πολλά
1138 1091 1483 1162 ἰσχύσαντες.
1517 1092 1609 1157 Ἐξ
1633 1087 1710 1146 ὧν
1739 1092 1905 1148 πάλιν

315 1179 506 1252 {tepet
532 1179 860 1253 διῃρέθησαν
900 1180 1000 1251 τῆς
1025 1181 1195 1255 αὐτῆς
1226 1183 1490 1255 αἱρέσεως
1516 1184 1609 1237 καὶ
1648 1184 1867 1237 συνόδου
1886 1200 1901 1215 ο

314 1272 416 1325 καὶ
441 1271 633 1341 γέγονε
662 1272 724 1326 τὸ
750 1270 862 1325 τῶν
894 1272 1187 1343 ’Δρειανῶν
1241 1272 1493 1344 σύστημα
1531 1276 1612 1338 εἰς
1653 1275 1781 1346 τρία
1810 1276 1908 1329 τάη

315 1378 534 1432 γματα.
551 1364 803 1427 Ἀκάκιος
826 1362 936 1436 γὰρ
960 1365 989 1417 6
1006 1364 1359 1428 Παλαιστῖνος
1381 1368 1409 1419 6
1426 1368 1765 1439 Καισαρείας
1789 1369 1905 1439 ἅμα

314 1450 591 1520 Μελετίῳ,
625 1451 721 1505 καὶ
763 1452 1014 1523 Οὐρανίῳ
1045 1452 1125 1523 τῷ
1154 1453 1337 1525 Τυρίῳ
1362 1455 1495 1526 (56),
1526 1457 1620 1510 καὶ
1660 1457 1907 1529 Εὑτυχίῳ

315 1540 403 1611 τῷ
433 1542 915 1615 Ἐλευθεροπολίτῃ
933 1542 1022 1596 διὰ
1049 1542 1140 1597 τὸν
1169 1545 1307 1616 πρὸς
1331 1544 1598 1616 Κύριλλον
1618 1547 1709 1600 τὸν
1742 1547 1907 1619 Ἱερο-

322 1633 626 1705 σολυμίτην
671 1633 835 1703 ζῆλόν
866 1651 927 1687 τε
975 1634 1071 1688 καὶ
1114 1637 1273 1705 μῖσος
1300 1637 1591 1692 ἀνθίστατο
1633 1640 1746 1701 τοῖς
1778 1638 1909 1709 περὶ

320 1723 625 1788 Βασίλειον,
650 1724 744 1777 καὶ
783 1722 1054 1795 Γεώργιον
1068 1725 1161 1780 τὸν
1184 1727 1475 1792 Λαοδικέα,
1500 1729 1594 1782 καὶ
1621 1728 1908 1783 Σιλουανδν

318 1814 418 1867 τὸν
445 1814 685 1885 Ταρσέα,
726 1814 998 1869 Ἐλεύσιόν
1026 1833 1088 1870 τε
1126 1817 1219 1872 τὸν
1260 1819 1526 1884 Κυζίκου,
1572 1820 1907 1875 Μακεδόνων

320 1904 419 1959 τὸν
466 1906 1191 1976 Κωνσταντινουπολιτανόν,
1252 1908 1550 1965 Εὐστάθιον
1594 1910 1685 1964 τὸν
1740 1910 1907 1965 236a-

325 1995 516 2060 στείας
561 1997 657 2050 καὶ
698 1997 939 2051 Ἀνιανὺν
984 1998 1077 2052 τὸν
1113 1999 1389 2070 Ἀντιοχέα
1407 2041 1423 2066 ,
1472 2001 1591 2054 τότε
1636 2019 1909 2056 καταστα-

325 2086 534 2140 θέντων
562 2087 582 2118 ²
612 2089 734 2140 κατ’
760 2088 938 2141 αὐτῶν
967 2088 1081 2161 (57)
1110 2090 1302 2144 ἑαυτὸν
1329 2092 1666 2163 στρατεύσας
1692 2095 1720 2145 6
1744 2093 1908 2157 αὐτὸς

336 2177 598 2241 Ἀκάκιος
644 2177 845 2249 πολλὴν
879 2180 1077 2250 φύρσιν
1124 2181 1439 2253 εἰργάσατο.
1473 2184 1583 2236 Καὶ
1620 2184 1906 2252 γεγόνασιν

323 2268 411 2332 είς
439 2268 703 2339 ἀλλήλους
728 2269 983 2341 ὁμόδοξον
1014 2271 1114 2342 μὲν
1149 2271 1373 2344 γνώμην
1412 2274 1761 2346 κεκτημένοι,
1793 2276 1910 2329 δια-

324 2360 517 2429 φόρως
544 2359 599 2413 δὲ
627 2360 859 2414 ἑκάστου
894 2362 1076 2417 αὐτῶν
1104 2363 1512 2433 ὁμολογοῦντος,
1537 2366 1618 2427 είς
1648 2365 1911 2437 ἀλλήλους

323 2450 735 2522 διενηνεγμὲνοι
756 2493 770 2517 ,
812 2455 908 2506 καὶ
939 2454 1249 2525 σχισθέντες
1269 2497 1284 2520 ,
1310 2458 1390 2519 είς
1440 2456 1508 2510 τὰ
1540 2459 1913 2529 προειρημένα

324 2544 736 2616 διεσπάσθησαν
767 2546 898 2616 τρία
949 2548 1224 2619 τάγματα.
1273 2548 1331 2602 '0
1381 2549 1479 2620 μὲν
1519 2550 1627 2623 γὰρ
1662 2551 1915 2616 Ἀκάκιος

326 2636 427 2689 καὶ
463 2634 516 2688 οἱ
564 2637 681 2706 μετ’
713 2636 876 2690 αὐτοῦ
925 2636 1047 2690 οὔτε
1101 2638 1384 2708 ὁμοούσιον
1411 2640 1742 2709 ὡμολόγουν,
1792 2640 1915 2694 οὔτε

328 2728 541 2800 κτίσμα
583 2727 641 2782 ἓν
682 2730 790 2784 τῶν
835 2732 1171 2802 κτισμάτων,
1204 2732 1404 2804 καίπερ
1449 2735 1497 2786 οἱ
1537 2735 1690 2786 αὐτοὶ
1736 2736 1913 2807 ὑπάρ-

329 2836 555 2890 χοντες’
584 2822 767 2892 κρυφῆ
794 2821 849 2875 δὲ
878 2823 965 2875 διὰ
1004 2824 1095 2876 τὸν
1142 2824 1335 2895 καιρὸν
1379 2826 1913 2895 παρασιωπήσαντες

329 2910 398 2965 τὸ
421 2911 519 2966 τοῦ
563 2912 884 2985 κτίσματος,
916 2916 1071 2970 αὐτοὶ
1122 2916 1222 2986 μὲν
1270 2915 1381 2968 ὅλοι
1420 2912 1582 2987 ἦσαν,
1620 2918 1794 2971 ὁποῖοι
1820 2918 1913 2972 κα)⁵

410 3072 428 3103 ¹
454 3069 617 3127 Deest
644 3070 869 3142 aliquid.
949 3073 970 3102 ²
999 3090 1088 3142 πρ.
1134 3073 1559 3131 κατασταθέντα.

334 3226 941 3299 gatoresimperatoris
971 3227 1151 3284 edicto
1182 3230 1517 3299 percelleret.
1552 3231 1676 3284 Mox
1706 3231 1759 3284 in
1791 3229 1915 3283 Ari-

336 3297 581 3370 ininensi
633 3304 687 3350 et
713 3297 1044 3370 Seleueiensi
1099 3297 1308 3369 synodo
1342 3301 1737 3370 congregandis
1775 3315 1912 3368 pra:-

338 3369 536 3450 cipuas
580 3375 776 3450 partes
827 3368 956 3438 egit.
990 3366 1210 3450 Verum.
1241 3370 1419 3450 paulo
1454 3366 1574 3450 post
1617 3366 1801 3450 Acaci’i
1836 3370 1917 3450 fa-_

340 3437 528 3509 ctione
561 3437 829 3509 deiectus,
855 3437 963 3491 non
996 3442 1158 3492 modo
1198 3437 1543 3509 imperatoris
1577 3443 1782 3509 gratia.
1822 3439 1918 3493 sed

339 3507 661 3576 episcopatu
736 3506 958 3577 insuper
1009 3510 1230 3564 excidit.
1276 3506 1637 3579 'Flagrabant
1684 3526 1779 3579 per
1831 3510 1920 3562 illa

344 3587 597 3645 tempora
630 3591 740 3630 non
791 3581 965 3632 solum
1012 3579 1154 3633 inter
1203 3579 1438 3633 Arianos
1487 3588 1540 3633 et
1583 3580 1918 3643 Catholicos,

345 3646 448 3701 sed
480 3648 622 3701 inter
651 3647 800 3715 ipsos
832 3648 1068 3704 Arianos
1104 3649 1352 3703 dissidia.
1387 3649 1630 3715 Quorum
1660 3650 1781 3704 duae
1822 3664 1922 3715 po-

342 3717 623 3771 tissimum
679 3716 946 3771 factiones
993 3730 1170 3773 erant.
1226 3718 1455 3785 Quidam
1513 3720 1658 3775 enim
1697 3736 1761 3773 ex
1812 3720 1920 3773 illis

346 3786 489 3858 meri
518 3786 788 3858 dogmatis
846 3790 1085 3844 fautores
1113 3790 1280 3855 nihil,
1328 3789 1472 3858 quod
1524 3790 1591 3843 ad
1615 3789 1839 3858 iobafav
1871 3796 1925 3843 et

347 3856 717 3926 substantiam
773 3858 1045 3926 pertinet,
1098 3856 1387 3914 commune
1438 3875 1561 3914 esse
1610 3857 1747 3914 Filio
1799 3874 1924 3912 eum

347 3924 517 4008 {Patre
570 3924 915 4008 sentit-banti
939 3928 1171 4008 ideoque
1226 3936 1335 4008 tam
1369 3929 1923 4008 GWtOOQ’tOV,-quafn

348 3994 641 4067 ὁμοούσιον
666 3994 1202 4067 νιέριιόίίιιιιιιιῑίιιρο
1249 3994 1414 4052 ullani
1443 4002 1666 4053 omnino
1694 3994 1794 4067 τῆς
1839 3997 1929 4051 οὐ·

353 4065 479 4139 σίας
510 4065 1225 4139 mentionemadmittebant
1250 4086 1264 4131 ;
1290 4084 1389 4139 pro
1418 4085 1482 4124 eo
1506 4084 1569 4124 ac
1595 4065 1840 4139 pluribus
1869 4068 1924 4139 in

352 4134 574 4191 illorum
608 4136 987 4191 conciliabulis
1042 4134 1319 4193 decretum
1356 4138 1557 4202 fuerat,
1586 4134 1819 4192 maxime
1870 4138 1926 4191 in

352 4204 599 4277 secunda
624 4206 907 4277 Sirmiensi
943 4206 1171 4261 formula
1198 4247 1214 4271 ,
1249 4224 1411 4277 quam
1440 4209 1553 4263 Osii
1600 4218 1654 4263 et
1695 4206 1927 4260 Potamii

355 4274 753 4348 blasphemiam
806 4275 1045 4333 Hilarius
1097 4274 1353 4347 appellat.
1402 4277 1607 4348 Horum
1652 4279 1926 4348 principes

353 4356 515 4415 erant
547 4343 826 4400 Eudoxius
847 4385 862 4410 ,
889 4348 980 4415 qui
1005 4343 1395 4403 Antiochenam
1413 4345 1595 4400 sedem
1612 4343 1930 4414 occuparat,

354 4414 800 4487 Aeiiipalronus
829 4456 843 4481 ,
880 4414 1145 4487 Georgius
1189 4419 1590 4472 Alexandrinus
1616 4457 1628 4477 ,
1669 4416 1924 4487 Euzoius,

357 4484 453 4553 qui
500 4484 804 4539 Antiochiae
850 4495 972 4555 post
1018 4484 1427 4541 exauctoratum
1470 4487 1740 4543 Meletium
1768 4484 1931 4539 suffe-

357 4564 485 4609 ctus
531 4563 652 4609 est:
702 4570 918 4610 necnon
964 4559 1197 4611 Aeacius
1250 4557 1642 4620 Caesariensis,
1692 4555 1928 4610 Uranius

2004 559 2235 614 istorum
2289 560 2537 630 partibus
2586 561 2755 617 robur
2791 564 3049 629 accessit;
3102 563 3156 618 in
3206 564 3403 633 quibus
3433 572 3584 618 fuere

1988 652 2259 715 Basilius,
2314 651 2601 724 Georgius,
2636 652 2933 719 Silvanus,
2983 671 3045 708 ac
3107 655 3313 721 caeteri,
3377 658 3582 726 quibus
3637 718 3649 730 ι

2003 742 2188 798 carnis
2221 741 2507 796 brachium
2542 743 2857 813 adjumento
2901 753 3037 811 erat,
3071 744 3446 800 Constantium
3483 747 3584 799 im-

2005 842 2312 903 peratorem
2372 832 2639 904 intelligo.
2669 832 2967 888 Obtinuere
3004 842 3185 887 tamen
3236 836 3582 903 postmodum

2006 920 2312 985 Eudoxius,
2345 928 2401 976 et
2440 920 2711 991 Georgius
2770 920 3200 988 Alexandrinus,
3243 931 3295 977 et
3340 925 3577 979 Euzoius

2004 1011 2398 1066 Antiochenns.
2424 1010 2660 1067 Basilius
2690 1027 2818 1067 vero
2852 1028 2914 1066 ac
2944 1010 3209 1083 Georgius
3240 1013 3582 1072 Laodiceuus

2006 1116 2130 1157 eum
2190 1102 2307 1157 suis
2362 1102 2570 1157 minore
2627 1102 2681 1156 in
2731 1104 2908 1172 pretio
2942 1119 3063 1159 esse
3102 1114 3407 1173 coeperunt,
3458 1120 3581 1158 cum

2007 1192 2273 1248 hactenus
2326 1193 2616 1262 plurimum
2673 1195 2996 1250 auctoritate
3040 1196 3363 1250 valuissent.
3405 1194 3479 1248 Ex
3518 1196 3586 1249 iis

2006 1298 2225 1339 rursum
2266 1283 2357 1336 alii
2415 1283 2484 1339 ab
2526 1283 2716 1339 eadem
2770 1285 2961 1339 barresi
3009 1301 3072 1339 ac
3131 1286 3340 1357 synodo
3386 1284 3586 1339 divulsi

2009 1383 2158 1439 sunt,
2207 1376 2345 1431 adeo
2397 1383 2457 1430 ut
2509 1376 2836 1430 Arianorum
2870 1383 3017 1431 secta
3046 1376 3149 1431 tria
3200 1378 3253 1430 in
3289 1375 3587 1431 factionum

2009 1467 2241 1523 divortia
2300 1468 2636 1523 discesserit.
2682 1466 2814 1521 Nam
2849 1469 3080 1523 Aeacius
3118 1468 3441 1524 Palzestinus
3467 1467 3585 1523 Cte-

2008 1573 2178 1613 sareaa
2208 1558 2518 1629 episcopus,
2555 1574 2680 1614 cum
2726 1558 2958 1625 Meletio,
2991 1568 3046 1614 et
3076 1558 3283 1614 Uranio
3319 1557 3504 1630 Tyrio,
3535 1567 3589 1613 et

2013 1647 2280 1719 Eutyehio
2308 1648 2843 1719 Eleutheropolitano
2876 1665 2976 1719 pro
3000 1666 3066 1705 co
3104 1666 3211 1721 quo
3247 1651 3299 1704 in
3327 1650 3589 1721 Cyrillum

2009 1739 2561 1812 Hierosolymitanum
2620 1743 2747 1797 odio
2797 1750 2852 1798 et
2906 1742 3106 1797 invidia
3150 1742 3431 1813 ﬂagrabat,
3488 1741 3588 1797 Ba-

1938 1831 2141 1933 Bsilio
2214 1847 2279 1886 ae
2326 1831 2557 1904 Georgio
2624 1832 2965 1898 Laodiceno,
3024 1832 3245 1889 Silvano
3299 1833 3584 1897 Tarsensi,

2015 1921 2235 1977 Eleusio
2264 1922 2554 1995 Cyziceno,
2590 1923 2907 1979 Macedonio
2958 1922 3588 1995 Constantinopolitano,

2014 2013 2295 2070 Enslathio
2316 2015 2615 2071 Sebasteno
2661 2024 2717 2071 et
2738 2017 2948 2070 Aniano
2978 2015 3316 2070 Antiocheno
3352 2015 3591 2085 seipsum

2013 2106 2287 2176 opposuit,
2324 2107 2418 2176 qui
2476 2114 2590 2161 tum
2639 2107 2920 2161 constituti
2970 2122 3092 2161 eum
3127 2116 3331 2169 essent,
3357 2122 3485 2162 suas
3537 2106 3590 2159 in

2012 2211 2108 2251 eos
2144 2197 2290 2251 vires
2337 2198 2555 2267 collegit
2599 2198 2853 2263 Aeacius,
2883 2214 2947 2252 ac
2986 2197 3272 2251 turbarum
3297 2198 3590 2268 plurimum

2016 2288 2273 2343 concivit.
2308 2287 2384 2342 Ita
2437 2288 2638 2343 factum
2696 2296 2800 2353 est,
2844 2296 2901 2342 ut
2926 2303 3049 2343 cum
3084 2288 3137 2341 in
3171 2287 3358 2341 eadem
3391 2285 3592 2355 alioqui

2017 2392 2209 2433 omnes
2262 2379 2517 2449 opinione
2570 2378 2770 2445 forent,
2806 2395 2915 2432 non
2977 2379 3166 2433 eodem
3214 2386 3393 2431 tamen
3436 2379 3595 2430 modo

2018 2468 2217 2538 singuli
2266 2468 2626 2538 professionis
2669 2484 2781 2523 sum
2814 2468 3105 2521 formulam
3138 2469 3506 2536 conciperent,
3544 2473 3597 2519 et

2019 2575 2049 2613 a
2085 2576 2143 2615 se
2175 2560 2405 2614 invicem
2438 2554 2910 2615 dissiderent.'Ex
2940 2574 3045 2628 qua
3082 2558 3348 2612 divisione
3392 2558 3443 2610 in
3485 2566 3597 2610 tres

2022 2650 2163 2710 illas,
2204 2664 2342 2717 quas
2376 2647 2537 2703 modo
2564 2648 2824 2715 diximus,
2850 2646 3115 2701 factiones
3149 2647 3398 2701 distracti
3446 2654 3596 2702 sunt.

2021 2739 2234 2795 Etenim
2275 2740 2506 2796 Aeacius
2550 2755 2673 2793 cum
2712 2740 2829 2794 suis
2855 2754 3029 2809 neque
3071 2739 3598 2793 consubstantialem

2020 2831 2291 2885 fatebatur
2335 2848 2456 2887 esse
2513 2831 2731 2895 Filium,
2775 2847 2950 2900 neque
2995 2839 3300 2885 creaturam
3329 2847 3392 2883 ex
3433 2832 3594 2900 8'71

2020 2928 2336 2975 caeteraruin
2386 2920 2578 2975 ordine
2606 2936 2670 2975 ac
2714 2935 2965 2975 numero.
3012 2919 3077 2972 Et
3128 2919 3377 2989 quamvis
3409 2921 3598 2973 eadem

1943 3237 1985 3296 (ς
2020 3228 2170 3283 enim
2202 3230 2436 3283 Aeacius
2467 3228 2820 3284 Cmsariensis
2851 3244 2973 3283 cum
3024 3227 3240 3283 Meletio
3264 3267 3278 3291 ,
3308 3234 3361 3281 et
3395 3225 3600 3279 Uranio

2019 3299 2221 3371 Tyrio,
2264 3299 2531 3371 Eutychio
2586 3299 3161 3371 Eleutheropolitano,
3214 3307 3267 3371 c_t
3302 3297 3596 3371 aliis_qui-

2019 3367 2248 3424 busdam
2284 3367 2415 3424 suas
2442 3369 2558 3438 ipse
2584 3378 2766 3438 partes
2792 3369 3098 3429 constituit,
3128 3382 3192 3421 ac
3226 3367 3601 3438 Semiariano-

2022 3456 2143 3493 rum
2176 3439 2412 3493 ducibus
2446 3437 2708 3493 acerrime
2758 3440 2961 3493 restitit
3004 3440 3055 3492 in
3098 3437 3430 3491 Seleueiensi
3464 3452 3599 3490 con-

2022 3509 2169 3564 cilio.
2205 3510 2307 3574 Qui
2354 3510 2407 3562 in
2449 3526 2550 3572 eo,
2579 3518 2631 3562 ut
2674 3509 2900 3578 opinor,
2950 3509 3018 3561 ab
3065 3507 3337 3578 Eudoﬁgio,
3369 3506 3600 3576 aliisque

2022 3580 2325 3650 prazfractis
2356 3579 2601 3633 Aetianis
2631 3576 2996 3650 discrepabat,
3039 3578 3181 3647 quod
3211 3576 3406 3650 Filium
3443 3591 3591 3650 crea-

2025 3647 2204 3703 turam
2265 3664 2428 3713 esse,
2491 3659 2585 3702 aut
2636 3647 2829 3703 Patris
2865 3650 3188 3703 dissimilem
3223 3648 3326 3702 etsi
3374 3647 3599 3717 perinde

2025 3728 2191 3789 atque
2250 3720 2325 3773 illi
2355 3719 2582 3789 sentiret
2604 3757 2619 3782 ,
2654 3735 2762 3774 non
2803 3726 2982 3773 tamen
3013 3719 3183 3772 libere
3230 3719 3599 3789 audacterque

2066 3787 2397 3843 rofiteretur.
2436 3788 2509 3845 De
2549 3790 2634 3844 bis
2676 3790 2902 3843 consule
2943 3789 3218 3841 Socratem
3249 3787 3340 3840 lib.
3371 3802 3444 3851 ιι,
3474 3802 3598 3855 cap.

2069 3861 2090 3913 1
2125 3870 2177 3913 et
2208 3860 2592 3927 sequentibus;
2630 3858 2956 3913 Theodorct.
2996 3859 3087 3912 lib.
3115 3874 3172 3922 ιι,
3218 3873 3336 3927 cap.
3371 3856 3472 3924 27;
3506 3856 3602 3909 So-

2028 3945 2171 3985 zom.
2207 3930 2302 3982 lib.
2330 3945 2402 3991 iv,
2445 3944 2566 3998 cap.
2593 3929 2656 3981 Ἡ
2694 3944 2757 3981 ac
2791 3930 3070 3997 deinceps.

2098 3999 2209 4067 (54)
2246 3998 2368 4053 Τῶν
2394 3997 2526 4069 περὶ
2546 4000 2907 4069 βασίλειον,
2940 3998 3121 4069 φημὶ,
3153 3997 3251 4050 καὶ
3286 3997 3598 4069 Γεώρχιον,

2029 4065 2127 4121 καὶ
2154 4065 2505 4121 Sulcum-0'1".
2543 4068 2694 4122 Hunc
2722 4070 2897 4137 ipsum
2928 4065 3207 4122 Silvanum
3238 4068 3400 4121 refert
3431 4065 3604 4119 Theo-

2030 4140 2252 4192 doretus
2295 4139 2387 4191 lib.
2422 4155 2482 4201 ll,
2514 4153 2632 4207 cap.
2666 4138 2756 4201 27,
2806 4138 2866 4189 τὸ
2911 4137 3191 4207 ὀμοούσιον
3219 4152 3404 4190 coram
3438 4137 3604 4207 impc-

2031 4217 2213 4261 ratore
2252 4208 2579 4262 defendisse.
2623 4207 2778 4272 Quod
2815 4208 2970 4260 valde
3020 4209 3221 4259 miror:
3261 4221 3383 4258 nam
3417 4207 3470 4257 in
3506 4207 3603 4259 Se-

2032 4279 2294 4331 leuciensi
2348 4278 2712 4332 conciliabulo
2744 4277 2890 4329 hunc
2943 4293 3108 4329 unum
3167 4276 3426 4329 adversus
3460 4279 3601 4330 Aca-

2032 4349 2222 4401 cianos
2259 4348 2530 4416 pertendit
2557 4386 2571 4409 ,
2605 4356 2663 4400 ut
2692 4348 3029 4401 Antiochena
3080 4346 3309 4400 formula
3341 4346 3603 4416 retinere.-

2032 4425 2157 4479 tur,
2216 4414 2290 4469 ait
2326 4417 2578 4471 Socrates
2609 4418 2703 4471 lib.
2753 4432 2828 4478 ιι,
2862 4432 2982 4485 cap.
3016 4416 3103 4470 '52.
3142 4416 3280 4481 Quid
3337 4423 3514 4469 autem
3548 4414 3602 4467 in

2033 4487 2217 4540 animo
2246 4487 2494 4540 habuerit
2539 4488 2584 4541 is
2611 4528 2625 4551 ,
2658 4486 2749 4556 qui
2803 4484 2983 4539 οὖσιον
3014 4488 3153 4555 apud
3202 4486 3603 4556 Theodoretum

2033 4572 2133 4626 pro
2186 4556 2467 4627 ὁμοούσιον
2520 4555 2889 4627 reponendum
2948 4558 3203 4621 censuit,
3252 4557 3451 4613 docere
3490 4555 3605 4624 ipse

358 4621 492 4695 Iyri
540 4624 782 4695 episcopi
810 4644 823 4692 ;
866 4627 919 4679 in
979 4627 1270 4682 Occidente
1332 4643 1462 4682 vero
1524 4627 1783 4681 Ursacius
1808 4664 1822 4689 ,
1879 4635 1931 4680 et
1964 4622 2006 4676 Ι)
2036 4621 2318 4682 debuerat.
2352 4626 2484 4679 Nam
2510 4621 2608 4681 v05:
2640 4629 2728 4679 illa
2758 4626 2934 4689 οὔσιος
2965 4642 3071 4680 ιιοιι
3110 4636 3195 4681 est
3226 4627 3405 4680 nauci.

356 4692 591 4766 Valens,
622 4692 966 4759 Gerininius,
1000 4698 1202 4766 aliique
1248 4699 1543 4753 innumeri.
1573 4697 1728 4763 Quod
1776 4696 1922 4749 enim

355 4763 644 4817 Aetianain
674 4766 952 4832 perfidiam
982 4763 1383 4824 cum'Eudoxio
1412 4769 1645 4823 Aeacius
1666 4808 1680 4834 ,
1715 4765 1923 4820 caeteri-

356 4848 468 4905 que
529 4837 1021 4905 propuguaverint,
1065 4845 1293 4892 testatur
1342 4838 1677 4893 Sozomenus
1711 4838 1804 4890 lib.
1846 4852 1919 4899 ιν,

360 4903 502 4982 ῥίῳ..
538 4903 623 4982 Η..
670 4904 775 4982 A_li_i
824 4922 952 4982 vero
984 4923 1050 4961 ex
1080 4908 1269 4982 eodem
1308 4909 1629 4982 Arianorum
1684 4922 1852 4982 grege
1893 4920 1923 4958 a

358 4975 606 5045 magistri
634 4975 717 5027 sui
743 4976 1015 5045 impietate
1044 4978 1319 5045 paululum
1338 4975 1721 5042 desciscentes,
1736 4976 1923 5037 οὐσίας

359 5043 723 5116 vocabulum,
752 5043 826 5116 et
852 5044 970 5099 Filii
1003 5043 1058 5099 in
1101 5049 1387 5109 omnibus,
1421 5049 1662 5116 adeoque
1710 5049 1763 5099 in
1796 5046 1925 5116 sub-

360 5121 589 5186 stantia,
619 5114 1032 5186 similitudinem
1070 5118 1456 5186 agnoscebant.
1482 5114 1724 5182 Quorum
1755 5114 1927 5183 signi-

363 5183 467 5257 feri
498 5198 566 5257 ac
603 5183 965 5257 duceserant
996 5183 1224 5257 Basilius
1268 5187 1589 5257 Ancyranus
1618 5227 1631 5250 ,
1664 5186 1928 5257 Georgius

2102 4696 2212 4767 (55)
2252 4700 2315 4750 Ol
2375 4697 2506 4764 περὶ
2568 4696 2877 4759 Εὐδόξιον.
2933 4698 3196 4765 Corrupla
3251 4699 3367 4751 sine
3410 4694 3597 4767 dubio,

2028 4763 2205 4836 neque
2240 4768 2372 4821 satis
2407 4763 2613 4836 integra
2655 4768 2758 4821 ista
2802 4774 2929 4819 sunt
2960 4785 2972 4820 :
3008 4763 3183 4836 neque
3228 4767 3373 4821 enim
3424 4763 3603 4836 Eudo-

2030 4834 2172 4901 xiu's,
2209 4854 2271 4891 ac
2310 4834 2592 4906 Georgius-
2630 4837 3030 4891 Alexandrinus
3077 4834 3110 4891 εἰ
3152 4836 3333 4891 Basilii
3375 4844 3467 4888 aut
3507 4834 3603 4906 Se-

2030 4910 2419 4962 miarianoruln
2463 4905 2722 4975 partibus
2760 4915 2958 4976 stetere
2984 4946 2998 4968 ,
3071 4905 3603 4976 quibuscum_ve|_ie-

2030 4979 2363 5032 tuentissime
2389 4973 2809 5032 contendebant.
2839 4974 2949 5031 Nos
2970 4973 3304 5047 quat—desunt
3334 4976 3385 5027 in
3410 4973 3603 5027 Latino

2028 5048 2419 5116 supplevimus.

2101 5112 2211 5188 (56)
2242 5117 2351 5188 Καὶ
2420 5119 2684 5184 Οὑρανίῳ
2722 5116 2804 5188 τῷ
2863 5118 3064 5185 Τυρίῳ.
3113 5114 3267 5184 Apud
3320 5112 3597 5188 Socratem

2030 5183 2228 5255 sapius
2273 5183 2524 5241 Ursacius
2582 5203 2682 5257 pro
2725 5183 3238 5257 Uranio‘perpcram
3277 5183 3604 5237 substitutus

362 5252 729 5327 Laodicenus,
758 5251 1012 5327 Silvanus
1046 5256 1332 5312 Tarsensis
1356 5251 1744 5327 ,'SOplironius
1768 5251 1930 5327 Ρριιι-
2028 5251 2131 5313 est.

362 5324 788 5396 peiopolitanus,
819 5324 1069 5381 Eleusius
1088 5327 1408 5396 Cyziceuus,
1427 5324 1774 5382 Macedonius
1785 5325 1928 5379 Con-

2102 5328 2213 5397 (5'7)
2258 5328 2395 5382 Τότε
2422 5327 2914 5383 κατασταθέντων
2958 5325 3083 5397 κατ’
3121 5321 3337 5397 αξιτῶνθἶ
3367 5320 3601 5397 Legum

365 5390 884 5471 ὲιειιιὶίιιορριῖιθηρε
910 5405 1030 5471 κει
1052 5390 1179 5471 ,ηιξι
1210 5397 1464 5471 Socrates
1494 5414 1557 5450 ac
1593 5396 1928 5471 Soaonienus
2030 5390 2118 5471 est
2153 5390 2204 5471 in
2242 5397 2984 5471 margine,accurato-ratiévtaiL
2996 5396 3124 5471 Nam
3153 5391 3467 5471 depositoin
3506 5390 3603 5469 Se-

366 5464 577 5538 volunt,
610 5465 772 5519 etiam
809 5466 1047 5538 Cyrillus
1086 5466 1630 5538 llierosolymitanus.
1682 5465 1805 5538 llaec
1829 5465 1938 5519 duo

364 5536 584 5606 Arianae
612 5545 775 5589 sectae
798 5537 973 5603 capita
1024 5536 1272 5598 fuerunt,
1320 5536 1552 5606 quorum
1595 5539 1647 5591 in
1683 5537 1937 5605 dogmate

367 5607 492 5675 ipso
523 5605 798 5660 dissensio
843 5607 1182 5659 versabatur.
1214 5605 1392 5661 Tertia
1447 5607 1641 5661 deinde
1672 5623 1776 5660 non
1826 5614 1934 5657 tam

368 5690 439 5730 ex
472 5675 677 5729 erroris
705 5676 995 5745 varietate,
1037 5692 1198 5745 quam
1253 5693 1317 5731 ex
1361 5678 1500 5731 odiis
1544 5688 1598 5729 et
1628 5676 1939 5745 offensioni-

368 5748 479 5806 bus
506 5754 695 5802 exorta
738 5744 901 5799 factio
927 5742 1465 5815 cst,’Acacianorum
1504 5748 1767 5803 videlicet.
1839 5742 1937 5799 iit-

2039 5469 2299 5523 leuciensi
2331 5460 2615 5524 concilioa
2648 5468 2848 5522 Basilio
2867 5475 2921 5519 et
2952 5462 3305 5518 Semiarianis
3338 5460 3602 5519 Eudoxio.

2038 5538 2300 5593 suffectus
2388 5546 2471 5593 est
2559 5540 2826 5599 Anianus,
2877 5538 2969 5603 qui
3020 5534 3088 5586 ab
3159 5532 3442 5584 Acaciinis
3500 5543 3606 5657 £31:

2038 5609 2347 5657 Lauricium
2381 5616 2434 5657 et
2466 5607 2703 5657 Leonam
2738 5607 2793 5657 in
2825 5604 3077 5657 exsiliunt
3110 5603 3316 5657 eiectus
3358 5609 3460 5657 est.

2038 5609 2347 5663 Lauriciuln
2381 5616 2434 5662 et
2466 5607 2703 5662 Leonam
2738 5607 2793 5659 in
2825 5604 3077 5661 exsilium
3110 5603 3316 5672 ejectus
3358 5609 3460 5658 est.

2039 5690 2214 5735 crates
2240 5680 2331 5736 lib.
2374 5694 2435 5747 ιι,
2472 5693 2594 5748 cap.
2624 5676 2695 5731 52
