3990 6228
395 281 497 338 ιιτ

1790 279 1848 336 8.
1893 279 2234 337 EPlPllANll

3553 280 3688 338 448

395 416 522 455 cum
550 400 672 457 anis
703 401 988 465 sentirent,
1041 414 1197 453 suam
1239 405 1422 453 tamen
1452 398 1768 469 opinionem
1803 399 1972 456 dissi-

2109 401 2351 471 Αρειανοί
2372 415 2384 428 ⁸
2411 399 2839 470 παρεκρύϐησαν
2866 400 2922 453 δὲ
2948 399 3028 471 τῷ
3049 400 3226 472 καιρῷ
3245 401 3459 472 ἐκείνῳ,
3488 401 3696 472 μηδὲν

398 492 696 552 mulabant,
737 504 800 543 ac
847 490 1075 558 tempori
1133 489 1435 545 servientes
1474 499 1740 545 creatura:
1783 505 1983 546 nomen

401 583 622 638 silentio
671 580 1049 650 pra‘teribant,
1083 596 1208 635 cum
1241 581 1464 637 interim
1491 580 1630 635 nihil
1659 580 1727 636 ab
1763 580 1984 636 Arianis

397 673 747 728 dissiderent.
777 671 976 728 Verum
1014 688 1110 743 per
1143 673 1278 728 illud
1303 680 1517 741 tempus
1541 673 1688 744 quod
1721 673 1776 728 in
1799 674 1985 727 animo

399 766 667 820 habebant
699 767 1070 828 occultarunt,
1106 781 1231 821 cum
1275 766 1411 821 nihil
1441 766 1590 823 aliud
1623 775 1817 836 praater
1853 767 1986 821 illud

400 857 455 911 in
489 856 747 927 opinione
785 856 1044 911 haberent
1071 875 1082 910 :
1111 857 1258 926 quod
1285 872 1473 912 eorum
1506 858 1682 928 gratia
1714 856 1984 922 fecerunt,

398 951 494 1020 qui
519 966 578 1006 se
617 949 684 1003 ad
721 950 963 1019 ipsorum
995 960 1197 1003 emtum
1245 959 1694 1020 aggregaverant,
1738 950 1988 1007 homines

403 1043 646 1112 alioquin
670 1042 982 1107 orthodoxi,
1033 1041 1128 1096 sed
1157 1042 1529 1108 simulatores,
1553 1050 1610 1097 et
1644 1043 1990 1113 imperatoris

403 1135 660 1204 potestati
691 1135 1015 1200 servientes,
1049 1133 1408 1204 eamdemque
1429 1135 1870 1200 reformidantes,
1895 1137 1987 1206 qui

413 1242 602 1281 secum
635 1227 868 1281 invicem
905 1226 1222 1282 inimicitias
1268 1227 1618 1283 exercebant.
1645 1226 1782 1282 Nam
1821 1227 1990 1299 Euty.

407 1317 566 1372 chius
597 1317 1194 1387 Elcutlieropolitanus,
1234 1327 1419 1390 utpote
1442 1338 1470 1373 ιι
1505 1319 1664 1374 beato
1690 1319 1993 1375 Maximona

411 1402 908 1476 llierosolymitano
933 1409 1193 1477 episcopo
1231 1422 1296 1462 ac
1344 1407 1664 1464 confessore
1707 1411 1994 1467 catholica:

410 1493 535 1548 fidei
593 1495 864 1549 institutis
909 1497 1157 1559 edoctus,
1197 1505 1417 1566 propter
1456 1498 1643 1568 Cyrilli
1679 1499 1885 1562 odium,
1925 1500 1992 1556 ad

407 1582 669 1637 Acacium
699 1600 820 1639 sese
856 1601 962 1638 non
1013 1585 1286 1654 adjunxit.
1323 1587 1427 1652 Qui
1459 1586 1677 1656 quidem
1709 1587 1993 1658 aliquanto

409 1683 659 1746 tempore
710 1678 1034 1731 catholicam
1077 1677 1233 1733 fidem
1295 1679 1662 1748 amplectens,
1715 1681 1996 1752 dignitatis

2083 492 2212 547 ἄλλο
2244 493 2568 564 φρονοῦντες
2615 493 2790 563 ἀλλ’ἢ
2846 492 3004 546 τοῦτο
3051 493 3140 547 διὰ
3177 495 3304 556 τοὺς
3335 494 3434 549 σὺν
3474 495 3692 555 αὐτοῖς

2089 586 2483 657 μεμιγμένους,
2513 584 2674 654 φύσει
2703 583 3039 656 όρθοδόξους,
3065 585 3366 657 ὑποκριτὰς
3387 585 3445 639 δὲ
3481 585 3695 654 ὑπάρο

2084 695 2282 748 χοντας
2303 717 2319 742 ,
2357 679 2453 732 καὶ
2502 677 2962 748 ὑποκρινομένους
3009 678 3110 749 τὴν
3152 677 3413 748 βασιλέως
3440 676 3687 741 δεξιὰν,

2087 770 2182 823 καὶ
2209 768 2446 832 δεδιότας
2472 770 2512 835 ‘,
2548 770 2642 822 καὶ
2688 769 2911 839 ἔχοντας
2943 770 3082 842 πρὸς
3123 770 3383 841 ἀλλήλους
3414 768 3691 840 ἐχθρίαν,

2090 860 2402 931 βουλόμενοι
2435 861 2646 930 στῆναι.
2699 861 2959 930 Εὑτύχιος
3009 861 3106 932 μὲν
3143 861 3253 932 γὰρ
3279 863 3307 914 6
3348 860 3690 932 Ἐλευθερο-

2089 955 2335 1024 πολίτης,
2369 948 2458 1006 οἷα
2504 952 2570 1024 δὴ
2611 952 2722 1006 ἀπὸ
2768 951 2863 1006 τοῦ
2903 953 3172 1024 μακαρίου
3215 951 3523 1022 Μαξιμωνᾶ
3568 950 3695 1004 τοῦ

2101 1044 2532 1115 Ἱεροσολυμίτου
2587 1043 2921 1114 όμολογητοῦ
2985 1044 3286 1097 ἐπισκόπου
3339 1043 3434 1113 τὴν
3482 1043 3696 1095 πίστιν

2092 1140 2232 1208 ἔχων
2251 1138 2399 1208 σαφῆ
2423 1137 2524 1206 τῆς
2545 1135 2872 1207 όρθοδοξίας,
2895 1135 2983 1188 διὰ
3002 1132 3100 1206 τὴν
3131 1136 3267 1206 πρὸς
3290 1135 3381 1188 τὸν
3400 1135 3695 1206 Κύριλλον

2092 1230 2314 1301 ὲχθρίαν
2367 1229 2468 1282 οὐκ
2503 1227 2614 1298 (58)
2645 1227 2809 1298 ὲμίγη
2845 1229 2958 1290 τοῖς
2985 1227 3114 1297 περὶ
3152 1226 3424 1286 Ἀκὰκιον,
3447 1225 3692 1295 ὀρθοδὸ-

2093 1323 2199 1389 ξως
2228 1321 2328 1392 μὲν
2353 1320 2494 1390 ἔχων
2522 1320 2650 1390 ἄχρι
2684 1320 2900 1390 καιροῦ,
2931 1319 3353 1390 ὑποκρινόμενος
3378 1318 3433 1370 δὲ
3463 1317 3556 1369 διὰ
3581 1318 3693 1369 τὸν

2096 1413 2226 1466 ἴδιον
2256 1412 2478 1482 θρόνον·
2523 1412 2618 1464 καὶ
2664 1411 2815 1465 ἄλλοι
2869 1410 3088 1473 πλείους
3133 1412 3234 1478 τῆς
3283 1408 3690 1477 Παλαιστίνης,

2093 1502 2160 1555 δι’
2185 1501 2280 1565 οὓς
2314 1501 2568 1564 Ἀκάκιος
2595 1501 2689 1554 καλ⁸
2717 1503 2766 1553 οἱ
2801 1501 2920 1570 μετ’
2942 1497 3110 1552 αὑτοῦ
3134 1501 3234 1570 τὴν
3261 1499 3429 1569 αὐτὴν
3455 1498 3694 1567 ἔχοντες

2095 1593 2297 1648 λύσσαν
2325 1595 2419 1647 καί
2449 1593 2690 1664 μανιώδη
2715 1592 3095 1658 κακοπιστίαν,
3123 1592 3261 1655 τέως
3287 1592 3419 1661 πρὸς
3433 1591 3529 1643 τὸν
3559 1606 3696 1642 και-

2100 1685 2191 1757 ρδν
2225 1687 2354 1756 περὶ
2385 1685 2591 1738 τούτων
2617 1685 2770 1738 οὐδὲν
2801 1685 3036 1749 ἐκίνουν,
3067 1683 3191 1737 οὔτε
3236 1684 3332 1754 μὲν
3370 1682 3690 1752 ὁμολογεῖν,

411 1782 525 1822 sum
555 1768 847 1822 retinenda:
885 1771 1058 1839 gratia
1091 1770 1474 1834 dissimulavit,
1512 1779 1568 1824 ut
1614 1782 1666 1825 ct
1696 1773 1787 1825 alii
1819 1773 1986 1828 Palae-

2109 1779 2215 1832 ›ῦτε
2246 1779 2565 1850 ἀρνεῖσθαι·
2613 1777 2750 1833 ἀλλὰ
2781 1777 3130 1837 συνελθόντες
3166 1779 3224 1829 ὲν
3261 1779 3326 1847 τῇ
3359 1774 3690 1845 Σελευκείᾳ,

411 1859 571 1914 stitia:
621 1861 930 1930 complures
991 1862 1256 1932 episc0pi.
1309 1860 1539 1932 Propter
1582 1878 1722 1933 quos
1758 1864 1988 1922 Aeacius

411 1964 540 2004 cum
568 1951 886 2006 suiseadem
921 1951 1070 2006 rabie
1099 1959 1152 2005 ct
1183 1951 1522 2008 infidelitatis
1555 1953 1738 2009 furore
1772 1955 1987 2024 perciti,

412 2042 548 2096 nihil
587 2041 655 2095 ad
713 2052 926 2111 tempus
982 2043 1048 2098 dc
1081 2043 1233 2098 hisce
1263 2044 1609 2115 dogmatibus
1654 2060 1869 2102 movere
1898 2063 1984 2103 vo-

415 2133 654 2196 luerunt,
689 2148 864 2203 neque
881 2142 973 2188 aut
999 2134 1335 2202 allirinando,
1363 2143 1456 2190 aut
1481 2137 1730 2208 negando
1750 2155 1994 2209 pronun-

415 2224 640 2281 tiarunt.
673 2224 778 2280 Sed
805 2224 1082 2292 Seleuciae,
1123 2243 1246 2297 quae
1270 2226 1478 2297 Aspera
1499 2227 1723 2296 dicitur,
1755 2230 1809 2285 in
1852 2233 1996 2286 Isau-

415 2314 498 2368 ria
525 2314 830 2372 Constantii
878 2316 1226 2386 imperatoris
1251 2317 1412 2387 jussu
1467 2322 1777 2390 congregati
1831 2323 1992 2378 aliam

2094 1875 2161 1944 τῇ
2189 1872 2432 1943 Τραχείᾳ
2459 1872 2794 1942 καλουμένῃ,
2820 1869 2965 1924 κατὰ
2991 1871 3087 1940 τὴν
3111 1868 3404 1939 Ἰσαυρίαν,
3427 1869 3492 1919 ἐκ
3515 1883 3694 1936 προσ-

2097 1966 2377 2034 τάγματος
2410 1964 2788 2016 Κωνσταντίου
2816 1961 2911 2014 τοῦ
2950 1960 3235 2031 βασιλέως,
3267 1960 3446 2011 πίστιν
3479 1958 3696 2027 ἑτέραν

2097 2055 2258 2126 δῆθεν
2309 2055 2648 2118 ἐκτίθενται,
2684 2055 2744 2106 οὐ
2793 2051 2936 2106 κατὰ
2967 2052 3064 2120 τὴν
3111 2051 3215 2103 ὑπὸ
3267 2050 3373 2102 τῶν
3421 2048 3697 2118 Πατέρων

2099 2146 2387 2216 ταχθεῖσαν
2416 2148 2474 2198 ἐν
2498 2149 2566 2216 τῇ
2603 2144 2807 2214 Νικαία
2845 2146 2910 2214 τῇ
2948 2143 3121 2203 πόλει,
3151 2141 3249 2210 τὴν
3282 2138 3565 2212 όρθόδοξον
3595 2139 3698 2189 καὶ

2101 2237 2281 2301 καλῶς
2307 2237 2667 2307 τεταγμένην,
2700 2235 2835 2289 ἀλλὰ
2869 2233 3253 2304 προσποιητῶς
3281 2233 3397 2303 μὲν,
3430 2231 3508 2292 ὼς
3547 2227 3700 2282 κατὰ

2097 2327 2402 2398 ἁφελότητα
2437 2327 2681 2390 εἰπόντες
2701 2344 2712 2356 ·

416 2411 542 2466 fidei
580 2412 867 2467 formulam
899 2421 1230 2483 proponunt,
1266 2431 1374 2469 non
1404 2416 1618 2484 qualem
1647 2415 1840 2474 Patres
1897 2420 2027 2474 olim
2059 2423 2115 2477 in
2150 2422 2368 2479 Nicaana
2400 2423 2610 2495 synodo
2651 2421 3011 2476 orthodoxam
3061 2435 3124 2474 ac
3160 2419 3471 2488 prwclarani
3528 2418 3700 2471 insti-

493 2602 680 2658 XXlV.
713 2603 1003 2659 Credimus
1041 2604 1096 2658 in
1126 2619 1295 2658 unum
1341 2604 1532 2669 Deum,
1567 2605 1784 2661 Patrem
1817 2610 1998 2662 omni-

419 2703 722 2766 potentem,
758 2702 891 2760 etc.,
933 2703 988 2748 et
1028 2694 1084 2748 in
1125 2693 1322 2748 Filium
1358 2693 1473 2761 Dei,
1503 2703 1635 2761 etc.,
1677 2697 2000 2767 simpliciter

420 2800 487 2841 ac
526 2784 658 2840 nihil
691 2785 1065 2839 vehementius
1094 2785 1317 2840 elocuti.
1349 2785 1550 2841 Postea
1576 2803 1705 2842 vero
1741 2801 1908 2843 totam
1943 2799 2002 2844 ut

422 2878 664 2932 fabulam
720 2885 961 2947 agerent,
1013 2876 1341 2931 addiderunt
1388 2895 1402 2930 :
1458 2896 1477 2930 ι
1523 2878 2004 2936 Consubstantiale

422 2967 722 3036 rejicimus,
751 2974 1010 3035 tanquam
1048 2980 1078 3018 a
1109 2967 1281 3020 sacris
1322 2965 1543 3021 Litteris
1573 2967 1830 3021 alienum.
1857 2967 2004 3021 Istud

309 2567 313 2570 ,
417 2515 656 2572 tuerant,
681 2508 776 2563 sed
806 2508 1002 2564 callide
1031 2524 1094 2564 ac
1125 2510 1246 2566 ﬁcte
1285 2511 1541 2566 simulata
1583 2519 1764 2567 tamen
1804 2514 2172 2584 simplicitate,
2202 2520 2347 2573 hunc
2377 2519 2430 2571 in
2463 2518 2681 2572 modum
2709 2515 3191 2586 conscripserunt:

2175 2615 2298 2668 KA'.
2337 2612 2672 2682 Πιστεύομεν
2705 2611 2786 2672 εἰς
2815 2610 2911 2662 ἕνα
2942 2609 3095 2673 Θεὸν,
3133 2607 3351 2677 Πατέρα
3376 2607 3698 2679 παντοκρά-

2104 2723 2257 2776 τορα,
2287 2705 2381 2758 καὶ
2408 2703 2644 2774 καθεξῆς
2665 2719 2678 2731 ·
2711 2703 2804 2755 καὶ
2831 2703 2912 2764 εἰς
2939 2701 3028 2753 τὸν
3055 2701 3186 2753 Υἱὸν
3206 2698 3298 2752 τοῦ
3323 2697 3476 2761 Θεοῦ,
3500 2697 3699 2762 λιτῶς,

2109 2795 2273 2866 μηδὲν
2310 2794 2530 2865 ίσχυρὺν
2559 2793 2908 2862 λαλήσαντες.
2940 2791 3206 2862 ’Ὕστερον
3245 2790 3330 2841 ἵνα
3367 2787 3700 2852 ὑποδείξωσι

2104 2887 2204 2958 τὴν
2243 2885 2422 2941 αὐτῶν
2463 2883 2930 2957 δραματουργίαν,
2962 2881 3192 2951 ἔφησαν,
3232 2881 3315 2933 ὅτι
3351 2900 3369 2932 ι
3398 2879 3698 2932 Ἐκϐἀλλο-

2111 2995 2208 3047 μεν
2251 2977 2312 3030 τὸ
2350 2975 2654 3047 ὁμοούσιον,
2689 2974 2763 3037 ὡς
2797 2973 3075 3043 ἀλλότριον
3125 2973 3223 3043 τῆς
3257 2971 3404 3034 θείας
3443 2969 3697 3042 Γραφῆς.

422 3074 551 3114 vero
584 3059 910 3114 damnamus
946 3076 959 3112 :
991 3057 1321 3112 Dissimilem
1356 3073 1481 3113 esse
1524 3057 1703 3113 Patris
1732 3057 1945 3111 Filium.
1987 3077 2004 3108 ι

2114 3068 2187 3120 Τὸ
2217 3067 2274 3120 δὲ
2302 3067 2555 3136 ἀνόμοιον
2582 3063 2712 3117 Υίοῦ
2741 3063 2878 3134 πρὸς
2909 3063 3130 3133 Πατέρα
3144 3060 3632 3130 ἁναθεματίζομεν.
3671 3078 3692 3110 ι

421 3150 601 3221 Atque
640 3151 756 3206 lucc
787 3150 1004 3206 demum
1025 3159 1141 3204 erat
1173 3149 1655 3205 callidissimorum
1683 3158 2006 3204 venatorum

425 3242 706 3297 illecebra.
745 3239 836 3295 Sic
874 3240 1020 3295 enim
1057 3240 1199 3294 inter
1240 3254 1362 3294 sese
1390 3239 1779 3301 mussitabant,
1814 3253 1878 3292 ac
1911 3238 2008 3293 do-

429 3334 629 3387 cebant
662 3351 675 3385 :
700 3332 963 3386 Creatura
997 3330 1216 3400 quidem
1241 3338 1328 3385 est
1351 3329 1444 3384 Dei
1474 3328 1666 3396 Filius,
1696 3329 1791 3384 sed
1816 3330 2010 3385 similis

427 3423 602 3488 Patri,
623 3438 688 3476 eo
707 3421 958 3476 videlicet
977 3436 1160 3485 sensu,
1183 3421 1276 3490 qui
1306 3420 1550 3474 omnium
1581 3407 1858 3475 hominum
1907 3435 2008 3474 usu

431 3531 498 3571 ac
529 3513 924 3571 consuetudine
963 3512 1253 3567 familiaris
1287 3517 1392 3567 est;
1437 3511 1647 3566 Etenim
1688 3512 1877 3581 plasta:
1898 3519 2004 3566 sta-

431 3617 558 3662 tuas
574 3606 853 3680 ellingunt,
873 3620 936 3659 ac
965 3605 1261 3660 simulacra
1291 3619 1354 3658 ex
1383 3618 1541 3666 auro,
1569 3609 1816 3672 argento,
1837 3602 2013 3657 aliave

433 3698 686 3762 materia,
718 3705 812 3750 aut.
839 3696 1118 3751 coloribus
1150 3696 1203 3750 in
1256 3695 1406 3765 ligno
1432 3694 1764 3763 exprimunt,
1792 3709 1911 3764 qum
1939 3693 2013 3748 si-

434 3790 798 3846 militudinem
839 3790 1041 3846 habent
1073 3789 1162 3844 illa
1189 3788 1852 3860 quidem,exemplaribus
1884 3803 2012 3841 vero

436 3883 553 3937 suis
581 3881 731 3935 nullo
782 3879 942 3935 modo
981 3891 1110 3934 sunt
1163 3878 1416 3948 mqualia.
1451 3877 1543 3932 Sic
1571 3877 1640 3932 ab
1680 3877 1788 3931 illis
1819 3877 2014 3931 callide

433 3973 694 4044 quiddam
748 3969 1114 4042 enegitatum
1178 3978 1262 4026 est
1314 3969 1669 4040 hujusmodi,
1725 3978 1783 4022 nt
1819 3968 2012 4022 Filium

436 4065 584 4121 Patri
626 4065 859 4121 similem
910 4079 1033 4120 esse
1088 4063 1428 4130 faterentur;
1477 4064 1603 4117 licet
1642 4062 1776 4117 nihil
1811 4062 1862 4115 in
1895 4061 2014 4130 ipso

437 4167 676 4231 paterna:
698 4156 1001 4213 divinitatis
1044 4156 1272 4213 inesset.
1305 4157 1470 4228 872
1514 4155 1640 4210 lliee
1667 4156 1881 4210 illorum
1917 4153 2014 4209 de-

437 4260 586 4307 creta
612 4251 878 4313 nonnulli,
904 4248 996 4318 qui
1030 4263 1154 4301 cum
1184 4248 1319 4319 ipsis
1358 4255 1536 4310 erant,
1556 4246 1756 4316 partim
1792 4250 2017 4314 propter

440 4347 698 4416 temporis
731 4345 1092 4400 calamitatem
1117 4343 1528 4413 approbat-unt;
1563 4348 1620 4396 et
1662 4354 1789 4393 vero
1822 4352 2015 4407 magna

2115 3159 2222 3212 Καὶ
2247 3153 2314 3228 ἦν
2342 3157 2503 3211 τοῦτο
2531 3155 2721 3208 δολίων
2745 3153 3024 3226 θηρευτῶν
3056 3152 3266 3223 δέλεαρ.
3294 3153 3403 3204 Καὶ
3428 3150 3538 3220 γὰρ
3565 3150 3702 3217 ἔφα.-

2117 3267 2264 3315 σκον,
2288 3251 2374 3302 ὅτε
2403 3250 2461 3302 ὲν
2493 3249 2674 3309 αὐτοῖς
2704 3247 2968 3315 ἐγίνοντο,
3003 3245 3096 3297 καὶ
3125 3243 3423 3305 ἐδίδασκον,
3454 3243 3535 3294 ὅτι
3560 3241 3698 3294 Κτί-

2118 3356 2228 3408 σμα
2259 3337 2358 3408 μὲν
2396 3337 2543 3390 ἔστιν
2581 3338 2609 3389 6
2639 3335 2765 3398 Υἱὸς
2791 3333 2882 3388 τοῦ
2908 3331 3067 3396 Θεοῦ,
3111 3331 3222 3384 ἀλλ’
3251 3329 3435 3401 ὅμοιός
3468 3329 3583 3380 ὲστι
3617 3327 3703 3397 τῷ

2117 3429 2311 3500 Πατρὶ,
2336 3428 2410 3492 ὼς
2447 3427 2589 3482 κατὰ
2621 3427 2862 3480 διάνοιαν
2889 3424 3094 3494 ταύτην
3126 3422 3225 3496 τὴν
3254 3425 3311 3474 ὲν
3346 3425 3457 3484 τοῖς
3487 3419 3701 3490 ἀνθρώ-

2118 3538 2240 3583 ποις
2285 3518 2764 3590 νομιστευομένην.
2807 3515 3136 3572 Ἐκτυποῦσι
3179 3515 3292 3585 γὰρ
3320 3515 3413 3567 καὶ
3455 3515 3504 3566 οἱ
3559 3513 3699 3565 πλα-

2118 3611 2374 3680 στουργοὶ
2400 3610 2745 3680 ἀνδριάντας,
2772 3610 2866 3662 καὶ
2887 3605 3313 3678 ἀφομοιάζουσιν
3338 3605 3553 3667 εἰκόνας
3579 3606 3702 3674 ἦτοι

2119 3703 2181 3755 ἐκ
2215 3700 2438 3772 χρυσοῦ,
2474 3701 2566 3754 καὶ
2588 3699 2852 3772 ἀργύρου,
2876 3699 2970 3753 καὶ
2992 3698 3156 3770 ἄλλης
3189 3697 3342 3766 ῦλης,
3371 3697 3404 3767 ῆ
3432 3695 3519 3748 διὰ
3553 3713 3700 3766 χρω-

2122 3795 2305 3864 μάτων
2326 3793 2416 3845 ὲπὶ
2441 3791 2725 3857 ξύλου,καὶ
2747 3791 2808 3844 τὸ
2830 3792 3015 3861 ὅμοιον
3043 3789 3278 3860 ἔχουσιν,
3305 3787 3460 3840 οὐδὲν
3486 3788 3543 3839 δὲ
3580 3786 3702 3840 κατ’

2122 3885 2340 3956 ἰσότητα
2371 3885 2479 3937 τῶν
2500 3883 2938 3953 ἐκτυπουμένων.
2959 3880 3144 3944 Οὕτως
3174 3879 3302 3950 παρ’
3325 3878 3510 3939 αὐτοῖς
3531 3878 3591 3929 τὸ
3618 3876 3704 3928 δό-

2119 3977 2230 4030 λιον
2251 3973 2337 4047 ἦν,
2367 3976 2649 4046 ὁμολογεῖν
2673 3976 2772 4045 μὲν
2786 3976 2969 4045 ὅμοιον
2988 3973 3064 4044 τῷ
3085 3973 3278 4043 Πατρὶ,
3300 3972 3453 4024 οὐδὲν
3473 3970 3528 4023 δὲ
3560 3969 3704 4038 ἔχειν

2118 4067 2220 4138 τῆς
2251 4067 2345 4121 τοῦ
2391 4069 2604 4140 Πατρός
2637 4067 2890 4138 θεότητος
2920 4066 2981 4119 τὸ
3024 4064 3304 4136 παράπαν.
3351 4062 3515 4116 Ἀλλά
3558 4077 3703 4122 τινες

2119 4157 2228 4211 τῶν
2281 4157 2399 4226 μετ’
2452 4156 2656 4218 αὐτῶν,
2693 4156 2808 4225 ἅμα
2851 4155 2908 4208 δὲ
2959 4153 3048 4207 διὰ
3088 4153 3185 4224 τὴν
3225 4151 3370 4204 οὕτω
3415 4149 3705 4220 συμϐᾶσαν

2123 4245 2406 4318 συμφορὰν
2455 4245 2550 4299 τοῦ
2586 4245 2778 4316 καιροῦ
2824 4244 3203 4315 κατεδέχοντο,
3250 4244 3341 4296 καὶ
3382 4241 3517 4311 ὁμοῦ
3561 4235 3705 4309 ἦσαν

2124 4338 2423 4401 συνειδότες
2451 4339 2500 4391 οἱ
2530 4337 2746 4400 πλείους
2779 4336 2956 4390 αὐτῶν
2979 4353 2991 4365 ·
3031 4336 3172 4398 τινὲς
3205 4334 3261 4388 δὲ
3307 4334 3402 4387 καὶ
3445 4329 3702 4399 ἀγνοοῦν-

439 4455 508 4500 ex
549 4413 705 4507 parte
740 4436 947 4491 conscii
994 4450 1057 4488 ac
1086 4433 1328 4490 fautores
1359 4442 1534 4488 erant.
1570 4429 1802 4497 Quidam
1832 4437 2004 4484 tamen

2119 4448 2230 4494 τες,
2265 4431 2342 4495 ὡς
2385 4429 2611 4500 ὕστερον
2641 4428 2877 4498 ἐδείχθη.
2915 4422 3025 4481 Ἦν
3059 4427 3165 4498 γὰρ
3203 4425 3318 4495 ἅμα
3345 4424 3553 4487 τούτοις
3585 4423 3701 4476 Ila-

441 4529 602 4596 inscii
642 4535 697 4581 et
736 4526 1105 4595 imprudentes
1160 4525 1368 4594 abrepti
1403 4531 1553 4586 sunt,
1590 4532 1647 4575 ut
1681 4521 1840 4592 paulo
1895 4526 2019 4589 post

444 4618 712 4689 apparuit.
755 4615 924 4670 Erant
959 4616 1105 4670 enim
1152 4615 1291 4670 inter
1332 4615 1458 4669 illos
1499 4612 1846 4682 Patrophilus
1886 4609 2020 4681 Scy-

443 4711 837 4780 tbopolitanus,
891 4717 946 4764 et
994 4707 1298 4778 Philippus,
1349 4705 1444 4775 qui
1506 4704 1670 4773 hujus
1733 4719 2022 4758 successor

443 4805 780 4859 constitutus
831 4801 945 4855 illic
1006 4799 1205 4863 fuerat,
1253 4813 1378 4852 cum
1420 4796 1545 4850 aliis
1587 4795 1878 4864 plerisque,
1928 4795 2021 4865 qui

448 4895 590 4952 hanc
637 4892 892 4948 haeresim
948 4888 1437 4960 amplectebantur.
1495 4883 1669 4939 llodie
1733 4899 1866 4940 vero
1903 4893 2025 4954 post

449 4987 668 5042 illorum
689 4984 920 5049 obitum,
950 4982 1041 5038 ubi
1072 4983 1315 5052 ipsorum
1349 4977 1595 5048 impietas
1627 4977 1784 5047 longe
1815 4977 2026 5046 lateque

445 5085 765 5152 propagata,
797 5073 1080 5130 audaciam
1128 5087 1191 5127 ac
1226 5072 1500 5127 licentiam
1548 5069 1690 5123 nacti
1711 5111 1726 5137 ,
1752 5085 1815 5123 ac
1845 5069 2028 5123 carnis

449 5171 675 5244 brachio
713 5169 857 5234 freti,
891 5167 1039 5222 nulla
1083 5180 1142 5221 re
1164 5165 1277 5234 jam
1315 5164 1586 5228 obstante,
1621 5177 1856 5233 quorum
1898 5177 2028 5216 con-

449 5263 633 5339 silium
661 5262 906 5318 inierant”
941 5265 1124 5329 aperte
1154 5256 1245 5317 illa
1281 5257 1598 5328 praedicant.
1643 5254 1835 5310 Nullus
1877 5255 2024 5314 enim

523 5420 542 5468 ι
574 5417 634 5472 F.
658 5418 749 5472 καὶ
776 5415 875 5485 τὴν
902 5413 1022 5485 βασ.
1053 5411 1162 5478 δεξ.
1185 5411 1294 5468 δεδ.

533 5574 639 5644 (58)
662 5575 764 5628 Διὰ
808 5573 923 5640 τὴν
955 5574 1104 5640 πρὸς
1141 5572 1248 5625 τὸν
1300 5564 2024 5644 Κύριλλονιέχθρίανῇοὺκ.

461 5633 826 5714 Expnngenda
857 5633 1340 5714 onmi'nojnegandi
1381 5633 1681 5714 particula;
1712 5648 1834 5713 nam
1863 5633 2028 5704 Euty-

461 5704 618 5782 cbi'us
643 5704 741 5784 pro
775 5730 874 5770 suo
891 5716 946 5783 in
968 5704 1228 5784 Cyrillum
1257 5704 1522 5764 odio'scse
1553 5706 1619 5760 ad
1640 5704 1897 5760 Acacium
1930 5720 2026 5774 ag-

2116 4523 2370 4596 τρόφιλος
2395 4525 2424 4577 6
2456 4522 2883 4592 Σκυθοπολίτης,
2917 4519 3011 4574 καὶ
3044 4519 3180 4590 μετὰ
3207 4516 3412 4571 τούτων
3438 4516 3702 4576 Φίλιππος

2119 4619 2147 4670 6
2181 4618 2296 4669 ἐκεῖ
2335 4614 2697 4678 κατασταθεὶς
2739 4613 2982 4682 διάδοχος
3027 4611 3119 4666 τοῦ
3154 4608 3574 4682 προειρημένου,
3605 4605 3700 4660 καὶ

2120 4709 2268 4762 ἄλλοι
2300 4707 2538 4771 πλείους,
2566 4707 2615 4760 οἱ
2642 4705 2801 4775 φύσει
2843 4704 3044 4775 ταύτην
3070 4703 3168 4772 τὴν
3201 4703 3412 4772 αἵρεσιν
3447 4697 3703 4768 κατέχον-

2119 4817 2232 4863 τες.
2263 4798 2376 4852 Νῦν
2407 4798 2465 4851 δὲ
2499 4797 2636 4868 μετὰ
2669 4797 2770 4868 τὴν
2800 4795 3023 4848 ἐκείνων
3049 4793 3327 4863 τελευτὴν,
3349 4793 3436 4844 ὅτε
3459 4791 3537 4852 είς
3561 4787 3696 4842 πλά-

2121 4909 2213 4956 τος
2251 4891 2514 4961 ἐλήλακεν
2547 4891 2581 4960 ἡ
2623 4887 2802 4942 αὐτῶν
2847 4884 3153 4950 κακοδοξία,
3186 4883 3279 4935 καὶ
3312 4880 3450 4951 μετὰ
3486 4880 3702 4951 παρρη-

2125 4981 2244 5043 σίας
2294 4979 2624 5050 τυγχάνουσι
2674 4978 2763 5032 διὰ
2809 4977 2906 5048 τὴν
2958 4977 3056 5047 τῆς
3116 4973 3318 5044 σαρκὸς
3358 4970 3573 5035 δεξιὰν,
3609 4971 3698 5023 καὶ

2127 5072 2326 5143 μηκέτι
2366 5070 2807 5142 ἐμποδιζόμενοι,
2841 5068 3169 5140 κηρύττουσι
3203 5065 3390 5133 σαφῶς
3418 5063 3481 5116 τὸ
3520 5059 3700 5115 αὐτῶν

2123 5160 2461 5232 ἐπιχείρημα
2484 5177 2497 5190 ⁸
2524 5159 2707 5213 οὐκέτι
2733 5158 2855 5211 οὒτε
2887 5159 3025 5212 αἰδοῖ
3043 5173 3149 5210 τινι
3179 5152 3553 5224 κατεχόμενοι,
3577 5147 3697 5201 οὔτε

2107 5239 2490 5332 Δἰνδαλλόμενοι,
2519 5253 2625 5307 ἀπό
2649 5270 2791 5315 τινος
2816 5251 3253 5323 προστάγματος,
3277 5247 3356 5311 εἰς
3387 5245 3450 5298 τὸ
3479 5244 3555 5316 μή
3581 5253 3700 5295 τινα

2131 5563 2394 5634 gregavit,
2434 5574 2679 5634 quocqu
2723 5559 2982 5632 Cyrillum
3041 5554 3590 5626 llierosolymitanum
3628 5545 3690 5606 de.

2135 5631 2452 5705 Episcopatu
2483 5631 2731 5687 dimovit.
