3990 6228
276 327 384 389 449

898 325 1273 384 ADVERSUS
1311 326 1654 383 HERESES
1694 328 1822 384 LIB.
1862 329 1950 387 ΠΙ.
1984 330 2149 389 TOM.
2191 333 2231 388 1.
2272 366 2340 377 -ι
2373 334 2647 395 IUERES.
2691 339 2925 399 LXXIII.

3459 348 3563 405 4‘30

272 446 457 501 δοκεῖν
482 446 624 500 κατά
657 444 839 500 κοινοῦ
886 444 1172 515 φέρεσθαι.
1224 445 1241 475 ⁸
1280 444 1375 498 καὶ
1416 444 1516 515 τὴν
1556 446 1870 500 ἐκτεθεῖσαν

1995 463 2080 501 am
2115 450 2236 503 illos
2274 451 2448 520 pudor
2479 454 2749 522 retardat;
2782 472 2957 529 neque
2987 458 3245 515 mandato
3269 460 3382 516 nllo
3404 478 3563 518 coer-

276 540 399 591 ἑκεί
431 539 528 591 καὶ
562 539 655 592 ὑπ’
701 535 883 590 αὐτῶν
916 534 1026 589 τῶν
1068 534 1198 603 περὶ
1242 534 1495 587 Ἀκάκιον
1530 535 1712 586 πίστιν
1744 533 1864 603 μεθ’

275 630 611 701 ὑπογραφῆς
626 629 733 681 τῶν
755 632 812 683 ὲν
828 629 968 698 αὐτῇ
997 630 1062 697 τῇ
1088 626 1290 699 συνόδῳ
1316 625 1621 696 γενομένων
1639 625 1870 678 ἐνταῦθα

273 721 696 792 παραθήσομαι.
724 720 834 773 Καὶ
865 718 1011 771 ἔστιν
1038 718 1157 789 ἤδεο

1975 538 2071 591 citi
2112 539 2513 596 simulationem
2561 546 2852 614 quamdam
2921 561 2984 601 ac
3052 551 3286 618 speciem
3342 566 3451 621 prae
3503 568 3565 608 se

1978 626 2120 683 ferre
2146 640 2436 700 cOgtmtur,
2461 649 2529 689 ne
2544 650 2681 689 nova
2711 646 2765 692 et
2797 638 3059 694 inusitata
3084 641 3331 712 quaedam
3356 644 3564 714 agitare

1981 721 2287 779 videantur.
2316 725 2421 781 Sed
2458 729 2601 784 illam
2631 730 2750 787 ﬁdei
2793 733 3100 800 formulam,
3127 753 3291 808 quam
3329 738 3564 794 Aeacius

273 833 407 901 cum
468 818 585 873 suis
634 816 745 870 illic
784 815 1093 886 proposuit,
1130 827 1238 867 una
1281 828 1407 868 cum
1444 828 1654 874 eorum,
1683 813 1775 881 qui
1827 810 1875 865 ei
1931 818 2141 886 synodo
2194 821 2585 891 interfuerunt,
2620 827 3025 901 subscriptione
3082 833 3213 890 libet
3269 837 3353 891 hic
3384 836 3559 891 εδει-ἦς

280 895 432 966 nire.
468 908 547 961 Ea
578 919 661 963 est
694 906 966 978 ejusmodi
1005 924 1019 960 :

319 1048 606 1108 Ἐκθεσις
652 1044 913 1110 πίστεως
976 1045 1087 1112 τῆς
1134 1045 1204 1097 ἐν
1261 1035 1578 1111 Σελευκείᾳ
1623 1040 1838 1110 ψευδο-

936 1114 1228 1169 συνόδου.

354 1228 487 1280 KE'.
526 1228 589 1279 Οἱ
623 1227 969 1292 συνελθόντες
1008 1228 1299 1282 ἐπίσκοποι
1342 1227 1453 1296 (59)
1494 1228 1559 1279 ἐκ
1603 1226 1875 1299 διαφόρων

278 1320 566 1389 ἐπαρχιῶν
612 1321 671 1374 ὲν
720 1320 1009 1392 Σελευκείᾳ
1050 1322 1150 1392 τῆς
1200 1320 1473 1393 Ἰσαυρίας
1518 1321 1658 1373 κατὰ
1702 1321 1871 1391 πρόσ-

277 1426 474 1478 ταγμα
520 1409 620 1478 τῆς
670 1411 951 1475 εὐσεϐείας
994 1411 1088 1464 τοῦ
1143 1410 1566 1465 θεοσεὸεστάτου
1609 1410 1869 1481 βασιλέως

277 1502 314 1569 ἡ
326 1498 442 1568 μῶν
472 1500 849 1554 Κωνσταντίου
882 1501 1007 1555 τάδε
1046 1501 1445 1573 διελαλήσαμεν
1471 1505 1633 1573 ἡμεῖς
1665 1504 1714 1555 of
1747 1519 1870 1555 συν-

279 1592 541 1662 αχθέντες
571 1594 628 1645 ὲν
657 1594 943 1667 Σελευκείᾳ
973 1595 1074 1667 τῆς
1114 1594 1383 1667 Ἰσαυρίας
1418 1595 1560 1649 κατὰ
1592 1594 1872 1666 βασιλικὸν

282 1684 454 1756 βούλῃ
463 1705 537 1756 μα
547 1730 557 1740 .
1716 1682 1727 1691 l

357 1776 438 1845 Τῇ
499 1774 622 1844 χθὲς
669 1775 873 1845 ἡμέρᾳ,
928 1775 1050 1845 ἥτις
1100 1769 1168 1847 ἦν
1216 1776 1322 1848 πρὸ
1368 1776 1529 1828 πέντε
1577 1774 1869 1830 Καλανδῶν
1904 1804 1948 1861 Β

295 1867 494 1920 Ὀκτω.
517 1867 647 1937 (60),
681 1870 859 1921 πᾶσαν
891 1868 1126 1940 σπουδὴν
1154 1868 1591 1939 είσηνεγκάμεθα
1611 1870 1748 1939 μετὰ
1767 1868 1873 1922 πά-

282 1975 389 2027 σης
415 1958 667 2024 εὐταξίας
696 1958 794 2030 τὴν
838 1960 1061 2031 εἰρήνην
1093 1962 1157 2031 τῇ
1199 1959 1496 2031 Ἐκκλησία
1531 1958 1874 2028 διαφυλάξαι,

283 2050 383 2103 καὶ
420 2051 564 2118 τῆς²
618 2050 854 2112 πίστεως
906 2050 1187 2113 εὐσταθῶς
1223 2050 1531 2113 διαλαϐεῖν,
1579 2050 1655 2113 ὡς
1705 2066 1875 2121 προσ-

284 2142 479 2205 έταξεν
508 2144 536 2194 ό
561 2140 977 2211 θεοφιλέστατος
1008 2141 1262 2212 βασιλεὺς
1288 2142 1446 2211 ἡμῶν
1474 2143 1873 2205 Κωνστάντιος,

284 2229 434 2282 κατὰ
465 2229 566 2292 τὰς
609 2227 956 2300 προφητικὰς
996 2230 1201 2297 φωνὰς,
1239 2232 1334 2283 καὶ
1388 2229 1554 2299 μηδὲν
1599 2230 1749 2301 παρὰ
1777 2230 1877 2293 τὰς

286 2318 442 2382 θείας
477 2319 704 2389 Γραφὰς
744 2321 1169 2391 παρεισενέγκαι
1208 2322 1275 2390 τῇ
1327 2319 1756 2391 ὲκκλησιαστικῇ
1788 2321 1878 2373 πί-

286 2426 427 2463 στει.
467 2410 687 2481 Ἐπειδὴ
713 2411 769 2463 δὲ
799 2412 858 2463 ἐν
888 2413 953 2481 τῇ
992 2411 1197 2481 συνόδῳ
1240 2411 1406 2473 τινὲς,
1438 2413 1564 2475 τοὺς
1594 2412 1691 2482 μὲν
1722 2412 1876 2482 ἡμῶν

285 2498 543 2569 ὖῦρισαν,
586 2500 710 2562 τοὺς
738 2499 794 2553 δὲ
823 2501 1212 2571 ὲπεστόμισαν,
1251 2502 1311 2553 οὐ
1346 2501 1755 2573 συγχωροῦντες
1784 2502 1877 2554 λα-

286 2590 426 2654 λεῖν,
446 2592 575 2653 τοὺς
592 2591 649 2643 δὲ
675 2591 1005 2643 ἀπέκλεισαν
1027 2592 1280 2657 ἄκοντας,
1302 2592 1531 2655 καὶτοὺς
1550 2591 1876 2662 καθῃρημέ-

285 2696 415 2743 νους
439 2680 495 2733 δὲ
522 2681 587 2732 ὲκ
608 2680 879 2751 διαφόρων
905 2680 1185 2751 ἐπαρχιῶν
1210 2680 1329 2751 μεθ’
1355 2681 1594 2743 ἑαυτῶν,
1627 2682 1721 2735 καὶ
1751 2682 1877 2746 τοὺς

288 2770 445 2841 παρὰ
477 2770 679 2823 κανόνα
716 2769 1157 2833 κατασταθέντας
1197 2766 1333 2841 ἦγον
1385 2771 1505 2842 μεθ’
1540 2772 1769 2835 ἑαυτῶν,
1800 2772 1877 2836 ὡς

286 2862 634 2931 πανταχόθεν
669 2860 900 2930 θορύϐου
948 2861 1154 2933 πλῆρες
1183 2861 1437 2930 γενέσθαι
1484 2863 1545 2916 τὸ
1578 2864 1875 2935 συνέδριον,

285 2952 473 3016 καθὼς
504 2955 599 3005 καὶ
629 2954 657 3005 ὁ
701 2953 1085 3023 λαμπρότατος
1138 2952 1250 3023 (6|)
1299 2954 1475 3024 κόμης
1512 2956 1749 3018 Λεωνᾶς,
1784 2955 1879 3008 καὶ

284 3047 315 3099 ὁ
360 3044 750 3115 λαμπρότατος
805 3044 1109 3115 ἡγούμενος
1141 3043 1242 3115 τῆς
1287 3044 1555 3115 ἐπαρχίας
1585 3046 1877 3117 Λαυρίκιος

285 3136 527 3206 arb-codri;
579 3134 855 3208 παρέλαϐε
878 3152 891 3164 ’
940 3135 1131 3189 τούτου
1164 3136 1349 3188 ἕνεκεν
1391 3136 1767 3208 διαλαλοῦμεν,
1802 3139 1877 3203 ὡς
1906 3161 1948 3219 c

286 3229 352 3282 οὑ
388 3228 687 3297 φεύγομεν,
718 3229 818 3298 τὴν
852 3227 1175 3298 αὐθεντικὴν
1215 3228 1397 3281 πίστιν
1430 3230 1488 3282 ὲν
1530 3233 1641 3293 τοῖς
1689 3233 1879 3299 ἐγκαι-

286 3321 428 3384 νίοις
456 3323 569 3383 τοῖς
598 3320 742 3373 κατὰ
778 3321 1109 3390 Ἀντιόχειαν
1162 3320 1591 3392 προκομίζοντες
1613 3363 1627 3386 ,
1658 3326 1706 3377 οἱ
1745 3325 1840 3377 καὶ
1861 3324 1882 3357 ⁸

286 3414 449 3467 αὐτοὶ
497 3413 732 3485 μάλιστα
781 3414 831 3466 οἱ
866 3412 1108 3483 Πατέρες
1148 3412 1300 3483 ἡμῶν
1330 3415 1447 3468 κατ’
1478 3416 1655 3469 ἐκεῖνο
1689 3416 1881 3489 καιροῦ

288 3506 433 3576 πρὸς
463 3506 523 3560 τὸ
559 3506 915 3578 ὑποκείμενον
943 3504 1042 3574 τῆς
1072 3505 1352 3576 ζητήσεως
1380 3508 1734 3579 συνέδραμον.

372 3850 390 3882 ¹
416 3849 580 3905 Deest
624 3851 735 3919 ἐγὼ
759 3851 839 3906 δέ.
915 3850 935 3880 ¹
967 3846 1026 3901 F.
1055 3850 1122 3904 τὰ
1155 3853 1277 3922 τῆς.
1360 3852 1381 3885 ³
1407 3852 1466 3905 F.
1552 3854 1667 3907 καί.

369 4004 483 4075 (59)
538 4009 602 4059 Οί
676 4007 1079 4073 συνελθόντες
1130 4007 1472 4061 ἐπίσκοποι.
1543 4008 1615 4062 De
1699 4007 1890 4062 Seleu-

289 4078 467 4133 (iensi
525 4079 908 4148 conciliabulo.
946 4077 1113 4148 quod
1186 4078 1550 4133 Ariminensis
1594 4079 1886 4148 ἀντίμιμον

293 4150 535 4217 appellat
566 4147 840 4211 Socrates,
871 4147 992 4201 vide
1029 4163 1153 4200 cum
1203 4148 1483 4201 Socratem
1526 4147 1729 4217 ipsum,
1769 4147 1883 4204 tum

294 4218 540 4298 reliquos
558 4217 1253 4273 omnesccelesiasticarum
1286 4232 1469 4272 rerum
1514 4227 1568 4273 et
1602 4219 1881 4275 annalium

292 4297 676 4431 T3331;
706 4368 791 4412 est
826 4357 1195 4431 Sgleuciensis
1226 4356 1469 4431 synodus
1502 4371 1646 4431 anno
1673 4356 1882 4431 Christi

292 4427 425 4499 §59,
482 4427 717 4499 Eusebio
754 4436 808 4482 et
859 4426 1090 4499 Hypatio
1119 4426 1287 4493 coss.)
1316 4443 1501 4499 coram
1536 4427 1791 4499 Lauricio
1827 4437 1882 4483 et

294 4486 482 4552 Leona
514 4497 835 4568 comitibus,
881 4486 1019 4568 quos
1053 4501 1101 4555 ei
1142 4486 1487 4555 moderanda:
1528 4498 1883 4553 Constantius
1915 4486 1961 4543 Ι)

295 4568 633 4637 praefecerat.
675 4565 914 4623 Primus
932 4584 1226 4625 consessus
1264 4570 1571 4624 celebratus
1613 4576 1697 4622 est
1735 4567 1881 4637 Sept.

296 4652 614 4708 πίνω-(μισ
652 4638 738 4691 die
775 4637 1159 4708 altercationes
1196 4641 1524 4708 exstiterunt
1547 4680 1561 4699 .
1610 4638 1757 4707 quod
1796 4641 1887 4708 ju-

294 4707 461 4763 bente
488 4706 753 4779 Leona_ut
777 4707 845 4779 de
885 4707 987 4779 ﬁde
1020 4711 1342 4779 sententiam
1375 4707 1597 4771 ferrent,
1627 4706 1887 4779 negarent

296 4779 621 4833 absentibus
662 4776 886 4841 Basilio,
926 4776 1265 4841 Macedonio,
1310 4777 1648 4847 Patrophilo.
1678 4776 1741 4832 ac
1776 4796 1884 4834 cae-

296 4850 453 4912 teris,
494 4848 586 4917 qui
622 4848 889 4919 maleysibi
928 4850 1134 4904 conscii
1163 4856 1276 4901 tum
1312 4851 1556 4919 aberant,
1587 4849 1884 4919 quidquam

298 4934 463 4988 posse
487 4917 725 4988 decerni.
743 4917 847 4971 Sed
871 4917 1107 4973 instante
1140 4918 1491 4973 nihilominus
1522 4917 1725 4981 LeOna,
1742 4917 1883 4974 ‘cum

298 4987 367 5043 de
399 4987 746 5058 quibusdam,
780 4988 871 5058 qui
904 4989 1144 5043 accusati
1173 4996 1351 5049 erant,
1383 4989 1746 5057 cognitionem
1791 4990 1887 5042 ha-

298 5057 553 5129 bendam
586 5064 713 5111 ante
766 5057 1009 5129 episcopi
1040 5066 1388 5129 statuerent,
1435 5074 1599 5127 quam
1647 5058 1714 5129 de
1761 5058 1884 5113 ﬁdei

299 5128 658 5199 degmatibus
698 5127 970 5199 ageretur
997 5128 1183 5196 (delati
1234 5129 1378 5199 enim
1447 5136 1604 5181 erant
1650 5127 1885 5199 Cyrillus

300 5195 852 5257 lliérosolvmitanus,
917 5195 1233 5253 EuStathius
1284 5196 1640 5256 Sebastenus.
1696 5195 1753 5253 et
1792 5200 1883 5253 alii

302 5214 549 5252 merosor
593 5214 852 5257 mnanus,
919 5214 1233 5253 nusmtnius
1284 5214 1640 5256 Sebastenus.
1700 5214 1753 5253 et
1792 5214 1883 5253 am

302 5214 612 5338 nonnullig;
663 5268 891 5337 pervicit
924 5269 1143 5323 tandem
1179 5283 1383 5338 comes,
1417 5278 1475 5320 ut
1510 5270 1576 5324 de
1612 5267 1714 5322 ﬁde
1741 5285 1887 5338 quae-

301 5337 532 5407 rendum
555 5336 715 5407 prius
736 5352 859 5407 esse
884 5337 1179 5393 videretur.
1213 5337 1290 5393 lbi
1310 5336 1509 5391 Acacio
1540 5354 1734 5393 novam
1760 5336 1884 5394 ﬁdei

301 5405 617 5470 formulam,
646 5413 701 5461 et
739 5405 970 5462 Nicaea-.2
1014 5409 1233 5477 penitus
1269 5410 1601 5462 contrariam
1635 5408 1885 5463 oﬁerenti

303 5478 601 5541 Silvanus,
652 5478 945 5547 ceterique
1027 5477 1348 5532 Semiariani
1406 5479 1884 5535 vehementissime

304 5549 649 5602 restiterunt.
711 5546 892 5618 Quare
934 5547 1226 5618 Acacianis
1254 5548 1382 5601 inde
1422 5547 1710 5618 digressis,
1744 5550 1883 5604 lecta

301 5626 391 5673 est
412 5618 751 5688 Antiochena
799 5614 1033 5688 nosam.
1070 5615 1245 5688 Quam
1298 5614 1560 5688 postridie
1603 5620 1657 5672 in
1692 5617 1883 5674 Seleu-

304 5687 480 5742 ciensi
522 5686 776 5749 ecclesia,
801 5687 1051 5757 Loeclusis
1088 5686 1317 5750 foribus,
1355 5688 1757 5757 subscriptione
1783 5703 1883 5744 sua

305 5758 757 5829 comprobarunt.
795 5752 1055 5816 Sequenti
1106 5759 1250 5826 luce,
1301 5773 1422 5829 quae
1490 5752 1680 5830 synodi
1722 5759 1883 5816 tertia

1986 1035 2141 1092 Fidei
2194 1044 2455 1111 expositio
2509 1047 2561 1101 in
2609 1050 2962 1106 conciliabula
3023 1054 3345 1112 Seleuciensi
3394 1064 3559 1121 edita.

2044 1214 2209 1271 XXV.
2248 1218 2347 1284 Qui
2392 1224 2555 1279 variis
2584 1241 2613 1280 e
2643 1229 2942 1296 provinciis
2967 1234 3363 1303 religiosissimi
3394 1238 3564 1309 inope-

1976 1310 2174 1363 ratoris
2202 1313 2372 1367 nostri
2400 1313 2702 1373 Constantii
2746 1324 2998 1378 mandato
3033 1325 3295 1383 Seleucia:
3322 1330 3375 1384 in
3406 1330 3559 1387 Isau-

1977 1399 2055 1451 ria
2096 1405 2451 1459 convcnimus
2488 1411 2754 1487 ep’scopi,
2808 1414 2923 1467 haec
2967 1420 3244 1474 communi
3286 1436 3561 1480 consensu

1977 1489 2320 1550 decrevimus
2354 1514 2366 1547 :

2048 1764 2311 1817 Hesterna
2341 1762 2450 1829 die,
2479 1781 2599 1835 quae
2630 1776 2743 1820 erat
2767 1765 2829 1821 Α.
2868 1766 2930 1822 D.
2980 1766 3044 1820 ν.
3102 1768 3221 1822 Kal.
3250 1768 3369 1825 Oct.
3412 1772 3563 1827 omni

1982 1851 2166 1907 studio
2188 1868 2251 1906 ac
2280 1853 2654 1909 moderatione
2690 1858 2740 1910 in
2784 1857 2836 1911 id
2878 1859 3246 1922 incubuimus,
3275 1871 3333 1915 ut
3375 1878 3562 1932 pacem

1981 1940 2239 1997 Ecclesiae
2290 1945 2652 2011 saneiremus.
2698 1963 2761 2002 ac
2813 1958 3157 2005 constantem
3210 1960 3265 2007 et
3330 1954 3561 2007 solidam

1986 2030 2104 2085 ﬁdei
2135 2034 2374 2104 regulam
2414 2038 2896 2104 constitueremus,
2940 2058 3038 2111 pro
3067 2059 3131 2098 eo
3160 2058 3223 2098 ac
3248 2042 3342 2097 Dei
3376 2059 3564 2098 aman-

1984 2124 2229 2182 tissimus
2277 2129 2572 2198 imperator
2624 2140 2812 2189 noster
2856 2134 3211 2191 Constantius
3256 2137 3443 2207 jussit,
3496 2155 3562 2195 ex

1983 2217 2367 2286 prophetarum
2406 2222 2664 2285 oraculis,
2692 2224 2771 2277 sic
2800 2234 2858 2278 ut
2882 2225 3015 2280 nihil
3046 2235 3243 2296 praeter
3280 2244 3565 2284 sacrarum

1983 2309 2311 2365 Litterarum
2366 2316 2747 2369 auctoritatem
2814 2317 2868 2370 in
2925 2319 3356 2374 ecclesiasticam
3406 2321 3564 2375 ﬁdem

1984 2401 2383 2459 invehercmus.
2420 2404 2526 2459 Sed
2561 2408 2818 2476 quoniam
2848 2408 2902 2462 in
2924 2410 3132 2479 synodo
3158 2410 3405 2464 nonnulli
3430 2411 3567 2468 alios

1982 2506 2013 2547 e
2064 2493 2269 2548 nostris
2301 2496 2649 2549 contumeliis
2704 2494 3042 2562 affecerunt;
3112 2498 3236 2553 aliis
3288 2499 3565 2554 silentium

1984 2583 2336 2651 indixerunt;
2375 2602 2472 2641 nec
2524 2603 2645 2657 qua:
2689 2588 2888 2646 vellent
2945 2589 3126 2659 eloqui
3176 2589 3564 2660 permiserint;

1986 2676 2121 2732 alios
2179 2678 2381 2734 invitos
2438 2681 2834 2748 excluserunt;
2877 2690 2992 2735 tum
3045 2696 3140 2736 eos
3191 2680 3285 2751 qui
3331 2680 3566 2752 depositi

1983 2776 2161 2831 erant,
2212 2770 2381 2825 variis
2412 2787 2443 2825 e
2489 2772 2785 2841 provinciis
2849 2772 3253 2834 adhibuerunt;
3299 2772 3566 2843 quosdam

1982 2874 2113 2913 vero
2141 2872 2333 2929 praeter
2361 2878 2625 2918 canonem
2675 2879 2860 2919 secum
2913 2863 3278 2927 adduxerunt,
3307 2871 3367 2917 ut
3397 2863 3561 2918 unde-

1984 2965 2199 3020 cunque
2223 2952 2730 3009 turbulcntissimus
2760 2963 2905 3010 esset
2928 2955 3017 3009 ille
3040 2970 3354 3017 consessus,
3375 2970 3566 3024 quem-

1986 3040 2276 3095 admodum
2322 3043 2664 3097 clarissimus
2723 3057 2908 3098 comes
2965 3042 3197 3105 Leonas,
3233 3050 3287 3097 et
3324 3043 3572 3099 clarissi~
3620 3074 3631 3077 «

1984 3147 2106 3185 mus
2163 3133 2454 3201 provincia:
2508 3134 2671 3205 873
2718 3134 3005 3204 praefectus
3056 3134 3340 3191 Lauricius
3393 3135 3566 3191 oculis

1986 3225 2098 3280 Suis
2143 3224 2428 3290 viderunt;
2460 3241 2578 3281 eam
2637 3229 2708 3282 ob
2738 3242 2960 3282 causam
3008 3228 3184 3297 palam
3222 3226 3564 3297 proﬁtemur,

1984 3314 2121 3367 nihil
2185 3330 2285 3369 nos
2325 3315 2740 3387 subterfugere,
2784 3327 2833 3371 et
2882 3317 3198 3387 primariam
3249 3317 3391 3369 illam
3443 3315 3565 3371 fidei

1987 3403 2300 3468 formulam.
2329 3423 2448 3476 quze
2470 3409 2524 3461 in
2561 3408 2913 3461 Antioche-na:
2940 3408 3184 3462 ecclesia:
3223 3406 3567 3461 dedicatione

1986 3500 2265 3569 proposita
2319 3507 2424 3561 est,
2461 3500 2512 3552 in
2548 3500 2784 3553 medium
2824 3498 3087 3568 proferre.
3114 3496 3284 3567 Cujus
3315 3506 3566 3551 ain-tores

1984 3590 2175 3645 Patres
2223 3591 2297 3645 illi
2347 3593 2520 3645 nostri
2561 3593 2625 3645 ad
2677 3592 2944 3661 ejusmodi
2991 3591 3344 3662 qumstionem
3384 3591 3564 3645 disce-

1987 3680 2245 3749 ptandam
2279 3696 2374 3752 per
2404 3683 2537 3737 illud
2572 3692 2785 3752 tempus
2824 3692 3127 3738 conventus
3160 3684 3492 3739 habuerunt.

1988 4010 2111 4073 fuit,
2143 4023 2265 4061 cum
2293 4007 2403 4075 jam
2451 4006 2685 4061 Basilius
2746 4014 2798 4061 et
2837 4006 3187 4065 Macedonius
3220 4010 3563 4068 interessent.

1988 4081 2223 4133 Aeacius
2249 4094 2371 4131 cum
2408 4076 2587 4130 Leona
2618 4078 2905 4146 ingressus
2938 4080 3172 4146 primum
3207 4080 3463 4139 obtinuit,
3506 4088 3565 4132 ut

1990 4151 2066 4203 illi
2101 4148 2351 4219 ipsi.iqui
2380 4147 2625 4219 accusati
2677 4147 2971 4219 erant,_ab
2994 4163 3060 4219 eo
3096 4159 3239 4203 caalu
3276 4150 3566 4219 submove-

1989 4216 2200 4275 rentur.
2229 4216 2431 4271 Deinde
2463 4230 2669 4287 novam,
2700 4216 2820 4271 ﬁdei
2862 4216 3148 4270 formulam
3194 4235 3290 4287 per
3327 4218 3566 4273 Leonam

1986 4288 2291 4360 proposuit,
2324 4301 2486 4356 quam
2520 4285 2856 4360 Epiphanius
2882 4287 3087 4360 recitat.
3128 4285 3233 4341 Sed
3263 4290 3567 4360 reclaman-

1984 4357 2129 4414 tibus
2180 4360 2414 4423 caeteris,
2449 4372 2573 4411 cum
2609 4357 2790 4409 nullus
2835 4358 3243 4411 contentionum
3286 4374 3349 4413 ac
3374 4359 3566 4413 simul?

1988 4439 2159 4484 tatum
2216 4430 2393 4483 exitus
2443 4434 2607 4487 esset.
2650 4424 2861 4481 Leonas
2911 4426 2980 4480 ad
3035 4430 3324 4481 concilium
3390 4429 3567 4483 redire

1985 4501 2180 4560 noluit,
2222 4506 2278 4551 ut
2309 4514 2410 4552 nec
2440 4497 2718 4561 Acaciani,
2746 4497 2837 4566 qui
2867 4498 2935 4550 ob
2964 4499 3365 4552 contumaciam
3408 4514 3436 4551 a
3470 4498 3567 4553 Se-

1986 4571 2270 4651 rniarianis
2298 4567 2530 4654 depositi
2563 4569 2811 4654 sunt.lAt
2837 4568 2911 4620 illi
2936 4567 3466 4654 (ξοπιειξηιιίηοροιὶιη
3499 4569 3567 4621 ad

1986 4639 2178 4709 imper.
2213 4636 2461 4709 profecti,
2496 4636 2640 4709 hunc
2668 4636 2931 4709 adversus
2964 4637 3246 4702 Basilium,
3272 4636 3562 4704 Georgium

1985 4707 2378 4771 Laodicenum,
2434 4707 2811 4778 reliquamque
2861 4707 3153 4763 factionem
3208 4710 3468 4778 majorem
3510 4709 3566 4763 in

1985 4780 2207 4834 modum
2243 4779 2613 4833 concitarunt.
2645 4776 2805 4831 Plura
2835 4778 2902 4832 de
2928 4778 3012 4832 his
3041 4776 3318 4833 Socrates.

2060 4851 2170 4921 (60)
2209 4849 2328 4916 Πρὸ
2350 4848 2528 4901 πέντε
2544 4846 3104 4921 Καλανδῶνλ-Ὀκτω.
3139 4847 3268 4903 Post
3288 4850 3450 4921 όκτω.
3481 4848 3566 4900 in-

1987 4918 2462 4990 terpungendum,
2521 4928 2578 4971 ut
2616 4920 2687 4972 sit
2729 4918 3013 4972 dimidiata
3069 4934 3171 4972 vox
3211 4935 3308 4988 pro
3367 4920 3566 4971 Ὀκτω-

1987 4990 2175 5043 θρίων.

2025 5007 2175 5130 )’
2197 5057 2401 5130 Ιςᾳθῲς
2436 5056 2533 5111 καὶ
2554 5056 3057 5130 dignarer-qtae:
3073 5058 3229 5128 Apud
3260 5055 3563 5130 Socratem,

1986 5121 2161 5198 caput,
2207 5128 2296 5198 31.
2346 5121 2558 5183 Leonas
2613 5121 2815 5198 dicitur
2864 5121 2944 5191 εἷς
2987 5121 3207 5180 τῶν’ὲν
3268 5125 3565 5196 βασιλικοῖς

1986 5197 2259 5268 ὲκφανῶν,
2277 5197 2561 5252 Lauricius
2576 5212 2705 5268 ve_ro
2726 5197 2833 5251 τῶν
2855 5198 2993 5250 κατὰ
3006 5198 3099 5268 τὴν
3116 5198 3384 5268 Ἱσαυρίαν
3402 5212 3565 5268 στρα-

1986 5265 2193 5322 τιωτῶν
2238 5268 2561 5338 ἡγούμενος,
2616 5265 2965 5338 :l‘lteodoreto
3009 5265 3178 5320 ὁτῶν
3220 5265 3568 5338 στρατιωτῶν

1986 5339 2078 5391 τοῦ
2112 5335 2296 5400 ἔθνους
2325 5335 2566 5409 ἡγεμών.
2604 5336 2754 5404 Quos
2780 5353 2917 5409 cum
2954 5335 3369 5409 λαμπροτάτους
3406 5336 3569 5406 syno-

1985 5409 2090 5463 dus
2116 5406 2370 5479 appellet',
2399 5406 2726 5479 clarissimos
2777 5406 3124 5476 interpretari
3159 5406 3347 5479 malui,
3378 5421 3570 5474 quam,

1987 5488 2045 5533 ut
2080 5475 2399 5544 Carnarius,
2440 5478 2855 5539 illustrissimus;
2896 5475 3021 5530 niam
3056 5487 3113 5530 ut
3164 5475 3231 5529 de
3276 5477 3455 5531 Leona
3484 5486 3568 5529 ιδι-

1987 5564 2160 5612 ceam,
2187 5550 2385 5618 dequo
2414 5550 2547 5602 nihil
2589 5548 2853 5618 comperi,
2898 5545 3185 5618 Lauricius
3214 5559 3361 5602 certe
3384 5547 3571 5610 ἔθνους

1985 5619 2231 5689 ἡγεμών,
2263 5616 2367 5673 hoc
2387 5626 2471 5672 est
2504 5617 2723 5689 Isauria:
2753 5631 2956 5689 praises
3002 5616 3121 5689 fuit.
3153 5633 3315 5686 quem
3356 5633 3421 5672 ne
3460 5620 3575 5689 cla-

1986 5686 2265 5760 rissimum
2288 5688 2506 5760 quidem
2553 5687 2741 5760 fuisse,
2775 5688 2867 5742 sed
2900 5686 3360 5760 perfectissunum
3390 5687 3576 5760 potius

1987 5758 2164 5816 Guida
2196 5755 2518 5815 Pancirolus
2552 5755 2769 5813 Notitiae
2794 5755 2918 5828 cap}
2948 5756 3052 5813 115
3082 5767 3258 5830 putat.
