3990 6228
449 303 549 362 451

519 435 656 489 Cum
684 427 947 488 hactenus
974 422 1267 491 homousii,
1307 430 1362 478 et
1394 422 1718 480 homteousii
1753 425 2017 480 vocabula
2049 432 2095 487 Α

450 527 736 596 plerosque
767 522 833 575 ad
878 519 1200 574 hodiernum
1248 526 1462 586 tempus
1509 531 1684 586 usque
1733 517 2023 587 perturba-

450 620 579 681 rint,
602 624 656 670 et
679 630 708 667 a
741 611 1020 667 nonnullis
1041 611 1338 665 etiamnum
1367 609 1616 663 innovari
1645 608 1791 662 istud
1824 607 2019 674 ferant,

448 717 508 764 ut
554 702 839 761 diss'milis
870 702 1014 756 Patri
1046 701 1221 757 Filius
1265 717 1386 757 esse
1435 702 1671 765 dicatur,
1720 701 1792 756 ob
1840 702 1892 755 id
1923 702 2022 756 ho-

446 798 666 859 ntuusii,
709 799 812 851 hoc
840 807 926 851 est
947 794 1418 849 consubstantialis
1447 809 1658 857 vocem,
1689 802 1948 864 tanquam
1989 810 2021 850 a

445 889 619 944 sacris
653 887 876 942 Litteris
926 885 1292 954 peregrinam,
1341 883 1658 952 rejicimus;
1707 897 2019 937 anomteum

446 998 594 1045 vero,
626 981 730 1036 hoc
759 990 842 1036 est
873 978 1152 1042 dissimile,
1186 977 1656 1040 condemnamus;
1700 983 1754 1029 et
1787 975 2023 1046 quicun-

443 1059 550 1146 que
579 1070 852 1144 ejusmodi
887 1080 1033 1134 sunt,
1069 1071 1138 1124 ab
1162 1068 1407 1146 Ecclesia
1439 1068 1647 1122 alienos
1671 1066 1795 1121 esse
1827 1080 2020 1120 cense-

444 1182 588 1221 mus.
622 1163 870 1218 Similem
902 1177 1032 1217 vero
1060 1160 1243 1215 Patris
1283 1159 1406 1215 esse
1439 1158 1634 1212 Filium
1677 1165 1864 1228 aperte
1896 1171 2022 1226 pro-

444 1257 678 1321 ﬁtemur,
710 1264 764 1310 et
795 1253 1116 1324 Apostolum
1147 1252 1202 1306 in
1233 1267 1298 1307 eo
1331 1252 1632 1320 sequimur,
1665 1251 1756 1320 qui
1787 1249 1855 1304 de
1885 1247 2022 1313 Filio

443 1349 674 1419 loquens
715 1366 728 1402 :
765 1348 869 1415 Qui
910 1359 1012 1410 est,
1063 1345 1264 1415 inquit,
1299 1345 1474 1414 imago
1525 1342 1624 1396 Dei
1671 1341 1950 1395 invisibilis
1978 1341 2018 1396 ⁸.

442 1440 777 1498 Conﬁtemur
827 1448 1008 1493 autem
1067 1447 1121 1492 et
1164 1435 1445 1491 credimus
1492 1437 1546 1490 in
1609 1451 1776 1490 unum
1829 1434 2020 1499 Deum,

441 1533 655 1588 Patrem
693 1531 1144 1600 omnipotentem,
1182 1526 1444 1581 factorem
1484 1528 1607 1581 cmli
1639 1537 1691 1582 et
1730 1535 1911 1591 terrae,
1937 1525 2020 1579 vi-

440 1622 788 1690 sibiliumque
813 1626 868 1675 et
896 1617 1272 1673 invisibilium.
1310 1616 1602 1672 Credimus
1636 1616 1798 1671 etiam
1835 1617 1890 1668 in
1915 1614 2022 1668 Do-

439 1715 648 1768 minutn
673 1720 923 1768 nostrum
955 1709 1144 1765 Jesum
1174 1708 1456 1764 Christum
1488 1706 1684 1761 Filium
1714 1705 1831 1774 Dei,
1867 1713 1923 1762 et
1951 1706 2020 1760 ab

1861 301 1922 362 S.
1959 301 2302 360 EPIPHANII

3597 303 3734 363 452

2217 425 2434 497 Ἐπειδὴ
2461 425 2689 492 πολλοὺς
2732 426 3031 498 ὲθορύὸησε
3066 424 3129 480 τδ
3167 424 3449 498 ῥμοούσιον
3495 426 3600 480 καὶ
3662 423 3734 478 νδ

2121 515 2427 585 όμοιούσιον
2476 517 2535 568 ὲν
2586 519 2701 580 τοῖς
2748 516 3077 588 παρελθοῦσι
3124 517 3357 589 χρόνοις,
3393 517 3491 571 καὶ
3543 517 3734 588 μέχρι

2121 606 2235 672 νῦν,
2262 606 2402 660 ἀλλὰ
2429 608 2525 661 καὶ
2556 607 2661 673 ἕως
2705 608 2831 680 ἄρτι
2863 608 3081 678 λέγεται
3127 608 3568 681 καινοτομεῖσθαι
3609 610 3737 662 ὑιτὸ

2119 715 2279 752 τινων
2308 698 2368 751 τὸ
2396 698 2648 769 ἀνόμοιον
2684 701 2813 753 Υἱοῦ
2859 701 2997 771 πρὸς
3031 702 3278 772 Πατέρα·
3318 701 3509 754 τούτου
3541 699 3733 772 χάριν

2119 789 2182 842 τὸ
2209 789 2495 860 ὁμοούσιον
2521 790 2596 854 ὡς
2626 791 2906 863 ἀλλότριον
2939 792 3048 845 τῶν
3072 792 3301 862 Γραφῶν
3329 792 3694 864 ἐκϐάλλομεν
3713 809 3733 824 ο

2118 879 2179 933 τὸ
2193 880 2248 932 δὲ
2264 880 2514 951 ἀνόμοιον
2529 879 3015 953 ἀναθεματίζομενο
3035 885 3131 936 καὶ
3147 883 3372 947 πάντας,
3389 884 3505 937 ὅσοι
3523 883 3703 936 τοεοῦ
3714 913 3737 925 ο

2119 988 2201 1024 τοι
2216 974 2592 1042 τυγχάνουσιν,
2607 973 2916 1044 ἀλλοτρίους
2927 973 3210 1044 ἡγούμεθα
3229 974 3327 1044 τῆς
3351 975 3734 1045 Ἐκκλησίας.

2121 1064 2195 1115 Τὸ
2216 1063 2271 1116 δὲ
2300 1064 2483 1133 ὅμοιον
2504 1063 2598 1116 τοῦ
2627 1063 2758 1117 Υίοῦ
2791 1065 2928 1135 πρὸς
2957 1066 3178 1135 Πατέρα
3211 1066 3393 1134 σαφῶς
3415 1066 3738 1136 ὁμολογοῦ-

2124 1171 2244 1224 μεν,
2271 1154 2410 1208 κατὰ
2432 1154 2524 1208 τὸν
2563 1155 2882 1209 Ἀπόστολον
2904 1155 2995 1209 τὸν
3023 1157 3250 1224 λέγοντα
3271 1159 3395 1228 περὶ
3422 1158 3520 1211 τοῦ
3547 1157 3732 1211 Υιοῦ·

2126 1245 2226 1311 "Oc
2257 1245 2430 1299 ἐστιν
2463 1245 2642 1299 εἰκὼν
2671 1247 2779 1301 τοῦ
2831 1248 2978 1301 Θεοῦ
3017 1247 3119 1301 τοῦ
3161 1247 3435 1317 ἀοράτου.
3476 1249 3734 1320 Ὁμολο-

2121 1339 2326 1410 γοῦμεν
2348 1341 2404 1394 δὲ
2429 1341 2524 1395 καὶ
2553 1342 2881 1412 πιστεύομεν
2911 1345 2990 1406 είς
3018 1343 3114 1396 ἕνα
3136 1344 3286 1408 Θεὸν,
3319 1345 3540 1416 Πατέρα
3569 1363 3735 1398 παν-

2121 1433 2448 1504 τοκράτορα,
2486 1434 2578 1487 τὸν
2627 1435 2856 1507 ποιητὴν
2902 1436 3134 1506 ούρανοῦ
3194 1437 3286 1490 καὶ
3318 1437 3437 1508 γῆς,
3486 1435 3734 1508 ὁρατῶν

2121 1542 2180 1578 τε
2211 1526 2305 1579 καὶ
2351 1527 2619 1597 ἀοράτων.
2658 1527 2994 1598 Πιστεύομεν
3034 1529 3090 1580 δὲ
3125 1529 3216 1582 καὶ
3254 1531 3333 1592 εἰς
3371 1530 3458 1583 τὸν
3499 1532 3734 1602 Κύριον

2121 1616 2278 1686 ἡμῶν
2331 1617 2538 1686 Ἰησοῦν
2585 1619 2820 1689 Χριστὸν
2866 1619 2957 1673 τὸν
3004 1619 3131 1672 Υίὸν
3167 1619 3258 1673 τοῦ
3306 1619 3458 1683 Θεοῦ,
3507 1622 3609 1674 τὸν
3663 1621 3734 1687 ἐξ

2123 1707 2287 1760 αὑτοῦ
2321 1708 2652 1779 γεννηθέντα
2679 1709 2902 1773 ἀπαθῶς
2933 1711 3041 1781 πρὸ
3067 1712 3284 1764 πάντων
3307 1713 3541 1777 αἰώνων,
3570 1712 3733 1766 Θεὸν

440 1807 561 1877 ipso
614 1805 856 1876 genitum
898 1803 1037 1857 citra
1091 1800 1402 1871 passionem
1436 1799 1619 1879 Iullam
1671 1807 1798 1852 ante
1836 1798 2016 1852 omnia

2122 1800 2314 1868 Λόγον,
2334 1775 2485 1854 ήΘεὸν
2501 1803 2563 1854 ἐκ
2585 1801 2718 1854 Θεοῦ
2753 1775 3040 1873 μονογενῆ,
3067 1803 3201 1872 ιεὼς,
3233 1803 3391 1874 ζωὴν,
3416 1775 3727 1875 ἀλήθειαν,

439 1897 661 1961 saecula,
691 1895 861 1950 Deum
891 1892 1155 1956 Verbum,
1184 1891 1354 1946 Deum
1389 1891 1457 1946 de
1491 1889 1622 1958 Deo,
1652 1889 2014 1960 unigenitum,

440 1989 642 2050 lucem,
673 1988 865 2052 vitam,
902 1984 1210 2051 veritatem,
1237 1980 1583 2052 sapientiam,
1621 1981 1900 2044 virtutem,
1925 1994 2021 2048 per

441 2095 600 2150 quem
641 2077 825 2132 omnia
869 2075 1010 2130 facta
1046 2083 1197 2138 sunt,
1229 2089 1351 2145 quae
1397 2074 1452 2126 in
1489 2072 1643 2128 ctelis
1693 2080 1747 2126 et
1790 2071 1842 2124 in
1876 2079 2020 2124 terra

439 2181 588 2233 sunt,
643 2169 759 2224 sive
799 2166 1056 2230 visibilia,
1101 2165 1216 2220 sive
1265 2163 1584 2218 invisibilia.
1639 2160 1792 2215 l‘lune
1841 2161 2020 2230 ipsum

437 2261 714 2316 credimus
743 2259 798 2312 in
821 2257 925 2312 fine
955 2257 1279 2311 saeculorum
1307 2254 1374 2308 ad
1405 2253 1866 2324 exstinguendum
1893 2245 2022 2322 pec-

437 2363 618 2409 catum
666 2365 889 2405 carnem
931 2365 962 2405 e
1012 2358 1202 2403 saneta
1226 2345 1453 2417 Virgine
1493 2347 1815 2416 sumpsisse,
1853 2343 2023 2400 homi-

437 2459 672 2514 nemque
704 2443 930 2504 factum,
966 2454 1188 2510 passum
1223 2440 1351 2493 item
1381 2453 1478 2508 pro
1519 2438 1762 2506 peccatis
1792 2436 2020 2498 nostris,

438 2537 828 2599 rwurrexisse,
879 2541 934 2588 et
986 2533 1042 2586 in
1089 2533 1288 2586 coelum
1335 2530 1659 2585 subvectum
1713 2527 1904 2583 sedere
1951 2525 2020 2579 ad

437 2632 714 2686 dexteram
757 2626 959 2690 Patris,
1014 2635 1069 2680 et
1113 2627 1310 2679 iterum
1346 2630 1636 2678 venturum
1674 2635 1799 2676 cum
1845 2621 2021 2694 gloria

431 2721 684 2793 judicare
732 2719 887 2773 vivos
925 2726 978 2772 et
1013 2725 1278 2771 mortuos.
1326 2715 1614 2769 Credimus
1659 2723 1713 2768 et
1746 2714 2020 2792 innxium

446 2821 698 2868 sanctum
733 2809 1018 2880 Spiritum,
1046 2823 1207 2877 quem
1243 2806 1495 2860 Salvator
1532 2816 1585 2860 et
1627 2804 1890 2860 Dominus
1921 2819 2022 2857 no-

438 2914 551 2960 ster
580 2903 739 2958 Jesus
789 2901 1042 2955 Christus
1085 2897 1426 2952 Paracletum
1468 2897 1702 2961 vocavit,
1747 2894 2022 2950 eumdem-

437 3011 543 3068 que
572 3007 695 3066 post
739 2995 1045 3048 discessum
1093 3007 1255 3046 suum
1295 2991 1594 3045 missurum
1642 3004 1700 3044 se
1732 2987 2018 3058 apostolis,

2124 1891 2336 1960 σοφίαν,
2392 1891 2643 1962 δύναμιν,
2693 1893 2761 1946 δι’
2794 1887 2854 1946 οὗ
2897 1894 2965 1946 τά
3004 1895 3178 1948 πάντα
3229 1895 3494 1962 ἐγένοντο,
3526 1895 3600 1948 τά
3661 1899 3730 1949 ὲν

2121 1987 2234 2048 τοῖς
2260 1986 2507 2056 οὐρανοῖς
2553 1988 2646 2041 καὶ
2687 1987 2756 2041 τὰ
2788 1990 2879 2041 ἐπὶ
2921 1990 3020 2059 τῆς
3047 1990 3168 2060 γῆς,
3218 1989 3326 2042 εἴτε
3370 1990 3546 2061 ὁρατά
3591 1988 3730 2043 εἴτε

2121 2079 2346 2151 ἀόρατα.
2381 2080 2580 2133 Τοῦτον
2615 2080 2944 2150 πιστεύομεν
2978 2081 3070 2133 ἐπὶ
3105 2080 3378 2152 συντελείᾳ
3410 2081 3524 2133 τῶν
3571 2082 3730 2134 aieb-

2122 2187 2228 2222 νων
2276 2172 2356 2233 εἰς
2392 2169 2649 2241 ἀθέτησιν
2698 2172 2974 2242 ἁμαρτίας
3017 2172 3202 2242 σάρκα
3251 2171 3603 2241 ἀνειληφέναι
3653 2175 3726 2226 ἐκ

2120 2262 2222 2332 τῆς
2254 2259 2554 2334 Παρθένου,
2597 2263 2691 2315 καὶ
2730 2263 3245 2333 ὲνανθρωπήσαντα,
3293 2263 3536 2317 παθόντα
3564 2265 3729 2336 ὑπὲρ

2122 2354 2228 2407 τῶν
2251 2355 2533 2426 ἁμαρτιῶν
2550 2355 2727 2426 ἡμῶν,
2752 2356 2844 2408 καὶ
2867 2355 3191 2422 ἀναστάντα,
3213 2357 3306 2408 καὶ
3325 2355 3726 2426 ἀναληφθέντα

2122 2449 2202 2510 είς
2230 2448 2514 2518 οὐρανοὺς,
2545 2446 2864 2512 καθέζεσθαι
2895 2449 2952 2501 ὲν
2982 2445 3130 2518 δεξιᾷ
3153 2446 3245 2500 τοῦ
3277 2447 3512 2517 Πατρὸς,
3543 2448 3727 2500 πάλιν

2122 2540 2416 2610 ἐρχόμενον
2445 2541 2501 2592 ἐν
2534 2538 2661 2610 δόξῃ
2703 2542 2884 2610 κρῖναι
2928 2539 3138 2604 ζῶντας
3183 2539 3277 2592 καὶ
3311 2539 3562 2609 νεκρούς.
3605 2541 3726 2593 Πι-

2124 2629 2386 2700 στεύομεν
2427 2630 2485 2683 δὲ
2523 2631 2617 2683 καὶ
2647 2632 2727 2693 είς
2757 2630 2816 2684 ἓν
2855 2631 3006 2699 ἅγιον
3039 2630 3286 2700 Πνεῦμα,
3323 2631 3351 2683 ὃ
3379 2633 3470 2683 καὶ
3516 2632 3727 2703 Παρὰ-

2122 2721 2317 2791 κλητον
2352 2721 2634 2791 ὠνόμασεν
2660 2724 2688 2775 ὁ
2721 2721 2910 2794 Σωτὴρ
2936 2723 3028 2775 καὶ
3062 2723 3267 2794 Κύριος
3299 2721 3454 2793 ἡμῶν
3496 2724 3727 2794 Ἰησοῦς

2121 2811 2378 2882 Χριστὸς,
2422 2813 2911 2884 ἐπαγγειλάμενος,
2955 2816 3092 2884 μετά
3137 2814 3196 2867 τὸ
3238 2814 3474 2869 ἀνελθεῖν
3517 2816 3724 2880 αὑτὸν,

2124 2904 2334 2975 πέμψαι
2366 2906 2477 2968 τοῖς
2501 2906 2770 2976 μαθηταῖς
2799 2905 2975 2970 τοῦτο,
3007 2906 3034 2957 ὃ
3064 2906 3156 2959 καὶ
3181 2906 3518 2969 ἀπέστειλεν,
3546 2909 3617 2960 δι’
3652 2903 3725 2962 οὗ

2124 2998 2218 3049 καὶ
2251 2997 2468 3065 ἁγιάζει
2495 3001 2620 3062 τοὺς
2656 3001 2712 3052 ὲν
2753 3001 2818 3070 τῇ
2861 2999 3156 3071 Ἐκκλησία
3193 3001 3572 3064 πιστεύοντας,
3613 3004 3724 3056 καὶ

436 3089 703 3160 promisit.
729 3084 903 3152 Quem
931 3094 985 3140 et
1027 3097 1218 3137 revera
1257 3082 1427 3146 misit,
1456 3088 1511 3136 et
1546 3095 1642 3152 per
1671 3095 1796 3135 cum
1827 3079 2010 3133 ﬁdeles

2127 3087 2558 3158 βαπτιζομένους
2602 3093 2660 3144 ὲν
2698 3089 2923 3160 ὀνόματι
2975 3091 3206 3163 Πατρὸς,
3255 3091 3349 3144 καὶ
3404 3091 3558 3155 Υἱοῦ,
3615 3094 3726 3148 καὶ

437 3183 494 3236 in
538 3179 782 3234 Ecclesia
815 3177 1142 3239 sanctiﬁcat,
1177 3177 1271 3245 qui
1311 3175 1662 3245 baptizantur
1699 3173 1752 3225 in
1794 3172 2013 3226 nomine

436 3273 635 3335 Patris,
671 3280 723 3324 et
759 3268 906 3330 Filii,
936 3276 990 3322 et
1016 3266 1257 3336 Spiritus
1297 3266 1497 3321 sancti.
1526 3263 1849 3333 Quicunque
1890 3278 2020 3318 vero

438 3372 635 3434 praeter
669 3365 809 3414 hane
855 3358 1013 3414 ﬁdem
1051 3358 1198 3411 aliud
1227 3356 1489 3427 quiddam
1525 3355 1845 3426 praedicant,
1885 3355 2019 3410 alie-

438 3470 539 3508 nos
585 3451 735 3507 novit
775 3449 1015 3504 Ecclesia
1053 3449 1343 3503 catholica.
1391 3445 1861 3513 Quemadmodum
1892 3461 2021 3500 vero

436 3560 562 3600 cum
605 3544 706 3598 hac
738 3541 860 3596 ﬁdei
892 3540 1126 3594 formula
1156 3547 1526 3594 consentanea
1555 3539 1627 3593 sit
1653 3553 1715 3593 ea
1747 3554 1867 3608 quae
1903 3536 2019 3592 Sir-

437 3636 533 3690 mii
569 3650 746 3705 nuper
774 3633 1027 3704 exposita
1067 3642 1153 3688 est
1185 3645 1370 3686 coram
1402 3631 1820 3702 religiosissimo
1849 3631 2022 3702 impe-

433 3734 618 3783 ratore
646 3734 854 3788 nostro,
886 3734 1088 3778 norunt
1125 3724 1221 3794 qui
1243 3723 1386 3778 hanc
1420 3725 1594 3794 ipsam
1628 3723 1878 3794 legerint.

505 3817 672 3891 874
695 3815 886 3870 XXVI.
928 3815 1389 3887 Subscripserunt
1434 3817 1528 3887 qui
1581 3815 1829 3877 aderant,
1871 3815 2020 3871 Basi-

432 3912 563 3981 lius,
627 3912 878 3976 Marcus,
931 3909 1198 3980 Georgius
1276 3908 1622 3964 Alexandria:
1693 3909 2012 3979 episcopus,

511 4072 528 4104 ³
554 4070 766 4126 Coloss.
795 4083 834 4133 I,
863 4067 951 4122 l5.

513 4226 616 4302 (δὲ)
661 4224 1047 4294 Ὑπέγτραψαν
1077 4226 1132 4278 οἱ
1161 4223 1476 4302 παρόντες.
1511 4220 1645 4302 Tam
1684 4218 1786 4274 hoc
1821 4235 2014 4302 a_vcro

432 4289 667 4354 alienum
698 4289 1004 4365 est,"quatn
1033 4293 1177 4365 quod
1227 4289 1482 4365 maxime.
1529 4290 1819 4365 Nunquam
1862 4289 2014 4365 Basi-

431 4369 538 4424 lius
569 4375 662 4420 aut
684 4361 898 4420 Marcus
929 4361 1214 4417 Acacianae
1243 4363 1332 4417 isti
1370 4361 1615 4415 formula:
1662 4361 2012 4430 subscripsit,

430 4449 492 4493 ut
545 4453 645 4492 nec
678 4435 990 4490 Occidentis
1034 4433 1298 4501 episcopi,
1353 4432 1446 4500 qui
1490 4430 1742 4501 Arimini,
1775 4429 2010 4501 npn'Se-

430 4509 621 4563 leueia:
645 4511 1038 4559 convenerunt.
1071 4498 1276 4557 Deinde
1331 4498 1593 4570 quorsum
1649 4500 1732 4554 bis
1787 4498 2009 4570 Georgii

432 4593 496 4632 ac
523 4575 794 4629 Pancratii
837 4573 1064 4642 repetita
1114 4571 1493 4642 subscriptio?
1511 4571 1672 4639 Atqui
1710 4585 1817 4622 non
1853 4571 2012 4626 aliter

431 4646 797 4716 Epiphanium
854 4641 1186 4716 scripsisse,
1220 4649 1313 4716 aut
1340 4641 1598 4716 sensisse
1636 4649 2008 4716 necesse__est,

431 4709 594 4786 quam
631 4722 690 4786 ut
747 4709 1073 4786 professioni
1113 4713 1188 4786 illi
1232 4711 1486 4786 llasilius,
1539 4709 1775 4786 Marcus,
1811 4709 2011 4786 aliique

431 4780 860 4852 subscripsci'int
896 4800 907 4834 :
945 4799 1067 4834 nam
1115 4783 1168 4834 in
1227 4780 1330 4834 ﬁne
1379 4780 2012 4852 Sttbscriptionttitt__cpi-

433 4849 935 4923 SCilIIOS—lllllllel‘al
985 4852 1075 4914 45,
1107 4860 1242 4920 quot
1281 4865 1465 4923 revera
1498 4851 1707 4923 su_nt,si
1729 4849 2006 4912 Basilium,

431 4919 693 4986 Marcum,
715 4923 1058 4991 reliquosque
1087 4919 1518 4991 complectimur.
1541 4919 1811 4991 Socrates
1827 4927 2007 4991 autem

431 4995 560 5066 capi"
588 4995 667 5066 5i
689 5008 796 5066 non
833 4987 1014 5066 plures
1048 4987 1230 5066 quani
1266 4989 1341 5066 ξι)
1366 5006 1498 5066 cum
1529 4988 1752 5066 Acacio,
1774 4987 2008 5066 Georgio

428 5059 850 5126 Alexandrino,’
897 5059 1099 5116 Uranie
1163 5069 1216 5116 et
1263 5059 1510 5115 Eudoxio
1549 5060 1898 5129 conspirasse
1928 5059 2006 5113 ’in

429 5151 550 5190 eam
618 5134 908 5189 formulam
970 5132 1156 5194 refert,
1187 5139 1248 5184 ut
1278 5132 1335 5185 in
1371 5140 1542 5186 totum
1583 5127 1808 5185 sitit’54.
1858 5127 2006 5184 Satis

428 5207 592 5273 igitur
644 5212 862 5259 constat
915 5204 1030 5258 hare
1065 5209 1362 5273 postrema,
1391 5200 1526 5271 ὁμοῦ
1559 5201 1846 5273 ἐπίσκοποι
1877 5205 2002 5273 μγ,

474 5269 715 5346 piphanii
754 5290 861 5328 non
893 5289 1037 5336 esse,
1066 5269 1118 5329 si
1155 5273 1300 5326 hunc
1328 5273 1396 5346 ab
1425 5269 1632 5346 erroris
1668 5269 2007 5346 culpanlibe-

425 5339 548 5402 ra'ré
579 5347 810 5400 velimus
837 5362 850 5397 :
877 5359 1054 5413 neque
1082 5357 1246 5413 porro
1274 5343 1484 5413 priores
1520 5342 1664 5413 illos,
1720 5339 2002 5413 Basilium,

426 5414 693 5484 Marcum,
749 5410 1135 5485 Hypatianutn,
1187 5410 1669 5485 et__0eeide_nta|es
1717 5410 2005 5479 episcopos

426 5430 693 5484 marcum,
749 5430 792 5469 ιι
836 5430 1135 5485 patlattum,
1187 5430 1241 5469 et
1289 5430 1669 5466 UCCIuentaIes
1717 5430 2003 5479 episcopus

423 5485 749 5554 Aeacianam
798 5430 1019 5538 ἔκθεσιν
1080 5483 1434 5554 approbasse.
1469 5480 1650 5548 Quare
1693 5487 1786 5532 aut
1813 5494 2003 5554 eorum

425 5553 732 5609 inducenda
756 5559 996 5618 nomina,
1033 5549 1130 5608 aui
1153 5549 1224 5607 ita
1253 5553 1538 5622 legendum
1567 5557 1677 5622 est,
1703 5549 2003 5622 γνωρίζω-τ

429 5640 514 5675 σιν
553 5626 602 5676 οἱ
657 5616 1072 5694 ἐντυγχάνοντες
1111 5627 1177 5694 τῇ
1222 5616 1425 5687 πίᾶτει,
1547 5693 1550 5694 ν
1579 5616 1898 5694 ὑπέγραψαν
1953 5621 2002 5672 οῖ

426 5694 711 5763 παρόντες,
739 5683 1195 5759 Bd3i12to;,'etel.',
1223 5697 1314 5747 καὶ
1351 5683 2002 5763 οῖ’πλεῖστοίὲπίσκοποι

424 5761 520 5836 τῆς
533 5764 766 5828 Δύσεως.
795 5763 932 5819 Tum
956 5764 1220 5838 ιἐώργιος
1239 5764 1553 5830 ἐπίσκοπος,
1582 5770 1687 5818 etc.
1718 5761 2002 5816 Aﬁirmant

2120 3181 2276 3250 ἁγίου
2320 3182 2656 3253 Πνεύματος.
2688 3184 2826 3248 Τοὺς
2865 3185 2921 3237 δὲ
2955 3184 3106 3254 παρά
3136 3185 3340 3256 ταύτην
3382 3186 3479 3256 τὴν
3525 3185 3725 3240 πίστιν

2119 3273 2247 3327 ἄλλο
2295 3291 2349 3326 τι
2403 3275 2772 3345 κηρύττοντας
2827 3275 3138 3346 ἀλλοτρίους
3181 3272 3321 3331 οἶδεν
3361 3280 3394 3348 ἡ
3443 3277 3721 3348 καθολικὴ

2132 3365 2450 3436 Ἐκκλησία.
2482 3367 2605 3419 Ὅτι
2637 3367 2694 3420 δὲ
2731 3366 2906 3440 ταύτῃ
2946 3370 3013 3438 τῇ
3053 3369 3234 3421 πίστει
3273 3369 3586 3440 ίσοδυναμεῖ
3612 3372 3722 3424 καὶ

2121 3457 2238 3527 ὴὲν
2268 3457 2477 3528 Σιρμίῳ
2516 3456 2707 3529 πρώην
2743 3457 3024 3511 ὲκτεθεῖσα
3057 3459 3240 3522 πίστις
3299 3461 3390 3512 ἐπὶ
3431 3460 3530 3531 τῆς
3552 3462 3723 3514 εὐσε-

2121 3546 2271 3610 ϐείας
2303 3547 2397 3600 τοῦ
2442 3547 2706 3617 βασιλέως
2744 3547 2920 3619 ἡμῶν,
2965 3549 3322 3621 γνωρίζουσιν
3349 3551 3398 3602 οἰ
3440 3552 3720 3620 ἐντυγχά-

2119 3656 2307 3703 νοντες
2347 3642 2414 3711 τῇ
2452 3640 2652 3693 πίστει.

2185 3817 2330 3884 KG’.
2349 3815 2700 3888 ⁹Υπέγραψαν
2715 3817 2763 3869 οἱ
2779 3817 3042 3888 παρόντες
3070 3817 3202 3890 (62),
3227 3819 3523 3882 Βασίλειος,
3548 3821 3708 3892 Μάρ-

2114 3922 2230 3973 κος,
2265 3907 2359 3960 καὶ
2408 3907 2679 3979 Γεώργιος
2717 3907 2747 3960 ὁ
2783 3908 2882 3979 τῆς
2932 3909 3335 3981 Ἀλεξανδρείας
3381 3911 3712 3981 ἐπίσκοπος,

2111 4218 2256 4274 enim
2293 4216 2553 4271 Acaciani
2583 4215 2784 4273 editam
2821 4234 2851 4273 a
2887 4235 2946 4276 se
2977 4219 3098 4276 ﬁdei
3137 4220 3547 4278 confessionem
3573 4239 3703 4279 cum

2111 4305 2175 4343 ea
2234 4289 2548 4360 consentire
2603 4288 2858 4360 formula,
2913 4291 2966 4343 in
3008 4305 3170 4360 quam
3217 4291 3402 4346 Sirmii
3437 4308 3561 4346 cum
3599 4293 3708 4348 Va-

2112 4360 2277 4420 lente,
2301 4355 2550 4429 Ursacio,
2567 4367 2627 4429 et
2647 4355 3092 4415 Occidentalibus
3115 4376 3419 4418 convenere
3440 4364 3701 4429 Basilius,

2113 4429 2348 4505 Marcus,
2380 4426 2945 4505 Georgius,___alii_que,
2990 4446 3129 4500 quos
3156 4430 3468 4505 Germinills
3503 4435 3559 4488 in
3587 4426 3706 4505 epi-

2114 4500 2274 4560 stola,
2315 4511 2436 4567 qua:
2481 4497 2851 4571 inter_llilarii
2882 4497 3185 4569 fragmenta
3239 4503 3533 4571 reperitur,
3565 4497 3705 4558 etfu-

2114 4577 2336 4639 merat;
2372 4583 2568 4638 nempe
2618 4567 2911 4639 Georgium
2953 4567 3402 4637 Alexandrinum,
3460 4573 3704 4627 Pancra-

2111 4640 2247 4711 tium
2283 4637 2628 4711 Pelusinum,
2677 4637 2937 4711 Basilium
2987 4642 3356 4711 Ancyranum,
3391 4641 3700 4706 Valentem,

2113 4707 2401 4762 Ursaeium
2444 4720 2496 4763 et
2548 4709 2809 4762 Marcum.
2843 4707 3199 4765 Restituenda
3239 4712 3386 4765 enim
3422 4712 3700 4768 Pancratii

2111 4789 2324 4852 V_OX‘CSl
2350 4779 2405 4852 in
2434 4777 2699 4852 Gertninii
2727 4782 2956 4846 epistola
2986 4798 2999 4830 :
3038 4783 3127 4835 ubi
3163 4783 3535 4852 itaﬂscriptum
3571 4793 3652 4838 cst
3683 4802 3699 4839 :

2114 4847 2183 4901 Et
2205 4847 2428 4917 Georgio
2444 4851 2683 4918 episcopo
2711 4851 3194 4904 Alexandrinorum
3227 4847 3477 4908 Ecclesitz
3503 4856 3520 4873 ‘
3549 4859 3567 4876 ⁶
3595 4853 3702 4908 Pe-

2113 4919 2432 4973 lusinorum.
2463 4921 2578 4994 lino
2605 4935 2732 4994 vero
2760 4924 2877 4994 fieri
2907 4932 3105 4992 potest,
3136 4931 3195 4974 ut
3243 4920 3536 4994 liypatiani
3561 4939 3701 4994 quo-

2109 5005 2217 5059 que
2245 5004 2442 5059 nomen
2478 5004 2509 5042 a
2535 4987 2813 5045 Germinio
2855 4987 3346 5047 commemoratum
3385 4987 3648 5049 exciderit
3679 5011 3696 5058 ;

2110 5058 2237 5134 nam
2265 5058 2713 5134 Epiphaniusin
2767 5062 2926 5134 calce
2953 5077 3106 5116 num.
3149 5062 3219 5114 92
3261 5063 3404 5117 inter
3446 5079 3566 5127 eos,
3601 5066 3698 5134 qui

2112 5127 2400 5184 Sirmiehsi
2445 5129 2693 5202 formulae
2716 5132 3186 5202 subscripserunt,
3228 5134 3478 5189 adfuisse
3509 5127 3699 5189 narrat

2108 5214 2234 5253 cum
2279 5199 3064 5275 caneris_llypatianum_;'qui
3127 5202 3552 5275 lleracletgfuit
3581 5206 3698 5275 epi-

2107 5283 2331 5344 scopus,
2375 5281 2436 5344 u_t
2479 5271 2554 5324 ait
2610 5271 2830 5344 sozom.
2880 5271 3095 5344 libyvu,
3127 5289 3248 5344 cap.
3297 5272 3346 5327 7.
3381 5271 3485 5328 Ubi
3515 5271 3698 5330 obiier

2107 5341 2483 5415 emendandus
2519 5349 2624 5406 est,
2652 5342 2782 5396 dum
2808 5344 2883 5396 ait
2915 5340 3361 5415 Qiacedonianos,
3385 5346 3694 5415 quiipostea

2107 5407 2394 5480 Lampsaci
2455 5421 2866 5477 convenerunt,
2927 5411 3316 5468 Valentiniano
3351 5407 3425 5469 rei
3470 5407 3696 5469 Valente

2107 5480 2505 5569 imperantibus
2547 5481 2719 5569 fuisse
2763 5484 3072 5569 otto-euolat),
3094 5494 3556 5569 propugnatores;

2105 5551 2340 5626 gendum
2378 5558 2459 5626 est
2499 5553 2659 5626 enim
2683 5551 2808 5626 ii‘eot
2857 5553 3006 5626 ἄλλοι
3050 5551 3334 5626 ὁμοούσιόν
3377 5553 3457 5626 τῷ
3511 5554 3690 5626 Πατρξ

2104 5619 2195 5672 τὸν
2227 5620 2353 5672 Υἱὸν
2393 5620 2581 5692 λέγειν
2641 5623 2846 5692 ἠξίουν.
2895 5623 2991 5680 Est
3045 5619 3188 5682 enim
3238 5640 3347 5680 non
3401 5619 3690 5681 Sozomeiti

2102 5702 2280 5760 error,
2312 5691 2408 5748 sed
2429 5693 2636 5750 librarii
