3990 6228
257 356 369 417 483

902 351 1271 445 Δονβιιειιε
1307 353 1648 411 ΠΛΕΒΕΒΕδ
1679 353 1804 411 LIB.
1841 356 1859 411 l

1966 355 2132 413 ΤΟΜ.
2166 358 2206 412 l.
2218 358 2572 417 —ILERES.
2609 355 2847 418 LXXIII.

3411 364 3516 424 65!

259 466 630 541 ΙῙαγκράτιος,
688 464 784 519 καὶ
824 463 1172 528 ’Υπατιανδς,
1216 464 1310 518 καὶ
1344 466 1393 518 οί
1440 466 1678 518 πλεῖστοι
1727 467 1845 519 ἐπί-

1962 466 2288 535 Pancratius,
2321 469 2681 542 Ilypatianus,
2710 484 2765 529 et
2798 472 3018 544 plurimi
3054 474 3371 533 Occidentis
3395 479 3516 549 epi-

259 576 459 615 σκοποι
502 558 601 627 τῆς
652 555 892 619 Δύσεωςο
939 554 1207 627 Γεώργιος
1251 557 1546 621 ἐπίσκοπος
1600 558 1844 624 Ἀλεξαν-

260 652 450 724 δρείας
493 648 759 719 ἐξεθέμην
802 648 903 718 τὴν
944 648 1127 700 πίστιν
1169 647 1371 713 οὕτως·
1410 650 1684 721 Ὁμολογῶ
1713 670 1845 723 φρο-

262 745 379 797 νεῖν
408 742 484 804 ὡς
526 741 840 812 πρόκειταυ
889 739 1140 803 Ἀκὰκιος
1176 739 1473 805 ἐπίσκοπος
1514 744 1847 814 Καισαρείας

266 834 535 905 ἐξεθέμην
579 832 675 903 τὴν
718 830 899 885 πίστιν
937 830 1143 895 οὓτως·
1192 831 1472 902 Ὁμολογῶ
1523 839 1739 905 φρονεῖν
1774 835 1849 899 ὼς

268 925 579 993 πρόκειται.
642 920 904 991 Οὐράνιος
959 919 1254 983 ἐπίσκοπος
1320 922 1527 995 Τύρου,
1592 924 1850 994 Εὐτύχιος

267 1014 571 1075 ἐπίσκοπος
620 1008 1131 1079 Ἐλευθεροπόλεως,
1181 1008 1378 1073 Ζὼῖλος
1420 1012 1715 1075 ἐπίσκοπος
1743 1014 1850 1065 Λα-

269 1106 469 1179 ρίσσης
490 1104 589 1171 τῆς
621 1101 841 1171 Συρίας,
867 1099 1041 1171 Σέρας
1069 1100 1364 1164 ἐπίσκοπος
1381 1102 1441 1154 ἐκ
1467 1102 1796 1173 Παρατονίου
1830 1104 1846 1135 ¹

265 1200 371 1268 τῆς
400 1194 623 1264 Λιϐύης,
668 1192 879 1253 Παῦλος
917 1192 1214 1255 ἐπίσκοπος
1259 1192 1505 1264 Ἐμίσης,
1558 1194 1851 1257 Εὐστάοιος

268 1289 568 1348 ἐπίσκοπος
628 1284 951 1352 Ἐπιφανίας
1002 1284 1151 1356 (65),
1212 1285 1498 1356 Εἰρηναῖος
1557 1288 1851 1351 ἐπίσκοπος

271 1378 588 1449 Τριπόλεως
610 1376 710 1445 τῆς
739 1375 1011 1446 Φοινίκης,
1044 1376 1302 1440 Εὐσέϐιος
1340 1379 1634 1442 ἐπίσκοπος
1660 1380 1853 1433 Σελευ-

268 1469 428 1532 κείας
459 1470 556 1539 τῆς
602 1468 822 1537 Συρίας,
872 1469 1198 1539 Εὐτυχιανὸς
1248 1471 1543 1534 ἐπίσκοπος
1589 1473 1852 1543 Πατάρων

268 1561 375 1630 τῆς
408 1560 629 1622 Λυκίας,
661 1560 955 1621 Εὐστάθιος
1007 1560 1305 1625 ἐπίσκοπος
1339 1562 1589 1633 Πιναρῶν
1635 1564 1728 1615 καὶ
1765 1566 1853 1616 Δι-

268 1651 480 1720 δύμων,
533 1650 808 1713 Βασίλειος
854 1650 1150 1713 ἐπίσκοπος
1199 1650 1445 1704 Καυνίων
1490 1653 1590 1723 τῆς
1634 1653 1851 1718 Λυδίας,

1946 558 2119 627 scopi.
2174 559 2287 630 Ego
2325 560 2592 633 Georgius
2641 564 2933 634 episcopus
2976 566 3321 623 Alexandria:
3372 569 3515 625 hanc

1949 647 2073 702 lidei
2096 650 2489 718 professionem
2516 653 2685 720 edidi,
2718 664 2880 724 atque
2905 656 2999 723 ita,
3026 666 3085 710 ut
3114 659 3378 727 scriptum
3406 667 3515 723 est,

1947 753 2033 793 me
2064 742 2265 796 sentire
2296 744 2567 811 proliteor.
2603 743 2715 815 Ego
2747 745 2979 802 Aeacius
3008 748 3299 817 cpisc0pus
3332 748 3517 804 Caesa-

1948 845 2053 885 rea:
2104 831 2244 886 hanc
2287 834 2406 889 ﬁdei
2453 836 2846 904 professionem
2898 838 3063 904 edidi,
3106 847 3267 908 alque
3311 841 3407 906 ita,
3456 848 3518 895 ut

1950 922 2214 991 scriptum
2245 932 2350 986 est,
2385 940 2471 979 me
2499 928 2701 981 sentire
2740 928 3015 997 proﬁteor.
3045 927 3283 984 Uranius
3311 932 3516 1000 episco-

1949 1027 2052 1080 pus
2110 1011 2257 1083 Tyri,
2320 1013 2620 1085 Eutychius
2676 1020 2967 1087 episcopus
3040 1018 3512 1089 Eleutheropolis,

1950 1103 2135 1160 Zoilus
2182 1107 2470 1177 episcopus
2512 1107 2741 1164 Larissa:
2786 1108 2977 1179 Syria},
3026 1109 3189 1164 Seras
3226 1111 3518 1179 episcopus

1949 1210 2014 1247 ex
2072 1193 2372 1251 Parmtouio
2422 1184 2620 1267 Lih‘yaz,
2672 1200 2873 1253 Paulus
2932 1200 3223 1269 cpiscopus
3264 1198 3518 1263 Emissae,

1952 1284 2273 1341 Eustathius
2317 1287 2609 1357 cpiscopus
2663 1287 2996 1358 Epiphaniae,
3047 1288 3280 1343 lrcnaeus
3307 1288 3523 1358 episco-

1952 1392 2053 1447 pus
2083 1376 2321 1447 Tripolis
2348 1378 2659 1444 thniccs,
2707 1380 2975 1456 Eusebius
3009 1384 3302 1451 episcopus
3335 1379 3522 1435 Seleu-

1952 1468 2049 1520 ciae
2090 1467 2279 1539 Syriae,
2326 1468 2697 1541 Eutychiauus
2750 1472 3037 1541 cpiscopus
3097 1471 3420 1526 Patarorum
3465 1473 3522 1527 in

1950 1557 2134 1628 Lycia,
2167 1559 2481 1617 Eustathius
2513 1563 2804 1632 epiSCOpus
2830 1562 3155 1618 Pinarorum
3178 1574 3231 1618 et
3268 1563 3524 1634 Didymo-

1952 1668 2095 1717 rum,
2131 1652 2365 1707 Basilius
2395 1655 2687 1724 episcopus
2716 1654 3050 1709 Cauniorum
3081 1655 3280 1726 Lydire,
3328 1656 3525 1710 Petrus

271 1742 485 1811 Πέτρος
541 1741 836 1803 ἐπίσκοπος
898 1741 1094 1794 Ἵππου
1147 1742 1527 1813 Παλαιστίνης,
1582 1744 1853 1813 Στέφανος

1962 1744 2244 1814 episcopus
2289 1743 2447 1815 Hippi
2490 1744 2813 1812 Palaestinae,
2866 1748 3170 1819 Stephanus
3225 1750 3521 1821 episcopus

274 1832 580 1893 ἐπίσκοπος
622 1831 985 1900 Πτολεμαΐδος
1031 1832 1131 1902 τῆς
1180 1833 1405 1904 Λιϐύης,
1451 1833 1698 1900 Εὐδόξιπ
1731 1836 1851 1888 ἐπί-

1962 1836 2300 1892 Ptolemaidis
2350 1837 2548 1909 Libym,
2601 1836 2877 1894 Eudoxius
2936 1818 3525 1912 episcopusaApo—llo-

273 1938 483 1983 σκοπος
529 1920 666 1990 (64),
726 1920 1079 1985 Ἀπολλώνιος
1128 1922 1423 1987 ἐπίσκοπος
1484 1924 1810 1996 Ὀξυρύγχου
1833 1967 1850 1993 ,

272 2013 603 2076 Θεόκτιστος
631 2012 929 2076 ἐπίσκοπος
962 2012 1338 2083 Ὀστρακίνης,
1363 2014 1609 2078 Λεόντιος
1636 2016 1854 2070 ἐπίσκο-

272 2121 381 2168 πος
413 2104 633 2167 Λυδίας,
684 2104 964 2167 Θεοδόσιος
1013 2104 1307 2167 ἐπίσκοπος
1352 2106 1451 2176 τῆς
1503 2108 1855 2178 Φιλαδελφίας

273 2196 501 2260 Λυδίας,
535 2194 723 2257 Φοῖϐος
751 2194 1048 2257 ἐπίσκοπος
1072 2193 1475 2264 Πολυχαλάνδου
1504 2198 1603 2267 τῆς
1634 2199 1852 2264 Λυδίας,

274 2287 503 2353 Μάγνος
546 2285 842 2348 ἐπίσκοπος
871 2284 1123 2356 Θεμισῶν
1163 2286 1264 2354 τῆς
1302 2287 1561 2358 Φρυγίας,
1591 2289 1856 2360 Εὐάγριος

275 2377 579 2439 ἐπίσκοπος
615 2375 929 2447 Μιτυλήνης
953 2375 1062 2429 τῶν
1089 2376 1287 2447 νήσων,
1318 2377 1537 2449 Κυρίων
1560 2379 1883 2449 ἐπεσκοποςς

274 2467 525 2539 Δολίχης,
569 2466 875 2535 Αὔγουστος
924 2467 1219 2531 ἐπίσκοπος
1264 2469 1576 2539 Εὐφράτης,
1620 2470 1858 2542 [Μάγνος

274 2558 582 2621 ἐπίσκοπος
619 2557 869 2628 Θεμισῶν
897 2558 999 2627 τῆς
1043 2556 1325 2628 Φρυγίας,]
1360 2558 1700 2631 Πολυδεύκης
1738 2561 1857 2614 ἐπί-

278 2665 486 2710 σκοπος
550 2648 849 2717 Ἐπαρχίας
912 2648 1169 2719 δευτέρας
1225 2648 1462 2718 Λιϐύης,
1516 2650 1858 2722 Παγκράτιος

276 2740 581 2802 ἐπίσκοπος
608 2738 911 2807 Πηλουσίου
952 2738 1085 2808 (65),
1119 2738 1397 2801 Φιλίκαδος
1436 2740 1730 2805 ἐπίσκοπος
1753 2743 1860 2796 Αὐ-

278 2829 595 2898 γουστάδων
634 2829 873 2899 Φρυγίας
915 2829 1204 2899 ἐπαρχίας,
1242 2814 1525 2899 έεραπίων
1566 2830 1860 2895 ἐπίσκοπος

294 2920 657 2992 Ἀντιπύργου
683 2920 778 2990 τῆς
810 2920 1035 2989 Λιϐύης,
1068 2920 1325 2983 Εὐσέϐιος
1370 2920 1664 2984 ἐπίσκοπος
1691 2922 1859 2974 Σεϐα-

282 3013 418 3082 στῆς
443 3012 539 3082 τῆς
562 3011 945 3082 Παλαιστίνης,
983 3011 1300 3083 Ἡλιόδωρος
1330 3015 1624 3075 ἐπίσκοπος
1647 3012 1859 3078 Σωζού-

283 3118 388 3172 σης
405 3099 506 3169 τῆς
524 3099 930 3164 Πενταπόλεως,
947 3100 1278 3170 Πτολεμαῖος
1295 3101 1590 3163 ἐπίσκοπος
1605 3100 1860 3171 Θμούεως

282 3190 746 3260 Αὐγουστονίκης,
796 3189 1042 3261 Δῦγαρος
1088 3190 1384 3254 ἐπίσκοπος
1415 3191 1598 3262 Κύρου
1640 3191 1859 3262 Εὐφρα-

286 3282 435 3343 σίας,
472 3279 773 3349 Ἐξερέσιος
803 3280 1098 3343 ἐπίσκοπος
1138 3280 1411 3351 Γερασῶν,
1457 3281 1722 3352 Ἀραϐίων
1744 3281 1863 3334 ἐπί-

283 3388 495 3433 σκοπος
571 3370 848 3441 Ἀδράων,
906 3371 1166 3441 Χαρίσιος
1224 3372 1521 3436 ἐπίσκοπος
1594 3372 1859 3439 Ἀζώτου,

301 3461 607 3523 Ἐλισσαῖος
628 3461 921 3524 ἐπίσκοπος
947 3462 1556 3533 Διοκλητιανουπόλεως,
1588 3466 1866 3536 Γερμανὸς

284 3550 585 3612 ἐπίσκοπος
618 3549 859 3621 Πετρῶν,
895 3550 1157 3621 Βαρόχιος
1187 3552 1207 3581 ²
1236 3551 1533 3614 ἐπίσκοπος
1580 3551 1858 3622 Ἀραϐίας.

295 3640 468 3712 Ὅμοῦ
497 3642 783 3705 ἐπίσκοποι
810 3648 920 3711 μγ¹.

360 3733 717 3804 Πεπλήρωται
751 3734 855 3797 ἕως
882 3727 984 3787 ὧδε
1006 3736 1039 3804 ἡ
1074 3733 1182 3787 τῶν
1210 3736 1623 3807 προειρημένων
1662 3738 1859 3808 Ἥμια-

289 3825 453 3899 ρείων
479 3825 573 3879 καὶ
612 3824 901 3895 ’Δρειανῶν
925 3824 1159 3888 ἐκθεσις.

362 3918 487 3971 KZ'.
520 3916 584 3970 Οί
613 3918 900 3987 νουνεχεῖς,
923 3916 1125 3988 ταύτην
1153 3917 1263 3989 (66)
1292 3919 1383 3973 καὶ
1416 3918 1513 3984 τὰς
1537 3919 1702 3983 ἄλλας
1725 3920 1855 3973 διελ-

368 4075 383 4104 ¹
426 4071 488 4127 F.
515 4073 893 4143 Παραιτονίου.
970 4075 990 4104 ³
1017 4091 1107 4143 γρ.
1138 4074 1413 4146 Βαρίχιος.

364 4228 478 4301 (65)
511 4230 842 4301 Εὐστάθιος
891 4231 1224 4299 ἐπίσκοπος
1266 4231 1634 4301 Ἔπιφανίας.
1690 4229 1867 4286 Scrib.

303 4300 674 4373 Ἐπιφανείας.
730 4301 857 4373 Quo
912 4301 1131 4356 nomine
1196 4300 1868 4373 complures_censentur.

290 4371 389 4442 Est
422 4370 671 4442 enimad
720 4369 974 4425 Orontem
1005 4385 1135 4442 una,
1186 4369 1358 4426 altera
1412 4372 1479 4426 ad
1519 4369 1867 4442 Euphraten;

293 4440 401 4493 alia
436 4440 489 4492 in
520 4438 731 4509 Cilicia.
760 4449 819 4494 ιιι
845 4442 911 4495 de
942 4440 1167 4509 reliquis
1198 4442 1407 4496 sileam.

370 4509 487 4579 (64)
540 4508 827 4575 Εὐδόξιος
877 4508 1229 4575 ἐπίσκοπος.
1286 4510 1404 4565 Νοιι
1457 4509 1621 4563 alium
1671 4511 1866 4579 opinor

293 4591 624 4649 esse,quam
644 4579 1061 4633 Antiochenum.
1091 4579 1187 4633 Hic
1208 4580 1352 4635 enim
1371 4580 1717 4649 coniunctam
1741 4595 1864 4634 cum

294 4648 501 4701 Acacio
524 4661 745 4718 causam
799 4649 1168 4703 habuitzcutn
1206 4664 1379 4718 eoque
1436 4647 1490 4703 in
1529 4647 1865 4704 Seleucieusi

297 4724 574 4771 conventu
608 4733 635 4772 a
665 4716 1016 4773 Semiarianis
1049 4719 1104 4771 in
1135 4716 1381 4774 ordinem
1411 4719 1684 4782 redactus,
1704 4721 1867 4774 vicis-

298 4789 405 4858 sim
437 4787 558 4858 illos
592 4787 645 4841 in
695 4788 1298 4858 Constantinopolitano
1346 4790 1581 4843 concilio
1614 4790 1864 4858 perculit.

299 4855 408 4929 Sed
446 4856 493 4929 si
548 4857 596 4911 is
650 4866 753 4921 est,
818 4857 1015 4910 mirum
1051 4855 1226 4929 yalde,
1263 4859 1535 4929 quomodo
1589 4855 1696 4912 non
1746 4866 1868 4927 post

295 4923 590 4998 Georgium
624 4929 812 4998 saltem
870 4923 1295 4998 Alexandrinum
1329 4923 1868 4998 subscripseritfqui

299 4994 491 5065 utique
542 5004 667 5051 ante
696 4994 1000 5055 Orientales
1045 5004 1098 5050 et
1151 4996 1319 5069 Syros
1352 4994 1638 5068 episcopos
1691 4994 1867 5052 nomi—

299 5067 518 5117 nandus
559 5066 678 5117 fuit.

297 5074 518 5120 nandus
559 5074 678 5119 fuit.

374 5133 486 5204 (65)
524 5135 888 5204 Παγκράτιος
918 5135 1249 5203 ἐπίσκοπος
1280 5136 1652 5204 Πηλουσίου.
1683 5133 1785 5201 Qui
1815 5144 1868 5192 et

301 5201 593 5260 Sirmiensi
625 5201 795 5260 tertia:
824 5201 1152 5262 Prolessioni
1175 5201 1301 5263 cum
1327 5201 1530 5274 Marco,
1556 5206 1774 5271 Basilio,
1805 5221 1869 5261 ac

298 5275 516 5346 caeteris
542 5275 960 5346 subscripserat.

372 5342 486 5412 (66)
530 5348 595 5399 Ol
618 5342 949 5413 νουνῖεχεῖς,
978 5346 1220 5414 ταύτην.
1245 5344 1423 5400 Variae
1445 5356 1572 5400 sunt
1607 5345 1675 5400 ab
1710 5344 1871 5399 Aria-

298 5414 390 5467 nis
440 5415 670 5470 diversis
720 5416 1056 5485 temporibus
1104 5416 1262 5471 edita:
1297 5416 1669 5472 Professiones
1705 5417 1867 5470 lidei:

298 5498 537 5553 quarum
589 5501 781 5539 novem
834 5484 1057 5539 Omnino
1106 5486 1173 5539 ad
1207 5484 1869 5555 Constantinopolitauum

298 5569 479 5622 usque
530 5555 974 5618 conciliabulum,
1010 5556 1153 5624 quod
1180 5570 1211 5609 a
1242 5556 1578 5610 Seleucieusi
1630 5557 1872 5622 proxime

297 5635 385 5677 est
440 5624 712 5690 habitum,
772 5633 1017 5680 recenset
1063 5624 1352 5691 Socrates,
1400 5627 1497 5679 sed
1540 5634 1594 5679 et
1628 5626 1872 5680 Athana-

299 5696 422 5747 sius
466 5694 557 5765 lih.
591 5694 667 5747 De
697 5695 909 5765 synod.,
942 5709 1009 5748 ex
1029 5709 1136 5764 quo
1169 5702 1351 5748 tamen
1376 5694 1568 5765 decem
1603 5695 1872 5765 coliigun-

299 5771 394 5816 tur
477 5762 625 5830 Quas
693 5762 796 5820 hoc
865 5766 985 5820 loco
1044 5762 1313 5837 attingam
1374 5764 1628 5821 breviter.
1683 5762 1873 5819 Prima

1952 1927 2078 1983 nius
2129 1928 2416 1998 episcopus
2465 1929 2781 2001 Oxyrinchi,
2834 1930 3181 1988 Theoctistus
3226 1933 3524 2003 episcopus

1953 2018 2286 2083 Ostracines,
2315 2020 2571 2078 Leontius
2615 2021 2901 2093 cpiscOpus
2936 2022 3138 2094 Lydiae,
3185 2024 3526 2081 Theodosius

1954 2109 2250 2180 episcopus
2284 2109 2670 2180 Philadelphia:
2708 2110 2912 2182 Lydiae,
2960 2111 3199 2168 thbus
3233 2115 3526 2184 episcopus

1956 2198 2373 2269 Polychalandm
2414 2200 2613 2271 Lydiae,
2648 2200 2874 2273 Magnus
2916 2206 3205 2274 episcopus
3244 2204 3528 2260 Themiso-

1958 2305 2081 2345 rum
2112 2290 2377 2362 Phrygire,
2411 2291 2674 2362 Evagrius
2713 2294 3003 2364 episcopus
3032 2295 3314 2367 Mytilencs
3368 2297 3528 2352 insu-

1956 2384 2154 2447 larum,
2190 2381 2388 2454 Cyrion
2437 2384 2723 2454 cpiscopus
2771 2384 3044 2450 Dolichos,
3085 2387 3364 2457 Augustus
3409 2387 3528 2456 epi-

1959 2491 2156 2545 scopus
2205 2473 2594 2544 Euphratcsiaa,
2651 2475 2841 2530 Pollux
2885 2477 3171 2547 episcopus
3224 2477 3524 2546 provinciae

1960 2567 2211 2622 secunda:
2238 2565 2438 2637 Lybiaa,
2480 2565 2805 2621 Pancratius
2837 2568 3127 2637 episcopus
3157 2566 3381 2634 Pelusii,
3405 2566 3529 2623 Phi-

1960 2658 2167 2713 licadus
2201 2659 2489 2729 episcopus
2530 2658 2971 2728 Augustadorum
3012 2658 3261 2730 Phrygiae
3301 2660 3527 2731 provin-

1960 2750 2076 2814 ciae,
2121 2749 2381 2819 Serapion
2428 2750 2717 2820 cpiscopus
2771 2750 3055 2821 Autipyrgi
3104 2750 3305 2822 Libyaa,
3355 2751 3527 2807 Euse-

1970 2841 2094 2896 bius
2119 2841 2411 2910 episcopus
2439 2840 2680 2895 Sebastae
2702 2839 3027 2905 Palazstinze,
3065 2840 3389 2896 Ileliodorus
3414 2842 3532 2912 epi-

1961 2946 2161 3001 scopus
2204 2930 2420 2986 Sezusa:
2472 2930 2813 3001 Pcntapolis,
2863 2932 3182 2987 Ptolemreus
3243 2934 3532 3002 episcopus

1962 3020 2238 3079 Thmucos
2292 3023 2712 3092 Augustoniccs,
2762 3023 3010 3092 Augarus
3070 3024 3359 3093 episcopus
3403 3024 3531 3095 Cyri

1963 3112 2300 3184 Euphrasize,
2339 3113 2628 3169 Exeresius
2678 3115 2965 3185 episc0pus
3005 3113 3357 3180 Gerasorum,
3396 3116 3534 3168 Ara-

1963 3205 2093 3259 bion
2155 3206 2444 3275 episcopus
2500 3205 2841 3271 Adraorum,
2909 3205 3189 3261 Charisius
3242 3208 3533 3276 episcopus

1964 3296 2142 3363 Azoti,
2189 3296 2446 3353 Elissaeus
2505 3299 2792 3367 episcopus
2850 3296 3345 3368 Diocletianopolis,
3396 3297 3533 3353 Ger-

1965 3400 2162 3440 manus
2221 3386 2510 3457 episc0pus
2544 3387 2847 3452 Petrarum,
2895 3387 3193 3443 Barochius
3245 3391 3571 3460 episcopus-

1966 3476 2198 3531 Arabiaa.
2231 3475 2433 3534 Omnes
2457 3481 2696 3550 episcopi
2731 3497 2957 3537 numero
2984 3480 3164 3536 XLIII.

2039 3739 2312 3796 Hactenus
2380 3740 2838 3798 Semiarianorum
2912 3752 2966 3799 et

1963 3832 2250 3901 expositio.

2035 3922 2199 3993 875
2242 3922 2459 3981 XXVII.
2507 3926 2644 3981 Cum
2692 3929 2832 3982 hanc
2877 3934 2930 3981 et
2982 3937 3207 3985 cmtcras
3248 3929 3301 3984 id
3363 3942 3537 4000 genus

3034 3743 3358 3800 Arianorum
3413 3745 3537 3802 lidei

1977 4228 2339 4302 Iideiiéxeectg
2366 4230 2672 4302 Antiochiae
2702 4230 3077 4302 Enraniorum
3122 4240 3364 4302 tempore
3390 4234 3531 4288 scri-

1976 4309 2065 4370 pta
2107 4300 2420 4359 Marcellino
2458 4311 2514 4354 et
2556 4299 2789 4356 Probino
2839 4316 3121 4367 coss.,an.
3163 4299 3288 4366 541,
3333 4304 3423 4359 ubi
3465 4304 3533 4359 de

1974 4370 2130 4439 οὐσίᾳ
2168 4370 2394 4424 verbum
2446 4370 2688 4436 nullum;
2746 4371 3005 4434 secunda,
3059 4372 3113 4426 in
3160 4372 3348 4427 eodem
3400 4388 3535 4427 con-

1897 4467 1942 4522 D
1971 4440 2223 4522 ciliabulo
2264 4441 2453 4520 edita,~
2480 4441 2642 4522 paulo
2693 4440 2941 4522 longior:
2970 4441 3083 4522 ubi.
3113 4442 3306 4522 Filium
3356 4443 3533 4522 Μονο-

1968 4510 2098 4579 γενῇ
2127 4508 2363 4579 Θεόνμιο
2396 4508 2495 4579 τῆς
2517 4509 2702 4573 οὐσίας
2734 4508 2916 4563 εἰκόνα
2941 4512 3323 4576 nominarunt;
3353 4514 3531 4579 tertia,

1969 4578 2243 4651 ibide_m_a
2284 4578 2667 4651 Theophronio
2710 4581 3057 4649 conscripta:
3091 4596 3209 4651 quae
3246 4591 3301 4635 et
3345 4578 3532 4647 οὐσίας

1968 4648 2292 4719 vocabulum
2323 4648 2650 4719 supprimit;
2684 4660 2895 4718 quarta,
2923 4648 3126 4718 paucos
3159 4659 3281 4719 post
3316 4667 3533 4708 menses

1968 4733 2065 4786 per
2098 4717 2441 4778 Narcissum,
2466 4718 2675 4783 Marim,
2699 4717 2954 4789 aliosque
2985 4720 3037 4773 in
3067 4717 3265 4775 Gallias
3294 4723 3358 4774 ad
3392 4721 3533 4775 Con-

1970 4796 2207 4860 stantem
2239 4789 2405 4860 missa
2434 4792 2530 4860 :iu
2566 4789 2667 4860 hac
2694 4790 2933 4860 damnati
2964 4790 3056 4860 qui
3083 4791 3325 4845 dicerent
3350 4791 3408 4855 ἐξ
3435 4793 3534 4845 οὐκ

1969 4856 2134 4929 ὄντων
2164 4858 2252 4929 τον
2294 4857 2491 4929 Υἱδν,ίῆ
2526 4857 2587 4922 ἐξ
2616 4859 2809 4929 ἐτέρας
2837 4856 3204 4924 ὑποστάσεως.
3242 4862 3333 4913 καὶ
3364 4862 3436 4929 μὴ
3470 4863 3535 4915 ἐκ

1970 4925 2062 4978 τοῦ
2098 4925 2230 4979 Θεοῦ
2264 4925 2544 4995 γενέσθαι,
2593 4935 2687 4981 aut
2714 4925 2907 4984 'l‘uissc
2938 4931 3231 4998 aliquando
3282 4925 3494 4999 teu'ip'us
3515 4969 3531 4994 ,

1970 5010 2093 5067 cum
2127 5011 2236 5049 non
2274 5007 2454 5062 esset;
2493 4999 2697 5065 quinta,
2730 5007 2853 5067 post
2896 5001 3189 5054 triennium
3224 5000 3276 5053 in
3328 4999 3530 5053 Italiam

1969 5066 2137 5139 missa
2164 5067 2545 5139 μακρόστιχος,
2566 5067 2667 5121 hoc
2694 5076 2776 5121 est
2801 5068 3010 5138 longior
3034 5069 3300 5139 appellata
3329 5085 3343 5131 ;
3367 5083 3532 5137 quam

1972 5136 2188 5204 quidem
2215 5136 2515 5190 Antiochia:
2540 5144 2849 5191 contextam
2881 5136 2933 5191 iit
2963 5136 3266 5193 Annalibus
3296 5136 3528 5205 reperio,

1971 5206 2065 5259 sed
2108 5206 2211 5259 hoc
2252 5220 2423 5274 neque
2489 5206 2741 5261 Socrates
2792 5223 2855 5260 ac
2917 5206 3293 5272 Sozomenus,
3356 5222 3533 5271 neque

1970 5274 2303 5349 Athanasius
2350 5275 2645 5349 referunt”;
2702 5278 2770 5349 in
2809 5292 2915 5349 qua
2953 5279 3051 5349 τῆς
3092 5278 3297 5349 οὐσίας
3326 5279 3532 5349 mentio

1972 5346 2153 5409 nulla;
2185 5355 2352 5408 serta,
2374 5346 2427 5398 in
2452 5347 2687 5400 concilio
2717 5345 3212 5403 Siriuieusi'contra
3241 5346 3531 5401 Pbotinum

1971 5415 2115 5497 edita
2151 5430 2295 5497 anno
2336 5416 2481 5497 551;
2538 5418 2604 5471 de
2625 5419 2851 5497 nquaﬂin
2902 5418 3275 5497 superioribus
3318 5416 3532 5497 abunde

1970 5484 2174 5538 dictum
2207 5494 2319 5548 est;
2352 5486 2590 5551 septima,
2625 5484 2807 5539 Sirtnii
2841 5484 2986 5540 anno
3007 5487 3108 5543 557
3160 5487 3347 5541 Latine
3393 5488 3533 5541 scri-

1972 5563 2198 5626 ptaest,
2230 5554 2296 5610 de
2324 5571 2451 5624 qua,
2491 5564 2546 5608 ut
2598 5564 2651 5610 et
2700 5556 2764 5608 de
2813 5566 3014 5626 octava.
3061 5572 3181 5626 qua:
3226 5557 3531 5611 Ariminum

1973 5625 2178 5693 perlata
2211 5633 2314 5689 est,
2338 5626 2643 5696 conscripta
2667 5639 2808 5696 anno
2841 5625 2966 5696 552,
2994 5625 3128 5680 satis
3155 5635 3314 5682 antea
3344 5627 3532 5696 dispu-

1973 5696 2239 5762 tavimus;
2281 5711 2439 5766 naria,
2484 5704 2565 5766 est
2608 5694 2876 5766 Acaciana
2923 5694 3181 5749 Seleuciae
3231 5694 3529 5766 proposita,

1973 5779 2137 5834 quam
2184 5780 2305 5821 cum
2362 5763 2648 5821 Sirmiensi
2694 5764 2851 5819 tertia
2907 5763 3246 5821 consentire
3274 5763 3531 5823 auctores
