3990 6228
238 403 328 464 461

858 397 1231 458 ADV'ERSUS
1270 396 1616 457 [LERESES
1655 397 1784 454 LIB.
1827 396 1914 453 Ill.
1956 395 2120 453 ‘I'OM.
2154 395 2193 451 I.
2229 429 2297 438 --
2328 394 2602 454 llERES.
2635 393 2869 454 LXXIII.

3395 400 3499 456 469

234 527 493 600 δύναμιν,
521 523 660 596 ὑπὲρ
685 523 715 578 ὃ
743 524 1076 596 φθέγξασθαι
1103 524 1328 579 δύναται
1356 521 1593 593 γλῶττα,
1623 520 1765 591 ὑπὲρ
1789 520 1818 574 ὃ

1949 519 2160 583 ιιιξθιιίι.
2193 534 2362 590 supra
2397 519 2448 573 id
2482 533 2646 574 omne
2676 518 2822 590 quod
2858 518 2941 574 vel
2973 517 3154 590 eloqui
3189 517 3500 589 lingua,vel

235 621 452 690 κινῆσαι
488 619 730 673 διάνοιαθ
774 617 1022 688 γέννημα
1055 615 1257 669 τέλειόν
1296 632 1357 668 τε
1399 615 1495 668 καὶ
1530 613 1708 684 μένον,
1751 612 1817 664 ἐκ

235 710 442 764 τελείου
491 711 588 764 καὶ
623 708 874 781 μένοντος
912 708 970 761 ἐν
998 706 1307 776 ταυτότητι,
1342 705 1443 757 οὑκ
1469 700 1819 773 ἀπορῤεὖσαν

240 803 304 855 ἐκ
336 801 551 871 [ἰατρὸς
573 840 587 865 ,
637 798 761 853 οὔτε
791 797 1110 870 ἀποτμηθὲν
1143 813 1204 850 τε
1252 796 1348 850 καὶ
1375 794 1663 867 διαιρεθὲν,
1705 792 1817 846 ἀλλ’

240 894 464 958 ἀπαθῶς
489 896 584 948 καὶ
612 893 920 964 ὁλοκλήρως
949 889 1246 964 προελθὼν,
1274 891 1338 942 ἐκ
1367 889 1462 942 105
1500 888 1666 960 μηδὲν
1695 887 1822 941 ἀπο·

242 985 565 1058 ϐεϐληκότος
592 980 667 1041 ὧν
695 981 836 1056 εἶχε·
867 986 961 1038 καὶ
985 986 1066 1037 ὅτι
1093 983 1264 1052 Λόγος
1298 983 1415 1037 ἐστί
1447 1000 1507 1036 τε
1541 982 1636 1035 καὶ
1667 981 1823 1050 λέγει

241 1097 325 1133 ται
355 1079 515 1144 Υἱὸς,
544 1079 605 1132 οὑ
639 1079 745 1151 μὴν
780 1077 932 1150 φωνὴ
959 1077 1053 1131 105
1085 1078 1320 1149 Πατρός,
1355 1075 1477 1130 οὑδὲ
1505 1075 1656 1146 ῥῆμα
1687 1076 1822 1127 νοεῖς

241 1189 346 1226 ται.
383 1171 686 1240 ’Υφέστηκε
734 1168 843 1241 γὰρ
877 1169 998 1222 καθ’
1047 1167 1258 1232 ἑαυτὸν,
1308 1167 1404 1220 καὶ
1448 1167 1686 1237 ἐνεργεῖ,
1727 1165 1823 1219 καὶ

240 1261 314 1317 δι’
369 1261 556 1316 αὑτοῦ
610 1261 684 1314 τὰ
723 1258 947 1325 πάντα,
991 1259 1090 1314 καὶ
1142 1258 1214 1312 ἐν
1257 1257 1422 1324 αὐτῷ
1470 1257 1543 1310 τὰ
1589 1256 1820 1310 πάντα·

241 1352 428 1424 ὥσπερ
456 1353 551 1405 καὶ
578 1349 740 1420 σοφία
761 1353 790 1404 ὁ
827 1351 989 1414 αὑτὸς
1015 1349 1091 1404 ῶν
1124 1351 1225 1404 οὑκ
1263 1348 1555 1422 ἐνθύμημα
1585 1349 1680 1403 τοῦ
1707 1351 1822 1403 Πα-

242 1446 368 1518 τρὸς
399 1447 620 1508 νοεῖται,
652 1442 778 1497 οὑτε
821 1443 1033 1513 κίνησις
1060 1442 1152 1496 105
1181 1440 1515 1513 ἡγεμονικοῦ
1550 1441 1820 1512 ἐνέργεια.

241 1536 376 1591 ἀλλά
401 1536 652 1606 γέννημα
689 1533 873 1606 ὅμοιόν
908 1551 968 1586 τε
1014 1533 1107 1586 105
1144 1533 1376 1604 Πατρὸς,
1423 1532 1630 1586 καὶτὸν
1661 1550 1827 1605 χαρα-

246 1629 426 1699 κτῆρα
469 1627 564 1681 105
610 1626 822 1697 Πατρὸς
869 1625 1151 1697 ἀκριϐοῦν.
1199 1625 1400 1678 Τοῦτον
1442 1624 1550 1695 γὰρ
1582 1627 1610 1678 ὁ
1641 1623 1826 1696 Πατὴρ

242 1720 572 1792 ἐσφράγισεν
616 1719 644 1771 ὁ
685 1719 847 1783 Θεός⁸
879 1717 973 1771 καὶ
1016 1719 1114 1789 οὑχ
1145 1717 1318 1789 ἑτέρῳ
1364 1717 1462 1787 μὲν
1506 1716 1824 1789 ἐνυπάρχει,

242 1815 342 1886 οὑχ
368 1813 639 1884 ὑφέστηκε
665 1812 719 1865 δὲ
743 1811 861 1866 καθ’
899 1811 1079 1878 ἑαυτὸ,
1107 1809 1243 1864 ἀλλά
1267 1810 1513 1881 γέννημα
1541 1811 1826 1882 ἐνεργητι-

1919 615 2131 685 agitare
2155 614 2355 669 mentis
2402 613 2759 684 intelligentia
2804 623 3002 686 potest.
3049 614 3377 678 Pcrl'ectam,
3417 615 3503 668 in-

1919 721 2105 774 quam,
2137 707 2402 771 sobolem,
2439 714 2495 760 ct
2526 706 2775 760 stabilem
2825 724 2890 761 cx
2930 706 3174 777 perfecto
3215 716 3270 762 et
3312 707 3366 760 in
3403 722 3503 760 co-

1921 797 2042 853 dem
2073 807 2223 854 statu
2256 806 2626 868 permanente.
2661 797 2794 864 Qua:
2830 799 3049 868 quidem
3085 799 3303 855 soboles
3329 813 3506 868 neque

1923 901 1954 941 a
1999 883 2160 942 Patre
2214 886 2493 958 proﬂuxit,
2540 902 2642 942 nec
2685 897 2904 942 exsecta
2949 895 3055 950 est,
3107 889 3190 942 vel
3236 887 3506 942 divisione

1921 983 2243 1046 propagata,
2295 975 2390 1031 sed
2437 976 2575 1030 citra
2621 976 2933 1045 passionem
2966 976 3287 1047 integreque
3330 978 3400 1031 ab
3437 993 3506 1033 eo

1924 1066 2212 1137 processit,
2246 1067 2339 1137 qui
2383 1067 2520 1122 nihil
2559 1081 2774 1131 cormn,
2803 1067 3006 1138 quibus
3047 1067 3309 1138 prmditus
3337 1080 3504 1133 esset,

1925 1157 2191 1214 amiserit.
2232 1158 2370 1214 Tum
2399 1159 2648 1215 eumdem
2678 1159 2830 1214 ilhun
2864 1159 3060 1215 Filium
3096 1158 3334 1216 Verbum
3384 1178 3510 1218 esse

1924 1248 2164 1321 dicique,
2198 1267 2307 1306 non
2338 1267 2527 1307 vocem
2559 1260 2651 1307 aut
2692 1252 2986 1308 dictionem
3017 1252 3197 1309 Patris
3235 1254 3506 1324 in‘clligit.

1928 1340 2206 1412 Siquidem
2241 1358 2337 1413 per
2367 1357 2426 1399 se
2464 1345 2556 1399 ille
2591 1344 2842 1398 subsistit
2885 1352 2931 1398 et
2967 1346 3098 1414 agit,
3129 1359 3192 1399 ac
3217 1361 3309 1413 per
3335 1346 3512 1413 ipsum

1926 1436 2125 1498 omnia,
2159 1445 2206 1490 et
2242 1437 2295 1490 in
2327 1436 2438 1504 ipso
2467 1446 2590 1490 sunt
2623 1438 2800 1490 omnia
2829 1437 2870 1489 ³.
2929 1435 3401 1503 Quemadmodum
3437 1439 3510 1491 ita

1928 1527 2018 1583 ille
2044 1527 2214 1598 879
2255 1527 2523 1598 sapientia
2551 1537 2654 1594 est,
2683 1536 2741 1581 ut
2774 1525 2952 1582 Patris
2982 1528 3265 1599 cogitatio,
3294 1528 3375 1582 vel
3406 1544 3518 1583 mo—

1929 1619 2005 1672 tio
2049 1620 2267 1683 mentis,
2323 1618 2536 1674 actiove
2583 1620 2808 1675 minime
2852 1619 2922 1675 sit
2954 1622 3253 1690 putandus,
3305 1623 3400 1676 sed
3435 1625 3513 1676 si-

1930 1709 2075 1763 milis
2116 1708 2297 1765 Patris
2333 1711 2574 1773 soboles,
2626 1721 2680 1765 ct
2723 1720 3038 1766 accuratam
3083 1712 3135 1765 in
3181 1729 3303 1768 sese
3332 1712 3513 1768 Patris

1929 1801 2158 1872 clligiem
2206 1803 2539 1872 exprimens.
2589 1801 2725 1856 Nam
2761 1803 2907 1858 hunc
2957 1801 3104 1859 Dens
3136 1804 3296 1860 Pater
3333 1806 3515 1877 sigillo

243 1906 361 1969 κῦν,
413 1907 503 1960 καὶ
534 1904 831 1976 πεποιηκὸς
861 1903 978 1958 τόδε
1009 1902 1068 1956 τὸ
1102 1903 1230 1966 πᾶν,
1280 1904 1376 1956 καὶ
1421 1901 1686 1972 φυλάττον
1716 1900 1821 1956 ἀεί.

1949 1891 2075 1946 :elut
2104 1891 2434 1961 obsignavit,
2468 1906 2642 1962 neque
2679 1893 2758 1947 sic
2786 1892 3074 1947 cxsistitin
3094 1893 3292 1964 altero,
3322 1901 3380 1948 ut
3416 1911 3514 1964 per

244 1997 432 2051 Ταῦτα
460 1995 619 2049 ἱκανὰ
640 1996 734 2049 καὶ
759 1995 858 2066 τῆς
891 1993 1154 2067 Ἑλλήνων
1180 1993 1390 2065 πλάνης
1414 1995 1561 2064 ἡμᾶς
1608 1992 1704 2046 καὶ
1726 1992 1825 2064 τῆς

257 2088 554 2159 Ἰουδαϊκῆς
584 2087 1038 2159 ἐθελοθρησκείας
1068 2084 1454 2157 ἐλευθερῶσαι,
1486 2085 1579 2140 καὶ
1609 2084 1711 2155 τῆς
1740 2086 1825 2138 ai-

245 2179 473 2252 ρετικῆς
504 2179 839 2247 κακοδοξίας.

319 2441 447 2494 AA'.
500 2439 715 2510 Ἐπειδὴ
753 2438 813 2493 δὲ
843 2438 950 2493 τῶν
997 2440 1054 2491 ἐν
1106 2441 1226 2502 ταῖς
1274 2437 1518 2509 Γραφαῖς
1561 2435 1830 2506 κειμένων

244 2530 448 2595 λέξεων
487 2530 579 2582 τὸν
602 2529 726 2583 νοῦν
755 2527 1197 2602 παρατρέποντές
1227 2544 1394 2591 τινες,
1429 2525 1522 2578 καὶ
1557 2524 1761 2595 ἑτέρως
1798 2523 1830 2595 ἢ

248 2622 530 2692 προσῆκεν
557 2621 974 2692 ἑρμηνεύοντες,
1000 2621 1094 2676 καὶ
1122 2621 1260 2692 μήτε
1291 2617 1400 2672 τῶν
1433 2617 1697 2688 ῥημάτων
1734 2615 1833 2686 τὴν

248 2711 518 2782 δύναμιν,
559 2712 698 2782 μήτε
753 2709 860 2764 τῶν
913 2710 1254 2780 πραγμάτων
1301 2707 1401 2780 τὴν
1449 2707 1611 2778 φύσιν
1664 2723 1833 2760 κατα-

249 2803 519 2866 νοοῦντες,
553 2801 822 2874 τολμῶσιν
868 2801 1079 2855 ἀθετεῖν
1123 2801 1223 2872 τὴν
1267 2799 1494 2870 θεότητα
1546 2797 1638 2851 105
1680 2797 1831 2863 Υἱοῦ,

249 2894 694 2966 προσκόπτοντες
727 2898 793 2964 τῇ
828 2892 970 2958 λέξει
1005 2893 1105 2963 τῆς
1131 2891 1359 2956 κτίσεως
1383 2893 1445 2961 τῇ
1483 2888 1836 2961 ἐμφερομένῃ

249 2989 375 3049 ταῖς
427 2985 782 3058 Παροιμίαις’
843 2985 1059 3052 Κύριος
1107 2985 1216 3055 γὰρ
1265 2982 1469 3038 ἕκτισέ
1513 2999 1590 3051 με
1637 2979 1839 3050 ἀρχὴν

249 3077 416 3131 ὁδῶν
439 3078 624 3132 αὑτοῦ
657 3081 744 3144 εἰς
769 3077 912 3148 ἔργα
943 3075 1159 3131 αὐτοῦ·
1190 3074 1282 3139 οὓς
1315 3075 1436 3128 δέον
1460 3073 1536 3144 τῷ
1565 3070 1839 3142 πνεύματι

251 3171 334 3242 τῷ
363 3170 716 3234 ζωοποιοῦντι
745 3169 1082 3237 ἀκολουθεῖν,
1112 3169 1207 3222 καὶ
1238 3167 1315 3239 μὴ
1339 3167 1416 3238 τῷ
1442 3167 1734 3240 γράμματι
1761 3162 1840 3234 τῷ

1934 1999 2056 2040 sese
2087 1984 2310 2038 minime
2359 1985 2646 2048 subsistat,
2689 1983 2783 2040 sed
2817 1984 3006 2040 cllicax
3038 1985 3258 2055 quidam
3307 1986 3396 2040 ille
3440 1986 3519 2042 fe-

1939 2083 2026 2126 tus
2066 2079 2169 2138 est,
2199 2072 2290 2142 qui
2329 2080 2500 2126 totmn
2543 2073 2647 2128 hoc
2682 2073 2999 2129 universum
3042 2073 3188 2144 quod
3235 2073 3514 2139 condidit,

1937 2169 2199 2233 perpetuo
2235 2171 2550 2219 conservat.
2585 2163 2712 2219 Ilaec
2753 2163 2947 2220 idonea
2981 2173 3128 2231 sunt,
3163 2175 3220 2219 ut
3265 2179 3367 2220 nos
3401 2173 3456 2220 et
3485 2179 3518 2218 a

1937 2256 2250 2309 Grzecorum
2282 2270 2491 2321 errore,
2525 2264 2574 2312 et
2603 2271 2632 2308 ιι
2663 2254 2978 2311 Iudaeorum
3011 2259 3425 2327 superstitione,
3466 2267 3522 2313 et

1938 2346 2006 2400 ab
2036 2345 2412 2400 lnereticorum
2441 2346 2649 2401 nefaria
2682 2347 2938 2418 opinione
2968 2348 3266 2405 vindicent.

2010 2434 2201 2492 XXXI.
2245 2436 2516 2503 Quoniam
2568 2454 2696 2492 vero
2754 2439 3000 2493 nonnulli
3055 2453 3251 2494 vocum
3303 2441 3522 2494 illarum

1940 2545 2061 2601 quae
2095 2530 2147 2584 in
2196 2528 2498 2600 Scripturis
2540 2538 2793 2597 exstant,
2843 2545 3066 2586 sensum
3109 2531 3521 2602 detorquentes.

1942 2631 2106 2694 atque
2129 2623 2287 2677 aliter
2315 2638 2478 2694 quam
2507 2639 2605 2694 par
2648 2625 2718 2677 sit
2750 2624 3194 2694 interpretantes,
3229 2639 3406 2693 neque
3429 2633 3525 2677 aut

1941 2718 2230 2772 verborum
2264 2717 2673 2787 proprietatem,
2709 2725 2804 2770 aut
2825 2733 3006 2772 rerum
3043 2727 3294 2770 naturam
3329 2717 3528 2793 intelli-

1942 2817 2152 2882 gentes,
2197 2809 2314 2863 Filii
2349 2809 2689 2863 divinitatem
2722 2818 2968 2864 evertere
3011 2825 3120 2863 non
3159 2809 3432 2875 dubitant,
3470 2819 3525 2864 et

1945 2899 2011 2954 ad
2059 2900 2190 2954 illud
2234 2899 2527 2955 ercationis
2574 2900 2902 2954 vocabulum
2946 2899 3246 2966 oﬂ‘endunt,
3291 2903 3438 2971 quod
3471 2902 3528 2956 in

1945 2992 2256 3048 Proverbiis
2284 2993 2519 3064 legitur:
2551 2992 2832 3060 Dominus,
2865 2992 3062 3062 inquit,
3094 2992 3286 3046 creavit
3323 3008 3403 3046 me
3425 2993 3530 3046 ini-

1948 3083 2080 3136 tium
2101 3082 2305 3136 viarum
2334 3099 2556 3136 suarum
2587 3083 2640 3138 in
2670 3096 2827 3149 opera
2853 3082 3016 3151 ipsius
3040 3081 3081 3149 ⁸⁵;
3140 3097 3280 3153 quos
3307 3082 3530 3153 quidem

1947 3175 2234 3245 oportebat
2265 3174 2539 3229 viviﬁcum
2578 3175 2763 3245 potius
2790 3173 3067 3244 spiritum,
3091 3189 3254 3245 quam
3280 3175 3533 3231 occiden-

251 3263 658 3320 ἀποκτείνοντι’
702 3262 772 3316 Τὸ
819 3261 930 3332 γὰρ
978 3260 1214 3330 πνεῦμα
1259 3257 1558 3320 ζωοποιεῐο
1606 3257 1738 3330 φέρε
1778 3255 1841 3328 δὴ

1949 3275 2054 3323 tem
2079 3267 2316 3322 litteram
2345 3268 2539 3339 sequi;
2581 3266 2812 3337 Spiritus
2836 3267 2975 3322 enim
3003 3269 3267 3337 riviﬁcat"
3305 3284 3439 3339 :age
3477 3278 3533 3324 et

254 3357 624 3428 τολμήσωμεν
679 3354 774 3407 καὶ
805 3357 967 3424 ἡμεῖς
1014 3352 1186 3425 μικρά
1232 3353 1359 3422 περὶ
1409 3351 1614 3404 τούτων
1655 3351 1842 3408 διαλα-

253 3449 375 3502 ϐεῖν
395 3488 408 3510 ,
439 3447 536 3517 οὑχ
568 3447 650 3499 ὃτι
681 3447 694 3476 ¹
722 3444 954 3508 ἐντελῶς
993 3445 1206 3514 εἴρηται
1237 3445 1347 3505 τοῖς
1375 3441 1479 3512 πρὸ
1503 3443 1535 3512 ἡ
1546 3439 1661 3510 μῶν
1691 3441 1844 3515 εἰρη-

255 3540 416 3594 κόσιν
435 3555 449 3569 ⁸
481 3539 514 3609 ἢ
542 3537 651 3608 γὰρ
679 3535 744 3589 ἂν
775 3535 1022 3605 μαίνοιτό
1057 3552 1139 3598 τις
1161 3577 1172 3599 ,
1219 3535 1266 3587 εἰ
1309 3533 1466 3586 τοῦτο
1513 3531 1662 3601 λέγοι
1681 3550 1694 3562 ·
1724 3533 1847 3588 οὑδὲ

253 3632 344 3684 ὃτι
383 3629 615 3701 χρῄζετε
653 3627 1026 3690 διδάσκοντοςο
1063 3625 1217 3678 αὑτοὶ
1261 3623 1371 3696 γὰρ
1412 3625 1571 3693 ὑμεῖς
1619 3622 1849 3676 θεοδίδα-

256 3722 382 3776 κτοί
409 3723 533 3774 ἐστε
554 3737 566 3750 ’
595 3719 709 3773 ἀλλ’
746 3720 832 3773 ἵνα
864 3717 1268 3789 φανερωθῶμεν
1301 3719 1358 3770 ἐν
1384 3717 1504 3779 ταῖς
1539 3715 1848 3786 συνειδήσε-

259 3832 350 3868 σιν
383 3811 564 3884 ήμῶν,
611 3813 693 3865 ὅτι
726 3811 834 3864 τῶν
871 3808 1280 3880 ἐπιθυμούντων
1316 3808 1482 3878 ἐσμὲν
1509 3807 1850 3878 χαρίσματος

259 3907 396 3977 ὑμῖν
424 3904 746 3976 μεταδοῦναι
780 3901 1170 3974 πνευματικοῦ.

339 4000 634 4053 Πίστευσον
663 3993 774 4061 οὖν,
812 3997 893 4050 ὅτι
921 3995 1044 4048 οὔτε
1073 3991 1306 4062 ἀλλαχοῦ
1329 3993 1427 4062 τῆς
1459 3993 1702 4062 Γραφῆς,
1728 3990 1850 4044 οὑτε

258 4091 362 4144 ἐπὶ
403 4089 497 4144 105
550 4089 814 4160 παρόντος
861 4086 1059 4159 χωρίου
1104 4084 1320 4136 ἐναντία
1367 4082 1436 4135 1‘1
1497 4084 1714 4151 ῥήματα
1753 4081 1854 4150 τῆς

261 4182 496 4255 Γραφῆς
528 4181 776 4251 ἀλλήλοις
803 4178 942 4242 ἐστὶ,
972 4177 1074 4231 κᾶν
1106 4173 1372 4246 μάχεσθαι
1400 4174 1529 4244 δοκῇ
1564 4171 1714 4243 παρά
1741 4175 1855 4233 τοῖς

260 4280 336 4347 τῇ
369 4277 551 4330 πίστει
583 4273 658 4346 μὴ
686 4272 1041 4342 ὑγιαίνουσιν,
1070 4269 1188 4339 ἦτοι
1219 4263 1510 4319 ἀσθενοῦσι
1538 4265 1602 4334 τῇ
1628 4260 1850 4334 γνώμῃο

262 4369 367 4422 καὶ
404 4369 481 4431 ῶς
519 4367 670 4420 οὑδὲν
707 4365 816 4418 τῶν
849 4363 990 4417 κατά
1026 4361 1118 4414 τὸν
1155 4360 1358 4429 κόσμον
1396 4356 1856 4428 παραδειγμάτων

263 4458 384 4515 οἷον
417 4460 477 4513 τέ
507 4461 654 4512 ἐστιν
681 4456 990 4529 εὑρεθῆναι,
1021 4454 1159 4524 ὅπερ
1189 4450 1413 4522 ἐξαρκεῖ
1438 4449 1556 4503 καθ’
1579 4445 1743 4502 ἑαυτὸ
1767 4464 1858 4499 σα-

1948 3374 2049 3415 nos
2077 3358 2144 3414 de
2182 3358 2268 3414 his
2297 3374 2472 3430 pauca
2503 3359 2870 3430 disputemus,
2918 3374 3026 3413 non
3059 3359 3203 3430 quod
3247 3375 3310 3413 ea
3344 3376 3431 3414 res
3465 3360 3534 3416 ab

1949 3453 2016 3508 iis
2061 3450 2300 3523 perfecte
2342 3459 2572 3506 tractata
2618 3467 2728 3506 non
2777 3451 2937 3507 fuerit
2963 3452 3058 3522 qui
3095 3461 3222 3508 ante
3251 3468 3353 3508 nos
3383 3451 3536 3508 dixe-

1949 3539 2112 3598 runt:
2144 3543 2324 3598 furere
2360 3545 2505 3598 enim
2540 3541 2692 3598 illum
2731 3558 2956 3599 necesse
2988 3552 3104 3608 cst,
3137 3545 3230 3614 qui
3269 3545 3415 3600 istud
3446 3561 3537 3601 as-

1949 3643 2125 3693 serat:
2157 3651 2334 3706 nequc
2359 3635 2504 3706 quod
2529 3635 2753 3691 doctore
2769 3650 2910 3707 opus
2937 3635 3220 3702 habeatis;
3253 3651 3350 3692 vos
3378 3637 3524 3692 enim

1951 3730 2056 3802 ipsi
2084 3730 2347 3784 divinitus
2376 3729 2511 3784 estis
2542 3728 2758 3794 cdocti;
2794 3728 2888 3783 sed
2921 3736 2978 3784 ut
3004 3727 3073 3782 de
3099 3730 3260 3786 nobis
3293 3730 3366 3785 sit
3402 3729 3538 3784 illud

1951 3821 2004 3874 in
2035 3819 2371 3878 conscientia
2399 3826 2578 3874 vestra
2603 3817 2976 3880 manifestum,
3001 3833 3199 3888 cupere
3222 3835 3323 3875 nos
3358 3818 3539 3888 Spiri-

1954 3922 2044 3965 tus
2073 3911 2246 3965 sancti
2279 3912 2421 3965 dona
2456 3911 2865 3965 communicare
2896 3911 3197 3965 vobiscum.
3620 3977 3623 3980 γ

2025 4003 2299 4074 Imprimis
2327 4004 2509 4073 itaque
2540 4001 2700 4058 crede
2733 4003 2866 4056 nihil
2911 4019 3014 4057 nec
3057 4002 3112 4057 in
3141 4003 3353 4056 caeteris
3391 4001 3541 4054 Scri-

1955 4104 2127 4165 pturm
2176 4095 2334 4158 locis,
2375 4110 2476 4149 nec
2508 4094 2560 4148 in
2593 4110 2658 4148 eo
2692 4093 2758 4149 de
2801 4109 2910 4164 quo
2947 4096 3106 4150 modo
3142 4096 3387 4165 agimus,
3430 4097 3540 4148 ulla

1957 4188 2058 4241 sibi
2091 4187 2322 4241 invicem
2350 4202 2472 4242 esse
2501 4185 2799 4256 Scriptura:
2826 4187 2986 4241 verba
3018 4189 3313 4254 contraria,
3347 4196 3542 4242 tamet-

1958 4282 2002 4333 si
2037 4279 2104 4333 iis
2129 4279 2396 4332 duntaxat
2433 4279 2524 4349 qui
2558 4278 2637 4331 vel
2683 4293 2817 4333 sana
2859 4278 2962 4334 ﬁde
2996 4279 3204 4348 pratditi
3241 4295 3350 4334 non
3383 4289 3537 4340 sunt,

1958 4367 2041 4422 vel
2079 4366 2450 4421 imbecillioris
2485 4365 2686 4436 ingenii
2716 4374 2864 4434 sunt,
2898 4383 3202 4440 repugnare
3227 4370 3541 4437 vidcantur;

1958 4457 2153 4514 deinde
2176 4457 2385 4512 nullum
2421 4459 2474 4511 in
2507 4456 2710 4513 mundo
2745 4461 3053 4530 exemplum
3098 4463 3322 4532 reperiri
3358 4479 3543 4534 posse,

266 4553 393 4624 ςεῶς
421 4550 774 4622 παραστῆσαι
796 4546 890 4601 τοῦ
919 4543 1255 4614 Μονογενοὺς
1279 4544 1380 4614 τὴν
1410 4541 1588 4612 φύσιν.
1623 4541 1730 4594 Καὶ
1769 4539 1841 4593 διδ

339 4644 363 4652 -
470 4644 482 4652 .
533 4642 572 4652 .-
695 4641 706 4652 ι
841 4638 888 4652 ις
940 4639 964 4652 θ
1039 4638 1052 4652 ς
1172 4634 1210 4652 ,0
1262 4651 1301 4652 γε
1342 4651 1351 4652 ι
1382 4633 1448 4652 --ε
1495 4629 1584 4652 --ῗῗ
1618 4631 1825 4652 ΙΙ--.--.-

1965 4549 2110 4620 quod
2153 4549 2220 4603 ad
2259 4547 2760 4618 reprzesentandam
2818 4548 3092 4621 llnigcniti
3145 4562 3396 4607 naturam
3449 4571 3547 4626 per

263 4644 434 4697 τοῦτο
460 4644 495 4714 ἡ
533 4641 724 4714 Γραφὴ
770 4638 992 4701 πολλαῖς
1037 4634 1303 4697 ἐπινοίαις
1333 4633 1460 4703 περὶ
1492 4629 1587 4684 105
1618 4631 1859 4699 Μονογε-

266 4735 402 4798 νοῦ;
435 4733 528 4788 καὶ
558 4730 898 4803 ἐπωνυμίαις
933 4728 1221 4799 κέχρηται,
1251 4724 1305 4778 εἴ
1348 4742 1462 4788 πως
1503 4722 1863 4796 δυνηθείημεν

265 4827 365 4882 διὰ
389 4828 498 4880 τῶν
533 4825 655 4878 καθ’
677 4825 827 4896 ἡμᾶς
858 4822 918 4876 τὸ
945 4820 1088 4893 ὑπὲρ
1112 4821 1256 4892 ὑμᾶς
1280 4819 1629 4882 καταλαϐεῖν,
1661 4821 1754 4872 καί
1775 4819 1863 4874 διὰ

267 4919 388 4972 τῶν
450 4915 869 4987 γινωσκομένων
921 4911 1294 4984 φαντασθῆναι
1350 4909 1422 4962 τὰ
1486 4910 1823 4982 ἀγνοούμενα
1845 4950 1860 4975 ,

271 5009 468 5084 ἡρέμα
497 5009 589 5063 καὶ
632 5006 776 5062 κατά
809 5007 1000 5077 μικρὸν
1031 5003 1140 5059 ἀπὸ
1183 5001 1292 5056 τῶν
1338 5001 1587 5074 φανερῶν
1621 5003 1757 5074 πρὸς
1795 5003 1864 5057 τά

273 5103 640 5175 κεκρυμμένα
670 5098 1147 5174 προϐιϐαζόμενοι.
1192 5096 1342 5150 Ἐπεὶ
1384 5097 1566 5150 τοίνυν
1597 5095 1705 5152 ἔδει
1736 5097 1863 5157 τοὺς

275 5195 640 5258 πιστεύοντας
657 5195 677 5226 ²
699 5195 779 5258 είς
807 5192 1064 5265 Χριστὸν,
1094 5191 1169 5254 ὼς
1197 5188 1382 5260 ὅμοιός
1404 5189 1553 5241 ἐστιν
1577 5189 1606 5241 ὁ
1635 5187 1762 5250 Υἱὸς
1786 5186 1865 5256 τῷ

275 5290 486 5361 Πατρὶ,
512 5289 607 5343 ἀτε
644 5287 708 5359 δὴ
742 5285 904 5340 εἰκὼν
938 5285 1198 5358 ὑπάρχων
1224 5282 1320 5337 τοῦ
1359 5284 1451 5336 ἐπὶ
1474 5283 1691 5335 πάντων
1717 5281 1745 5333 ὁ
1777 5279 1866 5334 διὰ

276 5383 526 5442 πάντων.
569 5380 636 5434 δι’
663 5372 727 5434 οὗ
762 5377 831 5431 τὰ
866 5376 1046 5430 πάντα
1081 5372 1566 5447 δεδημιούργηται,
1608 5371 1679 5426 τά
1709 5388 1768 5424 τε
1807 5372 1865 5424 ἐν

274 5478 396 5539 τοῖς
431 5474 698 5545 οὑρανοῖς,
728 5469 823 5525 καὶ
850 5469 919 5523 τὰ
946 5467 1040 5521 ἐπὶ
1071 5467 1200 5536 γῆς·
1227 5465 1391 5520 εἰκῶν
1422 5465 1478 5518 δὲ
1505 5466 1604 5536 οὑχ
1625 5463 1701 5527 ὼς
1731 5461 1867 5533 ἄψυ-

271 5585 381 5641 χον
409 5565 687 5638 ἐμψύχου,
720 5562 830 5616 οὐδ’
855 5561 932 5625 ὼς
965 5559 1215 5630 ἐνέργεια
1240 5556 1452 5630 τέχνης,
1492 5556 1602 5609 οὐδ’
1631 5554 1707 5620 ὡς
1729 5555 1866 5608 ἀπο-

273 5661 529 5731 τέλεσμα
557 5656 836 5730 ἐνεργείας
853 5695 870 5724 ,
904 5651 1040 5708 ἀλλὰ
1069 5651 1313 5722 γέννημα
1341 5647 1436 5701 105
1470 5649 1825 5718 γεννήσαντος
1847 5661 1862 5673 ·

1970 4654 2090 4694 sese
2113 4638 2366 4694 sulliciat.
2407 4637 2580 4703 Quam
2607 4638 2678 4692 ob
2697 4652 2921 4696 causam
2948 4638 3230 4710 Scriptura
3261 4643 3462 4698 multas
3479 4645 3546 4698 ad

1970 4731 2023 4786 id
2057 4733 2394 4802 excogitatas
2430 4731 2676 4786 rationes
2717 4738 2770 4786 et
2809 4733 3204 4804 appellationes
3234 4750 3548 4791 accommo-

1969 4822 2083 4888 dat,
2121 4823 2168 4878 si
2201 4836 2310 4893 quo
2345 4820 2580 4878 fortasse
2611 4822 2775 4876 modo
2805 4838 2870 4877 ex
2904 4824 2989 4879 his
3027 4840 3148 4896 quae
3177 4826 3339 4882 nobis
3392 4826 3550 4882 lami-

1969 4913 2126 4967 liaria
2160 4922 2290 4968 sunt
2334 4920 2388 4967 et
2418 4912 2658 4984 cognita,
2689 4928 2810 4984 qua:
2837 4921 3058 4986 captum
3102 4923 3350 4970 nostrum
3385 4933 3549 4986 snpe-

1971 5013 2093 5058 rant
2122 5003 2586 5074 comprehendere
2616 5005 2917 5075 possimus,
2949 5016 3003 5062 et
3024 5022 3088 5062 ex
3117 5009 3352 5079 cognitis
3399 5009 3542 5079 igno-

1970 5103 2150 5151 tarum
2176 5112 2359 5152 rerum
2393 5095 2691 5152 informare
2723 5099 2993 5168 notitiam,
3039 5115 3070 5152 a
3101 5099 3407 5171 perspicuis
3445 5100 3550 5157 illis

1975 5189 2302 5260 pedetentim
2337 5187 2404 5242 ad
2439 5203 2640 5243 arcana
2695 5192 3020 5262 occultaque
3073 5192 3342 5262 perducti.
3395 5191 3551 5259 Quod

1975 5280 2142 5351 igitur
2167 5295 2262 5336 eos
2293 5280 2384 5351 qui
2409 5281 2462 5335 in
2484 5279 2769 5339 Christum
2805 5285 3112 5347 crederent,
3144 5283 3367 5339 credere
3387 5299 3553 5354 opor-

1976 5371 2121 5427 tebat
2154 5371 2388 5428 similem
2419 5388 2542 5430 esse
2569 5373 2747 5431 Patris
2773 5374 2996 5439 Filium,
3029 5381 3214 5444 utpote
3236 5388 3361 5429 cum
3384 5375 3554 5444 illius,

1973 5462 2066 5533 qui
2119 5478 2284 5533 supra
2316 5464 2502 5520 omnia
2550 5474 2654 5530 est,
2704 5466 2883 5534 imago
2922 5467 2994 5521 sit
3040 5466 3130 5522 ille
3177 5465 3270 5538 qui
3306 5468 3555 5538 pervadit

1975 5556 2178 5620 omnia,
2201 5563 2255 5610 et
2277 5571 2307 5610 a
2335 5571 2445 5628 quo
2471 5557 2733 5627 producta
2765 5562 2894 5610 sunt
2921 5555 3091 5627 880
3127 5556 3333 5619 omnia,
3356 5563 3468 5612 tam
3500 5557 3553 5612 in

1975 5646 2137 5714 coelo,
2169 5663 2333 5719 quam
2384 5648 2439 5702 in
2481 5655 2666 5703 terra:
2698 5647 2877 5719 imago
2924 5661 3090 5717 porro
3130 5646 3402 5717 ejusmodi
3445 5663 3554 5705 non

358 5840 587 5916 [Deest
614 5838 783 5896 altera
807 5834 1040 5910 negatio.
1122 5835 1143 5868 ²
1183 5831 1340 5889 Addo
1365 5830 1662 5886 πιστεύειν.
1741 5831 1761 5862 ³
1801 5830 1841 5886 C

1949 5847 2016 5887 ss.
2071 5830 2230 5896 516.
2306 5832 2328 5861 δ
2365 5828 2664 5899 Prov.vnt,
2692 5828 2783 5884 22.
2865 5829 2885 5861 ⁵
2925 5827 2973 5884 ll
3001 5827 3131 5887 Cor.
3172 5845 3252 5896 tu,
3286 5829 3342 5886 6.
