3990 6228
311 333 420 390 4θῦ

952 341 1318 404 ADVERSUS
1357 333 1709 408 Ilzl'lIiESES.
1735 357 1861 410 LIB.
1903 356 1984 415 III.
2030 359 2193 416 ΤΟΜ.
2229 367 2268 419 I.
2303 365 2646 424 —ll./EliES.
2696 358 2928 426 LXXIII.

3475 375 3586 434 £63

307 452 622 524 δοκιμάζων
660 456 755 528 τὴν
784 458 874 512 τοῦ
900 461 1033 515 Θεοῦ
1061 465 1221 536 χάριν
1250 468 1342 522 καὶ
1365 469 1611 542 δύναμιν,
1639 476 1733 527 καὶ
1768 475 1881 529 δια-

1992 479 2280 536 dicendnm
2318 484 2606 538 scientiam
2641 487 2882 550 confert,
2928 497 3170 542 nostram
3206 488 3351 542 illam
3395 491 3460 542 ad
3497 494 3579 543 di-

309 547 497 617 πορών
527 548 662 620 πρὸς
689 550 902 617 ἑαυτὸν,
937 555 984 606 εἰ
1013 555 1176 624 φύσιν
1209 558 1319 630 ἔχει
1362 562 1452 617 τὸν
1484 565 1795 639 πρεσϐύτην
1829 569 1893 620 ἐκ

303 637 412 709 τῆς
456 641 860 712 προϐεϐηκυίας
904 648 1428 722 παιδοποιήσασθαι,
1475 637 1720 729 τίφησω
1763 659 1895 727 Πῶς

307 729 615 822 γῂὠσομαι
661 735 867 803 τοῦτο,
921 739 1011 794 ὅτι
1039 741 1250 806 ἑστίης
1293 744 1439 817 Ἐγὼ
1472 749 1584 818 γάρ
1617 754 1730 821 εἰμι
1760 768 1896 822 πρε-

305 821 561 890 σϐύτης,
588 825 686 880 καὶ
714 827 752 894 ἡ
785 828 936 897 γυνή
962 849 1082 900 μου
1101 839 1498 906 προϐεϐηκυῖα
1519 843 1588 898 ἐν
1608 845 1737 910 ταῖς
1752 847 1893 914 ὴμέ-

300 930 444 981 patr;
483 915 694 983 αὐτῆς.
734 919 1032 993 Τοιγαροῦν
1067 925 1263 980 ὁπότε¹
1300 930 1553 1001 ἤκουσεν,
1602 937 1685 989 ὅτι
1739 937 1891 993 Ἰδοὺ

304 1003 425 1072 ἔσῃ
459 1005 722 1071 σιωπῶν,
755 1011 850 1063 καὶ
889 1015 961 1066 οὐ
1003 1013 1339 1088 δυνάμενος
1367 1024 1601 1080 λαλεῖν.
1643 1027 1754 1082 Καὶ
1781 1030 1894 1082 οὐκ

306 1094 620 1164 ἐλάλησεν
650 1099 934 1164 ἐξελθών.

2001 571 2231 625 ceudum
2293 574 2622 644 praecipitem
2686 577 2971 630 audaciam
3037 579 3252 632 silentio
3318 579 3580 635 damnet?

2000 663 2152 728 Quod
2185 665 2342 720 beato
2376 667 2451 720 illi
2486 667 2764 722 Zacharise
2796 669 3042 741 contigit.
3075 671 3179 738 Qui
3219 673 3435 742 quidem
3483 673 3576 728 ﬁlii

2001 757 2339 812 nativitatem
2387 761 2659 815 mmtianti
2689 762 2794 817 sibi
2823 764 3014 833 angelo
3048 765 3272 819 minime
3321 765 3574 828 credens,

1998 863 2060 902 ac
2094 849 2184 903 Dei
2218 851 2448 920 gratiam
2491 863 2545 908 et
2591 853 2848 909 virtutem
2881 855 3135 910 humana:
3182 857 3410 912 rationis
3455 874 3574 911 mo-

1999 941 2196 995 mentis
2227 957 2290 995 ac
2323 944 2654 1012 ponderibus
2680 945 2982 1009 aastimans,
3015 962 3310 1016 secumque
3337 947 3452 1017 ipse
3482 947 3576 1001 du-

2000 1034 2200 1097 bitans,
2235 1036 2432 1106 ecquid
2468 1047 2660 1092 natura
2684 1046 2980 1108 pateretur,
3014 1047 3072 1092 ut
3109 1040 3262 1094 senio
3293 1040 3574 1095 confectus

1999 1139 2065 1178 ex
2104 1141 2209 1179 anu
2242 1127 2444 1183 liberos
2472 1131 2803 1198 susciperet,
2843 1128 2976 1200 quid
3015 1128 3232 1184 demum
3261 1130 3575 1200 eloquitur?

307 1187 825 1288 QitdtilOdOt-iilqll-i-l
864 1195 905 1258 ³,
941 1197 1055 1288 fore
1081 1199 1186 1254 ista
1233 1210 1588 1274 cognoscam?
1628 1207 1738 1279 Ego
1765 1213 1901 1265 enim
1928 1230 2044 1266 sum
2068 1233 2248 1281 senex,
2271 1230 2474 1272 eluxor
2496 1237 2610 1275 mea
2637 1187 2892 1288 processit
2934 1222 2988 1274 in
3010 1220 3189 1274 diebus
3239 1187 3380 1275 suis:
3423 1219 3574 1276 Unde

307 1279 498 1383 statim
528 1279 700 1383 audiit
727 1301 738 1336 :
768 1279 916 1383 Ecce.
936 1287 1040 1342 eris
1079 1298 1258 1346 tacens
1284 1304 1333 1347 et
1365 1312 1467 1350 non
1501 1300 1695 1364 poteris
1736 1301 1900 1372 loqui.
1940 1303 2008 1358 Et
2036 1325 2138 1360 non
2167 1279 2372 1376 poterat
2404 1311 2546 1380 loqui
2574 1279 2691 1365 cum
2721 1321 2853 1366 esset
2879 1328 3141 1383 egressus.

379 1370 499 1462 AI".
542 1373 763 1445 Διόπερ,
814 1376 1042 1444 ἀφέντες
1071 1383 1200 1454 περὶ
1227 1384 1336 1438 τῶν
1363 1370 1893 1462 ἀμφισϐητουμένων

303 1460 633 1555 φιλονεικεῖν
689 1467 782 1521 καὶ
834 1471 960 1542 περὶ
999 1471 1106 1527 τῶν
1134 1475 1273 1550 ὑπὲρ
1322 1480 1487 1550 ἡμᾶς,
1522 1460 1832 1555 κρατούμεν
1859 1485 1894 1540 ἂ

304 1554 744 1628 παρειλήφαμεν.
783 1560 879 1626 Τίς
921 1564 1028 1636 γάρ
1067 1566 1215 1620 ἐστιν
1257 1572 1284 1622 ὁ
1314 1571 1529 1643 τολμῶν
1574 1554 1893 1644 ἐπιγνώσει

301 1646 665 1735 φυσιωθῆναι,
699 1649 858 1705 ὁπότε
895 1655 1059 1722 αὐτὸς
1103 1660 1131 1710 ὁ
1180 1659 1288 1713 τῶν
1318 1662 1716 1735 ἀποκαλύψεων
1761 1686 1890 1721 κατ-

2062 1399 2298 1458 ΧΧΧΙΙΙ.
2341 1401 2470 1468 Quae
2499 1418 2621 1456 cum
2670 1403 2745 1457 ita
2787 1403 2918 1469 sint,
2964 1405 3306 1458 contentiosa
3338 1403 3430 1457 illa
3466 1405 3570 1460 du-

1991 1491 2096 1548 biis
2143 1493 2210 1548 de
2267 1494 2471 1556 rebus,
2527 1509 2647 1564 qua:
2704 1505 2921 1564 captum
2980 1504 3229 1550 nostrum
3279 1505 3565 1566 superant,

1989 1586 2315 1639 tractatione
2350 1587 2739 1655 praetermissa,
2773 1585 2840 1641 iis
2873 1602 2992 1656 qua:
3019 1602 3048 1640 a
3083 1587 3385 1654 majoribus
3419 1604 3569 1642 acce-

1990 1677 2169 1748 pimus
2211 1677 2556 1732 inhaeremus.
2609 1675 2746 1743 Quis
2783 1684 2868 1733 est
2911 1678 3057 1732 enim
3087 1679 3178 1748 qui
3228 1678 3457 1733 scicntia
3491 1679 3568 1746 ia-

298 1733 579 1802 αξιωθεὶς,
615 1740 643 1793 ὀ
669 1741 748 1804 εἰς
796 1743 1026 1814 οὐρανὸν
1074 1749 1254 1819 τρίτον
1287 1733 1636 1824 ἀναληφθεὶς,
1662 1757 1691 1809 ὁ
1721 1757 1881 1810 ἁκού-

303 1843 405 1848 ---
472 1829 528 1848 ε,
554 1833 567 1848 .
745 1833 789 1848 .,
1032 1840 1044 1848 .
1284 1843 1296 1848 -
1343 1844 1358 1848 ,
1461 1846 1472 1848 _
1518 1846 1525 1848 _
1661 1847 1668 1848 ,

1990 1781 2139 1825 ctare
2169 1784 2227 1825 se
2255 1777 2308 1824 et
2338 1770 2660 1848 insolentius
2686 1769 2885 1824 audeat
2927 1770 3140 1834 elIerre,
3174 1786 3298 1824 cum
3329 1772 3419 1826 ille
3448 1772 3567 1841 ipse

300 1843 406 1891 σας
464 1829 678 1902 ἄρρητα
731 1833 970 1903 ῥήματα,
1027 1840 1402 1916 ἐσωφρονίσθη
1454 1846 1541 1901 διὰ
1590 1847 1684 1900 τοῦ
1745 1850 1885 1904 κατά

296 1918 400 1988 τὴν
430 1919 610 1992 σάρκα
660 1923 922 1990 σκόλοπος
955 1927 1029 1998 μὴ
1083 1930 1516 2006 ὑπεραίρεσθαι;
1563 1939 1673 1992 Καὶ
1716 1940 1883 2004 αὐτὸς

295 2009 326 2062 ὁ
361 2011 652 2084 Προφήτης
697 2015 724 2066 ὁ
758 2016 959 2070 εἰπών·
1007 2019 1393 2091 Ἐπίστευσα,
1435 2026 1526 2082 διὸ
1572 2028 1881 2098 ἐλάλησαο

309 2100 761 2191 Ἑταπεινὼθην,
811 2109 1013 2178 φησιν,
1065 2112 1162 2184 οὐχ
1207 2114 1412 2182 ἁπλῶς,
1442 2117 1576 2174 ἀλλὰ
1623 2107 1881 2191 σφόδρα.

296 2189 453 2262 Ὀσῳ
482 2193 591 2264 γάρ
625 2195 689 2250 ἄν
722 2215 800 2262 τις
837 2201 1116 2274 ἐγγυτέρω
1144 2205 1242 2277 τῆς
1278 2207 1532 2275 γνώσεως
1558 2189 1697 2266 εἶναι
1730 2189 1881 2285 δοκῇ,

293 2287 541 2360 τοσούτῳ
570 2290 769 2360 μᾶλλον
787 2292 992 2361 ὀφείλει
1033 2295 1342 2366 λογίζεσθαι
1402 2301 1536 2372 πρὸς
1578 2304 1771 2359 ἑαυτὸν
1800 2307 1882 2360 ὅτι

293 2377 584 2467 ἄνθρωπός
615 2382 751 2436 ἐστι.
788 2386 922 2458 Περὶ
944 2386 1133 2442 τούτου
1151 2389 1313 2444 ἄκουε
1342 2393 1393 2444 τί
1419 2393 1564 2463 λέγει
1587 2412 1599 2426 ·
1639 2396 1785 2467 Ἐγὼ
1815 2397 1884 2452 δὲ

291 2465 440 2524 εἶπα
483 2473 554 2525 ἑν
599 2473 674 2543 τῇ
719 2475 1003 2534 ἐκστάσει
1044 2499 1164 2550 μου
1186 2497 1199 2510 '
1247 2481 1373 2550 Πᾶς
1401 2465 1884 2558 ἄνθρωπος-ψεύ-

292 2578 472 2629 στης.
531 2566 786 2636 Ἔχοντες
833 2563 925 2623 οὖν
972 2570 1063 2624 τὸν
1095 2571 1424 2630 διδάσκαλον.
1456 2577 1554 2649 τῆς
1601 2579 1880 2650 ἀληθείας,

297 2655 505 2725 μηκέτι
539 2655 900 2729 ἀνθρωπίνοις
926 2662 1268 2730 διδασκάλοις
1307 2669 1734 2742 προσχρώμεθα,
1765 2673 1881 2728 ἀλλ’

292 2745 642 2812 ἐννοοῦντες*
706 2749 800 2804 καὶ
865 2753 1004 2824 μήτε
1071 2754 1309 2825 τρόπους
1368 2761 1881 2833 περιεργαξώμεθα,

295 2837 439 2907 μήτε
475 2839 660 2911 ἕτερόν
704 2859 778 2896 τι.
819 2843 1027 2917 Ὥσπερ
1057 2846 1163 2920 γὰρ
1191 2848 1288 2921 τὴν
1327 2852 1579 2923 γέννησιν
1618 2855 1712 2910 τοῦ
1749 2855 1880 2910 Υιοῦ

293 2929 399 2982 οὐκ
427 2929 574 2985 ἔστιν
602 2934 798 2998 εἰπεῖν,
830 2936 950 2991 οὐδὲ
979 2938 1068 2992 τὸν
1093 2941 1294 3012 τρόπον
1329 2944 1428 3014 τῆς
1455 2948 1758 3019 γεννήσεως
1785 2947 1880 3002 τοῦ

295 3022 513 3094 ΙΙατρέις
545 3022 688 3077 ἔστιν
733 3027 1134 3100 ἀποφήνασθαι.
1208 3033 1366 3089 Ἀλλὰ
1411 3037 1605 3108 ἀρκεῖν
1661 3039 1880 3110 ἡγεῖσθε

1988 1862 2074 1917 cui
2115 1861 2296 1916 divina
2339 1861 2607 1927 patefacta
2649 1873 2814 1929 sunt,
2865 1863 2957 1930 qui
3005 1863 3069 1918 ad
3123 1864 3340 1918 tertium
3395 1879 3567 1934 usque

1985 1957 2182 2010 cotlum
2239 1965 2322 2011 est
2372 1965 2629 2018 evectus,
2697 1955 2790 2025 qui
2845 1955 3054 2010 audivit
3106 1971 3308 2010 arcana
3365 1957 3565 2018 verba,

1985 2057 2109 2097 eum
2135 2043 2242 2108 ille,
2282 2043 2526 2113 inquam,
2558 2044 2744 2100 carnis
2773 2043 2996 2100 stimulo
3027 2043 3303 2098 coercitus
3354 2042 3458 2106 sit,
3495 2058 3566 2096 ne

1986 2151 2046 2192 se
2088 2145 2407 2207 arroganter
2447 2136 2809 2192 extolleret“?
2840 2134 2983 2202 Quin
3029 2133 3298 2205 Propheta
3335 2135 3424 2189 ille
3467 2134 3562 2203 qui

1985 2229 2124 2283 dixit
2147 2247 2159 2282 :
2182 2227 2400 2282 Credidi
2419 2236 2630 2297 propter
2657 2227 2796 2297 quod
2828 2236 2877 2281 et
2917 2226 3123 2281 locutus
3162 2242 3278 2280 sum
3311 2242 3328 2279 :
3366 2226 3562 2280 Hioni-

1985 2320 2146 2374 liatus
2183 2336 2321 2383 sum,
2357 2320 2555 2390 inquit.
2588 2334 2694 2374 non
2730 2327 3029 2388 utcunque,
3059 2317 3153 2372 sed
3200 2318 3356 2370 nimis
3378 2317 3419 2371 ⁸.
3468 2317 3562 2371 Et-

1983 2413 2128 2468 enim
2160 2420 2364 2482 quanto
2381 2411 2612 2482 quisque
2645 2411 2709 2466 ad
2744 2411 3032 2466 Scientiam
3075 2411 3297 2479 propius
3343 2409 3562 2462 videtur

1985 2501 2262 2565 accedere,
2301 2508 2453 2556 tanto
2482 2501 2653 2571 magis
2675 2508 2927 2570 reputare
2955 2513 3078 2553 eum
3112 2498 3295 2552 animo
3323 2514 3423 2552 suo
3462 2499 3557 2552 dc-

1984 2594 2094 2660 bet,
2137 2594 2411 2649 hominem
2461 2608 2521 2648 se
2563 2607 2706 2647 esse.
2757 2590 2876 2657 Qua
2935 2591 3000 2646 de
3042 2606 3100 2644 re
3141 2590 3266 2644 audi
3297 2589 3430 2659 quid
3470 2591 3561 2643 ille

1983 2686 2129 2742 dicat
2158 2704 2170 2738 :
2202 2683 2311 2755 Ego
2346 2700 2464 2738 vero
2498 2682 2619 2736 dixi
2641 2683 2695 2736 in
2727 2697 2942 2742 excessu
2978 2697 3089 2734 meo
3119 2695 3137 2736 :
3180 2680 3364 2736 Omnis
3407 2681 3563 2734 Itonia

1985 2772 2277 2828 utendam“.
2330 2771 2518 2842 Itaque
2575 2785 2701 2826 cum
2757 2775 3143 2840 praeceptorem
3187 2771 3432 2826 veritatis
3475 2771 3564 2824 ba-

1984 2865 2246 2928 baamus,
2285 2862 2466 2918 nullos
2527 2861 2764 2931 amplius
2819 2861 3090 2916 lnnnanos
3152 2861 3406 2916 doctores
3469 2861 3562 2916 ad-
3609 2885 3618 2900 ι

1980 2956 2309 3026 jungamus,
2344 2955 2438 3009 sed
2475 2952 2620 3024 apud
2648 2969 2748 3008 nos
2783 2953 2884 3023 ipsi
2914 2953 3246 3022 cogitemus;
3289 2968 3351 3008 ac
3389 2968 3564 3022 neque

1984 3049 2292 3104 divinarum
2340 3062 2519 3100 rerum
2566 3046 2756 3100 modos
2785 3054 2839 3100 et
2872 3045 3136 3110 rationes,
3175 3061 3352 3114 neque
3403 3046 3564 3115 quiil-

289 3113 434 3184 πρδς
493 3115 840 3173 διδασκαλίαν
902 3121 1093 3189 τοῦτο,
1149 3125 1231 3179 ὅτι
1304 3126 1511 3181 Πάντα
1568 3129 1645 3182 δι’
1695 3131 1880 3186 αὐτοῦ

1985 3153 2148 3210 quam
2189 3137 2336 3191 aliud
2363 3137 2639 3192 curiosius
2669 3136 3010 3207 indagemus.
3046 3135 3114 3190 Ut
3143 3135 3286 3189 enim
3320 3133 3438 3188 Filii
3472 3154 3565 3207 ge-

285 3204 552 3275 ἐγένετο,
582 3210 678 3264 καὶ
709 3212 889 3280 χωρὶς
919 3215 1106 3270 αὑτοῦ
1147 3214 1571 3288 ἐγέινοετορύὃὲ
1611 3223 1704 3279 ἐν.
1757 3227 1879 3297 Δῴη

284 3298 351 3352 δὲ
384 3299 589 3373 Κύριος
623 3302 764 3358 κατὰ
808 3303 900 3358 τὸν
933 3305 1186 3379 Ἀϐραὰμ
1225 3311 1554 3381 φρονοῦντας
1601 3317 1748 3387 ἡμᾶς
1789 3317 1881 3371 τὸν

290 3389 560 3460 λέγοντα·
611 3395 742 3450 Νῦν
787 3396 1067 3468 ἠρξάμην
1119 3403 1336 3458 λαλεῖν
1380 3403 1460 3470 τῷ
1501 3407 1696 3476 Κιφίῳ
1736 3427 1878 3477 μου.

303 3484 456 3553 Ἐγὼ
486 3485 553 3540 δέ
579 3490 697 3558 εἰμι
727 3489 802 3560 γῆ
835 3491 937 3545 καὶ
964 3493 1195 3561 σποδός
1216 3513 1229 3528 υ
1267 3497 1360 3552 καὶ
1407 3500 1481 3570 μὴ
1513 3500 1881 3574 ὑπεραιρομέ-

285 3594 417 3640 νους
438 3579 580 3632 κατὰ
608 3581 704 3644 τὰς
735 3583 964 3655 κέδρους
1007 3585 1103 3640 τοῦ
1131 3588 1366 3644 Λιϐάνου
1386 3607 1399 3621 ’
1430 3593 1510 3647 ὅτι
1540 3591 1614 3664 μὴ
1644 3595 1702 3646 ἐν
1738 3594 1884 3648 διδαο

288 3671 442 3733 κτοῖς
491 3671 837 3745 ἀνθρωπίνης
879 3675 1074 3746 σοφίας
1115 3677 1314 3748 λόγοις,
1352 3681 1466 3736 ἀλλ’
1509 3686 1566 3737 ἐν
1612 3684 1880 3752 διδακτοῖς

288 3760 594 3834 πίστεωςή
640 3765 818 3838 ὁμαλὴ
864 3769 960 3824 καὶ
1005 3770 1257 3844 εἰρηνικὴ
1305 3775 1664 3846 κατορθοῦται
1695 3779 1878 3847 σοφία,

288 3855 436 3926 μήτε
465 3855 742 3928 διαπορεῖν
775 3861 944 3932 ἡμᾶς,
980 3863 1094 3917 ἀλλ’
1124 3864 1304 3920 ὁτιοῦν
1354 3867 1635 3932 ποιοῦντες
1681 3872 1879 3941 εὐαρε-

289 3947 584 4018 στήσωμεν
611 3950 687 4022 τῷ
721 3951 840 4023 Θεῷ
868 3955 962 4008 καὶ
1006 3955 1202 4028 Πατρὶ,
1243 3959 1336 4012 καὶ
1375 3961 1490 4030 μετ’
1519 3960 1686 4014 αὐτοῦ
1711 3963 1752 4026 ¹,
1786 3963 1880 4017 καὶ

288 4039 392 4092 σὺν
420 4041 571 4112 αὐτῷ
609 4045 667 4097 ἐν
696 4045 834 4116 ἁγίῳ
861 4046 1162 4119 Πνεύματι,
1201 4052 1292 4121 νή
1323 4052 1470 4116 δόξα,
1492 4053 1553 4106 τὸ
1591 4055 1808 4125 κράτος,
1845 4057 1878 4128 ἡ

285 4134 446 4204 τιμὴ,
480 4137 574 4188 καὶ
612 4137 644 4208 ἡ
680 4137 908 4209 δύναμις
929 4138 1024 4194 νῦν
1047 4142 1142 4195 καὶ
1168 4143 1254 4196 ἀεὶ
1282 4144 1375 4196 καὶ
1415 4145 1496 4209 εἰς
1518 4146 1646 4210 τοὺς
1678 4146 1882 4212 αἰῶνας

283 4225 402 4278 τῶν
436 4227 666 4283 αἰώνων.
711 4232 905 4303 Ἀμήν.

1980 3233 2314 3289 nerationem
2337 3229 2612 3300 explicare
2635 3245 2794 3284 nemo
2823 3235 3003 3299 potest
3027 3247 3040 3282 :
3081 3227 3152 3280 ita
3180 3235 3234 3281 ct
3256 3227 3422 3296 882
3455 3243 3562 3279 ιιιυ-

1979 3325 2107 3380 (Ιιιιιι
2144 3323 2319 3387 illum,
2369 3336 2478 3391 quo
2509 3320 2666 3375 Pater
2696 3320 2904 3391 genuit,
2939 3334 3203 3375 enarrare
3235 3320 3420 3372 nullus
3451 3334 3544 3386 pn-

1981 3425 2105 3473 test.
2136 3415 2336 3470 Verum
2381 3413 2514 3468 illud
2552 3414 2616 3468 ad
2651 3413 2961 3469 doctrinam
2991 3411 3239 3467 sulﬁcere
3269 3411 3552 3480 putatote:

1983 3507 2177 3563 Omnia
2219 3520 2310 3574 per
2339 3505 2510 3574 ipsum
2541 3505 2684 3576 facta
2715 3513 2861 3571 sunt,
2896 3512 2944 3559 et
2973 3505 3084 3559 sine
3112 3503 3224 3573 ipso
3263 3501 3461 3567 factum
3487 3511 3562 3552 cst

1982 3599 2172 3654 nihil".
2208 3597 2425 3653 Utinam
2462 3611 2590 3652 vero
2633 3596 2724 3652 det
2775 3596 2909 3651 illud
2967 3596 3128 3651 nobis
3172 3593 3458 3656 Dominus,
3499 3600 3561 3648 ut

1979 3691 2169 3747 eadem
2216 3703 2324 3759 qua
2379 3687 2729 3743 Abrahamus
2781 3686 3069 3757 prudentia
3123 3683 3374 3756 praediti,
3434 3698 3559 3738 cum

1977 3785 2154 3839 dixit:
2187 3781 2343 3837 Nunc
2374 3781 2500 3851 coepi
2545 3797 2660 3834 cum
2711 3779 2934 3835 Domino
2982 3794 3099 3833 meo
3150 3777 3398 3846 colloqui.
3449 3775 3560 3846 Ego

1976 3892 2094 3931 vero
2137 3891 2256 3930 sum
2307 3882 2448 3928 terra
2488 3880 2537 3926 et
2584 3871 2777 3933 cinis';
2817 3870 2954 3926 adeo
3013 3879 3071 3924 ut
3113 3883 3223 3923 non
3268 3867 3557 3922 cedrorum

1978 3962 2172 4017 Libani
2209 3961 2386 4016 instar
2423 3959 2782 4026 attollamur;
2820 3974 2886 4014 eo
2930 3958 3075 4030 quod
3132 3973 3242 4012 non
3285 3956 3339 4010 in
3381 3955 3560 4010 doctis

1979 4055 2230 4109 humanae
2271 4051 2552 4123 sapientiae
2602 4051 2780 4107 verbis
2805 4052 2851 4116 ’,
2901 4051 2996 4106 sed
3049 4049 3173 4105 ﬁdei
3210 4047 3560 4104 institutione

1976 4147 2250 4218 perceptis
2275 4187 2288 4211 ,
2320 4144 2604 4214 aequabilis
2634 4143 2726 4198 illa
2755 4157 2819 4198 ac
2859 4142 3088 4213 paciﬁca
3117 4141 3380 4211 sapientia
3414 4153 3560 4192 eom-

1978 4243 2222 4308 paratur.
2242 4235 2360 4298 Det,
2391 4237 2636 4305 inquam,
2667 4234 2851 4300 nobis,
2882 4241 2942 4288 ut
2969 4248 3313 4305 nequaquam
3343 4232 3560 4286 hmsite-

285 4331 663 4375 ntuszrerum
716 4324 980 4394 quidquid
1035 4326 1255 4382 tandem
1309 4344 1572 4402 agamus,
1636 4333 1744 4387 Deo
1804 4346 1869 4386 ac
1905 4329 2080 4393 Patri,
2117 4335 2171 4383 et
2203 4341 2327 4382 cum
2360 4327 2478 4396 ipso
2503 4326 2664 4394 Filio,
2701 4326 2757 4381 in
2815 4325 3026 4397 Spiritu
3086 4333 3278 4380 sancto
3342 4325 3554 4395 placeo:

253 4459 257 4462 .
286 4426 438 4476 mus,
479 4413 566 4466 cui
595 4414 788 4483 gloria,
827 4415 1139 4487 imperium,
1177 4421 1374 4485 honor,
1416 4432 1469 4476 et
1504 4424 1681 4479 virtus
1724 4441 1870 4480 nunc
1900 4432 1954 4479 et
1983 4436 2200 4491 semper
2231 4420 2284 4474 in
2319 4421 2519 4475 saecula
2547 4421 2897 4477 sateulornm.
2931 4420 3127 4476 Amen.

359 4506 725 4578 Πεπλήρωται
764 4513 796 4582 ή
828 4513 923 4566 τοῦ
954 4514 1214 4569 Μελετίου
1251 4518 1529 4589 ὁμολογία.

358 4600 480 4652 ΛΔν.
529 4600 712 4666 Ἔδοξε
742 4603 798 4657 δὲ
828 4605 1039 4689 τούτοις
1075 4610 1396 4679 μετενέγκαι
1437 4613 1599 4666 αὑτὸν
1640 4613 1748 4666 ἀπὸ
1778 4613 1878 4685 τῆς

285 4691 558 4762 Ποντικῆς
581 4692 765 4766 χώρας
785 4697 912 4761 τοὺς
943 4699 1161 4764 πλείους
1177 4701 1285 4756 τῶν
1328 4705 1384 4755 Ἀ
1395 4703 1642 4774 ρειανῶν,
1662 4707 1761 4758 οὐκ
1786 4705 1878 4758 ἐπὶ

283 4786 485 4856 χαρᾶς.
516 4786 635 4841 οὐδὲ
664 4791 745 4850 εἰς
768 4790 947 4844 αὐτῶν
970 4792 1296 4859 ἀνάπαυσιν,
1319 4796 1433 4849 ἀλλ’
1455 4799 1534 4861 εἰς
1556 4798 1873 4868 ὲπάχθειαν.

300 4876 584 4931 Ἐντεῦθεν
621 4879 831 4933 κινοῦσι
857 4883 948 4934 τὸν
998 4883 1256 4952 βασιλέα,
1307 4889 1399 4940 καὶ
1451 4888 1876 4953 συσκευάζονται

280 4967 378 5022 τὸν
412 4969 600 5040 ἄνδρα,
629 4971 705 5034 ὡς
743 4971 832 5026 διὰ
879 4973 937 5027 τὸ
981 4976 1056 5046 μὴ
1097 4976 1507 5048 ὡμολογηκέναι
1538 4980 1742 5052 κτίσμα
1780 4981 1872 5034 τέ-

280 5060 432 5114 λειον
467 5062 650 5126 αὑτὸν,
679 5064 774 5118 καὶ
821 5065 1030 5132 ἐξεοῦσι
1063 5069 1162 5138 τῆς
1207 5070 1372 5124 αὐτοῦ
1422 5072 1710 5143 καθέδρας.
1763 5075 1875 5127 Καὶ

282 5149 506 5222 νύκτωρ
539 5151 898 5221 φυγαδεύεται
944 5156 1055 5228 (67)
1103 5158 1132 5210 ὀ
1174 5159 1332 5232 ἀνὴρ,
1379 5161 1483 5226 ἕως
1511 5163 1618 5216 τῶν
1667 5164 1874 5236 χρόνων

360 5313 381 5392 ί.
521 5311 697 5392 τότε.-
723 5314 760 5392 ³-
787 5311 942 5367 Deest
989 5310 1150 5392 [Etim
1181 5317 1227 5392 ’ς
1265 5315 1426 5372 Deest
1454 5312 1518 5384 ᾧ.
1597 5317 1793 5392 fine.
1824 5336 1852 5392 ίι

1985 5320 2015 5374 8
2063 5338 2218 5392 seqq.

1907 4525 1956 4584 ι)
2052 4516 2329 4573 Hactenus
2351 4515 2549 4572 Meletii
2576 4515 2872 4572 confessio.

2047 4608 2290 4664 XXXIV.
2331 4609 2597 4663 Caeterum
2643 4607 2919 4678 plerisque
2956 4623 3020 4661 ex
3065 4605 3270 4660 Ariana
3325 4600 3561 4663 factione

1977 4703 2154 4758 visum
2191 4711 2275 4758 est
2308 4703 2452 4758 hunc
2486 4719 2515 4758 e
2539 4703 2764 4758 Pontica
2794 4704 3016 4774 regione
3045 4703 3381 4758 transferre:
3412 4703 3558 4773 quod

1977 4794 2112 4865 ipsis
2162 4802 2345 4850 tamen
2394 4796 2639 4860 minime,
2678 4803 2735 4850 ut
2775 4797 3095 4865 sperabant,
3129 4796 3465 4866 voluptatem
3506 4806 3561 4853 et

1973 4888 2168 4950 otium,
2222 4885 2317 4940 sed
2355 4887 2661 4941 molestiam
2712 4887 2915 4941 attulit.
2962 4888 3130 4957 Igitur
3172 4889 3556 4958 imperatorem

1974 4975 2247 5031 delatione
2297 4993 2396 5032 sua
2431 4979 2484 5032 in
2526 4978 2800 5034 hominem
2832 4987 3218 5034 commovent:
3251 4979 3395 5048 quod
3430 4994 3555 5048 per—

1975 5070 2172 5126 I'ectam
2216 5081 2523 5128 creaturam
2569 5091 2692 5131 esse
2731 5073 2928 5130 Filium
2977 5076 3220 5146 proﬁteri
3270 5076 3453 5136 nollet,
3496 5091 3559 5131 ac.

1975 5167 2194 5221 tandem
2222 5183 2252 5222 e
2283 5183 2381 5221 sua
2425 5168 2557 5224 sede
2600 5167 2920 5224 deturbant.
2954 5167 3142 5238 Itaque
3178 5175 3341 5221 noctu
3373 5166 3428 5220 in
3463 5182 3558 5221 ex-

2302 5324 2323 5353 δ
2364 5320 2404 5376 Il
2453 5322 2577 5380 Cor.
2612 5339 2730 5387 xu,
2765 5321 2800 5376 2
2826 5339 2950 5393 sqq.
3024 5322 3046 5354 '
3085 5319 3233 5378 Psal.
3270 5336 3372 5375 cxv
3399 5360 3416 5387 ,
3477 5321 3556 5376 l0.

281 5380 304 5411 ⁸
345 5381 480 5437 ibid.
520 5383 605 5436 II.
677 5383 697 5414 τ
735 5379 894 5436 Joan.
932 5406 968 5452 ι,
1000 5379 1078 5439 5.’
1129 5386 1150 5416 ⁸
1189 5387 1387 5443 Cenes.
1417 5379 1683 5455 xvitl,‘27.
1761 5392 1780 5423 ⁸
1821 5391 1840 5443 l
1874 5398 1881 5439 ι

1989 5432 2001 5445 .
2029 5408 2089 5458 ιι,
2121 5379 2175 5448 5.

354 5537 472 5615 (67)
522 5541 907 5615 Καὶ-[νύκτωρ
953 5543 1371 5615 φυγαδεύεται.
1427 5545 1520 5603 Bis
1578 5547 1869 5603 Antiochia

283 5612 484 5688 piilsus
515 5612 914 5688 ιιςι-Μοιοιὶιιιιἶ
955 5612 1209 5688 Primum
1253 5632 1282 5670 a
1316 5617 1674 5688 Constantio,
1719 5619 1864 5688 quod

282 5681 553 5755 Arianum
587 5683 797 5755 dogma
846 5685 1091 5751 minime,
1128 5685 1205 5739 uti
1238 5703 1365 5755 spes
1416 5695 1534 5744 erat
1560 5731 1574 5754 ,
1626 5681 1863 5753 foveret;

281 5750 471 5806 iudea
509 5750 768 5806 Valente:
811 5769 935 5808 nam
969 5750 1084 5810 sub
1109 5750 1338 5812 Joviano
1387 5750 1691 5813 Antiochia:
1735 5750 1868 5813 coni-

281 5822 479 5878 cilium
510 5823 717 5886 habuit,
756 5825 809 5879 in
840 5843 948 5897 quo
992 5826 1366 5884 Macedoniani
1401 5837 1450 5885 et
1479 5829 1739 5886 Acaciani
1772 5828 1866 5887 Ni-

1977 5563 2182 5621 gaznam
2213 5548 2370 5605 ﬁdem
2407 5551 2638 5621 amplexi
2675 5555 2824 5621 sunt,
2857 5550 3116 5621 Sorrates
3148 5546 3243 5603 lib.
3270 5562 3353 5611 ιιι,
3385 5563 3435 5621 ei.
3452 5547 3558 5621 21.

1977 5618 2107 5674 Post
2138 5617 2353 5676 Ioviani
2390 5617 2598 5676 obitum
2634 5635 2662 5673 a
2706 5618 2930 5674 Valente
2964 5618 3264 5688 relegatur,
3315 5627 3374 5672 ut
3415 5619 3556 5672 idem

1977 5690 2072 5746 lib.
2110 5705 2200 5760 γιν,
2252 5706 2371 5760 cap.
2413 5691 2485 5760 7‘2,
2537 5690 2829 5760 creterique
2887 5687 3146 5760 produnt.
3191 5687 3556 5760 thmobrcm

1974 5759 2121 5830 quod
2173 5758 2364 5816 scribit
2411 5758 2781 5829 Epiphanius,
2815 5758 2919 5824 ἕως
2955 5758 3145 5812 τούτου
3194 5758 3288 5812 τοῦ
3325 5760 3553 5830 χρόνου»2

1939 5845 1944 5850 ’
1975 5823 2083 5888 non
2103 5831 2183 5888 sic
2203 5823 2613 5902 intelligendum
2633 5839 2738 5900 est,
2765 5840 2822 5887 ut
2853 5823 3173 5903 perpetuum
3197 5823 3555 5886 aCo'n'stautii
