3990 6228
314 344 430 403 ὗω

971 345 1337 406 ADVERSUS
1369 347 1710 408 HERESES
1748 349 1875 406 UB.
1915 349 2001 406 llli.
2043 349 2206 407 T031.
2249 352 2375 406 l.—
2413 349 2686 407 "AERES.
2730 348 2957 405 LXXlll.

3487 347 3598 406 ΠΟ

317 466 680 540 [δμοιούσιον]
721 469 1010 540 όμοούσισθ
1030 514 1044 538 ,
1090 472 1286 543 Σαφῶς
1335 476 1467 548 ἡμῖν
1512 477 1909 550 ὁμολογήσατε,

2028 492 2146 547 perc
2190 477 2482 533 molestum
2525 475 2682 532 vobis
2711 483 2796 533 est
2851 491 2916 530 ac
2953 487 3139 544 grave,
3195 471 3393 527 Filium
3443 472 3601 528 l'atri

318 559 413 614 ἵνα
445 561 539 614 καὶ
570 560 714 631 ὑμᾶς
754 563 1067 634 έπιγνῶμεν
1101 565 1265 631 ἰδίους
1294 566 1474 634 ὄντας,
1511 572 1606 624 καὶ
1643 570 1718 642 μὴ
1750 569 1909 624 ἀλλο-

319 652 529 725 τρίους.
557 654 792 709 Δύναται
823 656 932 728 γὰρ
955 658 1048 710 καὶ
1085 660 1398 730 ὀμοιούσιον
1431 657 1572 716 εἷναι
1617 663 1752 734 πρὸς
1778 681 1911 735 χρυ-

323 746 419 796 σὺν
449 745 668 814 χαλκὸς,
703 747 838 818 πρὸς
871 748 1112 822 ἄργυρον
1146 752 1488 825 κασσίτερος,
1533 753 1668 825 πρὸς
1696 753 1912 824 σίδηρον

321 837 354 890 ὁ
387 837 654 907 μόλιϐδος.
698 839 838 893 Ἀλλ’
879 841 980 894 οὐκ
1021 844 1296 914 ἀπατήσει
1327 846 1473 917 ἡμᾶς
1514 846 1548 916 ἡ
1592 844 1751 916 ὑμῶν
1799 846 1915 899 ὲπι-

267 929 278 992 _’
321 929 694 1000 τετηδευμένη
740 931 834 985 καὶ
859 932 1252 1006 τετορνευμένη
1290 933 1683 1006 μυθοπλαστία.
1721 936 1783 988 Εἰ
1815 935 1914 1008 μὲν

323 1020 436 1090 γάρ
465 1037 616 1085 τινας
647 1021 960 1094 βουλόμενοι
1010 1024 1291 1096 ἀπατῆσαι
1325 1026 1580 1097 βούλεσθε
1613 1028 1916 1100 προφάσεις

322 1112 545 1181 ψευδεῖς
577 1116 845 1184 λέγοντες,
892 1119 974 1171 ὅτι
1027 1121 1088 1173 οὐ
1136 1121 1243 1193 χρὴ
1284 1121 1463 1191 λέγειν
1500 1123 1561 1178 τὸ
1609 1125 1916 1195 ὀμοούσιον,

326 1205 420 1258 ἵνα
451 1207 525 1276 μὴ
548 1208 872 1281 συναλοιφὴν
899 1211 1212 1283 ποιήσωμεν
1242 1213 1334 1268 τὸν
1357 1214 1485 1269 Υίδν
1515 1216 1652 1288 πρὸς
1676 1217 1917 1288 Πατέρα,

324 1295 361 1365 ἢ
413 1296 475 1348 τὸ
525 1297 750 1368 Πνεῦμα
802 1299 938 1371 πρὸς
970 1301 1060 1354 τὸν
1110 1302 1238 1356 Υἱδν
1285 1306 1380 1358 καὶ
1426 1307 1668 1379 Πατέρα,
1732 1308 1826 1360 καὶ
1859 1308 1920 1362 ἐν

325 1386 505 1457 τούτῳ
549 1388 798 1444 διέπεσεν
829 1392 981 1464 ὑμῶν
1017 1395 1046 1448 6
1081 1397 1567 1469 ὲπιτετηδευμένος
1611 1399 1788 1469 λόγος.
1840 1400 1918 1454 Οὐ

327 1477 441 1549 γάρ
470 1479 696 1551 εἴπομεν
721 1483 1078 1553 άμαούσιον,
1131 1487 1248 1541 ἀλλ’
1281 1491 1604 1558 ὀμοούσιον
1628 1507 1642 1521 ⁶
1691 1493 1778 1546 ἵνα
1811 1511 1918 1564 μη-

326 1569 419 1623 δὲν
451 1569 547 1624 τοῦ
575 1573 790 1645 Πατρὸς
819 1576 1274 1649 παρηλλαγμένον
1311 1579 1758 1654 ὁμολογήσωμεν,
1786 1585 1921 1640 ἀλλὰ

327 1661 466 1716 Θεὸν
496 1663 667 1729 ὄντως
693 1667 758 1720 ὲκ
783 1667 918 1721 Θεοῦ
962 1670 1380 1742 γεγεννημένον,
1412 1674 1504 1728 καὶ
1544 1677 1644 1728 οὐκ
1687 1676 1920 1748 ἀλλαχό-

328 1753 446 1818 θεν,
501 1755 622 1809 οὺδὲ
657 1755 717 1822 ἐξ
764 1758 864 1812 οὐκ
913 1759 1106 1828 ὄντων,
1155 1761 1291 1817 ἀλλὰ
1330 1764 1544 1836 Πατρὸς
1589 1767 1920 1839 προελθόντα

2011 568 2539 625 consubstantialem
2562 567 2849 624 asserere?
2873 565 3045 621 \‘elim
3076 564 3180 618 hoc
3201 563 3335 617 mihi
3362 564 3606 634 ingenua

2013 673 2313 736 aperteque
2351 661 2656 726 fateamini,
2692 670 2751 715 ιιι
2774 673 2873 715 vos
2917 673 3028 713 non
3085 656 3293 711 alienos
3337 671 3366 708 a
3409 654 3606 717 nobis,.

2013 755 2108 811 sed
2139 769 2432 826 germanos
2473 768 2599 809 esse
2641 763 3064 823 cognoscamus.
3111 746 3302 802 Potest
3347 745 3494 800 enim
3540 751 3598 798 et.

2014 860 2090 902 a‘s
2137 859 2292 912 auro,
2339 852 2396 899 et
2440 850 2670 914 argento
2707 849 2988 904 stannum,
3035 846 3083 896 et
3146 835 3287 892 icrro
3313 836 3592 908 plumbum

2016 935 2212 993 similis
2243 951 2365 992 esse
2395 933 2736 990 substantiae.
2781 929 2887 984 Sed
2926 944 3027 984 nos
3047 937 3226 984 vestra
3275 928 3365 982 illa
3412 941 3598 998 perpe-

2016 1043 2134 1084 ram
2170 1026 2480 1097 excogitata
2520 1039 2584 1079 ac
2623 1021 3002 1078 fraudulenter
3024 1017 3259 1074 conficta
3285 1022 3596 1071 commenta

2018 1137 2126 1176 non
2159 1120 2366 1174 fallent.
2393 1117 2524 1172 Nam
2551 1117 2621 1184 si,
2658 1124 2717 1171 ut
2745 1115 2798 1169 in
2826 1127 3073 1168 errorem
3108 1110 3322 1180 aliquos
3359 1107 3602 1176 impella-

2023 1215 2119 1280 tis,
2170 1214 2365 1268 inanes
2408 1210 2622 1282 species
2667 1204 3189 1272 commentitiasque
3235 1200 3506 1271 qumritis,
3546 1207 3602 1253 et

2020 1304 2544 1361 consubstantialem
2592 1306 2880 1371 propterea
2936 1295 3118 1351 vocari
3172 1309 3280 1348 non
3344 1297 3604 1360 oportere

2021 1395 2342 1456 defenditis,
2368 1407 2438 1447 ne
2465 1389 2664 1445 Filiqu
2695 1403 2818 1444 cum
2863 1386 3046 1450 Patre,
3077 1393 3131 1440 et
3171 1381 3437 1452 Spiritum
3474 1395 3604 1436 san-

2021 1496 2168 1544 ctum
2219 1502 2343 1540 cum
2392 1492 2627 1554 utroque
2667 1480 3071 1536 confundamns
3101 1518 3116 1543 ,
3171 1474 3342 1548 884
3387 1489 3457 1529 ne
3501 1474 3606 1528 hac

2023 1578 2242 1650 quidem
2290 1577 2342 1631 in
2388 1583 2541 1646 parte
2593 1579 2826 1645 possunt
2869 1569 3158 1626 mendacia
3199 1577 3378 1622 vestra
3432 1566 3606 1620 consi-

2025 1680 2185 1726 stere.
2218 1666 2336 1722 Non
2379 1667 2523 1721 enim
2576 1660 3174 1724 simulsubstantialem,
3239 1658 3332 1714 seal
3380 1657 3607 1712 consub-

2025 1761 2330 1818 stantialem
2373 1759 2610 1815 dicimus
2645 1775 2658 1823 ;
2704 1772 2772 1812 ne
2812 1755 3018 1825 aliquid
3077 1753 3355 1807 diversum
3384 1765 3413 1803 a
3444 1747 3606 1803 Patre

327 1848 580 1917 ἀχρόνως
612 1850 707 1903 καὶ
753 1852 1035 1924 ἀνάρχως,
1071 1855 1166 1908 καὶ
1212 1857 1618 1929 ἁνεκδιηγήτως
1665 1877 1922 1932 γεγεννη-

2028 1853 2405 1925 proﬁteamur,
2443 1849 2539 1906 sed
2582 1849 2749 1904 Deum
2778 1863 2841 1902 ex
2877 1845 2986 1901 Deo
3016 1860 3144 1900 vere
3183 1843 3450 1914 genitum,
3493 1854 3606 1895 non

331 1939 522 2008 μένον,
581 1941 668 1995 ἀεὶ
710 1942 839 1996 ὅντα
885 1945 1019 2016 πρὸς
1066 1946 1158 1998 τὸν
1213 1947 1454 2020 Πατέρα,
1496 1950 1589 2002 καὶ
1653 1953 1922 2023 μηδέποτε

328 2030 677 2088 διαλείποντα
713 2033 808 2088 τοῦ
857 2031 1017 2101 εἶναι,
1052 2039 1187 2092 ἀλλὰ
1231 2042 1649 2112 γεγεννημένον,
1689 2045 1750 2097 οὺ
1801 2061 1923 2098 συν-

329 2121 580 2191 άδελφον,
611 2126 672 2177 οὐ
703 2128 1044 2201 προπάτορα.
1068 2131 1140 2184 Τὸ
1169 2131 1298 2203 γὰρ,
1332 2133 1503 2202 ὁμοῦ,
1538 2133 1631 2187 δύο
1660 2136 1757 2206 μὲν
1792 2138 1924 2190 ὑπο-

331 2214 578 2268 στάσεὼν
614 2219 731 2270 ἐστι
768 2222 1124 2290 σημαντικὸν,
1155 2224 1255 2277 οὐκ
1285 2224 1584 2295 ἀλλοτρίων
1626 2229 1692 2298 τῇ
1726 2227 1918 2296 φύσει·

328 2306 413 2360 διδ
451 2309 478 2361 6
514 2307 810 2380 σύνδεσμος
834 2312 936 2382 τῆς
962 2313 1222 2387 ἀληθείας
1250 2316 1308 2368 ὲν
1338 2315 1513 2386 τούτῳ
1541 2318 1605 2370 ἐκ
1632 2317 1724 2370 τοῦ
1763 2318 1924 2372 Πνεῦ-

334 2416 508 2468 ματος
535 2401 630 2454 τοῦ
662 2403 818 2472 ἁγίου
855 2405 1224 2477 ᾠκονόμηται,
1259 2408 1316 2460 ἐν
1348 2407 1578 2479 στόματι
1617 2408 1726 2462 τῶν
1767 2409 1924 2464 τοῦτο

331 2490 668 2562 ἑκῦεμένων.
715 2495 827 2549 Καὶ
853 2497 1008 2568 ὁρᾷς,
1033 2497 1117 2550 ὅτι
1163 2497 1264 2550 οὐκ
1311 2496 1465 2552 ἔσται
1507 2517 1588 2552 σοι
1628 2501 1920 2572 πρόφασις,

330 2580 456 2633 οὐδὲ
489 2581 716 2638 δύνασαι
762 2586 904 2639 κατὰ
951 2586 1051 2657 τῆς
1097 2586 1406 2657 ὀρθοδοξίας
1450 2587 1630 2657 λέγειν
1661 2591 1754 2644 καὶ
1792 2589 1925 2644 πτύ-

338 2688 456 2741 ρειν
484 2671 613 2735 τοὺς
642 2673 793 2745 παρὰ
819 2674 913 2727 σοῦ
940 2674 1037 2746 τὴν
1067 2674 1234 2747 ἀκοὴν
1273 2676 1365 2730 τοῦ
1397 2679 1923 2751 παραπεποιημένου

336 2779 433 2816 σου
474 2764 633 2832 λόγου
685 2766 1194 2838 παραδεχομένους·
1241 2768 1345 2835 ὅτι,
1401 2770 1526 2824 Ἐάν
1573 2788 1659 2836 τις
1698 2773 1825 2844 εἴπῃ
1864 2772 1925 2826 τὸ

332 2854 642 2924 ὁμοούσιον,
662 2857 988 2928 συναλοιφὴν
1012 2859 1383 2933 ὡμολόγησεν.
1414 2863 1610 2917 Οὐκέτι
1642 2864 1750 2938 γὰρ
1772 2866 1924 2919 ἔσται

331 2947 518 3002 τοῦτο.
579 2949 712 3002 Ἀπὸ
739 2951 847 3023 γὰρ
870 2951 988 3015 τοῦ,
1015 2953 1319 3023 ὁμοούσιον,
1355 2957 1767 3029 σημανθήσεται
1809 2957 1923 3024 δύο,

335 3039 433 3091 καὶ
462 3041 572 3093 ἀπὸ
594 3041 713 3108 τοῦ,
743 3043 1050 3113 ὁμοουσίου,
1099 3045 1472 3118 δηλωθήσεται
1521 3048 1619 3101 οὐκ
1648 3047 1926 3121 ἀλλότριον

333 3129 397 3182 τὸ
443 3130 691 3202 γέννημα
721 3133 859 3205 πρὸς
907 3135 997 3188 τὸν
1039 3137 1260 3208 Πατέρα
1287 3138 1553 3209 ὑπάρχον.
1582 3141 1654 3194 Σὺ
1681 3139 1759 3205 δὲ,
1807 3141 1927 3194 ἐπι·

335 3221 688 3295 πλασάμενος
717 3224 800 3289 τὸ,
845 3227 1172 3298 ὁμοιούσιον,
1191 3229 1280 3284 διὰ
1310 3230 1410 3302 μὲν
1431 3229 1524 3285 τοῦ
1545 3231 1807 3303 ὀνόματος
1826 3232 1925 3302 τῆς

334 3311 529 3376 οὐσίας
567 3313 892 3390 ὲλεγχθήσῃ,
919 3318 1008 3372 διὰ
1030 3319 1086 3372 δὲ
1108 3320 1207 3392 τῆς
1249 3321 1713 3392 παρηλλαγμένης
1738 3322 1922 3392 ὁμολο⁹

336 3404 467 3473 γίας
519 3407 934 3480 κατακριθήσῃ,
978 3410 1077 3480 οὐχ
1117 3411 1154 3465 ἃ
1206 3412 1386 3480 λέγεις
1433 3413 1683 3484 φρονῶν,
1735 3412 1850 3466 ἀλλ’
1892 3412 1930 3468 ἃ

337 3497 564 3566 φρονεῖς
618 3502 1158 3570 παραπεποιημένως
1210 3503 1509 3558 διδάσκων·
1551 3506 1600 3558 εἰ
1638 3504 1746 3577 γὰρ
1793 3505 1930 3570 ὅλως

285 3610 289 3611 ν
338 3586 448 3639 οὐκ
503 3585 649 3642 ἔστιν
677 3589 734 3657 ἐξ
763 3590 950 3656 αὐτοῦ,
980 3592 1164 3662 ὅμοιος
1191 3593 1248 3647 δὲ
1278 3594 1428 3666 αὐτῷ
1471 3597 1608 3660 ἐστι,
1650 3597 1782 3650 πολὺ
1826 3599 1932 3667 ἁφ-

341 3678 584 3749 ἑστηκας
608 3680 710 3750 τῆς
740 3681 1019 3752 ἀληθείας.
1040 3684 1283 3749 Ὀποίαις
1324 3687 1433 3759 γάρ
1477 3687 1631 3752 ὕλαις
1654 3688 1745 3740 τὸν
1771 3689 1932 3741 ἐκτυ-

339 3771 616 3842 πούμενον
658 3773 712 3826 εἴ
733 3791 816 3838 τις
844 3773 910 3832 ἂν
933 3775 1074 3829 θέλοι
1108 3776 1496 3850 διακοσμήσειν
1525 3779 1564 3844 ί,
1599 3780 1702 3834 οὐκ
1728 3779 1793 3833 ἂν
1817 3779 1932 3834 ἴσον

336 3862 426 3931 τῷ
451 3865 845 3936 ἐκτυπουμένῳ
871 3868 1325 3924 κατασκευάσειε.
1367 3870 1476 3923 Καὶ
1503 3870 1611 3943 γὰρ
1635 3871 1727 3924 καὶ
1763 3887 1933 3924 κατα-

342 3955 547 4024 σκευῆς
589 3955 651 4008 τὸ
695 3956 878 4028 ἔργον.
933 3958 1006 4011 Τὸ
1028 3958 1085 4011 δὲ
1128 3959 1465 4032 γεννώμενον
1512 3961 1577 4014 ἐκ
1622 3959 1716 4014 τοῦ
1764 3979 1932 4028 τινος,

339 4045 523 4097 ἐκεῖνο
549 4045 684 4117 πρὸς
706 4047 768 4099 τὸ
791 4047 947 4115 γένος
975 4049 1036 4102 τὸ
1073 4049 1260 4121 ὅμοιον
1305 4052 1402 4105 καὶ
1435 4052 1495 4106 τὸ
1535 4053 1648 4106 ἴσον
1676 4053 1774 4122 τῆς
1801 4070 1934 4124 γνη-

341 4134 596 4206 σιότητος
629 4136 905 4201 ἀποσώζει
946 4135 1105 4206 εἶδος.
1135 4143 1199 4195 Εἰ
1227 4143 1406 4197 τοίνυν
1433 4144 1533 4198 οὐκ
1563 4145 1622 4208 ἐξ
1647 4144 1811 4198 αὐτοῦ
1841 4162 1934 4214 γε·

339 4225 599 4296 γέννηται
640 4229 735 4282 τοῦ
781 4231 994 4302 Πατρὸς
1042 4234 1070 4286 6
1110 4233 1260 4299 Υἱὸς,
1296 4234 1454 4298 ἐκτὸς
1501 4236 1559 4289 δὲ
1608 4235 1774 4290 αὑτοῦ
1821 4239 1930 4309 εἴη,

340 4314 658 4382 ὁμοιούσιος
701 4317 928 4392 δὲπαρά
949 4320 1034 4373 σοὶ
1061 4323 1200 4375 κατὰ
1232 4323 1391 4395 χάριν
1417 4324 1764 4396 λεχθήσεται,
1783 4327 1934 4382 οὐδὲν

342 4405 496 4477 αὑτῷ
530 4407 789 4472 δέδωκας,
822 4409 936 4463 ἀλλ’
968 4412 1234 4478 ὲξέπεσας
1275 4415 1371 4486 τῆς
1412 4418 1540 4488 παρ’
1569 4417 1736 4472 αὐτοῦ
1779 4420 1934 4491 χάρι-

2025 1945 2281 2008 aliunde,
2317 1959 2420 1999 nec
2466 1958 2532 1998 ex
2579 1940 2772 2005 nihilo,
2809 1938 2904 1995 sed
2936 1953 2967 1992 a
3001 1937 3162 1991 Patre
3195 1935 3313 1990 sine
3358 1942 3607 2003 tempore

2023 2048 2078 2096 et
2127 2037 2308 2100 initio,
2355 2043 2410 2090 et
2453 2029 2828 2103 inexplicabili
2878 2027 3116 2099 quadam
3155 2027 3368 2080 ratione
3403 2022 3608 2094 produ-

2023 2145 2172 2187 ctum
2219 2144 2284 2183 ac
2333 2127 2618 2199 genitum;
2673 2122 2767 2194 qui
2821 2135 3040 2192 semper
3070 2135 3194 2173 cum
3224 2117 3386 2172 Patre
3421 2115 3605 2179 fuerit,

2025 2237 2126 2278 nec
2159 2235 2285 2276 esse
2319 2218 2650 2289 quandoque
2693 2215 2910 2270 desinat
2937 2213 3215 2283 :genitum
3260 2225 3446 2281 porro,
3496 2222 3606 2263 non

2025 2326 2348 2386 germanum
2379 2308 2624 2372 fratrem,
2655 2322 2764 2360 non
2797 2320 2980 2358 avum.
3007 2301 3141 2356 Nam
3168 2302 3284 2357 bare
3313 2299 3606 2372 particula,

2025 2423 2145 2471 con,
2177 2405 2502 2477 bypostases
2531 2401 2691 2465 duas,
2724 2414 2825 2453 nec
2854 2395 3061 2452 alienas
3086 2403 3280 2449 natura
3309 2392 3604 2464 significat.

2030 2497 2182 2553 Unde
2212 2505 2266 2551 et
2306 2493 2554 2550 veritatis
2604 2492 2752 2546 velut
2805 2506 2982 2546 nexus
3026 2503 3092 2543 ac
3133 2485 3438 2548 vinculum,
3494 2499 3608 2539 non

2027 2591 2148 2648 sine
2178 2589 2352 2646 sancti
2402 2585 2638 2658 Spiritus
2687 2582 2890 2649 atllatu,
2942 2597 3038 2652 per
3076 2580 3294 2634 illorum
3348 2592 3468 2640 ora,
3511 2576 3608 2646 qui

2027 2682 2188 2754 primi
2245 2688 2500 2734 auctores
2548 2676 2791 2740 fuerunt,
2845 2682 2930 2729 est
2975 2672 3029 2726 in
3063 2686 3128 2726 ea
3159 2684 3294 2725 voce
3331 2666 3608 2724 constitu-

2027 2785 2165 2828 tum.
2199 2771 2367 2827 Vides
2394 2771 2560 2842 igitur
2586 2767 2794 2822 nullum
2819 2765 2932 2836 jam
2962 2763 3064 2818 tibi
3094 2763 3333 2818 colorem
3366 2769 3460 2814 aut
3488 2774 3609 2828 spe-

2028 2866 2170 2920 ciem
2203 2878 2330 2919 esse
2362 2861 2629 2931 reliquam
2657 2900 2674 2925 ,
2715 2873 2894 2928 neque
2940 2857 3206 2911 adversus
3247 2852 3608 2908 orthodoxam

2028 2957 2189 3012 ﬁdem
2219 2955 2417 3010 merito
2449 2967 2614 3023 posse
2646 2954 3004 3017 contendere,
3041 2949 3125 3003 vel
3158 2962 3254 3002 eos
3284 2944 3612 3016 perturbare

2028 3049 2119 3121 qui
2166 3048 2363 3104 falsum
2402 3045 2534 3100 illud
2581 3051 2736 3098 tuum
2764 3050 2871 3096 ate
2893 3044 3172 3097 decretum
3203 3052 3268 3092 ac
3299 3050 3610 3092 sermonem

2029 3138 2342 3210 acceperint
2365 3157 2377 3192 ι
2400 3137 2448 3192 si
2480 3136 2606 3206 quis
2655 3131 3129 3189 consubstantiale
3158 3142 3427 3198 usurpare
3458 3126 3609 3185 velit,

2029 3231 2416 3288 confusionem
2451 3226 2744 3300 quamdam
2780 3227 2836 3282 in
2864 3225 3151 3282 divinitate
3183 3220 3454 3278 confiteri.
3507 3219 3614 3273 Ne-

2027 3343 2135 3398 que
2180 3325 2329 3380 enim
2379 3323 2618 3393 amplius
2674 3319 2818 3375 istud
2870 3319 3113 3388 objiccre
3163 3323 3340 3387 potes.
3397 3313 3614 3383 Quippe

2029 3415 2521 3475 consubstantialis
2552 3414 2643 3468 illa
2676 3430 2781 3469 vox
2809 3413 2950 3467 duos
2993 3408 3261 3480 quosdam
3315 3405 3611 3477 signifirat,

2029 3513 2327 3582 eademque
2371 3507 2516 3564 haud
2573 3508 2807 3562 alienam
2871 3520 2899 3559 a
2959 3505 3117 3559 Patre
3185 3501 3429 3558 sobolem
3491 3515 3617 3554 esse

2030 3605 2391 3660 demonstrat.
2439 3599 2520 3655 Tu
2564 3615 2694 3656 vero
2737 3597 3148 3660 bomoeousion,
3213 3595 3320 3649 hoc
3356 3601 3444 3649 rst
3485 3592 3615 3646 sub-

2031 3695 2234 3751 stantia
2272 3692 2466 3757 simile,
2500 3700 2868 3754 commentus,
2905 3688 3140 3758 primum
3169 3686 3289 3756 ipso
3323 3685 3476 3746 usize,
3512 3683 3616 3738 hoc

2031 3795 2116 3844 est
2161 3785 2506 3850 substantiae,
2553 3781 2820 3838 vocabulo
2854 3779 3164 3846 refelleris;
3209 3776 3407 3833 deinde
3433 3784 3528 3830 tua
3562 3784 3615 3829 te

2033 3880 2127 3934 illa
2156 3877 2483 3949 discrepans
2527 3890 2630 3932 nec
2662 3882 3034 3930 consentanea
3061 3870 3332 3943 professio
3362 3868 3616 3941 condem-

2033 3981 2148 4038 nat,
2181 3986 2306 4026 cum
2333 3985 2441 4025 non
2475 3984 2540 4024 ea
2565 3968 2718 4025 dicas
2739 3982 2861 4038 quae
2890 3965 3122 4026 sentias,
3157 3962 3253 4019 sed
3278 3976 3399 4032 quae
3440 3960 3615 4016 sentis

2035 4065 2176 4120 falso
2224 4077 2289 4118 ac
2334 4063 2676 4118 mendaciter
2725 4061 2977 4116 doceas:
3021 4059 3224 4114 etenim
3278 4056 3326 4112 si
3376 4055 3446 4110 ab
3495 4054 3615 4124 ipso

2034 4149 2196 4204 Patre
2245 4165 2354 4205 non
2390 4157 2477 4205 est
2524 4149 2750 4204 omnino
2778 4147 2974 4212 Filius,
3006 4146 3102 4203 sed
3142 4144 3502 4200 nihilominus
3537 4144 3616 4198 si-

2036 4244 2183 4300 milis
2212 4253 2316 4305 est,
2353 4257 2383 4296 a
2414 4242 2645 4297 veritate
2679 4241 2978 4312 plurimum
3013 4239 3274 4302 aberras;
3311 4251 3436 4290 nam
3479 4249 3618 4305 qua-

2035 4352 2252 4406 cunque
2283 4335 2503 4390 demum
2533 4348 2599 4388 ex
2630 4335 2860 4388 materia
2885 4331 3118 4402 quilibet
3147 4344 3471 4401 expressum
3510 4329 3615 4382 ali-

2036 4430 2196 4498 cujus
2226 4427 2584 4482 simulacrum
2617 4440 2817 4480 ornare
2847 4425 3103 4487 voluerit,
3155 4436 3435 4493 nunquam
3480 4420 3612 4474 illud

340 4517 458 4564 τος.
514 4502 568 4555 '0
604 4503 713 4573 γὰρ
737 4504 823 4573 μὴ
854 4505 1038 4574 τιμῶν
1067 4507 1174 4561 τὸν
1214 4509 1351 4564 Υἰὸν
1378 4511 1458 4576 ὡς
1507 4512 1644 4582 τιμᾷ
1672 4515 1775 4568 τὸν
1814 4519 1925 4568 Πα-

2034 4537 2159 4575 cum
2210 4518 2507 4588 exemplari
2552 4517 2674 4588 ipso
2715 4517 3009 4588 adaequare
3061 4515 3413 4587 poteritzest
3468 4512 3616 4567 enim

341 4594 508 4662 τέρα,
546 4597 585 4663 ἡ
617 4598 762 4666 ὀργὴ
807 4600 914 4654 τοῦ
963 4600 1112 4655 Θεοῦ
1151 4603 1321 4671 μένει
1352 4603 1445 4656 ἐπ’
1483 4607 1691 4670 αὑτὸν,
1721 4609 1749 4660 6
1779 4607 1935 4677 ἆγιος

342 4682 644 4751 ἀπόστολος
681 4707 814 4761 φησι
837 4701 877 4722 ⁶’
907 4694 1002 4747 καὶ
1036 4695 1196 4750 πάλιν
1219 4712 1232 4726 ·
1281 4698 1430 4767 Ἐγὼ
1459 4700 1527 4752 ἐκ
1568 4699 1676 4754 τοῦ
1704 4703 1936 4770 Πατρός

341 4776 630 4846 ἐξῆλθον,
662 4781 763 4834 καὶ
794 4782 920 4850 ἥκω
943 4799 956 4814 ’
999 4787 1028 4838 ὁ
1060 4787 1236 4856 φήσας
1261 4805 1272 4817 ·
1319 4789 1467 4858 Ἐγὼ
1505 4791 1576 4844 ἐν
1618 4789 1697 4857 τῷ
1727 4793 1935 4861 Πατρὶ.

342 4873 382 4924 ὁ
424 4871 628 4940 Πατὴρ
673 4873 744 4926 ἐν
775 4873 909 4943 ἐμοι
932 4891 946 4906 ⁸
980 4877 1009 4928 6
1048 4877 1221 4948 λέγων
1241 4897 1255 4910 ·
1292 4883 1570 4947 Φίλιππε,
1602 4886 1635 4937 ὀ
1663 4884 1938 4952 ἑωρακὼς

341 4963 454 5032 ἐμὲ
489 4963 712 5033 ἑώρακε
744 4963 854 5019 τὸν
885 4969 1136 5038 Πατέρα.

2033 4621 2327 4669 structurae
2351 4619 2516 4680 atque
2546 4608 2854 4665 eliectionis
2881 4625 3022 4680 opus
3052 4607 3207 4663 illud.
3241 4607 3397 4674 Quod
3433 4613 3615 4661 autem

2035 4706 2106 4759 ab
2159 4702 2346 4772 aliquo
2385 4701 2652 4773 gignitur,
2693 4700 2932 4771 idipsum
2966 4701 3034 4756 ad
3066 4701 3141 4766 id,
3176 4701 3321 4755 unde
3353 4698 3616 4770 gignitur,

2035 4794 2414 4867 germanitatis
2475 4808 2588 4849 suae
2636 4793 2870 4850 similem
2938 4801 2993 4849 et
3055 4794 3319 4864 aequalem
3387 4789 3618 4845 formam

2036 4885 2258 4940 retinet.
2295 4881 2664 4948 Quamobrem
2693 4883 2741 4938 si
2772 4882 2842 4937 ab
2874 4883 2994 4953 ipso
3031 4882 3188 4936 Patre
3218 4897 3323 4936 non
3355 4886 3440 4936 est
3469 4877 3622 4950 geni-

2038 4987 2151 5040 tus,
2193 4982 2248 5031 et
2271 4983 2426 5029 extra
2459 4973 2638 5043 ipsum
2669 4983 2775 5042 est,
2813 4975 2940 5031 licet
2974 4975 3393 5031 similitudinem
3424 4985 3622 5042 quaru-

342 5056 476 5111 dam
516 5058 860 5127 substantim,
903 5062 1049 5116 velut
1080 5063 1463 5133 gratilicando,
1507 5065 1744 5133 tribuas,
1782 5069 1920 5123 nihil
1956 5068 2060 5139 ipsi
2090 5067 2332 5140 largiris,
2364 5065 2459 5120 sed
2485 5065 2553 5119 ab
2600 5065 2722 5136 ejus
2781 5067 3037 5122 excidisti
3087 5067 3283 5138 gratia.
3325 5068 3429 5134 Qui
3481 5066 3621 5121 enim

483 5149 706 5254 Itamirat
770 5151 994 5254 Filium,
1038 5156 1173 5209 sicut
1216 5157 1439 5210 honorat
1474 5158 1708 5228 Patrem,
1747 5163 1830 5216 ira
1896 5163 1988 5219 Dei
2036 5172 2212 5218 manet
2268 5163 2320 5214 in
2369 5160 2576 5230 ipsum,
2632 5161 2710 5214 ait
2762 5171 2987 5218 sanctus
3051 5161 3334 5230 apostolus
3360 5163 3401 5226 ’ί
3448 5161 3619 5215 item:

350 5240 507 5296 Exivi
530 5259 563 5296 α
589 5241 772 5310 Patre,
802 5254 851 5298 et
877 5245 1018 5300 vado
1050 5248 1092 5313 ³,
1119 5247 1206 5304 ille
1231 5249 1347 5318 ipse
1375 5248 1632 5306 nimirqu
1659 5254 1751 5324 qui
1778 5254 1917 5311 dixit
1950 5274 1964 5311 :
2007 5257 2120 5329 Ego
2167 5257 2220 5310 in
2256 5255 2442 5320 Patre,
2480 5262 2531 5309 et
2567 5253 2731 5308 Pater
2775 5255 2830 5308 in
2870 5253 3020 5308 me‘.
3051 5251 3188 5306 Tum
3238 5252 3373 5307 illud
3418 5271 3431 5307 :
3489 5250 3623 5308 Phi-

344 5337 510 5407 lippe,
543 5340 634 5409 qui
664 5339 800 5394 videt
826 5358 925 5407 me,
959 5341 1095 5397 videt
1125 5353 1173 5398 et
1197 5343 1417 5400 Patrem
1438 5347 1480 5401 ⁵.

420 5433 547 5486 ΛΖ’.
589 5433 856 5498 Πολλάκις
894 5435 952 5489 δὲ
982 5438 1077 5490 καὶ
1113 5439 1243 5510 περὶ
1275 5439 1477 5494 τούτων
1508 5443 1930 5516 διηγησάμενος,

344 5524 603 5598 ὁρκετῶς
634 5526 779 5597 ἔχειν
825 5528 1059 5584 ἐποιταῦοα
1089 5530 1374 5601 ἡγούμεθα
1414 5533 1522 5588 τῶν
1569 5537 1748 5590 αὐτῶν
1796 5540 1931 5592 άνα-

344 5614 572 5690 τροπῶν
607 5617 715 5671 τῶν
748 5618 1016 5690 ρηοεισῶν
1064 5621 1173 5677 ἂνω
1219 5624 1355 5694 πρὸς
1385 5623 1481 5696 τὴν
1515 5626 1669 5696 ῥίζαν
1699 5629 1797 5699 τὴν
1838 5632 1932 5684 ἐκ-

2111 5444 2380 5500 XXXVII.
2421 5445 2693 5501 Caeterum
2731 5458 2856 5498 cum
2901 5443 3015 5497 haec
3061 5441 3172 5496 sint
3202 5455 3232 5494 a
3269 5456 3354 5495 u‘c
3388 5447 3624 5496 tractata

2040 5541 2261 5611 smpius,
2287 5555 2413 5611 qua:
2434 5540 2502 5594 ad
2531 5539 2708 5609 impia:
2744 5540 2906 5606 limus
2940 5535 3163 5591 lizeresis
3187 5533 3354 5606 885
3383 5535 3622 5590 radicem

2040 5647 2105 5686 ac
2155 5630 2383 5702 stirpem
2427 5628 2778 5686 evertendam
2830 5635 2956 5682 ante
3001 5625 3264 5694 diximus,
3317 5626 3451 5683 satis
3499 5638 3625 5680 esse

512 5794 533 5814 νη
829 5802 840 5816 .

427 5796 448 5831 ⁸
487 5795 552 5854 1'.
583 5799 1019 5875 διακοσμησειεν.
1097 5804 1117 5834 ’
1155 5800 1312 5860 Joau.
1342 5821 1393 5872 v,
1418 5803 1524 5872 9.3;
1557 5820 1638 5875 ιιι,
1669 5806 1757 5863 Et}.
1834 5813 1855 5847 ³
1895 5821 1921 5864 δ

2028 5829 2052 5863 μ
2087 5823 2198 5874 1m,
2224 5805 2314 5866 28.
2398 5804 2417 5837 ⁸
2454 5802 2611 5860 Joan.
2651 5822 2761 5872 ειν,
2799 5805 2884 5864 l0.
2959 5807 2978 5838 '
3020 5802 3150 5860 ibid.
3186 5804 3238 5861 Ω.
