3990 6228
405 358 512 416 ιτς,

1807 360 1862 418 5.
1905 363 2240 422 ΕΙῚΡΙΙᾹΝΙΙ

402 477 590 534 tandis
623 476 920 532 hairesibus
947 475 1272 532 certissimis
1299 477 1350 530 id
1384 478 1687 534 rationibus
1723 495 1830 534 non
1869 499 1984 536 mc-

2093 487 2314 557 Πνεῦμα
2345 487 2450 559 γὰρ
2485 489 2688 561 Κυρίου
2737 487 2976 558 λέγεται,
3021 487 3116 540 καὶ
3155 487 3219 539 ὲκ
3263 485 3470 556 Harpe;
3501 487 3680 539 ἐκπο-

403 570 581 626 diocri
639 570 918 640 diligentia
972 571 1257 639 probatum
1317 571 1685 640 reliquimus:
1737 573 1990 630 videlicet

407 658 670 730 Spiritum
725 667 976 714 sanctum
1018 675 1142 714 cum
1195 659 1356 715 Patre
1407 669 1458 714 et
1511 659 1648 715 Filio
1697 661 1988 720 Dominum

405 752 692 822 appellari.
737 751 972 822 Spiritus
1002 753 1142 806 etaim
1176 752 1391 806 Domini
1421 753 1633 822 replevit
1677 757 1854 810 orbem
1885 767 1992 812 ter-

405 859 586 896 rarum
621 844 636 874 ¹
669 863 682 898 :
713 843 949 912 Spiritus
995 845 1084 900 ille
1134 847 1406 900 veritatis'
1465 861 1530 900 ac
1579 847 1690 902 Dei.
1751 849 1990 920 Spiritus

401 937 548 992 enim
595 935 808 992 Domini
855 937 1076 1004 dicitur,
1128 947 1180 994 et
1215 955 1244 992 a
1271 939 1430 994 Patre
1483 942 1782 1010 procedens
1807 945 1848 1007 ³,
1873 953 1928 998 et
1959 962 1988 1000 a

403 1027 542 1082 Filio
593 1029 870 1098 accipiens
894 1029 936 1094 ⁸,
1011 1046 1074 1084 ac
1139 1030 1370 1100 singulis
1413 1032 1562 1086 varie
1608 1032 1752 1087 dona
1803 1035 1990 1091 distri-

401 1117 639 1181 buens",
697 1128 858 1188 prout
907 1119 1101 1186 libet”,
1141 1121 1236 1174 Dei
1284 1136 1500 1190 quoque
1531 1122 1798 1191 profunda
1828 1143 1988 1182 scru-

404 1213 526 1258 tans
558 1206 598 1268 ⁶,
655 1221 778 1260 eum
829 1205 988 1262 Patre
1033 1209 1306 1264 exsistens
1350 1217 1402 1265 et
1453 1209 1590 1264 Filio
1617 1251 1632 1276 ,
1677 1213 1982 1284 baptizaus,

403 1295 726 1364 obsignans,
771 1298 1225 1368 obsignalumque
1287 1299 1596 1369 periis-iens.
1655 1301 1850 1359 Verum
1915 1323 1984 1363 ne

402 1387 652 1442 eumdem
689 1387 926 1442 laborem
965 1390 1160 1444 iterum
1191 1391 1294 1446 hoc
1325 1393 1445 1447 loco
1483 1405 1744 1464 repetam,
1775 1411 1897 1464 qum
1925 1395 1980 1450 in

403 1489 596 1546 magna
629 1476 716 1530 illa
749 1477 1136 1548 disputatione,
1164 1497 1326 1552 quam
1377 1481 1445 1538 de
1475 1483 1580 1538 ﬁde
1609 1485 1662 1538 in
1709 1483 1983 1556 Pamphy-

2093 580 2402 650 ρευὸμενον,
2444 581 2618 636 καὶτὸ
2641 580 2769 635 Υἱοῦ
2803 580 3101 651 λαμϐάνον,
3133 577 3482 650 χαριζόμενόν
3509 595 3574 630 τε
3603 580 3682 632 τὰ

2089 669 2406 739 χαρίσματα
2449 671 2718 744 διαφόρως
2739 710 2753 734 ,
2782 671 2858 734 ὡς
2893 669 3172 740 βούλεται,
3207 668 3440 739 ἐρευνῶν
3471 667 3571 721 καὶ
3605 667 3680 720 τὰ

2091 757 2228 830 βάθη
2275 760 2370 813 τοῦ
2413 761 2569 827 θεοῦ,
2609 763 2706 815 σὺν
2749 763 2926 834 Πατρὶ
2973 761 3068 814 καὶ
3127 759 3240 829 Tit?)
3271 757 3348 823 ὃν,
3386 759 3680 828 βαπτίζω,

2093 851 2412 922 σφραγίζον,
2459 854 2695 908 τελειοῦν
2726 855 2816 908 τὸν
2856 854 3312 926 ὲσερραγισμένον.
3349 853 3462 904 Ἰνα
3501 851 3564 904 δὲ
3599 852 3682 920 μὴ

2091 945 2326 998 ἐνταῦθα
2365 945 2609 1017 κάματον
2639 947 3002 1018 ἀναδέξωμαι,
3043 947 3111 1000 τὰ
3149 947 3250 1016 ἤδη
3285 963 3374 1016 μοι
3403 943 3684 1016 εἰρημένα

2091 1034 2148 1086 ὲν
2183 1034 2258 1104 τῷ
2304 1035 2522 1106 μεγάλῳ
2569 1037 2711 1108 λόγῳ
2747 1037 2820 1108 τῷ
2855 1038 2983 1108 περὶ
3022 1036 3255 1098 πίστεως
3286 1034 3548 1107 γραφέντι
3597 1035 3682 1096 εἰς

2087 1123 2155 1176 τὰ
2181 1124 2323 1195 μέρη
2352 1126 2450 1196 τῆς
2474 1128 2784 1197 Παμφύλων
2805 1128 3212 1198 παραθήσομαι,
3235 1125 3371 1197 πρὸς
3401 1125 3682 1179 ἀντίθεσιν

2095 1213 2194 1285 μὲν
2233 1215 2339 1269 τῶν
2367 1216 2831 1289 βλασφημούντων
2863 1217 2922 1272 τὺ
2951 1217 3104 1286 ἆγιον
3139 1216 3382 1286 Πνεῦμα,
3412 1218 3487 1278 εἰς
3525 1214 3686 1267 διδα-

2096 1308 2322 1362 σκαλίαν
2354 1310 2410 1363 δὲ
2450 1311 2558 1366 τῶν
2595 1311 3058 1382 ἐντυγχανόντων,
3101 1311 3195 1363 καὶ
3237 1311 3316 1372 είς
3369 1305 3685 1378 εὖφρασίαν

2087 1399 2197 1452 τῶν
2255 1402 2572 1474 Πνεύματος
2637 1405 2794 1473 ἁγίου
2855 1401 3316 1472 καταξιουμένων.
3373 1399 3482 1454 Καὶ
3555 1397 3684 1449 ἔστι

2087 1488 2230 1548 τάδε.

403 1569 530 1624 liam
563 1573 782 1642 scripsi,
815 1574 944 1628 olim
975 1590 1004 1627 a
1035 1591 1122 1630 me
1179 1576 1456 1648 disputata
1499 1587 1646 1642 sunt,
1711 1579 1798 1634 hic
1839 1597 2164 1652 proponam,
2235 1604 2346 1658 quo
2403 1599 2459 1645 et
2508 1591 2934 1646 contumeliosos
2980 1590 3100 1643 illos
3139 1587 3192 1640 in
3228 1585 3487 1656 Spiritum
3538 1595 3684 1634 san-

403 1675 550 1722 ctum
581 1669 868 1728 luet-eticos
895 1673 1158 1738 refellam,
1205 1683 1260 1729 et
1285 1675 1514 1732 lectores
1549 1677 1830 1732 instituam
1863 1721 1880 1746 ,
1915 1689 1970 1736 et
1999 1682 2068 1738 iis
2127 1687 2222 1754 qui
2269 1687 2534 1758 Spiritum
2597 1696 2848 1744 sanetum
2891 1687 3281 1748 obtinuerunt,
3336 1681 3686 1748 voluptatem

403 1775 468 1816 ac
503 1761 740 1818 hetitiam
770 1763 1012 1819 aﬂ‘eram.
1045 1767 1118 1820 Ea
1165 1783 1326 1837 porro
1355 1777 1484 1823 sunt
1513 1769 1802 1838 ejusmodi.

843 1879 1110 1935 Antorato
1143 1891 1384 1950 excerpta
1411 1881 1671 1954 qua'dam.

477 1991 544 2046 11.
599 1993 853 2060 Apparuit
907 1993 1082 2062 gratia
1130 1993 1345 2047 Domini
1392 1995 1561 2048 nostri
1605 1993 1736 2050 Jcsu
1790 1994 1988 2051 Christi

401 2081 646 2136 erudiens
679 2100 792 2148 nos,
828 2092 884 2136 ut
919 2083 1234 2154 abnegantes
1269 2086 1591 2155 impietatem
1625 2096 1674 2141 et
1705 2088 1990 2142 sa’cularia

401 2173 683 2240 desideria,
714 2173 907 2238 sobrie,
936 2175 1018 2242 pie
1048 2183 1096 2228 et
1122 2175 1263 2244 juste
1291 2177 1524 2231 eiramus
1555 2179 1606 2232 in
1647 2177 1742 2232 hoc
1772 2180 1986 2244 sa’culo,

400 2275 758 2334 exspectantes
785 2267 955 2336 883
986 2267 1192 2321 beatam
1223 2283 1362 2334 spent
1407 2277 1456 2322 et
1490 2268 1770 2324 adventum
1807 2273 1990 2340 gloria:

401 2357 578 2425 magni
606 2356 697 2409 Dei
721 2365 769 2411 et
801 2357 1096 2412 Saluatoris
1146 2359 1319 2411 nostri
1341 2357 1471 2413 Jesu
1501 2359 1722 2425 Christi,
1754 2365 1844 2432 qui
1879 2373 1990 2417 tra-

400 2450 536 2501 didit
574 2450 800 2518 seipsum
840 2467 934 2519 pro
981 2450 1128 2504 nobis
1176 2459 1232 2504 ut
1273 2449 1548 2506 redimeret
1595 2470 1688 2506 nos
1734 2454 1798 2506 ab
1847 2457 1990 2508 omni

399 2539 698 2606 iniquitate,
726 2547 774 2591 et
799 2548 1049 2608 purgaret
1077 2540 1180 2593 sibi
1219 2541 1322 2610 ipsi
1358 2541 1610 2610 populant
1640 2542 1986 2611 peculiarem,

401 2639 712 2682 secratorem
761 2629 1014 2682 bonorum
1065 2631 1356 2700 operum",
1405 2632 1575 2686 deleto
1631 2649 1724 2701 per
1780 2633 1988 2689 decreta

402 2739 498 2774 sua
539 2721 910 2791 chirographo,
943 2724 1080 2791 quod
1111 2733 1296 2776 contra
1335 2741 1430 2777 nos
1462 2734 1578 2778 erat
1625 2741 1687 2778 ac
1717 2727 1866 2780 nobis
1893 2727 1990 2780 ad-

401 2815 736 2886 versabatur,
795 2813 931 2883 quod
961 2831 988 2868 ε
1017 2815 1184 2868 medio
1213 2815 1480 2869 sublatum
1517 2817 1684 2886 a/ﬁxit
1727 2819 1892 2877 cruci,
1927 2835 1988 2872 ac

401 2906 726 2974 principatus
775 2917 824 2960 et
867 2915 1150 2976 potestates
1183 2909 1418 2976 spolians
1455 2911 1696 2963 traduxit
1733 2913 1990 2965 audacter

406 2999 739 3066 triumphans
770 2999 890 3053 illos
923 3001 974 3052 in
1005 3001 1280 3070 semetipso
1310 3002 1350 3056 ⁸.
1387 3000 1450 3054 Ει
1473 3019 1597 3056 cum
1629 3017 1809 3064 uineas
1843 3003 1988 3058 fores

403 3089 776 3153 eontrivissel,
835 3105 898 3144 ac
937 3098 1118 3144 vectes
1161 3089 1367 3147 ferreos
1414 3091 1831 3162 confregissct’,
1866 3093 1988 3148 vitae

403 3180 752 3250 postmodum
801 3181 982 3236 lumen
1027 3181 1290 3244 ostendit,
1343 3197 1537 3237 manus
1585 3183 1871 3253 porrigens
1924 3199 1988 3238 ac

402 3273 542 3327 Viam
585 3273 858 3338 muniens,
887 3281 940 3327 et
972 3273 1038 3328 ad
1065 3276 1263 3328 malum
1293 3274 1771 3330 conscendcndum
1808 3274 1987 3331 scalas

403 3364 718 3429 ostendens,
753 3379 816 3416 ac
866 3365 1176 3433 paradisum
1217 3366 1452 3434 denique
1487 3381 1680 3420 rursus
1719 3367 1785 3420 ad
1833 3367 1988 3421 habi-

405 3455 630 3508 tandum
655 3453 907 3510 otl‘ereus.
945 3454 1043 3510 llic
1069 3457 1233 3526 igitur
1271 3457 1528 3511 habitavit
1569 3459 1626 3510 in
1659 3457 1806 3512 nobis
1828 3459 1893 3522 ‘°,
1925 3474 1989 3514 ac

405 3546 545 3616 legis
593 3545 832 3616 Spiritus
862 3547 1036 3602 sancti
1071 3547 1521 3618 justiﬁcationcm
1563 3549 1724 3604 nobis
1751 3561 1833 3606 est
1875 3551 1986 3604 lar-

406 3639 573 3708 gitus,
627 3645 686 3692 ut
735 3646 842 3694 tam
879 3641 1077 3711 ipsum,
1125 3657 1290 3712 quam
1318 3658 1438 3713 quae
1483 3651 1610 3698 sunt
1657 3643 1832 3714 ipsius
1867 3660 1990 3714 pro-

407 3732 520 3797 pria
552 3745 951 3801 cognoscamus
982 3751 995 3786 :
1032 3733 1176 3803 quod
1209 3733 1330 3788 vita:
1373 3733 1589 3788 initium
1631 3749 1694 3789 ac
1729 3735 1854 3791 ﬁnis
1882 3743 1985 3790 est.

407 3821 550 3893 Ergo
583 3825 812 3892 justitiae
847 3825 1004 3881 nobis
1051 3841 1311 3881 concessa
1341 3825 1425 3880 lex
1455 3833 1561 3889 est,
1595 3826 1702 3892 lex,
1739 3829 1983 3897 inquam,

408 3915 553 3980 tidci,
584 3917 667 3970 lex
711 3916 956 3987 spiritus,
999 3924 1052 3971 et
1103 3917 1273 3987 alege
1317 3917 1500 3973 carnis
1541 3919 1748 3988 peccati
1796 3919 1985 3975 libera.

409 4009 772 4076 Quamobrem
795 4011 939 4081 quod
974 4009 1040 4064 ad
1071 4009 1386 4064 interiorem
1425 4009 1696 4065 hominem
1722 4011 1979 4081 pertinet,

408 4105 504 4159 Dei
537 4120 621 4158 me
664 4106 750 4158 lex
788 4103 1100 4159 delectat“.
1136 4101 1231 4160 Est
1280 4112 1459 4160 autem
1493 4105 1635 4159 intra
1683 4119 1784 4160 nos
1824 4105 1988 4160 Chri-

408 4205 548 4260 stus,
599 4195 866 4267 siquidem
928 4197 1136 4252 babitat
1188 4197 1241 4250 in
1323 4195 1506 4252 nobis.
1585 4195 1690 4252 Sed
1741 4207 1988 4252 mortuus

411 4289 533 4360 ipse
573 4291 660 4342 \‘ia
693 4289 817 4343 vitae
865 4297 1054 4344 nostra
1091 4304 1258 4344 causa
1297 4287 1474 4344 iactus
1515 4296 1644 4343 est:
1685 4285 1752 4341 Ut
1788 4287 1878 4357 qui
1919 4288 1992 4342 vi-

409 4389 554 4446 runt,
584 4397 686 4436 non
731 4382 832 4435 sibi
879 4381 1005 4449 ipsis
1049 4381 1276 4449 amplius
1317 4381 1507 4446 eieant,
1551 4378 1640 4433 sed
1678 4379 1727 4432 ei
1766 4379 1856 4450 qui
1895 4395 1988 4448 pro

409 4473 557 4526 nobis
603 4482 845 4527 mortuus
898 4479 978 4526 est
1043 4483 1094 4525 et
1139 4473 1428 4525 resurrexit
1459 4473 1522 4524 ¹¹.
1570 4469 1824 4541 Idemque
1869 4470 1990 4525 vita:

2448 1885 2548 1940 Ἐκ
2571 1885 2678 1939 τοῦ
2720 1884 3086 1955 Ἀγκυρωτοῦ
3117 1884 3319 1954 λόγος.

2161 2000 2236 2054 13'.
2281 1997 2584 2068 Ἐπεφάνη
2619 1999 2651 2066 ἡ
2679 1995 2850 2066 χάρις
2883 1995 2988 2049 τοῦ
3015 1995 3236 2064 Κυρίου
3269 1993 3432 2062 ημῶν
3469 1993 3684 2062 Ἰησοῦ

2089 2091 2348 2159 Χριστοῦ
2371 2089 2750 2144 διδάσκουσα
2769 2086 2927 2156 ’ἡμᾶς
2942 2104 2954 2115 ·
2979 2088 3100 2150 ἵνα,
3125 2086 3534 2156 ἀρνησάμενοι
3559 2086 3688 2154 τὴν

2089 2181 2371 2238 ἀσέϐειαν
2419 2179 2517 2234 καὶ
2563 2179 2668 2245 τὰς
2719 2178 3012 2247 κοσμικὰς
3055 2177 3399 2246 ἐπιθυμίας,
3433 2181 3686 2246 crtong-

2091 2292 2210 2339 νως
2257 2273 2354 2326 καὶ
2404 2271 2667 2337 εὐσεϐῶς
2723 2271 2820 2324 καὶ
2869 2270 3110 2334 δικαίως
3156 2268 3422 2337 ζήσωμεν
3471 2269 3546 2322 ὲν
3599 2269 3690 2334 τῷ

2091 2366 2210 2419 νῦν
2237 2361 2428 2426 αἰῶνι,
2467 2360 2941 2429 προσδεχόμενοι
2977 2359 3091 2426 τὴν
3123 2359 3424 2428 μακαρίαν
3449 2357 3688 2414 ἐλπίδα

2089 2459 2186 2512 καὶ
2235 2454 2591 2525 ἐπιφάνειαν
2639 2453 2751 2522 τῆς
2791 2451 2978 2519 δόξης
3037 2451 3142 2505 τοῦ
3195 2449 3463 2520 μεγάλου
3519 2451 3690 2504 Θεοῦ

2091 2553 2186 2606 καὶ
2227 2547 2501 2618 Σωτῆρος
2537 2545 2710 2616 ἡμῶν
2758 2543 2960 2611 Ἰησοῦ
3005 2543 3298 2612 Χριστοῦ·
3339 2543 3406 2610 ὃς
3445 2542 3690 2597 ἔδωκεν

2090 2644 2308 2697 ἑαυτὸν
2358 2641 2510 2708 ὑπὲρ
2559 2637 2745 2706 ἡμῶν,
2794 2637 2898 2689 ἵνα
2939 2636 3320 2704 λυτρώσηται
3363 2633 3520 2704 ἡμᾶς
3551 2635 3688 2690 ἀπὸ

2090 2731 2294 2798 πάσης
2321 2729 2591 2798 ἀνομίας,
2629 2726 2726 2780 καὶ
2764 2727 3058 2795 καθαρίσῃ
3095 2725 3288 2791 ἐαυτῷ
3324 2725 3478 2780 λαὸν
3508 2741 3690 2794 περι-

2089 2820 2339 2882 ούσιον,
2389 2816 2655 2884 ζηλωτὴν
2709 2814 2913 2868 καλῶν
2957 2816 3172 2886 ἔργων·
3224 2816 3562 2884 ἐξαλείψας
3613 2817 3686 2870 τὸ

2089 2911 2217 2965 καθ’
2279 2907 2450 2979 ἡμῶν
2499 2909 2896 2978 χειρόγραφον
2956 2907 3080 2974 τοῖς
3131 2907 3465 2978 δόγμασιν,
3515 2907 3552 2961 ὃ
3601 2905 3689 2978 ἦν

2087 3002 2453 3058 ὑπεναντίον
2495 3000 2682 3070 ἡμῶν,
2719 2997 2902 3070 ἦρκεν
2937 3000 3004 3054 ἐκ
3031 2999 3225 3068 μέσου
3267 2999 3690 3068 προσηλώσας

2089 3092 2234 3144 αὐτὸ
2275 3087 2352 3155 τῷ
2387 3088 2626 3159 σταῳῷ
2648 3107 2660 3120 -
2699 3089 3196 3158 ἀπεκδυσάμενος
3233 3091 3336 3156 τὰς
3356 3088 3547 3158 ἀρχὰς
3577 3089 3686 3142 καί

2093 3187 2194 3252 τὰς
2243 3185 2552 3250 ἐξουσίας,
2592 3183 3001 3252 ἐδειγμάτισεν·
3039 3181 3108 3234 ἑν
3137 3183 3442 3249 παρρησίᾳ
3468 3183 3686 3250 θριαμ-

2091 3279 2313 3342 ϐεύσας
2353 3274 2576 3340 αὐτοὺς
2615 3275 2686 3327 ἐν
2736 3273 2925 3338 αὐτῷ·
2977 3273 3146 3343 θύρας
3196 3272 3406 3342 χαλκᾶς
3457 3275 3688 3344 συντρξο

2089 3371 2217 3440 φας,
2249 3369 2344 3422 καὶ
2384 3367 2612 3438 μοχλοὺς
2651 3365 2903 3437 σιδηροῦς
2937 3365 3258 3428 συνθλάσας,
3289 3363 3348 3416 τὺ
3375 3364 3488 3434 φῶς
3513 3347 3684 3429 αὖθις

2091 3455 2338 3520 ὑπέδειξε
2373 3457 2470 3526 τῆς
2513 3454 2678 3524 ζωῆς,
2715 3457 2900 3524 χεῖρας
2933 3454 3169 3525 ὀρέγων,
3209 3455 3488 3518 ὁδοποιῶν,
3531 3455 3684 3508 6m-

2091 3547 2300 3620 ϐάθραν
2344 3547 2588 3618 οὐρανῶν
2630 3547 2982 3612 ὑποδεικνὺς,
3019 3547 3348 3617 παράδεισον
3387 3537 3542 3610 αὖθις
3597 3549 3684 3600 οἱ-

2090 3643 2206 3692 κείν
2234 3638 2417 3706 ἀξιῶν.
2455 3639 2648 3691 Τοίνυν
2685 3638 3041 3706 κατῴκησεν
3073 3638 3142 3691 ἐν
3174 3637 3344 3706 ἡμῖν,
3377 3639 3470 3692 καὶ
3497 3638 3562 3692 τὸ
3593 3639 3680 3692 δι-

2091 3732 2314 3803 καίωμα
2345 3731 2438 3785 τοῦ
2467 3731 2632 3802 νόμου
2664 3731 2788 3794 δοὺς
2817 3733 2954 3802 ἡμῖν
2992 3729 3087 3784 τοῦ
3127 3730 3463 3801 Πνεὺματος,
3498 3733 3582 3795 εἰς
3615 3733 3684 3786 τὸ

2089 3827 2292 3896 γνῶναι
2325 3825 2573 3896 αὐτὸν,ἢ
2617 3825 2686 3878 τὰ
2736 3826 2866 3896 περὶ
2901 3823 3090 3890 αὑτοῦ,
3123 3825 3150 3878 ὅ
3191 3827 3335 3878 ἐστιν
3377 3825 3518 3896 ἀρχὴ
3580 3825 3684 3880 καὶ

2089 3918 2240 3980 τέλος
2269 3917 2434 3988 ζωῆς,
2470 3917 2635 3986 νόμος
2665 3915 3012 3988 δικαιοσύνης
3043 3917 3270 3986 γέγονεν
3307 3919 3465 3988 ἡμῖν,
3507 3917 3684 3988 νόμος

2091 4012 2346 4075 πίστεως,
2380 4011 2544 4081 νόμος
2570 4010 2900 4081 πνεύματος,
2929 4009 3214 4081 ἐλεύθερος
3249 4011 3314 4063 ὲκ
3348 4010 3512 4080 νόμου
3540 4027 3682 4082 σαρ-

2091 4105 2184 4169 κὸς
2237 4105 2531 4176 ἁμαρτίας.
2590 4105 2680 4157 Διὸ
2735 4103 3034 4174 συνήδομαι
3081 4103 3158 4174 τῷ
3207 4104 3356 4174 νόμῳ
3396 4103 3490 4156 τοῦ
3533 4103 3680 4158 Θεοῦ

2092 4197 2234 4251 κατὰ
2256 4199 2347 4250 τὸν
2397 4197 2504 4250 ἔσω
2537 4196 2844 4268 ἄνθρωπον.
2889 4197 3039 4249 "Eam
3071 4195 3126 4248 δὲ
3157 4195 3318 4266 ἡμῶν
3351 4197 3380 4248 ὁ
3415 4195 3674 4266 Χριστὸς,

2092 4291 2249 4362 εἴπερ
2283 4292 2421 4343 οἰκεῖ
2467 4291 2524 4342 ὲν
2557 4291 2710 4360 ἡμῖν.
2749 4289 2888 4340 Ἀλλ’
2933 4287 3094 4351 αὐτὸς
3139 4285 3315 4340 θανὼν
3367 4289 3486 4352 ὁδὸς
3525 4287 3681 4356 ζωῆς

2093 4379 2234 4448 ὑπὲρ
2274 4378 2430 4450 ἡμῶν
2477 4377 2728 4446 γέγονεν·
2781 4377 2916 4432 Ἵνα
2955 4381 3010 4431 οι
3046 4376 3255 4442 ζῶντες
3281 4377 3498 4446 μηκέτι
3539 4378 3680 4432 ἑαυ-

2092 4471 2216 4537 τοῖς
2250 4469 2448 4534 ζῶσιν,
2474 4471 2635 4524 ἀλλὰ
2663 4468 2741 4535 τῷ
2773 4469 2926 4537 ὑπὲρ
2949 4467 3120 4537 ἡμῶν
3169 4470 3536 4524 ἀποθανόντι
3575 4470 3676 4524 καὶ

409 4564 758 4634 principium,
807 4578 870 4617 ac
907 4562 1293 4633 jurisjuraudi,
1353 4578 1461 4634 quo
1519 4577 1579 4618 se
1627 4572 1752 4618 ante
1800 4563 1987 4632 plures

2093 4559 2440 4623 ἀναστάντι,
2456 4559 2613 4630 αἰτίῳ
2639 4557 2803 4629 ζωῆς,
2817 4558 2910 4611 τοῦ
2935 4557 3042 4629 πρὸ
3063 4557 3274 4611 πολλῶν
3293 4559 3496 4626 γενεῶν
3509 4560 3676 4630 ὅρκου

409 4671 585 4710 annos
635 4655 1036 4722 obstrinxerat,
1092 4665 1148 4710 ut
1202 4657 1278 4708 ait
1335 4655 1500 4710 David
1536 4655 1614 4719 ",
1667 4659 1987 4712 recordatus

409 4757 493 4802 est
532 4765 546 4800 :
585 4743 724 4800 Deus
769 4748 906 4800 enim
945 4755 1062 4800 erat
1111 4747 1162 4800 in
1202 4747 1413 4803 Christo
1464 4745 1716 4800 mundum
1761 4747 1990 4801 reconci-

410 4835 549 4890 lians
576 4833 815 4902 sibi,sua
849 4835 954 4890 illis
985 4835 1180 4890 delicta
1211 4855 1312 4890 non
1339 4837 1684 4907 imputans“.
1714 4835 1982 4902 Quoniam

409 4927 464 4981 in
503 4925 622 4996 ipso
656 4926 860 4996 placuit
910 4942 1126 4982 omnem
1177 4928 1426 4983 habitare
1477 4927 1892 4998 plenitudinem,
1932 4934 1986 4982 et

411 5034 507 5090 per
539 5019 690 5072 illum
749 5021 1107 5074 reconciliare
1145 5017 1200 5074 in
1243 5021 1422 5090 ipsum
1458 5021 1662 5087 omnia,
1713 5035 1836 5075 cum
1887 5035 1988 5090 pa-

409 5127 526 5166 cem
557 5111 739 5167 crucis
766 5113 1032 5184 sanguine
1059 5115 1333 5170 sanxisset
1351 5115 1416 5168 ".

481 5204 582 5260 llic
621 5207 786 5276 igitur
821 5207 886 5261 ad
930 5215 1235 5276 temporum
1273 5205 1760 5263 administrandam
1811 5206 1993 5278 pleni-

411 5297 657 5352 tudinem
706 5297 930 5364 advenit,
1001 5297 1463 5369 quemadmodum
1517 5298 1828 5352 Abrahamo
1885 5313 1992 5352 ca:-

415 5389 656 5458 terisquc
686 5391 892 5446 sanctis
929 5391 1054 5446 data
1110 5391 1242 5446 [idos
1269 5399 1408 5456 erat,
1441 5399 1500 5444 ut
1529 5391 1582 5445 in
1617 5393 1736 5463 ipso
1783 5391 1990 5446 instau-

413 5493 558 5538 raret
587 5483 791 5548 omnia,
826 5499 890 5538 ac
939 5483 1086 5538 velut
1117 5483 1173 5537 in
1219 5498 1488 5538 summam
1541 5484 1831 5556 redigeret,
1869 5497 1991 5551 quae

484 5637 518 5710 ξ
549 5637 678 5710 Sap.
712 5653 752 5706 ι,
781 5639 832 5694 7.

412 5707 437 5741 ⁷
477 5706 582 5760 Tit.
613 5706 670 5774 ἡ,
698 5711 884 5764 11-14.

416 5779 462 5814 ιθ
497 5777 641 5835 l’sal.
678 5796 936 5850 Lnxvnt.
970 5783 1023 5840 1.

921 5641 940 5670 ⁸
979 5638 1139 5694 Joan.
1171 5657 1280 5704 xvr,
1311 5641 1389 5696 15.
1461 5642 1481 5673 ³
1519 5639 1674 5696 Joan.
1705 5658 1792 5702 xv,
1815 5641 1907 5695 9.6.

1104 5779 1143 5817 "‘
1183 5782 1224 5840 11
1265 5785 1388 5838 Cor.
1423 5799 1474 5848 ν,
1516 5783 1595 5838 19.

1986 5639 2004 5670 ⁸
2043 5640 2199 5696 Joan.
2231 5657 2340 5704 xvr,
2373 5639 2458 5702 M,
2489 5637 2576 5692 i5.

965 5711 986 5740 ⁸
1014 5713 1225 5767 Coloss.
1255 5728 1313 5773 ll,
1343 5713 1428 5776 H,
1636 5713 1656 5743 ’
1685 5711 1824 5765 Psal.
1859 5725 1970 5775 CVI,
2005 5712 2088 5764 16.

2099 4653 2375 4724 μνησθεὶς,
2411 4651 2554 4705 κατὰ
2593 4651 2686 4704 τὸν
2720 4651 2914 4704 Δαϐίδ’
2963 4653 3014 4703 '0
3042 4652 3187 4718 Θεὸς
3213 4648 3292 4720 ἦν
3319 4652 3389 4705 ἐν
3421 4651 3676 4721 Χριστῷ,

2095 4745 2328 4814 κόσμον
2373 4740 2821 4796 καταλλάσσων
2873 4740 3099 4808 ἐαυτῷ,
3147 4743 3234 4812 μὴ
3294 4743 3680 4813 λογιζόμενος

2094 4835 2298 4902 αὐτοῖς
2351 4835 2422 4889 τὰ
2478 4833 2918 4904 παραπτώματα
2972 4833 3190 4888 αὐτῶν.
3238 4835 3359 4888 ’Ότι
3410 4837 3471 4890 ἐν
3523 4835 3676 4906 αὐτῷ

2091 4928 2358 5000 ηὑδόκησε
2393 4929 2500 4981 πᾶν
2521 4929 2582 4980 τὸ
2621 4928 2891 5000 πλήρωμα
2917 4929 3262 4998 κατοικῆσαι,
3288 4929 3384 4982 καὶ
3409 4929 3476 4982 δι’
3507 4927 3676 4983 αὐτοῦ

2092 5023 2531 5090 ἀποκαταλλάξαι
2565 5021 2632 5074 τὰ
2680 5022 2856 5075 πάντα
2901 5021 2981 5084 εἰς
3025 5021 3210 5086 αὐτὸν,
3254 5021 3676 5094 εἰρηνοποιήσας

2092 5115 2178 5168 διὰ
2211 5113 2305 5167 τοῦ
2335 5115 2563 5185 αἵματος
2586 5113 2679 5168 τοῦ
2707 5111 2962 5185 σταυροῦ.

2161 5207 2509 5278 Παραγέγονε
2530 5206 2712 5259 τοίνυν
2735 5206 2814 5268 εἰς
2835 5203 3146 5275 οἰκονομίαν
3173 5203 3268 5256 τοῦ
3303 5202 3674 5272 πληρώματος

2087 5299 2196 5352 τῶν
2223 5299 2450 5370 καιρῶν,
2482 5297 2663 5361 καθὼς
2691 5297 3024 5368 ἐπήγγελται
3057 5295 3316 5365 Ἀϐραὰμ
3335 5295 3432 5348 καὶ
3465 5294 3672 5355 λοιποῖς

2087 5390 2284 5458 ἁγίοις,
2319 5386 3002 5458 ὰνακεςραλαιὼσασθοιετὰ
3027 5386 3205 5439 πάντα
3227 5385 3285 5437 ἐν
3307 5383 3480 5454 αὐτῷ.
3513 5385 3582 5437 τά
3611 5399 3672 5435 τε

2089 5483 2149 5534 ὲν
2173 5485 2285 5544 τοῖς
2309 5481 2557 5552 οὐρανοῖς
2581 5481 2675 5534 καὶ
2711 5479 2780 5532 τὰ
2803 5479 2894 5531 ἐπὶ
2918 5478 3017 5550 τῆς
3038 5476 3144 5546 γῆς
3163 5491 3176 5507 ο
3212 5475 3494 5538 διάστασις
3519 5474 3574 5526 δὲ
3603 5469 3670 5544 ἦν

3211 5635 3233 5666 ⁸
3271 5631 3290 5686 Ι
3323 5633 3453 5686 Cor.
3495 5647 3554 5696 ιι,
3585 5623 3670 5682 10.

3209 5706 3250 5738 ¹²
3276 5703 3320 5760 11
3345 5703 3478 5760 Cor.
3501 5715 3552 5768 ν,
3585 5699 3666 5756 15.

2655 5637 2675 5669 ⁸
2719 5635 2734 5688 l
2771 5635 2896 5689 Cor.
2921 5649 3018 5698 xu,
3051 5635 3134 5690 Η.

2169 5713 2212 5742 ¹⁰
2249 5709 2405 5766 Joan.
2442 5725 2481 5778 ι,
2509 5709 2595 5764 Η.
2675 5705 3008 5774 “Bonum,
3038 5705 3128 5761 ‘22.

1675 5782 1716 5812 ³⁵
1754 5783 1965 5837 Coloss.
1995 5797 2031 5849 I,
2067 5781 2150 5848 19,
2183 5783 2272 5836 21).
