3990 6228
359 378 472 435 477

976 389 1345 449 ADVERSUS
1386 393 1724 452 ll/ERESES
1764 395 1890 453 LIB.
1935 397 2018 452 Ill.
2062 395 2225 452 ΤΟΜ.
2268 396 2308 451 l.
2355 429 2416 438 —
2467 395 2740 454 lMSliES.
2782 397 3016 454 LXXIV.

3513 399 3619 458 473

361 500 458 588 καὶ
508 500 677 574 ἔχθρα
729 505 789 558 ἐν
847 510 912 579 τῇ
957 509 1122 582 ἀνοχῇ
1175 512 1269 566 τοῦ
1317 513 1488 567 Geo-3'
1533 516 1938 587 ἀποκατήλλαξε

2050 515 2103 569 in
2141 516 2282 570 cudo
2327 524 2475 580 sunt,
2526 532 2590 570 ac
2643 525 2788 573 terra
2820 519 2878 571 ‘z
2921 517 3120 573 etenim
3180 532 3275 588 per
3321 517 3468 572 illam
3523 516 3619 574 Dei

359 587 416 640 δὲ
440 589 500 640 ἐν
530 590 606 662 τῷ
632 593 848 666 σώματι
867 600 963 668 τῆς
990 602 1190 671 σαρκὸς
1216 603 1404 667 αὐτοῦ,
1429 605 1497 658 δι’
1520 607 1684 660 αὐτοῦ
1711 609 1941 678 ποιήσας

357 679 429 732 τά
461 681 749 755 ἀμφότερα
783 688 862 742 ἓν.
899 684 1070 744 ’Ἦλθε
1102 695 1213 765 γὰρ
1244 696 1276 765 ὴ
1315 697 1504 768 εἰρήνη
1525 698 1706 768 ἡμῶν,
1751 699 1845 752 καὶ
1882 699 1942 752 τὸ

369 773 685 846 μεσότοιχον
727 779 820 832 τοῦ
873 783 1126 854 φραγμοῦ
1180 785 1488 859 λύσας,τὴν
1537 788 1736 860 ἔχθραν
1778 791 1836 842 ἐν
1873 793 1938 862 τῇ

368 866 533 934 σαρκὶ
586 869 751 922 αὑτοῦ
771 909 788 935 ,
834 872 924 926 τὸν
972 875 1137 944 νόμον
1188 879 1295 930 τῶν
1346 879 1574 933 εντολῶν
1611 883 1669 934 ὲν
1710 881 1942 953 δόγμασι

364 961 742 1030 καταργήσας,
774 963 860 1017 ἵνα
904 966 1034 1029 τοὺς
1067 967 1160 1020 δύο
1199 969 1362 1042 κτίσῃ
1411 972 1468 1023 ὲν
1501 972 1680 1042 ἐαυτῷ
1717 975 1797 1036 είς
1846 975 1942 1028 ἕνα

360 1050 554 1102 καινὸν
606 1052 912 1124 ἄνθρωπον.
959 1053 1111 1112 Εἶναι
1161 1059 1218 1113 δὲ
1257 1061 1325 1113 τὰ
1367 1060 1493 1133 ἔονη
1535 1063 1795 1134 σύσσωμα
1847 1067 1942 1120 καλ⁸

359 1143 681 1214 σδμμέτοχα
719 1148 814 1199 καὶ
854 1149 1270 1222 συγκληρονόμα
1309 1155 1411 1222 τῆς
1458 1156 1790 1224 ἐπαγγελίας
1824 1158 1942 1212 ἐκέ-

359 1227 553 1286 λευσεν
573 1235 742 1290 εἰπών
761 1253 776 1268 °
807 1240 985 1294 Δεῦτε
1007 1242 1158 1310 πρὸς
1178 1243 1275 1313 μὲ,
1301 1244 1522 1312 πάντες
1543 1250 1597 1300 οἱ
1619 1248 1940 1316 κοπιῶντες

355 1322 458 1376 καὶ
490 1330 975 1399 πεφορτισμένοι,
1005 1333 1165 1402 κάγὼ
1196 1336 1527 1391 ἀναπαύσω
1554 1336 1725 1407 ὑμᾶς.
1750 1341 1940 1395 Τοίνυν

355 1415 414 1468 ὲν
531 1418 640 1485 ἐγὼ
673 1421 936 1491 ἠσθένουν
965 1425 1052 1478 διὰ
1084 1426 1184 1496 τῆς
1223 1428 1443 1499 σαρκὸς.
1480 1429 1758 1501 ἀπεστάλη
1792 1449 1880 1503 μοι
1911 1435 1940 1486 ὁ

354 1507 552 1580 Σωτὴρ
599 1513 656 1564 ὲν
709 1513 1016 1586 ὁμοιώματι
1061 1518 1263 1588 σαρκὸς
1314 1521 1587 1591 ἁμαρτίας
1630 1523 1940 1593 οἰκονομίαν

352 1597 616 1670 τοιαύτην
659 1601 918 1673 πληρῶν,
952 1606 1038 1659 ἵνα
1087 1625 1155 1675 με
1202 1607 1442 1671 δουλείας
1485 1610 1819 1684 ἐξαγοράσῃ,
1852 1614 1938 1666 ἵνα

356 1707 426 1759 με
476 1693 710 1762 φθορᾶς,
760 1697 844 1749 ἵνα
890 1715 956 1769 με
1005 1697 1272 1752 οανάτουο
1315 1701 1408 1754 καὶ
1445 1702 1683 1772 ἐγένετό
1725 1723 1814 1775 μοι
1851 1705 1939 1759 δι-

353 1786 673 1853 καιοσύνη,
721 1788 818 1842 καὶ
869 1790 1189 1859 ἁγιασμὸς,
1224 1791 1322 1844 καὶ
1370 1792 1804 1860 ἀπολύτρωσις.
1844 1797 1936 1848 Δι-

2041 607 2356 677 patientiam
2390 607 2666 662 dissensio
2709 609 2955 678 quaadam
2997 616 3050 664 et
3088 607 3372 662 inimicitia
3408 608 3618 676 fuerat;

2041 698 2294 753 Christus
2326 714 2454 753 vero
2487 700 2540 753 in
2574 714 2806 770 corpore
2847 715 3125 770 carneque
3157 716 3256 756 sua
3293 700 3347 753 in
3383 709 3617 770 gratiam

2041 789 2503 860 concordiamque
2532 792 2793 856 restituit,
2829 808 2952 845 eum
2985 807 3079 862 per
3106 807 3227 848 sese
3259 808 3425 845 unum
3458 793 3619 846 ambo

2044 879 2284 934 fecisset.
2344 880 2502 935 Venit
2551 883 2694 936 enim
2751 898 2853 953 pax
2904 896 3111 944 nostra,
3173 891 3226 938 et
3273 883 3614 950 interjectum

2041 971 2291 1024 maceria:
2339 979 2574 1041 septum,
2617 971 2947 1025 simultatem
2986 971 3232 1026 videlicet
3284 987 3522 1036 omnem,
3561 971 3614 1024 in

2043 1075 2139 1114 sua
2201 1077 2367 1115 carne
2429 1061 2631 1125 diruit,
2682 1077 2745 1114 ac
2810 1069 3200 1130 praeceptorum
3269 1063 3436 1131 legem
3501 1061 3619 1115 suis

2041 1149 2387 1220 dogmatibus
2433 1151 2686 1215 abolevit,
2732 1158 2790 1204 ut
2825 1152 3012 1205 ambos
3061 1152 3112 1204 in
3155 1151 3336 1220 scipso
3367 1153 3618 1207 eumdem

2043 1240 2097 1293 in
2141 1255 2338 1293 novum
2388 1242 2660 1294 hominem
2693 1250 3043 1311 componeret
3071 1243 3113 1296 τ.
3173 1240 3372 1297 Gentes
3405 1259 3532 1296 vero
3563 1245 3616 1296 in

2042 1331 2183 1385 idem
2215 1346 2415 1401 corpus
2451 1333 2782 1395 coalescere,
2817 1347 2881 1386 ac
2911 1333 3305 1402 promissorum
3354 1349 3460 1386 una
3495 1350 3619 1402 par-

2043 1421 2233 1492 ticipes
2261 1431 2314 1476 et
2345 1423 2586 1478 hmredes
2619 1439 2740 1478 esse
2765 1424 2928 1492 jussit
2954 1424 3039 1478 his
3069 1426 3250 1480 verbis
3282 1445 3294 1479 :
3340 1425 3520 1478 Venite
3548 1424 3624 1477 ad

2041 1529 2141 1575 me,
2172 1529 2348 1567 omnes
2374 1515 2464 1584 qui
2491 1513 2748 1568 laboratis
2774 1525 2822 1568 et
2854 1519 3059 1570 onerati
3075 1518 3220 1571 estis.
3239 1517 3511 1586 889‘ego
3539 1532 3618 1569 re-

2039 1605 2215 1672 ficiam
2248 1621 2333 1659 vos
2357 1605 2396 1656 ³.
2421 1605 2590 1676 Igitur
2621 1621 2744 1660 cum
2777 1623 2874 1677 ego
2899 1622 3061 1663 carne
3084 1608 3388 1663 imbecillus
3412 1623 3613 1671 essem,
3639 1665 3642 1668 ς

2044 1694 2307 1750 Servator
2350 1697 2415 1751 ad
2464 1713 2550 1750 me
2574 1697 2676 1752 sub
2711 1699 2896 1754 carnis
2941 1701 3146 1769 peccati
3188 1699 3369 1769 specie
3413 1700 3616 1754 missus

2039 1793 2124 1840 cst
2154 1785 2197 1850 ⁸,
2233 1787 2326 1856 qui
2373 1795 2545 1840 totum
2579 1787 2681 1842 hoc
2717 1792 2992 1859 negotium
3023 1792 3336 1853 conlieeret,
3370 1799 3430 1844 ut
3459 1806 3544 1844 me
3585 1807 3620 1842 π

353 1873 617 1945 καιοσύνη
664 1877 778 1946 μὲν,
808 1877 898 1931 διὰ
941 1879 1177 1942 πίστεως
1211 1879 1374 1932 αὑτοῦ
1421 1883 1696 1953 ἁμαρτίαν
1732 1883 1934 1948 λύσας’

2041 1877 2325 1941 servitute,
2357 1893 2386 1930 ιι
2417 1881 2748 1949 corruptela,
2788 1893 2843 1936 ut
2893 1897 2920 1933 a
2968 1890 3142 1936 [ποι-ιο
3185 1881 3476 1936 redimeret
3505 1899 3518 1934 :
3550 1899 3616 1934 ae

353 1965 646 2036 ἁγιασμὸς,
687 1967 754 2021 δι’
780 1969 970 2034 ὕδατος
1013 1972 1108 2025 καὶ
1142 1974 1451 2047 πνεύματος
1498 1977 1590 2029 καὶ
1626 1978 1684 2029 ἐν
1727 1977 1934 2048 ῥήματι

352 2057 520 2110 αὑτοῦ
557 2058 960 2133 ἐλευθερώσας·
993 2066 1370 2139 ἀπολύτρωσις
1394 2070 1468 2132 δὲ,
1505 2069 1565 2122 τὸ
1597 2064 1735 2140 αἷμα
1768 2068 1932 2123 αὑτοῦ

350 2148 547 2220 λύτρον
582 2152 756 2222 ἀμνοῦ
797 2155 1030 2226 ἀληθοῦς
1071 2159 1211 2230 ὑπὲρ
1244 2161 1377 2232 ἐμοῦ
1414 2161 1603 2217 ἑαυτὸν
1639 2162 1932 2233 παραδοὺς,

354 2241 665 2315 ἱλαστήριον
696 2246 1018 2319 καθάρσεως
1057 2250 1282 2323 κόσμου,
1312 2254 1655 2326 καταλλαγῆς
1681 2256 1933 2310 ἁπάντων

349 2335 585 2405 οὐρανοῦ
615 2338 708 2389 καὶ
746 2342 851 2410 γῆς
872 2355 884 2368 ’
918 2342 1217 2412 μυστήριον
1251 2343 1314 2396 τὸ
1341 2345 1655 2416 ἀπόκρυφον
1691 2346 1796 2416 πρὸ
1823 2345 1932 2399 τῶν

349 2426 566 2480 αἰώνων
597 2430 690 2482 καὶ
727 2431 931 2496 γενεῶν
964 2433 1188 2506 πληρῶν
1232 2439 1444 2508 καιροῖς
1481 2441 1594 2500 τοῖς
1636 2439 1932 2509 διωρισμέ-

347 2534 482 2580 νοις.
534 2518 588 2571 '0
634 2520 797 2584 αὐτὸς
830 2525 1345 2594 μετασχηματίσει
1388 2527 1452 2580 τὸ
1483 2528 1654 2597 σῶμα
1687 2530 1797 2598 τῆς
1831 2545 1931 2582 τα-

346 2609 692 2678 πεινώσεως
718 2612 908 2681 ἡμῶν,
938 2616 1024 2680 είς
1046 2616 1113 2668 τὸ
1140 2617 1415 2685 γενέσθαι
1440 2615 1800 2688 σύμμορροῦ
1820 2621 1930 2690 τῆς

345 2699 539 2768 δόξης
567 2703 774 2766 αὐτοῦ,
813 2704 962 2758 κατὰ
1005 2706 1116 2773 τὴν
1156 2706 1461 2778 ἐνέργειαν
1494 2709 1599 2763 τοῦ
1633 2710 1929 2765 δύνασθαι

345 2792 445 2844 καὶ
485 2793 780 2859 ὑποτάξαι
809 2795 969 2860 αύτῷ
1007 2797 1078 2850 τὰ
1109 2797 1338 2851 πάντα·
1372 2800 1458 2852 ὅτι
1488 2801 1558 2853 ἐν
1593 2802 1754 2868 αὐτῷ
1793 2821 1930 2856 κατ-

344 2881 504 2934 οικεῖ
563 2882 686 2939 πᾶν
753 2885 818 2938 τὸ
884 2885 1179 2957 πλήρωμα
1232 2886 1340 2957 τῆς
1391 2891 1668 2960 θεότητος
1727 2909 1928 2963 σωμα-

348 2989 545 3041 meng

420 3234 496 3290 I".
527 3235 600 3289 Τὸ
632 3236 834 3308 δοχεῖον
864 3239 1043 3295 τοίνυν
1067 3243 1166 3314 τῆς
1197 3245 1386 3314 σοφίας
1433 3246 1526 3300 καὶ
1551 3247 1648 3317 τῆς
1681 3246 1934 3319 Θεότητος

347 3327 376 3380 ὁ
408 3329 639 3400 Χριστὸς
694 3332 1010 3401 μεσιτεύων,
1063 3335 1157 3388 καὶ
1211 3337 1598 3392 καταλλάσσων
1642 3342 1708 3394 τά
1761 3341 1935 3395 πάντα

347 3421 470 3492 Θεῷ
501 3425 558 3475 ὲν
598 3423 765 3494 αὐτῷ,
815 3425 888 3496 μὴ
940 3425 1287 3498 λογιζόμενος
1317 3429 1606 3500 ἁμαρτίαν,
1643 3432 1936 3505 ἀπόκρυφα

353 3516 630 3586 μυστήρια
660 3516 899 3588 πληρῶν,
938 3518 1113 3572 πίστει
1161 3520 1425 3593 διαθήκης
1467 3524 1630 3577 αὑτοῦ
1679 3527 1776 3597 τῆς
1806 3545 1938 3598 προ-

349 3609 766 3681 επηγγελμένης
816 3610 920 3663 ὑπὸ
968 3611 1062 3664 τοῦ
1106 3612 1270 3684 νόμου
1319 3616 1410 3667 καὶ
1453 3615 1562 3669 τῶν
1619 3621 1933 3690 προφητῶν,

352 3700 483 3764 Tib;
539 3701 672 3754 Θεοῦ
734 3703 1175 3773 κηρυσσόμενος,
1234 3706 1348 3769 υίὸς
1405 3707 1570 3760 Δαεὶδ
1623 3708 1934 3780 λεγόμενος.

355 3794 559 3862 ’Ἄμφω
599 3793 706 3864 γὰρ
749 3794 881 3857 Θεὸς
924 3795 1018 3849 καὶ
1047 3795 1351 3868 ἄνθρωπος,
1399 3800 1625 3872 μεσίτης
1662 3802 1796 3855 Ε)εοῦ
1845 3803 1937 3856 καὶ

352 3884 676 3955 ἀνθρώπων,
731 3885 980 3954 ἀληθινὸς
1024 3881 1170 3953 οἶκος
1215 3890 1370 3952 Θεοῦ,
1423 3893 1719 3965 ἱεράτευμα
1761 3893 1935 3961 ἅγιον,

352 3977 670 4049 Πνεύματος
696 3979 878 4051 δοτὴρ,
904 3979 996 4034 τοῦ
1030 3982 1429 4051 ἀναγεννῶντος
1453 3986 1544 4038 καὶ
1569 3985 1940 4050 ἀνακαινίζον-

349 4087 448 4133 τος
493 4065 647 4134 αὖθις
692 4069 762 4124 τά
815 4072 992 4126 πάντα
1034 4072 1113 4144 τῷ
1161 4072 1298 4144 Θεῷ.
1335 4073 1442 4129 Kal
1491 4078 1523 4129 ό
1565 4077 1756 4146 Λόγος
1783 4078 1940 4145 σὰρξ

352 4161 612 4232 ἐγένετο,
674 4162 774 4219 καὶ
817 4163 1174 4233 ἐσκήνωσεν
1219 4164 1289 4219 ἐν
1330 4164 1496 4235 ἡμῖν,
1552 4168 1651 4221 καί
1704 4169 1943 4238 εἴδομεν

352 4255 475 4322 τὴν
517 4255 707 4320 δόξαν
744 4256 949 4316 αὐτοῦ,
981 4256 1062 4322 ὡς
1113 4253 1300 4317 δόξαν
1357 4259 1728 4327 Moverer-05c
1782 4261 1943 4328 παρὰ

353 4347 608 4414 Πατρός.
646 4346 704 4399 '0
743 4346 895 4410 ὑετὸς
940 4347 1180 4418 δένδρεσι
1227 4346 1321 4400 καὶ
1368 4350 1555 4416 φυτοῖς
1609 4348 1944 4420 συμφυσιού-

357 4455 521 4510 μενος
560 4438 717 4509 σῶμα
750 4436 1155 4510 ἀπεργάζεται,
1209 4441 1303 4492 καὶ
1342 4439 1434 4493 τὸν
1481 4436 1602 4492 καθ’
1650 4440 1943 4511 ὁμοιότητα

354 4528 570 4600 καρπὸν
613 4528 872 4582 ἕκαστονο
909 4529 1002 4582 καὶ
1046 4531 1103 4582 ὲν
1151 4529 1248 4600 μὲν
1293 4532 1358 4601 τῇ
1400 4529 1556 4602 ἐλαίᾳ
1603 4530 1780 4585 ἔλαιον
1823 4533 1942 4583 πῖον

353 4619 586 4687 γίνεται,
614 4619 1158 4690 προσλαμϐανόμενος
1188 4622 1326 4692 πρὸς
1361 4622 1530 4692 αὐτῆς
1564 4621 1625 4675 τὸ
1655 4622 1910 4687 οὐσιῶδες

357 4712 419 4771 ὲν
443 4711 486 4763 δ’
513 4711 744 4782 ἀμπέλῳ
774 4708 913 4776 οἶνος
937 4713 1068 4783 ἡδὺς
1095 4712 1370 4783 χροῖζεται
1390 4731 1404 4745 ο
1436 4714 1496 4766 ἐν
1522 4713 1577 4767 δὲ
1613 4715 1750 4784 συκῇ
1784 4713 1947 4769 σῦκον

355 4801 740 4870 γλυκαίνεται’
777 4805 835 4857 ἐν
862 4804 918 4857 δὲ
957 4804 1170 4874 ἑκάστῳ
1201 4803 1311 4858 τῶν
1353 4805 1685 4876 σπερμάτων
1718 4804 1856 4877 πρὸς
1887 4804 1948 4859 τὸ

357 4890 500 4956 εἶδος
537 4893 701 4948 αὑτοῦ
755 4892 904 4959 αὔξει
937 4896 1076 4965 φυήν
1104 4912 1116 4925 ·
1154 4895 1350 4960 οὕτως,
1385 4892 1558 4968 οἶμαι,
1584 4900 1612 4951 ό
1653 4900 1824 4968 Λόγος
1853 4898 1946 4951 τοῦ

355 4983 496 5038 θεοῦ
547 4985 605 5036 ὲν
667 4985 854 5058 Μαρίᾳ
904 4986 1040 5057 σὰρξ
1091 4985 1348 5056 ἐγένετο,
1409 4990 1505 5042 καὶ
1567 4991 1624 5042 ἐν
1674 4989 1947 5061 σπέρματι

370 5074 624 5147 ’Λϐραάμ
647 5077 929 5148 ἄνθρωπος
949 5078 1253 5151 εὑρίσκετο,
1285 5078 1428 5132 κατὰ
1458 5079 1557 5150 τὴν
1593 5081 1942 5150 ἐπαγγελίαν.

355 5167 711 5238 Εὑρήκαμεν
754 5169 864 5239 γὰρ
918 5172 1218 5235 Μεσσίαν,
1275 5171 1346 5224 ὃν
1391 5172 1614 5240 ἔγραψε
1663 5171 1943 5240 Mummio.

371 5262 461 5324 Ὠς
489 5260 545 5313 δὲ
580 5261 817 5332 Μωῦσῆς
855 5261 956 5331 ἔφη
981 5279 995 5293 ·
1037 5263 1356 5332 Καταὸήτω
1387 5264 1466 5330 ὡς
1501 5264 1674 5329 ὑετὸς
1705 5262 1770 5316 τὸ
1797 5263 1946 5317 ἀπό-

358 5351 595 5423 φθεγμίί
618 5371 759 5422 μου,
785 5354 881 5407 καὶ
922 5355 1002 5420 ὡς
1030 5356 1321 5423 σταγόνες
1352 5354 1676 5416 στάζουσαι
1707 5355 1804 5407 ἐπὶ
1837 5353 1947 5422 τῆς

360 5437 478 5507 γῆς
503 5455 516 5468 ⁸
637 5441 953 5507 Καταϐιξτω
983 5443 1063 5508 ὡς
1099 5443 1318 5508 δρόσος
1364 5443 1463 5496 ἐπὶ
1517 5445 1726 5496 πόκον.
1760 5445 1947 5516 Ἐριον

359 5530 544 5584 τοίνυν
579 5530 865 5602 δεχόμενον
903 5531 1000 5604 τὴν
1047 5533 1236 5604 δρόσον
1268 5533 1418 5599 αὔξει
1455 5535 1625 5588 πόκου
1654 5537 1837 5606 γονήν.
1871 5535 1947 5606 Γῆ

441 5735 456 5764 ¹
501 5731 697 5804 prcs.
731 5755 768 5798 ι.
805 5737 888 5792 10.
966 5735 986 5766 ⁸
1026 5733 1226 5804 Ephes.
1265 5751 1324 5796 ιι,
1364 5733 1556 5797 14,1ῖ5.

363 5803 439 5860 20
475 5803 578 5878 sqq
671 5808 692 5840 ⁷
732 5807 872 5864 l‘hil.
903 5820 982 5872 ιιι,
1009 5803 1096 5861 2|.
1176 5805 1198 5836 "
1237 5806 1352 5862 Col.
1398 5820 1458 5871 ιι,
1489 5807 1542 5859 'J.

1928 4638 1943 4654 .
1977 4591 2022 4648 D

1635 5735 1654 5766 ³
1695 5734 1887 5788 lllattii.
1911 5750 1986 5798 λι,
2007 5733 2098 5789 93.

1618 5806 1640 5838 ⁹
1680 5805 1724 5861 ll
1762 5806 1889 5861 Cor.
1918 5822 1972 5873 ν,
2007 5807 2091 5862 19.

2035 1965 2168 2019 mihi
2223 1967 2315 2020 ille
2336 1967 2574 2035 justitia,
2609 1973 2964 2040 sanctiﬁcatio
3027 1989 3088 2024 ac
3134 1972 3413 2040 redemptio
3443 1973 3623 2038 factus

2033 2060 2178 2113 est“.
2220 2058 2443 2114 Justitia
2485 2062 2725 2132 quidem,
2759 2064 2904 2134 quod
2963 2080 3057 2134 per
3101 2065 3256 2117 tidem
3305 2078 3458 2118 suam
3489 2078 3619 2134 pec-

2033 2158 2215 2204 catum
2267 2152 2552 2220 dissolvit;
2603 2155 2997 2220 sanctiﬁcatio,
3048 2155 3193 2225 quod
3245 2171 3341 2225 per
3392 2169 3612 2224 aquam,

2032 2253 2086 2296 ct
2137 2242 2413 2312 spiritum,
2446 2259 2510 2299 ac
2544 2246 2711 2300 verbo
2751 2260 2853 2300 suo
2901 2247 2954 2299 in
3003 2247 3305 2300 libertatem
3343 2245 3614 2312 asseruit;

2033 2332 2340 2402 redemptio
2396 2334 2652 2405 denique,
2709 2337 2852 2406 quod
2885 2336 3148 2406 seipsum,
3204 2353 3268 2390 ac
3328 2339 3442 2390 veri
3490 2336 3623 2406 agni

2034 2423 2384 2492 sanguinem,
2419 2424 2523 2480 hoc.
2550 2433 2633 2480 est
2667 2441 2850 2493 suum,
2907 2428 2958 2481 in
3008 2429 3353 2498 capitismei
3383 2429 3622 2497 pretium

2033 2513 2321 2573 clluderit:
2353 2518 2654 2588 piaculum,
2688 2536 2798 2590 quo
2823 2529 2878 2576 et
2907 2522 3144 2577 mundus
3177 2529 3522 2591 repurgatus,
3563 2527 3620 2573 ct

2032 2608 2212 2661 omnia
2245 2609 2386 2664 cmlo
2419 2617 2674 2682 terraque
2711 2614 3062 2668 reconciliata
3129 2624 3278 2678 sunt,
3339 2614 3466 2667 dum
3507 2628 3630 2684 my-

2031 2700 2258 2755 sterium
2311 2709 2436 2759 ante
2505 2705 2701 2759 saecula
2775 2721 2842 2760 ac
2894 2707 3275 2776 generationes
3335 2707 3612 2761 occultum

2034 2793 2354 2848 constitutis
2441 2797 2780 2866 temporibus
2870 2800 3165 2870 implevit“
3217 2817 3230 2853 :
3283 2798 3424 2854 idem
3492 2813 3623 2853 vero

2035 2883 2437 2952 transformabit
2495 2902 2682 2954 corpus
2736 2887 3054 2943 humilitatis
3099 2898 3328 2954 nostrw;
3390 2899 3446 2942 ut
3499 2905 3624 2942 con-

2033 2973 2202 3043 ferme
2254 2977 2325 3029 sit
2369 2977 2552 3046 gloria:
2598 2980 2783 3046 ipsius,
2826 2981 3112 3034 secundum
3161 2983 3531 3049 operationem,
3566 2991 3622 3033 ut

2033 3068 2198 3134 possit
2247 3066 2505 3135 subjicere
2537 3070 2639 3122 sibi
2681 3071 2859 3124 omnia
2891 3073 2930 3124 ⁷.
2981 3072 3245 3138 ριις.ιιίαιιι
3283 3074 3337 3127 in
3377 3074 3490 3142 ipso
3522 3073 3622 3126 lia-

2035 3161 2168 3214 bitat
2197 3161 2363 3214 omnis
2391 3161 2660 3228 plenitudo
2696 3163 2990 3218 divinitatis
3009 3165 3052 3220 ⁸.

2106 3249 2191 3303 lll.
2230 3249 2500 3316 Quocirca
2565 3253 2849 3321 sapientia:
2899 3254 3030 3307 illud
3085 3269 3149 3308 ac
3197 3254 3497 3309 divinitatis
3539 3272 3624 3310 rc-

2040 3345 2386 3415 ceptaculum
2429 3345 2684 3403 Christus
2737 3348 3041 3415 mediator,
3086 3358 3141 3405 et
3184 3351 3365 3405 omnia
3409 3351 3460 3405 in
3503 3367 3625 3406 sese

2042 3453 2167 3492 cum
2194 3436 2302 3492 Deo
2337 3439 2727 3504 reconcilians,
2759 3455 2934 3510 neque
2957 3451 3240 3509 peccatum
3276 3442 3555 3511 imputans
3579 3445 3620 3508 ',

2039 3527 2105 3582 ad
2156 3528 2359 3582 exitum
2404 3544 2604 3582 arcana
2647 3532 2906 3600 mysteria
2939 3531 3280 3601 perducens,
3315 3536 3623 3588 testamenti

2040 3620 2123 3674 sui
2161 3619 2264 3674 ﬁde
2291 3659 2304 3681 ,
2340 3618 2484 3689 quod
2523 3636 2553 3672 a
2602 3620 2716 3690 lege
2749 3628 2804 3674 et
2840 3621 3120 3690 prophetis
3149 3629 3432 3678 ostensum
3462 3631 3622 3676 antea

2039 3711 2252 3777 fuerat,
2294 3711 2418 3776 Dei,
2469 3712 2728 3782 inquam,
2786 3714 2876 3768 ille
2909 3713 3078 3769 Filius
3131 3715 3489 3784 praedicatus,
3540 3730 3626 3770 .ac

2045 3801 2270 3858 Davidis
2322 3803 2628 3872 appellatus
2657 3811 2742 3860 est
2777 3805 2940 3860 lilius.
2994 3805 3052 3859 Si
3082 3806 3300 3876 quidem
3330 3814 3622 3874 utrmnque

2046 3895 2190 3949 Deus
2233 3903 2286 3949 et
2334 3894 2516 3955 homo,
2569 3893 2660 3950 Dei
2710 3903 2764 3952 et
2803 3896 3084 3951 hominum
3126 3896 3393 3951 mediator
3435 3895 3621 3962 fuit”,

2040 4001 2228 4040 verum
2265 3985 2355 4038 Dei
2389 3986 2725 4041 domicilium
2751 4027 2765 4050 ,
2790 3987 3156 4042 sacerdotium
3186 3997 3458 4049 sanetum,
3497 3985 3621 4055 Spi-

2041 4076 2181 4129 ritus
2210 4076 2580 4143 rcgeneranlis
2612 4091 2675 4130 ac
2707 4075 2817 4130 Deo
2846 4077 3208 4130 instaurantis
3241 4078 3423 4131 omnia
3461 4076 3624 4146 largi-

2042 4172 2148 4219 tor.
2199 4163 2424 4218 Verbum
2451 4166 2589 4218 enim
2624 4182 2750 4220 caro
2779 4166 2982 4234 factum
3030 4175 3140 4230 est,
3191 4177 3239 4219 et
3274 4166 3528 4219 habitavit
3569 4167 3624 4219 in

2043 4259 2214 4321 nobis,
2257 4268 2306 4312 et
2338 4259 2564 4312 vidimus
2595 4258 2824 4328 gloriam
2873 4259 2989 4322 eius
3017 4296 3033 4322 ,
3095 4268 3344 4328 tanquam
3398 4259 3626 4328 gloriam

2049 4347 2318 4420 Unigeniti
2347 4367 2378 4403 a
2415 4349 2662 4404 Patre“.
2702 4346 2768 4402 Ut
2796 4349 2942 4404 enim
2974 4348 3154 4418 pluvia
3187 4363 3310 4402 eum
3337 4348 3626 4404 arboribus

2045 4443 2360 4496 coalescens
2427 4455 2491 4495 ae
2527 4440 2794 4510 stirpibus
2820 4479 2836 4506 ,
2867 4454 3069 4509 corpus
3098 4438 3260 4494 ellieit
3282 4479 3298 4506 ,
3329 4447 3383 4494 et
3427 4455 3626 4493 mmm-

2047 4545 2320 4600 quemque
2351 4531 2587 4584 fructum
2628 4529 2696 4583 ad
2725 4530 2845 4600 ejus
2871 4569 2885 4596 ,
2921 4530 3064 4584 unde
3090 4539 3246 4585 ortus
3277 4539 3394 4594 est,
3431 4529 3628 4584 simili-

2050 4622 2290 4676 tudinem
2323 4621 2614 4692 producit,
2669 4629 2805 4676 utet
2833 4621 2887 4675 in
2913 4622 3076 4686 oliva,
3106 4620 3174 4675 ad
3211 4620 3330 4691 ejus
3377 4631 3628 4676 naturam

2045 4721 2100 4770 et
2135 4713 2496 4769 substantiam
2537 4712 2857 4782 adjunctum
2885 4751 2900 4777 ,
2928 4713 3129 4783 pingue
3156 4712 3333 4767 oleum
3359 4712 3628 4776 exsistat;

2047 4805 2246 4861 invite
2281 4803 2595 4860 suavissimi
2642 4805 2699 4859 in
2753 4803 2863 4860 vini
2910 4805 3230 4874 qualitatem
3280 4803 3628 4872 coloremque

2047 4907 2320 4961 transeat;
2381 4897 2437 4952 in
2479 4896 2614 4952 licus
2665 4895 2862 4952 arbore
2892 4896 3214 4952 dulcissimo
3258 4894 3391 4948 licus
3435 4906 3629 4962 sapore

2045 4998 2413 5060 temperetur;
2469 4999 2523 5042 et
2571 4990 2623 5042 in
2657 4989 2900 5060 quolibet
2930 4987 3138 5044 semine
3171 4995 3421 5042 naturam
3453 4984 3628 5054 ipsius

2041 5081 2109 5134 ad
2142 5093 2509 5135 consentanea
2540 5079 2809 5150 cujusque
2837 5079 3026 5135 form‘a:
3057 5078 3392 5133 incrementa
3430 5073 3627 5144 perdu-

2041 5177 2156 5222 cat:
2186 5169 2258 5221 ita
2290 5166 2546 5225 Verbum.
2583 5168 2812 5238 Opinor,
2853 5167 2948 5223 Dei
2989 5169 3042 5220 in
3075 5165 3242 5220 Maria
3272 5177 3399 5217 caro
3423 5163 3626 5215 factmn

2041 5269 2124 5314 est
2155 5299 2170 5322 ,
2215 5266 2269 5313 et
2303 5258 2355 5311 in
2390 5258 2683 5311 Abrahami
2713 5257 2884 5327 stirpe
2917 5256 3080 5309 homo
3123 5269 3186 5307 ex
3242 5249 3492 5321 promissi
3526 5248 3630 5303 [ide

2043 5358 2290 5421 repertus
2312 5357 2416 5405 est.
2447 5349 2746 5404 Invenimus
2778 5349 2940 5410 enim,
2965 5345 3166 5414 inquit,
3184 5341 3627 5412 Messiam,quem

2045 5444 2256 5511 scripsit
2311 5440 2520 5512 Moyses
2547 5443 2611 5495 “.
2646 5440 2788 5496 Idem
2819 5453 2946 5495 vero
2981 5436 3193 5507 Moyses
3235 5454 3247 5489 :
3306 5433 3625 5498 Descendat,

2044 5534 2244 5605 inquit,
2275 5541 2336 5586 ut
2367 5531 2544 5600 pluvia
2571 5530 2838 5602 eloquium
2870 5543 3074 5592 meum,
3106 5533 3156 5580 et
3187 5533 3437 5594 tanquam
3464 5531 3633 5594 gutta?

2762 5728 2783 5760 ⁸
2825 5727 2843 5780 1
2889 5725 3014 5781 Cor.
3044 5741 3080 5787 ι,
3109 5725 3197 5782 30.
3277 5726 3298 5758 ⁸
3335 5725 3546 5782 Coloss.
3580 5739 3626 5778 ι.

2700 5799 2739 5832 ¹¹
2781 5796 2936 5854 Joan.
2968 5813 3006 5868 ι,
3042 5798 3122 5853 14.
3169 5799 3210 5831 ⁸³
3246 5796 3387 5854 ibid.
3427 5802 3510 5858 i3.

2203 5738 2224 5765 ⁸
2263 5730 2422 5787 Rom.
2454 5746 2574 5788 ml.
2604 5731 2658 5784 5.

2170 5804 2211 5837 ¹⁰
2250 5802 2271 5859 ι
2304 5801 2443 5860 Tim.
2478 5819 2538 5870 ιι,
2567 5801 2621 5856 5.
