3990 6228
355 312 462 368 679

1823 307 1879 360 S.
1925 306 2052 362 liPll
2074 309 2262 368 llANll

3533 311 3638 372 £80

359 433 624 488 stillantes
675 429 732 483 in
785 435 982 482 terram
1013 424 1054 481 ‘.
1090 425 1234 484 Vel:
1269 425 1566 482 Descendat
1600 426 1730 480 sicut
1761 445 1848 484 ros
1898 431 1954 484 in

2087 432 2129 498 ὲ,
2160 435 2423 506 δεχομένη
2451 435 2540 488 τὸν
2583 435 2798 498 ἐλπίδος
2825 433 3071 504 γεωργδν
3113 431 3285 497 ὕετέιν,
3319 429 3476 500 αὔξει
3503 447 3636 502 καρ-

361 524 522 578 rellus
551 525 593 577 ¹.
629 521 773 576 Lana
804 522 986 590 itaque
1042 536 1219 578 rorem
1254 520 1534 592 excipiens
1567 521 1734 575 fetum
1788 532 1950 593 auget

362 616 528 688 890
553 613 790 668 velleris.
818 611 986 689 Terra
1014 613 1160 667 velut
1193 613 1482 682 quemdam
1515 616 1630 684 spei
1659 617 1948 682 cultorem,

361 723 416 760 et
447 706 740 776 agricolam
771 705 1012 776 pluviam
1043 705 1345 774 excipiens,
1391 705 1626 762 fructum
1664 709 1730 762 ad
1771 718 1950 762 matu-

365 801 593 852 ritatem.
615 797 890 867 perducit,
923 813 1098 868 eaque
1125 798 1347 868 perfusa
1388 815 1456 854 ex
1483 799 1713 870 imperio
1737 799 1949 856 Domini

363 893 644 946 naturales
680 891 864 960 fruges
899 901 1148 963 prompte
1187 907 1252 946 ac
1283 892 1514 946 libenter
1543 893 1764 957 emittit,
1804 899 1858 948 et
1887 894 1954 947 ab

363 986 556 1039 eodem
603 1001 796 1039 rursus
829 984 1136 1054 accipiendi
1175 985 1370 1055 majori
1400 985 1673 1040 desiderio
1717 993 1955 1042 tenetur.

369 1072 461 1128 Sic
513 1083 570 1128 et
600 1073 769 1127 Maria
801 1072 970 1144 Virgo
1021 1090 1144 1128 cum
1203 1077 1278 1130 ita
1321 1077 1729 1146 respondisset:
1789 1076 1954 1144 Unde,

369 1167 580 1235 inquit,
637 1183 948 1237 cognoscam
1005 1170 1131 1222 mihi
1173 1169 1314 1222 istud
1345 1169 1700 1238 adfuturum?
1744 1170 1955 1226 audiit:

369 1259 604 1326 Spiritus
636 1259 849 1312 Domini
881 1262 933 1314 in
974 1271 1022 1316 te
1049 1262 1324 1316 descendet
1349 1303 1364 1324 ,
1409 1271 1458 1317 et
1493 1264 1659 1317 uirtus
1691 1263 1958 1318 Altis-simi

2055 528 2158 581 πὸν
2203 525 2262 582 τὸ
2303 527 2608 600 δέχεσθα-ι¹⁵
2657 528 3040 603 πρόσταγματι
3082 527 3375 588 Δεσπότου,
3425 525 3638 595 προσδι-

2053 619 2220 674 δοῦσα
2247 621 2344 692 τὴν
2382 621 2542 690 φύσιν
2577 619 2871 692 προθύμως
2891 637 2904 650 ·
2935 621 3016 692 τῷ
3041 615 3097 674 δὲ
3115 622 3158 652 ¹⁶
3187 619 3488 690 λαμϐάνειν
3517 617 3638 688 παρ’

2057 711 2222 764 αὑτοῦ
2270 711 2431 765 πλέον
2477 713 2588 783 ἔχει
2635 711 2886 784 σπουδήν.
2935 711 3094 766 Οὕτω
3133 711 3195 782 δὴ
3230 711 3326 763 καὶ
3369 708 3640 781 Παρθένος

2057 802 2268 872 Μαρία,
2299 803 2460 858 Κατὰ
2489 805 2545 857 τί
2573 803 2876 875 γνώσομαι
2905 803 3102 867 τοῦτο,
3133 801 3320 874 φησιν,
3353 801 3446 854 ὅτι
3472 799 3643 854 ἔσται

2057 909 2192 966 ﬂor;
2219 895 2354 964 ἦκου
2363 912 2445 948 σε·
2466 895 2710 968 Πνεῦμα
2726 897 2945 964 Κυρίου
2973 892 3412 967 [ἐπελεύσεται]
3433 892 3530 945 ἐπὶ
3547 897 3639 954 σὲ,

2061 987 2163 1040 καὶ
2194 987 2442 1056 δύναμις
2488 989 2780 1056 Ὑψίστου
2807 986 3149 1042 ἐπισκιάσει
3173 1000 3272 1041 σοι
3291 1003 3304 1018 ·
3333 984 3424 1038 διὸ
3455 984 3552 1038 καὶ
3579 983 3644 1038 τὸ

2063 1077 2440 1150 γεννώμενον
2483 1078 2552 1132 ἐκ
2599 1077 2718 1132 σοῦ
2735 1077 2906 1147 ἅγιον
2930 1078 3123 1141 ἔσται,
3165 1075 3264 1130 και
3311 1074 3444 1140 Υἱὸς
3487 1073 3646 1142 Ὑψι-

2064 1185 2223 1226 στου
2261 1170 2652 1239 κληθήσεται.
2707 1167 2939 1239 Χριστὸς
2965 1169 3022 1222 ὲν
3053 1166 3270 1237 ἀγγέλῳ
3309 1165 3490 1218 λαλεῖ·
3521 1165 3648 1217 ἀνα-

2065 1264 2292 1318 πλάττει
2341 1263 2398 1316 ss
2433 1262 2620 1316 ἑαυτὸν
2649 1263 2706 1316 ὲν
2733 1263 2802 1332 τῇ
2829 1259 3023 1316 ἑαυτοῦ
3051 1261 3250 1315 πλάσει
3287 1260 3316 1313 6
3343 1257 3641 1327 Δεσπότης,

367 1351 702 1406 obutnbrabit
763 1363 852 1415 te;
906 1352 1121 1424 ideoque
1177 1364 1227 1408 et
1280 1355 1418 1425 quod
1483 1364 1730 1409 nascetur
1781 1370 1848 1410 ea:
1909 1363 1958 1408 te

2084 1352 2301 1424 ιορφὴν
2323 1353 2550 1407 δούλου
2575 1351 2796 1408 λαϐών.

365 1453 614 1498 sanctum
656 1447 792 1510 erit,
832 1455 880 1500 et
913 1445 1091 1502 Filius
1151 1447 1422 1502 Altissimi
1483 1449 1758 1502 vocabitur
1783 1449 1818 1500 ³.
1891 1447 2146 1504 Christus
2203 1449 2260 1504 in
2321 1447 2516 1520 angelo
2557 1447 2839 1522 loquitur,
2889 1453 2946 1504 et
2977 1463 3035 1503 ιιι
3085 1446 3172 1504 sui
3231 1443 3407 1518 ipsius
3453 1442 3652 1498 forma—

370 1541 518 1595 tione
565 1539 920 1612 semetipsum
987 1541 1250 1597 Dominus
1299 1541 1525 1614 eﬂingit,
1566 1545 1702 1600 servi
1733 1544 1962 1614 formam
1995 1543 2220 1600 inducas
2246 1542 2290 1601 ³.

440 1659 709 1714 Cteterum
763 1658 933 1712 Maria
976 1655 1218 1714 Verbum
1275 1659 1365 1716 Dei
1423 1660 1490 1714 ad
1548 1661 1954 1732 generationem

2131 1661 2244 1715 Καὶ
2278 1659 2466 1732 Μαρία
2497 1659 2595 1732 μὲν
2643 1661 2904 1731 ἀνιμᾶται
2947 1659 3039 1714 τὸν
3065 1657 3236 1725 Λόγον
3267 1657 3347 1721 εἰς
3372 1653 3648 1724 σύλληψιν,

371 1749 516 1804 velut
550 1761 693 1804 terra
741 1749 980 1819 pluviam
1013 1749 1194 1804 haurit
1243 1759 1299 1805 et
1335 1752 1601 1806 attrahit:
1641 1751 1782 1808 Deus
1825 1767 1956 1808 vero

2084 1753 2138 1817 ὓς
2169 1753 2321 1808 ὑετὸν
2351 1755 2383 1826 ή
2413 1755 2520 1824 γῆ·
2558 1753 2750 1807 ἑαυτὸν
2779 1753 2834 1806 δὲ
2859 1753 3072 1824 καρπὸν
3100 1751 3254 1822 ἅγιον
3282 1746 3648 1811 ἀποδείκνυσι,

373 1849 628 1896 sanctum
653 1856 778 1896 sese
805 1841 1042 1894 fructum
1070 1840 1124 1894 in
1153 1843 1367 1896 mortali
1399 1849 1596 1896 natura
1625 1841 1962 1912 capessenda

373 1925 740 1986 demonstrat.
769 1930 911 2002 Ergo
961 1931 1052 1985 hic
1082 1947 1148 1987 ex
1181 1933 1272 1988 illa
1301 1942 1462 1989 terrae
1495 1933 1671 1988 instar
1727 1949 1790 1989 ac
1851 1933 1964 1989 vel-

376 2022 508 2081 leris
537 2023 844 2079 attrahente
876 2023 1158 2094 profectus
1217 2032 1301 2080 est
1344 2040 1488 2080 vera:
1521 2025 1818 2094 solidaeque
1849 2023 1965 2094 spei

384 2113 632 2184 fructus,
672 2123 726 2172 et
773 2132 802 2170 a
855 2118 1062 2172 sanctis
1093 2127 1463 2188 exspectatus.
1497 2117 1965 2185 Quemadmodum

379 2204 692 2263 Elisabctha
722 2209 900 2265 dixit:
935 2209 1218 2264 Benedicta
1247 2221 1303 2264 tu
1327 2213 1463 2265 inter
1495 2212 1764 2278 mulieres,
1802 2221 1852 2266 et
1885 2211 1971 2265 be-

380 2301 620 2354 nedictus
654 2301 862 2371 fructus
913 2304 1108 2358 ventris
1161 2304 1239 2356 tui
1262 2304 1305 2357 ⁸.
1351 2301 1465 2358 Hoc
1497 2312 1675 2358 autem
1705 2317 1867 2358 ontne
1902 2317 1972 2356 ex

2065 1845 2617 1918 προσλαμϐανόμενος
2669 1843 2864 1916 θνητοῦ
2906 1843 3089 1915 φύσιν.
3141 1835 3312 1906 Οὗτος
3354 1835 3422 1912 ἦν
3463 1838 3524 1902 ἐξ
3558 1835 3652 1890 αὖ.

2064 1937 2164 2007 τῆς
2219 1937 2532 2010 ἀνιμὼσης,
2575 1935 2652 2002 ὡς
2693 1939 2760 2010 γῆ
2817 1936 2914 1990 καὶ
2959 1935 3162 1999 ποκὰς,
3213 1935 3242 1988 6
3283 1933 3382 2004 τῆς
3427 1925 3655 2001 ἀληθοῦς

2067 2032 2282 2094 ἐλπίδος
2313 2031 2524 2102 καρπὸς
2551 2029 2728 2099 ἁγίοις
2759 2032 2817 2084 ὲν
2857 2025 3186 2101 προσδοκίᾳ·
3236 2022 3420 2087 καθὼς
3449 2020 3658 2074 Ἐλιεά-

2069 2124 2163 2177 σετ
2188 2123 2395 2192 ἔλεγεν·
2429 2117 2826 2191 Εὐλογημένη
2853 2119 2935 2173 σὺ
2967 2119 3035 2172 ἐν
3060 2115 3317 2187 γυναιξὶ,
3351 2113 3452 2167 καὶ
3491 2113 3660 2168 εὐλο-

2070 2212 2331 2284 γημένος
2365 2215 2398 2266 ό
2427 2211 2656 2280 καρπὸς
2685 2210 2794 2280 τῆς
2839 2209 3071 2275 κοιλίας
3120 2224 3236 2262 σου
3255 2221 3270 2236 ·
3339 2205 3369 2258 6
3391 2201 3658 2273 προσελά-

2071 2305 2196 2358 6ετο
2233 2303 2294 2369 ἐξ
2322 2303 2762 2376 ἀνθρωπότητος,
2793 2299 2980 2356 παθὼν
3011 2299 3228 2370 ἀπαθὴς
3271 2295 3348 2350 ὣν
3392 2298 3422 2349 ὁ
3471 2295 3661 2362 Λόγος.

381 2389 622 2448 humana
673 2392 988 2452 conditione
1042 2411 1107 2452 ac
1181 2403 1380 2451 natura
1427 2397 1482 2451 in
1539 2411 1660 2452 sese
1694 2396 1973 2450 transtulit

2084 2393 2254 2463 Ίῦτος
2284 2400 2316 2451 ὁ
2345 2396 2522 2466 ἄρτος
2568 2399 2600 2450 ὀ
2647 2393 2774 2462 ζὶὖν,
2803 2397 2836 2450 ὀ
2862 2393 3124 2458 καταϐὰς
3158 2391 3228 2456 ἐξ
3260 2389 3544 2459 οἰιρανοῦ,
3575 2387 3663 2439 καὶ

383 2485 622 2542 Verbum
653 2487 786 2544 illud
815 2527 829 2552 ,
872 2488 1021 2560 quod
1057 2504 1252 2558 expers
1297 2489 1500 2558 alioqui
1538 2487 1812 2558 passionis
1853 2501 1972 2558 per-

384 2581 494 2649 peti
530 2579 720 2634 voluit.
781 2580 883 2634 llic
927 2591 1005 2635 est
1052 2581 1206 2649 panis
1241 2581 1331 2634 ille
1381 2581 1562 2646 vivus,
1611 2579 1700 2649 qui
1749 2578 1812 2633 de
1845 2577 1970 2633 caelo

385 2669 654 2724 descendit
679 2672 720 2740 ⁸,
743 2687 818 2726 «ιιο
863 2673 1032 2727 vitam
1081 2673 1364 2743 impertiit.
1407 2672 1507 2728 Hic
1540 2683 1623 2729 est
1669 2687 1810 2728 verae
1857 2672 1972 2726 fru-

386 2770 510 2818 ctus
548 2764 714 2831 oleae,
756 2764 1032 2818 unctionis
1065 2773 1120 2818 et
1151 2765 1563 2835 compositionis
1597 2765 1778 2820 oleum
1817 2763 1972 2831 illud,

388 2855 536 2927 quod
591 2858 812 2927 Moyses
863 2858 1045 2928 specie
1086 2859 1320 2929 quadam
1368 2859 1711 2914 adumbravit
1743 2859 1784 2913 '.
1828 2857 1973 2914 idem

387 2963 516 3002 vera
547 2948 674 3003 vitis
705 2957 810 3012 est,
843 2966 1008 3019 quam
1039 2952 1190 3006 solus
1229 2951 1388 3006 Pater
1410 2951 1540 3005 colit
1570 2951 1612 3018 ⁸,
1641 2951 1733 3022 qui
1775 2951 1977 3006 laatitia:

387 3039 550 3094 nobis
577 3055 736 3094 uvam
767 3043 1076 3112 progenuit.
1103 3041 1202 3096 llic
1233 3051 1316 3098 est
1346 3059 1486 3112 aqua
1523 3043 1612 3096 illa
1637 3043 1778 3106 viva,
1811 3057 1975 3112 quam

2074 2489 2218 2560 ζωὴν
2247 2487 2442 2552 διδούς.
2473 2483 2645 2550 Οὗτος
2666 2489 2694 2540 6
2721 2487 2820 2557 τῆς
2845 2484 3082 2557 ἀληθοῦς
3119 2483 3306 2547 ἐλαίας
3339 2480 3573 2553 καρπὸς,
3605 2479 3664 2531 τὸ

2075 2579 2250 2633 ἔλαιον
2301 2581 2399 2652 τῆς
2440 2580 2673 2652 κρίσεως
2721 2579 2816 2634 καὶ
2853 2579 2952 2649 τῆς
2996 2575 3318 2640 συνθέσεως,
3349 2575 3408 2628 ὃν
3439 2571 3662 2643 προετύ-

2079 2691 2228 2727 πωσε
2263 2671 2520 2746 Μωῦσῆς.
2555 2666 2721 2736 Οὗτος
2751 2674 2784 2743 ἡ
2818 2669 3044 2741 ἀληθινὴ
3087 2668 3352 2741 ἄμπελος·
3388 2667 3454 2736 ἣν
3493 2682 3664 2736 γεωρ-

2075 2765 2164 2832 γεῖ
2181 2763 2337 2834 μόνος
2363 2764 2456 2817 καὶ
2481 2765 2508 2816 6
2525 2762 2734 2834 Πατὴρ,
2757 2761 2948 2833 βότρυν
2974 2761 3146 2832 χαρᾶς
3171 2759 3438 2830 γεννήσας
3454 2757 3496 2786 ’⁷
3519 2757 3661 2826 ἡμῖν,

2077 2847 2246 2918 Οὗτος
2277 2855 2338 2908 τὸ
2361 2853 2506 2928 ὕδωρ
2535 2853 2595 2908 τὸ
2624 2855 2750 2921 ζῶν,
2785 2853 2814 2906 ὃ
2854 2852 3024 2924 διψῶν
3065 2852 3354 2922 ἄνθρωπος
3385 2848 3586 2910 λαϐὼν,
3609 2846 3664 2900 οὐ

2077 2947 2290 3018 διψήσει
2319 2947 2480 3002 πάλιν
2500 2963 2512 2976 ·
2543 2947 2658 3000 ἀλλ’
2688 2945 2832 3000 ἔστιν
2859 2947 2915 2998 ἐν
2943 2947 3009 3015 τῇ
3035 2943 3206 3014 κοιλίᾳ
3241 2940 3405 2994 αὑτοῦ
3445 2939 3666 3009 ἁλλόμε-

2078 3056 2166 3094 νον
2203 3040 2282 3102 εἰς
2318 3037 2461 3110 ζωὴν
2486 3036 2722 3092 αἰώνιον.
2754 3038 2848 3091 Ἐκ
2875 3037 3064 3090 τούτου
3086 3034 3340 3098 λαὸόντες
3367 3032 3666 3104 μετέδωκαν

389 3131 585 3186 sitiens
634 3132 797 3187 homo
831 3149 952 3188 cum
995 3134 1196 3189 hibet-it
1224 3173 1238 3199 ,
1271 3150 1378 3187 non
1407 3134 1551 3188 sitiet
1581 3133 1844 3202 amplius;
1881 3131 1973 3187 sed

2084 3133 2128 3185 οἱ
2156 3131 2264 3186 νέοι
2296 3131 2530 3202 γεωργοὶ
2559 3131 2640 3194 είς
2677 3129 2768 3184 τὸν
2807 3129 3040 3200 κόσμον·
3087 3126 3308 3182 παλαιοὶ
3351 3126 3409 3179 δὲ
3445 3123 3670 3196 γεωργώ¹

391 3224 448 3279 in
489 3228 610 3294 ejus
661 3234 853 3280 ventre
904 3235 1188 3296 permanet
1237 3227 1442 3280 saliens
1491 3227 1546 3279 in
1601 3227 1768 3278 vitam
1816 3231 1980 3278 auer-

391 3329 519 3368 nam
554 3316 596 3368 ⁹.
623 3315 706 3369 Ab
740 3316 844 3370 hoc
878 3317 1003 3371 novi
1035 3318 1287 3386 agricola:
1323 3317 1674 3387 propaginem
1707 3315 1982 3386 capientes

394 3409 512 3457 toto
538 3403 672 3458 orbe
705 3413 1049 3473 sparserunt.
1085 3403 1312 3460 Veteres
1348 3413 1528 3458 autent
1564 3406 1804 3459 cultores
1830 3405 1984 3459 evul-

395 3510 512 3550 sam
567 3503 762 3564 suapte
797 3493 1021 3564 perﬁdia
1072 3494 1452 3566 proﬂigarunt.
1510 3493 1604 3550 llic
1649 3502 1835 3565 gentes
1885 3507 1985 3548 suo

402 3601 602 3642 cruore
631 3586 969 3652 sanctificat;
1008 3585 1096 3640 ille
1129 3601 1224 3654 per
1268 3585 1531 3656 Spiritum
1563 3595 1814 3641 sanctum
1846 3601 1986 3657 quos

397 3679 616 3736 vocavit
649 3679 716 3733 ad
751 3693 978 3750 regnum
1020 3680 1248 3734 cmleste
1278 3679 1545 3749 perducit.
1580 3677 1725 3734 Sane
1757 3680 1989 3750 quicun-

399 3785 508 3842 que
542 3768 717 3840 ipsius
749 3776 988 3839 aguntur
1019 3767 1226 3839 Spiritu
1251 3769 1314 3832 ίο,
1355 3766 1462 3822 Deo
1495 3767 1599 3838 ipsi
1625 3769 1831 3825 vivunt.
1865 3769 1990 3836 Qui-

403 3877 624 3932 cunque
663 3875 794 3916 vero
829 3875 940 3915 non
992 3869 1264 3930 aguntur,
1303 3860 1464 3914 morti
1519 3860 1698 3915 adhuc
1743 3861 1987 3916 attributi

403 3955 696 4021 animales,
727 3955 814 4010 vel
845 3953 1099 4008 carnales
1131 3953 1312 4023 potius
1350 3953 1714 4023 appellantur.
1757 3951 1992 4009 Proinde

403 4048 586 4103 carnis
634 4047 938 4117 exstinguit
981 4061 1180 4117 Opera,
1230 4063 1351 4116 quae
1385 4047 1782 4102 rnunimentum
1817 4045 1996 4118 quod-

403 4138 658 4194 dam-est
702 4137 954 4207 peccati;
1007 4147 1061 4191 et
1114 4137 1361 4191 membra
1419 4137 1614 4190 mortis
1668 4151 1769 4191 sua
1819 4137 1994 4206 gratia

405 4230 722 4284 mortitlcat.
757 4228 901 4284 Idem
952 4229 1204 4298 accipere
1242 4227 1504 4298 Spiritum
1550 4237 1832 4291 sanctum,
1886 4243 1995 4299 quo

405 4323 734 4377 carebamus
759 4363 774 4389 ,
827 4322 1096 4391 imperat:
1133 4321 1228 4391 qui
1259 4337 1343 4377 me
1385 4321 1592 4391 pridem
1628 4329 1880 4376 enectum
1911 4335 1998 4376 re-

407 4415 625 4468 vocavit
654 4415 722 4468 ad
749 4415 952 4469 vitam:
990 4429 1149 4484 quem
1185 4413 1290 4468 nisi
1319 4427 1597 4483 recepero,
1628 4413 1862 4469 subinde
1889 4429 1998 4468 mo-

408 4507 540 4560 riar.
561 4505 695 4558 Nam
730 4506 939 4575 absque
969 4505 1091 4575 ejus
1127 4504 1335 4574 Spiritu
1359 4505 1585 4575 quilibet
1612 4513 1696 4560 cst
1724 4513 1992 4561 mortuus.

411 4597 567 4663 Quod
619 4597 665 4652 si
702 4597 934 4664 Spiritus
990 4597 1104 4666 ejus
1145 4599 1199 4651 in
1257 4597 1407 4652 nobis
1453 4607 1568 4660 est,
1613 4599 1702 4667 qui
1753 4599 2000 4652 excitavit

2083 3225 2306 3297 ἐξῆραν,
2337 3225 2431 3278 καὶ
2452 3223 2706 3296 ἔφθειραν
2735 3221 2822 3276 διὰ
2859 3221 3136 3276 ἀπιστίαν.
3166 3220 3370 3290 Αἴματι
3403 3218 3503 3289 μὲν
3547 3219 3668 3270 ἑαυ-

2083 3315 2176 3369 τοῦ
2208 3315 2424 3384 ἁγιάζει
2451 3315 2519 3369 τὰ
2560 3315 2686 3387 ἔθνη
2710 3331 2724 3345 ·
2757 3313 3036 3386 Πνεύματι
3069 3311 3125 3366 δὲ
3161 3312 3313 3382 ἀϊδίῳ
3334 3311 3376 3342 ¹⁸
3409 3311 3530 3378 ἄγει
3553 3309 3670 3370 τοὺς

2085 3407 2317 3480 κλητοὺς
2357 3411 2434 3472 εἰς
2477 3407 2758 3479 οὐρανούς.
2789 3407 2941 3461 Ὅσοι
2995 3404 3125 3474 γοῦν
3179 3403 3464 3474 Πνεύματι
3513 3399 3670 3454 αὐτοῦ

2085 3501 2327 3570 ἄγονται,
2363 3501 2514 3554 αὐτοὶ
2550 3500 2682 3566 ζῶσι
2721 3499 2861 3572 Θεῷ.
2899 3499 3056 3553 Ὅσοι
3096 3497 3154 3552 δὲ
3197 3498 3294 3570 μὴ,
3331 3497 3412 3549 ἔτι
3465 3495 3674 3566 θανάτῳ

2085 3589 2453 3662 λελογισμένοι
2493 3590 2622 3654 εἰσὶ,
2658 3589 2879 3660 ψυχικοὶ
2926 3589 3044 3660 ἦτοι
3093 3584 3346 3660 caputin
3389 3579 3534 3639 οὗτοι
3585 3601 3676 3636 κα-

2087 3681 2321 3738 λοῦνται.
2372 3683 2564 3736 Τοίνυν
2611 3682 2794 3736 ἀθετεῖ
2837 3681 2905 3734 τὰ
2948 3680 3086 3751 ἔργα
3143 3679 3240 3750 τῆς
3281 3677 3515 3750 σαρκὸς,
3555 3675 3675 3746 ὀχύ-

2093 3791 2250 3847 ρωμα
2281 3773 2447 3844 οὔσης
2479 3775 2784 3846 ἁμαρτίας·
2822 3776 3010 3845 νεκροῖ
3048 3773 3104 3826 δὲ
3149 3771 3216 3824 τὰ
3265 3770 3405 3841 μέλη
3447 3768 3542 3822 τοῦ
3586 3770 3670 3822 θα-

2093 3867 2257 3922 νάτου
2301 3867 2387 3921 διὰ
2438 3866 2539 3938 τῆς
2591 3867 2812 3940 χάριτος
2862 3865 3051 3920 αὐτοῦ.
3106 3863 3305 3917 Λαϐεῖν
3355 3863 3412 3915 δὲ
3461 3861 3678 3930 Πνεῦμα

2095 3961 2256 4029 ἅγιον
2285 3961 2311 4013 ὃ
2339 3961 2438 4014 οὐκ
2464 3961 2679 4032 εἴχομεν
2709 3959 3060 4030 προστάσσει,
3089 3959 3148 4012 τὸ
3181 3953 3478 4021 ζωοποιοῦν
3509 3954 3606 4026 ἐμὲ
3625 3953 3680 4006 τὸ

2094 4053 2260 4107 πάλαι
2296 4053 2627 4124 τεθνηκότα·
2656 4055 2794 4124 ὅπερ
2839 4052 2914 4122 μὴ
2957 4049 3135 4105 λαϐὼν
3180 4049 3530 4120 τεθνήξομαι.
3557 4045 3682 4116 Λίχα

2093 4141 2202 4212 γὰρ
2241 4140 2556 4211 Πνεύματος
2602 4141 2762 4196 αὐτοῦ
2807 4143 2913 4206 πᾶς
2968 4139 3180 4213 νεκρός.
3239 4142 3308 4193 Ei
3365 4139 3576 4192 τοίνυν
3621 4135 3682 4188 τὸ

2093 4229 2337 4298 Πνεῦμα
2366 4230 2553 4284 αὑτοῦ
2593 4231 2664 4286 ἐν
2695 4231 2856 4300 ἡμῖν,
2909 4234 2941 4285 o'
2977 4231 3211 4302 ἑγεῴας
3258 4229 3447 4284 αὐτὸν
3488 4227 3556 4281 ἐκ
3589 4243 3682 4279 rs-

2097 4321 2260 4392 κρῶν
2291 4321 2641 4390 ζωοποιήσει
2669 4324 2742 4378 τὰ
2765 4325 2950 4392 θνητὰ
2987 4323 3233 4394 σώματα
3263 4322 3432 4392 ἡμῶν
3455 4321 3553 4375 διὰ
3587 4319 3683 4374 τοῦ

2098 4415 2479 4481 ἐνοικοῦντος
2533 4417 2881 4486 Πνεύματος
2925 4415 3111 4470 αὑτοῦ
3167 4415 3240 4468 ἐν
3293 4413 3457 4484 ἡμῖν.
3529 4410 3682 4474 Ἀλλ’,

2101 4503 2275 4578 οἶμαι,
2305 4508 2590 4580 ἀμφότερα
2633 4510 2879 4562 κατοικεῖ
2908 4509 2965 4562 ἐν
3003 4507 3080 4579 τῷ
3119 4507 3332 4578 δικαίῳ,
3379 4509 3408 4560 6
3460 4501 3686 4578 Χριστὸς

2107 4604 2201 4656 καὶ
2228 4601 2288 4655 τὸ
2318 4601 2543 4672 Πνεῦμα
2572 4599 2762 4656 αὑτοῦ.

411 4693 561 4746 illaut
595 4709 627 4746 a
663 4695 907 4758 mortuis,
945 4693 1226 4762 rivi/icabit
1259 4693 1510 4746 mortalia
1540 4707 1762 4760 corpora
1810 4707 1993 4746 nostra
2057 4711 2145 4765 per
2184 4697 2567 4752 inhabitantem
2619 4697 2876 4765 Spiritum
2929 4695 3042 4766 ejus
3093 4695 3146 4748 in
3201 4694 3351 4749 nobis
3390 4695 3454 4748 υ.
3501 4691 3688 4748 Verum

411 4787 576 4840 ambo
605 4785 660 4838 in
685 4783 1026 4862 justo,891
1064 4793 1123 4838 ut
1152 4786 1348 4855 opinor
1368 4825 1382 4850 ,
1419 4786 1690 4848 habitant,
1719 4785 1971 4842 Christus
2000 4787 2229 4860 ejusque
2257 4789 2519 4860 Spiritus.

485 4905 576 4960 IV.
605 4905 724 4960 Jam
777 4919 906 4959 vero
952 4919 1078 4957 cum
1127 4903 1380 4960 Christus
1432 4919 1464 4959 a
1502 4901 1664 4957 Patre
1696 4901 1996 4972 profectus,

417 4997 562 5056 Deus
614 4996 869 5052 videlicet
917 5010 946 5049 a
980 4993 1091 5050 Deo
1141 4995 1428 5059 credatur,
1460 5001 1516 5050 et
1567 4993 1659 5049 Dei
1699 4995 1936 5065 Spiritus
1970 5011 2002 5050 a

417 5092 639 5154 Christo
669 5129 685 5154 ,
715 5097 904 5159 utpote
939 5085 1032 5158 qui
1068 5087 1136 5142 ab
1168 5097 1403 5156 utroque
1450 5086 1696 5156 procedit
1717 5126 1732 5148 ,
1775 5086 1828 5141 id
1857 5085 2005 5158 quod

417 5183 674 5239 Christus
707 5184 823 5252 ipse
867 5187 1144 5236 testatur:
1181 5178 1341 5244 Quia
1377 5177 1535 5233 Patre
1561 5178 1878 5246 procedit",
1920 5180 2004 5234 in-

415 5277 560 5346 quit,
588 5285 641 5330 et
669 5294 680 5328 :
707 5273 811 5326 llic
835 5273 900 5326 de
929 5288 1042 5326 meo
1071 5271 1287 5340 accipiet
1307 5271 1385 5325 ":
1421 5287 1656 5342 cumque
1687 5271 1942 5328 Christus
1975 5288 2006 5328 c

421 5367 633 5436 Spiritu
659 5375 848 5420 sancto
891 5372 1055 5418 natus
1090 5363 1162 5418 sit
1193 5381 1207 5418 :
1243 5361 1396 5428 Quod
1428 5365 1563 5418 enim
1597 5364 1650 5416 in
1673 5364 1792 5432 ipsa
1819 5373 1917 5424 est,
1947 5363 2010 5419 de

425 5455 634 5526 Spiritu
659 5467 841 5512 sancto
873 5469 1057 5510 παίωνι
1086 5465 1164 5510 est
1188 5495 1204 5522 ,
1251 5462 1312 5510 ut
1342 5457 1518 5528 angeli
1561 5457 1742 5512 verbis
1777 5465 1899 5510 utar
1923 5456 2006 5512 “’z

509 5635 720 5708 '_Deﬁut.
764 5653 933 5698 xxx”.
964 5641 1020 5693 ﬁt.
1061 5707 1065 5708 ν
1119 5638 1148 5708 ξ
1191 5635 1332 5693 Ρείὶιι
1365 5655 1512 5708 LXXI.
1554 5638 1608 5692 6·

435 5779 484 5810 ⁸⁸
519 5773 675 5832 Joan.
703 5793 810 5844 xw,
836 5773 870 5833 Si
890 5779 933 5846 ί,
971 5779 1054 5834 15.

2169 4911 2243 4962 Δ’.
2283 4909 2346 4961 Εἰ
2378 4907 2434 4962 δὲ
2465 4905 2697 4978 Χριστὸς
2741 4907 2804 4958 ἐκ
2837 4903 2932 4958 τοῦ
2967 4903 3178 4975 Πατρός
3213 4899 3532 4956 πιστεύεται
3559 4895 3688 4959 Θεὸς

2100 5001 2165 5054 ὲκ
2200 4999 2357 5064 Θεοῦ,
2393 4999 2487 5052 καὶ
2519 4999 2581 5051 τὸ
2632 4998 2852 5066 Πνεῦμα
2895 4996 3060 5050 αὑτοῦ
3108 4999 3173 5048 ὲκ
3217 4993 3310 5048 τοῦ
3355 4989 3616 5064 Χριστοῦ,
3645 4988 3688 5040 εἰ

2101 5095 2230 5163 παρ’
2258 5092 2602 5163 ἀμφοτέρων,
2635 5090 2709 5154 ὥς
2747 5106 2911 5160 φησιν
2947 5091 2974 5141 6
3010 5087 3346 5159 Χριστὸς,“0
3393 5083 3554 5152 παρὰ
3595 5079 3692 5134 τοῦ

2103 5183 2333 5251 Πατρός
2379 5182 2791 5251 ἐκπορεύεται·
2841 5181 2982 5244 καὶ,
3046 5175 3234 5243 Οὗτος
3287 5176 3356 5230 ἐκ
3399 5174 3512 5228 τοῦ
3557 5167 3694 5240 ἐμοῦ

2113 5270 2370 5338 λήψεται
2389 5287 2400 5299 ·
2431 5271 2458 5322 6
2483 5269 2537 5322 δὲ
2561 5269 2794 5338 Χριστὸς
2817 5267 2882 5322 ἐκ
2910 5268 3228 5338 Πνεύματος
3258 5264 3415 5333 ἁγίου
3435 5281 3449 5294 ·
3491 5261 3562 5317 Τὸ
3591 5259 3692 5329 γὰρ

2115 5365 2184 5418 ἐν
2221 5360 2395 5429 αὐτῇ,
2445 5362 2628 5431 φησιν,
2666 5361 2738 5414 ἐκ
2802 5361 3146 5428 Πνεύματος
3203 5358 3414 5428 ἁγίου,
3470 5352 3692 5422 ἀγγέλου

2119 5456 2296 5527 φωνή·
2333 5452 2495 5507 συνίω
2535 5453 2596 5506 τὸ
2645 5453 3007 5525 λυτρούμενόν
3039 5469 3104 5523 με
3143 5451 3466 5523 μυστήριον,
3501 5447 3692 5502 πίστει.

1715 5636 1734 5669 ³
1775 5635 1909 5691 Luc.
1947 5651 1978 5698 ι,

1715 5723 1746 5756 ιι
1824 5724 1894 5756 tv.
1955 5707 1973 5756 1

2084 5631 2788 5756 εξιιηηῑ.νέέξὲξιιιτηι
3265 5627 3586 5756 Lara?
3610 5622 3690 5749 it:

429 5702 458 5724 '
497 5703 669 5774 Exod.
725 5723 849 5774 xxx,
885 5709 975 5762 25.
1053 5707 1074 5740 ⁸
1109 5705 1268 5764 Joan.
1305 5727 1393 5773 xv,
1427 5702 1507 5766 1(
1553 5711 1574 5741 ⁹
1611 5707 1746 5763 Joan
1824 5724 1894 5766 tv.
1955 5707 2038 5759 13.
2117 5705 2161 5736 ¹⁰
2203 5702 2298 5774 lio!

1133 5779 1178 5810 “
1219 5778 1406 5834 Matth.
1445 5795 1480 5846 ι,
1512 5779 1602 5833 20.
1682 5779 1726 5810 ¹³
1765 5775 1825 5834 F.
1857 5775 1934 5848 τῷ
1963 5775 2073 5848 δέχ.

2303 5719 2360 5757 ιι.
2412 5700 2538 5766 rm,
2585 5702 2670 5757 Μ.
2750 5700 2788 5730 ¹¹
2835 5701 2963 5754 ibid.
3019 5701 3102 5754 Η.

2163 5775 2219 5807 ἰθ
2259 5773 2320 5830 F.

3187 5700 3230 5730 "
3265 5697 3424 5752 Joan.
3473 5713 3562 5758 xv,
3610 5691 3692 5749 iii.

2355 5773 2446 5828 τοῦ
2633 5773 2673 5805 ⁸⁷
2715 5769 2774 5825 ιε.
2809 5773 3135 5843 γεννήσασα.
3215 5771 3256 5802 ⁸³
3295 5767 3353 5823 ι’.
3389 5767 3550 5837 ἁγίῳ.
