  <div class='ocr_page' id='page_1' title='image "/cluster/home/n/w/nwhite01/storage/ocr_20150623/42/mdp.39015052824052/260.png"; bbox 0 0 3990 6228; ppageno 0'>
   <div class='ocr_carea' id='block_1_1' title="bbox 388 308 490 363">
    <p class='ocr_par' dir='ltr' id='par_1_1' title="bbox 388 308 490 363">
     <span class='ocr_line' id='line_1_1' title="bbox 388 308 490 363; baseline -0.01 0"><span class='ocrx_word' id='word_1_1' title='bbox 388 308 490 363; x_wconf 73' lang='grc'><strong>481</strong></span> 
     </span>
    </p>
   </div>
   <div class='ocr_carea' id='block_1_2' title="bbox 999 304 3018 365">
    <p class='ocr_par' dir='ltr' id='par_1_2' title="bbox 999 304 3018 365">
     <span class='ocr_line' id='line_1_2' title="bbox 999 304 3018 365; baseline 0.003 -8"><span class='ocrx_word' id='word_1_2' title='bbox 999 304 1365 362; x_wconf 69' lang='lat' dir='ltr'><strong>ADVERSLS</strong></span> <span class='ocrx_word' id='word_1_3' title='bbox 1405 305 1746 363; x_wconf 77' lang='lat' dir='ltr'><strong>IUERESES</strong></span> <span class='ocrx_word' id='word_1_4' title='bbox 1784 308 1911 363; x_wconf 83' lang='lat' dir='ltr'><strong>LIB.</strong></span> <span class='ocrx_word' id='word_1_5' title='bbox 1949 308 2034 364; x_wconf 90' lang='lat' dir='ltr'><strong>Ill.</strong></span> <span class='ocrx_word' id='word_1_6' title='bbox 2078 308 2238 363; x_wconf 80' lang='grc' dir='ltr'>ΤΟΜ.</span> <span class='ocrx_word' id='word_1_7' title='bbox 2284 309 2320 362; x_wconf 87' lang='grc'>1.</span> <span class='ocrx_word' id='word_1_8' title='bbox 2363 340 2431 349; x_wconf 88' lang='lat'><strong>-—</strong></span> <span class='ocrx_word' id='word_1_9' title='bbox 2471 308 2742 365; x_wconf 53' lang='lat' dir='ltr'><strong>[lxii-RES.</strong></span> <span class='ocrx_word' id='word_1_10' title='bbox 2786 309 3018 364; x_wconf 75' lang='lat' dir='ltr'><strong>LXXIV.</strong></span> 
     </span>
    </p>
   </div>
   <div class='ocr_carea' id='block_1_3' title="bbox 3549 318 3659 377">
    <p class='ocr_par' dir='ltr' id='par_1_3' title="bbox 3549 318 3659 377">
     <span class='ocr_line' id='line_1_3' title="bbox 3549 318 3659 377; baseline 0.018 -2"><span class='ocrx_word' id='word_1_11' title='bbox 3549 318 3659 377; x_wconf 70' lang='lat'><strong>432</strong></span> 
     </span>
    </p>
   </div>
   <div class='ocr_carea' id='block_1_4' title="bbox 388 426 1964 505">
    <p class='ocr_par' dir='ltr' id='par_1_4' title="bbox 388 426 1964 501">
     <span class='ocr_line' id='line_1_4' title="bbox 388 426 1964 501; baseline 0.002 -20"><span class='ocrx_word' id='word_1_12' title='bbox 388 430 527 498; x_wconf 82' lang='grc' dir='ltr'>ἁκοῆ</span> <span class='ocrx_word' id='word_1_13' title='bbox 579 426 734 500; x_wconf 81' lang='grc' dir='ltr'>μόνῃ,</span> <span class='ocrx_word' id='word_1_14' title='bbox 781 427 933 497; x_wconf 61' lang='grc' dir='ltr'>φιλίᾳ.</span> <span class='ocrx_word' id='word_1_15' title='bbox 977 430 1044 498; x_wconf 73' lang='grc' dir='ltr'>τῇ</span> <span class='ocrx_word' id='word_1_16' title='bbox 1098 427 1368 499; x_wconf 80' lang='grc' dir='ltr'>πρὸς-τὸν</span> <span class='ocrx_word' id='word_1_17' title='bbox 1409 427 1631 482; x_wconf 78' lang='grc' dir='ltr'><strong>ἐλθόντα</strong></span> <span class='ocrx_word' id='word_1_18' title='bbox 1682 430 1818 500; x_wconf 71' lang='grc' dir='ltr'>πρὸς</span> <span class='ocrx_word' id='word_1_19' title='bbox 1855 431 1964 501; x_wconf 75' lang='grc' dir='ltr'>ἐμέ.</span> 
     </span>
    </p>
   </div>
   <div class='ocr_carea' id='block_1_5' title="bbox 2068 426 3656 505">
    <p class='ocr_par' dir='ltr' id='par_1_5' title="bbox 2084 429 3656 505">
     <span class='ocr_line' id='line_1_5' title="bbox 2084 429 3656 505; baseline 0.006 -22"><span class='ocrx_word' id='word_1_20' title='bbox 2084 431 2397 500; x_wconf 76' lang='lat' dir='ltr'><strong>mysterium</strong></span> <span class='ocrx_word' id='word_1_21' title='bbox 2443 429 2572 484; x_wconf 86' lang='lat' dir='ltr'><strong>illud</strong></span> <span class='ocrx_word' id='word_1_22' title='bbox 2600 469 2615 495; x_wconf 85' lang='lat'><strong>,</strong></span> <span class='ocrx_word' id='word_1_23' title='bbox 2649 446 2743 500; x_wconf 86' lang='lat' dir='ltr'><strong>per</strong></span> <span class='ocrx_word' id='word_1_24' title='bbox 2789 431 2934 501; x_wconf 87' lang='lat' dir='ltr'><strong>quod</strong></span> <span class='ocrx_word' id='word_1_25' title='bbox 2991 447 3112 488; x_wconf 87' lang='lat' dir='ltr'><strong>sum</strong></span> <span class='ocrx_word' id='word_1_26' title='bbox 3163 433 3478 505; x_wconf 74' lang='lat' dir='ltr'><strong>redemptus</strong></span> <span class='ocrx_word' id='word_1_27' title='bbox 3503 477 3517 503; x_wconf 90' lang='lat'><strong>,</strong></span> <span class='ocrx_word' id='word_1_28' title='bbox 3554 438 3656 494; x_wconf 89' lang='lat' dir='ltr'><strong>ﬁde</strong></span> 
     </span>
    </p>
   </div>
   <div class='ocr_carea' id='block_1_6' title="bbox 402 516 1977 594">
    <p class='ocr_par' dir='ltr' id='par_1_6' title="bbox 402 516 1977 594">
     <span class='ocr_line' id='line_1_6' title="bbox 402 516 1977 594; baseline 0.003 -22"><span class='ocrx_word' id='word_1_29' title='bbox 402 519 628 572; x_wconf 79' lang='grc' dir='ltr'>Ἑαυτὸν</span> <span class='ocrx_word' id='word_1_30' title='bbox 664 519 772 589; x_wconf 74' lang='grc' dir='ltr'>γὰρ</span> <span class='ocrx_word' id='word_1_31' title='bbox 807 519 836 570; x_wconf 99' lang='lat'><strong>6</strong></span> <span class='ocrx_word' id='word_1_32' title='bbox 877 516 1008 582; x_wconf 69' lang='grc' dir='ltr'>Θεὸς</span> <span class='ocrx_word' id='word_1_33' title='bbox 1042 519 1330 586; x_wconf 80' lang='grc' dir='ltr'><strong>γινώσκει,</strong></span> <span class='ocrx_word' id='word_1_34' title='bbox 1376 521 1568 574; x_wconf 80' lang='grc' dir='ltr'>ἑαυτὸν</span> <span class='ocrx_word' id='word_1_35' title='bbox 1604 523 1833 594; x_wconf 82' lang='grc' dir='ltr'>Χριστὸς</span> <span class='ocrx_word' id='word_1_36' title='bbox 1875 541 1977 594; x_wconf 89' lang='grc' dir='ltr'>κη-</span> 
     </span>
    </p>
   </div>
   <div class='ocr_carea' id='block_1_7' title="bbox 392 610 1974 686">
    <p class='ocr_par' dir='ltr' id='par_1_7' title="bbox 392 610 1974 686">
     <span class='ocr_line' id='line_1_7' title="bbox 392 610 1974 686; baseline 0.005 -24"><span class='ocrx_word' id='word_1_37' title='bbox 392 611 598 681; x_wconf 78' lang='grc' dir='ltr'>ρύττει,</span> <span class='ocrx_word' id='word_1_38' title='bbox 638 610 801 663; x_wconf 80' lang='grc' dir='ltr'>ἑαυτὸ</span> <span class='ocrx_word' id='word_1_39' title='bbox 841 612 904 666; x_wconf 83' lang='grc' dir='ltr'><strong>τὸ</strong></span> <span class='ocrx_word' id='word_1_40' title='bbox 941 611 1165 683; x_wconf 81' lang='grc' dir='ltr'>Πνεῦμα</span> <span class='ocrx_word' id='word_1_41' title='bbox 1190 613 1251 666; x_wconf 81' lang='grc' dir='ltr'>τὸ</span> <span class='ocrx_word' id='word_1_42' title='bbox 1289 613 1441 682; x_wconf 84' lang='grc' dir='ltr'>ἆγιον</span> <span class='ocrx_word' id='word_1_43' title='bbox 1467 614 1617 686; x_wconf 81' lang='grc' dir='ltr'>δηλοῖ</span> <span class='ocrx_word' id='word_1_44' title='bbox 1647 618 1758 678; x_wconf 84' lang='grc' dir='ltr'>τοῖς</span> <span class='ocrx_word' id='word_1_45' title='bbox 1786 615 1974 682; x_wconf 76' lang='grc' dir='ltr'>ἀξίοις.</span> 
     </span>
    </p>
   </div>
   <div class='ocr_carea' id='block_1_8' title="bbox 402 701 1977 776">
    <p class='ocr_par' dir='ltr' id='par_1_8' title="bbox 402 701 1977 776">
     <span class='ocr_line' id='line_1_8' title="bbox 402 701 1977 776; baseline 0.006 -24"><span class='ocrx_word' id='word_1_46' title='bbox 402 701 493 752; x_wconf 84' lang='grc' dir='ltr'>Ἑν</span> <span class='ocrx_word' id='word_1_47' title='bbox 533 702 774 771; x_wconf 79' lang='grc' dir='ltr'>Γραφαῖς</span> <span class='ocrx_word' id='word_1_48' title='bbox 830 701 888 754; x_wconf 78' lang='grc' dir='ltr'>δὲ</span> <span class='ocrx_word' id='word_1_49' title='bbox 937 703 1119 771; x_wconf 71' lang='grc' dir='ltr'>ἁγίαις</span> <span class='ocrx_word' id='word_1_50' title='bbox 1163 703 1334 776; x_wconf 81' lang='grc' dir='ltr'>Τριὰς</span> <span class='ocrx_word' id='word_1_51' title='bbox 1371 708 1502 776; x_wconf 81' lang='grc' dir='ltr'>ἡμῖν</span> <span class='ocrx_word' id='word_1_52' title='bbox 1551 708 1977 776; x_wconf 80' lang='grc' dir='ltr'><strong>καταγγέλλεται</strong></span> 
     </span>
    </p>
   </div>
   <div class='ocr_carea' id='block_1_9' title="bbox 390 793 1978 871">
    <p class='ocr_par' dir='ltr' id='par_1_9' title="bbox 390 793 1978 871">
     <span class='ocr_line' id='line_1_9' title="bbox 390 793 1978 871; baseline 0.005 -27"><span class='ocrx_word' id='word_1_53' title='bbox 390 793 484 844; x_wconf 80' lang='grc' dir='ltr'>καὶ</span> <span class='ocrx_word' id='word_1_54' title='bbox 525 793 858 855; x_wconf 62' lang='grc' dir='ltr'>πιστεύεται,</span> <span class='ocrx_word' id='word_1_55' title='bbox 893 795 1258 867; x_wconf 77' lang='grc' dir='ltr'><strong>ἀπεριέργως,</strong></span> <span class='ocrx_word' id='word_1_56' title='bbox 1303 798 1659 867; x_wconf 78' lang='grc' dir='ltr'><strong>ἀφιλονείκως</strong></span> <span class='ocrx_word' id='word_1_57' title='bbox 1684 801 1725 863; x_wconf 86' lang='grc'>¹,</span> <span class='ocrx_word' id='word_1_58' title='bbox 1785 800 1978 871; x_wconf 78' lang='grc' dir='ltr'>συνθη-</span> 
     </span>
    </p>
   </div>
   <div class='ocr_carea' id='block_1_10' title="bbox 393 883 1976 962">
    <p class='ocr_par' dir='ltr' id='par_1_10' title="bbox 393 883 1976 962">
     <span class='ocr_line' id='line_1_10' title="bbox 393 883 1976 962; baseline 0.006 -27"><span class='ocrx_word' id='word_1_59' title='bbox 393 883 582 953; x_wconf 83' lang='grc' dir='ltr'>μάτων</span> <span class='ocrx_word' id='word_1_60' title='bbox 607 885 819 948; x_wconf 81' lang='grc' dir='ltr'>ἀκοαῖς.</span> <span class='ocrx_word' id='word_1_61' title='bbox 859 885 953 938; x_wconf 82' lang='grc' dir='ltr'>Ἐκ</span> <span class='ocrx_word' id='word_1_62' title='bbox 977 886 1211 953; x_wconf 85' lang='grc' dir='ltr'>πίστεως</span> <span class='ocrx_word' id='word_1_63' title='bbox 1246 888 1304 941; x_wconf 85' lang='grc' dir='ltr'><strong>δὲ</strong></span> <span class='ocrx_word' id='word_1_64' title='bbox 1349 890 1520 961; x_wconf 76' lang='grc' dir='ltr'>αὐτῆς</span> <span class='ocrx_word' id='word_1_65' title='bbox 1547 892 1579 959; x_wconf 81' lang='grc' dir='ltr'><strong>ὴ</strong></span> <span class='ocrx_word' id='word_1_66' title='bbox 1611 891 1852 962; x_wconf 85' lang='grc' dir='ltr'>σωτηρία</span> <span class='ocrx_word' id='word_1_67' title='bbox 1879 892 1976 961; x_wconf 84' lang='grc' dir='ltr'><strong>τῆς</strong></span> 
     </span>
    </p>
   </div>
   <div class='ocr_carea' id='block_1_11' title="bbox 389 975 1978 1055">
    <p class='ocr_par' dir='ltr' id='par_1_11' title="bbox 389 975 1978 1055">
     <span class='ocr_line' id='line_1_11' title="bbox 389 975 1978 1055; baseline 0.007 -28"><span class='ocrx_word' id='word_1_68' title='bbox 389 975 648 1046; x_wconf 81' lang='grc' dir='ltr'>χάριτος·</span> <span class='ocrx_word' id='word_1_69' title='bbox 678 977 741 1028; x_wconf 79' lang='grc' dir='ltr'>ἐκ</span> <span class='ocrx_word' id='word_1_70' title='bbox 773 976 1008 1040; x_wconf 88' lang='grc' dir='ltr'>πίστεως</span> <span class='ocrx_word' id='word_1_71' title='bbox 1047 980 1078 1049; x_wconf 84' lang='grc' dir='ltr'>ὴ</span> <span class='ocrx_word' id='word_1_72' title='bbox 1122 978 1433 1051; x_wconf 78' lang='grc' dir='ltr'><strong>δικαιοσύνη</strong></span> <span class='ocrx_word' id='word_1_73' title='bbox 1473 983 1642 1055; x_wconf 79' lang='grc' dir='ltr'>χωρὶς</span> <span class='ocrx_word' id='word_1_74' title='bbox 1688 981 1862 1053; x_wconf 82' lang='grc' dir='ltr'><strong>ἔργων</strong></span> <span class='ocrx_word' id='word_1_75' title='bbox 1892 984 1978 1038; x_wconf 89' lang='grc' dir='ltr'>νό-</span> 
     </span>
    </p>
   </div>
   <div class='ocr_carea' id='block_1_12' title="bbox 391 1069 1973 1145">
    <p class='ocr_par' dir='ltr' id='par_1_12' title="bbox 391 1069 1973 1145">
     <span class='ocr_line' id='line_1_12' title="bbox 391 1069 1973 1145; baseline 0.006 -25"><span class='ocrx_word' id='word_1_76' title='bbox 391 1085 495 1138; x_wconf 88' lang='grc' dir='ltr'><strong>μου</strong></span> <span class='ocrx_word' id='word_1_77' title='bbox 539 1069 870 1140; x_wconf 83' lang='grc' dir='ltr'>γέγραπται,</span> <span class='ocrx_word' id='word_1_78' title='bbox 923 1070 982 1135; x_wconf 73' lang='grc' dir='ltr'>ἐξ</span> <span class='ocrx_word' id='word_1_79' title='bbox 1025 1071 1196 1141; x_wconf 80' lang='grc' dir='ltr'>ἀκοῆς</span> <span class='ocrx_word' id='word_1_80' title='bbox 1240 1071 1477 1136; x_wconf 81' lang='grc' dir='ltr'>πίστεως</span> <span class='ocrx_word' id='word_1_81' title='bbox 1517 1073 1577 1128; x_wconf 79' lang='grc' dir='ltr'><strong>τὸ</strong></span> <span class='ocrx_word' id='word_1_82' title='bbox 1614 1074 1839 1145; x_wconf 83' lang='grc' dir='ltr'>Πνεῦμα</span> <span class='ocrx_word' id='word_1_83' title='bbox 1883 1074 1973 1130; x_wconf 85' lang='grc' dir='ltr'><strong>τοῦ</strong></span> 
     </span>
    </p>
   </div>
   <div class='ocr_carea' id='block_1_13' title="bbox 388 1160 1975 1239">
    <p class='ocr_par' dir='ltr' id='par_1_13' title="bbox 388 1160 1975 1239">
     <span class='ocr_line' id='line_1_13' title="bbox 388 1160 1975 1239; baseline 0.006 -26"><span class='ocrx_word' id='word_1_84' title='bbox 388 1160 630 1232; x_wconf 80' lang='grc' dir='ltr'><strong>Χριστοῦ</strong></span> <span class='ocrx_word' id='word_1_85' title='bbox 707 1161 985 1215; x_wconf 83' lang='grc' dir='ltr'>δίδοσθαι¹</span> <span class='ocrx_word' id='word_1_86' title='bbox 1029 1165 1142 1225; x_wconf 85' lang='grc' dir='ltr'>τοῖς</span> <span class='ocrx_word' id='word_1_87' title='bbox 1199 1162 1546 1235; x_wconf 73' lang='grc' dir='ltr'><strong>σωζομένοις.</strong></span> <span class='ocrx_word' id='word_1_88' title='bbox 1597 1166 1784 1230; x_wconf 88' lang='grc' dir='ltr'>Πίστις</span> <span class='ocrx_word' id='word_1_89' title='bbox 1836 1167 1891 1221; x_wconf 80' lang='grc' dir='ltr'>δὲ</span> <span class='ocrx_word' id='word_1_90' title='bbox 1941 1169 1975 1239; x_wconf 80' lang='grc' dir='ltr'>ἡ</span> 
     </span>
    </p>
   </div>
   <div class='ocr_carea' id='block_1_14' title="bbox 386 1251 1975 1327">
    <p class='ocr_par' dir='ltr' id='par_1_14' title="bbox 386 1251 1975 1327">
     <span class='ocr_line' id='line_1_14' title="bbox 386 1251 1975 1327; baseline 0.004 -22"><span class='ocrx_word' id='word_1_91' title='bbox 386 1252 616 1306; x_wconf 78' lang='grc' dir='ltr'><strong>καθόλου</strong></span> <span class='ocrx_word' id='word_1_92' title='bbox 645 1251 900 1324; x_wconf 80' lang='grc' dir='ltr'><strong>κηρύκων</strong></span> <span class='ocrx_word' id='word_1_93' title='bbox 924 1257 1129 1322; x_wconf 78' lang='grc' dir='ltr'>φωναῖς</span> <span class='ocrx_word' id='word_1_94' title='bbox 1158 1253 1296 1326; x_wconf 80' lang='grc' dir='ltr'>αῦτη</span> <span class='ocrx_word' id='word_1_95' title='bbox 1327 1256 1673 1326; x_wconf 87' lang='grc' dir='ltr'>σημαίνεται,</span> <span class='ocrx_word' id='word_1_96' title='bbox 1695 1257 1770 1320; x_wconf 87' lang='grc' dir='ltr'>ὼς</span> <span class='ocrx_word' id='word_1_97' title='bbox 1801 1258 1975 1327; x_wconf 77' lang='grc' dir='ltr'>ἔγωγε</span> 
     </span>
    </p>
   </div>
   <div class='ocr_carea' id='block_1_15' title="bbox 385 1339 1978 1420">
    <p class='ocr_par' dir='ltr' id='par_1_15' title="bbox 385 1339 1978 1420">
     <span class='ocr_line' id='line_1_15' title="bbox 385 1339 1978 1420; baseline 0.005 -24"><span class='ocrx_word' id='word_1_98' title='bbox 385 1339 971 1414; x_wconf 78' lang='grc' dir='ltr'>οἷμαι,κατηχούμενος</span> <span class='ocrx_word' id='word_1_99' title='bbox 1003 1345 1067 1398; x_wconf 81' lang='grc' dir='ltr'><strong>ὲκ</strong></span> <span class='ocrx_word' id='word_1_100' title='bbox 1091 1346 1340 1416; x_wconf 79' lang='grc' dir='ltr'>Γραφῶν,</span> <span class='ocrx_word' id='word_1_101' title='bbox 1365 1349 1492 1418; x_wconf 86' lang='grc' dir='ltr'>τρία</span> <span class='ocrx_word' id='word_1_102' title='bbox 1519 1348 1670 1416; x_wconf 73' lang='grc' dir='ltr'>ἅγια.</span> <span class='ocrx_word' id='word_1_103' title='bbox 1698 1350 1824 1420; x_wconf 87' lang='grc' dir='ltr'>τρία</span> <span class='ocrx_word' id='word_1_104' title='bbox 1854 1367 1978 1404; x_wconf 84' lang='grc' dir='ltr'>συν·-</span> 
     </span>
    </p>
   </div>
   <div class='ocr_carea' id='block_1_16' title="bbox 385 1436 1977 1513">
    <p class='ocr_par' dir='ltr' id='par_1_16' title="bbox 385 1436 1977 1513">
     <span class='ocr_line' id='line_1_16' title="bbox 385 1436 1977 1513; baseline 0.003 -23"><span class='ocrx_word' id='word_1_105' title='bbox 385 1436 539 1502; x_wconf 83' lang='grc' dir='ltr'>ἀγια,</span> <span class='ocrx_word' id='word_1_106' title='bbox 564 1437 690 1506; x_wconf 87' lang='grc' dir='ltr'>τρία</span> <span class='ocrx_word' id='word_1_107' title='bbox 730 1436 1004 1507; x_wconf 80' lang='grc' dir='ltr'>ὑπαρκτὰ,</span> <span class='ocrx_word' id='word_1_108' title='bbox 1030 1438 1156 1508; x_wconf 87' lang='grc' dir='ltr'>τρία</span> <span class='ocrx_word' id='word_1_109' title='bbox 1198 1437 1569 1510; x_wconf 84' lang='grc' dir='ltr'>συνύπαρκτα,</span> <span class='ocrx_word' id='word_1_110' title='bbox 1601 1440 1726 1512; x_wconf 87' lang='grc' dir='ltr'>τρία</span> <span class='ocrx_word' id='word_1_111' title='bbox 1769 1440 1977 1513; x_wconf 81' lang='grc' dir='ltr'>ἔμμορ-</span> 
     </span>
    </p>
   </div>
   <div class='ocr_carea' id='block_1_17' title="bbox 385 1526 1975 1605">
    <p class='ocr_par' dir='ltr' id='par_1_17' title="bbox 385 1526 1975 1605">
     <span class='ocr_line' id='line_1_17' title="bbox 385 1526 1975 1605; baseline 0.006 -27"><span class='ocrx_word' id='word_1_112' title='bbox 385 1545 485 1596; x_wconf 82' lang='grc' dir='ltr'>φα,</span> <span class='ocrx_word' id='word_1_113' title='bbox 507 1526 634 1596; x_wconf 84' lang='grc' dir='ltr'>τρία</span> <span class='ocrx_word' id='word_1_114' title='bbox 667 1526 985 1599; x_wconf 79' lang='grc' dir='ltr'>σύμμορφα,</span> <span class='ocrx_word' id='word_1_115' title='bbox 1019 1529 1144 1600; x_wconf 89' lang='grc' dir='ltr'>τρία</span> <span class='ocrx_word' id='word_1_116' title='bbox 1175 1530 1391 1602; x_wconf 79' lang='grc' dir='ltr'>ἐνεργὰ,</span> <span class='ocrx_word' id='word_1_117' title='bbox 1410 1531 1533 1604; x_wconf 84' lang='grc' dir='ltr'>τρία</span> <span class='ocrx_word' id='word_1_118' title='bbox 1564 1533 1817 1604; x_wconf 79' lang='grc' dir='ltr'>συνεργὰ,</span> <span class='ocrx_word' id='word_1_119' title='bbox 1848 1535 1975 1605; x_wconf 86' lang='grc' dir='ltr'>τρία</span> 
     </span>
    </p>
   </div>
   <div class='ocr_carea' id='block_1_18' title="bbox 385 1619 1971 1695">
    <p class='ocr_par' dir='ltr' id='par_1_18' title="bbox 385 1619 1971 1695">
     <span class='ocr_line' id='line_1_18' title="bbox 385 1619 1971 1695; baseline 0.006 -25"><span class='ocrx_word' id='word_1_120' title='bbox 385 1619 761 1683; x_wconf 79' lang='grc' dir='ltr'>ὲνυπόστατα,</span> <span class='ocrx_word' id='word_1_121' title='bbox 817 1620 944 1690; x_wconf 89' lang='grc' dir='ltr'>τρία</span> <span class='ocrx_word' id='word_1_122' title='bbox 995 1621 1376 1676; x_wconf 81' lang='grc' dir='ltr'>συνυπόστατα</span> <span class='ocrx_word' id='word_1_123' title='bbox 1432 1623 1682 1695; x_wconf 77' lang='grc' dir='ltr'>ἀλλήλοις</span> <span class='ocrx_word' id='word_1_124' title='bbox 1724 1625 1971 1679; x_wconf 86' lang='grc' dir='ltr'>συνόντα.</span> 
     </span>
    </p>
   </div>
   <div class='ocr_carea' id='block_1_19' title="bbox 384 1707 1972 1787">
    <p class='ocr_par' dir='ltr' id='par_1_19' title="bbox 384 1707 1972 1787">
     <span class='ocr_line' id='line_1_19' title="bbox 384 1707 1972 1787; baseline 0.007 -28"><span class='ocrx_word' id='word_1_125' title='bbox 384 1707 556 1780; x_wconf 77' lang='grc' dir='ltr'>Τριάς</span> <span class='ocrx_word' id='word_1_126' title='bbox 587 1707 725 1778; x_wconf 76' lang='grc' dir='ltr'>αὕτη</span> <span class='ocrx_word' id='word_1_127' title='bbox 763 1710 892 1778; x_wconf 85' lang='grc' dir='ltr'>ἁγία</span> <span class='ocrx_word' id='word_1_128' title='bbox 918 1711 1182 1777; x_wconf 86' lang='grc' dir='ltr'>καλεῖται,</span> <span class='ocrx_word' id='word_1_129' title='bbox 1222 1715 1349 1784; x_wconf 83' lang='grc' dir='ltr'>τρία</span> <span class='ocrx_word' id='word_1_130' title='bbox 1395 1713 1545 1778; x_wconf 80' lang='grc' dir='ltr'>ὄντα,</span> <span class='ocrx_word' id='word_1_131' title='bbox 1599 1715 1698 1786; x_wconf 85' lang='grc' dir='ltr'>μία</span> <span class='ocrx_word' id='word_1_132' title='bbox 1747 1732 1972 1787; x_wconf 77' lang='grc' dir='ltr'>συμφω-</span> 
     </span>
    </p>
   </div>
   <div class='ocr_carea' id='block_1_20' title="bbox 2080 521 3654 598">
    <p class='ocr_par' dir='ltr' id='par_1_20' title="bbox 2080 521 3654 598">
     <span class='ocr_line' id='line_1_20' title="bbox 2080 521 3654 598; baseline 0.006 -24"><span class='ocrx_word' id='word_1_133' title='bbox 2080 531 2242 591; x_wconf 87' lang='lat' dir='ltr'><strong>atque</strong></span> <span class='ocrx_word' id='word_1_134' title='bbox 2271 523 2459 576; x_wconf 90' lang='lat' dir='ltr'><strong>auditu</strong></span> <span class='ocrx_word' id='word_1_135' title='bbox 2494 521 2759 576; x_wconf 78' lang='lat' dir='ltr'><strong>duntaxat</strong></span> <span class='ocrx_word' id='word_1_136' title='bbox 2812 525 3056 594; x_wconf 82' lang='lat' dir='ltr'><strong>intelligo</strong></span> <span class='ocrx_word' id='word_1_137' title='bbox 3081 567 3096 592; x_wconf 89' lang='lat'><strong>,</strong></span> <span class='ocrx_word' id='word_1_138' title='bbox 3145 534 3258 579; x_wconf 89' lang='lat' dir='ltr'><strong>tum</strong></span> <span class='ocrx_word' id='word_1_139' title='bbox 3296 541 3482 582; x_wconf 86' lang='lat' dir='ltr'><strong>amore</strong></span> <span class='ocrx_word' id='word_1_140' title='bbox 3527 545 3654 598; x_wconf 83' lang='lat' dir='ltr'><strong>erga</strong></span> 
     </span>
    </p>
   </div>
   <div class='ocr_carea' id='block_1_21' title="bbox 2078 611 3652 688">
    <p class='ocr_par' dir='ltr' id='par_1_21' title="bbox 2078 611 3652 688">
     <span class='ocr_line' id='line_1_21' title="bbox 2078 611 3652 688; baseline 0.006 -24"><span class='ocrx_word' id='word_1_141' title='bbox 2078 611 2228 666; x_wconf 89' lang='lat' dir='ltr'><strong>illum</strong></span> <span class='ocrx_word' id='word_1_142' title='bbox 2271 629 2335 668; x_wconf 90' lang='lat' dir='ltr'><strong>ac</strong></span> <span class='ocrx_word' id='word_1_143' title='bbox 2367 615 2766 679; x_wconf 82' lang='lat' dir='ltr'><strong>benevolentia.</strong></span> <span class='ocrx_word' id='word_1_144' title='bbox 2799 617 2891 686; x_wconf 90' lang='lat' dir='ltr'><strong>qui</strong></span> <span class='ocrx_word' id='word_1_145' title='bbox 2927 618 2992 672; x_wconf 86' lang='lat' dir='ltr'><strong>ad</strong></span> <span class='ocrx_word' id='word_1_146' title='bbox 3024 634 3109 672; x_wconf 91' lang='lat' dir='ltr'><strong>me</strong></span> <span class='ocrx_word' id='word_1_147' title='bbox 3145 634 3317 688; x_wconf 86' lang='lat' dir='ltr'><strong>usque</strong></span> <span class='ocrx_word' id='word_1_148' title='bbox 3349 619 3652 674; x_wconf 91' lang='lat' dir='ltr'><strong>descendit.</strong></span> 
     </span>
    </p>
   </div>
   <div class='ocr_carea' id='block_1_22' title="bbox 2078 701 3657 784">
    <p class='ocr_par' dir='ltr' id='par_1_22' title="bbox 2078 701 3657 784">
     <span class='ocr_line' id='line_1_22' title="bbox 2078 701 3657 784; baseline 0.008 -30"><span class='ocrx_word' id='word_1_149' title='bbox 2078 701 2221 757; x_wconf 85' lang='lat' dir='ltr'><strong>Deus</strong></span> <span class='ocrx_word' id='word_1_150' title='bbox 2247 705 2392 759; x_wconf 87' lang='lat' dir='ltr'><strong>enim</strong></span> <span class='ocrx_word' id='word_1_151' title='bbox 2422 707 2662 774; x_wconf 87' lang='lat' dir='ltr'><strong>seipsum</strong></span> <span class='ocrx_word' id='word_1_152' title='bbox 2705 710 3024 777; x_wconf 85' lang='lat' dir='ltr'><strong>cognoscit,</strong></span> <span class='ocrx_word' id='word_1_153' title='bbox 3063 710 3317 768; x_wconf 75' lang='lat' dir='ltr'><strong>Christus</strong></span> <span class='ocrx_word' id='word_1_154' title='bbox 3355 729 3476 769; x_wconf 86' lang='lat' dir='ltr'><strong>sese</strong></span> <span class='ocrx_word' id='word_1_155' title='bbox 3519 730 3657 784; x_wconf 66' lang='lat' dir='ltr'><strong>pra!-</strong></span> 
     </span>
    </p>
   </div>
   <div class='ocr_carea' id='block_1_23' title="bbox 2077 793 3654 874">
    <p class='ocr_par' dir='ltr' id='par_1_23' title="bbox 2077 793 3654 874">
     <span class='ocr_line' id='line_1_23' title="bbox 2077 793 3654 874; baseline 0.008 -28"><span class='ocrx_word' id='word_1_156' title='bbox 2077 793 2264 858; x_wconf 89' lang='lat' dir='ltr'><strong>dicat,</strong></span> <span class='ocrx_word' id='word_1_157' title='bbox 2325 793 2564 865; x_wconf 90' lang='lat' dir='ltr'><strong>Spiritus</strong></span> <span class='ocrx_word' id='word_1_158' title='bbox 2620 805 2844 852; x_wconf 87' lang='lat' dir='ltr'><strong>sanctus</strong></span> <span class='ocrx_word' id='word_1_159' title='bbox 2898 798 3131 868; x_wconf 88' lang='lat' dir='ltr'><strong>denique</strong></span> <span class='ocrx_word' id='word_1_160' title='bbox 3174 802 3411 872; x_wconf 86' lang='lat' dir='ltr'><strong>seipsum</strong></span> <span class='ocrx_word' id='word_1_161' title='bbox 3453 805 3520 858; x_wconf 89' lang='lat' dir='ltr'><strong>iis</strong></span> <span class='ocrx_word' id='word_1_162' title='bbox 3561 805 3654 874; x_wconf 86' lang='lat' dir='ltr'><strong>qui</strong></span> 
     </span>
    </p>
   </div>
   <div class='ocr_carea' id='block_1_24' title="bbox 2077 884 3656 956">
    <p class='ocr_par' dir='ltr' id='par_1_24' title="bbox 2077 884 3656 956">
     <span class='ocr_line' id='line_1_24' title="bbox 2077 884 3656 956; baseline 0.007 -16"><span class='ocrx_word' id='word_1_163' title='bbox 2077 884 2224 956; x_wconf 82' lang='lat' dir='ltr'><strong>digni</strong></span> <span class='ocrx_word' id='word_1_164' title='bbox 2254 894 2407 951; x_wconf 89' lang='lat' dir='ltr'><strong>sunt,</strong></span> <span class='ocrx_word' id='word_1_165' title='bbox 2443 887 2700 944; x_wconf 87' lang='lat' dir='ltr'><strong>ostendit.</strong></span> <span class='ocrx_word' id='word_1_166' title='bbox 2740 887 2912 942; x_wconf 89' lang='lat' dir='ltr'><strong>Porro</strong></span> <span class='ocrx_word' id='word_1_167' title='bbox 2947 892 3125 945; x_wconf 89' lang='lat' dir='ltr'><strong>sacris</strong></span> <span class='ocrx_word' id='word_1_168' title='bbox 3167 893 3221 946; x_wconf 92' lang='lat' dir='ltr'><strong>in</strong></span> <span class='ocrx_word' id='word_1_169' title='bbox 3261 893 3479 950; x_wconf 82' lang='lat' dir='ltr'><strong>Litteris</strong></span> <span class='ocrx_word' id='word_1_170' title='bbox 3514 912 3656 951; x_wconf 80' lang='lat' dir='ltr'><strong>nun—</strong></span> 
     </span>
    </p>
   </div>
   <div class='ocr_carea' id='block_1_25' title="bbox 2077 977 3656 1051">
    <p class='ocr_par' dir='ltr' id='par_1_25' title="bbox 2077 977 3656 1051">
     <span class='ocr_line' id='line_1_25' title="bbox 2077 977 3656 1051; baseline 0.006 -21"><span class='ocrx_word' id='word_1_171' title='bbox 2077 978 2207 1030; x_wconf 83' lang='lat' dir='ltr'><strong>tiata</strong></span> <span class='ocrx_word' id='word_1_172' title='bbox 2247 977 2403 1032; x_wconf 88' lang='lat' dir='ltr'><strong>nobis</strong></span> <span class='ocrx_word' id='word_1_173' title='bbox 2441 977 2543 1043; x_wconf 75' lang='lat' dir='ltr'><strong>est,</strong></span> <span class='ocrx_word' id='word_1_174' title='bbox 2587 977 2818 1049; x_wconf 84' lang='lat' dir='ltr'><strong>ﬁdeique</strong></span> <span class='ocrx_word' id='word_1_175' title='bbox 2857 989 3060 1036; x_wconf 72' lang='lat' dir='ltr'><strong>nostra:</strong></span> <span class='ocrx_word' id='word_1_176' title='bbox 3085 984 3359 1051; x_wconf 88' lang='lat' dir='ltr'><strong>proposita</strong></span> <span class='ocrx_word' id='word_1_177' title='bbox 3391 984 3656 1050; x_wconf 82' lang='lat' dir='ltr'><strong>Trinitas,</strong></span> 
     </span>
    </p>
   </div>
   <div class='ocr_carea' id='block_1_26' title="bbox 2078 1069 3656 1138">
    <p class='ocr_par' dir='ltr' id='par_1_26' title="bbox 2078 1069 3656 1138">
     <span class='ocr_line' id='line_1_26' title="bbox 2078 1069 3656 1138; baseline 0.004 -16"><span class='ocrx_word' id='word_1_178' title='bbox 2078 1069 2132 1122; x_wconf 92' lang='lat' dir='ltr'><strong>in</strong></span> <span class='ocrx_word' id='word_1_179' title='bbox 2183 1084 2288 1137; x_wconf 88' lang='lat' dir='ltr'><strong>qua</strong></span> <span class='ocrx_word' id='word_1_180' title='bbox 2342 1069 2476 1124; x_wconf 86' lang='lat' dir='ltr'><strong>nihil</strong></span> <span class='ocrx_word' id='word_1_181' title='bbox 2529 1070 2809 1125; x_wconf 85' lang='lat' dir='ltr'><strong>curiosum</strong></span> <span class='ocrx_word' id='word_1_182' title='bbox 2864 1077 2989 1135; x_wconf 84' lang='lat' dir='ltr'><strong>est,</strong></span> <span class='ocrx_word' id='word_1_183' title='bbox 3045 1073 3446 1127; x_wconf 82' lang='lat' dir='ltr'><strong>contentiosum</strong></span> <span class='ocrx_word' id='word_1_184' title='bbox 3495 1075 3656 1138; x_wconf 88' lang='lat' dir='ltr'><strong>nihil,-</strong></span> 
     </span>
    </p>
   </div>
   <div class='ocr_carea' id='block_1_27' title="bbox 2077 1161 3660 1235">
    <p class='ocr_par' dir='ltr' id='par_1_27' title="bbox 2077 1161 3660 1235">
     <span class='ocr_line' id='line_1_27' title="bbox 2077 1161 3660 1235; baseline 0.004 -21"><span class='ocrx_word' id='word_1_185' title='bbox 2077 1176 2238 1231; x_wconf 86' lang='lat' dir='ltr'><strong>quam</strong></span> <span class='ocrx_word' id='word_1_186' title='bbox 2272 1177 2336 1214; x_wconf 78' lang='lat' dir='ltr'><strong>ex</strong></span> <span class='ocrx_word' id='word_1_187' title='bbox 2373 1161 2556 1214; x_wconf 88' lang='lat' dir='ltr'><strong>audita</strong></span> <span class='ocrx_word' id='word_1_188' title='bbox 2599 1170 2806 1216; x_wconf 83' lang='lat' dir='ltr'><strong>tessera</strong></span> <span class='ocrx_word' id='word_1_189' title='bbox 2841 1161 3198 1232; x_wconf 86' lang='lat' dir='ltr'><strong>symboloque</strong></span> <span class='ocrx_word' id='word_1_190' title='bbox 3227 1163 3414 1217; x_wconf 89' lang='lat' dir='ltr'><strong>didici.</strong></span> <span class='ocrx_word' id='word_1_191' title='bbox 3447 1163 3660 1235; x_wconf 83' lang='lat' dir='ltr'><strong>Quippe</strong></span> 
     </span>
    </p>
   </div>
   <div class='ocr_carea' id='block_1_28' title="bbox 2075 1249 3660 1324">
    <p class='ocr_par' dir='ltr' id='par_1_28' title="bbox 2075 1249 3660 1324">
     <span class='ocr_line' id='line_1_28' title="bbox 2075 1249 3660 1324; baseline 0.002 -19"><span class='ocrx_word' id='word_1_192' title='bbox 2075 1265 2139 1305; x_wconf 82' lang='lat' dir='ltr'><strong>ex</strong></span> <span class='ocrx_word' id='word_1_193' title='bbox 2172 1251 2288 1320; x_wconf 90' lang='lat' dir='ltr'><strong>ipsa</strong></span> <span class='ocrx_word' id='word_1_194' title='bbox 2323 1249 2424 1304; x_wconf 91' lang='lat' dir='ltr'><strong>ﬁde</strong></span> <span class='ocrx_word' id='word_1_195' title='bbox 2452 1250 2639 1320; x_wconf 73' lang='lat' dir='ltr'><strong>gratia:</strong></span> <span class='ocrx_word' id='word_1_196' title='bbox 2673 1249 2844 1312; x_wconf 88' lang='lat' dir='ltr'><strong>salus,</strong></span> <span class='ocrx_word' id='word_1_197' title='bbox 2869 1264 2935 1303; x_wconf 83' lang='lat' dir='ltr'><strong>ex</strong></span> <span class='ocrx_word' id='word_1_198' title='bbox 2963 1250 3066 1305; x_wconf 91' lang='lat' dir='ltr'><strong>ﬁde</strong></span> <span class='ocrx_word' id='word_1_199' title='bbox 3089 1251 3325 1320; x_wconf 90' lang='lat' dir='ltr'><strong>justitia,</strong></span> <span class='ocrx_word' id='word_1_200' title='bbox 3350 1251 3486 1305; x_wconf 87' lang='lat' dir='ltr'><strong>citra</strong></span> <span class='ocrx_word' id='word_1_201' title='bbox 3521 1253 3660 1324; x_wconf 90' lang='lat' dir='ltr'><strong>legis</strong></span> 
     </span>
    </p>
   </div>
   <div class='ocr_carea' id='block_1_29' title="bbox 2075 1343 3657 1414">
    <p class='ocr_par' dir='ltr' id='par_1_29' title="bbox 2075 1343 3657 1414">
     <span class='ocr_line' id='line_1_29' title="bbox 2075 1343 3657 1414; baseline 0.003 -18"><span class='ocrx_word' id='word_1_202' title='bbox 2075 1357 2260 1410; x_wconf 82' lang='lat' dir='ltr'><strong>opera,</strong></span> <span class='ocrx_word' id='word_1_203' title='bbox 2299 1343 2378 1397; x_wconf 87' lang='lat' dir='ltr'><strong>uti</strong></span> <span class='ocrx_word' id='word_1_204' title='bbox 2413 1343 2675 1413; x_wconf 84' lang='lat' dir='ltr'><strong>scriptum</strong></span> <span class='ocrx_word' id='word_1_205' title='bbox 2701 1343 2849 1407; x_wconf 66' lang='lat' dir='ltr'><strong>est’,</strong></span> <span class='ocrx_word' id='word_1_206' title='bbox 2883 1357 2945 1397; x_wconf 78' lang='lat' dir='ltr'><strong>ex</strong></span> <span class='ocrx_word' id='word_1_207' title='bbox 2986 1343 3143 1411; x_wconf 89' lang='lat' dir='ltr'><strong>ﬁdei,</strong></span> <span class='ocrx_word' id='word_1_208' title='bbox 3175 1343 3432 1414; x_wconf 87' lang='lat' dir='ltr'><strong>inquam,</strong></span> <span class='ocrx_word' id='word_1_209' title='bbox 3466 1345 3657 1402; x_wconf 89' lang='lat' dir='ltr'><strong>auditu</strong></span> 
     </span>
    </p>
   </div>
   <div class='ocr_carea' id='block_1_30' title="bbox 2076 1433 3656 1504">
    <p class='ocr_par' dir='ltr' id='par_1_30' title="bbox 2076 1433 3656 1504">
     <span class='ocr_line' id='line_1_30' title="bbox 2076 1433 3656 1504; baseline 0.001 -16"><span class='ocrx_word' id='word_1_210' title='bbox 2076 1433 2145 1490; x_wconf 91' lang='lat' dir='ltr'><strong>iis</strong></span> <span class='ocrx_word' id='word_1_211' title='bbox 2175 1435 2266 1504; x_wconf 87' lang='lat' dir='ltr'><strong>qui</strong></span> <span class='ocrx_word' id='word_1_212' title='bbox 2318 1437 2552 1489; x_wconf 84' lang='lat' dir='ltr'><strong>salutem</strong></span> <span class='ocrx_word' id='word_1_213' title='bbox 2587 1435 2856 1497; x_wconf 84' lang='lat' dir='ltr'><strong>obtinent,</strong></span> <span class='ocrx_word' id='word_1_214' title='bbox 2889 1434 3125 1504; x_wconf 83' lang='lat' dir='ltr'><strong>Spiritus</strong></span> <span class='ocrx_word' id='word_1_215' title='bbox 3159 1435 3365 1491; x_wconf 88' lang='lat' dir='ltr'><strong>Christi</strong></span> <span class='ocrx_word' id='word_1_216' title='bbox 3398 1438 3656 1492; x_wconf 89' lang='lat' dir='ltr'><strong>concedi-</strong></span> 
     </span>
    </p>
   </div>
   <div class='ocr_carea' id='block_1_31' title="bbox 2074 1523 3658 1598">
    <p class='ocr_par' dir='ltr' id='par_1_31' title="bbox 2074 1523 3658 1598">
     <span class='ocr_line' id='line_1_31' title="bbox 2074 1523 3658 1598; baseline 0.003 -18"><span class='ocrx_word' id='word_1_217' title='bbox 2074 1532 2184 1580; x_wconf 90' lang='lat' dir='ltr'><strong>tur.</strong></span> <span class='ocrx_word' id='word_1_218' title='bbox 2218 1526 2484 1581; x_wconf 64' lang='lat' dir='ltr'><strong>Caeterum</strong></span> <span class='ocrx_word' id='word_1_219' title='bbox 2517 1535 2780 1597; x_wconf 84' lang='lat' dir='ltr'><strong>quantum</strong></span> <span class='ocrx_word' id='word_1_220' title='bbox 2827 1541 2858 1581; x_wconf 93' lang='lat' dir='ltr'><strong>e</strong></span> <span class='ocrx_word' id='word_1_221' title='bbox 2907 1523 3317 1596; x_wconf 83' lang='lat' dir='ltr'><strong>Scripturarum</strong></span> <span class='ocrx_word' id='word_1_222' title='bbox 3369 1528 3658 1598; x_wconf 81' lang='lat' dir='ltr'><strong>disciplina</strong></span> 
     </span>
    </p>
   </div>
   <div class='ocr_carea' id='block_1_32' title="bbox 2070 1617 3656 1690">
    <p class='ocr_par' dir='ltr' id='par_1_32' title="bbox 2070 1617 3656 1690">
     <span class='ocr_line' id='line_1_32' title="bbox 2070 1617 3656 1690; baseline 0.003 -19"><span class='ocrx_word' id='word_1_223' title='bbox 2070 1617 2320 1687; x_wconf 84' lang='lat' dir='ltr'><strong>judicare</strong></span> <span class='ocrx_word' id='word_1_224' title='bbox 2371 1634 2594 1688; x_wconf 89' lang='lat' dir='ltr'><strong>possum</strong></span> <span class='ocrx_word' id='word_1_225' title='bbox 2624 1658 2639 1682; x_wconf 87' lang='lat'><strong>,</strong></span> <span class='ocrx_word' id='word_1_226' title='bbox 2698 1618 2966 1688; x_wconf 79' lang='lat' dir='ltr'><strong>generalis</strong></span> <span class='ocrx_word' id='word_1_227' title='bbox 3026 1619 3116 1673; x_wconf 90' lang='lat' dir='ltr'><strong>illa</strong></span> <span class='ocrx_word' id='word_1_228' title='bbox 3164 1619 3295 1674; x_wconf 90' lang='lat' dir='ltr'><strong>ﬁdes</strong></span> <span class='ocrx_word' id='word_1_229' title='bbox 3342 1636 3656 1690; x_wconf 66' lang='lat' dir='ltr'><strong>praeconum</strong></span> 
     </span>
    </p>
   </div>
   <div class='ocr_carea' id='block_1_33' title="bbox 2077 1706 3653 1776">
    <p class='ocr_par' dir='ltr' id='par_1_33' title="bbox 2077 1706 3653 1776">
     <span class='ocr_line' id='line_1_33' title="bbox 2077 1706 3653 1776; baseline 0.002 -15"><span class='ocrx_word' id='word_1_230' title='bbox 2077 1708 2302 1763; x_wconf 78' lang='lat' dir='ltr'><strong>vocibus</strong></span> <span class='ocrx_word' id='word_1_231' title='bbox 2324 1709 2634 1763; x_wconf 78' lang='lat' dir='ltr'><strong>declaratur</strong></span> <span class='ocrx_word' id='word_1_232' title='bbox 2665 1706 2973 1776; x_wconf 88' lang='lat' dir='ltr'><strong>ejusmodi:</strong></span> <span class='ocrx_word' id='word_1_233' title='bbox 3007 1708 3108 1761; x_wconf 89' lang='lat' dir='ltr'><strong>tria</strong></span> <span class='ocrx_word' id='word_1_234' title='bbox 3147 1724 3270 1764; x_wconf 90' lang='lat' dir='ltr'><strong>esse</strong></span> <span class='ocrx_word' id='word_1_235' title='bbox 3301 1719 3512 1776; x_wconf 89' lang='lat' dir='ltr'><strong>sancta,</strong></span> <span class='ocrx_word' id='word_1_236' title='bbox 3549 1711 3653 1764; x_wconf 83' lang='lat' dir='ltr'><strong>tria</strong></span> 
     </span>
    </p>
   </div>
   <div class='ocr_carea' id='block_1_34' title="bbox 384 1775 1964 1880">
    <p class='ocr_par' dir='ltr' id='par_1_34' title="bbox 384 1801 1964 1880">
     <span class='ocr_line' id='line_1_34' title="bbox 384 1801 1964 1880; baseline 0.008 -28"><span class='ocrx_word' id='word_1_237' title='bbox 384 1801 493 1865; x_wconf 85' lang='grc' dir='ltr'>νΞα,</span> <span class='ocrx_word' id='word_1_238' title='bbox 528 1801 626 1871; x_wconf 89' lang='grc' dir='ltr'><strong>μία</strong></span> <span class='ocrx_word' id='word_1_239' title='bbox 648 1801 835 1873; x_wconf 81' lang='grc' dir='ltr'>θεότης</span> <span class='ocrx_word' id='word_1_240' title='bbox 861 1805 957 1874; x_wconf 83' lang='grc' dir='ltr'><strong>τῆς</strong></span> <span class='ocrx_word' id='word_1_241' title='bbox 985 1806 1154 1876; x_wconf 83' lang='grc' dir='ltr'>αὐτῆς</span> <span class='ocrx_word' id='word_1_242' title='bbox 1181 1807 1480 1877; x_wconf 80' lang='grc' dir='ltr'>δυνάμεως,</span> <span class='ocrx_word' id='word_1_243' title='bbox 1507 1809 1606 1880; x_wconf 83' lang='grc' dir='ltr'>τῆς</span> <span class='ocrx_word' id='word_1_244' title='bbox 1636 1810 1808 1880; x_wconf 78' lang='grc' dir='ltr'>αὐτῆς</span> <span class='ocrx_word' id='word_1_245' title='bbox 1837 1811 1964 1864; x_wconf 82' lang='grc' dir='ltr'>ὐπο-</span> 
     </span>
    </p>
   </div>
   <div class='ocr_carea' id='block_1_35' title="bbox 2068 1775 3655 1880">
    <p class='ocr_par' dir='ltr' id='par_1_35' title="bbox 2077 1797 3655 1866">
     <span class='ocr_line' id='line_1_35' title="bbox 2077 1797 3655 1866; baseline 0.001 -13"><span class='ocrx_word' id='word_1_246' title='bbox 2077 1799 2237 1853; x_wconf 86' lang='lat' dir='ltr'><strong>simul</strong></span> <span class='ocrx_word' id='word_1_247' title='bbox 2271 1807 2459 1853; x_wconf 86' lang='lat' dir='ltr'><strong>sancta</strong></span> <span class='ocrx_word' id='word_1_248' title='bbox 2487 1817 2500 1866; x_wconf 92' lang='lat'><strong>;</strong></span> <span class='ocrx_word' id='word_1_249' title='bbox 2538 1797 2638 1853; x_wconf 87' lang='lat' dir='ltr'><strong>tria</strong></span> <span class='ocrx_word' id='word_1_250' title='bbox 2672 1799 3013 1864; x_wconf 77' lang='lat' dir='ltr'><strong>exsistentia,</strong></span> <span class='ocrx_word' id='word_1_251' title='bbox 3057 1800 3159 1852; x_wconf 87' lang='lat' dir='ltr'><strong>tria</strong></span> <span class='ocrx_word' id='word_1_252' title='bbox 3190 1800 3353 1854; x_wconf 86' lang='lat' dir='ltr'><strong>simul</strong></span> <span class='ocrx_word' id='word_1_253' title='bbox 3384 1801 3655 1856; x_wconf 78' lang='lat' dir='ltr'><strong>exsisten-</strong></span> 
     </span>
    </p>
   </div>
   <div class='ocr_carea' id='block_1_36' title="bbox 385 1893 1969 1973">
    <p class='ocr_par' dir='ltr' id='par_1_36' title="bbox 385 1893 1969 1973">
     <span class='ocr_line' id='line_1_36' title="bbox 385 1893 1969 1973; baseline 0.008 -29"><span class='ocrx_word' id='word_1_254' title='bbox 385 1893 658 1957; x_wconf 85' lang='grc' dir='ltr'>στάσεως-</span> <span class='ocrx_word' id='word_1_255' title='bbox 700 1895 861 1965; x_wconf 79' lang='grc' dir='ltr'>ὁμοία</span> <span class='ocrx_word' id='word_1_256' title='bbox 897 1896 956 1961; x_wconf 78' lang='grc' dir='ltr'><strong>ἐξ</strong></span> <span class='ocrx_word' id='word_1_257' title='bbox 1005 1899 1210 1968; x_wconf 83' lang='grc' dir='ltr'>ὁμοίου,</span> <span class='ocrx_word' id='word_1_258' title='bbox 1249 1900 1469 1969; x_wconf 77' lang='grc' dir='ltr'>ἰσότητα</span> <span class='ocrx_word' id='word_1_259' title='bbox 1500 1902 1720 1972; x_wconf 74' lang='grc' dir='ltr'>χάριτος</span> <span class='ocrx_word' id='word_1_260' title='bbox 1749 1903 1848 1973; x_wconf 78' lang='grc' dir='ltr'>τῆς</span> <span class='ocrx_word' id='word_1_261' title='bbox 1871 1905 1969 1956; x_wconf 86' lang='grc' dir='ltr'>αύ-</span> 
     </span>
    </p>
   </div>
   <div class='ocr_carea' id='block_1_37' title="bbox 381 1985 1968 2062">
    <p class='ocr_par' dir='ltr' id='par_1_37' title="bbox 381 1985 1968 2062">
     <span class='ocr_line' id='line_1_37' title="bbox 381 1985 1968 2062; baseline 0.007 -26"><span class='ocrx_word' id='word_1_262' title='bbox 381 1986 482 2055; x_wconf 81' lang='grc' dir='ltr'><strong>τῆς</strong></span> <span class='ocrx_word' id='word_1_263' title='bbox 508 1985 730 2056; x_wconf 84' lang='grc' dir='ltr'>χάριτος</span> <span class='ocrx_word' id='word_1_264' title='bbox 763 1988 1076 2059; x_wconf 77' lang='grc' dir='ltr'><strong>ἐργάζεται,</strong></span> <span class='ocrx_word' id='word_1_265' title='bbox 1127 1990 1340 2062; x_wconf 82' lang='grc' dir='ltr'>Πατρὸς</span> <span class='ocrx_word' id='word_1_266' title='bbox 1371 1993 1464 2045; x_wconf 73' lang='grc' dir='ltr'><strong>καὶ</strong></span> <span class='ocrx_word' id='word_1_267' title='bbox 1497 1992 1645 2057; x_wconf 85' lang='grc' dir='ltr'>Υίοῦ,</span> <span class='ocrx_word' id='word_1_268' title='bbox 1689 1993 1782 2046; x_wconf 78' lang='grc' dir='ltr'>καὶ</span> <span class='ocrx_word' id='word_1_269' title='bbox 1813 1995 1968 2062; x_wconf 84' lang='grc' dir='ltr'>ἁγίου</span> 
     </span>
    </p>
   </div>
   <div class='ocr_carea' id='block_1_38' title="bbox 382 2077 1973 2148">
    <p class='ocr_par' dir='ltr' id='par_1_38' title="bbox 382 2077 1973 2148">
     <span class='ocr_line' id='line_1_38' title="bbox 382 2077 1973 2148; baseline 0.006 -18"><span class='ocrx_word' id='word_1_270' title='bbox 382 2077 720 2148; x_wconf 87' lang='grc' dir='ltr'>Πνεύματος.</span> <span class='ocrx_word' id='word_1_271' title='bbox 779 2082 852 2133; x_wconf 81' lang='grc' dir='ltr'><strong>Τὸ</strong></span> <span class='ocrx_word' id='word_1_272' title='bbox 902 2082 960 2135; x_wconf 78' lang='grc' dir='ltr'><strong>δὲ</strong></span> <span class='ocrx_word' id='word_1_273' title='bbox 1008 2083 1147 2147; x_wconf 83' lang='grc' dir='ltr'>πῶς,</span> <span class='ocrx_word' id='word_1_274' title='bbox 1205 2084 1387 2147; x_wconf 82' lang='grc' dir='ltr'>αὐτοῖς</span> <span class='ocrx_word' id='word_1_275' title='bbox 1433 2085 1781 2140; x_wconf 81' lang='grc' dir='ltr'>ἀπολείπεται</span> <span class='ocrx_word' id='word_1_276' title='bbox 1831 2085 1973 2139; x_wconf 69' lang='grc' dir='ltr'>διδάεα</span> 
     </span>
    </p>
   </div>
   <div class='ocr_carea' id='block_1_39' title="bbox 382 2170 1972 2246">
    <p class='ocr_par' dir='ltr' id='par_1_39' title="bbox 382 2170 1972 2246">
     <span class='ocr_line' id='line_1_39' title="bbox 382 2170 1972 2246; baseline 0.006 -23"><span class='ocrx_word' id='word_1_277' title='bbox 382 2187 556 2225; x_wconf 88' lang='grc' dir='ltr'>σκειν.</span> <span class='ocrx_word' id='word_1_278' title='bbox 589 2171 800 2238; x_wconf 80' lang='grc' dir='ltr'>Οὐδείς</span> <span class='ocrx_word' id='word_1_279' title='bbox 825 2170 950 2228; x_wconf 78' lang='grc' dir='ltr'>οἶδε</span> <span class='ocrx_word' id='word_1_280' title='bbox 976 2174 1083 2228; x_wconf 73' lang='grc' dir='ltr'><strong>τὸν</strong></span> <span class='ocrx_word' id='word_1_281' title='bbox 1120 2175 1351 2244; x_wconf 81' lang='grc' dir='ltr'>Πατέρα</span> <span class='ocrx_word' id='word_1_282' title='bbox 1380 2180 1432 2230; x_wconf 88' lang='grc' dir='ltr'><strong>εί</strong></span> <span class='ocrx_word' id='word_1_283' title='bbox 1451 2177 1537 2246; x_wconf 83' lang='grc' dir='ltr'>μὴ</span> <span class='ocrx_word' id='word_1_284' title='bbox 1571 2181 1605 2232; x_wconf 82' lang='grc' dir='ltr'><strong>ό</strong></span> <span class='ocrx_word' id='word_1_285' title='bbox 1641 2179 1794 2244; x_wconf 80' lang='grc' dir='ltr'>Υἱὸς,</span> <span class='ocrx_word' id='word_1_286' title='bbox 1829 2179 1972 2233; x_wconf 80' lang='grc' dir='ltr'><strong>οὐδὲ</strong></span> 
     </span>
    </p>
   </div>
   <div class='ocr_carea' id='block_1_40' title="bbox 379 2261 1970 2336">
    <p class='ocr_par' dir='ltr' id='par_1_40' title="bbox 379 2261 1970 2336">
     <span class='ocr_line' id='line_1_40' title="bbox 379 2261 1970 2336; baseline 0.006 -21"><span class='ocrx_word' id='word_1_287' title='bbox 379 2263 490 2316; x_wconf 74' lang='grc' dir='ltr'>τόν</span> <span class='ocrx_word' id='word_1_288' title='bbox 531 2263 688 2329; x_wconf 76' lang='grc' dir='ltr'>Υἰόν,</span> <span class='ocrx_word' id='word_1_289' title='bbox 722 2267 771 2318; x_wconf 78' lang='lat' dir='ltr'><strong>ei</strong></span> <span class='ocrx_word' id='word_1_290' title='bbox 795 2265 880 2334; x_wconf 81' lang='grc' dir='ltr'>μὴ</span> <span class='ocrx_word' id='word_1_291' title='bbox 915 2269 947 2319; x_wconf 85' lang='grc' dir='ltr'><em>ὀ</em></span> <span class='ocrx_word' id='word_1_292' title='bbox 983 2266 1205 2335; x_wconf 79' lang='grc' dir='ltr'>Πατὴρ,</span> <span class='ocrx_word' id='word_1_293' title='bbox 1239 2268 1335 2321; x_wconf 81' lang='grc' dir='ltr'><strong>καί</strong></span> <span class='ocrx_word' id='word_1_294' title='bbox 1367 2261 1415 2334; x_wconf 81' lang='grc' dir='ltr'>ᾧ</span> <span class='ocrx_word' id='word_1_295' title='bbox 1444 2269 1551 2322; x_wconf 75' lang='grc' dir='ltr'><strong>ἐὰν</strong></span> <span class='ocrx_word' id='word_1_296' title='bbox 1581 2271 1614 2323; x_wconf 83' lang='grc' dir='ltr'><em>ὁ</em></span> <span class='ocrx_word' id='word_1_297' title='bbox 1656 2269 1788 2336; x_wconf 77' lang='grc' dir='ltr'><strong>Υἱὸς</strong></span> <span class='ocrx_word' id='word_1_298' title='bbox 1819 2270 1970 2324; x_wconf 77' lang='grc' dir='ltr'>ἀπο-</span> 
     </span>
    </p>
   </div>
   <div class='ocr_carea' id='block_1_41' title="bbox 381 2355 1965 2431">
    <p class='ocr_par' dir='ltr' id='par_1_41' title="bbox 381 2355 1965 2431">
     <span class='ocr_line' id='line_1_41' title="bbox 381 2355 1965 2431; baseline 0.004 -25"><span class='ocrx_word' id='word_1_299' title='bbox 381 2355 696 2410; x_wconf 77' lang='grc' dir='ltr'>καλύπτει.</span> <span class='ocrx_word' id='word_1_300' title='bbox 730 2356 1129 2412; x_wconf 84' lang='grc' dir='ltr'>Ἀποκαλύπτει</span> <span class='ocrx_word' id='word_1_301' title='bbox 1181 2359 1237 2412; x_wconf 86' lang='grc' dir='ltr'><strong>δὲ</strong></span> <span class='ocrx_word' id='word_1_302' title='bbox 1290 2359 1376 2413; x_wconf 87' lang='grc' dir='ltr'><strong>διὰ</strong></span> <span class='ocrx_word' id='word_1_303' title='bbox 1423 2359 1738 2431; x_wconf 86' lang='grc' dir='ltr'>Πνεύματος</span> <span class='ocrx_word' id='word_1_304' title='bbox 1787 2359 1965 2429; x_wconf 78' lang='grc' dir='ltr'>ἁγίου.</span> 
     </span>
    </p>
   </div>
   <div class='ocr_carea' id='block_1_42' title="bbox 381 2446 1967 2524">
    <p class='ocr_par' dir='ltr' id='par_1_42' title="bbox 381 2446 1967 2524">
     <span class='ocr_line' id='line_1_42' title="bbox 381 2446 1967 2524; baseline 0.003 -25"><span class='ocrx_word' id='word_1_305' title='bbox 381 2446 593 2500; x_wconf 83' lang='grc' dir='ltr'>υὺκοῦν</span> <span class='ocrx_word' id='word_1_306' title='bbox 621 2447 749 2518; x_wconf 83' lang='grc' dir='ltr'>τρία</span> <span class='ocrx_word' id='word_1_307' title='bbox 777 2447 952 2508; x_wconf 84' lang='grc' dir='ltr'>ταῦτα</span> <span class='ocrx_word' id='word_1_308' title='bbox 982 2448 1130 2515; x_wconf 73' lang='grc' dir='ltr'>ὄντα,</span> <span class='ocrx_word' id='word_1_309' title='bbox 1160 2451 1193 2521; x_wconf 86' lang='grc' dir='ltr'>ἢ</span> <span class='ocrx_word' id='word_1_310' title='bbox 1230 2450 1288 2517; x_wconf 67' lang='grc' dir='ltr'><strong>ἐξ</strong></span> <span class='ocrx_word' id='word_1_311' title='bbox 1340 2451 1529 2514; x_wconf 84' lang='grc' dir='ltr'>αὐτοῦ,</span> <span class='ocrx_word' id='word_1_312' title='bbox 1560 2451 1592 2523; x_wconf 83' lang='grc' dir='ltr'>ἢ</span> <span class='ocrx_word' id='word_1_313' title='bbox 1625 2452 1751 2524; x_wconf 77' lang='grc' dir='ltr'>παρ’</span> <span class='ocrx_word' id='word_1_314' title='bbox 1780 2452 1967 2516; x_wconf 78' lang='grc' dir='ltr'>αὐτοῦ,</span> 
     </span>
    </p>
   </div>
   <div class='ocr_carea' id='block_1_43' title="bbox 380 2538 1968 2614">
    <p class='ocr_par' dir='ltr' id='par_1_43' title="bbox 380 2538 1968 2614">
     <span class='ocr_line' id='line_1_43' title="bbox 380 2538 1968 2614; baseline 0.005 -23"><span class='ocrx_word' id='word_1_315' title='bbox 380 2538 415 2609; x_wconf 81' lang='grc' dir='ltr'>ἢ</span> <span class='ocrx_word' id='word_1_316' title='bbox 449 2539 585 2610; x_wconf 73' lang='grc' dir='ltr'>πρὸς</span> <span class='ocrx_word' id='word_1_317' title='bbox 613 2541 795 2604; x_wconf 76' lang='grc' dir='ltr'>αὑτὸν,</span> <span class='ocrx_word' id='word_1_318' title='bbox 824 2542 1038 2612; x_wconf 78' lang='grc' dir='ltr'>ἑκάστῳ</span> <span class='ocrx_word' id='word_1_319' title='bbox 1065 2543 1231 2609; x_wconf 80' lang='grc' dir='ltr'><strong>ἀξίως</strong></span> <span class='ocrx_word' id='word_1_320' title='bbox 1261 2543 1544 2614; x_wconf 83' lang='grc' dir='ltr'>νοούμενα,</span> <span class='ocrx_word' id='word_1_321' title='bbox 1589 2543 1771 2608; x_wconf 86' lang='grc' dir='ltr'>καθὼς</span> <span class='ocrx_word' id='word_1_322' title='bbox 1800 2545 1968 2599; x_wconf 81' lang='grc' dir='ltr'>ἑαυτὰ</span> 
     </span>
    </p>
   </div>
   <div class='ocr_carea' id='block_1_44' title="bbox 378 2631 1966 2709">
    <p class='ocr_par' dir='ltr' id='par_1_44' title="bbox 378 2631 1966 2709">
     <span class='ocr_line' id='line_1_44' title="bbox 378 2631 1966 2709; baseline 0.006 -25"><span class='ocrx_word' id='word_1_323' title='bbox 378 2631 776 2696; x_wconf 79' lang='grc' dir='ltr'>ἀποκαλύπτει,</span> <span class='ocrx_word' id='word_1_324' title='bbox 811 2632 946 2702; x_wconf 82' lang='grc' dir='ltr'>φῶς,</span> <span class='ocrx_word' id='word_1_325' title='bbox 982 2633 1114 2704; x_wconf 85' lang='grc' dir='ltr'>πῦρ,</span> <span class='ocrx_word' id='word_1_326' title='bbox 1150 2635 1387 2706; x_wconf 79' lang='grc' dir='ltr'>πνεῦμα,</span> <span class='ocrx_word' id='word_1_327' title='bbox 1423 2637 1515 2688; x_wconf 77' lang='grc' dir='ltr'>καὶ</span> <span class='ocrx_word' id='word_1_328' title='bbox 1558 2636 1761 2702; x_wconf 82' lang='grc' dir='ltr'>άλλαις,</span> <span class='ocrx_word' id='word_1_329' title='bbox 1792 2633 1966 2709; x_wconf 84' lang='grc' dir='ltr'>οἶμαι,</span> 
     </span>
    </p>
   </div>
   <div class='ocr_carea' id='block_1_45' title="bbox 379 2724 1969 2801">
    <p class='ocr_par' dir='ltr' id='par_1_45' title="bbox 379 2724 1969 2801">
     <span class='ocr_line' id='line_1_45' title="bbox 379 2724 1969 2801; baseline 0.003 -22"><span class='ocrx_word' id='word_1_330' title='bbox 379 2724 625 2796; x_wconf 74' lang='grc' dir='ltr'>ὁράσεων</span> <span class='ocrx_word' id='word_1_331' title='bbox 683 2725 972 2796; x_wconf 73' lang='grc' dir='ltr'>ὁμοιώσεσι</span> <span class='ocrx_word' id='word_1_332' title='bbox 997 2765 1011 2789; x_wconf 87' lang='grc'><strong>,</strong></span> <span class='ocrx_word' id='word_1_333' title='bbox 1058 2726 1240 2790; x_wconf 81' lang='grc' dir='ltr'>καθὼς</span> <span class='ocrx_word' id='word_1_334' title='bbox 1283 2727 1432 2794; x_wconf 79' lang='grc' dir='ltr'>ἄξιος</span> <span class='ocrx_word' id='word_1_335' title='bbox 1475 2730 1503 2782; x_wconf 87' lang='lat'><strong>6</strong></span> <span class='ocrx_word' id='word_1_336' title='bbox 1556 2729 1969 2801; x_wconf 77' lang='grc' dir='ltr'>διακονούμενος</span> 
     </span>
    </p>
   </div>
   <div class='ocr_carea' id='block_1_46' title="bbox 377 2815 1964 2892">
    <p class='ocr_par' dir='ltr' id='par_1_46' title="bbox 377 2815 1964 2892">
     <span class='ocr_line' id='line_1_46' title="bbox 377 2815 1964 2892; baseline 0.003 -22"><span class='ocrx_word' id='word_1_337' title='bbox 377 2815 689 2887; x_wconf 74' lang='grc' dir='ltr'>ἅνθρωπος.</span> <span class='ocrx_word' id='word_1_338' title='bbox 750 2817 919 2880; x_wconf 75' lang='grc' dir='ltr'>Αὐτὸς</span> <span class='ocrx_word' id='word_1_339' title='bbox 962 2816 1141 2871; x_wconf 80' lang='grc' dir='ltr'>τοίνυν</span> <span class='ocrx_word' id='word_1_340' title='bbox 1170 2819 1197 2870; x_wconf 89' lang='lat'><strong>6</strong></span> <span class='ocrx_word' id='word_1_341' title='bbox 1226 2817 1358 2882; x_wconf 86' lang='grc' dir='ltr'>Θεὸς</span> <span class='ocrx_word' id='word_1_342' title='bbox 1400 2821 1428 2872; x_wconf 91' lang='lat'><strong>6</strong></span> <span class='ocrx_word' id='word_1_343' title='bbox 1468 2820 1526 2873; x_wconf 78' lang='grc' dir='ltr'>ἐν</span> <span class='ocrx_word' id='word_1_344' title='bbox 1571 2821 1712 2892; x_wconf 83' lang='grc' dir='ltr'><strong>ἀρχῇ</strong></span> <span class='ocrx_word' id='word_1_345' title='bbox 1761 2821 1964 2875; x_wconf 80' lang='grc' dir='ltr'>εἰπών’</span> 
     </span>
    </p>
   </div>
   <div class='ocr_carea' id='block_1_47' title="bbox 380 2907 1966 2983">
    <p class='ocr_par' dir='ltr' id='par_1_47' title="bbox 380 2907 1966 2983">
     <span class='ocr_line' id='line_1_47' title="bbox 380 2907 1966 2983; baseline 0.004 -23"><span class='ocrx_word' id='word_1_346' title='bbox 380 2907 704 2976; x_wconf 74' lang='grc' dir='ltr'><strong>Γενηθήτω</strong></span> <span class='ocrx_word' id='word_1_347' title='bbox 758 2909 904 2977; x_wconf 65' lang='grc' dir='ltr'>φῶς,</span> <span class='ocrx_word' id='word_1_348' title='bbox 966 2909 1064 2962; x_wconf 80' lang='grc' dir='ltr'><strong>καί</strong></span> <span class='ocrx_word' id='word_1_349' title='bbox 1102 2909 1339 2979; x_wconf 74' lang='grc' dir='ltr'>ἐγένετο</span> <span class='ocrx_word' id='word_1_350' title='bbox 1385 2910 1531 2980; x_wconf 67' lang='grc' dir='ltr'>φῶς,</span> <span class='ocrx_word' id='word_1_351' title='bbox 1565 2912 1627 2963; x_wconf 79' lang='grc' dir='ltr'><strong>τὸ</strong></span> <span class='ocrx_word' id='word_1_352' title='bbox 1651 2912 1927 2983; x_wconf 84' lang='grc' dir='ltr'>ὁρώμενον</span> <span class='ocrx_word' id='word_1_353' title='bbox 1950 2953 1966 2979; x_wconf 89' lang='grc'><strong>,</strong></span> 
     </span>
    </p>
   </div>
   <div class='ocr_carea' id='block_1_48' title="bbox 379 2999 1966 3074">
    <p class='ocr_par' dir='ltr' id='par_1_48' title="bbox 379 2999 1966 3074">
     <span class='ocr_line' id='line_1_48' title="bbox 379 2999 1966 3074; baseline 0.005 -23"><span class='ocrx_word' id='word_1_354' title='bbox 379 2999 546 3062; x_wconf 73' lang='grc' dir='ltr'>αὐτὸς</span> <span class='ocrx_word' id='word_1_355' title='bbox 573 3002 602 3052; x_wconf 87' lang='lat'><strong>6</strong></span> <span class='ocrx_word' id='word_1_356' title='bbox 629 2999 869 3069; x_wconf 72' lang='grc' dir='ltr'>φωτίσας</span> <span class='ocrx_word' id='word_1_357' title='bbox 902 3002 1049 3071; x_wconf 78' lang='grc' dir='ltr'>ἡμᾶς</span> <span class='ocrx_word' id='word_1_358' title='bbox 1089 3017 1148 3054; x_wconf 87' lang='grc' dir='ltr'><strong>το</strong></span> <span class='ocrx_word' id='word_1_359' title='bbox 1175 3001 1291 3072; x_wconf 80' lang='grc' dir='ltr'>φῶς</span> <span class='ocrx_word' id='word_1_360' title='bbox 1324 3002 1450 3055; x_wconf 79' lang='grc' dir='ltr'>ίδεῐν</span> <span class='ocrx_word' id='word_1_361' title='bbox 1493 3003 1554 3056; x_wconf 84' lang='grc' dir='ltr'><strong>τὸ</strong></span> <span class='ocrx_word' id='word_1_362' title='bbox 1601 3004 1870 3074; x_wconf 80' lang='grc' dir='ltr'>ἀληθινὸν,</span> <span class='ocrx_word' id='word_1_363' title='bbox 1906 3005 1966 3059; x_wconf 84' lang='grc' dir='ltr'><strong>τὸ</strong></span> 
     </span>
    </p>
   </div>
   <div class='ocr_carea' id='block_1_49' title="bbox 2074 1891 3653 1961">
    <p class='ocr_par' dir='ltr' id='par_1_49' title="bbox 2074 1891 3653 1961">
     <span class='ocr_line' id='line_1_49' title="bbox 2074 1891 3653 1961; baseline 0.001 -16"><span class='ocrx_word' id='word_1_364' title='bbox 2074 1892 2146 1945; x_wconf 89' lang='lat' dir='ltr'><strong>tia</strong></span> <span class='ocrx_word' id='word_1_365' title='bbox 2175 1909 2189 1958; x_wconf 90' lang='lat'>;</span> <span class='ocrx_word' id='word_1_366' title='bbox 2229 1892 2332 1946; x_wconf 83' lang='lat' dir='ltr'><strong>tria</strong></span> <span class='ocrx_word' id='word_1_367' title='bbox 2377 1891 2550 1945; x_wconf 80' lang='lat' dir='ltr'><strong>forma</strong></span> <span class='ocrx_word' id='word_1_368' title='bbox 2581 1891 2836 1961; x_wconf 76' lang='lat' dir='ltr'><strong>praedita,</strong></span> <span class='ocrx_word' id='word_1_369' title='bbox 2874 1892 2976 1944; x_wconf 86' lang='lat' dir='ltr'><strong>tria</strong></span> <span class='ocrx_word' id='word_1_370' title='bbox 3017 1891 3260 1946; x_wconf 86' lang='lat' dir='ltr'><strong>eamdem</strong></span> <span class='ocrx_word' id='word_1_371' title='bbox 3293 1892 3521 1946; x_wconf 80' lang='lat' dir='ltr'><strong>formam</strong></span> <span class='ocrx_word' id='word_1_372' title='bbox 3551 1893 3653 1948; x_wconf 81' lang='lat' dir='ltr'><strong>ha-</strong></span> 
     </span>
    </p>
   </div>
   <div class='ocr_carea' id='block_1_50' title="bbox 2071 1982 3654 2050">
    <p class='ocr_par' dir='ltr' id='par_1_50' title="bbox 2071 1982 3654 2050">
     <span class='ocr_line' id='line_1_50' title="bbox 2071 1982 3654 2050; baseline 0.001 -12"><span class='ocrx_word' id='word_1_373' title='bbox 2071 1982 2252 2038; x_wconf 82' lang='lat' dir='ltr'><strong>bentia</strong></span> <span class='ocrx_word' id='word_1_374' title='bbox 2283 1999 2297 2048; x_wconf 92' lang='lat'><strong>;</strong></span> <span class='ocrx_word' id='word_1_375' title='bbox 2335 1983 2438 2036; x_wconf 90' lang='lat' dir='ltr'><strong>tria</strong></span> <span class='ocrx_word' id='word_1_376' title='bbox 2492 1984 2730 2038; x_wconf 82' lang='lat' dir='ltr'><strong>ellicacia</strong></span> <span class='ocrx_word' id='word_1_377' title='bbox 2755 2025 2770 2043; x_wconf 90' lang='grc'><strong>,</strong></span> <span class='ocrx_word' id='word_1_378' title='bbox 2829 1983 2934 2036; x_wconf 87' lang='lat' dir='ltr'><strong>tria</strong></span> <span class='ocrx_word' id='word_1_379' title='bbox 2977 1983 3141 2039; x_wconf 90' lang='lat' dir='ltr'><strong>simul</strong></span> <span class='ocrx_word' id='word_1_380' title='bbox 3193 1984 3516 2050; x_wconf 77' lang='lat' dir='ltr'><strong>cﬁicientia;</strong></span> <span class='ocrx_word' id='word_1_381' title='bbox 3551 1985 3654 2040; x_wconf 89' lang='lat' dir='ltr'><strong>tria</strong></span> 
     </span>
    </p>
   </div>
   <div class='ocr_carea' id='block_1_51' title="bbox 2070 2076 3653 2143">
    <p class='ocr_par' dir='ltr' id='par_1_51' title="bbox 2070 2076 3653 2143">
     <span class='ocr_line' id='line_1_51' title="bbox 2070 2076 3653 2143; baseline 0.002 -11"><span class='ocrx_word' id='word_1_382' title='bbox 2070 2076 2460 2143; x_wconf 87' lang='lat' dir='ltr'><strong>subsistentia,</strong></span> <span class='ocrx_word' id='word_1_383' title='bbox 2513 2077 2617 2131; x_wconf 90' lang='lat' dir='ltr'><strong>tria</strong></span> <span class='ocrx_word' id='word_1_384' title='bbox 2665 2076 2828 2132; x_wconf 91' lang='lat' dir='ltr'><strong>simul</strong></span> <span class='ocrx_word' id='word_1_385' title='bbox 2863 2077 3258 2143; x_wconf 87' lang='lat' dir='ltr'><strong>subsistentia,</strong></span> <span class='ocrx_word' id='word_1_386' title='bbox 3318 2087 3373 2134; x_wconf 88' lang='lat' dir='ltr'><strong>et</strong></span> <span class='ocrx_word' id='word_1_387' title='bbox 3418 2079 3653 2136; x_wconf 75' lang='lat' dir='ltr'><strong>invicem</strong></span> 
     </span>
    </p>
   </div>
   <div class='ocr_carea' id='block_1_52' title="bbox 2071 2169 3652 2242">
    <p class='ocr_par' dir='ltr' id='par_1_52' title="bbox 2071 2169 3652 2242">
     <span class='ocr_line' id='line_1_52' title="bbox 2071 2169 3652 2242; baseline 0.002 -20"><span class='ocrx_word' id='word_1_388' title='bbox 2071 2169 2382 2238; x_wconf 85' lang='lat' dir='ltr'><strong>conjuncta.</strong></span> <span class='ocrx_word' id='word_1_389' title='bbox 2406 2169 2582 2239; x_wconf 88' lang='lat' dir='ltr'><strong>Atque</strong></span> <span class='ocrx_word' id='word_1_390' title='bbox 2612 2183 2676 2224; x_wconf 88' lang='lat' dir='ltr'><strong>ea</strong></span> <span class='ocrx_word' id='word_1_391' title='bbox 2704 2169 2920 2224; x_wconf 87' lang='lat' dir='ltr'><strong>demum</strong></span> <span class='ocrx_word' id='word_1_392' title='bbox 2953 2177 3141 2224; x_wconf 91' lang='lat' dir='ltr'><strong>sancta</strong></span> <span class='ocrx_word' id='word_1_393' title='bbox 3177 2169 3420 2227; x_wconf 84' lang='lat' dir='ltr'><strong>Trinitas</strong></span> <span class='ocrx_word' id='word_1_394' title='bbox 3465 2173 3652 2242; x_wconf 78' lang='lat' dir='ltr'><strong>appel-</strong></span> 
     </span>
    </p>
   </div>
   <div class='ocr_carea' id='block_1_53' title="bbox 2073 2262 3649 2333">
    <p class='ocr_par' dir='ltr' id='par_1_53' title="bbox 2073 2262 3649 2333">
     <span class='ocr_line' id='line_1_53' title="bbox 2073 2262 3649 2333; baseline 0.001 -16"><span class='ocrx_word' id='word_1_395' title='bbox 2073 2262 2246 2325; x_wconf 86' lang='lat' dir='ltr'><strong>latur,</strong></span> <span class='ocrx_word' id='word_1_396' title='bbox 2285 2264 2338 2317; x_wconf 91' lang='lat' dir='ltr'><strong>in</strong></span> <span class='ocrx_word' id='word_1_397' title='bbox 2370 2280 2475 2333; x_wconf 82' lang='lat' dir='ltr'><strong>qua</strong></span> <span class='ocrx_word' id='word_1_398' title='bbox 2507 2263 2608 2319; x_wconf 87' lang='lat' dir='ltr'><strong>tria</strong></span> <span class='ocrx_word' id='word_1_399' title='bbox 2665 2271 2826 2327; x_wconf 89' lang='lat' dir='ltr'><strong>sunt,</strong></span> <span class='ocrx_word' id='word_1_400' title='bbox 2876 2264 2971 2319; x_wconf 90' lang='lat' dir='ltr'><strong>sed</strong></span> <span class='ocrx_word' id='word_1_401' title='bbox 3005 2279 3113 2318; x_wconf 89' lang='lat' dir='ltr'><strong>una</strong></span> <span class='ocrx_word' id='word_1_402' title='bbox 3141 2265 3305 2318; x_wconf 92' lang='lat' dir='ltr'><strong>trium</strong></span> <span class='ocrx_word' id='word_1_403' title='bbox 3335 2267 3649 2332; x_wconf 84' lang='lat' dir='ltr'><strong>consensio,</strong></span> 
     </span>
    </p>
   </div>
   <div class='ocr_carea' id='block_1_54' title="bbox 2071 2351 3656 2424">
    <p class='ocr_par' dir='ltr' id='par_1_54' title="bbox 2071 2351 3656 2424">
     <span class='ocr_line' id='line_1_54' title="bbox 2071 2351 3656 2424; baseline 0.003 -17"><span class='ocrx_word' id='word_1_404' title='bbox 2071 2351 2364 2423; x_wconf 81' lang='lat' dir='ltr'><strong>singularis</strong></span> <span class='ocrx_word' id='word_1_405' title='bbox 2392 2353 2650 2408; x_wconf 86' lang='lat' dir='ltr'><strong>divinitas</strong></span> <span class='ocrx_word' id='word_1_406' title='bbox 2676 2395 2690 2418; x_wconf 95' lang='lat'><strong>,</strong></span> <span class='ocrx_word' id='word_1_407' title='bbox 2723 2353 2967 2423; x_wconf 85' lang='lat' dir='ltr'><strong>ejusdem</strong></span> <span class='ocrx_word' id='word_1_408' title='bbox 2998 2354 3251 2418; x_wconf 71' lang='lat' dir='ltr'><strong>virtutis,</strong></span> <span class='ocrx_word' id='word_1_409' title='bbox 3298 2354 3656 2424; x_wconf 83' lang='lat' dir='ltr'><strong>ejusdemque</strong></span> 
     </span>
    </p>
   </div>
   <div class='ocr_carea' id='block_1_55' title="bbox 2070 2444 3651 2518">
    <p class='ocr_par' dir='ltr' id='par_1_55' title="bbox 2070 2444 3651 2518">
     <span class='ocr_line' id='line_1_55' title="bbox 2070 2444 3651 2518; baseline 0.001 -19"><span class='ocrx_word' id='word_1_410' title='bbox 2070 2444 2408 2510; x_wconf 66' lang='lat' dir='ltr'><strong>substantiae,</strong></span> <span class='ocrx_word' id='word_1_411' title='bbox 2451 2446 2647 2500; x_wconf 91' lang='lat' dir='ltr'><strong>similis</strong></span> <span class='ocrx_word' id='word_1_412' title='bbox 2676 2461 2706 2501; x_wconf 86' lang='grc' dir='ltr'><strong>ο</strong></span> <span class='ocrx_word' id='word_1_413' title='bbox 2751 2447 2938 2510; x_wconf 90' lang='lat' dir='ltr'><strong>simili,</strong></span> <span class='ocrx_word' id='word_1_414' title='bbox 2975 2461 3082 2516; x_wconf 90' lang='lat' dir='ltr'><strong>qua</strong></span> <span class='ocrx_word' id='word_1_415' title='bbox 3112 2447 3373 2516; x_wconf 68' lang='lat' dir='ltr'><strong>aequalem</strong></span> <span class='ocrx_word' id='word_1_416' title='bbox 3420 2449 3651 2518; x_wconf 77' lang='lat' dir='ltr'><strong>gratiam</strong></span> 
     </span>
    </p>
   </div>
   <div class='ocr_carea' id='block_1_56' title="bbox 2069 2537 3654 2610">
    <p class='ocr_par' dir='ltr' id='par_1_56' title="bbox 2069 2537 3654 2610">
     <span class='ocr_line' id='line_1_56' title="bbox 2069 2537 3654 2610; baseline 0.003 -17"><span class='ocrx_word' id='word_1_417' title='bbox 2069 2552 2138 2593; x_wconf 77' lang='lat' dir='ltr'><strong>ex</strong></span> <span class='ocrx_word' id='word_1_418' title='bbox 2175 2539 2363 2593; x_wconf 88' lang='lat' dir='ltr'><strong>eadem</strong></span> <span class='ocrx_word' id='word_1_419' title='bbox 2399 2537 2560 2593; x_wconf 83' lang='lat' dir='ltr'><strong>eﬁicit</strong></span> <span class='ocrx_word' id='word_1_420' title='bbox 2590 2539 2793 2609; x_wconf 79' lang='lat' dir='ltr'><strong>gratia,</strong></span> <span class='ocrx_word' id='word_1_421' title='bbox 2824 2538 3001 2594; x_wconf 84' lang='lat' dir='ltr'><strong>Patris</strong></span> <span class='ocrx_word' id='word_1_422' title='bbox 3045 2549 3098 2594; x_wconf 86' lang='lat' dir='ltr'><strong>et</strong></span> <span class='ocrx_word' id='word_1_423' title='bbox 3127 2537 3272 2606; x_wconf 86' lang='lat' dir='ltr'><strong>Filii,</strong></span> <span class='ocrx_word' id='word_1_424' title='bbox 3311 2554 3374 2593; x_wconf 87' lang='lat' dir='ltr'><strong>ac</strong></span> <span class='ocrx_word' id='word_1_425' title='bbox 3413 2537 3654 2610; x_wconf 74' lang='lat' dir='ltr'><strong>Spiritus</strong></span> 
     </span>
    </p>
   </div>
   <div class='ocr_carea' id='block_1_57' title="bbox 2070 2630 3653 2703">
    <p class='ocr_par' dir='ltr' id='par_1_57' title="bbox 2070 2630 3653 2703">
     <span class='ocr_line' id='line_1_57' title="bbox 2070 2630 3653 2703; baseline 0.002 -18"><span class='ocrx_word' id='word_1_426' title='bbox 2070 2631 2266 2685; x_wconf 80' lang='lat' dir='ltr'><strong>sancti.</strong></span> <span class='ocrx_word' id='word_1_427' title='bbox 2294 2630 2526 2696; x_wconf 87' lang='lat' dir='ltr'><strong>Quinam</strong></span> <span class='ocrx_word' id='word_1_428' title='bbox 2557 2648 2684 2687; x_wconf 85' lang='lat' dir='ltr'><strong>vero</strong></span> <span class='ocrx_word' id='word_1_429' title='bbox 2709 2634 2885 2703; x_wconf 85' lang='lat' dir='ltr'><strong>possit</strong></span> <span class='ocrx_word' id='word_1_430' title='bbox 2922 2631 3065 2686; x_wconf 90' lang='lat' dir='ltr'><strong>istud</strong></span> <span class='ocrx_word' id='word_1_431' title='bbox 3098 2631 3236 2698; x_wconf 88' lang='lat' dir='ltr'><strong>ﬁeri,</strong></span> <span class='ocrx_word' id='word_1_432' title='bbox 3262 2632 3511 2701; x_wconf 88' lang='lat' dir='ltr'><strong>ipsismet</strong></span> <span class='ocrx_word' id='word_1_433' title='bbox 3541 2633 3653 2688; x_wconf 88' lang='lat' dir='ltr'><strong>illis</strong></span> 
     </span>
    </p>
   </div>
   <div class='ocr_carea' id='block_1_58' title="bbox 2069 2719 3652 2799">
    <p class='ocr_par' dir='ltr' id='par_1_58' title="bbox 2069 2719 3652 2799">
     <span class='ocr_line' id='line_1_58' title="bbox 2069 2719 3652 2799; baseline 0.001 -25"><span class='ocrx_word' id='word_1_434' title='bbox 2069 2719 2375 2775; x_wconf 88' lang='lat' dir='ltr'><strong>docendum</strong></span> <span class='ocrx_word' id='word_1_435' title='bbox 2409 2721 2759 2791; x_wconf 83' lang='lat' dir='ltr'><strong>relinquitur.</strong></span> <span class='ocrx_word' id='word_1_436' title='bbox 2797 2721 2986 2799; x_wconf 72' lang='lat' dir='ltr'><strong>Nemo,</strong></span> <span class='ocrx_word' id='word_1_437' title='bbox 3026 2722 3223 2792; x_wconf 89' lang='lat' dir='ltr'><strong>inquit,</strong></span> <span class='ocrx_word' id='word_1_438' title='bbox 3261 2723 3400 2776; x_wconf 83' lang='lat' dir='ltr'><strong>novit</strong></span> <span class='ocrx_word' id='word_1_439' title='bbox 3431 2721 3652 2777; x_wconf 80' lang='lat' dir='ltr'><strong>Patrem</strong></span> 
     </span>
    </p>
   </div>
   <div class='ocr_carea' id='block_1_59' title="bbox 2071 2809 3652 2883">
    <p class='ocr_par' dir='ltr' id='par_1_59' title="bbox 2071 2809 3652 2883">
     <span class='ocr_line' id='line_1_59' title="bbox 2071 2809 3652 2883; baseline 0.003 -19"><span class='ocrx_word' id='word_1_440' title='bbox 2071 2811 2174 2865; x_wconf 81' lang='lat' dir='ltr'><strong>nisi</strong></span> <span class='ocrx_word' id='word_1_441' title='bbox 2204 2809 2379 2866; x_wconf 83' lang='lat' dir='ltr'><strong>Filius</strong></span> <span class='ocrx_word' id='word_1_442' title='bbox 2405 2851 2418 2877; x_wconf 88' lang='lat'><strong>,</strong></span> <span class='ocrx_word' id='word_1_443' title='bbox 2465 2829 2626 2883; x_wconf 81' lang='lat' dir='ltr'><strong>neque</strong></span> <span class='ocrx_word' id='word_1_444' title='bbox 2659 2812 2880 2878; x_wconf 85' lang='lat' dir='ltr'><strong>Filium,</strong></span> <span class='ocrx_word' id='word_1_445' title='bbox 2923 2815 3024 2867; x_wconf 76' lang='lat' dir='ltr'><strong>nisi</strong></span> <span class='ocrx_word' id='word_1_446' title='bbox 3053 2812 3253 2878; x_wconf 86' lang='lat' dir='ltr'><strong>Pater,</strong></span> <span class='ocrx_word' id='word_1_447' title='bbox 3283 2823 3332 2867; x_wconf 85' lang='lat' dir='ltr'><strong>et</strong></span> <span class='ocrx_word' id='word_1_448' title='bbox 3363 2814 3447 2867; x_wconf 79' lang='lat' dir='ltr'><strong>cui</strong></span> <span class='ocrx_word' id='word_1_449' title='bbox 3476 2811 3652 2868; x_wconf 75' lang='lat' dir='ltr'><strong>Filius</strong></span> 
     </span>
    </p>
   </div>
   <div class='ocr_carea' id='block_1_60' title="bbox 2070 2907 3649 2979">
    <p class='ocr_par' dir='ltr' id='par_1_60' title="bbox 2070 2907 3649 2979">
     <span class='ocr_line' id='line_1_60' title="bbox 2070 2907 3649 2979; baseline -0.001 -17"><span class='ocrx_word' id='word_1_450' title='bbox 2070 2907 2381 2966; x_wconf 45' lang='lat' dir='ltr'><strong>revelant}.</strong></span> <span class='ocrx_word' id='word_1_451' title='bbox 2419 2907 2575 2974; x_wconf 88' lang='lat' dir='ltr'><strong>Quod</strong></span> <span class='ocrx_word' id='word_1_452' title='bbox 2614 2909 2660 2964; x_wconf 91' lang='lat' dir='ltr'><strong>is</strong></span> <span class='ocrx_word' id='word_1_453' title='bbox 2694 2924 2792 2979; x_wconf 87' lang='lat' dir='ltr'><strong>per</strong></span> <span class='ocrx_word' id='word_1_454' title='bbox 2829 2907 3095 2978; x_wconf 87' lang='lat' dir='ltr'><strong>Spiritum</strong></span> <span class='ocrx_word' id='word_1_455' title='bbox 3130 2914 3380 2964; x_wconf 86' lang='lat' dir='ltr'><strong>sanctum</strong></span> <span class='ocrx_word' id='word_1_456' title='bbox 3422 2909 3649 2963; x_wconf 80' lang='lat' dir='ltr'><strong>revelat.</strong></span> 
     </span>
    </p>
   </div>
   <div class='ocr_carea' id='block_1_61' title="bbox 2071 2999 3652 3070">
    <p class='ocr_par' dir='ltr' id='par_1_61' title="bbox 2071 2999 3652 3070">
     <span class='ocr_line' id='line_1_61' title="bbox 2071 2999 3652 3070; baseline 0.001 -15"><span class='ocrx_word' id='word_1_457' title='bbox 2071 2999 2200 3056; x_wconf 85' lang='lat' dir='ltr'><strong>Tria</strong></span> <span class='ocrx_word' id='word_1_458' title='bbox 2232 3002 2397 3070; x_wconf 87' lang='lat' dir='ltr'><strong>igitur</strong></span> <span class='ocrx_word' id='word_1_459' title='bbox 2430 3001 2534 3057; x_wconf 86' lang='lat' dir='ltr'><strong>ista</strong></span> <span class='ocrx_word' id='word_1_460' title='bbox 2559 3009 2708 3066; x_wconf 90' lang='lat' dir='ltr'><strong>sunt,</strong></span> <span class='ocrx_word' id='word_1_461' title='bbox 2744 3010 2836 3055; x_wconf 85' lang='lat' dir='ltr'><strong>aut</strong></span> <span class='ocrx_word' id='word_1_462' title='bbox 2862 3016 2924 3055; x_wconf 76' lang='lat' dir='ltr'><strong>ex</strong></span> <span class='ocrx_word' id='word_1_463' title='bbox 2954 3001 3074 3070; x_wconf 91' lang='lat' dir='ltr'><strong>ipso</strong></span> <span class='ocrx_word' id='word_1_464' title='bbox 3100 3041 3115 3065; x_wconf 94' lang='lat'><strong>,</strong></span> <span class='ocrx_word' id='word_1_465' title='bbox 3144 3008 3239 3055; x_wconf 86' lang='lat' dir='ltr'><strong>aut</strong></span> <span class='ocrx_word' id='word_1_466' title='bbox 3274 3001 3343 3055; x_wconf 88' lang='lat' dir='ltr'><strong>ab</strong></span> <span class='ocrx_word' id='word_1_467' title='bbox 3378 3000 3530 3070; x_wconf 87' lang='lat' dir='ltr'><strong>ipso,</strong></span> <span class='ocrx_word' id='word_1_468' title='bbox 3557 3010 3652 3056; x_wconf 89' lang='lat' dir='ltr'><strong>aut</strong></span> 
     </span>
    </p>
   </div>
   <div class='ocr_carea' id='block_1_62' title="bbox 377 3086 1964 3177">
    <p class='ocr_par' dir='ltr' id='par_1_62' title="bbox 377 3086 1964 3162">
     <span class='ocr_line' id='line_1_62' title="bbox 377 3086 1964 3162; baseline 0.007 -23"><span class='ocrx_word' id='word_1_469' title='bbox 377 3086 630 3156; x_wconf 51' lang='grc' dir='ltr'>φωτίζον</span> <span class='ocrx_word' id='word_1_470' title='bbox 689 3089 884 3144; x_wconf 78' lang='grc' dir='ltr'>πάντα</span> <span class='ocrx_word' id='word_1_471' title='bbox 949 3090 1262 3158; x_wconf 77' lang='grc' dir='ltr'>ἄνθρωπον</span> <span class='ocrx_word' id='word_1_472' title='bbox 1325 3091 1653 3162; x_wconf 76' lang='grc' dir='ltr'>ἐρχόμενον</span> <span class='ocrx_word' id='word_1_473' title='bbox 1717 3098 1805 3162; x_wconf 80' lang='grc' dir='ltr'><strong>είς</strong></span> <span class='ocrx_word' id='word_1_474' title='bbox 1861 3096 1964 3150; x_wconf 79' lang='grc' dir='ltr'>τὸν</span> 
     </span>
    </p>
   </div>
   <div class='ocr_carea' id='block_1_63' title="bbox 2068 3086 3649 3177">
    <p class='ocr_par' dir='ltr' id='par_1_63' title="bbox 2074 3090 3649 3164">
     <span class='ocr_line' id='line_1_63' title="bbox 2074 3090 3649 3164; baseline -0.003 -16"><span class='ocrx_word' id='word_1_475' title='bbox 2074 3094 2140 3149; x_wconf 87' lang='lat' dir='ltr'><strong>ad</strong></span> <span class='ocrx_word' id='word_1_476' title='bbox 2171 3095 2384 3164; x_wconf 90' lang='lat' dir='ltr'><strong>ipsum,</strong></span> <span class='ocrx_word' id='word_1_477' title='bbox 2414 3107 2536 3162; x_wconf 71' lang='lat' dir='ltr'><strong>quae</strong></span> <span class='ocrx_word' id='word_1_478' title='bbox 2580 3093 2637 3148; x_wconf 90' lang='lat' dir='ltr'><strong>in</strong></span> <span class='ocrx_word' id='word_1_479' title='bbox 2680 3107 3045 3162; x_wconf 87' lang='lat' dir='ltr'><strong>unoquoque,</strong></span> <span class='ocrx_word' id='word_1_480' title='bbox 3074 3099 3132 3146; x_wconf 88' lang='lat' dir='ltr'><strong>ut</strong></span> <span class='ocrx_word' id='word_1_481' title='bbox 3164 3105 3262 3160; x_wconf 86' lang='lat' dir='ltr'><strong>par</strong></span> <span class='ocrx_word' id='word_1_482' title='bbox 3294 3098 3413 3152; x_wconf 85' lang='lat' dir='ltr'><strong>est,</strong></span> <span class='ocrx_word' id='word_1_483' title='bbox 3448 3090 3649 3144; x_wconf 91' lang='lat' dir='ltr'><strong>intelli-</strong></span> 
     </span>
    </p>
   </div>
   <div class='ocr_carea' id='block_1_64' title="bbox 379 3179 1964 3259">
    <p class='ocr_par' dir='ltr' id='par_1_64' title="bbox 379 3180 1964 3256">
     <span class='ocr_line' id='line_1_64' title="bbox 379 3180 1964 3256; baseline 0.006 -24"><span class='ocrx_word' id='word_1_484' title='bbox 379 3180 633 3248; x_wconf 70' lang='grc' dir='ltr'>κόσμον.</span> <span class='ocrx_word' id='word_1_485' title='bbox 683 3181 1145 3246; x_wconf 74' lang='grc' dir='ltr'>Ἐξαπόστειλον</span> <span class='ocrx_word' id='word_1_486' title='bbox 1200 3183 1269 3236; x_wconf 80' lang='grc' dir='ltr'>τὸ</span> <span class='ocrx_word' id='word_1_487' title='bbox 1322 3182 1449 3252; x_wconf 66' lang='grc' dir='ltr'><strong>φῶς</strong></span> <span class='ocrx_word' id='word_1_488' title='bbox 1499 3200 1650 3251; x_wconf 83' lang='grc' dir='ltr'>σου,</span> <span class='ocrx_word' id='word_1_489' title='bbox 1702 3185 1802 3240; x_wconf 79' lang='grc' dir='ltr'>καὶ</span> <span class='ocrx_word' id='word_1_490' title='bbox 1855 3187 1964 3256; x_wconf 76' lang='grc' dir='ltr'>τὴν</span> 
     </span>
    </p>
   </div>
   <div class='ocr_carea' id='block_1_65' title="bbox 2068 3179 3648 3259">
    <p class='ocr_par' dir='ltr' id='par_1_65' title="bbox 2070 3179 3648 3259">
     <span class='ocr_line' id='line_1_65' title="bbox 2070 3179 3648 3259; baseline -0.004 -17"><span class='ocrx_word' id='word_1_491' title='bbox 2070 3195 2276 3259; x_wconf 83' lang='lat' dir='ltr'><strong>guntur</strong></span> <span class='ocrx_word' id='word_1_492' title='bbox 2297 3227 2313 3252; x_wconf 92' lang='lat'><strong>,</strong></span> <span class='ocrx_word' id='word_1_493' title='bbox 2351 3194 2513 3256; x_wconf 88' lang='lat' dir='ltr'><strong>prout</strong></span> <span class='ocrx_word' id='word_1_494' title='bbox 2543 3184 2756 3254; x_wconf 83' lang='lat' dir='ltr'><strong>seipsas</strong></span> <span class='ocrx_word' id='word_1_495' title='bbox 2790 3199 3041 3254; x_wconf 73' lang='lat' dir='ltr'><strong>persona:</strong></span> <span class='ocrx_word' id='word_1_496' title='bbox 3099 3183 3206 3238; x_wconf 63' lang='lat' dir='ltr'><strong>illae</strong></span> <span class='ocrx_word' id='word_1_497' title='bbox 3237 3183 3539 3238; x_wconf 87' lang='lat' dir='ltr'><strong>declarant.</strong></span> <span class='ocrx_word' id='word_1_498' title='bbox 3571 3179 3648 3236; x_wconf 84' lang='lat' dir='ltr'><strong>Ita</strong></span> 
     </span>
    </p>
   </div>
   <div class='ocr_carea' id='block_1_66' title="bbox 375 3269 1968 3345">
    <p class='ocr_par' dir='ltr' id='par_1_66' title="bbox 375 3269 1968 3345">
     <span class='ocr_line' id='line_1_66' title="bbox 375 3269 1968 3345; baseline 0.004 -21"><span class='ocrx_word' id='word_1_499' title='bbox 375 3269 671 3337; x_wconf 65' lang='grc' dir='ltr'><strong>ἀλήθειάν</strong></span> <span class='ocrx_word' id='word_1_500' title='bbox 707 3284 845 3334; x_wconf 83' lang='grc' dir='ltr'>σου,</span> <span class='ocrx_word' id='word_1_501' title='bbox 894 3273 923 3324; x_wconf 92' lang='lat'><strong>6</strong></span> <span class='ocrx_word' id='word_1_502' title='bbox 971 3272 1134 3325; x_wconf 78' lang='grc' dir='ltr'>Δαϐίδ</span> <span class='ocrx_word' id='word_1_503' title='bbox 1171 3290 1366 3345; x_wconf 82' lang='grc' dir='ltr'>φησιν·</span> <span class='ocrx_word' id='word_1_504' title='bbox 1409 3275 1566 3339; x_wconf 78' lang='grc' dir='ltr'>αὑτός</span> <span class='ocrx_word' id='word_1_505' title='bbox 1613 3277 1759 3330; x_wconf 75' lang='grc' dir='ltr'>ἐστιν</span> <span class='ocrx_word' id='word_1_506' title='bbox 1793 3278 1820 3330; x_wconf 92' lang='lat'><strong>6</strong></span> <span class='ocrx_word' id='word_1_507' title='bbox 1853 3278 1968 3330; x_wconf 80' lang='grc' dir='ltr'><strong>Κύ-</strong></span> 
     </span>
    </p>
   </div>
   <div class='ocr_carea' id='block_1_67' title="bbox 378 3364 1967 3442">
    <p class='ocr_par' dir='ltr' id='par_1_67' title="bbox 378 3364 1967 3442">
     <span class='ocr_line' id='line_1_67' title="bbox 378 3364 1967 3442; baseline 0.007 -28"><span class='ocrx_word' id='word_1_508' title='bbox 378 3379 497 3434; x_wconf 87' lang='grc' dir='ltr'>ριος</span> <span class='ocrx_word' id='word_1_509' title='bbox 537 3365 565 3415; x_wconf 92' lang='lat'><strong>6</strong></span> <span class='ocrx_word' id='word_1_510' title='bbox 613 3364 809 3418; x_wconf 77' lang='grc' dir='ltr'>εἰπών·</span> <span class='ocrx_word' id='word_1_511' title='bbox 858 3366 958 3419; x_wconf 82' lang='grc' dir='ltr'><strong>Ἐν</strong></span> <span class='ocrx_word' id='word_1_512' title='bbox 999 3365 1128 3432; x_wconf 81' lang='grc' dir='ltr'>ταῖς</span> <span class='ocrx_word' id='word_1_513' title='bbox 1164 3366 1452 3436; x_wconf 79' lang='grc' dir='ltr'>ἐσχάταις</span> <span class='ocrx_word' id='word_1_514' title='bbox 1492 3368 1736 3437; x_wconf 72' lang='grc' dir='ltr'>ἡμέραις</span> <span class='ocrx_word' id='word_1_515' title='bbox 1780 3371 1967 3442; x_wconf 72' lang='grc' dir='ltr'>ἐκχεῶ</span> 
     </span>
    </p>
   </div>
   <div class='ocr_carea' id='block_1_68' title="bbox 375 3454 1966 3528">
    <p class='ocr_par' dir='ltr' id='par_1_68' title="bbox 375 3454 1966 3528">
     <span class='ocr_line' id='line_1_68' title="bbox 375 3454 1966 3528; baseline 0.006 -20"><span class='ocrx_word' id='word_1_516' title='bbox 375 3455 500 3508; x_wconf 77' lang='grc' dir='ltr'><strong>ἀπὸ</strong></span> <span class='ocrx_word' id='word_1_517' title='bbox 528 3454 636 3508; x_wconf 84' lang='grc' dir='ltr'><strong>τοῦ</strong></span> <span class='ocrx_word' id='word_1_518' title='bbox 673 3457 1020 3526; x_wconf 76' lang='grc' dir='ltr'>Πγεύμιιτός</span> <span class='ocrx_word' id='word_1_519' title='bbox 1047 3475 1166 3527; x_wconf 82' lang='grc' dir='ltr'>μου</span> <span class='ocrx_word' id='word_1_520' title='bbox 1211 3458 1309 3512; x_wconf 76' lang='grc' dir='ltr'><strong>ἐπὶ</strong></span> <span class='ocrx_word' id='word_1_521' title='bbox 1357 3458 1566 3514; x_wconf 84' lang='grc' dir='ltr'>πᾶσαν</span> <span class='ocrx_word' id='word_1_522' title='bbox 1598 3461 1796 3528; x_wconf 80' lang='grc' dir='ltr'>σάρκα</span> <span class='ocrx_word' id='word_1_523' title='bbox 1819 3480 1834 3494; x_wconf 79' lang='grc' dir='ltr'><strong>ο</strong></span> <span class='ocrx_word' id='word_1_524' title='bbox 1866 3463 1966 3517; x_wconf 82' lang='grc' dir='ltr'><strong>καί</strong></span> 
     </span>
    </p>
   </div>
   <div class='ocr_carea' id='block_1_69' title="bbox 376 3547 1965 3620">
    <p class='ocr_par' dir='ltr' id='par_1_69' title="bbox 376 3547 1965 3620">
     <span class='ocr_line' id='line_1_69' title="bbox 376 3547 1965 3620; baseline 0.006 -22"><span class='ocrx_word' id='word_1_525' title='bbox 376 3547 909 3615; x_wconf 58' lang='grc' dir='ltr'>προφητεύσουσιν</span> <span class='ocrx_word' id='word_1_526' title='bbox 943 3552 1000 3605; x_wconf 84' lang='grc' dir='ltr'>αἱ</span> <span class='ocrx_word' id='word_1_527' title='bbox 1031 3551 1348 3620; x_wconf 78' lang='grc' dir='ltr'>θυγατέρες</span> <span class='ocrx_word' id='word_1_528' title='bbox 1379 3549 1598 3615; x_wconf 79' lang='grc' dir='ltr'>αὐτῶν,</span> <span class='ocrx_word' id='word_1_529' title='bbox 1626 3552 1725 3605; x_wconf 83' lang='grc' dir='ltr'><strong>καί</strong></span> <span class='ocrx_word' id='word_1_530' title='bbox 1748 3555 1803 3606; x_wconf 77' lang='grc' dir='ltr'>οἱ</span> <span class='ocrx_word' id='word_1_531' title='bbox 1829 3571 1965 3608; x_wconf 78' lang='grc' dir='ltr'>νεα-</span> 
     </span>
    </p>
   </div>
   <div class='ocr_carea' id='block_1_70' title="bbox 374 3637 1962 3716">
    <p class='ocr_par' dir='ltr' id='par_1_70' title="bbox 374 3637 1962 3716">
     <span class='ocr_line' id='line_1_70' title="bbox 374 3637 1962 3716; baseline 0.004 -25"><span class='ocrx_word' id='word_1_532' title='bbox 374 3637 578 3691; x_wconf 77' lang='grc' dir='ltr'>νίσκοι</span> <span class='ocrx_word' id='word_1_533' title='bbox 638 3638 836 3692; x_wconf 81' lang='grc' dir='ltr'>αὐτῶν</span> <span class='ocrx_word' id='word_1_534' title='bbox 885 3640 1124 3708; x_wconf 79' lang='grc' dir='ltr'>ὁράσεις</span> <span class='ocrx_word' id='word_1_535' title='bbox 1185 3642 1465 3711; x_wconf 65' lang='grc' dir='ltr'>ὄψονται·</span> <span class='ocrx_word' id='word_1_536' title='bbox 1517 3642 1644 3715; x_wconf 87' lang='grc' dir='ltr'>τρία</span> <span class='ocrx_word' id='word_1_537' title='bbox 1696 3645 1962 3716; x_wconf 83' lang='grc' dir='ltr'>πρόσωπα</span> 
     </span>
    </p>
   </div>
   <div class='ocr_carea' id='block_1_71' title="bbox 377 3726 1962 3802">
    <p class='ocr_par' dir='ltr' id='par_1_71' title="bbox 377 3726 1962 3802">
     <span class='ocr_line' id='line_1_71' title="bbox 377 3726 1962 3802; baseline 0.005 -21"><span class='ocrx_word' id='word_1_538' title='bbox 377 3727 544 3796; x_wconf 74' lang='grc' dir='ltr'>ἁγίας</span> <span class='ocrx_word' id='word_1_539' title='bbox 583 3726 919 3799; x_wconf 71' lang='grc' dir='ltr'>λειτουργίας</span> <span class='ocrx_word' id='word_1_540' title='bbox 945 3729 1158 3794; x_wconf 81' lang='grc' dir='ltr'>δεικνὺς</span> <span class='ocrx_word' id='word_1_541' title='bbox 1185 3732 1334 3802; x_wconf 77' lang='grc' dir='ltr'>ἡμῖν,</span> <span class='ocrx_word' id='word_1_542' title='bbox 1372 3732 1722 3798; x_wconf 82' lang='grc' dir='ltr'>ὑποστάσεως</span> <span class='ocrx_word' id='word_1_543' title='bbox 1746 3733 1805 3799; x_wconf 77' lang='grc' dir='ltr'><strong>ἐξ</strong></span> <span class='ocrx_word' id='word_1_544' title='bbox 1829 3735 1962 3789; x_wconf 79' lang='grc' dir='ltr'>ὑπο-ο</span> 
     </span>
    </p>
   </div>
   <div class='ocr_carea' id='block_1_72' title="bbox 379 3819 1048 3893">
    <p class='ocr_par' dir='ltr' id='par_1_72' title="bbox 379 3819 1048 3893">
     <span class='ocr_line' id='line_1_72' title="bbox 379 3819 1048 3893; baseline 0.004 -20"><span class='ocrx_word' id='word_1_545' title='bbox 379 3820 625 3884; x_wconf 84' lang='grc' dir='ltr'>στάσεως</span> <span class='ocrx_word' id='word_1_546' title='bbox 645 3819 812 3892; x_wconf 78' lang='grc' dir='ltr'>οὔσης</span> <span class='ocrx_word' id='word_1_547' title='bbox 837 3821 1048 3893; x_wconf 86' lang='grc' dir='ltr'>τρίτης.</span> 
     </span>
    </p>
   </div>
   <div class='ocr_carea' id='block_1_73' title="bbox 2070 3277 3651 3348">
    <p class='ocr_par' dir='ltr' id='par_1_73' title="bbox 2070 3277 3651 3348">
     <span class='ocr_line' id='line_1_73' title="bbox 2070 3277 3651 3348; baseline -0.006 -13"><span class='ocrx_word' id='word_1_548' title='bbox 2070 3289 2125 3336; x_wconf 90' lang='lat' dir='ltr'><strong>et</strong></span> <span class='ocrx_word' id='word_1_549' title='bbox 2165 3280 2295 3343; x_wconf 72' lang='lat' dir='ltr'><strong>lux,</strong></span> <span class='ocrx_word' id='word_1_550' title='bbox 2323 3278 2494 3348; x_wconf 83' lang='lat' dir='ltr'><strong>ignis.</strong></span> <span class='ocrx_word' id='word_1_551' title='bbox 2535 3277 2794 3346; x_wconf 88' lang='lat' dir='ltr'><strong>spiritus,</strong></span> <span class='ocrx_word' id='word_1_552' title='bbox 2829 3283 3150 3332; x_wconf 57' lang='lat' dir='ltr'><strong>exterarum</strong></span> <span class='ocrx_word' id='word_1_553' title='bbox 3186 3289 3367 3330; x_wconf 82' lang='lat' dir='ltr'><strong>rerum</strong></span> <span class='ocrx_word' id='word_1_554' title='bbox 3399 3280 3651 3342; x_wconf 86' lang='lat' dir='ltr'><strong>aspecta-</strong></span> 
     </span>
    </p>
   </div>
   <div class='ocr_carea' id='block_1_74' title="bbox 2069 3363 3650 3437">
    <p class='ocr_par' dir='ltr' id='par_1_74' title="bbox 2069 3363 3650 3437">
     <span class='ocr_line' id='line_1_74' title="bbox 2069 3363 3650 3437; baseline -0.004 -12"><span class='ocrx_word' id='word_1_555' title='bbox 2069 3369 2260 3426; x_wconf 89' lang='lat' dir='ltr'><strong>bilium</strong></span> <span class='ocrx_word' id='word_1_556' title='bbox 2308 3367 2621 3424; x_wconf 86' lang='lat' dir='ltr'><strong>nominibus</strong></span> <span class='ocrx_word' id='word_1_557' title='bbox 2654 3367 3030 3437; x_wconf 85' lang='lat' dir='ltr'><strong>appellantur,</strong></span> <span class='ocrx_word' id='word_1_558' title='bbox 3061 3381 3163 3436; x_wconf 88' lang='lat' dir='ltr'><strong>pro</strong></span> <span class='ocrx_word' id='word_1_559' title='bbox 3212 3381 3278 3420; x_wconf 87' lang='lat' dir='ltr'><strong>eo</strong></span> <span class='ocrx_word' id='word_1_560' title='bbox 3328 3378 3393 3418; x_wconf 89' lang='lat' dir='ltr'><strong>ac</strong></span> <span class='ocrx_word' id='word_1_561' title='bbox 3423 3363 3650 3433; x_wconf 88' lang='lat' dir='ltr'><strong>quilibet</strong></span> 
     </span>
    </p>
   </div>
   <div class='ocr_carea' id='block_1_75' title="bbox 2067 3458 3650 3530">
    <p class='ocr_par' dir='ltr' id='par_1_75' title="bbox 2067 3458 3650 3530">
     <span class='ocr_line' id='line_1_75' title="bbox 2067 3458 3650 3530; baseline -0.003 -13"><span class='ocrx_word' id='word_1_562' title='bbox 2067 3461 2349 3519; x_wconf 88' lang='lat' dir='ltr'><strong>hominum</strong></span> <span class='ocrx_word' id='word_1_563' title='bbox 2382 3461 2582 3530; x_wconf 83' lang='lat' dir='ltr'><strong>dignus</strong></span> <span class='ocrx_word' id='word_1_564' title='bbox 2617 3469 2732 3526; x_wconf 87' lang='lat' dir='ltr'><strong>est,</strong></span> <span class='ocrx_word' id='word_1_565' title='bbox 2758 3460 2848 3515; x_wconf 90' lang='lat' dir='ltr'><strong>cui</strong></span> <span class='ocrx_word' id='word_1_566' title='bbox 2877 3459 2980 3514; x_wconf 90' lang='lat' dir='ltr'><strong>hoc</strong></span> <span class='ocrx_word' id='word_1_567' title='bbox 3027 3458 3186 3514; x_wconf 85' lang='lat' dir='ltr'><strong>oﬁicii</strong></span> <span class='ocrx_word' id='word_1_568' title='bbox 3223 3473 3395 3530; x_wconf 87' lang='lat' dir='ltr'><strong>genus</strong></span> <span class='ocrx_word' id='word_1_569' title='bbox 3436 3459 3650 3529; x_wconf 85' lang='lat' dir='ltr'><strong>impen-</strong></span> 
     </span>
    </p>
   </div>
   <div class='ocr_carea' id='block_1_76' title="bbox 2068 3549 3648 3622">
    <p class='ocr_par' dir='ltr' id='par_1_76' title="bbox 2068 3549 3648 3622">
     <span class='ocr_line' id='line_1_76' title="bbox 2068 3549 3648 3622; baseline -0.004 -13"><span class='ocrx_word' id='word_1_570' title='bbox 2068 3555 2235 3609; x_wconf 90' lang='lat' dir='ltr'><strong>ditur.</strong></span> <span class='ocrx_word' id='word_1_571' title='bbox 2274 3552 2419 3607; x_wconf 90' lang='lat' dir='ltr'><strong>Deus</strong></span> <span class='ocrx_word' id='word_1_572' title='bbox 2447 3553 2614 3622; x_wconf 80' lang='lat' dir='ltr'><strong>igitur</strong></span> <span class='ocrx_word' id='word_1_573' title='bbox 2643 3553 2754 3618; x_wconf 88' lang='lat' dir='ltr'><strong>ille,</strong></span> <span class='ocrx_word' id='word_1_574' title='bbox 2786 3553 2878 3622; x_wconf 91' lang='lat' dir='ltr'><strong>qui</strong></span> <span class='ocrx_word' id='word_1_575' title='bbox 2908 3550 3065 3605; x_wconf 87' lang='lat' dir='ltr'><strong>initio</strong></span> <span class='ocrx_word' id='word_1_576' title='bbox 3087 3550 3253 3605; x_wconf 76' lang='lat' dir='ltr'><strong>dixit:</strong></span> <span class='ocrx_word' id='word_1_577' title='bbox 3295 3549 3421 3604; x_wconf 85' lang='lat' dir='ltr'><strong>Fiat</strong></span> <span class='ocrx_word' id='word_1_578' title='bbox 3446 3550 3568 3613; x_wconf 72' lang='lat' dir='ltr'><strong>lux,</strong></span> <span class='ocrx_word' id='word_1_579' title='bbox 3598 3558 3648 3603; x_wconf 88' lang='lat' dir='ltr'><strong>et</strong></span> 
     </span>
    </p>
   </div>
   <div class='ocr_carea' id='block_1_77' title="bbox 2067 3640 3648 3716">
    <p class='ocr_par' dir='ltr' id='par_1_77' title="bbox 2067 3640 3648 3716">
     <span class='ocr_line' id='line_1_77' title="bbox 2067 3640 3648 3716; baseline -0.003 -16"><span class='ocrx_word' id='word_1_580' title='bbox 2067 3647 2213 3716; x_wconf 80' lang='lat' dir='ltr'><strong>facta</strong></span> <span class='ocrx_word' id='word_1_581' title='bbox 2258 3654 2334 3700; x_wconf 81' lang='lat' dir='ltr'><strong>est</strong></span> <span class='ocrx_word' id='word_1_582' title='bbox 2381 3644 2731 3715; x_wconf 83' lang='lat' dir='ltr'><strong>aspectabilis</strong></span> <span class='ocrx_word' id='word_1_583' title='bbox 2774 3644 2863 3698; x_wconf 88' lang='lat' dir='ltr'><strong>illa</strong></span> <span class='ocrx_word' id='word_1_584' title='bbox 2898 3644 3066 3707; x_wconf 65' lang='lat' dir='ltr'><strong>tux“,</strong></span> <span class='ocrx_word' id='word_1_585' title='bbox 3099 3645 3217 3713; x_wconf 90' lang='lat' dir='ltr'><strong>ipse</strong></span> <span class='ocrx_word' id='word_1_586' title='bbox 3264 3650 3389 3706; x_wconf 90' lang='lat' dir='ltr'><strong>est,</strong></span> <span class='ocrx_word' id='word_1_587' title='bbox 3437 3641 3528 3712; x_wconf 91' lang='lat' dir='ltr'><strong>qui</strong></span> <span class='ocrx_word' id='word_1_588' title='bbox 3580 3640 3648 3696; x_wconf 88' lang='lat' dir='ltr'><strong>ad</strong></span> 
     </span>
    </p>
   </div>
   <div class='ocr_carea' id='block_1_78' title="bbox 2065 3732 3645 3804">
    <p class='ocr_par' dir='ltr' id='par_1_78' title="bbox 2065 3732 3645 3804">
     <span class='ocr_line' id='line_1_78' title="bbox 2065 3732 3645 3804; baseline -0.005 -12"><span class='ocrx_word' id='word_1_589' title='bbox 2065 3751 2253 3792; x_wconf 73' lang='lat' dir='ltr'><strong>verum</strong></span> <span class='ocrx_word' id='word_1_590' title='bbox 2291 3736 2472 3791; x_wconf 89' lang='lat' dir='ltr'><strong>lumen</strong></span> <span class='ocrx_word' id='word_1_591' title='bbox 2503 3735 2824 3791; x_wconf 84' lang='lat' dir='ltr'><strong>intuendum</strong></span> <span class='ocrx_word' id='word_1_592' title='bbox 2851 3735 3006 3790; x_wconf 83' lang='lat' dir='ltr'><strong>nobis</strong></span> <span class='ocrx_word' id='word_1_593' title='bbox 3027 3734 3239 3801; x_wconf 82' lang='lat' dir='ltr'><strong>illuxit,</strong></span> <span class='ocrx_word' id='word_1_594' title='bbox 3269 3732 3406 3804; x_wconf 87' lang='lat' dir='ltr'><strong>quod</strong></span> <span class='ocrx_word' id='word_1_595' title='bbox 3440 3733 3645 3786; x_wconf 77' lang='lat' dir='ltr'><strong>illumi-</strong></span> 
     </span>
    </p>
   </div>
   <div class='ocr_carea' id='block_1_79' title="bbox 2070 3825 3643 3883">
    <p class='ocr_par' dir='ltr' id='par_1_79' title="bbox 2070 3825 3643 3883">
     <span class='ocr_line' id='line_1_79' title="bbox 2070 3825 3643 3883; baseline -0.003 -1"><span class='ocrx_word' id='word_1_596' title='bbox 2070 3837 2161 3883; x_wconf 85' lang='lat' dir='ltr'><strong>nat</strong></span> <span class='ocrx_word' id='word_1_597' title='bbox 2234 3844 2438 3882; x_wconf 84' lang='lat' dir='ltr'><strong>onmem</strong></span> <span class='ocrx_word' id='word_1_598' title='bbox 2503 3827 2765 3882; x_wconf 79' lang='lat' dir='ltr'><strong>hominem</strong></span> <span class='ocrx_word' id='word_1_599' title='bbox 2832 3827 3117 3881; x_wconf 75' lang='lat' dir='ltr'><strong>venientem</strong></span> <span class='ocrx_word' id='word_1_600' title='bbox 3197 3827 3251 3881; x_wconf 86' lang='lat' dir='ltr'><strong>in</strong></span> <span class='ocrx_word' id='word_1_601' title='bbox 3320 3826 3570 3878; x_wconf 85' lang='lat' dir='ltr'><strong>mundum</strong></span> <span class='ocrx_word' id='word_1_602' title='bbox 3600 3825 3643 3878; x_wconf 79' lang='grc'>⁸.</span> 
     </span>
    </p>
   </div>
   <div class='ocr_carea' id='block_1_80' title="bbox 381 3913 3644 3992">
    <p class='ocr_par' dir='ltr' id='par_1_80' title="bbox 381 3913 3644 3992">
     <span class='ocr_line' id='line_1_80' title="bbox 381 3913 3644 3992; baseline 0.001 -26"><span class='ocrx_word' id='word_1_603' title='bbox 381 3913 581 3969; x_wconf 74' lang='lat' dir='ltr'><strong>Emitte</strong></span> <span class='ocrx_word' id='word_1_604' title='bbox 608 3914 773 3969; x_wconf 83' lang='lat' dir='ltr'><strong>lucem</strong></span> <span class='ocrx_word' id='word_1_605' title='bbox 815 3925 984 3980; x_wconf 79' lang='lat' dir='ltr'><strong>tuam,</strong></span> <span class='ocrx_word' id='word_1_606' title='bbox 1022 3917 1100 3971; x_wconf 82' lang='lat' dir='ltr'><strong>ait</strong></span> <span class='ocrx_word' id='word_1_607' title='bbox 1152 3918 1320 3972; x_wconf 69' lang='lat' dir='ltr'><strong>darid</strong></span> <span class='ocrx_word' id='word_1_608' title='bbox 1366 3916 1407 3983; x_wconf 85' lang='lat'><strong>&quot;,</strong></span> <span class='ocrx_word' id='word_1_609' title='bbox 1443 3927 1494 3972; x_wconf 84' lang='lat' dir='ltr'><strong>et</strong></span> <span class='ocrx_word' id='word_1_610' title='bbox 1515 3919 1788 3974; x_wconf 80' lang='lat' dir='ltr'><strong>veritatem</strong></span> <span class='ocrx_word' id='word_1_611' title='bbox 1836 3929 2000 3975; x_wconf 79' lang='lat' dir='ltr'><strong>tuum.</strong></span> <span class='ocrx_word' id='word_1_612' title='bbox 2061 3922 2158 3977; x_wconf 90' lang='lat' dir='ltr'><strong>llle</strong></span> <span class='ocrx_word' id='word_1_613' title='bbox 2213 3923 2330 3992; x_wconf 91' lang='lat' dir='ltr'><strong>ipse</strong></span> <span class='ocrx_word' id='word_1_614' title='bbox 2380 3921 2643 3977; x_wconf 86' lang='lat' dir='ltr'><strong>Dominus</strong></span> <span class='ocrx_word' id='word_1_615' title='bbox 2681 3929 2804 3986; x_wconf 85' lang='lat' dir='ltr'><strong>est,</strong></span> <span class='ocrx_word' id='word_1_616' title='bbox 2849 3921 2941 3991; x_wconf 92' lang='lat' dir='ltr'><strong>qui</strong></span> <span class='ocrx_word' id='word_1_617' title='bbox 2993 3921 3168 3976; x_wconf 77' lang='lat' dir='ltr'><strong>dixit.</strong></span> <span class='ocrx_word' id='word_1_618' title='bbox 3231 3915 3294 3975; x_wconf 84' lang='lat' dir='ltr'><strong>In</strong></span> <span class='ocrx_word' id='word_1_619' title='bbox 3347 3915 3644 3970; x_wconf 77' lang='lat' dir='ltr'><strong>novissimis</strong></span> 
     </span>
    </p>
   </div>
   <div class='ocr_carea' id='block_1_81' title="bbox 375 4005 3645 4085">
    <p class='ocr_par' dir='ltr' id='par_1_81' title="bbox 375 4005 3645 4085">
     <span class='ocr_line' id='line_1_81' title="bbox 375 4005 3645 4085; baseline 0.001 -27"><span class='ocrx_word' id='word_1_620' title='bbox 375 4005 543 4076; x_wconf 72' lang='lat'><strong>892</strong></span> <span class='ocrx_word' id='word_1_621' title='bbox 605 4007 788 4061; x_wconf 79' lang='lat' dir='ltr'><strong>diebus</strong></span> <span class='ocrx_word' id='word_1_622' title='bbox 847 4008 1116 4077; x_wconf 74' lang='lat' dir='ltr'><strong>effundam</strong></span> <span class='ocrx_word' id='word_1_623' title='bbox 1156 4011 1220 4062; x_wconf 84' lang='lat' dir='ltr'><strong>de</strong></span> <span class='ocrx_word' id='word_1_624' title='bbox 1266 4008 1472 4079; x_wconf 81' lang='lat' dir='ltr'><strong>Spiritu</strong></span> <span class='ocrx_word' id='word_1_625' title='bbox 1503 4028 1614 4066; x_wconf 87' lang='lat' dir='ltr'><strong>meo</strong></span> <span class='ocrx_word' id='word_1_626' title='bbox 1645 4013 1699 4064; x_wconf 81' lang='lat' dir='ltr'><strong>in</strong></span> <span class='ocrx_word' id='word_1_627' title='bbox 1751 4029 1956 4067; x_wconf 86' lang='lat' dir='ltr'><strong>onmem</strong></span> <span class='ocrx_word' id='word_1_628' title='bbox 1986 4032 2237 4081; x_wconf 85' lang='lat' dir='ltr'><strong>carnem;</strong></span> <span class='ocrx_word' id='word_1_629' title='bbox 2293 4025 2343 4070; x_wconf 89' lang='lat' dir='ltr'><strong>et</strong></span> <span class='ocrx_word' id='word_1_630' title='bbox 2392 4014 2776 4085; x_wconf 83' lang='lat' dir='ltr'><strong>prophetabuut</strong></span> <span class='ocrx_word' id='word_1_631' title='bbox 2808 4014 2937 4083; x_wconf 68' lang='lat' dir='ltr'><strong>ﬁlia?</strong></span> <span class='ocrx_word' id='word_1_632' title='bbox 2989 4013 3222 4079; x_wconf 83' lang='lat' dir='ltr'><strong>illorum,</strong></span> <span class='ocrx_word' id='word_1_633' title='bbox 3262 4021 3310 4065; x_wconf 90' lang='lat' dir='ltr'><strong>et</strong></span> <span class='ocrx_word' id='word_1_634' title='bbox 3344 4008 3645 4062; x_wconf 68' lang='lat' dir='ltr'><strong>adolescen-</strong></span> 
     </span>
    </p>
   </div>
   <div class='ocr_carea' id='block_1_82' title="bbox 380 4099 3644 4176">
    <p class='ocr_par' dir='ltr' id='par_1_82' title="bbox 380 4099 3644 4176">
     <span class='ocr_line' id='line_1_82' title="bbox 380 4099 3644 4176; baseline 0.001 -26"><span class='ocrx_word' id='word_1_635' title='bbox 380 4108 456 4151; x_wconf 76' lang='lat' dir='ltr'><strong>tes</strong></span> <span class='ocrx_word' id='word_1_636' title='bbox 493 4100 724 4166; x_wconf 77' lang='lat' dir='ltr'><strong>ipsorum</strong></span> <span class='ocrx_word' id='word_1_637' title='bbox 754 4099 980 4153; x_wconf 72' lang='lat' dir='ltr'><strong>visiones</strong></span> <span class='ocrx_word' id='word_1_638' title='bbox 1027 4099 1270 4154; x_wconf 81' lang='lat' dir='ltr'><strong>videbunt</strong></span> <span class='ocrx_word' id='word_1_639' title='bbox 1307 4103 1348 4156; x_wconf 79' lang='grc'>⁸.</span> <span class='ocrx_word' id='word_1_640' title='bbox 1386 4101 1464 4156; x_wconf 81' lang='lat' dir='ltr'><strong>Ac</strong></span> <span class='ocrx_word' id='word_1_641' title='bbox 1516 4111 1626 4158; x_wconf 87' lang='lat' dir='ltr'><strong>tres</strong></span> <span class='ocrx_word' id='word_1_642' title='bbox 1676 4105 1978 4162; x_wconf 81' lang='lat' dir='ltr'><strong>l&#39;unctionis</strong></span> <span class='ocrx_word' id='word_1_643' title='bbox 2012 4121 2184 4161; x_wconf 81' lang='lat' dir='ltr'><strong>sacrae</strong></span> <span class='ocrx_word' id='word_1_644' title='bbox 2239 4121 2507 4176; x_wconf 89' lang='lat' dir='ltr'><strong>personas</strong></span> <span class='ocrx_word' id='word_1_645' title='bbox 2547 4105 2706 4160; x_wconf 92' lang='lat' dir='ltr'><strong>nobis</strong></span> <span class='ocrx_word' id='word_1_646' title='bbox 2753 4103 3017 4169; x_wconf 86' lang='lat' dir='ltr'><strong>ostendit,</strong></span> <span class='ocrx_word' id='word_1_647' title='bbox 3056 4117 3180 4158; x_wconf 91' lang='lat' dir='ltr'><strong>cum</strong></span> <span class='ocrx_word' id='word_1_648' title='bbox 3230 4101 3387 4156; x_wconf 89' lang='lat' dir='ltr'><strong>tertia</strong></span> <span class='ocrx_word' id='word_1_649' title='bbox 3431 4115 3497 4154; x_wconf 81' lang='lat' dir='ltr'><strong>ex</strong></span> <span class='ocrx_word' id='word_1_650' title='bbox 3547 4100 3644 4170; x_wconf 79' lang='lat' dir='ltr'><strong>hy-</strong></span> 
     </span>
    </p>
   </div>
   <div class='ocr_carea' id='block_1_83' title="bbox 376 4193 1247 4264">
    <p class='ocr_par' dir='ltr' id='par_1_83' title="bbox 376 4193 1247 4264">
     <span class='ocr_line' id='line_1_83' title="bbox 376 4193 1247 4264; baseline 0.003 -19"><span class='ocrx_word' id='word_1_651' title='bbox 376 4193 583 4263; x_wconf 83' lang='lat' dir='ltr'><strong>postasi</strong></span> <span class='ocrx_word' id='word_1_652' title='bbox 615 4193 873 4263; x_wconf 89' lang='lat' dir='ltr'><strong>procedat</strong></span> <span class='ocrx_word' id='word_1_653' title='bbox 913 4194 1247 4264; x_wconf 85' lang='lat' dir='ltr'><strong>hypostasis.</strong></span> 
     </span>
    </p>
   </div>
   <div class='ocr_carea' id='block_1_84' title="bbox 447 4280 1964 4361">
    <p class='ocr_par' dir='ltr' id='par_1_84' title="bbox 447 4280 1960 4361">
     <span class='ocr_line' id='line_1_84' title="bbox 447 4280 1960 4361; baseline 0.003 -21"><span class='ocrx_word' id='word_1_654' title='bbox 447 4289 522 4340; x_wconf 86' lang='lat' dir='ltr'><strong>E&#39;.</strong></span> <span class='ocrx_word' id='word_1_655' title='bbox 588 4288 750 4358; x_wconf 75' lang='grc' dir='ltr'>Λέγω</span> <span class='ocrx_word' id='word_1_656' title='bbox 801 4280 914 4343; x_wconf 80' lang='grc' dir='ltr'><strong>οὖν</strong></span> <span class='ocrx_word' id='word_1_657' title='bbox 961 4290 1220 4359; x_wconf 74' lang='grc' dir='ltr'>Χριστὸν</span> <span class='ocrx_word' id='word_1_658' title='bbox 1271 4289 1554 4345; x_wconf 74' lang='grc' dir='ltr'>διάκονον</span> <span class='ocrx_word' id='word_1_659' title='bbox 1604 4290 1960 4361; x_wconf 73' lang='grc' dir='ltr'>γεγενῆσθαι</span> 
     </span>
    </p>
   </div>
   <div class='ocr_carea' id='block_1_85' title="bbox 2068 4280 3640 4361">
    <p class='ocr_par' dir='ltr' id='par_1_85' title="bbox 2134 4283 3640 4356">
     <span class='ocr_line' id='line_1_85' title="bbox 2134 4283 3640 4356; baseline -0.003 -14"><span class='ocrx_word' id='word_1_660' title='bbox 2134 4288 2200 4342; x_wconf 68' lang='grc' dir='ltr'><strong>ν.</strong></span> <span class='ocrx_word' id='word_1_661' title='bbox 2235 4287 2365 4342; x_wconf 83' lang='lat' dir='ltr'><strong>Dico</strong></span> <span class='ocrx_word' id='word_1_662' title='bbox 2399 4287 2560 4356; x_wconf 78' lang='lat' dir='ltr'><strong>igitur</strong></span> <span class='ocrx_word' id='word_1_663' title='bbox 2590 4285 2859 4340; x_wconf 77' lang='lat' dir='ltr'><strong>Christum</strong></span> <span class='ocrx_word' id='word_1_664' title='bbox 2894 4285 3192 4338; x_wconf 80' lang='lat' dir='ltr'><strong>ministrum</strong></span> <span class='ocrx_word' id='word_1_665' title='bbox 3227 4283 3392 4352; x_wconf 77' lang='lat' dir='ltr'><strong>fuisse</strong></span> <span class='ocrx_word' id='word_1_666' title='bbox 3414 4285 3640 4338; x_wconf 78' lang='lat' dir='ltr'><strong>circum-</strong></span> 
     </span>
    </p>
   </div>
   <div class='ocr_carea' id='block_1_86' title="bbox 372 4377 1958 4451">
    <p class='ocr_par' dir='ltr' id='par_1_86' title="bbox 372 4377 1958 4451">
     <span class='ocr_line' id='line_1_86' title="bbox 372 4377 1958 4451; baseline 0.003 -20"><span class='ocrx_word' id='word_1_667' title='bbox 372 4377 700 4448; x_wconf 72' lang='grc' dir='ltr'>περιτομῆς</span> <span class='ocrx_word' id='word_1_668' title='bbox 733 4379 882 4449; x_wconf 81' lang='grc' dir='ltr'>ὑπὲρ</span> <span class='ocrx_word' id='word_1_669' title='bbox 906 4381 1189 4449; x_wconf 74' lang='grc' dir='ltr'>ἀληθείας</span> <span class='ocrx_word' id='word_1_670' title='bbox 1221 4381 1390 4445; x_wconf 84' lang='grc' dir='ltr'>Θεοῦ,</span> <span class='ocrx_word' id='word_1_671' title='bbox 1423 4385 1510 4448; x_wconf 81' lang='grc' dir='ltr'><strong>είς</strong></span> <span class='ocrx_word' id='word_1_672' title='bbox 1545 4382 1613 4436; x_wconf 83' lang='grc' dir='ltr'>τὸ</span> <span class='ocrx_word' id='word_1_673' title='bbox 1645 4381 1958 4451; x_wconf 73' lang='grc' dir='ltr'>πληρῶσαι</span> 
     </span>
    </p>
   </div>
   <div class='ocr_carea' id='block_1_87' title="bbox 372 4464 1956 4545">
    <p class='ocr_par' dir='ltr' id='par_1_87' title="bbox 372 4464 1956 4545">
     <span class='ocr_line' id='line_1_87' title="bbox 372 4464 1956 4545; baseline 0.004 -24"><span class='ocrx_word' id='word_1_674' title='bbox 372 4469 485 4534; x_wconf 75' lang='grc' dir='ltr'>τὰς</span> <span class='ocrx_word' id='word_1_675' title='bbox 513 4464 892 4540; x_wconf 68' lang='grc' dir='ltr'>ἐπαγγελίας.</span> <span class='ocrx_word' id='word_1_676' title='bbox 943 4472 1312 4526; x_wconf 84' lang='grc' dir='ltr'>Συνδιακονεῖν</span> <span class='ocrx_word' id='word_1_677' title='bbox 1354 4474 1410 4527; x_wconf 79' lang='grc' dir='ltr'><strong>δὲ</strong></span> <span class='ocrx_word' id='word_1_678' title='bbox 1453 4473 1675 4545; x_wconf 84' lang='grc' dir='ltr'>Πνεῦμα</span> <span class='ocrx_word' id='word_1_679' title='bbox 1710 4474 1770 4526; x_wconf 83' lang='grc' dir='ltr'><strong>τὸ</strong></span> <span class='ocrx_word' id='word_1_680' title='bbox 1803 4475 1956 4543; x_wconf 80' lang='grc' dir='ltr'>άγιον</span> 
     </span>
    </p>
   </div>
   <div class='ocr_carea' id='block_1_88' title="bbox 373 4563 1958 4636">
    <p class='ocr_par' dir='ltr' id='par_1_88' title="bbox 373 4563 1958 4636">
     <span class='ocr_line' id='line_1_88' title="bbox 373 4563 1958 4636; baseline 0.002 -21"><span class='ocrx_word' id='word_1_681' title='bbox 373 4563 794 4634; x_wconf 70' lang='grc' dir='ltr'>παρειλήφαμεν</span> <span class='ocrx_word' id='word_1_682' title='bbox 823 4567 885 4617; x_wconf 78' lang='grc' dir='ltr'>ὲκ</span> <span class='ocrx_word' id='word_1_683' title='bbox 925 4565 1082 4618; x_wconf 84' lang='grc' dir='ltr'>Θείων</span> <span class='ocrx_word' id='word_1_684' title='bbox 1111 4565 1341 4636; x_wconf 78' lang='grc' dir='ltr'>Γραφῶν</span> <span class='ocrx_word' id='word_1_685' title='bbox 1363 4565 1533 4630; x_wconf 74' lang='grc' dir='ltr'>οὕτως</span> <span class='ocrx_word' id='word_1_686' title='bbox 1553 4585 1566 4598; x_wconf 88' lang='grc'><strong>·</strong></span> <span class='ocrx_word' id='word_1_687' title='bbox 1612 4566 1958 4620; x_wconf 82' lang='grc' dir='ltr'>Ἀποστέλλε-</span> 
     </span>
    </p>
   </div>
   <div class='ocr_carea' id='block_1_89' title="bbox 371 4655 1956 4729">
    <p class='ocr_par' dir='ltr' id='par_1_89' title="bbox 371 4655 1956 4729">
     <span class='ocr_line' id='line_1_89' title="bbox 371 4655 1956 4729; baseline 0.003 -23"><span class='ocrx_word' id='word_1_688' title='bbox 371 4670 464 4708; x_wconf 83' lang='grc' dir='ltr'><strong>ται</strong></span> <span class='ocrx_word' id='word_1_689' title='bbox 489 4656 517 4707; x_wconf 84' lang='lat'><strong>6</strong></span> <span class='ocrx_word' id='word_1_690' title='bbox 551 4655 784 4726; x_wconf 82' lang='grc' dir='ltr'>Χριστὸς</span> <span class='ocrx_word' id='word_1_691' title='bbox 816 4656 924 4709; x_wconf 85' lang='grc' dir='ltr'>ἀπὸ</span> <span class='ocrx_word' id='word_1_692' title='bbox 955 4658 1186 4728; x_wconf 83' lang='grc' dir='ltr'>Πατρὺς,</span> <span class='ocrx_word' id='word_1_693' title='bbox 1218 4658 1605 4712; x_wconf 81' lang='grc' dir='ltr'>ἀποστέλλεται</span> <span class='ocrx_word' id='word_1_694' title='bbox 1643 4659 1703 4712; x_wconf 85' lang='grc' dir='ltr'>τὸ</span> <span class='ocrx_word' id='word_1_695' title='bbox 1732 4658 1956 4729; x_wconf 82' lang='grc' dir='ltr'>Πνεῦμα</span> 
     </span>
    </p>
   </div>
   <div class='ocr_carea' id='block_1_90' title="bbox 371 4743 1956 4820">
    <p class='ocr_par' dir='ltr' id='par_1_90' title="bbox 371 4743 1956 4820">
     <span class='ocr_line' id='line_1_90' title="bbox 371 4743 1956 4820; baseline 0.003 -23"><span class='ocrx_word' id='word_1_696' title='bbox 371 4743 436 4798; x_wconf 81' lang='grc' dir='ltr'>τὺ</span> <span class='ocrx_word' id='word_1_697' title='bbox 464 4744 616 4812; x_wconf 77' lang='grc' dir='ltr'>ἅγιον</span> <span class='ocrx_word' id='word_1_698' title='bbox 638 4761 650 4774; x_wconf 87' lang='grc'>·</span> <span class='ocrx_word' id='word_1_699' title='bbox 680 4744 830 4798; x_wconf 82' lang='grc' dir='ltr'>λαλεῖ</span> <span class='ocrx_word' id='word_1_700' title='bbox 863 4747 920 4799; x_wconf 81' lang='grc' dir='ltr'>ὲν</span> <span class='ocrx_word' id='word_1_701' title='bbox 951 4747 1127 4816; x_wconf 80' lang='grc' dir='ltr'>ἁγίοις</span> <span class='ocrx_word' id='word_1_702' title='bbox 1160 4747 1412 4817; x_wconf 75' lang='grc' dir='ltr'>Χριστὸς,</span> <span class='ocrx_word' id='word_1_703' title='bbox 1450 4747 1600 4800; x_wconf 89' lang='grc' dir='ltr'>λαλεί</span> <span class='ocrx_word' id='word_1_704' title='bbox 1643 4748 1704 4801; x_wconf 84' lang='grc' dir='ltr'>τὺ</span> <span class='ocrx_word' id='word_1_705' title='bbox 1732 4748 1956 4820; x_wconf 85' lang='grc' dir='ltr'>Πνεῦμα</span> 
     </span>
    </p>
   </div>
   <div class='ocr_carea' id='block_1_91' title="bbox 372 4833 1952 4910">
    <p class='ocr_par' dir='ltr' id='par_1_91' title="bbox 372 4833 1952 4910">
     <span class='ocr_line' id='line_1_91' title="bbox 372 4833 1952 4910; baseline 0.005 -24"><span class='ocrx_word' id='word_1_706' title='bbox 372 4833 433 4886; x_wconf 77' lang='grc' dir='ltr'><strong>τὸ</strong></span> <span class='ocrx_word' id='word_1_707' title='bbox 459 4834 614 4903; x_wconf 79' lang='grc' dir='ltr'>ἅγιον</span> <span class='ocrx_word' id='word_1_708' title='bbox 632 4852 646 4866; x_wconf 77' lang='grc' dir='ltr'><strong><em>ο</em></strong></span> <span class='ocrx_word' id='word_1_709' title='bbox 679 4835 822 4889; x_wconf 78' lang='grc' dir='ltr'>ἰᾶται</span> <span class='ocrx_word' id='word_1_710' title='bbox 850 4834 1102 4908; x_wconf 76' lang='grc' dir='ltr'>Χριστὸς,</span> <span class='ocrx_word' id='word_1_711' title='bbox 1141 4839 1286 4892; x_wconf 73' lang='grc' dir='ltr'>ἰᾶται</span> <span class='ocrx_word' id='word_1_712' title='bbox 1315 4840 1374 4892; x_wconf 84' lang='grc' dir='ltr'><strong>τὸ</strong></span> <span class='ocrx_word' id='word_1_713' title='bbox 1417 4837 1641 4910; x_wconf 87' lang='grc' dir='ltr'>Πνεῦμα</span> <span class='ocrx_word' id='word_1_714' title='bbox 1676 4840 1735 4893; x_wconf 75' lang='grc' dir='ltr'>τὸ</span> <span class='ocrx_word' id='word_1_715' title='bbox 1764 4840 1917 4908; x_wconf 78' lang='grc' dir='ltr'>ἅγιον</span> <span class='ocrx_word' id='word_1_716' title='bbox 1936 4856 1952 4873; x_wconf 74' lang='grc' dir='ltr'><strong>ο</strong></span> 
     </span>
    </p>
   </div>
   <div class='ocr_carea' id='block_1_92' title="bbox 375 4927 1948 5001">
    <p class='ocr_par' dir='ltr' id='par_1_92' title="bbox 375 4927 1948 5001">
     <span class='ocr_line' id='line_1_92' title="bbox 375 4927 1948 5001; baseline 0.004 -23"><span class='ocrx_word' id='word_1_717' title='bbox 375 4927 590 4995; x_wconf 79' lang='grc' dir='ltr'>ἁγιάζει</span> <span class='ocrx_word' id='word_1_718' title='bbox 652 4928 917 4999; x_wconf 80' lang='grc' dir='ltr'>Χριστὸς,</span> <span class='ocrx_word' id='word_1_719' title='bbox 981 4929 1194 4998; x_wconf 81' lang='grc' dir='ltr'>ἁγιάζει</span> <span class='ocrx_word' id='word_1_720' title='bbox 1251 4930 1312 4982; x_wconf 79' lang='grc' dir='ltr'>τὺ</span> <span class='ocrx_word' id='word_1_721' title='bbox 1371 4929 1598 5001; x_wconf 84' lang='grc' dir='ltr'>Πνεῦμα</span> <span class='ocrx_word' id='word_1_722' title='bbox 1651 4930 1711 4983; x_wconf 75' lang='grc' dir='ltr'>τὸ</span> <span class='ocrx_word' id='word_1_723' title='bbox 1762 4931 1948 4998; x_wconf 79' lang='grc' dir='ltr'>άγιον⁶</span> 
     </span>
    </p>
   </div>
   <div class='ocr_carea' id='block_1_93' title="bbox 377 5019 1952 5093">
    <p class='ocr_par' dir='ltr' id='par_1_93' title="bbox 377 5019 1952 5093">
     <span class='ocr_line' id='line_1_93' title="bbox 377 5019 1952 5093; baseline 0.003 -22"><span class='ocrx_word' id='word_1_724' title='bbox 377 5019 630 5090; x_wconf 80' lang='grc' dir='ltr'>βαπτίζει</span> <span class='ocrx_word' id='word_1_725' title='bbox 667 5023 899 5093; x_wconf 72' lang='grc' dir='ltr'>Χριστος</span> <span class='ocrx_word' id='word_1_726' title='bbox 940 5024 999 5076; x_wconf 77' lang='grc' dir='ltr'>ὲν</span> <span class='ocrx_word' id='word_1_727' title='bbox 1051 5021 1129 5092; x_wconf 83' lang='grc' dir='ltr'>τῷ</span> <span class='ocrx_word' id='word_1_728' title='bbox 1183 5022 1407 5093; x_wconf 84' lang='grc' dir='ltr'>ὀνόματι</span> <span class='ocrx_word' id='word_1_729' title='bbox 1451 5023 1652 5086; x_wconf 84' lang='grc' dir='ltr'>αὑτοῦ,</span> <span class='ocrx_word' id='word_1_730' title='bbox 1703 5022 1952 5093; x_wconf 80' lang='grc' dir='ltr'>βαπτίζει</span> 
     </span>
    </p>
   </div>
   <div class='ocr_carea' id='block_1_94' title="bbox 370 5108 1948 5184">
    <p class='ocr_par' dir='ltr' id='par_1_94' title="bbox 370 5108 1948 5184">
     <span class='ocr_line' id='line_1_94' title="bbox 370 5108 1948 5184; baseline 0.003 -22"><span class='ocrx_word' id='word_1_731' title='bbox 370 5108 434 5163; x_wconf 67' lang='grc' dir='ltr'>τὸ</span> <span class='ocrx_word' id='word_1_732' title='bbox 477 5110 700 5183; x_wconf 85' lang='grc' dir='ltr'>Πνεῦμα</span> <span class='ocrx_word' id='word_1_733' title='bbox 752 5113 813 5166; x_wconf 75' lang='grc' dir='ltr'><strong>τὸ</strong></span> <span class='ocrx_word' id='word_1_734' title='bbox 864 5113 1036 5182; x_wconf 67' lang='grc' dir='ltr'>ἅγιον.</span> <span class='ocrx_word' id='word_1_735' title='bbox 1080 5112 1267 5176; x_wconf 78' lang='grc' dir='ltr'>Οὕτως</span> <span class='ocrx_word' id='word_1_736' title='bbox 1311 5113 1560 5182; x_wconf 87' lang='grc' dir='ltr'>λέγουσιν</span> <span class='ocrx_word' id='word_1_737' title='bbox 1606 5115 1661 5167; x_wconf 85' lang='grc' dir='ltr'>αἱ</span> <span class='ocrx_word' id='word_1_738' title='bbox 1712 5115 1948 5184; x_wconf 81' lang='grc' dir='ltr'>Γραφαί·</span> 
     </span>
    </p>
   </div>
   <div class='ocr_carea' id='block_1_95' title="bbox 382 5205 1950 5274">
    <p class='ocr_par' dir='ltr' id='par_1_95' title="bbox 382 5205 1950 5274">
     <span class='ocr_line' id='line_1_95' title="bbox 382 5205 1950 5274; baseline 0.001 -18"><span class='ocrx_word' id='word_1_739' title='bbox 382 5205 757 5273; x_wconf 74' lang='grc' dir='ltr'>Ἀποστελεῖς</span> <span class='ocrx_word' id='word_1_740' title='bbox 809 5205 874 5259; x_wconf 83' lang='grc' dir='ltr'>τὸ</span> <span class='ocrx_word' id='word_1_741' title='bbox 929 5205 1168 5274; x_wconf 72' lang='grc' dir='ltr'>Πνεῦμά</span> <span class='ocrx_word' id='word_1_742' title='bbox 1224 5219 1340 5258; x_wconf 84' lang='grc' dir='ltr'>σου</span> <span class='ocrx_word' id='word_1_743' title='bbox 1366 5246 1381 5270; x_wconf 88' lang='grc'><strong>,</strong></span> <span class='ocrx_word' id='word_1_744' title='bbox 1443 5205 1542 5258; x_wconf 74' lang='grc' dir='ltr'>καὶ</span> <span class='ocrx_word' id='word_1_745' title='bbox 1588 5205 1950 5270; x_wconf 72' lang='grc' dir='ltr'>ἀνακαινιεῖς</span> 
     </span>
    </p>
   </div>
   <div class='ocr_carea' id='block_1_96' title="bbox 368 5296 1950 5369">
    <p class='ocr_par' dir='ltr' id='par_1_96' title="bbox 368 5296 1950 5369">
     <span class='ocr_line' id='line_1_96' title="bbox 368 5296 1950 5369; baseline -0.005 -13"><span class='ocrx_word' id='word_1_746' title='bbox 368 5303 436 5355; x_wconf 83' lang='grc' dir='ltr'>τὸ</span> <span class='ocrx_word' id='word_1_747' title='bbox 503 5302 824 5369; x_wconf 77' lang='grc' dir='ltr'>πρόσωπον</span> <span class='ocrx_word' id='word_1_748' title='bbox 863 5296 968 5366; x_wconf 80' lang='grc' dir='ltr'>τῆς</span> <span class='ocrx_word' id='word_1_749' title='bbox 1021 5297 1164 5368; x_wconf 69' lang='grc' dir='ltr'><strong>γῆς’</strong></span> <span class='ocrx_word' id='word_1_750' title='bbox 1203 5297 1384 5368; x_wconf 85' lang='grc' dir='ltr'>ὅμοιον</span> <span class='ocrx_word' id='word_1_751' title='bbox 1437 5298 1514 5369; x_wconf 78' lang='grc' dir='ltr'>τῷ</span> <span class='ocrx_word' id='word_1_752' title='bbox 1563 5296 1768 5366; x_wconf 76' lang='grc' dir='ltr'>λέγειν’</span> <span class='ocrx_word' id='word_1_753' title='bbox 1820 5296 1950 5362; x_wconf 76' lang='grc' dir='ltr'><strong>Ἐξ-</strong></span> 
     </span>
    </p>
   </div>
   <div class='ocr_carea' id='block_1_97' title="bbox 368 5387 1944 5458">
    <p class='ocr_par' dir='ltr' id='par_1_97' title="bbox 368 5387 1944 5458">
     <span class='ocr_line' id='line_1_97' title="bbox 368 5387 1944 5458; baseline -0.002 -11"><span class='ocrx_word' id='word_1_754' title='bbox 368 5391 728 5458; x_wconf 74' lang='grc' dir='ltr'>αποστελεῗς</span> <span class='ocrx_word' id='word_1_755' title='bbox 788 5389 893 5444; x_wconf 74' lang='grc' dir='ltr'><strong>τὸν</strong></span> <span class='ocrx_word' id='word_1_756' title='bbox 947 5389 1142 5457; x_wconf 69' lang='grc' dir='ltr'>Λόγον</span> <span class='ocrx_word' id='word_1_757' title='bbox 1191 5401 1307 5443; x_wconf 88' lang='grc' dir='ltr'>σου</span> <span class='ocrx_word' id='word_1_758' title='bbox 1336 5427 1351 5453; x_wconf 89' lang='grc'><strong>,</strong></span> <span class='ocrx_word' id='word_1_759' title='bbox 1411 5389 1511 5443; x_wconf 81' lang='grc' dir='ltr'><strong>καί</strong></span> <span class='ocrx_word' id='word_1_760' title='bbox 1565 5389 1730 5455; x_wconf 82' lang='grc' dir='ltr'>τήξει</span> <span class='ocrx_word' id='word_1_761' title='bbox 1774 5387 1944 5444; x_wconf 77' lang='grc' dir='ltr'>αὐτά.</span> 
     </span>
    </p>
   </div>
   <div class='ocr_carea' id='block_1_98' title="bbox 368 5480 1944 5556">
    <p class='ocr_par' dir='ltr' id='par_1_98' title="bbox 368 5480 1944 5556">
     <span class='ocr_line' id='line_1_98' title="bbox 368 5480 1944 5556; baseline -0.005 -14"><span class='ocrx_word' id='word_1_762' title='bbox 368 5486 885 5556; x_wconf 73' lang='grc' dir='ltr'>Λειτουργούντων</span> <span class='ocrx_word' id='word_1_763' title='bbox 921 5483 976 5536; x_wconf 80' lang='grc' dir='ltr'><strong>δὲ</strong></span> <span class='ocrx_word' id='word_1_764' title='bbox 1027 5480 1246 5547; x_wconf 80' lang='grc' dir='ltr'>αὐτῶν,</span> <span class='ocrx_word' id='word_1_765' title='bbox 1279 5482 1435 5553; x_wconf 73' lang='grc' dir='ltr'>φησὶ,</span> <span class='ocrx_word' id='word_1_766' title='bbox 1477 5481 1558 5547; x_wconf 84' lang='grc' dir='ltr'>τῷ</span> <span class='ocrx_word' id='word_1_767' title='bbox 1586 5481 1802 5549; x_wconf 82' lang='grc' dir='ltr'>Κυρίῳ,</span> <span class='ocrx_word' id='word_1_768' title='bbox 1845 5481 1944 5534; x_wconf 77' lang='grc' dir='ltr'><strong>καί</strong></span> 
     </span>
    </p>
   </div>
   <div class='ocr_carea' id='block_1_99' title="bbox 439 5617 1944 5696">
    <p class='ocr_par' dir='ltr' id='par_1_99' title="bbox 439 5617 1944 5696">
     <span class='ocr_line' id='line_1_99' title="bbox 439 5617 1944 5696; baseline -0.007 -16"><span class='ocrx_word' id='word_1_769' title='bbox 439 5628 455 5696; x_wconf 51' lang='grc' dir='ltr'><strong>Ρ</strong></span> <span class='ocrx_word' id='word_1_770' title='bbox 503 5643 589 5694; x_wconf 64' lang='grc' dir='ltr'><strong>γρ.</strong></span> <span class='ocrx_word' id='word_1_771' title='bbox 627 5624 992 5696; x_wconf 68' lang='grc' dir='ltr'>ἀπερίεργος,</span> <span class='ocrx_word' id='word_1_772' title='bbox 1036 5619 1394 5696; x_wconf 60' lang='grc' dir='ltr'><strong>ὁιιριλόνεικοςΣ</strong></span> <span class='ocrx_word' id='word_1_773' title='bbox 1469 5620 1528 5696; x_wconf 77' lang='lat'><strong>_’</strong></span> <span class='ocrx_word' id='word_1_774' title='bbox 1567 5617 1944 5696; x_wconf 49' lang='grc' dir='ltr'>ϐοῇ-δίδοται.</span> 
     </span>
    </p>
   </div>
   <div class='ocr_carea' id='block_1_100' title="bbox 364 5691 1192 5758">
    <p class='ocr_par' dir='ltr' id='par_1_100' title="bbox 364 5691 1192 5758">
     <span class='ocr_line' id='line_1_100' title="bbox 364 5691 1192 5758; baseline -0.008 -7"><span class='ocrx_word' id='word_1_775' title='bbox 364 5701 388 5732; x_wconf 86' lang='grc'>⁸</span> <span class='ocrx_word' id='word_1_776' title='bbox 424 5691 560 5750; x_wconf 75' lang='grc' dir='ltr'>(ἶειι.</span> <span class='ocrx_word' id='word_1_777' title='bbox 600 5712 636 5758; x_wconf 89' lang='grc' dir='ltr'><strong>ι,</strong></span> <span class='ocrx_word' id='word_1_778' title='bbox 670 5691 753 5749; x_wconf 48' lang='grc'><strong>5(</strong></span> <span class='ocrx_word' id='word_1_779' title='bbox 820 5691 841 5724; x_wconf 73' lang='grc'>⁸</span> <span class='ocrx_word' id='word_1_780' title='bbox 880 5691 1035 5747; x_wconf 81' lang='lat' dir='ltr'><strong>Joan.</strong></span> <span class='ocrx_word' id='word_1_781' title='bbox 1071 5705 1109 5754; x_wconf 88' lang='grc' dir='ltr'><strong>ι,</strong></span> <span class='ocrx_word' id='word_1_782' title='bbox 1140 5692 1192 5746; x_wconf 87' lang='lat'><strong>9.</strong></span> 
     </span>
    </p>
   </div>
   <div class='ocr_carea' id='block_1_101' title="bbox 363 5766 695 5835">
    <p class='ocr_par' dir='ltr' id='par_1_101' title="bbox 363 5766 695 5835">
     <span class='ocr_line' id='line_1_101' title="bbox 363 5766 695 5835; baseline -0.012 -11"><span class='ocrx_word' id='word_1_783' title='bbox 363 5781 570 5835; x_wconf 70' lang='lat' dir='ltr'><strong>curn,</strong></span> <span class='ocrx_word' id='word_1_784' title='bbox 608 5766 695 5820; x_wconf 82' lang='grc'><strong>18,</strong></span> 
     </span>
    </p>
   </div>
   <div class='ocr_carea' id='block_1_102' title="bbox 1297 5683 2731 5755">
    <p class='ocr_par' dir='ltr' id='par_1_102' title="bbox 1297 5683 2731 5755">
     <span class='ocr_line' id='line_1_102' title="bbox 1297 5683 2731 5755; baseline -0.006 -11"><span class='ocrx_word' id='word_1_785' title='bbox 1297 5691 1316 5719; x_wconf 81' lang='grc'>⁷</span> <span class='ocrx_word' id='word_1_786' title='bbox 1359 5688 1500 5744; x_wconf 82' lang='lat' dir='ltr'><strong>Psal.</strong></span> <span class='ocrx_word' id='word_1_787' title='bbox 1540 5703 1671 5755; x_wconf 66' lang='lat' dir='ltr'><strong>sui,</strong></span> <span class='ocrx_word' id='word_1_788' title='bbox 1705 5689 1757 5744; x_wconf 79' lang='lat'><strong>5.</strong></span> <span class='ocrx_word' id='word_1_789' title='bbox 1834 5689 1854 5719; x_wconf 78' lang='grc'><strong><em>⁸</em></strong></span> <span class='ocrx_word' id='word_1_790' title='bbox 1889 5685 2003 5741; x_wconf 85' lang='lat' dir='ltr'><strong>.Ioel</strong></span> <span class='ocrx_word' id='word_1_791' title='bbox 2036 5703 2094 5750; x_wconf 90' lang='grc' dir='ltr'><strong>ιι,</strong></span> <span class='ocrx_word' id='word_1_792' title='bbox 2120 5686 2209 5741; x_wconf 74' lang='lat'><strong>‘28.</strong></span> <span class='ocrx_word' id='word_1_793' title='bbox 2288 5687 2307 5718; x_wconf 84' lang='lat'><strong>’</strong></span> <span class='ocrx_word' id='word_1_794' title='bbox 2350 5683 2505 5739; x_wconf 77' lang='lat' dir='ltr'><strong>Rom.</strong></span> <span class='ocrx_word' id='word_1_795' title='bbox 2550 5698 2637 5748; x_wconf 76' lang='lat' dir='ltr'><strong>xv,</strong></span> <span class='ocrx_word' id='word_1_796' title='bbox 2680 5684 2731 5737; x_wconf 91' lang='lat'><strong>8.</strong></span> 
     </span>
    </p>
   </div>
   <div class='ocr_carea' id='block_1_103' title="bbox 2061 4376 3637 4450">
    <p class='ocr_par' dir='ltr' id='par_1_103' title="bbox 2061 4376 3637 4450">
     <span class='ocr_line' id='line_1_103' title="bbox 2061 4376 3637 4450; baseline -0.001 -16"><span class='ocrx_word' id='word_1_797' title='bbox 2061 4381 2274 4434; x_wconf 80' lang='lat' dir='ltr'><strong>cisionis</strong></span> <span class='ocrx_word' id='word_1_798' title='bbox 2329 4396 2422 4450; x_wconf 82' lang='lat' dir='ltr'><strong>pro</strong></span> <span class='ocrx_word' id='word_1_799' title='bbox 2458 4379 2673 4432; x_wconf 79' lang='lat' dir='ltr'><strong>veritate</strong></span> <span class='ocrx_word' id='word_1_800' title='bbox 2708 4376 2842 4440; x_wconf 88' lang='lat' dir='ltr'><strong>Dei,</strong></span> <span class='ocrx_word' id='word_1_801' title='bbox 2889 4385 2948 4430; x_wconf 87' lang='lat' dir='ltr'><strong>ut</strong></span> <span class='ocrx_word' id='word_1_802' title='bbox 2989 4377 3256 4446; x_wconf 72' lang='lat' dir='ltr'><strong>promissa</strong></span> <span class='ocrx_word' id='word_1_803' title='bbox 3286 4376 3563 4444; x_wconf 81' lang='lat' dir='ltr'><strong>compleret</strong></span> <span class='ocrx_word' id='word_1_804' title='bbox 3595 4378 3637 4432; x_wconf 87' lang='lat'><strong>’.</strong></span> 
     </span>
    </p>
   </div>
   <div class='ocr_carea' id='block_1_104' title="bbox 2061 4468 3640 4541">
    <p class='ocr_par' dir='ltr' id='par_1_104' title="bbox 2061 4468 3640 4541">
     <span class='ocr_line' id='line_1_104' title="bbox 2061 4468 3640 4541; baseline -0.003 -14"><span class='ocrx_word' id='word_1_805' title='bbox 2061 4472 2234 4528; x_wconf 91' lang='lat' dir='ltr'><strong>Porro</strong></span> <span class='ocrx_word' id='word_1_806' title='bbox 2275 4470 2537 4541; x_wconf 90' lang='lat' dir='ltr'><strong>Spiritum</strong></span> <span class='ocrx_word' id='word_1_807' title='bbox 2591 4477 2843 4524; x_wconf 86' lang='lat' dir='ltr'><strong>sanctum</strong></span> <span class='ocrx_word' id='word_1_808' title='bbox 2893 4484 2998 4522; x_wconf 86' lang='lat' dir='ltr'><strong>una</strong></span> <span class='ocrx_word' id='word_1_809' title='bbox 3033 4468 3350 4523; x_wconf 88' lang='lat' dir='ltr'><strong>ministrare</strong></span> <span class='ocrx_word' id='word_1_810' title='bbox 3389 4484 3418 4523; x_wconf 90' lang='lat' dir='ltr'><strong>e</strong></span> <span class='ocrx_word' id='word_1_811' title='bbox 3450 4483 3640 4523; x_wconf 80' lang='lat' dir='ltr'><strong>sacro-</strong></span> 
     </span>
    </p>
   </div>
   <div class='ocr_carea' id='block_1_105' title="bbox 2060 4560 3639 4620">
    <p class='ocr_par' dir='ltr' id='par_1_105' title="bbox 2060 4560 3639 4620">
     <span class='ocr_line' id='line_1_105' title="bbox 2060 4560 3639 4620; baseline -0.003 0"><span class='ocrx_word' id='word_1_812' title='bbox 2060 4581 2181 4620; x_wconf 87' lang='lat' dir='ltr'><strong>rum</strong></span> <span class='ocrx_word' id='word_1_813' title='bbox 2214 4564 2503 4619; x_wconf 88' lang='lat' dir='ltr'><strong>Librorum</strong></span> <span class='ocrx_word' id='word_1_814' title='bbox 2535 4561 2858 4617; x_wconf 83' lang='lat' dir='ltr'><strong>auctoritate</strong></span> <span class='ocrx_word' id='word_1_815' title='bbox 2898 4562 2972 4615; x_wconf 88' lang='lat' dir='ltr'><strong>ita</strong></span> <span class='ocrx_word' id='word_1_816' title='bbox 3011 4561 3282 4616; x_wconf 82' lang='lat' dir='ltr'><strong>dicimus:</strong></span> <span class='ocrx_word' id='word_1_817' title='bbox 3318 4560 3574 4616; x_wconf 82' lang='lat' dir='ltr'><strong>Christus</strong></span> <span class='ocrx_word' id='word_1_818' title='bbox 3607 4576 3639 4615; x_wconf 89' lang='lat' dir='ltr'><strong>a</strong></span> 
     </span>
    </p>
   </div>
   <div class='ocr_carea' id='block_1_106' title="bbox 2061 4649 3635 4721">
    <p class='ocr_par' dir='ltr' id='par_1_106' title="bbox 2061 4649 3635 4721">
     <span class='ocr_line' id='line_1_106' title="bbox 2061 4649 3635 4721; baseline -0.004 -9"><span class='ocrx_word' id='word_1_819' title='bbox 2061 4657 2221 4713; x_wconf 80' lang='lat' dir='ltr'><strong>Patre</strong></span> <span class='ocrx_word' id='word_1_820' title='bbox 2300 4655 2575 4721; x_wconf 91' lang='lat' dir='ltr'><strong>mittitur,</strong></span> <span class='ocrx_word' id='word_1_821' title='bbox 2658 4653 2894 4708; x_wconf 88' lang='lat' dir='ltr'><strong>mittitur</strong></span> <span class='ocrx_word' id='word_1_822' title='bbox 2950 4658 3007 4706; x_wconf 85' lang='lat' dir='ltr'><strong>et</strong></span> <span class='ocrx_word' id='word_1_823' title='bbox 3073 4649 3312 4721; x_wconf 88' lang='lat' dir='ltr'><strong>Spiritus</strong></span> <span class='ocrx_word' id='word_1_824' title='bbox 3370 4659 3635 4713; x_wconf 86' lang='lat' dir='ltr'><strong>sanctus,</strong></span> 
     </span>
    </p>
   </div>
   <div class='ocr_carea' id='block_1_107' title="bbox 2060 4741 3637 4813">
    <p class='ocr_par' dir='ltr' id='par_1_107' title="bbox 2060 4741 3637 4813">
     <span class='ocr_line' id='line_1_107' title="bbox 2060 4741 3637 4813; baseline -0.004 -10"><span class='ocrx_word' id='word_1_825' title='bbox 2060 4747 2315 4803; x_wconf 87' lang='lat' dir='ltr'><strong>Christus</strong></span> <span class='ocrx_word' id='word_1_826' title='bbox 2364 4746 2421 4800; x_wconf 90' lang='lat' dir='ltr'><strong>in</strong></span> <span class='ocrx_word' id='word_1_827' title='bbox 2462 4744 2671 4799; x_wconf 84' lang='lat' dir='ltr'><strong>sanctis</strong></span> <span class='ocrx_word' id='word_1_828' title='bbox 2721 4743 3001 4813; x_wconf 84' lang='lat' dir='ltr'><strong>loquitur,</strong></span> <span class='ocrx_word' id='word_1_829' title='bbox 3031 4741 3272 4812; x_wconf 88' lang='lat' dir='ltr'><strong>loquitur</strong></span> <span class='ocrx_word' id='word_1_830' title='bbox 3304 4749 3357 4797; x_wconf 91' lang='lat' dir='ltr'><strong>et</strong></span> <span class='ocrx_word' id='word_1_831' title='bbox 3397 4741 3637 4812; x_wconf 86' lang='lat' dir='ltr'><strong>Spiritus</strong></span> 
     </span>
    </p>
   </div>
   <div class='ocr_carea' id='block_1_108' title="bbox 2061 4832 3633 4903">
    <p class='ocr_par' dir='ltr' id='par_1_108' title="bbox 2061 4832 3633 4903">
     <span class='ocr_line' id='line_1_108' title="bbox 2061 4832 3633 4903; baseline -0.008 -6"><span class='ocrx_word' id='word_1_832' title='bbox 2061 4850 2309 4903; x_wconf 86' lang='lat' dir='ltr'><strong>sanctus,</strong></span> <span class='ocrx_word' id='word_1_833' title='bbox 2336 4845 2494 4894; x_wconf 85' lang='lat' dir='ltr'><strong>sanat</strong></span> <span class='ocrx_word' id='word_1_834' title='bbox 2516 4836 2771 4892; x_wconf 88' lang='lat' dir='ltr'><strong>Christus</strong></span> <span class='ocrx_word' id='word_1_835' title='bbox 2799 4873 2814 4898; x_wconf 93' lang='lat'><strong>,</strong></span> <span class='ocrx_word' id='word_1_836' title='bbox 2839 4843 2998 4890; x_wconf 88' lang='lat' dir='ltr'><strong>sanat</strong></span> <span class='ocrx_word' id='word_1_837' title='bbox 3023 4843 3077 4890; x_wconf 90' lang='lat' dir='ltr'><strong>et</strong></span> <span class='ocrx_word' id='word_1_838' title='bbox 3112 4832 3351 4902; x_wconf 87' lang='lat' dir='ltr'><strong>Spiritus</strong></span> <span class='ocrx_word' id='word_1_839' title='bbox 3388 4844 3633 4896; x_wconf 88' lang='lat' dir='ltr'><strong>sanctus,</strong></span> 
     </span>
    </p>
   </div>
   <div class='ocr_carea' id='block_1_109' title="bbox 2059 4925 3632 4996">
    <p class='ocr_par' dir='ltr' id='par_1_109' title="bbox 2059 4925 3632 4996">
     <span class='ocr_line' id='line_1_109' title="bbox 2059 4925 3632 4996; baseline -0.007 -10"><span class='ocrx_word' id='word_1_840' title='bbox 2059 4930 2369 4987; x_wconf 87' lang='lat' dir='ltr'><strong>sanctiﬁcat</strong></span> <span class='ocrx_word' id='word_1_841' title='bbox 2393 4928 2670 4992; x_wconf 83' lang='lat' dir='ltr'><strong>Christus,</strong></span> <span class='ocrx_word' id='word_1_842' title='bbox 2699 4927 3008 4984; x_wconf 85' lang='lat' dir='ltr'><strong>sanctiﬁcat</strong></span> <span class='ocrx_word' id='word_1_843' title='bbox 3033 4934 3089 4980; x_wconf 89' lang='lat' dir='ltr'><strong>et</strong></span> <span class='ocrx_word' id='word_1_844' title='bbox 3122 4925 3362 4996; x_wconf 89' lang='lat' dir='ltr'><strong>Spiritus</strong></span> <span class='ocrx_word' id='word_1_845' title='bbox 3386 4935 3632 4989; x_wconf 88' lang='lat' dir='ltr'><strong>sanctus,</strong></span> 
     </span>
    </p>
   </div>
   <div class='ocr_carea' id='block_1_110' title="bbox 2058 5013 3634 5093">
    <p class='ocr_par' dir='ltr' id='par_1_110' title="bbox 2058 5013 3634 5093">
     <span class='ocr_line' id='line_1_110' title="bbox 2058 5013 3634 5093; baseline -0.008 -14"><span class='ocrx_word' id='word_1_846' title='bbox 2058 5023 2298 5093; x_wconf 78' lang='lat' dir='ltr'><strong>baptizat</strong></span> <span class='ocrx_word' id='word_1_847' title='bbox 2344 5022 2398 5075; x_wconf 90' lang='lat' dir='ltr'><strong>in</strong></span> <span class='ocrx_word' id='word_1_848' title='bbox 2437 5036 2539 5076; x_wconf 89' lang='lat' dir='ltr'><strong>suo</strong></span> <span class='ocrx_word' id='word_1_849' title='bbox 2569 5021 2791 5074; x_wconf 86' lang='lat' dir='ltr'><strong>nomine</strong></span> <span class='ocrx_word' id='word_1_850' title='bbox 2814 5019 3068 5075; x_wconf 88' lang='lat' dir='ltr'><strong>Christus</strong></span> <span class='ocrx_word' id='word_1_851' title='bbox 3091 5057 3106 5083; x_wconf 87' lang='lat'><strong>,</strong></span> <span class='ocrx_word' id='word_1_852' title='bbox 3145 5017 3384 5086; x_wconf 84' lang='lat' dir='ltr'><strong>baptizat</strong></span> <span class='ocrx_word' id='word_1_853' title='bbox 3415 5023 3469 5069; x_wconf 91' lang='lat' dir='ltr'><strong>et</strong></span> <span class='ocrx_word' id='word_1_854' title='bbox 3510 5013 3634 5084; x_wconf 86' lang='lat' dir='ltr'><strong>Spi-</strong></span> 
     </span>
    </p>
   </div>
   <div class='ocr_carea' id='block_1_111' title="bbox 2056 5107 3630 5179">
    <p class='ocr_par' dir='ltr' id='par_1_111' title="bbox 2056 5107 3630 5179">
     <span class='ocr_line' id='line_1_111' title="bbox 2056 5107 3630 5179; baseline -0.008 -9"><span class='ocrx_word' id='word_1_855' title='bbox 2056 5118 2196 5171; x_wconf 84' lang='lat' dir='ltr'><strong>ritus</strong></span> <span class='ocrx_word' id='word_1_856' title='bbox 2225 5121 2472 5171; x_wconf 85' lang='lat' dir='ltr'><strong>sanctus.</strong></span> <span class='ocrx_word' id='word_1_857' title='bbox 2503 5113 2584 5167; x_wconf 87' lang='lat' dir='ltr'><strong>Ad</strong></span> <span class='ocrx_word' id='word_1_858' title='bbox 2614 5128 2738 5168; x_wconf 89' lang='lat' dir='ltr'><strong>eum</strong></span> <span class='ocrx_word' id='word_1_859' title='bbox 2771 5112 2990 5168; x_wconf 89' lang='lat' dir='ltr'><strong>modum</strong></span> <span class='ocrx_word' id='word_1_860' title='bbox 3031 5109 3316 5179; x_wconf 88' lang='lat' dir='ltr'><strong>Scriptura</strong></span> <span class='ocrx_word' id='word_1_861' title='bbox 3343 5107 3585 5175; x_wconf 89' lang='lat' dir='ltr'><strong>loquitur</strong></span> <span class='ocrx_word' id='word_1_862' title='bbox 3614 5125 3630 5159; x_wconf 85' lang='lat'><strong>:</strong></span> 
     </span>
    </p>
   </div>
   <div class='ocr_carea' id='block_1_112' title="bbox 2059 5195 3628 5274">
    <p class='ocr_par' dir='ltr' id='par_1_112' title="bbox 2059 5195 3628 5274">
     <span class='ocr_line' id='line_1_112' title="bbox 2059 5195 3628 5274; baseline -0.004 -14"><span class='ocrx_word' id='word_1_863' title='bbox 2059 5206 2280 5261; x_wconf 82' lang='lat' dir='ltr'><strong>Emittes</strong></span> <span class='ocrx_word' id='word_1_864' title='bbox 2314 5206 2568 5274; x_wconf 86' lang='lat' dir='ltr'><strong>Spiritum</strong></span> <span class='ocrx_word' id='word_1_865' title='bbox 2599 5215 2766 5270; x_wconf 89' lang='lat' dir='ltr'><strong>tuum,</strong></span> <span class='ocrx_word' id='word_1_866' title='bbox 2791 5213 2840 5258; x_wconf 91' lang='lat' dir='ltr'><strong>et</strong></span> <span class='ocrx_word' id='word_1_867' title='bbox 2876 5203 3146 5257; x_wconf 77' lang='lat' dir='ltr'><strong>reuovabis</strong></span> <span class='ocrx_word' id='word_1_868' title='bbox 3173 5201 3361 5269; x_wconf 83' lang='lat' dir='ltr'><strong>faciem</strong></span> <span class='ocrx_word' id='word_1_869' title='bbox 3395 5195 3628 5254; x_wconf 63' lang='lat' dir='ltr'><strong>terra”.</strong></span> 
     </span>
    </p>
   </div>
   <div class='ocr_carea' id='block_1_113' title="bbox 2055 5289 3629 5366">
    <p class='ocr_par' dir='ltr' id='par_1_113' title="bbox 2055 5289 3629 5366">
     <span class='ocr_line' id='line_1_113' title="bbox 2055 5289 3629 5366; baseline -0.01 -13"><span class='ocrx_word' id='word_1_870' title='bbox 2055 5299 2208 5365; x_wconf 84' lang='lat' dir='ltr'><strong>Quod</strong></span> <span class='ocrx_word' id='word_1_871' title='bbox 2250 5299 2375 5353; x_wconf 86' lang='lat' dir='ltr'><strong>item</strong></span> <span class='ocrx_word' id='word_1_872' title='bbox 2405 5305 2491 5352; x_wconf 89' lang='lat' dir='ltr'><strong>est</strong></span> <span class='ocrx_word' id='word_1_873' title='bbox 2523 5302 2686 5366; x_wconf 87' lang='lat' dir='ltr'><strong>atque</strong></span> <span class='ocrx_word' id='word_1_874' title='bbox 2715 5294 2894 5350; x_wconf 89' lang='lat' dir='ltr'><strong>istud:</strong></span> <span class='ocrx_word' id='word_1_875' title='bbox 2935 5292 3155 5346; x_wconf 82' lang='lat' dir='ltr'><strong>Emittes</strong></span> <span class='ocrx_word' id='word_1_876' title='bbox 3191 5289 3417 5344; x_wconf 88' lang='lat' dir='ltr'><strong>Verbum</strong></span> <span class='ocrx_word' id='word_1_877' title='bbox 3462 5297 3629 5351; x_wconf 87' lang='lat' dir='ltr'><strong>tuum,</strong></span> 
     </span>
    </p>
   </div>
   <div class='ocr_carea' id='block_1_114' title="bbox 2053 5376 3634 5460">
    <p class='ocr_par' dir='ltr' id='par_1_114' title="bbox 2053 5376 3634 5460">
     <span class='ocr_line' id='line_1_114' title="bbox 2053 5376 3634 5460; baseline -0.009 -15"><span class='ocrx_word' id='word_1_878' title='bbox 2053 5399 2102 5445; x_wconf 88' lang='lat' dir='ltr'><strong>et</strong></span> <span class='ocrx_word' id='word_1_879' title='bbox 2132 5387 2436 5460; x_wconf 76' lang='lat' dir='ltr'><strong>iiqttefaciet</strong></span> <span class='ocrx_word' id='word_1_880' title='bbox 2467 5376 2615 5442; x_wconf 78' lang='grc' dir='ltr'><strong>εαίι.</strong></span> <span class='ocrx_word' id='word_1_881' title='bbox 2659 5383 3090 5440; x_wconf 80' lang='lat' dir='ltr'><strong>Miuislrmttibus</strong></span> <span class='ocrx_word' id='word_1_882' title='bbox 3130 5379 3351 5451; x_wconf 84' lang='lat' dir='ltr'><strong>(inquit)</strong></span> <span class='ocrx_word' id='word_1_883' title='bbox 3383 5379 3492 5433; x_wconf 74' lang='lat' dir='ltr'><strong>illis</strong></span> <span class='ocrx_word' id='word_1_884' title='bbox 3526 5377 3634 5430; x_wconf 84' lang='lat' dir='ltr'><strong>Do-</strong></span> 
     </span>
    </p>
   </div>
   <div class='ocr_carea' id='block_1_115' title="bbox 2055 5472 3632 5549">
    <p class='ocr_par' dir='ltr' id='par_1_115' title="bbox 2055 5472 3632 5549">
     <span class='ocr_line' id='line_1_115' title="bbox 2055 5472 3632 5549; baseline -0.01 -14"><span class='ocrx_word' id='word_1_885' title='bbox 2055 5481 2218 5548; x_wconf 78' lang='lat' dir='ltr'><strong>mino,</strong></span> <span class='ocrx_word' id='word_1_886' title='bbox 2251 5495 2312 5533; x_wconf 88' lang='lat' dir='ltr'><strong>ac</strong></span> <span class='ocrx_word' id='word_1_887' title='bbox 2332 5477 2702 5549; x_wconf 79' lang='lat' dir='ltr'><strong>jejunantibus</strong></span> <span class='ocrx_word' id='word_1_888' title='bbox 2734 5475 2870 5528; x_wconf 73' lang='lat' dir='ltr'><strong>dixit</strong></span> <span class='ocrx_word' id='word_1_889' title='bbox 2894 5472 3124 5543; x_wconf 79' lang='lat' dir='ltr'><strong>Spiritus</strong></span> <span class='ocrx_word' id='word_1_890' title='bbox 3161 5480 3414 5526; x_wconf 79' lang='lat' dir='ltr'><strong>sanctus:</strong></span> <span class='ocrx_word' id='word_1_891' title='bbox 3447 5473 3632 5538; x_wconf 75' lang='lat' dir='ltr'><strong>Segre-</strong></span> 
     </span>
    </p>
   </div>
   <div class='ocr_carea' id='block_1_116' title="bbox 2057 5609 3630 5674">
    <p class='ocr_par' dir='ltr' id='par_1_116' title="bbox 2057 5609 3630 5674">
     <span class='ocr_line' id='line_1_116' title="bbox 2057 5609 3630 5674; baseline -0.004 -7"><span class='ocrx_word' id='word_1_892' title='bbox 2057 5616 2078 5647; x_wconf 87' lang='grc'>³</span> <span class='ocrx_word' id='word_1_893' title='bbox 2118 5613 2274 5670; x_wconf 80' lang='lat' dir='ltr'><strong>Rom.</strong></span> <span class='ocrx_word' id='word_1_894' title='bbox 2317 5629 2398 5672; x_wconf 87' lang='grc' dir='ltr'>ιιι.</span> <span class='ocrx_word' id='word_1_895' title='bbox 2457 5611 2562 5674; x_wconf 73' lang='grc' dir='ltr'>,ειυς</span> <span class='ocrx_word' id='word_1_896' title='bbox 2616 5611 2790 5666; x_wconf 85' lang='lat' dir='ltr'><strong>Galat.</strong></span> <span class='ocrx_word' id='word_1_897' title='bbox 2841 5625 2899 5674; x_wconf 86' lang='grc' dir='ltr'><strong>ιι,</strong></span> <span class='ocrx_word' id='word_1_898' title='bbox 2940 5610 3023 5663; x_wconf 68' lang='lat' dir='ltr'><strong>is.</strong></span> <span class='ocrx_word' id='word_1_899' title='bbox 3136 5609 3157 5641; x_wconf 68' lang='lat'><strong>&#39;*</strong></span> <span class='ocrx_word' id='word_1_900' title='bbox 3201 5609 3386 5665; x_wconf 78' lang='lat' dir='ltr'><strong>Matth.</strong></span> <span class='ocrx_word' id='word_1_901' title='bbox 3422 5625 3498 5669; x_wconf 75' lang='lat' dir='ltr'><strong>xl,</strong></span> <span class='ocrx_word' id='word_1_902' title='bbox 3536 5609 3630 5672; x_wconf 69' lang='lat'><strong>27.</strong></span> 
     </span>
    </p>
   </div>
   <div class='ocr_carea' id='block_1_117' title="bbox 2548 5655 3629 5745">
    <p class='ocr_par' dir='ltr' id='par_1_117' title="bbox 2548 5655 3629 5745">
     <span class='ocr_line' id='line_1_117' title="bbox 2548 5655 3629 5745; baseline -0.003 -9"><span class='ocrx_word' id='word_1_903' title='bbox 2548 5655 2656 5745; x_wconf 48' lang='lat' dir='ltr'><strong>in:</strong></span> <span class='ocrx_word' id='word_1_904' title='bbox 2680 5684 2731 5737; x_wconf 91' lang='lat'><strong>8.</strong></span> <span class='ocrx_word' id='word_1_905' title='bbox 2779 5655 2790 5665; x_wconf 51' lang='grc'><em>’</em></span> <span class='ocrx_word' id='word_1_906' title='bbox 2824 5655 3051 5736; x_wconf 53' lang='lat' dir='ltr'><strong>io’Psal.</strong></span> <span class='ocrx_word' id='word_1_907' title='bbox 3083 5695 3198 5745; x_wconf 84' lang='lat' dir='ltr'><strong>cm,</strong></span> <span class='ocrx_word' id='word_1_908' title='bbox 3231 5681 3319 5732; x_wconf 78' lang='lat'><strong>50.</strong></span> <span class='ocrx_word' id='word_1_909' title='bbox 3399 5680 3438 5711; x_wconf 82' lang='lat'>“</span> <span class='ocrx_word' id='word_1_910' title='bbox 3485 5655 3629 5739; x_wconf 68' lang='lat' dir='ltr'><strong>i’sal:</strong></span> 
     </span>
    </p>
   </div>
  </div>
