3990 6228
334 356 446 423 185
1014 356 1382 416 ADVERSUS
1420 358 1761 415 IIAZRESES
1801 359 1926 417 LIB.

2022 363 2047 416 ζ.
2087 362 2250 418 ΤΟΜ.
2295 365 2337 418 ι.
2369 363 2723 421 -ΙΙᾹΞΒΕΞ
2768 364 2999 422 LXXIV.
3490 370 3598 434 ωδ

331 473 464 530 τοῦ.
501 471 688 542 Ἡμεῖς
725 470 792 524 δὲ
829 470 900 524 οὐ
927 469 992 524 2.5
1039 472 1272 540 πνεῦμα
1309 473 1414 528 τοῦ
1455 476 1688 542 κόσμου
1712 473 1918 527 ἐλάϐο-

2023 474 2128 527 illis
2151 517 2165 538 ,
2200 484 2246 528 et
2303 474 2640 529 inambulabo
2666 516 2682 540 ,
2719 490 2768 532 et
2817 495 2906 532 ero
2959 478 3171 534 illorum
3209 481 3347 536 Deus
3370 523 3384 548 ,
3414 495 3463 538 et
3497 486 3603 552 ipsi

330 583 464 631 μεν,
489 564 651 619 ἀλλὰ
687 563 754 616 τὸ
783 562 1022 632 Πνεῦμα
1055 562 1160 616 τοῦ
1194 564 1363 630 Θεοῦ,
1385 565 1568 634 ὅμοιον
1596 563 1674 633 τῷ
1701 565 1873 616 εἰπεῖν
1893 580 1907 595 ·

2022 576 2170 619 erunt
2191 567 2317 620 milii
2349 569 2570 636 populus
2591 567 2629 622 ³.

348 660 630 725 Ἑαυτοὺς
654 656 1008 726 δοκιμάζετε,
1041 659 1091 710 εί
1123 659 1155 710 ό
1193 657 1451 727 Χριστὸς
1482 658 1552 712 ἐν
1570 659 1728 728 ὑμῖν.
1759 659 1918 725 Ναὸς
1939 661 2046 715 τοῦ
2072 661 2219 716 Θεοῦ
2244 663 2404 724 ἐστε,
2433 663 2531 716 καὶ
2576 663 2643 718 τὸ
2690 665 2930 734 Πνεῦμα
2962 667 3068 722 τοῦ
3122 670 3267 722 Θεοῦ
3323 669 3478 724 οικεῖ
3527 671 3601 724 ἐν

330 753 501 822 ὑμῖν,
529 753 715 821 ὅμοιον
743 749 822 819 τῷ
845 750 1018 801 εἰπεῖν
1043 765 1054 776 ⁸
1095 748 1424 818 Ἐνοικήσω
1448 750 1519 804 ἐν
1540 750 1766 817 αὐτοῖς,
1806 752 1906 806 καὶ
1944 752 2424 822 ἐμπεριπατήσω,
2453 753 2552 807 καὶ
2585 753 2798 824 ἔσομαι
2839 756 3038 810 αὐτῶν
3075 760 3239 825 Θεὸς,
3282 760 3380 816 καὶ
3429 763 3602 816 αὐτοὶ

337 844 591 898 ἔσονταί
610 860 713 912 μοι
738 843 909 906 λαός.

410 936 502 999 ς’.
547 931 708 984 Ἀλλὰ
736 931 834 1001 τὴν
863 927 1142 982 δικαίωσιν
1174 928 1232 994 ἐξ
1262 929 1463 1000 ἀμφοῖν
1502 929 1776 998 λέγεικαὶ
1803 931 1902 1002 τὴν

331 1027 519 1098 χάριν.
548 1022 966 1089 Δικαιωθέντες
994 1022 1062 1076 δὲ
1088 1023 1159 1076 ἐν
1184 1021 1266 1086 τῷ
1294 1017 1657 1090 ὀνόματιτοῦ
1693 1023 1914 1091 Κυρίου

338 1117 510 1188 ἡμῶν
552 1117 756 1184 Ἰησοῦ
781 1115 1061 1184 Χριστοῦ,
1099 1115 1197 1168 καὶ
1220 1115 1289 1168 ἐν
1337 1114 1418 1179 τῷ
1465 1115 1762 1184 Πνεύματι
1811 1115 1916 1168 τοῦ

340 1210 492 1265 Θεοῦ
518 1207 708 1278 ήμῶν,
731 1208 916 1278 ὅμοιον
953 1205 1032 1276 τῷ
1062 1207 1264 1260 εἰπεῖν*
1292 1206 1710 1272 Δικαιωθέντες
1758 1204 1825 1259 δὲ
1848 1206 1918 1259 ἐκ

339 1302 621 1366 πίστεως,
655 1298 904 1367 εἰρήνην
931 1299 1152 1368 ἔχομεν
1174 1297 1322 1365 πρὸς
1347 1295 1456 1351 τὸν
1471 1295 1620 1350 Θεὸν
1663 1293 1762 1348 διὰ
1812 1293 1919 1348 τοῦ

342 1389 564 1458 Κυρίου
621 1385 787 1458 ήμῶν
842 1386 1045 1455 Ἰησοῦ
1091 1385 1371 1454 Χριστοῦ.
1414 1385 1624 1450 Οὐδεὶς
1673 1384 1922 1439 δύναται

339 1480 536 1535 εἰπεῖν
552 1479 772 1547 Κύριον
810 1477 1069 1546 Ἰησοῦν,
1113 1480 1164 1532 εί
1199 1477 1286 1546 μὴ
1319 1477 1389 1529 ὲν
1415 1477 1713 1544 Πνεύματι
1738 1475 1918 1546 ἀγίῳο

342 1573 460 1638 καὶ,
491 1570 702 1636 Οὐδεὶς
722 1569 972 1624 δύναται
998 1569 1240 1638 Πνεῦμα
1271 1567 1442 1638 ἅγιον
1468 1565 1677 1621 λαϐεῖν
1697 1565 1735 1634 ἢ
1763 1565 1923 1634 παρὰ

343 1665 584 1733 Κυρίου.
632 1662 960 1730 Διαιρέσεις
1011 1660 1081 1713 δὲ
1119 1660 1502 1729 χαρισμάτων
1549 1656 1667 1712 εὶσὶ
1689 1697 1703 1721 ,
1743 1657 1807 1710 τὸ
1854 1655 1923 1710 δὲ

2095 921 2185 978 Vl.
2211 923 2353 990 Quin
2370 924 2990 994 etiamjustilicationem
3021 928 3088 982 ab
3115 942 3347 1002 utroque
3379 952 3603 996 manare

2021 1016 2360 1072 demonstrat
2398 1024 2452 1071 et
2500 1017 2755 1086 gratiam.
2781 1017 3081 1088 Justiﬁcati
3106 1037 3266 1089 porro
3303 1028 3357 1080 in
3391 1033 3603 1087 nomine

2022 1108 2237 1162 Domini
2275 1109 2443 1162 nostri
2482 1107 2610 1162 Jesu
2659 1107 2891 1172 Christi,
2927 1119 2977 1164 et
3017 1113 3070 1165 in
3121 1112 3326 1181 Spiritu
3368 1119 3464 1174 Dei
3502 1139 3602 1176 no-

2024 1201 2181 1254 stri'.
2216 1199 2316 1254 Cui
2363 1201 2542 1256 simile
2587 1209 2709 1255 est:
2741 1199 3036 1270 Justiﬁcati
3064 1215 3239 1259 auten:
3269 1224 3335 1260 ea:
3366 1211 3470 1278 ﬁde
3503 1228 3603 1280 pa-

2027 1305 2135 1343 cem
2164 1288 2415 1343 habemus
2445 1306 2562 1342 cum
2595 1289 2698 1344 Deo
2718 1307 2810 1360 per
2833 1291 3121 1348 Dominum
3153 1308 3390 1352 nostrum
3419 1301 3601 1358 Jesum

2028 1377 2359 1436 Cltristum'.
2415 1379 2585 1434 Nemo
2638 1391 2806 1450 potest
2860 1383 3032 1438 dicere
3074 1384 3353 1443 Dominum
3391 1391 3598 1455 Iesum.

2021 1471 2126 1525 nisi
2161 1472 2215 1525 in
2251 1470 2454 1541 Spiritu
2491 1473 2713 1526 sancto"
2745 1491 2760 1538 ;
2795 1483 2847 1528 et
2893 1489 2906 1527 ε
2943 1473 3110 1530 Nemo
3154 1489 3323 1545 potest
3367 1484 3601 1552 accipere

2028 1561 2288 1628 Spiritum
2321 1573 2585 1628 sanctum,
2615 1565 2719 1618 nisi
2757 1582 2789 1618 a
2825 1565 3072 1623 Domino.
3109 1569 3404 1628 Divisiones
3439 1591 3599 1644 porro

2020 1656 2321 1724 gratiarum
2353 1668 2498 1721 sunt,
2563 1658 2698 1711 idem
2743 1675 2860 1712 vero
2904 1658 3136 1729 Spiritus
3174 1680 3191 1717 :
3228 1675 3276 1719 et
3319 1667 3599 1723 divisiones

339 1759 488 1810 αὐτὸ
547 1754 788 1822 Πνεῦμα
809 1771 822 1784 ·
852 1753 950 1807 καὶ
977 1750 1298 1820 διαιρέσεις
1333 1749 1656 1804 διακονιῶν
1680 1751 1858 1813 είσιν,
1893 1749 1926 1802 ὀ

2029 1747 2444 1801 ministeriorum
2474 1758 2595 1802 sunt
2619 1788 2635 1811 ,
2672 1749 2807 1804 idem
2837 1761 3012 1805 autem
3036 1753 3196 1819 Deus,
3234 1759 3323 1825 qui
3352 1771 3601 1826 operatur

340 1848 412 1902 δὲ
443 1847 626 1913 αὐτὸς
656 1847 822 1914 Θεὸς,
845 1849 877 1901 ὁ
896 1843 1154 1915 ἐνεργῶν
1177 1844 1248 1898 τὰ
1278 1843 1474 1897 πάντα
1494 1843 1564 1896 ἐν
1587 1840 1736 1896 πᾶσι
1759 1857 1772 1871 ⁸
1803 1841 1916 1906 καὶ,

354 1941 501 1995 Ἀπὸ
528 1940 712 2009 δόξης
738 1941 826 2004 είς
875 1937 1082 2002 δόξαν,
1123 1935 1317 2003 καθὼς
1343 1933 1462 1990 ἀπὸ
1489 1935 1710 2002 Κυρίου
1732 1933 1920 1987 Πνεύ-

337 2052 557 2104 ματος·
593 2035 706 2097 καὶ,
735 2037 789 2086 Μ
798 2033 830 2100 ὴ
853 2030 1098 2086 λυπεῖτε
1121 2030 1188 2084 τὸ
1212 2029 1454 2098 Πνεῦμα
1499 2029 1566 2082 τὸ
1607 2026 1800 2094 ἅγιον,
1851 2026 1921 2080 ἐν

421 2125 860 2196 ἐσφραγίσθητε
883 2125 970 2189 είς
988 2121 1217 2191 ἡμέραν
1235 2118 1723 2188 ἀπολυτρώσεως,
1738 2119 1920 2188 ὅμοιον

340 2220 422 2288 τῷ
439 2219 642 2271 εἰπεῖν’
681 2218 751 2269 Ei
781 2211 1236 2283 παραζηλοῦμεν
1265 2212 1371 2266 τὸν
1389 2212 1628 2279 Κύριον,
1647 2208 1734 2278 μὴ
1753 2211 1924 2276 ίσχυο

335 2315 571 2378 ρότεροι
603 2306 789 2361 αὑτοῦ
810 2307 1028 2376 salter;
1063 2308 1106 2359 Τ
1103 2305 1133 2356 ὸ
1162 2304 1230 2358 δὲ
1256 2304 1496 2374 Πνεῦμα
1508 2301 1705 2371 ῥητῶς
1737 2299 1918 2370 λέγει,

342 2404 531 2468 ὅμοιον
555 2399 630 2470 τῷ
658 2400 830 2452 εἰπεῖν
855 2413 867 2425 ·
896 2396 1038 2450 Τάδε
1064 2397 1225 2465 λέγει
1244 2397 1457 2463 Κύριος
1478 2391 1918 2460 παντοκράτιιφ.

345 2494 478 2554 Καὶ,
518 2491 587 2544 Ἠ)
622 2487 861 2557 Πνεῦμα
897 2506 1014 2557 μου
1050 2487 1388 2556 ἐφέστηκεν
1424 2485 1492 2538 ἐν
1524 2482 1693 2553 μέσῳ
1732 2481 1918 2552 ὑμῶν.

356 2584 497 2638 Ἐάν
517 2601 609 2648 τις
636 2582 764 2652 ἐμοὶ
795 2580 1010 2648 ἀνοίξῃ
1057 2578 1374 2638 εἰσελθεῖν,
1396 2577 1510 2646 ἐγὼ
1539 2575 1634 2629 καὶ
1659 2579 1690 2629 d
1720 2573 1922 2644 Πατὴρ

338 2675 545 2744 μονὴν
570 2674 704 2742 παρ’
731 2671 890 2738 αὺτῷ
916 2671 1272 2739 ποιήσομεν.
1307 2669 1532 2732 Ἡσαΐας
1571 2667 1656 2720 δέ·
1693 2667 1800 2720 Καὶ
1827 2665 1920 2718 ἐπ’

340 2767 528 2820 αὑτὸν
564 2765 804 2834 Πνεῦμα
837 2763 1002 2818 Θεοῦ.
1048 2764 1106 2815 Ὀ
1139 2762 1194 2815 δὲ
1218 2759 1447 2832 Χριστός
1467 2776 1480 2790 ·
1520 2759 1761 2828 Πνεῦμα
1807 2761 1923 2811 Κυ-

339 2858 480 2925 ρίου
506 2857 598 2909 ἐπ’
630 2857 755 2925 ἐμὲ,
799 2852 870 2911 οὗ
899 2855 1108 2908 ἕνεκεν
1137 2851 1343 2922 ἐχρισέ
1361 2869 1436 2922 με
1455 2866 1470 2882 ο
1525 2851 1641 2916 καὶ,
1687 2849 1922 2916 Ἰησοῦν

343 2950 456 3002 τὸν
489 2948 606 3002 ἀπὸ
647 2946 922 3016 Ναζαρὲτ,
963 2945 1036 3000 ὃν
1079 2945 1323 3014 ἔχρισεν
1374 2947 1408 2997 d
1446 2943 1589 3008 Θεὸς
1629 2942 1921 3009 Πνεῦματι

339 3041 531 3110 ἁγίῳ·
569 3041 633 3110 ἥο
674 3042 886 3108 Κύριος
919 3036 1265 3093 ἀπέσταλκε
1294 3052 1391 3105 με,
1420 3034 1521 3088 καὶ
1572 3033 1638 3087 τὸ
1681 3032 1922 3101 Πνεῦμα

340 3129 556 3185 αὐτοῦ.
575 3132 707 3184 (have
718 3133 784 3200 ρὰ
807 3129 863 3183 δὲ
883 3128 978 3182 καὶ
1000 3129 1032 3198 ἠ
1059 3126 1210 3198 φωνὴ
1229 3125 1336 3179 τῶν
1355 3143 1412 3178 σε
1422 3125 1596 3196 ραφὶμ
1622 3123 1918 3194 κράξουσιν

349 3224 576 3291 Ἀγιος.
603 3221 790 3290 ἅγιος,
825 3221 991 3289 ἅγιος
1017 3221 1230 3286 Κύριος
1249 3217 1506 3272 Σαϐαὼθ.
1538 3215 1660 3268 Ἐὰν
1685 3215 1742 3268 δὲ
1768 3215 1924 3269 ἀκού-

346 3325 474 3384 σῃς,
528 3313 612 3364 ὅτι
669 3309 747 3379 Τῇ
799 3307 969 3375 δεξιᾷ
1005 3309 1110 3363 τοῦ
1161 3308 1307 3362 Θεοῦ
1347 3308 1640 3374 ὑψωθείςυ
1674 3305 1770 3359 καὶ
1813 3305 1924 3373 τὴν

343 3401 714 3472 ἐπαγγελίαν
749 3399 855 3454 τοῦ
898 3400 1240 3468 Πνεύματος
1271 3396 1474 3452 λαϐὼν
1494 3394 1652 3463 παρὰ
1674 3393 1778 3448 τοῦ
1810 3398 1926 3448 Πα-

344 3493 520 3562 τρόςο
548 3493 603 3562 ἢ,
638 3490 981 3560 Περιμένειν
999 3490 1112 3558 τὴν
1147 3488 1508 3558 ἐπαγγελίαν
1539 3487 1644 3541 τοῦ
1671 3485 1920 3554 Πατρός,

347 3586 434 3651 ἣν
456 3584 756 3651 ἠκούσατε
781 3597 794 3611 ·
820 3581 874 3652 ἢ,
917 3581 998 3634 ὅτι
1033 3581 1098 3634 Τὸ
1155 3579 1394 3648 Πνεῦμα
1440 3577 1625 3632 αὑτὸν
1647 3576 1924 3631 ἐκϐάλλει

343 3678 439 3740 είς
461 3675 574 3742 τὴν
605 3673 827 3742 ἔρημον
848 3689 860 3702 ·
913 3672 971 3742 ἢ,
1001 3673 1084 3726 ὅτι
1110 3672 1269 3733 αὐτὸς
1305 3670 1490 3738 λέγει’
1523 3669 1618 3736 Μὴ
1648 3671 1926 3738 μεριμνή-

347 3784 502 3833 σητε
559 3765 614 3818 τί
668 3765 896 3819 εἵπετε·
933 3763 1018 3816 ὅτι
1060 3763 1124 3816 τὸ
1181 3763 1420 3831 Πνεῦμα
1461 3761 1524 3814 τὸ
1567 3763 1802 3816 λαλοῦν
1855 3763 1926 3815 ἐν

350 3858 532 3922 ὑμῖν·
575 3857 640 3927 ἦ’
669 3858 736 3910 El
792 3854 860 3908 δὲ
905 3855 974 3907 ἐν
1012 3855 1307 3923 Πνεύματι
1363 3854 1508 3907 Θεοῦ
1545 3853 1815 3907 ἐκϐάλλω
1856 3853 1926 3908 τὰ

348 3950 627 4018 δαιμόνια
651 3967 663 3980 ·
694 3948 728 4019 ἦ
751 3965 764 3978 ·
810 3949 862 4000 '0
896 3947 964 4000 δὲ
993 3945 1378 4014 βλασφημῶν
1395 3948 1480 4010 είς
1503 3945 1567 4000 τὸ
1591 3945 1833 4014 Πνεῦμα
1859 3945 1923 3999 τὸ

349 4043 544 4110 ἅγιον,
605 4043 715 4095 οὐκ
768 4039 1132 4108 ἀφεθήσεται
1169 4037 1362 4104 αὐτῷ,
1415 4038 1508 4092 καὶ
1551 4038 1616 4091 τὰ
1655 4036 1807 4108 ἑξῆς·
1849 4039 1883 4108 ἡ
1909 4055 1921 4069 ο

355 4133 571 4201 Πάτερ,
605 4135 692 4197 εις
724 4131 924 4201 χεῖράς
975 4145 1091 4185 σου
1125 4129 1543 4199 παραθήσομαι
1594 4131 1659 4182 τὸ
1692 4129 1927 4198 πνεῦμά

348 4241 504 4296 μου·
530 4226 564 4295 ἦ
587 4243 598 4254 ·
641 4225 710 4279 Td
734 4223 974 4278 παιδίον
1016 4223 1262 4290 ηὔξανε,
1308 4222 1407 4275 καὶ
1441 4220 1821 4290 ἐκραταιοῦτο
1847 4218 1927 4286 τῷ

351 4317 670 4386 ΙΙ-νεύματι.
706 4315 942 4383 Ἰησοῦς
959 4315 1044 4378 δὲ,
1067 4314 1362 4380 πλησθεὶς
1375 4313 1717 4382 Πνεύματος
1729 4313 1923 4382 ἁγίου,

2022 1839 2198 1892 omnia
2236 1839 2290 1891 in
2337 1839 2641 1904 omnibus”;
2674 1849 2727 1896 et
2770 1860 2781 1893 :
2820 1841 2860 1895 Α
2897 1843 3069 1913 gloria
3105 1847 3155 1899 in
3189 1849 3436 1916 gloriam,
3476 1861 3600 1905 tan-

2030 1944 2190 1998 quam
2242 1946 2273 1982 a
2319 1929 2534 1984 Domini
2600 1931 2873 2000 Spiritu“;
2921 1943 2973 1988 et
3006 1955 3018 1989 :
3053 1935 3234 1992 Nolite
3285 1943 3600 1998 contristare

2038 2017 2294 2087 Spiritum
2319 2032 2588 2083 sanctum,
2620 2024 2673 2076 in
2713 2040 2813 2094 quo
2845 2025 3040 2094 signati
3063 2029 3186 2082 estis
3224 2031 3279 2083 iu
3315 2031 3450 2085 diem
3479 2034 3600 2087 red-

2024 2112 2375 2179 emptionis";
2408 2129 2532 2167 eum
2601 2115 2692 2170 illo
2741 2117 3092 2172 consentiunt
3126 2139 3138 2174 :
3176 2120 3235 2175 Si
3263 2138 3598 2189 provocemus

2028 2200 2340 2271 Dominum,
2388 2222 2454 2258 an
2487 2205 2733 2272 fortiores
2772 2208 2882 2275 ipso
2916 2211 3167 2264 sumus“?
3198 2211 3311 2266 Hoc
3365 2225 3543 2269 autem
3577 2234 3594 2269 :

2021 2290 2251 2359 Spiritus
2284 2294 2560 2357 manifeste
2585 2295 2710 2349 dicit
2731 2297 2771 2360 ³,
2801 2299 2978 2354 simile
3006 2309 3090 2354 est
3143 2300 3271 2354 huic
3307 2321 3318 2357 :
3357 2303 3486 2358 Haec
3513 2305 3600 2357 di-
3652 2361 3659 2368 ,

2022 2384 2091 2436 cit
2129 2383 2386 2439 Dominus
2424 2387 2785 2454 omnipotens;
2817 2399 2868 2443 et
2903 2405 2915 2441 :
2955 2390 3187 2459 Spiritus
3225 2411 3366 2448 meus
3401 2407 3506 2449 stat
3544 2399 3596 2450 in

2023 2475 2192 2529 medio
2246 2477 2484 2542 vestri”,
2541 2495 2664 2534 eum
2716 2480 2822 2533 isto
2885 2483 3235 2553 coniungitur
3287 2501 3299 2536 ε
3366 2486 3423 2540 Si
3481 2489 3598 2556 quis

2024 2571 2282 2638 aperuerit
2326 2571 2451 2624 mihi
2496 2581 2551 2624 ut
2609 2573 2958 2643 ingrediar“,
2990 2592 3080 2644 ego
3129 2587 3174 2629 et
3223 2577 3390 2648 894,
3441 2579 3600 2632 I’ater

2023 2665 2344 2720 mansionem
2376 2667 2516 2734 apud
2558 2667 2725 2734 ipsum
2753 2667 3084 2736 faciemus".
3120 2669 3243 2723 "me
3275 2670 3446 2725 Isaias
3477 2686 3488 2722 :
3529 2672 3596 2725 Et

2023 2772 2179 2824 super
2208 2756 2400 2826 ipsum,
2429 2758 2606 2827 inquit
2625 2760 2686 2825 ¹³,
2720 2759 2951 2829 Spiritus
2988 2760 3107 2814 Dei.
3136 2763 3389 2817 Christus
3417 2779 3545 2817 vero
3579 2780 3594 2816 :

2025 2846 2253 2915 Spiritus
2291 2848 2503 2902 Domini
2535 2865 2688 2918 super
2712 2868 2811 2916 me,
2834 2861 3044 2920 propter
3072 2852 3209 2922 quod
3241 2855 3388 2906 unxit
3425 2856 3596 2920 me“;

2023 2948 2076 2992 et
2115 2957 2128 2992 :
2169 2937 2353 2993 Jesum
2385 2957 2415 2993 α
2454 2940 2760 3006 Nazaretlt,
2805 2960 2956 3013 quem
2991 2946 3142 2998 unxit
3199 2946 3334 2998 Deus
3389 2945 3596 3014 Spiritu

2024 3039 2207 3084 sancto
2227 3030 2390 3086 ".Vcl
2417 3048 2430 3084 :
2468 3031 2722 3086 Dominus
2751 3035 2893 3088 misit
2925 3053 3024 3099 me,
3059 3047 3106 3089 et
3136 3036 3367 3104 Spiritus
3399 3037 3510 3105 ejus
3533 3038 3596 3090 ”'.

2025 3121 2137 3176 Nec
2186 3124 2419 3179 obscura
2457 3126 2876 3196 sel‘aphinorum
2917 3128 3267 3182 clamantium
3309 3145 3410 3182 vos
3459 3139 3540 3182 est
3583 3145 3595 3179 :

2025 3209 2275 3278 Sanctus,
2305 3223 2544 3274 sanctus.
2572 3225 2788 3270 sanctus
2820 3216 3077 3272 Dominus
3107 3219 3341 3273 Sabaoth
3364 3221 3424 3272 ⁸⁷.
3453 3219 3599 3273 har

2028 3313 2175 3359 terea
2215 3321 2339 3360 cum
2384 3307 2516 3361 illud
2551 3307 2777 3362 audiet:
2816 3309 3015 3364 Dextra
3049 3311 3142 3365 Dei
3185 3312 3454 3366 exaltatns
3489 3329 3507 3366 :
3548 3322 3598 3366 et

2023 3399 2426 3464 promissionem
2479 3398 2711 3467 Spiritus
2767 3401 3028 3469 accipiens
3085 3419 3118 3455 a
3177 3400 3416 3457 Patre”.
3454 3401 3596 3457 Vel:

2027 3487 2345 3558 Exspectare
2382 3492 2780 3558 promissionem
2808 3491 2989 3546 Patris
3009 3533 3024 3556 ,
3069 3510 3226 3562 quam
3272 3494 3499 3548 audistis
3525 3496 3598 3556 '9;

2026 3580 2110 3634 vel
2143 3581 2604 3650 quemadmodum
2653 3581 2882 3652 Spiritus
2940 3583 3090 3637 illum
3127 3586 3181 3638 in
3219 3588 3477 3639 desertum
3509 3601 3602 3638 e1“-

2024 3673 2154 3740 pulit
2176 3671 2255 3738 '°;
2287 3673 2369 3727 vel
2403 3673 2548 3740 quod
2574 3674 2715 3729 idem
2752 3675 2827 3728 ait
2856 3694 2869 3728 :
2900 3673 3081 3729 Nolite
3112 3677 3346 3745 cogitare
3367 3677 3492 3744 quid
3519 3676 3600 3730 lo-

2025 3765 2283 3835 quamini,
2317 3767 2566 3834 quoniam
2599 3765 2834 3837 Spiritus
2865 3768 3100 3837 loquitur
3127 3770 3178 3822 in
3208 3771 3448 3836 vobis“;
3484 3771 3601 3824 sive

2026 3859 2155 3912 illud
2193 3877 2205 3911 :
2241 3856 2300 3911 Si
2338 3867 2515 3912 autent
2565 3860 2618 3912 in
2651 3858 2857 3928 Spiritu
2901 3859 2997 3914 Dei
3042 3861 3195 3930 ejicio
3227 3862 3597 3925 dwmonia";

2027 3950 2109 4004 \el
2143 3967 2157 4002 :
2195 3949 2299 4016 Qui
2349 3961 2524 4004 autem
2579 3951 3010 4019 blasphemat'erit
3064 3954 3117 4004 in
3176 3950 3432 4019 Spiritum
3475 3969 3601 4004 sau-

2026 4055 2188 4108 ctum,
2222 4058 2325 4096 non
2354 4043 2645 4095 remittetur
2675 4043 2722 4096 ei
2744 4043 2810 4106 ⁸³,
2844 4052 2986 4108 ete.;
3027 4043 3109 4097 vel
3141 4059 3152 4092 :
3185 4041 3367 4105 l’atvr,
3401 4043 3451 4094 in
3490 4059 3602 4094 ma-

2027 4149 2123 4186 nus
2174 4143 2293 4186 tuas
2342 4131 2646 4186 commendo
2687 4133 2931 4200 spiritum
2980 4150 3150 4186 meum
3175 4134 3248 4198 "‘;
3291 4134 3414 4187 vel:
3459 4131 3601 4185 Puer

2027 4225 2325 4289 crescebat,
2373 4234 2422 4278 et
2451 4224 2893 4277 corroborabatur
2937 4223 3146 4292 Spiritu
3169 4227 3236 4279 ³⁵.
3297 4224 3453 4278 Iesus
3483 4242 3601 4280 vero

2028 4317 2252 4385 repletus
2314 4316 2520 4386 Spiritu
2570 4327 2750 4370 saneto
2793 4333 3026 4370 reversus
3067 4325 3143 4370 est
3193 4333 3225 4369 a
3271 4316 3507 4369 Iordane
3532 4319 3598 4370 9“.

349 4411 738 4479 ὑπέστρεψεν
765 4408 884 4462 ἀπὸ
910 4407 1014 4460 τοῦ
1046 4404 1352 4474 Ἰορδάνου
1377 4420 1390 4434 ·
1423 4404 1456 4474 ἦ
1478 4421 1492 4436 ·
1527 4402 1926 4470 Ὑπέστρεψεν

2031 4409 2199 4465 Sive:
2231 4408 2482 4462 Reversus
2529 4418 2608 4462 est
2652 4407 2809 4463 Iesus
2843 4410 3034 4462 virtute
3079 4408 3409 4477 Spiritus";
3463 4409 3543 4463 vel
3583 4428 3597 4464 :

354 4503 600 4572 Ἰησοῦς
652 4502 727 4571 τῇ
780 4500 1028 4570 δυνάμει
1076 4499 1183 4553 τοῦ
1222 4498 1589 4567 Πνεῦματοςο
1625 4497 1691 4568 ἡ·
1733 4496 1802 4551 Τὸ
1837 4513 1928 4565 γε-

351 4593 723 4666 γεννημένον
782 4593 850 4646 ἐκ
901 4591 1005 4645 τοῦ
1049 4590 1388 4658 Πνεύματος
1444 4587 1680 4656 πνεῦμά
1725 4587 1924 4640 ἐστιν·

351 4688 536 4757 ὅμοιον
586 4685 662 4756 τῷ
711 4685 914 4737 εἰπεῖν·
949 4685 1009 4736 Ὃ
1041 4682 1288 4752 γέγονεν
1349 4681 1419 4734 ἐν
1462 4679 1622 4746 αὐτῷ
1661 4679 1774 4746 ζωὴ
1818 4675 1927 4748 ἦν·

352 4776 425 4846 ἦ·
472 4773 643 4844 Κάγὼ
691 4771 1092 4841 παρακαλέσω
1143 4771 1250 4826 τὸν
1295 4770 1548 4840 Πατέρα,
1598 4769 1698 4824 καὶ
1737 4769 1930 4824 ἄλλον

353 4866 749 4936 Παράκλητον
776 4866 951 4920 δώσει
977 4864 1136 4934 ὑμῖν,
1153 4863 1218 4918 τὸ
1239 4863 1480 4934 Πνεῦμα
1498 4862 1926 4931 τῆς-ἀληθείας

353 4959 389 5028 ἦ
415 4975 426 4986 ·
455 4957 558 5011 Διὰ
578 4959 634 5012 τί
663 4959 978 5025 ἐπλήρωσε
1000 4956 1114 5025 τὴν
1145 4956 1395 5024 καρδίαν
1421 4973 1537 5010 σου
1568 4960 1600 5011 ό
1633 4957 1926 5023 Σατανᾶς,

351 5047 432 5116 τῷ
478 5049 694 5120 Ἀνανίᾳ
738 5049 938 5118 λέγων,
987 5048 1336 5116 ψεύσασθαί
1387 5064 1459 5102 σε
1503 5049 1565 5102 τὸ
1589 5050 1834 5118 Πνεῦμα
1863 5049 1929 5103 τὸ

352 5139 560 5208 ι’ἱγιον;
598 5142 690 5194 καὶ
739 5142 877 5211 μετὰ
909 5139 1100 5203 ταῦτα,
1143 5141 1263 5192 Οὐκ
1300 5138 1632 5206 ἀνθρώποις
1661 5140 1928 5208 ἐψεύσω,

352 5231 516 5286 ἀλλὰ
555 5233 696 5298 Θεῷ.
726 5234 868 5304 Ἀρα
900 5232 1031 5297 Θεὸς
1053 5234 1116 5286 ὲκ
1136 5232 1294 5296 Θεοῦ,
1329 5233 1423 5286 καὶ
1445 5232 1576 5296 Θεὸς
1608 5233 1672 5286 τὸ
1707 5233 1930 5304 Πνεῦμα

352 5325 415 5379 τὺ
434 5324 586 5393 ἅγιον
607 5366 622 5390 ,
645 5319 690 5395 ᾧ
726 5327 1022 5398 ἐψεύσαντο
1055 5327 1106 5379 oi
1138 5325 1232 5379 τοῦ
1271 5327 1580 5399 τιμήματος
1600 5327 1696 5380 τοῦ
1725 5326 1929 5398 χωρίου

429 5503 456 5583 ξ,
487 5501 527 5583 1-1
547 5501 672 5556 Cor.
714 5501 905 5583 \'I_.‘16‘.
943 5571 958 5583 _
983 5499 1059 5583 'nl
1085 5501 1308 5583 Canis].
1337 5502 1423 5583 11_.
1445 5503 1542 5583 m’
1583 5502 1746 5583 Boni.
1788 5503 1925 5583 v,‘_1.

352 5572 374 5604 τ
417 5569 612 5639 Epiros.
647 5588 720 5631 Iv.
752 5572 839 5627 50.
881 5571 902 5602 ⁸
943 5571 958 5624 Ι
991 5570 1185 5626 Cor.x.
1211 5571 1300 5626 ‘22.
1341 5573 1362 5605 ’
1397 5573 1414 5625 l
1445 5571 1680 5629 Tim.lv.
1706 5572 1760 5627 1.

357 5657 436 5702 XI.
462 5641 516 5694 2.
609 5641 652 5673 ”
693 5642 822 5697 an.
848 5657 920 5704 tv,
954 5644 1039 5697 18.

1840 5573 1883 5604 ¹⁶
1920 5574 2052 5644 Agg.
2082 5588 2143 5644 l|_.
2168 5577 2219 5629 6.
2289 5575 2340 5644 ’ξ
2374 5577 2639 5643 Αῃοωιι,
2670 5572 2770 5644 9.0.
2827 5573 2881 5644 _"
2919 5572 3220 5644 Joan.§w,

1143 5645 1186 5674 ”
1225 5643 1346 5698 Art.
1389 5658 1444 5703 χ,
1470 5641 1558 5696 38.
1638 5643 1681 5694 1‘
1723 5642 1825 5698 isa.
1858 5641 2048 5709 mni,
2078 5642 2163 5697 16.
2241 5645 2283 5676 "
2324 5641 2435 5698 lsai
2480 5659 2556 5702 γι.
2598 5644 2651 5696 ’5.

2025 4500 2179 4569 Quod
2209 4509 2390 4554 natum
2413 4509 2538 4555 este
2565 4500 2788 4568 Spiritu,
2817 4500 3049 4570 Spiritus
3073 4500 3232 4554 est“.
3259 4499 3384 4554 Her
3415 4500 3602 4554 omnia

2023 4591 2215 4647 eodem
2250 4606 2372 4645 cum
2417 4591 2551 4646 iisce
2609 4590 2902 4645 recidunt:
2939 4589 3092 4656 Quod
3139 4591 3340 4660 factum
3388 4600 3505 4654 est,
3548 4592 3605 4650 in

2023 4685 2136 4751 ipso
2165 4685 2270 4738 vita
2299 4684 2506 4746 erat”;
2543 4683 2628 4738 vel
2665 4697 2790 4736 eum
2821 4698 2886 4738 eo
2920 4703 2933 4739 :
2970 4681 3081 4754 Ego
3115 4682 3311 4753 rogabo
3353 4682 3600 4746 Patrem,

2023 4785 2074 4830 et
2122 4775 2288 4829 alium
2321 4774 2661 4828 Paracletum
2710 4773 2856 4828 dabit
2888 4775 3064 4836 vobis,
3106 4774 3362 4844 Spiritum
3410 4775 3606 4828 uerita-

2026 4867 2093 4921 tis
2116 4866 2160 4898 ³⁰
2187 4885 2200 4931 ;
2231 4866 2315 4920 vel
2339 4882 2462 4920 eum
2489 4867 2594 4920 isto
2627 4884 2640 4920 :
2679 4865 2788 4920 Cur
2813 4865 3045 4933 implevit
3071 4882 3162 4918 cor
3187 4875 3333 4919 tuum
3370 4863 3602 4920 Satanas

2020 4958 2122 5028 (ait
2143 4959 2340 5013 Petrus
2357 4958 2876 5025 Ananiteﬂraudare
2901 4967 2947 5012 te
2969 4955 3226 5024 Spiritum
3249 4967 3494 5011 sanctum
3522 4955 3606 5008 "‘3

2027 5049 2232 5105 Deinde
2280 5049 2504 5117 subjieit
2536 5065 2549 5102 :
2586 5047 2708 5102 Non
2744 5049 3047 5102 hominibus
3081 5049 3330 5102 mentitus
3371 5063 3425 5100 es
3447 5085 3461 5106 .
3513 5045 3604 5099 sed

2026 5140 2156 5196 Deo.
2197 5141 2366 5212 Igitur
2397 5139 2539 5195 Deus
2572 5157 2637 5196 ex
2671 5140 2800 5205 Deo,
2837 5140 2978 5194 Deus
3008 5148 3113 5202 est,
3153 5139 3397 5207 inquam,
3433 5135 3605 5205 Spiri-

2027 5243 2116 5289 tus
2145 5242 2404 5300 sanctus,
2436 5233 2524 5289 cui
2557 5233 2766 5289 mentiti
2820 5241 2982 5298 sunt,
3010 5231 3102 5302 qui
3153 5247 3219 5285 ex
3267 5230 3381 5298 agri
3431 5229 3604 5299 pretio

2026 5327 2277 5382 nonnihil
2307 5330 2748 5383 interverterunt.
2782 5323 3064 5396 Ejusmodi
3090 5332 3174 5379 est
3198 5333 3252 5377 et
3285 5321 3431 5376 istud
3460 5339 3471 5372 :
3500 5322 3606 5386 Qui

3099 5502 3119 5533 ‘
3157 5500 3196 5555 11
3231 5501 3356 5554 Cor.
3399 5515 3481 5553 ιιι.
3515 5498 3606 5554 18.

2732 5641 2772 5671 ³⁸
2811 5641 2930 5696 Act.
2984 5642 3156 5705 ".53.
3237 5643 3278 5672 "
3321 5643 3436 5695 Art.
3479 5656 3515 5701 ι,
3550 5640 3606 5693 ι.

2021 5503 2042 5535 ⁸
2081 5502 2260 5558 lCor.
2295 5520 2394 5566 xu,
2435 5505 2488 5558 5.
2576 5501 2800 5557 'ihidJ
2839 5516 2992 5570 Seqq.

353 5714 402 5744 ”
445 5709 610 5768 Marc.
661 5727 699 5771 ι..
741 5712 826 5768 12.
884 5713 924 5742 "
951 5711 1139 5766 Matth.
1187 5729 1241 5777 ι.
1291 5712 1378 5767 19.
1454 5713 1498 5744 ²¹
1525 5711 1719 5767 Matth.
1763 5729 1861 5772 xtl.
1907 5714 1938 5766 Ξ

2075 5715 2120 5745 ’³
2157 5713 2323 5769 Mare.
2357 5731 2437 5775 ιιι,
2469 5713 2558 5766 29.
2634 5711 2680 5742 "
2718 5709 2849 5764 Lur.
2887 5727 3042 5773 unt,
3070 5710 3154 5763 Mi.
3201 5713 3248 5742 "
3289 5711 3418 5765 Luc.
3456 5727 3492 5774 ι,
3518 5710 3607 5766 80.

355 5781 403 5814 ⁸⁸
445 5779 577 5834 Luc.
616 5798 688 5850 tv,
718 5782 766 5836 1.
845 5783 888 5816 "
929 5784 1058 5838 ibid.
1098 5784 1182 5839 11.
1258 5783 1303 5816 ’⁸
1340 5781 1497 5839 Joan.
1536 5798 1616 5850 ιιι,
1646 5783 1704 5839 ϐ.
1782 5785 1827 5816 ’³
1865 5779 1938 5838 10:

2022 5831 2023 5835 η
2061 5800 2098 5851 ι,
2127 5784 2182 5854 5,
2207 5783 2260 5837 4.
2340 5784 2384 5815 ³ο
2421 5782 2579 5837 Joan.
2617 5798 2727 5847 xw,
2767 5782 2851 5835 16.
2931 5781 2971 5812 ²¹
2999 5783 3118 5833 Act.
3157 5797 3209 5846 v,
3251 5783 3284 5836 '5
3316 5799 3435 5854 sqq.
