  <div class='ocr_page' id='page_1' title='image "/cluster/home/n/w/nwhite01/storage/ocr_20150623/42/mdp.39015052824052/263.png"; bbox 0 0 3990 6228; ppageno 0'>
   <div class='ocr_carea' id='block_1_1' title="bbox 408 318 510 376">
    <p class='ocr_par' dir='ltr' id='par_1_1' title="bbox 408 318 510 376">
     <span class='ocr_line' id='line_1_1' title="bbox 408 318 510 376; baseline -0.029 0"><span class='ocrx_word' id='word_1_1' title='bbox 408 318 510 376; x_wconf 73' lang='grc'><strong><em>487</em></strong></span> 
     </span>
    </p>
   </div>
   <div class='ocr_carea' id='block_1_2' title="bbox 1835 309 3686 373">
    <p class='ocr_par' dir='ltr' id='par_1_2' title="bbox 1835 309 3686 373">
     <span class='ocr_line' id='line_1_2' title="bbox 1835 309 3686 373; baseline -0.009 -2"><span class='ocrx_word' id='word_1_2' title='bbox 1835 318 1892 371; x_wconf 82' lang='grc'><em>5.</em></span> <span class='ocrx_word' id='word_1_3' title='bbox 1939 311 2280 373; x_wconf 72' lang='grc' dir='ltr'><strong><em>ΕΡΠἮΑΝΙΙ</em></strong></span> <span class='ocrx_word' id='word_1_4' title='bbox 3589 309 3686 368; x_wconf 71' lang='grc' dir='ltr'><strong><em>,ιεε</em></strong></span> 
     </span>
    </p>
   </div>
   <div class='ocr_carea' id='block_1_3' title="bbox 405 426 1990 513">
    <p class='ocr_par' dir='ltr' id='par_1_3' title="bbox 405 437 1990 513">
     <span class='ocr_line' id='line_1_3' title="bbox 405 437 1990 513; baseline -0.006 -14"><span class='ocrx_word' id='word_1_5' title='bbox 405 442 780 513; x_wconf 71' lang='lat' dir='ltr'><strong><em>manifestatus</em></strong></span> <span class='ocrx_word' id='word_1_6' title='bbox 824 439 991 494; x_wconf 80' lang='lat' dir='ltr'><strong><em>estin</em></strong></span> <span class='ocrx_word' id='word_1_7' title='bbox 1039 455 1230 502; x_wconf 70' lang='lat' dir='ltr'><strong><em>came,</em></strong></span> <span class='ocrx_word' id='word_1_8' title='bbox 1277 438 1620 509; x_wconf 75' lang='lat' dir='ltr'><strong><em>justi/iratus</em></strong></span> <span class='ocrx_word' id='word_1_9' title='bbox 1667 447 1744 492; x_wconf 81' lang='lat' dir='ltr'><strong><em>est</em></strong></span> <span class='ocrx_word' id='word_1_10' title='bbox 1792 437 1846 491; x_wconf 83' lang='lat' dir='ltr'><strong><em>in</em></strong></span> <span class='ocrx_word' id='word_1_11' title='bbox 1888 437 1990 504; x_wconf 81' lang='lat' dir='ltr'><strong><em>spi-</em></strong></span> 
     </span>
    </p>
   </div>
   <div class='ocr_carea' id='block_1_4' title="bbox 2095 426 3690 513">
    <p class='ocr_par' dir='ltr' id='par_1_4' title="bbox 2103 426 3690 503">
     <span class='ocr_line' id='line_1_4' title="bbox 2103 426 3690 503; baseline -0.002 -15"><span class='ocrx_word' id='word_1_12' title='bbox 2103 431 2516 503; x_wconf 78' lang='grc' dir='ltr'><em>νυσφισάμενοι.</em></span> <span class='ocrx_word' id='word_1_13' title='bbox 2555 431 2664 485; x_wconf 81' lang='grc' dir='ltr'><strong>Ἤ·</strong></span> <span class='ocrx_word' id='word_1_14' title='bbox 2703 431 2802 497; x_wconf 86' lang='grc' dir='ltr'><em>Ὃς</em></span> <span class='ocrx_word' id='word_1_15' title='bbox 2833 427 3179 499; x_wconf 62' lang='grc' dir='ltr'><em>ἐφανερώοη</em></span> <span class='ocrx_word' id='word_1_16' title='bbox 3230 428 3300 483; x_wconf 84' lang='grc' dir='ltr'><em>ἐν</em></span> <span class='ocrx_word' id='word_1_17' title='bbox 3334 426 3543 496; x_wconf 75' lang='grc' dir='ltr'><em>σαρκὶ,</em></span> <span class='ocrx_word' id='word_1_18' title='bbox 3578 427 3690 485; x_wconf 74' lang='grc' dir='ltr'><em>ἐδι-</em></span> 
     </span>
    </p>
   </div>
   <div class='ocr_carea' id='block_1_5' title="bbox 407 529 1988 601">
    <p class='ocr_par' dir='ltr' id='par_1_5' title="bbox 407 529 1988 601">
     <span class='ocr_line' id='line_1_5' title="bbox 407 529 1988 601; baseline -0.004 -15"><span class='ocrx_word' id='word_1_19' title='bbox 407 535 573 588; x_wconf 75' lang='grc' dir='ltr'><strong><em>ι’ἰὶιι¹¹</em></strong></span> <span class='ocrx_word' id='word_1_20' title='bbox 635 532 746 586; x_wconf 84' lang='lat' dir='ltr'><strong><em>Hoc</em></strong></span> <span class='ocrx_word' id='word_1_21' title='bbox 791 547 891 601; x_wconf 80' lang='lat' dir='ltr'><strong><em>ego</em></strong></span> <span class='ocrx_word' id='word_1_22' title='bbox 941 532 1115 601; x_wconf 63' lang='lat' dir='ltr'><strong><em>Ini-jus</em></strong></span> <span class='ocrx_word' id='word_1_23' title='bbox 1165 533 1298 586; x_wconf 85' lang='lat' dir='ltr'><strong><em>nihil</em></strong></span> <span class='ocrx_word' id='word_1_24' title='bbox 1334 532 1546 593; x_wconf 81' lang='lat' dir='ltr'><strong><em>habet),</em></strong></span> <span class='ocrx_word' id='word_1_25' title='bbox 1603 530 1746 599; x_wconf 82' lang='lat' dir='ltr'><strong><em>quod</em></strong></span> <span class='ocrx_word' id='word_1_26' title='bbox 1785 529 1988 582; x_wconf 86' lang='lat' dir='ltr'><strong><em>dicam.</em></strong></span> 
     </span>
    </p>
   </div>
   <div class='ocr_carea' id='block_1_6' title="bbox 408 621 1989 694">
    <p class='ocr_par' dir='ltr' id='par_1_6' title="bbox 408 621 1989 694">
     <span class='ocr_line' id='line_1_6' title="bbox 408 621 1989 694; baseline -0.003 -16"><span class='ocrx_word' id='word_1_27' title='bbox 408 625 577 682; x_wconf 77' lang='lat' dir='ltr'><strong><em>Porro</em></strong></span> <span class='ocrx_word' id='word_1_28' title='bbox 607 625 748 678; x_wconf 79' lang='lat' dir='ltr'><strong><em>Deus</em></strong></span> <span class='ocrx_word' id='word_1_29' title='bbox 783 633 866 678; x_wconf 89' lang='lat' dir='ltr'><strong><em>cst</em></strong></span> <span class='ocrx_word' id='word_1_30' title='bbox 892 622 1086 680; x_wconf 77' lang='lat' dir='ltr'><strong><em>Filius.</em></strong></span> <span class='ocrx_word' id='word_1_31' title='bbox 1116 622 1249 679; x_wconf 85' lang='lat' dir='ltr'><strong><em>Nam</em></strong></span> <span class='ocrx_word' id='word_1_32' title='bbox 1286 625 1586 694; x_wconf 75' lang='lat' dir='ltr'><strong><em>Apostolus</em></strong></span> <span class='ocrx_word' id='word_1_33' title='bbox 1615 640 1626 675; x_wconf 90' lang='lat'>:</span> <span class='ocrx_word' id='word_1_34' title='bbox 1665 623 1746 675; x_wconf 76' lang='lat' dir='ltr'><strong><em>Ea;</em></strong></span> <span class='ocrx_word' id='word_1_35' title='bbox 1779 621 1989 690; x_wconf 77' lang='lat' dir='ltr'><strong><em>quibus,</em></strong></span> 
     </span>
    </p>
   </div>
   <div class='ocr_carea' id='block_1_7' title="bbox 406 713 1994 786">
    <p class='ocr_par' dir='ltr' id='par_1_7' title="bbox 406 713 1994 786">
     <span class='ocr_line' id='line_1_7' title="bbox 406 713 1994 786; baseline -0.003 -16"><span class='ocrx_word' id='word_1_36' title='bbox 406 717 615 786; x_wconf 84' lang='lat' dir='ltr'><strong><em>inquit,</em></strong></span> <span class='ocrx_word' id='word_1_37' title='bbox 645 715 891 770; x_wconf 77' lang='lat' dir='ltr'><strong><em>Christus</em></strong></span> <span class='ocrx_word' id='word_1_38' title='bbox 923 713 1212 768; x_wconf 79' lang='lat' dir='ltr'><strong><em>secundum</em></strong></span> <span class='ocrx_word' id='word_1_39' title='bbox 1249 731 1462 767; x_wconf 81' lang='lat' dir='ltr'><strong><em>carnem</em></strong></span> <span class='ocrx_word' id='word_1_40' title='bbox 1487 754 1500 772; x_wconf 87' lang='lat'><strong><em>,</em></strong></span> <span class='ocrx_word' id='word_1_41' title='bbox 1551 715 1641 782; x_wconf 78' lang='lat' dir='ltr'><strong><em>qui</em></strong></span> <span class='ocrx_word' id='word_1_42' title='bbox 1690 713 1790 766; x_wconf 82' lang='lat' dir='ltr'><strong><em>etsi</em></strong></span> <span class='ocrx_word' id='word_1_43' title='bbox 1829 728 1994 779; x_wconf 85' lang='lat' dir='ltr'><strong><em>supra</em></strong></span> 
     </span>
    </p>
   </div>
   <div class='ocr_carea' id='block_1_8' title="bbox 403 803 1989 874">
    <p class='ocr_par' dir='ltr' id='par_1_8' title="bbox 403 803 1989 874">
     <span class='ocr_line' id='line_1_8' title="bbox 403 803 1989 874; baseline -0.003 -14"><span class='ocrx_word' id='word_1_44' title='bbox 403 808 580 861; x_wconf 82' lang='lat' dir='ltr'><strong><em>omnia</em></strong></span> <span class='ocrx_word' id='word_1_45' title='bbox 617 806 756 859; x_wconf 64' lang='lat' dir='ltr'><strong><em>Deus</em></strong></span> <span class='ocrx_word' id='word_1_46' title='bbox 782 810 823 858; x_wconf 74' lang='lat'><strong><em>’.</em></strong></span> <span class='ocrx_word' id='word_1_47' title='bbox 864 807 1051 868; x_wconf 78' lang='lat' dir='ltr'><strong><em>Crede,</em></strong></span> <span class='ocrx_word' id='word_1_48' title='bbox 1091 807 1306 874; x_wconf 80' lang='lat' dir='ltr'><strong><em>inquit,</em></strong></span> <span class='ocrx_word' id='word_1_49' title='bbox 1342 809 1392 858; x_wconf 88' lang='lat' dir='ltr'><strong><em>in</em></strong></span> <span class='ocrx_word' id='word_1_50' title='bbox 1443 806 1730 858; x_wconf 87' lang='lat' dir='ltr'><strong><em>Dominum</em></strong></span> <span class='ocrx_word' id='word_1_51' title='bbox 1783 803 1989 869; x_wconf 82' lang='lat' dir='ltr'><strong><em>Jesum,</em></strong></span> 
     </span>
    </p>
   </div>
   <div class='ocr_carea' id='block_1_9' title="bbox 397 898 1992 967">
    <p class='ocr_par' dir='ltr' id='par_1_9' title="bbox 397 898 1992 967">
     <span class='ocr_line' id='line_1_9' title="bbox 397 898 1992 967; baseline -0.001 -14"><span class='ocrx_word' id='word_1_52' title='bbox 397 910 449 953; x_wconf 81' lang='lat' dir='ltr'><strong><em>et</em></strong></span> <span class='ocrx_word' id='word_1_53' title='bbox 479 899 839 965; x_wconf 63' lang='lat' dir='ltr'><strong><em>salvaberis’;</em></strong></span> <span class='ocrx_word' id='word_1_54' title='bbox 879 900 1008 953; x_wconf 85' lang='lat' dir='ltr'><strong><em>item</em></strong></span> <span class='ocrx_word' id='word_1_55' title='bbox 1040 916 1052 949; x_wconf 93' lang='lat'>:</span> <span class='ocrx_word' id='word_1_56' title='bbox 1091 898 1326 952; x_wconf 85' lang='lat' dir='ltr'><strong><em>Locutus</em></strong></span> <span class='ocrx_word' id='word_1_57' title='bbox 1371 910 1469 963; x_wconf 76' lang='lat' dir='ltr'><strong><em>est,</em></strong></span> <span class='ocrx_word' id='word_1_58' title='bbox 1503 899 1698 967; x_wconf 73' lang='lat' dir='ltr'><strong><em>inquit,</em></strong></span> <span class='ocrx_word' id='word_1_59' title='bbox 1729 898 1840 951; x_wconf 88' lang='lat' dir='ltr'><strong><em>illis</em></strong></span> <span class='ocrx_word' id='word_1_60' title='bbox 1879 914 1992 951; x_wconf 83' lang='lat' dir='ltr'><strong><em>ser-</em></strong></span> 
     </span>
    </p>
   </div>
   <div class='ocr_carea' id='block_1_10' title="bbox 401 990 1994 1058">
    <p class='ocr_par' dir='ltr' id='par_1_10' title="bbox 401 990 1994 1058">
     <span class='ocr_line' id='line_1_10' title="bbox 401 990 1994 1058; baseline 0 -14"><span class='ocrx_word' id='word_1_61' title='bbox 401 1007 604 1046; x_wconf 73' lang='lat' dir='ltr'><strong><em>monem</em></strong></span> <span class='ocrx_word' id='word_1_62' title='bbox 640 991 877 1045; x_wconf 87' lang='lat' dir='ltr'><strong><em>Domini.</em></strong></span> <span class='ocrx_word' id='word_1_63' title='bbox 919 990 986 1043; x_wconf 86' lang='lat' dir='ltr'><strong><em>Et</em></strong></span> <span class='ocrx_word' id='word_1_64' title='bbox 1030 990 1294 1045; x_wconf 75' lang='lat' dir='ltr'><strong><em>deducens</em></strong></span> <span class='ocrx_word' id='word_1_65' title='bbox 1323 1009 1411 1045; x_wconf 86' lang='lat' dir='ltr'><strong><em>eos</em></strong></span> <span class='ocrx_word' id='word_1_66' title='bbox 1453 993 1504 1046; x_wconf 88' lang='lat' dir='ltr'><strong><em>in</em></strong></span> <span class='ocrx_word' id='word_1_67' title='bbox 1549 993 1796 1053; x_wconf 89' lang='lat' dir='ltr'><strong><em>domum,</em></strong></span> <span class='ocrx_word' id='word_1_68' title='bbox 1833 1006 1994 1058; x_wconf 85' lang='lat' dir='ltr'><strong><em>appo-</em></strong></span> 
     </span>
    </p>
   </div>
   <div class='ocr_carea' id='block_1_11' title="bbox 400 1084 1994 1152">
    <p class='ocr_par' dir='ltr' id='par_1_11' title="bbox 400 1084 1994 1152">
     <span class='ocr_line' id='line_1_11' title="bbox 400 1084 1994 1152; baseline -0.003 -11"><span class='ocrx_word' id='word_1_69' title='bbox 400 1089 510 1141; x_wconf 82' lang='lat' dir='ltr'><strong><em>suit</em></strong></span> <span class='ocrx_word' id='word_1_70' title='bbox 554 1087 664 1140; x_wconf 89' lang='lat' dir='ltr'><strong><em>illis</em></strong></span> <span class='ocrx_word' id='word_1_71' title='bbox 696 1102 961 1145; x_wconf 87' lang='lat' dir='ltr'><strong><em>mensam,</em></strong></span> <span class='ocrx_word' id='word_1_72' title='bbox 993 1097 1044 1139; x_wconf 85' lang='lat' dir='ltr'><strong><em>et</em></strong></span> <span class='ocrx_word' id='word_1_73' title='bbox 1095 1095 1311 1140; x_wconf 67' lang='lat' dir='ltr'><strong><em>(tutatus</em></strong></span> <span class='ocrx_word' id='word_1_74' title='bbox 1347 1093 1427 1139; x_wconf 89' lang='lat' dir='ltr'><strong><em>est</em></strong></span> <span class='ocrx_word' id='word_1_75' title='bbox 1473 1102 1591 1137; x_wconf 85' lang='lat' dir='ltr'><strong><em>cum</em></strong></span> <span class='ocrx_word' id='word_1_76' title='bbox 1623 1086 1875 1138; x_wconf 70' lang='lat' dir='ltr'><strong><em>universa</em></strong></span> <span class='ocrx_word' id='word_1_77' title='bbox 1907 1084 1994 1152; x_wconf 79' lang='lat' dir='ltr'><strong><em>[a-</em></strong></span> 
     </span>
    </p>
   </div>
   <div class='ocr_carea' id='block_1_12' title="bbox 401 1175 1993 1247">
    <p class='ocr_par' dir='ltr' id='par_1_12' title="bbox 401 1175 1993 1247">
     <span class='ocr_line' id='line_1_12' title="bbox 401 1175 1993 1247; baseline -0.003 -15"><span class='ocrx_word' id='word_1_78' title='bbox 401 1177 554 1233; x_wconf 84' lang='lat' dir='ltr'><strong><em>milia</em></strong></span> <span class='ocrx_word' id='word_1_79' title='bbox 587 1193 862 1247; x_wconf 72' lang='lat' dir='ltr'><strong><em>postquam</em></strong></span> <span class='ocrx_word' id='word_1_80' title='bbox 910 1178 1132 1232; x_wconf 83' lang='lat' dir='ltr'><strong><em>credidit</em></strong></span> <span class='ocrx_word' id='word_1_81' title='bbox 1168 1177 1356 1243; x_wconf 63' lang='lat' dir='ltr'><strong><em>Deo‘;</em></strong></span> <span class='ocrx_word' id='word_1_82' title='bbox 1395 1179 1511 1231; x_wconf 87' lang='lat' dir='ltr'><strong><em>sive</em></strong></span> <span class='ocrx_word' id='word_1_83' title='bbox 1550 1175 1682 1229; x_wconf 87' lang='lat' dir='ltr'><strong><em>illud</em></strong></span> <span class='ocrx_word' id='word_1_84' title='bbox 1739 1175 1993 1229; x_wconf 87' lang='lat' dir='ltr'><strong><em>conside-</em></strong></span> 
     </span>
    </p>
   </div>
   <div class='ocr_carea' id='block_1_13' title="bbox 400 1266 1990 1340">
    <p class='ocr_par' dir='ltr' id='par_1_13' title="bbox 400 1266 1990 1340">
     <span class='ocr_line' id='line_1_13' title="bbox 400 1266 1990 1340; baseline -0.004 -15"><span class='ocrx_word' id='word_1_85' title='bbox 400 1286 525 1325; x_wconf 86' lang='lat' dir='ltr'><strong><em>res:</em></strong></span> <span class='ocrx_word' id='word_1_86' title='bbox 556 1270 621 1324; x_wconf 85' lang='lat' dir='ltr'><strong><em>In</em></strong></span> <span class='ocrx_word' id='word_1_87' title='bbox 654 1272 917 1340; x_wconf 82' lang='lat' dir='ltr'><strong><em>principio</em></strong></span> <span class='ocrx_word' id='word_1_88' title='bbox 947 1282 1060 1324; x_wconf 84' lang='lat' dir='ltr'><strong><em>erat</em></strong></span> <span class='ocrx_word' id='word_1_89' title='bbox 1094 1270 1339 1330; x_wconf 83' lang='lat' dir='ltr'><strong><em>Verbum,</em></strong></span> <span class='ocrx_word' id='word_1_90' title='bbox 1369 1279 1417 1323; x_wconf 86' lang='lat' dir='ltr'><strong><em>et</em></strong></span> <span class='ocrx_word' id='word_1_91' title='bbox 1461 1269 1686 1324; x_wconf 77' lang='lat' dir='ltr'><strong><em>Verbum</em></strong></span> <span class='ocrx_word' id='word_1_92' title='bbox 1711 1279 1823 1322; x_wconf 85' lang='lat' dir='ltr'><strong><em>erat</em></strong></span> <span class='ocrx_word' id='word_1_93' title='bbox 1849 1266 1990 1336; x_wconf 84' lang='lat' dir='ltr'><strong><em>apud</em></strong></span> 
     </span>
    </p>
   </div>
   <div class='ocr_carea' id='block_1_14' title="bbox 401 1360 1993 1427">
    <p class='ocr_par' dir='ltr' id='par_1_14' title="bbox 401 1360 1993 1427">
     <span class='ocr_line' id='line_1_14' title="bbox 401 1360 1993 1427; baseline -0.003 -11"><span class='ocrx_word' id='word_1_94' title='bbox 401 1362 570 1416; x_wconf 83' lang='lat' dir='ltr'><strong><em>Deum</em></strong></span> <span class='ocrx_word' id='word_1_95' title='bbox 597 1404 610 1427; x_wconf 95' lang='lat'><strong><em>,</em></strong></span> <span class='ocrx_word' id='word_1_96' title='bbox 641 1373 691 1417; x_wconf 90' lang='lat' dir='ltr'><strong><em>et</em></strong></span> <span class='ocrx_word' id='word_1_97' title='bbox 727 1364 866 1417; x_wconf 83' lang='lat' dir='ltr'><strong><em>Deus</em></strong></span> <span class='ocrx_word' id='word_1_98' title='bbox 927 1373 1040 1417; x_wconf 88' lang='lat' dir='ltr'><strong><em>erat</em></strong></span> <span class='ocrx_word' id='word_1_99' title='bbox 1081 1361 1384 1427; x_wconf 78' lang='lat' dir='ltr'><strong><em>Vcrbnm&#39;;</em></strong></span> <span class='ocrx_word' id='word_1_100' title='bbox 1420 1363 1505 1416; x_wconf 78' lang='lat' dir='ltr'><strong><em>vel</em></strong></span> <span class='ocrx_word' id='word_1_101' title='bbox 1539 1382 1551 1416; x_wconf 90' lang='lat'>:</span> <span class='ocrx_word' id='word_1_102' title='bbox 1591 1360 1658 1414; x_wconf 88' lang='lat' dir='ltr'><strong><em>Ut</em></strong></span> <span class='ocrx_word' id='word_1_103' title='bbox 1693 1360 1993 1413; x_wconf 77' lang='lat' dir='ltr'><strong><em>doctrinam</em></strong></span> 
     </span>
    </p>
   </div>
   <div class='ocr_carea' id='block_1_15' title="bbox 401 1453 1993 1519">
    <p class='ocr_par' dir='ltr' id='par_1_15' title="bbox 401 1453 1993 1519">
     <span class='ocr_line' id='line_1_15' title="bbox 401 1453 1993 1519; baseline -0.001 -13"><span class='ocrx_word' id='word_1_104' title='bbox 401 1455 568 1506; x_wconf 87' lang='lat' dir='ltr'><strong><em>nostri</em></strong></span> <span class='ocrx_word' id='word_1_105' title='bbox 617 1453 918 1508; x_wconf 73' lang='lat' dir='ltr'><strong><em>Saluatoris</em></strong></span> <span class='ocrx_word' id='word_1_106' title='bbox 994 1454 1259 1519; x_wconf 71' lang='lat' dir='ltr'><strong><em>ornent&#39;;</em></strong></span> <span class='ocrx_word' id='word_1_107' title='bbox 1323 1453 1437 1507; x_wconf 84' lang='lat' dir='ltr'><strong><em>sive</em></strong></span> <span class='ocrx_word' id='word_1_108' title='bbox 1485 1471 1496 1505; x_wconf 91' lang='lat'><strong>:</strong></span> <span class='ocrx_word' id='word_1_109' title='bbox 1551 1453 1810 1519; x_wconf 76' lang='lat' dir='ltr'><strong><em>Apparuit</em></strong></span> <span class='ocrx_word' id='word_1_110' title='bbox 1860 1453 1993 1506; x_wconf 73' lang='lat' dir='ltr'><strong><em>enim</em></strong></span> 
     </span>
    </p>
   </div>
   <div class='ocr_carea' id='block_1_16' title="bbox 398 1540 1993 1616">
    <p class='ocr_par' dir='ltr' id='par_1_16' title="bbox 398 1540 1993 1616">
     <span class='ocr_line' id='line_1_16' title="bbox 398 1540 1993 1616; baseline -0.003 -18"><span class='ocrx_word' id='word_1_111' title='bbox 398 1547 576 1616; x_wconf 83' lang='lat' dir='ltr'><strong><em>gratia</em></strong></span> <span class='ocrx_word' id='word_1_112' title='bbox 612 1544 825 1598; x_wconf 88' lang='lat' dir='ltr'><strong><em>Domini</em></strong></span> <span class='ocrx_word' id='word_1_113' title='bbox 873 1554 921 1598; x_wconf 88' lang='lat' dir='ltr'><strong><em>et</em></strong></span> <span class='ocrx_word' id='word_1_114' title='bbox 957 1544 1254 1598; x_wconf 64' lang='lat' dir='ltr'><strong><em>Saluatoris</em></strong></span> <span class='ocrx_word' id='word_1_115' title='bbox 1288 1543 1461 1596; x_wconf 88' lang='lat' dir='ltr'><strong><em>nostri</em></strong></span> <span class='ocrx_word' id='word_1_116' title='bbox 1485 1541 1614 1595; x_wconf 83' lang='lat' dir='ltr'><strong><em>Jesu</em></strong></span> <span class='ocrx_word' id='word_1_117' title='bbox 1647 1540 1849 1596; x_wconf 78' lang='lat' dir='ltr'><strong><em>Christi</em></strong></span> <span class='ocrx_word' id='word_1_118' title='bbox 1876 1558 1993 1594; x_wconf 85' lang='lat' dir='ltr'><strong><em>ont-</em></strong></span> 
     </span>
    </p>
   </div>
   <div class='ocr_carea' id='block_1_17' title="bbox 399 1633 1994 1703">
    <p class='ocr_par' dir='ltr' id='par_1_17' title="bbox 399 1633 1994 1703">
     <span class='ocr_line' id='line_1_17' title="bbox 399 1633 1994 1703; baseline -0.003 -12"><span class='ocrx_word' id='word_1_119' title='bbox 399 1637 554 1692; x_wconf 86' lang='lat' dir='ltr'><strong><em>nibus</em></strong></span> <span class='ocrx_word' id='word_1_120' title='bbox 585 1636 886 1691; x_wconf 83' lang='lat' dir='ltr'><strong><em>hominibus</em></strong></span> <span class='ocrx_word' id='word_1_121' title='bbox 921 1635 1168 1690; x_wconf 83' lang='lat' dir='ltr'><strong><em>erudiens</em></strong></span> <span class='ocrx_word' id='word_1_122' title='bbox 1213 1653 1306 1690; x_wconf 89' lang='lat' dir='ltr'><strong><em>nos</em></strong></span> <span class='ocrx_word' id='word_1_123' title='bbox 1329 1643 1384 1703; x_wconf 68' lang='lat'><strong><em>7;</em></strong></span> <span class='ocrx_word' id='word_1_124' title='bbox 1435 1635 1520 1688; x_wconf 80' lang='lat' dir='ltr'><strong><em>vel</em></strong></span> <span class='ocrx_word' id='word_1_125' title='bbox 1553 1651 1565 1685; x_wconf 92' lang='lat'>:</span> <span class='ocrx_word' id='word_1_126' title='bbox 1612 1633 1994 1702; x_wconf 75' lang='lat' dir='ltr'><strong><em>Exspectantes</em></strong></span> 
     </span>
    </p>
   </div>
   <div class='ocr_carea' id='block_1_18' title="bbox 396 1727 1994 1800">
    <p class='ocr_par' dir='ltr' id='par_1_18' title="bbox 396 1727 1994 1800">
     <span class='ocr_line' id='line_1_18' title="bbox 396 1727 1994 1800; baseline -0.003 -17"><span class='ocrx_word' id='word_1_127' title='bbox 396 1732 605 1785; x_wconf 82' lang='lat' dir='ltr'><strong><em>beatam</em></strong></span> <span class='ocrx_word' id='word_1_128' title='bbox 641 1747 784 1800; x_wconf 87' lang='lat' dir='ltr'><strong><em>spem</em></strong></span> <span class='ocrx_word' id='word_1_129' title='bbox 809 1775 823 1796; x_wconf 90' lang='lat'><strong><em>,</em></strong></span> <span class='ocrx_word' id='word_1_130' title='bbox 877 1740 927 1785; x_wconf 86' lang='lat' dir='ltr'><strong><em>et</em></strong></span> <span class='ocrx_word' id='word_1_131' title='bbox 974 1731 1255 1784; x_wconf 74' lang='lat' dir='ltr'><strong><em>adueniunt</em></strong></span> <span class='ocrx_word' id='word_1_132' title='bbox 1303 1729 1490 1798; x_wconf 77' lang='lat' dir='ltr'><strong><em>gloria:</em></strong></span> <span class='ocrx_word' id='word_1_133' title='bbox 1532 1729 1711 1797; x_wconf 83' lang='lat' dir='ltr'><strong><em>magni</em></strong></span> <span class='ocrx_word' id='word_1_134' title='bbox 1769 1727 1865 1780; x_wconf 90' lang='lat' dir='ltr'><strong><em>Dei</em></strong></span> <span class='ocrx_word' id='word_1_135' title='bbox 1888 1766 1902 1790; x_wconf 92' lang='lat'><strong><em>,</em></strong></span> <span class='ocrx_word' id='word_1_136' title='bbox 1943 1734 1994 1780; x_wconf 90' lang='lat' dir='ltr'><strong><em>et</em></strong></span> 
     </span>
    </p>
   </div>
   <div class='ocr_carea' id='block_1_19' title="bbox 398 1818 1991 1893">
    <p class='ocr_par' dir='ltr' id='par_1_19' title="bbox 398 1818 1991 1893">
     <span class='ocr_line' id='line_1_19' title="bbox 398 1818 1991 1893; baseline -0.004 -16"><span class='ocrx_word' id='word_1_137' title='bbox 398 1824 697 1877; x_wconf 79' lang='lat' dir='ltr'><strong><em>Saluatoris</em></strong></span> <span class='ocrx_word' id='word_1_138' title='bbox 719 1823 883 1893; x_wconf 76' lang='lat'><strong><em>895</em></strong></span> <span class='ocrx_word' id='word_1_139' title='bbox 911 1823 1080 1877; x_wconf 78' lang='lat' dir='ltr'><strong><em>nostri</em></strong></span> <span class='ocrx_word' id='word_1_140' title='bbox 1105 1821 1235 1876; x_wconf 84' lang='lat' dir='ltr'><strong><em>Jesu</em></strong></span> <span class='ocrx_word' id='word_1_141' title='bbox 1261 1819 1530 1885; x_wconf 65' lang='lat' dir='ltr'><strong><em>Christi“;</em></strong></span> <span class='ocrx_word' id='word_1_142' title='bbox 1567 1819 1692 1873; x_wconf 96' lang='lat' dir='ltr'><strong><em>item</em></strong></span> <span class='ocrx_word' id='word_1_143' title='bbox 1722 1836 1736 1870; x_wconf 93' lang='lat'><strong><em>:</em></strong></span> <span class='ocrx_word' id='word_1_144' title='bbox 1769 1818 1884 1872; x_wconf 84' lang='lat' dir='ltr'><strong><em>Iloc</em></strong></span> <span class='ocrx_word' id='word_1_145' title='bbox 1912 1826 1991 1872; x_wconf 87' lang='lat' dir='ltr'><strong><em>est</em></strong></span> 
     </span>
    </p>
   </div>
   <div class='ocr_carea' id='block_1_20' title="bbox 400 1910 1992 1982">
    <p class='ocr_par' dir='ltr' id='par_1_20' title="bbox 400 1910 1992 1982">
     <span class='ocr_line' id='line_1_20' title="bbox 400 1910 1992 1982; baseline -0.003 -14"><span class='ocrx_word' id='word_1_146' title='bbox 400 1915 751 1968; x_wconf 77' lang='lat' dir='ltr'><strong><em>ministerium</em></strong></span> <span class='ocrx_word' id='word_1_147' title='bbox 784 1913 1040 1982; x_wconf 77' lang='lat' dir='ltr'><strong><em>Spiritus,</em></strong></span> <span class='ocrx_word' id='word_1_148' title='bbox 1075 1925 1122 1968; x_wconf 89' lang='lat' dir='ltr'><strong><em>et</em></strong></span> <span class='ocrx_word' id='word_1_149' title='bbox 1162 1914 1320 1967; x_wconf 85' lang='lat' dir='ltr'><strong><em>verbi.</em></strong></span> <span class='ocrx_word' id='word_1_150' title='bbox 1359 1911 1650 1975; x_wconf 77' lang='lat' dir='ltr'><strong><em>Attendite,</em></strong></span> <span class='ocrx_word' id='word_1_151' title='bbox 1678 1910 1876 1982; x_wconf 87' lang='lat' dir='ltr'><strong><em>inquit,</em></strong></span> <span class='ocrx_word' id='word_1_152' title='bbox 1902 1927 1992 1964; x_wconf 77' lang='lat' dir='ltr'><strong><em>vo-</em></strong></span> 
     </span>
    </p>
   </div>
   <div class='ocr_carea' id='block_1_21' title="bbox 403 2004 1994 2078">
    <p class='ocr_par' dir='ltr' id='par_1_21' title="bbox 403 2004 1994 2078">
     <span class='ocr_line' id='line_1_21' title="bbox 403 2004 1994 2078; baseline -0.001 -18"><span class='ocrx_word' id='word_1_153' title='bbox 403 2007 505 2070; x_wconf 85' lang='lat' dir='ltr'><strong><em>bis,</em></strong></span> <span class='ocrx_word' id='word_1_154' title='bbox 540 2017 588 2062; x_wconf 89' lang='lat' dir='ltr'><strong><em>et</em></strong></span> <span class='ocrx_word' id='word_1_155' title='bbox 615 2008 857 2061; x_wconf 84' lang='lat' dir='ltr'><strong><em>universo</em></strong></span> <span class='ocrx_word' id='word_1_156' title='bbox 890 2008 1054 2078; x_wconf 83' lang='lat' dir='ltr'><strong><em>gregi,</em></strong></span> <span class='ocrx_word' id='word_1_157' title='bbox 1079 2008 1133 2060; x_wconf 87' lang='lat' dir='ltr'><strong><em>in</em></strong></span> <span class='ocrx_word' id='word_1_158' title='bbox 1159 2023 1260 2077; x_wconf 84' lang='lat' dir='ltr'><strong><em>quo</em></strong></span> <span class='ocrx_word' id='word_1_159' title='bbox 1287 2007 1464 2074; x_wconf 85' lang='lat' dir='ltr'><strong><em>posuit</em></strong></span> <span class='ocrx_word' id='word_1_160' title='bbox 1497 2023 1584 2059; x_wconf 80' lang='lat' dir='ltr'><strong><em>vos</em></strong></span> <span class='ocrx_word' id='word_1_161' title='bbox 1609 2004 1839 2072; x_wconf 85' lang='lat' dir='ltr'><strong><em>Spiritus</em></strong></span> <span class='ocrx_word' id='word_1_162' title='bbox 1865 2021 1994 2058; x_wconf 86' lang='lat' dir='ltr'><strong><em>san-</em></strong></span> 
     </span>
    </p>
   </div>
   <div class='ocr_carea' id='block_1_22' title="bbox 400 2097 1992 2170">
    <p class='ocr_par' dir='ltr' id='par_1_22' title="bbox 400 2097 1992 2170">
     <span class='ocr_line' id='line_1_22' title="bbox 400 2097 1992 2170; baseline 0 -17"><span class='ocrx_word' id='word_1_163' title='bbox 400 2108 516 2154; x_wconf 82' lang='lat' dir='ltr'><strong><em>ctus</em></strong></span> <span class='ocrx_word' id='word_1_164' title='bbox 555 2102 858 2170; x_wconf 73' lang='lat' dir='ltr'><strong><em>episcopos,</em></strong></span> <span class='ocrx_word' id='word_1_165' title='bbox 902 2116 1079 2170; x_wconf 86' lang='lat' dir='ltr'><strong><em>regere</em></strong></span> <span class='ocrx_word' id='word_1_166' title='bbox 1124 2098 1422 2153; x_wconf 79' lang='lat' dir='ltr'><strong><em>Ecclesium</em></strong></span> <span class='ocrx_word' id='word_1_167' title='bbox 1463 2097 1594 2152; x_wconf 81' lang='lat' dir='ltr'><strong><em>Dei’</em></strong></span> <span class='ocrx_word' id='word_1_168' title='bbox 1625 2117 1637 2152; x_wconf 86' lang='lat'><strong>:</strong></span> <span class='ocrx_word' id='word_1_169' title='bbox 1672 2099 1900 2168; x_wconf 86' lang='lat' dir='ltr'><strong><em>perinde</em></strong></span> <span class='ocrx_word' id='word_1_170' title='bbox 1929 2112 1992 2153; x_wconf 89' lang='lat' dir='ltr'><strong><em>ac</em></strong></span> 
     </span>
    </p>
   </div>
   <div class='ocr_carea' id='block_1_23' title="bbox 402 2186 1991 2258">
    <p class='ocr_par' dir='ltr' id='par_1_23' title="bbox 402 2186 1991 2258">
     <span class='ocr_line' id='line_1_23' title="bbox 402 2186 1991 2258; baseline -0.003 -13"><span class='ocrx_word' id='word_1_171' title='bbox 402 2192 447 2245; x_wconf 97' lang='lat' dir='ltr'><strong><em>si</em></strong></span> <span class='ocrx_word' id='word_1_172' title='bbox 500 2190 708 2245; x_wconf 86' lang='lat' dir='ltr'><strong><em>diceret</em></strong></span> <span class='ocrx_word' id='word_1_173' title='bbox 749 2206 763 2242; x_wconf 92' lang='lat'><strong>:</strong></span> <span class='ocrx_word' id='word_1_174' title='bbox 803 2188 1019 2243; x_wconf 80' lang='lat' dir='ltr'><strong><em>Gratias</em></strong></span> <span class='ocrx_word' id='word_1_175' title='bbox 1071 2205 1170 2258; x_wconf 84' lang='lat' dir='ltr'><strong><em>ago</em></strong></span> <span class='ocrx_word' id='word_1_176' title='bbox 1230 2189 1599 2242; x_wconf 83' lang='lat' dir='ltr'><strong><em>corroboranti</em></strong></span> <span class='ocrx_word' id='word_1_177' title='bbox 1652 2204 1731 2242; x_wconf 81' lang='lat' dir='ltr'><strong><em>me</em></strong></span> <span class='ocrx_word' id='word_1_178' title='bbox 1779 2186 1991 2242; x_wconf 83' lang='lat' dir='ltr'><strong><em>Christo</em></strong></span> 
     </span>
    </p>
   </div>
   <div class='ocr_carea' id='block_1_24' title="bbox 360 2279 1989 2352">
    <p class='ocr_par' dir='ltr' id='par_1_24' title="bbox 360 2279 1989 2352">
     <span class='ocr_line' id='line_1_24' title="bbox 360 2279 1989 2352; baseline -0.002 -16"><span class='ocrx_word' id='word_1_179' title='bbox 360 2323 364 2326; x_wconf 55' lang='grc' dir='ltr'><strong>η</strong></span> <span class='ocrx_word' id='word_1_180' title='bbox 398 2282 528 2338; x_wconf 73' lang='lat' dir='ltr'><strong><em>Jecu</em></strong></span> <span class='ocrx_word' id='word_1_181' title='bbox 555 2283 784 2337; x_wconf 88' lang='lat' dir='ltr'><strong><em>Domino</em></strong></span> <span class='ocrx_word' id='word_1_182' title='bbox 805 2292 1024 2346; x_wconf 87' lang='lat' dir='ltr'><strong><em>nostro;</em></strong></span> <span class='ocrx_word' id='word_1_183' title='bbox 1051 2281 1192 2352; x_wconf 86' lang='lat' dir='ltr'><strong><em>quod</em></strong></span> <span class='ocrx_word' id='word_1_184' title='bbox 1223 2297 1300 2335; x_wconf 89' lang='lat' dir='ltr'><strong><em>me</em></strong></span> <span class='ocrx_word' id='word_1_185' title='bbox 1326 2281 1536 2351; x_wconf 80' lang='lat' dir='ltr'><strong><em>ﬁdelem</em></strong></span> <span class='ocrx_word' id='word_1_186' title='bbox 1567 2279 1862 2333; x_wconf 85' lang='lat' dir='ltr'><strong><em>arbitratus</em></strong></span> <span class='ocrx_word' id='word_1_187' title='bbox 1889 2291 1989 2345; x_wconf 89' lang='lat' dir='ltr'><strong><em>est,</em></strong></span> 
     </span>
    </p>
   </div>
   <div class='ocr_carea' id='block_1_25' title="bbox 402 2375 1298 2429">
    <p class='ocr_par' dir='ltr' id='par_1_25' title="bbox 402 2375 1298 2429">
     <span class='ocr_line' id='line_1_25' title="bbox 402 2375 1298 2429; baseline 0.001 -1"><span class='ocrx_word' id='word_1_188' title='bbox 402 2375 471 2428; x_wconf 91' lang='lat' dir='ltr'><strong><em>ad</em></strong></span> <span class='ocrx_word' id='word_1_189' title='bbox 506 2375 858 2429; x_wconf 80' lang='lat' dir='ltr'><strong><em>ministerium</em></strong></span> <span class='ocrx_word' id='word_1_190' title='bbox 890 2376 1210 2429; x_wconf 87' lang='lat' dir='ltr'><strong><em>constituens</em></strong></span> <span class='ocrx_word' id='word_1_191' title='bbox 1234 2375 1298 2429; x_wconf 85' lang='grc'><strong><em>¹⁰.</em></strong></span> 
     </span>
    </p>
   </div>
   <div class='ocr_carea' id='block_1_26' title="bbox 473 2550 1989 2623">
    <p class='ocr_par' dir='ltr' id='par_1_26' title="bbox 473 2550 1989 2623">
     <span class='ocr_line' id='line_1_26' title="bbox 473 2550 1989 2623; baseline 0.001 -19"><span class='ocrx_word' id='word_1_192' title='bbox 473 2551 586 2607; x_wconf 71' lang='lat' dir='ltr'><strong><em>\‘ll.</em></strong></span> <span class='ocrx_word' id='word_1_193' title='bbox 617 2553 808 2623; x_wconf 86' lang='lat' dir='ltr'><strong><em>Itaque</em></strong></span> <span class='ocrx_word' id='word_1_194' title='bbox 834 2551 1006 2608; x_wconf 86' lang='lat' dir='ltr'><strong><em>Filius</em></strong></span> <span class='ocrx_word' id='word_1_195' title='bbox 1032 2560 1085 2606; x_wconf 90' lang='lat' dir='ltr'><strong><em>et</em></strong></span> <span class='ocrx_word' id='word_1_196' title='bbox 1117 2551 1359 2621; x_wconf 80' lang='lat' dir='ltr'><strong><em>Spiritus</em></strong></span> <span class='ocrx_word' id='word_1_197' title='bbox 1387 2560 1614 2607; x_wconf 84' lang='lat' dir='ltr'><strong><em>sanctus</em></strong></span> <span class='ocrx_word' id='word_1_198' title='bbox 1645 2567 1770 2606; x_wconf 90' lang='lat' dir='ltr'><strong><em>cum</em></strong></span> <span class='ocrx_word' id='word_1_199' title='bbox 1804 2550 1989 2616; x_wconf 79' lang='lat' dir='ltr'><strong><em>Patre,</em></strong></span> 
     </span>
    </p>
   </div>
   <div class='ocr_carea' id='block_1_27' title="bbox 405 2642 1992 2713">
    <p class='ocr_par' dir='ltr' id='par_1_27' title="bbox 405 2642 1992 2713">
     <span class='ocr_line' id='line_1_27' title="bbox 405 2642 1992 2713; baseline 0 -17"><span class='ocrx_word' id='word_1_200' title='bbox 405 2644 483 2698; x_wconf 87' lang='lat' dir='ltr'><strong><em>uti</em></strong></span> <span class='ocrx_word' id='word_1_201' title='bbox 536 2645 1072 2706; x_wconf 82' lang='lat' dir='ltr'><strong><em>demonstravimus,</em></strong></span> <span class='ocrx_word' id='word_1_202' title='bbox 1133 2650 1302 2713; x_wconf 83' lang='lat' dir='ltr'><strong><em>agunt</em></strong></span> <span class='ocrx_word' id='word_1_203' title='bbox 1364 2644 1751 2697; x_wconf 85' lang='lat' dir='ltr'><strong><em>communiter.</em></strong></span> <span class='ocrx_word' id='word_1_204' title='bbox 1829 2642 1992 2696; x_wconf 76' lang='lat' dir='ltr'><strong><em>Verbo</em></strong></span> 
     </span>
    </p>
   </div>
   <div class='ocr_carea' id='block_1_28' title="bbox 401 2733 1991 2804">
    <p class='ocr_par' dir='ltr' id='par_1_28' title="bbox 401 2733 1991 2804">
     <span class='ocr_line' id='line_1_28' title="bbox 401 2733 1991 2804; baseline -0.001 -12"><span class='ocrx_word' id='word_1_205' title='bbox 401 2739 538 2793; x_wconf 87' lang='lat' dir='ltr'><strong><em>enim</em></strong></span> <span class='ocrx_word' id='word_1_206' title='bbox 571 2736 789 2790; x_wconf 87' lang='lat' dir='ltr'><strong><em>Domini</em></strong></span> <span class='ocrx_word' id='word_1_207' title='bbox 817 2736 936 2789; x_wconf 82' lang='lat' dir='ltr'><strong><em>coeli</em></strong></span> <span class='ocrx_word' id='word_1_208' title='bbox 970 2735 1176 2804; x_wconf 82' lang='lat' dir='ltr'><strong><em>ﬁrmati</em></strong></span> <span class='ocrx_word' id='word_1_209' title='bbox 1196 2744 1340 2799; x_wconf 89' lang='lat' dir='ltr'><strong><em>sunt,</em></strong></span> <span class='ocrx_word' id='word_1_210' title='bbox 1373 2744 1423 2788; x_wconf 88' lang='lat' dir='ltr'><strong><em>et</em></strong></span> <span class='ocrx_word' id='word_1_211' title='bbox 1454 2733 1658 2802; x_wconf 88' lang='lat' dir='ltr'><strong><em>Spiritu</em></strong></span> <span class='ocrx_word' id='word_1_212' title='bbox 1691 2735 1799 2789; x_wconf 88' lang='lat' dir='ltr'><strong><em>oris</em></strong></span> <span class='ocrx_word' id='word_1_213' title='bbox 1825 2736 1991 2804; x_wconf 78' lang='lat' dir='ltr'><strong><em>ipsius</em></strong></span> 
     </span>
    </p>
   </div>
   <div class='ocr_carea' id='block_1_29' title="bbox 403 2825 1993 2896">
    <p class='ocr_par' dir='ltr' id='par_1_29' title="bbox 403 2825 1993 2896">
     <span class='ocr_line' id='line_1_29' title="bbox 403 2825 1993 2896; baseline -0.001 -12"><span class='ocrx_word' id='word_1_214' title='bbox 403 2830 574 2884; x_wconf 87' lang='lat' dir='ltr'><strong><em>omnis</em></strong></span> <span class='ocrx_word' id='word_1_215' title='bbox 597 2829 764 2882; x_wconf 84' lang='lat' dir='ltr'><strong><em>virtus</em></strong></span> <span class='ocrx_word' id='word_1_216' title='bbox 793 2826 906 2893; x_wconf 82' lang='lat' dir='ltr'><strong><em>eius</em></strong></span> <span class='ocrx_word' id='word_1_217' title='bbox 926 2827 990 2881; x_wconf 87' lang='lat'><strong><em>“.</em></strong></span> <span class='ocrx_word' id='word_1_218' title='bbox 1013 2825 1252 2896; x_wconf 84' lang='lat' dir='ltr'><strong><em>Spiritus</em></strong></span> <span class='ocrx_word' id='word_1_219' title='bbox 1275 2841 1404 2881; x_wconf 82' lang='lat' dir='ltr'><strong><em>vero</em></strong></span> <span class='ocrx_word' id='word_1_220' title='bbox 1429 2834 1655 2882; x_wconf 86' lang='lat' dir='ltr'><strong><em>sanctus</em></strong></span> <span class='ocrx_word' id='word_1_221' title='bbox 1677 2827 1993 2883; x_wconf 78' lang='lat' dir='ltr'><strong><em>adorandus</em></strong></span> 
     </span>
    </p>
   </div>
   <div class='ocr_carea' id='block_1_30' title="bbox 398 2916 1994 2987">
    <p class='ocr_par' dir='ltr' id='par_1_30' title="bbox 398 2916 1994 2987">
     <span class='ocr_line' id='line_1_30' title="bbox 398 2916 1994 2987; baseline -0.003 -10"><span class='ocrx_word' id='word_1_222' title='bbox 398 2928 489 2977; x_wconf 85' lang='lat' dir='ltr'><strong><em>est</em></strong></span> <span class='ocrx_word' id='word_1_223' title='bbox 519 2939 532 2976; x_wconf 90' lang='lat'><strong>:</strong></span> <span class='ocrx_word' id='word_1_224' title='bbox 568 2920 673 2986; x_wconf 84' lang='lat' dir='ltr'><strong><em>Qui</em></strong></span> <span class='ocrx_word' id='word_1_225' title='bbox 700 2920 840 2974; x_wconf 86' lang='lat' dir='ltr'><strong><em>enim</em></strong></span> <span class='ocrx_word' id='word_1_226' title='bbox 865 2917 1094 2972; x_wconf 86' lang='lat' dir='ltr'><strong><em>adorant</em></strong></span> <span class='ocrx_word' id='word_1_227' title='bbox 1129 2916 1314 2983; x_wconf 86' lang='lat' dir='ltr'><strong><em>Deum,</em></strong></span> <span class='ocrx_word' id='word_1_228' title='bbox 1347 2917 1553 2986; x_wconf 87' lang='lat' dir='ltr'><strong><em>Spiritu</em></strong></span> <span class='ocrx_word' id='word_1_229' title='bbox 1579 2918 1811 2973; x_wconf 87' lang='lat' dir='ltr'><strong><em>adorare</em></strong></span> <span class='ocrx_word' id='word_1_230' title='bbox 1842 2936 1994 2987; x_wconf 87' lang='lat' dir='ltr'><strong><em>opor-</em></strong></span> 
     </span>
    </p>
   </div>
   <div class='ocr_carea' id='block_1_31' title="bbox 402 3011 1988 3083">
    <p class='ocr_par' dir='ltr' id='par_1_31' title="bbox 402 3011 1988 3083">
     <span class='ocr_line' id='line_1_31' title="bbox 402 3011 1988 3083; baseline -0.001 -15"><span class='ocrx_word' id='word_1_231' title='bbox 402 3024 472 3069; x_wconf 79' lang='lat' dir='ltr'><strong><em>tet</em></strong></span> <span class='ocrx_word' id='word_1_232' title='bbox 515 3029 561 3068; x_wconf 87' lang='lat' dir='ltr'><strong><em>et</em></strong></span> <span class='ocrx_word' id='word_1_233' title='bbox 613 3013 827 3068; x_wconf 73' lang='lat' dir='ltr'><strong><em>veritate</em></strong></span> <span class='ocrx_word' id='word_1_234' title='bbox 871 3012 933 3065; x_wconf 84' lang='lat'><strong><em>&quot;.</em></strong></span> <span class='ocrx_word' id='word_1_235' title='bbox 984 3011 1193 3077; x_wconf 82' lang='lat' dir='ltr'><strong><em>Quodsi</em></strong></span> <span class='ocrx_word' id='word_1_236' title='bbox 1227 3011 1432 3067; x_wconf 88' lang='lat' dir='ltr'><strong><em>veritas</em></strong></span> <span class='ocrx_word' id='word_1_237' title='bbox 1466 3013 1832 3069; x_wconf 83' lang='lat' dir='ltr'><strong><em>communiter</em></strong></span> <span class='ocrx_word' id='word_1_238' title='bbox 1856 3015 1988 3083; x_wconf 85' lang='lat' dir='ltr'><strong><em>agit,</em></strong></span> 
     </span>
    </p>
   </div>
   <div class='ocr_carea' id='block_1_32' title="bbox 399 3104 2065 3204">
    <p class='ocr_par' dir='ltr' id='par_1_32' title="bbox 399 3104 2065 3204">
     <span class='ocr_line' id='line_1_32' title="bbox 399 3104 2065 3204; baseline 0.001 -44"><span class='ocrx_word' id='word_1_239' title='bbox 399 3115 654 3162; x_wconf 82' lang='lat' dir='ltr'><strong><em>creatura</em></strong></span> <span class='ocrx_word' id='word_1_240' title='bbox 686 3115 995 3162; x_wconf 79' lang='lat' dir='ltr'><strong><em>creaturam</em></strong></span> <span class='ocrx_word' id='word_1_241' title='bbox 1026 3105 1189 3159; x_wconf 86' lang='lat' dir='ltr'><strong><em>aliam</em></strong></span> <span class='ocrx_word' id='word_1_242' title='bbox 1238 3120 1347 3159; x_wconf 92' lang='lat' dir='ltr'><strong><em>non</em></strong></span> <span class='ocrx_word' id='word_1_243' title='bbox 1376 3104 1571 3172; x_wconf 71' lang='lat' dir='ltr'><strong><em>efﬁcit,</em></strong></span> <span class='ocrx_word' id='word_1_244' title='bbox 1604 3123 1784 3177; x_wconf 80' lang='lat' dir='ltr'><strong><em>neque</em></strong></span> <span class='ocrx_word' id='word_1_245' title='bbox 1813 3109 1989 3162; x_wconf 79' lang='lat' dir='ltr'><strong><em>creari</em></strong></span> <span class='ocrx_word' id='word_1_246' title='bbox 2018 3141 2065 3204; x_wconf 65' lang='grc' dir='ltr'>Ο</span> 
     </span>
    </p>
   </div>
   <div class='ocr_carea' id='block_1_33' title="bbox 401 3197 1990 3269">
    <p class='ocr_par' dir='ltr' id='par_1_33' title="bbox 401 3197 1990 3269">
     <span class='ocr_line' id='line_1_33' title="bbox 401 3197 1990 3269; baseline 0 -15"><span class='ocrx_word' id='word_1_247' title='bbox 401 3200 664 3254; x_wconf 83' lang='lat' dir='ltr'><strong><em>divinitas</em></strong></span> <span class='ocrx_word' id='word_1_248' title='bbox 687 3207 901 3269; x_wconf 88' lang='lat' dir='ltr'><strong><em>potest;</em></strong></span> <span class='ocrx_word' id='word_1_249' title='bbox 932 3213 1111 3269; x_wconf 87' lang='lat' dir='ltr'><strong><em>neque</em></strong></span> <span class='ocrx_word' id='word_1_250' title='bbox 1140 3206 1293 3252; x_wconf 88' lang='lat' dir='ltr'><strong><em>certo</em></strong></span> <span class='ocrx_word' id='word_1_251' title='bbox 1327 3197 1510 3264; x_wconf 87' lang='lat' dir='ltr'><strong><em>modo,</em></strong></span> <span class='ocrx_word' id='word_1_252' title='bbox 1543 3213 1606 3253; x_wconf 89' lang='lat' dir='ltr'><strong><em>ac</em></strong></span> <span class='ocrx_word' id='word_1_253' title='bbox 1638 3200 1990 3255; x_wconf 88' lang='lat' dir='ltr'><strong><em>circumscri-</em></strong></span> 
     </span>
    </p>
   </div>
   <div class='ocr_carea' id='block_1_34' title="bbox 403 3287 1994 3358">
    <p class='ocr_par' dir='ltr' id='par_1_34' title="bbox 403 3287 1994 3358">
     <span class='ocr_line' id='line_1_34' title="bbox 403 3287 1994 3358; baseline 0.001 -17"><span class='ocrx_word' id='word_1_254' title='bbox 403 3289 589 3358; x_wconf 86' lang='lat' dir='ltr'><strong><em>ptione</em></strong></span> <span class='ocrx_word' id='word_1_255' title='bbox 649 3287 909 3343; x_wconf 81' lang='lat' dir='ltr'><strong><em>deﬁnitus</em></strong></span> <span class='ocrx_word' id='word_1_256' title='bbox 963 3288 1321 3358; x_wconf 75' lang='lat' dir='ltr'><strong><em>cognoscitur</em></strong></span> <span class='ocrx_word' id='word_1_257' title='bbox 1377 3287 1542 3342; x_wconf 85' lang='lat' dir='ltr'><strong><em>Deus.</em></strong></span> <span class='ocrx_word' id='word_1_258' title='bbox 1597 3287 1994 3345; x_wconf 86' lang='lat' dir='ltr'><strong><em>Circumscribi</em></strong></span> 
     </span>
    </p>
   </div>
   <div class='ocr_carea' id='block_1_35' title="bbox 402 3379 1994 3449">
    <p class='ocr_par' dir='ltr' id='par_1_35' title="bbox 402 3379 1994 3449">
     <span class='ocr_line' id='line_1_35' title="bbox 402 3379 1994 3449; baseline 0.001 -15"><span class='ocrx_word' id='word_1_259' title='bbox 402 3381 548 3434; x_wconf 80' lang='lat' dir='ltr'><strong><em>enim</em></strong></span> <span class='ocrx_word' id='word_1_260' title='bbox 585 3394 694 3432; x_wconf 82' lang='lat' dir='ltr'><strong><em>non</em></strong></span> <span class='ocrx_word' id='word_1_261' title='bbox 725 3386 946 3448; x_wconf 84' lang='lat' dir='ltr'><strong><em>potest,</em></strong></span> <span class='ocrx_word' id='word_1_262' title='bbox 977 3388 1074 3432; x_wconf 85' lang='lat' dir='ltr'><strong><em>aut</em></strong></span> <span class='ocrx_word' id='word_1_263' title='bbox 1102 3379 1225 3449; x_wconf 86' lang='lat' dir='ltr'><strong><em>capi</em></strong></span> <span class='ocrx_word' id='word_1_264' title='bbox 1247 3418 1261 3441; x_wconf 89' lang='lat'><strong><em>,</em></strong></span> <span class='ocrx_word' id='word_1_265' title='bbox 1297 3388 1392 3432; x_wconf 84' lang='lat' dir='ltr'><strong><em>aut</em></strong></span> <span class='ocrx_word' id='word_1_266' title='bbox 1442 3379 1805 3448; x_wconf 76' lang='lat' dir='ltr'><strong><em>intelligentia</em></strong></span> <span class='ocrx_word' id='word_1_267' title='bbox 1837 3395 1994 3435; x_wconf 82' lang='lat' dir='ltr'><strong><em>corn-</em></strong></span> 
     </span>
    </p>
   </div>
   <div class='ocr_carea' id='block_1_36' title="bbox 403 3471 1993 3542">
    <p class='ocr_par' dir='ltr' id='par_1_36' title="bbox 403 3471 1993 3542">
     <span class='ocr_line' id='line_1_36' title="bbox 403 3471 1993 3542; baseline 0.003 -17"><span class='ocrx_word' id='word_1_268' title='bbox 403 3471 668 3542; x_wconf 79' lang='lat' dir='ltr'><strong><em>prcbendi</em></strong></span> <span class='ocrx_word' id='word_1_269' title='bbox 691 3511 705 3535; x_wconf 96' lang='lat'><strong><em>,</em></strong></span> <span class='ocrx_word' id='word_1_270' title='bbox 739 3487 864 3525; x_wconf 87' lang='lat' dir='ltr'><strong><em>cum</em></strong></span> <span class='ocrx_word' id='word_1_271' title='bbox 897 3471 1154 3526; x_wconf 81' lang='lat' dir='ltr'><strong><em>universa</em></strong></span> <span class='ocrx_word' id='word_1_272' title='bbox 1197 3471 1292 3526; x_wconf 90' lang='lat' dir='ltr'><strong><em>Dei</em></strong></span> <span class='ocrx_word' id='word_1_273' title='bbox 1326 3487 1494 3542; x_wconf 86' lang='lat' dir='ltr'><strong><em>opera</em></strong></span> <span class='ocrx_word' id='word_1_274' title='bbox 1542 3473 1842 3530; x_wconf 86' lang='lat' dir='ltr'><strong><em>contineat.</em></strong></span> <span class='ocrx_word' id='word_1_275' title='bbox 1887 3473 1993 3531; x_wconf 90' lang='lat' dir='ltr'><strong><em>Sed</em></strong></span> 
     </span>
    </p>
   </div>
   <div class='ocr_carea' id='block_1_37' title="bbox 405 3563 1990 3638">
    <p class='ocr_par' dir='ltr' id='par_1_37' title="bbox 405 3563 1990 3638">
     <span class='ocr_line' id='line_1_37' title="bbox 405 3563 1990 3638; baseline 0.003 -22"><span class='ocrx_word' id='word_1_276' title='bbox 405 3578 586 3635; x_wconf 85' lang='lat' dir='ltr'><strong><em>neque</em></strong></span> <span class='ocrx_word' id='word_1_277' title='bbox 636 3571 906 3618; x_wconf 73' lang='lat' dir='ltr'><strong><em>creaturae</em></strong></span> <span class='ocrx_word' id='word_1_278' title='bbox 953 3563 1303 3619; x_wconf 85' lang='lat' dir='ltr'><strong><em>serviendum</em></strong></span> <span class='ocrx_word' id='word_1_279' title='bbox 1340 3583 1353 3619; x_wconf 96' lang='lat'>:</span> <span class='ocrx_word' id='word_1_280' title='bbox 1393 3563 1740 3631; x_wconf 83' lang='lat' dir='ltr'><strong><em>Servierunt,</em></strong></span> <span class='ocrx_word' id='word_1_281' title='bbox 1777 3568 1990 3638; x_wconf 87' lang='lat' dir='ltr'><strong><em>inquit,</em></strong></span> 
     </span>
    </p>
   </div>
   <div class='ocr_carea' id='block_1_38' title="bbox 403 3641 1990 3726">
    <p class='ocr_par' dir='ltr' id='par_1_38' title="bbox 403 3641 1990 3726">
     <span class='ocr_line' id='line_1_38' title="bbox 403 3641 1990 3726; baseline 0.001 -15"><span class='ocrx_word' id='word_1_282' title='bbox 403 3666 663 3711; x_wconf 81' lang='lat' dir='ltr'><strong><em>creaturte</em></strong></span> <span class='ocrx_word' id='word_1_283' title='bbox 685 3656 860 3725; x_wconf 87' lang='lat' dir='ltr'><strong><em>potius</em></strong></span> <span class='ocrx_word' id='word_1_284' title='bbox 884 3673 1041 3726; x_wconf 86' lang='lat' dir='ltr'><strong><em>quam</em></strong></span> <span class='ocrx_word' id='word_1_285' title='bbox 1065 3655 1328 3721; x_wconf 87' lang='lat' dir='ltr'><strong><em>Creatori,</em></strong></span> <span class='ocrx_word' id='word_1_286' title='bbox 1346 3667 1394 3710; x_wconf 90' lang='lat' dir='ltr'><strong><em>et</em></strong></span> <span class='ocrx_word' id='word_1_287' title='bbox 1417 3657 1556 3726; x_wconf 78' lang='lat' dir='ltr'><strong><em>fatui</em></strong></span> <span class='ocrx_word' id='word_1_288' title='bbox 1570 3641 1763 3713; x_wconf 66' lang='lat' dir='ltr'><strong><em>redditi</em></strong></span> <span class='ocrx_word' id='word_1_289' title='bbox 1786 3671 1908 3713; x_wconf 86' lang='lat' dir='ltr'><strong><em>sunt</em></strong></span> <span class='ocrx_word' id='word_1_290' title='bbox 1927 3661 1990 3714; x_wconf 77' lang='lat'><strong><em>&quot;.</em></strong></span> 
     </span>
    </p>
   </div>
   <div class='ocr_carea' id='block_1_39' title="bbox 401 3745 1990 3814">
    <p class='ocr_par' dir='ltr' id='par_1_39' title="bbox 401 3745 1990 3814">
     <span class='ocr_line' id='line_1_39' title="bbox 401 3745 1990 3814; baseline 0.004 -14"><span class='ocrx_word' id='word_1_291' title='bbox 401 3745 594 3801; x_wconf 83' lang='lat' dir='ltr'><strong><em>Nonne</em></strong></span> <span class='ocrx_word' id='word_1_292' title='bbox 629 3747 892 3801; x_wconf 87' lang='lat' dir='ltr'><strong><em>stolidum</em></strong></span> <span class='ocrx_word' id='word_1_293' title='bbox 939 3755 1023 3802; x_wconf 90' lang='lat' dir='ltr'><strong><em>est</em></strong></span> <span class='ocrx_word' id='word_1_294' title='bbox 1054 3755 1322 3802; x_wconf 62' lang='lat' dir='ltr'><strong><em>creaturae</em></strong></span> <span class='ocrx_word' id='word_1_295' title='bbox 1347 3748 1689 3803; x_wconf 85' lang='lat' dir='ltr'><strong><em>divinitatem</em></strong></span> <span class='ocrx_word' id='word_1_296' title='bbox 1725 3751 1990 3814; x_wconf 88' lang='lat' dir='ltr'><strong><em>tribuere,</em></strong></span> 
     </span>
    </p>
   </div>
   <div class='ocr_carea' id='block_1_40' title="bbox 401 3838 1989 3910">
    <p class='ocr_par' dir='ltr' id='par_1_40' title="bbox 401 3838 1989 3910">
     <span class='ocr_line' id='line_1_40' title="bbox 401 3838 1989 3910; baseline 0.003 -18"><span class='ocrx_word' id='word_1_297' title='bbox 401 3854 470 3894; x_wconf 84' lang='lat' dir='ltr'><strong><em>ac</em></strong></span> <span class='ocrx_word' id='word_1_298' title='bbox 520 3838 703 3894; x_wconf 82' lang='lat' dir='ltr'><strong><em>Patris</em></strong></span> <span class='ocrx_word' id='word_1_299' title='bbox 752 3839 855 3893; x_wconf 90' lang='lat' dir='ltr'><strong><em>boc</em></strong></span> <span class='ocrx_word' id='word_1_300' title='bbox 904 3839 1108 3894; x_wconf 81' lang='lat' dir='ltr'><strong><em>violare</em></strong></span> <span class='ocrx_word' id='word_1_301' title='bbox 1155 3848 1484 3910; x_wconf 72' lang='lat' dir='ltr'><strong><em>przeceptum</em></strong></span> <span class='ocrx_word' id='word_1_302' title='bbox 1520 3859 1532 3896; x_wconf 94' lang='lat'>:</span> <span class='ocrx_word' id='word_1_303' title='bbox 1572 3842 1748 3906; x_wconf 85' lang='lat' dir='ltr'><strong><em>Audi,</em></strong></span> <span class='ocrx_word' id='word_1_304' title='bbox 1797 3841 1989 3908; x_wconf 84' lang='lat' dir='ltr'><strong><em>Israel,</em></strong></span> 
     </span>
    </p>
   </div>
   <div class='ocr_carea' id='block_1_41' title="bbox 403 3930 1992 3990">
    <p class='ocr_par' dir='ltr' id='par_1_41' title="bbox 403 3930 1992 3990">
     <span class='ocr_line' id='line_1_41' title="bbox 403 3930 1992 3990; baseline 0.002 -4"><span class='ocrx_word' id='word_1_305' title='bbox 403 3931 664 3987; x_wconf 86' lang='lat' dir='ltr'><strong><em>Dominus</em></strong></span> <span class='ocrx_word' id='word_1_306' title='bbox 693 3930 836 3985; x_wconf 88' lang='lat' dir='ltr'><strong><em>Deus</em></strong></span> <span class='ocrx_word' id='word_1_307' title='bbox 869 3941 988 3985; x_wconf 79' lang='lat' dir='ltr'><strong><em>tuus</em></strong></span> <span class='ocrx_word' id='word_1_308' title='bbox 1018 3947 1156 3986; x_wconf 83' lang='lat' dir='ltr'><strong><em>unus</em></strong></span> <span class='ocrx_word' id='word_1_309' title='bbox 1189 3941 1266 3985; x_wconf 77' lang='lat' dir='ltr'><strong><em>est</em></strong></span> <span class='ocrx_word' id='word_1_310' title='bbox 1291 3931 1354 3987; x_wconf 71' lang='lat'><strong><em>“.</em></strong></span> <span class='ocrx_word' id='word_1_311' title='bbox 1389 3930 1515 3986; x_wconf 86' lang='lat' dir='ltr'><strong><em>Non</em></strong></span> <span class='ocrx_word' id='word_1_312' title='bbox 1552 3935 1653 3987; x_wconf 90' lang='lat' dir='ltr'><strong><em>erit</em></strong></span> <span class='ocrx_word' id='word_1_313' title='bbox 1683 3934 1736 3987; x_wconf 90' lang='lat' dir='ltr'><strong><em>in</em></strong></span> <span class='ocrx_word' id='word_1_314' title='bbox 1771 3943 1818 3988; x_wconf 88' lang='lat' dir='ltr'><strong><em>te</em></strong></span> <span class='ocrx_word' id='word_1_315' title='bbox 1853 3934 1992 3990; x_wconf 82' lang='lat' dir='ltr'><strong><em>Deus</em></strong></span> 
     </span>
    </p>
   </div>
   <div class='ocr_carea' id='block_1_42' title="bbox 400 4017 1992 4090">
    <p class='ocr_par' dir='ltr' id='par_1_42' title="bbox 400 4017 1992 4090">
     <span class='ocr_line' id='line_1_42' title="bbox 400 4017 1992 4090; baseline 0.003 -17"><span class='ocrx_word' id='word_1_316' title='bbox 400 4036 581 4073; x_wconf 79' lang='lat' dir='ltr'><strong><em>recens</em></strong></span> <span class='ocrx_word' id='word_1_317' title='bbox 602 4019 647 4050; x_wconf 71' lang='grc' dir='ltr'><em>ίδ</em></span> <span class='ocrx_word' id='word_1_318' title='bbox 665 4021 688 4073; x_wconf 89' lang='lat'><strong>?</strong></span> <span class='ocrx_word' id='word_1_319' title='bbox 709 4017 978 4074; x_wconf 73' lang='lat' dir='ltr'><strong><em>Caeterum</em></strong></span> <span class='ocrx_word' id='word_1_320' title='bbox 1009 4018 1246 4074; x_wconf 85' lang='lat' dir='ltr'><strong><em>diversis</em></strong></span> <span class='ocrx_word' id='word_1_321' title='bbox 1281 4019 1334 4073; x_wconf 92' lang='lat' dir='ltr'><strong><em>in</em></strong></span> <span class='ocrx_word' id='word_1_322' title='bbox 1368 4017 1653 4090; x_wconf 88' lang='lat' dir='ltr'><strong><em>Scriptura</em></strong></span> <span class='ocrx_word' id='word_1_323' title='bbox 1678 4023 1992 4078; x_wconf 85' lang='lat' dir='ltr'><strong><em>nominibus</em></strong></span> 
     </span>
    </p>
   </div>
   <div class='ocr_carea' id='block_1_43' title="bbox 401 4108 1992 4184">
    <p class='ocr_par' dir='ltr' id='par_1_43' title="bbox 401 4108 1992 4184">
     <span class='ocr_line' id='line_1_43' title="bbox 401 4108 1992 4184; baseline 0.004 -21"><span class='ocrx_word' id='word_1_324' title='bbox 401 4109 601 4175; x_wconf 86' lang='lat' dir='ltr'><strong><em>Pater,</em></strong></span> <span class='ocrx_word' id='word_1_325' title='bbox 635 4118 690 4165; x_wconf 90' lang='lat' dir='ltr'><strong><em>et</em></strong></span> <span class='ocrx_word' id='word_1_326' title='bbox 719 4108 894 4165; x_wconf 87' lang='lat' dir='ltr'><strong><em>Filius</em></strong></span> <span class='ocrx_word' id='word_1_327' title='bbox 916 4149 931 4172; x_wconf 88' lang='lat'><strong><em>,</em></strong></span> <span class='ocrx_word' id='word_1_328' title='bbox 959 4117 1013 4164; x_wconf 89' lang='lat' dir='ltr'><strong><em>et</em></strong></span> <span class='ocrx_word' id='word_1_329' title='bbox 1053 4109 1292 4180; x_wconf 89' lang='lat' dir='ltr'><strong><em>Spiritus</em></strong></span> <span class='ocrx_word' id='word_1_330' title='bbox 1328 4123 1556 4168; x_wconf 86' lang='lat' dir='ltr'><strong><em>sanctus</em></strong></span> <span class='ocrx_word' id='word_1_331' title='bbox 1607 4113 1860 4184; x_wconf 84' lang='lat' dir='ltr'><strong><em>insigniri</em></strong></span> <span class='ocrx_word' id='word_1_332' title='bbox 1902 4130 1992 4170; x_wconf 91' lang='lat' dir='ltr'><strong><em>so-</em></strong></span> 
     </span>
    </p>
   </div>
   <div class='ocr_carea' id='block_1_44' title="bbox 399 4201 1992 4276">
    <p class='ocr_par' dir='ltr' id='par_1_44' title="bbox 399 4201 1992 4276">
     <span class='ocr_line' id='line_1_44' title="bbox 399 4201 1992 4276; baseline 0.001 -17"><span class='ocrx_word' id='word_1_333' title='bbox 399 4205 516 4259; x_wconf 79' lang='lat' dir='ltr'><strong><em>lent</em></strong></span> <span class='ocrx_word' id='word_1_334' title='bbox 553 4219 565 4254; x_wconf 90' lang='lat'><strong>:</strong></span> <span class='ocrx_word' id='word_1_335' title='bbox 608 4213 801 4273; x_wconf 90' lang='lat' dir='ltr'><strong><em>utputa</em></strong></span> <span class='ocrx_word' id='word_1_336' title='bbox 834 4201 1020 4268; x_wconf 80' lang='lat' dir='ltr'><strong><em>Pater,</em></strong></span> <span class='ocrx_word' id='word_1_337' title='bbox 1061 4201 1224 4260; x_wconf 89' lang='lat' dir='ltr'><strong><em>Pater</em></strong></span> <span class='ocrx_word' id='word_1_338' title='bbox 1271 4205 1642 4276; x_wconf 87' lang='lat' dir='ltr'><strong><em>omnipotens,</em></strong></span> <span class='ocrx_word' id='word_1_339' title='bbox 1683 4205 1844 4261; x_wconf 82' lang='lat' dir='ltr'><strong><em>Pater</em></strong></span> <span class='ocrx_word' id='word_1_340' title='bbox 1872 4222 1992 4262; x_wconf 88' lang='lat' dir='ltr'><strong><em>om-</em></strong></span> 
     </span>
    </p>
   </div>
   <div class='ocr_carea' id='block_1_45' title="bbox 397 4292 1992 4363">
    <p class='ocr_par' dir='ltr' id='par_1_45' title="bbox 397 4292 1992 4363">
     <span class='ocr_line' id='line_1_45' title="bbox 397 4292 1992 4363; baseline 0.003 -16"><span class='ocrx_word' id='word_1_341' title='bbox 397 4295 578 4358; x_wconf 82' lang='lat' dir='ltr'><strong><em>nium,</em></strong></span> <span class='ocrx_word' id='word_1_342' title='bbox 625 4292 789 4348; x_wconf 87' lang='lat' dir='ltr'><strong><em>Pater</em></strong></span> <span class='ocrx_word' id='word_1_343' title='bbox 817 4293 1022 4348; x_wconf 86' lang='lat' dir='ltr'><strong><em>Christi</em></strong></span> <span class='ocrx_word' id='word_1_344' title='bbox 1062 4304 1327 4360; x_wconf 81' lang='lat' dir='ltr'><strong><em>vocatur;</em></strong></span> <span class='ocrx_word' id='word_1_345' title='bbox 1358 4293 1629 4351; x_wconf 87' lang='lat' dir='ltr'><strong><em>Dominus</em></strong></span> <span class='ocrx_word' id='word_1_346' title='bbox 1665 4313 1816 4363; x_wconf 78' lang='lat' dir='ltr'><strong><em>vero,</em></strong></span> <span class='ocrx_word' id='word_1_347' title='bbox 1857 4296 1992 4352; x_wconf 84' lang='lat' dir='ltr'><strong><em>Ver-</em></strong></span> 
     </span>
    </p>
   </div>
   <div class='ocr_carea' id='block_1_46' title="bbox 402 4383 1988 4458">
    <p class='ocr_par' dir='ltr' id='par_1_46' title="bbox 402 4383 1988 4458">
     <span class='ocr_line' id='line_1_46' title="bbox 402 4383 1988 4458; baseline 0.003 -19"><span class='ocrx_word' id='word_1_348' title='bbox 402 4387 558 4448; x_wconf 88' lang='lat' dir='ltr'><strong><em>bum,</em></strong></span> <span class='ocrx_word' id='word_1_349' title='bbox 593 4385 869 4450; x_wconf 71' lang='lat' dir='ltr'><strong><em>Christus,</em></strong></span> <span class='ocrx_word' id='word_1_350' title='bbox 903 4383 1101 4449; x_wconf 88' lang='lat' dir='ltr'><strong><em>Filius,</em></strong></span> <span class='ocrx_word' id='word_1_351' title='bbox 1136 4386 1230 4441; x_wconf 79' lang='lat' dir='ltr'><strong><em>lux</em></strong></span> <span class='ocrx_word' id='word_1_352' title='bbox 1265 4402 1428 4453; x_wconf 85' lang='lat' dir='ltr'><strong><em>vera;</em></strong></span> <span class='ocrx_word' id='word_1_353' title='bbox 1483 4387 1722 4458; x_wconf 88' lang='lat' dir='ltr'><strong><em>Spiritus</em></strong></span> <span class='ocrx_word' id='word_1_354' title='bbox 1760 4398 1988 4446; x_wconf 84' lang='lat' dir='ltr'><strong><em>sanctus</em></strong></span> 
     </span>
    </p>
   </div>
   <div class='ocr_carea' id='block_1_47' title="bbox 2095 518 3686 591">
    <p class='ocr_par' dir='ltr' id='par_1_47' title="bbox 2095 518 3686 591">
     <span class='ocr_line' id='line_1_47' title="bbox 2095 518 3686 591; baseline -0.002 -14"><span class='ocrx_word' id='word_1_355' title='bbox 2095 522 2314 589; x_wconf 79' lang='grc' dir='ltr'><em>καιώθη</em></span> <span class='ocrx_word' id='word_1_356' title='bbox 2345 522 2418 575; x_wconf 81' lang='grc' dir='ltr'><em>ἐν</em></span> <span class='ocrx_word' id='word_1_357' title='bbox 2455 522 2770 590; x_wconf 84' lang='grc' dir='ltr'><em>πνεύματι.</em></span> <span class='ocrx_word' id='word_1_358' title='bbox 2805 519 3010 574; x_wconf 76' lang='grc' dir='ltr'><em>Τούτου</em></span> <span class='ocrx_word' id='word_1_359' title='bbox 3041 519 3224 591; x_wconf 80' lang='grc' dir='ltr'><em>μεῖξον</em></span> <span class='ocrx_word' id='word_1_360' title='bbox 3243 521 3343 573; x_wconf 81' lang='grc' dir='ltr'><strong><em>οὐκ</em></strong></span> <span class='ocrx_word' id='word_1_361' title='bbox 3360 519 3471 589; x_wconf 73' lang='grc' dir='ltr'><strong><em>ῑχω</em></strong></span> <span class='ocrx_word' id='word_1_362' title='bbox 3492 518 3686 588; x_wconf 77' lang='grc' dir='ltr'><em>λέγειν.</em></span> 
     </span>
    </p>
   </div>
   <div class='ocr_carea' id='block_1_48' title="bbox 2094 606 3690 684">
    <p class='ocr_par' dir='ltr' id='par_1_48' title="bbox 2094 606 3690 684">
     <span class='ocr_line' id='line_1_48' title="bbox 2094 606 3690 684; baseline -0.002 -13"><span class='ocrx_word' id='word_1_363' title='bbox 2094 616 2226 680; x_wconf 76' lang='grc' dir='ltr'><em>Θεὸς</em></span> <span class='ocrx_word' id='word_1_364' title='bbox 2288 617 2345 668; x_wconf 77' lang='grc' dir='ltr'><em>δὲ</em></span> <span class='ocrx_word' id='word_1_365' title='bbox 2388 617 2416 668; x_wconf 75' lang='grc' dir='ltr'>ὁ</span> <span class='ocrx_word' id='word_1_366' title='bbox 2461 615 2612 680; x_wconf 76' lang='grc' dir='ltr'><em>Υἱός.</em></span> <span class='ocrx_word' id='word_1_367' title='bbox 2669 613 2763 678; x_wconf 77' lang='grc' dir='ltr'><strong><em>Ἐξ</em></strong></span> <span class='ocrx_word' id='word_1_368' title='bbox 2789 606 2895 675; x_wconf 85' lang='grc' dir='ltr'><em>ὧν,</em></span> <span class='ocrx_word' id='word_1_369' title='bbox 2935 614 3122 684; x_wconf 80' lang='grc' dir='ltr'><em>φησὶν,</em></span> <span class='ocrx_word' id='word_1_370' title='bbox 3164 616 3196 667; x_wconf 86' lang='grc' dir='ltr'><strong><em>ό</em></strong></span> <span class='ocrx_word' id='word_1_371' title='bbox 3234 613 3493 681; x_wconf 85' lang='grc' dir='ltr'><em>Χριστὸς</em></span> <span class='ocrx_word' id='word_1_372' title='bbox 3540 612 3690 670; x_wconf 64' lang='grc' dir='ltr'><em>κατὰ</em></span> 
     </span>
    </p>
   </div>
   <div class='ocr_carea' id='block_1_49' title="bbox 2095 704 3686 777">
    <p class='ocr_par' dir='ltr' id='par_1_49' title="bbox 2095 704 3686 777">
     <span class='ocr_line' id='line_1_49' title="bbox 2095 704 3686 777; baseline -0.003 -15"><span class='ocrx_word' id='word_1_373' title='bbox 2095 708 2316 777; x_wconf 65' lang='grc' dir='ltr'><em>σάρκα,</em></span> <span class='ocrx_word' id='word_1_374' title='bbox 2342 711 2373 761; x_wconf 83' lang='grc' dir='ltr'><strong><em>ό</em></strong></span> <span class='ocrx_word' id='word_1_375' title='bbox 2401 704 2485 760; x_wconf 83' lang='grc' dir='ltr'><em>ὢν</em></span> <span class='ocrx_word' id='word_1_376' title='bbox 2505 706 2604 760; x_wconf 75' lang='grc' dir='ltr'><strong><em>ἐπὶ</em></strong></span> <span class='ocrx_word' id='word_1_377' title='bbox 2632 705 2878 760; x_wconf 82' lang='grc' dir='ltr'><em>πάντων</em></span> <span class='ocrx_word' id='word_1_378' title='bbox 2908 707 3072 772; x_wconf 87' lang='grc' dir='ltr'><em>Θεός.</em></span> <span class='ocrx_word' id='word_1_379' title='bbox 3105 707 3472 768; x_wconf 77' lang='grc' dir='ltr'><strong><em>Πίστευσον,</em></strong></span> <span class='ocrx_word' id='word_1_380' title='bbox 3503 705 3686 775; x_wconf 66' lang='grc' dir='ltr'><em>φησιν,</em></span> 
     </span>
    </p>
   </div>
   <div class='ocr_carea' id='block_1_50' title="bbox 2093 796 3690 867">
    <p class='ocr_par' dir='ltr' id='par_1_50' title="bbox 2093 796 3690 867">
     <span class='ocr_line' id='line_1_50' title="bbox 2093 796 3690 867; baseline -0.001 -13"><span class='ocrx_word' id='word_1_381' title='bbox 2093 804 2181 866; x_wconf 84' lang='grc' dir='ltr'><em>εἰς</em></span> <span class='ocrx_word' id='word_1_382' title='bbox 2215 800 2321 853; x_wconf 86' lang='grc' dir='ltr'><em>τὸν</em></span> <span class='ocrx_word' id='word_1_383' title='bbox 2355 801 2576 867; x_wconf 78' lang='grc' dir='ltr'><strong><em>Κύριον</em></strong></span> <span class='ocrx_word' id='word_1_384' title='bbox 2619 799 2877 866; x_wconf 79' lang='grc' dir='ltr'><strong><em>Ἰησοῦν,</em></strong></span> <span class='ocrx_word' id='word_1_385' title='bbox 2911 799 3008 852; x_wconf 78' lang='grc' dir='ltr'><strong><em>καὶ</em></strong></span> <span class='ocrx_word' id='word_1_386' title='bbox 3045 796 3328 866; x_wconf 72' lang='grc' dir='ltr'><em>σωθήσῃο</em></span> <span class='ocrx_word' id='word_1_387' title='bbox 3360 799 3480 863; x_wconf 78' lang='grc' dir='ltr'><em>καὶ,</em></span> <span class='ocrx_word' id='word_1_388' title='bbox 3524 797 3690 853; x_wconf 73' lang='grc' dir='ltr'><em>Ἐλεί-</em></span> 
     </span>
    </p>
   </div>
   <div class='ocr_carea' id='block_1_51' title="bbox 2092 891 3686 962">
    <p class='ocr_par' dir='ltr' id='par_1_51' title="bbox 2092 891 3686 962">
     <span class='ocr_line' id='line_1_51' title="bbox 2092 891 3686 962; baseline -0.003 -15"><span class='ocrx_word' id='word_1_389' title='bbox 2092 898 2269 961; x_wconf 77' lang='grc' dir='ltr'><em>λησε,</em></span> <span class='ocrx_word' id='word_1_390' title='bbox 2298 893 2483 962; x_wconf 66' lang='grc' dir='ltr'><em>φησιν,</em></span> <span class='ocrx_word' id='word_1_391' title='bbox 2505 891 2714 958; x_wconf 79' lang='grc' dir='ltr'><em>αὐτοῖς</em></span> <span class='ocrx_word' id='word_1_392' title='bbox 2730 891 2833 944; x_wconf 78' lang='grc' dir='ltr'><strong><em>τὸν</em></strong></span> <span class='ocrx_word' id='word_1_393' title='bbox 2849 892 3035 961; x_wconf 82' lang='grc' dir='ltr'><em>λόγον</em></span> <span class='ocrx_word' id='word_1_394' title='bbox 3051 891 3157 946; x_wconf 87' lang='grc' dir='ltr'><strong><em>τοῦ</em></strong></span> <span class='ocrx_word' id='word_1_395' title='bbox 3181 891 3429 958; x_wconf 81' lang='grc' dir='ltr'><em>Κυρίου.</em></span> <span class='ocrx_word' id='word_1_396' title='bbox 3449 892 3686 957; x_wconf 75' lang='grc' dir='ltr'><em>Ἀναγαο</em></span> 
     </span>
    </p>
   </div>
   <div class='ocr_carea' id='block_1_52' title="bbox 2094 976 3688 1053">
    <p class='ocr_par' dir='ltr' id='par_1_52' title="bbox 2094 976 3688 1053">
     <span class='ocr_line' id='line_1_52' title="bbox 2094 976 3688 1053; baseline -0.003 -16"><span class='ocrx_word' id='word_1_397' title='bbox 2094 985 2216 1053; x_wconf 68' lang='grc' dir='ltr'><em>γών</em></span> <span class='ocrx_word' id='word_1_398' title='bbox 2257 1001 2320 1037; x_wconf 75' lang='grc' dir='ltr'><em>τε</em></span> <span class='ocrx_word' id='word_1_399' title='bbox 2371 983 2596 1050; x_wconf 83' lang='grc' dir='ltr'><em>αὐτοὺς</em></span> <span class='ocrx_word' id='word_1_400' title='bbox 2621 986 2709 1049; x_wconf 80' lang='grc' dir='ltr'><em>εις</em></span> <span class='ocrx_word' id='word_1_401' title='bbox 2745 983 2851 1037; x_wconf 74' lang='grc' dir='ltr'><strong><em>τὸν</em></strong></span> <span class='ocrx_word' id='word_1_402' title='bbox 2882 976 3072 1046; x_wconf 66' lang='grc' dir='ltr'><em>οἷκον,</em></span> <span class='ocrx_word' id='word_1_403' title='bbox 3121 981 3463 1050; x_wconf 71' lang='grc' dir='ltr'><strong><em>παρέθηκεν</em></strong></span> <span class='ocrx_word' id='word_1_404' title='bbox 3487 980 3688 1050; x_wconf 76' lang='grc' dir='ltr'><em>αὐτοῖς</em></span> 
     </span>
    </p>
   </div>
   <div class='ocr_carea' id='block_1_53' title="bbox 2095 1073 3688 1145">
    <p class='ocr_par' dir='ltr' id='par_1_53' title="bbox 2095 1073 3688 1145">
     <span class='ocr_line' id='line_1_53' title="bbox 2095 1073 3688 1145; baseline -0.001 -15"><span class='ocrx_word' id='word_1_405' title='bbox 2095 1077 2412 1145; x_wconf 74' lang='grc' dir='ltr'><em>τράπεζαν,</em></span> <span class='ocrx_word' id='word_1_406' title='bbox 2436 1078 2538 1130; x_wconf 78' lang='grc' dir='ltr'><em>καὶ</em></span> <span class='ocrx_word' id='word_1_407' title='bbox 2563 1075 2978 1145; x_wconf 73' lang='grc' dir='ltr'><strong><em>ἠγαλλιάσατο</em></strong></span> <span class='ocrx_word' id='word_1_408' title='bbox 3005 1074 3248 1131; x_wconf 73' lang='grc' dir='ltr'><em>πανοικὶ</em></span> <span class='ocrx_word' id='word_1_409' title='bbox 3269 1073 3688 1142; x_wconf 72' lang='grc' dir='ltr'><em>πεπιστευκὼς</em></span> 
     </span>
    </p>
   </div>
   <div class='ocr_carea' id='block_1_54' title="bbox 2094 1165 3688 1240">
    <p class='ocr_par' dir='ltr' id='par_1_54' title="bbox 2094 1165 3688 1240">
     <span class='ocr_line' id='line_1_54' title="bbox 2094 1165 3688 1240; baseline -0.002 -17"><span class='ocrx_word' id='word_1_410' title='bbox 2094 1169 2175 1234; x_wconf 77' lang='grc' dir='ltr'><em>τῷ</em></span> <span class='ocrx_word' id='word_1_411' title='bbox 2212 1169 2363 1234; x_wconf 84' lang='grc' dir='ltr'><em>Θεῷ·</em></span> <span class='ocrx_word' id='word_1_412' title='bbox 2402 1170 2434 1240; x_wconf 78' lang='grc' dir='ltr'>ἢ</span> <span class='ocrx_word' id='word_1_413' title='bbox 2469 1171 2550 1225; x_wconf 84' lang='grc' dir='ltr'><em>ὅτι</em></span> <span class='ocrx_word' id='word_1_414' title='bbox 2592 1170 2686 1222; x_wconf 78' lang='grc' dir='ltr'><strong><em>Ἐν</em></strong></span> <span class='ocrx_word' id='word_1_415' title='bbox 2715 1168 2875 1237; x_wconf 72' lang='grc' dir='ltr'><strong><em>ἀρχῇ</em></strong></span> <span class='ocrx_word' id='word_1_416' title='bbox 2906 1165 2986 1238; x_wconf 78' lang='grc' dir='ltr'><em>ἦν</em></span> <span class='ocrx_word' id='word_1_417' title='bbox 3009 1169 3272 1238; x_wconf 63' lang='grc' dir='ltr'><em>όΛόγιος,</em></span> <span class='ocrx_word' id='word_1_418' title='bbox 3298 1168 3397 1222; x_wconf 75' lang='grc' dir='ltr'><em>καὶ</em></span> <span class='ocrx_word' id='word_1_419' title='bbox 3436 1172 3470 1223; x_wconf 86' lang='lat'><strong><em>0&#39;</em></strong></span> <span class='ocrx_word' id='word_1_420' title='bbox 3501 1173 3688 1236; x_wconf 78' lang='grc' dir='ltr'><em>Λογος</em></span> 
     </span>
    </p>
   </div>
   <div class='ocr_carea' id='block_1_55' title="bbox 2093 1256 3688 1332">
    <p class='ocr_par' dir='ltr' id='par_1_55' title="bbox 2093 1256 3688 1332">
     <span class='ocr_line' id='line_1_55' title="bbox 2093 1256 3688 1332; baseline -0.001 -18"><span class='ocrx_word' id='word_1_421' title='bbox 2093 1256 2174 1332; x_wconf 72' lang='grc' dir='ltr'><strong><em>ἦν</em></strong></span> <span class='ocrx_word' id='word_1_422' title='bbox 2201 1262 2350 1329; x_wconf 78' lang='grc' dir='ltr'><em>πρὸς</em></span> <span class='ocrx_word' id='word_1_423' title='bbox 2369 1261 2477 1314; x_wconf 83' lang='grc' dir='ltr'><em>τὸν</em></span> <span class='ocrx_word' id='word_1_424' title='bbox 2515 1261 2688 1322; x_wconf 77' lang='grc' dir='ltr'><em>Θεὸν,</em></span> <span class='ocrx_word' id='word_1_425' title='bbox 2714 1261 2814 1314; x_wconf 70' lang='grc' dir='ltr'><strong><em>καὶ</em></strong></span> <span class='ocrx_word' id='word_1_426' title='bbox 2845 1258 2990 1326; x_wconf 69' lang='grc' dir='ltr'><em>Θεὸς</em></span> <span class='ocrx_word' id='word_1_427' title='bbox 3014 1256 3094 1330; x_wconf 82' lang='grc' dir='ltr'><em>ἦν</em></span> <span class='ocrx_word' id='word_1_428' title='bbox 3127 1263 3160 1313; x_wconf 80' lang='grc' dir='ltr'><em>ὀ</em></span> <span class='ocrx_word' id='word_1_429' title='bbox 3192 1260 3386 1328; x_wconf 85' lang='grc' dir='ltr'><em>Λόγος</em></span> <span class='ocrx_word' id='word_1_430' title='bbox 3407 1277 3418 1289; x_wconf 92' lang='grc'><strong>·</strong></span> <span class='ocrx_word' id='word_1_431' title='bbox 3457 1260 3526 1330; x_wconf 73' lang='grc' dir='ltr'><strong><em>ἡ·</em></strong></span> <span class='ocrx_word' id='word_1_432' title='bbox 3584 1260 3688 1314; x_wconf 86' lang='lat' dir='ltr'><strong><em>Ira</em></strong></span> 
     </span>
    </p>
   </div>
   <div class='ocr_carea' id='block_1_56' title="bbox 2095 1350 3689 1422">
    <p class='ocr_par' dir='ltr' id='par_1_56' title="bbox 2095 1350 3689 1422">
     <span class='ocr_line' id='line_1_56' title="bbox 2095 1350 3689 1422; baseline -0.003 -15"><span class='ocrx_word' id='word_1_433' title='bbox 2095 1354 2212 1422; x_wconf 73' lang='grc' dir='ltr'><em>τὴν</em></span> <span class='ocrx_word' id='word_1_434' title='bbox 2248 1352 2656 1407; x_wconf 70' lang='grc' dir='ltr'><strong><em>διδασκαλίαν</em></strong></span> <span class='ocrx_word' id='word_1_435' title='bbox 2703 1354 2815 1407; x_wconf 78' lang='grc' dir='ltr'><strong><em>τοῦ</em></strong></span> <span class='ocrx_word' id='word_1_436' title='bbox 2840 1351 3118 1421; x_wconf 79' lang='grc' dir='ltr'><strong><em>Σωτῆρος</em></strong></span> <span class='ocrx_word' id='word_1_437' title='bbox 3150 1352 3324 1421; x_wconf 78' lang='grc' dir='ltr'><em>ημῶν</em></span> <span class='ocrx_word' id='word_1_438' title='bbox 3370 1350 3689 1420; x_wconf 78' lang='grc' dir='ltr'><em>κοσμήσω-</em></span> 
     </span>
    </p>
   </div>
   <div class='ocr_carea' id='block_1_57' title="bbox 2095 1443 3685 1518">
    <p class='ocr_par' dir='ltr' id='par_1_57' title="bbox 2095 1443 3685 1518">
     <span class='ocr_line' id='line_1_57' title="bbox 2095 1443 3685 1518; baseline -0.003 -18"><span class='ocrx_word' id='word_1_439' title='bbox 2095 1457 2235 1500; x_wconf 80' lang='grc' dir='ltr'><em>σινο</em></span> <span class='ocrx_word' id='word_1_440' title='bbox 2269 1448 2339 1518; x_wconf 70' lang='grc' dir='ltr'><strong><em>ἦ·</em></strong></span> <span class='ocrx_word' id='word_1_441' title='bbox 2385 1447 2682 1515; x_wconf 63' lang='grc' dir='ltr'><em>Ἐπεφάνη</em></span> <span class='ocrx_word' id='word_1_442' title='bbox 2722 1446 2833 1515; x_wconf 71' lang='grc' dir='ltr'><em>γὰρ</em></span> <span class='ocrx_word' id='word_1_443' title='bbox 2885 1447 2922 1513; x_wconf 77' lang='grc' dir='ltr'><strong><em>ἡ</em></strong></span> <span class='ocrx_word' id='word_1_444' title='bbox 2963 1446 3136 1514; x_wconf 70' lang='grc' dir='ltr'><em>χάρις</em></span> <span class='ocrx_word' id='word_1_445' title='bbox 3169 1444 3275 1498; x_wconf 85' lang='grc' dir='ltr'><strong><em>τοῦ</em></strong></span> <span class='ocrx_word' id='word_1_446' title='bbox 3313 1445 3540 1512; x_wconf 80' lang='grc' dir='ltr'><em>Κυρίου</em></span> <span class='ocrx_word' id='word_1_447' title='bbox 3592 1443 3685 1498; x_wconf 74' lang='grc' dir='ltr'><em>καὶ</em></span> 
     </span>
    </p>
   </div>
   <div class='ocr_carea' id='block_1_58' title="bbox 2096 1536 3686 1609">
    <p class='ocr_par' dir='ltr' id='par_1_58' title="bbox 2096 1536 3686 1609">
     <span class='ocr_line' id='line_1_58' title="bbox 2096 1536 3686 1609; baseline -0.001 -15"><span class='ocrx_word' id='word_1_448' title='bbox 2096 1538 2372 1608; x_wconf 83' lang='grc' dir='ltr'><strong><em>Σωτῆρος</em></strong></span> <span class='ocrx_word' id='word_1_449' title='bbox 2396 1537 2568 1609; x_wconf 78' lang='grc' dir='ltr'><em>ήμῶν</em></span> <span class='ocrx_word' id='word_1_450' title='bbox 2605 1539 2864 1608; x_wconf 84' lang='grc' dir='ltr'><strong><em>Χριστοῦ</em></strong></span> <span class='ocrx_word' id='word_1_451' title='bbox 2907 1539 3100 1593; x_wconf 82' lang='grc' dir='ltr'><em>πᾶσιν</em></span> <span class='ocrx_word' id='word_1_452' title='bbox 3131 1537 3490 1607; x_wconf 82' lang='grc' dir='ltr'><em>ἀνθρώποις,</em></span> <span class='ocrx_word' id='word_1_453' title='bbox 3529 1536 3686 1592; x_wconf 78' lang='grc' dir='ltr'><em>διδά-</em></span> 
     </span>
    </p>
   </div>
   <div class='ocr_carea' id='block_1_59' title="bbox 2095 1627 3681 1700">
    <p class='ocr_par' dir='ltr' id='par_1_59' title="bbox 2095 1627 3681 1700">
     <span class='ocr_line' id='line_1_59' title="bbox 2095 1627 3681 1700; baseline -0.001 -16"><span class='ocrx_word' id='word_1_454' title='bbox 2095 1645 2338 1684; x_wconf 82' lang='grc' dir='ltr'><em>σκουσα</em></span> <span class='ocrx_word' id='word_1_455' title='bbox 2359 1627 2516 1699; x_wconf 77' lang='grc' dir='ltr'><em>ἡμᾶς</em></span> <span class='ocrx_word' id='word_1_456' title='bbox 2532 1645 2545 1663; x_wconf 77' lang='grc' dir='ltr'><strong><em>ο</em></strong></span> <span class='ocrx_word' id='word_1_457' title='bbox 2567 1630 2600 1700; x_wconf 72' lang='grc' dir='ltr'>ἢ</span> <span class='ocrx_word' id='word_1_458' title='bbox 2619 1646 2632 1660; x_wconf 88' lang='grc'><strong>·</strong></span> <span class='ocrx_word' id='word_1_459' title='bbox 2654 1630 2970 1698; x_wconf 82' lang='grc' dir='ltr'><em>Δεχὸμενοι</em></span> <span class='ocrx_word' id='word_1_460' title='bbox 3001 1629 3116 1696; x_wconf 80' lang='grc' dir='ltr'><em>τὴν</em></span> <span class='ocrx_word' id='word_1_461' title='bbox 3126 1631 3430 1698; x_wconf 76' lang='grc' dir='ltr'><em>μακαρίαν</em></span> <span class='ocrx_word' id='word_1_462' title='bbox 3446 1629 3681 1691; x_wconf 73' lang='grc' dir='ltr'><em>ἐλπίδα,</em></span> 
     </span>
    </p>
   </div>
   <div class='ocr_carea' id='block_1_60' title="bbox 2096 1714 3681 1789">
    <p class='ocr_par' dir='ltr' id='par_1_60' title="bbox 2096 1714 3681 1789">
     <span class='ocr_line' id='line_1_60' title="bbox 2096 1714 3681 1789; baseline 0.001 -16"><span class='ocrx_word' id='word_1_463' title='bbox 2096 1714 2572 1789; x_wconf 59' lang='grc' dir='ltr'><em>καῖἐπιφὰνειαν</em></span> <span class='ocrx_word' id='word_1_464' title='bbox 2591 1718 2703 1787; x_wconf 83' lang='grc' dir='ltr'><em>τῆς</em></span> <span class='ocrx_word' id='word_1_465' title='bbox 2736 1719 2923 1787; x_wconf 80' lang='grc' dir='ltr'><em>δόξης</em></span> <span class='ocrx_word' id='word_1_466' title='bbox 2950 1719 3059 1773; x_wconf 81' lang='grc' dir='ltr'><strong><em>τοῦ</em></strong></span> <span class='ocrx_word' id='word_1_467' title='bbox 3079 1721 3350 1789; x_wconf 74' lang='grc' dir='ltr'><em>μεγάλου</em></span> <span class='ocrx_word' id='word_1_468' title='bbox 3375 1721 3549 1781; x_wconf 77' lang='grc' dir='ltr'><em>Θεοῦ,</em></span> <span class='ocrx_word' id='word_1_469' title='bbox 3589 1721 3681 1774; x_wconf 75' lang='grc' dir='ltr'><strong><em>καὶ</em></strong></span> 
     </span>
    </p>
   </div>
   <div class='ocr_carea' id='block_1_61' title="bbox 2092 1813 3684 1886">
    <p class='ocr_par' dir='ltr' id='par_1_61' title="bbox 2092 1813 3684 1886">
     <span class='ocr_line' id='line_1_61' title="bbox 2092 1813 3684 1886; baseline 0.003 -20"><span class='ocrx_word' id='word_1_470' title='bbox 2092 1813 2370 1881; x_wconf 79' lang='grc' dir='ltr'><em>Σωτῆρος</em></span> <span class='ocrx_word' id='word_1_471' title='bbox 2407 1814 2578 1883; x_wconf 72' lang='grc' dir='ltr'><em>ἡμῶν</em></span> <span class='ocrx_word' id='word_1_472' title='bbox 2611 1814 2818 1882; x_wconf 83' lang='grc' dir='ltr'><em>Ἰησοῦ</em></span> <span class='ocrx_word' id='word_1_473' title='bbox 2867 1815 3126 1882; x_wconf 78' lang='grc' dir='ltr'><em>Χριστοῦ</em></span> <span class='ocrx_word' id='word_1_474' title='bbox 3150 1831 3164 1844; x_wconf 87' lang='grc'><strong>·</strong></span> <span class='ocrx_word' id='word_1_475' title='bbox 3303 1815 3461 1882; x_wconf 81' lang='grc' dir='ltr'><em>Αὕτη</em></span> <span class='ocrx_word' id='word_1_476' title='bbox 3501 1815 3538 1882; x_wconf 86' lang='grc' dir='ltr'>ἡ</span> <span class='ocrx_word' id='word_1_477' title='bbox 3566 1814 3684 1870; x_wconf 79' lang='grc' dir='ltr'><em>δια-</em></span> 
     </span>
    </p>
   </div>
   <div class='ocr_carea' id='block_1_62' title="bbox 2092 1905 3680 1976">
    <p class='ocr_par' dir='ltr' id='par_1_62' title="bbox 2092 1905 3680 1976">
     <span class='ocr_line' id='line_1_62' title="bbox 2092 1905 3680 1976; baseline 0.001 -18"><span class='ocrx_word' id='word_1_478' title='bbox 2092 1906 2268 1958; x_wconf 78' lang='grc' dir='ltr'><em>κονία</em></span> <span class='ocrx_word' id='word_1_479' title='bbox 2297 1905 2403 1959; x_wconf 87' lang='grc' dir='ltr'><strong><em>τοῦ</em></strong></span> <span class='ocrx_word' id='word_1_480' title='bbox 2433 1907 2804 1975; x_wconf 82' lang='grc' dir='ltr'><em>Πνεύματος,</em></span> <span class='ocrx_word' id='word_1_481' title='bbox 2831 1906 3058 1961; x_wconf 76' lang='grc' dir='ltr'><em>καὶτοῦ</em></span> <span class='ocrx_word' id='word_1_482' title='bbox 3086 1908 3293 1976; x_wconf 87' lang='grc' dir='ltr'><em>λόγου.</em></span> <span class='ocrx_word' id='word_1_483' title='bbox 3327 1905 3680 1976; x_wconf 73' lang='grc' dir='ltr'><em>Προσέχετε,</em></span> 
     </span>
    </p>
   </div>
   <div class='ocr_carea' id='block_1_63' title="bbox 2094 1990 3682 2069">
    <p class='ocr_par' dir='ltr' id='par_1_63' title="bbox 2094 1990 3682 2069">
     <span class='ocr_line' id='line_1_63' title="bbox 2094 1990 3682 2069; baseline 0.003 -19"><span class='ocrx_word' id='word_1_484' title='bbox 2094 1998 2280 2067; x_wconf 72' lang='grc' dir='ltr'><em>φησὶν,</em></span> <span class='ocrx_word' id='word_1_485' title='bbox 2306 1998 2566 2066; x_wconf 76' lang='grc' dir='ltr'><em>ἑαυτοῖς,</em></span> <span class='ocrx_word' id='word_1_486' title='bbox 2597 1999 2695 2054; x_wconf 77' lang='grc' dir='ltr'><em>και</em></span> <span class='ocrx_word' id='word_1_487' title='bbox 2729 2000 2907 2052; x_wconf 74' lang='grc' dir='ltr'><em>παντὶ</em></span> <span class='ocrx_word' id='word_1_488' title='bbox 2944 1997 3027 2064; x_wconf 79' lang='grc' dir='ltr'><em>τῷ</em></span> <span class='ocrx_word' id='word_1_489' title='bbox 3055 2000 3330 2069; x_wconf 83' lang='grc' dir='ltr'><em>ποιμνίῳ.</em></span> <span class='ocrx_word' id='word_1_490' title='bbox 3359 1999 3430 2051; x_wconf 76' lang='grc' dir='ltr'><em>ἐν</em></span> <span class='ocrx_word' id='word_1_491' title='bbox 3449 1990 3498 2064; x_wconf 85' lang='grc' dir='ltr'>ᾧ</span> <span class='ocrx_word' id='word_1_492' title='bbox 3527 2001 3682 2056; x_wconf 73' lang='grc' dir='ltr'><em>ἔθετο</em></span> 
     </span>
    </p>
   </div>
   <div class='ocr_carea' id='block_1_64' title="bbox 2092 2089 3685 2161">
    <p class='ocr_par' dir='ltr' id='par_1_64' title="bbox 2092 2089 3685 2161">
     <span class='ocr_line' id='line_1_64' title="bbox 2092 2089 3685 2161; baseline 0 -17"><span class='ocrx_word' id='word_1_493' title='bbox 2092 2089 2250 2160; x_wconf 80' lang='grc' dir='ltr'><em>ὑμᾶς</em></span> <span class='ocrx_word' id='word_1_494' title='bbox 2272 2091 2338 2144; x_wconf 80' lang='grc' dir='ltr'><em>τι)</em></span> <span class='ocrx_word' id='word_1_495' title='bbox 2370 2091 2611 2161; x_wconf 78' lang='grc' dir='ltr'><strong><em>Πνεῦμα</em></strong></span> <span class='ocrx_word' id='word_1_496' title='bbox 2633 2091 2699 2144; x_wconf 84' lang='grc' dir='ltr'><em>τὸ</em></span> <span class='ocrx_word' id='word_1_497' title='bbox 2730 2091 2903 2160; x_wconf 80' lang='grc' dir='ltr'><em>ἅγιον</em></span> <span class='ocrx_word' id='word_1_498' title='bbox 2927 2091 3321 2157; x_wconf 76' lang='grc' dir='ltr'><em>ἐπισκόπους,</em></span> <span class='ocrx_word' id='word_1_499' title='bbox 3347 2093 3685 2160; x_wconf 71' lang='grc' dir='ltr'><strong><em>ποιμαίνειν</em></strong></span> 
     </span>
    </p>
   </div>
   <div class='ocr_carea' id='block_1_65' title="bbox 2093 2181 3680 2256">
    <p class='ocr_par' dir='ltr' id='par_1_65' title="bbox 2093 2181 3680 2256">
     <span class='ocr_line' id='line_1_65' title="bbox 2093 2181 3680 2256; baseline -0.001 -18"><span class='ocrx_word' id='word_1_500' title='bbox 2093 2181 2249 2253; x_wconf 80' lang='grc' dir='ltr'><em>ὑμᾶς</em></span> <span class='ocrx_word' id='word_1_501' title='bbox 2281 2183 2398 2252; x_wconf 74' lang='grc' dir='ltr'><em>τὴν</em></span> <span class='ocrx_word' id='word_1_502' title='bbox 2430 2184 2801 2251; x_wconf 81' lang='grc' dir='ltr'><em>Ἐκκλησίαν</em></span> <span class='ocrx_word' id='word_1_503' title='bbox 2823 2184 2929 2238; x_wconf 87' lang='grc' dir='ltr'><strong><em>τοῦ</em></strong></span> <span class='ocrx_word' id='word_1_504' title='bbox 2949 2185 3098 2239; x_wconf 85' lang='grc' dir='ltr'><strong><em>Θεοῦ</em></strong></span> <span class='ocrx_word' id='word_1_505' title='bbox 3115 2202 3128 2218; x_wconf 79' lang='grc' dir='ltr'><strong>ο</strong></span> <span class='ocrx_word' id='word_1_506' title='bbox 3160 2186 3345 2256; x_wconf 85' lang='grc' dir='ltr'><em>ὅμοιον</em></span> <span class='ocrx_word' id='word_1_507' title='bbox 3371 2185 3451 2254; x_wconf 79' lang='grc' dir='ltr'><em>τῷ</em></span> <span class='ocrx_word' id='word_1_508' title='bbox 3478 2187 3680 2241; x_wconf 73' lang='grc' dir='ltr'><em>εἰπεῖν·</em></span> 
     </span>
    </p>
   </div>
   <div class='ocr_carea' id='block_1_66' title="bbox 2092 2275 3682 2348">
    <p class='ocr_par' dir='ltr' id='par_1_66' title="bbox 2092 2275 3682 2348">
     <span class='ocr_line' id='line_1_66' title="bbox 2092 2275 3682 2348; baseline 0.003 -18"><span class='ocrx_word' id='word_1_509' title='bbox 2092 2275 2279 2346; x_wconf 83' lang='grc' dir='ltr'><em>Χάριν</em></span> <span class='ocrx_word' id='word_1_510' title='bbox 2319 2276 2439 2347; x_wconf 76' lang='grc' dir='ltr'><strong><em>ἔχω</em></strong></span> <span class='ocrx_word' id='word_1_511' title='bbox 2486 2275 2567 2342; x_wconf 83' lang='grc' dir='ltr'><em>τῷ</em></span> <span class='ocrx_word' id='word_1_512' title='bbox 2624 2275 3072 2347; x_wconf 81' lang='grc' dir='ltr'><em>ἐνδυναμοῦντί</em></span> <span class='ocrx_word' id='word_1_513' title='bbox 3110 2295 3184 2348; x_wconf 81' lang='grc' dir='ltr'><strong><em>με</em></strong></span> <span class='ocrx_word' id='word_1_514' title='bbox 3214 2277 3449 2346; x_wconf 80' lang='grc' dir='ltr'><em>Χριστῷ</em></span> <span class='ocrx_word' id='word_1_515' title='bbox 3487 2278 3682 2346; x_wconf 79' lang='grc' dir='ltr'><em>Ἰησοῦ</em></span> 
     </span>
    </p>
   </div>
   <div class='ocr_carea' id='block_1_67' title="bbox 2093 2367 3685 2440">
    <p class='ocr_par' dir='ltr' id='par_1_67' title="bbox 2093 2367 3685 2440">
     <span class='ocr_line' id='line_1_67' title="bbox 2093 2367 3685 2440; baseline 0.003 -19"><span class='ocrx_word' id='word_1_516' title='bbox 2093 2367 2174 2432; x_wconf 82' lang='grc' dir='ltr'><em>τῷ</em></span> <span class='ocrx_word' id='word_1_517' title='bbox 2203 2371 2397 2437; x_wconf 83' lang='grc' dir='ltr'><strong><em>Κυρίῳ</em></strong></span> <span class='ocrx_word' id='word_1_518' title='bbox 2433 2368 2623 2439; x_wconf 75' lang='grc' dir='ltr'><em>ἡμῶν,</em></span> <span class='ocrx_word' id='word_1_519' title='bbox 2659 2370 2748 2424; x_wconf 78' lang='grc' dir='ltr'><em>ὅτι</em></span> <span class='ocrx_word' id='word_1_520' title='bbox 2789 2372 3012 2426; x_wconf 86' lang='grc' dir='ltr'><em>πιστόν</em></span> <span class='ocrx_word' id='word_1_521' title='bbox 3028 2388 3106 2440; x_wconf 86' lang='grc' dir='ltr'><strong><em>με</em></strong></span> <span class='ocrx_word' id='word_1_522' title='bbox 3123 2369 3396 2440; x_wconf 71' lang='grc' dir='ltr'><em>ἡγήσατο</em></span> <span class='ocrx_word' id='word_1_523' title='bbox 3443 2374 3532 2438; x_wconf 76' lang='grc' dir='ltr'><em>εις</em></span> <span class='ocrx_word' id='word_1_524' title='bbox 3575 2371 3685 2426; x_wconf 76' lang='grc' dir='ltr'><em>δια·</em></span> 
     </span>
    </p>
   </div>
   <div class='ocr_carea' id='block_1_68' title="bbox 2094 2461 2604 2531">
    <p class='ocr_par' dir='ltr' id='par_1_68' title="bbox 2094 2461 2604 2531">
     <span class='ocr_line' id='line_1_68' title="bbox 2094 2461 2604 2531; baseline 0.016 -19"><span class='ocrx_word' id='word_1_525' title='bbox 2094 2462 2308 2514; x_wconf 83' lang='grc' dir='ltr'><em>κονίαν</em></span> <span class='ocrx_word' id='word_1_526' title='bbox 2335 2461 2604 2531; x_wconf 78' lang='grc' dir='ltr'><em>θέμενος.</em></span> 
     </span>
    </p>
   </div>
   <div class='ocr_carea' id='block_1_69' title="bbox 2167 2551 3684 2624">
    <p class='ocr_par' dir='ltr' id='par_1_69' title="bbox 2167 2551 3684 2624">
     <span class='ocr_line' id='line_1_69' title="bbox 2167 2551 3684 2624; baseline 0.001 -20"><span class='ocrx_word' id='word_1_527' title='bbox 2167 2551 2240 2604; x_wconf 91' lang='lat' dir='ltr'><strong><em>Z&#39;.</em></strong></span> <span class='ocrx_word' id='word_1_528' title='bbox 2283 2552 2546 2621; x_wconf 80' lang='grc' dir='ltr'><em>Συνεργεῖ</em></span> <span class='ocrx_word' id='word_1_529' title='bbox 2591 2552 2792 2614; x_wconf 82' lang='grc' dir='ltr'><em>τοίνυν,</em></span> <span class='ocrx_word' id='word_1_530' title='bbox 2822 2553 2897 2617; x_wconf 84' lang='grc' dir='ltr'><em>ὼς</em></span> <span class='ocrx_word' id='word_1_531' title='bbox 2924 2551 3328 2613; x_wconf 78' lang='grc' dir='ltr'><em>ἀποδέδεικται,</em></span> <span class='ocrx_word' id='word_1_532' title='bbox 3353 2552 3432 2622; x_wconf 82' lang='grc' dir='ltr'><em>τῷ</em></span> <span class='ocrx_word' id='word_1_533' title='bbox 3465 2554 3639 2624; x_wconf 60' lang='lat' dir='ltr'><strong><em>“arpi</em></strong></span> <span class='ocrx_word' id='word_1_534' title='bbox 3659 2554 3684 2606; x_wconf 81' lang='grc' dir='ltr'><em>ὁ</em></span> 
     </span>
    </p>
   </div>
   <div class='ocr_carea' id='block_1_70' title="bbox 2095 2641 3684 2714">
    <p class='ocr_par' dir='ltr' id='par_1_70' title="bbox 2095 2641 3684 2714">
     <span class='ocr_line' id='line_1_70' title="bbox 2095 2641 3684 2714; baseline 0.003 -20"><span class='ocrx_word' id='word_1_535' title='bbox 2095 2641 2225 2707; x_wconf 71' lang='grc' dir='ltr'><strong><em>Υἱὸς</em></strong></span> <span class='ocrx_word' id='word_1_536' title='bbox 2251 2643 2344 2695; x_wconf 76' lang='grc' dir='ltr'><strong><em>καὶ</em></strong></span> <span class='ocrx_word' id='word_1_537' title='bbox 2369 2643 2429 2696; x_wconf 74' lang='grc' dir='ltr'><em>τὸ</em></span> <span class='ocrx_word' id='word_1_538' title='bbox 2462 2643 2685 2714; x_wconf 78' lang='grc' dir='ltr'><em>Πνεῦμα</em></span> <span class='ocrx_word' id='word_1_539' title='bbox 2713 2645 2774 2696; x_wconf 77' lang='grc' dir='ltr'><em>τὸ</em></span> <span class='ocrx_word' id='word_1_540' title='bbox 2811 2644 2984 2712; x_wconf 76' lang='grc' dir='ltr'><em>ἅγιον.</em></span> <span class='ocrx_word' id='word_1_541' title='bbox 3021 2642 3103 2708; x_wconf 76' lang='grc' dir='ltr'><strong><em>Τῷ</em></strong></span> <span class='ocrx_word' id='word_1_542' title='bbox 3120 2645 3290 2713; x_wconf 81' lang='grc' dir='ltr'><em>Λόγῳ</em></span> <span class='ocrx_word' id='word_1_543' title='bbox 3320 2646 3431 2714; x_wconf 79' lang='grc' dir='ltr'><strong><em>γὰρ</em></strong></span> <span class='ocrx_word' id='word_1_544' title='bbox 3467 2646 3684 2712; x_wconf 75' lang='lat' dir='ltr'><strong><em>Kvpiov</em></strong></span> 
     </span>
    </p>
   </div>
   <div class='ocr_carea' id='block_1_71' title="bbox 2095 2734 3683 2806">
    <p class='ocr_par' dir='ltr' id='par_1_71' title="bbox 2095 2734 3683 2806">
     <span class='ocr_line' id='line_1_71' title="bbox 2095 2734 3683 2806; baseline 0.002 -18"><span class='ocrx_word' id='word_1_545' title='bbox 2095 2737 2148 2789; x_wconf 81' lang='lat' dir='ltr'><strong><em>oi</em></strong></span> <span class='ocrx_word' id='word_1_546' title='bbox 2171 2734 2412 2802; x_wconf 72' lang='lat' dir='ltr'><strong><em>oivparot</em></strong></span> <span class='ocrx_word' id='word_1_547' title='bbox 2473 2735 2946 2804; x_wconf 76' lang='grc' dir='ltr'><em>ἐστερεώθησαν,</em></span> <span class='ocrx_word' id='word_1_548' title='bbox 3004 2735 3103 2790; x_wconf 77' lang='grc' dir='ltr'><em>καὶ</em></span> <span class='ocrx_word' id='word_1_549' title='bbox 3151 2735 3232 2801; x_wconf 84' lang='grc' dir='ltr'><em>τῷ</em></span> <span class='ocrx_word' id='word_1_550' title='bbox 3260 2737 3560 2806; x_wconf 82' lang='grc' dir='ltr'><em>Πνεύματι</em></span> <span class='ocrx_word' id='word_1_551' title='bbox 3584 2736 3683 2791; x_wconf 81' lang='grc' dir='ltr'><strong><em>τοῦ</em></strong></span> 
     </span>
    </p>
   </div>
   <div class='ocr_carea' id='block_1_72' title="bbox 2094 2825 3682 2898">
    <p class='ocr_par' dir='ltr' id='par_1_72' title="bbox 2094 2825 3682 2898">
     <span class='ocr_line' id='line_1_72' title="bbox 2094 2825 3682 2898; baseline 0.003 -20"><span class='ocrx_word' id='word_1_552' title='bbox 2094 2827 2394 2895; x_wconf 82' lang='grc' dir='ltr'><em>στόματος</em></span> <span class='ocrx_word' id='word_1_553' title='bbox 2444 2827 2631 2880; x_wconf 78' lang='grc' dir='ltr'><em>αὐτοῦ</em></span> <span class='ocrx_word' id='word_1_554' title='bbox 2675 2825 2850 2882; x_wconf 81' lang='grc' dir='ltr'><em>πᾶσα</em></span> <span class='ocrx_word' id='word_1_555' title='bbox 2894 2829 2934 2896; x_wconf 75' lang='grc' dir='ltr'><em>ἡ</em></span> <span class='ocrx_word' id='word_1_556' title='bbox 2981 2827 3237 2897; x_wconf 80' lang='grc' dir='ltr'><em>δύναμις</em></span> <span class='ocrx_word' id='word_1_557' title='bbox 3268 2829 3481 2883; x_wconf 74' lang='grc' dir='ltr'><em>αὑτοῦ.</em></span> <span class='ocrx_word' id='word_1_558' title='bbox 3508 2831 3682 2898; x_wconf 86' lang='grc' dir='ltr'><em>Προσ-</em></span> 
     </span>
    </p>
   </div>
   <div class='ocr_carea' id='block_1_73' title="bbox 2095 2917 3685 2990">
    <p class='ocr_par' dir='ltr' id='par_1_73' title="bbox 2095 2917 3685 2990">
     <span class='ocr_line' id='line_1_73' title="bbox 2095 2917 3685 2990; baseline 0.002 -19"><span class='ocrx_word' id='word_1_559' title='bbox 2095 2917 2325 2989; x_wconf 76' lang='grc' dir='ltr'><em>κυνητὸν</em></span> <span class='ocrx_word' id='word_1_560' title='bbox 2361 2918 2418 2971; x_wconf 82' lang='grc' dir='ltr'><em>δὲ</em></span> <span class='ocrx_word' id='word_1_561' title='bbox 2438 2918 2499 2970; x_wconf 75' lang='grc' dir='ltr'><em>τὸ</em></span> <span class='ocrx_word' id='word_1_562' title='bbox 2538 2919 2764 2990; x_wconf 78' lang='grc' dir='ltr'><em>Πνεῦμα</em></span> <span class='ocrx_word' id='word_1_563' title='bbox 2818 2920 2881 2972; x_wconf 83' lang='grc' dir='ltr'><em>τὸ</em></span> <span class='ocrx_word' id='word_1_564' title='bbox 2915 2919 3090 2988; x_wconf 75' lang='grc' dir='ltr'><em>ἅγιονο</em></span> <span class='ocrx_word' id='word_1_565' title='bbox 3158 2920 3301 2986; x_wconf 85' lang='grc' dir='ltr'><em>Τοὺς</em></span> <span class='ocrx_word' id='word_1_566' title='bbox 3357 2921 3468 2989; x_wconf 79' lang='grc' dir='ltr'><em>γὰρ</em></span> <span class='ocrx_word' id='word_1_567' title='bbox 3509 2934 3685 2990; x_wconf 73' lang='grc' dir='ltr'><em>πραγ-</em></span> 
     </span>
    </p>
   </div>
   <div class='ocr_carea' id='block_1_74' title="bbox 2094 3007 3685 3080">
    <p class='ocr_par' dir='ltr' id='par_1_74' title="bbox 2094 3007 3685 3080">
     <span class='ocr_line' id='line_1_74' title="bbox 2094 3007 3685 3080; baseline 0.003 -19"><span class='ocrx_word' id='word_1_568' title='bbox 2094 3009 2435 3073; x_wconf 83' lang='grc' dir='ltr'><em>κυνοῡντας</em></span> <span class='ocrx_word' id='word_1_569' title='bbox 2475 3007 2616 3075; x_wconf 80' lang='grc' dir='ltr'><em>Θεῷ,</em></span> <span class='ocrx_word' id='word_1_570' title='bbox 2660 3011 2961 3078; x_wconf 83' lang='grc' dir='ltr'><em>Πνεύματι</em></span> <span class='ocrx_word' id='word_1_571' title='bbox 3030 3010 3123 3064; x_wconf 80' lang='grc' dir='ltr'><em>δεῖ</em></span> <span class='ocrx_word' id='word_1_572' title='bbox 3170 3012 3546 3080; x_wconf 78' lang='grc' dir='ltr'><em>προσκυνεῖν</em></span> <span class='ocrx_word' id='word_1_573' title='bbox 3591 3011 3685 3066; x_wconf 72' lang='grc' dir='ltr'><em>καὶ</em></span> 
     </span>
    </p>
   </div>
   <div class='ocr_carea' id='block_1_75' title="bbox 2094 3100 3684 3174">
    <p class='ocr_par' dir='ltr' id='par_1_75' title="bbox 2094 3100 3684 3174">
     <span class='ocr_line' id='line_1_75' title="bbox 2094 3100 3684 3174; baseline 0.003 -20"><span class='ocrx_word' id='word_1_574' title='bbox 2094 3100 2368 3167; x_wconf 80' lang='grc' dir='ltr'><em>ἀληθείᾳ.</em></span> <span class='ocrx_word' id='word_1_575' title='bbox 2401 3102 2464 3153; x_wconf 83' lang='grc' dir='ltr'><strong>Εἰ</strong></span> <span class='ocrx_word' id='word_1_576' title='bbox 2502 3101 2558 3154; x_wconf 74' lang='grc' dir='ltr'><em>δὲ</em></span> <span class='ocrx_word' id='word_1_577' title='bbox 2601 3105 2852 3173; x_wconf 78' lang='grc' dir='ltr'><em>συνεργεῖ</em></span> <span class='ocrx_word' id='word_1_578' title='bbox 2898 3105 2928 3174; x_wconf 74' lang='grc' dir='ltr'>ἡ</span> <span class='ocrx_word' id='word_1_579' title='bbox 2985 3102 3235 3173; x_wconf 79' lang='grc' dir='ltr'><strong><em>ἀλήθεια,</em></strong></span> <span class='ocrx_word' id='word_1_580' title='bbox 3286 3104 3468 3169; x_wconf 83' lang='grc' dir='ltr'><em>κτίσις</em></span> <span class='ocrx_word' id='word_1_581' title='bbox 3511 3105 3684 3158; x_wconf 75' lang='grc' dir='ltr'><em>κτίσιν</em></span> 
     </span>
    </p>
   </div>
   <div class='ocr_carea' id='block_1_76' title="bbox 2096 3189 3686 3266">
    <p class='ocr_par' dir='ltr' id='par_1_76' title="bbox 2096 3189 3686 3266">
     <span class='ocr_line' id='line_1_76' title="bbox 2096 3189 3686 3266; baseline 0.003 -20"><span class='ocrx_word' id='word_1_582' title='bbox 2096 3195 2196 3247; x_wconf 81' lang='grc' dir='ltr'><strong><em>οὐκ</em></strong></span> <span class='ocrx_word' id='word_1_583' title='bbox 2225 3193 2537 3266; x_wconf 72' lang='grc' dir='ltr'><em>ἐργάζεται,</em></span> <span class='ocrx_word' id='word_1_584' title='bbox 2597 3194 2718 3249; x_wconf 78' lang='grc' dir='ltr'><em>οὐδὲ</em></span> <span class='ocrx_word' id='word_1_585' title='bbox 2773 3196 2967 3266; x_wconf 82' lang='grc' dir='ltr'><em>κτιστὴ</em></span> <span class='ocrx_word' id='word_1_586' title='bbox 2999 3196 3031 3265; x_wconf 80' lang='grc' dir='ltr'><strong>ἡ</strong></span> <span class='ocrx_word' id='word_1_587' title='bbox 3059 3194 3250 3266; x_wconf 76' lang='grc' dir='ltr'><em>Θεότης</em></span> <span class='ocrx_word' id='word_1_588' title='bbox 3275 3195 3510 3264; x_wconf 77' lang='grc' dir='ltr'><em>γίνεται,</em></span> <span class='ocrx_word' id='word_1_589' title='bbox 3571 3189 3686 3250; x_wconf 65' lang='grc' dir='ltr'><em>οὐδὲ</em></span> 
     </span>
    </p>
   </div>
   <div class='ocr_carea' id='block_1_77' title="bbox 2097 3284 3685 3362">
    <p class='ocr_par' dir='ltr' id='par_1_77' title="bbox 2097 3284 3685 3362">
     <span class='ocr_line' id='line_1_77' title="bbox 2097 3284 3685 3362; baseline 0.003 -24"><span class='ocrx_word' id='word_1_590' title='bbox 2097 3284 2157 3339; x_wconf 84' lang='grc' dir='ltr'><em>ὲν</em></span> <span class='ocrx_word' id='word_1_591' title='bbox 2221 3285 2403 3358; x_wconf 85' lang='grc' dir='ltr'><em>μέτρῳ</em></span> <span class='ocrx_word' id='word_1_592' title='bbox 2459 3285 2492 3356; x_wconf 81' lang='grc' dir='ltr'>ἢ</span> <span class='ocrx_word' id='word_1_593' title='bbox 2544 3289 2766 3358; x_wconf 74' lang='grc' dir='ltr'><em>περιοχῇ</em></span> <span class='ocrx_word' id='word_1_594' title='bbox 2799 3286 2934 3351; x_wconf 83' lang='grc' dir='ltr'><em>Θεὸς</em></span> <span class='ocrx_word' id='word_1_595' title='bbox 2980 3286 3330 3356; x_wconf 76' lang='grc' dir='ltr'><em>γινώσκεται.</em></span> <span class='ocrx_word' id='word_1_596' title='bbox 3361 3289 3517 3342; x_wconf 74' lang='grc' dir='ltr'><em>Ἔστι</em></span> <span class='ocrx_word' id='word_1_597' title='bbox 3581 3289 3685 3362; x_wconf 76' lang='grc' dir='ltr'><em>γὰρ</em></span> 
     </span>
    </p>
   </div>
   <div class='ocr_carea' id='block_1_78' title="bbox 2096 3377 3684 3454">
    <p class='ocr_par' dir='ltr' id='par_1_78' title="bbox 2096 3377 3684 3454">
     <span class='ocr_line' id='line_1_78' title="bbox 2096 3377 3684 3454; baseline 0.003 -23"><span class='ocrx_word' id='word_1_598' title='bbox 2096 3377 2499 3450; x_wconf 73' lang='grc' dir='ltr'><em>ἀπερίγραφος,</em></span> <span class='ocrx_word' id='word_1_599' title='bbox 2561 3378 2875 3450; x_wconf 77' lang='grc' dir='ltr'><em>ἀχώρητος,</em></span> <span class='ocrx_word' id='word_1_600' title='bbox 2924 3379 3301 3454; x_wconf 82' lang='grc' dir='ltr'><em>ἀπερινόητος,</em></span> <span class='ocrx_word' id='word_1_601' title='bbox 3343 3381 3524 3436; x_wconf 79' lang='grc' dir='ltr'><em>πάντα</em></span> <span class='ocrx_word' id='word_1_602' title='bbox 3585 3399 3684 3435; x_wconf 81' lang='grc' dir='ltr'><em>πε-</em></span> 
     </span>
    </p>
   </div>
   <div class='ocr_carea' id='block_1_79' title="bbox 2098 3469 3682 3546">
    <p class='ocr_par' dir='ltr' id='par_1_79' title="bbox 2098 3469 3682 3546">
     <span class='ocr_line' id='line_1_79' title="bbox 2098 3469 3682 3546; baseline 0.003 -22"><span class='ocrx_word' id='word_1_603' title='bbox 2098 3471 2410 3542; x_wconf 79' lang='grc' dir='ltr'><em>ριεχόμενος</em></span> <span class='ocrx_word' id='word_1_604' title='bbox 2461 3469 2530 3524; x_wconf 78' lang='grc' dir='ltr'><em>τὰ</em></span> <span class='ocrx_word' id='word_1_605' title='bbox 2589 3472 2865 3544; x_wconf 81' lang='grc' dir='ltr'><em>ποιήματα</em></span> <span class='ocrx_word' id='word_1_606' title='bbox 2905 3471 2998 3525; x_wconf 85' lang='grc' dir='ltr'><strong><em>τοῦ</em></strong></span> <span class='ocrx_word' id='word_1_607' title='bbox 3056 3470 3214 3525; x_wconf 78' lang='grc' dir='ltr'><em>Θεοῦ.</em></span> <span class='ocrx_word' id='word_1_608' title='bbox 3260 3472 3334 3526; x_wconf 75' lang='grc' dir='ltr'><strong><em>Οὐ</em></strong></span> <span class='ocrx_word' id='word_1_609' title='bbox 3382 3472 3682 3546; x_wconf 74' lang='grc' dir='ltr'><em>λατρευτέα</em></span> 
     </span>
    </p>
   </div>
   <div class='ocr_carea' id='block_1_80' title="bbox 2093 3561 3683 3636">
    <p class='ocr_par' dir='ltr' id='par_1_80' title="bbox 2093 3561 3683 3636">
     <span class='ocr_line' id='line_1_80' title="bbox 2093 3561 3683 3636; baseline 0.002 -20"><span class='ocrx_word' id='word_1_610' title='bbox 2093 3563 2151 3616; x_wconf 83' lang='grc' dir='ltr'><em>δὲ</em></span> <span class='ocrx_word' id='word_1_611' title='bbox 2208 3564 2240 3634; x_wconf 85' lang='grc' dir='ltr'>ἠ</span> <span class='ocrx_word' id='word_1_612' title='bbox 2292 3562 2490 3626; x_wconf 85' lang='grc' dir='ltr'><em>κτίσις,</em></span> <span class='ocrx_word' id='word_1_613' title='bbox 2531 3561 2940 3633; x_wconf 77' lang='grc' dir='ltr'><em>Ἐλιὶτρευσαν</em></span> <span class='ocrx_word' id='word_1_614' title='bbox 2995 3562 3104 3636; x_wconf 84' lang='grc' dir='ltr'><em>γὰρ</em></span> <span class='ocrx_word' id='word_1_615' title='bbox 3160 3562 3236 3634; x_wconf 81' lang='grc' dir='ltr'><strong><em>τῇ</em></strong></span> <span class='ocrx_word' id='word_1_616' title='bbox 3285 3565 3483 3620; x_wconf 79' lang='grc' dir='ltr'><em>κτίσει</em></span> <span class='ocrx_word' id='word_1_617' title='bbox 3527 3567 3683 3636; x_wconf 83' lang='grc' dir='ltr'><em>παρὰ</em></span> 
     </span>
    </p>
   </div>
   <div class='ocr_carea' id='block_1_81' title="bbox 2095 3654 3680 3732">
    <p class='ocr_par' dir='ltr' id='par_1_81' title="bbox 2095 3654 3680 3732">
     <span class='ocr_line' id='line_1_81' title="bbox 2095 3654 3680 3732; baseline 0.003 -24"><span class='ocrx_word' id='word_1_618' title='bbox 2095 3654 2204 3708; x_wconf 81' lang='grc' dir='ltr'><em>τὸν</em></span> <span class='ocrx_word' id='word_1_619' title='bbox 2249 3657 2563 3719; x_wconf 81' lang='grc' dir='ltr'><em>κτίσαντα,</em></span> <span class='ocrx_word' id='word_1_620' title='bbox 2637 3656 2736 3709; x_wconf 80' lang='grc' dir='ltr'><strong><em>καὶ</em></strong></span> <span class='ocrx_word' id='word_1_621' title='bbox 2779 3655 3242 3727; x_wconf 73' lang='grc' dir='ltr'><em>ἐμωράνθησαν.</em></span> <span class='ocrx_word' id='word_1_622' title='bbox 3301 3659 3428 3722; x_wconf 86' lang='grc' dir='ltr'><strong><em>Πῶς</em></strong></span> <span class='ocrx_word' id='word_1_623' title='bbox 3473 3661 3583 3732; x_wconf 73' lang='grc' dir='ltr'><em>γὰρ</em></span> <span class='ocrx_word' id='word_1_624' title='bbox 3622 3661 3680 3713; x_wconf 76' lang='grc' dir='ltr'><em>οὐ</em></span> 
     </span>
    </p>
   </div>
   <div class='ocr_carea' id='block_1_82' title="bbox 2099 3746 3681 3823">
    <p class='ocr_par' dir='ltr' id='par_1_82' title="bbox 2099 3746 3681 3823">
     <span class='ocr_line' id='line_1_82' title="bbox 2099 3746 3681 3823; baseline 0.002 -23"><span class='ocrx_word' id='word_1_625' title='bbox 2099 3746 2305 3818; x_wconf 76' lang='grc' dir='ltr'><em>μωρὸν,</em></span> <span class='ocrx_word' id='word_1_626' title='bbox 2367 3747 2544 3801; x_wconf 78' lang='grc' dir='ltr'><em>κτίσιν</em></span> <span class='ocrx_word' id='word_1_627' title='bbox 2597 3747 2886 3816; x_wconf 80' lang='grc' dir='ltr'><em>θεολογεῖν,</em></span> <span class='ocrx_word' id='word_1_628' title='bbox 2945 3747 3158 3801; x_wconf 79' lang='grc' dir='ltr'><em>ἀθετεῖν</em></span> <span class='ocrx_word' id='word_1_629' title='bbox 3219 3748 3276 3802; x_wconf 82' lang='grc' dir='ltr'><em>δὲ</em></span> <span class='ocrx_word' id='word_1_630' title='bbox 3320 3750 3538 3822; x_wconf 71' lang='grc' dir='ltr'><em>Πατρδς</em></span> <span class='ocrx_word' id='word_1_631' title='bbox 3587 3753 3681 3823; x_wconf 80' lang='grc' dir='ltr'><em>τὴν</em></span> 
     </span>
    </p>
   </div>
   <div class='ocr_carea' id='block_1_83' title="bbox 2095 3838 3680 3910">
    <p class='ocr_par' dir='ltr' id='par_1_83' title="bbox 2095 3838 3680 3910">
     <span class='ocr_line' id='line_1_83' title="bbox 2095 3838 3680 3910; baseline 0.004 -19"><span class='ocrx_word' id='word_1_632' title='bbox 2095 3838 2316 3909; x_wconf 75' lang='grc' dir='ltr'><em>ἐντολὴν</em></span> <span class='ocrx_word' id='word_1_633' title='bbox 2344 3839 2443 3910; x_wconf 82' lang='grc' dir='ltr'><em>τὴν</em></span> <span class='ocrx_word' id='word_1_634' title='bbox 2471 3839 2738 3906; x_wconf 82' lang='grc' dir='ltr'><em>λέγουσαν</em></span> <span class='ocrx_word' id='word_1_635' title='bbox 2763 3855 2778 3868; x_wconf 92' lang='grc'><strong>·</strong></span> <span class='ocrx_word' id='word_1_636' title='bbox 2815 3839 3043 3898; x_wconf 83' lang='grc' dir='ltr'><em>Ἄκουε,</em></span> <span class='ocrx_word' id='word_1_637' title='bbox 3089 3839 3358 3908; x_wconf 76' lang='grc' dir='ltr'><em>Ἰσραὴλ,</em></span> <span class='ocrx_word' id='word_1_638' title='bbox 3403 3843 3617 3910; x_wconf 77' lang='grc' dir='ltr'><em>Κύριος</em></span> <span class='ocrx_word' id='word_1_639' title='bbox 3648 3846 3680 3897; x_wconf 84' lang='lat' dir='ltr'><strong><em>d</em></strong></span> 
     </span>
    </p>
   </div>
   <div class='ocr_carea' id='block_1_84' title="bbox 2097 3925 3680 4000">
    <p class='ocr_par' dir='ltr' id='par_1_84' title="bbox 2097 3925 3680 4000">
     <span class='ocr_line' id='line_1_84' title="bbox 2097 3925 3680 4000; baseline 0.001 -14"><span class='ocrx_word' id='word_1_640' title='bbox 2097 3933 2242 3997; x_wconf 87' lang='grc' dir='ltr'><em>Θεός</em></span> <span class='ocrx_word' id='word_1_641' title='bbox 2295 3945 2414 3985; x_wconf 89' lang='grc' dir='ltr'><strong><em>σου</em></strong></span> <span class='ocrx_word' id='word_1_642' title='bbox 2463 3925 2552 3998; x_wconf 74' lang='grc' dir='ltr'><strong><em>εἷς</em></strong></span> <span class='ocrx_word' id='word_1_643' title='bbox 2595 3931 2785 3984; x_wconf 82' lang='grc' dir='ltr'><em>ἐστιν.</em></span> <span class='ocrx_word' id='word_1_644' title='bbox 2825 3929 2950 3986; x_wconf 76' lang='grc' dir='ltr'><strong><em>Οὐκ</em></strong></span> <span class='ocrx_word' id='word_1_645' title='bbox 3001 3931 3239 3986; x_wconf 58' lang='lat' dir='ltr'><strong><em>ierat“</em></strong></span> <span class='ocrx_word' id='word_1_646' title='bbox 3270 3934 3339 3986; x_wconf 79' lang='grc' dir='ltr'><em>ἐν</em></span> <span class='ocrx_word' id='word_1_647' title='bbox 3383 3933 3486 3988; x_wconf 76' lang='grc' dir='ltr'><strong><em>σοὶ</em></strong></span> <span class='ocrx_word' id='word_1_648' title='bbox 3543 3935 3680 4000; x_wconf 77' lang='grc' dir='ltr'><em>Θεὸς</em></span> 
     </span>
    </p>
   </div>
   <div class='ocr_carea' id='block_1_85' title="bbox 2095 4022 3682 4097">
    <p class='ocr_par' dir='ltr' id='par_1_85' title="bbox 2095 4022 3682 4097">
     <span class='ocr_line' id='line_1_85' title="bbox 2095 4022 3682 4097; baseline 0.004 -23"><span class='ocrx_word' id='word_1_649' title='bbox 2095 4022 2482 4091; x_wconf 48' lang='grc' dir='ltr'><em>πρόσφατος</em></span> <span class='ocrx_word' id='word_1_650' title='bbox 2530 4022 2618 4076; x_wconf 89' lang='grc' dir='ltr'><em>Ἐν</em></span> <span class='ocrx_word' id='word_1_651' title='bbox 2678 4022 2716 4074; x_wconf 89' lang='grc' dir='ltr'>Γ</span> <span class='ocrx_word' id='word_1_652' title='bbox 2724 4024 2921 4093; x_wconf 58' lang='lat' dir='ltr'><strong><em>paeni;</em></strong></span> <span class='ocrx_word' id='word_1_653' title='bbox 2969 4022 3027 4076; x_wconf 81' lang='grc' dir='ltr'><em>δὲ</em></span> <span class='ocrx_word' id='word_1_654' title='bbox 3081 4025 3266 4094; x_wconf 78' lang='grc' dir='ltr'><em>ἁγίαις</em></span> <span class='ocrx_word' id='word_1_655' title='bbox 3303 4026 3544 4097; x_wconf 79' lang='grc' dir='ltr'><em>ὀνόματα</em></span> <span class='ocrx_word' id='word_1_656' title='bbox 3569 4026 3682 4080; x_wconf 73' lang='grc' dir='ltr'><strong><em>διὰ-</em></strong></span> 
     </span>
    </p>
   </div>
   <div class='ocr_carea' id='block_1_86' title="bbox 2095 4115 3680 4187">
    <p class='ocr_par' dir='ltr' id='par_1_86' title="bbox 2095 4115 3680 4187">
     <span class='ocr_line' id='line_1_86' title="bbox 2095 4115 3680 4187; baseline 0.003 -19"><span class='ocrx_word' id='word_1_657' title='bbox 2095 4132 2237 4185; x_wconf 77' lang='grc' dir='ltr'><em>φορα</em></span> <span class='ocrx_word' id='word_1_658' title='bbox 2291 4115 2536 4170; x_wconf 79' lang='grc' dir='ltr'><em>καλεῖται</em></span> <span class='ocrx_word' id='word_1_659' title='bbox 2595 4115 2828 4186; x_wconf 75' lang='grc' dir='ltr'><em>Πατρὸς,</em></span> <span class='ocrx_word' id='word_1_660' title='bbox 2859 4115 2953 4169; x_wconf 73' lang='grc' dir='ltr'><strong><em>καὶ</em></strong></span> <span class='ocrx_word' id='word_1_661' title='bbox 2982 4116 3137 4180; x_wconf 84' lang='grc' dir='ltr'><em>Υἱοῦ,</em></span> <span class='ocrx_word' id='word_1_662' title='bbox 3191 4120 3287 4172; x_wconf 72' lang='grc' dir='ltr'><strong><em>καὶ</em></strong></span> <span class='ocrx_word' id='word_1_663' title='bbox 3325 4119 3481 4187; x_wconf 80' lang='grc' dir='ltr'><em>ἁγίου</em></span> <span class='ocrx_word' id='word_1_664' title='bbox 3515 4120 3680 4174; x_wconf 67' lang='grc' dir='ltr'><em>Πνεῦ-</em></span> 
     </span>
    </p>
   </div>
   <div class='ocr_carea' id='block_1_87' title="bbox 2097 4205 3677 4281">
    <p class='ocr_par' dir='ltr' id='par_1_87' title="bbox 2097 4205 3677 4281">
     <span class='ocr_line' id='line_1_87' title="bbox 2097 4205 3677 4281; baseline 0.001 -21"><span class='ocrx_word' id='word_1_665' title='bbox 2097 4221 2299 4277; x_wconf 80' lang='grc' dir='ltr'><em>ματος·</em></span> <span class='ocrx_word' id='word_1_666' title='bbox 2354 4205 2570 4276; x_wconf 77' lang='grc' dir='ltr'><em>Πατρὺς</em></span> <span class='ocrx_word' id='word_1_667' title='bbox 2629 4206 2727 4276; x_wconf 82' lang='grc' dir='ltr'><em>μὲν</em></span> <span class='ocrx_word' id='word_1_668' title='bbox 2779 4205 2970 4278; x_wconf 78' lang='grc' dir='ltr'><em>Πατὴρ</em></span> <span class='ocrx_word' id='word_1_669' title='bbox 3017 4208 3431 4280; x_wconf 78' lang='grc' dir='ltr'><em>παντοκράτωρ,</em></span> <span class='ocrx_word' id='word_1_670' title='bbox 3494 4209 3677 4281; x_wconf 76' lang='grc' dir='ltr'><em>Πατὴρ</em></span> 
     </span>
    </p>
   </div>
   <div class='ocr_carea' id='block_1_88' title="bbox 2094 4297 3674 4373">
    <p class='ocr_par' dir='ltr' id='par_1_88' title="bbox 2094 4297 3674 4373">
     <span class='ocr_line' id='line_1_88' title="bbox 2094 4297 3674 4373; baseline 0.003 -23"><span class='ocrx_word' id='word_1_671' title='bbox 2094 4297 2371 4363; x_wconf 78' lang='grc' dir='ltr'><em>ἁπάντων,</em></span> <span class='ocrx_word' id='word_1_672' title='bbox 2391 4297 2584 4368; x_wconf 81' lang='grc' dir='ltr'><em>Πατὴρ</em></span> <span class='ocrx_word' id='word_1_673' title='bbox 2605 4297 2864 4368; x_wconf 84' lang='grc' dir='ltr'><em>Χριστοῦ·</em></span> <span class='ocrx_word' id='word_1_674' title='bbox 2890 4299 3097 4371; x_wconf 80' lang='grc' dir='ltr'><em>Κυρίου</em></span> <span class='ocrx_word' id='word_1_675' title='bbox 3121 4300 3176 4354; x_wconf 81' lang='grc' dir='ltr'><em>δὲ</em></span> <span class='ocrx_word' id='word_1_676' title='bbox 3201 4301 3392 4369; x_wconf 82' lang='grc' dir='ltr'><em>Λόγος,</em></span> <span class='ocrx_word' id='word_1_677' title='bbox 3425 4301 3674 4373; x_wconf 79' lang='grc' dir='ltr'><em>Χριστὸς,</em></span> 
     </span>
    </p>
   </div>
   <div class='ocr_carea' id='block_1_89' title="bbox 2093 4389 3675 4467">
    <p class='ocr_par' dir='ltr' id='par_1_89' title="bbox 2093 4389 3675 4467">
     <span class='ocr_line' id='line_1_89' title="bbox 2093 4389 3675 4467; baseline 0.005 -25"><span class='ocrx_word' id='word_1_678' title='bbox 2093 4389 2244 4453; x_wconf 74' lang='grc' dir='ltr'><em>Υἱὸς,</em></span> <span class='ocrx_word' id='word_1_679' title='bbox 2280 4390 2397 4459; x_wconf 71' lang='grc' dir='ltr'><strong><em>φῶς</em></strong></span> <span class='ocrx_word' id='word_1_680' title='bbox 2413 4389 2668 4460; x_wconf 77' lang='grc' dir='ltr'><em>ἀληθινόν</em></span> <span class='ocrx_word' id='word_1_681' title='bbox 2690 4407 2704 4422; x_wconf 76' lang='grc' dir='ltr'><strong>ο</strong></span> <span class='ocrx_word' id='word_1_682' title='bbox 2731 4391 2824 4444; x_wconf 83' lang='grc' dir='ltr'><strong><em>τοῦ</em></strong></span> <span class='ocrx_word' id='word_1_683' title='bbox 2853 4392 2910 4445; x_wconf 84' lang='grc' dir='ltr'><em>δὲ</em></span> <span class='ocrx_word' id='word_1_684' title='bbox 2945 4393 3102 4461; x_wconf 82' lang='grc' dir='ltr'><em>ἁγίου</em></span> <span class='ocrx_word' id='word_1_685' title='bbox 3138 4394 3459 4467; x_wconf 86' lang='grc' dir='ltr'><em>Πνεύματος</em></span> <span class='ocrx_word' id='word_1_686' title='bbox 3493 4396 3675 4467; x_wconf 76' lang='grc' dir='ltr'><em>Παράο</em></span> 
     </span>
    </p>
   </div>
   <div class='ocr_carea' id='block_1_90' title="bbox 403 4471 1990 4558">
    <p class='ocr_par' dir='ltr' id='par_1_90' title="bbox 403 4471 1986 4552">
     <span class='ocr_line' id='line_1_90' title="bbox 403 4471 1986 4552; baseline 0.004 -22"><span class='ocrx_word' id='word_1_687' title='bbox 403 4475 671 4545; x_wconf 78' lang='lat' dir='ltr'><strong><em>denique,</em></strong></span> <span class='ocrx_word' id='word_1_688' title='bbox 725 4471 1066 4541; x_wconf 86' lang='lat' dir='ltr'><strong><em>Paraclctus,</em></strong></span> <span class='ocrx_word' id='word_1_689' title='bbox 1125 4476 1364 4546; x_wconf 87' lang='lat' dir='ltr'><strong><em>Spiritus</em></strong></span> <span class='ocrx_word' id='word_1_690' title='bbox 1415 4481 1696 4544; x_wconf 85' lang='lat' dir='ltr'><strong><em>veritatis,</em></strong></span> <span class='ocrx_word' id='word_1_691' title='bbox 1749 4481 1986 4552; x_wconf 86' lang='lat' dir='ltr'><strong><em>Spiritus</em></strong></span> 
     </span>
    </p>
   </div>
   <div class='ocr_carea' id='block_1_91' title="bbox 2095 4471 3674 4558">
    <p class='ocr_par' dir='ltr' id='par_1_91' title="bbox 2095 4481 3674 4558">
     <span class='ocr_line' id='line_1_91' title="bbox 2095 4481 3674 4558; baseline 0.004 -23"><span class='ocrx_word' id='word_1_692' title='bbox 2095 4482 2306 4552; x_wconf 69' lang='grc' dir='ltr'><em>κλητος,</em></span> <span class='ocrx_word' id='word_1_693' title='bbox 2354 4481 2578 4553; x_wconf 78' lang='grc' dir='ltr'><em>Πνεῦμα</em></span> <span class='ocrx_word' id='word_1_694' title='bbox 2642 4483 2921 4553; x_wconf 75' lang='grc' dir='ltr'><em>ἀληθείας,</em></span> <span class='ocrx_word' id='word_1_695' title='bbox 2957 4485 3184 4556; x_wconf 83' lang='grc' dir='ltr'><em>Πνεῦμα</em></span> <span class='ocrx_word' id='word_1_696' title='bbox 3239 4486 3394 4547; x_wconf 83' lang='grc' dir='ltr'><em>Θεοῦ,</em></span> <span class='ocrx_word' id='word_1_697' title='bbox 3456 4487 3674 4558; x_wconf 78' lang='grc' dir='ltr'><em>Πνεῦμα</em></span> 
     </span>
    </p>
   </div>
   <div class='ocr_carea' id='block_1_92' title="bbox 405 4566 1986 4637">
    <p class='ocr_par' dir='ltr' id='par_1_92' title="bbox 405 4566 1986 4637">
     <span class='ocr_line' id='line_1_92' title="bbox 405 4566 1986 4637; baseline 0.004 -14"><span class='ocrx_word' id='word_1_698' title='bbox 405 4569 523 4631; x_wconf 87' lang='lat' dir='ltr'><strong><em>Dei,</em></strong></span> <span class='ocrx_word' id='word_1_699' title='bbox 549 4567 786 4637; x_wconf 82' lang='lat' dir='ltr'><strong><em>Spiritus</em></strong></span> <span class='ocrx_word' id='word_1_700' title='bbox 818 4566 1207 4634; x_wconf 67' lang='lat' dir='ltr'><strong><em>Cln&#39;isti.Quin</em></strong></span> <span class='ocrx_word' id='word_1_701' title='bbox 1234 4571 1396 4624; x_wconf 85' lang='lat' dir='ltr'><strong><em>etiam</em></strong></span> <span class='ocrx_word' id='word_1_702' title='bbox 1428 4570 1573 4627; x_wconf 89' lang='lat' dir='ltr'><strong><em>Deus</em></strong></span> <span class='ocrx_word' id='word_1_703' title='bbox 1605 4573 1696 4627; x_wconf 89' lang='lat' dir='ltr'><strong><em>ille</em></strong></span> <span class='ocrx_word' id='word_1_704' title='bbox 1736 4573 1877 4628; x_wconf 86' lang='lat' dir='ltr'><strong><em>idem</em></strong></span> <span class='ocrx_word' id='word_1_705' title='bbox 1921 4590 1986 4630; x_wconf 88' lang='lat' dir='ltr'><strong><em>ac</em></strong></span> 
     </span>
    </p>
   </div>
   <div class='ocr_carea' id='block_1_93' title="bbox 406 4660 1985 4734">
    <p class='ocr_par' dir='ltr' id='par_1_93' title="bbox 406 4660 1985 4734">
     <span class='ocr_line' id='line_1_93' title="bbox 406 4660 1985 4734; baseline 0.002 -18"><span class='ocrx_word' id='word_1_706' title='bbox 406 4661 566 4716; x_wconf 82' lang='lat' dir='ltr'><strong><em>Pater</em></strong></span> <span class='ocrx_word' id='word_1_707' title='bbox 598 4661 689 4714; x_wconf 77' lang='lat' dir='ltr'><strong><em>lux</em></strong></span> <span class='ocrx_word' id='word_1_708' title='bbox 723 4660 1064 4732; x_wconf 77' lang='lat' dir='ltr'><strong><em>intelligitur,</em></strong></span> <span class='ocrx_word' id='word_1_709' title='bbox 1113 4667 1167 4716; x_wconf 88' lang='lat' dir='ltr'><strong><em>et</em></strong></span> <span class='ocrx_word' id='word_1_710' title='bbox 1193 4662 1412 4732; x_wconf 82' lang='lat' dir='ltr'><strong><em>quidem</em></strong></span> <span class='ocrx_word' id='word_1_711' title='bbox 1445 4663 1756 4718; x_wconf 83' lang='lat' dir='ltr'><strong><em>admirabili</em></strong></span> <span class='ocrx_word' id='word_1_712' title='bbox 1799 4666 1985 4734; x_wconf 90' lang='lat' dir='ltr'><strong><em>splen-</em></strong></span> 
     </span>
    </p>
   </div>
   <div class='ocr_carea' id='block_1_94' title="bbox 397 4754 1984 4824">
    <p class='ocr_par' dir='ltr' id='par_1_94' title="bbox 397 4754 1984 4824">
     <span class='ocr_line' id='line_1_94' title="bbox 397 4754 1984 4824; baseline -0.001 -13"><span class='ocrx_word' id='word_1_713' title='bbox 397 4757 536 4811; x_wconf 89' lang='lat' dir='ltr'><strong><em>dore</em></strong></span> <span class='ocrx_word' id='word_1_714' title='bbox 569 4755 871 4821; x_wconf 83' lang='lat' dir='ltr'><strong><em>collucens,</em></strong></span> <span class='ocrx_word' id='word_1_715' title='bbox 919 4769 1129 4809; x_wconf 87' lang='lat' dir='ltr'><strong><em>necnon</em></strong></span> <span class='ocrx_word' id='word_1_716' title='bbox 1161 4762 1214 4808; x_wconf 91' lang='lat' dir='ltr'><strong><em>et</em></strong></span> <span class='ocrx_word' id='word_1_717' title='bbox 1238 4754 1436 4821; x_wconf 89' lang='lat' dir='ltr'><strong><em>virtus,</em></strong></span> <span class='ocrx_word' id='word_1_718' title='bbox 1468 4762 1522 4809; x_wconf 89' lang='lat' dir='ltr'><strong><em>et</em></strong></span> <span class='ocrx_word' id='word_1_719' title='bbox 1557 4755 1842 4824; x_wconf 87' lang='lat' dir='ltr'><strong><em>sapientia.</em></strong></span> <span class='ocrx_word' id='word_1_720' title='bbox 1884 4757 1984 4810; x_wconf 82' lang='lat' dir='ltr'><strong><em>At-</em></strong></span> 
     </span>
    </p>
   </div>
   <div class='ocr_carea' id='block_1_95' title="bbox 395 4843 1983 4919">
    <p class='ocr_par' dir='ltr' id='par_1_95' title="bbox 395 4843 1983 4919">
     <span class='ocr_line' id='line_1_95' title="bbox 395 4843 1983 4919; baseline -0.001 -16"><span class='ocrx_word' id='word_1_721' title='bbox 395 4863 512 4919; x_wconf 77' lang='lat' dir='ltr'><strong><em>que</em></strong></span> <span class='ocrx_word' id='word_1_722' title='bbox 542 4848 622 4900; x_wconf 91' lang='lat' dir='ltr'><strong><em>uti</em></strong></span> <span class='ocrx_word' id='word_1_723' title='bbox 651 4847 744 4900; x_wconf 74' lang='lat' dir='ltr'><strong><em>lux</em></strong></span> <span class='ocrx_word' id='word_1_724' title='bbox 771 4855 856 4900; x_wconf 86' lang='lat' dir='ltr'><strong><em>est</em></strong></span> <span class='ocrx_word' id='word_1_725' title='bbox 893 4843 1034 4900; x_wconf 82' lang='lat' dir='ltr'><strong><em>Deus</em></strong></span> <span class='ocrx_word' id='word_1_726' title='bbox 1075 4852 1129 4899; x_wconf 90' lang='lat' dir='ltr'><strong><em>et</em></strong></span> <span class='ocrx_word' id='word_1_727' title='bbox 1154 4843 1340 4909; x_wconf 83' lang='lat' dir='ltr'><strong><em>Pater,</em></strong></span> <span class='ocrx_word' id='word_1_728' title='bbox 1374 4846 1449 4897; x_wconf 83' lang='lat' dir='ltr'><strong><em>ita</em></strong></span> <span class='ocrx_word' id='word_1_729' title='bbox 1493 4845 1584 4899; x_wconf 82' lang='lat' dir='ltr'><strong><em>lux</em></strong></span> <span class='ocrx_word' id='word_1_730' title='bbox 1627 4854 1710 4900; x_wconf 88' lang='lat' dir='ltr'><strong><em>est</em></strong></span> <span class='ocrx_word' id='word_1_731' title='bbox 1741 4845 1810 4900; x_wconf 88' lang='lat' dir='ltr'><strong><em>de</em></strong></span> <span class='ocrx_word' id='word_1_732' title='bbox 1842 4847 1983 4902; x_wconf 90' lang='lat' dir='ltr'><strong><em>luce.</em></strong></span> 
     </span>
    </p>
   </div>
   <div class='ocr_carea' id='block_1_96' title="bbox 401 4939 1986 4999">
    <p class='ocr_par' dir='ltr' id='par_1_96' title="bbox 401 4939 1986 4999">
     <span class='ocr_line' id='line_1_96' title="bbox 401 4939 1986 4999; baseline -0.002 0"><span class='ocrx_word' id='word_1_733' title='bbox 401 4942 562 4999; x_wconf 79' lang='lat' dir='ltr'><strong><em>Unde</em></strong></span> <span class='ocrx_word' id='word_1_734' title='bbox 590 4950 644 4996; x_wconf 89' lang='lat' dir='ltr'><strong><em>et</em></strong></span> <span class='ocrx_word' id='word_1_735' title='bbox 671 4941 838 4993; x_wconf 81' lang='lat' dir='ltr'><strong><em>lucem</em></strong></span> <span class='ocrx_word' id='word_1_736' title='bbox 866 4939 1127 4992; x_wconf 81' lang='lat' dir='ltr'><strong><em>inhabitat</em></strong></span> <span class='ocrx_word' id='word_1_737' title='bbox 1162 4939 1484 4992; x_wconf 86' lang='lat' dir='ltr'><strong><em>inaccessam</em></strong></span> <span class='ocrx_word' id='word_1_738' title='bbox 1505 4939 1572 4993; x_wconf 77' lang='lat'><strong><em>“.</em></strong></span> <span class='ocrx_word' id='word_1_739' title='bbox 1606 4939 1776 4995; x_wconf 84' lang='lat' dir='ltr'><strong><em>Porro</em></strong></span> <span class='ocrx_word' id='word_1_740' title='bbox 1812 4939 1986 4996; x_wconf 86' lang='lat' dir='ltr'><strong><em>virtus</em></strong></span> 
     </span>
    </p>
   </div>
   <div class='ocr_carea' id='block_1_97' title="bbox 393 5031 1984 5093">
    <p class='ocr_par' dir='ltr' id='par_1_97' title="bbox 393 5031 1984 5093">
     <span class='ocr_line' id='line_1_97' title="bbox 393 5031 1984 5093; baseline -0.002 0"><span class='ocrx_word' id='word_1_741' title='bbox 393 5047 488 5093; x_wconf 76' lang='lat' dir='ltr'><strong><em>est</em></strong></span> <span class='ocrx_word' id='word_1_742' title='bbox 522 5044 669 5092; x_wconf 90' lang='lat' dir='ltr'><strong><em>totus</em></strong></span> <span class='ocrx_word' id='word_1_743' title='bbox 715 5033 876 5089; x_wconf 87' lang='lat' dir='ltr'><strong><em>Deus.</em></strong></span> <span class='ocrx_word' id='word_1_744' title='bbox 927 5031 1082 5088; x_wconf 84' lang='lat' dir='ltr'><strong><em>Unde</em></strong></span> <span class='ocrx_word' id='word_1_745' title='bbox 1120 5042 1173 5087; x_wconf 87' lang='lat' dir='ltr'><strong><em>et</em></strong></span> <span class='ocrx_word' id='word_1_746' title='bbox 1217 5033 1469 5086; x_wconf 81' lang='lat' dir='ltr'><strong><em>virtutum</em></strong></span> <span class='ocrx_word' id='word_1_747' title='bbox 1510 5041 1593 5088; x_wconf 85' lang='lat' dir='ltr'><strong><em>est</em></strong></span> <span class='ocrx_word' id='word_1_748' title='bbox 1639 5033 1984 5090; x_wconf 83' lang='lat' dir='ltr'><strong><em>Dominus&quot;.</em></strong></span> 
     </span>
    </p>
   </div>
   <div class='ocr_carea' id='block_1_98' title="bbox 396 5123 1989 5198">
    <p class='ocr_par' dir='ltr' id='par_1_98' title="bbox 396 5123 1989 5198">
     <span class='ocr_line' id='line_1_98' title="bbox 396 5123 1989 5198; baseline -0.002 -15"><span class='ocrx_word' id='word_1_749' title='bbox 396 5128 681 5198; x_wconf 79' lang='lat' dir='ltr'><strong><em>Sapientia</em></strong></span> <span class='ocrx_word' id='word_1_750' title='bbox 723 5135 872 5182; x_wconf 88' lang='lat' dir='ltr'><strong><em>totus</em></strong></span> <span class='ocrx_word' id='word_1_751' title='bbox 909 5134 989 5181; x_wconf 90' lang='lat' dir='ltr'><strong><em>est</em></strong></span> <span class='ocrx_word' id='word_1_752' title='bbox 1027 5123 1190 5180; x_wconf 88' lang='lat' dir='ltr'><strong><em>Deus.</em></strong></span> <span class='ocrx_word' id='word_1_753' title='bbox 1225 5124 1394 5196; x_wconf 81' lang='lat' dir='ltr'><strong><em>Igitur</em></strong></span> <span class='ocrx_word' id='word_1_754' title='bbox 1425 5126 1692 5197; x_wconf 73' lang='lat' dir='ltr'><strong><em>sapientia</em></strong></span> <span class='ocrx_word' id='word_1_755' title='bbox 1727 5135 1867 5182; x_wconf 89' lang='lat' dir='ltr'><strong><em>este</em></strong></span> <span class='ocrx_word' id='word_1_756' title='bbox 1901 5142 1989 5182; x_wconf 88' lang='lat' dir='ltr'><strong><em>sa-</em></strong></span> 
     </span>
    </p>
   </div>
   <div class='ocr_carea' id='block_1_99' title="bbox 395 5215 1984 5291">
    <p class='ocr_par' dir='ltr' id='par_1_99' title="bbox 395 5215 1984 5291">
     <span class='ocr_line' id='line_1_99' title="bbox 395 5215 1984 5291; baseline -0.002 -18"><span class='ocrx_word' id='word_1_757' title='bbox 395 5221 605 5291; x_wconf 69' lang='lat' dir='ltr'><strong><em>pientia</em></strong></span> <span class='ocrx_word' id='word_1_758' title='bbox 637 5217 829 5283; x_wconf 84' lang='lat' dir='ltr'><strong><em>Filius,</em></strong></span> <span class='ocrx_word' id='word_1_759' title='bbox 866 5218 920 5270; x_wconf 89' lang='lat' dir='ltr'><strong><em>in</em></strong></span> <span class='ocrx_word' id='word_1_760' title='bbox 944 5233 1044 5288; x_wconf 83' lang='lat' dir='ltr'><strong><em>quo</em></strong></span> <span class='ocrx_word' id='word_1_761' title='bbox 1085 5217 1359 5285; x_wconf 76' lang='lat' dir='ltr'><strong><em>sapientia:</em></strong></span> <span class='ocrx_word' id='word_1_762' title='bbox 1391 5215 1625 5269; x_wconf 88' lang='lat' dir='ltr'><strong><em>tltesauri</em></strong></span> <span class='ocrx_word' id='word_1_763' title='bbox 1655 5226 1775 5270; x_wconf 82' lang='lat' dir='ltr'><strong><em>sunt</em></strong></span> <span class='ocrx_word' id='word_1_764' title='bbox 1806 5233 1984 5270; x_wconf 90' lang='lat' dir='ltr'><strong><em>omnes</em></strong></span> 
     </span>
    </p>
   </div>
   <div class='ocr_carea' id='block_1_100' title="bbox 395 5307 1982 5378">
    <p class='ocr_par' dir='ltr' id='par_1_100' title="bbox 395 5307 1982 5378">
     <span class='ocr_line' id='line_1_100' title="bbox 395 5307 1982 5378; baseline -0.003 -14"><span class='ocrx_word' id='word_1_765' title='bbox 395 5312 660 5366; x_wconf 74' lang='lat' dir='ltr'><strong><em>reconditi</em></strong></span> <span class='ocrx_word' id='word_1_766' title='bbox 686 5313 750 5365; x_wconf 81' lang='grc'><strong><em>¹³.</em></strong></span> <span class='ocrx_word' id='word_1_767' title='bbox 771 5309 894 5365; x_wconf 67' lang='lat' dir='ltr'><strong><em>&#39;v&#39;ita</em></strong></span> <span class='ocrx_word' id='word_1_768' title='bbox 927 5318 1074 5364; x_wconf 90' lang='lat' dir='ltr'><strong><em>totus</em></strong></span> <span class='ocrx_word' id='word_1_769' title='bbox 1105 5317 1189 5364; x_wconf 87' lang='lat' dir='ltr'><strong><em>est</em></strong></span> <span class='ocrx_word' id='word_1_770' title='bbox 1217 5307 1378 5364; x_wconf 86' lang='lat' dir='ltr'><strong><em>Deus.</em></strong></span> <span class='ocrx_word' id='word_1_771' title='bbox 1407 5307 1547 5378; x_wconf 80' lang='lat' dir='ltr'><strong><em>Ergo</em></strong></span> <span class='ocrx_word' id='word_1_772' title='bbox 1571 5310 1680 5362; x_wconf 82' lang='lat' dir='ltr'><strong><em>vita</em></strong></span> <span class='ocrx_word' id='word_1_773' title='bbox 1712 5315 1849 5362; x_wconf 88' lang='lat' dir='ltr'><strong><em>este</em></strong></span> <span class='ocrx_word' id='word_1_774' title='bbox 1872 5308 1982 5360; x_wconf 83' lang='lat' dir='ltr'><strong><em>vita</em></strong></span> 
     </span>
    </p>
   </div>
   <div class='ocr_carea' id='block_1_101' title="bbox 397 5399 1982 5474">
    <p class='ocr_par' dir='ltr' id='par_1_101' title="bbox 397 5399 1982 5474">
     <span class='ocr_line' id='line_1_101' title="bbox 397 5399 1982 5474; baseline -0.003 -19"><span class='ocrx_word' id='word_1_775' title='bbox 397 5400 592 5458; x_wconf 70' lang='lat' dir='ltr'><strong><em>Filius.</em></strong></span> <span class='ocrx_word' id='word_1_776' title='bbox 631 5401 741 5474; x_wconf 85' lang='lat' dir='ltr'><strong><em>Ego</em></strong></span> <span class='ocrx_word' id='word_1_777' title='bbox 768 5403 905 5457; x_wconf 79' lang='lat' dir='ltr'><strong><em>enim</em></strong></span> <span class='ocrx_word' id='word_1_778' title='bbox 940 5418 1056 5455; x_wconf 86' lang='lat' dir='ltr'><strong><em>sum</em></strong></span> <span class='ocrx_word' id='word_1_779' title='bbox 1079 5442 1092 5466; x_wconf 93' lang='lat'><strong><em>,</em></strong></span> <span class='ocrx_word' id='word_1_780' title='bbox 1127 5403 1324 5472; x_wconf 87' lang='lat' dir='ltr'><strong><em>inquit,</em></strong></span> <span class='ocrx_word' id='word_1_781' title='bbox 1357 5402 1572 5465; x_wconf 81' lang='lat' dir='ltr'><strong><em>ver-itas,</em></strong></span> <span class='ocrx_word' id='word_1_782' title='bbox 1605 5410 1652 5453; x_wconf 87' lang='lat' dir='ltr'><strong><em>et</em></strong></span> <span class='ocrx_word' id='word_1_783' title='bbox 1689 5401 1795 5454; x_wconf 80' lang='lat' dir='ltr'><strong><em>vita</em></strong></span> <span class='ocrx_word' id='word_1_784' title='bbox 1821 5399 1884 5451; x_wconf 69' lang='lat'><strong><em>‘9.</em></strong></span> <span class='ocrx_word' id='word_1_785' title='bbox 1915 5402 1982 5451; x_wconf 65' lang='lat' dir='ltr'><strong><em>At</em></strong></span> 
     </span>
    </p>
   </div>
   <div class='ocr_carea' id='block_1_102' title="bbox 471 5556 1442 5618">
    <p class='ocr_par' dir='ltr' id='par_1_102' title="bbox 471 5556 1442 5618">
     <span class='ocr_line' id='line_1_102' title="bbox 471 5556 1442 5618; baseline -0.002 -9"><span class='ocrx_word' id='word_1_786' title='bbox 471 5557 491 5590; x_wconf 82' lang='grc'>¹</span> <span class='ocrx_word' id='word_1_787' title='bbox 532 5556 718 5612; x_wconf 84' lang='lat' dir='ltr'><strong><em>ITim.</em></strong></span> <span class='ocrx_word' id='word_1_788' title='bbox 752 5575 832 5613; x_wconf 86' lang='grc' dir='ltr'><em>ιιι.</em></span> <span class='ocrx_word' id='word_1_789' title='bbox 864 5557 948 5612; x_wconf 80' lang='grc'><em>16.</em></span> <span class='ocrx_word' id='word_1_790' title='bbox 1026 5560 1046 5589; x_wconf 83' lang='grc'>²</span> <span class='ocrx_word' id='word_1_791' title='bbox 1088 5557 1245 5612; x_wconf 79' lang='lat' dir='ltr'><strong><em>Rom.</em></strong></span> <span class='ocrx_word' id='word_1_792' title='bbox 1284 5574 1358 5618; x_wconf 65' lang='grc' dir='ltr'><strong><em>ιτ,</em></strong></span> <span class='ocrx_word' id='word_1_793' title='bbox 1392 5556 1442 5608; x_wconf 74' lang='grc'><em>5.</em></span> 
     </span>
    </p>
   </div>
   <div class='ocr_carea' id='block_1_103' title="bbox 1519 5554 2346 5611">
    <p class='ocr_par' dir='ltr' id='par_1_103' title="bbox 1519 5554 2346 5611">
     <span class='ocr_line' id='line_1_103' title="bbox 1519 5554 2346 5611; baseline 0.005 -4"><span class='ocrx_word' id='word_1_794' title='bbox 1519 5557 1539 5588; x_wconf 84' lang='grc'>³</span> <span class='ocrx_word' id='word_1_795' title='bbox 1575 5556 1697 5608; x_wconf 73' lang='lat' dir='ltr'><strong><em>Aet.</em></strong></span> <span class='ocrx_word' id='word_1_796' title='bbox 1728 5571 1838 5610; x_wconf 77' lang='lat' dir='ltr'><strong><em>xvt.</em></strong></span> <span class='ocrx_word' id='word_1_797' title='bbox 1867 5555 1954 5608; x_wconf 70' lang='lat'><strong><em>52.</em></strong></span> <span class='ocrx_word' id='word_1_798' title='bbox 2033 5554 2056 5587; x_wconf 78' lang='lat'><strong>&quot;</strong></span> <span class='ocrx_word' id='word_1_799' title='bbox 2093 5556 2222 5610; x_wconf 77' lang='lat' dir='ltr'><strong><em>ibid.</em></strong></span> <span class='ocrx_word' id='word_1_800' title='bbox 2259 5556 2346 5611; x_wconf 73' lang='lat' dir='ltr'><strong><em>5i.</em></strong></span> 
     </span>
    </p>
   </div>
   <div class='ocr_carea' id='block_1_104' title="bbox 2095 4573 3669 4650">
    <p class='ocr_par' dir='ltr' id='par_1_104' title="bbox 2095 4573 3669 4650">
     <span class='ocr_line' id='line_1_104' title="bbox 2095 4573 3669 4650; baseline 0.003 -24"><span class='ocrx_word' id='word_1_801' title='bbox 2095 4573 2353 4643; x_wconf 84' lang='grc' dir='ltr'><em>Χριστοῦ.</em></span> <span class='ocrx_word' id='word_1_802' title='bbox 2379 4573 2502 4625; x_wconf 78' lang='lat' dir='ltr'><strong><em>Ti“</em></strong></span> <span class='ocrx_word' id='word_1_803' title='bbox 2537 4573 2714 4626; x_wconf 84' lang='grc' dir='ltr'><em>τοίνυν</em></span> <span class='ocrx_word' id='word_1_804' title='bbox 2749 4573 2881 4639; x_wconf 84' lang='grc' dir='ltr'><em>Θεὸς</em></span> <span class='ocrx_word' id='word_1_805' title='bbox 2905 4579 3130 4643; x_wconf 76' lang='grc' dir='ltr'><em>νοεῖται,</em></span> <span class='ocrx_word' id='word_1_806' title='bbox 3160 4579 3255 4631; x_wconf 73' lang='grc' dir='ltr'><strong><em>καὶ</em></strong></span> <span class='ocrx_word' id='word_1_807' title='bbox 3283 4578 3495 4650; x_wconf 74' lang='grc' dir='ltr'><em>Πατὴρ,</em></span> <span class='ocrx_word' id='word_1_808' title='bbox 3541 4577 3669 4646; x_wconf 71' lang='grc' dir='ltr'><em>φῶς,</em></span> 
     </span>
    </p>
   </div>
   <div class='ocr_carea' id='block_1_105' title="bbox 2095 4666 3673 4742">
    <p class='ocr_par' dir='ltr' id='par_1_105' title="bbox 2095 4666 3673 4742">
     <span class='ocr_line' id='line_1_105' title="bbox 2095 4666 3673 4742; baseline 0.003 -22"><span class='ocrx_word' id='word_1_809' title='bbox 2095 4667 2210 4720; x_wconf 77' lang='grc' dir='ltr'><strong><em>ἀλλ’</em></strong></span> <span class='ocrx_word' id='word_1_810' title='bbox 2261 4667 2337 4732; x_wconf 83' lang='grc' dir='ltr'><em>ὡς</em></span> <span class='ocrx_word' id='word_1_811' title='bbox 2393 4666 2813 4741; x_wconf 78' lang='grc' dir='ltr'><em>ὑπέρλαμπρον,</em></span> <span class='ocrx_word' id='word_1_812' title='bbox 2865 4669 3114 4742; x_wconf 75' lang='grc' dir='ltr'><em>δύναμις,</em></span> <span class='ocrx_word' id='word_1_813' title='bbox 3160 4672 3318 4740; x_wconf 79' lang='grc' dir='ltr'><em>σοφία</em></span> <span class='ocrx_word' id='word_1_814' title='bbox 3376 4673 3438 4724; x_wconf 79' lang='grc' dir='ltr'><strong><em>ΕΞ</em></strong></span> <span class='ocrx_word' id='word_1_815' title='bbox 3478 4672 3534 4724; x_wconf 70' lang='grc' dir='ltr'><em>δὶ</em></span> <span class='ocrx_word' id='word_1_816' title='bbox 3564 4671 3673 4738; x_wconf 67' lang='grc' dir='ltr'><strong><em>φῶς</em></strong></span> 
     </span>
    </p>
   </div>
   <div class='ocr_carea' id='block_1_106' title="bbox 2094 4759 3673 4832">
    <p class='ocr_par' dir='ltr' id='par_1_106' title="bbox 2094 4759 3673 4832">
     <span class='ocr_line' id='line_1_106' title="bbox 2094 4759 3673 4832; baseline 0.001 -19"><span class='ocrx_word' id='word_1_817' title='bbox 2094 4760 2122 4813; x_wconf 84' lang='grc' dir='ltr'><strong>ὁ</strong></span> <span class='ocrx_word' id='word_1_818' title='bbox 2147 4759 2278 4823; x_wconf 80' lang='grc' dir='ltr'><em>Θεὸς</em></span> <span class='ocrx_word' id='word_1_819' title='bbox 2312 4760 2405 4813; x_wconf 71' lang='grc' dir='ltr'><strong><em>καὶ</em></strong></span> <span class='ocrx_word' id='word_1_820' title='bbox 2461 4761 2674 4832; x_wconf 79' lang='grc' dir='ltr'><em>Πατὴρ,</em></span> <span class='ocrx_word' id='word_1_821' title='bbox 2711 4761 2827 4831; x_wconf 80' lang='grc' dir='ltr'><strong><em>φῶς</em></strong></span> <span class='ocrx_word' id='word_1_822' title='bbox 2872 4763 2936 4815; x_wconf 83' lang='grc' dir='ltr'><strong><em>ὲκ</em></strong></span> <span class='ocrx_word' id='word_1_823' title='bbox 2983 4762 3160 4831; x_wconf 74' lang='grc' dir='ltr'><em>φωτὸς</em></span> <span class='ocrx_word' id='word_1_824' title='bbox 3202 4765 3231 4815; x_wconf 85' lang='grc' dir='ltr'>ὁ</span> <span class='ocrx_word' id='word_1_825' title='bbox 3277 4763 3437 4827; x_wconf 71' lang='grc' dir='ltr'><em>Υἱός*</em></span> <span class='ocrx_word' id='word_1_826' title='bbox 3469 4765 3563 4817; x_wconf 70' lang='grc' dir='ltr'><strong><em>καὶ</em></strong></span> <span class='ocrx_word' id='word_1_827' title='bbox 3591 4761 3673 4816; x_wconf 70' lang='grc' dir='ltr'><em>διὰ</em></span> 
     </span>
    </p>
   </div>
   <div class='ocr_carea' id='block_1_107' title="bbox 2094 4850 3673 4925">
    <p class='ocr_par' dir='ltr' id='par_1_107' title="bbox 2094 4850 3673 4925">
     <span class='ocr_line' id='line_1_107' title="bbox 2094 4850 3673 4925; baseline 0.001 -20"><span class='ocrx_word' id='word_1_828' title='bbox 2094 4851 2254 4905; x_wconf 85' lang='grc' dir='ltr'><em>τοῦτο</em></span> <span class='ocrx_word' id='word_1_829' title='bbox 2291 4850 2417 4921; x_wconf 65' lang='grc' dir='ltr'><em>φῶς</em></span> <span class='ocrx_word' id='word_1_830' title='bbox 2449 4852 2628 4906; x_wconf 83' lang='grc' dir='ltr'><em>οικῶν</em></span> <span class='ocrx_word' id='word_1_831' title='bbox 2660 4853 2727 4906; x_wconf 84' lang='grc' dir='ltr'><em>τὸ</em></span> <span class='ocrx_word' id='word_1_832' title='bbox 2757 4855 3109 4921; x_wconf 82' lang='grc' dir='ltr'><em>ἀπρόσιτον.</em></span> <span class='ocrx_word' id='word_1_833' title='bbox 3134 4853 3374 4925; x_wconf 81' lang='grc' dir='ltr'><em>Δύναμις</em></span> <span class='ocrx_word' id='word_1_834' title='bbox 3410 4853 3465 4908; x_wconf 74' lang='grc' dir='ltr'><em>δὲ</em></span> <span class='ocrx_word' id='word_1_835' title='bbox 3490 4854 3608 4917; x_wconf 74' lang='grc' dir='ltr'><em>ὅλος</em></span> <span class='ocrx_word' id='word_1_836' title='bbox 3648 4854 3673 4906; x_wconf 85' lang='grc' dir='ltr'><strong>ὀ</strong></span> 
     </span>
    </p>
   </div>
   <div class='ocr_carea' id='block_1_108' title="bbox 2091 4943 3674 5018">
    <p class='ocr_par' dir='ltr' id='par_1_108' title="bbox 2091 4943 3674 5018">
     <span class='ocr_line' id='line_1_108' title="bbox 2091 4943 3674 5018; baseline -0.001 -20"><span class='ocrx_word' id='word_1_837' title='bbox 2091 4943 2246 5008; x_wconf 72' lang='grc' dir='ltr'><em>Θεὸς,</em></span> <span class='ocrx_word' id='word_1_838' title='bbox 2292 4945 2385 4997; x_wconf 72' lang='grc' dir='ltr'><strong><em>καὶ</em></strong></span> <span class='ocrx_word' id='word_1_839' title='bbox 2410 4943 2498 4998; x_wconf 84' lang='grc' dir='ltr'><em>διὰ</em></span> <span class='ocrx_word' id='word_1_840' title='bbox 2537 4944 2696 4998; x_wconf 82' lang='grc' dir='ltr'><em>τοῦτο</em></span> <span class='ocrx_word' id='word_1_841' title='bbox 2744 4944 2947 5018; x_wconf 78' lang='grc' dir='ltr'><em>Κύριος</em></span> <span class='ocrx_word' id='word_1_842' title='bbox 2983 4944 3102 4998; x_wconf 81' lang='grc' dir='ltr'><strong><em>τῶν</em></strong></span> <span class='ocrx_word' id='word_1_843' title='bbox 3140 4943 3474 5015; x_wconf 79' lang='grc' dir='ltr'><em>δυνάμεων.</em></span> <span class='ocrx_word' id='word_1_844' title='bbox 3512 4944 3674 5013; x_wconf 64' lang='grc' dir='ltr'><em>Σοφία</em></span> 
     </span>
    </p>
   </div>
   <div class='ocr_carea' id='block_1_109' title="bbox 2095 5028 3673 5106">
    <p class='ocr_par' dir='ltr' id='par_1_109' title="bbox 2095 5028 3673 5106">
     <span class='ocr_line' id='line_1_109' title="bbox 2095 5028 3673 5106; baseline 0.001 -18"><span class='ocrx_word' id='word_1_845' title='bbox 2095 5034 2214 5098; x_wconf 80' lang='grc' dir='ltr'><em>ὅ).ος</em></span> <span class='ocrx_word' id='word_1_846' title='bbox 2261 5037 2291 5087; x_wconf 84' lang='grc' dir='ltr'>ὁ</span> <span class='ocrx_word' id='word_1_847' title='bbox 2338 5035 2488 5098; x_wconf 80' lang='grc' dir='ltr'><em>Θεός·</em></span> <span class='ocrx_word' id='word_1_848' title='bbox 2543 5036 2738 5089; x_wconf 78' lang='grc' dir='ltr'><em>οὐκοῦν</em></span> <span class='ocrx_word' id='word_1_849' title='bbox 2784 5037 2944 5105; x_wconf 75' lang='grc' dir='ltr'><em>σοφία</em></span> <span class='ocrx_word' id='word_1_850' title='bbox 2973 5038 3000 5089; x_wconf 84' lang='grc' dir='ltr'>ὁ</span> <span class='ocrx_word' id='word_1_851' title='bbox 3030 5036 3155 5100; x_wconf 76' lang='grc' dir='ltr'>Υἱὸς</span> <span class='ocrx_word' id='word_1_852' title='bbox 3199 5038 3264 5089; x_wconf 77' lang='grc' dir='ltr'><strong><em>ὲκ</em></strong></span> <span class='ocrx_word' id='word_1_853' title='bbox 3298 5037 3512 5106; x_wconf 60' lang='grc' dir='ltr'><em>σοφίας,</em></span> <span class='ocrx_word' id='word_1_854' title='bbox 3546 5028 3673 5100; x_wconf 80' lang='grc' dir='ltr'><strong><em>ἑνῷ</em></strong></span> 
     </span>
    </p>
   </div>
   <div class='ocr_carea' id='block_1_110' title="bbox 2095 5126 3671 5200">
    <p class='ocr_par' dir='ltr' id='par_1_110' title="bbox 2095 5126 3671 5200">
     <span class='ocr_line' id='line_1_110' title="bbox 2095 5126 3671 5200; baseline 0.001 -21"><span class='ocrx_word' id='word_1_855' title='bbox 2095 5126 2318 5190; x_wconf 80' lang='grc' dir='ltr'><em>πάντες</em></span> <span class='ocrx_word' id='word_1_856' title='bbox 2349 5129 2403 5179; x_wconf 78' lang='grc' dir='ltr'><strong><em>οἱ</em></strong></span> <span class='ocrx_word' id='word_1_857' title='bbox 2442 5129 2733 5196; x_wconf 70' lang='lat' dir='ltr'><strong><em>(intra-opai</em></strong></span> <span class='ocrx_word' id='word_1_858' title='bbox 2769 5127 2878 5196; x_wconf 84' lang='grc' dir='ltr'><em>τῆς</em></span> <span class='ocrx_word' id='word_1_859' title='bbox 2907 5130 3130 5199; x_wconf 62' lang='grc' dir='ltr'><em>σοφίας</em></span> <span class='ocrx_word' id='word_1_860' title='bbox 3155 5129 3517 5197; x_wconf 65' lang='grc' dir='ltr'><em>ἀπόκρυφοι.</em></span> <span class='ocrx_word' id='word_1_861' title='bbox 3561 5128 3671 5200; x_wconf 67' lang='lat' dir='ltr'><strong><em>lori}</em></strong></span> 
     </span>
    </p>
   </div>
   <div class='ocr_carea' id='block_1_111' title="bbox 2095 5216 3672 5290">
    <p class='ocr_par' dir='ltr' id='par_1_111' title="bbox 2095 5216 3672 5290">
     <span class='ocr_line' id='line_1_111' title="bbox 2095 5216 3672 5290; baseline 0.002 -22"><span class='ocrx_word' id='word_1_862' title='bbox 2095 5216 2150 5269; x_wconf 78' lang='grc' dir='ltr'><em>δὲ</em></span> <span class='ocrx_word' id='word_1_863' title='bbox 2184 5217 2304 5280; x_wconf 78' lang='grc' dir='ltr'><em>ὃ).ος</em></span> <span class='ocrx_word' id='word_1_864' title='bbox 2362 5219 2390 5270; x_wconf 84' lang='grc' dir='ltr'>ὁ</span> <span class='ocrx_word' id='word_1_865' title='bbox 2438 5217 2600 5281; x_wconf 72' lang='grc' dir='ltr'><em>Θεόςο</em></span> <span class='ocrx_word' id='word_1_866' title='bbox 2635 5217 2832 5272; x_wconf 77' lang='grc' dir='ltr'><em>οὐκοῦν</em></span> <span class='ocrx_word' id='word_1_867' title='bbox 2862 5216 2976 5290; x_wconf 77' lang='grc' dir='ltr'><strong><em>ζωὴ</em></strong></span> <span class='ocrx_word' id='word_1_868' title='bbox 3017 5222 3079 5273; x_wconf 80' lang='grc' dir='ltr'>ἐκ</span> <span class='ocrx_word' id='word_1_869' title='bbox 3110 5219 3257 5290; x_wconf 81' lang='grc' dir='ltr'><em>ζωῆς</em></span> <span class='ocrx_word' id='word_1_870' title='bbox 3278 5220 3306 5272; x_wconf 90' lang='grc' dir='ltr'>ὀ</span> <span class='ocrx_word' id='word_1_871' title='bbox 3341 5219 3496 5283; x_wconf 77' lang='grc' dir='ltr'><em>Υἱός·</em></span> <span class='ocrx_word' id='word_1_872' title='bbox 3541 5217 3672 5288; x_wconf 79' lang='grc' dir='ltr'><strong><em>Ἐγὼ</em></strong></span> 
     </span>
    </p>
   </div>
   <div class='ocr_carea' id='block_1_112' title="bbox 2091 5307 3670 5382">
    <p class='ocr_par' dir='ltr' id='par_1_112' title="bbox 2091 5307 3670 5382">
     <span class='ocr_line' id='line_1_112' title="bbox 2091 5307 3670 5382; baseline 0.003 -22"><span class='ocrx_word' id='word_1_873' title='bbox 2091 5307 2199 5376; x_wconf 76' lang='grc' dir='ltr'><em>’γάρ</em></span> <span class='ocrx_word' id='word_1_874' title='bbox 2230 5309 2345 5377; x_wconf 80' lang='grc' dir='ltr'><em>ειμι</em></span> <span class='ocrx_word' id='word_1_875' title='bbox 2367 5307 2405 5375; x_wconf 75' lang='grc' dir='ltr'><strong><em>ἡ</em></strong></span> <span class='ocrx_word' id='word_1_876' title='bbox 2439 5308 2692 5374; x_wconf 68' lang='grc' dir='ltr'><em>ἀλήθεια</em></span> <span class='ocrx_word' id='word_1_877' title='bbox 2728 5311 2825 5364; x_wconf 72' lang='grc' dir='ltr'><em>καὶ</em></span> <span class='ocrx_word' id='word_1_878' title='bbox 2857 5313 2894 5379; x_wconf 71' lang='grc' dir='ltr'><em>τι</em></span> <span class='ocrx_word' id='word_1_879' title='bbox 2923 5310 3057 5378; x_wconf 75' lang='grc' dir='ltr'><em>ζωή.</em></span> <span class='ocrx_word' id='word_1_880' title='bbox 3082 5312 3155 5365; x_wconf 79' lang='grc' dir='ltr'><em>Τδ</em></span> <span class='ocrx_word' id='word_1_881' title='bbox 3184 5312 3240 5365; x_wconf 77' lang='grc' dir='ltr'><em>δὲ</em></span> <span class='ocrx_word' id='word_1_882' title='bbox 3273 5313 3428 5381; x_wconf 75' lang='grc' dir='ltr'><em>ἅγιον</em></span> <span class='ocrx_word' id='word_1_883' title='bbox 3457 5314 3670 5382; x_wconf 77' lang='grc' dir='ltr'><em>Πνεῦμα</em></span> 
     </span>
    </p>
   </div>
   <div class='ocr_carea' id='block_1_113' title="bbox 2089 5399 3670 5473">
    <p class='ocr_par' dir='ltr' id='par_1_113' title="bbox 2089 5399 3670 5473">
     <span class='ocr_line' id='line_1_113' title="bbox 2089 5399 3670 5473; baseline 0.003 -24"><span class='ocrx_word' id='word_1_884' title='bbox 2089 5400 2218 5468; x_wconf 75' lang='grc' dir='ltr'><em>παρ’</em></span> <span class='ocrx_word' id='word_1_885' title='bbox 2274 5399 2622 5470; x_wconf 76' lang='grc' dir='ltr'><em>ἀμφοτέρων,</em></span> <span class='ocrx_word' id='word_1_886' title='bbox 2675 5400 2900 5473; x_wconf 84' lang='grc' dir='ltr'><em>Πνεῦμα</em></span> <span class='ocrx_word' id='word_1_887' title='bbox 2951 5403 3016 5455; x_wconf 85' lang='grc' dir='ltr'>ὲκ</span> <span class='ocrx_word' id='word_1_888' title='bbox 3054 5401 3391 5469; x_wconf 79' lang='grc' dir='ltr'><em>Πνεύματος.</em></span> <span class='ocrx_word' id='word_1_889' title='bbox 3438 5403 3670 5472; x_wconf 74' lang='grc' dir='ltr'><em>Πνεῦμα</em></span> 
     </span>
    </p>
   </div>
   <div class='ocr_carea' id='block_1_114' title="bbox 3375 5561 3666 5616">
    <p class='ocr_par' dir='ltr' id='par_1_114' title="bbox 3375 5561 3666 5616">
     <span class='ocr_line' id='line_1_114' title="bbox 3375 5561 3666 5616; baseline 0.007 -2"><span class='ocrx_word' id='word_1_890' title='bbox 3375 5562 3396 5592; x_wconf 79' lang='grc'><strong>⁷</strong></span> <span class='ocrx_word' id='word_1_891' title='bbox 3425 5561 3555 5616; x_wconf 83' lang='lat' dir='ltr'><strong><em>ibid.</em></strong></span> <span class='ocrx_word' id='word_1_892' title='bbox 3590 5561 3666 5616; x_wconf 68' lang='lat'><strong><em>1?.</em></strong></span> 
     </span>
    </p>
   </div>
   <div class='ocr_carea' id='block_1_115' title="bbox 2440 5553 3274 5626">
    <p class='ocr_par' dir='ltr' id='par_1_115' title="bbox 2440 5553 3274 5626">
     <span class='ocr_line' id='line_1_115' title="bbox 2440 5553 3274 5626; baseline 0.007 -17"><span class='ocrx_word' id='word_1_893' title='bbox 2440 5557 2461 5588; x_wconf 82' lang='lat'><strong>&#39;</strong></span> <span class='ocrx_word' id='word_1_894' title='bbox 2498 5553 2656 5612; x_wconf 80' lang='lat' dir='ltr'><strong><em>Joan.</em></strong></span> <span class='ocrx_word' id='word_1_895' title='bbox 2685 5574 2724 5622; x_wconf 92' lang='grc' dir='ltr'><strong><em>ι,</em></strong></span> <span class='ocrx_word' id='word_1_896' title='bbox 2756 5560 2803 5614; x_wconf 90' lang='grc'><strong><em>1.</em></strong></span> <span class='ocrx_word' id='word_1_897' title='bbox 2908 5561 2930 5592; x_wconf 84' lang='grc'><strong><em>⁶</em></strong></span> <span class='ocrx_word' id='word_1_898' title='bbox 2969 5557 3159 5626; x_wconf 85' lang='lat' dir='ltr'><strong><em>Tit.n,</em></strong></span> <span class='ocrx_word' id='word_1_899' title='bbox 3188 5561 3274 5616; x_wconf 80' lang='grc'><em>10.</em></span> 
     </span>
    </p>
   </div>
   <div class='ocr_carea' id='block_1_116' title="bbox 395 5626 1990 5693">
    <p class='ocr_par' dir='ltr' id='par_1_116' title="bbox 395 5626 1983 5692">
     <span class='ocr_line' id='line_1_116' title="bbox 395 5626 1983 5692; baseline -0.003 -10"><span class='ocrx_word' id='word_1_900' title='bbox 395 5626 580 5682; x_wconf 75' lang='lat' dir='ltr'><strong><em>‘ibid.</em></strong></span> <span class='ocrx_word' id='word_1_901' title='bbox 619 5629 700 5682; x_wconf 76' lang='grc'><em>15.</em></span> <span class='ocrx_word' id='word_1_902' title='bbox 777 5633 796 5661; x_wconf 71' lang='grc'><strong>³</strong></span> <span class='ocrx_word' id='word_1_903' title='bbox 837 5629 956 5681; x_wconf 71' lang='lat' dir='ltr'><strong><em>Act.</em></strong></span> <span class='ocrx_word' id='word_1_904' title='bbox 995 5646 1084 5692; x_wconf 73' lang='lat' dir='ltr'><strong><em>xx,</em></strong></span> <span class='ocrx_word' id='word_1_905' title='bbox 1113 5629 1204 5681; x_wconf 54' lang='grc' dir='ltr'><strong><em>ΞΗ.</em></strong></span> <span class='ocrx_word' id='word_1_906' title='bbox 1283 5630 1324 5660; x_wconf 82' lang='grc'><strong><em>¹⁰</em></strong></span> <span class='ocrx_word' id='word_1_907' title='bbox 1370 5626 1550 5681; x_wconf 79' lang='grc' dir='ltr'><em>ΙΤίιιι.</em></span> <span class='ocrx_word' id='word_1_908' title='bbox 1576 5643 1611 5689; x_wconf 92' lang='grc' dir='ltr'><strong><em>ι,</em></strong></span> <span class='ocrx_word' id='word_1_909' title='bbox 1644 5626 1731 5680; x_wconf 67' lang='grc'><em>12.</em></span> <span class='ocrx_word' id='word_1_910' title='bbox 1811 5627 1983 5680; x_wconf 76' lang='lat' dir='ltr'><strong><em>&quot;H’sa</em></strong></span> 
     </span>
    </p>
   </div>
   <div class='ocr_carea' id='block_1_117' title="bbox 2095 5626 3664 5693">
    <p class='ocr_par' dir='ltr' id='par_1_117' title="bbox 2097 5627 3664 5693">
     <span class='ocr_line' id='line_1_117' title="bbox 2097 5627 3664 5693; baseline 0.004 -15"><span class='ocrx_word' id='word_1_911' title='bbox 2097 5627 2308 5690; x_wconf 61' lang='lat' dir='ltr'><strong><em>mni).</em></strong></span> <span class='ocrx_word' id='word_1_912' title='bbox 2389 5629 2432 5658; x_wconf 71' lang='grc' dir='ltr'>η</span> <span class='ocrx_word' id='word_1_913' title='bbox 2473 5627 2610 5683; x_wconf 85' lang='lat' dir='ltr'><strong><em>Joan</em></strong></span> <span class='ocrx_word' id='word_1_914' title='bbox 2646 5645 2718 5693; x_wconf 87' lang='lat' dir='ltr'><strong><em>tv,</em></strong></span> <span class='ocrx_word' id='word_1_915' title='bbox 2747 5629 2838 5685; x_wconf 73' lang='lat' dir='ltr'><strong><em>2t.</em></strong></span> <span class='ocrx_word' id='word_1_916' title='bbox 2917 5630 2960 5662; x_wconf 83' lang='grc'>¹³</span> <span class='ocrx_word' id='word_1_917' title='bbox 3002 5629 3161 5684; x_wconf 81' lang='lat' dir='ltr'><strong><em>Rom.</em></strong></span> <span class='ocrx_word' id='word_1_918' title='bbox 3196 5632 3334 5693; x_wconf 72' lang='lat'><strong><em>1.25</em></strong></span> <span class='ocrx_word' id='word_1_919' title='bbox 3435 5635 3478 5663; x_wconf 71' lang='grc'>¹⁸</span> <span class='ocrx_word' id='word_1_920' title='bbox 3518 5632 3664 5685; x_wconf 73' lang='lat' dir='ltr'><strong><em>Deut.</em></strong></span> 
     </span>
    </p>
   </div>
   <div class='ocr_carea' id='block_1_118' title="bbox 400 5695 1990 5769">
    <p class='ocr_par' dir='ltr' id='par_1_118' title="bbox 400 5695 1990 5769">
     <span class='ocr_line' id='line_1_118' title="bbox 400 5695 1990 5769; baseline -0.001 -17"><span class='ocrx_word' id='word_1_921' title='bbox 400 5713 479 5762; x_wconf 77' lang='lat' dir='ltr'><strong><em>v1,</em></strong></span> <span class='ocrx_word' id='word_1_922' title='bbox 510 5699 564 5753; x_wconf 76' lang='grc' dir='ltr'><strong><em>ι.</em></strong></span> <span class='ocrx_word' id='word_1_923' title='bbox 645 5699 868 5769; x_wconf 72' lang='lat' dir='ltr'><strong><em>&quot;__Psal.</em></strong></span> <span class='ocrx_word' id='word_1_924' title='bbox 907 5714 1070 5762; x_wconf 63' lang='lat' dir='ltr'><strong><em>l.\XV,</em></strong></span> <span class='ocrx_word' id='word_1_925' title='bbox 1112 5700 1194 5753; x_wconf 80' lang='grc'><em>10.</em></span> <span class='ocrx_word' id='word_1_926' title='bbox 1275 5699 1316 5730; x_wconf 72' lang='grc'>¹⁶</span> <span class='ocrx_word' id='word_1_927' title='bbox 1357 5696 1539 5751; x_wconf 76' lang='lat' dir='ltr'><strong><em>l&#39;i&#39;nn.</em></strong></span> <span class='ocrx_word' id='word_1_928' title='bbox 1578 5714 1650 5760; x_wconf 74' lang='lat' dir='ltr'><strong><em>Vl,</em></strong></span> <span class='ocrx_word' id='word_1_929' title='bbox 1689 5695 1765 5749; x_wconf 79' lang='grc' dir='ltr'><strong><em>ιϐ.</em></strong></span> <span class='ocrx_word' id='word_1_930' title='bbox 1848 5698 1889 5728; x_wconf 73' lang='grc'><strong><em>³⁷</em></strong></span> <span class='ocrx_word' id='word_1_931' title='bbox 1931 5695 1990 5751; x_wconf 74' lang='grc' dir='ltr'><strong><em>Ρε</em></strong></span> 
     </span>
    </p>
   </div>
   <div class='ocr_carea' id='block_1_119' title="bbox 2095 5695 2829 5769">
    <p class='ocr_par' dir='ltr' id='par_1_119' title="bbox 2111 5698 2829 5769">
     <span class='ocr_line' id='line_1_119' title="bbox 2111 5698 2829 5769; baseline 0.006 -19"><span class='ocrx_word' id='word_1_932' title='bbox 2111 5712 2262 5764; x_wconf 80' lang='lat' dir='ltr'><strong><em>Lvnt,</em></strong></span> <span class='ocrx_word' id='word_1_933' title='bbox 2303 5698 2358 5752; x_wconf 81' lang='lat'><strong><em>6.</em></strong></span> <span class='ocrx_word' id='word_1_934' title='bbox 2439 5698 2483 5730; x_wconf 88' lang='grc'>¹⁸</span> <span class='ocrx_word' id='word_1_935' title='bbox 2522 5699 2637 5754; x_wconf 79' lang='lat' dir='ltr'><strong><em>Col.</em></strong></span> <span class='ocrx_word' id='word_1_936' title='bbox 2674 5716 2730 5769; x_wconf 87' lang='grc' dir='ltr'><strong><em>ιι,</em></strong></span> <span class='ocrx_word' id='word_1_937' title='bbox 2776 5701 2829 5755; x_wconf 86' lang='grc'><em>5.</em></span> 
     </span>
    </p>
   </div>
   <div class='ocr_carea' id='block_1_120' title="bbox 401 5767 925 5828">
    <p class='ocr_par' dir='ltr' id='par_1_120' title="bbox 401 5767 925 5828">
     <span class='ocr_line' id='line_1_120' title="bbox 401 5767 925 5828; baseline -0.008 -6"><span class='ocrx_word' id='word_1_938' title='bbox 401 5776 540 5828; x_wconf 68' lang='grc' dir='ltr'><em>ἔστι..</em></span> <span class='ocrx_word' id='word_1_939' title='bbox 615 5769 656 5800; x_wconf 77' lang='grc'><strong><em>⁸¹</em></strong></span> <span class='ocrx_word' id='word_1_940' title='bbox 701 5767 925 5822; x_wconf 56' lang='grc' dir='ltr'><em>[Ἔτι.</em></span> 
     </span>
    </p>
   </div>
   <div class='ocr_carea' id='block_1_121' title="bbox 2934 5699 3663 5775">
    <p class='ocr_par' dir='ltr' id='par_1_121' title="bbox 2934 5699 3663 5775">
     <span class='ocr_line' id='line_1_121' title="bbox 2934 5699 3663 5775; baseline 0.001 -19"><span class='ocrx_word' id='word_1_941' title='bbox 2934 5702 2975 5734; x_wconf 79' lang='grc'><strong><em>¹³</em></strong></span> <span class='ocrx_word' id='word_1_942' title='bbox 3014 5699 3171 5758; x_wconf 81' lang='lat' dir='ltr'><strong><em>Joan.</em></strong></span> <span class='ocrx_word' id='word_1_943' title='bbox 3206 5717 3317 5767; x_wconf 76' lang='lat' dir='ltr'><strong><em>xiv,</em></strong></span> <span class='ocrx_word' id='word_1_944' title='bbox 3349 5701 3404 5758; x_wconf 88' lang='lat'><strong><em>6.</em></strong></span> <span class='ocrx_word' id='word_1_945' title='bbox 3496 5703 3541 5735; x_wconf 80' lang='lat'>“</span> <span class='ocrx_word' id='word_1_946' title='bbox 3580 5719 3663 5775; x_wconf 65' lang='grc' dir='ltr'><em>πρ.</em></span> 
     </span>
    </p>
   </div>
  </div>
