3990 6228
298 381 401 445 489

894 372 1258 431 ADVERSUS
1298 369 1633 430 "IERESES
1670 374 1798 430 LIB.
1843 372 1931 426 III.
1968 370 2587 427 TOM.I.——II1ERES.
2628 369 2859 425 LXXIV.

3426 368 3532 425 490

297 493 403 563 γὰρ
436 495 468 545 ό
497 492 661 557 Θεὸς,
720 489 930 559 θεότης.
974 488 1324 559 χαρισμάτων
1371 489 1486 541 ἐστὶ
1512 488 1697 559 δοτὴρ,
1735 487 1867 557 ἀλη-

1980 485 2208 553 Spiritus
2238 492 2461 539 sanctus
2490 484 2558 539 ab
2586 484 2849 538 ambobus
2869 482 3063 548 oritur,
3096 482 3329 553 Spiritus
3351 500 3381 540 e
3411 485 3530 555 Spi-

293 585 566 644 θέστατον,
606 580 960 651 φωτιστικδν,
1009 579 1437 650 παρακλητικὸν,
1486 578 1868 648 βουλευμάτων

290 674 385 726 τοῦ
441 675 653 745 Πατρὸς
699 670 1039 741 ἀγγελτικόν.
1086 671 1173 734 Ὠς
1232 670 1340 741 γὰρ
1383 673 1411 723 ὁ
1442 670 1566 734 Υἱὸς
1624 671 1869 740 μεγάλης

295 765 491 833 βουλῆς
531 764 761 831 ἅγγελος
788 803 802 825 ,
846 760 989 814 οὕτω
1037 762 1131 813 καὶ
1188 761 1248 813 τὸ
1314 759 1535 829 Πνεῦμα
1581 760 1643 812 τὸ
1690 760 1863 827 ἆγιον.

306 859 455 909 Ἀλλ’
481 856 792 923 ἐλάϐομεν,
834 854 987 922 φησὶ,
1024 853 1265 919 Πνεῦμα
1300 852 1466 914 Θεοῦ,
1513 853 1612 904 ἵνα
1651 853 1871 919 ἴδωμεν

290 945 365 998 τὰ
406 943 771 1013 χαρισθέντα
802 943 947 1010 ἡμῖν
978 943 1093 996 ὑπὸ
1125 942 1291 1005 θεοῦ,
1326 943 1364 994 ἃ
1408 943 1502 994 καὶ
1538 942 1867 1010 λαλοῦμεν,

287 1037 402 1089 οὐκ
425 1036 494 1086 ὲν
526 1034 750 1100 πειθοῖς
785 1036 799 1065 ¹
836 1036 1057 1102 σοφίας
1100 1034 1324 1100 λόγοις,
1355 1034 1491 1087 ἀλλ’
1528 1035 1597 1085 ἐν
1629 1032 1871 1087 ἀποδεί-

290 1124 383 1189 ξει
424 1127 767 1194 Πνεύματος
815 1126 987 1189 Θεοῦ,
1031 1124 1451 1193 πνευματικοῖς
1500 1123 1870 1193 πνευματικὰ

290 1230 406 1285 συγ
417 1220 747 1284 κρίνοντες.

363 1416 445 1467 H'.
491 1415 628 1467 Ἀλλ’
650 1416 763 1485 ὲρεί
788 1433 870 1479 τις
895 1432 909 1447 ·
948 1414 1156 1469 Οὐκοῦν
1180 1432 1358 1483 φαμεν
1386 1413 1478 1468 δύο
1510 1408 1645 1467 εἶναι
1685 1414 1866 1477 Υίούς.

290 1505 405 1559 Καὶ
438 1505 553 1568 πῶς
577 1506 921 1576 Μονογενήςς
958 1506 1264 1576 Μενοῦνγε,
1318 1507 1401 1559 Σὺ
1427 1507 1519 1573 τίς
1552 1503 1613 1561 εἴ
1632 1510 1665 1561 ό
1703 1509 1869 1563 ἀντι-

288 1597 671 1667 λογιζόμενος
698 1596 779 1662 τῷ
833 1597 989 1662 Θεῷ;
1048 1599 1111 1651 El.
1154 1600 1265 1668 γὰρ
1298 1599 1388 1653 τὸν
1432 1599 1529 1669 μὲν
1552 1599 1681 1654 Υἱὸν
1714 1603 1873 1654 καλεῖ

288 1688 384 1739 τὸν
409 1688 467 1753 ἐξ
496 1687 682 1750 αὐτοῦ,
704 1688 765 1740 τὸ
788 1688 842 1740 δὲ
866 1690 1017 1756 ἆγιον
1035 1689 1258 1759 Πνεῦμα
1280 1690 1341 1741 τὸ
1361 1690 1489 1761 παρ’
1518 1691 1868 1763 ἀμφοτέρων,

296 1780 455 1848 μόνον
490 1778 670 1832 πίστει
701 1779 964 1849 νοούμενα
992 1780 1095 1833 ὑπὸ
1127 1781 1235 1833 τῶν
1252 1781 1439 1849 ἁγίων,
1480 1783 1735 1851 φωτεινὰ,
1766 1800 1868 1852 φω-

1974 578 2126 630 ritu.‘
2159 576 2388 644 Spiritus
2413 576 2598 645 quippe
2627 574 2765 629 Deus
2795 577 2938 643 est”;
2976 575 3115 631 idem
3147 584 3200 631 et
3229 578 3532 632 caelestium

1969 667 2236 720 donorum
2269 665 2493 735 largitor
2521 672 2638 727 est,
2675 663 3013 727 verissimus,
3044 665 3181 720 lucis
3224 663 3534 718 ellicaeissi-

1972 772 2114 818 mus.
2150 757 2484 819 consolator,
2526 755 2880 809 consiliorum
2924 754 3101 811 Patris
3156 756 3425 824 interpres
3468 770 3531 809 ac

1972 845 2367 900 nuntius.Nam
2400 857 2458 899 ut
2508 844 2677 899 Filius
2712 847 2889 916 magni
2915 848 3125 901 consilii
3148 850 3371 917 angelus
3391 857 3473 902 cst
3491 848 3531 911 ³,

1972 936 2045 989 ita
2082 938 2319 1006 Spiritus
2358 948 2602 992 sanctus.
2647 936 2746 989 Sed
2797 940 3107 1005 accepimus,
3138 940 3333 1007 inquit,
3373 940 3538 1007 Spiri-

1972 1036 2080 1080 tum
2112 1027 2231 1091 Dei,
2261 1028 2428 1099 896
2458 1038 2515 1081 ut
2542 1028 2809 1082 videamus
2835 1045 2951 1098 qua:
2981 1046 3013 1080 a
3052 1028 3159 1082 Deo
3186 1031 3384 1083 donata
3414 1041 3534 1084 sunt

1972 1121 2151 1183 nobis,
2182 1136 2298 1190 qua:
2341 1130 2389 1173 et
2421 1121 2703 1189 loquimur,
2737 1138 2839 1173 non
2873 1119 3082 1173 blandis
3113 1122 3383 1189 sapientia:
3422 1121 3541 1175 ser:

1972 1210 2212 1265 monibus
2238 1252 2253 1277 ,
2285 1211 2375 1265 sed
2424 1212 2731 1279 probatione
2769 1211 2996 1281 Spiritus
3033 1211 3161 1278 Dei,
3211 1213 3538 1280 spiritalibus

1971 1303 2241 1369 spiritalia
2269 1313 2632 1372 comparantes
2657 1303 2696 1357 ‘.

2044 1414 2177 1468 VIII.
2222 1415 2378 1471 Dicat
2406 1416 2605 1486 aliquis
2639 1435 2652 1471 :
2688 1416 2834 1472 Duos
2863 1432 2992 1487 ergo
3030 1415 3197 1472 Filios
3226 1417 3536 1474 statuimus.

1972 1506 2126 1572 Quod
2162 1508 2207 1563 si
2240 1510 2312 1561 ita
2354 1516 2470 1573 est,
2509 1511 2599 1578 qui
2635 1510 2852 1563 tandem
2898 1524 3021 1564 esse
3056 1518 3233 1579 potest
3280 1508 3541 1580 Unigcui-

1974 1598 2094 1651 tus?
2116 1595 2227 1652 Iino
2249 1614 2399 1661 vero,
2421 1609 2474 1652 tu
2504 1600 2618 1670 quis
2649 1616 2701 1653 es
2726 1600 2813 1669 qui
2843 1601 3176 1653 contradicas
3198 1600 3306 1654 Deo
3332 1602 3384 1654 ⁵2
3403 1602 3537 1656 Cum

1973 1691 2118 1745 enim
2170 1688 2367 1745 Filium
2399 1698 2576 1755 vocet,
2606 1692 2698 1761 qui
2733 1707 2762 1745 a
2796 1707 2853 1746 sc
2879 1694 3075 1750 oritur.
3123 1691 3382 1762 Spiritum
3410 1710 3539 1748 vero

1973 1792 2244 1848 sanctum,
2274 1783 2367 1853 qui
2398 1783 2466 1837 ab
2488 1792 2717 1853 utroque
2745 1783 3009 1852 procedit,
3058 1798 3134 1837 cas
3160 1792 3269 1839 tres
3295 1800 3469 1854 perso;
3495 1801 3539 1837 ac

290 1869 504 1932 τοδὸτα,
538 1869 804 1940 φωτεινὴν
833 1871 930 1939 τὴν
972 1872 1252 1942 ἐνέργειαν
1284 1872 1418 1941 ἔχει,
1459 1874 1776 1943 συμφωνίαν
1807 1891 1867 1926 τε

1980 1875 2091 1929 sola
2124 1874 2225 1929 ﬁde
2253 1890 2283 1929 a
2319 1876 2526 1932 sanctis
2564 1876 2695 1930 viris
2738 1883 3007 1945 perceptae
3048 1875 3262 1944 lucidae,
3304 1891 3368 1931 ac
3402 1878 3539 1931 Int'is

292 1963 433 2033 πρὸς
458 1962 618 2015 αὐτὸν
632 1962 722 2015 τὸν
737 1963 953 2034 Πατέρα
982 1966 1211 2016 ποιεῖται
1236 1962 1412 2032 φωτὸς
1430 1964 1629 2017 πίστει.
1647 1966 1866 2028 "Aunus,

291 2048 340 2106 ὦ
368 2048 543 2119 οὗτος,
569 2055 649 2107 ὅτι
685 2058 713 2109 ὁ
741 2056 929 2124 Πατὴρ
959 2056 1173 2126 άληθῶς
1203 2057 1333 2110 Υίοῦ
1374 2059 1488 2109 ἐστι
1524 2056 1723 2128 πατὴρ,
1754 2057 1869 2127 φῶς

294 2144 439 2208 ὅλος,
484 2146 574 2198 οιαὶ
598 2146 723 2209 Υἱὸς
756 2148 966 2216 Πατρὸς
995 2146 1249 2216 ἀληθοῦς,
1270 2134 1400 2215 ’φῶς
1442 2148 1637 2217 φωτὸς,
1671 2149 1770 2219 οὐχ
1795 2149 1871 2211 ὼς

291 2239 365 2291 τὰ
415 2239 613 2309 ποιητὰ
664 2239 697 2308 ἢ
746 2239 814 2292 τὰ
875 2238 1102 2300 κτιστά,
1159 2239 1506 2310 προσηγορίᾳ
1552 2240 1722 2311 μόνῃ’
1776 2241 1871 2293 καὶ

294 2327 522 2396 Πνεῦμα
588 2328 739 2395 ἅγιον
779 2326 1001 2394 Πνεῦμα
1053 2327 1310 2397 ἀληθείας
1354 2328 1491 2392 ἐστὶ,
1533 2328 1648 2395 φῶς
1693 2328 1872 2400 τρίτον

294 2419 450 2487 παρά
477 2417 687 2488 Harpe;
717 2417 811 2470 καὶ
837 2416 968 2469 Υἱοῦ
996 2433 1009 2447 ο
1056 2416 1125 2470 τὰ
1155 2417 1202 2469 δ’
1235 2417 1369 2471 ἄλλα
1424 2417 1601 2471 πάντα
1652 2417 1799 2470 θέσει
1836 2418 1869 2488 ἢ

294 2507 620 2577 παραθέσει,
667 2509 699 2579 ἢ
747 2509 957 2579 κλήσει,
992 2510 1090 2579 οὐχ
1128 2510 1291 2581 ὁμοίᾳ
1318 2510 1508 2564 τούτου
1546 2512 1870 2583 ὲνεργείᾳ,ἢ

294 2599 549 2670 δυνάμει,
583 2599 794 2671 ἢφωτὶ,
822 2601 855 2670 ἢ
893 2602 1070 2672 ἐννοίᾳ
1090 2618 1103 2631 ο
1134 2601 1263 2673 ἢὼς
1289 2602 1355 2656 ἂν
1381 2604 1523 2656 είποι
1555 2619 1665 2666 τις·
1703 2604 1875 2672 Υίοὺς

294 2689 599 2757 ἐγέννησα
657 2692 757 2745 καὶ
790 2693 1008 2761 {igitan
1034 2710 1047 2724 ·
1098 2692 1130 2763 ἢ
1176 2693 1253 2756 ὡς
1296 2694 1361 2746 ἂν
1400 2693 1541 2749 εῐποι
1574 2712 1690 2760 τις’
1735 2698 1876 2768 Ἐγὼ

296 2779 467 2835 εἶπα·
504 2782 636 2836 Θεοί
668 2783 807 2837 ἐστε
851 2784 951 2837 καὶ
975 2784 1089 2838 υἱοὶ
1127 2785 1418 2853 Ὑψίστου
1463 2784 1716 2853 πάντεςο
1746 2787 1876 2859 ἢὼς

298 2874 367 2928 ἂν
424 2874 571 2927 εἴποι
613 2891 727 2938 τιςο
773 2878 824 2927 '0
862 2875 1116 2942 τετοκὼς
1144 2876 1390 2942 ,βώλους
1433 2876 1752 2949 δρόσουθῆ
1801 2879 1876 2942 ὡς

309 2964 378 3018 ἂν
417 2965 559 3016 εἴποι
581 2981 690 3026 τις·
731 2965 831 3028 Ἐξ
860 2960 931 3019 οὗ
957 2963 1123 3017 πᾶσα
1144 2967 1359 3032 πατριὰ
1377 2966 1447 3018 ἐν
1473 2966 1752 3033 οὐρανοῖς
1778 2966 1875 3019 καί

301 3057 407 3109 ἐπὶ
440 3056 553 3123 τῆς
574 3055 716 3126 τῆς·
748 3056 781 3126 ἢ
810 3056 888 3120 ὡς
917 3058 984 3111 ἂν
1008 3058 1156 3109 εἴποι
1186 3074 1270 3120 τις
1292 3075 1305 3087 °
1348 3057 1488 3127 Ἐγὼ
1532 3060 1565 3111 ὁ
1619 3055 1880 3125 στερεῶν

293 3148 592 3216 βροντὴν,
627 3148 725 3201 καί
763 3147 971 3209 κτίζων
991 3151 1254 3217 Πνεῦμα.
1291 3150 1366 3203 Οὐ
1390 3148 1499 3219 γὰρ
1517 3148 1594 3213 ὡς
1624 3151 1673 3201 οἱ
1703 3148 1880 3201 λοιποὶ

1973 1974 2225 2021 auctores
2251 1965 2430 2019 lucida
2460 1974 2588 2020 sunt
2634 1969 2850 2021 actione
2888 1968 3143 2037 przetlitae,
3179 1976 3234 2022 et
3257 1984 3379 2023 cum
3423 1971 3540 2039 ipso

1973 2058 2134 2111 Patre
2167 2055 2287 2110 ﬁdei
2319 2056 2439 2110 luce
2465 2057 2816 2111 concordiam
2847 2064 3085 2111 servant.
3137 2055 3283 2112 Heus
3309 2059 3398 2111 tu!
3442 2059 3540 2127 igi-

1974 2157 2063 2203 tur
2094 2148 2244 2211 audi,
2275 2148 2730 2217 quemadmodum
2763 2147 2922 2202 Pater
2944 2163 3070 2202 vere
3100 2149 3172 2203 sit
3202 2147 3324 2201 Filii
3391 2160 3566 2215 patcr‘

1974 2247 2231 2310 totusque
2282 2240 2406 2306 lux;
2452 2248 2504 2295 et
2548 2237 2721 2295 Filius
2751 2238 2863 2294 veri
2914 2241 2983 2294 sit
3020 2238 3199 2294 Patris
3234 2237 3422 2304 Filius,
3460 2239 3543 2291 lu-

1974 2345 2097 2384 men
2126 2331 2194 2385 de
2217 2331 2442 2393 lumine,
2487 2346 2596 2385 non
2629 2339 2687 2384 ut
2721 2330 2864 2384 facta
2924 2338 3172 2385 creatave
3201 2339 3414 2395 caetera,
3446 2344 3540 2398 ap-

1975 2420 2269 2492 pellatione
2298 2420 2594 2486 duntaxat;
2652 2419 2890 2489 Spiritus
2925 2420 3159 2488 denique
3198 2428 3421 2475 sanctus
3449 2435 3542 2473 vc-

1975 2512 2154 2566 ritatis
2191 2510 2262 2565 sit
2291 2509 2526 2579 Spiritus
2590 2525 2652 2564 ac
2680 2511 2899 2565 tertium
2931 2525 2959 2563 a
2999 2508 3157 2565 Patre
3186 2508 3430 2580 Filioque
3457 2512 3544 2564 lu-

1976 2620 2139 2671 men;
2181 2610 2374 2659 cmtera
2415 2603 2598 2657 omnia
2650 2603 2960 2672 adoptione,
3001 2604 3086 2659 vel
3115 2604 3538 2673 comparatione,

1976 2697 2059 2751 vel
2095 2695 2470 2766 appositione,
2512 2695 2595 2749 vel
2626 2695 3025 2765 appellatione,
3075 2710 3181 2749 non
3218 2696 3380 2750 simili
3418 2711 3541 2751 cum

1977 2783 2042 2842 eo
2074 2788 2311 2851 actione,
2360 2786 2445 2840 vel
2478 2786 2706 2848 virtute,
2758 2786 2843 2840 vel
2874 2786 3013 2850 luce,
3046 2786 3127 2840 vel
3164 2786 3382 2839 notione
3419 2799 3547 2839 cen-

1980 2888 2190 2934 sentur.
2221 2877 2358 2933 Sive
2385 2877 2509 2946 quis
2537 2876 2666 2930 illud
2709 2876 2911 2931 dixerit
2942 2892 2955 2929 :
2996 2876 3164 2931 Filios
3187 2879 3342 2946 genui
3371 2886 3420 2930 et
3451 2891 3546 2930 ea:-

1980 2968 2219 3035 altavi‘;
2252 2970 2367 3023 sive
2406 2968 2536 3021 illud
2569 2987 2580 3021 :
2620 2967 2730 3037 Ego
2761 2966 2873 3019 dixi
2900 2984 2918 3021 :
2951 2966 3040 3019 Dii
3068 2968 3191 3019 estis
3239 2977 3287 3019 et
3318 2966 3419 3033 ﬁlii
3451 2965 3547 3017 Al-

1982 3062 2174 3115 tissimi
2203 3076 2379 3114 omnes
2405 3060 2425 3090 ⁷
2453 3078 2467 3125 ;
2514 3060 2629 3114 sive
2662 3058 2807 3114 istud
2838 3074 2851 3109 :
2896 3058 2999 3124 Qui
3036 3058 3211 3126 genuit
3244 3056 3419 3111 stillas
3459 3073 3546 3108 ro-

1984 3154 2057 3206 ris
2079 3152 2135 3217 ³;
2168 3153 2283 3207 sive
2310 3153 2413 3206 hoc
2445 3152 2621 3221 ipsum
2658 3167 2671 3203 :
2714 3152 2754 3204 Α
2814 3166 2913 3218 quo
2954 3151 3123 3203 cumis
3168 3149 3459 3216 paternitas
3494 3150 3546 3201 iit

302 3239 559 3311 πατέρες.
601 3240 633 3311 ἢ
672 3241 1002 3312 πατριάρχαι
1034 3243 1063 3294 ὁ
1084 3240 1333 3313 ἀληθινὸς
1359 3240 1877 3313 Πατὴράρξάμενος

1980 3244 2121 3299 cazlis
2160 3253 2210 3298 et
2258 3244 2311 3296 in
2349 3244 2564 3309 terra”;
2615 3244 2771 3298 sive:
2820 3241 2929 3313 Ego
2967 3243 3190 3311 ﬁrmans
3226 3242 3458 3301 tonitru,
3499 3255 3547 3292 et

299 3329 403 3385 τοῦ
447 3326 585 3385 εἴναι
626 3332 887 3403 Πατὴρ,ἢ
930 3333 1190 3387 ἐλλείπων
1238 3334 1366 3387 ποτὲ
1423 3334 1502 3404 τῷ
1548 3334 1723 3404 χρόνῳ
1785 3334 1878 3387 τοῦ

302 3419 446 3477 εἶναι
467 3425 684 3497 Πατήρ.
717 3426 779 3477 Et
820 3424 930 3496 γὰρ
976 3426 1201 3497 ἄρχεται
1223 3426 1317 3479 τοῦ
1346 3422 1485 3479 εἶναι
1517 3427 1725 3496 Πατὴρ,
1755 3426 1880 3489 Υἱὸς

305 3518 416 3588 ἄρα
435 3496 502 3585 ἦν
533 3534 663 3569 ποτε
691 3517 879 3586 ἑτέρου
903 3496 1128 3588 πατρὸς,
1165 3517 1271 3588 πρὸ
1296 3515 1389 3570 τοῦ
1415 3513 1552 3571 εἶναι
1575 3517 1736 3570 αὐτὸν
1768 3519 1878 3570 Πα-

304 3610 443 3678 τέρα
472 3607 828 3675 Μονογενοῦς.
861 3607 1000 3660 Καθ’
1031 3607 1321 3679 ὁμοιότητα
1353 3608 1411 3661 δὲ
1442 3608 1678 3679 πατέρες
1721 3609 1883 3661 πατέ-

302 3716 417 3769 ρων
447 3698 688 3752 νοοῦνται
752 3698 936 3763 τέκνα,
998 3701 1092 3752 καὶ
1148 3702 1226 3764 εἰς
1269 3700 1493 3771 ἄπειρον
1540 3701 1630 3753 τὸν
1669 3700 1883 3769 ἀληθῶς

305 3790 524 3861 πατέρα
564 3790 661 3861 τῆς
706 3791 1089 3860 ἀρχαιολογίας
1126 3793 1304 3860 εὑρεῖν
1348 3791 1513 3846 ἐστιν.
1552 3791 1685 3845 Οὐδὲ
1716 3792 1789 3854 ὡς
1815 3790 1884 3843 τὰ

309 3882 475 3936 λοιπά
519 3883 685 3935 τέκνα
741 3882 885 3935 θέσει
912 3885 940 3936 ὁ
972 3883 1092 3945 Υἱὸς
1123 3885 1150 3936 ὀ
1190 3882 1437 3952 ἀληθινὸς
1470 3883 1588 3947 νέος
1616 3882 1706 3936 τοῦ
1745 3879 1883 3935 εἶναι

308 3977 459 4033 Υἱός.
481 3977 545 4028 El
579 3976 686 4047 γὰρ
713 3976 830 4039 νέος
856 3975 948 4029 τοῦ
986 3971 1123 4028 εἶναι
1150 3976 1295 4043 Υίδς,
1329 3972 1397 4048 ἦν
1419 3994 1548 4030 ποτε
1582 3978 1769 4047 χρόνος
1796 3979 1883 4030 ὅτε

305 4071 411 4123 οὐκ
451 4064 520 4140 ἦν
574 4071 602 4122 ὁ
650 4070 860 4141 Πατὴρ,
918 4068 1105 4138 Πατὴρ
1142 4070 1497 4138 Μονογενοῦς.
1542 4070 1674 4123 Οὐδὲ
1713 4070 1787 4133 ὡς
1815 4070 1885 4124 τὰ

309 4160 474 4213 λοιπά
509 4161 793 4230 πνεύματα
832 4161 892 4214 τὸ
928 4161 1147 4231 Πνεῦμα
1178 4159 1279 4230 τῆς
1320 4161 1574 4232 ἀληθείας
1602 4163 1817 4215 κτιστὸν
1848 4162 1881 4232 ἢ

309 4254 566 4322 ποιητόνο
622 4253 744 4306 οὐδὲ
788 4253 863 4317 ὡς
895 4255 943 4308 οί
980 4253 1157 4306 λοιποὶ
1196 4253 1414 4321 ἄγγελοι
1451 4256 1479 4307 ὁ
1510 4254 1606 4323 τῆς
1643 4255 1885 4324 μεγάλης

311 4344 767 4415 βουλῆςἋγγελος
784 4344 1048 4398 καλεῖται.
1079 4346 1144 4396 "A
1171 4345 1266 4414 μὲν
1286 4345 1393 4415 γὰρ
1418 4344 1589 4415 ἀρχὴν
1614 4346 1705 4398 καὶ
1733 4345 1883 4408 τέλος

314 4434 451 4504 ἔχει,
476 4432 512 4487 ἃ.
533 4434 589 4486 δὲ
617 4434 965 4504 ἀνεπινόητον
993 4434 1105 4502 ἔχει
1134 4433 1194 4485 τὸ
1219 4432 1414 4503 κράτος
1441 4434 1533 4485 καὶ
1564 4432 1663 4502 τὴν
1686 4432 1878 4502 ἀρχὴν.

315 4524 427 4579 Καὶ
458 4525 494 4579 ἃ
514 4525 609 4594 μὲν
636 4525 805 4589 κτίζει
825 4526 893 4577 τά
909 4525 1085 4578 πάντα
1110 4527 1189 4588 είς
1209 4524 1466 4595 ἀπείρους
1479 4522 1677 4586 αἰῶνας
1702 4540 1884 4593 συνερ·

1983 3353 2166 3390 creans
2198 3335 2461 3405 Spiritum
2519 3335 2584 3389 '°.
2633 3333 2748 3388 Non
2790 3336 2933 3389 enim
2980 3345 3299 3387 cancrorum
3336 3341 3549 3402 patrum

1984 3427 2486 3495 patriarcharumve
2532 3440 2683 3481 more
2735 3441 2896 3480 verus
2948 3425 3037 3478 ille
3090 3422 3252 3478 Pater
3287 3430 3382 3476 aut
3428 3437 3549 3477 esse

1982 3517 2141 3573 Pater
2172 3518 2462 3588 aliquando
2484 3519 2668 3588 cmpit,
2698 3524 2792 3571 aut
2820 3531 3111 3588 progressu
3143 3514 3402 3585 temporis
3428 3528 3551 3568 esse

1983 3609 2307 3679 quandoque
2338 3610 2567 3665 desinet.
2599 3610 2734 3663 Nam
2765 3611 2809 3665 si
2837 3608 2998 3663 Pater
3019 3622 3143 3663 esse
3168 3606 3416 3677 cmperit,
3455 3620 3551 3659 ne-

1985 3716 2138 3756 cesse
2177 3709 2262 3757 est
2290 3710 2350 3755 ut
2375 3701 2543 3757 Filius
2569 3701 2794 3756 alterius
2824 3701 2996 3770 patris
3022 3701 3152 3753 olim
3187 3698 3372 3762 fuerit,
3398 3706 3553 3751 ante-

1984 3809 2147 3863 quam
2191 3803 2337 3850 esset
2397 3793 2671 3865 Unigeniti
2733 3792 2912 3847 Pater.
2969 3790 3138 3845 Porro
3197 3788 3552 3845 similitudine

1985 3884 2220 3954 quadam
2252 3893 2467 3955 patrum
2502 3894 2684 3955 patres
2716 3884 3093 3954 intelliguntur
3115 3897 3237 3937 esse
3273 3879 3386 3943 ﬁhi,
3414 3887 3465 3933 et
3496 3880 3549 3932 in

1986 3978 2257 4031 inﬁnitum
2290 3993 2448 4033 verus
2488 3978 2716 4046 originis
2756 3984 2906 4030 sator
2967 3989 3030 4027 ac
3070 3987 3266 4044 parens
3327 3969 3549 4041 perduci

1986 4079 2186 4140 potest.
2225 4069 2409 4139 Neque
2439 4084 2568 4123 vero
2598 4078 2916 4123 cmterorum
2956 4067 3129 4121 instar
3158 4064 3415 4125 ﬁliorum,
3457 4064 3551 4131 qui

1987 4163 2275 4232 adoptione
2308 4162 2429 4215 facti
2460 4169 2620 4224 sunt,
2646 4176 2808 4214 verus
2841 4158 3011 4213 Filius
3037 4172 3228 4213 recens
3257 4164 3340 4211 est
3375 4153 3553 4209 lactus

1985 4253 2180 4307 Filius.
2211 4254 2463 4322 Alioquin
2509 4252 2652 4305 enim
2686 4261 2899 4320 tempus
2931 4248 3223 4319 aliquando
3270 4246 3405 4311 fuit,
3445 4263 3555 4316 quo

1986 4346 2146 4401 Pater
2171 4347 2409 4400 nonduin
2443 4353 2591 4400 esset
2620 4344 2892 4414 Unigeuiti
2925 4343 3102 4397 Pater.
3139 4340 3241 4396 Sed
3267 4356 3443 4409 neque
3478 4342 3553 4393 uti

1986 4435 2177 4504 reliqui
2212 4434 2460 4513 spiritus,
2496 4433 2741 4488 veritatis
2773 4433 2996 4502 spiritus
3028 4440 3268 4486 creatqu
3297 4430 3553 4501 quiddam

1988 4535 2106 4590 est,
2159 4535 2253 4580 aut
2282 4525 2523 4591 factum;
2573 4541 2745 4594 neque
2779 4532 3098 4579 ca'terorum
3132 4524 3306 4578 instar
3335 4523 3557 4592 angelo-

313 4616 517 4684 γοῦντα
538 4616 615 4686 τῷ
633 4617 826 4688 “arpi,
850 4616 885 4670 ἃ
899 4617 952 4669 δὲ
978 4614 1335 4679 κτίζεταιὺπὸ
1353 4617 1558 4669 τούτων
1576 4616 1649 4677 ὡς
1672 4616 1737 4668 ἂν
1771 4614 1878 4667 ἐθέ-

1993 4634 2137 4681 rum,
2171 4618 2350 4689 magni
2385 4619 2474 4673 ille
2503 4618 2715 4671 consilii
2747 4618 2980 4687 Angelus
3019 4615 3303 4671 dicitur”.
3337 4614 3394 4666 Si
3434 4614 3556 4682 qui-

310 4707 482 4759 λοιεν.
504 4707 610 4760 Καὶ
640 4707 676 4760 ἃ
708 4707 804 4776 μὲν
827 4705 1078 4775 λατρεύει
1109 4706 1335 4770 τούτοις,
1361 4705 1465 4759 ἆδὲ
1494 4704 1761 4772 λατρευτὰ
1787 4704 1892 4755 ὑπὸ

312 4800 425 4851 τῶν
453 4799 587 4851 ὅλων
610 4800 939 4869 κτισμάτων.
969 4797 1127 4851 Καὶᾶ
1154 4799 1248 4869 μὲν
1270 4800 1411 4850 ἰᾶται
1445 4797 1511 4849 τὰ
1532 4798 1827 4867 ποιήματα,
1856 4795 1891 4849 ἃ

311 4890 372 4943 δὲ
402 4889 499 4959 τὴν
531 4890 673 4942 ἴασιν
700 4890 965 4959 λαμϐάνει
997 4888 1333 4960 παράὐτῶν.
1350 4888 1509 4942 Καὶᾶ
1535 4889 1634 4959 μὲν
1648 4889 1891 4959 κρίνεται

315 4981 441 5035 κατ’
469 4981 651 5046 ἀξίαν,
686 4981 721 5035 ἃ
742 4982 797 5035 δὲ
829 4982 925 5053 τὴν
965 4983 1146 5052 κρίσιν
1195 4982 1305 5051 ἔχει
1334 4983 1430 5051 τὴν
1465 4982 1697 5035 δικαίαν.
1721 4982 1829 5034 Καὶ
1859 4980 1893 5033 ἃ

313 5071 423 5143 μὲν
451 5074 626 5145 χρόνῳ
657 5074 826 5135 ἐστὶν,
856 5073 892 5126 ἃ.
919 5074 972 5126 δὲ
1003 5073 1103 5126 οὐκ
1148 5075 1206 5126 ὲν
1245 5074 1420 5146 χρόνῳ
1472 5074 1742 5143 τυγχάνει.
1790 5071 1894 5125 Καὶ

313 5163 352 5217 ἃ
394 5166 491 5234 μὲν
518 5162 740 5233 φωτίζει
760 5164 827 5216 τὰ
856 5166 1052 5222 πάντα.
1086 5164 1121 5218 ἃ
1152 5165 1207 5217 δὲ
1254 5165 1566 5234 φωτίζεται.
1601 5166 1711 5219 Καὶ
1731 5165 1765 5219 ἀ
1796 5166 1894 5235 μὲν

314 5254 475 5307 καλεῖ
504 5254 729 5324 νηπίους
754 5257 831 5317 εἰς
850 5253 999 5323 ὕψος,
1014 5254 1049 5308 ἃ
1072 5255 1127 5308 δὲ
1149 5255 1393 5309 καλεῖται
1419 5256 1524 5309 ὑπὸ
1544 5254 1637 5308 τοῦ
1666 5256 1891 5309 τελείου.

317 5346 430 5399 Kal
450 5345 485 5400 ἃ
521 5346 619 5415 μὲν
645 5345 925 5416 χαρίζεται
943 5347 1128 5408 πᾶσιν,
1155 5345 1256 5400 es:
1273 5347 1584 5418 χαρίσματα
1606 5348 1892 5418 λαμϐάνει.

314 5438 428 5492 Καὶ
464 5437 714 5504 καθάπαξ
750 5440 942 5504 είπεῖν,
966 5437 1002 5492 ἃ
1034 5438 1133 5506 μὲν
1164 5438 1384 5509 ὲξυμνεῖ
1408 5439 1505 5511 τὴν
1541 5439 1803 5511 ἀγιότητα
1838 5442 1894 5493 ὲν

388 5720 408 5752 ¹
451 5740 544 5793 γρ.
583 5724 779 5779 πειθοῖ.
856 5728 876 5757 ²
914 5725 1069 5782 Joan.
1104 5742 1175 5792 tv,
1199 5727 1288 5783 ﬁt.
1365 5728 1385 5759 ³
1426 5728 1529 5785 lsa.
1559 5747 1637 5794 ix,
1667 5730 1719 5785 6.

319 5806 509 5857 um,
543 5796 595 5848 6.
673 5795 693 5827 ⁸
724 5794 825 5850 Job
852 5814 1076 5859 xxxvut.
1104 5800 1195 5852 28.
1273 5802 1293 5829 ν
1335 5797 1531 5871 Ephcs.
1562 5817 1650 5865 ut,
1674 5803 1760 5856 lii.

531 5890 801 5949 PATROL.
836 5890 952 5952 Gn.
988 5893 1179 5953 XLII.

1990 4712 2112 4765 dem
2148 4711 2234 4763 illa
2276 4710 2490 4764 initium
2520 4709 2723 4763 habent
2755 4720 2809 4762 et
2853 4710 3032 4771 linem,
3088 4708 3202 4761 ha-c
3228 4707 3335 4760 duo
3368 4707 3556 4767 robur,

1990 4817 2053 4855 ac
2085 4801 2448 4871 principatum
2485 4801 2699 4863 habent,
2736 4815 2896 4870 quem
2926 4800 3072 4853 nulla
3109 4798 3430 4868 cujusquam
3473 4798 3560 4851 iu-

1991 4890 2290 4960 telligentia
2342 4891 2515 4959 possit
2554 4892 2797 4959 assequi.
2839 4889 2961 4945 Ilaec
3009 4890 3262 4944 universa
3304 4902 3560 4958 procrea-

1989 4994 2141 5048 runt,
2167 4998 2286 5053 quae
2313 4998 2438 5037 cum
2475 4981 2635 5038 Patre
2663 4999 2757 5054 per
2790 4984 2999 5038 inﬁnita
3032 4985 3230 5038 saecula
3254 4981 3561 5038 communi-

1991 5082 2076 5129 ter
2102 5074 2285 5128 omnia
2331 5074 2661 5138 moliuntur;
2714 5083 2907 5129 caatera
2947 5076 3015 5129 ab
3062 5075 3168 5129 illis
3212 5081 3375 5143 prout
3425 5071 3561 5140 ipsis

1992 5166 2124 5220 libet
2169 5174 2443 5221 creantur.
2497 5165 2586 5220 Illa
2632 5168 2876 5222 serviunt
2930 5169 3017 5228 iis,
3070 5174 3123 5221 et
3152 5167 3373 5229 colunt;
3405 5164 3491 5219 his
3529 5179 3561 5217 a

1993 5258 2263 5312 creaturis
2318 5258 2575 5312 omnibus
2636 5260 2871 5313 servitus
2922 5259 3213 5326 cultusque
3276 5256 3560 5310 tribuitur.

1992 5349 2154 5419 897
2191 5348 2313 5403 Haec
2336 5350 2597 5419 operibus
2635 5350 2750 5406 suis
2781 5348 3102 5404 medicinam
3132 5346 3427 5411 adhibent;
3469 5346 3562 5403 illa

2003 5440 2329 5495 medicinam
2366 5435 2437 5490 ab
2466 5438 2587 5494 istis
2622 5437 2919 5508 accipiunt.
2946 5433 3072 5492 Παξο
3099 5433 3354 5489 universa
3380 5434 3552 5488 collu-

1830 5731 1896 5784 ⁵1
1930 5731 2053 5787 Cor.
2083 5747 2144 5795 ll,
2176 5731 2263 5791 19.,
2298 5731 2382 5785 l3.
2458 5732 2478 5762 ⁸
2510 5729 2662 5783 Rom.
2699 5746 2774 5792 Ix,
2802 5728 2891 5783 9.0.
2970 5731 2990 5761 θ
3022 5730 3125 5788 lsa.
3160 5749 3199 5799 ι,
3224 5733 3279 5790 2.
3356 5737 3376 5770 ¹¹
3411 5736 3562 5795 Psal.

1843 5804 1883 5833 ¹⁰
1914 5803 2079 5857 Amos
2134 5818 2206 5868 IV,
2240 5803 2307 5855 l5
2338 5818 2403 5857 ex
2438 5801 2597 5855 LXX.
2680 5803 2718 5832 “
2752 5802 2853 5855 lsa.
2882 5817 2955 5869 Ix,
2989 5803 3041 5859 6.

3120 5901 3195 5960 16
