3990 6228
315 396 415 453 495

977 387 1341 446 ADVERSUS
1382 385 1724 443 IMERESES
1758 382 1883 440 LIB.

2007 426 2018 438 .
2060 381 2225 439 TOM.
2271 380 2699 437 1.-11ᾹΞΒΕ5.
2741 380 2976 441 LXXIV.

3471 378 3578 437 494

306 509 419 580 γὰρ
453 506 685 580 Χριστῷ
721 506 915 577 Ἰησοῦ
944 507 1059 577 ἐγὼ
1084 505 1384 575 ἐγέννησα
1410 502 1580 573 ὑμᾶς.
1608 503 1745 576 Περὶ
1768 502 1892 555 τού-

2007 499 2253 555 )stcndit.
2290 497 2359 553 Et
2377 516 2551 554 vorem
2573 500 2688 568 “ejus
2717 498 2876 552 audis
2896 516 2916 553 :
2941 497 3030 553 sed
3052 498 3221 552 nescis
3256 497 3391 552 unde
3414 497 3577 561 uenit,

307 620 399 657 του
453 604 482 655 ὁ
532 601 737 672 Κύριος
761 616 775 630 ⁸
832 599 1012 653 Ὅταν
1061 598 1211 667 ἔλθῃ
1272 599 1306 651 ό
1344 594 1736 665 Παράκλητος
1761 632 1776 657 ,
1817 592 1891 646 δν

307 693 421 763 ἐγὼ
460 691 670 760 πέμπω
708 691 853 760 ὑμῖν
878 730 892 754 ,
948 688 1015 743 τὸ
1055 688 1297 758 Πνεῦμα
1347 686 1461 756 τῆς
1505 686 1820 753 ἀληθείας,
1856 682 1889 737 δ

307 786 466 853 παρὰ
495 783 603 837 τοῦ
637 782 867 850 Πατρὸς
894 782 1301 850 ἐκπορεύεται,
1330 779 1563 843 ἐκεῖνος
1590 774 1891 846 μαρτυρή-

304 893 401 931 σει
437 879 571 945 scapi
607 877 793 945 ἐμοῦο
850 877 984 940 καὶ,
1035 876 1162 928 Ἔτι
1210 872 1411 926 πολλὰ
1464 870 1586 940 ἔχω
1638 869 1842 938 λέγειν
1872 882 1887 897 ⁸

303 968 446 1022 ἀλλ’
506 971 579 1023 οὐ
631 968 895 1021 δύνασθε
948 963 1274 1030 βαστάζειν
1319 963 1471 1031 ἄρτι.
1514 962 1695 1015 Ὅταν
1742 960 1890 1027 ἔλθῃ

301 1061 572 1125 crebrae,
628 1060 696 1113 τὸ
749 1058 990 1128 Πνεῦμα
1046 1056 1158 1125 τῆς
1206 1056 1492 1125 ἀληθείας
1518 1095 1534 1121 ,
1603 1052 1892 1122 ὁδηγήσει

301 1152 462 1227 ὑμᾶς
498 1157 586 1220 είς
614 1150 822 1207 πᾶσαν
868 1152 984 1220 τὴν
1018 1151 1326 1217 ἀλήθειαν.
1377 1154 1458 1205 Οὐ
1496 1152 1606 1222 γὰρ
1631 1148 1892 1215 λαλήσει

305 1250 407 1319 ἀφ’
440 1246 658 1301 ἑαυτοῦ
683 1264 696 1279 ο
724 1246 862 1301 ἀλλ’
909 1245 1026 1300 ὅσα
1056 1246 1307 1300 ἀκούσει
1340 1245 1601 1311 λαλήσει
1623 1287 1637 1310 ,
1690 1243 1787 1299 καὶ
1819 1244 1891 1298 τὰ

305 1342 599 1412 ἐρχόμενα
628 1337 953 1409 ἀναγγελεῖ
987 1337 1152 1407 ὑμῖν.
1197 1337 1456 1403 Ἐκεῖνός
1490 1354 1566 1407 με
1608 1336 1853 1401 δοξάσει
1874 1354 1887 1368 ·

305 1434 396 1487 ὅτι
448 1435 517 1487 ἐκ
556 1433 662 1487 τοῦ
703 1433 850 1503 ἐμοῦ
894 1431 1189 1500 λήψεται,
1224 1429 1323 1483 καὶ
1378 1428 1703 1499 ἀναγγελεῖ
1747 1428 1891 1498 ὑμῖν

304 1527 524 1580 πάντα.

376 1701 434 1753 Ι’.
468 1701 531 1752 Εἰ
563 1699 740 1753 τοίνυν
787 1696 940 1769 παρὰ
988 1694 1084 1750 τοῦ
1112 1695 1326 1767 Πατρὶς
1369 1692 1763 1765 ἐκπορεύεται,
1796 1692 1892 1745 καὶ

304 1792 370 1845 ἐκ
411 1791 505 1845 τοῦ
544 1790 702 1861 ἐμοῦ,
740 1791 905 1859 φησὶν
939 1791 967 1842 ὁ
992 1787 1231 1859 Κύριος,
1266 1785 1536 1857 λήψεται,
1576 1784 1639 1838 ὃν
1687 1783 1892 1855 τρόπον

1993 600 2087 645 aut
2118 605 2219 661 quo
2269 591 2479 645 vadit’.
2539 588 2708 645 Item:
2748 588 2873 645 Nisi
2902 591 3065 661 geniti
3099 590 3308 659 fueritis
3345 605 3411 645 ea:
3438 606 3581 660 aqua

1992 685 2264 756 etSpiritu
2285 686 2327 738 ³.
2376 684 2475 739 Cui
2503 695 2930 739 consentaneum
2960 685 3088 739 illud
3113 692 3197 740 est
3219 682 3406 739 Pauli:
3434 682 3579 738 Nam

1991 779 2047 831 in
2094 778 2305 832 Christo
2359 775 2488 831 Jesu
2535 792 2629 847 ego
2666 778 2821 847 genui
2860 793 2947 831 vos
2972 776 3014 829 ⁸.
3047 777 3123 831 De
3152 777 3341 832 eodem
3372 774 3577 846 Spiritu

1995 870 2256 925 Dominus
2282 871 2355 923 ita
2382 870 2626 940 loquitur
2649 886 2661 922 :
2693 867 2828 923 Cum
2850 870 3044 923 venerit
3072 869 3405 931 Paractetus,
3425 884 3578 938 quem

1990 980 2084 1034 ego
2112 965 2317 1018 mittam
2348 963 2514 1025 vobis,
2544 961 2776 1030 Spiritus
2805 964 3045 1017 veritatis
3079 963 3168 1033 qui
3202 980 3233 1016 a
3266 962 3429 1015 Patre
3456 977 3580 1030 pro-

1993 1056 2150 1121 cedit,
2185 1056 2277 1110 itte
2321 1056 2679 1110 testimonium
2742 1054 3028 1124 perhibebit
3073 1055 3134 1109 de
3190 1072 3270 1109 me
3291 1057 3336 1110 ⁵.
3401 1056 3575 1109 Item:

1993 1150 2178 1203 Adhuc
2202 1150 2373 1203 multa
2417 1147 2578 1204 habeo
2611 1148 2834 1203 dicenda
2868 1163 2886 1202 :
2921 1149 3012 1203 sed
3060 1165 3162 1204 non
3191 1151 3408 1220 potestis
3443 1149 3582 1218 ferre

1994 1242 2169 1296 modo.
2199 1240 2333 1297 Cum
2366 1243 2562 1296 uenerit
2583 1240 2673 1295 ille
2704 1240 2937 1311 Spiritus
2973 1244 3228 1303 ueritatis,
3261 1240 3470 1295 inducet
3490 1255 3578 1293 vos

1993 1335 2048 1386 in
2090 1348 2293 1386 omnem
2327 1333 2617 1386 veritatem.
2673 1330 2795 1385 Non
2838 1331 2977 1383 enim
3023 1313 3265 1401 loquetur
3305 1347 3337 1383 a
3368 1331 3538 1398 seipso
3562 1344 3581 1393 :

1994 1428 2084 1481 sed
2117 1442 2437 1498 quaecunque
2465 1425 2646 1479 audiet
2678 1424 2941 1495 loquetur,
2976 1433 3024 1478 et
3059 1434 3275 1479 ventura
3312 1423 3583 1479 nuntiabit

1997 1517 2157 1572 vobis.
2212 1515 2313 1570 Ille
2349 1532 2429 1571 me
2456 1515 2816 1586 clariﬁcabit;
2862 1517 2988 1587 quia
3014 1518 3079 1571 de
3110 1533 3224 1572 meo
3259 1517 3499 1588 accipiet,
3528 1526 3582 1573 et

1994 1610 2136 1666 vobis
2162 1611 2343 1664 omnia
2370 1608 2638 1664 nuntiabit
2662 1610 2705 1666 ⁸.

2068 1694 2135 1750 Χ.
2177 1697 2370 1767 lgitur,
2412 1696 2458 1751 si
2510 1710 2540 1750 a
2570 1695 2734 1752 Patre
2791 1696 3106 1768 procedit",
3150 1707 3206 1753 et
3234 1698 3303 1754 de
3335 1713 3477 1762 meo,
3509 1697 3585 1753 ait

1996 1784 2286 1850 Dominus,
2328 1786 2527 1858 accipit
2543 1788 2587 1853 ⁸,
2611 1788 3069 1858 quemadmodum
3116 1787 3285 1844 Nemo
3315 1788 3585 1845 novitPa-

309 1883 523 1948 Οὐδεὶς
549 1882 703 1951 ἔγνω
736 1881 844 1935 τὸν
881 1880 1133 1948 Πατέρα,
1173 1881 1224 1933 el
1250 1878 1337 1949 μὴ
1369 1881 1402 1931 ό
1438 1876 1587 1942 Υἱὸς,
1623 1874 1765 1929 οὐδὲ
1787 1874 1896 1929 τὸν

2007 1888 2131 1933 trem
2183 1878 2288 1933 nisi
2331 1876 2531 1946 Filius,
2583 1896 2746 1950 neque
2782 1878 2984 1934 Filium
3018 1882 3122 1935 nisi
3158 1879 3365 1937 Pater’
3415 1899 3429 1937 :
3512 1882 3585 1937 ita

315 1975 476 2037 Υἱὸν,
506 1976 557 2027 εί
612 1972 693 2039 μὴ
745 1974 777 2025 ὀ
830 1971 1063 2039 Πατήρ·
1106 1969 1278 2033 οὕτως
1327 1965 1569 2039 τολμῶσι
1622 1966 1805 2035 λέγειν
1837 1966 1892 1998 ¹⁶

305 2066 428 2118 οὐδὲ
471 2064 533 2117 τὸ
566 2063 790 2133 Πνεῦμα
817 2065 864 2115 εί
908 2063 981 2135 μὴ
1020 2066 1048 2117 ὁ
1075 2063 1203 2128 Υἱὸς
1235 2062 1293 2127 ἐξ
1320 2057 1382 2118 οὗ
1412 2062 1715 2135 λαμϐάνει,
1748 2062 1843 2116 καὶ
1868 2063 1896 2115 ὁ

306 2159 503 2230 Πατὴρ
529 2160 661 2224 παρ’
699 2151 759 2211 οὗ
788 2155 1149 2227 ἐκπορεύεται
1169 2174 1181 2187 ·
1215 2157 1310 2210 καὶ
1341 2156 1462 2209 οὐδὲ
1492 2154 1586 2208 τὸν
1617 2154 1768 2219 Υίον,
1801 2153 1897 2207 καὶ

304 2250 398 2303 τόν
432 2251 653 2321 Πατέρα
673 2289 687 2313 ,
732 2252 779 2301 εἰ
814 2251 886 2320 μὴ
918 2250 979 2303 τὸ
1007 2248 1231 2319 Πνεῦμα
1259 2248 1321 2300 τὺ
1354 2248 1508 2319 ἆγιον
1534 2284 1550 2313 ,
1581 2247 1644 2300 τὸ
1676 2245 1898 2313 δοξάζον

306 2343 556 2415 ἀληθῶς,
602 2343 661 2397 τὸ
702 2342 951 2397 διδάσκον
998 2341 1067 2395 τὰ
1106 2342 1319 2405 πάντα,
1371 2341 1433 2395 τὸ
1485 2338 1797 2413 μαρτυροῦν
1829 2338 1898 2392 τὰ

308 2438 442 2508 περὶ
472 2435 565 2489 τοῦ
597 2435 727 2489 Υίοῦ
757 2478 771 2503 ,
802 2436 830 2489 ὃ
861 2435 1012 2509 παρὰ
1048 2435 1143 2489 τοῦ
1178 2436 1421 2507 Πατρὸς,
1459 2435 1488 2489 ὃ
1518 2437 1584 2489 ὲκ
1622 2434 1716 2489 τοῦ
1742 2434 1894 2497 Υίοῦ,

310 2530 475 2601 μόνος
525 2528 720 2600 ὁδηγὺς
782 2528 1038 2600 ἀληθείας
1075 2547 1089 2562 ο
1149 2530 1330 2602 νόμων
1381 2526 1653 2599 ἐξηγητὴς
1706 2527 1897 2596 ἁγίων,

310 2619 687 2691 πνευματικοῦ
741 2624 908 2691 νόμου
960 2621 1276 2693 ὑφηγητὴς.
1311 2619 1606 2694 προφητῶν
1654 2618 1901 2689 καθηγη-

306 2713 443 2786 τὴς,
470 2712 781 2767 ἀποστόλων
816 2712 1169 2777 διδάσκαλος,
1206 2712 1574 2782 εὐαγγελικῶν
1615 2712 1901 2782 δογμάτων

310 2805 542 2877 φωστὴρ
568 2846 582 2870 ,
620 2805 789 2872 ἁγίων
820 2804 1076 2872 ἐκλογεὺς
1096 2846 1110 2869 ,
1159 2804 1275 2874 φῶς
1304 2804 1365 2857 τὸ
1395 2802 1649 2875 ἀληθινὸν
1685 2802 1743 2867 ἐξ
1768 2802 1901 2871 ἀλη-

312 2893 466 2948 Θινοῦ
507 2894 704 2962 φωτός.
740 2893 868 2957 Υἱὸς
896 2893 1124 2963 φυσικὸς
1147 2932 1161 2955 ,
1192 2893 1319 2957 Tib;
1348 2892 1553 2963 ἀληθὴς
1574 2933 1587 2957 ,
1618 2892 1745 2955 Υἱὸς
1766 2892 1902 2962 γνή-

314 3002 471 3049 σιος.
517 2984 677 3056 μόνος
726 2984 791 3037 ὲκ
826 2984 1020 3055 μόνου,
1062 2986 1158 3038 σὺν
1211 2982 1360 3054 αὐτῷ
1412 2984 1509 3038 κού⁹
1552 2984 1616 3037 τὸ
1654 2981 1900 3052 Πνεῦμα,

312 3078 453 3132 ἀλλὰ
486 3077 711 3148 Πνεῦμα
767 3074 1186 3148 ὀνομαζόμενον.
1230 3072 1398 3141 Οὗτος
1420 3104 1429 3107 -
1455 3077 1484 3129 ὁ
1521 3076 1651 3139 Θεὸς
1683 3074 1902 3141 δοξαζό-

317 3185 483 3241 μενος
511 3169 569 3222 ὲν
608 3166 905 3238 Ἐκκλησία
928 3183 940 3196 ·
968 3167 1159 3239 Πατὴρ
1188 3167 1294 3231 ἀεὶ,
1322 3166 1450 3230 Υἱὸς
1477 3166 1583 3231 ἀεὶ,
1613 3165 1709 3220 καὶ
1735 3163 1905 3218 Πνεῦ-

1993 1971 2266 2027 Catholici
2282 1972 2467 2026 dicere
2489 1971 2723 2027 audent:
2763 1971 2949 2044 Neque
2973 1972 3240 2044 Spiritum
3262 1972 3414 2029 novit
3433 1972 3586 2044 quis-

1995 2063 2166 2134 piam,
2211 2062 2315 2118 nisi
2344 2058 2537 2127 Filius,
2585 2078 2616 2118 a
2653 2079 2765 2134 quo
2798 2066 3032 2136 accepit,
3079 2075 3135 2122 et
3166 2065 3350 2132 Pater,
3400 2080 3433 2121 a
3474 2080 3587 2137 quo

1996 2157 2283 2229 procedit;
2329 2172 2505 2227 neque
2546 2157 2743 2211 Filium
2787 2167 2842 2213 et
2885 2156 3103 2212 Patrem
3152 2160 3305 2213 novit
3362 2158 3585 2229 aliquis,

1999 2250 2103 2305 nisi
2140 2247 2378 2319 Spiritus
2406 2256 2666 2305 sanctus:
2715 2250 2809 2320 qui
2842 2265 2971 2306 vere
3002 2250 3244 2306 celebrat
3292 2266 3358 2306 ac
3387 2251 3587 2322 praedi-

1998 2350 2114 2394 cat:
2166 2340 2260 2409 qui
2309 2338 2470 2393 docet
2519 2340 2729 2404 omnia,
2761 2341 2855 2411 qui
2904 2341 2975 2397 de
3021 2340 3163 2397 Filio
3207 2344 3585 2398 testimonium

1999 2434 2153 2499 dicit,
2187 2432 2279 2503 qui
2323 2447 2353 2486 a
2383 2431 2564 2500 Patre,
2594 2433 2688 2503 qui
2719 2450 2751 2489 e
2780 2433 2917 2489 Filio
2949 2436 3219 2506 procedit,
3263 2437 3416 2493 solus
3444 2439 3589 2492 veri-

2000 2525 2129 2581 tatis
2172 2524 2305 2590 dux,
2372 2532 2689 2579 sanctarum
2750 2526 2929 2596 legum
2979 2526 3269 2597 interpres,
3322 2527 3589 2599 spiritalis

2000 2616 2135 2687 legis
2163 2621 2473 2677 enarrator,
2494 2614 2885 2685 prophetarum
2911 2617 3193 2688 magister,
3211 2619 3587 2689 apostolorum

2002 2714 2325 2778 praeceptor,
2367 2705 2811 2776 evangelicorum
2863 2710 3181 2781 dogmatum
3213 2710 3300 2765 fax
3330 2720 3384 2765 et
3413 2711 3587 2775 sidus,

2002 2809 2318 2857 sanctorum
2368 2801 2596 2868 elector,
2651 2816 2840 2856 verum
2877 2801 3061 2856 lumen
3111 2817 3143 2857 e
3190 2817 3322 2857 vero
3362 2802 3589 2857 lumine.

2002 2891 2176 2947 Filius
2221 2893 2491 2950 naturalis
2540 2901 2659 2960 est,
2706 2909 2872 2949 verus
2918 2892 3121 2958 Filius,
3155 2909 3451 2963 germanus
3501 2893 3591 2948 Fi-

2004 2984 2133 3049 lius,
2178 2985 2330 3041 solus
2376 3001 2406 3041 e
2435 2985 2582 3053 solo,
2630 2985 2801 3056 899
2842 2998 3079 3056 quocum
3111 2992 3165 3040 et
3193 2983 3432 3055 Spiritus
3462 3001 3592 3040 sano

2004 3085 2129 3133 ctus
2178 3078 2549 3150 conjungitur,
2593 3079 2685 3149 qui
2714 3075 2953 3148 Spiritus
3000 3079 3222 3148 preprie
3248 3079 3589 3133 nominatur.

2011 3165 2108 3221 llic
2134 3166 2224 3222 ille
2253 3167 2398 3222 Deus
2437 3167 2492 3222 in
2524 3166 2769 3223 Ecclesia
2806 3167 3135 3230 celebratur,
3168 3181 3383 3238 semper
3406 3166 3591 3228 Pater.

320 3278 402 3333 μα
429 3260 584 3328 ἅγιον
614 3259 737 3321 ἀεὶ,
788 3257 994 3329 ὑψηλὸς
1025 3258 1232 3329 ὑψηλοῦ
1274 3260 1367 3312 καὶ⁴
1415 3257 1671 3328 ὕψιστος,
1712 3256 1904 3329 νοερὰν

2010 3273 2225 3329 semper
2263 3257 2459 3324 Filius,
2506 3273 2723 3329 semper
2754 3257 2993 3329 Spiritus
3030 3269 3289 3326 sanctus,
3339 3260 3591 3316 excelsus

315 3352 478 3417 δόξαν
512 3353 650 3423 ἔχων
680 3352 990 3422 ἀμέτρητον
1009 3392 1023 3416 ,
1057 3344 1102 3418 ᾧ
1128 3350 1437 3422 ὑπο6ἐ6ηκε
1475 3350 1544 3404 τὰ
1591 3349 1785 3403 κτιστὰ
1815 3350 1909 3403 καὶ

318 3447 393 3501 τὰ
421 3445 620 3515 ποιητὰ
649 3442 797 3509 ἅπαξ
830 3443 1009 3506 ἅπλῶς
1034 3442 1104 3497 τὰ
1127 3443 1417 3514 σύμπαντα
1448 3440 1789 3515 μετρούμενα
1815 3442 1910 3495 καὶ

321 3537 692 3610 περιεχόμενα
723 3535 949 3589 ἕκαστα.
977 3534 1182 3607 Θεὸτης
1208 3534 1265 3589 δὲ
1299 3536 1397 3607 μία
1431 3537 1489 3589 ὲν
1538 3537 1763 3590 Μωῦσεῖ
1804 3534 1909 3605 μάο

320 3633 485 3685 λιστα
512 3627 937 3696 καταγγέλλεται
962 3641 976 3653 ·
1005 3626 1135 3689 δυὰς
1182 3626 1238 3679 δὲ
1279 3626 1337 3678 ἐν
1369 3626 1673 3698 προφήταις
1704 3625 1912 3696 σφόδρα

322 3721 693 3793 κηρύσσεταιο
726 3719 898 3789 Τριὰς
945 3717 1001 3770 δὲ
1052 3719 1110 3770 ὲν
1157 3716 1511 3785 Εὐαγγελίοις
1560 3714 1909 3787 φανεροῦται,

324 3814 511 3868 πλεῖον
540 3810 681 3863 κατὰ
729 3809 955 3879 καιροὺς
1000 3808 1095 3861 καὶ
1129 3808 1319 3876 γενεὰς
1366 3804 1682 3876 ἁρμόζουσα
1726 3803 1805 3874 τῷ
1836 3803 1913 3855 δι-

322 3904 470 3975 καίῳ
512 3904 591 3965 εἰς
636 3900 835 3971 γνῶσιν
863 3900 958 3953 καὶ
984 3899 1186 3953 πίστιν.
1221 3898 1426 3962 Γνῶσις
1455 3898 1512 3951 δὲ
1541 3896 1678 3967 αὕτη
1709 3896 1913 3949 ἀθανα-

327 3993 576 4058 σίας,ὲκ
629 3990 863 4053 πίστεως
931 3990 985 4043 δὲ
1039 3990 1209 4060 αὐτῆς
1262 3990 1296 4061 ἢ
1362 3988 1630 4051 υἱοθεσίας
1684 3987 1910 4056 γίνεται.

339 4087 507 4142 Ἀλλὰ
558 4085 774 4156 πρῶτον
827 4081 1175 4152 δικαιώματα
1231 4080 1433 4152 σαρκὸς
1485 4079 1749 4153 ὲκφράζει
1778 4120 1791 4142 ,
1840 4078 1916 4142 ὡς

327 4178 617 4249 περίϐολον
644 4174 772 4229 ναοῦ
799 4174 889 4227 τὸν
926 4173 1029 4236 ἔξω
1056 4173 1397 4243 διεγείρουσα
1426 4173 1483 4224 ὲν
1511 4171 1735 4224 Μωῦσεῖ
1757 4187 1770 4200 ·
1804 4169 1917 4221 δεύ-

325 4283 489 4338 τερον
531 4267 587 4319 δὲ
620 4264 961 4334 δικαιώματα
987 4261 1168 4333 ψυχῆς
1197 4261 1551 4332 ἐκδιηγεῖται,
1574 4260 1651 4323 ὡς
1683 4262 1752 4313 τὰ
1785 4258 1917 4328 ἃγια

328 4358 616 4430 κοσμοῦσα
665 4358 723 4411 ἐν
768 4356 981 4418 λοιπαῖς
1039 4354 1434 4425 προφητείαις·
1490 4351 1673 4424 τρίτον
1705 4350 1918 4405 δικαιώ-

331 4470 481 4524 ματα
518 4449 853 4521 πνεύματος,
881 4449 957 4514 ὡς
989 4449 1050 4501 τὸ
1078 4449 1389 4517 ἱλαστήριον
1424 4448 1517 4500 καὶ
1544 4446 1613 4500 τὰ
1653 4446 1786 4514 ἅγια
1810 4445 1916 4498 τῶν

1962 3358 1963 3365 ‘
2009 3348 2077 3402 ab
2109 3348 2349 3417 excelso,
2373 3348 2483 3404 imo
2511 3348 2885 3413 celsissimns;
2913 3348 3006 3419 qui
3042 3350 3372 3421 intelligibili
3397 3351 3589 3420 gloria,

2009 3446 2061 3496 et
2092 3440 2312 3511 quidem
2359 3440 2569 3495 inﬁnita
2604 3440 2867 3512 praditus
2895 3445 3020 3508 est;
3075 3442 3163 3496 cui
3197 3450 3381 3498 creata
3411 3442 3594 3496 omnia

2012 3532 2267 3603 fat-taque
2304 3540 2435 3588 sunt
2479 3533 2707 3588 omnino
2739 3533 3008 3602 subjecta,
3044 3550 3166 3605 quae
3194 3534 3416 3605 quidem
3446 3545 3596 3591 certa

2012 3639 2292 3691 mensura,
2318 3639 2382 3678 ac
2407 3624 2921 3696 circumscriptione
2942 3624 3301 3681 deﬁniuntur.
3326 3625 3595 3682 Caeterum

2012 3715 2270 3771 divinitas
2310 3731 2417 3770 una
2460 3715 2607 3786 apud
2641 3716 2863 3788 Moysen
2915 3718 3186 3788 praecipue
3227 3718 3595 3789 praedicatur:

2012 3808 2262 3865 binarius
2293 3809 2346 3862 in
2381 3808 2663 3879 prophetis
2695 3810 3012 3881 diligentius
3048 3810 3355 3866 nuntiatur.
3415 3810 3596 3865 Trini-

2015 3909 2102 3957 tas
2136 3917 2264 3956 vero
2312 3901 2368 3956 in
2419 3900 2729 3972 Evangeliis
2777 3902 3109 3969 ostenditur,
3143 3919 3264 3974 qua:
3316 3918 3413 3975 per
3462 3912 3598 3958 tem-

2016 4007 2149 4063 pora
2182 3993 2672 4065 generationesque
2715 3994 2961 4065 singulas
3003 3995 3153 4064 justo
3194 3995 3263 4050 ad
3307 3995 3593 4051 scientiam

2018 4084 2287 4155 ﬁdemque
2312 4086 2546 4155 amplius
2577 4088 2919 4141 conveniret.
2974 4087 3050 4140 Ea
3079 4102 3246 4157 porro
3272 4087 3599 4142 immortali-

2017 4176 2148 4231 tatis
2178 4177 2405 4232 scientia
2433 4193 2499 4231 ex
2542 4177 2645 4231 ﬁde
2682 4179 2824 4247 ipsa,
2868 4178 2952 4234 vel
2993 4178 3283 4249 adoptione
3327 4178 3594 4235 nascitur.

2020 4267 2126 4323 Sed
2183 4268 2420 4338 primum
2471 4270 2896 4339 justiﬁcationes
2953 4270 3141 4325 carnis
3188 4270 3389 4335 edicit,
3455 4271 3597 4326 velut

1988 4420 1997 4427 η
2020 4361 2202 4431 templi
2243 4362 2515 4432 quoddam
2566 4363 2811 4418 exterius
2864 4371 3078 4432 septum
3120 4363 3173 4416 in
3206 4360 3392 4434 Moyse
3434 4362 3602 4417 fabri-

2021 4468 2175 4507 cans.
2231 4450 2426 4509 Postea
2466 4468 2596 4509 vero
2639 4454 2835 4510 animae
2876 4455 3304 4525 justiﬁcationes
3351 4456 3597 4526 exponit,

329 4545 507 4613 ἁγίων
556 4542 892 4614 ρυθμίζουσα
932 4542 989 4593 ὲν
1027 4537 1380 4609 Εὐαγγελίοις
1469 4538 1605 4610 πρὸς
1654 4538 1904 4608 κατοίκη-

2020 4552 2279 4614 tanquam
2321 4553 2510 4601 sancta
2551 4547 2798 4617 quaedam
2849 4547 2993 4619 apud
3038 4556 3267 4603 caeteros
3306 4548 3601 4619 prophetas

331 4657 419 4693 σιν
454 4638 671 4707 ἑαυτῆς.
708 4634 921 4706 Σκηνὴν
968 4633 1023 4686 δὲ
1055 4632 1249 4701 ἁγίαν,
1286 4632 1413 4685 λαὸν
1463 4631 1618 4701 ἆγιον
1640 4671 1655 4696 ,
1700 4631 1793 4684 τὸν
1843 4632 1916 4683 δίη

328 4748 490 4784 καιον
522 4728 635 4798 ἔχει
700 4727 859 4799 μόνον
900 4726 991 4779 τὸν
1025 4725 1250 4779 συνόντα
1289 4724 1518 4787 τούτοις.
1563 4724 1823 4777 Κατοικεῖ
1861 4723 1918 4781 δὲ

330 4821 394 4874 ὲν
434 4818 580 4890 αὑτῴ
634 4818 730 4890 μία
770 4818 959 4889 θεότης
1000 4816 1301 4889 ἄφθαρτος,
1357 4815 1454 4886 μία
1494 4816 1685 4887 θεότης
1726 4816 1919 4886 ἀπερι-

328 4917 524 4984 νόητος
555 4952 570 4977 ,
641 4912 1025 4982 ἀκατάληπτος
1052 4953 1066 4973 ,
1129 4910 1523 4981 ἀνεκδιήγητος
1561 4950 1575 4974 ,
1651 4910 1913 4981 ἀόρατος,

331 5006 536 5075 ἑαυτὴν
575 5005 918 5074 γινώσκουσα
959 5004 1093 5075 μόνη
1119 5043 1134 5067 ,
1188 5004 1388 5073 ἑαυτὴν
1436 5002 1808 5073 ἐμφανίζουσα
1836 4997 1917 5064 οἷς

332 5098 588 5169 βούλεται
613 5139 630 5166 ,
662 5099 945 5170 μάρτυρας
996 5097 1195 5166 ἑαυτῆς
1226 5096 1567 5167 διεγείρουσα
1591 5135 1604 5158 ,
1660 5092 1915 5156 καλοῦσα,

330 5191 722 5264 προορίζουσα,
749 5190 1066 5256 δοξάζουσα,
1095 5190 1153 5255 ἐξ
1178 5188 1303 5261 ᾅδου
1335 5188 1564 5258 ὑψοῦσα,
1596 5187 1915 5254 ἁγιάζουσα.

330 5283 659 5337 ἑνοποιοῦσα
688 5272 849 5337 πάλιν
887 5283 1020 5353 πρὸς
1048 5283 1147 5353 τὴν
1180 5281 1377 5351 ἑαυτῆς
1419 5278 1575 5343 δόξαν
1605 5279 1699 5331 καὶ
1737 5278 1919 5330 πίστιν

328 5375 404 5429 τὰ
430 5377 557 5446 τρία
589 5376 783 5439 ταῦτα,
819 5377 1136 5447 ἐπουράνια,
1169 5373 1261 5427 καὶ
1294 5373 1533 5441 ἐπίγεια,
1566 5371 1916 5441 καταχθόνιοιο

328 5462 555 5533 πνεῦμα
575 5505 589 5525 ,
620 5464 827 5535 ψυχὴν,
878 5466 1056 5536 σάρκα
1076 5504 1090 5523 ,
1136 5465 1317 5517 πίστιν
1344 5505 1357 5528 ,
1396 5462 1586 5517 ἐλπίδα
1611 5502 1626 5525 ,
1665 5462 1916 5533 ἀγάπην·

329 5554 696 5627 παρελθόντα,
738 5557 947 5609 ἑστῶτα
969 5596 984 5621 ,
1024 5555 1307 5626 μέλλοντα,
1336 5555 1505 5610 αἰῶνα
1536 5555 1731 5620 αἰῶνος
1753 5595 1768 5622 ,
1794 5555 1921 5610 αἰῶ-

330 5780 333 5783 -
381 5753 426 5824 7’
471 5750 533 5807 Γ.
552 5753 741 5824 τολμῶ
782 5755 1083 5824 συλλέγειν.
1208 5757 1228 5787 ¹
1266 5752 1425 5808 δοθηο
1468 5771 1550 5817 Ill.
1588 5755 1640 5809 8ο

330 5823 525 5882 12-14.
603 5826 623 5857 '
660 5823 817 5883 Joan.
849 5823 1047 5893 10,26.
1126 5825 1148 5859 ⁸
1186 5824 1343 5882 Joan.
1372 5842 1479 5893 xw,
1516 5828 1604 5893 Η,
1635 5827 1719 5881 li).

1747 5754 1766 5788 ³
1807 5755 1937 5810 ibid.
1970 5757 2004 5811 5

1797 5825 1819 5856 '
1862 5826 2051 5885 Matth.
2086 5829 2271 5896 x1,‘27.

2023 4650 2317 4692 exornans.
2373 4636 2561 4693 Tertio
2606 4638 2841 4710 denique
2871 4639 3294 4709 iustiﬁcationes
3347 4640 3597 4709 Spiritus.

2024 4730 2182 4798 quasi
2207 4730 2645 4800 propitiatorium
2678 4739 2733 4786 et
2785 4740 2978 4788 sancta
3003 4730 3323 4788 sanctorum
3354 4732 3407 4785 in
3437 4730 3605 4785 Evan-

2022 4818 2180 4888 geliis
2207 4817 2273 4873 ad
2307 4820 2391 4875 sui
2417 4820 2750 4876 domicilium
2784 4823 3088 4879 instruens.
3124 4823 3193 4875 At
3223 4822 3399 4877 sancti
3428 4825 3606 4877 tuber-

2024 4911 2209 4966 naculi
2244 4912 2389 4978 loco,
2419 4914 2707 4984 sanctique
2742 4916 2950 4986 populi,
2977 4916 3187 4985 justum
3219 4916 3381 4971 habet
3411 4931 3603 4975 unum,

2024 5004 2116 5074 qui
2144 5003 2197 5058 in
2225 5005 2346 5060 istis
2373 5017 2644 5061 versatur.
2702 5007 2759 5062 In
2786 5010 2873 5065 his
2904 5024 3034 5065 vero
3055 5025 3163 5064 una
3190 5009 3365 5065 deitas
3393 5008 3607 5062 habitat

2022 5096 2363 5167 incorrupta,
2421 5110 2531 5152 una
2593 5099 2793 5164 deitas,
2830 5116 2952 5169 quae
2993 5102 3325 5172 cogitatione
3389 5098 3604 5169 concipi

2022 5188 2505 5257 comprehendive,
2531 5192 2614 5247 vel
2644 5192 2927 5263 explicari,
2954 5205 3049 5247 aut
3075 5192 3245 5246 videri
3275 5205 3383 5245 non
3407 5199 3606 5261 potest,

2024 5296 2146 5349 quae
2176 5282 2410 5352 seipsam
2445 5283 2560 5339 sola
2594 5286 2898 5356 cognoscit,
2931 5292 2986 5340 et
3013 5285 3214 5355 quibus
3246 5285 3482 5339 voluerit
3511 5301 3607 5356 pa-

2028 5369 2238 5426 tefacit.
2285 5371 2487 5429 Eadem
2523 5382 2691 5430 testes
2722 5390 2855 5429 suos
2884 5374 3107 5439 excitat,
3137 5382 3322 5439 vocat,
3352 5381 3482 5429 ante
3507 5375 3606 5431 de-

2027 5465 2215 5532 stinat,
2247 5466 2410 5521 allicit
2445 5468 2641 5539 gloria,
2692 5468 2761 5522 ab
2803 5467 2995 5522 inferis
3027 5467 3227 5532 evehit,
3278 5467 3607 5531 sanctiﬁcat,

2026 5566 2082 5614 et
2117 5558 2185 5612 ad
2234 5560 2462 5631 gloriam
2507 5559 2775 5630 ﬁdemque
2824 5574 2980 5613 suam
3028 5561 3131 5614 tria
3184 5560 3299 5615 haec
3350 5561 3407 5615 in
3432 5576 3609 5616 unum

2122 5757 2142 5789 ι
2181 5758 2197 5810 l
2228 5760 2354 5814 Cor.
2388 5775 2461 5827 tv,
2494 5761 2579 5816 15.
2676 5761 2696 5793 ⁵
2734 5759 2893 5815 Joan.
2930 5777 3024 5827 xv,
3055 5761 3145 5817 26.
3226 5762 3245 5793 ⁸
3281 5758 3442 5816 Joan.
3501 5771 3615 5827 XVI,
