3990 6228
371 315 476 376 επ

1778 316 1836 373 s.
1875 295 2214 376 EPIPHANII

3541 325 3658 382 £96

372 439 521 507 cogit
551 451 614 492 ac
643 435 920 492 consociat
954 454 966 490 :
1003 435 1268 500 cmlestia,
1293 443 1532 499 terrena,
1563 434 1955 502 subterranea;

2073 452 2162 499 νας
2191 433 2420 502 αἰώνων,
2455 435 2700 490 σάϐϐατα
2749 435 3054 500 σαϐϐάτων,
3089 439 3392 510 περιτομὴν
3423 441 3652 510 σαρκὸς,

374 531 651 600 spiritum,
708 529 944 582 animam.
1031 537 1194 600 alque
1233 543 1496 596 carnem;
1547 528 1730 594 ﬁdem,
1776 545 1952 600 spem,

372 621 727 685 rharitatcm;
775 621 1073 690 praeterita,
1102 622 1412 692 praesentia,
1439 620 1658 687 futura;
1692 621 1952 678 saeculum

373 712 582 778 saeculi,
631 712 830 766 saecula
875 713 1226 780 smeulorum,
1283 714 1509 771 sabbata
1565 712 1950 778 sabbatorum;

371 804 847 860 circumcisionem
907 807 1126 867 carnis.
1201 807 1678 862 circumcisionem
1742 806 1950 870 cordis,

371 895 852 952 circumcisionem
895 897 1101 952 Christi
1165 897 1218 951 in
1269 897 1663 965 exspoliatione
1710 896 1960 965 corporis

374 990 774 1056 peccatorum‘.
801 988 1046 1059 Denique
1067 989 1390 1058 sibimetipsi
1404 989 1658 1044 universa
1675 993 1952 1058 repurgat,

375 1089 484 1131 tam
527 1093 648 1149 quae
680 1079 856 1135 videri
896 1091 1198 1152 nequeunt,
1237 1097 1400 1152 quam
1451 1097 1573 1152 quae
1605 1081 1956 1151 aspectabilia

376 1177 526 1236 sunt,
564 1173 815 1236 thronos,
862 1173 1284 1239 dominationes,
1325 1176 1685 1246 principatus,
1717 1181 1960 1245 potesta-

377 1269 480 1329 tes,
517 1264 766 1320 virtutes.
821 1265 884 1321 ln
928 1267 1180 1322 omnibus
1210 1283 1338 1322 vero
1375 1267 1562 1322 eadem
1607 1265 1872 1336 sapientia
1903 1271 1960 1319 et

379 1367 565 1409 sancta
617 1373 720 1411 vox
768 1372 798 1411 a
845 1359 1018 1428 gloria
1056 1359 1112 1413 in
1149 1360 1378 1428 gloriam
1429 1359 1680 1425 Sanctus,
1720 1367 1958 1421 sanctus,

2065 528 2365 599 περιτομὴν
2408 529 2654 598 καρδίας,
2697 529 2998 602 περιτομὴν
3045 531 3284 602 Χριστοῦ
3327 533 3386 585 ἐν
3428 535 3498 603 τῇ
3543 535 3652 586 ἀπ-

2069 621 2280 675 εκδύσει
2317 621 2408 675 τοῦ
2440 620 2692 692 σώματος
2729 620 2840 676 τῶν
2875 623 3186 694 ἁμαρτιῶν·
3219 623 3448 678 καθόλου
3483 624 3656 680 καθα-

2073 716 2279 784 ροποιεί
2325 713 2492 784 ἑαυτῇ
2529 712 2704 768 πάντα
2744 711 2815 766 τὰ
2844 713 3055 784 ἀόρατα
3091 713 3186 770 καὶ
3212 713 3280 766 τά
3306 715 3499 784 δρατὰ,
3528 717 3654 786 Epd-

2069 823 2215 869 νους,
2257 806 2616 877 κυριότητας,
2645 807 2854 878 ἀρχὰς,
2902 807 3182 872 ἐξουσίας,
3234 807 3512 876 δυνάμεις.
3565 809 3656 860 Ἐν

2069 899 2207 952 πᾶσι
2248 898 2306 950 δὲ
2349 900 2388 969 ἡ
2421 899 2557 971 αὐτὴ
2603 899 2764 970 σοφία
2809 901 2903 952 καὶ
2951 898 3104 970 φωνὴ
3149 899 3302 968 ἁγία,
3341 899 3452 954 ἀπὸ
3495 899 3656 970 δόξης

2069 995 2148 1055 εἰς
2189 991 2364 1058 δόξαν,
2409 994 2628 1062 Ἄγιος,
2675 993 2862 1062 ἅγιος,
2901 992 3068 1061 ἅγιος
3109 991 3392 1062 φωνοῦσα,
3439 992 3658 1062 Πατέρα

2069 1087 2128 1140 ὲν
2166 1086 2299 1152 Υίῶ,
2347 1087 2472 1142 Υίδν
2519 1087 2580 1140 δὲ
2625 1088 2684 1140 ὲν
2726 1085 2903 1158 Πατρὶ
2941 1086 3038 1138 σὺν
3075 1083 3218 1156 ἁγίῳ
3265 1084 3575 1153 Πνεύματι·

2071 1179 2104 1250 ἡ
2133 1178 2260 1244 δόξα
2297 1181 2391 1232 καὶ
2436 1179 2497 1232 r6
2525 1180 2724 1248 κράτος
2749 1179 2830 1241 είς
2862 1179 2988 1241 τοὺς
3025 1177 3227 1240 αἰῶνας
3267 1175 3378 1230 τῶν
3419 1173 3656 1229 αἰώνων.

2085 1271 2275 1340 ’Δμήν.
2337 1271 2452 1322 Καὶ
2495 1272 2611 1340 ὲρεί
2657 1271 2686 1324 6
2734 1269 2878 1324 οὕτω
2925 1267 3232 1323 πιστεύων·
3281 1267 3518 1335 Γὲνοιτο,
3563 1265 3656 1336 γέ-

2074 1381 2218 1417 νοιτο
2231 1364 2246 1416 l

378 1459 594 1504 sanctus
637 1454 658 1482 ²
689 1453 1027 1515 exclamans,
1059 1467 1124 1507 ac
1154 1451 1371 1509 Patrem
1406 1453 1460 1507 in
1499 1451 1657 1515 Filio,
1691 1450 1888 1504 Filium
1926 1449 1981 1502 in
2031 1447 2192 1510 Patre
2223 1469 2347 1508 cum
2379 1451 2586 1524 Spiritu
2632 1461 2826 1510 sancto
2868 1451 3174 1524 pradicans
3207 1468 3224 1509 :
3261 1451 3354 1506 cui
3389 1449 3568 1523 gloria
3603 1455 3658 1505 et

377 1539 664 1608 imperium
701 1541 754 1594 in
799 1543 997 1597 saecula
1033 1543 1378 1598 saeculorum.
1412 1544 1606 1598 Amen.
1636 1541 1704 1596 Et
1732 1542 1876 1598 dicet
1904 1539 1997 1609 qui
2027 1538 2104 1598 ita
2139 1545 2313 1601 credit
2341 1565 2352 1600 :
2389 1545 2527 1610 Fiat,
2561 1545 2674 1600 ﬁat.

448 1629 730 1686 Hactenus
754 1647 820 1688 ex
849 1633 1138 1689 Ancarato.

2145 1637 2510 1708 Πεπλήρωται
2531 1637 2600 1692 τὰ
2627 1636 2724 1690 τοῦ
2760 1635 3144 1707 Ἀγκυρωτοῦ.

447 1724 612 1794 900
643 1723 735 1778 XI.
765 1723 892 1780 Haec
921 1737 1072 1790 sunt,
1105 1742 1226 1796 quae
1265 1726 1333 1782 de
1369 1726 1474 1782 ﬁde
1507 1725 1686 1780 Patris
1721 1739 1784 1778 ac
1836 1722 1958 1777 Filii

2145 1731 2245 1785 IA'.
2275 1731 2392 1785 Καὶ
2413 1728 2586 1783 ταῦτα
2617 1730 2722 1800 μέν
2741 1727 2910 1792 ἐστιν,
2938 1727 2975 1782 ἃ
3007 1727 3107 1798 ἥδη
3141 1726 3272 1798 περὶ
3296 1724 3398 1795 τῆς
3425 1724 3662 1786 πίστεως

380 1827 436 1872 et
463 1815 708 1887 Spiritus
737 1819 910 1872 sancti
936 1817 1142 1888 scripta
1165 1818 1466 1889 quondam,
1495 1827 1551 1874 et
1578 1831 1676 1888 pro
1699 1817 1964 1872 tenuitate

380 1913 570 1962 nostra
605 1905 902 1974 declarata,
939 1907 1178 1962 breviter
1215 1909 1399 1963 denuo
1433 1908 1537 1962 hoc
1565 1907 1688 1962 loco
1720 1913 1966 1974 repetere

379 2001 682 2055 voluimus.
719 1999 878 2054 Nunc
909 2000 979 2054 ad
1008 2001 1171 2054 vitam
1207 2009 1454 2056 nostram
1495 1998 1852 2056 asset'endam
1899 2012 1965 2053 ac

383 2091 850 2147 corroborandam
902 2093 1006 2147 alia
1059 2093 1304 2162 quredam
1354 2092 1667 2148 testimonia
1709 2091 1798 2162 pie
1839 2105 1968 2160 pro-

385 2183 549 2245 ferre,
595 2191 649 2238 et
693 2199 762 2239 ex
811 2192 958 2240 recta
1009 2185 1226 2240 ratione
1276 2185 1530 2255 religiose
1564 2183 1634 2238 de
1675 2181 1967 2237 divinitate

385 2276 588 2330 sentire
609 2291 919 2347 pergemus.
953 2275 1166 2332 Etenim
1191 2261 1448 2347 pluribus
1479 2275 1747 2330 hactenus
1770 2281 1964 2352 aucto-

385 2365 644 2420 ritatibus
679 2365 858 2434 palam
902 2364 1034 2420 illud
1067 2372 1152 2420 est
1189 2363 1416 2431 factum,
1457 2361 1810 2434 Unigenitum
1841 2373 1966 2414 cum

385 2455 548 2510 Patre
589 2458 754 2512 simul
796 2457 1054 2512 universa
1103 2456 1316 2522 moliri;
1367 2454 1678 2525 etaiqualia
1706 2452 1970 2524 perﬁcere

389 2553 444 2604 iu
474 2553 728 2606 omnibus
773 2567 838 2605 ac
875 2551 1082 2621 largiri,
1109 2557 1294 2620 utpote
1323 2549 1418 2618 qui
1447 2549 1516 2603 ab
1545 2548 1664 2617 ipso
1689 2544 1969 2616 procedat,

391 2655 490 2695 uec
522 2657 549 2694 a
583 2649 808 2711 paterna
839 2641 1043 2694 virtute
1092 2655 1156 2694 ac
1195 2639 1482 2692 divinitate
1531 2637 1831 2706 discrepet,
1871 2635 1968 2690 sed

389 2729 636 2798 ejusdem
667 2735 740 2784 sit
759 2746 882 2785 cum
909 2728 1066 2784 Patre
1086 2728 1426 2784 substantiae.
1462 2726 1648 2797 Neque
1668 2741 1799 2780 vero
1819 2726 1972 2780 solus

393 2821 586 2882 Filius,
618 2823 712 2876 sed
733 2829 785 2875 et
804 2820 1042 2891 Spiritus
1063 2827 1294 2876 sanctus
1315 2821 1370 2874 in
1405 2819 1598 2890 agendi
1631 2817 1973 2872 communio-

393 2929 514 2970 uem
549 2929 672 2968 cum
703 2913 864 2968 Patre
897 2913 1144 2984 Filioque
1176 2912 1345 2976 venit,
1374 2919 1430 2966 et
1475 2908 1703 2980 aequalia
1731 2915 1972 2978 praestat,

2065 1815 2278 1886 Πατρὸς
2303 1817 2448 1882 ,καὶ
2486 1816 2640 1881 Υίοῦ,
2668 1817 2763 1871 καὶ
2785 1815 2942 1885 ἁγίου
2977 1815 3294 1886 Πνεύματος
3322 1813 3646 1884 γράφοντες,

2065 1909 2208 1964 κατά
2255 1911 2317 1963 τὸ
2364 1910 2700 1981 βραχύτατον
2737 1909 2899 1982 ἡμῶν
2929 1910 3028 1981 τῆς
3061 1909 3416 1981 μετριότητος
3449 1907 3652 1977 ἔξηγτΓ

2067 1998 2282 2071 σάμεθα
2307 2040 2322 2064 ,
2359 2001 2455 2054 καὶ
2509 2003 2576 2056 ὲκ
2623 1983 2750 2056 τῶν¹
2789 1999 3212 2073 προρρηθέντων
3273 1997 3646 2070 παρεθέμεθα.

2070 2091 2194 2146 Ἔτι
2227 2091 2287 2146 δὲ
2317 2091 2685 2164 ἐπιμενοῦμεν
2719 2095 2798 2158 εἰς
2840 2093 3099 2146 σύστασιν
3125 2092 3224 2161 τῆς
3249 2089 3458 2144 ἑαυτῶν
3485 2089 3648 2157 ζωῆς,

2069 2185 2310 2249 εὐσεϐῶς
2341 2187 2676 2259 μαρτυρίας
2738 2187 3036 2257 φέροντες,
3095 2185 3194 2238 καὶ
3247 2184 3306 2250 ἐξ
3357 2183 3520 2257 ὀρθοῦ
3564 2182 3658 2236 λο-

2070 2274 2272 2346 γισμοῦ
2306 2275 2548 2340 εὐσεϐῶς
2582 2277 2712 2346 περὶ
2739 2275 2994 2348 θεότητος
3027 2274 3506 2346 διαλαμϐάνοντες.
3533 2274 3656 2324 Ὀτι

2074 2367 2171 2436 μὲν
2197 2365 2306 2438 γὰρ
2353 2369 2409 2420 ἐν
2439 2369 2554 2430 τοίς
2592 2367 2698 2422 ὐτυὺ
2737 2367 2925 2422 τούτου
2973 2365 3270 2438 ἀπεδείχθη
3319 2365 3408 2420 διά
3447 2363 3658 2418 πολλῶν

2075 2456 2389 2529 μαρτυριῶν
2419 2459 2448 2510 6
2485 2458 2795 2530 Μονογενὴς
2822 2458 3190 2529 συμπράττων
3217 2456 3296 2529 τῷ
3329 2457 3526 2528 Πατρὶ,
3563 2456 3655 2510 καὶ

2071 2548 2139 2602 τὰ
2192 2547 2281 2602 ῐσα
2315 2550 2372 2602 ὲν
2411 2547 2585 2602 ἅπασι
2631 2549 2852 2602 τελειῶν
2881 2551 2977 2602 καὶ
3034 2547 3428 2621 χαριζόμενος,
3471 2546 3549 2609 ὡς
3597 2544 3656 2610 ἐξ

2072 2639 2237 2694 αὐτοῦ
2271 2639 2368 2705 ὢν,
2401 2643 2498 2694 καὶ
2521 2644 2622 2696 οὐκ
2648 2642 2858 2706 ἀλλοῖος
2898 2640 3051 2714 παρά
3075 2641 3175 2714 τὴν
3203 2639 3297 2696 τοῦ
3332 2638 3548 2712 Πατρὸς
3569 2637 3655 2694 δύ·

2072 2749 2237 2804 ναμιν
2262 2733 2357 2786 καὶ
2389 2731 2618 2805 θεότητα
2642 2774 2658 2796 ,
2689 2733 2824 2788 ἀλλά
2851 2733 3134 2805 ὁμοούσιος
3168 2733 3342 2804 Πατρί
3366 2751 3380 2764 ·
3404 2734 3464 2786 οὐ
3499 2733 3658 2805 μόνον

2073 2823 2130 2876 δὲ
2167 2825 2196 2877 ό
2220 2823 2349 2888 Υίδς
2371 2864 2386 2888 ,
2417 2823 2556 2878 ἀλλά
2597 2825 2692 2878 καὶ
2741 2824 2802 2878 r6
2848 2825 3004 2893 ἅγιον
3043 2823 3268 2894 Πνεῦμα
3296 2823 3658 2896 συμπράττον

2075 2913 2189 2983 Υίῷ
2223 2914 2317 2968 καὶ¹
2349 2915 2560 2986 Πατρὶ,
2597 2914 2694 2970 καὶ
2715 2914 2787 2968 τὰ
2819 2914 2910 2968 ῐσα
2967 2913 3333 2992 ἐργαζόμενον
3384 2913 3660 2986 δωρούμε-

391 3021 492 3074 pro
526 3019 592 3060 eo
621 3020 684 3059 ac
715 3005 866 3071 libet,
909 3004 1324 3059 communicans
1367 3015 1431 3056 ac
1463 3001 1702 3071 largiens
1733 3017 1745 3052 :
1773 2997 1969 3068 quippe

2075 3006 2165 3060 νόν
2208 3024 2266 3059 τε
2320 3007 2414 3061 καὶ
2441 3007 2798 3078 χαριζόμενον
2822 3047 2837 3073 ,
2872 3008 2952 3073 ὡς
2984 3007 3267 3078 βούλεται,
3299 3008 3377 3071 ὡς
3402 3009 3500 3062 καὶ
3530 3007 3664 3062 αὐτὸ

391 3115 517 3152 rum
561 3106 614 3154 et
655 3099 770 3168 ipse
806 3113 930 3152 vere
971 3113 1037 3151 ex
1077 3095 1188 3152 Deo
1218 3095 1310 3160 sit,
1347 3109 1450 3149 nec
1496 3093 1706 3148 alienus
1741 3104 1771 3143 a
1809 3087 1969 3143 Patre

2076 3096 2245 3160 ὅντως
2288 3097 2354 3150 ὲκ
2403 3075 2536 3150 Θεοῦ
2573 3075 2656 3164 ὃν,
2691 3098 2788 3152 zeal.
2829 3099 2930 3152 οὐκ
2979 3075 3264 3172 ἀλλότριον
3302 3100 3519 3171 Πατρὸς
3569 3100 3662 3154 καὶ

393 3191 662 3261 Filioque,
709 3191 804 3246 sed
857 3189 1077 3260 utrique
1119 3183 1634 3243 consubstantialis.
1688 3181 1836 3244 Haec,
1885 3181 1970 3233 in-

393 3298 578 3350 quam,
623 3280 827 3336 nemini
875 3296 984 3335 non
1013 3285 1201 3349 aperte
1248 3285 1328 3332 tot
1359 3275 1611 3332 adductis
1644 3271 1972 3328 testimoniis

396 3373 766 3438 ostendimus,
791 3388 856 3426 ac
880 3372 1138 3441 deinceps
1163 3371 1534 3426 ostendemus.
1561 3366 1678 3420 Jam
1703 3380 1828 3420 vero
1847 3379 1974 3436 pro-

399 3476 515 3535 pter
549 3467 728 3521 sancti
771 3463 1387 3535 Spiritusadversari-os
1445 3460 1802 3526 erinimicos,
1834 3474 1974 3514 non-

397 3562 544 3614 nulla
611 3559 884 3615 uberioris
959 3557 1344 3629 explicationis
1402 3555 1575 3628 gratia
1635 3553 1830 3624 partim
1884 3551 1973 3623 pia

396 3650 646 3720 quaedam
690 3659 1011 3720 argumenta
1063 3666 1128 3704 ex
1181 3633 1330 3704 recta
1375 3647 1588 3701 ratione
1629 3645 1972 3714 deprompta,

399 3746 596 3814 partim
623 3744 869 3813 ejusdem
906 3741 1204 3813 Scriptura:
1247 3739 1563 3797 testimonia
1591 3738 1973 3808 superioribus

396 3837 682 3902 addemus,
712 3837 848 3892 adeo
881 3844 938 3890 ut
969 3836 1024 3890 in
1056 3834 1313 3890 omnibus
1347 3847 1535 3888 verum
1561 3846 1624 3886 ac
1659 3829 1972 3900 religiosum

395 3929 462 3982 de
495 3926 700 3998 Spiritu
727 3936 920 3984 sancto
949 3927 1144 3997 dogma
1175 3939 1491 3995 sequamur.
1527 3920 1742 3978 Etenim
1779 3920 1976 3976 unicus

397 4037 460 4073 ac
487 4021 784 4091 singularis
807 4028 890 4075 est
925 4017 1166 4089 Spiritus
1195 4017 1286 4072 ille
1316 4022 1562 4077 sanctus,
1581 4015 1672 4084 qui
1706 4012 1774 4067 ab
1797 4011 1976 4066 omni-

398 4116 502 4170 bus
549 4113 832 4177 adoratur,
869 4113 938 4168 ab
989 4111 1245 4166 omnibus
1287 4109 1554 4166 creaturis
1609 4107 1976 4178 operibusque

397 4207 766 4264 desideratur.
813 4206 916 4272 Qui
963 4221 1086 4260 cum
1135 4205 1284 4258 nullo
1317 4200 1592 4271 adaquari
1627 4205 1826 4270 potest,
1863 4211 1975 4252 non

398 4299 612 4369 angelo,
660 4313 771 4353 non
807 4299 982 4352 altero
1018 4296 1236 4366 spiritu,
1288 4293 1386 4348 sed.
1419 4307 1561 4348 unus
1587 4305 1652 4346 ac
1681 4289 1976 4359 singularis

395 4399 499 4444 est.
555 4388 688 4441 Nam
738 4403 864 4442 cum
917 4387 1072 4440 multi
1121 4387 1230 4441 sint
1270 4384 1519 4453 spiritus,
1566 4379 1824 4437 omnibus
1869 4380 1976 4434 iste

403 4481 656 4549 superior
685 4487 792 4544 est,
827 4486 1016 4548 utpote
1043 4479 1135 4548 qui
1168 4491 1382 4547 semper
1410 4491 1439 4528 a
1471 4474 1631 4529 Patre
1658 4474 1750 4540 sit,
1781 4485 1884 4526 nec
1905 4470 1975 4525 ab

399 4572 524 4626 aliis
553 4586 674 4641 quae
717 4587 748 4626 e
781 4571 952 4625 nihilo
980 4571 1241 4640 producta
1291 4575 1438 4630 sunt,
1471 4565 1723 4622 exsistat.
1781 4561 1974 4618 Plures

398 4671 548 4725 sunt,
577 4662 834 4732 inquam,
864 4661 1122 4732 spiritus;
1162 4658 1257 4716 sed
1289 4674 1432 4714 unus
1460 4665 1544 4713 est
1575 4653 1812 4726 Spiritus
1843 4668 1974 4708 sau-

395 4763 556 4816 elus,
593 4752 1054 4824 quemadmodum
1091 4767 1233 4807 unus
1273 4758 1357 4806 est
1399 4747 1566 4813 Deus,
1621 4753 1676 4800 et
1703 4759 1847 4799 unus
1879 4741 1972 4798 Dei

397 4847 570 4904 Filius
614 4847 950 4916 unigenitus.
1013 4845 1103 4900 Sic
1147 4855 1200 4900 et
1257 4849 1484 4898 sanctus
1518 4839 1611 4894 Dei
1671 4835 1914 4906 Spiritus
1947 4851 1978 4890 a

401 4941 509 4996 Deo
541 4950 624 4996 est
655 4948 710 4996 et
749 4941 800 4994 in
835 4939 964 4994 Deo.
1001 4940 1185 5008 Itaque
1218 4947 1272 4993 et
1331 4934 1647 5005 unigenitus
1676 4929 1848 4986 Filius
1895 4930 1981 4984 in-

395 5033 911 5104 comprehensibilis
937 5041 1041 5094 est,
1057 5039 1110 5085 et
1133 5024 1978 5098 Spiritusincomprehensibilis.

396 5127 500 5194 Qui
527 5136 582 5182 ct
617 5144 646 5182 a
680 5127 790 5183 Deo
821 5124 1090 5198 procedit.
1123 5137 1221 5176 nec
1253 5137 1284 5176 a
1314 5119 1476 5174 Patre
1514 5129 1566 5174 et
1594 5117 1734 5174 Filio
1765 5117 1979 5174 alienus

396 5229 500 5276 est.
553 5221 742 5291 Neque
765 5236 896 5276 vero
937 5233 1062 5272 cum
1095 5215 1256 5269 Patre
1301 5223 1357 5268 et
1383 5212 1522 5267 Filio
1567 5214 1714 5268 velut
1739 5210 1976 5281 quadam

399 5312 722 5368 confusione
757 5309 1040 5376 coalescit,
1075 5307 1170 5362 sed
1211 5303 1458 5360 Trinitas
1483 5303 1728 5374 ejusdem
1764 5316 1979 5370 semper

398 5408 484 5454 est
535 5401 878 5460 substantiae,
922 5413 1031 5453 non
1079 5395 1304 5450 alterius
1354 5410 1382 5448 ο
1429 5393 1749 5461 divinitate;
1799 5407 1980 5462 neque

398 5493 656 5548 divinitas
697 5493 862 5548 altera
897 5500 980 5547 est
1025 5505 1055 5544 a
1088 5487 1418 5550 substantia,
1447 5485 1541 5541 sed
1583 5486 1701 5556 ipsa
1734 5499 1830 5556 per
1857 5499 1980 5540 sese

399 5585 676 5641 divinitas.
709 5594 762 5640 et
791 5601 856 5641 ex
886 5584 1073 5640 eadem
1101 5581 1386 5636 divinitate
1413 5575 1586 5634 Filius
1641 5593 1704 5633 ac
1736 5577 1974 5648 Spiritus

473 5701 487 5729 ³
530 5698 644 5752 Col.
679 5713 739 5762 ll,
776 5698 862 5753 ll.
942 5699 960 5728 ²
1002 5697 1104 5754 lsa.
1137 5712 1218 5766 vr,
1245 5695 1300 5752 '5.

397 5771 426 5823 6
452 5773 576 5838 μεν,

1387 5694 1410 5727 ⁸
1450 5691 1816 5764 Expunxerim
1846 5695 1976 5766 γάρ.

2077 3187 2206 3240 Υἱοῦ
2230 3229 2244 3254 ,
2277 3188 2391 3241 ἀλλ’
2417 3188 2701 3260 ὁμοούσιον
2727 3190 2904 3262 Πατρὶ
2951 3191 3046 3244 καὶ
3073 3189 3220 3260 Υίῷ,
3251 3191 3417 3245 παντί
3445 3207 3527 3262 τῳ
3562 3208 3657 3246 σα-

2079 3279 2177 3349 φὲς
2225 3279 2366 3334 κατὰ
2400 3280 2580 3335 πάντα
2621 3281 2688 3334 ὲκ
2723 3279 2831 3334 τῶν
2875 3280 3147 3335 τοσούτων
3209 3281 3526 3354 μαρτυριῶν
3555 3283 3660 3336 ἀπο

2075 3371 2292 3443 εδείχθη
2321 3389 2378 3424 τε
2435 3373 2531 3426 καὶ
2566 3361 3042 3446 ἀποδειχθήσεται.
3061 3373 3176 3436 Νῦν
3204 3374 3260 3427 δὲ
3291 3374 3381 3428 διά
3405 3376 3534 3438 τοὺς
3565 3375 3656 3430 ἀν·

2075 3463 2318 3527 τιθὲτους
2366 3463 2460 3518 καὶ
2492 3464 2720 3536 ἐχθροὺς
2763 3463 2856 3519 τοῦ
2907 3466 3065 3534 ἀγίου
3116 3465 3436 3537 Πνεύματος
3467 3467 3538 3520 τά
3571 3467 3658 3520 sii-

2078 3555 2210 3627 σεϐῆ
2236 3555 2334 3610 τοῦ
2360 3556 2522 3628 ὀρθοῦ
2549 3556 2812 3628 λογισμοῦ
2847 3557 2943 3612 καὶ
2969 3557 3040 3612 τὰ
3077 3558 3184 3612 ἀπὸ
3215 3557 3534 3630 μαρτυριῶν
3561 3559 3658 3630 τῆς

2075 3649 2246 3720 αὐτῆς
2269 3648 2418 3713 θείας
2441 3649 2662 3721 Γραφῆς
2691 3649 3083 3722 διηγησάμενοι
3114 3650 3524 3723 περισσοτέρως
3551 3651 3658 3706 τῶν

2076 3741 2340 3812 πρότερον
2379 3741 2808 3814 παραθησόμεθα
2861 3724 3194 3816 μαρτυρίαις
3237 3742 3551 3808 ἀκολούθως
3593 3747 3661 3814 τῇ

2076 3832 2204 3903 περὶ
2237 3831 2394 3900 ἁγίου
2443 3831 2760 3903 Πνεύματος
2806 3831 3032 3903 ἀληθινῇ
3095 3831 3364 3902 εὐσεϐείᾳ.
3409 3833 3495 3896 Ὠς
3549 3832 3660 3904 ἔχει

2075 3923 2186 3994 γὰρ
2212 3925 2232 3956 ³
2266 3925 2360 3978 καὶ
2387 3923 2503 3977 ἔστι
2537 3923 2763 3994 Πνεῦμα
2807 3924 2963 3993 ἅγιον
3009 3925 3216 3980 ὲνοικδν
3239 3923 3280 3991 ⁸,
3311 3923 3417 3978 ὑπὸ
3443 3925 3657 3980 πάντων

2077 4017 2572 4090 προσκυνούμενον,
2607 4018 2774 4072 πᾶσιν
2808 4017 3140 4089 ὲπιπόθητον
3165 4020 3279 4082 τοίς
3308 4017 3572 4089 κτίσμασι
3601 4035 3658 4072 τε

2076 4111 2171 4166 καὶ
2195 4111 2496 4184 ποιήμασιν
2516 4149 2532 4178 ,
2561 4110 2740 4164 οὐδενὶ
2763 4109 3110 4181 ἐξισούμενον
3128 4151 3144 4176 ,
3167 4109 3268 4179 οὐκ
3294 4109 3514 4180 ἀγγέλῳ
3531 4151 3546 4170 ,
3598 4111 3658 4164 οὐ

2077 4201 2348 4274 πνεύματι
2373 4202 2566 4274 ἑτέρῳ,
2595 4201 2710 4256 ἀλλ’
2746 4202 2948 4257 ἑνικόν.
2985 4201 3203 4274 Ἐπειδὴ
3225 4202 3336 4274 γὰρ
3367 4204 3462 4256 καὶ
3491 4202 3662 4258 πολλά

2077 4296 2370 4368 πνεύματά
2407 4297 2548 4360 ἐστι,
2575 4296 2732 4350 τοῦτο
2758 4296 2815 4350 δὲ
2857 4293 3136 4350 ἀνώτατον
3164 4295 3384 4350 πάντων
3413 4297 3658 4366 πνευμάο

2008 4415 2050 4469 D
2079 4405 2185 4442 των
2206 4428 2226 4452 ,
2254 4386 2331 4451 ὡς
2357 4386 2416 4442 ὃν
2458 4388 2544 4441 ἀεὶ
2579 4389 2643 4441 ἐκ
2673 4387 2908 4459 Πατρὸς,
2955 4387 3052 4442 καὶ
3083 4386 3158 4459 μὴ
3185 4385 3296 4440 ἀπὸ
3341 4387 3452 4441 τῶν
3484 4387 3654 4442 ἄλλων

2079 4477 2188 4532 τῶν
2221 4477 2280 4546 ἐξ
2309 4475 2412 4531 οὐκ
2458 4479 2626 4533 όντων
2653 4480 2953 4550 γενόμενον
2974 4477 2995 4509 ⁵
3045 4477 3105 4532 όν
3132 4493 3145 4507 ’
3181 4476 3354 4531 πολλά
3397 4478 3506 4551 γάρ
3545 4479 3662 4531 ἐστι

2082 4569 2390 4641 πνεύματα,
2425 4568 2486 4623 ἐν
2509 4568 2565 4622 δὲ
2591 4567 2652 4622 τὺ
2677 4567 2834 4638 ἅγιον
2867 4567 3094 4640 Πνεῦμα
3125 4607 3142 4633 ,
3174 4567 3365 4638 ὥσπερ
3401 4561 3485 4632 εἷς
3531 4569 3660 4633 Θεὸς

2082 4660 2178 4714 καὶ
2211 4655 2292 4724 εἷς
2320 4658 2616 4731 μονογενὴς
2643 4659 2770 4722 Υἱὸς
2804 4657 2900 4712 τοῦ
2934 4658 3102 4713 Θεοῦ·
3137 4657 3282 4714 οὕτω
3311 4659 3404 4714 καὶ
3437 4660 3662 4731 Πνεῦμα

2081 4751 2237 4820 ἅγιον
2261 4749 2424 4814 Θεοῦ,
2459 4749 2570 4804 ἀπὸ
2595 4749 2652 4802 δὲ
2679 4748 2814 4802 Θεοῦ
2843 4751 2938 4803 καὶ
2967 4751 3026 4802 ἐν
3053 4748 3194 4821 Θεῷ.
3231 4749 3390 4816 Ἀλλὰ
3418 4751 3483 4804 τὺ
3517 4751 3614 4822 μὲν
3639 4750 3660 4782 ⁸

2084 4843 2378 4914 μονογενὴς
2407 4843 2536 4908 Υίὺς
2574 4843 2957 4914 ἀκατάληπτος
2984 4881 2998 4905 ,
3023 4843 3084 4896 τὸ
3113 4842 3171 4896 δὲ
3209 4841 3438 4918 Πνεῦμα
3467 4843 3664 4898 ἀκατά-

2079 4935 2314 5006 ληπτον,
2345 4937 2410 4989 ὲκ
2437 4934 2572 4988 Θεοῦ
2599 4935 2654 4988 δὲ
2675 4975 2690 4998 ,
2741 4935 2835 4988 καὶ
2862 4935 2965 4988 οὐκ
2997 4935 3276 5007 ἀλλότριον
3329 4936 3545 5008 Πατρός
3571 4937 3664 4990 καὶ

2081 5024 2232 5079 Tia").
2281 5025 2354 5078 Οὐ
2399 5025 2692 5095 συναλοιφῇ
2735 5023 2794 5077 δέ
2831 5025 2949 5076 ἐστι
2977 5024 3154 5095 Πατρὶ
3189 5023 3285 5076 καὶ
3329 5023 3448 5094 Υίῷ
3475 5039 3488 5052 ·
3529 5021 3662 5076 ἀλλά

2081 5118 2251 5190 Τριάς
2284 5117 2372 5171 ἀεὶ
2395 5113 2532 5172 οὖσα
2555 5118 2654 5188 τῆς
2681 5117 2852 5188 αὐτῆς
2873 5117 3062 5180 οὐσίας
3080 5157 3097 5182 ,
3120 5117 3224 5188 οὐχ
3257 5115 3452 5186 ἑτέρας
3479 5116 3662 5177 οὐσίας

2082 5207 2234 5278 παρὰ
2270 5206 2368 5278 τὴν
2396 5206 2644 5278 θεότητα,
2685 5207 2786 5278 οὐχ
2816 5205 2978 5279 ἑτέρα
3020 5205 3210 5278 θεότης
3253 5204 3403 5276 παρὰ
3429 5205 3530 5276 τὴν
3575 5205 3661 5258 06-
3775 5257 3786 5275 ,

2083 5299 2223 5364 σίαν,
2258 5297 2392 5352 ἀλλά
2441 5296 2768 5371 αὐτοθεότης
2817 5297 2910 5352 καὶ
2955 5300 3022 5352 ὲκ
3063 5295 3164 5368 τῆς
3211 5296 3383 5366 αὐτῆς
3410 5294 3662 5366 θεότητος

2081 5391 2210 5455 Υίδς
2232 5392 2326 5450 καὶ
2352 5392 2414 5445 τὸ
2437 5391 2592 5460 ἅγιον
2621 5390 2865 5462 Πνεῦμα.
2891 5391 3002 5444 Καὶ
3030 5390 3094 5444 τὺ
3121 5390 3220 5460 μὲν
3249 5389 3477 5460 Πνεῦμα
3503 5387 3660 5441 Πνεῦ-

2083 5502 2162 5556 μα
2187 5485 2343 5555 ἅγιον
2366 5525 2381 5551 ,
2433 5487 2461 5538 6
2492 5485 2550 5540 δὲ
2583 5485 2711 5550 Υἱὸς
2737 5485 2886 5556 Υἱός.
2929 5485 3002 5538 T6
3027 5484 3086 5537 δὲ
3121 5483 3346 5554 Πνεῦμα
3381 5481 3536 5554 παρά
3559 5481 3660 5534 Πα-

2080 5579 2210 5649 τρὸς
2263 5580 2694 5652 ἐκπορευόμενον
2761 5580 2858 5634 καὶ
2887 5579 2980 5633 τοῦ
3017 5576 3145 5632 Υίοῦ
3177 5576 3454 5648 λαμϐάνον
3476 5593 3490 5605 ·
3519 5577 3656 5646 ἐρευ-

3551 5683 3653 5748 ⁶Ι¹ο

2081 5695 2100 5725 ⁸
2141 5693 2199 5750 F.
2235 5695 2433 5761 ἑνικόν,
2474 5695 2558 5752 vel
2619 5695 2884 5752 ἐνοικοῦν.
2961 5695 2982 5728 ⁵
3019 5691 3083 5750 Ρ.
3117 5692 3448 5764 γενομένων.
