3990 6228
304 413 407 468 εον

1001 419 1368 479 ADVERSUS
1403 421 1744 482 HERESES
1782 425 1903 482 LIB.

2012 429 2040 483 Ι.
2082 429 2242 485 TOM.
2283 428 2704 489 1.-11ιΕΠΕ8.
2732 429 2965 487 LXXIV.

3453 426 3563 482 £98

302 530 412 584 νῶν
463 529 536 584 τά
576 530 717 604 βάθη
746 532 840 587 τοῦ
866 534 1004 590 θεοῦ
1027 575 1044 602 ,
1081 537 1410 609 άναγγέλλον
1438 541 1506 596 τά
1553 542 1682 596 Υίοῦ
1718 543 1776 597 ὲν
1801 545 1884 597 κό-

2012 557 2212 604 anctus
2242 548 2476 604 exsistit.
2519 546 2705 618 Itaque
2749 547 3010 617 Spiritus,
3055 544 3293 616 Spiritus
3336 555 3563 600 sanctus

304 637 449 694 σμῳ,
478 623 723 692 ἁγιάζον,
768 626 955 695 ἁγίους
997 629 1184 684 ποιοῦν
1212 631 1300 684 διά
1335 632 1435 702 τῆς
1459 632 1728 704 Τριάδος·
1760 635 1878 706 τρί-

300 726 396 763 τον
439 715 508 783 τῇ
541 715 838 787 ὀνομασίᾳ,
873 718 1060 789 ἐπειδὴ
1099 720 1132 790 ή
1172 721 1341 790 Τριάς
1387 723 1503 774 ἐστι
1537 723 1756 795 Πατὴρ,
1786 725 1882 778 καὶ

300 801 435 867 Υίὸς
457 843 470 862 .
512 804 608 858 καὶ
648 805 804 875 ἅγιον
835 808 1080 880 Πνεῦμα.
1117 812 1499 879 Ἀπελθόντες
1537 813 1646 885 γὰρ
1670 854 1685 880 ,
1729 817 1883 888 φησὶ,

299 893 642 957 βαπτίσατε
670 900 758 965 εἰς
795 898 862 952 τὸ
916 900 1105 971 ὄνομα
1154 903 1262 958 τοῦ
1314 906 1547 974 Πατρὸς
1575 946 1590 971 ,
1644 909 1743 962 καὶ
1777 909 1884 964 τοῦ

308 983 476 1047 Υιοῦ,
505 985 604 1038 καὶ
641 987 816 1055 ἁγίου
845 991 1189 1060 Πνεύματος
1209 1008 1224 1022 ο
1254 993 1588 1067 ἐπισφραγὶς
1647 998 1750 1070 τῆς
1795 1001 1887 1072 χά-

303 1089 491 1162 ριτος,
541 1075 603 1128 οὐ
657 1078 675 1109 ¹
709 1078 1006 1151 σύνδεσμος
1038 1083 1137 1153 τῆς
1164 1085 1426 1155 Τριάδος,
1475 1090 1575 1144 οὐκ
1612 1090 1894 1162 ἀλλότριον

301 1161 400 1217 τοῦ
449 1165 724 1238 ἁγιασμοῦ
753 1211 769 1236 ,
807 1171 868 1224 οὐ
911 1172 1134 1238 διεστὼς
1180 1178 1246 1248 τῇ
1295 1177 1566 1252 ὀνομασίᾳ
1589 1221 1605 1246 ,
1644 1181 1744 1234 οὐκ
1779 1161 1886 1235 Ῠάλ·

304 1254 522 1341 λάτριον
556 1259 658 1330 τῆς
685 1259 929 1333 δωρεᾶς·
987 1265 1104 1318 ἀλλ’
1156 1262 1238 1330 εἷς
1275 1267 1445 1333 Θεὸς,
1511 1271 1610 1341 μία
1670 1272 1851 1336 πίστις
1877 1313 1890 1338 ,

302 1340 390 1408 εἷς
420 1347 653 1418 Κύριος,
719 1350 778 1405 ἓν
815 1354 1100 1426 χάρισμα,
1145 1357 1246 1427 μία
1285 1340 1611 1431 Ἐκκλησία,
1676 1361 1735 1416 ἓν
1793 1364 1892 1434 βά-

305 1452 544 1508 πτισμα.

1987 647 2092 702 cst,
2126 647 2180 693 et
2211 637 2402 703 Filius,
2432 637 2638 703 Filius;
2684 636 2922 707 Spiritus
2954 649 3083 690 vero
3117 650 3147 688 a
3175 632 3334 688 Patre
3369 648 3561 703 proce-

1987 735 2122 788 dens
2139 734 2180 796 ’,
2210 733 2369 803 θοι
2407 740 2460 789 et
2491 732 2676 787 aFilio
2704 731 3044 804 accipiens',
3075 745 3140 784 ac
3171 729 3264 784 Dei
3295 726 3562 797 profunda

1989 839 2341 892 perscrutans
2362 824 2406 889 ⁸,
2455 833 2510 879 et
2547 839 2668 894 quae
2721 822 2789 877 ad
2833 821 3024 876 Filium
3073 829 3320 891 spectant
3361 818 3565 872 mundo

1990 916 2286 972 nuntians:
2341 915 2717 978 sanctiﬁcans,
2758 922 2810 968 et
2840 921 3063 969 sanctos
3107 927 3200 981 per
3241 910 3564 965 Trinitatem

1990 1005 2247 1062 eliiciens.
2305 1007 2409 1073 Qui
2441 1015 2496 1062 et
2541 1006 2902 1076 appellatione
2931 1003 3126 1059 tertius
3171 1009 3276 1066 est,
3307 1000 3566 1071 quoniam

1999 1092 2240 1150 Trinitas
2293 1103 2379 1151 est
2423 1094 2585 1151 Pater
2618 1104 2673 1152 et
2705 1094 2876 1150 Filius
2949 1101 3005 1149 et
3041 1091 3280 1162 Spiritus
3323 1097 3568 1146 sanctus.

2000 1184 2197 1242 Euntes
2223 1187 2386 1251 enim,
2430 1189 2628 1257 inquit,
2661 1187 2929 1256 baptizata
2961 1185 3015 1241 in
3048 1185 3255 1239 nomine
3286 1181 3466 1236 Patris
3518 1187 3571 1234 et

2001 1275 2153 1333 Filii.
2178 1289 2230 1334 et
2259 1277 2493 1349 Spiritus
2520 1282 2755 1335 sancti".
2818 1278 2962 1335 Idem
2993 1279 3084 1332 ille
3114 1275 3302 1348 gratia:
3334 1272 3572 1344 sigillum

1999 1378 2085 1425 est
2137 1386 2202 1425 ac
2244 1370 2528 1428 Trinitatis
2553 1373 2852 1440 vinculum,
2885 1371 2977 1441 qui
3015 1385 3115 1425 nec
3145 1383 3176 1423 a
3215 1363 3574 1437 productione
3652 1354 3666 1360 ’“

2002 1461 2312 1519 sanctitatis
2345 1463 2674 1530 excluditur,
2733 1477 2834 1519 nec
2872 1461 3234 1533 appellatione
3267 1459 3570 1526 discrepat,

307 1542 469 1622 necs
506 1529 792 1622 largitione
823 1537 1068 1593 muneris
1116 1537 1327 1596 alienus
1364 1549 1470 1610 est,
1502 1543 1597 1600 sed
1656 1561 1800 1602 unus
1853 1557 1942 1603 est
1983 1550 2150 1622 Deus,
2198 1569 2305 1609 una
2347 1555 2506 1621 ﬁdes,
2555 1529 2699 1612 unus
2750 1529 3032 1622 Dominus,
3092 1568 3199 1611 una
3240 1551 3435 1622 gratia,
3465 1563 3572 1602 una

303 1614 579 1684 Ecclesia,
611 1618 917 1706 baptismus
947 1639 1112 1681 unus.

382 1706 480 1763 IB'.
522 1709 634 1763 Ἀεὶ
657 1712 763 1784 γὰρ
800 1715 834 1784 ή
856 1714 1047 1786 Τριὰς,
1087 1716 1162 1780 ὡς
1196 1717 1456 1785 πολλάκις
1485 1722 1642 1795 ἔφην,
1680 1726 1774 1779 καὶ
1803 1728 1895 1781 ού-

2078 1730 2192 1787 Xll.
2236 1734 2443 1804 Quippe
2472 1711 2716 1789 Trinitas
2741 1748 2953 1804 semper
2986 1741 3090 1798 est,
3123 1743 3179 1785 ut
3211 1733 3408 1802 saepius
3437 1733 3574 1796 dixi,

304 1795 500 1851 δέποτε
522 1800 556 1869 ἡ
580 1800 750 1870 Τριὰς
771 1801 1088 1874 προσθήκην
1107 1803 1481 1876 λαμϐάνει,ὼς
1503 1810 1739 1880 γλυκέως
1758 1816 1902 1870 ἔστιν

2012 1840 2107 1880 nec
2150 1825 2314 1880 ullam
2345 1841 2583 1896 unquam
2621 1826 2990 1882 accessionem
3024 1825 3170 1894 capit
3200 1843 3212 1879 :
3258 1825 3308 1878 id
3349 1825 3491 1894 quod
3525 1835 3578 1880 et

309 1891 616 1961 ὖμολογεῖν,
647 1897 740 1949 καὶ
767 1898 1083 1968 ἀκορέστως
1117 1900 1319 1970 λέγειν.
1355 1907 1596 1961 Γλυκέα
1624 1911 1755 1980 γὰρ,
1793 1931 1898 1982 φη·-

312 1985 402 2036 σὶν
426 1985 456 2038 ὁ
489 1987 798 2058 προφήτης.
842 1988 924 2055 τῷ
973 1989 1230 2062 λάρυγτί
1259 2011 1382 2063 μου
1416 1996 1488 2051 τὰ
1539 1999 1713 2070 λόγιά
1760 2018 1898 2057 σου.

309 2073 428 2127 Καὶ
459 2076 508 2127 εί
536 2075 604 2129 τά
651 2076 808 2146 λόγια
853 2079 1078 2149 γλυκέα,
1121 2083 1274 2155 πόσῳ
1301 2102 1364 2154 γε
1413 2085 1614 2158 μᾶλλον
1643 2089 1703 2142 τὸ
1732 2091 1902 2162 ὄνομα

309 2165 375 2256 τὸ
407 2166 563 2235 ἆγιον
584 2170 618 2239 ἡ
647 2169 835 2240 Τριὰς,
872 2174 904 2244 ἡ
937 2174 1088 2245 πηγὴ
1117 2175 1298 2247 πάσης
1323 2178 1694 2250 γλυκύτητος;
1733 2184 1904 2256 Τριάς

311 2251 409 2309 οὖν
441 2256 616 2322 οὕτως
647 2260 1048 2335 ἀριθμουμένη,
1078 2265 1288 2338 Πατήρ,
1318 2269 1413 2321 καὶ
1445 2269 1592 2336 Υίὸς,
1629 2275 1722 2327 καὶ
1751 2251 1903 2344 ἅγιον

310 2347 564 2420 Πνεῦμα.
604 2351 679 2402 ού
723 2352 1016 2426 συναλοιφή
1038 2354 1095 2407 δὲ
1131 2357 1380 2427 ήΤριὰς,
1415 2360 1475 2412 ού
1508 2360 1772 2417 διεστῶσα
1803 2365 1903 2436 τῆς

314 2439 520 2511 ἑαυτῆς
547 2442 773 2512 μονάδος
791 2461 802 2473 ·
836 2447 893 2497 ὲν
924 2445 1218 2501 ῦποστάσει
1244 2448 1300 2501 δὲ
1332 2450 1668 2524 τελειότητος
1694 2455 1900 2521 τέλειος

315 2531 348 2584 ὃ
384 2531 595 2604 Πατὴρ,
636 2533 839 2600 τέλειος
875 2538 904 2590 ὁ
937 2538 1088 2605 Υἱὸς,
1118 2539 1321 2594 τέλειον
1370 2542 1429 2595 τὸ
1467 2544 1623 2613 ἅγιον
1655 2547 1902 2620 Πνεῦμα,

313 2623 515 2694 Πατὴρ
543 2623 659 2678 καὶ
719 2626 846 2692 Υίὸς
883 2630 977 2681 καὶ
1023 2631 1176 2700 ἅγιον
1220 2634 1461 2707 Πνεῦμα.
1497 2639 1570 2692 Τὸ
1601 2639 1658 2693 δὲ
1697 2641 1908 2694 ἀνάπα-

315 2718 403 2769 λιν
431 2717 659 2788 Πνεῦμα
699 2722 1026 2792 ταττόμενον
1075 2727 1132 2778 ὲν
1184 2727 1524 2800 χαρίσμασι·
1583 2732 1906 2801 Διαιρέσεις

315 2809 432 2880 γὰρ
475 2813 861 2882 χαρισμάτων
895 2817 1037 2881 εἶσὶ,
1079 2817 1146 2890 τὸ
1179 2819 1247 2873 δὲ
1290 2823 1438 2876 αὐτὸ
1485 2825 1758 2894 Πνεῦμα·
1806 2829 1903 2880 καὶ

313 2901 642 2970 διαιρέσεις
686 2903 1004 2960 διακονιῶν
1044 2911 1221 2978 εἰσιν,
1254 2915 1287 2966 ὁ
1325 2912 1394 2965 δὲ
1426 2915 1608 2983 αὐτὸς
1655 2919 1904 2986 Κύριος·

315 2993 421 3045 καὶ
477 2992 798 3063 διαιρέσεις
846 2998 1261 3070 ἐνεργημάτων
1309 3004 1488 3070 εἰσὶν,
1536 3009 1570 3060 ὁ
1609 3006 1677 3060 δὲ
1725 3011 1908 3077 αὐτὸς

316 3083 490 3151 Θεὸς.
518 3088 551 3139 ό
584 3086 843 3157 ἐνεργῶν
868 3088 938 3142 τὰ
971 3090 1169 3145 πάντα
1197 3093 1267 3146 ἐν
1293 3093 1470 3154 πᾶσι.

391 3355 613 3410 Τούτων
645 3357 702 3410 δὲ
735 3357 910 3423 οὕτως
949 3359 1202 3431 ἐχόντων,
1237 3363 1662 3437 ἁσφαλισὼμεθα
1701 3366 1777 3438 μὴ
1801 3369 1909 3421 ἐκ-

315 3449 580 3518 πέσωμεν
616 3450 715 3521 τῆς
737 3452 996 3525 ἀληθείας
1017 3472 1031 3485 ·
1064 3455 1178 3509 ἀλλ’
1207 3457 1632 3529 ὁμολογήσωμεν
1660 3458 1758 3529 τὴν
1781 3460 1906 3531 ἀλή-

314 3543 499 3604 θειαν,
545 3543 605 3595 οὺ
656 3546 1084 3617 συνηγοροῦντες
1127 3549 1267 3620 ὑπὲρ
1297 3549 1453 3614 Θεοῦ,
1507 3549 1626 3603 ἀλλ’
1668 3551 1909 3615 εὐσεϐῶς

311 3632 590 3697 νοοῦντες,
627 3634 713 3688 ἶνα
750 3637 824 3708 μὴ
865 3637 1216 3709 ἀπολώμεθα.
1253 3640 1593 3695 Ἀνένδεκτον
1639 3643 1748 3714 γὰρ
1790 3661 1908 3696 κτι-

320 3726 452 3778 στόν
481 3743 530 3779 τι
560 3729 617 3778 ὲν
646 3727 836 3798 Τριάδι
870 3729 1069 3798 λέγειν,
1101 3731 1133 3802 ἢ
1178 3731 1525 3797 διανοεῖσθαι,
1554 3733 1587 3806 ἢ
1624 3735 1910 3805 ἐπιγεννή-

317 3819 414 3870 τύν
434 3837 446 3849 ·
479 3819 615 3872 ἀλλὰ
643 3815 708 3890 ἦν
739 3820 826 3873 dei.
851 3822 1038 3894 Πατὴρ
1068 3825 1160 3876 καὶ
1187 3823 1313 3887 Υἱὸς
1364 3827 1458 3878 καὶ¹
1487 3825 1640 3894 ἅγιον
1664 3826 1906 3898 Πνεῦμα.

317 3910 465 3964 Οὔτε
500 3911 821 3979 συνάδελφος
862 3912 988 3977 Υἱὸς
1033 3915 1228 3986 Πατρὶ,
1273 3915 1401 3968 οὔτε
1451 3917 1780 3988 συναλοιφή’
1817 3920 1912 3970 καὶ

319 4003 386 4055 τὸ
415 4001 640 4074 Πνεῦμα
687 4002 809 4057 οὔτε
855 4004 1172 4078 συναλοιφὴ,
1220 4007 1342 4060 οὕτε
1377 4007 1703 4077 συνάδελφον
1739 4010 1913 4079 Πατρὶ

322 4097 422 4149 καὶ
451 4096 580 4167 Υίῷ,
611 4097 756 4169 [οὔτε
782 4099 1076 4172 συναλοιφὴ
1104 4101 1164 4153 τὸ
1187 4102 1412 4173 Πνεῦμα
1436 4103 1610 4174 Πατρὶ
1631 4105 1724 4155 καὶ
1752 4101 1910 4173 Υίῷο]

325 4187 460 4250 Υἱὸς
503 4189 558 4240 δὲ
587 4192 841 4259 γεννητὸς
873 4195 937 4244 ἐκ
980 4193 1213 4264 Πατρὸς,
1246 4195 1340 4247 καὶ
1385 4192 1607 4264 Πνεῦμα
1654 4193 1913 4264 προελθὸν

322 4281 391 4330 ἐκ
421 4280 652 4350 Πατρός.
672 4280 1100 4352 Ἀνεκδιηγήτως
1127 4283 1226 4354 τῆς
1253 4283 1478 4355 Τριάδος
1500 4283 1666 4354 οὔσης
1697 4286 1754 4336 ἐν
1782 4301 1914 4338 ταυ-

319 4370 515 4441 τότητι
541 4371 837 4440 δοξολογία,
889 4375 982 4427 καὶ
1015 4374 1415 4446 ἁκαταλήπτως
1457 4374 1587 4428 Υξοῦ
1620 4376 1770 4438 ὄντος
1816 4375 1914 4427 σὺν

324 4463 507 4532 Πατρὶ
549 4463 644 4516 καὶ
685 4464 962 4536 Πνεύματι
1008 4465 1147 4536 ἁγίῳ
1187 4465 1467 4529 ὡσαύτως,
1509 4466 1604 4518 καὶ
1647 4466 1914 4536 μηδέποτε

2009 1917 2251 1986 proﬁteri
2282 1918 2668 1974 suavissimum
2696 1925 2801 1980 est,
2840 1926 2894 1971 ct
2925 1917 3044 1970 sine
3084 1917 3189 1968 ulla
3220 1917 3468 1970 satietate
3495 1917 3579 1970 di-

2007 2007 2169 2061 citur.
2195 2005 2328 2060 Nam
2358 2006 2631 2078 Propheta
2674 2007 2872 2062 cecinit
2901 2023 2913 2058 :
2953 2005 3145 2060 Dulcia
3187 2020 3306 2059 sunt
3340 2007 3578 2073 faucibus

2009 2099 2138 2152 meis
2165 2099 2371 2169 eloquia
2402 2108 2493 2153 tua
2524 2100 2564 2155 °.
2597 2097 2801 2165 Quodsi
2847 2098 3060 2167 eloquia
3087 2099 3200 2167 ipsa
3234 2099 3414 2152 dulcia
3448 2097 3580 2163 sint,

2008 2200 2214 2260 quanto
2265 2199 2349 2246 est
2393 2206 2594 2246 nomen
2640 2191 2818 2260 ipsum
2853 2188 3141 2244 Trinitatis
3187 2190 3422 2250 dulcius,
3459 2206 3582 2259 quae

2009 2279 2226 2346 quidem
2268 2277 2390 2334 fons
2420 2285 2472 2333 et
2497 2279 2650 2348 origo
2693 2279 2984 2334 suavitatis
3024 2280 3201 2333 omnis
3240 2280 3360 2334 est?
3404 2279 3582 2344 Quare
3670 2279 3674 2282 ’

2009 2367 2254 2422 Trinitas
2306 2370 2482 2426 tribus
2515 2370 2665 2425 hisce
2717 2377 3058 2433 numera-tur,
3104 2371 3282 2433 l’atre,
3334 2370 3472 2425 Filio
3529 2381 3582 2424 et

2007 2457 2218 2530 Spiritu
2254 2473 2477 2524 sancto;
2514 2477 2690 2532 neque
2731 2476 2861 2517 vero
2896 2462 3222 2516 confusione
3255 2463 3489 2533 quadam
3529 2465 3587 2516 in‘

2011 2569 2176 2608 unum
2210 2555 2496 2626 redigitur,
2532 2570 2633 2609 nec
2663 2571 2691 2608 a
2723 2569 2821 2610 sua
2855 2556 3062 2608 unitate
3093 2555 3446 2626 disjungitur,
3487 2556 3582 2609 sed

2011 2645 2064 2698 in
2095 2643 2332 2713 perfecta
2371 2646 2724 2701 subsistentia
2758 2646 3032 2716 perfectus
3067 2658 3150 2701 est
3175 2646 3352 2712 Pater,
3388 2647 3570 2713 peric-

2010 2747 2132 2792 ctus
2166 2736 2373 2800 Filius,
2413 2739 2687 2808 perfectus
2725 2740 2960 2809 Spiritus
3005 2749 3264 2801 sanctus,
3317 2739 3474 2794 Pater
3529 2747 3584 2792 ct

2011 2822 2181 2879 Filius
2229 2833 2280 2879 et
2342 2826 2578 2896 Spiritus
2607 2834 2849 2882 sanctus.
2897 2825 3137 2880 Rursum
3177 2842 3304 2880 vero
3345 2825 3584 2895 Spiritus

2011 2915 2306 2985 largiendis
2347 2915 2505 2969 donis
2555 2916 2874 2968 attribuitur
2916 2935 2927 2969 :
2975 2915 3265 2968 Divisioucs
3299 2916 3436 2968 enim
3464 2932 3588 2984 gra-

2013 3008 2208 3060 tiarum
2239 3017 2359 3060 sunt
2380 3047 2394 3071 ,
2427 3007 2516 3061 sed
2561 3007 2696 3060 idem
2728 3007 2996 3072 Spiritus;
3030 3016 3078 3061 et
3111 3008 3391 3060 divisiones
3431 3008 3588 3058 mini-

2010 3097 2291 3149 steriorum
2338 3108 2479 3161 sunt,
2509 3097 2646 3149 idem
2697 3113 2815 3150 vero
2873 3095 3161 3159 Dominus;
3211 3105 3256 3149 et
3304 3097 3585 3149 divisiones

1925 3188 1970 3248 C
2003 3190 2366 3257 operationum
2427 3201 2570 3245 sunt.
2628 3187 2763 3241 idem
2808 3204 2924 3240 vero
2991 3186 3147 3254 Deus,
3200 3188 3288 3256 qui
3340 3198 3588 3255 operatur

2006 3281 2182 3333 omnia
2221 3281 2273 3334 it:-
2298 3282 2534 3333 omm'ims
2567 3281 2609 3332 ⁷.

2079 3371 2212 3438 Quae
2237 3387 2361 3426 cum
2386 3373 2459 3425 ita
2493 3388 2551 3426 se
2573 3373 2832 3438 habeant,
2859 3386 3154 3428 caveamus
3175 3370 3486 3442 diligenter,
3520 3387 3590 3426 ne

2009 3465 2290 3520 averitate
2335 3466 2685 3530 aberremus;
2738 3466 2832 3520 sed
2883 3465 3165 3520 veritatem
3207 3464 3585 3536 proﬁteantur,

2011 3571 2120 3609 non
2152 3554 2259 3609 Deo
2289 3557 2722 3623 patt'ocinanlcs.
2765 3556 2856 3610 sed
2894 3557 2981 3624 pic
3016 3555 3067 3610 id
3102 3554 3488 3627 intelligentes,
3521 3572 3592 3611 ne

2012 3645 2304 3714 aliquando
2335 3660 2644 3714 pereamus.
2680 3643 2817 3698 Fieri
2853 3649 3051 3714 quippe
3090 3646 3244 3699 nullo
3283 3645 3448 3700 modo
3485 3661 3585 3714 po-

2011 3743 2138 3798 test,
2195 3742 2252 3786 ut
2301 3742 2545 3787 creatum
2596 3733 2854 3802 quiddam
2911 3734 2962 3786 iu
3012 3732 3280 3787 Triuitate
3317 3733 3588 3798 dicamus,

2013 3826 2095 3879 vel
2125 3826 2426 3895 cogitemus
2455 3825 2643 3890 etiam,
2675 3834 2769 3878 aut
2791 3824 2948 3892 cujus
2980 3832 3166 3892 Postea
3206 3825 3346 3877 facta
3385 3825 3454 3878 sit
3493 3841 3591 3877 ac-

2013 3917 2225 3981 cessio;
2265 3915 2356 3970 sed
2384 3926 2644 3985 perpetuo
2705 3914 2864 3969 Pater
2893 3913 2994 3968 fuit
3026 3922 3079 3968 et
3123 3912 3294 3969 Filius
3328 3922 3380 3967 et
3422 3913 3592 3984 Spiri-

2015 4017 2102 4064 tus
2142 4019 2384 4062 sauctus.
2418 4006 2604 4078 Neque
2652 4005 2824 4062 Filius
2863 4022 3158 4077 germanus
3192 4005 3374 4062 Patris
3401 4006 3590 4072 frater,

2016 4115 2191 4171 neque
2230 4116 2354 4154 cum
2395 4100 2488 4153 illo
2510 4099 2774 4155 confusus
2804 4109 2906 4154 est.
2942 4099 3205 4153 Similiter
3240 4115 3416 4168 neque
3446 4114 3580 4154 cou-

2017 4195 2173 4248 fusus
2201 4203 2284 4248 est
2341 4192 2609 4263 Spiritus,
2653 4207 2828 4261 neque
2875 4191 3052 4246 Patris
3100 4190 3329 4262 Filiique
3367 4207 3580 4261 germa-

2017 4300 2121 4339 nus
2160 4295 2244 4339 est
2271 4303 2287 4339 :
2318 4283 2490 4338 Filius
2526 4299 2556 4337 a
2591 4284 2750 4338 Patre
2775 4283 3012 4354 genitus,
3045 4299 3074 4336 a
3113 4299 3222 4353 quo
3252 4283 3498 4352 procedit
3526 4290 3582 4338 ct

2019 4376 2276 4448 Spiritus.
2301 4376 2451 4432 Adeo
2476 4383 2533 4430 ut
2557 4375 2797 4430 Trinitas
2830 4391 2894 4430 eo
2925 4376 3109 4441 modo,
3137 4377 3229 4446 qui
3271 4376 3458 4432 verbis
3496 4392 3592 4432 ex-

2017 4457 2208 4538 plicari
2245 4483 2352 4520 non
2389 4475 2588 4536 potest,
2630 4468 2686 4524 in
2725 4466 2914 4521 eadem
2959 4467 3132 4536 gloria
3167 4482 3229 4520 ac
3277 4466 3592 4521 laudatione

322 4553 712 4626 διαλειπούσης
743 4557 840 4626 τῆς
875 4557 1103 4626 Τριάδος
1130 4555 1231 4626 τῆς
1258 4557 1426 4628 αὐτῆς
1452 4557 1771 4627 ὰῖδιότητος.
1798 4559 1903 4611 Πα-

2019 4559 2318 4624 consistat;
2355 4569 2410 4613 et
2456 4556 2625 4613 Filius
2682 4573 2805 4612 cum
2847 4555 3002 4612 Patre
3049 4556 3368 4629 Spirituque
3402 4567 3594 4613 sancto

319 4645 434 4716 τὴρ
467 4641 562 4699 οὖν
595 4647 682 4700 ἀεὶ
724 4648 1020 4719 ἀγέννητος
1072 4649 1162 4700 καὶ
1197 4648 1449 4712 ἄκτιστος
1510 4649 1603 4702 καὶ
1640 4649 1914 4719 ἀκατάλη-

324 4754 464 4802 πτος
487 4757 502 4771 ο
541 4739 668 4804 Υἱὸς
697 4740 753 4793 δὲ
807 4743 1082 4812 γεννητὸς,
1125 4741 1241 4796 ἀλλ’
1286 4742 1538 4806 ἄκτιστος
1572 4743 1664 4796 καὶ
1711 4744 1916 4797 ἀκατά-

324 4829 554 4902 ληπτος.
577 4832 800 4905 Πνεῦμα
823 4833 975 4902 ἅγιον
999 4834 1105 4902 ἀεὶ,
1131 4835 1190 4886 ού
1211 4836 1486 4906 γεννητὸν,
1503 4837 1562 4889 οὐ
1591 4837 1833 4890 κτιστὸν.
1853 4838 1912 4889 οὐ

327 4923 682 4993 συνάδελφον,
705 4927 766 4979 οὐ
797 4926 1165 4997 προπάτορον,
1189 4927 1287 4980 οὐκ
1313 4925 1551 4995 ἔγγονον,
1580 4927 1694 4980 ἀλλ’
1722 4929 1785 4980 ἐκ
1816 4928 1914 4997 τῆς

325 5015 505 5085 αὐτῆς
540 5017 726 5080 οὐσίας
765 5018 976 5090 Πατρὸς
1003 5020 1096 5073 καὶ
1135 5019 1285 5073 Υίοῦ.
1320 5019 1542 5089 Πνεῦμα
1578 5019 1734 5091 γὰρ-ὁ
1762 5019 1913 5083 Θεὸς.

2020 4650 2557 4723 incomprehensibili
2602 4650 2814 4704 ratione
2871 4649 2942 4704 sit
2988 4651 3354 4720 conjunctus,
3415 4666 3594 4721 neque

2017 4742 2261 4800 Trinitas
2301 4744 2369 4798 ab
2401 4759 2499 4796 sua
2537 4757 2774 4812 unquam
2810 4744 3112 4798 mternitate
3155 4745 3405 4796 desistat.
3435 4741 3595 4796 Sem-

2019 4852 2115 4907 per
2143 4837 2310 4905 igitur
2347 4835 2621 4905 ingenitus
2679 4843 2763 4888 est
2799 4835 3184 4903 increatusque
3216 4833 3375 4887 Pater
3423 4842 3475 4886 et
3511 4833 3594 4885 iu-

2017 4927 2577 4998 comprehensibilis:
2635 4925 2804 4980 Filius
2856 4926 3073 4996 genitus
3121 4924 3374 4995 quidem,
3426 4923 3588 4992 902

2019 5019 2112 5074 sed
2158 5021 2433 5072 iucreatus
2457 5025 2511 5072 et
2543 5017 3112 5087 incomprehensibilis
3140 5035 3152 5070 :
3186 5014 3423 5085 Spiritus
3458 5029 3591 5066 sau-

324 5113 458 5161 ctus
491 5123 599 5161 non
624 5110 862 5179 genitus.
898 5125 1005 5164 non
1037 5119 1275 5175 creatus,
1311 5125 1417 5163 non
1452 5123 1769 5179 germanus,
1797 5125 1904 5162 non
1944 5125 2101 5173 avus,
2141 5125 2246 5162 nou
2277 5122 2469 5177 nepos,
2499 5107 2591 5162 sed
2617 5123 2680 5161 ex
2730 5108 2916 5161 eadem
2971 5122 3094 5160 cum
3137 5105 3293 5158 Patre
3348 5103 3591 5173 Filioque

328 5200 667 5255 substantia.
697 5199 979 5269 Ejusmodi
1008 5209 1092 5256 est
1111 5200 1371 5272 Spiritus,
1398 5201 1643 5270 inquam,
1667 5209 1914 5256 sanctus;
1953 5201 2192 5272 Spiritus
2214 5201 2358 5254 enim
2385 5198 2528 5253 Deus
2558 5208 2660 5254 est.

405 5295 506 5348 ll".
538 5293 652 5364 Τῆς
678 5294 735 5347 δὲ
755 5293 1011 5364 τοιαύτης
1038 5292 1453 5364 ἢσφαλισμένης
1485 5292 1642 5363 ἡμῶν
1681 5283 1827 5362 ζωῆς
1856 5293 1910 5343 αξ

330 5387 636 5462 μαρτυρίαι
670 5387 729 5439 ὲν
762 5387 911 5457 πάσῃ
951 5386 1138 5457 Γραφῇ
1175 5385 1524 5457 ὲμφέρονται.
1563 5385 1695 5438 Ἀπὸ
1719 5385 1775 5438 δὲ
1805 5385 1914 5438 τῶν

329 5479 596 5536 πλειόνων
630 5478 789 5546 ὀλίγα
832 5475 1216 5547 παραθήσομαι
1247 5476 1387 5529 κατά
1416 5476 1477 5528 τὸ
1521 5475 1745 5530 δυνατόν
1765 5493 1778 5507 ο
1828 5477 1914 5529 ἵνα

327 5573 411 5645 μὴ
446 5572 762 5643 ἀμάρτυρον
800 5569 928 5642 περὶ
970 5568 1288 5639 Πνεύματος
1318 5567 1411 5620 καὶ
1459 5567 1518 5622 ἐν
1562 5567 1636 5638 τῷ
1690 5567 1914 5639 παρόντι

408 5753 426 5783 ι
470 5742 732 5821 Ετριιηςο
777 5755 959 5821 negat.
994 5747 1087 5821 οὐ.
1132 5746 1176 5821 _’
1215 5743 1372 5799 Joan.
1405 5761 1494 5821 xv.
1531 5744 1621 5798 26.
1699 5745 1719 5776 ³
1757 5744 1903 5800 Joan.

2012 5747 2303 5813 1,15,“).

328 5825 355 5856 ⁸
398 5814 770 5884 Ρειιιίωιῖιιι,
816 5814 936 5874 105.
1012 5819 1031 5850 ⁷
1071 5817 1088 5872 l
1122 5816 1246 5872 Cor.
1291 5831 1388 5884 xu,
1434 5814 1465 5869 4
1504 5831 1629 5885 sqq.

2093 5290 2231 5344 Xlll.
2267 5292 2443 5360 Atque
2477 5291 2643 5360 hujus
2681 5291 2899 5361 quidem
2936 5289 3078 5342 hunc
3117 5289 3170 5341 in
3208 5287 3424 5340 modum
3462 5303 3592 5340 cono

2022 5384 2227 5437 stituta:
2257 5381 2518 5436 salutaris
2550 5380 2672 5436 ﬁdei
2700 5381 2900 5450 passim
2935 5377 2990 5430 in
3018 5377 3316 5446 Seripturis
3340 5376 3594 5429 omnilms

2021 5481 2243 5530 exstant
2270 5472 2592 5544 consignata
2635 5471 2970 5527 testimonia.
3012 5468 3119 5522 Nos
3154 5476 3334 5520 autem
3371 5483 3435 5522 ex
3478 5469 3594 5536 pitt-

2021 5566 2176 5622 ribus
2216 5581 2386 5637 pauca
2425 5565 2670 5636 quaedam
2709 5579 2806 5633 pro
2841 5561 2976 5615 ririli
3017 5561 3354 5630 colligemus,
3403 5576 3470 5615 nc
3505 5575 3594 5614 ca-

2383 5747 2403 5777 ι
2447 5743 2620 5800 lCor.
2666 5758 2722 5803 ιι,
2763 5742 2840 5796 lt).
2922 5742 2940 5771 ⁵
2979 5737 3164 5795 Matth.
3263 5748 3467 5794 V‘Wlll,
3517 5735 3606 5823 i9:
