3990 6228
429 349 545 404 .599

1835 351 1891 407 S.
1929 346 2273 404 EPIPHANII

3597 342 3702 410 500

439 466 704 520 tholicum
733 465 866 520 Illud
893 465 962 524 de
1004 465 1210 538 Spiritu
1263 475 1454 524 sancto
1493 468 1690 540 dogma
1739 467 1860 526 sine
1891 469 2018 524 ullis

2125 466 2654 539 παρελεύσωμαιτὴν
2677 468 2968 539 ὑφήγησιν.
2997 465 3172 528 Εὐθὺς
3199 463 3296 536 μὲν
3319 463 3430 536 γὰρ
3456 464 3486 516 ὁ
3511 463 3704 535 Πατήρ

441 558 821 614 conﬁrmatum
847 559 1274 618 auctoritatibus
1307 564 1410 616 hoc
1445 562 1568 617 loco
1605 572 2016 632 praetereamus.

441 651 499 706 ln
541 652 734 722 primis
771 650 916 706 enim
950 649 1114 706 Pater
1146 653 1262 723 ipse
1297 653 1366 709 de
1390 653 1624 708 adventu
1653 653 1780 709 Filii
1828 657 1909 710 sic
1939 657 2020 710 lo-

439 743 630 811 quitur
657 759 670 794 :
705 739 908 796 Ponant
927 784 943 808 ,
981 741 1192 813 inquit,
1230 742 1490 814 Spiritum
1521 761 1693 800 meum
1724 747 1776 800 in
1805 749 1945 816 ipso,
1969 756 2019 815 et

437 831 698 897 iudicium
737 833 979 904 gentibus
1018 835 1286 889 nuntiabit
1319 835 1600 902 ‘.'Quibus
1634 839 1817 894 verbis
1845 837 2020 909 Spiri-

333 939 350 948 -ί
439 928 554 977 tu'm
591 938 750 979 suum
785 934 1037 980 sanctum
1081 927 1330 984 tidelibus
1375 929 1630 985 omnibus
1668 930 1736 985 ad
1769 931 2022 985 obtinen-

437 1014 564 1068 dam
589 1015 820 1070 salutem
857 1032 1048 1072 verum
1101 1033 1166 1072 ac
1187 1034 1508 1090 germanum
1541 1019 1708 1076 Deum
1744 1037 1868 1078 esse
1889 1038 2024 1092 prae-

439 1106 610 1160 dicat.
651 1107 879 1162 Accedit
906 1108 974 1164 ad
1004 1109 1107 1164 hoc
1137 1111 1510 1167 testimonium
1543 1111 1820 1184 Uuigeniti
1847 1108 2021 1184 ipsius

439 1199 743 1254 auctoritas
777 1217 791 1254 :
817 1198 1072 1269 Spiritus.
1099 1201 1300 1272 inquit,
1332 1203 1548 1258 Domini
1577 1220 1738 1274 super
1767 1221 1869 1271 me,
1890 1221 2018 1276 pro-

437 1295 552 1354 pter
581 1286 721 1356 quod
755 1289 907 1342 unxit
955 1305 1035 1344 me
1067 1293 1124 1355 ';
1156 1307 1268 1360 quo
1327 1292 1476 1349 illius
1531 1295 1910 1350 incarnatione
1965 1305 2020 1351 et

439 1377 646 1448 Spiritu
714 1388 906 1436 sancto
965 1382 1241 1448 stabilit,
1303 1391 1358 1439 et
1421 1383 1675 1442 ﬁdelibus
1733 1391 2016 1452 nuntiata,

2122 577 2256 631 φησι
2287 562 2418 634 περὶ
2444 562 2543 632 τῆς
2573 560 2668 613 τοῦ
2705 561 2835 614 Υίοῦ
2880 559 3201 630 παρουσίας,
3225 557 3305 610 ὃτι
3337 553 3608 624 ϐήσομαι
3637 553 3702 607 τὸ

2120 651 2366 722 Πνεῦμὰ
2392 671 2512 723 μου
2545 653 2640 706 ἐπ’
2675 653 2882 718 αὐτὸν,
2920 651 3016 705 καὶ
3047 651 3249 718 κρίσιν
3279 648 3406 716 τοῖς
3455 649 3702 702 ἔθνεσιν

2119 747 2464 815 ἀπαγγελεῖ,
2497 747 2581 798 ἵνα
2607 747 2825 818 γνήσιον
2873 741 3084 816 κηρύξῃ
3109 743 3239 796 Θεὸν
3269 741 3327 794 τὸ
3355 743 3510 810 ἆγιον
3541 739 3702 793 αὑτοῦ

2121 833 2344 906 Πνεῦμα
2367 835 2504 888 πᾶσι
2537 838 2748 898 πιστοῖς
2773 835 2852 898 είς
2900 833 3192 904 σωτηρίαν.
3231 833 3294 885 Et
3323 831 3380 884 δὲ
3410 833 3440 884 ὁ
3467 833 3704 900 Μονογε⁴

2120 925 2217 996 vi];
2253 929 2318 998 τῇ
2365 927 2502 998 αὐτῇ
2554 926 2832 998 μαρτυρίᾳ
2872 925 3130 1000 προσθεὶς
3173 924 3407 994 φάσκει·
3465 919 3706 987 Πνεῦμα

2120 1019 2344 1087 Κυρίου
2393 1018 2486 1072 ἐπ’
2519 1019 2643 1088 ἐμὲ,
2677 1013 2748 1074 οὗ
2791 1019 3002 1074 ἕνεκεν
3035 1016 3243 1088 ἕχρισέ
3273 1033 3350 1086 με
3371 1031 3385 1045 ⁸
3417 1014 3505 1068 ἵνα
3549 1015 3583 1084 ἡ
3621 1013 3704 1064 ἔν-

2121 1128 2324 1184 σαρκος
2353 1109 2518 1165 αὐτοῦ
2564 1112 2854 1182 παρουσία,
2889 1111 2984 1164 καὶ
3013 1109 3090 1181 τῷ
3125 1109 3404 1182 Πνεύματι
3449 1107 3528 1178 τῷ
3569 1107 3702 1178 ἁγίῳ

2118 1201 2518 1275 ἠσφαλισμένη,
2557 1204 2654 1258 καὶ
2685 1205 2899 1266 πιστοῖς
2928 1200 3328 1274 κηρυττομὲνη.
3364 1197 3554 1267 σαφῶς
3577 1199 3702 1267 ὁμο·

2119 1293 2324 1367 λογηθῇ
2353 1295 2464 1350 ἀπὸ
2490 1295 2590 1366 τῆς
2617 1293 2712 1349 τοῦ
2747 1293 2982 1367 Χριστοῦ
3015 1291 3342 1364 μαρτυρίας,
3365 1289 3450 1343 ὅτι
3476 1289 3580 1342 οὐκ
3607 1285 3699 1340 ἁλ-

2117 1387 2327 1458 λότριον
2357 1387 2416 1440 τὸ
2451 1387 2676 1457 Πνεῦμὰ
2713 1389 2828 1440 ἐστι
2851 1385 2947 1440 τοῦ
2988 1384 3144 1439 Θεοῦ.
3175 1383 3344 1436 Πάλιν
3366 1381 3424 1434 δὲ
3445 1385 3473 1434 ὁ
3501 1378 3702 1452 Κύριος

439 1467 726 1538 ipsiusmet
754 1469 965 1528 Christi
1009 1475 1396 1532 testiﬁcatione
1435 1488 1585 1533 certo
1617 1478 1750 1532 illud
1797 1493 2017 1534 assera-

2123 1480 2250 1550 περὶ
2290 1477 2386 1532 τοῦ
2421 1479 2758 1550 Πνεῦματος,
2802 1480 2883 1532 ὅτι
2923 1478 2994 1533 Τὸ
3045 1477 3290 1546 Πνεῦμα
3333 1475 3441 1529 τοῦ
3475 1474 3700 1541 Πατρός

435 1575 559 1616 mus
615 1563 856 1618 alienum
905 1578 936 1620 a
993 1563 1108 1621 Deo
1183 1583 1528 1638 nequaquam
1571 1585 1696 1625 esse
1751 1569 2016 1641 Spiritum

2123 1589 2233 1641 μου
2262 1571 2394 1626 ἐστὶ
2426 1571 2494 1625 τὸ
2539 1571 2776 1626 λαλοῦν
2815 1571 2886 1625 ἐν
2917 1569 3080 1640 ὑμῖν.
3119 1569 3229 1622 Καὶ
3277 1567 3462 1630 πάλιν,
3493 1566 3572 1628 ὡς
3606 1566 3700 1618 οὐκ

436 1657 711 1706 sanctum.
747 1649 989 1708 Rursum
1033 1654 1102 1710 de
1141 1654 1348 1726 Spiritu
1394 1657 1701 1715 Dominus:
1751 1661 2014 1728 Spiritus.

2123 1663 2401 1734 ἀλλοτρίου
2433 1662 2528 1718 τοῦ
2560 1662 2880 1734 Πνεὺματος
2924 1661 3279 1732 τυγχάνοντος
3320 1661 3420 1730 τῆς
3450 1658 3546 1711 τοῦ
3571 1657 3698 1710 Θεοῦ

436 1741 634 1812 inquit,
664 1741 848 1798 Patris
893 1745 996 1800 mei
1017 1755 1118 1810 est,
1147 1748 1236 1817 qui
1273 1747 1504 1818 loquitur
1533 1751 1588 1804 in
1623 1751 1768 1806 vobis
1803 1753 1844 1806 ³.
1870 1751 2018 1806 Prai-

2123 1757 2392 1832 θεότητος,
2417 1756 2750 1828 ἐνεφύσησεν
2783 1758 2862 1822 εἰς
2881 1757 2942 1810 τὸ
2970 1755 3262 1826 πρόσωπον
3288 1753 3396 1808 τῶν
3423 1752 3697 1822 μαθητῶν,

433 1841 586 1889 terea
630 1841 692 1887 ut
730 1834 800 1890 ab
834 1834 954 1904 ipsa
997 1835 1288 1893 divinitate
1321 1853 1432 1894 non
1463 1842 1862 1897 excludendum
1897 1858 2018 1900 esse

2123 1849 2214 1903 καὶ
2455 1818 2676 1904 Λαϐετέ
2725 1847 2969 1915 Πνεῦμα
3001 1818 3196 1916 ἀγιον.
3239 1845 3350 1898 Καὶ
3390 1843 3576 1904 πάλιν,
3620 1843 3700 1895 ἵνα

435 1921 703 1994 Spiritum
737 1925 1072 1992 ostenderet,
1109 1927 1285 1982 vultui
1314 1931 1686 2000 apostolorum
1715 1931 1936 2000 afflavit,
1965 1941 2019 1988 et

2123 1939 2264 2012 δείξῃ
2285 1939 2384 2010 τὴν
2415 1938 2608 1994 ἑαυτοῦ
2647 1937 2867 2010 ἰσότητα
2899 1938 2993 1993 καὶ
3052 1937 3446 2010 ὁμοουσιότητα
3478 1934 3614 2005 πρὸς
3645 1933 3701 1986 τὸ

433 2015 574 2072 diuit
629 2033 644 2071 :
711 2015 947 2086 Accipite
989 2015 1248 2086 Spiritum
1295 2032 1540 2077 sanetum
1560 2023 1603 2078 ⁸.
1679 2023 1900 2090 Adhtec,
1962 2033 2021 2080 ut

432 2109 696 2177 aequalem
731 2125 796 2164 ac
823 2113 1350 2170 consubstantialem
1409 2131 1512 2196 suo
1541 2115 1830 2188 Patrisque
1856 2117 2024 2189 Spiri-

435 2201 514 2254 tui
546 2211 738 2257 sancto
759 2219 816 2258 se
838 2218 961 2260 esse
983 2214 1334 2271 monstraret,
1363 2207 1426 2264 Si
1445 2208 1668 2279 diligitis
1693 2225 1794 2276 me,
1819 2211 2018 2281 inquit,

433 2293 690 2350 maudata
719 2303 835 2351 mea
861 2307 1095 2352 servate:
1121 2309 1170 2353 et
1192 2316 1284 2371 ego
1309 2300 1502 2372 rogabo
1521 2299 1758 2369 Patrem,
1785 2313 1833 2357 et
1854 2303 2020 2356 alium

433 2385 778 2442 Paraeletum
829 2389 980 2444 dabit
1035 2391 1179 2447 vobis
1201 2393 1244 2448 '.
1285 2391 1456 2459 Quasi
1509 2401 1564 2448 et
1608 2391 1873 2450 Dominus
1905 2395 2022 2466 ipse

433 2477 756 2537 Paracletus
780 2481 873 2548 sit,
905 2491 961 2538 et
991 2482 1234 2554 Spiritus
1263 2493 1491 2540 sanctus
1524 2485 1718 2541 eodem
1755 2485 1918 2541 modo
1947 2489 2020 2542 sit

431 2567 776 2628 Paracletus.
802 2571 1050 2642 Apostoli
1083 2589 1235 2640 vero,
1270 2583 1332 2630 ut
1363 2574 1717 2632 ostenderent
1755 2575 2020 2648 Spiritum

433 2672 688 2719 sanctum
753 2679 866 2720 non
907 2679 1032 2722 esse
1067 2681 1318 2732 servum,
1347 2667 1442 2724 sed
1485 2669 1679 2724 eadem
1728 2669 2019 2724 divinitate

435 2755 756 2826 praeditum,
820 2755 968 2813 illius
1027 2758 1412 2813 auctoritatem
1455 2773 1520 2815 ac
1587 2762 1886 2830 potentiam
1933 2761 2019 2816 his

432 2847 617 2903 verbis
660 2845 973 2918 signiﬁcant
1016 2865 1031 2902 :
1067 2846 1138 2902 Et
1182 2848 1319 2902 dixit
1355 2847 1586 2918 Spiritus
1626 2860 1886 2906 sanctus:
1920 2849 2015 2905 Se-

431 2945 642 3010 gregate
671 2937 799 2992 mihi
829 2937 1138 2994 Barnabam
1175 2949 1228 2994 et
1269 2938 1496 2996 Saulum
1541 2943 1594 2995 in
1626 2958 1754 3011 opus
1785 2943 1854 2996 ad
1878 2943 2018 3013 quod

431 3047 518 3086 eos
574 3031 752 3086 vocavi
787 3031 828 3094 ⁸.
879 3039 982 3087 etc.
1039 3030 1176 3086 Tum
1229 3033 1528 3103 Apostolus
1577 3037 1767 3090 eadem
1817 3035 2020 3092 diserte

432 3124 695 3181 declarat.
750 3123 1006 3180 Dominus
1057 3143 1198 3190 vero,
1253 3127 1453 3196 inquit,
1507 3127 1739 3196 Spiritus
1779 3137 1877 3183 est.
1919 3127 2018 3182 Ubi

433 3228 607 3272 autem
662 3215 896 3286 Spiritus
939 3217 1155 3273 Domini
1187 3229 1300 3283 est,
1351 3221 1462 3274 illic
1499 3221 1718 3275 libertas
1751 3223 1793 3276 ".
1841 3219 1970 3277 Item
2002 3241 2014 3276 :

445 3308 545 3362 Vos
579 3309 826 3376 templum
868 3309 968 3364 Dei
996 3311 1121 3365 estis
1143 3351 1159 3374 ,
1203 3321 1253 3365 et
1289 3310 1522 3381 Spiritus
1560 3311 1771 3368 Domini
1814 3313 2021 3369 habitat

435 3400 488 3452 in
521 3398 664 3454 vobis
697 3398 740 3453 ⁸.
780 3397 901 3453 Jam
945 3415 1077 3455 vero
1117 3417 1242 3455 cum
1297 3404 1558 3472 templum
1601 3401 1696 3459 Dei
1747 3405 1816 3460 ob
1870 3404 2018 3459 illam

435 3492 610 3549 sancti
659 3491 902 3562 Spiritus
931 3493 1324 3549 habitationem
1359 3511 1638 3560 vocemur,
1685 3498 1811 3568 quis
1843 3497 2023 3568 Spiri-

433 3591 548 3638 tum
589 3583 878 3654 repudiare
935 3585 1134 3640 audeat
1167 3594 1221 3640 et
1251 3601 1280 3639 a
1303 3583 1394 3641 Dei
1425 3587 1730 3642 substantia
1761 3588 2020 3657 rejicere;

433 3691 558 3728 cum
592 3675 798 3732 diserte
843 3675 948 3730 hoc
985 3677 1284 3746 Apostolus
1334 3686 1579 3742 asserat,
1621 3679 1885 3750 templum
1918 3697 2022 3736 nos

432 3781 558 3822 esse
593 3765 725 3830 Dei,
779 3775 1004 3838 propter
1033 3768 1194 3839 903
1243 3767 1508 3838 Spiritum
1545 3771 1698 3824 illum
1744 3782 2020 3836 sanctum,

435 3857 527 3927 qui
574 3858 630 3912 in
678 3856 861 3928 dignis
905 3858 1206 3914 habitat‘?
1249 3858 1518 3916 Praeterea
1576 3877 1814 3932 quonam
1863 3871 2023 3933 pacto

433 3951 648 4024 alienus
694 3967 724 4006 a
761 3950 873 4008 Deo
925 3961 1103 4023 potest
1163 3967 1288 4008 esse
1343 3951 1584 4024 Spiritus
1637 3953 1748 4016 ille,
1794 3955 1886 4026 qui
1929 3957 2021 4011 Dei

436 4043 707 4114 profunda
735 4051 1020 4100 scrutatur
1054 4045 1138 4099 '°?
1163 4045 1272 4100 Nec
1307 4053 1391 4102 est
1420 4045 1564 4116 quod
1595 4046 1730 4101 illud
1767 4047 2019 4116 objicias,

433 4141 667 4194 scrutari
709 4141 801 4194 illa
835 4139 1086 4211 quidem,
1132 4139 1364 4196 necdum
1407 4147 1592 4196 tamen
1652 4156 2018 4212 cognoscere,

435 4241 494 4286 ut
539 4233 790 4288 nonnulli
823 4233 1223 4290 contumeliose
1265 4233 1450 4304 jacere
1483 4250 1608 4288 cum
1645 4251 1744 4290 sua
1779 4235 2024 4305 pernicie

433 4325 552 4379 ausi
591 4334 740 4381 sunt.
768 4323 916 4380 Nihil
947 4326 1092 4380 enim
1119 4333 1288 4391 vetat,
1323 4327 1454 4396 quin
1491 4326 1632 4381 idem
1662 4327 1729 4382 de
1753 4325 1914 4381 Patre
1940 4327 2022 4382 div-

431 4423 582 4480 cant,
613 4417 682 4472 de
711 4431 822 4487 quo
863 4417 1130 4487 scriptum
1168 4427 1292 4482 est,
1335 4419 1578 4474 scrutari
1625 4417 1778 4472 illum
1811 4419 2020 4474 ventris

2117 2029 2342 2101 Πνεῦμα
2388 2029 2554 2085 αὐτοῦ
2583 2047 2644 2085 τε
2689 2027 2904 2083 καὶτοῦ
2945 2027 3160 2099 Πατρός
3211 2026 3376 2082 αὐτοῦ
3419 2025 3480 2078 τὸ
3527 2025 3696 2092 ἅγιον,

2117 2119 2317 2190 φησίν·
2367 2121 2504 2175 Ἐὰν
2539 2118 2812 2192 ἀγαπᾶτέ
2855 2137 2954 2189 με,
2993 2117 3100 2184 τὰς
3131 2115 3388 2183 ἐντολάς
3432 2133 3554 2186 μου
3601 2131 3698 2176 τη-

2111 2209 2356 2278 ρήσετε.
2411 2210 2559 2281 Ἐγὼ
2611 2209 2891 2280 ἐρωτήσω
2941 2208 3047 2262 τὸν
3081 2210 3330 2275 Πατέρα,
3375 2206 3476 2260 καί
3511 2205 3701 2258 ἄλλον

2119 2302 2518 2370 Παράλιλητον
2562 2302 2742 2356 δώσει
2791 2301 2966 2371 ’ὑμῖν⁸
3017 2299 3092 2364 ὡς
3145 2298 3307 2352 αὐτοῦ
3359 2297 3456 2352 τοῦ
3497 2297 3700 2366 Κυρίου

2120 2397 2478 2468 Παρακλήτου
2534 2396 2716 2460 ὄντος,
2765 2397 2860 2449 καὶ
2897 2393 2992 2448 τοῦ
3042 2393 3358 2463 Πνεῦματος
3405 2390 3500 2444 τοῦ
3551 2391 3700 2458 ἁγίου

2122 2489 2590 2562 συμπαρακλήτου
2633 2489 2784 2552 ὖντος
2821 2488 3042 2559 ὁμοίως.
3071 2488 3134 2540 Οί
3163 2486 3220 2540 δὲ
3271 2485 3581 2540 ἀπόστολοι.
3603 2484 3704 2536 δει-

2122 2586 2398 2650 κνύοντες,
2432 2585 2514 2638 ὅτι
2554 2583 2615 2636 οὐ
2645 2582 2831 2636 δοῦλον
2871 2582 3130 2652 τυγχάνει
3169 2581 3230 2634 τὸ
3275 2577 3523 2649 Πνεῦμα.

2118 2677 2217 2748 τῆς
2247 2675 2416 2744 αὐτῆς
2441 2673 2714 2745 θεότητος,
2741 2673 2839 2744 τὴν
2861 2671 3027 2725 αὑτοῦ
3049 2669 3335 2726 αὐθεντίαν
3369 2666 3703 2724 ὑποδεικνύν-

2122 2785 2214 2830 τες
2243 2766 2409 2838 φασί·
2446 2765 2557 2822 Καὶ
2601 2761 2732 2818 εἷπε
2764 2763 2832 2818 τὸ
2866 2761 3108 2832 Πνεῦμα
3143 2759 3209 2814 τὸ
3248 2760 3444 2828 ἅγιον·
3489 2755 3718 2825 “pepli

2121 2859 2270 2912 σατέ
2303 2873 2399 2927 μοι
2449 2853 2765 2928 Βαρνάϐαν
2811 2854 2908 2908 καὶ
2957 2851 3196 2907 Σαῦλον
3234 2852 3322 2917 εὶς
3350 2848 3418 2902 τὸ
3451 2848 3628 2916 ἔργον
3671 2845 3700 2899 ὃ

2123 2953 2578 3020 προσκέκλημαι
2601 2948 2842 3014 αὐτοὺς,
2883 2948 2980 3002 καὶ
3007 2947 3074 3000 τὰ
3114 2945 3262 3016 ἑξῆς.
3307 2945 3369 2998 '0
3391 2943 3460 2996 δὲ
3491 2940 3701 3010 Κύριός

2097 3045 2254 3102 ἐστι
2290 3042 2358 3096 τὸ
2395 3041 2658 3112 Πνεῦμα.
2685 3037 2769 3098 Οὗ
2797 3040 2866 3094 δὲ
2905 3040 2973 3094 τὸ
3021 3039 3266 3108 Πνεῦμα
3309 3037 3553 3105 Κυρίου,
3583 3033 3700 3087 ἐκεῖ

2121 3137 2468 3205 ἐλευθερία·
2524 3136 2638 3199 καὶ,
2688 3134 2886 3204 Ὑμεῖς
2912 3133 3060 3198 ναὸς
3100 3131 3250 3186 Θεοῦ
3299 3132 3463 3190 ἐστε,
3511 3127 3700 3182 καὶτὸ

2123 3229 2368 3298 Πνεῦμα
2399 3227 2622 3296 Κυρίου
2647 3225 2803 3280 οἰκεῖ
2819 3227 2888 3279 ἐν
2911 3225 3075 3304 ὑμῖν.
3110 3226 3174 3278 Εἰ
3214 3223 3390 3276 τοίνυν
3419 3221 3549 3284 ναὸς
3572 3219 3699 3274 Θεοῦ

2124 3321 2436 3393 καλούμεθα
2457 3320 2546 3374 διὰ
2579 3319 2792 3390 οἴκησιν
2833 3319 2992 3388 ἁγίου
3027 3317 3366 3388 Πνεῦματος,
3391 3315 3478 3378 τίς
3503 3315 3698 3384 τολμή-

2125 3431 2238 3468 σειε
2273 3411 2717 3485 παραιτήσασθαι
2747 3412 2807 3466 τὸ
2843 3409 3086 3482 Πνεῦμα,
3123 3409 3216 3463 καὶ
3264 3405 3700 3478 ἀπαλλοτριῶσαι

2121 3509 2220 3578 τῆς
2249 3505 2343 3560 τοῦ
2373 3503 2508 3558 Θεοῦ
2550 3503 2757 3568 οὐσίας,
2804 3503 2989 3574 σαφῶς
3029 3501 3121 3555 τοῦ
3160 3500 3482 3554 Ἀποστόλου
3529 3498 3701 3566 λέγον-

2122 3614 2214 3660 τος
2260 3598 2407 3668 ἡμᾶς
2473 3595 2636 3658 ναοὺς
2687 3593 2823 3648 Θεοῦ
2897 3591 3176 3662 γίνεσθαι,
3225 3590 3310 3643 διὰ
3355 3590 3418 3642 τὸ
3465 3587 3706 3642 ἐνοικοῦν

2125 3687 2352 3760 Πνεῦμα
2382 3689 2537 3756 ἆγιον
2571 3689 2629 3740 ἐν
2654 3689 2767 3749 τοῖς
2799 3685 3002 3752 ἀξίοις;
3036 3684 3159 3748 Πῶς
3181 3683 3236 3736 δὲ
3270 3683 3551 3754 ἀλλότριον
3575 3679 3702 3734 Θεοῦ

2123 3780 2277 3833 ἔσται
2310 3780 2371 3833 τὸ
2416 3779 2640 3850 Πνεῦμα
2677 3777 2739 3831 τὸ
2787 3777 2925 3849 βάθη
2966 3778 3059 3830 τοῦ
3105 3775 3239 3830 Θεοῦ
3275 3773 3552 3846 ὲρευνῶν;
3600 3772 3704 3825 Καὶ

2129 3873 2202 3943 μὴ
2231 3871 2358 3940 λέγε
2387 3889 2477 3941 μοι
2496 3888 2510 3901 ⁸
2552 3872 2796 3942 Ἐρευνᾷ,
2839 3872 2932 3924 καὶ
2963 3869 3118 3946 οῦπω
3145 3869 3423 3938 γινώσκει,
3466 3868 3544 3930 ὥς
3567 3882 3702 3928 τινες

2121 3965 2365 4036 τολμῶσι
2411 3964 2774 4035 βλασφημεῖν,
2818 3964 2912 4016 καὶ
2957 3963 3182 4026 ἑαυτοὺς
3226 3959 3505 4014 ἀπολῦειι.
3559 3957 3704 4012 Ἐπεὶ

2123 4057 2188 4111 ἂν
2219 4057 2314 4112 καὶ
2345 4057 2476 4110 αὐτὸ
2507 4055 2700 4120 λέξωσι
2731 4055 2858 4126 περὶ
2901 4052 2996 4108 τοῦ
3053 4053 3286 4134 Πατρρς,
3321 4053 3404 4106 ὅτι
3447 4051 3544 4104 καὶ
3585 4047 3706 4120 περὶ

2125 4149 2291 4202 αὐτοῦ
2321 4148 2653 4220 γέγραπται,
2675 4145 2759 4200 ὅτι
2807 4145 3055 4214 Ἐρειῖνᾷ
3087 4143 3295 4214 ταμεῒα
3319 4143 3573 4208 κοιλίας.
3607 4142 3706 4194 Καὶ

2123 4243 2172 4294 εἰ
2207 4239 2419 4301 ἀσεϐῶς
2440 4241 2674 4310 νοήσεις,
2701 4237 2788 4292 διὰ
2821 4237 2882 4288 τὸ
2932 4237 3006 4308 μὴ
3037 4235 3342 4292 ἐπικεῖσθαι
3379 4234 3458 4306 τῷ
3487 4234 3704 4306 ἐρευνᾷν

2123 4333 2184 4386 τὸ
2213 4331 2502 4401 γινώσκειν
2540 4331 2634 4384 ἐπὶ
2673 4330 2766 4384 τοῦ
2812 4328 3146 4400 Πνεύματος,
3179 4327 3477 4400 ἁσεϐήσαις
3515 4327 3582 4382 ἂν
3619 4327 3706 4380 καὶ

2129 4427 2253 4498 περὶ
2277 4425 2369 4478 τοῦ
2403 4425 2612 4496 Πατρός
2637 4423 2736 4494 τὴν
2759 4423 2928 4496 αὐτὴν
2960 4420 3404 4492 ἀναγκαζόμενος
3437 4419 3708 4492 παρεκφὲο

433 4525 688 4565 recessus
713 4509 777 4561 ¹¹.
810 4507 993 4575 Quare
1042 4509 1088 4563 si
1133 4517 1418 4584 propterea
1459 4510 1606 4580 quod
1639 4511 1702 4565 ad
1738 4512 2019 4566 scrutandi

2129 4535 2243 4588 ρειν
2277 4515 2553 4571 ὑπόνοιαν.
2585 4514 2723 4570 υῦτε
2754 4513 2864 4584 γὰρ
2899 4513 2992 4566 ἐπὶ
3023 4515 3234 4585 Πατρὺς
3271 4513 3600 4584 ὲρευνῶντος
3621 4531 3708 4566 τα-

433 4603 660 4658 verbum
686 4602 1058 4673 cognoscendi
1089 4602 1234 4656 aliud
1261 4618 1368 4657 non
1390 4612 1472 4658 est
1501 4603 1843 4680 adjunctum,
1875 4604 2022 4674 ejus-

435 4695 582 4750 modi
615 4695 877 4766 quiddam
929 4695 1095 4766 impie
1121 4695 1189 4750 de
1223 4695 1434 4764 Spiritu
1483 4704 1638 4766 potes
1669 4691 1852 4750 animo
1888 4713 2022 4750 cun-

433 4789 646 4862 cipere,
683 4804 792 4842 non
829 4789 1012 4844 minus
1054 4789 1108 4844 in
1151 4789 1368 4843 Patrem
1406 4789 1605 4858 impius
1651 4789 1728 4842 sis
1771 4797 2018 4858 Oportet,

431 4883 504 4939 de
525 4898 634 4953 quo
657 4879 903 4938 eamdem
935 4881 1152 4952 cogeris
1171 4881 1415 4952 proferre
1445 4881 1794 4936 sententiam.
1811 4881 1910 4948 Qui
1921 4899 2022 4953 pp:

432 4993 556 5030 rum
587 4976 793 5032 ventris
821 4975 942 5029 illos
967 4990 1220 5030 recessus
1244 4975 1579 5045 perscrutari
1605 4973 1766 5030 Pater
1791 4976 2015 5040 dicitur,

431 5072 582 5127 nt-ifia
631 5071 690 5124 lit
737 5067 1070 5140 cognitionis
1123 5069 1347 5124 ruentia.
1384 5067 1570 5140 Neque
1611 5085 1742 5124 vero
1793 5087 2020 5126 necesse

435 5164 537 5219 l‘uit
565 5163 710 5220 istud
751 5162 972 5225 addere,
1006 5176 1130 5215 cum
1169 5161 1258 5215 Dei
1307 5161 1606 5230 anticipata
1641 5162 1730 5216 illa
1777 5163 2019 5234 cognitio

2132 4609 2258 4678 μεῖα
2279 4607 2486 4670 κοιλίας
2510 4607 2830 4676 πρόσκειται
2855 4606 2915 4660 τὸ
2937 4604 3254 4674 γινώσκειν·
3285 4604 3407 4657 οῦτε
3426 4604 3537 4676 γὰρ
3557 4603 3708 4674 χρεία

2128 4696 2193 4772 ἦν
2229 4702 2426 4762 εἰπεῖν,
2461 4699 2646 4768 σαφῶς
2678 4699 3014 4772 δηλουμένης
3039 4699 3142 4768 τῆς
3179 4697 3274 4750 τοῦ
3299 4696 3436 4750 Θεοῦ
3469 4714 3709 4767 προγνω-

2130 4791 2410 4856 σίας.ἀπὺ
2447 4789 2546 4843 τοῦ
2597 4791 2824 4860 ἐρευνᾷν
2877 4789 2936 4842 τὺ
2986 4789 3188 4842 τέλειον
3234 4787 3333 4858 τῆς
3388 4787 3708 4856 ἀποφάσεως

2129 4882 2378 4953 ἐχούσης.
2427 4881 2584 4935 Οῦτω
2623 4899 2714 4952 μοι
2759 4881 2854 4934 καὶ
2898 4881 3023 4952 περὶ
3053 4879 3372 4948 Πνεῦματος
3422 4879 3518 4932 καὶ
3587 4875 3708 4928 Υίοῦ

2129 4959 2223 5028 καὶ
2261 4975 2473 5046 [ἰατρὸς
2509 4975 2604 5046 τὴν
2655 4975 2783 5044 μίαν
2813 4973 3014 5042 γνῶσιν
3049 4973 3144 5026 καὶ
3195 4973 3296 5042 τὴν
3343 4972 3706 5040 προγνωσίαν,

2130 5067 2317 5137 σαφῶς
2347 5066 2577 5138 ἐχούσης
2605 5065 2702 5136 τῆς
2734 5067 2894 5136 ἁγίας
2927 5065 3154 5137 Τριὰδος
3185 5064 3283 5136 τὴν
3312 5065 3626 5134 τελειότητὰ
3655 5079 3708 5114 τε

2127 5163 2220 5216 καὶ
2253 5161 2579 5232 ταυτότητα.

437 5260 720 5329 perspicue
741 5257 1186 5327 signiﬁcetur,ct
1207 5272 1272 5310 ex
1320 5257 1441 5328 ipso
1493 5257 1774 5312 scrutandi
1825 5258 2094 5312 vocabulo
2144 5256 2382 5327 perfecta
2429 5256 2702 5310 sententia
2755 5253 3038 5310 reddatur.
3087 5252 3168 5308 Ad
3227 5251 3480 5308 eumdem
3535 5251 3708 5319 itaque

435 5351 655 5406 modum
693 5351 762 5405 de
795 5349 1002 5419 Spiritu
1045 5357 1100 5404 ct
1155 5345 1294 5402 Filio
1355 5357 1409 5404 et
1457 5347 1619 5404 Patre
1687 5349 2049 5420 pronuntiare
2085 5347 2440 5414 convenit,et
2490 5361 2652 5402 unam
2677 5346 2746 5402 iis
2802 5345 3172 5416 cognitionem
3211 5358 3275 5398 ac
3315 5341 3706 5414 priescientiam

433 5443 681 5499 tribuere
703 5486 716 5508 ,
751 5459 818 5499 eo
877 5443 1024 5513 quod
1069 5451 1422 5500 sacrosancta
1465 5441 1709 5498 Trinitas
1751 5457 1850 5498 sua
1887 5443 2030 5500 haud
2061 5442 2226 5498 dubie
2256 5441 2592 5511 perfectione
2621 5447 2676 5494 et
2702 5439 2987 5494 identitate
3013 5443 3247 5492 constet.

513 5539 650 5596 XIV.
692 5539 798 5596 Sed
824 5541 894 5597 de
920 5542 1011 5599 his
1038 5541 1294 5596 onitiibus
1322 5541 1536 5596 inlinita
1563 5539 1812 5610 (praedam
1835 5538 2022 5610 dispuv

511 5721 524 5752 ⁸
567 5718 672 5771 lsa.
707 5735 837 5783 χιιι,
877 5723 927 5774 1.
1031 5723 1050 5751 ⁸
1094 5720 1194 5774 Isa.
1227 5737 1345 5782 ut,
1381 5721 1432 5774 1.

435 5787 458 5824 ⁸
485 5789 683 5848 “Cor.
718 5806 800 5858 ιιι,
827 5791 914 5846 17.
988 5791 1008 5822 ⁸
1047 5791 1064 5844 Ι
1095 5793 1220 5844 (lor.
1255 5807 1338 5856 ιιι,
1375 5789 1458 5844 16.
1535 5791 1602 5843 ’1
1638 5790 1760 5844 Cor.
1798 5802 1896 5853 tut,
1923 5789 1955 5843 9
1994 5804 2122 5860 sqq.

2200 5539 2296 5594 IA'.
2331 5539 2440 5591 Καὶ
2483 5535 2742 5610 ἀμύθητα
2793 5531 2912 5588 ἔστι
2961 5534 3096 5605 περὶ
3141 5531 3348 5586 τούτων
3378 5529 3578 5598 λέγειν,
3623 5524 3707 5580 καὶ

1510 5721 1528 5751 ³
1571 5719 1760 5772 Matth.
1798 5735 1849 5778 ιι,
1880 5718 1972 5770 ‘20.

2123 5716 2266 5772 Ioan.
2301 5733 2390 5778 xx,
2418 5715 2507 5772 9.2.
2591 5717 2608 5746 ‘
2649 5713 2806 5769 Joau.
2841 5729 2952 5774 xw,
2999 5711 3184 5775 15,16.
3263 5712 3284 5742 ⁸
3315 5711 3438 5766 Act.
3489 5725 3616 5774 xm,
3651 5704 3702 5761 2.

2203 5789 2245 5818 ¹⁰
2279 5789 2296 5841 l
2329 5787 2524 5855 COI'JI,
2563 5785 2647 5841 10.
2729 5788 2765 5817 “
2801 5783 2964 5839 Prov.
2997 5799 3083 5849 xx,
3113 5783 3198 5838 27.
