3990 6228
323 307 419 366 5M
1061 307 1420 366 ADVERSUS
1457 308 1792 364 IIxERESES
1832 308 1930 365 LIB

2032 311 2086 366 II.
2129 311 2291 367 ΤΟΜ.
2335 309 2733 374 1.-11ᾸΞΠΕ8,
2775 309 3007 365 LXXIV.
3460 316 3562 372 50;!

322 425 432 480 ἀπὸ
461 423 612 488 θείας
644 424 864 497 Γραφῆς
907 425 1067 496 ὄγκον
1102 426 1414 499 μαρτυριῶν
1449 427 1653 498 φέρειν,
1685 426 1777 478 καὶ
1817 427 1894 487 εἰς
1927 477 1930 488 ,

2032 431 2099 482 ari
2138 437 2386 500 possunt,
2419 438 2472 484 et
2491 431 2787 486 innumera:
2815 432 2989 488 sacris
3021 445 3052 486 e
3080 429 3298 486 Litteris
3327 432 3564 485 auctori-

323 516 528 579 πλάτος
557 516 936 587 έπιμηκύνειν,
967 518 1060 570 καὶ
1105 518 1348 588 κάματον
1382 519 1627 588 ἐμποιεῖν
1654 519 1767 578 τοῖς
1811 516 1898 567 ὲν-

2033 528 2148 573 ates
2171 521 2374 583 alierri,
2411 529 2469 574 ιιι
2504 522 2555 575 in
2582 522 2800 593 longum
2833 522 3102 592 producta
3133 521 3425 576 lectoribus
3450 537 3566 574 tuo-

322 603 703 673 τυγχάνουσιν.
747 605 1016 676 Ἀρκετῶς
1047 605 1161 678 γὰρ
1189 607 1246 658 έν
1275 607 1442 692 ,πάσῃ
1471 605 1679 674 αἱρέσει
1732 605 1903 658 πολλά

2032 620 2138 665 asta
2167 613 2238 665 sit
2270 613 2462 666 oratio.
2518 612 2623 668 Sed
2668 628 2768 667 nos
2797 613 2851 666 in
2887 628 3209 683 unaquaque
3238 612 3565 667 coufutanda

323 694 594 759 εἰπόντες,
626 695 725 758 τὰς
749 696 927 758 πάσας
959 697 1017 748 έν
1047 697 1182 750 Θεοῦ
1216 697 1442 767 δυνάμει
1479 697 1638 768 ἡμεῖς
1669 697 1716 749 οἱ
1745 694 1906 748 ἀσθε-

2032 701 2195 756 nrt-esi
2228 702 2362 756 satis
2409 703 2576 756 multa
2609 703 2720 771 jam
2756 702 3017 765 divimus,
3056 713 3108 755 et
3157 716 3349 755 omnes
3383 701 3586 756 divino.

326 786 440 846 νεῖς
473 785 870 857 ἀνετρέψαμεν,
903 787 998 841 καὶ
1039 787 1402 858 ἀπεδείξαμεν
1425 786 1712 858 ἀλλοτρίας
1740 785 1906 848 οῦσας

2032 792 2258 848 inesidio
2295 793 2415 848 freti
2447 809 2547 850 nos
2577 795 2702 850 licet
2733 794 3032 848 imbecilles
3060 794 3379 853 evertimus,
3409 800 3571 862 atque

328 877 432 946 τῆς
456 875 733 947 ἀληθείας,
758 879 851 932 καὶ
870 879 1109 950 ἑκάστην
1135 879 1315 933 αὐτῶν
1343 878 1553 949 βλασφη
1562 877 1790 950 μοῦσαν,
1815 879 1909 931 καὶ

331 967 674 1039 ἀρνουμένην
699 968 798 1040 τὴν
832 969 1108 1041 ἀλήθειαν,
1143 970 1246 1024 κάν
1275 987 1334 1023 τε
1365 973 1424 1024 ὲν
1466 969 1678 1041 βραχεῖ,
1714 970 1816 1022 κάν
1845 985 1904 1022 τε

331 1059 391 1110 ἐν
427 1059 607 1132 πολλῷ
629 1077 644 1091 ·
672 1061 750 1125 ὡς
779 1063 874 1116 καὶ
916 1057 1060 1117 οὗτοι
1095 1063 1270 1133 μάτην
1303 1063 1385 1125 είς
1415 1061 1506 1116 τὸν
1545 1060 1744 1132 Κύριον
1779 1060 1909 1131 βλα-

331 1149 676 1222 σφημοῦντες
737 1152 832 1206 καὶ
864 1154 944 1216 είς
969 1144 1032 1206 τδ
1062 1154 1216 1221 ἅγιον
1255 1153 1498 1222 Πνεῦμα,
1526 1153 1620 1206 καὶ
1663 1153 1736 1223 μὴ
1765 1151 1913 1222 ἕχον-

330 1261 422 1307 τες
455 1246 592 1315 μήτε
619 1243 871 1309 ἐνταῦθα,
909 1245 1044 1316 μήτε
1083 1246 1141 1298 ὲν
1166 1243 1243 1315 τῷ
1284 1242 1529 1314 μέλλοντι
1562 1243 1742 1308 αίῶνι,
1773 1240 1914 1296 κατά

332 1335 403 1390 τά
457 1337 563 1390 ὑπὸ
621 1337 827 1404 Κυρίου
892 1336 1186 1408 είρημένα,
1247 1336 1439 1405 ἄφεσιν
1495 1333 1776 1406 ἁμαρτιῶν
1827 1333 1914 1386 διὰ

329 1426 434 1496 τὴν
461 1428 540 1490 είς
567 1427 626 1479 τὸ
655 1426 810 1495 ἆγιον
843 1425 1069 1498 Πνεῦμα
1097 1425 1462 1497 βλασφημίαν,
1495 1423 1907 1495 καταπατηθέν-

331 1535 428 1582 τες
463 1518 555 1570 ὑπ’
601 1519 769 1588 αὐτῆς
798 1519 897 1590 τῆς
929 1518 1185 1590 ἀληθείας
1229 1518 1386 1591 δίκην
1429 1517 1696 1590 κεράστου
1739 1515 1914 1570 δεινοῦ

336 1607 730 1679 μονοκέρωτος,
783 1608 877 1662 τοῦ
917 1608 1008 1662 νοῦ
1053 1608 1155 1678 τῆς
1206 1607 1554 1680 βλασφημίας
1615 1607 1916 1678 δυναμένου

333 1697 458 1752 ὅλον
501 1698 562 1754 τὸ
601 1699 758 1771 σῶμα
801 1699 1081 1772 φθείρεινο
1120 1699 1434 1763 πεισθέντες
1483 1699 1561 1768 τῷ
1614 1698 1709 1752 τοῦ
1758 1697 1916 1766 ξύλου

336 1789 503 1860 λόγῳ,
544 1791 636 1844 καὶ
658 1793 725 1861 τῇ
755 1790 849 1844 τοῦ
882 1791 1219 1860 Μονογενοῦς
1260 1789 1487 1862 ἀληθινῇ
1527 1789 1808 1862 ὁμολογίᾳ,
1835 1790 1916 1842 ὅτι

2011 898 2040 936 a
2067 883 2294 938 veritate
2322 900 2444 940 esse
2472 887 2677 941 alienas
2730 887 3093 952 ostendimus;
3137 899 3348 940 necnon
3371 893 3424 938 ct
3459 884 3574 936 siu-

2007 976 2164 1046 gulas
2189 975 2306 1030 sive
2333 977 2386 1030 in
2418 977 2612 1047 exigua
2645 978 2827 1047 aliqua
2861 992 2917 1031 re
2939 1018 2952 1044 ,
2985 977 3098 1032 sive
3128 977 3180 1029 in
3215 975 3406 1044 majori
3438 973 3574 1027 veri-

2011 1065 2106 1118 tati
2142 1065 2535 1121 contumeliose
2569 1066 2853 1120 detrahere
2913 1073 3078 1136 atque
3124 1064 3374 1133 ablegare
3403 1061 3576 1115 fundi—

2011 1165 2119 1210 tus.
2150 1155 2305 1222 Quod
2335 1158 2551 1226 quidem
2583 1166 2637 1212 et
2665 1157 2755 1212 isti
2792 1156 2970 1212 facere
2999 1156 3316 1213 instituunt.
3353 1158 3444 1224 qui
3470 1153 3576 1207 Do-

2011 1248 2218 1302 minum
2269 1263 2332 1302 ac
2393 1248 2656 1320 Spiritum
2703 1257 2951 1304 sanctum
2990 1248 3190 1304 frustra
3231 1245 3576 1302 contumeliis

2012 1347 2275 1398 onerant.
2320 1355 2499 1409 neque
2543 1349 2636 1394 aut
2665 1341 2751 1395 hic
2785 1349 2878 1394 aut
2925 1339 2976 1393 in
3031 1338 3216 1393 futuro
3251 1335 3482 1396 saeculo,
3521 1345 3580 1388 ιιι

2016 1427 2228 1482 Domini
2257 1431 2437 1485 verbis
2468 1442 2589 1486 utar
2613 1433 2658 1495 ¹,
2690 1439 3036 1502 peccatorum
3075 1429 3460 1485 relaxationem
3511 1426 3582 1479 ob

2015 1530 2170 1570 suam
2221 1516 2366 1571 illam
2420 1519 2473 1572 in
2552 1518 2815 1589 Spiritum
2887 1528 3134 1575 sanctum
3191 1518 3580 1588 blasphemiam

2014 1607 2260 1663 obtinere
2305 1620 2578 1680 possunt:
2618 1613 2710 1682 qtti
2761 1613 2830 1666 ab
2865 1613 2979 1681 ipsa
3013 1611 3239 1666 veritate
3281 1609 3582 1680 proculcati

2017 1705 2166 1761 sunt,
2224 1707 2452 1754 cerastae
2499 1702 2783 1767 cujusdam
2841 1703 3012 1758 instar
3042 1703 3264 1767 atrocis,
3316 1708 3370 1755 ct
3421 1699 3607 1752 unico'

2019 1803 2190 1842 cornu
2217 1791 2512 1845 metuendi.
2535 1791 2682 1848 Talis
2714 1794 2856 1848 enim
2885 1800 2967 1847 est
2992 1793 3340 1862 blasphemiae
3365 1804 3583 1854 sensus,

335 1877 418 1948 τῷ
451 1877 860 1950 βλασφημοῦντι
894 1882 973 1944 είς
1013 1881 1076 1933 τὸ
1110 1879 1334 1949 Πνεῦμα
1381 1879 1504 1934 οὔτε
1548 1881 1604 1933 ὲν
1641 1879 1719 1950 τῷ
1761 1877 1915 1933 αἰῶνι

2032 1880 2109 1948 ιιιί
2145 1895 2346 1950 corpus
2397 1883 2710 1939 universum
2747 1901 3104 1955 corrumpere
3143 1891 3342 1956 potest.
3388 1881 3452 1934 Et
3487 1896 3586 1935 nos

336 1969 536 2040 τούτῳ,
579 1969 702 2024 οὔτε
741 1972 799 2025 ὲν
841 1971 918 2042 τῷ
963 1971 1206 2043 μέλλοντι
1235 1971 1586 2044 ἀφεθήσεται,
1631 1972 1708 2036 ὡς
1747 1971 1916 2040 ἔφην·

339 2061 820 2133 καταπατηθέντες
845 2065 937 2117 καὶ
958 2063 1353 2136 συντριϐέντες,
1387 2063 1461 2136 μὴ
1489 2063 1760 2135 ἰσχύοντες
1782 2062 1922 2115 κατά

337 2152 443 2222 τῆς
465 2151 739 2224 ἀληθείας.
768 2154 938 2209 Πύλαι
960 2156 1068 2228 γὰρ
1097 2156 1224 2228 ᾅδου
1249 2155 1464 2226 ἀληθῶς
1494 2157 1666 2209 πᾶσαι
1695 2157 1750 2210 αί
1774 2154 1923 2226 αἱρέ-

341 2260 462 2308 σεις
481 2260 495 2276 ⁸
526 2243 662 2298 ἀλλά
699 2246 844 2300 κατὰ
871 2247 968 2318 τῆς
1002 2247 1208 2319 πέτρας
1231 2249 1292 2301 οὐ
1333 2247 1740 2318 κατισχύσουσι,
1767 2260 1922 2297 τουτ-

340 2329 464 2386 έστι
501 2331 643 2385 κατά
679 2335 780 2403 τῆς
815 2333 1090 2405 ἀληθείας.
1122 2337 1238 2392 Κάν
1267 2353 1328 2389 τε
1350 2335 1460 2408 γὰρ
1494 2335 1552 2400 ἐξ
1573 2335 1750 2388 αὐτῶν
1777 2348 1921 2394 τινες

343 2417 634 2490 θελήσειαν
661 2420 860 2490 λέγειν,
886 2423 968 2476 ὅτι
995 2424 1106 2496 Τὴν
1136 2425 1232 2495 μὲν
1269 2426 1450 2479 πίστιν
1482 2426 1581 2493 τὴν
1610 2422 1922 2478 ἑκτεθεῖσαν

344 2511 490 2568 κατά
515 2509 750 2567 Νίκαιαν
775 2516 868 2568 καὶ
897 2515 1050 2568 αὐτοὶ
1077 2515 1461 2587 ὁμολογοῦμεν.

343 2606 576 2660 omnino
623 2607 817 2662 virium
857 2608 1057 2666 habere
1099 2617 1350 2680 possunt.
1395 2608 1620 2668 Etiamsi

2019 1971 2238 2039 quidem
2289 1969 2500 2026 Domini
2543 1988 2792 2029 sermone
2826 1983 2880 2029 et
2911 1975 3185 2044 Unigeniti
3220 1988 3347 2028 vera
3381 1971 3588 2042 prol‘es-

2019 2060 2174 2115 sione
2197 2061 2444 2130 persuasi
2469 2062 2742 2120 credimus
2758 2065 2830 2127 ei,
2850 2063 2942 2133 qui
2970 2062 3358 2134 blasphemarit
3380 2061 3433 2114 in
3459 2059 3584 2129 Spi-

2021 2153 2184 2204 ritum
2225 2159 2497 2217 sanctum,
2535 2169 2710 2226 neque
2745 2155 2798 2209 in
2826 2156 2929 2211 hoc
2964 2156 3164 2210 sarculo
3193 2169 3294 2208 nec
3323 2154 3376 2207 in
3400 2153 3583 2206 futuro

2024 2240 2442 2298 condonandum
2477 2260 2601 2299 esse
2646 2255 2960 2315 peccatum,
3009 2254 3069 2300 ut
3115 2245 3374 2300 diximus.
3408 2243 3590 2308 Quare

2028 2333 2325 2400 proculcati
2396 2334 2472 2388 illi
2527 2343 2581 2389 et
2620 2337 2800 2391 obtriti
2840 2349 3001 2404 sunt;
3053 2352 3153 2391 nec
3193 2335 3407 2390 veritati
3452 2333 3594 2387 resi-

2026 2430 2170 2475 stere
2197 2430 2504 2490 potuerunt.
2534 2422 2665 2478 Nam
2698 2425 2932 2482 htcreses
2960 2441 3150 2480 omnes
3203 2439 3390 2479 revera
3422 2429 3593 2492 portae

2027 2519 2155 2565 sunt
2181 2509 2478 2567 inferorum
2507 2517 2550 2579 ³,
2584 2532 2703 2586 quae
2726 2517 2889 2588 905
2921 2517 3183 2573 adversus
3222 2524 3425 2588 petram
3449 2513 3586 2568 nihil

1742 2621 1807 2661 es
1875 2603 1982 2658 illis
2048 2607 2291 2662 nonnulli
2334 2607 2479 2662 istud
2525 2609 2763 2679 objicere
2811 2610 3076 2664 voluerint
3112 2606 3256 2666 :Nos
3305 2622 3426 2662 eam
3471 2606 3591 2660 fidei

347 2695 644 2753 formulam
667 2738 682 2762 ,
721 2715 842 2770 quae
869 2703 922 2755 in
953 2699 1169 2756 Nictena
1208 2700 1418 2773 synodo
1441 2700 1693 2770 exposita
1732 2707 1838 2762 est,
1869 2704 1923 2751 et
1951 2695 2054 2765 ipsi
2087 2698 2425 2765 proﬁtemur.

424 2816 606 2881 Δεῖξον
627 2817 689 2871 δέ
725 2836 814 2890 μοι
842 2820 936 2874 ἀπ’
979 2817 1168 2892 αὐτῆς,
1203 2820 1283 2874 δτι
1318 2820 1379 2874 τὺ
1418 2820 1570 2890 ἅγιον
1615 2817 1841 2887 Πνεῦμα
1873 2816 1930 2868 ἐν

347 2911 420 2979 τῇ
459 2909 671 2981 θεότητι
708 2910 1116 2983 συναριθμεῖται
1137 2929 1149 2943 ·
1179 2912 1562 2985 εὑρεθήσονται
1600 2913 1694 2964 καὶ
1719 2909 1812 2962 ἀπ’
1840 2910 1939 2963 αύ-

350 3001 454 3072 τῆς
483 3001 845 3072 ἐλεγχόμενοι.
871 3005 945 3057 Ού
969 3004 1156 3074 γέγονε
1186 3005 1241 3058 δὲ
1270 3005 1390 3058 τότε
1414 3005 1542 3076 περὶ
1567 3002 1660 3056 τοῦ
1691 3001 1931 3070 Πνεύμα-

350 3096 501 3166 τοςὴ
530 3092 770 3166 ζήτησις.
802 3096 946 3168 Πρὸς
969 3096 1078 3167 γὰρ
1117 3096 1177 3149 τὸ
1208 3095 1510 3150 ύποπίπτον
1547 3097 1603 3147 ἐν
1634 3092 1808 3162 καιρῷ
1835 3094 1928 3145 καὶ

2104 2817 2246 2873 Doce
2279 2818 2444 2890 igitur
2473 2835 2536 2876 ex
2578 2820 2666 2875 illa
2709 2821 2968 2892 Spiritum
3008 2828 3252 2876 sanetum
3300 2819 3352 2871 in
3396 2814 3596 2870 divini-

2032 2914 2142 2962 tate
2162 2910 2437 2962 numerari
2463 2929 2475 2963 :
2501 2911 2662 2965 etiam
2700 2912 2788 2966 illa
2830 2911 2946 2980 ipsa
2976 2909 3316 2964 confessione
3342 2905 3595 2960 refellen-

2033 3008 2139 3052 tur.
2167 2998 2486 3070 Quanquam
2523 3002 2667 3055 nulla
2696 3011 2806 3055 tum
2847 3003 2914 3056 de
2945 2999 3148 3069 Spirittt
3186 3006 3377 3053 sancto
3422 2994 3598 3048 fuerat

2034 3088 2278 3141 instituta
2313 3089 2561 3158 quaestio.
2597 3089 2809 3160 Quippe
2848 3089 3024 3144 dehis
3048 3102 3168 3157 qum
3197 3085 3424 3156 singulis
3458 3091 3596 3137 tem-

353 3186 536 3258 καιρῷ
561 3189 616 3240 αί
647 3186 850 3241 σύνοδοι
879 3187 975 3260 τὴν
998 3189 1296 3264 ἀσφάλειαν
1323 3188 1622 3242 ποιοῦνται.
1659 3187 1810 3238 Ἐπεὶ
1837 3183 1930 3237 οὖν

2037 3181 2259 3249 poribus
2287 3190 2616 3249 occurrunt,
2650 3197 2841 3237 cavere
2868 3180 3061 3252 synodi
3098 3195 3160 3234 ac
3189 3179 3479 3234 decernere
3508 3188 3600 3229 so—

351 3282 384 3334 ὁ
414 3282 632 3354 Ἀρειος
655 3282 733 3345 είς
753 3282 844 3336 τὸν
866 3281 993 3335 Υίὸν
1015 3281 1113 3354 τὴν
1136 3282 1442 3354 δυσφημίαν
1463 3280 1794 3344 ἀπετείνετο,
1814 3277 1934 3331 τού-

354 3387 451 3424 του
481 3371 641 3425 ἕνεκα
672 3372 810 3442 μετά
836 3373 1101 3444 περισσῆς
1135 3373 1388 3445 διαλογῆς
1415 3371 1671 3444 ἀκρίϐεια
1711 3369 1818 3422 τῶν
1844 3369 1932 3420 λό-

355 3477 475 3530 γων
516 3462 827 3534 γεγένηται.
864 3463 1007 3535 Ὅρα
1049 3464 1106 3518 δὲ
1148 3464 1242 3517 ἀπ’
1269 3463 1441 3534 αὐτῆς
1477 3462 1574 3534 τῆς
1627 3459 1934 3532 ὁμολογίας,

361 3551 446 3606 ὄτι
472 3551 594 3605 οῦτε
621 3554 678 3606 ὲν
707 3553 880 3625 τούτῳ
909 3553 1296 3628 εύρεθὴσονταί
1321 3572 1371 3608 τι
1410 3553 1659 3623 λέγοντες
1691 3552 1740 3605 οἱ
1771 3553 1849 3614 είς
1879 3551 1938 3602 τὸ

362 3643 592 3714 Πνεῦμα
635 3625 1102 3716 βλασφημοῦντες,
1147 3647 1195 3700 oi
1240 3625 1687 3716 ΙῘνευματομάχοι
1717 3643 1812 3697 καὶ
1847 3641 1939 3695 ἀλ-

360 3734 564 3806 λὐτριοι
587 3739 686 3808 τῆς
703 3736 866 3790 αὐτοῦ
887 3737 1092 3808 δωρεᾶς
1117 3737 1211 3789 καὶ
1239 3737 1544 3805 ἀγιαστίας.
1577 3734 1752 3798 Εὐθὺς
1771 3733 1878 3804 γὰρ
1905 3733 1938 3802 ἡ

363 3825 878 3896 ἓκθεσιςύμολογεῖ,
909 3829 1001 3880 καί
1023 3828 1123 3880 ούκ
1145 3828 1406 3899 ἀρνεῖται.
1442 3826 1805 3894 Πιστεύομεν
1831 3823 1940 3893 γάρ

364 3922 453 3986 εις
485 3919 592 3972 ἕνα
627 3919 776 3973 Θεὸν
826 3921 1056 3990 Πατέρα
1095 3920 1560 3990 παντοκράτορα.
1613 3919 1687 3971 To
1729 3918 1808 3983 δὲ,
1839 3919 1941 3970 Πι-

366 4013 685 4080 στεύομεν,
719 4012 813 4082 οὐχ
841 4013 1024 4077 ἁπλῶς
1053 4014 1290 4084 εἴρηται,
1322 4011 1458 4066 ἀλλά
1478 4013 1512 4082 ἡ
1541 4011 1717 4073 πίστις
1751 4011 1829 4074 είς
1853 4007 1942 4062 τὸν

367 4101 523 4156 Θεόν.
554 4103 662 4157 Καὶ
711 4107 797 4170 είς
837 4105 943 4158 ἕνα
977 4106 1198 4173 Κύριον
1239 4103 1483 4173 Ἰησοῦν
1525 4103 1800 4171 Χριστόν.
1832 4102 1943 4172 Οὐχ

369 4194 559 4258 ἁπλῶς
594 4193 829 4266 εἴρηται,
880 4195 992 4247 ἀλλ’
1017 4197 1096 4260 εἰς
1127 4194 1256 4248 Θεὸν
1299 4196 1333 4265 ἡ
1381 4194 1580 4255 πίστις.
1632 4191 1740 4245 Καὶ
1768 4192 1853 4256 είς
1880 4190 1944 4243 τὸ

371 4286 542 4355 ἅγιον
581 4286 849 4356 Πνεῦμασ
905 4290 999 4341 καὶ
1044 4287 1141 4356 οὐχ
1192 4285 1378 4348 ἀπλῶς
1432 4283 1668 4355 εἴρηται,
1707 4281 1821 4336 ἀλλ’
1866 4282 1945 4345 είς

376 4377 505 4447 μίαν
561 4377 866 4445 δοξολογίαν
905 4378 999 4431 καὶ
1029 4379 1108 4440 είς
1153 4376 1282 4448 μίαν
1333 4375 1526 4427 ἕνωσιν
1573 4373 1822 4443 θεότητος
1852 4370 1946 4424 καὶ

377 4469 506 4540 μίαν
527 4469 935 4540 ὁμοουσιότητα,
961 4472 1035 4532 είς
1062 4469 1191 4540 τρία
1212 4467 1413 4530 τέλεια,
1448 4466 1576 4536 μίαν
1606 4465 1662 4518 δὲ
1690 4463 1943 4534 θεότητα,

2038 3273 2166 3325 ient.
2196 3271 2374 3338 Quare
2415 3288 2537 3326 cum
2569 3273 2732 3327 Arius
2763 3273 2814 3326 in
2857 3271 3054 3325 Filium
3100 3269 3388 3324 maledicta
3423 3265 3600 3334 conji-

2036 3370 2215 3427 ceret,
2251 3373 2534 3435 pr0plerea
2574 3363 2808 3419 ulteriori
2837 3361 3070 3435 quadam
3113 3357 3482 3430 disputatione
3514 3371 3602 3408 ar-

2036 3442 2349 3524 gumentum
2392 3455 2520 3511 illttd
2568 3463 2650 3510 est
2687 3455 3096 3510 accuratissime
3147 3458 3460 3505 tractatum.
3500 3445 3604 3501 Ve-

2039 3561 2156 3598 rum
2213 3561 2275 3600 ex
2335 3546 2522 3601 eadem
2586 3545 2706 3599 lidei
2765 3544 3104 3615 professione
3164 3538 3602 3594 animadvertere

2040 3639 2194 3702 licet,
2231 3655 2302 3693 ne
2348 3639 2449 3693 hac
2491 3639 2546 3693 in
2589 3646 2740 3708 parte
2775 3637 2992 3708 quidem
3025 3633 3448 3690 contumeliows
3481 3629 3605 3682 illos

2040 3731 2093 3784 in
2130 3728 2391 3801 Spiritum
2445 3730 2728 3785 haereticos
2766 3743 2826 3782 ac
2880 3726 3118 3797 Spiritus
3167 3728 3602 3794 Oppugnatores,

2040 3830 2093 3877 ct
2137 3822 2204 3876 ab
2233 3823 2354 3892 ejus
2385 3821 2674 3877 sanctitate
2711 3836 2774 3874 ac
2830 3819 2989 3874 donis
3031 3817 3259 3877 alienos,
3305 3810 3602 3882 quidquam

2041 3913 2265 3968 omnino
2294 3913 2495 3965 dicere.
2535 3911 2814 3980 Siquidem
2846 3907 3115 3978 expositio
3153 3907 3268 3973 ipsa
3319 3901 3603 3953 veritatem

2043 4003 2275 4058 subinde
2311 4002 2612 4070 proﬁtetur,
2647 4016 2746 4054 nec
2779 4005 2955 4068 negat.
2983 3994 3281 4054 Credimus,
3315 3987 3514 4058 inquit.
3553 3985 3606 4037 in

2042 4109 2203 4145 unum
2247 4091 2408 4144 Dt-um
2451 4091 2665 4144 Patrem
2718 4089 3140 4156 omnipotentem.
3177 4081 3281 4136 Ubi
3331 4095 3430 4131 vox
3466 4077 3605 4136 ista.

2045 4185 2344 4250 Credimus,
2379 4199 2488 4237 non
2533 4180 2854 4250 simpliciter
2889 4175 3202 4246 accipienda
3229 4214 3242 4238 ,
3277 4172 3370 4226 sed
3405 4171 3472 4223 de
3508 4167 3609 4220 [ide

2045 4278 2100 4332 in
2145 4275 2311 4330 Deum
2345 4273 2693 4343 intelligenda
2723 4271 2888 4325 venit.
2930 4268 2996 4322 Et
3033 4269 3090 4321 in
3131 4281 3291 4319 unum
3324 4261 3607 4315 Dominum

2045 4367 2226 4422 Jesum
2261 4367 2548 4422 Christum.
2590 4365 2774 4434 Neque
2813 4363 2916 4418 hoc
2949 4369 3224 4428 utcunque
3253 4357 3481 4415 dictum,
3513 4349 3609 4405 sed

2049 4459 2112 4513 ad
2141 4459 2296 4515 iidem
2323 4460 2376 4514 in
2411 4458 2579 4513 Deum
2611 4456 2976 4511 referendum.
3014 4451 3077 4505 Et
3110 4452 3162 4504 in
3190 4447 3448 4518 Spiritum
3483 4459 3601 4498 san-

377 4533 509 4629 μίαν
537 4533 746 4621 οὐσίαν,
800 4533 929 4628 μίαν
960 4533 1284 4624 δοξολογίαν,
1327 4533 1460 4625 μίαν.
1487 4551 1800 4623 κυριότητα,
1835 4533 1930 4603 ἀπὶ

2046 4564 2207 4606 ctum.
2231 4551 2384 4619 Quod
2413 4565 2589 4620 neque
2635 4547 2954 4618 simpliciter
2986 4549 3307 4611 usurpatum
3346 4544 3430 4592 est
3463 4576 3477 4596 .
3514 4533 3610 4588 sed

373 4649 468 4703 τοῦ
498 4651 883 4718 Πιστεύομεν,
909 4649 1000 4703 καὶ
1025 4648 1408 4716 Πιστεύομεν,
1436 4645 1529 4699 καὶ
1556 4644 1939 4711 Πιστεύομεν.

376 4741 488 4794 Καὶ
508 4739 740 4795 ἐνταῦθα
771 4740 1015 4793 διέπεσεν
1038 4741 1066 4792 ὁ
1094 4739 1199 4792 τῶν
1220 4737 1472 4791 τοιούτων
1496 4737 1670 4803 λόγος.
1702 4737 1810 4788 Καὶ
1841 4734 1945 4797 ἕως

376 4831 484 4886 ποῦ
512 4831 736 4902 μηκύνω
760 4833 849 4885 τὸν
875 4831 1050 4898 λόγον,
1081 4829 1326 4901 ἀρκετῶς
1351 4828 1692 4901 ἡγησάμενος
1712 4831 1822 4889 τοῖς
1848 4827 1945 4897 τὴν

377 4922 638 4994 ἀλήθειαν
669 4921 924 4992 ἀγαπῶσι
979 4922 1050 4975 τά
1105 4921 1246 4974 κατά
1285 4920 1486 4972 τούτων
1523 4918 1819 4989 εἰρημένας
1857 4919 1945 4969 Διὸ

380 5015 762 5086 ὑπερϐήσομαι
791 5015 883 5068 καὶ
897 5013 1117 5085 ταύτην,
1141 5013 1388 5084 δεόμενος
1401 5011 1534 5064 Θεοῦ
1558 5013 1684 5082 ύμῖν
1707 5010 1948 5083 συνήθως

381 5105 762 5161 ἀντιλαϐέσθαι
793 5105 927 5177 πρὸς
973 5105 1068 5177 τὴν
1092 5104 1294 5158 τούτων
1321 5103 1626 5174 ἀνατροπὴν
1653 5102 1906 5155 ἁπάντων
1932 5119 1947 5133 ο

380 5198 553 5260 ὅπως,
581 5197 637 5249 έν
665 5198 730 5267 τῇ
760 5195 921 5249 αύτοῦ
957 5195 1178 5266 δυνάμει
1203 5193 1262 5247 τὸ
1291 5191 1608 5262 ἐπάγγελμα
1638 5191 1952 5244 τελειώσαν-

381 5305 496 5351 τες,
530 5286 670 5341 κατά
690 5287 866 5342 πάντα
893 5285 1040 5356 αύτῷ
1069 5285 1564 5356 εύχαριστήσωμεν.

2051 4647 2104 4698 in
2141 4660 2302 4697 unam
2338 4642 2776 4714 praedicationem
2813 4654 2876 4692 ac
2905 4637 3130 4708 gloriam
3153 4674 3166 4698 ,
3195 4633 3250 4686 in
3283 4644 3444 4684 unam
3469 4625 3613 4682 divi-

2054 4737 2237 4789 nitatis
2273 4732 2711 4803 conjunctiouem
2733 4767 2747 4792 ,
2783 4729 2836 4782 in
2869 4741 3031 4781 unam
3072 4717 3616 4778 consubstantialita-

2053 4837 2195 4892 tem;
2227 4825 2281 4880 in
2319 4822 2560 4895 perfecta
2595 4822 2720 4885 tria,
2750 4819 2842 4874 sed
2872 4833 3033 4873 unam
3057 4814 3418 4874 divinitatem,
3449 4821 3612 4862 unam

2053 4916 2451 4982 substantiam;
2485 4927 2649 4968 unam
2674 4911 2922 4982 gloriam,
2947 4906 3371 4961 dominationem
3405 4913 3567 4951 unam
3596 4909 3608 4943 :

2055 5011 2197 5083 quod
2219 5025 2296 5066 ea!
2323 5024 2504 5072 voces,
2536 5005 2830 5064 Credimus,
2862 5008 2915 5057 et
2940 4999 3232 5057 Credimus,
3265 5005 3317 5047 et
3341 4989 3612 5083 Credimus

2055 5075 2355 5156 declarant.
2406 5099 2482 5151 Ex
2516 5111 2624 5168 quo
2657 5095 2872 5149 illorum
2906 5089 3220 5144 confutatur
3245 5083 3441 5138 oratio.
3471 5075 3613 5143 Quid

2027 5201 2236 5247 -autem
2280 5192 2334 5245 in
2376 5205 2438 5246 ea
2477 5205 2597 5245 sunt
2645 5188 3009 5258 disputatione
3059 5180 3290 5248 longior,
3331 5187 3453 5227 cum
3497 5185 3616 5237 (Ιυίυ

2059 5282 2325 5337 adversus
2345 5281 2479 5337 istos
2502 5281 2787 5350 hucusque
2811 5279 2952 5332 dicta
2981 5281 3108 5329 sttut
3133 5265 3377 5324 veritatis
3408 5261 3618 5316 studio-

380 5383 466 5438 sis
514 5382 647 5437 satis
702 5396 825 5436 esse
861 5397 970 5435 non
1017 5379 1299 5434 dubitem?
1329 5378 1599 5444 Quocirca
1641 5378 1863 5433 missam
1903 5387 1958 5434 et
1999 5379 2138 5434 hanc
2190 5379 2440 5434 haeresim
2491 5377 2724 5443 faciam,
2776 5385 2830 5429 et
2876 5373 3040 5425 Deum
3104 5363 3388 5437 precabor.
3446 5365 3507 5411 ιη
3549 5355 3614 5409 ad

379 5487 577 5529 Omnes
609 5470 875 5541 ejusmodi
912 5470 1276 5541 proﬂigandas
1319 5484 1474 5540 opem
1515 5469 1672 5525 nobis
1724 5467 1934 5538 afferat,
1977 5480 2035 5525 ut
2067 5472 2210 5528 illius
2243 5473 2445 5527 virtute
2498 5469 2619 5526 freti
2673 5467 2814 5538 quod
2878 5461 3222 5530 suscepimus
3289 5450 3516 5522 exsequi
3561 5453 3620 5504 et

384 5565 446 5620 in
477 5564 736 5619 omnibus
778 5565 984 5636 gratias
1013 5563 1211 5618 habere
1243 5561 1538 5631 possimus.

468 5681 486 5712 ⁸
520 5679 708 5735 Matth.
787 5697 887 5746 su,
923 5681 1007 5735 5‘2.
1087 5681 1108 5711 ¹
1143 5678 1326 5734 Matth.
1361 5694 1469 5746 tm,
1512 5676 1593 5732 18.
