3990 6228
375 294 479 358 503
973 329 978 336 ι
1850 307 1904 361 S.
1937 303 2277 362 EPll’liANll
3527 311 3636 372 5M

809 415 1175 472 snvnnsus
1204 416 1490 483 semen,
2595 423 2784 480 ΚΑΤΑ
2819 385 3093 492 serior,
3169 384 3174 386 ’

763 529 996 587 llirresis
1039 531 1085 586 L
1101 533 1161 600 V,
1199 536 1304 588 sive
1327 533 1475 590 LXX
1493 535 1552 590 V.
1831 567 1834 570 λ
1981 557 2022 608 Α

1539 577 1552 590 .
1831 567 1834 570 λ
1981 557 2022 608 Α
2581 540 2692 592 ΝΕ⁹
2748 541 2786 607 ἢ
2841 540 2940 592 καί
2987 543 3115 593 σε’.

443 639 485 691 l.
525 637 719 694 Acrius
744 639 966 709 quidam
1009 642 1212 712 ingenti
1243 644 1466 712 perinde
1485 643 1684 700 damno
1711 646 1763 700 in
1795 631 1952 700 mun-

2123 647 2198 699 A’.
2223 646 2426 716 Ἀέριός
2447 665 2530 711 τις
2559 649 2720 703 πάλιν
2743 649 3009 712 ὡσαύτως
3031 649 3108 719 τῷ
3133 649 3319 720 κόσμῳ
3345 652 3643 722 γεγένηται

375 717 508 782 dum
561 729 907 786 introductus
967 741 1070 797 est,
1113 734 1271 791 furiis
1317 737 1644 804 quibusdam
1691 740 1951 809 percitus,

2069 736 2204 806 μέγα
2233 738 2420 801 κακὸν,
2453 738 2842 808 ἐμϐροντηθεὶς
2870 741 2971 809 τὴν
3019 717 3248 804 ἔννοιαν,
3281 717 3546 813 ἐπαρθεὶς
3577 741 3645 795 τὸ

373 829 428 873 ιιι
481 821 770 878 insolentia
806 827 1066 895 majorem
1115 827 1169 881 in
1222 828 1444 884 modum
1493 831 1688 886 elatus.
1742 831 1949 886 Etenim

2067 829 2330 898 φρόνημα.
2379 829 2536 882 Πᾶσα
2595 829 2704 900 γάρ
2747 831 2966 901 αἵρεσις
2993 831 3324 886 κακοδουλία
3353 834 3462 886 τῶν
3487 851 3643 910 γενο-

375 914 597 970 lueresis
653 917 834 972 omnis
886 919 1126 988 pessimo
1191 935 1254 974 ex
1312 936 1524 987 eorum,
1565 925 1655 992 qui
1687 923 1758 978 ab
1799 924 1951 977 initio

2069 919 2238 988 μένων
2277 921 2373 973 ἀπ’
2403 921 2580 992 ἀρχῆς
2607 921 2734 993 ἄχρι
2773 921 3018 993 τέλους’ῆ
3067 923 3431 994 κενοδοξίαςῆ
3465 927 3645 996 ἐπάρ-

377 1019 549 1073 usque
575 1005 640 1060 ad
685 1008 842 1060 linem
878 1009 1227 1072 exstiterunt,
1249 1011 1480 1064 consilio
1507 1011 1670 1082 905
1697 1012 1953 1083 proiecta:

2071 1027 2198 1073 σεως
2222 1011 2395 1064 ταῦτα
2442 1011 2759 1080 εἰργάσατο,
2789 1013 2820 1082 ἦ
2857 1011 3154 1084 ἐπιθυμίας
3184 1013 3379 1086 ὄρεξις,
3410 1016 3444 1086 ἢ
3477 1015 3647 1085 ζῆλος

375 1103 525 1161 unt,
579 1097 695 1151 sive
733 1097 856 1152 illos
899 1097 1087 1167 gloria:
1140 1100 1432 1168 cupiditas,
1492 1111 1588 1155 aut
1613 1106 1950 1174 arrogantia,

2070 1100 2194 1171 πρὸς
2228 1104 2354 1166 τοὺς
2381 1103 2567 1168 πέλας,
2601 1104 2636 1174 ἢ
2665 1102 3035 1175 παροξυσμὸς,
3065 1105 3098 1176 ἦ
3131 1107 3452 1176 προπέτεια.
3487 1107 3564 1159 T6
3587 1107 3646 1160 δὲ

375 1187 508 1239 sive
531 1185 870 1256 voluptatum
901 1188 1089 1250 libido.
1115 1189 1231 1244 sive
1260 1191 1492 1245 aliorum
1517 1193 1811 1260 annulatio,
1843 1196 1951 1250 sive

2071 1193 2166 1246 ιτᾶν
2189 1193 2254 1245 ἐκ
2281 1193 2526 1248 διαϐόλου
2551 1197 2584 1264 ἡ
2611 1193 2904 1263 τύφλωσις,
2933 1196 2994 1250 ού
3024 1195 3117 1250 τοῦ
3151 1197 3398 1250 διαϐόλου
3429 1197 3647 1268 ἰσχύον-

376 1278 672 1333 cmmnotio
711 1281 958 1349 quaedam
1000 1281 1190 1346 animi,
1233 1291 1326 1337 aut
1359 1285 1636 1340 temeritas
1657 1287 1952 1356 impulerit.

2071 1301 2150 1347 τος
2169 1284 2388 1354 άπατᾷν
2407 1285 2500 1338 τὸν
2536 1285 2610 1356 μὴ
2649 1285 2990 1356 βουλόμενον,
3029 1286 3164 1340 ἀλλὰ
3189 1287 3422 1340 ἑκάστου
3463 1288 3647 1358 ἑαυτῷ

375 1367 416 1418 Α
443 1367 660 1423 diabolo
682 1385 845 1440 porro
873 1373 1054 1429 omnis
1088 1373 1178 1428 illa
1223 1381 1308 1430 est
1339 1374 1544 1430 inﬂicta
1585 1379 1822 1445 caecitas,
1847 1395 1951 1434 non

2073 1375 2348 1447 παραιτίου
2385 1377 2672 1446 γινομένου
2719 1379 2818 1447 τῆς
2853 1378 2982 1449 περὶ
3021 1379 3121 1448 τὴν
3155 1379 3432 1449 ἁμαρτίαν
3477 1380 3649 1451 ἐργα-

374 1455 520 1544 quod
552 1456 641 1510 hic
671 1457 899 1514 iuvitmn
955 1476 1021 1516 ac
1053 1463 1329 1520 nolentem
1361 1464 1615 1535 decipere
1643 1469 1950 1539 quempiam

2071 1468 2200 1532 πίας,
2220 1465 2362 1530 Ἵνα,
2395 1468 2578 1538 φησὶν,
2598 1470 2652 1522 οἱ
2679 1467 2910 1538 δόκιμοι
2935 1469 3178 1537 φανεροί
3198 1471 3502 1538 γένωνται.
3535 1465 3647 1522 Οἶδ-

376 1548 585 1615 possit,
629 1551 722 1606 sed
759 1552 906 1621 quod
957 1557 1338 1628 unusquisque
1384 1561 1592 1629 peccati
1639 1561 1742 1615 sibi
1791 1575 1952 1616 causa

2071 1575 2148 1621 ro;
2167 1559 2197 1610 6
2241 1559 2447 1628 ’Λέριος
2481 1557 2560 1610 ἔτι
2584 1559 2676 1610 καὶ
2703 1558 2863 1629 δεῦρο
2889 1557 2956 1630 ζῇ
2986 1560 3043 1610 ἐν
3071 1560 3252 1629 σαρκὶ,
3279 1561 3376 1614 καὶ
3395 1561 3647 1630 περίεστι

374 1646 539 1708 atque
567 1649 760 1696 auctor
807 1645 899 1709 sit,
937 1645 1005 1702 Ut
1034 1649 1124 1718 qui
1163 1650 1373 1718 probati
1397 1660 1538 1716 sunt,
1565 1651 1759 1722 inquit,
1791 1654 1950 1706 maui-

2076 1648 2136 1718 τῷ
2162 1648 2280 1719 βίῳ,
2321 1648 2594 1718 Ἀρειανὸς
2617 1649 2714 1719 μὲν
2745 1648 2809 1701 τὸ
2828 1650 2958 1704 πᾶν.
2987 1648 3194 1713 Ἄλλως
3229 1649 3338 1720 γάρ
3361 1652 3424 1704 οὐ
3455 1655 3652 1722 φρονεῖ

375 1731 497 1798 festi
517 1734 854 1792 reddantur‘.
875 1738 1072 1794 Acrius
1089 1739 1191 1795 iste
1211 1757 1336 1796 vero
1353 1741 1420 1796 ad
1445 1742 1766 1797 hodiernum
1786 1759 1883 1813 usq
1893 1759 1951 1799 uc

2075 1739 2172 1792 ὶλλ’
2194 1740 2268 1802 ὡς
2289 1741 2525 1812 Ἄρειος,
2557 1741 2648 1792 καὶ
2669 1739 2750 1792 ἔτι
2779 1739 3035 1794 ἐπέκεινα
3061 1739 3324 1811 μειζόνως
3341 1741 3412 1795 τὰ
3434 1743 3651 1814 Ἀρείου

378 1827 594 1890 tempus
651 1834 922 1894 superest,
980 1835 1174 1898 estque
1221 1838 1372 1884 secta
1427 1831 1646 1900 penitus
1695 1831 1952 1888 Arianus.

2075 1832 2420 1902 ἐπιζητήσας,
2471 1831 2793 1902 ὠξυμμένος
2845 1847 2906 1884 τε
2947 1831 3046 1902 τὴν
3087 1831 3352 1899 γλῶτταν,
3405 1832 3502 1884 καὶ
3561 1831 3651 1898 ἐξ-

375 1909 565 1980 Neque
621 1915 766 1969 enim
811 1917 971 1974 aliter
1024 1928 1188 1990 atque
1237 1921 1340 1976 iste
1387 1923 1596 1977 sentit:
1635 1924 1746 1978 imo
1792 1924 1951 1978 etiam

2078 1925 2401 1993 υπλτσμένος
2419 1924 2476 1976 ἐν
2501 1923 2738 1992 χείλεσιν
2753 1925 2811 1978 ἐν
2831 1923 3004 1993 τούτῳ
3022 1923 3102 1994 τῷ
3127 1923 3192 1993 μέ
3203 1940 3303 1994 ρει,
3327 1923 3482 1987 ὅπως
3511 1922 3654 1988 ἐξελ-

377 2003 570 2058 Arium
609 2006 789 2075 ipsum
839 2009 1150 2080 dogmatum
1199 2015 1442 2074 novitate
1473 2017 1768 2085 superavit.
1813 2017 1953 2082 Quin

2077 2014 2204 2085 ιιύσῃ
2229 2017 2306 2076 είς
2339 2015 2527 2068 ἑαυτὸν
2560 2015 2910 2085 ἠπατημένον
2937 2015 3164 2086 στρατὸν
3185 2015 3278 2070 καὶ
3303 2015 3515 2086 πληθὺν
3541 2015 3653 2067 τῶν

380 2095 559 2160 hacin
612 2107 762 2167 parte
801 2100 1040 2172 linguam
1073 2119 1228 2158 suam
1287 2106 1609 2175 procudisse
1677 2115 1731 2163 et
1780 2108 1846 2162 ad
1875 2109 1956 2164 di-

2079 2107 2150 2158 ial.
2179 2106 2281 2169 τὰς
2306 2106 2475 2170 ἀκοὰς
2499 2106 3002 2178 γαργαλιζομένων,
3026 2107 3122 2159 καὶ
3143 2105 3242 2176 τὴν
3262 2105 3504 2159 διάνοιαν
3527 2107 3655 2158 ὐπο-

379 2191 612 2246 cendum
663 2191 946 2265 promptus
982 2211 1106 2251 esse
1133 2197 1368 2266 videtur,
1401 2209 1459 2254 ut
1482 2200 1830 2272 deceptorum
1859 2202 1955 2256 ho-

2079 2196 2414 2267 (αλωμένων.
2439 2198 2549 2250 Καὶ
2566 2197 2674 2267 γὰρ
2697 2197 2792 2248 καὶ
2813 2195 2976 2260 αὐτὸς
3001 2195 3080 2266 τῷ
3106 2195 3204 2266 βίῳ
3227 2195 3502 2267 ἐφεύρατό
3530 2211 3655 2248 τινα

379 2285 588 2338 minum
617 2287 920 2342 exercitum
968 2302 1288 2359 eorumque,
1314 2289 1516 2359 quibus
1549 2301 1602 2344 et
1639 2305 1802 2346 aures
1829 2306 1955 2361 pru-

2079 2291 2310 2360 μεγάλην
2337 2288 2556 2360 μυθώδη
2589 2288 2917 2354 κενοδοξίαν,
2949 2288 3156 2356 γελοῖον
3187 2288 3286 2358 μὲν
3319 2287 3655 2358 ἐμποιοῦσαν

381 2375 531 2430 riunt
565 2378 608 2440 ‘,
633 2385 685 2432 et
712 2379 929 2434 animus
961 2379 1206 2436 vanitate
1235 2381 1656 2453 arrogantiaque
1687 2383 1957 2438 distentus

2079 2385 2177 2446 τοῖς
2201 2382 2488 2454 ἔμιρροσιν,
2523 2381 2672 2451 ὅμως
2695 2381 2782 2434 διὰ
2805 2381 2994 2434 τούτου
3023 2379 3254 2443 πολλοὺς
3285 2380 3536 2450 ὴπάτησε
3559 2383 3655 2432 καὶ

377 2476 482 2534 est,
509 2469 910 2527 multitudinem
933 2471 1002 2526 ad
1031 2487 1154 2528 sese
1181 2473 1439 2544 pelliciat.
1471 2475 1679 2530 Etenim
1707 2483 1953 2546 niagnam

2077 2473 2452 2543 παρείλκυσεν.
2489 2465 2656 2535 Οὗτος
2701 2471 2910 2540 γίνεται
2953 2469 3320 2540 συσχολαστὴς
3353 2469 3653 2523 Εὑσταθίου

378 2567 434 2614 et
485 2561 576 2616 ille
628 2565 848 2632 quoque
900 2579 1168 2634 nugarum
1201 2580 1264 2620 ac
1298 2565 1608 2622 fabularum
1655 2567 1868 2636 copiam
1903 2568 1954 2622 in

2080 2567 2359 2620 Ξεϐαστίου
2385 2563 2478 2618 τοῦ
2511 2565 2611 2634 τῆς
2636 2561 2967 2625 Σεϐαστείας
2991 2561 3194 2614 Πόντου
3221 2577 3282 2614 τε
3311 2560 3656 2632 καλουμένης

381 2652 684 2708 humanum
719 2671 895 2725 genus
926 2655 1150 2710 invexit.
1187 2656 1317 2722 Qua:
1353 2659 1568 2712 tametsi
1599 2657 1957 2726 prudentiori-

2079 2657 2271 2729 χώρας.
2312 2658 2432 2728 ἢτοι
2489 2657 2692 2727 μικρᾶς
2749 2654 3058 2726 Ἀρμενίας.
3117 2652 3286 2722 Ὀμοῦ
3341 2652 3453 2723 γὰρ
3513 2648 3655 2723 ἦσαν

382 2742 488 2797 bus
537 2743 770 2799 ridicula
820 2745 1090 2812 videatur,
1153 2748 1512 2802 nihilominus
1555 2749 1829 2818 plerisque
1867 2763 1958 2817 per

2076 2749 2361 2813 ἀσκοῦντες
2390 2750 2418 2802 ὅ
2437 2766 2496 2801 τε
2521 2746 2918 2820 προειρημένος
2939 2743 3237 2808 Εὐστάθιος
3255 2745 3350 2797 καὶ
3369 2746 3398 2797 6
3425 2745 3652 2816 Ἀέριος.

381 2831 530 2912 illam
593 2833 854 2906 imposuit
903 2843 958 2890 et
1024 2839 1080 2890 in
1137 2853 1378 2892 errorem
1423 2837 1672 2892 abduxit.
1717 2835 1843 2891 Fuit
1875 2837 1957 2892 hic

2081 2839 2199 2892 Ὅτε
2227 2839 2282 2891 δὲ
2305 2840 2332 2891 6
2361 2836 2656 2900 Εὑστάθιος
2676 2833 2839 2907 ἦλθεν
2861 2835 2942 2897 είς
2969 2833 3066 2905 τὴν
3087 2832 3414 2904 ἐπισκοπὴν,
3451 2835 3657 2896 ἐκεῖνος

367 2915 654 2978 Eustatbii
721 2923 983 2980 Sebastiae
1012 2927 1252 2998 episcopi
1277 2931 1418 2996 (qua:
1455 2935 1539 2982 est
1577 2927 1632 2980 in
1660 2928 1816 2982 Ponti
1872 2943 1943 2984 re-

2081 2929 2272 3000 μᾶλλον
2305 2928 2594 3000 ἐπεθύμει,
2631 2927 2744 2980 ἀλλ’
2776 2927 2876 2979 οὐκ
2923 2925 3159 2994 ἔφθασεν
3197 2925 3276 2986 εἰς
3319 2923 3498 2978 τοῦτο.
3541 2923 3657 2975 Ἐν-

381 3014 544 3084 gioue
588 3016 706 3072 sive
751 3017 985 3073 minoris
1027 3017 1320 3088 Armenize)
1347 3017 1572 3074 sodalis.
1612 3017 1790 3074 Ambo
1813 3019 1957 3074 enim

2081 3021 2258 3076 τεῦθεν
2285 3021 2446 3090 ζῆλος
2477 3020 2706 3089 γίνεται.
2748 3017 2952 3071 Ἐδόκει
2979 3015 3036 3070 δὲ
3069 3015 3466 3086 προσλιπαρεῖν
3501 3016 3530 3067 6
3555 3013 3657 3065 Εύ-

381 3109 748 3163 monastieum
795 3108 922 3164 vita:
952 3125 1127 3180 genus
1160 3109 1394 3182 amplexi
1427 3118 1576 3166 sunt.
1603 3109 1742 3166 Cum
1775 3119 1956 3168 autem

2080 3111 2291 3175 στάθιος
2319 3113 2410 3165 τὸν
2439 3111 2670 3182 Ἀέριον.
2705 3109 2912 3162 Αὐτίκα
2942 3107 3168 3179 ὕστερον
3201 3108 3436 3178 καθιστᾷ
3468 3105 3656 3160 τοῦτον

383 3197 702 3254 Eustathius
759 3198 826 3254 ad
859 3199 1234 3272 episcopatum
1275 3209 1419 3256 esset
1450 3207 1695 3264 evectus,
1741 3199 1959 3265 Aetius,

2074 3203 2472 3276 πρεσϐύτερον,
2518 3202 2578 3254 τό
2624 3219 2684 3255 τε
2738 3199 3064 3270 ξενοδοχεῖον
3107 3197 3258 3269 αὐτῷ
3305 3197 3650 3268 ἐμπιστεύει,

381 3287 485 3342 etsi
513 3288 570 3342 id
600 3304 932 3360 magnopere
960 3302 1206 3362 cuperet,
1232 3307 1296 3346 eo
1325 3299 1504 3345 tamen
1539 3290 1823 3362 pervenire
1847 3306 1957 3346 non

2080 3261 2200 3366 Βπερ
2221 3295 2280 3347 ἐν
2300 3261 2377 3364 τά)
2394 3261 2580 3365 Πόντῳ
2597 3261 2841 3346 καλεῖται
2864 3261 2973 3362 (τὲ)
2995 3261 3448 3362 πτωχοτροφείον.
3465 3288 3656 3342 Τοιαῦ-

381 3379 577 3448 potuit.
636 3379 779 3434 llinc
830 3379 1084 3436 simultas
1125 3396 1194 3436 ex
1231 3381 1580 3436 aemulatione
1613 3379 1870 3435 conﬂata.
1896 3379 1957 3436 Et

2079 3401 2128 3439 τα
2159 3385 2268 3457 γάρ
2314 3403 2436 3439 τινα
2464 3383 2936 3446 κατασκευάζουσι
2984 3383 3124 3437 κατὰ
3175 3381 3518 3451 φιλοξενίαν·
3563 3384 3655 3436 καὶ

381 3470 602 3544 quidem
659 3469 980 3544 Eustathius
1031 3470 1196 3527 Aerio
1249 3471 1548 3542 plurimum
1599 3470 1882 3544 indulgere
1911 3481 1957 3526 el

2081 3478 2187 3540 τοὺς
2215 3476 2624 3546 λελωϐημένους
2655 3475 2751 3530 καὶ
2785 3473 3076 3538 ἀδυνάτους
3101 3475 3209 3545 (75)
3240 3477 3420 3535 ἐκεζσε
3447 3474 3657 3528 ποιοῦν-

383 3563 639 3620 addictus
663 3579 787 3620 esse
815 3565 967 3620 visus
1003 3575 1106 3621 est.
1133 3563 1267 3618 Nam
1302 3574 1356 3619 et
1411 3565 1792 3637 presbyterum
1822 3565 1959 3620 hunc

2079 3587 2164 3631 τες
2195 3569 2543 3640 καταμένειν,
2580 3566 2972 3638 ἐπιχορηγοῦσι
3019 3566 3161 3621 κατὰ
3195 3565 3426 3637 δύναμιν
3471 3568 3520 3619 oi
3547 3567 3655 3618 τῶν

383 3659 577 3722 postea
610 3654 836 3718 creavit,
869 3661 923 3710 et
941 3655 1282 3719 xenodochii,
1317 3655 1463 3726 quod
1495 3655 1959 3726 ptochotrophium

1203 3656 1282 3719 iii,
1317 3655 1463 3726 quod
1495 3655 1968 3726 ptochotrophium
2084 3660 2422 3732 Ἑκκλησιῶν
2455 3661 2779 3732 προστάται.

383 3745 445 3806 in
482 3748 656 3804 Ponto
702 3759 948 3815 vocatur,
995 3765 1182 3806 curam
1233 3752 1284 3806 ei
1323 3743 1626 3806 commisit.
1668 3750 1952 3822 Ejusmodi
1998 3757 2198 3828 quippe
2249 3757 2530 3812 domicilia
2585 3773 2695 3827 pra:
2743 3757 2950 3812 amore'
2989 3771 3118 3827 erga
3173 3755 3419 3826 hospites
3457 3753 3526 3808 ab
3557 3751 3656 3806 Ec-

385 3843 679 3900 clesiarum
716 3840 1056 3901 antistitibus
1093 3842 1320 3918 excitari
1372 3843 1584 3908 solent;
1629 3842 1684 3896 in
1733 3843 1934 3914 quibus
1977 3848 2256 3908 mutilatos
2309 3857 2364 3905 et
2405 3849 2706 3904 imbecillos
2761 3847 3055 3910 collocant,
3113 3845 3288 3915 iisque
3343 3843 3412 3898 ad
3453 3842 3653 3900 victum

386 3936 698 3992 necessaria
725 3951 822 4004 pro
859 3934 1002 3988 virili
1043 3933 1414 4004 suppeditant.

457 4029 520 4088 ll.
554 4029 660 4084 Sed
696 4045 820 4084 cum
857 4028 1068 4082 nullum
1103 4027 1462 4084 succensendi
1495 4027 1716 4083 modum
1767 4026 1971 4085 faceret

2141 4026 2214 4080 B'.
2267 4025 2420 4079 Ἐπεὶ
2448 4021 2542 4084 οὖν
2573 4027 2605 4094 ἡ
2643 4024 2804 4096 μῆνις
2832 4025 2927 4078 ἀπ’
2953 4021 3116 4090 αὑτοῦ
3137 4023 3215 4074 -ού
3249 4022 3508 4085 διέλειπε,
3533 4023 3653 4076 καθ’

383 4122 598 4184 Acrius,
651 4120 784 4178 rixa:
841 4135 906 4175 ac
937 4120 1118 4192 jurgia
1165 4121 1218 4175 in
1277 4121 1396 4177 dies
1451 4121 1854 4192 ingravescere,
1894 4143 1959 4184 ac

2077 4117 2309 4188 ἑκάστην
2353 4117 2565 4187 ἡμέραν
2606 4115 2842 4186 ηὔξανον
2887 4117 2936 4168 οἱ
2977 4114 3149 4181 λόγοι,
3195 4115 3290 4166 καὶ
3329 4113 3653 4184 προέϐαινεν

384 4221 588 4272 mutuae
625 4212 933 4268 simultates
962 4212 1170 4282 augeri.
1212 4212 1291 4266 Ad
1347 4211 1460 4265 haec
1497 4213 1718 4280 pessimi
1748 4213 1960 4282 quidam

2076 4209 2339 4279 ivapécov
2375 4207 2554 4260 αὐτῶν
2587 4209 2615 4260 6
2655 4206 2835 4276 ζῆλος,
2881 4206 3028 4274 λόγοι
3071 4222 3130 4257 τε
3167 4204 3268 4256 οὐκ
3311 4204 3508 4272 ἀγαθοὶ
3563 4205 3652 4258 καὶ

385 4319 634 4359 rumores
661 4315 709 4359 el
738 4303 1025 4358 calumnia:
1053 4303 1318 4358 adversus
1346 4303 1688 4356 Eustathium
1721 4304 1789 4364 ab
1809 4303 1961 4358 Aeria

2073 4301 2309 4356 διαϐολαὶ
2350 4299 2454 4353 ὑπὸ
2486 4297 2578 4352 τοῦ
2611 4298 2820 4369 Ἀερίου
2863 4297 3008 4351 κατὰ
3045 4295 3347 4350 Εὑσταθέου
3395 4295 3649 4365 ἐγίνοντο.

387 4395 590 4466 spargi.
637 4391 858 4449 Interim
905 4391 1226 4447 Eustathius
1257 4393 1550 4464 episcopus
1579 4402 1866 4449 evocatum
1897 4393 1963 4447 ad

2078 4392 2136 4448 '0
2155 4393 2213 4446 δὲ
2235 4392 2534 4455 ἐπίσκοπος
2565 4390 2884 4454 Εύστάθιος,
2920 4387 3394 4459 μετακαλούμενος
3419 4387 3512 4439 τὸν
3542 4387 3653 4440 Ἀέ-

391 4499 514 4540 sese
543 4483 764 4536 Aerium
791 4481 1053 4546 mulcere,
1082 4481 1386 4546 adhortari,
1417 4481 1962 4546 comminari,irasci,

2077 4500 2206 4555 ριον,
2243 4481 2509 4547 ἐθώπευε,
2546 4483 2801 4552 παρῄνει.
2833 4481 3048 4550 ἠπείλει
3073 4521 3087 4542 ,
3135 4480 3487 4550 ἐνεϐριμᾶτο,
3519 4496 3653 4549 παρ-

390 4573 721 4643 supplicare,
773 4587 948 4640 neque
980 4573 1276 4642 quidquam
1303 4583 1482 4626 tamen
1529 4571 1617 4626 his
1651 4573 1814 4626 rebus
1849 4571 1964 4626 elli-

2077 4571 2274 4637 εκάλει,
2299 4574 2392 4628 καὶ
2419 4573 2568 4630 οὐδὲν
2607 4570 2756 4640 ἤνυε,
2779 4573 2821 4623 Τ
2825 4571 2853 4624 ὸ
2883 4572 2989 4642 γὰρ
3027 4570 3087 4636 ἐξ
3109 4570 3284 4640 ἀρχῆς
3319 4569 3653 4640 καταϐληθὲν

388 4679 534 4719 cere.
571 4661 704 4720 Nam
755 4663 900 4732 quod
940 4663 1009 4716 ab
1036 4663 1193 4718 initio
1219 4664 1580 4718 constitutum
1615 4664 1963 4718 inchoatum-

2079 4665 2152 4726 εἰς
2182 4664 2324 4738 μέγα
2351 4664 2520 4718 κακὸν
2553 4663 2614 4716 τὸ
2646 4663 2806 4734 ἔργον
2843 4663 3066 4732 ἤλαυνε.
3117 4661 3300 4730 Πέρας
3331 4659 3462 4727 γοῦν
3492 4677 3655 4712 κατα-

385 4773 494 4828 que
531 4755 730 4818 fuerat,
761 4753 1036 4824 ingentem
1073 4759 1131 4814 in
1163 4754 1290 4808 mali
1326 4754 1432 4807 vim
1457 4753 1656 4823 erupit.
1685 4752 1961 4809 Postremo

2079 4754 2246 4812 λιπὼν
2278 4755 2340 4808 τὸ
2365 4756 2802 4825 πτωχοτροφεῖον
2829 4754 2857 4804 6
2896 4754 3104 4828 ’Λέριος
3141 4749 3510 4822 ἀνεχώρησεν.
3538 4751 3655 4802 Ἐν-

385 4851 577 4906 relicto
605 4848 976 4903 mendicorum
1007 4847 1245 4916 hospitio
1268 4845 1498 4900 discedit
1522 4845 1736 4900 Aerius.
1761 4845 1882 4911 Quo
1903 4861 1961 4898 ex

2078 4846 2263 4900 τεῦθεν
2287 4848 2387 4918 τὴν
2418 4848 2712 4918 πρόφασιν,
2737 4844 2925 4918 ὥσπερ
2949 4843 3088 4898 κατὰ
3115 4841 3310 4913 ἐχθροῦ
3341 4841 3654 4912 βουλόμενός

349 4983 356 4990 .
387 4951 633 5012 tempore
660 4941 714 4994 in
739 4953 954 4993 onmem
977 4936 1321 4992 occasionem
1352 4935 1595 4990 intentus
1622 4933 1786 5010 θος
1822 4935 1925 4990 velt

2079 4955 2159 5001 τις
2189 4937 2209 4968 ³
2238 4938 2438 5008 εὑρεῖν,
2473 4937 2510 5006 ἢ
2547 4937 2690 4990 κατὰ
2737 4936 2997 5006 πολεμίου
3047 4937 3337 5003 ἐπαφεῖναι
3363 4933 3534 5004 βέλος,
3569 4933 3655 4984 ἀν-

385 5033 480 5106 qui
523 5033 737 5088 hostem
791 5029 1102 5100 opprimere
1151 5043 1214 5082 ac
1279 5027 1404 5082 telis
1458 5038 1712 5099 appetere
1758 5029 1961 5091 studet,

2079 5029 2309 5104 ηρεύνα·
2367 5028 2460 5080 καὶ
2487 5027 2672 5080 λοιπὸν
2717 5029 2853 5106 πᾶσι
2893 5025 3196 5084 διαϐάλλων
3238 5025 3329 5078 τὸν
3363 5022 3655 5080 Εὐστάθιαν

385 5105 644 5183 versabat
676 5141 736 5182 se
770 5124 824 5178 in
858 5137 1051 5177 omnes
1079 5128 1262 5189 partes
1294 5132 1348 5175 et
1373 5119 1516 5189 apud
1545 5135 1734 5174 omnes
1757 5121 1961 5174 calum-

2078 5121 2294 5194 ἐλεγενο
2351 5121 2545 5173 Οὐκέτι
2604 5105 2843 5182 τοιοῦτος
2878 5119 3144 5189 ὑπᾶρχεν
3181 5116 3296 5168 ἀλλ’
3341 5114 3549 5168 ἔκλινεν
3579 5115 3654 5176 εἰς

385 5223 538 5276 niese
588 5219 846 5286 deinceps
903 5212 1191 5269 Eustathio
1242 5211 1536 5265 detrahens
1574 5209 1725 5266 :Non
1777 5211 1820 5266 is
1860 5221 1961 5276 est,

2081 5211 2380 5282 χρημάτων
2430 5208 2750 5282 συναγωγὴν
2825 5209 2918 5266 καὶ
2987 5209 3068 5272 εἰς
3125 5207 3315 5277 κτῆσιν
3378 5203 3648 5262 παντοίαν.

2017 5361 2026 5366 _
2053 5340 2084 5362 Ἴ

457 5377 474 5410 ⁸
503 5375 522 5431 l
555 5377 682 5433 (lor.
724 5393 799 5440 vl,
827 5376 908 5428 lt).
986 5369 1230 5426 'llTim.
1269 5387 1341 5434 Iv,
1371 5371 1422 5425 5.
1501 5371 1524 5400 ³
1557 5367 1617 5421 l".
1647 5367 1790 5420 τινὰ.

454 5535 564 5605 (72)
604 5537 787 5601 Ὅπερ
814 5534 886 5605 ἐν
901 5531 992 5605 ,τῷ
1019 5531 1224 5596 Πόντῳ
1257 5527 1543 5605 καλεῖταιΣ
1563 5522 1692 5576 Vide
1719 5519 1956 5605 Nazian:

2076 5518 2290 5600 Proprie
2323 5519 2619 5605 ἀδυνάτους
2661 5515 2941 5595 appellant
2958 5505 3652 5605 faueo-rigisLYi-deul-Iﬁ.

386 5577 842 5674 geni-elegantem
879 5577 1023 5656 illam
1058 5583 1204 5656 orat:
1252 5598 1392 5666 Περὶ
1439 5591 1870 5664 φιλοπτωχίας,
1900 5597 1954 5644 et

2075 5577 2432 5659 pocrationem
2498 5599 2552 5644 et
2599 5577 2820 5658 Lysiam
2890 5589 3030 5642 orat.
3113 5579 3248 5648 ,περὶ
3293 5578 3401 5634 τοῦ
3437 5577 3651 5633 ἁδονᾶς

383 5671 582 5735 Nicetae
605 5671 670 5726 a'd
697 5688 814 5726 eam
840 5673 1109 5726 schnlion.
1583 5733 1594 5735 _
1615 5731 1630 5735 _
1749 5731 1758 5735 Α
2006 5707 2008 5710 .
2063 5677 2190 5714 του.

456 5746 570 5816 (T5)
606 5745 712 5800 Καὶ
755 5745 894 5810 τοὺς
937 5739 1390 5810 λελωϐημένους
1425 5735 1523 5790 καί
1564 5731 1920 5797 ἀδυνάτους.
