3990 6228
280 373 390 432 505

972 380 1346 444 ADVERSUS
1385 387 1729 446 [UERESES
1766 391 1895 449 LIB.
1936 392 2024 450 Ill.
2067 392 2229 449 T031.
2273 395 2392 449 l.--
2420 395 2955 461 ll/EllES..LXXlV.

3418 404 3525 463 506

278 489 475 545 ’Λτινα
507 487 577 563 ἦν
618 493 789 548 ταῦτα
834 501 1162 568 συκοφαντία
1206 503 1305 573 μὲν
1353 508 1480 577 παρ’
1522 508 1754 572 ἐκείνου,
1791 512 1842 578 τῇ

1963 508 2261 580 inquiebat,
2288 511 2542 581 amplius,
2594 512 2687 580 qui
2741 512 3004 567 hactenus
3042 512 3165 581 fuit,
3200 514 3294 570 sed
3313 518 3379 570 ad
3410 532 3524 572 rem

276 582 339 634 δὲ
367 584 593 657 ἀληθείᾳ
636 586 733 651 τὰς
785 589 1243 661 ἐκκλησιαστικὰς
1289 597 1477 666 χρείας
1529 598 1665 668 έχων
1719 601 1842 670 μετᾶ

1961 611 2201 658 attentus
2224 613 2326 664 est,
2369 613 2421 658 et
2457 604 2803 658 cumulandis
2842 606 3036 675 opibus
3067 614 3213 662 totus
3240 608 3522 664 incumbit.

277 677 465 743 χεῖρας
501 678 529 729 6
563 678 882 743 Εὑστάθιος,
930 681 1104 745 ἄλλως
1155 684 1252 737 οὐκ
1301 686 1533 755 ἠδύνατο
1575 690 1851 760 πράττειν.

277 763 388 816 Καὶ
418 760 484 833 ἦν
514 766 714 821 πιθανὰ
744 768 810 821 τὰ
851 770 953 823 ὑπὸ
992 771 1087 827 τοῦ
1127 775 1337 847 Ἀερίου
1367 778 1653 849 λεγόμενα.

347 1032 609 1102 Νομίσειε
642 1033 688 1087 δ’
719 1034 784 1089 ἄν
826 1053 909 1100 τις
938 1039 1421 1112 (71),ἐπειδήπερ,
1459 1042 1601 1096 κατά
1642 1043 1853 1114 ’Δερίου

269 1122 545 1191 λέγοντες,
577 1127 870 1181 Εὐστάθιον
894 1133 1310 1203 παρηγάγομεν,
1350 1135 1476 1204 μήτι
1511 1131 1619 1205 ἆρα
1652 1136 1853 1188 καὶτὸν

268 1215 571 1270 Εύστάθιον
599 1219 656 1270 ἐν
689 1219 924 1284 ἐπαίνοις
951 1221 1181 1291 ἕχομενς
1229 1224 1320 1277 τὸν
1356 1225 1454 1294 μὲν
1481 1225 1588 1295 γὰρ
1623 1226 1735 1294 βίον
1765 1227 1853 1279 αύ-

266 1304 367 1357 τοῦ
400 1307 493 1359 καὶ
532 1307 629 1378 τὴν
662 1308 937 1364 πολιτείαν
966 1313 1066 1365 οὑκ
1110 1313 1278 1381 ὀλίγοι
1311 1315 1502 1385 ἄνδρες
1544 1315 1853 1386 θαυμάζου-

268 1411 389 1447 σιν·
426 1394 537 1447 εἴθε
572 1395 629 1448 δὲ
661 1398 755 1450 καὶ
780 1402 846 1470 τῇ
874 1400 1052 1454 πίστει
1098 1402 1273 1470 ὀρθῶς
1300 1405 1565 1475 ἐφρόνησε
1586 1408 1597 1460 ί
1622 1408 1693 1460 Τὸ
1742 1410 1849 1482 γὰρ

264 1487 487 1558 Ἀερίου
514 1489 530 1519 ³
563 1489 655 1541 καὶ
683 1490 839 1554 αὐτὸς
872 1491 1124 1562 ἀπαρχῖπ
1145 1494 1249 1557 ἕως
1276 1494 1459 1558 τέλους
1482 1497 1735 1567 κατέσχε,
1756 1499 1851 1551 καὶ

260 1578 397 1631 οὔτε
449 1581 504 1632 αἱ
536 1579 744 1650 θλίψεις
788 1581 898 1635 τῶν
939 1582 1198 1654 διωγμῶν
1248 1585 1409 1638 αὑτὸν
1449 1587 1845 1657 διωρθώσαντο.

261 1669 534 1742 Ἐδιὼχθη
571 1671 678 1743 γὰρ
710 1672 848 1743 μετὰ
884 1674 993 1727 τῶν
1026 1675 1156 1745 περὶ
1190 1676 1470 1730 Βασίλειον
1535 1680 1629 1732 καί¹
1664 1679 1849 1732 Ἐλεύ-

262 1779 385 1815 σιον
425 1762 520 1816 καὶ
572 1762 811 1827 λοιπούς.
842 1765 1027 1832 Ἔδοξε
1055 1766 1111 1818 δὲ
1156 1768 1249 1819 καὶ
1279 1768 1414 1839 πρὸς
1456 1769 1705 1841 Λιϐέριον
1735 1771 1845 1839 (75)

1959 692 2089 758 Qua:
2145 694 2364 764 quidem
2422 710 2517 763 per
2561 710 2827 749 summam
2883 696 3210 749 calumniam
3252 697 3320 751 ab
3361 699 3526 753 Aerio

1953 784 2320 853 iactabantur.
2365 785 2680 840 Eustathius
2712 803 2860 850 vero,
2898 788 2989 856 qui
3024 787 3284 842 Ecclesiae
3312 790 3524 860 negotia

1957 874 2243 937 tractabat,
2274 874 2453 929 facere
2488 875 2643 929 aliter
2665 890 2772 928 non
2814 885 3042 945 poterat,
3071 876 3297 947 ideoque
3324 879 3524 949 proba-

1956 964 2137 1018 biliter
2164 965 2278 1019 haec
2300 965 2368 1019 ab
2395 965 2557 1019 Aerio
2579 966 2917 1020 dicebantur.

2023 1056 2286 1112 Caeterum
2361 1057 2632 1112 dubitabit
2688 1056 2915 1111 forsitan
2969 1057 3197 1128 aliquis,
3269 1058 3523 1127 quoniam

1952 1144 2099 1201 Aer-ii
2124 1147 2285 1204 istius
2306 1147 2593 1201 occasione
2622 1148 2956 1201 mentionem
2980 1145 3251 1201 Eustathii
3276 1147 3524 1213 fecimus,

1953 1253 2081 1290 num
2122 1237 2296 1307 ipsum
2352 1238 2568 1292 tandem
2610 1236 2950 1290 Eustathium
3001 1236 3331 1290 laudandum
3380 1238 3528 1290 arbi-

1953 1336 2161 1379 tremur
2187 1326 2211 1378 ?
2234 1342 2357 1379 nam
2401 1325 2544 1394 quod
2572 1325 2638 1377 ad
2670 1325 2788 1394 ejus
2812 1326 2936 1378 vita:
2972 1326 3279 1380 institutum
3312 1326 3526 1389 attinet,

1951 1431 2059 1470 non
2090 1415 2279 1485 paucis
2330 1415 2747 1471 admirationem
2796 1416 3022 1486 peperit.
3063 1414 3167 1482 Qui
3208 1416 3415 1470 utinam
3460 1415 3529 1469 ad

1954 1516 2153 1561 rectam
2183 1522 2247 1560 ac
2281 1508 2551 1561 sinceram
2585 1506 2740 1562 tidem
2801 1507 3156 1563 adhazsissetl
3190 1505 3391 1561 Verum
3436 1506 3529 1561 hic

1950 1600 2003 1651 in
2023 1597 2136 1650 Arii
2169 1598 2419 1667 dogmate
2448 1614 2477 1651 a
2510 1599 2777 1668 principio
2804 1598 2870 1651 ad
2898 1598 3054 1653 linem
3080 1612 3252 1669 usque
3280 1608 3529 1669 persevea

1950 1691 2109 1753 ravit,
2140 1690 2419 1760 nihiloque
2444 1691 2879 1761 persecutionum
2908 1692 3308 1746 calamitatibus
3329 1690 3523 1746 melior

1950 1778 2125 1835 factus
2144 1790 2246 1835 est.
2268 1780 2545 1850 Siquidem
2564 1797 2685 1835 cum
2716 1780 2913 1837 Basilio
2934 1789 2986 1836 et
3014 1780 3229 1837 Eleusio
3277 1797 3341 1836 ac
3367 1788 3526 1836 caete-

271 1852 502 1924 Ῥώμης
527 1853 618 1908 τὸν
649 1855 959 1927 μακαρίτην
1006 1857 1327 1928 πρεσϐεύειν
1355 1861 1471 1930 ἅμα
1505 1860 1685 1925 ἄλλοις
1728 1864 1842 1915 ἐπι‹

1952 1872 2026 1927 ris
2048 1874 2424 1942 persecutione
2446 1874 2685 1943 jactatus
2708 1882 2827 1940 est;
2861 1888 2924 1927 ac
2949 1872 3164 1929 videtur
3192 1881 3245 1929 et
3269 1873 3336 1928 ad
3368 1871 3527 1928 Libe-

259 1945 516 2007 σκόποις,
550 1945 642 1998 καὶ
665 1947 727 2016 τῇ
756 1945 969 1999 ἐκθέσει
998 1947 1099 2018 τῆς
1121 1948 1261 2001 κατὰ
1286 1949 1522 2003 Νίκαιαν
1549 1952 1848 2023 γενομένης

257 2035 511 2097 συνόδου,
548 2038 642 2090 καὶ
670 2041 736 2109 τῇ
778 2038 1039 2111 ὁμολογίᾳ
1076 2040 1173 2111 τῆς
1209 2038 1514 2111 όρθοδοξίοις
1544 2043 1851 2114 ὑπογεγρα-

255 2127 447 2195 φέναι.
480 2129 575 2191 Εἰς
618 2128 844 2201 ὕστερον
875 2131 933 2183 δὲ
972 2131 1157 2205 ὥσπερ
1192 2133 1472 2204 μνησθεὶς,
1501 2136 1595 2188 καὶ
1629 2134 1689 2200 ἐξ
1710 2136 1848 2190 όνεί-

255 2234 377 2286 ρων
431 2217 689 2282 ἀναστὰς,
741 2220 812 2273 τά
858 2220 1052 2274 ἐαυτοῦ
1111 2222 1272 2277 πάλιν
1335 2224 1528 2295 πρῶτα
1584 2225 1682 2296 τῆς
1736 2226 1846 2279 τῶν

255 2309 562 2378 Ἀρειανῶν
595 2310 912 2377 κακοδοξίας
957 2314 1420 2385 ἐπισκεπτόμενος
1454 2318 1513 2369 οὐ
1557 2317 1842 2374 διέλειπεν.

254 2400 456 2469 Ὅμως
480 2402 604 2471 περὶ
624 2402 837 2473 Ἀερίου
865 2405 995 2475 ἡμῖν
1020 2408 1048 2459 6
1072 2405 1229 2474 λόγος
1257 2407 1394 2462 ἐστί.
1413 2407 1505 2460 Διό
1529 2403 1687 2472 αὖθις
1709 2410 1844 2481 πρὸς

254 2492 427 2547 αὐτὸν
456 2494 867 2564 ἐπιστρεπτέον.

333 2761 417 2815 ι’νς
444 2754 615 2826 Οὗτος
643 2764 673 2815 ό
699 2761 907 2833 ’Λέριος
932 2763 1019 2816 διά
1048 2764 1175 2828 τοὺς
1216 2764 1492 2828 τοιούτους
1536 2766 1726 2835 λόγους
1751 2784 1842 2820 σε-

257 2855 526 2926 μνύνεται
572 2854 671 2925 μὲν
709 2856 1006 2923 ἀποταξίαν
1035 2859 1092 2910 ἐν
1126 2858 1302 2929 ἀρχῇο
1351 2858 1667 2912 καταλιπὼν
1692 2860 1748 2913 δὲ
1784 2859 1845 2912 τὸ

254 2948 718 3019 πτωχοτροφεϊον,
764 2947 1097 3018 παρείλκυσε
1132 2949 1304 3003 πολὺν
1337 2950 1499 3021 χορὸν
1536 2951 1745 3023 ἀνδρῶν
1784 2969 1844 3005 τε

253 3038 357 3089 καὶ
378 3036 670 3101 γυναικῶν,
699 3036 1068 3107 Ἀπηλαύνετο
1100 3037 1155 3090 δὲ
1183 3038 1347 3100 αὐτὸς
1375 3039 1515 3109 μετά
1548 3041 1647 3111 τῆς
1677 3039 1841 3093 αὐτοῦ

252 3129 370 3184 ἀπὸ
400 3127 506 3181 τῶν
544 3127 850 3199 ἐκκλησιῶν
887 3130 981 3182 καὶ
1025 3129 1210 3201 ἀγρῶν
1260 3131 1353 3183 καὶ⁸
1382 3131 1592 3201 κωμῶν
1621 3131 1844 3185 καὶτῶν

253 3219 437 3273 ἄλλων
471 3190 712 3272 πόλεων..
751 3220 1019 3284 Πολλάκις
1052 3190 1116 3273 δὲ.
1140 3221 1282 3290 μετά
1320 3190 1515 3276 πολλόῦ
1552 3222 1707 3293 ὄχλου
1747 3222 1840 3276 τοῦ
1867 3190 1913 3250 c

256 3312 396 3365 ἰδίου
432 3312 711 3381 νιφόμενοι
752 3312 984 3383 ἀγρόθεν
1020 3313 1312 3380 διετέλουν,
1345 3313 1600 3386 ὕπαιθροί
1644 3332 1702 3369 τε
1750 3315 1842 3367 καὶ

252 3404 367 3457 ὑπὸ
391 3403 594 3473 πέτρας
609 3403 970 3474 αὐλιζόμενοι,
998 3406 1054 3458 ὲν
1072 3405 1223 3469 ὕλαις
1252 3406 1707 3476 καταφεύγοντες.
1733 3404 1842 3461 Ἦν

250 3498 315 3551 δὲ
339 3497 505 3550 αὐτοῦ
529 3500 558 3551 ὁ
580 3497 737 3565 λόγος
766 3496 1036 3569 μανιώδης
1064 3498 1260 3569 μᾶλλον
1283 3500 1388 3571 ﬁne
1397 3517 1428 3570 ρ
1457 3501 1842 3564 καταστάσεως

254 3588 645 3661 ἀνθρωπίνης·
708 3590 802 3642 καί
871 3606 1037 3660 φησι·
1079 3590 1144 3642 Τί
1192 3592 1339 3645 ἐστιν
1384 3593 1682 3657 ἐπίσκοπος
1728 3594 1838 3663 (76)

254 3682 399 3752 πρὸς
436 3680 843 3753 πρεσϐύτερον;
884 3682 1047 3735 υύδέν
1074 3682 1377 3738 διαλλάττει
1422 3678 1576 3748 οὗτος
1612 3684 1835 3738 τούτοιν

258 3775 363 3844 μία
407 3773 513 3844 γάρ
572 3774 689 3826 ἐστι
748 3771 903 3836 τάξις
963 3774 1058 3827 καὶ
1107 3775 1226 3845 μία,
1279 3777 1432 3847 φησὶ,
1482 3778 1744 3849 τιμὴ,καὶ
1782 3778 1842 3833 ἒν

256 3865 502 3935 ἀξίωμα.
578 3865 915 3935 Χειροθετεῖ,
975 3866 1159 3935 φησιν,
1217 3868 1533 3933 ἐπίσκοπος,
1572 3870 1706 3923 ἀλλά
1747 3872 1840 3925 καὶ

252 3961 285 4011 6
313 3957 705 4028 πρεσϐύτερος.
743 3958 979 4028 Λουτρὸν
1005 3958 1219 4013 δίδωσιν
1246 3963 1274 4012 ὁ
1298 3962 1613 4027 ἐπίσκοπος,
1638 3964 1839 4033 ὁμοίως

254 4051 355 4105 καὶ
378 4052 412 4107 ό
438 4050 825 4121 πρεσϐύτερος.
858 4050 969 4120 Τὴν
991 4052 1302 4122 οἰκονομίαν
1322 4054 1419 4124 τῆς
1448 4054 1699 4126 λατρείας
1726 4055 1838 4126 (77)

255 4145 405 4197 ποιεῖ
428 4144 457 4195 ό
479 4142 794 4207 ἐπίσκοπος,
820 4143 911 4195 καὶ
935 4144 961 4195 ό
992 4143 1362 4214 πρεσϐύτερος
1381 4144 1663 4205 ὡσαύτως.
1692 4145 1842 4198 Καθ-

254 4236 445 4299 ἑζεται
473 4236 501 4287 6
538 4234 837 4298 ἐπίσκοπος
861 4236 952 4287 ἐπὶ
987 4235 1080 4287 τοῦ
1121 4235 1334 4306 θρόνου,
1364 4235 1654 4301 καθέζεται
1688 4238 1783 4290 καὶ
1810 4239 1838 4291 6

256 4325 650 4397 πρεσϐύτερος.
704 4326 796 4380 Ἐν
848 4326 1024 4397 τούτῳ
1058 4326 1287 4391 πολλοὺς
1314 4328 1584 4399 ὴπάτησε,
1620 4328 1713 4382 καὶ
1742 4329 1857 4398 ἀρά

254 4417 427 4489 χηγδν
471 4417 659 4470 τοῦτον
702 4418 1019 4487 ἐσχήκασιν.
1063 4415 1198 4472 Εἶτά
1276 4436 1450 4490 φησι·
1500 4421 1564 4473 Τί
1612 4422 1728 4474 ἐστι
1777 4423 1837 4475 τὸ

1948 1964 2089 2019 rium
2108 1967 2276 2020 beata:
2307 1967 2579 2021 memoria:
2604 1965 2905 2020 Romanum
2933 1967 3246 2037 episcOpum
3269 1981 3392 2020 cum
3407 1965 3527 2019 aliis

1946 2057 2217 2126 episcOpis
2269 2057 2589 2128 legationem
2622 2057 2845 2121 obiisse,
2894 2064 2947 2111 et
2988 2057 3326 2127 expositione
3366 2054 3519 2119 fidei,

1952 2136 2075 2216 qua:
2103 2151 2157 2203 in
2186 2147 2406 2203 Nieama
2446 2148 2656 2219 synodo
2689 2147 2966 2218 proposita
2993 2146 3191 2213 fuerat,
3225 2162 3287 2201 ac
3323 2147 3524 2201 sinceri

1949 2240 2223 2311 dogmatis
2276 2239 2607 2311 professioni
2670 2237 3086 2308 subscripsisse.
3132 2236 3327 2293 Postea
3373 2253 3523 2302 vero,

1946 2334 2091 2385 velut
2120 2346 2150 2384 a
2182 2345 2377 2386 somno
2406 2346 2466 2386 se
2499 2346 2764 2385 revocans
2793 2345 2857 2384 ac
2892 2330 3136 2400 priorum
3175 2329 3521 2391 recordatus,

1944 2422 2014 2476 ad
2070 2422 2327 2476 Arianam
2392 2421 2693 2492 perfidiam,
2741 2437 2905 2491 quam
2959 2420 3116 2475 initio
3174 2431 3520 2491 susceperat,

1946 2511 2275 2581 respiciendi
2307 2510 2465 2565 ﬁnem
2490 2511 2698 2565 nullum
2725 2510 2933 2564 habuit.
2955 2507 3157 2564 Verum
3184 2508 3251 2562 ad
3278 2510 3521 2571 Aerium,

1944 2603 2012 2658 de
2041 2619 2150 2673 quo
2180 2602 2461 2658 institutus
2493 2616 2525 2657 a
2554 2603 2711 2658 nobis
2738 2616 2918 2657 sermo
2953 2600 3076 2668 fuit,
3106 2599 3410 2656 revocanda
3438 2607 3524 2662 est

1948 2700 2151 2753 eratin.

2016 2787 2101 2842 lll.
2129 2787 2227 2842 Hic
2258 2787 2425 2858 igitur
2453 2793 2675 2857 propter
2703 2785 2972 2854 ejusmodi
3004 2787 3245 2842 rationes
3279 2783 3522 2839 omnium

1944 2896 2127 2936 rerum
2183 2880 2583 2934 abdicationem
2645 2878 2803 2932 initio
2850 2893 2959 2945 pne
3010 2892 3069 2936 se
3114 2877 3277 2941 tulit;
3328 2875 3522 2930 deinde

1946 2970 2368 3042 ptochotrophio
2415 2969 2631 3028 relicto,
2666 2981 2915 3037 magan
2957 2967 3065 3021 vim
3099 2981 3285 3022 secum
3319 2966 3511 3020 utrius-

1947 3077 2053 3131 que
2091 3076 2256 3116 sexus
2281 3059 2560 3114 hominum
2610 3056 2856 3119 abduxit,
2893 3056 2982 3126 qui
3028 3071 3223 3111 omnes
3245 3056 3314 3109 ab
3342 3055 3520 3109 eccle—

1946 3155 2065 3217 siis,
2102 3153 2271 3223 agris,
2322 3152 2477 3222 pagis
2504 3158 2557 3205 et
2598 3150 2813 3220 Oppidis
2858 3150 3201 3206 arcebantur.
3235 3150 3315 3202 Ac
3347 3163 3521 3217 smps-

1945 3258 2172 3299 numero
2201 3250 2349 3297 totus
2401 3242 2490 3296 illc
2517 3248 2693 3297 cattus
2737 3242 2861 3294 nive
2894 3239 3149 3310 perfusus
3179 3240 3384 3309 passim
3425 3254 3522 3308 per

1942 3347 2165 3403 campos
2195 3331 2298 3386 sub
2330 3329 2419 3385 dio
2436 3329 2682 3399 degebat,
2713 3335 2807 3381 aut
2841 3327 2906 3381 ad
2937 3335 3207 3398 praerupta
3240 3342 3517 3391 saxorum,

1942 3426 2219 3493 silvasque
2242 3422 2610 3493 confugiebat.
2658 3418 2753 3475 Est
2785 3427 2966 3474 autem
3021 3419 3167 3474 illius
3202 3417 3397 3485 dogma
3428 3434 3521 3471 su-

1943 3531 2039 3586 pra
2076 3515 2314 3570 hominis
2346 3521 2562 3583 captum
2600 3513 2866 3568 furiosum
2898 3520 2953 3566 et
2988 3511 3242 3565 immane.
3296 3508 3352 3563 lu
3411 3511 3520 3578 pri-

1941 3608 2048 3663 mis
2081 3606 2256 3668 enim,
2298 3605 2568 3671 Quanam,
2596 3604 2791 3674 inquit,
2828 3603 2883 3657 in
2936 3618 2994 3657 re
3034 3601 3352 3672 presbytero
3374 3599 3522 3669 epis-

1941 3715 2111 3769 copus
2168 3696 2491 3752 antecellit?
2562 3695 2781 3750 Nullum
2837 3695 2980 3748 inter
3044 3702 3335 3762 utrumque
3400 3692 3518 3745 dis-

1941 3792 2149 3847 crimen
2183 3798 2289 3845 est.
2323 3780 2419 3843 Est
2452 3790 2598 3845 enim
2636 3788 2920 3842 amborum
2967 3802 3111 3841 unus
3139 3785 3296 3849 ordo,
3337 3799 3434 3853 par
3464 3789 3519 3836 et

1940 3884 2081 3939 idem
2108 3884 2286 3939 honor
2335 3897 2401 3936 ac
2432 3882 2691 3953 dignitas.
2723 3880 2916 3934 Manus
2946 3877 3177 3947 imponit
3204 3875 3517 3945 epiSCOpus,

1940 3973 2172 4043 imponit
2202 3982 2255 4027 et
2279 3972 2597 4043 presbyter;
2626 3970 2868 4039 baptizat
2900 3969 3214 4037 episcopus,
3253 3965 3395 4019 idem
3437 3962 3518 4015 fa-

1939 4066 2015 4120 cit
2054 4075 2109 4120 et
2151 4066 2471 4136 presbyter;
2507 4064 2752 4119 divinum
2784 4075 2998 4116 omnem
3043 4059 3248 4113 cultum
3284 4055 3549 4109 admini~'

1939 4164 2079 4211 strat
2109 4157 2421 4226 episcopus,
2466 4170 2576 4208 non
2626 4153 2809 4207 minus
2840 4151 2891 4205 id
2931 4150 3062 4203 facit
3108 4157 3162 4203 et
3208 4146 3513 4216 presbyter;

1938 4245 2229 4314 episcopus
2267 4244 2323 4297 in
2353 4244 2552 4297 throno
2590 4241 2763 4304 sedet,
2812 4239 2964 4296 sedet
3008 4238 3168 4308 907
3190 4244 3245 4292 et
3288 4234 3518 4305 presby-

1939 4346 2042 4393 ter.
2100 4335 2196 4391 llis
2250 4336 2304 4390 in
2370 4335 2568 4404 vulgus
2597 4331 2818 4400 iactatis
2850 4331 3139 4400 plerosque
3178 4328 3231 4381 in
3270 4343 3514 4382 errorem

1940 4428 2185 4491 abduxit,
2264 4440 2498 4496 quorum
2549 4430 2712 4479 secta:
2778 4421 3036 4491 princeps
3106 4418 3336 4473 exstitit.
3380 4415 3519 4470 Prac-

261 4509 476 4579 Πάσχα,
513 4510 649 4580 ὅπερ
678 4512 804 4581 παρ’
830 4510 959 4581 ὑμῖν
983 4511 1342 4576 ἐπιτελεῖται;
1382 4513 1694 4578 Ἰουδαϊκοῖς
1736 4515 1833 4567 πᾶ-

1950 4528 2109 4583 Lcrea,
2171 4517 2310 4584 Quid
2361 4523 2468 4581 est,
2527 4514 2731 4584 inquit,
2791 4511 3035 4574 Pascha,
3096 4510 3240 4580 quod
3289 4523 3319 4562 a
3363 4508 3517 4561 vobis

255 4600 343 4654 λιν
404 4600 595 4670 μύθοις
634 4601 1018 4671 προσανέχετε.
1066 4603 1141 4655 Οὐ
1218 4603 1329 4674 γὰρ
1375 4604 1499 4675 χρὴ,
1562 4606 1714 4674 φησὶ,
1777 4608 1839 4659 τὸ

1950 4606 2291 4661 celebratur?
2326 4603 2595 4657 Nimirum
2627 4602 2695 4656 ad
2737 4600 3049 4657 Judaeorum
3083 4600 3261 4654 adhuc
3303 4596 3516 4653 fabulas

255 4694 452 4763 Πάσχα
480 4692 769 4748 ἐπιτελεῖν.
807 4692 876 4748 Τὸ
904 4694 1014 4765 γὰρ
1042 4694 1258 4765 Πάσχα
1296 4696 1673 4766 ήμῶν’ἐτύθη
1702 4702 1837 4767 Χρι-

240 4862 243 4863 '
332 4852 349 4882 ³
380 4850 509 4904 Cor.
548 4850 777 4920 Ἀρείου.

330 5002 444 5073 (74)
484 5004 763 5072 Νομίσειε
793 5002 844 5056 δ’
866 5000 945 5055 ἄν
966 5020 1074 5069 τις.
1104 5002 1179 5058 De
1206 5003 1494 5059 Eustathio
1533 5004 1836 5061 Sebasteuo

258 5073 353 5125 adi
390 5081 590 5142 praeter
621 5073 1123 5129 ecclesiasticarum
1167 5089 1351 5129 rerum
1388 5075 1706 5144 scriptores,
1735 5074 1839 5128 Ba-

257 5144 446 5213 silium
483 5144 645 5213 epist.
688 5144 789 5206 74,
831 5152 883 5197 et
927 5144 1049 5199 aliis
1088 5144 1417 5213 quibusdam
1456 5146 1834 5213 sequentibus.

255 5212 417 5284 [tuane
440 5212 720 5269 ab’altero
749 5213 994 5284 ejusdem
1038 5212 1280 5269 nominis
1312 5212 1617 5278 Eustathio,
1656 5216 1749 5284 qui
1782 5216 1837 5270 in

256 5282 567 5355 Gangrensi
600 5284 809 5355 synodo
843 5283 1242 5355 condemnatus
1274 5292 1379 5344 est,
1416 5282 1692 5339 diversum
1715 5301 1838 5339 esse

256 5353 456 5422 probat
474 5352 736 5407 adversus
765 5352 1066 5416 Socratem,
1098 5353 1481 5418 Sozomenum,
1532 5363 1587 5408 ct
1611 5364 1837 5411 carteros

255 5424 319 5476 in
349 5424 544 5476 Annal.
579 5424 868 5484 Baronius,
903 5425 969 5476 ad
999 5438 1087 5478 an.
1111 5425 1235 5479 519.

331 5493 443 5565 (γε)
479 5492 693 5565 Ἔδοξε
721 5492 789 5545 δὲ
830 5491 928 5545 καὶ
959 5493 1117 5565 πρρςν
1145 5492 1431 5565 Λιϐέριον.
1461 5492 1837 5565 Macedoniani

252 5563 621 5633 subValente
649 5565 974 5633 imperatore
1004 5563 1071 5614 ab
1096 5563 1310 5633 Arianis
1329 5564 1598 5633 oppressi,
1631 5564 1837 5633 legatos

251 5633 322 5685 ad
364 5632 643 5687 Liberium
697 5630 889 5701 papam
932 5630 1227 5696 destinant,
1268 5630 1609 5687 Eustathium
1655 5630 1827 5687 Seba-

253 5712 499 5761 Stenum.
529 5700 805 5757 Silvanum
832 5700 1156 5758 Tarsensem
1199 5711 1253 5755 et
1289 5704 1446 5763 alios,
1470 5718 1564 5766 per
1592 5718 1731 5771 quos
1754 5705 1833 5765 εἰς

253 5772 318 5833 τὸ
337 5772 623 5846 ὀμοούσιον
660 5773 1060 5831 consentientes
1085 5773 1281 5843 recepti
1310 5772 1578 5828 sunt.Scd
1609 5789 1670 5829 ea
1698 5788 1833 5830 ρους

1946 4698 2356 4765 adhaerescitis;
2416 4711 2593 4767 neque
2660 4695 2805 4751 enim
2859 4692 3148 4749 Paschatis
3196 4691 3517 4748 solemnitas

1935 5005 2056 5061 silia
2091 5003 2158 5057 ab
2200 4999 2448 5055 Eudoxio
2488 5005 2677 5069 postea
2719 4995 3027 5069 disturbata
3065 5002 3213 5050 sunt.
3243 4993 3390 5069 Vide
3415 4992 3515 5069 So:

1935 5085 2140 5129 cratem
2174 5073 2268 5126 lib.
2320 5087 2403 5134 ιιι,
2455 5062 2577 5139 cap.
2624 5068 2719 5139 ll.
2762 5066 3080 5139 Eustathius
3100 5080 3271 5139 porro
3297 5062 3514 5139 bibet-ii

1936 5143 2215 5215 pontificis
2257 5133 2674 5215 litteris__fretus
2711 5138 2777 5215 in_
2809 5133 3126 5215 ΤΥΣ-ἔπιθιιῇ
3153 5133 3389 5187 concilio
3426 5148 3513 5185 re—

1937 5205 2164 5269 stitutus
2201 5219 2308 5265 est.
2339 5209 2577 5263 Basilius
2609 5208 2663 5261 in
2696 5205 2954 5277 epist.'72
2977 5215 3030 5260 et
3064 5205 3152 5257 84.

2009 5282 2119 5352 (76)
2162 5282 2274 5333 Καί
2310 5295 2481 5348 φησι·
2524 5279 2585 5331 Τί
2611 5270 2793 5352 Δἐστὶν
2834 5277 3187 5352 ἐπίσκοπος.
3230 5270 3409 5352 Habes
3459 5271 3511 5323 in

1934 5343 2191 5408 Aei'ianis
2236 5343 2553 5420 expressam
2610 5348 2775 5420 hujus
2820 5343 3079 5420 temporis
3130 5343 3511 5420 haereticorum

1937 5423 2255 5491 imaginem.
2306 5410 2487 5491 Quare
2532 5433 2656 5491 cum
2684 5410 3261 5491 ⁷ἱΙΙοιπιιιιιξόοεηιιιιεῑ,
3311 5410 3514 5491 quibus

1938 5479 2275 5546 recevntiores
2313 5479 2404 5543 isti
2440 5488 2873 5559 patrocinantur,
2916 5479 3137 5559 damnat
3192 5496 3255 5559 ac
3312 5479 3512 5559 refellit

1936 5560 2304 5630 Epiphanius,
2342 5550 2560 5630 plenum
2595 5553 2878 5624 gravitatis
2921 5550 3379 5630 auitoritatisque
3422 5550 3510 5619 ju-

1888 5624 1889 5627 “
1934 5623 2138 5702 dic-ium
2176 5632 2228 5702 in
2260 5623 2481 5702 eosdem
2515 5623 2662 5702 ipsos
2697 5623 3037 5702 prpnuntiat.

2004 5672 2138 5768 ﬁt)"
2162 5672 2661 5773 ἷξυξᾌὲἷιέιξορῖξιῖ
2697 5672 3185 5773 "uagae.
3238 5689 3381 5758 Quid
3440 5672 3510 5745 sit

1929 5762 2141 5831 dicetur
2170 5762 2236 5827 ad
2276 5762 2678 5836 Expositionczn
2710 5762 2856 5819 fidei.
