3990 6228
424 323 532 382 507

420 438 673 500 obeunda
729 457 742 496 :

419 545 496 588 est
544 531 851 587 Christus'.
911 530 1091 601 l’ergit
1141 531 1380 588 deinde:
1433 533 1494 587 Et
1535 550 1656 604 qum
1699 537 1836 591 ratio
1897 550 2002 603 est,

423 627 618 696 inquit,
702 631 825 695 post
872 625 1080 678 obitum
1137 634 1475 681 mortuorum
1565 630 1842 700 appellare
1906 647 2007 686 no-

422 715 770 770 tuiua?Nam
805 726 864 770 ut
912 716 1069 771 vivus
1128 725 1266 780 oret,
1316 726 1410 771 aut
1455 719 1507 773 iu
1539 735 1806 790 pauperes
1863 721 2006 776 bona

421 823 521 863 sua
575 807 875 878 dispenset,
901 809 1030 880 quid
1064 824 1128 862 ex
1169 824 1233 862 ea
1253 824 1310 863 re
1337 809 1556 863 tandem
1611 811 1678 866 ad
1728 822 2002 866 mortuum

421 898 597 954 redit?
651 899 857 968 Quodsi
911 900 1270 969 superstitum
1308 916 1498 970 preces
1543 902 1611 957 iis
1643 903 1736 973 qui
1800 919 1864 958 ex
1904 905 2006 957 bac

421 993 534 1047 vita
569 993 931 1049 discesserint
951 992 1211 1062 opitulari
1239 999 1470 1062 possunt
1495 1011 1508 1060 ;
1541 1009 1700 1049 nemo
1732 994 1817 1065 pie
1847 995 2004 1049 dein-

417 1101 554 1155 ceps
586 1096 708 1155 agat
743 1082 966 1155 aliquid,
999 1101 1174 1152 neque
1198 1083 1323 1139 boni
1363 1084 1661 1155 quidquam
1689 1086 1876 1149 faciat,
1909 1086 2004 1140 sed

424 1179 636 1232 amicos
661 1177 763 1233 sibi
801 1177 1016 1246 aliquos
1043 1192 1368 1248 quacunque
1414 1177 1623 1232 ratione
1653 1179 1779 1232 velit
1813 1177 2002 1247 adjun-

422 1276 548 1342 gat,
581 1269 695 1325 sive
727 1269 1078 1340 pecuniarum
1129 1268 1437 1337 largitione,
1469 1270 1582 1324 sive
1613 1269 1865 1338 precibus
1901 1269 2004 1324 hoc

427 1363 496 1416 ab
547 1361 653 1416 illis
692 1361 796 1416 sub
830 1360 956 1416 vitse
1002 1359 1160 1413 finem
1210 1360 1482 1430 impetret,
1516 1366 1574 1412 ut
1604 1375 1701 1429 pro
1742 1376 1800 1415 se
1837 1358 2002 1414 Deum

424 1462 677 1520 exorent,
735 1460 794 1506 ut
847 1467 916 1508 ne
965 1451 1076 1504 illic
1121 1450 1328 1520 aliquid
1364 1449 1695 1506 incommodi
1740 1452 2002 1522 patiatur,

427 1563 528 1602 nec
571 1545 891 1600 immanium
944 1558 972 1596 a
1004 1559 1062 1600 se
1103 1542 1405 1598 facinorum
1451 1557 1624 1614 poenas
1668 1554 2003 1614 repetantur.

425 1637 536 1692 Sed
583 1652 758 1707 neque
813 1633 1027 1707 jejunii,
1093 1634 1290 1704 inquit,
1337 1633 1658 1688 instituendi
1723 1634 1832 1688 ulla
1863 1635 2006 1690 ratio

423 1738 532 1784 est.
570 1727 691 1784 llaec
720 1727 864 1781 enim
897 1726 1080 1780 omnia
1137 1723 1449 1780 Judaeorum
1489 1726 1712 1796 propria
1761 1736 1910 1793 sunt,
1953 1734 2006 1782 et

1741 402 1744 404 γ
1843 332 1904 388 s.
1946 331 2291 390 EPIPIIANII

809 437 1074 507 Quoniam
1145 437 1352 495 Pascha
1396 451 1632 497 nostrum
1694 443 1999 506 immolatus

2118 451 2268 515 rto'c.
2327 445 2458 502 Εἶτα
2512 450 2832 520 μετέπειτα,
2887 451 3004 506 Τίνι
3050 451 3127 524 τῷ
3181 452 3328 524 λόγῳ
3369 454 3512 526 μετὰ
3538 455 3696 512 θάνα-

3596 342 3696 404 508

2106 555 2196 591 τον
2246 539 2562 608 ὀνομάζετε,
2610 542 2796 612 φησὶν,
2844 542 3084 613 ὀνόματα
3131 544 3480 611 τεθνεώτων;
3531 547 3698 618 Εὔχεο

2111 645 2203 681 ται
2258 628 2386 700 γὰρ,
2449 629 2636 701 φησὶν,
2691 631 2720 684 ὀ
2777 631 2908 698 ζῶν,
2970 632 3002 703 ἢ
3051 633 3364 704 οἰκονομίαν
3427 637 3691 707 ἐποίησε-

2104 719 2158 771 τί
2191 718 2606 791 ὠφεληθήσεται
2636 721 2664 774 ὁ
2692 721 2966 788 τεθνεώς;
3011 723 3073 778 Εἰ
3125 723 3178 777 δὲ
3229 725 3365 790 ὅλως
3408 727 3545 798 εὐχὴ
3592 728 3698 780 τῶν

2082 811 2341 865 ἐνταῦθα
2366 813 2492 876 τοὺς
2521 814 2704 866 ἐκεῖσε
2748 813 2982 884 ὤνησεν,
3017 816 3128 887 ἄρα
3155 815 3285 885 γοῦν
3331 817 3520 888 μηδεὶς
3547 818 3699 871 εὐσε-

2106 901 2292 966 ὕείτω,
2349 903 2484 975 μηδὲ
2533 903 2970 974 άγαθοποιείτω·
3000 907 3138 960 ἀλλὰ
3180 909 3474 980 κτησάσθω
3514 910 3698 978 φίλους

2105 994 2257 1058 τινάς
2289 994 2356 1048 δι’
2383 988 2445 1049 οὗ
2494 995 2744 1066 βούλεται
2771 997 2995 1068 τρόπου,
3040 999 3158 1069 ἤτοι
3189 1001 3436 1072 χρήμασι
3484 1003 3698 1065 πείσας,

2105 1087 2224 1158 ἦτοι
2254 1086 2441 1156 φίλους
2474 1085 2714 1152 ἀξιώσας
2753 1091 2812 1140 ὲν
2837 1091 2904 1160 τῇ
2934 1088 3180 1161 τελευτῇ,
3215 1092 3311 1145 καὶ
3350 1090 3699 1161 εὐχέσθωσαν

2106 1177 2235 1248 περὶ
2269 1176 2468 1244 αὐτῶν,
2505 1178 2592 1231 ῖνα
2623 1179 2695 1251 μή
2721 1195 2772 1231 τι
2808 1179 2927 1232 ἐκεῖ
2954 1179 3121 1253 πάθῃ,
3157 1180 3290 1252 μηδὲ
3325 1181 3393 1235 τά
3417 1183 3508 1234 ὑπ’
3533 1182 3698 1235 αὐτοῦ

2105 1268 2376 1339 γενόμενα
2430 1268 2540 1322 τῶν
2610 1270 2925 1340 ἀνηκέστων
2975 1271 3396 1343 ἁμαρτημάτων
3467 1272 3700 1344 ἐκζητη-

2107 1358 2196 1431 θῇ.
2241 1359 2380 1414 Ἀλλ’
2432 1359 2558 1414 οὔτε
2599 1360 2842 1431 νηστεία,
2907 1347 3093 1433 φησὶν,
3159 1363 3310 1416 ἔσται
3366 1365 3699 1435 τεταγμένη.

2106 1452 2295 1507 Ταῦτα
2331 1452 2442 1523 γάρ
2491 1453 2762 1510 Ἰουδαῖκά
2795 1457 2933 1520 ἐστι,
2966 1455 3060 1509 καὶ
3100 1455 3204 1510 ὑπὸ
3243 1455 3406 1522 ζυγὸν
3436 1455 3699 1520 δουλείας.

2107 1543 2310 1611 Δικαίῳ
2348 1545 2456 1616 γάρ
2488 1545 2658 1615 νόμος
2683 1544 2745 1598 ού
2786 1547 2984 1606 κεῖται.
3015 1544 3150 1599 ἀλλὰ
3193 1544 3554 1615 πατραλοίαις
3608 1547 3704 1599 καί⁵

2111 1636 2469 1708 μητραλοίαις
2539 1637 2634 1692 καὶ
2687 1635 2914 1700 λοιποῖς.
2971 1636 3037 1692 Ei
3079 1636 3187 1712 γὰρ
3242 1636 3379 1700 ὅλως
3440 1635 3705 1706 βούλομαι

2109 1728 2410 1799 νηστεύειν,
2439 1729 2556 1784 οἵαν
2593 1729 2636 1782 δ’
2668 1728 2735 1783 ἂν
2764 1729 3062 1801 αἱρήσομαι
3091 1729 3303 1806 ἡμέραν
3327 1728 3704 1798 ἀπ’ὲμαυτοῦ,

435 1821 654 1877 cuidam
681 1819 961 1876 servitutis
987 1817 1118 1888 jugo
1145 1817 1410 1887 subjecta.
1442 1816 1654 1888 Quippe
1675 1817 1827 1888 justo
1862 1819 2008 1872 nulla

2118 1818 2358 1891 νηττεύω
2385 1820 2475 1873 διὰ
2511 1819 2610 1892 τὴν
2639 1819 2976 1894 ἐλευθερίαν.
3007 1803 3170 1874 Ὅθεν
3207 1823 3337 1893 παρ’
3377 1821 3565 1882 αὐτοῖς
3610 1837 3702 1872 πεο

433 1912 521 1967 lex
575 1910 753 1982 posita
808 1916 915 1974 est,
962 1907 1057 1962 sed
1100 1906 1388 1978 parricidis
1427 1921 1491 1962 ac
1531 1907 1832 1962 matricidis
1870 1906 2010 1962 dun-

433 2013 585 2060 taxat
618 2014 672 2060 et
702 2003 757 2059 id
790 2019 962 2074 genus
1014 2001 1141 2056 aliis
1171 2001 1214 2056 ’.
1249 1998 1383 2054 Nam
1414 1999 1461 2055 si
1498 2000 1747 2071 jejunare
1787 2000 2011 2055 omnino

428 2094 787 2158 decreverim,
819 2108 1141 2168 quacunque
1191 2093 1408 2148 libuerit
1468 2092 1577 2158 die,
1611 2101 1806 2164 sponte
1842 2101 1894 2149 et
1928 2093 2012 2147 iu-

434 2195 592 2258 tegra
622 2187 875 2244 libertate
898 2186 1178 2256 jejunabo.
1225 2185 1360 2240 llinc
1391 2193 1475 2241 est
1508 2185 1654 2256 quod
1695 2185 1785 2240 isti
1826 2183 2012 2241 Domi-

429 2277 552 2332 nica
597 2276 685 2332 die
729 2276 979 2346 jejunare
1059 2276 1240 2346 potius
1290 2274 1584 2342 affectant,
1633 2287 1828 2347 quarta
1883 2290 2013 2331 vero

428 2369 854 2441 scxtaquel’eria
902 2377 1212 2424 vescantur.
1253 2366 1574 2439 Quanquam
1640 2382 2014 2439 saepenumero

429 2469 628 2530 quarta
667 2461 803 2516 feria
828 2460 1101 2531 jejunent,
1129 2476 1238 2514 non
1265 2461 1372 2514 ulla
1402 2461 1542 2530 lege,
1583 2459 1674 2514 sed
1712 2460 2010 2524 voluntate,

429 2563 490 2607 ut
520 2561 798 2620 asserunt,
873 2551 1108 2608 inducti.
1173 2550 1347 2606 Porro
1382 2552 1574 2609 diebus
1611 2552 1747 2622 ipsis
1778 2552 2016 2607 Pascha-

429 2649 522 2709 tis,
559 2646 704 2717 quod
735 2655 949 2716 tempus
985 2645 1135 2699 humi
1169 2644 1444 2710 cubando,
1481 2645 1862 2700 castimoniam
1900 2661 2018 2701 ser-

429 2740 610 2793 vando
641 2737 1057 2806 amictandoque
1106 2750 1360 2805 corpore,
1396 2749 1610 2790 necnon
1640 2744 1694 2791 ct
1735 2737 2015 2793 aridorum

429 2831 676 2885 ciborum
712 2844 837 2892 usu,
865 2828 1141 2899 precibus,
1181 2825 1401 2897 vigiliis,
1430 2824 1658 2896 jejuniis
1693 2840 1758 2882 ac
1790 2826 2016 2898 reliquis

432 2923 482 2977 id
515 2936 688 2993 genus
711 2919 1087 2976 saluberrimis
1117 2919 1363 2990 corporis
1381 2919 1718 2976 cruciatibus
1739 2920 2018 2977 celebrare

429 3016 691 3078 solemus,
723 3013 796 3066 illi
825 3027 855 3069 e
886 3011 1163 3067 contrario
1191 3010 1306 3080 jam
1337 3019 1450 3065 tum
1485 3011 1728 3068 diluculo
1756 3010 2016 3068 obsonari

428 3107 626 3169 solent,
658 3112 712 3160 et
776 3104 1037 3160 carnibus
1102 3103 1338 3173 vinoque
1397 3102 1622 3160 distenti
1673 3102 2013 3168 cachinnari,

429 3196 634 3258 ridere,
667 3211 895 3266 eosque,
936 3194 1029 3266 qui
1079 3194 1227 3249 illam
1275 3191 1561 3250 Paschatis
1625 3193 2016 3249 liebdomadetn

432 3287 803 3344 sanctissimis
851 3288 960 3344 illis
1013 3287 1371 3360 religionibus
1414 3286 1747 3353 traducunt,
1788 3286 2023 3342 ludibrio

431 3379 652 3435 habere.
688 3378 900 3435 Etenim
950 3381 1169 3435 tametsi
1209 3379 1522 3436 renuntiare
1555 3394 1615 3436 se
1647 3379 1814 3434 rebus
1847 3379 2024 3434 omni-

433 3471 539 3526 bus
562 3473 940 3542 proliteantur,
997 3470 1222 3526 minime
1275 3479 1458 3524 tamen
1514 3469 1640 3526 vita:
1677 3469 1814 3526 illud
1864 3469 2027 3526 iusti—

2110 1913 2459 1984 φιλοτίμηται
2504 1912 2708 1988 μᾶλλον
2738 1915 2796 1968 ὲν
2835 1914 3090 1986 Κυριακῇ
3133 1912 3436 1987 νηστεύειν,
3467 1913 3706 1983 τετράδα

2109 2005 2166 2059 δὲ
2195 2007 2289 2060 καὶ
2346 2005 2735 2080 Πῳσάὸϐατον
2789 2005 3010 2060 ἐσθίειν.
3061 2006 3328 2070 Πολλάκις
3378 2005 3433 2058 δὲ
3476 2007 3571 2059 καὶ
3608 2005 3708 2076 τὴν

2108 2098 2343 2170 τετράδα
2380 2098 2762 2172 νηστεύουσιν,
2800 2098 2922 2170 οὐχὶ
2954 2097 3162 2170 θεσμῷ,
3207 2097 3322 2150 ἀλλ’
3356 2096 3464 2168 ἰδία
3514 2114 3708 2168 προαι-

2114 2191 2281 2264 ρέσει,
2332 2192 2517 2263 φησίν.
2567 2191 2665 2245 Ἔν
2697 2207 2758 2243 τε
2804 2192 2923 2253 ταῖς
2956 2189 3192 2261 ἡμέραις
3233 2188 3327 2243 τοῦ
3369 2187 3581 2258 Πάσχα.
3616 2189 3704 2240 ὅτε

2112 2283 2240 2353 παρ’
2271 2283 2403 2353 ἡμῖν
2431 2281 2747 2354 χαμευνίαι,
2782 2282 3019 2349 ἁγνεῖαι,
3046 2278 3434 2340 κακοπάθειαι,
3475 2277 3708 2350 ξηροφα-

2111 2375 2250 2444 γίαι,
2286 2375 2466 2448 εὐχαὶ,
2517 2374 2818 2447 άγρυπνίαι
2851 2390 2912 2426 τε
2961 2372 3056 2427 καὶ
3087 2375 3332 2444 νηστεῖαι
3373 2371 3468 2425 καὶ
3532 2373 3710 2424 πᾶσαι

2111 2467 2221 2520 τῶν
2259 2466 2448 2537 ψυχῶν
2492 2467 2550 2519 αί
2592 2466 2860 2538 σωτηρίαι
2901 2464 3011 2518 τῶν
3061 2464 3234 2532 ἁγίων
3289 2462 3503 2526 παθῶν,
3551 2462 3712 2515 αὐτοὶ

2113 2555 2361 2609 ἀπέωθεν
2405 2553 2674 2625 ὀψωνοῦσι
2724 2554 2860 2626 κρέα
2899 2571 2960 2607 τε
3005 2553 3098 2607 καὶ
3145 2548 3308 2616 οἶνον,
3346 2550 3556 2604 ἑαυτῶν
3610 2550 3712 2613 τὰς

2116 2647 2320 2716 φλέϐας
2343 2648 2683 2719 γεμίζοντες,
2713 2647 3181 2718 ἀνακαγχάζουσι,
3205 2645 3492 2714 γελῶντες,
3522 2644 3713 2714 χλευά-

2115 2741 2298 2804 ζοντες
2323 2739 2452 2804 τοὺς
2480 2739 2579 2810 τὴν
2609 2740 2774 2810 ἁγίαν
2819 2738 3022 2812 ταύτην
3052 2737 3308 2809 λατρείαν
3341 2737 3440 2807 τῆς
3476 2735 3712 2804 ὲόδιιμάο

2115 2829 2202 2896 δος
2231 2830 2322 2884 τοῦ
2357 2831 2548 2902 Πάσχα
2587 2828 2989 2892 ἐπιτελοῦντας.
3018 2829 3128 2882 Καὶ
3151 2828 3259 2900 γάρ
3285 2829 3335 2884 εἰ
3361 2827 3453 2882 καὶ
3505 2827 3714 2880 ἀποτα-

2117 2921 2304 2976 κτικὺν
2347 2923 2648 2992 ἐσχήκασιν
2681 2913 2828 2975 οὗτοι
2865 2919 3086 2992 τρόπον,
3133 2920 3233 2973 οὐκ
3285 2920 3526 2990 ἤσκηται
3580 2919 3712 2986 παρ’

2118 3011 2301 3078 αὐτοῖς
2320 3027 2334 3040 ’
2372 3011 2506 3066 πολὺ
2529 3010 2585 3064 δέ
2616 3029 2667 3064 τι
2697 3009 3059 3082 κρεωφαγιῶν
3085 3011 3178 3064 καὶ
3207 3009 3528 3062 οίνοποσιῶν
3553 3024 3565 3036 '
3595 3007 3712 3060 ἀλλ’

2120 3104 2168 3156 εί
2195 3102 2303 3174 ἄρα
2345 3101 2488 3168 τινὲς
2523 3102 2739 3156 σπάνιοι
2774 3104 2832 3158 ἐν
2868 3102 3019 3173 μέσῳ
3055 3100 3233 3154 αὐτῶν
3273 3101 3366 3154 ἀπ’
3411 3099 3546 3162 ἰδίας
3572 3116 3711 3170 προ-

2120 3197 2382 3267 αιρέσεως
2411 3195 2680 3266 βούλοιντο
2711 3194 2890 3250 τοῦτο.
2916 3195 3133 3248 Μᾶλλον
3153 3193 3211 3247 δέ
3243 3195 3382 3246 εἰσιν
3412 3194 3461 3245 οί
3490 3191 3710 3254 πλείους

2119 3288 2298 3342 αὐτῶν
2340 3289 2668 3359 κεχρημένοι
2712 3287 2990 3358 δαψιλέσιν
3043 3285 3254 3340 ὲδωδῶν
3306 3283 3714 3363 σαρκοφαγίας

2119 3380 2212 3434 καὶ
2244 3379 2596 3446 οίνοποσίαις,
2643 3379 2719 3446 ὡς
2767 3377 3026 3442 πολλάκις
3064 3377 3220 3449 ἔφην.
3255 3375 3446 3429 Ταῦτά
3475 3377 3592 3428 ἐστι
3647 3374 3715 3428 τὰ

2119 3472 2272 3542 παρὰ
2313 3471 2521 3542 Ἀερίου
2551 3467 2629 3540 τῷ
2668 3469 2768 3541 βίῳ
2802 3468 3150 3541 ἑξεμεθέντα.

431 3569 612 3618 tutum
638 3562 954 3628 observant,
1005 3560 1098 3618 sed
1140 3561 1400 3620 carnibus
1449 3577 1513 3618 ac
1562 3561 1870 3618 vinolentia:
1918 3563 2040 3633 plus
2087 3579 2245 3636 aequo
2299 3565 2613 3636 indulgent,
2666 3563 2772 3619 nisi
2823 3562 2966 3618 forte
3024 3562 3180 3634 pauci
3239 3561 3530 3617 admodum
3574 3559 3715 3612 inter

431 3655 560 3710 illos
583 3666 781 3726 sponte
813 3671 913 3712 sua
959 3657 1194 3726 priorem
1226 3657 1374 3712 illam
1408 3659 1532 3713 vitae
1579 3658 1848 3714 rationem
1883 3658 2174 3716 retineant.
2206 3659 2398 3731 Maiori
2453 3660 2598 3715 enitr.
2647 3675 2710 3716 es
2750 3665 2904 3730 parte
2951 3657 3277 3730 largioribus
3327 3656 3530 3727 epulis,
3592 3669 3716 3707 rar-

431 3748 602 3804 atibus
661 3765 727 3804 ac
773 3750 900 3806 vino
936 3767 1058 3808 sese
1108 3751 1464 3825 ingurgitant,
1501 3758 1562 3810 ut
1616 3767 1726 3808 non
1783 3752 1952 3809 semel
2007 3753 2267 3814 diximus.
2327 3753 2455 3812 llazc
2514 3762 2642 3810 sunt
2694 3754 2995 3825 praecipue,
3046 3768 3166 3824 quae
3203 3751 3402 3808 Acrius
3467 3751 3524 3804 in
3571 3749 3717 3805 hunc

431 3843 702 3900 mundum
729 3845 991 3900 evomuit.

515 3935 604 3993 IV.
642 3937 838 3995 Eadem
871 3940 988 4010 ipsa
1020 3955 1186 4012 porro
1216 3947 1449 3997 mentem
1473 3938 1618 3996 illius
1654 3953 1718 3996 ac
1744 3939 2025 4011 perﬁdiam

431 4027 730 4088 manifeste
778 4029 1082 4097 declarant,
1137 4048 1260 4103 qua:
1306 4031 1362 4086 in
1403 4030 1686 4088 hominum
1715 4046 1886 4101 genus
1920 4031 2025 4084 im-

434 4124 614 4196 probo
640 4123 872 4181 artiticio
895 4141 989 4196 per
1005 4139 1276 4184 summam
1308 4123 1578 4179 insaniam
1618 4121 1827 4179 elludit.
1857 4122 2026 4195 908

441 4217 722 4272 Adversus
755 4235 877 4288 qua:
908 4217 1000 4274 ubi
1035 4217 1225 4288 paucis
1267 4215 1757 4286 disputaverimus,
1788 4215 2021 4270 missum

441 4308 597 4364 illum
640 4309 923 4367 faciemus.
963 4309 1255 4366 Enimvero
1287 4316 1463 4364 totum
1515 4307 1649 4365 illud
1701 4306 2022 4364 stoliditatis

437 4415 568 4454 esse
597 4399 974 4469 plenissimum
1005 4400 1248 4473 prudens
1277 4401 1510 4471 quisque
1543 4399 1706 4456 facile
1737 4399 2018 4469 perspicit,

2208 3939 2281 3992 A'.
2329 3934 2698 4000 ’Υποδεικνύει
2729 3935 2908 3990 τοίνυν
2933 3934 3032 4004 τὴν
3059 3933 3264 3986 ἔννοιαν
3293 3934 3388 3986 καὶ
3415 3933 3515 4003 τὴν
3548 3933 3715 3986 αὐτοῦ

2129 4027 2408 4094 ἀπιστίαν,
2449 4029 2543 4082 καὶ
2572 4027 2640 4080 τὰ
2678 4028 2744 4081 δι’
2771 4027 2937 4082 αὐτοῦ
2969 4027 3132 4082 πάλιν
3160 4026 3238 4096 τῷ
3287 4026 3385 4097 βίῳ
3417 4028 3496 4090 εἰς
3543 4044 3714 4081 κακοο

2130 4121 2369 4191 μήχανον
2391 4119 2586 4191 τέχνην
2609 4118 3064 4190 ὲμὸροντηθέντα·
3095 4121 3172 4182 είς
3195 4118 3252 4171 δὲ
3269 4118 3366 4182 τὰς
3396 4118 3531 4190 προς
3553 4119 3716 4173 αὑτὸν

2126 4210 2429 4276 ἀντιθέσεις
2462 4208 2817 4281 ἐλευσόμεθα,
2843 4209 2998 4279 ὀλίγα
3020 4208 3392 4280 διηγούμενοι,
3420 4211 3514 4262 καὶ
3544 4210 3716 4275 οὕτως

2129 4301 2547 4372 παρερχόμενοι.
2596 4299 2702 4354 Καὶ
2733 4302 2816 4355 ὅτι
2867 4300 2966 4372 μὲν
3000 4299 3314 4372 ἀφροσύνης
3364 4301 3482 4354 ἐστὶ
3513 4301 3627 4371 (78)
3656 4302 3716 4354 τὸ

2131 4394 2237 4446 πᾶν
2262 4393 2534 4464 ἔμπλεων,
2567 4394 2679 4456 τοῖς
2705 4393 2918 4446 σύνεσιν
2943 4393 3300 4462 κεκτημένοις
3327 4391 3488 4446 τοῦτο
3517 4392 3678 4463 δῆλον
3696 4408 3711 4423 ⁸

443 4490 589 4544 velut
655 4505 778 4545 cum
830 4492 1148 4563 episcopum
1188 4506 1255 4546 ac
1299 4493 1680 4564 presbyterum
1738 4490 2016 4562 adaequare

2127 4484 2188 4537 τὸ
2207 4484 2384 4553 λέγειν
2405 4484 2564 4539 αὑτὸν
2581 4485 2876 4539 ἐπίσκοπον
2897 4485 2990 4538 καὶ
3017 4483 3387 4556 πρεσϐύτερον
3415 4485 3529 4538 ἴσον
3552 4481 3712 4540 εἶναι.

442 4587 695 4635 conatur.
729 4581 843 4638 Hoc
867 4582 1014 4638 enim
1065 4592 1326 4641 constare
1359 4583 1454 4654 qui
1499 4582 1713 4653 potest?
1747 4581 2028 4653 Siquidem

439 4671 829 4741 episcoporum
888 4673 1026 4729 ordo
1081 4674 1151 4729 ad
1199 4675 1504 4746 gignendos
1539 4685 1726 4746 patres
1761 4675 2033 4745 praecipue

443 4764 705 4836 pertinet.
734 4764 908 4836 llujus
939 4767 1083 4820 enim
1107 4775 1191 4822 est
1219 4774 1434 4836 patrum
1471 4766 1525 4819 in
1557 4765 1800 4821 Ecclesia
1834 4781 2032 4836 propa-

444 4856 614 4926 gatio.
649 4857 801 4911 Alter
823 4873 949 4917 eum
987 4866 1170 4928 patres
1199 4873 1310 4911 non
1348 4857 1544 4927 possit,
1581 4857 1723 4911 ltlios
1772 4855 2032 4910 Ecclesiae

445 4949 879 5021 regenerationis
927 4950 1131 5006 Iotione
1171 4948 1446 5018 producit,
1485 4964 1592 5002 non
1636 4955 1818 5003 tamen
1849 4955 2031 5019 patres

447 5051 547 5094 aut
572 5041 886 5112 magistros.
943 5037 1178 5107 Quinam
1215 5056 1344 5095 vero
1373 5039 1486 5096 fieri
1520 5046 1718 5110 potest,
1751 5047 1810 5093 ut
1838 5040 1883 5096 is
1912 5055 2035 5111 pre-

446 5133 735 5205 sbyterum
767 5133 1086 5198 constituat,
1117 5132 1186 5188 ad
1231 5148 1390 5206 quem
1430 5133 1727 5186 creandum
1772 5146 2033 5187 manuum

452 5226 903 5297 imponendarunt
943 5226 1035 5296 jus
1078 5226 1288 5281 nullmu
1335 5225 1572 5280 habeat?
1606 5224 1711 5278 Aut
1759 5223 2049 5293 quomodo

2131 4575 2241 4630 Kal
2271 4576 2387 4641 πῶς
2430 4576 2584 4629 ἔσται
2613 4577 2771 4631 τοῦτο
2807 4577 3062 4642 δυνατὸν;
3103 4577 3169 4630 Ἡ
3199 4577 3298 4647 μὲν
3327 4577 3437 4654 γάρ
3464 4581 3582 4630 ἐστι
3608 4594 3714 4630 πα-

2129 4667 2302 4738 τέρων
2330 4668 2622 4740 γεννητική
2665 4667 2818 4734 τάξις
2839 4685 2851 4698 ·
2879 4667 3124 4738 πατέρας
3160 4668 3269 4739 γὰρ
3290 4670 3455 4739 γεννᾷ
3489 4672 3557 4739 τῇ
3595 4670 3716 4722 Ἐκ-

2131 4758 2332 4830 κλησία
2354 4776 2369 4790 ο
2398 4762 2430 4831 η
2462 4759 2540 4823 δὲ,
2582 4759 2824 4830 πατέρας
2852 4759 2926 4830 μὴ
2951 4759 3224 4830 δυναμένη
3252 4761 3466 4830 γεννᾷν,
3503 4759 3588 4814 διά
3619 4759 3716 4830 τῆς

2128 4850 2223 4904 τοῦ
2258 4850 2484 4922 λουτροῦ
2528 4851 2949 4920 παλιγγενεσίας
2973 4850 3140 4904 τέκνα
3175 4852 3340 4922 γεννᾷ
3367 4854 3434 4922 τῇ
3481 4851 3713 4920 Ἐκκλη-

2133 4947 2244 5013 σία,
2276 4943 2336 4995 οὐ
2368 4943 2474 5014 μὴν
2508 4941 2751 5014 πατέρας
2776 4942 2809 5013 ἢ
2836 4941 3206 5008 διδασκάλους.
3235 4940 3344 4995 Kal
3375 4941 3493 5006 πῶς
3521 4937 3632 4995 οἷόν
3659 4959 3712 4994 τε

2130 5033 2198 5108 ἦν
2220 5037 2310 5088 τὸν
2345 5034 2716 5108 πρεσϐύτερον
2743 5035 3026 5108 καθιστᾷν,
3057 5036 3130 5108 μὴ
3157 5035 3349 5107 ἔχοντα
3378 5035 3715 5106 χειροθεσίαν

2132 5130 2226 5185 τοῦ
2272 5133 2631 5203 χειροτονεῖν,
2667 5131 2700 5202 ἢ
2743 5133 2917 5184 εἰπεῖν
2949 5130 3114 5186 αὐτὸν
3147 5127 3288 5184 εἶναι
3327 5130 3440 5184 ἴσον
3469 5129 3549 5199 τῷ
3597 5129 3716 5181 ἐπι-

2137 5223 2354 5295 σκόπῳς
2411 5223 2684 5294 Ἡπάτησε
2732 5222 2788 5274 δὲ
2840 5223 2931 5274 τὸν
2982 5220 3382 5293 προειρημένον
3444 5219 3714 5292 ’Δέριονή

455 5320 741 5390 presbyter
795 5319 1056 5390 episcopo
1113 5318 1223 5373 diei
1281 5326 1457 5387 potest
1527 5315 1796 5388 aqualis?
1835 5314 2016 5370 Verun

2137 5315 2302 5370 αὐτοῦ
2332 5315 2614 5390 ὲρεσχελία
2646 5317 2741 5370 καὶ
2773 5315 2801 5368 ὁ
2830 5313 3009 5385 ζῆλος.

453 5414 675 5468 Aeriam
723 5414 890 5469 istum
939 5413 1106 5467 nituia
1147 5411 1396 5483 quaedam
1448 5411 1756 5481 procacitas
1802 5407 2186 5476 simulatioque
2219 5407 2451 5479 decepit.

529 5529 546 5559 ⁸
575 5528 591 5582 ι
621 5526 751 5582 0w.
775 5543 826 5591 v,
853 5527 907 5582 7.
984 5529 1005 5562 ³
1079 5525 1220 5584 Titii.
1247 5542 1287 5594 ι,
1318 5526 1373 5580 9.

532 5649 644 5718 (-78)
673 5648 782 5703 Kal
818 5648 910 5702 ὅτι
934 5646 1048 5714 μὲν
1103 5645 1456 5716 ἀφροσύνης
1503 5644 1696 5700 ἐστίν.
1734 5640 2016 5713 Disputari

581 5735 641 5759 nn
693 5717 998 5759 minutiam»
1029 5718 1410 5759 onnineiecinm
1444 5713 1709 5759 llnrnnins
1739 5713 1804 5759 ad
1838 5728 2016 5759 annuit

2141 5639 2272 5695 dum
2322 5639 2616 5720 dissolvit;
2667 5639 2762 5709 qui
2812 5637 2867 5692 in
2916 5636 3147 5707 epistola
3177 5637 3248 5692 85
3299 5633 3370 5688 ad
3437 5631 3625 5759 Ευοῖιεί

2143 5710 2278 5759 nihil
2327 5711 2456 5759 olim
2507 5724 2800 5759 emseonos
2851 5708 2994 5759 inter
3042 5721 3108 5759 ac
3163 5706 3516 5759 nresbvteros
3577 5718 3625 5758 tll

461 5706 550 5777 de‘
581 5706 643 5774 ea
693 5706 998 5789 qitafstione
1029 5706 1415 5789 copiosissime
1431 5706 1709 5789 'Baronius
1739 5713 1804 5789 ad
1836 5706 2042 5766 annum
2143 5710 2456 5789 nihil_ol_im
2507 5706 2800 5789 episcopos
2851 5706 2994 5789 inter
3042 5721 3108 5761 ac
3163 5706 3516 5778 presbyteros
3555 5706 3715 5759 fuisse

461 5792 553 5860 58,
589 5791 677 5846 ubi
705 5778 1179 5844 dillicillimuut'cx
1221 5786 1536 5857 Hieronymi
1573 5783 1900 5841 auctoritate
1943 5799 2044 5836 no-
2143 5780 2478 5838 discriminis
2517 5778 2820 5836 affirmasse
2845 5778 3082 5834 videtur.

2473 5507 2506 5525 ,ρ

3585 5631 3714 5686 rium
