3990 6228
262 349 376 407 509

916 350 1281 409 ADVERSUS
1322 352 1667 409 IIA‘JRESES
1707 356 1832 413 LIB.
1878 359 1967 415 Ill.
2009 359 2175 417 TUM.
2217 363 2257 418 l.
2301 393 2369 402 —
2410 362 2684 418 ΙΙᾸΞΒΕΞ.
2739 359 2953 419 LXXV.

3441 356 3547 415 510

340 464 413 517 E'.
434 463 596 533 Φέρει
612 464 670 517 δὲ
693 464 772 531 είς
790 465 984 519 ἑαυτοῦ
1002 466 1211 539 πλάνην
1226 469 1321 521 καὶ
1343 469 1451 521 τῶν
1469 469 1633 522 αὑτοῦ
1652 472 1854 524 ἀκουόνι

2043 473 2107 531 γ.
2149 480 2217 530 At
2242 478 2389 533 enim
2415 486 2474 531 ut
2515 485 2624 531 tam
2658 477 2763 532 sibi
2803 491 2964 547 quam
2997 474 3339 530 auditoribus
3374 475 3549 547 impo-

257 575 392 617 των,
414 557 496 609 ὅτι
521 558 549 609 6
584 555 903 621 Ἀπόστολος
923 560 1125 630 γράφει
1149 560 1541 632 πρεσϐυτέροις
1568 562 1661 615 καὶ
1684 563 1863 616 διακό-

255 665 392 709 νοις,
414 648 506 700 καὶ
522 648 579 700 οὑ
610 648 809 718 γράφει
829 650 1167 714 ἐπισκόποις.
1184 650 1383 723 Καὶτῷ
1402 652 1688 722 ὲπισκὸπῳ
1699 653 1854 724 φησί·

254 740 359 807 Μὴ
388 739 593 809 ἀμέλει
632 740 739 793 τοῦ
772 741 842 794 ἐν
868 742 967 794 σοί
996 746 1387 811 χαρίσματος,
1414 739 1485 799 οὗ
1526 743 1738 810 ἔλαϐες
1760 744 1859 797 διὰ

254 830 477 898 χειρῶν
507 830 615 884 τοῦ
649 833 1079 900 πρεσϐυτερίου
1106 848 1118 860 '
1150 834 1314 886 πάλιν
1340 834 1396 886 δὲ
1427 836 1483 887 ὲν
1510 834 1653 906 ἄλλῳ
1677 835 1825 906 τόπῳ
1842 852 1853 863 ⁸

269 922 664 988 Ἐπισκόποίς
717 922 819 977 καί
884 924 1219 992 διακόνοιςο
1278 926 1354 988 ὡς
1429 922 1607 988 εἶναι,
1681 929 1855 997 φησι,

253 1014 351 1065 τον
424 1013 588 1067 αὑτὸν
664 1015 979 1079 ἐπίσκοπον,
1053 1017 1143 1069 τὸν
1221 1017 1379 1070 αὑτὸν
1457 1020 1848 1092 πρεσϐύτερον.

254 1108 370 1159 Καὶ
400 1106 504 1159 οὑκ
538 1102 680 1160 οῐδεν
710 1107 739 1159 6
761 1107 861 1179 τὴν
889 1108 1212 1162 ἀκολουθίαν
1243 1110 1342 1180 τῆς
1373 1096 1635 1181 ἀληθείας
1663 1113 1859 1184 ἀγνοή-

254 1214 380 1259 σας,
426 1199 521 1251 καὶ
549 1199 812 1269 ἱστορίαις
853 1199 1180 1269 βαθυτάταις
1212 1202 1287 1273 μὴ
1321 1202 1580 1273 ἐντυχὼν,
1604 1204 1706 1269 ὃτι,
1736 1205 1855 1259 νέου

249 1288 413 1351 ὄντος
450 1288 545 1341 τοῦ
582 1290 961 1361 κηρύγματος,
993 1292 1130 1364 πρὸς
1163 1292 1231 1346 τὰ
1274 1294 1649 1348 ὑποπίπτοντα
1692 1295 1858 1368 ἔγρα-

253 1398 357 1449 φεν
390 1384 420 1434 6
458 1380 612 1449 ἅγιος
657 1382 996 1447 Ἀπόστολος.
1033 1382 1214 1438 ’Ὀπου
1258 1386 1356 1455 μὲν
1397 1382 1540 1457 ἦσαν
1570 1387 1857 1440 ἐπίσκοποι

253 1473 359 1544 ἤδη
403 1473 860 1539 κατασταθέντες,
897 1475 1138 1546 ἔγραφεν
1185 1478 1506 1541 ἐπισκόποις
1544 1479 1639 1531 καὶ
1675 1478 1858 1531 διακόο

251 1582 391 1627 νοις.
428 1564 506 1619 Οὑ
550 1565 660 1637 γὰρ
696 1566 873 1620 πάντα
920 1568 1080 1632 εὐθὺς
1110 1568 1450 1639 ἠδυνήθησαν
1484 1571 1533 1623 οἱ
1569 1570 1856 1623 ἀπόστολοι

249 1658 624 1730 καταστῆσαι.
654 1660 1051 1732 Πρεσϐυτέρων
1078 1661 1186 1733 γὰρ
1209 1662 1417 1731 ἐγίνετο
1438 1664 1596 1734 χρεία
1624 1664 1717 1716 καὶ
1743 1664 1859 1716 δια-

248 1751 456 1804 κόνων.
483 1751 581 1805 Διά
614 1751 725 1822 γὰρ
769 1751 877 1805 τῶν
925 1752 1017 1806 δύο
1062 1754 1267 1807 τούτων
1310 1754 1379 1807 τὰ
1426 1754 1856 1826 ἐκκλησιαστικὰ

244 1845 514 1898 δύνανται
548 1844 908 1915 πληροῦσθαι.
936 1846 1111 1899 Ὅπου
1146 1846 1202 1899 δὲ
1230 1847 1330 1916 οὑχ
1363 1846 1561 1919 εὑρέθη
1592 1865 1677 1910 τις
1706 1846 1855 1913 ἄξιος

247 1935 597 2005 ἐπισκοπῆς,
628 1935 843 2005 ἔμεινεν
868 1936 897 1987 6
920 1935 1083 1999 τόπος
1118 1937 1287 2008 χωρὶς
1320 1937 1642 1992 ἐπισκόπου.
1679 1938 1853 1994 Ὅπου

248 2027 316 2081 δὲ
349 2028 543 2096 γέγονε
572 2029 753 2099 χρεία,
782 2024 1035 2100 καὶῆσαν
1058 2029 1197 2093 ἄξιοι
1230 2031 1558 2102 ἐπισκοπῆς,
1592 2031 1856 2085 κατεστά-

250 2121 437 2189 θησαν
467 2122 778 2176 ὲπίσκοποι.
808 2122 1054 2193 Πλήθους
1082 2123 1138 2177 δὲ
1174 2124 1248 2196 μὴ
1287 2122 1461 2188 ὄντος,
1491 2124 1589 2195 οὑχ
1627 2122 1857 2195 εὑρέθη-

250 2228 364 2265 σαν
395 2213 453 2265 ὲν
484 2213 670 2276 αὐτοῖς
709 2212 1071 2285 πρεσδύτεροι
1106 2214 1535 2283 κατασταθῆναι,
1568 2214 1662 2267 καὶ
1690 2214 1857 2285 ἠρκέ-

249 2303 471 2374 σθησαν
498 2304 592 2358 ἐπὶ
622 2302 702 2374 τῷ
730 2303 872 2357 κατὰ
898 2304 1063 2357 τόπον
1096 2304 1243 2376 μόνῳ
1268 2304 1573 2375 ὲπισκὸπῳ.
1607 2305 1769 2357 Ἀνευ
1799 2303 1857 2355 δὲ

242 2396 506 2450 διακόνου
537 2396 836 2452 ἐπίσκοπον
858 2396 1118 2451 ἀδύνατον
1145 2392 1304 2451 εἶναι.
1337 2397 1449 2450 Καὶ
1476 2396 1855 2467 ὲπεμελήσατο

242 2491 278 2543 ὁ
315 2490 475 2558 ἅγιος
514 2488 838 2553 Ἀπόστολος
874 2488 1157 2553 διακόνους
1184 2485 1321 2542 εἶναι
1350 2487 1429 2559 τῷ
1458 2488 1741 2557 ὲπισκόπῳ
1769 2486 1857 2540 διὰ

242 2583 354 2657 τὴν
383 2583 716 2657 ὑπηρεσίαν.
754 2582 911 2636 Οὕτω
943 2583 1042 2654 τῆς
1081 2582 1410 2653 Ἐκκλησίας
1438 2580 1713 2651 λαϐούσης
1744 2580 1855 2652 (79)

242 2680 325 2734 τὰ
357 2677 705 2750 πληρώματα
734 2676 831 2747 τῆς
855 2675 1189 2746 οἰκονομίας,
1219 2674 1363 2729 οὑτω
1389 2674 1509 2728 κατ’
1531 2675 1709 2728 ἐκεῖνο
1735 2691 1858 2726 και-

247 2772 354 2845 ροῦ
388 2768 532 2842 ἦσαν
564 2772 615 2824 οἱ
670 2771 849 2826 τόποι.
885 2770 994 2825 Καὶ
1036 2770 1145 2841 γὰρ
1188 2768 1420 2822 ἕκαστον
1476 2770 1711 2841 πρᾶγμα
1757 2768 1858 2820 οὑκ

242 2864 515 2936 ἀπαρχῆς
559 2863 629 2917 τὰ
678 2864 856 2917 πάντα
908 2862 1094 2933 ἔσχενο
1134 2860 1271 2915 ἀλλὰ
1324 2858 1710 2931 προϐαίνοντος
1758 2857 1853 2911 τοῦ

241 2960 453 3029 χρόνον
485 2957 553 3011 τὰ
589 2957 724 3029 πρὸς
761 2956 1041 3010 τελείωσιν
1087 2954 1195 3009 τῶν
1226 2953 1425 3025 χρειῶν
1471 2953 1852 3024 κατηρτίζετο.

1964 576 2079 631 nat,
2108 568 2240 622 illud
2271 570 2462 645 objicit
2491 589 2505 623 :
2547 569 2868 638 Apostolum
2903 569 3241 641 presbyteris
3296 568 3547 622 etdiaco-

1971 657 2059 710 nis
2109 658 2376 725 scribere,
2420 674 2528 712 non
2571 659 2867 729 episcopis.
2908 658 3034 712 ltcm
3066 660 3381 729 episcopum
3414 661 3547 712 allo-

1961 765 2158 818 quens,
2216 748 2367 815 Noli,
2422 750 2620 822 inquit,
2656 750 2919 823 negligere,
2959 752 3209 822 gratiam,
3259 768 3375 821 qua:
3406 751 3458 803 in
3497 761 3545 805 te

1959 852 2059 904 est,
2096 858 2252 912 quam
2293 845 2540 911 accepisti
2592 858 2684 912 per
2733 858 2922 896 manus
2967 844 3385 913 presbyterorum
3434 841 3545 896 col-

1962 933 2084 1004 legii
2144 935 2158 965 ⁸
2207 950 2217 984 :
2264 934 2457 989 deinde
2522 935 2630 988 alio
2676 934 2794 989 loco
2857 934 3109 1003 episcopis
3195 944 3243 987 et
3283 933 3544 999 diaconis,

1963 1036 2022 1080 ut
2051 1027 2193 1082 idem
2226 1028 2521 1098 episcopus
2568 1036 2622 1083 et
2657 1028 2938 1097 presbyter
2976 1042 3099 1081 esse
3133 1027 3404 1082 videatur.
3440 1026 3547 1082 Sed
3608 1076 3617 1091 ,

1961 1117 2222 1173 nimirum
2261 1119 2505 1173 veritatis
2538 1120 2639 1174 iste
2663 1121 2858 1173 seriem
2895 1118 3177 1189 ignorans,
3211 1133 3313 1171 nec
3364 1120 3420 1171 in
3458 1134 3545 1172 re-

1961 1210 2269 1268 conditiore
2304 1211 2537 1268 historia
2564 1219 2836 1277 versatus,
2892 1226 2998 1265 non
3029 1209 3277 1280 intelligit
3308 1209 3547 1281 Aposto-

1960 1304 2096 1368 lum,
2152 1320 2278 1359 cum
2334 1320 2526 1360 recens
2572 1305 2751 1359 adlmc
2780 1312 2927 1360 esset
2957 1302 3255 1358 Christiani
3274 1301 3548 1372 dogmatis

1961 1396 2307 1467 propagatio,
2365 1412 2467 1468 pro
2504 1412 2561 1452 re
2612 1408 2739 1449 nata
2791 1396 3119 1466 scripsisse;
3156 1410 3280 1449 nam
3315 1395 3406 1449 ubi
3433 1395 3547 1464 jam

1960 1486 2203 1557 episcopi
2227 1486 2512 1541 constituti
2541 1487 2776 1546 fuerant,
2798 1487 2863 1540 ad
2895 1487 3182 1556 episcopos
3205 1493 3256 1540 et
3284 1485 3547 1540 diaconos

1962 1577 2261 1633 scribebat.
2299 1574 2485 1647 Neque
2513 1577 2659 1630 enim
2698 1575 2933 1630 subinde
2959 1575 3144 1629 omnia
3174 1574 3242 1628 ab
3276 1574 3547 1645 apostolis

1961 1664 2205 1719 ordinari
2248 1672 2517 1735 poterant.
2545 1664 2608 1717 Et
2638 1664 2858 1734 quidem
2893 1664 3225 1736 presbyteris
3266 1664 3319 1718 in
3355 1663 3547 1734 primis

1962 1771 2024 1810 ac
2054 1757 2303 1812 diaconis
2331 1772 2470 1827 opus
2522 1766 2663 1823 erat;
2696 1757 2949 1827 aquibus
2990 1756 3244 1812 videlicet
3279 1757 3546 1812 ambobus

1952 1848 2330 1907 ecclesiastica
2380 1850 2597 1919 negotia
2647 1848 3026 1903 administrari
3073 1858 3323 1919 possunt.
3363 1847 3547 1914 Quare

1959 1939 2050 1994 ubi
2086 1938 2328 1994 nondum
2359 1940 2681 2011 episc0patu
2737 1939 2938 2010 dignus
2971 1939 3170 2008 aliquis
3201 1946 3544 2002 occurrerat,

1958 2032 2142 2087 nullus
2168 2031 2216 2086 ei
2256 2031 2381 2086 loco
2439 2031 2753 2101 pr0positus
2797 2038 2881 2084 est
2910 2030 3226 2099 episcopus.
3268 2028 3337 2081 At
3370 2027 3463 2080 ubi
3490 2034 3546 2080 et

1958 2128 2262 2181 necessitas
2308 2123 2644 2194 postulabat.
2701 2138 2801 2177 nec
2845 2137 3059 2188 eormn,
3100 2120 3194 2192 qui
3227 2120 3547 2191 episcopatu

1957 2215 2107 2287 digni
2137 2222 2319 2280 erant,
2350 2216 2509 2285 copia
2539 2214 2750 2279 deerat,
2812 2215 2885 2269 ibi
2934 2214 3178 2285 episcopi
3238 2211 3544 2271 constituti.

1961 2307 2067 2363 Sed
2118 2323 2243 2362 cum
2306 2306 2452 2363 haud
2507 2322 2699 2377 magna
2760 2305 3048 2361 multitudo
3098 2305 3275 2371 foret,
3316 2302 3547 2374 reperiri

1959 2400 2093 2454 nulli
2141 2406 2460 2470 potuerunt,
2492 2400 2583 2470 qui
2648 2399 2950 2471 presbyteri
3003 2405 3362 2455 crearentur:
3404 2397 3548 2451 unde

1959 2493 2078 2549 solo
2113 2493 2372 2565 episcopo
2427 2494 2672 2548 contenti
2707 2492 2950 2548 fuerunt.
2996 2490 3127 2546 Sine
3151 2491 3387 2545 diacono
3421 2504 3547 2544 vero

1958 2586 2252 2656 episcopus
2279 2601 2401 2641 esse
2448 2601 2557 2639 non
2591 2594 2790 2656 potest.
2825 2584 3007 2651 Quare
3045 2583 3100 2637 in
3150 2582 3201 2637 id
3253 2580 3547 2651 Apostolus

1961 2675 2231 2738 incubuit,
2296 2683 2353 2729 ut
2402 2673 2751 2730 ministrandi
2803 2674 2976 2746 gratia
3024 2673 3283 2744 episcopo
3329 2669 3546 2724 diaconi

1962 2775 2334 2838 suppeterent.
2386 2768 2575 2838 Itaque
2636 2782 2760 2821 cum
2824 2766 3066 2822 nondum
3129 2764 3377 2819 Ecclesia
3429 2762 3547 2817 suis

1963 2860 2219 2915 omnibus
2247 2860 2626 2914 [unctionibus
2661 2859 2864 2930 expleri
2899 2866 3106 2929 posset,
3136 2872 3230 2928 per
3256 2856 3387 2910 illud
3407 2865 3546 2908 tem-

1966 2968 2067 3023 pus
2098 2952 2409 3007 istiusmodi
2444 2953 2786 3022 singulorum
2815 2950 3061 3005 locorum
3102 2956 3280 3004 status
3306 2944 3539 3001 exstitit.

242 3050 447 3121 Pii-que
484 3065 614 3105 vero
636 3048 745 3103 ulla
780 3064 869 3103 res
900 3055 1150 3116 est,quze
1174 3046 1242 3100 ab
1272 3044 1429 3098 initio
1471 3044 1589 3099 suis
1634 3043 1894 3100 omnibus
1954 3043 2202 3097 numeris
2255 3042 2503 3097 absoluta
2558 3040 2753 3108 fuerit;
2800 3041 2895 3096 sed
2950 3039 3281 3111 procedente
3326 3037 3543 3092 demum

248 3160 527 3215 tempore,
582 3159 683 3199 sua
736 3140 1241 3214 opportunitatibus
1297 3139 1556 3195 omnibus
1606 3138 1672 3193 ad
1720 3138 2114 3209 perfectionem
2144 3136 2392 3191 accessio
2428 3136 2676 3208 contigit.

331 3243 425 3307 ς’.
466 3238 640 3301 Εὐθὺς
691 3237 787 3307 μὲν
827 3236 937 3306 γὰρ
977 3233 1213 3305 Μωῡσῆς
1260 3233 1537 3303 πέμπεται
1578 3233 1658 3295 είς
1682 3231 1846 3299 Λίγυ-

2018 3228 2184 3300 909
2220 3226 2303 3282 Vl.
2336 3227 2506 3298 Cujus
2558 3227 2863 3294 exemplum
2916 3226 3181 3281 habemus
3226 3223 3279 3277 in
3328 3221 3539 3293 Moyse.

253 3332 398 3385 πτον
432 3330 573 3385 κατά
602 3330 702 3400 τὴν
734 3327 975 3381 Παλαιὰν
1008 3326 1284 3397 Διαθήκην
1317 3325 1498 3397 ῥάϐδῳ
1538 3324 1706 3399 μόνῃο
1743 3324 1848 3379 ὑπὸ

256 3422 519 3476 τοῦιΘεοῦ
550 3420 607 3474 δὲ
632 3418 1059 3491 ἀπεσταλμένος,
1094 3418 1153 3471 ὲν
1180 3416 1259 3490 τῷ
1288 3417 1548 3471 εἰσελθεῖν
1576 3419 1656 3481 είς
1689 3418 1853 3486 Αἴγυ-

259 3532 423 3579 πτον,
455 3511 805 3583 προστίθεται
837 3510 985 3582 αὑτῷ
1010 3512 1087 3575 εἰς
1121 3509 1372 3581 βοήθειαν
1404 3510 1615 3582 Ἀαρὼν
1648 3513 1676 3563 6
1699 3510 1852 3563 ἀδελ-

263 3607 368 3674 φὸς
402 3603 589 3658 αὑτοῦ.
627 3597 759 3656 Εἶτα
801 3602 940 3674 μετά
964 3602 1026 3655 τὸ
1059 3601 1347 3655 πιστεῦσαι
1381 3601 1530 3672 αὑτῷ
1570 3601 1662 3653 τὸν
1694 3601 1850 3655 ἁδελ-

262 3696 392 3767 φόν,
427 3695 670 3767 συνήχθη
697 3694 833 3767 πρὸς
860 3694 1022 3748 αὑτὸν
1055 3696 1089 3765 ἡ
1131 3695 1396 3767 γερουσία
1420 3694 1513 3747 καὶ
1540 3696 1589 3746 οἱ
1617 3695 1854 3766 ἀρχηγοὶ

261 3787 362 3841 τοῦ
395 3785 525 3839 λαοῦ
566 3786 686 3839 κατ’
717 3788 894 3840 ἐκεῖνο
924 3785 1142 3856 καιροῦ.
1176 3787 1286 3840 Καὶ
1322 3787 1459 3857 μετά
1497 3786 1669 3839 ταῦτα
1712 3804 1850 3858 κρα-

262 3876 561 3947 τυνομένου
588 3874 682 3928 τοῦ
714 3873 899 3946 ἔργον,
932 3875 1027 3928 καὶ
1059 3875 1158 3945 τῆς
1187 3875 1509 3939 ἀκολουθίας
1554 3875 1853 3947 συναγομέ-

261 3985 386 4038 νης,
415 3966 703 4038 διεπέρασε
743 3966 840 4036 τὴν
887 3965 1179 4021 θάλασσαν.
1212 3967 1321 4020 Καὶ
1354 3966 1506 4019 οὑπω
1538 3963 1678 4038 ἦσαν
1710 3966 1851 4021 κατὰ

260 4061 360 4113 τὸν
395 4060 577 4130 νόμον,
613 4060 717 4123 ἕως
757 4061 845 4112 ὅτε
876 4059 1078 4131 Κύριος
1114 4059 1275 4112 αὑτὸν
1305 4059 1462 4112 καλεῖ
1500 4062 1579 4122 είς
1618 4060 1679 4112 τὸ
1705 4060 1848 4131 ὅρος.

262 4151 463 4205 Δίδωσι
492 4152 549 4204 δὲ
577 4150 725 4224 αὑτῷ
756 4150 853 4214 τὰς
883 4152 1113 4222 πτύχας,
1156 4151 1250 4203 καὶ
1290 4152 1671 4205 ὑποδείκνυσιν
1704 4152 1854 4222 αὑτῷ

263 4242 477 4313 σκηνὴν
510 4241 936 4304 κατασκευάσαι,
974 4240 1251 4313 ἁρχηγούς
1302 4258 1361 4293 τε
1416 4242 1850 4314 προστήσασθαι,

262 4328 590 4399 δεκάρχους,
609 4330 1136 4402 πεπηκοντάρχους,
1164 4330 1614 4401 ἑκατοντάρχους,
1643 4332 1855 4403 χιλιάρ-

263 4438 416 4491 χους.
438 4421 548 4473 Καὶ
582 4422 714 4492 ὁρᾷς
741 4420 857 4484 πῶς
881 4421 948 4474 τὰ
976 4423 1277 4493 πράγματα
1298 4423 1626 4476 πλατύνεται
1648 4441 1662 4489 ;
1693 4426 1851 4491 Ὅρα,

264 4511 427 4581 φησι,
474 4510 751 4578 ποιήσεις
795 4511 992 4566 πάντα
1040 4514 1188 4567 κατὰ
1226 4513 1335 4566 τὸν
1372 4515 1564 4568 τύπον
1607 4515 1713 4569 τὸν
1737 4516 1855 4569 δει-

1960 3317 2057 3375 llic
2080 3320 2224 3375 enim
2246 3320 2299 3374 in
2311 3318 2509 3375 Vetere
2524 3319 2904 3377 Testantento’
2930 3321 3045 3376 sola
3066 3320 3215 3391 virga
3235 3321 3547 3373 instructus

1959 3413 2016 3467 in
2054 3411 2354 3483 ngyptum
2397 3412 2636 3468 mittitur
2685 3433 2700 3468 :
2755 3427 2917 3481 quam
2964 3428 3087 3469 eum
3142 3410 3542 3481 ingrederetur,

1956 3507 2140 3560 Aaron
2169 3506 2343 3575 ipsius
2377 3504 2546 3559 frater
2569 3504 2829 3560 divinitus
2864 3504 3066 3560 missus
3105 3505 3154 3559 ci
3184 3519 3243 3558 se
3275 3502 3341 3556 ad
3370 3500 3547 3555 subsi-

1958 3598 2108 3651 dium
2141 3596 2411 3666 adjungtt.
2462 3594 2667 3650 Deinde
2711 3604 3000 3667 postquam
3032 3596 3082 3651 ei
3123 3612 3152 3649 a
3195 3594 3360 3650 fratre
3408 3591 3547 3647 lidcs

1960 3688 2144 3741 habita
2173 3694 2278 3749 est,
2322 3688 2600 3742 seniorum
2633 3687 2698 3740 ad
2765 3688 2915 3740 illum
2955 3702 3019 3741 ae
3054 3687 3240 3758 populi
3273 3703 3367 3757 per
3408 3683 3545 3738 illud

1960 3786 2179 3849 tempus
2206 3778 2515 3850 principum
2557 3778 2850 3832 multitudo
2895 3780 3173 3834 convenit.
3208 3777 3346 3831 Tum
3380 3778 3543 3832 desti-

1960 3881 2090 3924 nato
2117 3886 2284 3941 opere
2307 3871 2455 3927 vires
2485 3877 2539 3924 et
2569 3870 3220 3941 incrementa’capiente,
3252 3884 3401 3924 mare
3441 3884 3539 3937 pc-
3640 3922 3643 3927 .

1959 3964 2217 4016 nctravit.
2274 3954 2516 4017 Necdum
2574 3970 2756 4016 tamen
2804 3964 2871 4018 ad
2929 3963 3102 4032 legem
3160 3967 3544 4032 pervenerant,

1958 4055 2135 4109 donec
2171 4055 2323 4108 illum
2356 4054 2500 4111 Deus
2529 4055 2595 4109 ad
2625 4063 2864 4111 montem
2898 4062 3175 4117 evocaret,
3204 4070 3329 4108 cum
3370 4062 3425 4107 et
3454 4062 3533 4106 ta-

1960 4147 2116 4201 bulas
2150 4146 2392 4210 tradidit,
2432 4155 2487 4202 et
2522 4148 2934 4202 tabernaculum
2975 4148 3294 4202 instituere.
3328 4146 3543 4215 princi-

1963 4256 2077 4308 pes,
2112 4238 2465 4303 decuriones,
2505 4239 3032 4310 quinquagenarius,
3093 4238 3444 4293 centuriones
3474 4252 3541 4291 ac

1962 4332 2216 4386 tribunos
2258 4346 2449 4386 creare
2492 4332 2700 4386 docuit.
2737 4330 2899 4387 Vides
2945 4330 3408 4401 quemadmodum
3451 4346 3547 4386 res

1964 4442 2154 4483 omnes
2183 4427 2440 4497 paulatim
2473 4426 2815 4497 ampliﬁcata:
2857 4426 3101 4482 fuerint?
3146 4424 3292 4488 Vide,
3336 4426 3539 4494 inquit,

1964 4519 2124 4588 {acies
2153 4519 2333 4572 omnia
2352 4520 2639 4572 secundum
2668 4517 2957 4587 exemplar,
2984 4516 3122 4587 quod
3146 4516 3242 4569 tibi
3278 4526 3541 4569 nmnstra-

263 4603 490 4673 χθέντα
520 4619 617 4657 σοι
664 4604 734 4656 ἐν
777 4604 856 4671 τῷ
888 4605 1007 4674 ὄρει
1048 4604 1212 4660 Σινᾶ.
1246 4606 1354 4659 Καὶ
1377 4608 1507 4677 ὁρᾷς
1540 4608 1656 4671 πῶς
1684 4625 1841 4679 προσ.

1959 4619 2067 4662 tum
2093 4608 2243 4663 estin
2265 4618 2439 4661 monte
2459 4607 2590 4662 Sina
2618 4607 2660 4662 ³.
2678 4606 3171 4668 Animadvertisne.
3200 4615 3259 4658 ut
3280 4606 3357 4660 ad'
3378 4604 3543 4674 legis-

262 4696 431 4766 ετέθη
458 4699 522 4767 τῇ
559 4696 850 4769 νομοθεσίᾳ
877 4697 1189 4768 ἐπτάμυξος
1216 4697 1428 4769 λυχνία,
1459 4699 1668 4771 ποδήρη
1700 4701 1850 4770 ἱερα-

262 4785 397 4838 τικα
432 4784 721 4857 ἐνδύματα,
748 4786 993 4850 κὼδωνές
1020 4804 1079 4839 τε
1105 4787 1199 4839 καὶ
1226 4788 1474 4858 μανδύαι,
1498 4788 1770 4860 ἐπωμίδες
1793 4806 1850 4841 τε

263 4876 365 4930 καὶ
394 4877 655 4949 κιδὰρεις,
696 4879 886 4951 μίτραι
914 4896 973 4931 τε
1005 4880 1099 4933 καὶ
1140 4879 1301 4934 λίθων
1351 4880 1623 4953 διαφόρων
1666 4881 1853 4935 συνθέ-

266 4986 407 5032 σεις,
444 4970 655 5035 κύαθοι,
702 4972 941 5035 θυῖσκαι,
981 4972 1261 5045 λουτῆρες,
1297 4973 1679 5045 θυσιαστήρια,
1725 4992 1854 5045 τρυ-

265 5060 417 5125 ϐλία,
451 5061 781 5135 μασμαρὼθ,
816 5064 975 5118 ἅτινά
1005 5066 1119 5117 ἐστι
1152 5064 1507 5138 διυληστήρια
1537 5066 1669 5137 (80),
1715 5066 1855 5137 μιδι-

346 5211 362 5243 ³
394 5211 409 5263 l
438 5213 579 5269 Tim.
615 5231 687 5279 tv,
722 5215 808 5269 Η.
888 5217 907 5245 ¹
939 5214 1111 5269 Exod.
1144 5232 1217 5280 tv,
1252 5214 1288 5268 Ξ
1311 5231 1432 5287 sqq.

345 5371 458 5435 (79)
498 5371 661 5425 Οὕτω
716 5370 826 5439 τῆς
878 5372 1235 5440 Ἐκκλησίας
1264 5375 1591 5442 λαϐούσης.
1634 5373 1737 5440 Qui
1792 5374 1858 5428 ad

271 5440 568 5509 Epiphanii
631 5450 863 5495 mentem
921 5443 1211 5509 diligenter
1274 5440 1533 5497 animum
1571 5444 1852 5510 adjecerit,

266 5528 381 5590 non
417 5511 719 5577 dubitabit,
755 5514 888 5583 quin
927 5510 1079 5567 οὑπω
1122 5529 1221 5587 pro
1264 5514 1407 5567 οὕτω
1441 5514 1568 5569 huic
1618 5515 1739 5568 loco
1784 5515 1855 5571 sit

270 5592 479 5717 aplgll‘).
503 5651 864 5720 Μασμαρὼθ,
904 5651 1079 5707 ἅτινά
1123 5654 1251 5707 ἐστι
1280 5654 1677 5721 διυλιστήρια.
1722 5652 1854 5707 Nul-

270 5724 387 5777 lum
442 5721 709 5789 ejusmodi
762 5722 1089 5777 vocabulum
1145 5725 1195 5775 in
1260 5724 1561 5794 Scripturis
1617 5726 1849 5793 rcpt‘t‘in.

268 5794 528 5850 Proxima
559 5807 659 5846 vox
704 5794 830 5847 huic
878 5802 961 5850 est
1006 5802 1256 5855 natam.
1298 5796 1438 5850 inter
1479 5796 1664 5865 templi
1700 5812 1848 5859 vasa,

1960 4700 2219 4755 lationem
2270 4700 2660 4754 candelabrum
2711 4698 2842 4754 illud
2888 4707 3094 4767 septem
3140 4698 3544 4768 ellychniorum

1958 4791 2201 4846 additum
2243 4790 2427 4853 fuerit,
2460 4808 2669 4846 [necnon
2697 4801 2750 4847 et
2780 4792 2978 4845 talares
3001 4790 3307 4845 sacerdotis
3337 4798 3542 4852 vestes,

1960 4884 2347 4944 tintinnabula,
2386 4884 2629 4955 palliola,
2666 4883 2965 4951 epomides,
3016 4883 3162 4952 pilei,
3202 4881 3387 4942 baltei,
3438 4896 3531 4932 vas

1961 4980 2168 5029 riornm
2230 4976 2531 5046 lapillorum
2584 4983 2894 5036 eontextus,
2945 4975 3148 5045 cyathi,
3199 4973 3535 5035 mortariola,

1964 5067 2139 5130 labra,
2172 5067 2469 5133 thuribula,
2494 5067 2682 5131 catini,
2719 5067 3115 5131 masmarhoth,
3148 5068 3251 5119 hoc
3274 5074 3356 5119 cst
3386 5064 3538 5127 cola;

1511 5218 1531 5248 ³
1561 5215 1734 5271 Exod.
1774 5233 1901 5283 xxv,
1930 5218 2020 5273 40.

1951 5390 2073 5444 qua:
2111 5389 2142 5445 a
2173 5372 2486 5445 Babyloniis
2516 5374 2725 5445 direpta
2769 5381 3270 5445 commemorantur
3332 5371 3535 5426 Jercm.

1952 5461 2069 5508 ιιι,
2112 5444 2199 5502 19.
2261 5443 2522 5515 SedAnon
2578 5443 3288 5515 διυλιστῆραςεὶειιὶίίριιι,
3353 5457 3531 5495 rerum

1952 5516 2169 5582 φιάλας,
2204 5515 2345 5583 apud
2380 5513 2540 5567 LXX.
2573 5515 2793 5569 llicron.
2827 5513 3091 5567 Psalteria
3115 5529 3133 5575 ;
3159 5513 3246 5566 alii
3271 5521 3525 5583 emuncto:

1954 5581 2057 5641 ria.
2097 5581 2478 5644 Sane—tatam
2517 5585 2669 5644 fa'ces
2698 5591 2846 5637 sunt.
2887 5584 2989 5636 Sed
3026 5585 3094 5637 ab
3119 5599 3181 5637 ca
3214 5597 3347 5636 voce
3389 5581 3529 5635 haud

1953 5656 2068 5709 scio
2098 5672 2165 5709 an
2200 5663 2462 5725 mam
2493 5651 2724 5725 derivari
2780 5654 3013 5725 possint
3044 5669 3143 5725 pro
3192 5652 3320 5708 ralis
3341 5691 3357 5714 ,
3412 5651 3535 5721 qui-

1953 5726 2054 5780 bus
2097 5726 2279 5778 vinum
2340 5724 2651 5795 defmcetur.
2704 5722 2796 5795 Ita'
2832 5724 3063 5795 μιδικώθ
3100 5723 3241 5778 idem
3289 5740 3413 5795 esse
3463 5737 3529 5795 ac

1952 5795 2187 5861 κυάθους
2239 5793 2481 5849 nonduin
2530 5793 3024 5866 rotnperiz‘quam
3083 5810 3266 5853 vocem
3318 5793 3410 5850 lib.
3450 5793 3534 5848 De
