3990 6228
401 336 502 396 5H

1768 334 1830 391 S.
1870 329 2215 387 EPIPllANll

3562 340 3662 394 512

405 451 690 518 midicoth,
720 453 836 508 sive
864 450 1081 524 cyathi;
1117 445 1468 520 machonoth,
1499 447 1591 520 qui
1633 456 1763 504 sunt
1793 447 1974 506 bases.

2099 446 2216 510 ιὼθ,
2236 448 2394 502 ἆτινα
2438 447 2728 503 καλοῦνται
2763 449 2975 517 κύαθοι,
3007 450 3293 524 μαχωνὼθ,
3323 452 3530 515 αἰτινές
3559 455 3658 506 εἰσι

403 555 456 602 et
497 559 836 616 quaecunque
883 545 990 598 alia
1026 544 1113 600 lex
1159 542 1438 608 edisserit,
1505 541 1652 595 velut
1691 538 2005 596 cberubini-

403 643 458 690 et
490 635 540 688 id
569 649 741 706 genus
766 634 897 699 alia,
931 649 1057 688 arca
1089 633 1426 706 testamenti,
1452 640 1660 696 vectes,
1680 630 1980 687 humerarii

405 727 618 794 annuli,
651 727 1092 786 tabernaculum.
1129 726 1270 791 vela,
1318 725 1485 794 pelles
1524 724 1841 787 rubricatat,
1878 737 1980 776 an-

401 833 480 874 sa:
532 827 587 874 et
660 818 765 872 alia
805 817 858 872 id
893 832 1087 888 genus,
1126 815 1412 885 janitores,
1454 815 1598 870 tuba:
1652 814 1884 870 ductiles
1928 819 1983 868 et

403 906 646 962 incurva:
706 914 761 962 et
799 921 1001 973 aureae,
1053 914 1340 977 argenteae,
1389 920 1562 968 aareae,
1609 919 1844 967 corneae,
1875 903 1980 957 alia

403 981 638 1070 denique
662 1014 732 1054 ex
762 999 896 1069 legis
927 999 1268 1070 praescripto,
1309 999 1455 1054 velut
1489 997 1886 1053 sacriﬁciorum
1929 1004 1983 1052 et

405 1089 818 1144 institutionum
849 1090 1000 1146 varia
1030 1105 1231 1162 genera
1267 1108 1280 1145 :
1318 1105 1440 1160 quae
1474 1104 1600 1144 cum
1637 1090 1794 1143 initio
1841 1103 1981 1142 non-

405 1181 536 1234 dum
558 1190 765 1248 essent,
799 1196 982 1237 nonne
1003 1189 1292 1252 postquam
1330 1183 1542 1236 invecta
1560 1188 1712 1243 sunt,
1742 1195 1878 1237 suus
1899 1187 1984 1260 est

402 1272 543 1327 ordo
578 1272 742 1328 rebus
767 1273 1108 1330 attributus?
1141 1273 1340 1328 Eadem
1372 1272 1514 1327 ratio
1534 1279 1622 1328 est
1651 1272 1894 1336 illorum,
1917 1269 1984 1326 de

404 1363 608 1434 quibus
641 1364 938 1435 Apostolus
959 1365 1206 1436 scripsit,
1234 1379 1357 1436 quae
1386 1364 1578 1419 tandiu
1602 1363 1982 1427 obtinuerunt,

405 1455 582 1509 donec
617 1454 948 1526 ampliﬁcata
973 1466 1060 1512 est
1081 1455 1347 1522 Ecclesia,
1375 1458 1549 1514 donec
1575 1474 1733 1514 suam
1765 1472 1828 1513 ac
1852 1456 1988 1528 legi-

405 1547 597 1600 timam
631 1546 698 1601 ad
735 1562 1045 1604 mensuram
1070 1551 1337 1619 pervenit,
1370 1549 1544 1607 donec
1574 1549 1828 1620 prudenti
1849 1564 1987 1620 qua-

405 1639 531 1692 dam
577 1638 956 1696 moderatione
1000 1641 1310 1713 justissime
1342 1652 1427 1699 est
1460 1660 1490 1698 a
1528 1643 1710 1708 Patre,
1743 1643 1882 1700 Filio
1931 1655 1986 1701 et

2084 538 2290 607 βάσεις,
2323 540 2418 593 καὶ
2464 541 2673 613 ὅσαπερ
2725 543 2754 595 ό
2797 543 2959 613 νόμος
3005 544 3332 613 διαλέγεται,
3398 544 3661 615 χερουϐὶμ

2083 634 2178 686 καὶ
2221 633 2288 686 τὰ
2335 633 2492 699 ἄλλα,
2536 635 2764 700 κιϐωτὸς
2811 637 3096 709 διαθήκης,
3125 639 3417 710 ἀναφορεῖς
3456 655 3521 690 τε
3572 640 3662 690 καὶ

2081 723 2372 789 δακτύλιοι,
2399 727 2570 798 σκηνή
2593 744 2653 780 τε
2680 729 2772 782 καὶ
2801 729 3010 800 δέρρει,⁵
3036 729 3129 783 καὶ
3157 729 3400 800 δέρματα
3425 728 3663 800 ἡρυθρο-

2081 815 2387 886 δανωμένα,
2416 817 2652 886 άγκύλαι
2695 835 2754 872 τε
2805 820 2898 872 καὶ
2939 819 3009 873 τὰ
3053 821 3207 882 άλλα,
3280 819 3526 890 πυλωροὶ
3571 819 3666 872 καὶ

2085 909 2384 980 σάλπιγγες
2410 912 2600 966 ὲλαταὶ
2629 912 2722 964 καὶ
2772 912 3048 980 καμπύλαι
3113 913 3205 966 καὶ
3231 914 3432 984 χμισαῖ
3451 911 3546 965 καὶ
3568 912 3664 982 άρ-

2082 1001 2270 1070 γυραῖ,
2306 1001 2525 1070 χαλκαῖ,
2560 1000 2866 1071 κεράτιναι,
2891 1002 2984 1054 καὶ
3018 999 3084 1054 τὰ
3121 1000 3256 1054 ἄλλα
3277 1002 3490 1069 ὅσαπερ
3519 1000 3547 1052 ό
3578 998 3665 1051 νό-

2086 1109 2186 1164 μος
2213 1092 2340 1164 ἔφη,
2367 1093 2548 1146 θυσίαι
2576 1093 2844 1164 διάφοροι,
2865 1092 3220 1146 διδασκαλίαι.
3240 1091 3461 1162 Ἐπειδὴ
3481 1091 3662 1162 ἀπαρ-

2083 1182 2185 1254 χῆς
2216 1183 2390 1237 ταῦτα
2435 1183 2538 1237 οὐκ
2574 1179 2666 1255 ἦν,
2701 1179 2810 1254 ἆρα
2841 1182 2980 1252 μετὰ
3014 1183 3073 1235 τὸ
3101 1181 3355 1251 γενέσθαι
3386 1183 3485 1252 τὴν
3512 1179 3662 1245 τάξιν

2083 1274 2185 1329 οὐκ
2231 1273 2420 1345 εἴληφε
2468 1273 2539 1328 τὰ
2584 1273 2920 1346 πράγματα;
2964 1273 3120 1327 Οὕτω
3158 1273 3251 1326 καὶ
3293 1274 3365 1326 τὰ
3405 1273 3556 1343 παρὰ
3588 1270 3663 1342 τῷ

2102 1366 2412 1436 Ἀποστόλῳ
2451 1366 2834 1438 γεγραμμένα,
2868 1365 2972 1429 ἕως
3013 1364 3102 1418 ὅτε
3132 1362 3439 1433 ὲπλατύνθη
3469 1364 3506 1433 ἡ
3541 1363 3660 1416 Ἐκ-

2086 1456 2306 1529 κλησία,
2328 1457 2433 1523 ’έως
2454 1459 2542 1512 ὅτε
2573 1461 2653 1523 εἰς
2673 1458 2734 1512 τὸ
2765 1459 2892 1512 ἴδιον
2921 1457 3118 1530 μέτρον
3140 1457 3424 1526 ἐλήλακεν,
3450 1457 3555 1520 ἓως
3575 1458 3662 1509 ὅτε

2084 1550 2176 1604 τὸν
2221 1550 2424 1621 κόσμον
2469 1551 2570 1621 τῆς
2613 1551 2882 1616 συνέσεως
2908 1551 3220 1604 δικαιότατα
3245 1551 3311 1602 ὲκ
3335 1549 3550 1619 Πατῴς
3573 1550 3666 1604 καὶ

2087 1644 2219 1699 Υἰοῦ
2281 1645 2372 1698 καὶ
2407 1644 2562 1714 ἁγίου
2599 1646 2913 1717 Πνεῦματος
2947 1645 3308 1716 ᾠκονόμηται.
3337 1643 3442 1698 Καὶ
3471 1643 3664 1696 ἔπεσεν

407 1728 618 1799 Spiritu
649 1740 843 1786 sancto
873 1740 1193 1803 temperata.
1241 1733 1318 1788 Ex
1362 1735 1565 1806 quibus
1603 1735 1750 1791 Aerii
1788 1735 1985 1807 dogma

2099 1737 2115 1790 5
2137 1736 2233 1788 τοῦ
2267 1736 2352 1788 Ἀε
2360 1735 2476 1807 ρίου
2506 1735 2682 1805 λόγος.

407 1822 692 1878 refellitur.

478 1915 633 1982 Quod
657 1923 838 1970 autem
872 1931 982 1970 non
1015 1915 1157 1970 idem
1191 1933 1312 1974 esse
1348 1920 1520 1989 possit
1558 1930 1682 1976 cum
1727 1921 1990 1993 episcopo

409 2010 726 2080 presbyter,
780 2008 1003 2063 divinus
1056 2008 1303 2080 Apostoli
1337 2027 1519 2068 sermo
1557 2014 1838 2080 declarat,
1881 2031 1991 2086 quo

408 2102 663 2168 quisnam
698 2100 1017 2171 episcOpus,
1062 2103 1258 2172 quisve
1303 2105 1586 2177 presbyter
1618 2106 1690 2160 sit
1732 2106 1994 2178 intelligi-

409 2200 505 2245 tur
545 2207 716 2246 :—~nam
762 2192 829 2247 ad
871 2191 1219 2249 Timotheum
1259 2197 1574 2267 episcOpum
1615 2197 1864 2254 scribens
1915 2203 1991 2254 ita

411 2282 652 2350 loquitur
677 2301 689 2336 :
715 2282 1093 2354 Presbyterum
1125 2302 1188 2339 ne
1218 2285 1485 2357 objurges,
1508 2287 1599 2342 sed
1622 2287 1834 2343 hortare
1855 2289 1992 2344 velut

405 2377 686 2443 patrem'.
721 2375 888 2447 910
913 2376 1052 2444 Quid
1086 2385 1267 2434 autem
1307 2380 1573 2435 attinebat
1614 2382 1874 2453 episcopo
1901 2399 1994 2438 ve-

411 2477 549 2532 tare,
583 2474 644 2521 ut
676 2484 744 2522 ne
784 2471 1166 2542 presbyterum
1204 2470 1543 2542 objurgaret,
1577 2473 1684 2529 nisi
1724 2475 1990 2544 majorem

412 2558 533 2629 ipso
567 2568 890 2629 potestatem
933 2562 1243 2616 obtineret?
1272 2561 1454 2628 Quare
1493 2563 1756 2635 deinceps
1802 2566 1995 2620 admo-

413 2656 506 2702 net
541 2666 555 2702 :
581 2648 842 2703 Adversus
859 2652 1218 2720 presbyterum
1241 2652 1344 2704 cito
1386 2654 1776 2708 accusatione»:
1807 2671 1869 2708 ne
1899 2657 1996 2708 ad-

412 2740 641 2806 miseris,
676 2742 777 2796 m'si
801 2742 1003 2797 duobus
1027 2742 1254 2798 tribusve
1284 2743 1499 2798 testibus
1517 2745 1560 2802 ¹.
1587 2744 1705 2799 Non
1717 2745 1898 2809 ,διὶουὶ
1928 2763 1994 2802 ex

417 2832 749 2903 presbyteris
801 2835 1078 2904 praecepit,
1124 2845 1182 2888 ut
1214 2836 1618 2891 accusationem
1653 2849 1846 2891 contra
1875 2837 1995 2908 epi-

362 2982 369 2987 ,
414 2940 648 2996 scopum
683 2941 792 2980 non
828 2927 1169 2994 admitteret;
1196 2937 1292 2982 aut
1331 2936 1390 2983 ut
1419 2929 1736 3000 episcopum
1767 2945 1877 2986 non
1895 2931 1996 2985 ob-

411 3017 683 3088 jurgaret.
721 3017 956 3074 Videsne
993 3035 1157 3090 quam
1191 3035 1298 3076 non
1331 3020 1625 3078 mediocris
1655 3022 1804 3079 illius
1836 3023 1996 3078 ruina

417 3109 512 3172 sit,
541 3123 700 3178 quem
733 3107 986 3164 diabolus
1010 3109 1383 3164 labefactarit?

489 3198 601 3254 Vll.
633 3199 739 3255 Sed
762 3200 996 3258 hominis
1018 3203 1225 3272 reliqua
1242 3201 1537 3258 videamus.
1558 3201 1616 3257 In
1641 3202 1832 3273 primis
1846 3202 1994 3274 quod

417 3290 486 3344 ad
514 3289 722 3344 Pascha
754 3292 1012 3360 pertinet,
1050 3294 1118 3347 de
1155 3306 1265 3363 quo
1300 3292 1678 3348 testimonium
1709 3291 1844 3346 illud
1877 3306 1998 3363 pro-

420 3381 544 3436 tulit
573 3380 819 3436 :Pascha
850 3392 1087 3437 nostrum
1117 3383 1421 3438 immolatus
1451 3392 1530 3438 est
1573 3382 1816 3440 Christus
1833 3385 1878 3448 ',
1923 3384 1993 3440 il-

419 3473 531 3526 lum
559 3471 738 3541 ipsum
759 3472 1092 3538 intueamur,
1120 3473 1280 3544 cujus
1303 3473 1406 3528 ista
1421 3490 1523 3529 vox
1552 3485 1655 3540 est,
1683 3485 1996 3532 utrumnam

421 3563 713 3618 celebrarit
748 3564 885 3633 ipse.
927 3563 999 3619 De
1024 3581 1089 3619 eo
1139 3581 1268 3621 vero
1298 3569 1378 3621 sic
1422 3569 1684 3639 scriptum
1726 3577 1854 3626 est:
1897 3569 2001 3626 Fe-

421 3655 679 3722 stiuabat,
700 3664 758 3708 ut
780 3656 1064 3711 celebraret
1084 3657 1418 3714 Pentecosten
1451 3659 1797 3732 Jerosolymis
1834 3663 1876 3718 ‘.
1899 3662 2000 3718 Ec-

423 3763 586 3816 quam
619 3763 749 3803 vero
783 3747 1148 3804 Pentecosten
1177 3749 1380 3807 Paulus
1416 3763 1625 3823 ageret;
1657 3755 1762 3811 uisi
1789 3755 1998 3810 Pascha

422 3837 576 3908 prius
591 3838 818 3894 obiisset
835 3837 970 3910 ?(8l)
992 3838 1125 3905 Quis
1141 3849 1227 3921 est
1241 3843 1447 3910 uspiam
1469 3852 1757 3908 terrarum,
1783 3847 1874 3915 qui
1890 3863 1998 3901 uon

424 3927 476 3975 in
499 3938 564 3977 eo
591 3927 922 3991 consentiat,
948 3937 1196 3997 quartam
1246 3936 1525 3985 sextamve
1554 3931 1744 3987 feriam
1767 3935 1999 3991 solemni

421 4014 476 4069 in
513 4013 755 4071 Ecclesia
793 4018 1007 4088 jejunio
1043 4020 1459 4077 consecratam?
1496 4022 1653 4090 Quod
1688 4026 1734 4080 si
1766 4043 1831 4082 ex
1869 4043 2001 4098 apo-

421 4108 689 4163 stolorum
718 4109 1130 4168 Constitutione
1163 4116 1458 4185 repetenda
1494 4117 1653 4173 nobis
1700 4121 2001 4178 auctoritas

419 4205 526 4262 est,
557 4213 656 4253 cur
704 4199 812 4256 illis
843 4209 1051 4272 quartae
1089 4213 1363 4274 sextaeque
1394 4203 1543 4261 feriae
1570 4207 1838 4276 jejunium
1871 4225 1997 4280 per-

423 4299 582 4356 petua
630 4291 744 4360 lege
779 4293 1049 4356 sancitur,
1091 4303 1316 4364 excepta
1358 4294 1720 4353 Pentecoste?
1756 4298 1866 4353 Cur
1900 4315 1996 4354 sex

424 4377 709 4436 l’aschatis
762 4382 958 4440 diebus
1004 4384 1142 4438 nihil
1182 4387 1409 4440 omnino
1454 4387 1522 4442 ad
1571 4389 1755 4444 cibum
1804 4400 1999 4460 praeter

2164 1913 2273 1966 Καὶ
2312 1913 2394 1966 ὅτι
2438 1912 2535 1984 μὲν
2576 1913 2637 1966 οὐ
2683 1913 2902 1968 δύναται
2938 1915 3135 1968 ταυτὸν
3169 1909 3329 1980 εἶναι,
3359 1915 3601 1968 διδάσκει
3640 1917 3670 1968 ό

2093 2004 2234 2069 Θεῖος
2269 2003 2426 2074 λόγος
2453 2005 2544 2059 τοῦ
2579 2005 2734 2076 ἁγίου
2771 2008 3093 2061 Ἀποστόλου
3137 2007 3221 2071 τίς
3245 2007 3347 2078 μὲν
3383 2006 3532 2061 ἐστιν
3555 2007 3670 2059 επί-

2094 2115 2314 2162 σκοπος,
2342 2097 2428 2161 τίς
2477 2097 2534 2151 δέ
2579 2100 2695 2152 ἐστι
2727 2099 3118 2172 πρεσϐύτερος,
3143 2099 3218 2162 ὡς
3244 2099 3394 2167 λέγει
3422 2099 3672 2169 Τιμοθέῳ

2092 2189 2378 2259 ὲπισκόπῳ
2409 2189 2551 2243 δντι’
2583 2192 2995 2263 Πρεσϐύτερον
3019 2190 3105 2261 μὴ
3131 2190 3674 2258 ἐπιπλήξῃς-,ἁλλὰ

2093 2277 2425 2348 παρακάλει
2456 2279 2536 2345 ὡς
2563 2280 2809 2351 πατέρα.
2843 2281 2909 2335 Τί
2935 2277 3049 2353 εἶχε
3096 2283 3331 2355 πρᾶγμα
3372 2281 3673 2334 ἐπίσκοπον

2094 2376 2448 2449 πρεσϐυτέρῳ
2499 2375 2574 2446 μὴ
2636 2373 3005 2444 ἐπιπλήττειν,
3048 2375 3096 2426 εί
3147 2373 3221 2444 μὴ
3267 2368 3336 2443 ἧν
3390 2371 3535 2442 ὑπὲρ
3583 2370 3676 2424 τὸν

2095 2467 2464 2540 πρεσϐύτερον
2496 2465 2634 2537 ἔχων
2659 2464 2757 2538 τὴν
2787 2464 3033 2531 ἐξουσίαν
3054 2463 3172 2529 ;Ὧς
3194 2464 3286 2518 καὶ
3311 2463 3475 2517 πάλιν
3495 2463 3670 2531 λέγει’

2094 2560 2256 2614 Κατὰ
2283 2557 2687 2628 πρεσϐυτέρου
2708 2555 2794 2626 μὴ
2825 2554 3050 2624 ταχέως
3080 2555 3443 2624 κατηγορίαν
3469 2552 3672 2622 δέχου,

2094 2655 2147 2706 εἱ
2163 2651 2246 2721 μή
2278 2670 2331 2705 τι
2357 2651 2454 2705 ἐπὶ
2479 2649 2588 2703 δύο
2614 2649 2710 2703 καὶ
2742 2646 2918 2717 τριῶν
2935 2647 3267 2717 μαρτύρων.
3294 2646 3404 2698 Καὶ
3434 2645 3536 2698 οὒκ
3556 2642 3674 2698 εἶπέ

2095 2759 2200 2797 τινι
2246 2741 2356 2795 τῶν
2397 2738 2817 2811 πρεσϐυτέρων
2861 2735 2952 2807 Μὴ
2996 2733 3122 2807 δέξῃ
3167 2735 3505 2806 κατηγορίαν
3536 2733 3673 2787 κατὰ

2096 2834 2395 2889 ἐπισκόπου
2416 2849 2430 2862 ο
2454 2831 2576 2884 οὐδὲ
2599 2830 2804 2901 ἔγραψε
2831 2826 3004 2901 [περὶ]
3029 2827 3136 2880 τῶν
3156 2827 3549 2899 πρεσϐυτέρων
3571 2826 3674 2879 τινὶ

2100 2929 2176 3000 μὴ
2202 2927 2552 2996 ἐπιπλήττειν
2583 2924 2890 2994 έπισκόπῳ.
2918 2922 3026 2976 Καὶ
3059 2922 3214 2993 ὁρᾷς,
3242 2921 3324 2975 ὅτι
3351 2919 3552 2984 παντὸς
3581 2917 3672 2974 τοῦ

2098 3021 2162 3073 ὲκ
2187 3019 2279 3072 τοῦ
2311 3017 2557 3072 διαϐόλου
2588 3013 3104 3087 παρασαλευομένου
3131 3015 3166 3086 ἡ
3190 3014 3400 3078 πτῶσις
3421 3015 3482 3066 οὐ
3508 3015 3674 3085 μικρά

2021 3114 2066 3176 C
2096 3109 2180 3173 τίς
2213 3112 2360 3162 ἐστιν
2382 3124 2397 3174 ;

2165 3204 2238 3257 Ζ.
2283 3201 2404 3254 ’Ίδω
2418 3216 2514 3274 μεν
2546 3200 2602 3254 δὲ
2632 3199 2727 3253 καὶ
2759 3199 2825 3253 τὰ
2867 3197 3002 3254 ἄλλα
3047 3195 3234 3261 αὑτοῦ,
3266 3197 3361 3250 καὶ
3383 3195 3675 3264 διασκοπή-

2099 3311 2302 3364 σωμεν.
2347 3294 2456 3347 Καὶ
2494 3291 2623 3364 περὶ
2663 3290 2759 3344 τοῦ
2795 3291 2987 3360 Πάσχα
3033 3289 3250 3361 πρῶτον
3291 3287 3559 3358 εἴπωμεν,
3603 3287 3675 3347 ὥς

2099 3402 2262 3457 φησι*
2302 3385 2373 3439 Τό
2407 3383 2621 3453 Πάσχα
2645 3381 2816 3452 ἡμῶν
2835 3382 3014 3450 ἐτύθη
3043 3381 3300 3450 Χριστός
3318 3397 3332 3411 ⁸
3361 3380 3560 3450 ἴδωμεν
3581 3379 3674 3430 αὐ-

2098 3480 2186 3533 τὸν
2209 3479 2298 3532 τὸν
2324 3477 2566 3544 εἰπόντα,
2587 3477 2636 3529 εἰ
2663 3476 2765 3529 οὐκ
2785 3473 3047 3529 ἐπετέλει.
3084 3473 3192 3527 Καί
3214 3488 3379 3543 φησι·
3417 3474 3674 3526 Ἐσπευ-

2098 3569 2227 3635 dar,
2242 3568 2400 3635 ὅπως
2424 3567 2651 3636 ποιήσῃ
2683 3564 2799 3634 τὴν
2825 3563 3253 3633 Πεντηκοστὴν
3279 3565 3367 3628 εἰς
3394 3563 3675 3630 Ἰερουσα-

2097 3661 2241 3730 λήμ.
2281 3660 2441 3714 Ποίαν
2467 3659 2523 3712 δὲ
2550 3660 2647 3731 τὴν
2681 3658 3060 3728 Πεντηκοστὴν
3091 3654 3336 3710 ἐπετέλει
3363 3653 3595 3717 Παῦλος,
3630 3644 3674 3705 εί

2102 3754 2178 3824 μὴ
2221 3754 2412 3824 Πάσχα
2453 3751 2768 3816 ὲπετέλεσε;
2810 3750 2928 3804 Τίνι
2954 3749 3011 3803 δὲ
3044 3749 3105 3802 οὐ
3146 3745 3577 3819 συμπεφώνηται
3621 3745 3673 3797 έν

2099 3846 2234 3898 πᾶσι
2261 3844 2488 3915 κλίμασι
2510 3843 2608 3915 τῆς
2629 3844 2776 3896 οἱκου
2785 3841 2974 3913 μένης,
2991 3841 3072 3895 ὅτι
3095 3839 3292 3911 τετρὰς
3313 3839 3407 3894 καὶ
3431 3838 3674 3910 Προσάϐ-

2099 3934 2261 3987 ϐατον
2281 3933 2502 4005 νηστεία
2528 3933 2672 3986 ἐστὶν
2701 3933 2758 3985 ἐν
2781 3934 2848 4003 τῇ
2876 3929 3170 4002 Ἐκκλησία
3197 3929 3480 4000 ὡρισμένη
3503 3945 3518 3994 ;
3545 3928 3604 3980 Et
3623 3927 3675 3979 δὲ

2100 4025 2195 4078 καὶ
2215 4025 2319 4095 χρὴ
2353 4024 2413 4077 τὸ
2438 4023 2537 4094 τῆς
2547 4019 2853 4088 Διατάξεως
2875 4020 2982 4074 τῶν
3003 4019 3317 4074 ἀποστόλων
3336 4018 3539 4087 λέγειν,
3564 4017 3675 4080 πῶς

2099 4117 2217 4168 ἐκεῖ
2245 4113 2502 4186 ὡρίζοντο
2530 4113 2760 4184 τετράδα
2790 4113 2883 4166 καὶ
2913 4110 3297 4182 Προσάϐϐατον
3319 4108 3575 4180 νηστείαν
3596 4105 3676 4161 διὰ

2101 4205 2298 4269 παντὸς
2318 4205 2486 4277 χωρὶς
2509 4205 2919 4275 Πεντηκοστῆς;
2949 4203 3058 4256 Καὶ
3086 4203 3213 4273 περὶ
3238 4201 3346 4255 τῶν
3373 4201 3434 4268 ἓξ
3460 4199 3677 4271 ἡμερῶν

2097 4297 2192 4351 τοῦ
2226 4297 2417 4367 Πάσχα
2448 4297 2564 4359 πῶς
2601 4295 3039 4368 παραγγέλλουσι
3075 4295 3242 4365 μηδὲν
3288 4294 3427 4356 ὅλως
3471 4292 3679 4363 λαμϐά-

2101 4409 2212 4445 νειν
2244 4391 2278 4461 ἢ
2319 4390 2484 4460 ἄρτου
2519 4388 2612 4443 καὶ
2641 4388 2767 4450 ἁλὸς
2798 4387 2890 4440 καὶ
2922 4386 3147 4453 ὓδατος;
3181 4386 3346 4439 Ποίαν
3380 4403 3441 4437 τε
3471 4385 3678 4456 ἡμέραν

424 4487 645 4541 panem,
691 4474 859 4528 salem
919 4483 972 4530 et
1039 4490 1234 4545 aquam
1281 4476 1648 4534 adhibendum
1698 4481 1994 4537 deﬁniunt!

2102 4483 2274 4551 ἄγειν,
2302 4479 2416 4545 πῶς
2445 4497 2505 4532 τε
2534 4478 2788 4533 ἀπολύειν
2817 4479 2895 4543 εἰς
2927 4477 3346 4548 ὲπιφώσκουσαν
3372 4476 3677 4546 Κυριακὴν.

423 4563 729 4627 Quamnam
758 4580 888 4620 vero
913 4567 1176 4623 celebrari
1205 4569 1349 4625 diem
1395 4579 1449 4627 et
1477 4571 1532 4626 in
1576 4572 1981 4630 illucescentem

427 4654 768 4709 Dominicam
794 4657 1069 4716 dimittere
1085 4663 1425 4731 praecipiant,
1443 4664 1646 4719 nemini
1670 4681 1792 4722 esse
1821 4675 2003 4736 potest

426 4746 744 4802 obscurum.
773 4745 891 4802 1am
931 4767 1059 4806 vero
1081 4755 1186 4807 utri
1225 4752 1444 4808 tandem
1473 4755 1685 4809 illorum
1716 4759 2002 4826 peritiores

425 4837 596 4894 sunt?
630 4841 711 4893 An
742 4855 928 4898 errore
958 4843 1220 4914 deceptus
1241 4845 1557 4908 homuncio,
1595 4848 1687 4917 qui
1718 4864 1862 4903 nunc
1888 4856 2005 4904 tan-

425 4933 550 4987 dem
583 4933 827 4998 emersit,
850 4943 902 4989 et
935 4934 1113 4990 adhuc
1135 4935 1296 4991 hodie
1323 4947 1606 5007 superstes
1632 4941 1755 4996 est?
1793 4942 1874 4995 An
1904 4944 1999 5013 qui

425 5032 555 5080 autc
601 5041 700 5081 nos
731 5032 900 5082 testes
934 5028 1284 5094 exstiterunt,
1314 5031 1518 5100 quique
1547 5039 1673 5088 ante
1717 5048 1819 5089 nos
1843 5049 1998 5090 eam-

501 5184 518 5215 ⁸
554 5179 575 5236 1
605 5180 749 5236 Tim.
780 5200 834 5247 γ,
872 5184 956 5245 1.,
1000 5185 1021 5215 ⁸
1056 5183 1187 5238 ibid.
1222 5183 1308 5239 19.
1385 5185 1407 5216 ³
1437 5184 1454 5238 Ι
1481 5183 1610 5240 Cor.
1647 5203 1699 5252 v,
1727 5187 1778 5240 7.
1853 5187 1876 5219 ⁸
1903 5187 2003 5242 Act

429 5353 594 5391 mens.
619 5346 667 5409 et
701 5337 861 5409 pomi.
883 5337 1086 5409 repetit
1105 5377 1120 5402 ,
1148 5354 1270 5409 pag.
1308 5337 1412 5392 182
1438 5378 1452 5392 .
1484 5349 1544 5394 ut
1574 5348 1628 5394 et
1674 5341 2001 5396 anteceden-

429 5407 734 5499 tem;
767 5407 1194 5499 Eudboufjvocat
1225 5407 1509 5480 μεδεκώθ.
1553 5409 1750 5466 Verum
1799 5420 2006 5499 mpm

431 5492 461 5529 a
503 5475 644 5529 LXI
673 5475 862 5531 κύαθοι
900 5479 1222 5533 redduntur.

504 5546 616 5625 (st)
651 5545 982 5625 Luculentus
1015 5557 1101 5604 est
1139 5550 1229 5625 h_ic
1259 5548 1763 5625 _Epiphanii_locus,
1794 5567 1858 5625 εξ
1895 5565 2004 5625 quo

433 5617 710 5688 variorum
743 5617 971 5683 rituum,
1005 5635 1144 5688 quos
1157 5617 1437 5676 Catholica
1461 5636 1523 5676 ac
1551 5618 1793 5675 Romana
1821 5617 2006 5676 Eccle-

433 5685 516 5740 sia
548 5683 819 5752 hodieque
849 5683 1066 5762 retinet,
1089 5697 1335 5762 vetustas
1366 5692 1651 5747 asseritur.
1680 5691 2002 5762 Cujusmodi

435 5763 564 5812 sum
595 5761 869 5810 certorqu
893 5755 1102 5814 dictum
1130 5759 1355 5831 jcjunia,
1392 5778 1578 5833 prcccs
1620 5777 1717 5833 pro
1760 5755 2003 5817 'mortuis

2104 4574 2337 4646 φανερόν
2381 4573 2517 4626 ἐστι.
2547 4571 2644 4634 Τίς
2686 4570 2741 4624 δὲ
2777 4570 2978 4640 μᾶλλον
3017 4569 3306 4622 ἐπίσταται
3337 4567 3576 4632 τούτων;
3625 4568 3680 4619 '0

2103 4669 2288 4736 ἡπατη
2296 4665 2454 4736 μένος
2474 4662 2570 4720 ἄνθ
2581 4681 2779 4734 ρωπος,
2807 4665 2835 4717 ό
2858 4663 2951 4716 νῦν
2978 4661 3099 4734 ὲνδη
3110 4663 3310 4733 μήσας,
3344 4661 3440 4714 καὶ
3464 4660 3571 4725 ἕως
3589 4660 3681 4712 νῦν

2105 4762 2162 4813 ὲν
2192 4759 2268 4831 τῷ
2295 4759 2395 4830 βίῳ
2421 4756 2646 4829 περιὼν,
2673 4755 2705 4830 ἦ
2731 4758 2779 4810 οἱ
2820 4756 2927 4828 πρὸ
2969 4754 3127 4826 ἡμῶν
3160 4755 3438 4826 μάρτυρες
3470 4752 3683 4822 γεγονό-

2104 4869 2215 4917 τες,
2245 4853 2460 4922 έχοντες
2488 4851 2594 4922 πρὸ
2627 4849 2784 4921 ἡμῶν
2814 4850 2914 4919 τὴν
2961 4849 3259 4918 παράδοσιν
3300 4847 3395 4899 ἐπὶ
3431 4847 3531 4915 τῆς
3567 4847 3684 4898 Ἐκ-

2106 4943 2352 5014 κλησίας,
2394 4943 2487 4996 καὶ
2523 4933 2668 4996 οὗτοι
2719 4939 3120 5016 παρειληφότες
3160 4937 3311 5009 παρὰ
3353 4936 3462 4989 τῶν
3508 4935 3684 4989 αὐτῶν

2106 5035 2377 5106 πατέρων,
2402 5033 2510 5088 τῶν
2539 5051 2596 5087 τε
2626 5031 2804 5086 αὐτῶν
2827 5031 3081 5103 πατέρων
3107 5029 3267 5083 πάλιν
3293 5028 3683 5100 μεμαθηκότων

2012 5231 2022 5241 .
2059 5204 2151 5253 xx,
2199 5187 2284 5242 16.

2110 5349 2165 5396 et
2189 5349 2506 5397 sanctorum
2537 5341 2764 5412 perinde
2797 5356 2860 5396 ac
2895 5349 3218 5396 ceterorum
3260 5338 3500 5412 ﬁdelium
3533 5353 3682 5412 com-

2114 5410 2558 5482 memorationes.
2598 5410 2696 5482 ,De
2757 5412 2957 5482 quibus
3020 5410 3682 5482 aliisquecompluribns

2112 5481 2306 5552 agitin
2337 5483 2486 5536 calce
2515 5481 2681 5548 hujus
2712 5479 2917 5552 operis,
2961 5481 3013 5536 in
3047 5479 3400 5552 Expositione
3435 5481 3558 5536 lidei
3588 5494 3680 5532 ca-

2113 5551 2347 5606 tholicae.
2377 5552 2744 5618 Quamobrem
2783 5552 2838 5608 in
2883 5553 3035 5608 illum
3065 5551 3244 5621 ipSum
3275 5551 3457 5621 locum
3491 5566 3682 5619 oppor-

2112 5621 2298 5693 tunius
2345 5621 2690 5693 conferetur,
2761 5622 2810 5677 si
2866 5621 2996 5693 quid
3048 5619 3115 5676 ad
3165 5619 3542 5693 illustrandam
3575 5634 3676 5693 _ca-

2113 5692 2439 5816 thqlilctzrum
2503 5691 2817 5764 dogmatum
2881 5689 3254 5766 antiquitatem
3315 5689 3678 5747 adnotandum

2115 5778 2232 5816 vuc
2275 5779 2287 5815 ι
2321 5778 2402 5815 ur.

2115 5778 2402 5816 VltICDIHII‘.
