3990 6228
208 344 318 401 513

987 338 1355 396 ADVERSUS
1404 339 1744 396 HA‘IRESES
1782 339 1908 397 LIB.
1950 338 2039 396 Ill.
2080 338 2242 397 ΤΟΜ.
2290 341 2330 397 l.
2371 373 2438 381 -—
2464 340 2732 400 ll/ERES.
2773 342 2990 401 LXXV.

3372 346 3478 405 516

202 458 358 529 παρά
385 454 488 509 τῶν
520 452 626 525 πρὸ
666 453 847 507 αὐτῶν
885 455 1206 523 γεγονότων,
1234 455 1352 518 πῶς
1401 456 1434 526 ἡ
1474 456 1790 527 Ἐκκλησία,

1902 455 2019 510 dem
2062 457 2417 510 traditionem
2466 457 2519 511 in
2572 459 2814 515 Ecclesia
2868 466 3186 527 tenuerunt,
3220 476 3383 533 quam
3424 467 3480 517 et

201 544 602 619 παραλαϐοῦσα
624 545 778 616 παρὰ
807 545 914 599 τῶν
937 546 1105 615 αὐτῆς
1128 546 1398 616 πατέρων,
1428 546 1557 617 ἄχρι
1583 547 1675 600 καὶ
1698 547 1797 617 τῆς

200 636 366 705 δεῦρο
393 634 613 704 κατέχει
646 635 747 706 τὴν
774 635 1035 707 ἀληθινὴν
1064 636 1269 699 πίστιν,
1299 638 1391 689 καὶ
1433 637 1531 701 τὰς
1557 638 1793 707 παραδό-

202 744 356 789 σεις;
400 728 507 779 Καὶ
531 726 869 780 διαπιπτέτω
900 728 1060 781 πάλιν
1088 729 1119 797 ἡ
1152 727 1340 781 τούτου
1382 728 1558 782 ἔννοια
1590 734 1623 799 ὴ
1662 730 1792 798 περὶ

202 819 302 871 τοῦ
328 820 543 889 Πάσχα.
572 812 707 871 Εἶτα
733 818 790 870 δὲ
820 820 869 870 εί
900 819 975 889 μὴ
1008 818 1135 890 περὶ
1164 819 1265 889 τῆς
1289 820 1459 890 αὐτῆς
1486 820 1795 884 ὑποθέσεως

198 912 491 982 Τετράδων
517 912 609 964 καὶ
641 912 1043 983 Προσαϐϐἀτων
1064 914 1113 965 οἱ
1144 913 1299 966 αὐτοὶ
1328 914 1613 967 ἀπόστολοι
1640 916 1696 967 ὲν
1726 917 1792 986 τῇ

188 999 444 1067 Δια-τάξει
486 1001 691 1071 ἔλεγον,
729 1002 822 1056 καὶ
868 1002 1043 1064 ἄλλως
1086 1004 1151 1054 ὲκ
1192 1002 1527 1073 πανταχόθεν
1575 1003 1795 1073 εἴχομεν

195 1093 503 1158 ἀποδεῖξαι,
521 1094 671 1163 ὅμως
697 1093 825 1164 περὶ
850 1093 1039 1147 τούτου
1066 1094 1309 1165 ἀκριϐῶς
1331 1095 1620 1167 γράφουσι.
1646 1097 1798 1166 Hap-

196 1182 393 1252 εἱληφε
424 1183 481 1235 δὲ
507 1185 539 1253 ἡ
588 1182 902 1252 Ἐκκλησία,
936 1184 1029 1238 καὶ
1056 1186 1111 1237 ὲν
1133 1184 1239 1254 ὅλῳ
1269 1184 1345 1255 τῷ
1370 1185 1561 1255 κόσμῳ
1587 1203 1794 1257 συμπεο

196 1274 450 1345 φῶνηται
470 1293 483 1304 '
510 1276 639 1348 πρὶν
678 1276 831 1349 [γὰρ]
878 1277 970 1329 τοῦ
999 1274 1136 1330 εἶναι
1176 1278 1384 1344 Ἀέριον
1417 1280 1511 1333 καὶ
1544 1282 1669 1344 τοὺς
1699 1277 1793 1335 ἀπ’

196 1364 368 1432 αὑτοῦ
416 1366 747 1436 Ἀεριανοῦς.
788 1368 941 1435 Τάχα
962 1366 1072 1437 γὰρ
1105 1367 1198 1419 καὶ
1225 1368 1367 1421 κατὰ
1407 1368 1567 1423 τοῦτο
1590 1370 1794 1423 δικαιό-

195 1471 361 1506 τατον
406 1455 577 1525 ὄνομα
620 1455 1086 1526 εἶληφεν.Ἀέριον
1126 1456 1234 1527 γὰρ
1280 1457 1496 1529 πνεῦμα
1538 1456 1694 1529 ἔσχεν
1734 1458 1792 1526 ἐξ

194 1546 571 1616 ἀκαθαρσίας,
598 1547 706 1599 ἀπὸ
747 1548 856 1602 τῶν
889 1549 1087 1620 ἀερίων
1125 1552 1451 1620 πνευμάτων
1490 1550 1589 1620 τῆς
1625 1568 1790 1624 πονη-

196 1638 347 1706 ρίας,
374 1638 436 1690 τὸ
467 1641 525 1691 ὲν
550 1638 698 1710 αὐτῷ
729 1641 955 1711 οἱκῆσαν
983 1641 1125 1694 κατὰ
1151 1641 1248 1713 τῆς
1295 1640 1642 1711 Ἐκκλησίας.

1903 546 2009 617 ipsi
2041 562 2071 600 a
2106 549 2428 618 parentibus
2469 550 2584 604 suis
2620 561 2969 619 acceperant,
3000 562 3055 608 et
3103 553 3347 623 ipsorum
3384 570 3480 624 pa.

1899 645 2084 693 rentes
2110 654 2141 691 a
2164 640 2465 709 majoribus
2493 641 2609 695 suis
2641 640 2949 697 didicerant
2977 662 2989 697 :
3017 645 3479 713 quemadmodum

1897 726 2166 794 Ecclesia,
2201 746 2363 800 quam
2395 746 2425 784 a
2470 732 2721 801 patribus
2767 734 2882 787 suis
2921 735 3132 803 accepit
3173 745 3378 789 rectam
3417 751 3481 787 ac.

1903 820 2174 875 sinceram
2217 822 2407 887 ﬁdem,
2456 838 2580 877 cum
2616 823 3004 879 traditionibus
3036 825 3103 879 ad
3148 825 3291 878 hunc
3335 826 3479 879 diem

1901 909 2189 965 observat?
2218 909 2481 967 Facessat
2514 911 2682 983 igitur
2726 911 2864 967 falsa
2912 913 3062 969 illius
3102 913 3168 968 de
3216 914 3481 969 Paschate

1900 1004 2192 1069 sententia.
2225 1003 2428 1068 Quodsi
2481 1005 2547 1060 de
2594 1014 2789 1076 quarta
2853 1014 3072 1061 scxtave
3100 1005 3234 1059 feria
3276 1008 3478 1060 nullam

1900 1093 2124 1149 omnino
2156 1093 2630 1151 inConstitutione
2646 1112 2751 1165 sua
2777 1099 3113 1151 mentionem
3141 1097 3370 1165 apostoli
3410 1098 3482 1151 I'e-

1900 1187 2126 1251 cissent,
2157 1186 2280 1242 aliis
2324 1195 2509 1243 tamen
2541 1188 2883 1258 argumentis
2928 1188 3125 1241 licebat
3158 1188 3254 1239 uti.
3295 1186 3476 1252 Quan-

1899 1294 2063 1349 quam
2095 1294 2159 1334 ea
2191 1279 2259 1335 de
2295 1296 2352 1335 re
2382 1289 2466 1335 est
2498 1281 2566 1335 ab
2598 1281 2705 1336 illis
2742 1280 3161 1335 accuratissime
3191 1279 3478 1348 scriptum,

1900 1369 2063 1439 idque
2080 1370 2253 1440 ipsum
2284 1372 2352 1426 ab
2369 1371 2611 1429 Ecclesia
2634 1380 2946 1442 susceptum
2965 1372 3241 1425 communi
3254 1378 3337 1426 est
3350 1386 3481 1424 con-

1900 1463 2154 1517 sensione
2202 1461 2514 1526 ﬁrmatum,
2562 1470 2853 1533 antequam
2913 1462 3106 1518 Acrius
3156 1462 3301 1516 ullus
3352 1476 3477 1514 cum

1898 1553 2153 1607 Aerianis
2193 1553 2506 1608 exsisteret.
2547 1552 2650 1617 Qui
2680 1552 2810 1605 mihi
2854 1559 3141 1621 propterea
3182 1551 3379 1605 merito
3421 1549 3475 1601 id

1898 1645 2135 1700 nominis
2174 1646 2405 1715 adeptus
2432 1645 2666 1698 videtur.
2709 1645 2937 1698 Aerium
2980 1644 3183 1715 quippe
3223 1642 3479 1712 spiritum

194 1744 259 1782 ex
306 1730 627 1800 impuritate
657 1740 851 1787 nactus
871 1734 1159 1805 est,911
1190 1724 1952 1809 deilloaeriorumnequitire
1970 1740 2263 1809 Spirituum
2291 1754 2473 1811 grege,
2528 1739 2622 1809 qui
2686 1738 2741 1792 in
2803 1738 2924 1807 ipso
2970 1738 3235 1794 adversus
3287 1736 3479 1790 Eccle-

194 1820 345 1873 siam
385 1821 725 1877 domicilium
754 1814 1017 1893 posuerit.

266 1925 327 1979 ll’
342 1967 360 1983 .
385 1929 617 1983 Ἔπειτα
645 1930 701 1984 δὲ
723 1933 850 2003 περὶ
874 1933 967 1987 τοῦ
997 1934 1235 2006 ὀνόματα
1262 1935 1439 2006 λέγειν
1470 1937 1579 1993 τῶν
1606 1939 1787 1993 τελευ-

1960 1936 2096 1991 Vlll.
2122 1936 2276 2003 Quod
2309 1953 2435 1991 vero
2466 1943 2673 2007 spectat
2704 1936 2768 1992 ad
2799 1939 2963 1992 ritum
2992 1937 3165 1999 illum,
3190 1953 3300 2007 quo
3325 1954 3475 1991 mor-

195 2021 510 2091 τησάντων,
528 2022 580 2075 τί
604 2023 670 2077 ἂν
701 2024 786 2095 εἴη
812 2024 1001 2079 τούτου
1024 2027 1504 2099 προὺργιαίτερον;
1530 2031 1577 2083 τί
1606 2030 1793 2084 τούτου

196 2112 566 2187 καιριώτερον
601 2117 696 2169 καὶ
729 2117 1197 2191 θαυμασιώτερον,
1226 2122 1502 2176 πιστεύειν
1536 2123 1634 2194 μὲν
1666 2125 1794 2188 τοὺς

196 2206 507 2276 παρόντας,
539 2208 621 2260 ὅτι
650 2209 699 2261 οἱ
734 2209 1060 2274 ἀπελθόντες
1086 2210 1244 2276 ζῶσι,
1272 2213 1368 2267 καὶ
1399 2216 1458 2267 ὲν
1487 2214 1795 2285 ἀνυπαρξία

194 2300 305 2351 οὐκ
340 2298 512 2351 εἰσιν·
544 2300 678 2353 ἀλλά
715 2301 851 2367 εἰσὶ,
888 2304 982 2355 καὶ
1022 2302 1157 2367 ζῶσι
1195 2304 1344 2376 παρὰ
1393 2305 1471 2376 τῷ
1514 2307 1791 2379 Δεσπότῃο

196 2389 300 2443 καὶ
344 2390 496 2453 ὅπως
543 2390 608 2444 ἂν
648 2391 709 2444 τὸ
759 2382 1086 2463 σεμνότατον
1129 2398 1392 2468 κήρυγμα
1420 2398 1791 2469 διηγήσοιτοί,

195 2480 279 2545 ὡς
310 2480 468 2545 ὲλπίς
498 2483 643 2535 ἐστιν
670 2483 807 2557 ὑπὲρ
837 2485 1081 2555 ἀδελφῶν
1110 2488 1443 2558 εὐχομένοις,
1474 2488 1549 2552 ὡς
1575 2491 1631 2542 ὲν
1656 2491 1795 2543 ἀπο-

196 2570 380 2642 δημίᾳ
409 2572 789 2642 τυγχανόντων
811 2591 823 2603 ο
851 2574 1053 2644 ὠφελεῖ
1078 2575 1135 2628 δὲ
1165 2577 1259 2629 καὶ
1282 2578 1313 2647 ἡ
1345 2577 1483 2649 ὑπὲρ
1513 2578 1690 2631 αὐτῶν
1713 2596 1798 2648 γι-

198 2664 412 2734 νομένη
441 2665 600 2737 εὐχὴ,
628 2668 679 2718 εἰ
706 2666 800 2720 καὶ⁹
825 2667 893 2721 τὰ
917 2668 1014 2721 ὅλα
1044 2668 1150 2723 τῶν
1183 2670 1523 2741 αἱτιαμάτων
1557 2671 1631 2742 μὴ
1659 2673 1797 2725 ἀπο-

198 2755 405 2809 κόπτοι
427 2775 439 2786 ο
474 2757 591 2810 ἀλλ’
616 2753 709 2811 οὖν
757 2776 820 2827 γε
857 2759 945 2814 διὰ
985 2759 1046 2813 τὸ
1070 2760 1330 2824 πολλάκις
1355 2764 1412 2815 ὲν
1436 2762 1625 2834 κόσμῳ
1652 2765 1795 2835 ἡμᾶς

198 2848 371 2913 ὄντας
415 2850 744 2920 σφάλλεσθαι
790 2852 1062 2918 ἀκουσίως
1090 2871 1149 2907 τε
1175 2856 1268 2908 καὶ¹
1306 2855 1589 2917 ἑκουσίως.
1622 2856 1708 2910 ἵνα
1737 2856 1799 2909 τὸ

201 2940 587 3013 έντελέστερον
638 2945 913 3015 σημανθῇ.
960 2945 1070 2999 Καὶ
1101 2945 1209 3016 γὰρ
1239 2946 1463 3000 δικαίων
1496 2947 1800 3018 ποιούμεθα

200 3032 308 3104 τὴν
342 3035 585 3105 μνήμην,
613 3036 709 3088 καὶ
733 3034 873 3107 ὑπὲρ
905 3037 1275 3107 ἁμαρτωλῶνο
1305 3039 1445 3110 ὑπὲρ
1480 3040 1578 3109 μὲν
1619 3040 1800 3109 ἀμαρ-

199 3124 401 3178 τωλῶν
432 3126 573 3198 ὑπὲρ
605 3126 789 3191 ἐλέους
817 3127 953 3181 Θεοῦ
988 3129 1255 3199 δεόμενοι,
1289 3130 1429 3202 ὑπὲρ
1475 3130 1533 3183 δὲ
1576 3130 1799 3184 δικαίων

1896 2038 2115 2083 tuorum
2152 2030 2369 2082 nomina
2392 2030 2840 2098 pronuntiantur,
2874 2028 3005 2099 quid
3038 2032 3103 2084 eo
3131 2044 3255 2083 esse
3290 2038 3472 2098 potest

1896 2121 2125 2175 utilius?
2153 2119 2281 2191 quid
2308 2120 2695 2190 opportunius,
2720 2130 2813 2173 aut
2840 2135 2971 2174 vero
2999 2120 3360 2174 admiratione
3389 2121 3477 2174 di-

1896 2210 2321 2282 gnius?Nempe
2346 2217 2405 2265 ut
2437 2209 2531 2281 qui
2551 2211 2750 2266 adsunt
2778 2210 3089 2266 certissime
3120 2211 3224 2265 sibi
3254 2227 3484 2281 persua-

1896 2304 2322 2358 deantmortuos
2350 2304 2671 2367 vivere,nec
2705 2302 2760 2356 in
2792 2302 3024 2357 nihilum
3052 2302 3308 2357 redactos
3334 2319 3484 2367 esse,

1897 2395 1991 2450 sed
2023 2396 2287 2451 exsistere
2317 2395 2497 2449 adhuc
2532 2403 2697 2464 atque
2733 2394 2875 2462 apud
2935 2394 3224 2448 Dominum
3261 2396 3480 2460 vivere;

1896 2495 2013 2541 tum
2060 2496 2118 2541 ut
2167 2487 2643 2557 religiosissimum
2690 2486 2821 2539 illud
2874 2484 3071 2555 dogma
3130 2487 3483 2555 praedicetur,

1897 2594 2007 2650 quo
2036 2580 2129 2649 qui
2161 2594 2261 2649 pro
2294 2578 2557 2633 fratribus
2589 2562 2905 2649 precantur.
2944 2577 3081 2633 bene
3115 2578 3182 2633 de
3214 2579 3322 2634 illis
3359 2594 3484 2649 spis-

1898 2687 2021 2726 rare
2036 2678 2273 2733 constat,
2300 2672 2456 2741 quasi
2489 2685 2715 2740 peregre
2745 2668 3025 2740 profectis.
3051 2671 3320 2726 Caeterum
3353 2687 3477 2742 quae

1901 2778 1998 2831 pro
2034 2762 2270 2818 mortuis
2316 2761 2707 2832 concipiuntur
2744 2777 2958 2833 preces,
3002 2764 3069 2818 iis
3123 2763 3287 2818 utiles
3330 2772 3483 2827 sunt,

1898 2859 2116 2912 tametsi
2146 2874 2255 2911 non
2280 2872 2471 2911 omnes
2490 2857 2680 2926 culpas
2703 2858 3081 2927 exstinguant.
3108 2855 3309 2911 Verum
3328 2871 3394 2912 ex
3418 2873 3488 2911 co
3514 2912 3519 2917 ,

1898 2958 2151 3021 prosunt,
2186 2950 2331 3021 quod
2364 2951 2705 3021 plerumque,
2746 2948 2877 3003 dum
2910 2946 3091 3002 adhuc
3116 2948 3169 3001 in
3205 2957 3350 3013 terra
3381 2950 3481 3002 de—

1899 3043 2101 3112 gimus,
2123 3050 2318 3111 sponte
2344 3049 2439 3093 aut
2464 3040 2619 3094 inviti
2652 3039 2975 3103 titubemus,
3007 3046 3064 3092 ut
3094 3038 3173 3104 id,
3204 3037 3348 3108 quod
3370 3054 3487 3108 per-

1902 3132 2096 3189 l‘ectius
2119 3140 2227 3195 est,
2259 3128 2769 3202 signiticeturﬂam
2800 3136 2854 3185 et
2876 3130 3150 3199 iustorum
3200 3128 3405 3199 pariter
3432 3135 3487 3182 et

201 3216 307 3270 καὶ
341 3216 603 3287 Πατέρων
648 3218 744 3271 καὶ
788 3220 1161 3291 πατριαρχῶν,
1192 3223 1483 3293 προφητῶν
1528 3222 1620 3275 καὶ
1666 3221 1798 3275 ἀπο-

1903 3233 2255 3295 peccatorum
2287 3222 2624 3277 mentionem
2652 3222 2889 3277 iacimus
2917 3240 2930 3275 :
2964 3228 3315 3291 peccatorum
3357 3224 3485 3290 qui-

202 3309 417 3362 στόλων
444 3310 536 3362 καὶ⁵
560 3288 956 3379 εὐαγγελιστῶν
994 3288 1090 3368 καὶ
1490 3313 1583 3366 καὶ
1610 3312 1798 3383 ὁμολο-

1903 3317 2051 3377 dem,
2077 3325 2135 3370 ut
2165 3315 2233 3370 iis
2271 3329 2302 3367 a
2344 3313 2578 3369 Domino
2614 3313 3048 3367 misericordiam
3096 3311 3490 3382 imploremus;

200 3400 418 3471 γητῶν,
456 3400 770 3456 ἐπισκόπων
810 3419 870 3457 τε
910 3404 1003 3457 καὶ
1038 3404 1404 3477 ἀναχωρητῶν
1465 3405 1558 3459 καὶ
1602 3405 1801 3469 παντὸς

200 3488 306 3543 τοῦ
336 3490 637 3560 τάγματος.
665 3493 750 3545 ἵνα
774 3492 867 3547 τὸν
892 3492 1090 3567 Κύριον
1120 3495 1325 3567 Ἰησοῦν
1347 3496 1580 3566 Χριστὸν
1609 3495 1801 3566 ἀφορί-

205 3594 401 3651 σωμεν
429 3584 536 3637 ἀπὸ
566 3585 669 3653 τῆς
705 3584 814 3639 τῶν
856 3584 1161 3658 ἀνθρώπων
1186 3587 1393 3653 τάξεως
1421 3586 1511 3640 διὰ
1537 3587 1635 3657 τῆς
1664 3586 1801 3659 πρὸς

203 3676 379 3747 αὐτὸν
430 3678 618 3749 τιμῆς,
645 3679 739 3732 καὶ⁸
783 3678 949 3742 σέϐας
993 3678 1144 3750 αὐτῷ
1188 3680 1498 3751 ἀποδῶμεν,
1531 3681 1589 3733 ὲν
1621 3679 1801 3751 ἐννοίᾳ

203 3770 389 3835 ὄντες,
421 3771 503 3828 ὅτι
539 3771 639 3823 οὑκ
679 3770 825 3825 ἔστιν
869 3771 1216 3842 ὲξισούμενος
1242 3773 1271 3825 6
1297 3772 1501 3844 Κύριος
1539 3774 1647 3826 τινὶ
1694 3773 1802 3826 τῶν

204 3860 544 3932 ἀνθρώπων,
574 3861 675 3917 κάν
708 3879 768 3915 τε
801 3863 967 3934 μυρία
996 3862 1091 3915 καὶ
1121 3862 1379 3916 ἐπέκεινα
1405 3865 1463 3915 ὲν
1484 3861 1798 3934 δικαιοσύνῃ

207 3953 440 4024 ὑπάρχῃ
472 3955 702 4017 ἕκαστος
729 3953 1051 4025 ἀνθρώπων.
1077 3954 1201 4018 Πῶς
1222 3953 1332 4026 γὰρ
1354 3949 1465 4007 οἶόν
1488 3971 1548 4007 τε
1575 3956 1660 4024 εἴη
1680 3953 1803 4007 τοῦ-

204 4062 311 4110 το;
341 4046 401 4099 '0
433 4046 532 4117 μὲν
560 4046 672 4117 γάρ
700 4048 815 4099 ἐστι
847 4046 1046 4110 Θεὸς,ό
1069 4048 1127 4101 δὲ
1158 4047 1446 4118 ἄνθρωπος
1465 4063 1478 4076 °
1514 4048 1608 4101 καὶ
1638 4049 1667 4100 6
1702 4046 1803 4118 μὲν

212 4139 278 4193 ιν
308 4138 550 4211 οὐρανῷ,
576 4139 688 4192 ὅδὲ
715 4138 807 4192 ἐπὶ
833 4139 935 4210 τῆς
956 4139 1060 4210 γῆς
1084 4139 1172 4193 διὰ
1194 4139 1265 4193 τὰ
1300 4139 1394 4192 ἐπὶ
1426 4139 1530 4209 γῆς
1552 4138 1801 4207 λείψανα,

206 4230 396 4302 πάρεξ
436 4230 543 4283 τῶν
590 4230 938 4286 ἀναστάντων
981 4229 1574 4286 καἰ“συνεισελθόντων
1618 4232 1676 4283 ὲν
1725 4228 1803 4300 τῷ

206 4322 490 4394 νυμφῶνι,
524 4323 599 4387 ὦς
633 4340 766 4395 φησι
807 4323 869 4377 τὸ
902 4323 1055 4392 ἆγιον
1086 4322 1452 4391 Εὑαγγέλιον·
1481 4320 1689 4375 Πολλὰ
1734 4319 1805 4373 δὲ

208 4414 466 4485 σώματα
497 4414 614 4467 τῶν
637 4414 822 4484 ἁγίων
845 4414 1221 4481 ἀνέστησαν.
1256 4412 1353 4466 καὶ
1386 4410 1804 4479 συνεισῆλθον

210 4503 381 4569 αὐτῷ
413 4507 500 4571 είς
544 4504 659 4572 τὴν
702 4505 881 4574 ἁγίαν
906 4506 1086 4558 πόλιν
1124 4503 1308 4573 Ἁγίαν
1351 4504 1407 4557 δὲ
1450 4502 1604 4555 πόλιν
1654 4501 1802 4568 λέγει

212 4598 383 4654 ποίαν
412 4599 649 4669 rati-cm);
694 4597 1003 4670 Πληροῦται
1053 4596 1163 4668 γὰρ
1210 4599 1330 4652 κατ’
1358 4597 1560 4668 ἀμφοῖν
1593 4597 1621 4649 6
1646 4596 1801 4663 λόγος
1836 4628 1878 4681 D

210 4695 299 4755 εἰς
336 4690 434 4763 τὴν
458 4690 713 4753 ἐνταῦθα,
750 4691 846 4745 καὶ
886 4692 967 4753 εἰς
1004 4690 1102 4760 τὴν
1127 4689 1389 4744 ἀνω.”οτι
1444 4689 1543 4759 μὲν
1583 4688 1693 4759 γὰρ
1724 4689 1804 4751 εἰς

210 4784 319 4854 τὴν
351 4782 587 4837 ἐνταῦθα
623 4782 980 4855 Ἰερουσαλὴμ
1014 4780 1361 4852 συνεισῆλθον
1389 4780 1539 4851 αῦτῷ
1564 4780 1805 4853 πρῶτον,

212 4874 380 4930 τοῦτο
404 4874 561 4945 δῆλον
581 4891 595 4906 ·
627 4875 795 4945 πρινὴ
840 4874 897 4927 δὲ
929 4872 1023 4928 τοῦ
1048 4872 1319 4944 ἀναϐῆναι
1346 4873 1439 4926 τὸν
1466 4873 1694 4945 Σωτῆρα
1720 4873 1801 4935 εἰς

213 4967 314 5020 τὸν
364 4966 612 5036 οὐρανὸν,
643 4965 816 5029 οὐδεὶς
849 4965 957 5036 γὰρ
988 4964 1324 5035 ἀναϐέϐηκεν
1368 4964 1473 5028 ἓως
1514 4965 1603 5018 ὅτε
1655 4962 1806 5034 αὐτῷ

216 5054 575 5124 ωνανῆλθον.
610 5054 819 5121 Οὐδείς
854 5056 964 5124 γὰρ
998 5055 1367 5121 ἀναϐέϐηκεν
1387 5056 1473 5120 εις
1497 5054 1605 5108 τὸν
1630 5056 1805 5122 οὐρα-

215 5145 360 5209 νὸν,
389 5146 437 5198 εὶ
451 5144 537 5213 μὴ
572 5148 604 5198 ό
636 5145 705 5197 ἐκ
738 5143 845 5199 τοῦ
874 5144 1134 5212 οὐρανοῦ
1160 5142 1442 5210 καταϐὰς,
1471 5146 1507 5197 ὁ
1539 5142 1668 5209 Υἱὸς
1699 5143 1804 5197 τσῦ

218 5235 558 5303 ἀνθρώπου.
581 5236 738 5289 Ἀλλά
772 5236 900 5306 περὶ
927 5235 1129 5289 τούτων
1159 5237 1217 5289 ἐν
1249 5234 1327 5305 τῷ
1347 5234 1499 5305 τόπῳ
1524 5234 1804 5311 γενόμενοι

218 5328 319 5390 τὰς
368 5324 461 5379 δύο
508 5326 680 5390 λέξεις
705 5325 1087 5396 ὑπεδείξαμεν.
1116 5326 1179 5379 Εἰ
1203 5325 1260 5378 δέ
1287 5343 1369 5388 τις
1393 5326 1529 5396 ὲρεῖ,
1558 5325 1641 5379 ὅτι
1676 5312 1805 5396 ’ἀρα

218 5419 304 5480 εἰς
330 5417 428 5487 τὴν
466 5416 823 5488 Ἰερουσαλὴμ
851 5416 1118 5486 εἰσῆλθον,
1157 5416 1395 5486 μαθέτω,
1421 5418 1504 5469 ὅτι
1534 5417 1593 5469 ἐν
1621 5416 1803 5488 ἐκείνῃ

216 5514 288 5583 τῇ
324 5510 511 5583 ἡμέρᾳ
536 5510 644 5565 τῶν
674 5509 859 5582 θυρῶν
885 5508 1286 5579 κεκλεισμένων
1324 5508 1571 5581 παρέστη
1614 5509 1645 5561 6
1686 5507 1802 5562 Κύ·

298 5756 321 5790 ⁸
356 5756 423 5816 ι’.
448 5756 813 5829 διηγήσαντο.
892 5758 912 5789 ¹¹
938 5756 1129 5811 Matth.
1159 5772 1329 5822 xxv",
1363 5754 1451 5821 52,
1485 5753 1575 5811 5'5.

1896 3409 2175 3480 justorum
2203 3416 2385 3462 autem
2421 3415 2477 3461 et
2509 3406 2733 3462 Patrum
2784 3420 2847 3460 ac
2877 3404 3337 3475 patriarcharum,
3361 3418 3489 3473 pro-

1902 3500 2628 3572 pbetarum,apostolorum,
2648 3498 3133 3569 evangelistarum,
3160 3504 3490 3567 martyrum,

1902 3592 2309 3653 confessorum,
2344 3592 2757 3662 episcoporum,
2790 3588 3246 3643 anachoretarum
3288 3603 3354 3641 ac
3384 3602 3491 3643 cm-

1904 3694 1993 3742 tus
2027 3686 2173 3741 illius
2221 3684 2497 3748 universi,
2552 3690 2612 3737 ut
2656 3681 2944 3736 Dominum
2985 3678 3171 3735 Jesutn
3206 3678 3490 3751 Christum

1903 3776 2169 3849 singulari
2196 3774 2431 3847 quodam
2462 3775 3114 3844 honore'prosequentes,
3156 3770 3228 3826 ab
3262 3780 3489 3826 caetero-

1902 3884 2023 3933 rum
2047 3866 2330 3922 hominum
2355 3866 2551 3921 ordine
2580 3878 2953 3936 segregemus,
2993 3862 3349 3931 debitumque
3371 3862 3492 3916 cul-

1902 3966 2020 4012 tum
2055 3958 2205 4012 illius
2236 3957 2509 4028 maiestati
2536 3956 2874 4021 tribuamus,
2898 3955 3028 4011 dum
3059 3952 3194 4009 illud
3224 3968 3350 4008 cum
3374 3953 3490 4008 auio

1903 4063 1994 4102 mo
2040 4059 2231 4103 nostro
2283 4057 2605 4117 repulamus
2644 4065 2658 4102 :
2698 4062 2813 4101 non
2856 4060 2979 4102 esse
3023 4044 3308 4099 Dominum
3362 4058 3492 4097 cum

1904 4138 2031 4194 ullis
2063 4139 2386 4193 mortalibus
2411 4138 2837 4209 adaequandum,
2864 4136 3118 4207 quamvis
3152 4136 3354 4205 singuli
3398 4135 3485 4189 in-

1906 4232 2057 4284 linita
2098 4231 2359 4300 quadam,
2390 4238 2485 4284 aut
2514 4231 2684 4286 etiam
2716 4229 2984 4300 ampliore
3012 4227 3231 4297 iustitia
3272 4227 3492 4297 praediti

1905 4324 2036 4379 sint.
2073 4322 2208 4377 Nam
2252 4338 2374 4394 qua:
2434 4328 2616 4393 potest
2654 4337 2777 4377 esse
2814 4319 3182 4390 comparatio,
3224 4334 3349 4373 cum
3401 4319 3496 4374 ille

1905 4415 2069 4479 Deus,
2104 4414 2193 4470 hic
2225 4415 2387 4470 homo
2412 4414 2483 4469 sit
2517 4432 2531 4468 :
2564 4413 2654 4468 ille
2685 4413 2737 4467 in
2770 4412 2936 4475 caelo,
2965 4413 3055 4467 hic
3084 4411 3142 4467 in
3175 4419 3491 4481 terra,pro-

1903 4516 2024 4579 pter
2069 4508 2293 4563 relictas
2328 4506 2528 4562 ibidem
2571 4505 2824 4575 corporis
2868 4504 3170 4575 reliquias,
3217 4511 3491 4570 versetur,

1904 4599 2148 4670 exceptis
2192 4599 2260 4655 iis
2288 4598 2382 4668 qui
2415 4613 2444 4652 a
2477 4596 2708 4651 mortuis
2741 4596 2962 4652 excitati
2990 4597 3045 4651 in
3081 4596 3380 4650 thalamum
3411 4595 3491 4650 si.

1911 4690 2025 4745 mul
2057 4690 2287 4759 ingressi
2315 4694 2466 4750 sunt,
2498 4694 2557 4741 ut
2578 4688 2632 4741 in
2662 4685 2957 4757 Evaugelio
2981 4694 3241 4741 narratur
3272 4705 3287 4740 :
3315 4684 3493 4739 Multa

1910 4797 2029 4859 vero
2056 4796 2282 4850 corpora
2305 4788 2613 4834 sanctorum
2644 4788 3063 4842 reatu-rexerant,
3100 4789 3150 4831 et
3176 4778 3493 4831 introierunt

1910 4874 1966 4928 in
1992 4883 2234 4929 sanctam
2248 4874 2513 4927 civitatem
2534 4873 2594 4926 '?
2620 4870 2691 4927 De
2710 4887 2949 4942 quanam
2981 4886 3112 4927 vero
3142 4878 3334 4929 sancta
3364 4870 3493 4923 civi-

1909 4970 2022 5018 tate
2067 4962 2343 5032 loquitur?
2378 4960 2513 5015 Nam
2545 4960 2612 5015 ad
2653 4974 2966 5031 utramque,
3004 4969 3116 5015 tam
3159 4966 3489 5030 praesentem

1908 5054 2183 5121 videlicet,
2213 5068 2374 5125 quam
2398 5054 2676 5109 ctelestem
2696 5054 2865 5117 illam,
2900 5052 3055 5108 locus
3082 5052 3186 5107 iste
3209 5050 3495 5121 pertinere

1911 5155 2109 5217 potest.
2136 5145 2204 5200 Et
2228 5144 2447 5216 quidem
2467 5152 2740 5200 terrenam
2765 5145 2906 5199 hanc
2922 5142 3225 5200 Jerusalem
3257 5143 3493 5212 primum

1911 5239 2037 5294 illos
2070 5237 2351 5307 ingressos
2380 5252 2505 5292 esse
2539 5237 2748 5293 nemini
2776 5237 3004 5292 dubium
3053 5245 3156 5290 est.
3189 5236 3258 5295 At
3308 5232 3491 5303 prius-

1910 5347 2076 5403 quam
2123 5330 2376 5386 Salvator
2415 5330 2471 5385 in
2518 5331 2719 5386 coelum
2768 5329 3122 5391 ascenderet,
3168 5328 3494 5383 ascendant

1912 5435 2094 5483 nemo,
2126 5420 2299 5476 donec
2334 5420 2412 5474 illi
2439 5436 2562 5475 cum
2584 5436 2650 5475 eo
2688 5419 2891 5489 pariter
2919 5417 3092 5473 evecti
3116 5425 3245 5471 sunt
3279 5439 3288 5472 :
3320 5416 3493 5471 Nemo

1909 5512 2049 5564 enim
2087 5510 2322 5565 ascendit
2355 5512 2405 5565 in
2433 5511 2643 5577 caelum,
2690 5510 2795 5563 nisi
2836 5511 2925 5579 qui
2966 5510 3030 5564 de
3063 5506 3189 5563 calo
3246 5508 3486 5562 deceudit
