3990 6228
473 359 583 417 513

1807 311 1812 316 β
1869 355 1927 414 S.
1960 355 2312 412 ‘EPiPllANll

3647 366 3747 424 816

474 473 653 532 Filius
691 474 918 531 hominis
943 475 980 530 ⁸.
1019 472 1219 530 Verum
1260 475 1398 532 duas
1436 489 1500 530 ea
1531 472 1599 529 de
1641 487 1702 529 re
1742 472 2045 529 sententias

2153 489 2270 544 ριος
2294 474 2440 530 ἔνθα
2472 468 2634 542 ἦσαν
2677 475 2733 529 ol
2763 475 3022 546 μαθηταὶ
3060 476 3450 549 συνηγμένοι,
3478 476 3574 531 καί
3601 495 3752 549 φησιν

474 585 576 625 suo
614 570 733 623 loco
785 570 1192 638 proposuimus.
1239 567 1447 635 Quodsi
1489 565 1616 638 quis
1645 564 1951 621 Jerusalem
1981 564 2068 616 in-

2174 565 2357 630 αὐτοῖς
2373 583 2389 599 ο
2418 565 2644 636 Εἰρήνη
2672 567 2838 638 ὑμῖν.

473 677 690 732 gressos
738 677 861 717 esse
924 662 1090 726 dicat,
1133 661 1278 717 scire
1337 661 1497 716 debet
1539 660 1630 715 illa
1701 659 1789 714 die
1836 656 2040 712 clausis
2081 652 2264 721 januis
2313 659 2426 714 illic
2494 661 2742 717 astitisse
2795 661 2961 732 912
3013 662 3322 728 Dominum,
3382 661 3476 716 ubi
3507 675 3657 717 erant
3685 663 3746 716 di-

466 756 659 822 scipuli
732 756 1049 824 congregati,
1088 753 1394 825 iisdemque
1423 754 1661 809 dixisse:
1696 751 1818 806 Pas:
1863 747 2055 804 vobis'.

543 847 631 901 lx.
669 845 776 902 Sed
834 846 919 901 his
951 846 1172 902 omissis
1218 862 1304 910 eo,
1337 847 1480 901 unde
1509 846 1858 912 diverteram,
1888 842 2054 899 redeo

473 952 536 990 ac
568 937 880 990 necessario
912 916 1095 989 facere
1129 934 1263 990 illud
1295 934 1595 990 Ecclesium
1629 934 1774 1000 dico,
1805 947 1926 1004 quae
1949 940 2054 986 tra-

477 1028 652 1082 ditum
698 1029 802 1083 sibi
842 1028 1005 1080 ritum
1044 1028 1192 1081 illum
1226 1041 1255 1081 a
1285 1027 1586 1098 majoribus
1622 1026 1912 1098 acceperit.
1959 1025 2054 1079 Po-

471 1126 577 1174 test
611 1133 740 1173 vero
779 1120 1067 1188 quisquam
1103 1128 1406 1174 maternam
1442 1120 1809 1181 sanctionem,
1851 1127 1943 1173 aut
1970 1118 2053 1172 le-

470 1223 589 1279 gem
633 1209 805 1278 patris
849 1208 1133 1264 evertere?
1181 1209 1641 1279 quemadmodum
1690 1223 1719 1263 a
1763 1207 2056 1263 Salomone

467 1303 732 1371 scriptum
765 1310 880 1357 est:
906 1302 1064 1367 Audi,
1086 1303 1188 1373 ﬁli,
1216 1317 1479 1359 sermones
1495 1303 1665 1373 patris
1683 1303 1782 1368 tui,
1809 1312 1858 1356 et
1882 1318 1946 1356 ne
1968 1317 2053 1355 re-

466 1393 634 1462 pellas
684 1393 816 1464 leges
853 1395 1039 1448 matris
1072 1404 1175 1448 tua:
1223 1395 1264 1451 ³.
1293 1393 1508 1460 Quibus
1553 1392 1794 1457 Patrem,
1837 1394 1940 1448 hoc
1967 1399 2054 1448 est

471 1487 810 1556 unigenitum
841 1487 1011 1543 Deum
1055 1503 1179 1542 eum
1207 1485 1414 1557 Spiritu
1448 1496 1641 1542 saneto
1658 1485 1901 1541 declarat
1927 1499 2054 1556 par-

467 1580 563 1634 tim
609 1579 856 1650 scripto,
906 1577 1103 1650 partim
1165 1578 1284 1635 sine
1333 1578 1541 1648 scripto
1579 1575 1865 1642 docuisse;
1921 1589 2055 1629 ma-

467 1681 605 1730 trem
663 1689 794 1730 vero
852 1684 1094 1729 nostram
1151 1671 1454 1728 Ecelesiam
1524 1671 1743 1726 decreta
1800 1669 2048 1740 quaedam

2233 834 2310 892 0'.
2352 832 2486 892 Εἶτα
2518 835 2574 892 δὲ
2598 841 2726 911 περὶ
2748 840 2938 894 τούτου
2966 834 3122 904 αὖθις
3145 839 3481 912 ἐπιλήψομαι
3504 842 3606 912 τῆς
3630 845 3753 899 ἀκο-

2162 927 2400 994 λουθίας,
2431 932 2513 986 ὅτι
2539 933 2854 1001 ἀναγκαίως
2907 935 2939 1004 ἡ
2985 921 3283 1004 Ἐκκλησία
3311 933 3469 987 τοῦτο
3499 937 3748 1002 ἐπιτελεῖ,

2163 1022 2459 1092 παράδοσιν
2487 1023 2728 1078 λαϐοῦσα
2757 1024 2907 1095 παρὰ
2937 1025 3216 1094 πατέρων.
3251 1025 3349 1089 Τίς
3381 1026 3437 1080 δὲ
3469 1026 3750 1099 δυνήσεται

2162 1114 2360 1186 θεσμὸν
2409 1116 2612 1187 μητρὸς
2663 1117 2976 1181 καταλύειν,
3017 1117 3248 1189 ἢνὸμον
3279 1120 3523 1191 πατρόςς
3568 1123 3646 1184 ὡς
3688 1123 3750 1177 τὰ

2161 1208 2312 1279 παρὰ
2363 1208 2443 1279 τῷ
2500 1209 2810 1282 Σολομῶντι
2853 1212 3160 1283 εἰρημένα·
3201 1214 3436 1275 Ἄκουε,
3495 1216 3612 1274 υἷέ.
3652 1219 3751 1271 .16-

2161 1317 2308 1368 τους
2349 1303 2573 1370 πατρός
2631 1319 2770 1366 σου,
2811 1305 2909 1357 καὶ
2953 1304 3040 1372 μὴ
3086 1304 3303 1374 (Bubon
3344 1305 3612 1375 θεσμοὺς
3642 1325 3749 1375 μη-

2160 1391 2300 1456 τρόξ
2338 1404 2484 1444 σου·
2534 1391 2738 1458 δείξας,
2779 1393 2863 1445 ὅτι
2898 1393 3194 1464 ἐγγράφως
3236 1411 3296 1448 τε
3348 1395 3444 1447 καὶ
3491 1395 3749 1466 ἀγράφως

2160 1481 2439 1535 ἐδίδασκεν
2461 1483 2489 1535 ό
2517 1484 2730 1556 Πατὴρ,
2760 1484 3040 1540 τουτέστιν
3063 1488 3091 1540 ὁ
3113 1487 3246 1550 Θεὸς
3266 1488 3294 1540 ὁ
3320 1487 3640 1559 μονογενὴς.
3665 1489 3749 1541 καὶ

2158 1573 2220 1626 τὸ
2248 1573 2400 1643 ἅγιον
2424 1574 2646 1646 Πνεῦμα
2667 1593 2679 1606 ·
2703 1579 2736 1647 ἡ
2762 1575 2819 1630 δὲ
2855 1578 3038 1649 μήτηρ
3062 1577 3218 1649 ἡμῶν
3243 1581 3275 1650 ή
3311 1579 3618 1650 Ἐκκλησία
3645 1575 3748 1650 εἶχε

2160 1665 2399 1735 θεσμοὺς
2431 1667 2490 1718 ὲν
2518 1666 2656 1739 αὐτῇ
2681 1669 3001 1738 κειμένους,
3033 1667 3284 1732 ἀλύτους,
3321 1668 3396 1740 μὴ
3424 1669 3747 1740 δυναμένους

469 1763 674 1819 habere
706 1780 874 1834 penes
910 1777 990 1826 se,
1021 1780 1144 1834 qua:
1173 1762 1395 1817 dissolvi
1423 1760 1710 1831 evertique
1747 1766 2046 1830 nequeunt.

2156 1757 2551 1830 καταλυθῆναι.
2591 1759 2957 1831 Τεταγμένων
2984 1760 3165 1816 τοίνυν
3191 1760 3299 1815 τῶν
3334 1763 3393 1815 ὲν
3419 1764 3486 1834 τῇ
3523 1762 3743 1833 Ἐκκλη-

465 1859 598 1925 Quae
633 1857 856 1928 quidem
886 1873 1010 1910 cum
1054 1857 1109 1910 in
1141 1855 1391 1911 Ecclesia
1416 1855 1718 1910 constituta
1747 1853 1879 1919 sint,
1908 1868 2052 1924 prte-

465 1949 613 2002 clara
648 1947 868 2018 quidem
907 1961 970 2018 ac
1005 1946 1225 2018 penitus
1270 1945 1616 2007 admiranda,
1663 1961 1729 2000 ex
1776 1944 1882 2000 hoc
1931 1943 2051 2015 ipso

465 2039 644 2109 capite
683 2016 957 2095 veterator
1008 2040 1100 2094 ille
1135 2038 1504 2094 convincitur.
1553 2036 1659 2093 Sed
1693 2053 1819 2100 nos,
1851 2051 1918 2091 eo
1961 2052 2051 2091 re-

465 2130 618 2194 licto,
656 2131 799 2185 velut
847 2131 1126 2185 scarabaeo
1159 2131 1417 2201 quodam,
1458 2138 1550 2183 aut
1579 2127 1924 2190 cantharide,
1964 2127 2046 2180 vel

462 2221 741 2291 bupreste,
762 2221 906 2293 quod
929 2232 1013 2277 est
1039 2224 1230 2279 insecti
1257 2223 1533 2294 quoddam
1557 2237 1749 2294 genus,
1777 2236 1841 2277 ac
1870 2222 2050 2278 solido

463 2313 721 2369 Ecclesiae
753 2315 1007 2386 dogmate
1062 2313 1267 2386 Deique
1282 2315 1487 2370 virtute
1519 2315 1828 2378 confracta,
1869 2313 1936 2369 ad
1965 2315 2052 2369 in-

463 2417 762 2476 sequentes
792 2407 1028 2464 haereses
1047 2422 1170 2462 cum
1201 2405 1389 2464 eodem
1437 2407 1532 2462 Dei
1575 2407 1830 2478 prasidio
1863 2414 2050 2462 trans-

462 2512 676 2556 eamus.
858 2588 1232 2647 ADVERSUS
1270 2589 1658 2658 ANOMCEOS,

691 2682 822 2749 Quae
857 2693 934 2737 est
967 2685 1178 2738 liazresis
1209 2679 1364 2749 LVI,
1405 2689 1512 2739 sive
1539 2681 1803 2739 LXXVI.

530 2775 572 2831 1.
604 2775 806 2831 Praeter
825 2776 928 2832 hos
955 2778 1204 2831 Anommi
1229 2777 1449 2847 quidam
1473 2778 1828 2844 exstiterunt,
1855 2787 2051 2833 recens

462 2868 518 2923 in
552 2869 730 2924 lucem
772 2867 942 2934 editi,
991 2883 1223 2940 quorum
1255 2869 1512 2941 princeps
1553 2870 1746 2925 Aetius
1782 2868 2051 2926 diaconus

460 2964 598 3029 fuit;
636 2963 728 3034 qui
765 2963 833 3018 ad
867 2977 991 3019 eum
1022 2962 1304 3035 dignitatis
1336 2963 1566 3034 gradum
1595 2964 1665 3020 ob
1695 2964 1929 3034 ineptias
1985 2977 2050 3019 ac

459 3072 632 3128 nugas
663 3070 793 3113 suas
844 3070 872 3110 a
912 3051 1148 3128 Georgio
1193 3055 1566 3112 Alexandrino
1613 3067 1900 3127 promotus
1937 3065 2042 3124 est,

2155 1847 2244 1918 σίᾳ
2284 1849 2503 1920 θεσμῶν
2557 1851 2652 1904 καὶ
2699 1851 2882 1915 καλῶς
2909 1848 3162 1923 ’ἐχόντων
3219 1851 3316 1906 καὶ
3374 1853 3483 1906 τῶν
3536 1853 3747 1907 πάντων

2152 1939 2473 2010 θαυμασίων
2495 1941 2814 2013 γινομένων,
2845 1941 3134 2014 ὲλήλεκται
3181 1942 3344 1996 πάλιν
3395 1944 3493 1996 καὶ
3539 1935 3696 2007 οὗτος
3720 1946 3747 1998 ό

2154 2032 2380 2096 πλάνος.
2422 2033 2534 2087 Καὶ
2575 2033 2766 2089 τοῦτον
2814 2035 2872 2088 δὲ
2925 2035 3290 2107 παρελθόντες
3325 2034 3519 2108 ὥσπερ
3553 2037 3747 2091 κάνθα-

2156 2125 2322 2196 ρον,ῆ
2356 2126 2731 2199 κανθαρίδα,ἧ
2763 2129 2851 2182 τὸν
2875 2128 3212 2198 καλούμενον
3243 2128 3582 2200 βούπρηστιν
3609 2131 3744 2183 κνώ-

2150 2217 2307 2271 δαλον
2337 2218 2780 2283 καταθλάσαντες
2808 2218 2886 2290 τῷ
2912 2219 3352 2291 ἐκκλησιαστικῷ
3413 2221 3746 2293 ἑδραιώματι

2153 2309 2247 2363 καὶ
2279 2313 2345 2381 τῇ
2377 2309 2471 2363 τοῦ
2506 2309 2642 2364 Θεοῦ
2671 2310 2921 2380 δυνάμει,
2950 2311 3045 2364 ἐπὶ
3075 2311 3175 2376 τὰς
3205 2309 3334 2382 ἑξῆς
3358 2311 3525 2366 πάλιν
3559 2313 3744 2384 ἴωμεν,

2151 2403 2242 2457 τὸν
2277 2403 2408 2457 Θεὸν
2437 2403 2632 2474 βοηθὸν
2659 2403 3105 2474 ἐπικαλούμενοι.

2642 2586 2833 2640 ΚΑΤΑ
2871 2587 3257 2657 ΑΝοΜοιοΝ,

2271 2677 2662 2746 Πεντηκοστὴ
2695 2678 2860 2746 ἕκτη,
2891 2680 2931 2747 ἠ
2965 2679 3064 2733 καὶ
3089 2679 3437 2748 ἑπτακοστὴ
3460 2679 3627 2748 ἕκτη.

2223 2772 2303 2825 A'.
2358 2770 2627 2842 Ἀνόμοιοι
2669 2770 2834 2824 πάλιν
2876 2772 3021 2836 τινές
3053 2774 3160 2826 εἰσι
3195 2771 3528 2844 καλούμενοι
3551 2791 3564 2804 ·
3603 2765 3743 2827 οὗτοι

2153 2862 2210 2916 δὲ
2242 2862 2776 2935 πρόσφατοι.Ἐσχον
2810 2863 2866 2917 δὲ
2899 2865 3144 2936 ἀρχηγὸν
3185 2865 3394 2920 Ἀέτιόν
3414 2884 3541 2920 τινα
3567 2867 3742 2920 διάκο·

2153 2971 2264 3018 νον,
2300 2955 2644 3028 προαχθέντα
2693 2957 2783 3008 διὰ
2825 2957 2926 3026 τὴν
2975 2957 3140 3011 αὐτοῦ
3171 2957 3282 3030 (82)
3329 2958 3603 3031 φλυαρίαν
3642 2960 3744 3014 ὑπὸ

2155 3047 2428 3118 Γεωργῑου
2459 3047 2554 3102 τοῦ
2592 3048 3007 3120 Ἀλεξανδρέως,
3037 3051 3146 3105 τῶν
3190 3051 3489 3122 Ἀρειανῶν
3512 3052 3630 3124 ἃμα
3651 3053 3743 3107 καὶ

459 3166 526 3206 eo
541 3121 817 3206 vvidelicet
872 3149 1017 3221 ipso,
1054 3121 1145 3220 qui
1183 3149 1513 3205 Arianorum
1556 3121 1762 3220 pariter
1793 3165 1856 3205 ac
1885 3121 2045 3207 Mele-

2153 3140 2499 3196 Μελετιανῶν
2523 3144 2814 3212 γεγονότος
2837 3145 3160 3207 ἐπισκόπου.
3179 3121 3274 3199 καί
3297 3146 3356 3199 ὲν
3376 3121 3594 3219 χρόνοις
3615 3147 3743 3200 ’1ου-

460 3242 735 3295 tianorum
781 3241 1096 3310 episcopus,
1143 3239 1364 3294 Juliano
1401 3239 1728 3310 imperante,
1775 3249 1835 3296 ut
1881 3249 2044 3298 antea

459 3330 771 3394 docuimus,
811 3329 867 3384 in
914 3331 1182 3385 camelum
1217 3330 1534 3399 impositus,
1566 3337 1678 3385 tota
1709 3331 1842 3387 urbe
1888 3331 2044 3400 igno—

460 3420 696 3475 miniose
741 3419 1027 3475 traductus
1071 3428 1176 3475 est.
1223 3420 1301 3474 Ac
1347 3420 1586 3490 primum
1634 3419 1704 3475 ab
1749 3423 2045 3492 gentilibus

460 3512 867 3580 circumseptus
911 3525 976 3564 ac
1041 3510 1210 3564 multa
1251 3524 1571 3581 perpessus,
1603 3516 1766 3578 atque
1807 3512 1875 3565 ad
1917 3527 2041 3567 eum

461 3621 621 3678 quem
670 3604 911 3660 diximus
959 3605 1178 3658 modum
1223 3605 1643 3661 circumductus
1702 3615 1756 3662 et
1801 3605 2042 3663 fustibus

460 3713 756 3769 percussus
828 3705 1054 3768 totaque
1107 3697 1500 3768 propemodum
1542 3699 1679 3755 urbe
1717 3706 1951 3767 tractus,
1985 3699 2040 3756 in

461 3790 530 3846 iis
572 3791 857 3862 suppliciis
889 3793 1202 3848 exstinctus
1237 3799 1352 3859 est;
1401 3805 1466 3846 ac
1514 3801 1638 3862 post
1668 3793 1879 3847 obitum
1909 3808 2043 3848 con-

458 3895 757 3948 crematus,
791 3891 846 3938 et
886 3894 1010 3937 cum
1054 3883 1243 3938 multis
1284 3883 1552 3953 pecudum
1623 3898 1686 3939 ac
1738 3885 2041 3941 bestiarum

457 3977 679 4033 ossibus
715 3977 767 4031 in
809 3976 1046 4032 cinerem
1092 3976 1350 4031 redactus
1386 3985 1551 4046 atque
1595 3977 1650 4031 in
1710 3984 1908 4034 ventos
1957 3978 2042 4032 di-

460 4085 708 4140 spei-sus,
743 4067 907 4123 talem
936 4067 1146 4124 exitum
1171 4068 1298 4124 vitae
1322 4077 1656 4125 consecutus
1684 4077 1788 4126 est.
1828 4069 1904 4125 De
1931 4083 2042 4142 quo

458 4163 539 4217 sic
587 4161 831 4231 obiicere
874 4159 1036 4217 nobis
1075 4161 1350 4231 quispiam
1391 4169 1571 4232 potest
1606 4181 1621 4217 :
1665 4161 1804 4217 Cum
1843 4162 1960 4218 haec
2011 4178 2041 4218 a

457 4255 757 4325 gentilibus
791 4269 989 4326 passus
1021 4253 1114 4318 sit,
1147 4267 1330 4309 nonne
1374 4255 1696 4326 martyrium
1725 4255 1930 4312 obiisse
1959 4255 2043 4310 vi-

457 4346 572 4398 deri
611 4346 829 4415 potest?
861 4343 1062 4399 Verum
1099 4344 1144 4399 si
1173 4359 1271 4416 pro
1303 4344 1535 4400 veritate
1579 4356 1857 4402 certamen
1888 4347 2040 4417 ejus-

2146 3233 2354 3297 λιανοῦ,
2391 3236 2468 3298 ὡς
2506 3235 2618 3289 ἄνω
2651 3253 2742 3307 μοι
2785 3236 3214 3308 προδεδήλωται,
3255 3236 3356 3309 τὴν
3405 3238 3562 3292 πόλιν
3606 3255 3744 3310 πομ-

2147 3326 2452 3392 πεύσαντος
2479 3327 2573 3380 ἐπὶ
2607 3328 2856 3400 καμήλου
2877 3346 2892 3360 ⁸
2922 3331 3019 3383 ’καὶ
3042 3327 3258 3400 πρῶτον
3301 3331 3401 3401 μὲν
3435 3331 3612 3385 πολλὰ
3641 3331 3742 3384 ὑπὸ

2145 3417 2254 3473 τῶν
2298 3417 2568 3491 Ἐλλήνων
2600 3420 3050 3490 συγκλεισθέντος
3092 3422 3187 3476 καὶ
3217 3421 3574 3487 πεπονθότος,
3604 3441 3742 3494 πομ-

2147 3511 2449 3579 πεύσαντός
2475 3530 2557 3578 τε,
2583 3513 2658 3578 ὡς
2681 3513 2837 3585 ἔφην,
2863 3514 2960 3568 κα)⁸
2985 3514 3162 3580 ξύλοις
3184 3513 3530 3582 παισθέντος,
3555 3516 3740 3570 ἔπειτα

2144 3601 2202 3656 δὲ
2233 3604 2487 3676 συρέντος
2518 3605 2646 3677 ὅλην
2673 3607 2858 3676 σχεδὸν
2890 3607 2990 3679 τὴν
3023 3606 3202 3675 πόλιν,
3235 3608 3338 3664 καὶ
3383 3607 3560 3672 οὕτως
3609 3611 3735 3662 ἁπο-

2147 3696 2421 3761 θανόντος,
2453 3696 2549 3751 καὶ
2582 3697 2721 3768 μετὰ
2751 3697 2984 3753 θάνατον
3010 3699 3257 3764 καέντος,
3285 3701 3380 3754 καὶ
3429 3700 3569 3772 μετὰ
3615 3701 3738 3754 πολ-

2145 3789 2253 3842 λῶν
2285 3790 2489 3845 ὀστέων
2521 3791 2738 3862 κτηνῶν
2771 3790 2866 3846 καὶ
2899 3789 3060 3856 ζώων
3093 3795 3174 3857 εἰς
3202 3792 3412 3864 τέφραν
3445 3793 3735 3864 συναχθέν-

2144 3898 2257 3945 τος.
2305 3881 2398 3935 καὶ
2445 3882 2741 3952 μετέπειτα
2775 3885 2887 3946 τοῖς
2919 3882 3144 3954 ἀνέμοις
3195 3884 3287 3938 ὑπ’
3315 3884 3497 3938 αὐτῶν
3542 3885 3738 3955 λικμη-

2147 3972 2350 4037 θέντος,
2389 3973 2485 4028 καὶ
2515 3973 2688 4038 οὕτως
2715 3974 2778 4028 τὸ
2803 3975 2978 4047 πέρας
3005 3975 3320 4046 ἐσχηκότος.
3366 3976 3553 4043 Λέξειε
3604 3977 3649 4029 δ’
3675 3977 3737 4031 ἄν

2145 4081 2230 4131 τις
2259 4067 2388 4139 περὶ
2413 4067 2506 4121 τοῦ
2539 4067 2716 4132 οὕτως
2743 4068 3193 4140 τετελευτηκότος
3211 4083 3227 4099 ο
3261 4067 3471 4123 οὐκοῦν
3499 4069 3736 4142 ὲμαρτύυ

2146 4175 2313 4232 ρησεν
2357 4160 2463 4213 ὑπὸ
2505 4157 2775 4233 Ἐλλήνων
2823 4160 2998 4215 ταῦτα
3043 4161 3363 4227 πεπονθώς;
3410 4160 3516 4215 Καὶ
3555 4165 3603 4216 εἰ
3641 4164 3735 4233 μὲν

2145 4251 2288 4323 ὑπὲρ
2321 4251 2580 4322 ἀληθείας
2609 4252 2760 4323 αὑτῷ
2800 4248 2868 4324 ἦν
2910 4254 2940 4307 ὁ
2986 4252 3158 4322 ἀγὼν,
3188 4253 3283 4308 καὶ
3318 4254 3424 4308 ὑπὸ
3464 4253 3734 4324 Ἑλλήνιον

2144 4342 2231 4397 διὰ
2263 4343 2454 4412 φθόνον
2481 4343 2575 4398 καὶ
2611 4345 2709 4416 τὴν
2738 4347 2817 4409 εἰς
2846 4345 3080 4416 Χριστὸν
3104 4344 3396 4416 ὁμολογίαν
3419 4347 3486 4399 τὰ
3513 4347 3736 4401 τοιαῦτα

408 4457 410 4460 ν
460 4431 604 4484 modi
651 4431 944 4492 subiisset,
995 4438 1048 4485 et
1097 4446 1125 4485 a
1172 4431 1468 4502 gentilibus
1499 4434 1569 4489 ob
1605 4434 1898 4501 invidiam,
1956 4437 2038 4492 vel

2153 4435 2294 4507 αὐτῷ
2322 4435 2690 4507 συμϐέϐηκεν,
2725 4435 2894 4500 ὅντως
2924 4439 2980 4489 ὲν
3013 4437 3249 4507 μάρτυσι
3300 4437 3395 4490 καὶ
3421 4439 3523 4491 οὐκ
3561 4440 3620 4491 ἐν
3651 4458 3736 4508 μι-

459 4517 757 4574 Christiani
809 4521 974 4592 913
1021 4523 1258 4579 nominis
1317 4527 1716 4595 professionem
1766 4529 1881 4583 haec
1936 4529 2040 4600 ipsi

2153 4533 2297 4603 κροῖς
2347 4529 2605 4584 ἐτέτακτο
2629 4547 2641 4560 ’
2677 4530 2780 4584 οὐκ
2801 4525 2870 4602 ἦν
2899 4529 2956 4583 δὲ
2982 4530 3042 4584 τὸ
3066 4531 3241 4584 αἴτιον
3262 4531 3349 4585 διὰ
3376 4531 3478 4602 τὴν
3507 4533 3587 4595 εἰς
3607 4533 3737 4604 Χριο

459 4609 640 4667 forent
673 4610 876 4666 inﬂicta
917 4613 1206 4683 supplicia,
1245 4618 1432 4686 procul
1470 4619 1634 4673 dubio
1660 4619 1804 4676 inter
1841 4629 2046 4694 marty-

458 4719 546 4758 res
613 4714 664 4759 et
724 4705 941 4776 quidem
996 4708 1287 4775 primarius
1343 4710 1703 4767 collocandus
1740 4712 2040 4769 videretur.

455 4796 564 4851 Sed
599 4798 713 4852 haec
755 4798 978 4852 minime
1012 4808 1233 4870 propter
1256 4799 1464 4856 Christi
1500 4801 1902 4859 confessionem
1950 4821 2046 4861 su-

453 4885 652 4939 stinuit
681 4901 700 4939 ι
730 4883 864 4955 quin
919 4887 1099 4955 potius
1135 4887 1205 4942 ob
1232 4903 1448 4946 omnem
1484 4890 1631 4946 illam
1673 4892 1932 4963 injuriam
1976 4912 2041 4954 ac

454 4975 794 5040 violentiam,
845 4990 952 5048 qua
992 4978 1342 5049 episc0patus
1386 4981 1471 5036 sui
1520 4990 1787 5054 tempore,
1818 5003 2040 5060 quoquo

451 5084 581 5126 eum
633 5068 854 5125 tandem
900 5069 1062 5126 modo
1107 5068 1362 5143 gesserit,
1405 5075 1678 5133 civitatem
1721 5095 1935 5137 omnem
1976 5100 2042 5139 ac

455 5163 713 5234 populum
739 5163 1034 5232 oppressit,
1078 5181 1201 5220 cum
1233 5171 1536 5238 praesertim
1570 5173 1782 5230 civibus
1813 5183 2040 5245 paterna

2145 4624 2268 4677 στδν
2300 4623 2613 4694 ὁμολογίαν,
2643 4622 2782 4676 ἀλλὰ
2807 4623 2876 4675 δι’
2905 4623 2972 4695 ἣν
3012 4624 3070 4676 ἐν
3099 4625 3164 4694 τῇ
3199 4623 3395 4677 ἑαυτοῦ
3424 4623 3587 4695 δῆθεν
3616 4626 3737 4676 ὲπι-

2144 4719 2322 4788 σκοπῇ
2351 4715 2664 4790 καλουμένῃ
2697 4715 2901 4786 πολλὴν
2940 4714 3060 4786 βίαν
3092 4716 3192 4786 τὴν
3227 4715 3382 4769 πόλιν
3424 4733 3484 4769 τε
3522 4719 3619 4770 καὶ
3651 4718 3737 4770 τὸν

2141 4807 2312 4879 δῆμον
2339 4807 2567 4876 διέθετο,
2606 4809 2682 4881 πὴ
2717 4809 2814 4880 μὲν
2853 4809 3119 4880 ἁρπάζων
3168 4811 3293 4874 τοὺς
3322 4809 3649 4883 ἀνθρώπους
3675 4812 3737 4866 τὰ

2144 4900 2250 4954 ὑπὸ
2273 4901 2383 4955 τῶν
2415 4902 2617 4972 γονέων
2647 4902 2827 4957 αὐτῶν
2857 4903 3340 4974 κληρονομήματα.
3384 4904 3496 4958 Καὶ
3545 4905 3632 4959 ἵνα
3665 4905 3738 4976 μὴ

2145 4994 2518 5067 διαϐάλλωμεν
2544 4997 2635 5050 τὸν
2668 4996 2836 5069 ἄνδρα
2855 5014 2868 5028 ·
2903 4997 3072 5051 πολλὰ
3099 4997 3208 5068 γάρ
3237 4998 3355 5049 ἐστι
3383 4996 3452 5050 τὰ
3480 4998 3574 5052 ὑπ’
3598 4999 3727 5052 ὲκεί-

2146 5106 2236 5142 νου
2285 5093 2399 5153 τοῖς
2436 5089 2846 5163 Ἀλεξανδρεῦσι
2902 5091 3192 5161 γενόμενα,
3224 5089 3344 5154 πῶς
3394 5093 3493 5161 μὲν
3528 5092 3629 5164 τὴν
3662 5094 3734 5146 νί-

2147 5179 2315 5249 τρονδ
2364 5179 2583 5235 ἃπασαν
2629 5180 2850 5246 ὲξέλαϐε
2879 5181 3013 5255 (85),
3042 5180 3160 5244 πῶς
3196 5178 3254 5232 δὲ
3293 5181 3361 5236 τὰ
3407 5183 3506 5256 ἕλη
3539 5183 3611 5237 τὰ
3642 5185 3734 5258 τῆς

525 5319 544 5353 ⁸
572 5319 731 5377 Joan.
759 5338 846 5389 ιιι,
887 5321 976 5378 15.
1054 5323 1074 5354 ³
1103 5322 1265 5380 Joan.
1299 5340 1392 5391 xx,
1429 5325 1514 5383 l9.
1593 5329 1614 5360 ³
1644 5328 1806 5387 Prov.
1837 5347 1876 5397 ι,
1913 5334 1966 5389 8.
2042 5341 2046 5358 ‘

2275 5296 2314 5316 η.

2153 5352 2187 5390 ).
2224 5335 2322 5407 τὴν
2355 5336 2567 5408 τρίτην.

454 5554 466 5566 .
522 5485 634 5556 (ει)
663 5485 1046 5566 Προαχθέντα
1091 5486 1190 5542 διὰ
1232 5486 1349 5556 τὴν
1380 5489 1906 5566 αὐτοῦηϐοιιεῑεηε
1949 5505 2036 5551 est

454 5559 509 5610 in
544 5571 607 5610 ea
639 5559 916 5630 opinione,
957 5573 1121 5630 quam
1164 5574 1331 5628 supra
1358 5562 1667 5630 proposuit,
1699 5571 1758 5616 ut
1790 5565 2032 5628 Aetium,

452 5640 614 5694 quem
657 5625 689 5679 a
717 5625 946 5681 Leontio
975 5625 1316 5684 Antioche—no
1337 5625 1520 5685 caeteri
1551 5632 1842 5689 diaconum
1884 5625 2035 5689 ordié

450 5704 639 5775 natum
672 5707 946 5769 asserunt,
977 5697 1284 5775 a_Georgio
1305 5699 1675 5758 Alexandrino
1715 5705 1766 5758 id
1798 5705 2035 5767 dignita-

452 5770 526 5820 tis
557 5775 916 5820 consecutum
949 5770 1248 5825 existimet.

524 5835 637 5909 (85)
688 5834 820 5901 Πῶς
866 5837 984 5904 μὲν
1040 5837 1154 5894 τὴν
1212 5842 1418 5908 νίτρον·
1465 5842 1713 5899 ἅπασαν
1764 5842 2030 5908 ἐξέλασε.

2147 5494 2411 5570 Nitrariae
2447 5499 2672 5570 egregia:
2713 5498 3014 5570 Egyptiis,
3051 5503 3129 5556 ait
3174 5501 3388 5561 Plinius
3439 5505 3537 5561 lib.
3580 5522 3730 5567 xui.

2143 5583 2262 5644 cap.
2308 5569 2396 5624 10.
2458 5569 2597 5644 Hinc
2635 5569 3073 5644 l‘iitria’IEgypti
3117 5574 3477 5644 praefectura.
3532 5592 3561 5629 a
3607 5579 3728 5630 nitri

2142 5639 2321 5714 copia,
2360 5645 2418 5693 ut
2449 5639 2616 5714 refert
2649 5639 3220 5712 Sozomepus'libfvi,
3245 5660 3367 5714 cap.
3395 5646 3486 5702 30.
3526 5645 3729 5701 Horum

2145 5707 2336 5789 igitur.
2357 5723 2424 5763 ac
2462 5711 2797 5789 reliquorum
2825 5707 3178 5789 vectigalium
3207 5707 3526 5789 redemptor
3560 5718 3731 5789 fuerat

2143 5777 2448 5858 Georgius:
2494 5777 2656 5858 quod
2681 5781 2931 5836 ἐκλαϐεῖν
2973 5777 3208 5858 appellat
3237 5777 3598 5858 Epiphanius.
3629 5788 3730 5842 Ne-

2145 5864 2254 5918 que
2283 5851 2428 5904 enim
2457 5853 2614 5908 aliter
2644 5851 3129 5924 interpretari'ista
3157 5851 3477 5928 possumus.
