3990 6228
248 351 356 406 517

953 351 1321 408 ADVERSUS
1358 353 1702 410 IIIERESES
1742 354 1867 411 LIB.
1916 353 1999 409 Ill.
2043 355 2207 412 TOM.
2250 358 2364 412 1-
2406 357 2682 414 HAERES.
2718 356 2955 412 LXXVI.

3418 352 3523 409 5i8

246 469 506 540 παπῦρου
540 471 635 523 καὶ
663 468 758 524 τοῦ
793 470 1063 541 καλάμου,
1093 472 1310 536 καὶτὰς
1336 471 1534 544 λίμνας
1573 474 1667 527 τοῦ
1711 474 1834 537 ἁλὸς

1942 474 2083 528 bona
2134 491 2197 529 ac
2243 477 2623 545 possessiones
2662 477 2920 548 eriperet.
2976 475 3523 546 Nequeverocalum-

244 564 472 617 διοικεῖν
503 564 595 616 καὶ
625 564 704 625 είς
738 564 927 617 ἑαυτὸν
953 565 1321 636 ἀποφέρεσθαι
1376 566 1694 637 ἐπενόησεν.
1750 567 1838 630 Ὠς

247 655 401 706 nisa
444 652 741 725 αἰσχρότης
774 652 888 722 βίου
915 654 1147 725 κέρδους
1185 654 1273 708 διὰ
1316 655 1526 726 ’πολλῆς
1567 657 1834 727 μηχανῆς.

244 744 376 812 ἄχρι
404 744 498 796 καὶ
518 743 731 796 λεπτῶν
756 745 1115 815 πραγμάτιον,
1156 747 1285 813 παρ’
1316 745 1464 817 αὐτῷ
1502 747 1603 800 οὐκ
1631 746 1835 818 ἡμέληο

244 852 331 889 το.
381 835 471 896 Ὠς
523 834 618 888 καὶ
666 835 850 899 κλίνας
891 837 1151 904 ἐπενόησε
1181 837 1290 908 (84)
1330 840 1444 901 τοῖς
1490 837 1703 906 σώμασι
1729 839 1837 893 τῶν

243 929 602 992 ὲξοδευόντων
632 930 853 1000 ποιῆσαι
880 931 938 981 ὲν
974 930 1195 1002 ἀριθμῷ
1226 947 1365 984 τινι⁶
1414 932 1508 985 καὶ
1554 934 1681 986 ἄνευ
1729 934 1837 987 τῶν

242 1019 339 1071 ὑπ’
366 1018 532 1070 αὐτοῦ
564 1019 1003 1088 ἐπιτεταγμένων
1030 1019 1129 1071 οὐκ
1168 1019 1521 1090 ἐξεκομίζετο
1550 1018 1707 1090 σῶμα
1729 1020 1835 1073 τῶν

237 1108 647 1171 τελευτώντων,
678 1109 1023 1163 ὲπιπλεὶστον
1057 1110 1115 1164 δὲ
1144 1111 1255 1164 τῶν
1293 1110 1460 1176 ξένων
1483 1127 1498 1141 ο
1534 1112 1596 1164 οὺ
1627 1111 1714 1164 διά
1748 1129 1837 1180 φι-

238 1200 512 1267 λοξενίαν,
549 1200 706 1265 ἀλλὰ,
741 1200 923 1265 καθὼς
974 1201 1179 1271 ἔλεγον,
1203 1203 1291 1256 διὰ
1334 1203 1604 1275 πορισμὸν
1646 1203 1832 1273 βιώδη.

238 1292 313 1346 Εἴ
359 1310 447 1355 τις
480 1292 590 1363 γὰρ
626 1292 827 1345 ἔθαπτε
879 1292 949 1346 δι’
978 1293 1171 1347 ἑαυτοῦ
1227 1293 1407 1365 σῶμα,
1445 1294 1687 1347 κίνδυνον
1738 1294 1837 1364 ὑφ-

244 1384 459 1437 ίστατο.
487 1383 675 1447 Οὕτως
701 1384 756 1436 δὲ
785 1383 872 1453 ὑφ’
900 1383 1130 1439 ἑκάστου
1163 1384 1271 1439 τῶν
1296 1386 1676 1457 ἐκφερομένων
1708 1386 1836 1458 κέρο

234 1477 329 1541 δος
369 1495 423 1530 τι
470 1476 619 1547 αὐτῷ
666 1476 1055 1549 προσεφέρετο.
1088 1478 1200 1533 Καὶ
1244 1479 1434 1533 σιωπῶ
1475 1479 1543 1532 τὰ
1571 1480 1704 1534 ἄλλα
1747 1480 1835 1533 λέ·

234 1588 359 1638 γειν
394 1569 531 1643 (85),
576 1571 677 1626 ὅσα
716 1571 747 1622 ὁ
779 1570 919 1642 ἀνὴρ
947 1572 1004 1623 ὲν
1030 1572 1266 1642 τρυφαῖς
1295 1570 1389 1625 καὶ
1435 1570 1615 1635 ἄλλοις
1643 1570 1834 1641 ἐκομί-

233 1662 367 1726 ζετο
422 1664 516 1717 καὶ
567 1665 626 1716 ὲν
671 1666 994 1739 ἀπηνότητι.
1030 1665 1129 1718 Διὰ
1160 1663 1291 1732 γοῦν
1324 1664 1498 1719 ταῦτα
1516 1664 1708 1718 -πάντα
1734 1664 1834 1735 τὴν

231 1757 319 1818 εἰς
350 1756 514 1809 αὑτὸν
546 1757 706 1827 μῆνιν
742 1756 1146 1829 κεκρατηκότες
1191 1754 1591 1828 Ἀλεξανδρέων
1625 1754 1829 1819 παῖδες,

231 1847 509 1918 ’Έλληνες
535 1847 591 1900 δὲ
622 1848 877 1919 μάλιστα,
909 1850 1069 1904 τοῦτο
1094 1850 1256 1904 αὐτὸν
1281 1850 1519 1904 διέθεντο
1554 1848 1615 1902 τὸ
1652 1849 1823 1911 τέλος.

1950 562 2090 620 niari
2136 565 2409 620 hominem
2470 569 2756 631 volumus;
2790 570 2957 624 variis
2987 570 3131 623 enim
3175 568 3264 622 hic
3291 567 3524 622 Alexan-

1940 658 2129 714 drinos
2162 660 2526 715 incommodis
2553 660 2753 723 aﬂ’ecit,
2786 663 2930 716 velut
2955 676 3078 716 cum
3110 660 3365 715 nitrarias
3398 675 3519 714 om—

1939 765 2037 805 nes
2076 750 2321 808 oliicinas
2371 752 2622 814 redemit.
2668 770 2773 806 una
2813 769 2935 807 cum
2980 754 3167 824 papyri
3211 752 3519 823 calamique

1940 843 2253 911 paludibus,
2286 859 2385 899 nec
2426 861 2532 898 non
2564 852 2619 898 ct
2659 844 2914 899 salinaria
2945 846 3127 897 omnia
3154 852 3365 914 stagna,
3397 858 3519 913 quin

1939 934 2244 989 conducere
2294 942 2348 989 et
2399 936 2465 988 ad
2518 952 2638 991 sese
2686 935 2983 990 transferre
3033 935 3240 989 studuit
3281 953 3296 989 :
3361 935 3516 1002 cujus

1939 1034 2103 1079 tantae
2144 1035 2404 1096 praetcrea
2444 1029 2636 1083 sordes
2676 1028 2918 1081 avaritiae
2960 1027 3198 1090 fuerunt,
3243 1035 3303 1080 nt
3350 1028 3516 1081 etiam

1938 1117 2221 1173 vilissimis
2273 1135 2336 1173 ex
2389 1119 2555 1174 rebus
2614 1119 2934 1173 illiberalem
2988 1130 3203 1173 omnem
3249 1127 3515 1187 quaestum

1938 1225 2150 1265 summa
2177 1225 2279 1281 ope
2306 1226 2370 1264 ac
2395 1212 2745 1265 contentione
2773 1217 3038 1280 captaret.
3087 1206 3219 1263 Nam
3251 1209 3395 1265 inter
3422 1223 3522 1263 ca:-

1936 1310 2057 1356 tera
2090 1303 2524 1366 lecticariorum,
2562 1302 2628 1357 ad
2668 1302 2941 1358 eﬂ‘ercnda
2984 1310 3326 1357 mortuorum
3362 1300 3521 1355 cada-

1934 1407 2084 1457 vera,
2128 1401 2339 1449 certum
2392 1408 2678 1449 numerum
2723 1395 3003 1449 instituit:
3034 1394 3516 1464 ueque‘cuiquam

1936 1483 2054 1539 sine
2100 1483 2204 1546 his,
2252 1498 2391 1555 quos
2421 1485 2547 1540 huic
2585 1480 2764 1540 cilicio
2805 1498 3196 1557 praeposuerat,
3236 1493 3517 1539 mortuum

1935 1572 2132 1628 licebat
2169 1583 2480 1644 exportare,
2522 1576 2870 1647 peregrinum
2916 1576 3170 1631 maxime.
3206 1575 3361 1643 Quod
3405 1592 3516 1629 non

1936 1664 2324 1735 hospitalitatis
2377 1682 2563 1722 amore
2599 1667 2861 1735 faciebat,
2905 1669 2999 1723 sed
3047 1669 3207 1731 lucri,
3249 1668 3327 1722 uti
3375 1667 3515 1731 dixi,

1944 1760 2294 1829 pecuniaque
2318 1759 2514 1830 gratia.
2544 1758 2755 1827 Quodsi
2812 1762 2938 1829 quis
2970 1762 3169 1814 mortui
3191 1774 3392 1829 corpus
3422 1775 3518 1829 per

1936 1864 2057 1905 sese
2096 1852 2370 1920 sepeliret,
2419 1850 2473 1907 in
2515 1853 2815 1921 periruium
2857 1853 3180 1908 vocabatur.
3239 1851 3410 1922 Igitur
3446 1867 3516 1907 ex

241 1940 411 2010 Ἐμοὶ
456 1940 514 1994 δὲ
559 1941 749 2011 γέγονε
794 1942 1069 2013 πρόφασις
1116 1946 1244 2012 περὶ
1278 1942 1470 1995 τούτου
1503 1941 1700 2010 λέγειν,
1728 1940 1824 2004 ὡς,

1937 1958 2264 2013 unoquoque
2300 1945 2565 2000 cadavere
2599 1956 2841 2015 qmestus
2874 1946 3078 2015 aliquid
3109 1946 3173 1999 ad
3206 1946 3383 2015 ipsum
3436 1960 3518 1999 re-

226 2031 600 2102 ἐνηχηθέντες
654 2033 752 2105 τὴν
804 2032 895 2086 τοῦ
955 2033 1334 2087 Κωνσταντίου
1364 2032 1635 2103 τελευτὴν,
1665 2032 1827 2095 εὐθὺς

1937 2034 2102 2087 dihat.
2159 2034 2313 2088 Mitto
2384 2043 2617 2101 caetera,
2685 2038 2739 2092 in
2799 2038 3097 2109 primisque
3154 2039 3339 2093 luxum
3392 2039 3518 2107 ejus

225 2120 414 2185 οὕτως
466 2123 628 2176 αὐτὸν
684 2124 973 2177 ἀπώλεσαν
1024 2124 1073 2176 oi
1134 2125 1288 2178 αὐτοὶ
1330 2124 1718 2195 Ἀλεξανδρεῖς,
1757 2122 1824 2175 δι’

1937 2142 2170 2189 omnem,
2207 2142 2314 2180 una
2347 2142 2471 2182 cum
2488 2130 2699 2185 caateris
2744 2130 2893 2186 vitiis
2931 2146 2995 2185 ac
3021 2131 3343 2186 crudelitate
3382 2144 3519 2201 prae-

228 2212 392 2266 οὺδὲν
438 2213 625 2286 ἕτερον
681 2208 739 2287 [ἡ
785 2216 913 2286 περὶ
955 2215 1147 2269 τούτου
1184 2234 1274 2287 μοι
1315 2216 1607 2285 γεγένηται
1644 2214 1834 2267 ὑπόθε-

1940 2217 2151 2270 sertim.
2189 2216 2398 2283 Quibus
2428 2219 2493 2273 de
2526 2221 2738 2285 causis,
2767 2235 2889 2275 cum
2923 2222 3273 2277 Alexandrini
3299 2237 3362 2276 ac
3381 2237 3515 2293 gen-

227 2307 371 2380 σις],
406 2307 544 2362 ἀλλὰ
578 2309 667 2363 διὰ
713 2308 805 2363 τὸν
850 2311 1056 2365 Ἀέτιον
1093 2310 1185 2365 τὸν
1229 2310 1321 2364 ὑπ’
1354 2308 1521 2363 αὐτοῦ
1557 2324 1834 2363 καταστα-

1937 2308 2061 2362 tiles
2102 2309 2404 2376 praesertim
2455 2318 2610 2365 vetus
2669 2312 2722 2364 in
2768 2312 2919 2366 illum
2961 2312 3145 2366 odium
3185 2312 3517 2383 jampridem

225 2398 403 2454 θέντα
432 2400 713 2455 διάκονον.-

1940 2398 2206 2463 foverent,
2238 2399 2508 2469 ejusmodi
2549 2401 2702 2456 illum
2734 2418 2932 2473 genere
2964 2404 3155 2457 mortis
3193 2402 3514 2459 aliecerunt.

128 2528 139 2537 -
224 2493 413 2559 Quem
455 2496 519 2549 ad
580 2496 702 2566 ejus
763 2510 953 2552 casum
1021 2497 1561 2552 commemorandum
1604 2502 1657 2549 et
1713 2493 2118 2549 atrocissimum
2160 2494 2291 2548 illud
2353 2495 2703 2565 supplicium,
2748 2510 2857 2568 quo
2907 2497 3089 2552 statim
3129 2507 3291 2568 atque
3331 2499 3515 2554 audita

222 2588 554 2642 Constantii
608 2605 760 2644 mors
805 2599 908 2655 est,
946 2592 1015 2647 ab
1050 2589 1434 2645 Alexandrinis
1481 2588 1841 2657 interemptus
1873 2593 1977 2650 est,
2007 2585 2157 2639 nulla
2182 2582 2284 2647 alia
2308 2590 2601 2645 occasione
2631 2603 2756 2645 sum
2787 2590 3080 2658 deductus,
3138 2606 3298 2663 quam
3365 2593 3517 2663 quod

223 2679 303 2733 de
324 2678 485 2732 Aetio
522 2679 911 2749 disputandum
956 2682 1114 2737 nobis
1140 2689 1303 2746 esset,
1338 2681 1431 2751 qui
1462 2680 1530 2735 ab
1581 2680 1673 2733 illo
1701 2680 1967 2733 diaconus
1994 2682 2077 2731 est
2101 2678 2405 2734 ordinatus.

306 2771 384 2823 B'.
421 2767 591 2833 Οὗτος
616 2773 644 2824 ό
681 2772 888 2836 Ἀέτιος
915 2773 1055 2826 κατὰ
1082 2775 1173 2827 τὸν
1199 2773 1460 2843 κοσμικόν
1482 2773 1637 2841 λόγον
1666 2769 1831 2826 ἀπαί-

2002 2768 2066 2824 ll.
2110 2771 2210 2826 llic
2252 2773 2417 2843 igitur
2462 2771 2651 2829 Aetius
2682 2773 2748 2828 ad
2798 2773 3038 2829 adultam
3084 2783 3295 2831 aetatem
3336 2792 3519 2849 usque

221 2862 422 2925 δευτος
446 2857 514 2933 ἦν
543 2863 647 2926 ἕως
675 2862 774 2932 τῆς
797 2863 1010 2928 τελείας
1034 2865 1197 2918 αὐτοῦ
1223 2866 1457 2937 ἡλικίας,
1492 2865 1567 2927 ὡς
1595 2868 1622 2918 ό
1648 2864 1827 2933 λόγος.

1937 2877 2237 2920 exterarum
2270 2866 2706 2937 disciplinarum,
2734 2868 2811 2922 uti
2870 2877 3117 2935 narrant,
3142 2871 3243 2926 fuit
3287 2874 3516 2931 omnino

236 2952 545 3023 Ἐπενόησε
579 2954 656 3016 δὲ,
689 2954 897 3019 ὑποϐὰς
932 2958 1026 3010 καὶ
1057 2958 1324 3028 σχολάσας
1353 2958 1410 3009 ὲν
1455 2955 1832 3028 Ἀλεξανδρείᾳ

1937 2956 2106 3012 rudis.
2180 2946 2422 3013 Tandem
2501 2974 2633 3013 vero
2712 2975 2837 3013 cum
2889 2962 3230 3018 Alexandriae
3298 2962 3515 3020 Aristo-

235 3045 667 3117 Ἀριστοτελικῷ
689 3045 839 3118 [τινι]
858 3047 1130 3118 φιλοσόφῳ
1150 3048 1244 3101 καὶ
1262 3051 1510 3119 σοφιστῇ,
1534 3048 1708 3101 καὶτὰ
1734 3050 1833 3118 τῆς

1937 3047 2092 3103 telico
2139 3049 2354 3104 cuidam
2426 3047 2749 3121 philosopho
2806 3067 2870 3107 ac
2925 3053 3182 3121 sophistae
3255 3065 3509 3112 navasset

221 3135 585 3207 διαλεκτικῆς
632 3136 791 3209 δῆθεν
845 3140 1068 3193 ἐκείνων
1091 3138 1299 3210 μαθὼν,
1317 3139 1470 3193 οὐδὲν
1492 3140 1676 3211 ἕτερον
1696 3139 1832 3210 πλὴν

1937 3155 2180 3210 operam,
2214 3142 2282 3196 ab
2320 3156 2493 3214 eoque
2524 3142 2864 3199 dialecticam
2910 3144 3215 3209 didicisset,
3264 3154 3414 3203 totus
3454 3149 3511 3203 in

226 3232 666 3301 σχηματοποιεῖν
683 3230 781 3301 τὴν
795 3248 859 3283 πε
870 3231 921 3303 pi
937 3231 1028 3284 τοῦ
1039 3231 1174 3285 Θεοῦ
1191 3232 1350 3301 λόγου
1394 3230 1665 3286 ἀπόδοσιν.
1702 3233 1831 3302 Σχο-

222 3322 489 3394 λαίτερον
521 3322 798 3393 ἐπεχείρει
819 3323 1087 3395 ὀρθρίζων
1106 3323 1221 3395 ἅμα
1244 3324 1338 3378 καὶ
1356 3324 1644 3394 ἐνδελεχῶς
1676 3324 1833 3395 ἄχρις

224 3416 257 3466 ὲ
272 3413 479 3485 ςπέρας
494 3415 573 3476 είς
590 3412 744 3467 τοῦτο
770 3414 1151 3485 καθεζόμενος*
1168 3417 1310 3486 φημὶ
1332 3414 1388 3468 δὲ
1412 3416 1492 3478 είς
1515 3414 1574 3467 τὸ
1596 3414 1681 3467 διὰ
1702 3432 1833 3483 γεω-

226 3505 623 3578 μετρίαςτινὸς
642 3508 733 3559 καὶ
752 3506 839 3559 διὰ
859 3506 1154 3576 σχημάτων
1173 3522 1240 3558 πε
1249 3507 1300 3577 pi
1317 3504 1453 3559 Θεοῦ
1470 3504 1649 3574 λέγειν
1666 3522 1724 3558 τε
1739 3507 1832 3559 καὶ

223 3595 468 3669 ὁρίζειν,
501 3596 765 3650 διδάσκων
792 3607 848 3649 τε
882 3598 973 3651 καὶ
998 3598 1190 3652 τελῶν.
1225 3593 1327 3651 Οἷα
1344 3596 1401 3651 δὲ
1431 3598 1705 3668 ’Λρειανὸς
1736 3597 1832 3668 βα-

225 3688 491 3751 θύτατος,
526 3688 622 3741 καὶ
651 3688 748 3759 τὴν
791 3688 1000 3760 Ἀρείου
1028 3688 1167 3759 ἔχων
1196 3686 1434 3762 μανιώδη
1459 3688 1829 3753 διδασκαλίαν,

226 3777 648 3848 περισσοτέρως
680 3791 765 3840 τις
797 3772 1015 3847 λυμεὼν
1038 3777 1228 3846 γέγονε
1258 3776 1470 3841 τούτοις
1504 3778 1830 3849 κατατριϐό-

230 3886 427 3940 μενος,
472 3869 567 3921 καὶ
600 3867 743 3922 κατὰ
783 3868 877 3921 τοῦ
911 3862 1042 3921 Υἱοῦ
1091 3868 1185 3922 τοῦ
1230 3868 1367 3922 Θεοῦ
1410 3870 1502 3923 καὶ
1547 3869 1688 3923 κατὰ
1734 3869 1829 3923 τοῦ

227 3963 401 4029 ἁγίου
432 3959 749 4032 Πνεύματος
780 3961 879 4032 τὴν
925 3959 1179 4029 γλῶσσαν
1219 3962 1386 4015 αὑτοῦ
1433 3962 1553 4015 καθ’
1592 3963 1830 4035 ἑκάστην

228 4053 458 4127 ἡμέραν
483 4052 697 4117 ὀξύνας.
728 4046 897 4117 Οὗτος
917 4054 975 4107 δὲ
1002 4054 1388 4125 κατηγορεῖται
1413 4054 1516 4107 ὑπό
1538 4071 1716 4117 τινων,
1736 4054 1831 4108 καὶ

228 4146 317 4217 τῷ
352 4144 501 4216 αὖτῷ
534 4146 901 4217 Κωνσταντίῳ
943 4144 1219 4215 δηλοῦται,
1270 4146 1363 4199 καὶ
1388 4144 1683 4215 ῥφίσταται
1746 4146 1832 4211 ἐξ·

234 4238 402 4308 ορίαν
442 4239 499 4290 ὲν
524 4240 637 4301 τοῖς
664 4236 757 4290 τοῦ
786 4236 1000 4308 Ταύρου
1037 4238 1280 4307 μέρεσιν·
1314 4239 1373 4290 ὲν
1405 4230 1448 4304 ᾧ
1474 4238 1625 4307 τόπῳ
1650 4237 1831 4291 πάντα

233 4330 310 4380 τὰ
343 4328 443 4399 τῆς
482 4328 646 4383 αὐτοῦ
684 4329 1173 4392 κακοδιδασκαλίας
1219 4327 1504 4390 ὲπλάτυνε,
1553 4330 1646 4382 καὶ
1691 4328 1831 4398 ἐφώ-

240 4436 413 4490 ρασεν
446 4421 526 4482 είς
566 4420 731 4489 μέσον
766 4418 947 4489 φέρων
989 4420 1127 4490 μετὰ
1160 4418 1492 4492 παρρησίας.
1529 4418 1829 4491 ἀποτριψά-

1934 3232 2759 3301 illndjncubnit,utdivinarnm
2786 3248 2968 3292 rerum
2998 3237 3265 3292 rationem
3291 3249 3511 3295 omnem

1931 3323 2263 3393 quibusdam
2320 3323 2507 3395 ﬁguris
2577 3326 2893 3396 explicaret.
2962 3326 3018 3380 Id
3091 3326 3234 3395 quod
3295 3338 3518 3384 summo

1933 3414 1987 3469 in
2037 3414 2152 3469 otio
2192 3429 2222 3469 a
2266 3416 2442 3485 prima
2489 3416 2608 3471 luce
2648 3416 2715 3471 ad
2763 3431 3047 3487 vesperam
3100 3432 3273 3488 usque
3315 3419 3517 3476 sedens

1932 3506 2201 3577 pertinaci
2252 3523 2417 3578 opera
2464 3509 2832 3563 contendebat
2864 3525 2878 3561 :
2905 3509 3162 3564 nimirum
3195 3518 3255 3564 ut
3292 3524 3514 3584 geome—

1938 3603 2112 3677 tricas
2149 3601 2349 3672 ﬁguras
2379 3602 2595 3659 divinas
2623 3604 2686 3657 ad
2720 3617 2808 3658 res
2847 3602 3183 3670 tractandas,
3215 3604 3381 3677 914
3416 3610 3514 3664 de-

1935 3664 2212 3746 ﬁnieridasv
2263 3691 2647 3761 docendasque
2696 3691 3036 3746 transferret.
3093 3664 3515 3761 Atque-injscse

1937 3783 1993 3836 in
2040 3782 2368 3837 Arianorum
2411 3791 2617 3838 sectam
2654 3783 2817 3837 altius
2860 3783 3226 3847 immersera’t,
3267 3791 3321 3838 et
3358 3782 3512 3838 insa-

1932 3886 2057 3925 nam
2100 3871 2215 3927 Arii
2255 3874 2562 3928 doctrinam
2600 3874 2880 3940 hauserat,
2932 3874 3150 3928 illorum
3186 3876 3332 3929 velut
3363 3876 3515 3929 aﬂri-

1932 3969 2025 4015 ctu
2063 3962 2300 4031 quodam
2337 3964 2637 4033 attrituque
2681 3964 2837 4034 longe
2871 3964 3211 4034 pestilentior
3233 3964 3428 4026 evasit,
3460 3972 3514 4017 et

1932 4050 2197 4107 adversus
2224 4052 2314 4107 liei
2350 4051 2549 4106 Filium
2583 4066 2645 4106 ac
2673 4052 2934 4124 Spiritum
2962 4060 3213 4108 sanctum
3270 4053 3511 4121 linguam

1933 4159 2089 4199 suam
2121 4144 2176 4198 in
2208 4144 2326 4199 dies
2352 4146 2592 4200 exacuit.
2627 4144 2730 4199 Sed
2764 4159 2792 4197 a
2834 4146 3114 4200 nonnullis
3142 4144 3209 4198 ad
3237 4144 3515 4200 Constan-

1931 4234 2067 4287 tium
2101 4234 2337 4300 delatus,
2375 4236 2429 4288 in
2471 4235 2771 4303 subjectam
2803 4234 2984 4289 Tauro
3029 4236 3198 4290 monti
3235 4238 3516 4307 regionem

1933 4327 2212 4395 relegatur
2246 4328 2360 4381 :ibi
2399 4329 2762 4397 perniciosam
2808 4343 2963 4382 suam
3008 4329 3316 4383 doctrinam
3356 4327 3520 4399 longe

1933 4418 2149 4487 lateque
2194 4420 2532 4489 propagavit,
2581 4431 2645 4473 ac
2696 4419 2871 4488 palam
2924 4429 2976 4474 et
3022 4418 3287 4474 audacter
3323 4420 3521 4491 perfri-

243 4528 408 4581 μενος
433 4510 495 4563 τὸ
524 4511 775 4581 μέτωπον
804 4513 863 4564 ὲν
906 4510 1260 4584 ἀναισχυντίᾳ
1304 4514 1681 4585 περιττοτέρᾳ,
1728 4514 1828 4578 τὰς

1937 4510 2200 4581 ctiorique
2237 4525 2398 4580 quam
2452 4519 2609 4565 antea
2674 4513 2853 4566 fronte
2909 4512 3327 4567 acerbissimum
3362 4527 3521 4567 erro—

240 4601 529 4671 ἐξεμέσεις
569 4604 668 4673 τῆς
701 4602 865 4656 αὑτοῦ
903 4604 1388 4668 κακοδιδασκαλίας
1419 4606 1844 4677 ἀπαραλείπτως

242 4692 552 4757 ὑπέδειξεν.
591 4692 889 4766 Ἐτόλμησε
927 4693 1037 4765 γάρ
1068 4695 1263 4760 εἰπεῖν,
1304 4696 1559 4767 ἀνόμοιον
1602 4696 1839 4764 τὸνΥίὸν

241 4785 324 4855 τῷ
359 4784 534 4856 Πατρὶ
567 4785 854 4857 ὑπάρχειν,
894 4788 987 4840 καὶ
1023 4787 1084 4839 οὐ
1117 4787 1312 4841 ταυτὸν
1349 4784 1488 4842 εἶναι
1525 4791 1591 4859 τῇ
1622 4788 1837 4859 θεότητι

243 4877 389 4949 πρὸς
426 4878 518 4930 τὸν
550 4879 791 4948 Πατέρα”
837 4879 932 4932 καί¹
960 4880 1067 4933 οὐδ’
1092 4880 1173 4932 ὅτι
1216 4882 1376 4950 ἡμεῖς
1413 4881 1491 4952 τῷ
1528 4881 1831 4953 ὁμοιώματι

243 4969 643 5040 ἐπερειδόμεθα
712 4967 883 5039 ’Υπὲρ
913 4969 1021 5040 γὰρ
1059 4969 1157 5041 τὴν
1189 4970 1447 5040 ὁμοίωσιν
1488 4971 1711 5041 οἴδαμεν
1740 4971 1831 5024 τὸν

320 5147 435 5217 (84)
473 5149 568 5214 Ὠς
610 5148 707 5201 καί
747 5150 963 5214 κλίνας
993 5150 1309 5217 ἐπενόησε.
1339 5150 1493 5215 Quod
1547 5165 1575 5203 a
1607 5150 1839 5205 catholi-

244 5220 332 5275 cis
363 5219 790 5290 imperatoribus
821 5221 989 5289 proba
1024 5236 1087 5274 ac
1134 5222 1397 5274 laudabili
1428 5222 1542 5290 iege
1571 5222 1841 5276 conSIitu-

246 5300 368 5363 tum
423 5291 901 5363 Constantinopoli
940 5291 1446 5363 ‘quidem‘maxime
1494 5292 1839 5363 aﬂConstan-

245 5360 412 5424 tino;
457 5372 585 5413 nam
625 5375 657 5414 a
701 5360 927 5417 decanis
974 5360 1031 5415 et
1067 5360 1363 5431 lecticariis
1409 5362 1629 5431 publice
1691 5364 1841 5417 elata

248 5440 383 5486 sunt
419 5444 650 5501 corpora
672 5470 687 5493 ,
714 5446 855 5501 quos
886 5439 938 5486 et
978 5430 1246 5493 κοπιατάς
1290 5438 1345 5486 et
1402 5430 1709 5500 vespillones
1740 5449 1841 5485 n0-

250 5503 490 5562 miuant,
518 5500 587 5555 de
612 5500 813 5570 quibus
846 5501 902 5555 in
953 5501 1105 5556 calce
1133 5501 1316 5570 operis
1346 5501 1531 5570 hujus.
1568 5502 1639 5555 At
1676 5502 1840 5559 Geor-

248 5572 378 5641 gius
430 5570 711 5635 Arianus,
761 5571 1077 5627 mortalium
1108 5570 1351 5626 omnium
1399 5573 1837 5639 sordidissimus,

248 5640 320 5696 ex
352 5656 414 5695 ea
449 5656 509 5696 re
556 5640 769 5697 lucrum
802 5652 879 5712 Lac
909 5640 1291 5712 compendium
1325 5644 1602 5712 captabat.

326 5712 440 5782 (85)
460 5712 582 5765 ’Καὶ
626 5704 833 5765 σιωπῶ
865 5714 938 5767 τὰ
996 5704 1160 5766 ἄλλα
1196 5704 1419 5780 λέγειν’.
1452 5710 1692 5768 Verbum
1747 5732 1839 5768 κο⁴

248 5781 513 5855 μίξεσθαι
544 5782 703 5840 aliter
743 5782 997 5841 fortassis
1040 5782 1513 5855 interpretaudum
1541 5824 1555 5851 ,
1585 5801 1748 5857 quam
1783 5798 1842 5841 ut

1939 4602 2019 4657 ris
2050 4603 2218 4662 illius.
2255 4618 2415 4672 quem
2456 4612 2794 4669 evomuerat,
2824 4607 2975 4659 virus
3012 4605 3067 4659 in
3115 4603 3351 4659 medium
3397 4605 3524 4660 sine

1938 4694 2047 4747 ulla
2086 4695 2494 4751 intermissione
2529 4697 2770 4766 protulit.
2815 4697 3000 4752 Ausus
3043 4705 3128 4753 est
3172 4698 3325 4754 enim
3350 4698 3522 4754 dissi-

1936 4788 2119 4841 milem
2163 4787 2314 4841 Patri
2357 4786 2578 4853 Filium,
2629 4803 2731 4845 nec
2773 4791 3027 4845 eumdem
3075 4791 3363 4845 divinitate
3396 4804 3523 4846 esse

1931 4893 2055 4931 cum
2087 4879 2180 4933 illo
2205 4879 2445 4949 profiteri
2470 4898 2482 4933 :
2506 4881 2655 4951 atqui
2683 4898 2749 4936 ne
2775 4897 2877 4936 nos
2900 4882 3121 4952 quidem
3156 4884 3519 4938 similitudine

1939 4972 2057 5043 ipsa
2102 4986 2431 5044 magnopere
2478 4974 2731 5039 nitimur,
2773 4976 2975 5045 quippe
3016 4976 3108 5046 qni
3158 4976 3212 5029 in
3264 4974 3424 5040 Filio,
3472 4973 3523 5032 si

1940 5150 1995 5204 in
2048 5150 2258 5207 Latinis
2311 5152 2518 5207 nostris
2550 5152 2915 5219 exprimitur:
2956 5153 3213 5207 nimirum
3253 5158 3524 5219 questum

1939 5237 2006 5275 ex
2036 5236 2095 5276 re
2124 5222 2371 5293 qualibet
2400 5222 2599 5278 fecisse
2624 5223 2943 5293 Georgium,
2974 5231 3167 5290 utputa
3199 5235 3265 5275 ex
3290 5220 3525 5293 lautitiis

1938 5301 1993 5364 et
2035 5290 2304 5364 cupediis,
2338 5290 2821 5364 quaeAlexandriée
2850 5293 3245 5364 vendebantur,
3289 5290 3524 5364 maxime

1941 5363 1995 5417 in
2020 5360 2571 5435 εὐδαιμόνωνλαύρᾳ,
2594 5363 2661 5419 de
2691 5380 2796 5433 qua
2827 5363 2894 5435 a_d
2925 5362 3117 5435 Arian.
3153 5360 3281 5435 haer.
3314 5360 3522 5413 dictum

1939 5441 2059 5497 est,
2088 5430 2202 5487 tum
2248 5430 2571 5489 caeteris'e'x
2604 5430 2790 5489 rebus.
2834 5432 3044 5498 Quibus
3092 5430 3359 5485 accedunt
3401 5444 3525 5499 qua:

1941 5518 2039 5574 per
2084 5518 2356 5559 summam
2389 5504 2770 5559 crudelitatem
2801 5502 3094 5574 exigebat;
3134 5514 3265 5574 riam
3298 5501 3523 5554 Alexan~

1942 5570 2225 5644 drinorum
2257 5576 2640 5644 episcoporum
2683 5587 2877 5644 magna
2904 5570 3248 5644 Alexandria:
3278 5578 3525 5644 potestas

1942 5645 2064 5698 fuit.
2104 5644 2181 5698 De
2209 5641 2463 5699 Dioscori
2506 5643 2863 5696 Alexandrini
2919 5641 3104 5696 itidem
3133 5641 3374 5710 episcopi
3426 5641 3526 5693 ini-

1941 5715 2069 5784 quis
2124 5729 2188 5768 ae
2245 5715 2552 5785 tyrannicis
2608 5712 2993 5785 exactionibus
3061 5712 3235 5768 multa
3287 5713 3524 5785 sparsim

1942 5782 2163 5843 exstant
2191 5785 2248 5839 in
2272 5782 2540 5840 Cbalced.
2564 5782 2796 5859 synodo.
