3990 6228
444 352 552 414 519

1821 351 1881 409 S.
1920 349 2261 408 EPlPllANll

3501 337 3697 396 '520

443 477 570 516 cum
615 461 778 517 Patre
824 448 1160 523 conferatur,
1204 461 1566 517 similitudine
1595 462 1855 533 quiddam
1909 480 2007 518 ani-

2120 464 2248 518 Υἱὸν
2290 463 2428 536 πρὸς
2467 463 2560 516 τὸν
2605 462 2847 533 Πατέρα,
2876 457 2952 524 ὡς
2984 455 3180 513 ταυτὸν
3222 457 3289 527 τῇ
3334 453 3552 524 θεότητι
3598 453 3692 506 καὶ

442 550 590 622 ptius
617 553 983 621 agnoscimus,
1030 567 1098 608 eo
1135 554 1284 623 quod
1319 553 1461 608 idem
1505 554 1792 610 divinitate
1829 559 1921 620 sit,
1958 565 2014 610 et

443 645 686 712 aequalis,
721 658 821 697 nec
837 645 968 699 ~ullo
998 646 1162 700 modo
1191 645 1465 701 diversus.
1483 645 1750 701 Caeterum
1781 648 1882 702 etsi
1909 648 2016 716 ple-

443 748 611 802 raque
654 733 951 788 assimilari
999 734 1109 789 Deo
1136 735 1407 798 dicantur,
1455 751 1562 791 non
1597 745 1800 800 tamen,
1855 737 1898 791 si
1947 737 2014 791 de

439 822 755 890 aequalitate
795 822 1107 891 loquamur,
1131 825 1322 879 eadem
1357 839 1483 878 cum
1515 825 1798 880 divinitate
1837 835 1967 880 sunt
1996 846 2008 880 :

440 913 520 966 sic
557 914 700 967 enim
747 913 910 968 homo
941 914 1009 968 ad
1047 915 1336 985 imaginem
1366 915 1458 970 Dei
1495 917 2014 985 similitudinemque

441 1001 616 1058 factus
643 1004 682 1069 ¹,
715 1019 822 1057 non
857 1005 998 1059 idem
1030 1021 1154 1058 cum
1189 1006 1282 1061 illo
1325 1007 1634 1076 aequalitate
1665 1014 1782 1072 est;
1812 1008 1893 1061 sic
1926 1022 2013 1060 re-

440 1109 604 1162 gnum
649 1095 914 1150 cmlorum
945 1111 1116 1165 grano
1146 1097 1357 1167 sinapis
1391 1099 1570 1153 simile
1611 1099 1755 1164 est”,
1792 1113 1900 1152 non
1934 1107 2014 1151 ta-

442 1200 563 1238 men
599 1201 828 1254 granum
862 1187 993 1242 illud
1026 1188 1164 1243 idem
1206 1197 1293 1244 est
1332 1205 1458 1246 cum
1495 1206 1685 1260 regno,
1735 1206 1836 1246 nec
1871 1191 2014 1260 ejus-

440 1277 562 1329 dem
595 1292 730 1332 cum
767 1279 861 1332 illo
890 1286 1096 1335 natura:
1132 1283 1406 1350 particeps
1434 1289 1536 1337 est.
1575 1281 1716 1337 Idem
1749 1291 2012 1352 prwterea

441 1385 666 1439 regnum
697 1371 856 1426 modo
893 1371 1140 1428 fermenti
1175 1375 1353 1429 simile
1375 1375 1415 1438 ³,
1449 1375 1609 1429 modo
1634 1376 1819 1431 decem
1848 1377 2014 1446 virgi-

441 1473 568 1510 num
592 1457 633 1519 δ,
688 1460 846 1514 modo
885 1462 1338 1530 patrisfamilias"
1373 1464 1640 1518 asseritur
1668 1485 1681 1519 :
1706 1466 1850 1535 quod
1897 1467 2015 1536 qui-

438 1547 558 1601 dem
588 1548 655 1603 de
685 1549 1062 1616 similitudine,
1094 1568 1202 1608 non
1227 1555 1415 1610 eadem
1448 1555 1755 1611 substantia
1792 1573 1891 1628 par
1927 1567 2012 1614 est

437 1636 631 1707 accipi.
667 1636 840 1694 Filius
884 1649 1064 1705 autem
1117 1657 1242 1695 cum
1290 1651 1344 1698 et
1393 1642 1539 1697 Patri
1573 1644 1770 1700 similis
1819 1645 1911 1710 sit,
1958 1656 2034 1701 et-

437 1728 560 1796 plus
585 1745 744 1798 quam
798 1733 1015 1796 similis,
1045 1733 1188 1802 quod
1217 1735 1356 1788 idem
1397 1735 1732 1805 aequalisque
1769 1737 1859 1803 sit,
1900 1753 2010 1791 non

2123 556 2258 619 ἴσον,
2296 555 2390 610 καὶ
2427 555 2535 608 οὐδ’
2573 553 2710 617 ὅλως
2758 550 3139 621 ἠλλοιωμένον.
3182 547 3339 600 Ἔστι
3376 544 3485 615 γὰρ
3523 544 3697 596 πολλὰ

2119 647 2525 718 ἀφωμοιῶμένα
2570 645 2649 716 τῷ
2690 644 2829 714 Θεῷ,
2874 643 2987 696 ἀλλ’
3029 641 3088 693 οὐ
3132 638 3346 702 ταυτὸν,
3394 637 3486 690 ῐσα
3519 637 3693 704 ὑπάρ-

2119 756 2284 810 χοντα
2315 743 2381 810 τῇ
2430 738 2663 808 θεότητι·
2710 737 2786 799 ὡς
2835 736 2929 789 καὶ
2969 736 2997 787 ὁ
3026 730 3314 804 ἄνθρωπος
3360 729 3481 782 κατ’
3512 727 3696 779 εἰκόνα

2119 827 2215 880 καὶ
2247 827 2368 881 καθ’
2402 827 2676 898 ὁμοίωσιν,
2708 826 2820 879 ἀλλ’
2850 827 2911 878 οὐ
2941 824 3136 877 ταυτὸν
3169 822 3245 893 τῷ
3277 822 3395 892 Θεῷ
3420 821 3558 892 πρός
3592 822 3698 872 ἰσό-

2117 937 2276 989 τητα.
2300 920 2408 971 Καὶ
2433 918 2643 988 ὁμοίαὴ
2669 904 2914 986 ᾖασιλεία
2935 915 3041 969 τῶν
3060 915 3303 987 οὐρανῶν
3333 913 3519 982 κόκκῳ
3543 912 3698 964 σινά-

2119 1027 2285 1074 πεως,
2322 1009 2436 1062 ἀλλ’
2467 1011 2528 1062 οὐ
2566 1009 2760 1062 ταυτὸν
2809 1010 2876 1078 τῇ
2923 1007 3192 1077 βασιλείᾳ,
3219 991 3352 1058 ὀὐδ’
3380 1005 3518 1065 ὅλως
3565 1019 3698 1071 μετ-

2119 1096 2239 1166 έχον
2270 1115 2322 1150 τι
2353 1097 2452 1167 τῆς
2477 1098 2645 1167 αὐτῆς
2679 1099 2771 1149 καὶ
2799 1096 2988 1167 ὁμοίας
3019 1095 3216 1165 ζύμης.
3243 1093 3352 1147 Καὶ
3372 1092 3534 1161 ὁμοία
3563 1090 3701 1142 δέκα

2119 1190 2430 1260 παρθένοις,
2471 1189 2566 1243 καὶ
2599 1188 2750 1260 ἀνδρὶ
2769 1187 3118 1257 οἰκοδεσπότῃ
3163 1186 3238 1248 ὡς
3265 1185 3395 1254 πρὸς
3412 1183 3696 1251 ὁμοίωσιν,

2117 1282 2232 1334 ἀλλ’
2261 1281 2322 1334 οὐ
2350 1282 2494 1334 κατὰ
2520 1281 2839 1349 ταυτότητά.
2871 1278 2978 1332 Τοῦ
3001 1278 3058 1331 δὲ
3081 1277 3211 1330 Υἱοῦ
3234 1276 3415 1346 ὁμοίου
3445 1275 3602 1336 όντος
3620 1273 3700 1342 τῷ

2119 1373 2293 1444 Πατρὶ
2327 1372 2422 1426 καὶ
2453 1371 2807 1442 ὑπερομοίου,
2837 1370 2926 1423 διὰ
2949 1370 3010 1422 τὸ
3039 1368 3234 1422 ταυτὸν
3265 1361 3403 1419 εἶναι
3437 1365 3574 1435 πρὸς
3608 1365 3698 1416 τὸν

2118 1465 2338 1536 Πατέρα
2377 1465 2472 1517 καὶ
2503 1463 2616 1515 ἴσον
2651 1462 2846 1533 Πατρὶ,
2882 1461 2942 1514 οὑ
2980 1460 3040 1513 τὸ
3064 1461 3246 1530 ὅμοιον
3281 1457 3533 1527 συνιστᾷν
3566 1458 3698 1526 ἡμῖν

2121 1557 2281 1626 μόνον
2304 1556 2562 1627 ἐπιμελὲς
2588 1553 3031 1624 πεφιλοτίμηται,
3055 1550 3194 1605 ἀλλά
3219 1548 3414 1603 ταυτὸν
3436 1549 3532 1601 καὶ
3558 1546 3696 1609 ἴσον,

2117 1642 2193 1706 ὡς
2221 1642 2354 1697 Θεὸν
2386 1645 2451 1696 ὲκ
2489 1642 2645 1706 Θεοῦ,
2691 1643 2784 1696 καὶ
2815 1641 2942 1694 Υίὸν
2974 1642 3036 1693 ὲκ
3069 1639 3302 1710 Πατρός,
3345 1638 3438 1691 καὶ
3471 1640 3575 1689 οὑκ
3605 1636 3698 1689 ἀλ-

2116 1733 2258 1788 λοῖον
2290 1735 2390 1805 τῆς
2438 1735 2646 1802 οὐσίας,
2693 1733 2806 1788 ἀλλ’
2835 1732 2896 1798 ἐξ
2946 1731 3109 1786 αὑτοῦ
3138 1729 3561 1801 γεγεννημένον·
3603 1725 3696 1782 οῦ-

439 1818 610 1872 solam
645 1819 701 1873 in
744 1836 810 1876 eo
851 1822 1265 1880 similitudinem
1320 1827 1684 1896 comprobare
1728 1828 1876 1882 omni
1915 1843 2007 1898 ope

2116 1843 2194 1879 τω
2220 1827 2315 1880 καὶ
2348 1832 2475 1897 περὶ
2497 1827 2589 1880 τοῦ
2621 1825 2776 1895 ἁγίου
2803 1823 3140 1896 Πνεῦματος.
3173 1822 3359 1892 Τούτῳ
3383 1822 3440 1874 δὲ
3464 1820 3543 1891 τῷ
3569 1838 3691 1889 γενο

437 1907 752 1977 studemus,
802 1913 899 1968 sed
940 1914 1188 1970 eumdem
1237 1919 1610 1987 aequalemque
1669 1925 2012 1985 monstrare,

437 1998 668 2064 perinde
701 2013 766 2054 ac
811 1999 981 2056 Deum
1012 2002 1080 2058 de
1108 2002 1217 2057 Deo
1263 2015 1318 2059 et
1344 2021 1411 2059 ex
1456 2005 1616 2061 Patre
1648 2005 1866 2071 Filium,
1911 2023 2013 2064 nec

439 2086 510 2141 ab
541 2088 660 2158 ejus
690 2091 1000 2148 substantia
1031 2094 1334 2159 diversum,
1366 2097 1462 2152 sed
1495 2097 1565 2153 ab
1597 2099 1717 2170 ipso
1743 2100 2008 2168 genitura,

435 2180 580 2247 quod
620 2181 797 2250 ipsum
828 2183 896 2239 de
947 2185 1152 2255 Spiritu
1191 2195 1384 2243 sancto
1413 2204 1521 2243 non
1561 2192 1743 2246 minus
1774 2190 2008 2245 afﬁrma-

437 2286 581 2326 mus.
619 2275 687 2326 At
729 2277 982 2346 egregius
1016 2278 1105 2334 ille
1149 2280 1360 2345 Aetius,
1406 2296 1476 2336 ne
1520 2280 1756 2337 similem
1785 2284 2006 2352 quidem

434 2359 582 2415 Patri
609 2361 805 2418 Filium
835 2369 1191 2437 pronuntiare
1215 2372 1402 2424 voluit.
1429 2370 1750 2442 Quanquam
1776 2390 1878 2430 nos
1899 2391 2008 2430 non

435 2457 549 2507 sola
582 2455 944 2515 similitudine
974 2460 1096 2516 freti
1128 2463 1490 2517 constitutum
1537 2465 1658 2520 fidei
1707 2467 1903 2536 dogma
1944 2481 2010 2521 ac

435 2545 727 2605 Trinitatis
774 2553 982 2606 cultum
1024 2552 1397 2624 honoremque
1448 2556 1831 2627 suscipientes,
1877 2558 2008 2612 illud

2117 1916 2251 1989 νάδᾳ
2301 1918 2490 1988 Ἀετίῳ
2519 1917 2639 1970 οὐδὲ
2678 1915 2739 1969 τὸ
2766 1915 2952 1986 ὅμοιον
2998 1913 3134 1984 πρὸς
3176 1911 3396 1981 Πατέρα
3436 1907 3528 1961 τὸν
3570 1908 3698 1960 Υἰὸν

2117 2011 2302 2076 ἀξιοῦν
2333 2010 2530 2076 ἔδοξεν.
2573 2011 2648 2062 Οὐ
2687 2009 2767 2079 τῷ
2799 2010 2970 2081 ὁμοίῳ
3009 2007 3064 2060 δὲ
3101 2004 3254 2059 αὐτοὶ
3292 2001 3724 2073 ὲπερειδόμενοι-

2120 2103 2278 2173 μόνον
2317 2101 2416 2173 τὴν
2455 2101 2714 2154 σύστασιν
2749 2100 2848 2171 τῆς
2892 2099 3149 2161 πίστεως,
3189 2094 3286 2149 καὶ
3325 2094 3388 2147 τὸ
3416 2092 3699 2163 γεραίρειν

2114 2193 2214 2265 τὴν
2249 2195 2457 2264 Τριάδα
2502 2191 2720 2263 άληθῶς
2766 2191 3108 2260 ἐνιστάμενοι
3147 2183 3540 2258 ὁμολογοῦμεν.
3589 2181 3699 2235 Καὶ

2115 2288 2224 2358 γὰρ
2262 2287 2356 2341 καὶ
2394 2286 2634 2359 ἄργυρος
2671 2283 2983 2354 κασσιτέρῳ
3027 2279 3328 2353 ὁμοιοῦται,
3354 2278 3446 2330 καὶ¹
3498 2276 3700 2347 χρυσὸς

2114 2375 2321 2447 χαλκῷ,
2351 2377 2446 2429 καὶ
2501 2374 2748 2445 μόλιϐδος
2790 2373 3016 2443 σιδήρῳ,
3073 2369 3168 2423 καὶ
3211 2366 3348 2420 λίθοι
3394 2363 3567 2435 τίμιοι
3611 2361 3698 2426 ἑξ-

2113 2467 2422 2538 ομοιοῦνται
2463 2467 2622 2537 ὐέλῳ,
2665 2467 2760 2519 καὶ
2789 2465 2849 2518 οὐ
2889 2463 2950 2516 τὸ
2987 2464 3172 2534 ὅμοιον
3195 2458 3294 2529 τὴν
3327 2455 3493 2528 φύσιν
3522 2453 3697 2523 δηλοῖ,

2114 2558 2251 2612 ἀλλά
2278 2558 2340 2611 τὸ
2365 2557 2706 2627 ἀπείκασμα.
2959 2540 2973 2549 ’

433 2656 603 2696 unum
658 2641 993 2711 proﬁtemur.
1042 2645 1176 2699 Nam
1212 2653 1262 2701 et
1297 2656 1582 2718 argentum
1647 2657 1846 2706 stanno
1891 2649 2068 2704 simile
2130 2657 2309 2712 cst,et
2361 2665 2554 2703 aurum
2624 2647 2735 2711 aeri,
2755 2653 2808 2700 et
2846 2645 3124 2715 plumbum
3169 2641 3333 2701 ferro,
3357 2649 3414 2695 et
3472 2635 3698 2709 pretiosi

439 2733 652 2802 lapides
701 2736 874 2803 vitro;
928 2753 1029 2794 nec
1080 2739 1383 2794 similitudo
1423 2740 1542 2811 ipsa
1586 2748 1839 2795 naturam
1869 2780 1885 2805 ,
1929 2742 2023 2797 sed
2061 2741 2467 2811 espressionem
2491 2749 2658 2810 atque
2693 2737 2920 2809 ctligiem
2958 2737 3320 2790 demonstrat.

506 2824 596 2878 lll.
639 2823 796 2890 Quod
827 2835 1010 2882 autem
1049 2827 1116 2882 ad
1165 2829 1508 2900 Scripturam
1534 2829 1750 2897 attinet,
1777 2845 1897 2899 quae
1925 2828 2015 2884 Fi-

433 2915 562 2969 lium
591 2915 687 2972 Dei
727 2917 1022 2976 invisibilis
1055 2921 1349 2992 imaginem
1393 2921 1654 2992 appellat,
1683 2936 1786 2977 nos
1836 2937 2019 2978 sacra-

437 3023 556 3060 rum
585 3006 917 3065 Litterarum
950 3011 1056 3066 vim
1087 3011 1276 3068 divino
1303 3014 1572 3070 beneﬁcio
1607 3015 1825 3086 penitus
1863 3030 2018 3071 asse-

433 3101 569 3168 cuti,
599 3101 764 3174 915
791 3118 912 3174 quae
954 3105 1035 3160 sic
1078 3103 1382 3163 Pharismos
1418 3108 1709 3178 compellat
1738 3125 1752 3163 :
1782 3106 2016 3163 Nescitis

441 3190 771 3262 Scriptura},
819 3211 980 3265 neque
1012 3197 1256 3251 virtutem
1277 3199 1320 3262 °,
1359 3197 1634 3269 duplicem
1684 3199 1828 3254 hanc
1858 3199 2016 3255 habi-

435 3281 682 3339 tudinem
736 3300 861 3342 esse
919 3287 1196 3343 novimus.
1259 3286 1650 3344 Verumtamen
1705 3289 2014 3360 explicandi

434 3373 631 3442 gratia,
663 3383 720 3430 et
746 3377 1012 3434 abusione
1043 3379 1281 3448 quadam
1318 3395 1386 3436 ex
1414 3381 1656 3435 humano
1695 3380 1830 3434 illud
1865 3396 2016 3438 more

437 3465 845 3522 transferimus.
877 3467 1088 3538 Quippe
1118 3481 1173 3525 et
1208 3470 1447 3526 hominis
1483 3471 1661 3542 imago
1685 3485 1904 3542 quoque
1937 3469 2015 3525 di-

432 3561 611 3628 citur;
650 3575 824 3630 neque.
852 3569 1033 3616 tamen
1069 3561 1267 3618 similis
1295 3567 1400 3617 est.
1429 3559 1564 3617 Nam
1603 3564 1775 3618 altera
1821 3567 2010 3622 colori—

432 3656 536 3711 bus
552 3655 819 3711 duntaxat
834 3656 1090 3728 eﬂigiata,
1112 3657 1283 3711 altera
1305 3655 1552 3711 eamdem
1580 3673 1645 3712 ex
1663 3653 2009 3727 generaﬁone

429 3749 795 3805 substantiam
831 3747 1067 3814 obtinet,
1102 3764 1228 3802 cum
1262 3749 1481 3820 genitus
1515 3748 1688 3806 Filius
1715 3753 2006 3822 quamdam

429 3843 647 3912 generis
671 3842 760 3898 sui
787 3851 971 3898 notam
1015 3855 1079 3895 ac
1109 3839 1342 3896 formam
1387 3843 1795 3912 comparatione
1827 3842 2006 3902 Patris

428 3935 667 4006 accipiat
695 3951 708 3986 :
742 3943 858 3989 tum
889 3935 944 3988 in
982 3948 1048 3988 eo
1076 3947 1207 3988 vero
1236 3947 1346 3988 non
1384 3931 1587 4002 etiigies
1614 3932 1777 3988 modo
1822 3937 2004 3991 cerni-

427 4041 537 4092 tur,
579 4028 673 4084 sed
722 4037 777 4084 et
819 4035 1015 4083 natura
1050 4025 1241 4083 eadem
1304 4031 1359 4082 et
1406 4026 1716 4081 substantia
1759 4026 2006 4098 adeoque

427 4138 554 4176 vera
601 4123 750 4177 illius
794 4120 1100 4191 expressio.
1140 4118 1307 4190 Igitur
1347 4119 1666 4190 unigenitus
1695 4119 1787 4174 Dei
1833 4119 2004 4179 Filius

426 4215 567 4271 idem
622 4230 746 4271 cum
797 4213 1086 4268 divinitate
1127 4226 1194 4266 ac
1237 4210 1525 4280 majestate
1562 4209 1744 4269 Patris
1795 4221 1899 4272 est.
1949 4223 2004 4269 et

420 4308 650 4377 aequalis
686 4321 948 4378 germana
978 4304 1216 4376 quadam
1248 4304 1488 4375 imagine
1516 4319 1581 4359 ac
1619 4304 1999 4372 similitudine,

421 4417 543 4471 quae
576 4401 724 4454 nulla
755 4399 967 4453 ratione
999 4396 1295 4465 discrepet,
1340 4403 1600 4462 tanquam
1631 4393 1800 4452 Filius
1834 4411 1864 4449 a
1904 4394 2003 4450 Pa-

2186 2829 2260 2883 l".
2303 2827 2569 2882 Ἐνταῦθα
2591 2827 2646 2879 δὲ
2676 2828 2837 2898 ἡμεῖς
2877 2825 2971 2878 καὶ
3009 2822 3140 2894 περὶ
3172 2821 3269 2892 τῆς
3297 2818 3523 2890 Γραφῇ
3564 2819 3695 2888 ὁμο·

2113 2920 2382 2991 λογούοης
2416 2921 2508 2973 τὸν
2543 2919 2671 2973 Υίὸν
2715 2919 2900 2972 είκόνα
2941 2915 3076 2970 Θεοῦ
3116 2913 3209 2968 τοῦ
3242 2913 3478 2982 ἀοράτου
3521 2911 3698 2982 ὑπάρ-

2113 3030 2250 3083 χειν,
2277 3012 2376 3085 τὴν
2409 3012 2638 3082 δύναμιν
2660 3011 2757 3082 τῆς
2785 3010 2934 3074 Θείας
2964 3008 3189 3082 Γραφῆς
3214 3007 3280 3060 ὲκ
3307 3005 3461 3069 θείας
3487 3004 3696 3076 δωρεᾶς

2117 3106 2511 3178 ὴκριὸωκότες,
2543 3106 2643 3177 τῆς
2675 3104 2928 3177 φησάσης
2959 3100 3296 3174 Φαρισαίοις’
3335 3100 3458 3152 Οὐκ
3495 3097 3696 3151 οἴδατε

2115 3199 2224 3266 τὰς
2256 3200 2520 3268 Γραφὰς,
2571 3197 2715 3254 οὐδὲ
2754 3197 2871 3265 τὴν
2903 3195 3160 3264 δύναμιν
3196 3190 3307 3248 τοῦ
3350 3189 3530 3245 Θεοῦ·
3600 3190 3696 3241 έπ-

2118 3289 2385 3360 ιστὰμεθα
2425 3285 2518 3343 οὖν
2551 3288 2732 3360 διττὴν
2758 3283 2923 3341 οὖσαν
2962 3285 3163 3356 ταύτην
3196 3282 3294 3356 τὴν
3338 3282 3544 3353 σχέσιν.
3582 3279 3694 3349 Τὴν

2113 3381 2419 3453 ἀπόχρησιν
2464 3381 2522 3434 δὲ
2565 3381 2641 3445 ὡς
2687 3379 2795 3434 ἀπὺ
2843 3377 3130 3450 ἀνθρώπου
3154 3374 3524 3446 λαμϐάνοντες
3557 3371 3694 3443 πρὸς

2113 3475 2462 3546 παράστασιν
2486 3459 2742 3546 φράσεως
2767 3472 3056 3545 δηλοῦμεν.
3092 3469 3198 3525 Καὶ
3225 3468 3333 3541 γὰρ
3360 3467 3456 3520 καὶ
3485 3464 3695 3536 ἀνθρώ-

2113 3585 2214 3622 που
2249 3565 2412 3620 εἰκὼν
2449 3566 2688 3634 λέγεται,
2714 3564 2808 3618 καὶ
2836 3563 2935 3634 οὐχ
2964 3562 3147 3633 ὁμοία.
3201 3561 3267 3614 Ἦ
3307 3558 3406 3630 μὲν
3434 3559 3542 3628 γάρ
3575 3559 3692 3610 ἐστι

2109 3659 2200 3712 διὰ
2217 3658 2523 3730 χρωμάτων
2546 3654 2975 3727 ἀπεικαξομένη,
3001 3655 3036 3726 ἠ
3056 3653 3112 3706 δὲ
3135 3651 3225 3706 διὰ
3247 3651 3347 3722 τῆς
3367 3648 3692 3720 γεννητικῆς

2110 3751 2547 3821 ὁμοουσιότητος,
2591 3749 2667 3812 ὼς
2715 3747 2808 3801 τοῦ
2851 3745 3191 3817 γεννωμένου
3242 3741 3373 3798 Υἱοῦ
3417 3741 3553 3812 πρὸς
3603 3741 3692 3792 ὢν

2110 3842 2330 3914 Πατέρα
2374 3822 2871 3914 χαρακτηρίζοντος
2910 3839 2971 3892 τὸ
3012 3837 3188 3907 γένος’
3231 3834 3689 3903 ἀπεικονίσματος

2108 3935 2164 3987 δὲ
2189 3933 2376 3988 λοιπὸν
2403 3933 2794 4005 εὑρισκομένου
2832 3929 3158 4001 ταυτότητός
3193 3945 3255 3981 τε
3283 3927 3380 3981 καὶ
3403 3925 3689 3995 ὁμοουσιό-

2109 4043 2269 4096 τητος
2318 4026 2412 4079 καὶ
2432 4024 2846 4095 ὲκτυπώματος.
2876 4022 2987 4076 Καὶ
3013 4021 3160 4074 ἔστιν
3177 4021 3308 4091 ἡμῖν
3334 4020 3364 4072 ὁ
3395 4017 3688 4088 μονογενὴς

2112 4118 2238 4182 Υἱὸς
2278 4119 2370 4172 τοῦ
2421 4117 2557 4172 Θεοῦ
2603 4117 2796 4172 ταυτὸν
2842 4116 2943 4187 μὲν
2985 4117 3052 4186 τῇ
3090 4112 3185 4168 τοῦ
3227 4111 3442 4183 Πατρός
3473 4109 3688 4180 θεότητι

2111 4208 2205 4262 καὶ
2235 4207 2382 4278 ἀξίᾳ,
2440 4207 2534 4261 καὶ
2587 4207 2699 4270 ίσος
2743 4205 2833 4260 διά
2884 4204 2984 4275 τῆς
3036 4202 3297 4274 ἀληθινῆς
3335 4199 3543 4260 εἰκόνος
3596 4199 3688 4250 καὶ

2111 4301 2424 4372 ὁμοιώσεως
2464 4301 2526 4353 οὐ
2569 4296 3052 4372 παρηλλαγμένης,
3088 4295 3205 4350 ἀλλ’
3237 4292 3684 4365 ἀπαραλλάκτου,

2111 4392 2186 4457 ὡς
2215 4393 2342 4455 Υίὺς
2371 4394 2435 4445 ὲκ
2459 4391 2690 4475 Πατρδςκ
2701 4389 2970 4463 ἀληθινῶς
2989 4389 3083 4442 καὶ
3098 4385 3402 4458 ὁμοουσὶως
3420 4400 3684 4454 γεγεννη-

420 4500 504 4546 tre
527 4490 728 4559 reipsa,
759 4495 814 4543 et
845 4502 971 4542 cum
1002 4485 1190 4541 eadem
1233 4484 1541 4540 substantia
1570 4487 1807 4555 genitus.
1848 4484 1992 4542 Idem

2115 4493 2287 4564 μένος.
2318 4488 2475 4543 Οὖτω
2505 4487 2600 4540 καὶ
2625 4486 2715 4538 ἐπὶ
2740 4483 2834 4537 τοῦ
2869 4482 3022 4550 ἁγίου
3054 4477 3393 4549 Πνεῦματος,
3418 4477 3508 4529 διὰ
3533 4477 3595 4528 τὸ
3623 4477 3686 4527 ὲκ

423 4595 586 4650 porro
614 4578 684 4633 de
718 4577 924 4647 Spiritu
972 4581 1165 4631 sancto
1196 4583 1439 4630 statuere
1467 4589 1571 4629 nos
1602 4583 1815 4645 oportet
1845 4575 1991 4646 quod

420 4687 452 4724 a
475 4669 634 4723 Patre
669 4666 947 4737 procedat,
976 4665 1192 4720 tametsi
1241 4680 1349 4720 non
1399 4672 1711 4734 generetur,
1762 4665 1815 4720 id
1843 4666 1989 4735 quod

419 4761 686 4831 unigeniti
720 4758 839 4813 Filii
871 4759 1011 4812 ratio
1033 4757 1257 4812 minime
1287 4758 1510 4826 patitur.
1551 4756 1656 4811 Sed
1685 4757 1875 4812 Aetius
1898 4774 1990 4814 vc-

418 4856 597 4911 ritatis
628 4851 954 4925 professioni
979 4851 1358 4906 vehementius
1396 4864 1706 4919 repugnare
1737 4849 1989 4914 studens,

415 4965 488 5004 ne
535 4945 657 5001 Filii
709 4943 928 5015 quidem
980 4958 1106 4998 cum
1165 4941 1328 4996 Patre
1383 4941 1793 4997 similitudinem
1837 4941 1991 4998 fateri

415 5038 607 5094 voluit.
641 5036 700 5092 ln
733 5051 843 5106 quo
884 5034 953 5090 ab
986 5035 1207 5088 Arianis
1239 5034 1456 5087 caeteris
1491 5032 1771 5100 dissentit,
1817 5033 1912 5103 qui
1959 5051 1991 5090 a

413 5129 660 5186 Luciano
689 5137 742 5184 et
771 5125 1003 5200 Origene
1039 5127 1246 5184 erroris
1276 5126 1622 5183 occasionem
1651 5125 1798 5180 nacti
1839 5135 1988 5191 sunt,

409 5233 465 5279 et
498 5241 622 5279 cum
657 5223 876 5278 Astorio
908 5221 1144 5291 quodam
1186 5220 1431 5290 sophista
1465 5217 1664 5274 versati
1705 5227 1861 5285 sunt;
1895 5218 1988 5289 qui

413 5318 468 5373 in
497 5316 880 5388 persecutione
910 5313 1228 5370 Maximiani
1256 5311 1629 5369 Christianam
1658 5311 1820 5367 ﬁdem
1865 5311 1986 5377 eju-

505 5514 523 5546 ¹
558 5511 694 5566 Gen.
719 5525 760 5576 ι,
785 5507 877 5563 27.

505 5667 619 5736 (εὖ)
659 5664 983 5736 Γεγονότες
1015 5660 1133 5736 {iga
1147 5652 1447 5736 "Acts-01:9.)
1477 5648 1615 5704 τινί.
1765 5661 1875 5736 quo

438 5714 618 5793 crates
783 5714 994 5802 ἶβέείρ.
1023 5714 1113 5794 3'6,
1134 5714 1353 5802 iSozpm'
1383 5714 1475 5777 lib.
1521 5736 1590 5802 tt,
1632 5734 1754 5802 gap.
1781 5718 1868 5770 5|.
1900 5714 2012 5802 lMe-

440 5787 1058 5864 munitet-"Athanasius
1093 5787 1187 5854 lib.
1242 5798 1316 5851 De
1365 5793 1601 5866 synodis.
1638 5787 1736 5844 Hic
1767 5787 1911 5860 quod
1955 5787 2009 5840 in

973 5506 994 5538 ¹
1030 5499 1217 5556 Matth.
1260 5512 1381 5560 xm,
1413 5493 1503 5549 3i.
1570 5491 1591 5522 ³
1629 5489 1764 5546 ibid.
1790 5490 1879 5545 35.
1952 5487 2182 5542 ‘siattlt.
2225 5503 2354 5551 xxv,
2391 5485 2444 5540 Ι.
2519 5481 2748 5536 'lilatth.
2779 5494 2872 5545 xx,
2905 5477 2955 5534 Ι.

2109 4585 2317 4657 Πατρὸς
2343 4580 2659 4646 ὲξελθεῖν,εί
2687 4578 2780 4630 καὶ
2809 4576 2870 4628 οὐ
2896 4574 3236 4644 γεγέννηται,
3256 4569 3346 4622 διὰ
3367 4568 3427 4622 τὺ
3442 4567 3534 4621 τοῦ
3553 4565 3685 4619 Υἱοῦ

2110 4675 2417 4748 μονογενές.
2447 4667 2615 4735 Οὗτος
2641 4672 2697 4724 δὲ
2723 4673 2751 4723 ὁ
2786 4669 3013 4731 Ἀέτιος,
3049 4663 3453 4738 περισσοτέρως
3480 4662 3676 4734 βουλη-

2109 4771 2220 4834 θεὶς
2257 4768 2572 4837 ἀντιστῆναι
2611 4767 2678 4836 τῇ
2716 4763 2814 4826 τῆς
2853 4758 3108 4831 ἀληθείας
3139 4755 3417 4829 ὁμολογίᾳ,
3459 4755 3582 4808 οὐδὲ
3610 4755 3668 4807 τὸ

2109 4865 2295 4934 ὅμοιον
2323 4861 2456 4915 Υἱοῦ
2481 4859 2615 4931 πρὸς
2644 4855 2864 4926 Πατέρα
2885 4855 3140 4925 πειρᾶται
3167 4850 3469 4921 ὁμολογεῖν.
3501 4849 3563 4902 Οἱ
3589 4845 3688 4918 μὲν

2111 4956 2220 5026 γὰρ
2249 4954 2398 5009 ἄλλοι
2426 4953 2534 5006 τῶν
2573 4947 2885 5021 Ἀρειανῶν,
2909 4945 3019 5000 τῶν
3047 4942 3156 4997 ἀπὺ
3177 4940 3476 4996 Λουκιανοῦ
3501 4957 3558 4992 τε
3594 4939 3688 4992 καὶ

2118 5047 2426 5120 Ὠριγένους
2463 5042 2722 5104 λαϐόντες
2763 5041 2862 5110 τὴν
2906 5038 3199 5108 πρόφασιν,
3240 5033 3524 5103 γεγονότες
3570 5032 3688 5101 ἃμα

2117 5142 2379 5213 Ἀστερίῳ
2411 5139 2520 5193 τινὶ
2556 5137 2666 5207 ι8ϋ)
2698 5134 2806 5189 ἀπὸ
2837 5131 3106 5202 σοφιστῶν
3133 5130 3269 5192 ὁντι,
3310 5126 3598 5181 ἐκπεσόντι
3629 5125 3687 5177 δὲ

2105 5235 2163 5289 ἐν
2192 5234 2268 5305 τῷ
2289 5232 2515 5304 διωγμῷ
2536 5229 2614 5302 τῷ
2639 5229 2730 5282 ἐπὶ
2752 5222 3096 5297 Μαξιμιανοῦ
3124 5221 3392 5290 γεγονότιο
3422 5220 3564 5281 τινες
3591 5218 3687 5287 μὲν

2107 5329 2214 5399 γὰρ
2241 5326 2443 5391 αὐτῶν,
2471 5324 2546 5388 ὡς
2581 5324 2637 5376 ὲν
2671 5323 2788 5382 ταῖς
2823 5319 2935 5374 ἀνω
2967 5333 3059 5389 μοι
3091 5314 3334 5385 αἱρέσεσι
3366 5311 3684 5382 δεδήλωται,

3055 5474 3076 5506 ⁸
3113 5471 3406 5536 Marc.xn,
3442 5467 3534 5522 24.

2115 5641 2494 5714 persecutione
2531 5636 2918 5714 saerifirasset,
2959 5627 3227 5694 ordinari,
3255 5619 3410 5699 quod
3441 5617 3687 5696 apprime

2114 5709 2390 5785 cupiebat,
2421 5726 2533 5766 non
2565 5709 2761 5779 potuit.
