3990 6228
259 389 359 445 521

974 379 1345 434 ADVERSUS
1385 377 1728 433 llAERESES
1770 377 1852 433 ιιι

1964 376 2027 434 ll.
2069 378 2233 436 TOM.
2275 378 2400 435 l.—
2445 379 2720 437 llERES.
2759 379 2990 437 LXXVI.

3428 382 3536 441 529.

258 504 335 558 ’ύτι
364 498 567 570 κτίσμα
595 496 686 551 τὺν
718 495 846 549 Υίὸν
878 494 973 549 τοῦ
1007 497 1142 550 Θεοῦ
1169 498 1401 560 ἕκαστος
1435 496 1544 550 τῶν
1582 513 1841 567 προειρη-

1958 498 2091 551 ravit
2122 516 2135 553 :
2165 513 2289 553 nam
2333 515 2459 554 cum
2502 500 2721 556 illorum
2768 504 3039 569 nonnulli,
3081 512 3139 559 ut
3188 503 3241 558 in
3290 505 3535 575 superio-

259 594 439 665 μένων
459 591 719 665 ὡρίσατο,
753 590 846 643 καὶ
872 588 933 642 τὸ
960 589 1185 660 Πνεῦμα
1212 589 1273 642 τὸ
1303 588 1457 657 ἅγιον
1495 588 1701 658 κτίσμα
1727 589 1844 641 κτί-

260 700 464 755 σματος
511 680 773 746 ἐδίδαξαν·
827 679 972 743 τινὲς
1018 680 1074 733 δὲ
1108 679 1292 747 ἔλεγον
1336 681 1524 750 ὅμοιον
1566 675 1706 734 εἶναι
1752 679 1845 733 τὸν

265 775 387 829 ι’ἰδν
419 772 500 844 τῷ
534 772 729 844 Πατρὶ,
771 771 821 823 ει
859 770 952 823 καὶ
992 767 1197 840 κτίσμα
1227 768 1390 822 αὐτὸν
1422 768 1710 842 ὡρίσαντο.
1745 763 1848 824 Οὖ-

253 886 346 933 τος
371 868 431 921 δὲ
459 868 520 920 τὸ
548 868 659 920 πᾶν
695 868 794 936 τῆς
831 864 1057 919 ἐκείνων
1099 864 1199 935 μὲν
1244 865 1549 937 εἰρωνείας,
1602 863 1736 928 ἰδίας
1791 864 1848 918 δέ

252 961 514 1024 ἀσεϐείας
538 958 857 1029 ἀπεκάλυψε
878 959 1171 1031 τηλαυγῶς
1199 959 1260 1013 τὸ
1291 959 1387 1013 τοῦ
1416 960 1687 1033 δόγματος
1711 959 1848 1031 πρὸς

252 1054 344 1109 τὸν
376 1053 586 1127 Κύριον
615 1052 827 1125 ἀπηνές
858 1068 917 1106 τε
954 1052 1047 1106 καὶ
1076 1051 1450 1122 ἀναίσχυντον.

323 1324 438 1378 Καὶ
471 1324 547 1387 ὡς
579 1322 676 1393 μὲν
705 1320 818 1392 ἔχει
846 1322 877 1393 ἡ
906 1321 1157 1393 ἀλήθεια,
1194 1322 1512 1377 δικαιότατα
1552 1324 1689 1395 πρὸς
1724 1326 1851 1388 τοὺς

248 1416 314 1469 τὸ
343 1416 554 1486 κτίσμα
581 1416 1053 1487 παρεισφέροντας
1088 1413 1431 1468 ἀποτείνεται
1458 1417 1491 1486 ἡ
1523 1417 1717 1470 τούτου
1756 1416 1849 1470 τοῦ

262 1509 479 1563 Ἀετίου
508 1525 567 1561 τε
595 1508 691 1562 καὶ
730 1509 1009 1579 Ἀνομοίου
1046 1508 1343 1581 λεγομένου
1369 1508 1462 1561 τοῦ
1494 1508 1657 1577 λόγου
1688 1510 1849 1580 ἀκρι-

248 1601 499 1669 ϐολογία.
533 1601 651 1654 Πᾶν
691 1600 800 1673 γάρ
840 1600 901 1654 τὺ
939 1601 1161 1655 κτιστὸν
1189 1600 1445 1670 ἀνόμοιον
1476 1600 1740 1671 τυγχάνει
1774 1601 1852 1673 τῷ

247 1694 557 1760 κεκτικότι,
586 1693 689 1747 κᾶν
716 1710 776 1747 τε
806 1695 949 1747 κατὰ
964 1693 1122 1765 χάριν
1138 1694 1474 1765 άφομοιοίτο·
1500 1694 1594 1747 καὶ
1611 1695 1640 1747 6
1659 1694 1854 1759 κτίσας

244 1787 330 1859 τῷ
359 1787 705 1857 κεκτισμένῳ
726 1786 981 1857 ἀνόμοιος
1010 1785 1267 1857 ὑπάρχει,
1293 1787 1452 1841 είκαὶ
1469 1774 1722 1859 χρώμασί
1746 1788 1853 1843 δια-

247 1878 446 1948 φόροις
482 1876 617 1930 αὐτὸ
654 1878 881 1947 κοσμεῖν
920 1875 1259 1947 πειράσοιτοο
1310 1878 1360 1929 εί
1396 1877 1470 1949 μή
1512 1895 1563 1930 τι
1610 1878 1676 1932 ἂν
1722 1878 1858 1949 πρὸς

244 1970 603 2041 ἁπεικασμὸν
652 1970 749 2025 καὶ
797 1970 1168 2041 ἀπεικόνισμα
1212 1970 1355 2024 κατὰ
1405 1971 1639 2041 μίμησιν
1689 1972 1849 2043 μόνον

245 2061 492 2132 Θεωρίας
540 2059 658 2113 ἐστὶ
702 2060 765 2113 τὸ
805 2059 1232 2130 ἐκτυπούμενον.
1287 2061 1400 2115 Καὶ
1449 2062 1525 2125 ὡς
1570 2063 1668 2133 μὲν
1713 2064 1851 2136 πρὸς

261 2152 584 2224 Ἀρειανοὺς
631 2152 759 2215 τοὺς
808 2151 1030 2205 κτιστὸν
1082 2151 1404 2223 νομίζοντας
1452 2153 1544 2207 τὸν
1586 2155 1716 2207 Υίδν
1757 2154 1849 2209 τοῦ

244 2248 393 2303 Θεοῦ
422 2247 600 2302 καὶτὸ
621 2247 777 2316 ἅγιον
806 2246 1031 2318 Πνεῦμα
1062 2246 1285 2317 ἴσχυσεν
1306 2247 1371 2300 ἂν
1399 2248 1427 2300 6
1454 2246 1645 2300 τούτου
1672 2246 1848 2316 λόγος,

246 2341 333 2404 ὡς
362 2341 459 2399 καὶ
482 2338 709 2411 ὕστερον
732 2338 824 2393 ὑπ’
849 2338 1032 2393 αὐτῶν
1062 2338 1173 2392 τῶν
1209 2338 1505 2409 Ἀρειανῶν
1533 2340 1671 2409 (87),
1709 2340 1851 2411 φημὶ

244 2433 309 2485 δὲ
331 2431 442 2485 τῶν
473 2430 604 2502 περὶ
633 2430 881 2495 Εὐδόξιον
906 2430 1001 2483 καὶ
1050 2429 1365 2500 Μηνόφιλον
1394 2431 1488 2483 καὶ
1518 2430 1734 2495 ἄλλους,
1758 2432 1853 2484 καὶ

246 2523 638 2587 ἀποσύνακτος
665 2522 962 2594 γενόμενος
994 2521 1284 2594 διήλεγχεν
1316 2523 1410 2577 ἐπὶ
1446 2523 1539 2576 τοῦ
1586 2523 1852 2595 βασιλέως

246 2616 401 2669 τότεο
436 2615 522 2669 ὅτι
625 2614 857 2678 Ὀποίως
896 2613 1051 2668 αὐτοὶ
1082 2613 1319 2686 ἔχουσιν,
1348 2614 1461 2684 ἐγὼ
1490 2614 1619 2686 ἔχω,
1652 2614 1729 2680 ὡς
1756 2615 1853 2670 καὶ

247 2707 411 2762 αὐτοὶ
451 2708 676 2771 πάντες*
718 2706 835 2761 ἀλλ’
864 2706 893 2759 ὃ
927 2707 985 2761 ἐν
1013 2706 1139 2777 ἐμοὶ⁵
1165 2706 1384 2778 ἀληθὲς,
1415 2706 1569 2760 αὐτοὶ
1604 2709 1855 2779 κρυπτά-

250 2802 433 2866 ζουσι·
468 2801 565 2855 καὶ
595 2801 624 2855 δ
657 2801 768 2870 ἐγὼ
800 2800 1090 2873 τηλαυγῶς
1114 2800 1400 2870 ύποφαίνω
1450 2800 1547 2855 καὶ
1579 2800 1849 2872 ὁμολογῶ,

248 2888 407 2957 οὗτοι
435 2895 637 2959 πάντες
665 2894 735 2948 τὰ
771 2894 911 2949 αὐτὰ
940 2894 1179 2962 λέγουσι,
1212 2893 1619 2966 κρυπτάζονται
1649 2895 1728 2960 δὲ,
1755 2894 1851 2947 τοῦ

251 2988 382 3041 τότε
407 2988 422 3019 ¹
470 2986 754 3057 βασιλέως.
798 2988 914 3041 Οὐκ
969 2987 1230 3052 ἐναντίως
1276 2986 1493 3057 ἔχοντος
1556 2990 1693 3058 πρὸς
1756 2987 1852 3058 τὴν

266 3079 559 3152 ’Δρειανὴν
603 3079 1070 3151 δραματουργίαν,
1108 3078 1245 3132 ἀλλὰ
1286 3077 1447 3149 δῆθεν
1485 3077 1732 3131 εὐσεϐεῖν
1761 3093 1851 3129 νο-

256 3173 533 3244 μίζοντος.
568 3172 640 3225 Τὸ
667 3173 765 3243 μὲν
796 3173 904 3243 γὰρ
939 3172 1146 3242 κτίσμα
1174 3171 1455 3242 ὁμολογεῖν
1483 3170 1576 3224 τὸν
1606 3170 1735 3223 Υίὸν
1756 3169 1850 3222 τοῦ

1953 585 2108 640 ribus
2162 586 2464 644 lueresibus
2512 590 2877 659 ostendimus,
2922 592 3122 648 Filium
3170 592 3266 650 Dei
3314 602 3537 651 creatu-

1952 690 2095 742 ram,
2140 678 2403 749 Spiritum
2437 696 2568 735 vero
2623 690 2873 737 sanctum
2922 692 3189 740 creatum
3230 697 3537 742 creaturam

1952 783 2076 824 esse
2105 769 2417 836 docuerint,
2452 772 2546 826 alii
2572 772 2666 843 qui
2697 787 2991 830 commune
3019 776 3151 832 illud
3185 777 3251 833 de
3284 785 3537 834 creatura

1954 869 2228 927 tenerent,
2272 862 2469 917 Filium
2501 864 2653 918 Patri
2688 865 2921 921 similem
2954 881 3079 922 esse
3104 868 3345 925 confessi
3386 881 3537 929 sunt.

1952 953 2022 1006 At
2060 953 2251 1010 Aetius
2293 954 2400 1010 iste
2443 970 2662 1011 omnem
2713 956 2933 1011 illorum
2976 959 3379 1017 cavillationem
3414 980 3540 1019 cum

1955 1047 2240 1117 impietate
2292 1065 2392 1105 sua
2444 1052 2724 1122 propalam
2771 1067 2883 1122 pra:
2936 1069 2996 1108 se
3048 1053 3252 1123 ferens,
3304 1056 3542 1112 immane

1953 1148 2144 1193 contra
2200 1140 2494 1196 Dominum
2524 1151 2579 1198 et
2613 1143 3152 1213 impudentissimum
3188 1147 3385 1218 dogma
3418 1164 3540 1219 pro-

1954 1232 2156 1302 posuit.

2024 1324 2230 1395 Atque,
2268 1332 2328 1378 ut
2366 1338 2601 1396 ingenue
2630 1323 2823 1389 fatear,
2858 1327 2998 1381 Aetii
3032 1328 3219 1399 hujus,
3253 1332 3368 1388 sive
3401 1332 3543 1387 Ano-

1954 1416 2084 1472 mtei
2127 1417 2350 1472 subtilis
2394 1417 2486 1472 illa
2533 1418 2675 1475 ratio
2712 1418 2837 1474 illos
2883 1428 3030 1474 recta
3069 1436 3132 1476 ac
3167 1424 3361 1478 merito
3408 1427 3544 1495 petit

1955 1510 2047 1580 qui
2078 1508 2278 1564 Filium
2325 1510 2421 1565 Dei
2458 1519 2769 1565 creaturam
2804 1527 2927 1568 esse
2968 1512 3288 1569 defendunt.
3326 1514 3541 1571 Etenim

1954 1599 2227 1671 quidquid
2269 1610 2518 1655 creatum
2560 1609 2664 1665 est,
2704 1601 2939 1655 creatori
2986 1616 3087 1656 suo
3116 1602 3386 1658 dissimile
3432 1611 3541 1669 est,

1955 1691 2176 1748 tametsi
2212 1707 2311 1763 per
2338 1692 2573 1763 gratiam
2604 1692 2857 1747 nonnihil
2893 1693 3263 1764 assimiletur;
3298 1703 3354 1750 et
3384 1710 3543 1751 crea-

1955 1792 2045 1839 tor
2070 1785 2184 1853 ipse
2238 1784 2317 1839 rei
2372 1798 2402 1837 a
2451 1798 2512 1839 se
2559 1795 2755 1839 creatae
2807 1783 3093 1840 dissimilis
3128 1794 3236 1849 est.
3292 1788 3544 1857 quamvis

1893 1890 1932 1944 Β
1962 1878 2136 1934 variis
2163 1892 2284 1933 eam
2320 1877 2601 1932 coloribus
2636 1878 2909 1947 perpolire
2937 1879 3254 1944 contendat,
3294 1880 3403 1935 nisi
3438 1880 3546 1935 eili-

1957 1970 2099 2039 giem
2155 1969 2450 2041 quamdam
2511 1977 2565 2024 et
2606 1969 3082 2025 adumbrationem
3140 1971 3197 2025 in
3246 1986 3335 2039 eo,
3395 1973 3540 2043 quod

1956 2056 2282 2130 expressum
2335 2067 2443 2128 est,
2488 2061 2670 2116 inesse
2711 2059 2984 2125 dicamus,
3021 2076 3145 2131 quae
3184 2061 3252 2116 ad
3297 2072 3547 2117 contem-

1958 2152 2221 2221 plationis
2297 2151 2663 2206 imitationem
2726 2152 2982 2221 pertinet.
3040 2151 3224 2218 Quare
3279 2152 3546 2210 adversus

1960 2245 2220 2305 Arianos.
2254 2244 2346 2314 qui
2375 2242 2466 2299 Dei
2499 2242 2697 2297 Filium
2726 2251 2969 2297 creatum
3002 2230 3125 2299 esse
3149 2255 3363 2314 putant.
3395 2246 3546 2303 illius

1962 2333 2295 2405 procedebat
2326 2334 2487 2398 ratio,
2514 2332 2681 2403 916
2712 2333 2858 2388 unde
2885 2342 3099 2403 postea,
3131 2350 3255 2389 cum
3284 2336 3354 2391 ab
3384 2334 3548 2391 Aria-

1957 2426 2048 2482 nis
2076 2425 2236 2496 ipsis,
2274 2424 2380 2479 hoc
2419 2431 2507 2479 est
2549 2423 2800 2478 Eudoxio
2846 2432 2900 2479 et
2942 2423 3257 2495 Menophilo
3294 2440 3360 2482 ac
3420 2428 3550 2483 reli-

1957 2517 2122 2589 quis,
2160 2515 2553 2571 communione
2577 2515 2831 2585 privatus
2879 2526 3044 2580 esset,
3089 2518 3310 2573 eosdem
3360 2533 3546 2574 coram

1960 2609 2298 2681 imperatore
2344 2608 2650 2678 redarguit,
2710 2623 2970 2665 asserens
3007 2608 3149 2665 idem
3210 2625 3270 2667 se
3306 2611 3547 2681 proﬁteri

1960 2716 2026 2756 ac
2075 2702 2283 2758 sentire
2318 2716 2445 2756 cum
2480 2701 2591 2757 illis
2637 2688 2900 2758 omnibus
2929 2719 2943 2756 :
2982 2700 3205 2770 Verum,
3240 2703 3545 2774 inquiebat,

1959 2793 2105 2864 quod
2156 2809 2325 2864 penes
2376 2809 2463 2849 me
2513 2809 2706 2848 verum
2761 2801 2866 2858 est,
2923 2793 3014 2850 isti
3060 2794 3442 2864 dissimulant;
3493 2806 3551 2853 ct

1958 2887 2103 2957 quod
2156 2901 2259 2957 ego
2308 2901 2422 2958 pra:
2470 2900 2558 2940 me
2609 2883 2732 2939 fero
2774 2900 2838 2939 ac
2902 2886 3079 2956 palam
3130 2885 3418 2951 conﬁteor,
3469 2888 3549 2942 illi

1958 2995 2151 3034 omnes
2198 2994 2309 3033 non
2352 2978 2674 3043 dillitentur,
2712 2976 2807 3031 sed
2856 2975 3231 3031 fraudulenter
3261 2978 3545 3048 obtegnnt.

1960 3068 2171 3123 Etenim
2204 3067 2300 3138 qui
2336 3076 2454 3122 tum
2494 3068 2819 3138 imperabat,
2872 3067 2940 3122 ab
2983 3067 3185 3121 Ariana
3225 3068 3316 3122 illa
3353 3076 3550 3138 tragic-

1959 3161 2048 3216 dia
2080 3175 2432 3232 nequaquam
2468 3158 2817 3224 abhorrebat,
2859 3158 2953 3214 sed
3003 3158 3057 3212 in
3089 3173 3150 3213 ea
3185 3160 3387 3214 tuenda
3426 3161 3546 3229 pie-

251 3262 397 3317 Θεοῦ
440 3263 902 3335 παραιτούμενος,
957 3263 1281 3335 ἠγανάκτει,
1333 3263 1428 3317 καὶ
1470 3264 1551 3326 εἰς
1595 3254 1851 3334 ὑπερορι-

1958 3261 2123 3307 tatem
2176 3266 2241 3307 ac
2265 3251 2587 3322 religionem
2617 3250 2802 3304 inesse
2833 3249 2937 3305 sibi
2964 3257 3338 3319 persuaserat.
3372 3251 3548 3307 ldcm-

255 3354 399 3425 σμὸν
423 3353 743 3422 κατέταξεν,
774 3355 849 3419 ὼς
876 3355 989 3410 ἄνω
1017 3354 1437 3427 προδεδήλωται.

332 3624 407 3675 Δ’.
448 3618 731 3675 Ἐντεῦθεν
765 3620 908 3691 ἁρχὴ
951 3620 1051 3688 τῆς
1099 3620 1364 3691 αἱρέσεως
1407 3620 1721 3691 γεγένηται·
1756 3620 1853 3673 καὶ

254 3712 371 3766 ἀπὸ
404 3711 502 3781 τῆς
552 3713 682 3782 μιᾶς
727 3711 1040 3774 ὑποθέσεως
1078 3713 1159 3774 είς
1192 3710 1397 3784 πολλὴν
1442 3710 1631 3764 κακῶν
1678 3711 1853 3783 φορὰν

257 3803 452 3875 ἀρθεὶς
481 3804 510 3856 6
539 3801 678 3873 ἀνὴρ
710 3802 809 3873 τὴν
837 3802 1098 3865 διάνοιαν,
1134 3801 1324 3865 δεινῶς
1358 3803 1702 3874 κατέτρωσεν
1726 3803 1849 3855 ὲαυ-

257 3893 358 3948 τοῦ
384 3895 483 3965 τὴν
512 3892 689 3963 ψυχὴν
747 3892 839 3946 καὶ
871 3891 980 3945 τῶν
1018 3890 1245 3965 [αὐτῶν]
1278 3891 1429 3961 αὐτῷ
1498 3891 1849 3947 πεισθέντων.

273 3982 717 4055 Ἐφαντασιάσθη
764 3982 873 4053 γὰρ
923 3974 1079 4045 οὗτος
1120 3980 1344 4053 ὕστερον
1383 3982 1557 4033 εἰπεῖν
1595 3981 1756 4044 αὑτός
1793 3997 1852 4033 τε

260 4077 364 4133 καὶ
400 4078 449 4129 οί
489 4076 581 4129 ὑπ’
625 4074 788 4128 αὐτοῦ
842 4071 1341 4145 μεμαθητευμένοι,
1388 4071 1471 4124 ὃτι
1506 4088 1526 4123 ι
1564 4071 1786 4134 Οὕτως,
1830 4090 1848 4123 ι

260 4162 424 4233 φησὶ,
472 4181 491 4214 ι
527 4160 618 4215 τὸν
648 4160 782 4213 Θεὸν
812 4160 1115 4230 ἐπίσταμαι
1142 4156 1579 4227 τηλαυγέστατα,
1611 4156 1706 4209 καὶ
1738 4173 1856 4209 τοσ-

259 4253 424 4307 οῦτον
470 4250 631 4306 αὐτὸν
674 4250 1000 4320 ἐπίσταμαι,
1049 4248 1147 4301 καὶ
1189 4242 1328 4311 οἶδα,
1373 4246 1514 4300 ὥστε
1551 4246 1625 4317 μὴ
1660 4245 1854 4299 εἰδέναι

261 4343 526 4414 ἐμαυτὸν,
565 4341 640 4405 ὼς
681 4339 815 4393 Θεὸν
858 4337 1111 4410 [μᾶλλον]
1165 4336 1485 4406 ἐπίσταμαι.
1526 4354 1542 4385 ι
1588 4332 1760 4386 Ἀλλα
1798 4332 1854 4386 δὲ

262 4436 367 4489 ὅσα
398 4436 524 4505 περὶ
550 4432 737 4486 τούτου
764 4431 1104 4500 ἀκηκόαμεν,
1134 4428 1317 4492 καθὼς
1338 4426 1526 4492 δεινῶς
1555 4426 1584 4479 ό
1613 4423 1855 4489 διάϐολος

263 4526 390 4580 κατ’
420 4524 587 4579 αὐτοῦ
629 4525 1037 4595 ἐμηχανήσατο,
1090 4520 1270 4591 ψυχὰς
1316 4517 1618 4589 ἀνθρώπων
1671 4517 1857 4569 δελεα-

1953 3361 2060 3416 que
2092 3343 2293 3398 Filium
2325 3351 2637 3398 creaturam
2685 3357 2811 3397 esse
2852 3341 2961 3396 dici
2997 3341 3284 3398 molestius
3316 3342 3545 3408 ferebat,

1955 3437 2295 3507 proindeque
2347 3436 2565 3491 Aetium
2618 3436 2672 3489 in
2709 3434 2966 3490 exsilium
3010 3435 3241 3506 relegari
3266 3435 3453 3506 jussit,
3488 3442 3548 3489 ut

1960 3538 2119 3584 antea
2153 3527 2520 3583 narravimus.

2024 3619 2116 3673 ιν.
2159 3618 2299 3673 llinc
2339 3633 2494 3673 novae
2530 3617 2756 3673 hmresis
2791 3615 3092 3687 primordia
3119 3616 3359 3673 conflata
3394 3625 3548 3694 sunt,

1951 3718 2115 3780 atque
2141 3725 2206 3764 ex
2237 3709 2341 3763 hoc
2375 3723 2485 3762 uno
2511 3715 2837 3777 argumento
2878 3707 3245 3776 multiplicem
3281 3706 3348 3761 ad
3380 3707 3552 3761 malo-

1956 3818 2077 3856 rum
2132 3810 2371 3871 segetem
2429 3799 2674 3854 baarctici
2727 3799 2968 3853 hominis
3010 3798 3263 3854 sublatus
3305 3798 3546 3866 animus,

1956 3902 2065 3945 tam
2115 3892 2222 3946 sibi
2278 3906 2442 3961 quam
2478 3890 2594 3945 suis
2642 3890 3026 3960 gravissimam
3072 3890 3283 3959 plagam
3325 3888 3545 3945 inﬂixit.

1952 3982 2055 4049 Qui
2093 3982 2314 4053 quidem
2357 3996 2549 4036 omnes
2590 3989 2796 4034 tantam
2848 3980 2916 4035 ad
2962 3981 3261 4035 caecitatem
3312 3979 3550 4035 insolen-

1955 4074 2200 4144 tiamque
2250 4072 2496 4142 provecti
2540 4080 2688 4137 sunt,
2742 4079 2801 4125 ut
2854 4072 2987 4126 illud
3043 4071 3204 4141 vulgo
3227 4071 3544 4140 jactarent:

1961 4185 1979 4218 ι
2010 4166 2143 4218 Tam
2178 4164 2465 4233 perspicue
2504 4162 2674 4218 Deum
2724 4163 2871 4227 novi,
2922 4177 2986 4216 ac
3021 4170 3228 4216 tantam
3267 4162 3414 4217 illius
3449 4177 3550 4217 no-

1954 4255 2132 4309 titiam
2177 4270 2299 4309 smn
2358 4262 2715 4318 consecutus,
2778 4261 2837 4307 ut
2882 4269 2949 4308 ne
3006 4253 3272 4322 meipsum
3328 4254 3547 4323 quidem
3612 4288 3626 4306 .

1956 4346 2151 4402 melius
2184 4361 2346 4416 quam
2381 4344 2552 4400 Deum
2587 4345 2854 4400 noverim.
2888 4363 2906 4398 ι
2942 4344 3083 4399 Sunt
3126 4352 3181 4399 et
3244 4345 3348 4399 alia
3381 4361 3546 4416 quam

1956 4439 2213 4509 plurima,
2244 4452 2365 4508 quae
2392 4438 2460 4492 de
2494 4438 2683 4492 eodem
2714 4438 3050 4509 accepimus,
3088 4436 3546 4508 quemadmodum

1958 4547 2055 4603 per
2101 4532 2250 4585 illum
2285 4530 2539 4586 diabolus
2573 4532 2835 4599 majorem
2886 4530 2942 4584 in
2982 4530 3204 4584 modum
3255 4529 3309 4583 id
3352 4530 3544 4599 egerit,

266 4618 508 4672 σθέντων
543 4593 829 4671 ἀπολέσαι.
868 4593 986 4668 Καὶ
1014 4613 1123 4686 γὰρ
1154 4612 1254 4665 οὐκ
1284 4611 1474 4679 ἄγεται
1505 4610 1691 4673 αὐτοῖς
1726 4609 1852 4679 περὶ

1965 4633 2023 4678 ut
2054 4631 2299 4694 captatas
2339 4622 2620 4677 hominum
2652 4623 2866 4678 animas
2909 4623 2964 4677 in
3014 4624 3241 4679 exilium
3281 4623 3541 4679 traherer.

265 4709 389 4781 βίου
420 4709 767 4778 σεμνότητος,
811 4707 874 4760 ού
926 4705 1056 4777 περὶ
1093 4703 1378 4775 νηστειῶν,
1409 4702 1469 4754 οὐ
1509 4702 1637 4771 περὶ
1669 4700 1856 4754 ἐνταλ-

268 4801 461 4871 μάτων
495 4798 654 4860 Θεοῦ,
690 4799 751 4851 ού
783 4798 911 4869 περί
942 4814 1087 4861 τινος
1120 4796 1306 4866 ἐτέρου
1336 4792 1445 4847 τῶν
1483 4795 1561 4856 είς
1594 4792 1739 4863 ζωὴν
1765 4792 1858 4845 άν-

265 4889 514 4961 ορώποις
533 4892 597 4943 ἐκ
621 4888 756 4942 Θεοῦ
780 4887 1294 4961 προστεταγμένων,
1320 4886 1352 4957 ἦ
1386 4886 1544 4956 μόνον
1567 4886 1856 4956 πρόχειρος

266 4984 456 5045 αὐτοῖς
490 4983 517 5035 6
552 4981 708 5049 λόγος
758 4980 826 5034 δι’
870 4980 987 5042 ἐνὸς
1028 4980 1272 5050 ῥήματος
1305 4976 1366 5031 τὸ
1400 4977 1527 5029 πᾶν·
1562 4975 1638 5038 ὡς
1664 4975 1718 5028 εἴ
1745 4993 1851 5039 τις,

266 5074 382 5127 ἀπὸ
411 5074 539 5144 νηὸς
574 5073 761 5143 ῥίψας,
790 5074 885 5126 καὶ
915 5071 1013 5142 τὴν
1049 5074 1228 5124 πᾶσαν
1264 5069 1494 5140 ἐκϐολὴν
1527 5068 1622 5121 τοῦ
1654 5068 1855 5132 παντὸς

268 5164 474 5233 φόβου
509 5163 760 5235 ποιήσας,
793 5162 1041 5235 κατάσχῃ
1073 5162 1130 5216 δέ
1166 5162 1224 5215 ἐν
1252 5178 1305 5214 τι
1338 5160 1445 5213 τῶν
1489 5162 1547 5213 ἐν
1579 5160 1656 5232 τῷ
1688 5160 1858 5231 πλοίῳ

268 5254 723 5327 ἐμὸεϐλημένων,
758 5255 1006 5326 κεράμου
1040 5254 1100 5307 τέ
1132 5270 1273 5325 φημι
1303 5252 1337 5323 ἧ
1367 5269 1511 5315 τινος
1541 5252 1752 5323 ἐτέρου,
1782 5252 1858 5316 ὡς

267 5347 531 5405 δύνασθαι
555 5349 622 5401 δι’
645 5349 764 5413 ἐνὸς
794 5348 1022 5412 σκεύους
1048 5347 1139 5402 τὸν
1170 5347 1350 5403 πάντα
1384 5346 1576 5402 πόντον
1605 5347 1860 5420 διανήξα-

352 5523 373 5556 ¹
404 5527 467 5586 F.
515 5529 678 5584 Ἀλλά
698 5530 791 5584 τοῦ
820 5529 966 5584 τότε.

346 5682 463 5753 (87)
497 5682 782 5751 Ὕστερον
828 5684 929 5739 ὑπ’
988 5683 1186 5739 αὐτῶν
1237 5684 1355 5738 τῶν
1409 5683 1740 5753 Ἀρειανῶν.
1776 5686 1860 5740 Ab

272 5752 643 5826 iisgvidelieet
689 5755 995 5826 episcopis,
1052 5756 1145 5826 qui
1196 5770 1262 5810 ex
1317 5752 1549 5826 utroque
1595 5756 1856 5820 concilio,

271 5824 615 5881 Ariminensi
665 5824 735 5879 ac
781 5824 1158 5889 Seleuciensi,
1211 5824 1740 5896 Constantinopolim
1790 5826 1858 5880 ad

682 5924 951 5983 ΡΑτιιοι..
994 5925 1107 5983 (in.
1149 5923 1340 5983 XLII.

1964 4713 2175 4769 Etenim
2202 4714 2351 4769 nulla
2386 4714 2529 4784 apud
2556 4714 2678 4769 illos
2700 4731 2833 4770 cura
2867 4715 3172 4770 sanctitatis
3192 4721 3314 4779 est;
3349 4713 3549 4782 autje—

1959 4805 2266 4877 juniorum,
2321 4817 2415 4861 aut
2464 4807 2845 4861 mandatorum
2900 4804 2995 4860 Dei
3032 4816 3419 4861 caaterarumve
3457 4819 3546 4858 re-

1964 4911 2115 4954 rum.
2146 4912 2267 4965 qua:
2308 4894 2623 4951 hominibus
2663 4896 2849 4950 divino
2903 4896 3161 4950 mandato
3215 4896 3542 4966 praescripta!

1958 4995 2106 5043 sunt.
2144 4987 2318 5058 Atque
2350 4989 2417 5043 ad
2468 4989 2649 5043 omnia
2700 5004 2868 5042 unum
2918 4987 2972 5041 in
3015 4988 3267 5058 promptu
3315 4986 3542 5041 verbum

1959 5078 2068 5133 illis
2099 5086 2178 5133 est
2214 5097 2226 5131 :
2264 5080 2318 5132 in
2358 5096 2467 5150 quo
2506 5079 2732 5150 perinde
2769 5080 2876 5135 illis
2911 5080 3123 5135 accedit
3171 5094 3233 5133 ac
3266 5077 3543 5146 naviganti

1964 5170 2152 5238 alicui,
2188 5173 2280 5241 qui
2313 5173 2581 5242 ejectione
2612 5173 2875 5228 mercium
2904 5172 3147 5226 omnium
3181 5169 3345 5233 facta,
3378 5166 3541 5237 quid-

1963 5263 2106 5333 piam
2137 5278 2346 5329 eorum,
2379 5280 2501 5334 quae
2532 5264 2586 5318 in
2611 5280 2804 5320 navem
2838 5263 3092 5332 imposita
3122 5271 3271 5327 sunt,
3302 5259 3542 5315 retinue-

1964 5351 2055 5416 rit,
2093 5360 2224 5422 puta
2264 5351 2429 5409 ﬁctile
2472 5353 2693 5426 aliquod
2748 5369 2867 5420 vas,
2904 5359 2998 5406 aut
3032 5351 3257 5406 alterius
3301 5351 3539 5422 generis,

1966 5682 2347 5760 Constantium
2410 5676 2818 5760 missi__erant:
2858 5683 3187 5760 quibuscum
3245 5687 3541 5760 disputavit

1968 5756 2174 5813 Aetius.
2211 5757 2547 5813 Sozomenus
2571 5755 2664 5810 lib.
2707 5771 2777 5819 Iv,
2825 5768 2943 5825 cap.
2986 5755 3071 5809 22.

3236 5923 3307 5980 17
