3990 6228
461 367 576 427 525

1839 361 1894 415 S.
1938 357 2274 414 I'IPIPIIANII

3607 365 3704 425 594

467 491 630 557 cujus
662 483 912 556 praesidio
935 491 1106 536 totum
1153 496 1300 536 mare
1342 479 1521 533 nando
1571 477 1824 548 trajicere
1855 493 1916 532 ac
1951 493 2038 531 sa-

2145 477 2286 542 σθαι,
2321 475 2412 530 καὶ
2445 475 2718 547 σωτηρίαν
2751 475 2930 547 ἑαυτῷ
2961 477 3453 548 προσπορίσασθαιο
3485 480 3702 549 σφαλένο

473 584 638 636 lutem
663 592 982 647 comparare
1011 576 1111 630 sibi
1151 583 1354 644 possn;
1382 574 1473 642 qui
1515 572 1560 626 si
1595 572 1778 640 aliquo
1811 569 2038 625 fortasse

471 688 600 728 casn
633 670 920 733 exciderit,
951 681 1126 738 neque
1175 683 1238 720 ex
1289 665 1382 718 illo
1413 679 1556 726 vase,
1589 678 1750 731 quem
1785 662 2039 730 sperabat

469 761 975 829 exitumconsequi
1019 759 1276 828 potuerit,
1311 765 1422 810 tum
1457 769 1586 810 vero
1621 754 1876 808 fluctibus
1905 754 2039 806 hau-

469 863 590 910 stus
625 861 796 907 totum
833 851 936 906 hoc
969 849 1242 919 negotium
1274 862 1398 902 cum
1433 847 1608 900 salute
1637 845 1992 914 pessundabit
2019 864 2032 898 τ

469 945 550 1000 sic
603 943 794 996 Aetius
848 939 1076 1010 ejusque
1133 945 1430 992 sectatores
1480 936 1728 991 Anomcei
1783 934 1928 1004 quod
1985 935 2036 988 in

468 1034 762 1104 Erangelio
813 1032 1020 1086 dictum
1066 1046 1096 1084 a
1136 1029 1368 1082 Domino
1397 1028 1594 1097 legitur
1642 1026 1930 1082 afferentes
1983 1028 2036 1082 in

469 1127 729 1189 medium,
783 1123 964 1178 verbis
1007 1121 1226 1191 quidem
1255 1119 1388 1190 ipsis
1437 1123 1684 1182 utuntur,
1718 1116 1812 1172 sed
1849 1132 2036 1172 eorum

464 1219 575 1271 vim
607 1232 729 1270 cum
763 1223 909 1270 recte
937 1229 1045 1268 non
1091 1212 1415 1277 intelligant,
1447 1209 1664 1280 utrique
1695 1209 2040 1264 vehementer

467 1316 742 1365 a':et'rattt.
773 1310 909 1364 Cum
950 1307 1095 1361 enim
1132 1318 1432 1360 occurrens
1472 1303 1540 1358 iis
1587 1300 1790 1372 aliquis
1825 1301 2040 1354 divino—

468 1417 588 1456 rum
621 1405 1010 1469 prmceptorum
1037 1394 1366 1449 mentionem
1397 1392 1592 1460 injicit,
1619 1405 1684 1444 ex
1715 1391 1856 1444 illius
1875 1388 2038 1459 917

465 1493 794 1547 auctoritate
837 1488 972 1544 dicti
1023 1487 1366 1560 subjiciunt:
1407 1504 1424 1536 ι
1455 1483 1600 1537 Nihil
1630 1482 1776 1536 aliud
1813 1497 1842 1536 a
1879 1483 2040 1538 nobis

463 1585 710 1654 ﬂagitare
733 1581 922 1644 Deum,
941 1593 1105 1650 quam
1129 1585 1188 1631 ut
1208 1589 1604 1647 cognoscamus
1631 1575 1832 1643 ipsum,
1859 1588 2044 1644 quem:

463 1673 757 1730 admodum
789 1671 1042 1726 Christus
1071 1667 1368 1723 declaravit
1400 1666 1484 1722 his
1513 1665 1698 1722 verbis
1725 1680 1738 1716 :
1775 1663 1856 1718 Da
1888 1665 2035 1732 ipsis,

469 1768 655 1830 Pater,
693 1765 966 1816 habere-in
1000 1761 1186 1827 seipsis
1217 1759 1398 1812 vitam.
1436 1757 1561 1812 Ila’c
1585 1767 1662 1812 est
1705 1769 1880 1810 autem
1907 1756 2036 1819 vita,

2138 586 2228 633 τος
2247 569 2304 622 δὲ
2331 569 2424 622 τοῦ
2453 567 2718 628 τοιούτου,
2751 568 2845 622 καὶ
2863 569 2962 638 οὐχ
2985 569 3062 632 ὼς
3093 569 3442 640 ὑπελάμϐανε
3467 572 3700 642 περὶτοῦ

2141 661 2278 729 μετὰ
2305 663 2462 731 χεῖρα
2487 659 2712 722 σκεύους
2735 659 2798 710 τὸ
2827 659 2999 730 πέρας
3031 660 3304 730 εὑρόντος,
3341 661 3570 732 ὕστερον
3589 663 3702 716 ὑπο-

2139 751 2362 824 ϐρυχίου
2389 753 2692 820 γεγονότος,
2717 753 2972 804 ἐκπεσεῖν
3001 752 3100 822 τῆς
3126 751 3303 822 πάσης
3331 755 3702 824 πραγματείας

2137 861 2196 898 τε
2225 845 2318 898 καὶ
2349 845 2642 914 σωτηρίας·
2671 845 2814 899 οὕτω
2840 845 2934 898 καὶ
2963 835 3118 910 οὗτος
3145 847 3173 898 ό
3223 846 3425 910 Ἀέτιος
3457 849 3554 900 καὶ
3581 851 3628 900 οἱ
3649 849 3702 914 ἐξ

2137 933 2306 988 αὑτοῦ
2346 934 2636 1004 ’Λνόμοιοι,
2663 934 2746 998 εἰς
2769 933 2932 1003 μέσον
2959 933 3218 1004 φέροντες
3247 935 3309 988 τὸ
3341 935 3504 1006 ῥητὸν
3528 936 3588 988 τὺ
3607 937 3704 990 ὐπὺ

2136 1025 2230 1078 τοῦ
2277 1026 2483 1097 Κυρίου
2535 1026 2592 1078 ἐν
2635 1025 2712 1096 τῷ
2757 1025 3076 1096 Εὐαγγελίῳ
3121 1025 3433 1096 εἰρημένον,
3481 1027 3580 1096 τὴν
3611 1025 3703 1096 μὲν

2137 1115 2279 1180 λέξιν
2311 1115 2664 1187 ὑφηγοῦνται,
2707 1117 2806 1186 τὴν
2848 1115 2904 1168 δὲ
2937 1116 3109 1184 αὐτῆς
3140 1115 3370 1186 δύναμιν
3407 1119 3508 1170 οὐκ
3538 1119 3702 1189 ὀρθῶς

2139 1209 2477 1278 κατέχοντες,
2519 1208 2812 1275 σφάλλεται
2861 1207 2954 1260 καὶ
3007 1209 3350 1276 σφάλλονται.
3397 1211 3566 1262 Ὅταν
3603 1211 3704 1282 γὰρ

2137 1299 2318 1362 αὐτοῖς
2351 1296 2662 1367 περιτύχοιέ
2689 1313 2795 1359 τις,
2833 1297 2926 1350 καὶ
2947 1297 3074 1366 περὶ⁸
3098 1297 3326 1350 ὲντολῶν
3351 1298 3700 1371 ὑπομνήσειε.

2137 1387 2294 1442 τοῦτο
2323 1387 2644 1456 φάσκουσιν,
2675 1387 2750 1452 ὡς
2777 1386 2880 1456 ἔφη
2919 1387 2980 1440 τὸ
3013 1387 3196 1456 ῥητὸν,
3229 1388 3310 1440 ὅτι
3345 1407 3363 1438 ι
3397 1389 3564 1442 Οὐδὲν
3591 1391 3702 1444 ’ἐτε-

2141 1482 2233 1553 ρόν
2277 1482 2424 1534 ἐστιν
2468 1481 2496 1534 ὃ
2535 1480 2688 1552 ζητεῖ
2717 1479 2848 1542 Θεὸς
2883 1481 3013 1552 παρ’
3069 1481 3244 1550 ἡμῶν,
3283 1482 3399 1535 ἀλλ’
3439 1483 3530 1536 ἵνα
3559 1485 3704 1552 τινῶ-

2139 1589 2358 1641 σκωμεν
2387 1570 2551 1624 αὑτὸν
2585 1571 2764 1642 μόνον,
2795 1570 2872 1634 ὡς
2909 1571 3002 1624 καὶ
3025 1571 3054 1623 ὁ
3087 1571 3320 1642 Χριστὸς
3359 1573 3490 1644 ἔφη,
3527 1577 3702 1645 φησὶν,

2137 1663 2196 1716 ἐν
2225 1663 2301 1733 τῷ
2342 1663 2744 1732 λέγειναὺτόν·
2789 1661 2898 1728 Δὸς
2935 1661 3162 1728 αὐτοῖς,
3201 1662 3412 1734 Πάτερ,
3457 1666 3621 1734 ἔχειν
3643 1667 3708 1720 ἐν

2139 1754 2372 1820 ἑαυτοῖς
2397 1755 2566 1822 ζωήν.
2585 1755 2755 1822 ,Αὕτη
2776 1753 2842 1809 δέ
2867 1755 3038 1808 ἐστιν
3051 1756 3090 1824 ἡ
3107 1754 3240 1824 ζωὴ,
3257 1757 3357 1810 ἵνα
3378 1758 3708 1826 γινώσκωσι

463 1868 522 1911 ut
549 1862 866 1925 cognoscant
901 1863 947 1908 te
975 1852 1149 1906 solum
1175 1867 1353 1906 verum
1380 1850 1568 1914 Deum,
1596 1857 1644 1902 et
1675 1864 1823 1918 quem
1849 1847 2040 1901 misisti

2145 1859 2213 1898 σε
2245 1844 2352 1898 τὸν
2381 1821 2574 1914 μόνον
2593 1821 2882 1913 ἀληθινὸν
2908 1821 3089 1910 Θεὸν..
3119 1821 3219 1900 καί
3251 1846 3324 1900 ὃν
3353 1821 3710 1916 ἀπέστειλας

463 1946 646 2003 Jesum
693 1945 1024 2000 Clu-istum'.
1053 1961 1072 1994 ι
1129 1941 1261 1996 Nam
1314 1947 1370 1995 et
1415 1939 1706 1994 nonnullos
1744 1937 2040 1992 referentes

457 2039 800 2100 audivimus,
837 2036 982 2105 quod
1025 2035 1093 2088 de
1125 2035 1218 2086 illo
1269 2049 1328 2088 se
1366 2035 1542 2102 palam
1591 2030 1806 2084 audisse
1848 2027 2041 2084 testiﬁ-

463 2139 744 2191 carentur,
779 2144 904 2182 cum
947 2125 1164 2196 quidam
1195 2124 1266 2178 ob
1298 2135 1546 2192 stuprum
1577 2122 1788 2176 fetninze
1831 2121 2040 2174 illatum

465 2229 882 2279 accusarentur,
911 2219 966 2274 et
1006 2218 1074 2270 ab
1103 2217 1226 2270 aliis
1260 2216 1674 2274 damnarentur.
1711 2214 1845 2268 nihil
1888 2213 2038 2267 illum

475 2321 832 2372 commotum,
869 2309 964 2362 sed
995 2307 1195 2362 factum
1229 2305 1360 2360 illud
1399 2306 1510 2361 risu
1544 2321 1608 2360 ac
1643 2305 1880 2360 ludibrio
1915 2319 2042 2372 pro—

457 2411 783 2472 sequentem
815 2401 1044 2464 dixisse,
1082 2401 1286 2453 nullius
1313 2399 1416 2452 hoc
1447 2414 1569 2454 esse
1600 2397 1880 2452 momenti.
1912 2396 2040 2450 Cor-

456 2494 616 2564 poris
673 2493 818 2548 cnim
877 2493 1016 2544 hanc
1065 2507 1188 2544 esse
1251 2489 1628 2544 necessitatem
1679 2503 1744 2542 ac
1803 2487 2041 2552 functio-

457 2601 610 2648 netn,
633 2579 1091 2653 quemadmodum
1117 2594 1301 2632 aurem
1329 2591 1716 2646 nonnunquam
1745 2577 2039 2644 scalpimus

463 2681 800 2746 (quanquam
831 2687 891 2726 ea
928 2685 1218 2726 recensere
1241 2685 1350 2722 non
1380 2669 1498 2722 sine
1529 2669 1726 2724 rubore
1749 2683 2040 2739 possumus

455 2781 588 2836 qua:
619 2765 867 2832 impurus
901 2761 990 2814 ille
1017 2757 1304 2830 jactabat),
1343 2757 1438 2812 sed
1468 2766 1547 2824 ut,
1579 2757 1878 2828 inquiebat,
1923 2759 2042 2828 pin—

457 2859 626 2920 nula,
683 2855 768 2908 vel
819 2853 1026 2907 festuca
1083 2865 1274 2904 aurem
1325 2849 1642 2918 scalpituus,
1709 2837 1872 2918 atque
1936 2849 2038 2902 hoc

463 2946 628 3002 modo
663 2943 902 3014 pruritus
939 2939 1162 3004 desinit,
1215 2939 1294 2998 sic
1331 2945 1386 2994 et
1423 2938 1476 2992 id
1529 2939 1852 2992 naturaliter
1883 2937 2041 2993 nobis

457 3037 665 3100 :evcnit,
707 3048 884 3104 neque
913 3031 1205 3102 quisquam
1241 3045 1304 3083 ea
1345 3044 1404 3083 re
1444 3027 1689 3082 facienda
1727 3038 1932 3098 peccat.

537 3128 600 3182 V.
632 3127 756 3182 Haec
781 3133 835 3180 et
867 3125 970 3178 alia
1011 3135 1122 3176 tum
1153 3121 1418 3190 ejusmodi
1458 3121 1737 3182 narrabat,
1771 3135 1834 3174 ac
1865 3119 2040 3174 disso-

456 3225 576 3276 lute
599 3223 652 3274 et
679 3217 924 3287 nequiter
940 3214 1192 3276 docebat,
1211 3221 1268 3266 ut
1289 3211 1371 3266 vel
1397 3225 1460 3264 ex
1493 3209 1626 3279 ipsis
1659 3208 1837 3274 factis,
1864 3209 2043 3279 cujus-

467 3311 612 3365 niodi
656 3308 818 3362 fuerit
851 3306 961 3368 ille,
995 3309 1228 3366 constet,
1251 3300 1584 3370 nosqueipsi
1610 3298 1822 3352 Domini
1843 3299 2041 3362 verbis,

463 3401 614 3456 vt-lut
639 3399 756 3452 luce
787 3394 1042 3465 quadam,
1072 3394 1472 3452 collustremur,
1501 3391 1590 3460 qui
1635 3391 1712 3446 sic
1752 3389 2040 3446 admonet:

471 3491 739 3546 Atlendite
783 3505 816 3541 a
869 3487 1022 3556 falsis
1062 3485 1346 3554 prophetis,
1384 3485 1472 3553 qui
1527 3483 1732 3536 veniunt
1771 3483 1839 3534 ad
1876 3500 1959 3537 vos
1992 3485 2046 3536 in

469 3582 792 3639 vestimentis
828 3581 1021 3644 ovium,
1049 3577 1360 3654 intrinsecus
1389 3585 1560 3628 antem
1585 3585 1706 3628 sunt
1746 3575 1854 3644 lupi
1888 3591 2046 3643 rapa-

465 3691 574 3730 ces.
631 3673 672 3726 A
717 3669 973 3741 fructibus
1035 3683 1214 3722 eorum
1267 3665 1586 3736 cognoscetis
1629 3681 1738 3718 eos.
1793 3663 2044 3734 Nunquid

467 3765 722 3834 colligunt
753 3763 816 3816 de
845 3761 1008 3829 spinis
1056 3775 1204 3821 uvas,
1236 3767 1326 3810 aut
1371 3755 1433 3808 de
1468 3755 1677 3808 tribulis
1705 3756 1836 3824 ﬁcus
1863 3757 1918 3808 ’ἲ
1957 3755 2047 3808 Sic

469 3855 634 3928 igitur
663 3850 1012 3907 stolidissima
1060 3847 1204 3901 illius
1249 3847 1300 3898 in
1349 3843 1599 3898 omnibus
1645 3843 1870 3896 audacia
1920 3843 2047 3896 hinc

470 3956 526 4004 et
557 3947 706 4002 illinc
759 3942 1136 4012 redarguitur:
1169 3943 1354 4008 utpote
1394 3936 1484 4005 qui
1536 3945 1723 3989 contra
1759 3933 2044 3992 Dmninum

471 4042 652 4112 ipsum
691 4034 1010 4092 eli‘renatum
1065 4047 1127 4086 os
1187 4029 1434 4110 attollere
1482 4042 1588 4080 non
1642 4025 1938 4090 dubitavit,
1991 4027 2046 4078 in

467 4145 706 4200 eumque
737 4128 854 4181 sine
883 4126 991 4179 ullo
1039 4123 1240 4193 pudore
1279 4119 1562 4174 maledicta
1588 4117 1840 4186 conjeeLt,
1877 4125 1936 4169 ut
1981 4132 2044 4170 ex

403 4221 414 4290 ς
473 4222 606 4290 ipsis
627 4217 940 4290 petulantia:
965 4231 1027 4269 ac
1054 4213 1331 4270 dissolutae
1362 4209 1604 4264 libidinis
1629 4209 1894 4262 fructibus
1921 4223 2048 4277 pru-

405 4285 422 4346 δ
473 4285 749 4368 dentiores
782 4311 982 4379 quique
1017 4307 1316 4376 periculum
1359 4303 1505 4357 illius
1555 4301 1812 4356 facientes
1850 4303 1919 4355 ab
1948 4301 2048 4356 iis-

475 4407 600 4460 dem
634 4403 740 4458 illis
776 4397 1094 4470 cotligendis
1123 4395 1450 4451 abstineant.
1486 4391 1670 4462 Neque
1697 4393 1838 4448 enim
1873 4409 1903 4447 e
1934 4393 2047 4462 spi-

2153 1933 2386 2002 Ἰησοῦν
2413 1934 2672 2002 Χίοιο-τόν
2701 1935 3074 2006 »Ἀκηκόαμεν
3103 1935 3212 2007 γὰρ
3245 1937 3338 1991 καί
3361 1955 3524 1992 τινων
3541 1939 3711 2008 λεγόν-

2139 2043 2266 2086 των,
2312 2025 2388 2088 ὼς
2434 2026 2564 2096 παρ’
2599 2024 2764 2077 αὐτοῦ
2805 2027 3048 2098 ἐναργῶς
3095 2028 3428 2098 ἀκηκόασιν,
3463 2029 3539 2096 ῶς
3569 2049 3708 2098 τινες

2139 2117 2540 2188 κατηγοροῦντο
2565 2117 2658 2170 ἐπὶ
2685 2117 3002 2189 ἀτοπήματι
3033 2120 3288 2187 γυναικὸς
3307 2121 3528 2192 ᾅδοντες
3547 2123 3588 2187 ³,
3617 2125 3706 2176 καὶ

2139 2201 2602 2278 κατεγινώσκοντο
2637 2209 2728 2264 ὑπ’
2765 2211 2966 2265 αὐτῶν.
3025 2211 3084 2266 '0
3122 2212 3179 2265 δὲ
3209 2213 3331 2266 οὐδὲ
3355 2215 3488 2286 περὶ
3511 2214 3716 2270 τούτων

2139 2303 2390 2375 χαλεπῶς
2421 2303 2634 2374 ἔφερεν·
2673 2303 2810 2358 ἀλλὰ
2846 2306 2938 2358 καὶ
2969 2305 3146 2376 μάτην
3179 2305 3462 2375 ἐχλεύαζε,
3492 2307 3710 2380 φάσκων

2141 2395 2305 2468 μηδὲν
2334 2389 2472 2450 εἶναι
2491 2397 2552 2448 τὸ
2571 2395 2830 2450 τοιοῦτον.
2855 2397 3149 2467 Σωματικὴ
3181 2398 3290 2468 γάρ
3319 2400 3470 2452 ἐστιν
3497 2401 3532 2469 ἡ
3557 2401 3710 2471 χρεία

2139 2489 2234 2544 καὶ
2271 2491 2302 2560 ἡ
2339 2490 2636 2562 ὑπηρεσίαι
2667 2489 2856 2560 ὥσπερ
2883 2489 3013 2564 γάρ,
3043 2490 3198 2560 φησὶ,
3225 2492 3356 2562 περὶ
3377 2493 3442 2545 τὸ
3471 2488 3567 2556 οὖς
3588 2511 3712 2564 κνη-

2139 2579 2344 2656 θόμεθα
2362 2581 2478 2650 (καὶ
2491 2580 2654 2644 αὐτὸς
2685 2581 2785 2651 μὲν
2817 2579 3070 2651 αἰδοῦμαι
3086 2579 3262 2650 λέγειν
3277 2582 3488 2658 ὅσαπερ
3511 2584 3712 2648 ἐκεῖνος

2139 2665 2448 2740 ἀκάθαρτος
2491 2667 2828 2740 διηγήσατο),
2869 2668 3124 2734 λαϐόντες
3155 2669 3234 2734 δὲ,
3262 2670 3420 2738 φησι,
3461 2671 3712 2742 πτερὸνῆ

2140 2759 2370 2830 κάρφος,
2409 2759 2468 2813 τὸ
2495 2756 2588 2822 οὖς
2617 2758 2945 2830 κνηθόμεθα,
2986 2759 3081 2814 καὶ
3119 2759 3263 2814 οὕτω
3303 2761 3590 2832 παυόμεθα
3619 2763 3716 2834 τῆς

2143 2853 2274 2924 περὶ
2315 2851 2413 2922 τὴν
2455 2852 2624 2922 ἀκοὴν
2665 2851 2979 2922 κνησμονῆς
3001 2867 3014 2880 ·
3051 2850 3195 2906 οὕτω
3229 2852 3321 2906 καὶ
3349 2853 3528 2916 τοῦτο,
3561 2855 3712 2926 φησι,

2143 2941 2426 3014 συμϐαίνει
2465 2941 2602 2994 κατὰ
2635 2940 2816 3009 φύσιν·
2861 2942 2954 2996 καὶ
2992 2941 3158 3006 εἴτις
3197 2943 3586 3010 ἐπιτελέσειεν,
3619 2945 3714 3016 οὐχ

2143 3033 2419 3104 ἀμαρτάνε
2430 3050 2466 3084 ι.

2217 3123 2290 3178 E’.
2317 3123 2426 3176 Καὶ
2453 3124 2553 3176 ὅσα
2567 3122 2790 3176 τοιαῦτα
2817 3124 2845 3175 ὁ
2864 3123 3002 3194 ἀνὴρ
3030 3123 3406 3196 διηγούμενος,
3424 3127 3638 3200 ὑδαρῶς
3651 3128 3716 3182 τὰ

2147 3216 2322 3270 πάντα
2342 3213 2436 3266 καὶ
2461 3213 2644 3276 κακῶς
2669 3213 2940 3266 ἐδίδασκεν
2957 3231 2970 3244 ο
3000 3215 3087 3268 ’ίνα
3114 3215 3171 3281 ἐξ
3193 3215 3374 3270 αὐτῶν
3401 3217 3509 3271 τῶν
3543 3217 3718 3289 ἔργων

2143 3305 2303 3376 ὀφθῇ,
2337 3305 2388 3358 τί
2416 3305 2512 3374 μὲν
2539 3295 2694 3367 οὗτός
2716 3304 2865 3360 ἐστιν
2888 3321 2900 3334 ·
2931 3307 2980 3358 οἱ
3011 3305 3068 3358 δὲ
3093 3307 3184 3359 τοῦ
3208 3307 3414 3379 Κυρίου
3439 3307 3586 3378 λόγοι
3621 3327 3718 3362 σαι

2145 3397 2259 3467 φῶς
2291 3398 2420 3468 ἡμῖν
2445 3396 2882 3464 καταυγάσωσιν,
2914 3397 2988 3460 ὼς
3019 3397 3170 3466 ἔλεγε
3193 3415 3206 3428 ·
3243 3399 3578 3469 Προσέχετε
3601 3401 3718 3455 ἀπὸ

2143 3487 2262 3544 τῶν
2297 3486 2826 3558 ψευδοπροφητῶν,
2843 3489 3060 3552 οἵτινες
3085 3488 3358 3556 ἔρχονται
3391 3491 3542 3557 πρὸς
3567 3489 3722 3558 ὑμᾶς

2144 3581 2214 3634 ἐν
2241 3579 2532 3648 ἐνδύμασι
2563 3577 2890 3646 προϐάτων,
2914 3579 3140 3632 ἔσωθεν
3166 3578 3233 3634 δέ
3263 3581 3384 3634 εἱσι
3415 3581 3592 3634 λύκοι
3621 3581 3721 3647 ἅρ-

2145 3685 2350 3740 παγες.
2391 3669 2525 3724 Ἀπὸ
2552 3669 2670 3723 τῶν
2694 3669 2935 3736 καρπῶν
2971 3669 3168 3724 αὐτῶν
3189 3672 3598 3741 ἐπιγνώσεσθε
3617 3675 3723 3728 αὺ-

2145 3766 2304 3828 τούς.
2335 3759 2487 3826 Μήτι
2507 3759 2918 3830 συλλέγουσιν
2936 3759 3053 3816 ἀπὸ
3079 3761 3360 3816 ἀκανθῶν
3377 3767 3720 3833 σταφυλας.

2145 3855 2184 3924 ἢ
2217 3853 2336 3909 ἀπὸ
2379 3855 2664 3920 τριϐόλων
2705 3852 2898 3918 σῦκα;
2945 3853 3100 3906 Οὖτω
3127 3855 3222 3907 καὶ
3263 3855 3298 3924 ἡ
3341 3855 3532 3908 τούτου
3581 3857 3726 3910 κατὰ

2147 3943 2324 3998 πάντα
2358 3943 2456 4014 τῆς
2493 3943 2748 4012 ἀνοησίας
2785 3943 2962 4012 τόλμα
2999 3943 3246 3998 ἐντεῦθεν
3276 3945 3370 3998 καὶ
3399 3946 3609 4000 ἐκεῖθεν
3647 3947 3726 4000 δι·

2147 4035 2427 4104 ελέγχεται
2445 4051 2459 4065 ·
2487 4033 2561 4096 ὼς
2593 4035 2689 4103 μὲν
2723 4033 2862 4087 κατὰ
2877 4033 2968 4086 τοῦ
2991 4035 3260 4088 Δεσπότου
3295 4035 3460 4090 αὐτοῦ
3481 4036 3726 4090 ἀνέτεινε

2145 4127 2206 4181 τὸ
2227 4127 2404 4197 στόμα
2429 4124 2870 4196 ἀθυρογλωττῶν,
2889 4127 2965 4187 είς
2993 4127 3084 4179 τὸν
3105 4127 3297 4180 ἑαυτοῦ
3327 4127 3534 4198 Κύριον
3561 4128 3728 4198 βλασ-

2147 4221 2348 4288 φημεῖν
2391 4217 2464 4286 μὴ
2527 4215 2940 4286 αἰσχυνόμενος,
2987 4217 3074 4270 ἵνα
3106 4218 3200 4270 καὶ
3241 4218 3306 4270 ὲκ
3347 4217 3456 4272 τῶν
3493 4219 3728 4289 καρπῶν

2146 4310 2244 4380 τῆς
2267 4307 2430 4362 αὐτοῦ
2455 4307 2751 4370 ἀκολασίας
2778 4307 2871 4360 καὶ
2899 4307 3226 4378 ὑδαρότητος
3253 4309 3304 4361 ot
3331 4308 3546 4360 συνετοὶ
3577 4309 3730 4361 δοκι-

2153 4401 2421 4470 μάσαντες
2463 4397 2538 4469 μὴ
2565 4397 2864 4468 δρέψωνται
2892 4399 2998 4452 τῶν
3022 4398 3200 4452 αὐτῶν
3231 4398 3480 4470 καρπῶν.
3508 4400 3584 4452 Οὐ
3619 4399 3730 4470 γάρ

473 4497 562 4552 nis
607 4509 708 4548 uva
758 4489 951 4547 demeti
1001 4495 1198 4559 potest,
1246 4495 1303 4542 ut
1345 4501 1410 4540 ex
1461 4484 1755 4554 depravata
1802 4483 2042 4538 doctrina

2151 4491 2370 4546 δύναται
2391 4490 2450 4556 ἐξ
2473 4489 2720 4543 ἀκανθῶν
2757 4489 2998 4560 σταφυλὴ
3023 4491 3348 4561 τρυγᾶσθαι,
3383 4491 3474 4544 ἵνα
3493 4491 3588 4544 καὶ
3619 4491 3732 4543 ἀπὸ

475 4585 741 4642 sanctitas
791 4583 1017 4636 oriatur.
1053 4577 1252 4633 Verum
1305 4577 1420 4632 lucc
1465 4575 1533 4631 de
1575 4575 1790 4630 homine
1843 4575 1934 4628 illo
1980 4573 2048 4628 ab

475 4675 597 4729 aliis
636 4679 856 4741 accepta
883 4669 1170 4724 didicimus
1197 4686 1210 4720 :
1245 4667 1299 4721 in
1337 4667 1482 4721 illius
1511 4679 1674 4734 porro
1705 4663 2048 4733 dogmatibus

473 4781 601 4820 cum
649 4763 816 4817 multa
865 4761 974 4816 sint
1023 4759 1240 4814 furiosa:
1287 4758 1548 4814 adversus
1593 4755 1880 4808 Dominum
1929 4757 2048 4824 ejus

473 4853 780 4910 insolentiae
825 4857 1212 4911 consentanea,
1263 4861 1432 4916 pauca
1473 4845 1575 4899 hoc
1607 4843 1728 4898 loco
1760 4843 1826 4899 de
1861 4845 2048 4900 multis

477 4945 770 5018 proferam,
807 4955 1022 5010 unaque
1053 4939 1118 4993 ad
1145 4953 1208 4993 ea
1247 4935 1532 4992 refutanda
1560 4935 1757 4999 dicam,
1795 4949 1914 5005 qua:
1943 4935 2046 4991 Do.-

477 5037 657 5091 minus
689 5033 916 5088 dicenda
948 5029 1302 5086 concesserit.
1358 5027 1501 5083 Sane
1537 5029 1754 5098 quidem
1783 5029 2048 5100 ejusmodi

473 5137 558 5185 est
584 5127 830 5182 Anommi
859 5125 1004 5180 illius
1039 5123 1090 5176 in
1125 5119 1446 5177 stabiliendo
1471 5121 1720 5192 dogmate
1751 5122 2046 5186 calumnia,

475 5221 610 5277 nihil
659 5229 716 5274 ut
763 5217 909 5273 aliud
955 5224 1148 5286 printer
1203 5213 1589 5269 sententiarum
1632 5215 1854 5271 umbras
1882 5213 2050 5284 918

472 5329 538 5369 ac
570 5311 954 5370 similitudines
987 5317 1350 5374 consectetur,
1379 5321 1498 5378 qua)
1529 5307 1740 5362 tametsi
1789 5322 1854 5360 cx
1901 5305 2046 5359 Scri-

475 5403 650 5471 pturis
675 5401 808 5471 ipsis
843 5397 1157 5464 aﬂ‘erantur,
1213 5399 1368 5469 longe
1413 5405 1594 5451 tamen
1627 5397 1791 5452 alium
1825 5409 2045 5450 sensum

473 5492 776 5557 continent,
805 5499 864 5545 ut
897 5506 1018 5545 cum
1051 5489 1212 5545 aliam
1249 5487 1472 5545 omnino
1500 5487 1608 5542 vim
1640 5495 1692 5541 et
1727 5493 2045 5556 potestatem

2152 4584 2252 4653 τῆς
2273 4583 2754 4644 κακοδιδασκαλίας
2777 4585 2810 4654 ἠ
2841 4583 3106 4654 σεμνότης
3125 4583 3332 4654 ὀφθείη.
3376 4583 3536 4636 Ἀλλὰ
3555 4583 3730 4636 ταῦτα

2158 4675 2255 4745 μὲν
2305 4675 2430 4746 περὶ
2461 4675 2550 4727 τὸν
2593 4675 2762 4746 ἄνδρα
2786 4675 3046 4742 γεγονότα
3075 4673 3392 4744 ἀκηκόαμεν
3449 4674 3546 4726 καὶ
3587 4691 3730 4743 συμ-

2153 4765 2423 4836 ϐεϐηκότα
2445 4783 2458 4796 ·
2491 4765 2578 4818 διὰ
2611 4765 2667 4818 δὲ
2699 4766 2804 4818 τῶν
2825 4765 2998 4834 λόγων
3025 4764 3190 4819 αὐτοῦ
3213 4765 3482 4818 ἀκόλουθα
3511 4767 3593 4828 εἰς
3623 4781 3730 4835 μα-

2151 4855 2268 4910 νίαν
2295 4855 2508 4926 άρσεως
2539 4855 2682 4909 κατὰ
2710 4855 2803 4907 τοῦ
2833 4855 3036 4926 Κυρίου
3063 4854 3444 4926 τολμηθείσης,
3467 4855 3542 4918 ὡς
3565 4855 3728 4924 ἔφην,

2153 4946 2320 5004 πολλὰ
2347 4947 2444 5018 μὲν
2481 4946 2648 5011 ἐστιν,
2691 4947 2845 5016 ὀλίγα
2881 4946 2938 5000 δὲ
2969 4946 3076 4999 ἀπὸ
3103 4945 3212 5000 τῶν
3249 4945 3508 5000 πλειόνων
3541 4963 3730 5018 παραο

2153 5036 2406 5108 θήσομαι.
2440 5038 2584 5109 ΙῙρδς
2612 5038 2748 5092 αὐτὰ
2775 5040 2832 5092 δὲ
2865 5039 2900 5094 ὃ.
2923 5040 2951 5091 ό
2985 5039 3187 5108 Κύριος
3217 5039 3400 5092 δίδωσι
3423 5039 3560 5110 πρὸς
3593 5039 3728 5092 ἀνα-

2151 5129 2374 5200 τροπὴν,
2405 5130 2498 5182 καὶ
2529 5130 2681 5182 αὐτοὶ
2723 5129 2970 5200 λέξομεν.
3021 5130 3132 5184 Καὶ
3167 5129 3310 5184 ἐστιν
3341 5131 3376 5200 ἡ
3411 5129 3602 5182 τούτου
3631 5127 3752 5186 τοῦ¹

2164 5220 2440 5290 Ἀνομοίου
2485 5221 2582 5290 τῆς
2627 5221 2861 5284 πίστεως
2907 5221 3218 5292 ὲρεσχελία,
3267 5220 3360 5273 καὶ
3399 5219 3508 5274 τῶν
3552 5219 3720 5286 λόγων

2151 5308 2486 5378 άπεικασμοὶ
2512 5302 2680 5374 οὗτοι,
2715 5311 2780 5362 ὲκ
2803 5309 3034 5380 Γραφῶν
3065 5309 3163 5380 μὲν
3187 5309 3490 5378 λεγόμενοι,
3515 5309 3614 5376 οὐχ
3634 5303 3718 5358 οὗ·

2148 5417 2257 5462 τως
2285 5400 2340 5452 δὲ
2365 5399 2504 5453 κατὰ
2529 5401 2620 5453 τὸν
2645 5400 2768 5453 νοῦν
2795 5401 3029 5471 ἔχοντες,
3062 5400 3200 5454 ἀλλὰ
3224 5399 3400 5463 ἄλλως
3435 5399 3534 5468 τὴν
3565 5397 3728 5448 διενα-

2159 5505 2252 5559 μιν
2280 5489 2517 5558 ἔχοντες,
2547 5491 2642 5545 ἀπ’
2669 5490 2831 5546 αὑτοῦ
2859 5491 2915 5546 δὲ
2951 5491 3124 5558 οὕτως
3155 5489 3578 5562 λαμϐανόμενοι.

479 5584 734 5650 habeant,
769 5585 838 5640 ab
871 5585 962 5640 illo
1000 5595 1180 5642 tamen
1219 5583 1552 5640 contrariam
1581 5583 1648 5636 ad
1685 5590 1918 5637 mentem
1943 5583 2392 5653 detorqueautur.

550 5737 570 5767 ⁸
595 5733 753 5790 Joan.
779 5751 909 5800 xvu,
941 5737 993 5790 5.
1070 5739 1088 5768 ²
1125 5737 1311 5790 Matth.
1347 5751 1444 5800 vn,
1481 5735 1545 5788 15
1603 5735 1684 5788 16.

1765 5737 1782 5766 ³
1815 5733 1873 5788 F.
1902 5733 2144 5798 ἁλόντες.
