3990 6228
366 361 477 420 525

1079 360 1451 420 ADVERSUS
1490 361 1833 422 [UERESES
1870 363 1997 419 LIB.
2038 363 2131 420 HI.
2174 363 2336 422 ΤΟΜ.
2381 365 2399 420 l
2460 398 2528 410 —
2568 367 2843 427 HERES.
2881 368 3114 425 LXXVI.

3539 371 3644 427 596

439 475 532 547 ς’.
565 479 767 534 Φάσκει
799 479 855 535 δὲ
887 479 1048 545 εὐθὺς
1079 482 1138 535 ὲν
1170 483 1335 555 ἀρχῇ.
1367 484 1450 538 ὅτι
1492 502 1510 536 ι
1542 486 1615 539 Οὐ
1644 485 1865 540 δύναται
1894 486 1938 539 τί

2135 484 2218 541 Vl.
2256 486 2394 558 Ergo
2430 488 2504 543 ita
2537 491 2719 544 statim
2761 490 2917 544 initio
2950 489 3193 562 disputat
3223 508 3234 544 :
3278 507 3297 540 ι
3335 486 3455 545 Non
3483 501 3647 562 posse

364 571 664 643 ἀγέννητον
698 572 881 643 ὅμοιον
917 569 1057 629 εἶναι
1090 574 1167 646 τῷ
1212 576 1490 647 γεννητῷ’
1540 579 1634 632 καὶ
1676 579 1784 652 γὰρ
1815 580 1955 634 κατὰ

364 663 428 715 τὸ
448 663 621 735 ὄνομα
648 663 952 721 διαλλάττει
969 684 985 699 ο
1023 666 1086 721 τὸ
1114 667 1214 739 μὲν
1234 670 1344 741 γάρ
1371 672 1520 724 ἐστιν
1549 659 1861 743 ἀγέννητον,
1894 672 1957 727 τὸ

360 755 423 809 δὲ
449 758 731 829 γεννητόν.
757 778 779 813 s
823 760 898 815 T6
927 760 984 815 δὲ
1017 762 1128 815 πᾶν
1162 764 1311 817 ἐστιν
1344 762 1573 834 ἠλίθιον,
1624 765 1720 820 καὶ
1743 767 1823 830 εἰς
1851 783 1955 837 μα·

360 849 484 903 νίαν
512 850 733 923 τρέψανκ
757 850 850 908 τὸν
880 853 1070 926 ἄνδρα.
1126 853 1189 909 Εἰ
1216 855 1325 927 γὰρ
1358 856 1666 929 ζητήσομεν
1694 857 1771 928 τῷ
1796 858 1955 927 ἀγεν-

362 942 513 1013 νήτῳ
553 944 875 1017 γεννήτορα,
929 945 1016 1000 ἵνα
1070 946 1146 1017 μὴ
1188 946 1288 1018 τὴν
1340 949 1470 1019 περὶ
1514 948 1751 1020 Χριστοῦ
1792 948 1952 1014 δόξαν

360 1032 543 1104 ἀληθῆ
581 1033 956 1107 ἀπολέσωμεν,
979 1036 1336 1109 εὑρεθήσεται
1361 1038 1545 1092 οὐκέτι
1576 1035 1657 1103 εἷς
1686 1041 1715 1093 6
1740 1040 1949 1112 Πατὴρ,

356 1124 483 1177 οὐδὲ
514 1126 703 1197 Πατὴρ
730 1128 956 1200 πατρὸς,
977 1128 1113 1182 ἀλλὰ
1135 1130 1352 1202 ἄπειροι
1377 1133 1425 1185 οἱ
1451 1130 1684 1202 πατέρες
1700 1132 1953 1203 πατέρων

356 1214 708 1288 ζητούμενοι,
744 1218 837 1272 καὶ
868 1219 1054 1273 οὐκέτι
1086 1214 1168 1286 εἷς
1206 1222 1338 1286 Θεός
1368 1223 1516 1276 ἐστιν
1552 1223 1581 1275 6
1613 1221 1688 1276 ὣν
1720 1224 1825 1287 ἀεὶ,
1858 1225 1952 1277 καὶ

357 1306 469 1376 πρὸ
518 1308 685 1362 αὐτοῦ
727 1309 894 1380 μηδὲν
937 1311 1210 1382 ἐσχηκὼς,
1258 1313 1353 1366 καὶ
1393 1313 1480 1366 ἀεὶ
1523 1313 1806 1379 διατελῶν,
1855 1316 1951 1369 καὶ

358 1403 562 1470 μένων·
588 1401 647 1467 ἐξ
670 1396 733 1458 οὗ
770 1406 799 1458 6
824 1404 1123 1477 μονογενὴς
1155 1404 1410 1476 ἀληθινὸς
1451 1406 1572 1471 Υἱὸς
1604 1408 1946 1481 γεγέννηται,

352 1492 455 1545 καὶ
497 1492 635 1557 ἔστι,
684 1495 780 1548 καὶ
806 1495 869 1548 τὸ
894 1494 1050 1564 ἆγιον
1073 1495 1240 1551 αὑτοῦ
1269 1497 1494 1567 Πνεῦμα
1518 1496 1579 1563 ἐξ
1603 1498 1768 1552 αὑτοῦ
1790 1517 1802 1529 ·
1832 1500 1947 1554 ἀλλ’

351 1583 573 1640 ἔσονται
621 1586 674 1640 oi
721 1586 1045 1659 ζητούμενοι
1094 1588 1283 1644 πολλοὶ
1327 1589 1471 1655 Osci,
1516 1592 1611 1645 καὶ
1661 1591 1844 1647 λοιπὸν
1880 1593 1949 1647 τὰ

351 1677 538 1733 πάντα
563 1679 748 1751 ἀπάτη
777 1678 953 1747 ἔσται,
988 1682 1083 1735 καὶ
1112 1681 1215 1735 οὐκ
1250 1664 1499 1753 ἀλήθεὶα.
1540 1686 1633 1738 Δεῖ
1659 1684 1714 1738 δὲ
1744 1686 1838 1739 καὶ
1869 1686 1947 1750 ὡς

350 1770 533 1838 εστιν,
566 1772 663 1828 ἕνα
709 1773 908 1828 εἰδέναι
955 1773 1111 1841 Θεὸν,
1154 1775 1379 1845 Πατέρα
1422 1777 1517 1831 τοῦ
1550 1780 1757 1850 Κυρίου
1790 1781 1946 1851 ἡμῶν

2058 579 2222 646 geniti
2257 579 2436 636 simiie
2475 595 2598 636 esse
2630 581 2775 651 quod
2812 596 2919 636 non
2967 588 3052 636 est
3098 581 3364 651 genitum,
3395 595 3521 636 eum
3565 584 3643 638 vel

2057 668 2418 738 appellatione
2451 670 2569 741 ipsa
2605 670 2927 739 dissideant,
2954 686 3020 727 eo
3050 670 3195 742 quod
3223 686 3393 726 unum
3433 672 3645 741 ingeni-

2057 766 2173 814 tum
2228 768 2333 826 est,
2386 762 2617 818 alterum
2668 763 2932 835 genitum.
2981 782 3002 817 ι
3044 763 3239 820 Verum
3290 773 3463 820 totum
3513 765 3644 820 illud

2055 865 2189 905 sane
2216 866 2379 921 quam
2417 853 2660 924 ineptum
2705 862 2813 918 est,
2844 853 3009 926 idque
3046 855 3225 927 ipsum
3258 856 3533 910 hominem
3577 855 3645 910 ad

2055 939 2324 996 insaniam
2356 945 2642 1015 compulit.
2691 943 2827 999 Nam
2870 945 2918 1001 si
2967 945 3016 1000 ei
3053 947 3197 1016 quod
3229 946 3529 1015 ingenitum
3562 956 3646 1001 est

2052 1036 2351 1103 genitorem
2375 1052 2706 1107 quaeramus,
2757 1047 2815 1093 ut
2844 1053 2913 1094 ne
2953 1053 3134 1094 veram
3168 1039 3234 1094 de
3274 1038 3495 1095 Christo
3525 1039 3644 1109 opi-

2054 1125 2271 1180 nionem
2328 1128 2677 1197 amittamus,
2730 1143 2841 1184 non
2901 1145 3069 1184 unum
3141 1131 3376 1202 amplius
3428 1129 3644 1185 Patrem

2051 1232 2174 1273 esse
2202 1222 2558 1289 reperiemus,
2599 1237 2778 1293 neque
2817 1223 2989 1301 patris
3021 1222 3271 1291 Patrem;
3321 1223 3414 1279 sed
3448 1220 3643 1276 inliniti

2051 1325 2279 1365 numero
2312 1321 2527 1381 patrum
2556 1322 2739 1384 patres
2766 1316 3070 1383 exsistent;
3102 1331 3167 1371 ac
3206 1331 3315 1371 non
3360 1316 3473 1385 jam
3503 1330 3646 1370 unus

2052 1400 2195 1457 Deus
2229 1404 2353 1467 erit,
2398 1406 2492 1475 qui
2535 1422 2750 1478 semper
2800 1408 2936 1477 fuit,
2969 1410 3173 1480 quique
3203 1408 3356 1480 prius
3396 1424 3456 1465 se
3506 1408 3644 1463 nihil

2052 1483 2242 1539 habuit
2295 1502 2359 1541 ac
2391 1498 2653 1562 perpetuo
2692 1500 2913 1548 manet:
2947 1508 2978 1547 a
3004 1509 3114 1565 quo
3145 1494 3340 1551 unicus
3369 1510 3645 1565 verasque

2050 1573 2223 1633 Filius
2254 1580 2473 1649 genitus
2521 1593 2625 1646 est,
2678 1591 2733 1638 et
2779 1584 3015 1651 exsistit,
3066 1586 3136 1641 ab
3173 1587 3475 1657 eodemque
3512 1600 3644 1656 pro-

2049 1666 2247 1723 ductus
2294 1680 2379 1727 cst
2435 1686 2656 1729 sanctus
2706 1677 2880 1747 ipsius
2930 1678 3205 1749 Spiritus;
3245 1677 3343 1735 sed
3373 1679 3465 1749 qui
3492 1694 3644 1750 qua!-

2048 1771 2241 1815 rentur
2290 1766 2601 1835 complures
2645 1779 2807 1823 erunt
2841 1771 2918 1825 dii
2956 1789 2967 1825 :
3012 1772 3197 1842 itaque
3248 1772 3315 1827 ad
3368 1771 3641 1826 fallaciam

330 1862 547 1934 ,Ἰησοῦ
578 1864 839 1937 Χριστοῦ,
893 1865 955 1931 ἐξ
974 1860 1038 1922 οὗ
1077 1868 1170 1923 καὶ
1203 1867 1265 1921 τὸ
1295 1840 1521 1939 Πνεῦμα
1563 1870 1626 1924 τὸ
1643 1840 1938 1941 Idyma-dati

2052 1855 2367 1911 relabentur
2395 1859 2599 1923 omnia,
2623 1868 2678 1915 et
2711 1876 2742 1915 a
2775 1862 3002 1918 veritate
3034 1840 3252 1933 penitus
3281 1864 3640 1931 aberrabunt.

350 1957 568 2028 Πατρὸς
597 1957 1059 2028 ἐκπορευόμενον,
1094 1957 1306 2012 καὶτοῦ
1338 1958 1471 2013 Υιοῦ
1506 1959 1802 2029 λαμϐάνον.
1841 1964 1949 2016 Καὶ

347 2045 494 2117 αῦτη
518 2046 665 2100 ἐστὶν
688 2049 720 2118 ἡ
748 2047 849 2118 μία
877 2047 1087 2119 θεότης,
1115 2041 1197 2110 εἷς
1217 2046 1371 2112 Θεὸς,
1396 2042 1478 2112 εἷς
1516 2049 1740 2121 Κύριος,
1760 2052 1947 2125 Πατὴρ

344 2137 449 2191 καὶ
478 2138 605 2201 Υἱὸς
638 2139 733 2192 καὶ
762 2137 918 2208 ἆγιον
948 2137 1176 2210 Πνεῦμα
1200 2156 1215 2170 ο
1270 2139 1331 2193 οὐ
1364 2138 1675 2212 συναλοιφή.
1700 2159 1784 2206 τις
1812 2142 1887 2195 ὢν
1919 2144 1948 2195 6

347 2226 485 2291 Υἱὸς
515 2227 593 2299 τῷ
618 2228 816 2300 Πατρὶ,
844 2228 965 2282 οὐδὲ
1002 2229 1064 2282 τὸ
1098 2228 1256 2299 ἆγιον
1284 2229 1532 2298 Πνεῦμα,
1566 2230 1681 2285 ἀλλ’
1705 2235 1734 2286 6
1756 2233 1946 2305 Πατὴρ

346 2322 578 2395 Πατὴρ,
623 2322 719 2377 καὶ
758 2324 788 2377 6
828 2322 958 2386 Υἱὸς
993 2323 1149 2387 Υἱὸς.
1194 2322 1287 2377 καὶ
1324 2321 1483 2391 ἅγιον
1518 2324 1743 2395 Πνεῦμα
1789 2326 1945 2395 ἆγιον

346 2413 576 2484 Πνεῦμα
594 2430 608 2443 ·
636 2413 764 2484 τρια
782 2413 984 2478 τέλεια,
1006 2412 1104 2484 μία
1121 2412 1334 2484 θεότης,
1349 2407 1430 2477 εἷς
1444 2412 1600 2478 Θεὸς,
1621 2410 1698 2478 εἷς
1718 2416 1941 2489 Κύριος,

340 2504 424 2569 ὡς
449 2507 546 2558 καὶ
568 2504 833 2571 πολλάκις
862 2507 923 2560 έν
953 2504 1158 2569 πάσαις
1197 2504 1476 2577 αἱρέσεσιν
1504 2506 1649 2560 οὕτω
1681 2508 1781 2580 τὴν
1812 2510 1944 2581 περὶ

338 2596 484 2651 Θεοῦ
531 2595 896 2668 ἀπεδώκαμεν
945 2595 1277 2666 δοξολογίαν.
1349 2596 1562 2651 Οὐκοῦν
1616 2599 1805 2671 ἐπειδὴ
1858 2597 1941 2667 εἷς

343 2690 470 2742 ἐστι
502 2689 659 2754 Θεὸς,
704 2690 800 2744 καὶ
843 2690 947 2744 οὐκ
978 2689 1059 2743 ἔνι
1102 2688 1395 2742 ὑπολαϐεῖν
1435 2688 1623 2762 ἕτερον
1657 2691 1810 2763 παρὰ
1846 2693 1940 2747 τὸν

337 2782 495 2845 ὄντα,
530 2782 862 2854 θαυμαστῶς
907 2780 1002 2836 καὶ
1038 2780 1332 2851 ἀγέννητὸς
1369 2782 1518 2835 ἐστιν
1552 2783 1583 2835 6
1618 2783 1811 2855 Πατὴρ
1844 2784 1938 2838 καὶ

335 2873 620 2938 ἄκτιστος,
668 2874 765 2928 καὶ
798 2875 829 2928 6
885 2873 1183 2945 μονογενὴς
1217 2872 1345 2937 Υἱὸς
1376 2871 1473 2926 τοῦ
1502 2873 1638 2927 Θεοῦ
1677 2874 1735 2942 ἐξ
1768 2876 1936 2930 αὑτοῦ

336 2964 626 3037 γεννηθεὶς
650 2965 752 3019 οὐκ
768 2964 1022 3036 ἀνόμοιος
1044 2964 1193 3036 αὐτῷ
1212 2963 1354 3017 κατὰ
1377 2963 1557 3019 πάντα
1580 2967 1781 3037 τρόπον
1800 2984 1931 3039 τυγ-

335 3058 518 3127 χάνει,
554 3058 692 3113 ἀλλὰ
722 3059 917 3113 ταυτὸν
956 3057 1036 3130 τῷ
1061 3058 1237 3130 Πατρὶ
1282 3058 1377 3113 καὶ¹
1419 3059 1533 3124 [σος
1579 3061 1722 3116 κατὰ
1754 3064 1935 3118 πᾶσαν

335 3148 525 3215 ἀξίαν,
554 3149 656 3205 κᾶν
677 3167 737 3203 τε
763 3152 792 3204 6
815 3150 913 3220 μὲν
930 3149 1277 3221 γεγέννηται,
1307 3152 1336 3205 6
1354 3150 1410 3204 δὲ
1439 3151 1738 3223 ἀγέννητός
1763 3154 1930 3208 ἐστιν.
1963 3184 2006 3241 C

334 3242 408 3296 Et
438 3242 536 3313 μὲν
561 3238 670 3315 γὰρ
694 3242 831 3307 ὅλως
858 3242 1189 3313 γεγέννηκεν
1211 3242 1272 3306 ἐξ
1316 3241 1486 3297 αὐτοῦ
1512 3242 1604 3297 τὸν
1634 3243 1781 3307 Υιὸν,
1810 3244 1938 3298 ἀδύ-

333 3349 500 3387 νατον
528 3334 603 3406 μὴ
632 3330 772 3389 εἶναι
793 3335 907 3388 ἴσον
929 3334 1009 3406 τῷ
1038 3335 1216 3407 Πατρὶ
1238 3335 1333 3389 καὶ
1361 3336 1570 3406 ὅμοιον.
1603 3336 1719 3389 Πᾶν
1745 3335 1854 3408 γὰρ
1878 3338 1940 3391 τὸ

334 3425 548 3495 γεννῶν
597 3428 785 3498 ὅμοιον
838 3426 1017 3498 ἑαυτῷ
1054 3428 1221 3498 γεννᾷ
1242 3442 1255 3456 ·
1311 3427 1406 3481 καὶ
1436 3428 1498 3481 οὐ
1541 3429 1702 3500 μόνον
1729 3429 1957 3500 ὅμοιον,-

333 3518 457 3572 axx
489 3516 602 3572 ἴσον
628 3520 695 3589 τῇ
729 3517 1042 3589 ταυτότητι.
1103 3517 1425 3588 Ἀνθρωπος
1460 3520 1560 3589 μὲν
1589 3518 1699 3592 γὰρ
1726 3519 1937 3592 ἄνθρω-

334 3624 445 3661 ⁸ἰον
474 3608 660 3678 γεννᾷ,
685 3607 782 3661 καὶ
809 3605 943 3671 Θεὸς
974 3605 1127 3661 Θεὸν.
1171 3607 1281 3661 Καὶ
1318 3610 1347 3662 6
1387 3608 1486 3677 μὲν
1510 3606 1627 3680 γὰρ
1653 3606 1938 3680 ἄνθρωπος

332 3697 409 3749 ἐκ
428 3695 698 3765 σωμάτων
721 3695 1063 3766 συμπλοκῆς,
1099 3697 1128 3749 6
1156 3696 1213 3749 δὲ
1237 3695 1370 3759 Θεὸς
1401 3696 1808 3768 ἁνεκδιηγήτως
1840 3698 1937 3769 μό-

333 3802 433 3849 νος
481 3784 761 3856 Μονογενῆ
800 3784 1123 3856 γεγέννηκε,
1162 3785 1258 3839 κα)⁵
1296 3786 1358 3838 οὐ
1400 3785 1545 3839 κατά
1577 3803 1699 3839 τινα
1751 3786 1933 3857 ῥῆσιν,

331 3875 462 3930 οὐδὲ
514 3874 799 3945 συστολὴν,
840 3874 965 3928 οὐδὲ
987 3873 1321 3945 πλατυσμόν.
1363 3873 1525 3927 Ἀλλὰ
1547 3872 1763 3945 πνεῦμα
1801 3873 1876 3927 ὢν
1905 3874 1934 3925 6

334 3965 535 4037 Πατὴρ
565 3964 623 4032 ἐξ
649 3962 816 4019 αὑτοῦ
838 3963 1093 4034 ἀνάρχως
1118 3962 1215 4015 καὶ
1239 3960 1484 4033 ἀχρόνως
1516 3959 1606 4013 τὸν
1626 3959 1752 4013 Υἱὸν
1782 3959 1933 4029 ἐγέν-

332 4074 522 4128 νησεν,
553 4058 739 4127 ὅμοιον
783 4054 934 4125 αὐτῷ
963 4052 1106 4109 κατὰ
1145 4054 1345 4118 πάντα,
1374 4052 1470 4106 καὶ
1512 4052 1646 4116 ἴσον,
1681 4051 1757 4115 ὡς
1783 4051 1933 4120 λέγει

330 4152 401 4207 τὸ
441 4152 590 4219 ἅγιον
642 4148 1014 4218 Εὑαγγέλιον,
1063 4149 1146 4201 ὅτι
1199 4147 1481 4213 Ἐζήτουν
1549 4144 1738 4200 αὐτὸν
1784 4146 1932 4200 ἀπο-

331 4243 559 4299 κτεῖναι
596 4246 650 4297 oi
695 4240 1001 4296 Ἰουδαῖοι·
1034 4240 1123 4293 ὅτι
1169 4240 1241 4293 οὐ
1275 4240 1469 4308 μόνον
1501 4238 1645 4291 ἔλυε
1678 4237 1745 4291 τὸ
1778 4236 1930 4291 Σάϐ-

330 4339 541 4398 ϐοτον,
559 4336 695 4390 ἀλλ
721 4335 811 4388 ὅτι
839 4334 936 4388 καὶ
957 4334 1093 4387 Υὶόν
1114 4330 1263 4387 Θεοῦ
1283 4330 1501 4385 ἑαυτὸν
1524 4329 1755 4399 ἔλεγεν,
1790 4330 1932 4384 ἴσον

327 4427 557 4483 ἑαυτὸν
590 4424 779 4482 ποιῶν
808 4423 888 4491 τῷ
922 4423 1063 4490 Θεῷ.
1100 4422 1225 4486 Πῶς
1253 4422 1362 4494 γὰρ
1393 4422 1491 4491 οὐχ
1516 4422 1699 4492 ὅμοιος
1728 4419 1804 4491 τῷ
1824 4422 1930 4475 Πα-

2053 1946 2417 2014 Quamohrcm
2456 1968 2597 2009 unus
2643 1953 2824 2018 nobis.
2864 1963 2923 2010 ut
2966 1970 3155 2012 revera
3195 1963 3301 2020 est,
3335 1956 3643 2027 intelligen-

2050 2040 2155 2097 dus
2201 2050 2285 2098 est
2319 2042 2480 2111 Deus,
2530 2043 2692 2101 Pater
2728 2047 2944 2103 Domini
2985 2049 3161 2107 nostri
3206 2048 3336 2105 Jesu
3371 2049 3572 2105 Christi
3602 2051 3642 2110 '.

2048 2145 2113 2184 ex
2147 2148 2255 2203 quo
2286 2132 2526 2204 Spiritus
2565 2149 2788 2195 sanctus
2817 2149 2921 2205 est,
2947 2141 3042 2211 qui
3073 2156 3104 2195 a
3146 2140 3307 2197 Patre
3352 2141 3600 2213 procedit
3621 2145 3642 2175 '

2047 2230 2105 2276 et
2132 2238 2161 2276 a
2201 2215 2585 2297 Filio'accipit
2621 2228 2662 2283 ³.
2702 2227 2828 2285 llaec
2869 2240 2952 2286 est
3003 2247 3109 2285 una
3153 2232 3444 2298 divinitas,
3498 2250 3642 2290 unus

2051 2313 2211 2373 Deus.
2239 2331 2381 2372 unus
2428 2315 2714 2385 Dominus,
2753 2318 2935 2385 Pater,
2985 2328 3039 2377 et
3068 2319 3264 2385 Filius,
3294 2331 3347 2378 et
3401 2323 3641 2395 Spiritus

2045 2414 2291 2463 sanctus.
2350 2408 2407 2464 ln
2432 2425 2542 2480 quo
2566 2411 2715 2466 nulla
2740 2420 2825 2469 est
2847 2411 2969 2469 Filii
2999 2427 3121 2470 cum
3146 2413 3307 2470 Patre
3334 2414 3641 2487 Spiritusve

2044 2499 2219 2552 sancti
2269 2499 2544 2568 confusio,
2587 2501 2683 2557 sed
2729 2510 2784 2558 et
2829 2502 2994 2559 Pater
3039 2503 3201 2560 Pater
3232 2514 3337 2573 est,
3378 2513 3433 2561 et
3464 2506 3641 2563 Filius

2043 2584 2233 2653 Filius.
2265 2598 2321 2646 et
2360 2590 2600 2664 Spiritus
2638 2601 2866 2651 sanctus
2923 2594 3161 2667 Spiritus
3201 2605 3429 2653 sanctus
3460 2615 3474 2653 :
3512 2614 3610 2670 per

2043 2677 2183 2735 recta
2230 2682 2354 2747 tria,
2396 2698 2504 2739 una
2555 2683 2837 2754 divinitas,
2882 2703 3026 2746 unus
3075 2687 3242 2756 Deus,
3276 2706 3419 2747 unus
3459 2689 3617 2748 Domi

2041 2786 2166 2839 nus,
2194 2774 2651 2843 quemadmodum
2702 2793 2848 2849 saepe
2894 2779 2947 2833 in
2994 2779 3293 2837 bteresibus
3336 2781 3639 2842 refutandis

2038 2864 2282 2920 divinum
2321 2883 2523 2922 numen
2559 2870 2968 2939 praedicandum
2997 2873 3497 2944 celebrandumque
3534 2875 3638 2931 do-

2037 2956 2273 3011 cuimus.
2308 2957 2426 3024 Qua
2458 2975 2518 3014 re
2547 2977 2671 3014 cum
2708 2970 2762 3017 et
2797 2978 2938 3018 unus
2992 2962 3136 3019 Deus
3183 2965 3274 3030 sit,
3324 2980 3424 3020 nec
3468 2967 3636 3023 alium

2035 3056 2233 3116 praeter
2265 3048 2411 3104 hunc
2450 3051 2631 3105 animo
2671 3054 2960 3124 concipere
2995 3055 3290 3125 possimus,
3327 3056 3636 3115 admirabili

2038 3145 2222 3194 tamen
2266 3141 2496 3207 ratione,
2545 3152 2599 3199 et
2648 3144 2921 3216 ingenitus
2954 3156 3118 3218 atque
3167 3149 3445 3206 increatus
3474 3148 3638 3209 Pater

2039 3237 2146 3297 est,
2173 3239 2227 3286 et
2257 3232 2453 3288 unicus
2489 3232 2581 3289 Dei
2611 3234 2779 3292 Fiiius
2816 3237 2886 3291 ab
2932 3236 3050 3307 ipso
3088 3239 3305 3309 genitus
3352 3242 3505 3296 nulla
3543 3258 3637 3298 ra-

2042 3322 2191 3376 tione
2219 3322 2503 3379 dissimilis
2544 3325 2689 3380 illius
2740 3334 2845 3389 est,
2894 3327 2989 3382 sed
3032 3327 3173 3382 idem
3199 3344 3322 3382 cum
3357 3326 3540 3397 Patre,
3578 3339 3635 3387 et

2039 3413 2233 3483 atquali
2270 3414 2324 3468 in
2372 3415 2627 3470 omnibus
2667 3414 2933 3486 dignitate
2967 3416 3233 3489 gaudens,
3276 3421 3494 3475 tametsi
3538 3436 3633 3493 ge-

2041 3504 2189 3558 nitus
2215 3504 2340 3570 iste,
2377 3505 2468 3561 ille
2498 3521 2628 3561 vero
2662 3508 2734 3563 sit
2764 3508 3063 3579 ingenitus.
3102 3510 3313 3566 Etenim
3352 3512 3399 3566 si
3427 3510 3627 3568 Filium

2039 3595 2264 3651 omnino
2288 3598 2495 3667 genuit,
2524 3597 2639 3654 ﬁeri
2674 3615 2782 3655 non
2801 3584 3001 3671 potest,
3032 3608 3090 3657 ut
3123 3617 3234 3658 non
3269 3602 3418 3659 Patri
3444 3619 3631 3676 sequa-

2038 3685 2106 3741 lis
2142 3686 2210 3742 sit
2237 3702 2301 3742 ac
2336 3687 2552 3744 similis.
2582 3687 2859 3762 Quidquid
2891 3692 3038 3747 enim
3072 3693 3265 3765 gignit,
3309 3694 3489 3751 simile
3523 3695 3631 3750 sibi

2036 3780 2248 3851 gignit;
2308 3796 2490 3852 neque
2552 3782 2731 3839 simile
2802 3791 3051 3852 tantum,
3102 3785 3196 3841 sed
3265 3786 3407 3843 idem
3467 3795 3633 3859 atque

2035 3872 2243 3943 aequale
2272 3887 2522 3943 prorsus.
2555 3870 2797 3946 Exempli
2834 3878 3006 3947 gratia
3042 3877 3318 3934 hominem
3354 3882 3520 3937 homo
3549 3881 3633 3951 gi-

2036 3963 2173 4033 gnit,
2225 3970 2279 4019 et
2327 3963 2472 4021 Deus
2523 3964 2692 4021 Deum
2728 3985 2741 4021 :
2779 3968 2870 4023 ille
2917 3970 3266 4040 copulatione
3307 3987 3624 4043 corporum,

2036 4054 2125 4109 hic
2161 4056 2531 4128 inexplicabili
2572 4058 2809 4127 quodam
2860 4061 3025 4116 modo
3077 4079 3219 4118 unus
3271 4063 3495 4119 unicum
3531 4064 3625 4120 Fi—

2034 4144 2165 4199 lium
2204 4146 2413 4216 genuit,
2462 4146 2582 4203 sine
2622 4148 2732 4203 ullo
2774 4148 3061 4219 proﬂuvio,
3099 4152 3182 4207 vel
3226 4155 3627 4223 contractione,

2030 4235 2198 4307 919
2225 4238 2307 4293 vel
2335 4237 2673 4295 dilatatione.
2704 4239 2864 4296 Pater
2899 4243 3046 4298 enim
3095 4258 3219 4298 cum
3266 4245 3339 4299 sit
3373 4245 3625 4315 spiritus,

2032 4344 2099 4384 ex
2134 4330 2317 4401 seipse
2350 4331 2502 4387 nullo
2530 4332 2615 4388 vel
2655 4333 2832 4400 initio,
2866 4335 2949 4390 vel
2993 4342 3239 4408 tempore
3285 4335 3483 4393 Filium
3531 4356 3627 4412 ge-

2032 4423 2174 4491 nuit,
2205 4424 2309 4479 sibi
2355 4427 2409 4480 in
2455 4426 2712 4483 omnibus
2762 4427 2994 4483 similem
3044 4441 3098 4486 et
3140 4433 3425 4503 aqualem,
3462 4446 3521 4490 ut
3553 4452 3621 4491 ex

327 4515 428 4592 τρὶ
450 4516 546 4570 καὶ
572 4517 683 4579 ἶσος
706 4514 847 4570 κατὰ
877 4516 1074 4579 πάντα,
1112 4516 1141 4567 6
1168 4515 1226 4567 ὲν
1254 4511 1406 4583 αὐτῷ
1434 4512 1572 4582 ἔχων
1599 4511 1657 4564 τὸ
1680 4510 1797 4583 ζῇν,
1833 4511 1928 4565 καὶ

2041 4513 2311 4584 Evangelii
2364 4518 2691 4574 auctoritate
2734 4528 2995 4577 constat:
3039 4521 3377 4591 Quwrebant,
3422 4525 3622 4598 inquit,

324 4616 547 4684 λέγων.
590 4609 817 4678 ’Ὠσπερ
863 4612 897 4663 ό
942 4607 1144 4677 Πατὴρ
1199 4606 1409 4676 ἐγείρει
1462 4603 1605 4671 τοὺς
1649 4603 1922 4673 νεκροὺς.

324 4708 487 4762 οὕτω
514 4702 619 4761 καὶ
644 4705 679 4759 ό
699 4703 832 4768 Υἱὸς
849 4702 1059 4771 ἐγείρει
1089 4700 1230 4766 τοὺς
1254 4700 1496 4767 νεκρούς
1522 4714 1540 4761 ;
1573 4697 1682 4752 Καὶ
1716 4696 1888 4766 λέγων
1905 4713 1919 4726 ·

338 4802 397 4851 '0
428 4793 705 4868 ἑωρακὼς
746 4793 853 4865 ἐμὲ
902 4794 1124 4863 ἑώρακε
1174 4793 1279 4844 τὸν
1304 4790 1566 4859 Πατέραο
1601 4789 1662 4843 οὐ
1697 4788 1921 4843 δύναται

323 4893 723 4965 διηλλαγμένος
764 4881 931 4950 εἶναι,
957 4888 986 4939 6
1021 4886 1089 4939 δι’
1121 4883 1313 4938 ἑαυτοῦ
1344 4885 1433 4937 τὸν
1464 4883 1685 4953 Πατέρα
1721 4883 1922 4954 σημαί-

324 5003 471 5040 νων·
504 4986 599 5039 καὶ
623 4987 651 5039 6
688 4984 884 5053 λέγων,
926 4978 1009 5032 ὅτι
1052 4978 1117 5030 '0
1164 4975 1472 5046 γινώσκων
1501 4975 1605 5045 ἐμὲ
1641 4974 1922 5044 γινώσκει

324 5076 440 5129 τὸν
476 5073 709 5143 Πατέρα
733 5092 746 5104 ·
808 5074 926 5137 καὶ,
986 5067 1051 5127 ⁸0
1098 5065 1370 5135 ἑωρακὼς
1398 5064 1503 5135 ἐμὲ
1549 5066 1769 5133 ἑώρακε
1814 5067 1924 5120 τὸν

325 5165 585 5233 Πατέρα·
611 5165 685 5229 ὡς
711 5164 874 5218 αὑτοῦ
891 5166 991 5218 οὐκ
1013 5160 1177 5219 ἄλλου
1196 5158 1347 5221 ὄντος
1380 5156 1530 5228 παρά
1561 5155 1653 5209 τὸν
1683 5158 1925 5230 Πατέρα,

324 5259 405 5322 ὼς
434 5260 528 5312 καὶ
564 5260 592 5312 6
626 5258 817 5330 Πατὴρ
853 5257 945 5309 καὶ
987 5257 1016 5309 6
1062 5256 1189 5320 Υἱὸς
1235 5247 1515 5320 σημαίνει.
1568 5246 1923 5318 Ποιήσωμεν

322 5349 646 5419 ἄνθρωπον
680 5350 808 5403 κατ’
840 5350 1046 5403 εἰκόνα
1073 5340 1394 5417 ἡμετέραν,
1421 5340 1518 5393 καὶ
1559 5340 1687 5394 καθ’
1708 5341 1921 5408 ὁμοίω-

2033 4605 2183 4659 illum
2208 4608 2499 4676 interﬁcere
2525 4608 2725 4675 Judwi,
2754 4615 2879 4682 quia
2906 4630 3009 4667 non
3040 4616 3194 4669 modo
3218 4616 3450 4673 solvebat
3482 4618 3625 4675 Sab-

2032 4696 2235 4763 batum,
2264 4699 2355 4754 sed
2379 4701 2539 4754 etiam
2565 4699 2769 4757 Filium
2800 4703 2897 4759 Dei
2928 4706 3158 4776 seipsum
3187 4708 3414 4777 dicebat,
3449 4729 3625 4783 taqua-

2036 4790 2139 4845 lem
2185 4808 2240 4845 se
2288 4792 2492 4862 faciens
2527 4793 2636 4851 Deo
2667 4798 2709 4850 ⁸.
2773 4795 2839 4851 Ει
2882 4814 3015 4853 vero
3070 4802 3346 4871 quomodo
3402 4820 3513 4860 non
3565 4806 3620 4861 in

2031 4879 2285 4935 omnibus
2315 4878 2465 4936 Patri
2492 4883 2691 4940 similis
2727 4893 2813 4943 est
2840 4897 2893 4943 et
2918 4890 3165 4960 aequalis,
3198 4893 3293 4962 qui
3331 4894 3386 4948 in
3427 4894 3612 4965 seipso

2029 4970 2198 5024 vitam
2252 4971 2415 5029 habet
2470 4982 2635 5046 atque
2693 4977 2768 5033 ita
2816 4980 3100 5051 loquitur:
3155 4984 3614 5050 Quemadmodum

2032 5059 2197 5115 Pater
2229 5065 2451 5119 suscitat
2493 5079 2748 5134 mortuos,
2793 5070 2871 5124 ita
2909 5081 2960 5125 et
2999 5071 3174 5128 Filius
3218 5075 3441 5129 suscitat
3478 5092 3621 5130 mor-

2036 5162 2153 5207 tuos
2188 5154 2250 5208 '?
2282 5154 2525 5214 Deinde;
2558 5161 2663 5227 Qui
2706 5161 2844 5216 videt
2895 5180 2997 5228 me,
3039 5165 3172 5218 videt
3215 5173 3266 5219 et
3298 5164 3512 5221 Patrem
3546 5169 3567 5200 °
3600 5186 3616 5224 :

2026 5259 2135 5300 non
2168 5255 2349 5315 potest
2393 5249 2441 5306 is
2494 5266 2619 5308 esse
2668 5253 2941 5320 diversus,
2969 5255 3060 5326 qui
3097 5271 3193 5323 per
3239 5272 3361 5313 sese
3405 5256 3619 5316 Patrem

2025 5340 2335 5412 signiﬁcat;
2381 5352 2497 5400 tum
2544 5347 2639 5417 qui
2692 5348 2794 5402 ista
2842 5348 3020 5404 dicit:
3054 5349 3160 5415 Qui
3208 5353 3473 5421 cognoscit
3514 5371 3617 5419 me,

324 5456 454 5494 σιν.
487 5441 550 5493 El
578 5440 676 5511 μὲν
700 5440 808 5513 γὰρ
834 5441 935 5493 οὐκ
964 5435 1033 5511 ἦν
1058 5440 1086 5491 6
1108 5437 1235 5502 Υἱὸς
1257 5439 1444 5509 ὅμοιος
1472 5430 1555 5501 τῷ
1581 5431 1777 5502 Ila-cpi,
1801 5431 1918 5497 πῶς,

2041 5434 2289 5501 :ognoscit
2331 5445 2381 5490 et
2424 5435 2721 5504 Patrem';
2763 5446 2817 5493 et
2857 5457 2874 5495 :
2909 5438 3015 5505 Qui
3062 5438 3199 5493 videt
3230 5456 3332 5508 me,
3385 5441 3523 5497 videt
3566 5452 3617 5498 et

326 5529 517 5585 λοιπὸν
536 5532 564 5583 6
591 5531 874 5604 ἄνθρωπος
890 5531 1009 5584 κατ’
1032 5529 1215 5583 εἰκόνα
1260 5530 1352 5585 καὶ
1371 5521 1498 5582 καθ’
1518 5521 1776 5594 ὁμοίωσιν
1794 5522 1918 5592 ἐγέ-

325 5641 491 5691 νετο;
543 5624 619 5677 Οὐ
651 5624 760 5697 γὰρ
792 5619 946 5677 εἶπεν
989 5623 1017 5676 6
1062 5622 1286 5693 Πατήρ’
1334 5620 1663 5692 Ποιήσωμεν
1704 5613 1916 5686 ἄνθρωο

410 5735 427 5767 ¹
457 5740 500 5797 ll
530 5739 657 5798 Cor.
696 5759 732 5811 I,
752 5743 805 5800 5.

325 5813 354 5850 τ
378 5812 515 5871 ibid.
551 5814 607 5868 7.

919 5743 940 5774 ²
971 5740 1129 5798 Joan.
1166 5758 1255 5806 xv,
1288 5740 1377 5795 26.

2028 5521 2242 5580 Patrem
2272 5542 2292 5580 :
2323 5534 2584 5600 tanquam
2632 5544 2743 5585 non
2784 5529 2927 5586 alius
2956 5531 3185 5601 ipsemet
3226 5547 3258 5586 a
3306 5534 3465 5592 Patre
3498 5535 3613 5604 sit;

2021 5615 2076 5671 id
2104 5618 2251 5688 quod
2282 5626 2393 5676 tam
2427 5619 2589 5680 Pater
2617 5637 2780 5696 quam
2820 5620 2991 5680 Filius
3030 5624 3236 5682 indicat
3266 5625 3352 5683 bis
3382 5629 3566 5685 verbis
3594 5647 3611 5685 :

1494 5739 1692 5795 'Joan.
1726 5748 1817 5790 xvr
1838 5775 1852 5802 ,
1880 5733 2062 5803 M,l5.

2168 5737 2191 5770 ⁸
2224 5739 2384 5798 Joan.
2437 5758 2492 5811 v,
2552 5742 2641 5799 18.
2759 5742 2779 5776 ⁵
2811 5742 2945 5799 ibid.
2978 5743 3067 5798 2i.
3171 5743 3192 5777 ⁶
3220 5741 3380 5803 Joan.
3414 5761 3529 5813 slv,
3557 5745 3616 5805 9.
