3990 6228
439 375 544 430 5‘27

1853 365 1913 439 's.
1955 383 2299 458 EPIPHANII

3617 389 3717 446 528

437 491 728 547 Faciamus
761 491 1020 546 hominem
1069 496 1136 547 ad
1166 496 1450 567 imaginem
1485 507 1724 553 nostram
1767 509 1816 554 et
1855 501 1923 555 ad
1957 504 1997 556 si

2102 553 2106 564 ,
2135 519 2238 557 πον
2272 504 2390 557 κατ’
2421 503 2605 558 εἰκόνα
2641 504 2802 576 ἐμὴν,
2839 503 2872 576 ἢ
2905 503 3239 560 κατ’,είκόνα
3277 505 3398 576 σὴν,
3431 505 3570 559 ἀλλὰ
3593 509 3718 562 κατ’

433 583 784 638 militudine":
821 585 860 638 ¹.
900 586 1062 655 Atqui
1095 587 1198 641 nisi
1234 585 1406 642 Filius
1445 588 1588 644 Patri
1627 589 1824 646 similis
1853 600 2019 657 esset,

2127 596 2333 648 εἰκόνα
2359 595 2676 664 ἡμετέραν.
2693 597 2827 650 ’Δπὸ
2853 597 2910 649 δὲ
2923 596 3020 650 τοῦ
3037 599 3189 650 κατὰ
3207 597 3502 666 ἡμετέραν
3522 599 3716 669 λέγειν,

431 681 654 747 quinam
695 679 759 732 ad
801 681 1092 750 imaginem
1137 689 1190 735 et
1220 682 1632 737 similitudinem
1674 693 1816 739 esset
1857 686 1997 739 home

2127 685 2188 736 τὸ
2225 685 2343 738 ἴσον
2365 686 2458 739 τοῦ
2483 687 2694 758 Ιιατρὸς
2713 690 2770 742 ὲν
2791 688 2868 758 τῷ
2897 687 3010 758 Υίῷ
3033 689 3282 753 ἀπέδειξε
3300 689 3478 743 καὶτὸ
3508 692 3715 760 ὅμοιονο

433 769 643 822 factus?
673 767 789 822 Non
821 769 966 823 enim
995 769 1134 823 dixit
1169 769 1330 824 Pater
1364 788 1378 824 :
1424 769 1712 826 Faciamus
1742 771 2016 825 hominem

429 861 492 913 ad
535 861 823 931 imaginem
865 875 1062 923 meam,
1107 871 1201 914 aut
1259 862 1324 914 ad
1377 863 1666 932 imaginem
1721 873 1889 926 tuam,
1922 863 2016 918 sed

2123 778 2186 830 οὐ
2219 779 2401 848 μόνον,
2433 778 2568 832 ἀλλὰ
2602 779 2697 832 καὶ
2733 779 2928 834 ταυτὸν
2963 781 3022 833 ἐν
3054 781 3248 846 ἅπασι,
3277 782 3372 834 καὶ
3407 780 3482 851 μὴ
3511 781 3718 852 παρηλ-

2129 871 2232 938 λαγ
2241 871 2420 941 μένον.

424 954 494 1006 ad
541 954 823 1024 imaginem
877 965 1134 1008 nostram.
1175 954 1349 1008 Porro
1393 965 1632 1010 nostram
1680 973 1802 1012 eum
1855 959 2008 1024 dicit,
2046 966 2412 1032 mqualitatem
2461 963 2582 1019 Filii
2643 979 2768 1020 cum
2829 965 2990 1021 Patre
3047 966 3577 1039 similitudinemque
3627 967 3718 1022 do-

421 1047 622 1113 clarat;
657 1063 758 1100 nec
787 1062 906 1101 eam
959 1049 1158 1110 solum,
1192 1049 1288 1102 sed
1331 1048 1473 1102 idem
1524 1049 1702 1119 ipsqu
1735 1051 1789 1104 in
1829 1054 2105 1123 omnibus,
2149 1073 2248 1112 nec
2285 1059 2692 1128 discrepantem
2731 1073 2854 1114 esse
2895 1059 3187 1129 signiﬁcat.

495 1141 604 1196 Vll.
641 1143 924 1208 Quomodo
958 1159 1088 1198 vero
1130 1159 1235 1197 non
1270 1145 1496 1214 aequalis
1531 1154 1624 1200 aut
1660 1147 1857 1203 similis
1892 1164 2016 1205 esse

421 1246 618 1306 potest,
651 1238 765 1308 qui,
794 1245 852 1292 ut
887 1237 1001 1306 jam
1047 1239 1182 1306 dixi,
1222 1241 1302 1294 sic
1332 1240 1576 1309 loquitur
1614 1261 1626 1295 :
1671 1239 1782 1311 Ego
1816 1243 1870 1294 in
1905 1242 2014 1296 Pa-

422 1341 518 1394 tre,
550 1341 598 1384 et
636 1330 799 1384 Pater
825 1332 878 1384 in
911 1347 990 1385 me
1018 1341 1094 1385 est
1131 1333 1187 1384 ’ἲ
1221 1331 1378 1398 Quod
1411 1346 1520 1386 non
1557 1333 1720 1386 modo
1750 1334 1804 1386 in
1839 1333 2014 1388 Evan-

417 1424 561 1493 gt-lio
615 1424 731 1493 ipse
777 1423 936 1488 dixit,
973 1423 1069 1478 sed
1113 1432 1168 1478 et
1219 1423 1390 1479 Isaias
1437 1439 1506 1479 ex
1553 1423 1729 1478 sancti
1771 1423 2011 1494 Spiritus

417 1513 598 1570 adlatu
621 1515 928 1572 vaticinans
959 1501 1158 1569 Filium
1185 1515 1239 1569 in
1267 1514 1428 1571 Patre
1452 1529 1576 1570 esse
1605 1517 1880 1585 cognovit,
1911 1529 2011 1570 nec

413 1607 486 1661 ab
513 1607 704 1661 eodem
730 1607 967 1661 alienum
1000 1616 1094 1661 aut
1127 1607 1407 1662 diversum
1434 1625 1447 1661 :
1488 1605 1651 1677 idque
1680 1607 1828 1662 illius
1847 1606 2010 1660 verba

411 1697 854 1756 demonstrant'.
881 1699 1016 1768 Quae
1059 1699 1140 1755 sic
1186 1701 1242 1755 in
1265 1698 1493 1756 Hebraeo
1530 1709 1792 1770 concepta
1831 1706 1959 1754 sunt
1993 1717 2008 1755 :

2193 1155 2267 1208 Z'.
2307 1153 2431 1217 Πῶς
2457 1155 2514 1208 δὲ
2547 1155 2772 1208 δύναται
2808 1155 2881 1225 μὴ
2929 1150 3068 1207 εἷναι
3097 1155 3228 1219 ἴσος,
3258 1155 3352 1208 καὶ
3387 1154 3464 1225 μὴ
3505 1155 3714 1225 ὅμοιος,

2119 1242 2196 1307 ὡς
2229 1244 2325 1296 καὶ
2349 1243 2449 1314 ήδη
2478 1244 2648 1298 εἰπὼν
2667 1249 2683 1272 '
2706 1284 2722 1308 ,
2754 1245 2782 1296 ὁ
2809 1243 3001 1312 λέγων,
3028 1245 3111 1298 ὅτι
3145 1244 3288 1313 Ἐγὼ
3311 1245 3383 1298 ἐν
3413 1243 3497 1309 τῷ
3509 1245 3713 1313 Πατρι,

2119 1337 2217 1389 καὶ
2264 1339 2298 1390 ὁ
2331 1336 2534 1404 Πατὴρ
2573 1338 2644 1390 ἐν
2674 1337 2805 1406 ἐμοί
2819 1353 2842 1402 ;
2891 1339 2967 1390 Οὐ
3009 1339 3170 1408 μόνον
3215 1339 3324 1408 γὰρ
3354 1337 3514 1401 αὐτὸς
3558 1338 3618 1390 ὲν
3635 1338 3714 1409 τῷ

2117 1426 2434 1497 Εὐαγγελίῳ
2461 1427 2610 1496 λέγει
2637 1429 2814 1494 τοῦτο,
2835 1429 2974 1482 ἀλλὰ
2999 1431 3094 1484 καὶ
3113 1428 3393 1500 Πνεύματι
3419 1429 3560 1499 ἁγίῳ
3579 1445 3714 1500 προσ

2120 1520 2374 1590 φητεύων
2415 1522 2645 1585 Ἡσαΐας
2673 1522 2816 1591 ἔγνω
2841 1523 2934 1576 τὸν
2963 1523 3092 1576 Υίὸν
3123 1523 3184 1576 ὲν
3209 1522 3288 1594 τῷ
3314 1523 3492 1594 Πατρὶ
3515 1523 3612 1576 καὶ
3637 1523 3712 1595 μὴ

2117 1611 2398 1684 ἀλλότριον
2425 1611 2520 1666 τοῦ
2553 1615 2792 1686 Πατρδς,
2821 1615 2959 1688 μηδὲ
2991 1615 3470 1686 παρηλλαγμένον,
3503 1617 3581 1679 ὡς
3599 1615 3712 1687 ἔχει

2117 1701 2179 1755 τὸ
2208 1703 2393 1773 ῥητὸν,
2425 1703 2456 1756 ὃ
2479 1703 2684 1775 ταύτην
2709 1705 2821 1776 ἔχει
2845 1705 2945 1777 τὴν
2965 1705 3293 1760 ἀκολουθίαν
3315 1723 3330 1736 ·
3357 1705 3468 1760 ἀπὸ
3497 1706 3598 1775 μὲν
3615 1707 3710 1759 τοῦ

415 1789 660 1848 ΡΙιιΙιοοα
713 1794 884 1858 sarin,
938 1793 1188 1848 uiaboton
1241 1793 1446 1860 radicla,
1491 1807 1666 1849 somer
1721 1792 1982 1846 emmunio

2131 1790 2421 1862 Ἐσραῖκοῦ
2455 1791 2628 1856 οὕτως
2645 1793 2791 1864 (88)·
2827 1795 3022 1849 Φθόου
3055 1793 3330 1863 σααρεὶμ,
3369 1795 3710 1848 auram-misr

411 1884 788 1946 iesrosmooch,
841 1885 1018 1936 thesar
1050 1882 1222 1938 saiom
1255 1884 1449 1948 salom,
1483 1883 1669 1937 chibac
1698 1883 1856 1936 batou
1877 1923 1892 1946 ,
1923 1881 2014 1934 be-

407 1975 503 2029 tub
555 1975 808 2030 baldonai
867 1975 1101 2042 addoth,
1157 1975 1372 2030 chibaia
1431 1975 1627 2030 adonai
1676 1973 2008 2030 sodalemim.

413 2073 543 2138 Quae
577 2070 658 2124 sic
687 2069 882 2140 Aquila
915 2067 1096 2123 reddit
1125 2088 1137 2124 :
1171 2071 1382 2137 Aperite
1423 2079 1634 2136 portas,
1683 2069 2010 2138 ingrediatur

407 2182 534 2234 gens
550 2164 725 2231 jnsta,
775 2160 1073 2215 custodiens
1134 2163 1324 2230 fidem,
1383 2162 1672 2230 api/icium.
1709 2163 2003 2231 (irritatum,

409 2255 654 2309 custodia
685 2253 852 2322 pacis,
892 2254 1140 2322 quoniam.
1167 2253 1218 2305 in
1265 2253 1377 2319 ipso
1420 2252 1713 2321 conﬁciunt.
1745 2252 2007 2322 Conﬁdite

411 2348 638 2402 Domino
673 2350 726 2400 in
765 2347 1042 2408 sarculum,
1069 2345 1318 2414 quoniam
1365 2347 1416 2398 in
1466 2344 1692 2398 Domino
1727 2343 2001 2412 Dominus,

407 2440 497 2510 qui
531 2437 761 2508 ﬁrmavit
790 2437 1005 2492 stecula.
1041 2435 1395 2508 Septuaginta
1429 2451 1556 2491 vero
1590 2456 1603 2491 :
1639 2437 1851 2505 Aperite
1877 2454 2004 2507 por-

410 2547 515 2600 tas,
557 2531 888 2603 ingrediatur
927 2531 1233 2584 custodiens
1283 2531 1576 2594 ueritatem,
1620 2541 1670 2584 et
1715 2531 2002 2599 apprehen-

403 2629 536 2680 dens
562 2627 854 2688 veritatem,
881 2633 932 2678 et
975 2624 1272 2677 custodiens
1316 2638 1518 2690 pacem,
1553 2623 1720 2692 920
1751 2623 2002 2692 quoniam

407 2721 461 2772 in
499 2729 545 2772 te
574 2725 940 2788 speraverant,
983 2715 1222 2776 Domine,
1267 2731 1428 2779 usque
1461 2716 1514 2769 in
1545 2715 1818 2779 steculum,
1859 2713 2001 2769 Deus

405 2828 652 2881 ntagnns,
689 2821 937 2864 reternns.
978 2807 1098 2875 Quo
1143 2809 1195 2860 in
1248 2809 1368 2861 loco
1408 2806 1804 2861 animadvertat
1833 2807 2003 2861 lector

382 2885 546 2974 “apud
585 2902 958 2973 Septuaginta,
995 2900 1280 2964 Dominus,
1320 2907 1395 2964 et,
1443 2915 1684 2968 magnus,
1732 2899 2000 2968 scriptum

407 3011 548 3060 esse,
584 3011 682 3065 pro
712 3010 775 3049 eo
801 2993 943 3064 quod
987 3000 1090 3056 est,
1131 2993 1186 3045 in
1223 2991 1468 3046 Domino.
1499 2990 1671 3056 Quam
1705 2990 1872 3044 multa
1903 3003 1998 3044 ea-

2113 1882 2318 1947 σαδὶκ,
2353 1883 2565 1954 σωμὴρ
2593 1885 2944 1955 ἑμμουνείω,
2972 1885 3370 1956 ίεσροσμοὼχ,
3393 1887 3582 1956 θεσὰρ
3599 1903 3708 1942 σα-

2119 1973 2252 2043 λὼμ
2299 1975 2536 2046 σαλὼμ,
2591 1977 2766 2045 χιϐὰκ
2809 1979 3040 2042 ,βατόου
3058 2018 3074 2044 ,
3127 1977 3357 2043 ﬁs:th
3395 1978 3708 2042 ,ϐαλὸωαῖ

2121 2067 2341 2131 ἁδὸὼθ,
2389 2070 2588 2138 χιὸαΐα
2627 2068 2854 2124 ἀδωναῒ
2893 2069 3309 2140 σωδωλεμείμ·
3353 2070 3464 2124 ἀπὸ
3521 2070 3580 2124 δὲ
3609 2069 3706 2140 τῆς

2109 2158 2409 2230 ἑρμηνείας
2463 2159 2666 2215 Ἀκύλα
2707 2158 2882 2224 οὕτως
2907 2175 2923 2192 ·
2987 2160 3282 2225 Ἆνοίξατε
3320 2160 3544 2224 πύλας,
3577 2161 3702 2213 εισ-

2106 2250 2327 2304 ελθέτω
2358 2251 2538 2318 ἔθνος
2559 2251 2813 2317 δίκαιον,
2851 2252 3158 2321 φυλάττον
3185 2253 3418 2316 πίστιν,
3451 2253 3704 2321 ,πλάσμα

2105 2343 2556 2412 ἐστηριγμένον,
2585 2346 2846 2414 φύλαεις
2874 2345 3140 2414 εἰρήνης,
3171 2347 3260 2399 ὅτι
3294 2345 3390 2398 ἐπ’
3416 2343 3578 2410 αὐτῷ
3597 2357 3702 2398 πε·

2105 2435 2368 2490 ποίθασι.
2435 2437 2766 2492 Πεποίθατε
2802 2436 2902 2489 ἐπὶ
2937 2436 3016 2502 τῷ
3057 2437 3251 2505 Κυρίῳ
3285 2435 3400 2502 ἕως
3447 2435 3666 2502 αἰῶνος
3685 2453 3700 2465 ’

2107 2525 2200 2580 ὅτι
2226 2527 2296 2580 ἐν
2317 2525 2397 2592 τῷ
2417 2529 2610 2597 Κυρίῳ
2625 2530 2842 2597 Κύριος
2863 2531 2896 2582 ό
2917 2528 3258 2597 στερεώσας
3279 2529 3424 2594 τοὺς
3447 2526 3700 2594 αἰῶνας·

2101 2615 2256 2684 παρὰ
2271 2617 2327 2670 δὲ
2349 2618 2882 2689 τοϊςἘδδομήκοντα
2903 2617 3076 2683 οὕτως
3095 2635 3108 2650 ·
3157 2618 3456 2683 Ἆνοίξατε
3479 2619 3704 2688 πύλας,

2103 2706 2426 2762 εἰσελθέτω
2448 2707 2790 2776 φυλάσσων
2809 2710 3120 2774 ἀλήθειαν,
3141 2711 3238 2764 καὶ
3269 2689 3700 2779 ἀντιλαμϐανᾶ-
3773 2731 3776 2733 ·

2097 2805 2281 2866 parot-
2303 2799 2604 2865 ἀληθείας,
2663 2799 2760 2854 καὶ
2787 2799 3128 2868 φυλάσσων
3177 2800 3452 2870 εἰρήνην,
3479 2801 3570 2854 ὅτι
3599 2799 3698 2856 ἐπι

2101 2892 2201 2946 σοὶ
2249 2892 2555 2960 ἤλπισαν,
2590 2894 2791 2961 Κύριε,
2837 2893 2951 2959 ἓως
2987 2892 3095 2948 τοῦ
3137 2891 3374 2958 αἰῶνος,
3423 2895 3458 2946 ὁ
3493 2891 3638 2960 Θεὸς
3665 2893 3700 2948 δ

2095 2979 2304 3050 μέγας,
2329 2983 2363 3034 ό
2384 2981 2642 3048 αἰώνιος.
2683 2981 3118 3054 Παρατηρείσθω
3139 2981 3198 3035 δὲ
3227 2983 3256 3036 ὁ
3281 2981 3693 3051 ἀναγινώσκων,

403 3087 530 3148 dem
577 3088 644 3142 de
699 3103 757 3142 re
807 3094 1067 3157 praeterea
1115 3083 1220 3138 dici
1260 3083 1514 3152 possunt”!
1567 3081 1674 3137 Sed
1709 3097 1899 3137 vereor
1931 3096 1997 3137 ne

2102 3075 2176 3136 ὡς
2211 3072 2357 3145 [ἀντὶ
2385 3073 2504 3145 τοῦ]
2539 3075 2778 3143 Κύριος,
2801 3075 2898 3129 καὶ
2921 3075 3002 3140 τὸ,
3043 3078 3076 3130 ό
3100 3075 3310 3145 μέγας,
3333 3076 3458 3130 ἀντὶ
3485 3075 3604 3139 τοῦ,
3629 3075 3700 3130 ἐν

399 3180 620 3250 longius
646 3177 978 3248 disputando
1019 3177 1355 3247 progrediar.
1415 3175 1624 3244 Quippe
1676 3174 1858 3228 omnia
1905 3187 1990 3228 sa-

2102 3165 2311 3232 Κυρίῳ,
2333 3167 2506 3219 κεῖται
2529 3165 2682 3237 παρὰ
2709 3167 2822 3229 τοῖς
2837 3167 3259 3237 Ἐϐδομήκοντα.
3286 3168 3398 3222 Καὶ
3417 3169 3560 3222 πόσα
3581 3169 3697 3222 ἐστὶ

405 3269 599 3325 crisin
633 3267 852 3322 Litteris
889 3267 1174 3338 perspicua
1225 3273 1373 3330 sunt,
1423 3265 1470 3320 si
1521 3265 1646 3334 quis
1680 3265 1766 3334 pia
1816 3272 1996 3318 mente

399 3361 472 3414 ad
506 3359 676 3412 divini
717 3358 866 3412 verbi
901 3358 1274 3427 cognitionem
1316 3356 1639 3421 accesserit;
1674 3371 1850 3425 neque
1879 3355 1993 3409 dia-

404 3451 514 3505 boli
549 3450 783 3520 impulsu
810 3449 863 3502 in
899 3449 1078 3518 seipso
1106 3455 1392 3518 concepto,
1426 3448 1480 3501 in
1503 3447 1824 3501 altissimam
1849 3461 1996 3502 mor-

405 3545 476 3599 tis
511 3543 819 3614 voragiuem
857 3541 1187 3613 praecipitem
1227 3556 1350 3596 sese
1387 3539 1743 3594 commiserit.
1793 3537 1995 3605 Quem-

404 3635 698 3688 admodum
732 3633 918 3690 inielix
960 3633 1064 3688 iste
1095 3647 1218 3686 cum
1263 3630 1626 3686 sectatoribus
1665 3631 1781 3685 Suis
1816 3630 1994 3686 facere

404 3727 670 3793 instituit;
722 3726 814 3796 qui
869 3740 1038 3795 supra
1094 3739 1304 3790 omnes,
1357 3731 1624 3794 quotquot
1669 3731 1795 3777 ante
1848 3723 1993 3793 ipsos

401 3801 784 3876 contumeliosi
836 3820 890 3874 in
944 3815 1110 3873 Deum
1149 3817 1374 3887 ejusque
1429 3816 1587 3870 [idem
1635 3815 1990 3880 exstiterunt,

403 3913 470 3966 ad
506 3911 925 3982 Oppugnandam
961 3909 1243 3964 veritatem
1284 3907 1522 3978 aggressi
1573 3913 1720 3960 sunt.
1779 3903 1994 3959 Maneat

401 3999 566 4072 igitur
619 4000 942 4054 dissimilem
987 3996 1166 4052 Patris
1217 4011 1340 4052 esse
1387 4011 1494 4050 non
1549 4011 1709 4066 posse
1751 3993 1990 4054 Filium;

398 4106 576 4159 neque
621 4101 799 4144 tamen
845 4090 900 4143 in
939 4103 1006 4144 eo
1045 4085 1337 4140 admodum
1388 4084 1808 4154 acquiescimus.
1857 4081 1990 4136 Nam

398 4197 510 4236 non
557 4179 730 4235 solum
781 4178 1012 4243 similis,
1063 4175 1158 4232 sed
1208 4183 1262 4231 et
1311 4177 1536 4246 aequalis
1579 4183 1696 4238 est,
1742 4174 1993 4243 idemque

397 4273 707 4338 divinitate,
746 4273 1067 4340 aeternitate,
1101 4272 1323 4326 virtute.
1373 4269 1508 4323 Nam
1547 4269 1695 4323 illum
1733 4269 1992 4322 ταυτοού-

403 4379 516 4418 σιον
547 4381 655 4418 non
689 4365 1045 4434 appellamus,
1075 4364 1186 4419 hoc
1233 4369 1317 4417 est
1357 4359 1602 4416 eamdem
1659 4374 1782 4414 cum
1834 4361 1992 4414 Patre

399 4457 802 4522 substantiam;
836 4471 904 4510 ne
936 4471 1038 4510 vox
1070 4455 1177 4511 ista
1211 4469 1242 4508 a
1269 4453 1545 4508 nonnullis
1586 4459 1849 4522 usurpata
1886 4451 1987 4506 Sa-

398 4543 692 4599 bellianum
728 4545 794 4597 ad
831 4544 1026 4614 dogma
1059 4545 1328 4598 trahatur.
1361 4540 1467 4598 Sed
1515 4542 1760 4597 eumdem
1787 4540 1987 4596 divini-

400 4644 532 4698 tate,
557 4643 610 4690 et
639 4635 967 4698 substantia,
999 4645 1052 4690 et
1083 4635 1290 4690 virtute
1328 4635 1711 4704 praedicamus,
1747 4631 1894 4686 Patri
1923 4647 1985 4686 ac

397 4725 626 4796 Spiritui
665 4735 855 4778 sancto
879 4725 938 4778 in
974 4725 1228 4778 omnibus
1257 4725 1541 4794 aequalem.
1579 4723 1756 4788 Quare
1794 4723 1986 4793 ὀρ.οοῦ-

399 4831 534 4877 σιον,
593 4813 646 4867 id
679 4821 762 4868 est
804 4812 1326 4868 consubstantialem
1377 4805 1634 4866 vocamus
1685 4826 1750 4866 ex
1795 4824 1984 4864 sacro-

345 4891 350 4896 .
381 4914 602 4962 sancta:
635 4903 754 4959 (idei
787 4905 1125 4975 praescripto,
1163 4913 1222 4958 ut
1253 4903 1518 4974 particula
1550 4901 1683 4972 ὁμοῦ
1716 4901 1985 4972 perfectas

395 5013 518 5056 esse
563 5013 828 5069 personas
877 4997 1186 5068 signiﬁcet:
1226 4997 1664 5069 quandoquidem
1715 4995 1884 5053 Filius
1917 5012 1982 5054 ex

389 5089 577 5156 Patre,
608 5091 882 5160 perfectus
911 5105 974 5144 ex
1007 5089 1283 5160 perfecto;
1313 5087 1588 5159 perfectus
1638 5088 1822 5144 itidem
1853 5087 1982 5160 Spi-

395 5183 534 5240 ritus
561 5191 786 5240 sanctus
811 5191 916 5240 est.

467 5340 486 5372 ί
509 5337 644 5394 Gen.
671 5357 708 5405 ι,
737 5339 828 5394 26.
921 5341 942 5371 ³
971 5337 1130 5394 Joan.
1167 5355 1275 5406 xlv,
1309 5339 1364 5394 9.
1458 5340 1478 5370 ³
1506 5339 1612 5394 'lsa.
1651 5355 1800 5408 xxv1,
1829 5339 1954 5393 2-4.

389 5405 537 5482 Lego
558 5411 889 5482 διαϐολικήν.
963 5411 984 5442 ⁷
1007 5408 1068 5464 F.
1095 5409 1287 5479 τούτῳ.

463 5565 578 5636 (88)
618 5566 762 5620 Ἀπὸ
799 5566 916 5636 μὲν
951 5565 1059 5620 τοῦ
1099 5567 1405 5634 Ἑϐραϊκοῦ
1455 5566 1664 5631 οὕτως.
1707 5564 1972 5620 llebraice

397 5659 470 5713 ita
515 5661 864 5728 concipitur:
902 5670 1066 5747 τηε-ια
1099 5670 1254 5747 pm:
1307 5671 1379 5722 ru
1415 5669 1536 5719 Nzt‘l
1582 5669 1779 5723 Druse:
1828 5667 1971 5719 mn}:

383 5759 546 5846 me.
604 5761 682 5830 τι
733 5755 792 5807 ’2
847 5736 996 5809 σὺν]
1033 5736 1180 5810 mare
1236 5762 1376 5810 nam
1424 5763 1574 5832 111:0
1629 5761 1730 5810 -ινν
1786 5761 1972 5812 cum

387 5849 606 5904 D’D‘D‘u
641 5853 741 5900 '1‘}:
780 5851 897 5900 mm
937 5852 1035 5900 ﬁ”:
1074 5852 1124 5899 l2
1161 5855 1232 5906 Ἦ
1271 5853 1362 5906 "nt
1406 5854 1564 5903 mat:
1631 5845 1702 5898 Ex
1769 5845 1972 5916 quibus

2061 5339 2083 5370 ⁸
2109 5340 2235 5396 Cor.
2267 5338 2442 5400 εἷπον.
2543 5347 2563 5376 ⁵
2599 5343 2760 5401 Deest
2785 5345 2883 5400 τὴν
2911 5349 3064 5419 περί.

2093 3254 2274 3327 [περὶ]
2298 3256 2488 3309 τούτου
2511 3257 2690 3325 λέγειν
2710 3258 2723 3310 !
2747 3257 2906 3310 Δέδια
2927 3257 2984 3310 δὲ
3008 3259 3205 3329 μήπως
3231 3259 3312 3323 είς
3335 3258 3502 3328 ὄγκον
3529 3259 3697 3314 πολὺν

2099 3349 2312 3403 ὲλᾰισωτ⁵
2341 3351 2470 3421 περὶ
2499 3349 2706 3404 τούτων
2728 3351 2836 3404 τῶν
2857 3351 3032 3418 λόγων
3073 3352 3480 3423 πραγματείαν.
3511 3353 3693 3408 Πάντα

2095 3441 2205 3511 γὰρ
2233 3441 2380 3512 σαφῆ
2399 3442 2458 3494 ἐν
2485 3443 2552 3512 τῇ
2589 3441 2708 3512 θείᾳ
2735 3442 2926 3513 Γραφῇ
2961 3443 3073 3504 τοῖς
3109 3441 3452 3512 βουλομένοις
3479 3443 3696 3497 εὐσεϐεῖ

2096 3536 2344 3608 λογισμῷ
2365 3537 2768 3608 προσέρχεσθαι
2797 3535 2875 3607 τῷ
2893 3536 3024 3607 θείῳ
3041 3537 3205 3604 λόγῳ.
3229 3537 3322 3590 καὶ
3441 3534 3694 3609 διαϐολὴν

2095 3631 2412 3702 ἐνέργειαν⁶
2441 3631 2498 3682 ὲν
2525 3630 2744 3692 ἑαυτοῖς
2775 3630 3213 3700 ἐγκισσήσαντας
3245 3629 3476 3692 ἑαυτοὺς
3519 3645 3688 3682 κατα-

2097 3721 2350 3791 στρέφειν
2383 3721 2466 3784 εἱς
2513 3719 2582 3774 τὰ
2630 3720 2880 3790 βάραθρα
2919 3717 3014 3773 τοῦ
3049 3719 3283 3780 θανάτου
3310 3735 3324 3748 ·
3367 3719 3444 3782 ὡς
3473 3711 3630 3783 οὗτος
3659 3719 3689 3772 ὁ

2095 3811 2346 3876 ἐλεεινὸς,
2375 3812 2470 3866 καὶ
2499 3813 2546 3864 οἱ
2585 3811 2733 3882 αὐτῷ
2762 3811 3076 3875 πεισθέντες
3109 3810 3387 3881 ἄνθρωποι
3421 3809 3564 3865 κατὰ
3589 3811 3688 3882 τῆς

2095 3902 2354 3973 ἀληθείας
2373 3903 2806 3974 ἐστρατεύσαντο
2829 3903 2970 3973 ὑπὲρ
2993 3903 3202 3966 πάντας
3220 3902 3348 3966 τοὺς
3369 3901 3478 3974 πρὸ
3505 3902 3684 3956 αὐτῶν

2093 3994 2385 4062 γεγονότας
2428 3993 2780 4064 βλασφήμους
2825 3995 2906 4058 είς
2943 3992 3097 4061 Θεὸν,
3128 3995 3223 4047 καὶ
3267 3995 3371 4065 τὴν
3399 3994 3562 4048 αὐτοῦ
3597 3994 3684 4046 πί-

2096 4103 2229 4139 στιν.
2277 4085 2384 4138 Καὶ
2426 4087 2508 4139 ὅτι
2553 4087 2652 4156 μὲν
2671 4087 2732 4138 οὐ
2777 4085 2999 4140 δύναται
3035 4086 3286 4156 ἀνόμοιος
3320 4082 3456 4140 εἶναι
3483 4089 3514 4138 ὸ
3555 4086 3684 4150 Υἱὸς

2091 4177 2168 4248 τῷ
2195 4179 2388 4248 Πατρὶ,
2412 4178 2523 4230 ἀλλ’
2547 4179 2664 4230 οὐδὲ
2689 4177 2882 4232 τοῦτο’
2915 4178 3319 4251 ὲπερειδόμενοι
3351 4179 3528 4234 ταῦτα
3547 4179 3679 4248 ἔφη·

2096 4285 2215 4337 μεν.
2247 4269 2402 4320 Ἔστι
2428 4269 2538 4340 γὰρ
2564 4269 2624 4322 οὐ
2658 4269 2818 4340 μόνον
2845 4253 3049 4339 ὅμοιος,
3091 4270 3230 4324 ἀλλὰ
3253 4271 3348 4325 καὶ
3387 4273 3521 4334 τσος,
3549 4289 3680 4326 ταυ-

2091 4360 2182 4414 τὸν
2227 4363 2292 4430 τῇ
2341 4361 2576 4432 θεότητι,
2631 4362 2830 4416 ταυτὸν
2865 4365 2934 4435 τῇ
2987 4363 3250 4434 ἀῖδιότητι
3289 4365 3386 4418 καὶ
3425 4365 3692 4436 δυνάμει.¹

2093 4451 2204 4504 Καὶ
2241 4453 2302 4504 οὐ
2341 4451 2574 4522 λέγομεν
2619 4453 2988 4519 ταυτοούσισν,
3031 4454 3120 4507 ἵνα
3163 4455 3238 4525 μὴ
3283 4455 3317 4525 ἡ
3352 4453 3500 4518 λέξις
3531 4455 3677 4526 παρά

2091 4543 2496 4613 ’διαλεγομένη
2521 4543 2792 4616 Σαϐελλίῳ
2813 4546 3148 4616 λάπεικασθῇ.
3198 4545 3406 4598 Ταυτδν
3433 4545 3492 4598 δὲ
3525 4546 3676 4615 λέγοι»

2093 4650 2192 4704 μεν
2221 4637 2285 4705 τῇ
2323 4633 2558 4706 θεότητι,
2595 4636 2690 4690 καὶ
2717 4639 2783 4708 τῇ
2815 4635 2994 4708 οὐσίᾳ,
3031 4641 3124 4690 καὶ
3155 4641 3221 4709 τῇ
3243 4638 3495 4708 δυνάμει,
3537 4640 3673 4692 κατὰ

2093 4726 2272 4778 πάντα
2301 4727 2414 4780 ἴσον
2442 4727 2521 4798 τῷ
2547 4729 2742 4801 Πατρὶ,
2774 4728 2868 4783 καὶ
2899 4729 2978 4800 τῷ
3005 4730 3146 4801 ἁγίῳ
3171 4730 3338 4783 αὑτοῦ
3373 4731 3667 4802 Πνεῦματι.

2099 4817 2416 4886 Ὀμοούσιον
2438 4821 2494 4873 δέ
2519 4839 2721 4892 φαμεν,
2747 4821 2822 4884 ὡς
2847 4821 2958 4891 ἔχει
2983 4824 3016 4892 ὴ
3064 4823 3190 4890 ἁγία
3215 4823 3420 4887 πίστις,
3453 4825 3538 4877 ἵνα
3565 4824 3672 4878 ἀπὸ

2083 4909 2178 4962 τοῦ
2203 4911 2339 4980 ὁμοῦ
2387 4913 2574 4980 σαφῶς
2607 4913 2858 4985 σημανθῇ
2900 4913 2967 4968 τὰ
3009 4915 3211 4980 τέλεια,
3251 4917 3332 4970 ὅτι
3377 4919 3408 4970 ὁ
3455 4918 3580 4982 Υἱὸς
3607 4920 3668 4971 ὲκ

2083 5001 2318 5073 Πατρὸς,
2365 5005 2570 5070 τέλειος
2600 5005 2662 5059 ὲκ
2691 5005 2918 5071 τελείου,
2964 5006 3170 5061 τέλειον
3215 5008 3272 5062 δὲ
3308 5009 3490 5064 καὶτὸ
3518 5010 3667 5081 ἅγιον

2077 5094 2326 5163 Πνεῦμα..

3177 5349 3198 5380 ο
3223 5347 3360 5422 Reg.
3395 5350 3492 5405 καὶ
3511 5350 3654 5418 sap.

2083 5563 2350 5641 llebraica
2377 5563 2562 5641 Graece
2586 5567 2790 5641 scripta
2817 5569 3138 5641 corrigenda
3177 5577 3329 5626 sunt.
3363 5569 3528 5626 Velut
3563 5581 3660 5641 pro

2079 5635 2422 5711 οὐῖασξωτῶν,
2457 5635 3118 5711 -Ιρλεηοὺῖθῲ-γῳῖξῇιοι
3171 5657 3270 5711 pro
3309 5641 3506 5711 βετούϐ
3553 5635 3652 5710 leg.

2082 5705 2275 5783 βετοῠ·
2314 5721 2414 5783 pro
2445 5705 2616 5783 ἀδᾷὼθ
2647 5755 2672 5783 ,_
2707 5709 2830 5783 esse
2874 5709 2966 5764 ὼδ.
3003 5712 3137 5766 Item
3171 5705 3269 5780 pro
3306 5705 3656 5783 σωδωλεμεῇι

2082 5776 2183 5852 ΨΒ)
2235 5776 2599 5852 σφρρλεμείμ.
2655 5777 2711 5832 ιιι
2752 5777 2940 5852 Graeco
2970 5795 3122 5852 ivero
3163 5776 3370 5850 Aquilae
3415 5776 3654 5852 progni-

2077 5847 2230 5913 λαξις
2256 5848 2512 5919 εἰρήνης,
2553 5849 2688 5906 forte
2729 5851 3079 5906 scribendum
3121 5847 3377 5921 φυλᾶξεις
3411 5847 3651 5926 εἰρήνην.
