  <div class='ocr_page' id='page_1' title='image "/cluster/home/n/w/nwhite01/storage/ocr_20150623/42/mdp.39015052824052/284.png"; bbox 0 0 3990 6228; ppageno 0'>
   <div class='ocr_carea' id='block_1_1' title="bbox 335 398 448 460">
    <p class='ocr_par' dir='ltr' id='par_1_1' title="bbox 335 398 448 460">
     <span class='ocr_line' id='line_1_1' title="bbox 335 398 448 460; baseline 0.018 -2"><span class='ocrx_word' id='word_1_1' title='bbox 335 398 448 460; x_wconf 78' lang='lat'><strong>59.9</strong></span> 
     </span>
    </p>
   </div>
   <div class='ocr_carea' id='block_1_2' title="bbox 993 401 3047 477">
    <p class='ocr_par' dir='ltr' id='par_1_2' title="bbox 993 401 3047 477">
     <span class='ocr_line' id='line_1_2' title="bbox 993 401 3047 477; baseline 0.001 -16"><span class='ocrx_word' id='word_1_2' title='bbox 993 405 1360 464; x_wconf 77' lang='lat' dir='ltr'><strong>ADVERSUS</strong></span> <span class='ocrx_word' id='word_1_3' title='bbox 1399 406 1743 466; x_wconf 71' lang='lat' dir='ltr'><strong>ILEDESES</strong></span> <span class='ocrx_word' id='word_1_4' title='bbox 1781 409 1910 477; x_wconf 77' lang='lat' dir='ltr'><strong>LIB.</strong></span> <span class='ocrx_word' id='word_1_5' title='bbox 1955 408 2042 466; x_wconf 91' lang='grc' dir='ltr'><strong>ΙΙΙ.</strong></span> <span class='ocrx_word' id='word_1_6' title='bbox 2085 401 2247 464; x_wconf 77' lang='lat' dir='ltr'><strong>TOM.</strong></span> <span class='ocrx_word' id='word_1_7' title='bbox 2294 412 2333 464; x_wconf 89' lang='lat' dir='ltr'><strong>l.</strong></span> <span class='ocrx_word' id='word_1_8' title='bbox 2374 440 2444 450; x_wconf 87' lang='lat'><strong>—-</strong></span> <span class='ocrx_word' id='word_1_9' title='bbox 2484 407 2754 464; x_wconf 61' lang='lat' dir='ltr'><strong>lleRES.</strong></span> <span class='ocrx_word' id='word_1_10' title='bbox 2809 408 3047 464; x_wconf 72' lang='lat' dir='ltr'><strong>LXXVI.</strong></span> 
     </span>
    </p>
   </div>
   <div class='ocr_carea' id='block_1_3' title="bbox 3530 411 3636 467">
    <p class='ocr_par' dir='ltr' id='par_1_3' title="bbox 3530 411 3636 467">
     <span class='ocr_line' id='line_1_3' title="bbox 3530 411 3636 467; baseline 0 -1"><span class='ocrx_word' id='word_1_11' title='bbox 3530 411 3636 467; x_wconf 74' lang='lat'><strong>530</strong></span> 
     </span>
    </p>
   </div>
   <div class='ocr_carea' id='block_1_4' title="bbox 409 523 1932 599">
    <p class='ocr_par' dir='ltr' id='par_1_4' title="bbox 409 523 1932 599">
     <span class='ocr_line' id='line_1_4' title="bbox 409 523 1932 599; baseline 0.004 -24"><span class='ocrx_word' id='word_1_12' title='bbox 409 523 493 576; x_wconf 83' lang='lat' dir='ltr'><strong>H&#39;.</strong></span> <span class='ocrx_word' id='word_1_13' title='bbox 541 523 675 576; x_wconf 78' lang='grc' dir='ltr'>Ἀπὸ</span> <span class='ocrx_word' id='word_1_14' title='bbox 709 524 862 594; x_wconf 77' lang='grc' dir='ltr'>μιᾶς,</span> <span class='ocrx_word' id='word_1_15' title='bbox 895 525 989 578; x_wconf 78' lang='grc' dir='ltr'>καὶ</span> <span class='ocrx_word' id='word_1_16' title='bbox 1028 525 1310 598; x_wconf 80' lang='grc' dir='ltr'><strong>δευτέρας,</strong></span> <span class='ocrx_word' id='word_1_17' title='bbox 1367 527 1462 580; x_wconf 72' lang='grc' dir='ltr'>καὶ</span> <span class='ocrx_word' id='word_1_18' title='bbox 1499 527 1692 599; x_wconf 83' lang='grc' dir='ltr'><strong>τρίτης</strong></span> <span class='ocrx_word' id='word_1_19' title='bbox 1723 545 1932 599; x_wconf 86' lang='grc' dir='ltr'>μαρτυ-</span> 
     </span>
    </p>
   </div>
   <div class='ocr_carea' id='block_1_5' title="bbox 2033 523 3638 599">
    <p class='ocr_par' dir='ltr' id='par_1_5' title="bbox 2111 526 3638 594">
     <span class='ocr_line' id='line_1_5' title="bbox 2111 526 3638 594; baseline 0 -12"><span class='ocrx_word' id='word_1_20' title='bbox 2111 526 2247 583; x_wconf 83' lang='lat' dir='ltr'><strong>Vlll.</strong></span> <span class='ocrx_word' id='word_1_21' title='bbox 2279 529 2412 594; x_wconf 75' lang='lat' dir='ltr'><strong>Qua:</strong></span> <span class='ocrx_word' id='word_1_22' title='bbox 2437 543 2561 583; x_wconf 90' lang='lat' dir='ltr'><strong>eum</strong></span> <span class='ocrx_word' id='word_1_23' title='bbox 2593 529 2666 582; x_wconf 90' lang='lat' dir='ltr'><strong>ita</strong></span> <span class='ocrx_word' id='word_1_24' title='bbox 2691 528 2825 592; x_wconf 83' lang='lat' dir='ltr'><strong>sint,</strong></span> <span class='ocrx_word' id='word_1_25' title='bbox 2856 529 3072 584; x_wconf 92' lang='lat' dir='ltr'><strong>duobus</strong></span> <span class='ocrx_word' id='word_1_26' title='bbox 3107 529 3352 583; x_wconf 84' lang='lat' dir='ltr'><strong>tribusve</strong></span> <span class='ocrx_word' id='word_1_27' title='bbox 3389 531 3638 584; x_wconf 83' lang='lat' dir='ltr'><strong>testimo-</strong></span> 
     </span>
    </p>
   </div>
   <div class='ocr_carea' id='block_1_6' title="bbox 335 611 1932 690">
    <p class='ocr_par' dir='ltr' id='par_1_6' title="bbox 335 611 1932 690">
     <span class='ocr_line' id='line_1_6' title="bbox 335 611 1932 690; baseline 0.004 -23"><span class='ocrx_word' id='word_1_28' title='bbox 335 614 466 688; x_wconf 85' lang='grc' dir='ltr'>ρίας</span> <span class='ocrx_word' id='word_1_29' title='bbox 493 611 640 669; x_wconf 75' lang='grc' dir='ltr'>οῦτοι</span> <span class='ocrx_word' id='word_1_30' title='bbox 675 615 1116 687; x_wconf 86' lang='grc' dir='ltr'>φωραθήσονται.</span> <span class='ocrx_word' id='word_1_31' title='bbox 1154 619 1216 672; x_wconf 74' lang='lat' dir='ltr'><strong>Et</strong></span> <span class='ocrx_word' id='word_1_32' title='bbox 1249 617 1356 690; x_wconf 80' lang='grc' dir='ltr'>γὰρ</span> <span class='ocrx_word' id='word_1_33' title='bbox 1388 619 1526 682; x_wconf 86' lang='grc' dir='ltr'>ὅλως</span> <span class='ocrx_word' id='word_1_34' title='bbox 1569 620 1932 690; x_wconf 77' lang='grc' dir='ltr'><strong>ὁμολογεῖται,</strong></span> 
     </span>
    </p>
   </div>
   <div class='ocr_carea' id='block_1_7' title="bbox 339 707 1936 781">
    <p class='ocr_par' dir='ltr' id='par_1_7' title="bbox 339 707 1936 781">
     <span class='ocr_line' id='line_1_7' title="bbox 339 707 1936 781; baseline 0.003 -20"><span class='ocrx_word' id='word_1_35' title='bbox 339 708 439 762; x_wconf 82' lang='grc' dir='ltr'><strong>ὑπ’</strong></span> <span class='ocrx_word' id='word_1_36' title='bbox 475 707 644 761; x_wconf 84' lang='grc' dir='ltr'>αὐτοῦ</span> <span class='ocrx_word' id='word_1_37' title='bbox 677 708 1099 779; x_wconf 81' lang='grc' dir='ltr'><strong>γεγεννημένος,</strong></span> <span class='ocrx_word' id='word_1_38' title='bbox 1140 710 1610 781; x_wconf 85' lang='grc' dir='ltr'>ὁμολογηθήσεται</span> <span class='ocrx_word' id='word_1_39' title='bbox 1649 709 1791 766; x_wconf 82' lang='grc' dir='ltr'>εἶναι</span> <span class='ocrx_word' id='word_1_40' title='bbox 1837 714 1936 766; x_wconf 82' lang='grc' dir='ltr'><strong>ἐπ-</strong></span> 
     </span>
    </p>
   </div>
   <div class='ocr_carea' id='block_1_8' title="bbox 337 798 1934 876">
    <p class='ocr_par' dir='ltr' id='par_1_8' title="bbox 337 798 1934 876">
     <span class='ocr_line' id='line_1_8' title="bbox 337 798 1934 876; baseline 0.004 -23"><span class='ocrx_word' id='word_1_41' title='bbox 337 798 585 868; x_wconf 82' lang='grc' dir='ltr'>άναγκες</span> <span class='ocrx_word' id='word_1_42' title='bbox 603 799 789 870; x_wconf 84' lang='grc' dir='ltr'>ὅμοιος</span> <span class='ocrx_word' id='word_1_43' title='bbox 811 799 890 870; x_wconf 81' lang='grc' dir='ltr'><strong>τῷ</strong></span> <span class='ocrx_word' id='word_1_44' title='bbox 911 801 1285 871; x_wconf 80' lang='grc' dir='ltr'><strong>γεγεννηκότι.</strong></span> <span class='ocrx_word' id='word_1_45' title='bbox 1302 802 1471 872; x_wconf 84' lang='grc' dir='ltr'>Δῆλον</span> <span class='ocrx_word' id='word_1_46' title='bbox 1495 803 1573 869; x_wconf 84' lang='grc' dir='ltr'>δὲ,</span> <span class='ocrx_word' id='word_1_47' title='bbox 1596 805 1678 858; x_wconf 84' lang='grc' dir='ltr'>ὅτι</span> <span class='ocrx_word' id='word_1_48' title='bbox 1703 807 1760 859; x_wconf 84' lang='grc' dir='ltr'>ὲν</span> <span class='ocrx_word' id='word_1_49' title='bbox 1789 805 1934 876; x_wconf 84' lang='grc' dir='ltr'>λόγῳ</span> 
     </span>
    </p>
   </div>
   <div class='ocr_carea' id='block_1_9' title="bbox 338 889 1935 966">
    <p class='ocr_par' dir='ltr' id='par_1_9' title="bbox 338 889 1935 966">
     <span class='ocr_line' id='line_1_9' title="bbox 338 889 1935 966; baseline 0.007 -25"><span class='ocrx_word' id='word_1_50' title='bbox 338 890 442 959; x_wconf 83' lang='grc' dir='ltr'>μὲν</span> <span class='ocrx_word' id='word_1_51' title='bbox 473 889 623 957; x_wconf 82' lang='grc' dir='ltr'>λέγει</span> <span class='ocrx_word' id='word_1_52' title='bbox 650 891 713 943; x_wconf 86' lang='grc' dir='ltr'><strong>τὸ</strong></span> <span class='ocrx_word' id='word_1_53' title='bbox 741 890 1008 962; x_wconf 85' lang='grc' dir='ltr'>γέννημα,</span> <span class='ocrx_word' id='word_1_54' title='bbox 1037 891 1245 963; x_wconf 80' lang='grc' dir='ltr'>κτίσμα</span> <span class='ocrx_word' id='word_1_55' title='bbox 1269 893 1327 946; x_wconf 84' lang='grc' dir='ltr'>δὲ</span> <span class='ocrx_word' id='word_1_56' title='bbox 1358 894 1548 964; x_wconf 82' lang='grc' dir='ltr'>σαφῶς</span> <span class='ocrx_word' id='word_1_57' title='bbox 1579 894 1692 966; x_wconf 82' lang='grc' dir='ltr'>ἔχει</span> <span class='ocrx_word' id='word_1_58' title='bbox 1725 913 1784 949; x_wconf 90' lang='grc' dir='ltr'><strong>τε</strong></span> <span class='ocrx_word' id='word_1_59' title='bbox 1841 899 1935 951; x_wconf 74' lang='grc' dir='ltr'>καὶ</span> 
     </span>
    </p>
   </div>
   <div class='ocr_carea' id='block_1_10' title="bbox 334 980 1938 1054">
    <p class='ocr_par' dir='ltr' id='par_1_10' title="bbox 334 980 1938 1054">
     <span class='ocr_line' id='line_1_10' title="bbox 334 980 1938 1054; baseline 0.007 -22"><span class='ocrx_word' id='word_1_60' title='bbox 334 980 674 1034; x_wconf 81' lang='grc' dir='ltr'><strong>πεπίστευκε</strong></span> <span class='ocrx_word' id='word_1_61' title='bbox 697 996 711 1011; x_wconf 84' lang='grc'><em>’</em></span> <span class='ocrx_word' id='word_1_62' title='bbox 739 981 882 1035; x_wconf 80' lang='grc' dir='ltr'>κατὰ</span> <span class='ocrx_word' id='word_1_63' title='bbox 909 982 1070 1054; x_wconf 79' lang='grc' dir='ltr'>χάριν</span> <span class='ocrx_word' id='word_1_64' title='bbox 1101 983 1158 1037; x_wconf 77' lang='grc' dir='ltr'>δὲ</span> <span class='ocrx_word' id='word_1_65' title='bbox 1183 985 1469 1040; x_wconf 82' lang='grc' dir='ltr'>καλεῖσθαι</span> <span class='ocrx_word' id='word_1_66' title='bbox 1494 987 1658 1041; x_wconf 83' lang='grc' dir='ltr'>αὐτὸν</span> <span class='ocrx_word' id='word_1_67' title='bbox 1687 989 1833 1054; x_wconf 85' lang='grc' dir='ltr'>Υἱὸν,</span> <span class='ocrx_word' id='word_1_68' title='bbox 1859 989 1938 1053; x_wconf 81' lang='grc' dir='ltr'>ὡς</span> 
     </span>
    </p>
   </div>
   <div class='ocr_carea' id='block_1_11' title="bbox 334 1072 1933 1150">
    <p class='ocr_par' dir='ltr' id='par_1_11' title="bbox 334 1072 1933 1150">
     <span class='ocr_line' id='line_1_11' title="bbox 334 1072 1933 1150; baseline 0.004 -24"><span class='ocrx_word' id='word_1_69' title='bbox 334 1072 664 1142; x_wconf 67' lang='grc' dir='ltr'>ἐδοκίμασεν</span> <span class='ocrx_word' id='word_1_70' title='bbox 695 1075 723 1126; x_wconf 98' lang='lat'><strong>6</strong></span> <span class='ocrx_word' id='word_1_71' title='bbox 753 1072 1077 1144; x_wconf 85' lang='grc' dir='ltr'>ὀριγνώμων</span> <span class='ocrx_word' id='word_1_72' title='bbox 1101 1076 1116 1106; x_wconf 80' lang='grc'><strong>²</strong></span> <span class='ocrx_word' id='word_1_73' title='bbox 1157 1075 1267 1129; x_wconf 88' lang='grc' dir='ltr'><strong>τῶν</strong></span> <span class='ocrx_word' id='word_1_74' title='bbox 1304 1078 1644 1150; x_wconf 77' lang='grc' dir='ltr'>ἐπουρανίων</span> <span class='ocrx_word' id='word_1_75' title='bbox 1677 1081 1771 1133; x_wconf 82' lang='grc' dir='ltr'>καὶ</span> <span class='ocrx_word' id='word_1_76' title='bbox 1835 1097 1933 1149; x_wconf 83' lang='grc' dir='ltr'>με·</span> 
     </span>
    </p>
   </div>
   <div class='ocr_carea' id='block_1_12' title="bbox 335 1162 1968 1248">
    <p class='ocr_par' dir='ltr' id='par_1_12' title="bbox 335 1162 1968 1248">
     <span class='ocr_line' id='line_1_12' title="bbox 335 1162 1968 1248; baseline 0.006 -33"><span class='ocrx_word' id='word_1_77' title='bbox 335 1163 534 1233; x_wconf 73' lang='grc' dir='ltr'>ριστὴς</span> <span class='ocrx_word' id='word_1_78' title='bbox 557 1162 667 1216; x_wconf 89' lang='grc' dir='ltr'><strong>τῶν</strong></span> <span class='ocrx_word' id='word_1_79' title='bbox 690 1163 1016 1234; x_wconf 78' lang='grc' dir='ltr'>ἀδιαιρέτων</span> <span class='ocrx_word' id='word_1_80' title='bbox 1064 1166 1161 1219; x_wconf 84' lang='grc' dir='ltr'>καὶ</span> <span class='ocrx_word' id='word_1_81' title='bbox 1181 1167 1506 1240; x_wconf 83' lang='grc' dir='ltr'>γεωμέτρης</span> <span class='ocrx_word' id='word_1_82' title='bbox 1535 1169 1635 1239; x_wconf 83' lang='grc' dir='ltr'>τῆς</span> <span class='ocrx_word' id='word_1_83' title='bbox 1660 1170 1938 1241; x_wconf 83' lang='grc' dir='ltr'>ἡμετέρας</span> <span class='ocrx_word' id='word_1_84' title='bbox 1963 1237 1968 1248; x_wconf 38' lang='grc' dir='ltr'><strong>Ι</strong></span> 
     </span>
    </p>
   </div>
   <div class='ocr_carea' id='block_1_13' title="bbox 333 1255 1936 1326">
    <p class='ocr_par' dir='ltr' id='par_1_13' title="bbox 333 1255 1936 1326">
     <span class='ocr_line' id='line_1_13' title="bbox 333 1255 1936 1326; baseline 0.006 -19"><span class='ocrx_word' id='word_1_85' title='bbox 333 1255 421 1318; x_wconf 83' lang='grc' dir='ltr'><strong>είς</strong></span> <span class='ocrx_word' id='word_1_86' title='bbox 443 1255 680 1326; x_wconf 87' lang='grc' dir='ltr'>Χριστὸν</span> <span class='ocrx_word' id='word_1_87' title='bbox 710 1257 1007 1326; x_wconf 81' lang='grc' dir='ltr'>σωτηρίας.</span> <span class='ocrx_word' id='word_1_88' title='bbox 1040 1259 1334 1312; x_wconf 84' lang='grc' dir='ltr'>Διαπίπτει</span> <span class='ocrx_word' id='word_1_89' title='bbox 1359 1260 1414 1313; x_wconf 83' lang='grc' dir='ltr'>δὲ</span> <span class='ocrx_word' id='word_1_90' title='bbox 1437 1263 1467 1314; x_wconf 92' lang='lat'><strong>6</strong></span> <span class='ocrx_word' id='word_1_91' title='bbox 1494 1262 1712 1316; x_wconf 80' lang='grc' dir='ltr'>πάντων</span> <span class='ocrx_word' id='word_1_92' title='bbox 1730 1263 1936 1316; x_wconf 89' lang='grc' dir='ltr'>τούτων</span> 
     </span>
    </p>
   </div>
   <div class='ocr_carea' id='block_1_14' title="bbox 333 1347 1933 1424">
    <p class='ocr_par' dir='ltr' id='par_1_14' title="bbox 333 1347 1933 1424">
     <span class='ocr_line' id='line_1_14' title="bbox 333 1347 1933 1424; baseline 0.006 -25"><span class='ocrx_word' id='word_1_93' title='bbox 333 1347 518 1416; x_wconf 80' lang='grc' dir='ltr'>λόγος,</span> <span class='ocrx_word' id='word_1_94' title='bbox 549 1348 658 1401; x_wconf 89' lang='grc' dir='ltr'><strong>τῶν</strong></span> <span class='ocrx_word' id='word_1_95' title='bbox 683 1349 1000 1419; x_wconf 79' lang='grc' dir='ltr'>κτισμάτων</span> <span class='ocrx_word' id='word_1_96' title='bbox 1022 1351 1184 1404; x_wconf 81' lang='grc' dir='ltr'>αὐτὸν</span> <span class='ocrx_word' id='word_1_97' title='bbox 1207 1369 1479 1424; x_wconf 87' lang='grc' dir='ltr'>παρεισφε</span> <span class='ocrx_word' id='word_1_98' title='bbox 1489 1355 1708 1423; x_wconf 83' lang='grc' dir='ltr'>ρόντων,</span> <span class='ocrx_word' id='word_1_99' title='bbox 1737 1355 1814 1418; x_wconf 81' lang='grc' dir='ltr'>ὡς</span> <span class='ocrx_word' id='word_1_100' title='bbox 1840 1356 1933 1408; x_wconf 75' lang='grc' dir='ltr'>καὶ</span> 
     </span>
    </p>
   </div>
   <div class='ocr_carea' id='block_1_15' title="bbox 331 1440 1978 1514">
    <p class='ocr_par' dir='ltr' id='par_1_15' title="bbox 331 1440 1978 1514">
     <span class='ocr_line' id='line_1_15' title="bbox 331 1440 1978 1514; baseline 0.003 -18"><span class='ocrx_word' id='word_1_101' title='bbox 331 1443 362 1496; x_wconf 87' lang='grc' dir='ltr'><strong>ὁ</strong></span> <span class='ocrx_word' id='word_1_102' title='bbox 386 1440 580 1493; x_wconf 89' lang='grc' dir='ltr'>τούτου</span> <span class='ocrx_word' id='word_1_103' title='bbox 613 1443 880 1496; x_wconf 85' lang='grc' dir='ltr'>πεσεῖται.</span> <span class='ocrx_word' id='word_1_104' title='bbox 911 1443 1065 1507; x_wconf 81' lang='grc' dir='ltr'>Λέξω</span> <span class='ocrx_word' id='word_1_105' title='bbox 1090 1443 1201 1514; x_wconf 83' lang='grc' dir='ltr'>γὰρ</span> <span class='ocrx_word' id='word_1_106' title='bbox 1231 1446 1369 1514; x_wconf 88' lang='grc' dir='ltr'>πρὸς</span> <span class='ocrx_word' id='word_1_107' title='bbox 1399 1446 1561 1500; x_wconf 84' lang='grc' dir='ltr'>αὑτὸν</span> <span class='ocrx_word' id='word_1_108' title='bbox 1588 1447 1929 1502; x_wconf 70' lang='grc' dir='ltr'>δικαιότατα*</span> <span class='ocrx_word' id='word_1_109' title='bbox 1963 1504 1978 1511; x_wconf 35' lang='grc' dir='ltr'><em>ν</em></span> 
     </span>
    </p>
   </div>
   <div class='ocr_carea' id='block_1_16' title="bbox 330 1525 1930 1608">
    <p class='ocr_par' dir='ltr' id='par_1_16' title="bbox 330 1525 1930 1608">
     <span class='ocr_line' id='line_1_16' title="bbox 330 1525 1930 1608; baseline 0.007 -24"><span class='ocrx_word' id='word_1_110' title='bbox 330 1531 476 1600; x_wconf 82' lang='grc' dir='ltr'>Λέγε</span> <span class='ocrx_word' id='word_1_111' title='bbox 502 1549 613 1602; x_wconf 86' lang='grc' dir='ltr'>μοι,</span> <span class='ocrx_word' id='word_1_112' title='bbox 631 1525 677 1585; x_wconf 78' lang='grc' dir='ltr'>ὦ</span> <span class='ocrx_word' id='word_1_113' title='bbox 697 1526 872 1596; x_wconf 73' lang='grc' dir='ltr'>οὗτος.</span> <span class='ocrx_word' id='word_1_114' title='bbox 889 1533 941 1586; x_wconf 91' lang='grc' dir='ltr'><strong>τί</strong></span> <span class='ocrx_word' id='word_1_115' title='bbox 957 1533 1022 1588; x_wconf 86' lang='grc' dir='ltr'>ἂν</span> <span class='ocrx_word' id='word_1_116' title='bbox 1040 1534 1219 1603; x_wconf 87' lang='grc' dir='ltr'>λέγοις</span> <span class='ocrx_word' id='word_1_117' title='bbox 1241 1537 1372 1608; x_wconf 78' lang='grc' dir='ltr'>περὶ</span> <span class='ocrx_word' id='word_1_118' title='bbox 1393 1538 1487 1592; x_wconf 87' lang='grc' dir='ltr'><strong>τοῦ</strong></span> <span class='ocrx_word' id='word_1_119' title='bbox 1506 1538 1635 1592; x_wconf 83' lang='grc' dir='ltr'>Υίοῦ</span> <span class='ocrx_word' id='word_1_120' title='bbox 1658 1540 1750 1593; x_wconf 88' lang='grc' dir='ltr'><strong>τοῦ</strong></span> <span class='ocrx_word' id='word_1_121' title='bbox 1762 1541 1897 1594; x_wconf 87' lang='grc' dir='ltr'>Θεοῦ</span> <span class='ocrx_word' id='word_1_122' title='bbox 1917 1559 1930 1607; x_wconf 90' lang='lat'>;</span> 
     </span>
    </p>
   </div>
   <div class='ocr_carea' id='block_1_17' title="bbox 331 1624 1934 1704">
    <p class='ocr_par' dir='ltr' id='par_1_17' title="bbox 331 1624 1934 1704">
     <span class='ocr_line' id='line_1_17' title="bbox 331 1624 1934 1704; baseline 0.006 -27"><span class='ocrx_word' id='word_1_123' title='bbox 331 1625 544 1694; x_wconf 78' lang='grc' dir='ltr'>κτίσμα</span> <span class='ocrx_word' id='word_1_124' title='bbox 565 1624 730 1678; x_wconf 83' lang='grc' dir='ltr'>αὑτὸν</span> <span class='ocrx_word' id='word_1_125' title='bbox 751 1626 981 1694; x_wconf 81' lang='grc' dir='ltr'>φάσκεις</span> <span class='ocrx_word' id='word_1_126' title='bbox 1010 1626 1044 1697; x_wconf 73' lang='grc' dir='ltr'><strong>ἢ</strong></span> <span class='ocrx_word' id='word_1_127' title='bbox 1077 1628 1358 1700; x_wconf 76' lang='grc' dir='ltr'>γέννημας</span> <span class='ocrx_word' id='word_1_128' title='bbox 1390 1631 1452 1684; x_wconf 86' lang='grc' dir='ltr'><strong>Εἰ</strong></span> <span class='ocrx_word' id='word_1_129' title='bbox 1479 1631 1577 1701; x_wconf 79' lang='grc' dir='ltr'>μὲν</span> <span class='ocrx_word' id='word_1_130' title='bbox 1598 1631 1707 1702; x_wconf 81' lang='grc' dir='ltr'><strong>γὰρ</strong></span> <span class='ocrx_word' id='word_1_131' title='bbox 1729 1633 1934 1704; x_wconf 84' lang='grc' dir='ltr'>κτίσμα</span> 
     </span>
    </p>
   </div>
   <div class='ocr_carea' id='block_1_18' title="bbox 329 1717 1934 1800">
    <p class='ocr_par' dir='ltr' id='par_1_18' title="bbox 329 1717 1934 1800">
     <span class='ocr_line' id='line_1_18' title="bbox 329 1717 1934 1800; baseline 0.009 -30"><span class='ocrx_word' id='word_1_132' title='bbox 329 1719 498 1772; x_wconf 87' lang='grc' dir='ltr'>αὑτὸν</span> <span class='ocrx_word' id='word_1_133' title='bbox 533 1719 712 1788; x_wconf 87' lang='grc' dir='ltr'>λέγεις</span> <span class='ocrx_word' id='word_1_134' title='bbox 740 1717 900 1787; x_wconf 80' lang='grc' dir='ltr'>εἶναι,</span> <span class='ocrx_word' id='word_1_135' title='bbox 932 1723 1128 1793; x_wconf 82' lang='grc' dir='ltr'>μηκέτι</span> <span class='ocrx_word' id='word_1_136' title='bbox 1159 1723 1401 1790; x_wconf 81' lang='grc' dir='ltr'>πιθανῶς</span> <span class='ocrx_word' id='word_1_137' title='bbox 1445 1728 1805 1800; x_wconf 84' lang='grc' dir='ltr'>παράκρυπτε</span> <span class='ocrx_word' id='word_1_138' title='bbox 1834 1731 1934 1799; x_wconf 81' lang='grc' dir='ltr'>τὴν</span> 
     </span>
    </p>
   </div>
   <div class='ocr_carea' id='block_1_19' title="bbox 328 1810 1927 1891">
    <p class='ocr_par' dir='ltr' id='par_1_19' title="bbox 328 1810 1927 1891">
     <span class='ocr_line' id='line_1_19' title="bbox 328 1810 1927 1891; baseline 0.008 -28"><span class='ocrx_word' id='word_1_139' title='bbox 328 1810 538 1882; x_wconf 88' lang='grc' dir='ltr'>λύμην,</span> <span class='ocrx_word' id='word_1_140' title='bbox 579 1813 807 1883; x_wconf 88' lang='grc' dir='ltr'>ὀνόματι</span> <span class='ocrx_word' id='word_1_141' title='bbox 848 1814 1098 1886; x_wconf 80' lang='grc' dir='ltr'>γέννημα</span> <span class='ocrx_word' id='word_1_142' title='bbox 1135 1816 1298 1870; x_wconf 87' lang='grc' dir='ltr'>αὐτὸν</span> <span class='ocrx_word' id='word_1_143' title='bbox 1348 1818 1530 1872; x_wconf 89' lang='grc' dir='ltr'>καλῶν</span> <span class='ocrx_word' id='word_1_144' title='bbox 1563 1819 1658 1872; x_wconf 90' lang='grc' dir='ltr'><strong>τοῦ</strong></span> <span class='ocrx_word' id='word_1_145' title='bbox 1691 1821 1927 1891; x_wconf 83' lang='grc' dir='ltr'>Πατρός.</span> 
     </span>
    </p>
   </div>
   <div class='ocr_carea' id='block_1_20' title="bbox 2037 619 3633 692">
    <p class='ocr_par' dir='ltr' id='par_1_20' title="bbox 2037 619 3633 692">
     <span class='ocr_line' id='line_1_20' title="bbox 2037 619 3633 692; baseline 0.002 -17"><span class='ocrx_word' id='word_1_146' title='bbox 2037 620 2148 676; x_wconf 88' lang='lat' dir='ltr'><strong>niis</strong></span> <span class='ocrx_word' id='word_1_147' title='bbox 2185 621 2401 675; x_wconf 88' lang='lat' dir='ltr'><strong>illormn</strong></span> <span class='ocrx_word' id='word_1_148' title='bbox 2443 619 2780 690; x_wconf 78' lang='lat' dir='ltr'><strong>detegendus</strong></span> <span class='ocrx_word' id='word_1_149' title='bbox 2811 637 2965 676; x_wconf 91' lang='lat' dir='ltr'><strong>error</strong></span> <span class='ocrx_word' id='word_1_150' title='bbox 2997 631 3101 677; x_wconf 90' lang='lat' dir='ltr'><strong>est.</strong></span> <span class='ocrx_word' id='word_1_151' title='bbox 3145 621 3278 675; x_wconf 87' lang='lat' dir='ltr'><strong>Nam</strong></span> <span class='ocrx_word' id='word_1_152' title='bbox 3317 622 3360 677; x_wconf 92' lang='lat' dir='ltr'><strong>si</strong></span> <span class='ocrx_word' id='word_1_153' title='bbox 3395 623 3633 692; x_wconf 66' lang='lat' dir='ltr'><strong>genitum</strong></span> 
     </span>
    </p>
   </div>
   <div class='ocr_carea' id='block_1_21' title="bbox 2037 708 3631 783">
    <p class='ocr_par' dir='ltr' id='par_1_21' title="bbox 2037 708 3631 783">
     <span class='ocr_line' id='line_1_21' title="bbox 2037 708 3631 783; baseline 0.002 -20"><span class='ocrx_word' id='word_1_154' title='bbox 2037 709 2229 764; x_wconf 85' lang='lat' dir='ltr'><strong>abillo</strong></span> <span class='ocrx_word' id='word_1_155' title='bbox 2260 709 2456 764; x_wconf 90' lang='lat' dir='ltr'><strong>Filium</strong></span> <span class='ocrx_word' id='word_1_156' title='bbox 2500 709 2726 764; x_wconf 89' lang='lat' dir='ltr'><strong>omnino</strong></span> <span class='ocrx_word' id='word_1_157' title='bbox 2771 708 3062 775; x_wconf 83' lang='lat' dir='ltr'><strong>fateamur,</strong></span> <span class='ocrx_word' id='word_1_158' title='bbox 3102 713 3353 766; x_wconf 72' lang='lat' dir='ltr'><strong>etllndem</strong></span> <span class='ocrx_word' id='word_1_159' title='bbox 3390 721 3444 766; x_wconf 89' lang='lat' dir='ltr'><strong>et</strong></span> <span class='ocrx_word' id='word_1_160' title='bbox 3487 714 3631 783; x_wconf 84' lang='lat' dir='ltr'><strong>geni-</strong></span> 
     </span>
    </p>
   </div>
   <div class='ocr_carea' id='block_1_22' title="bbox 2037 798 3637 870">
    <p class='ocr_par' dir='ltr' id='par_1_22' title="bbox 2037 798 3637 870">
     <span class='ocr_line' id='line_1_22' title="bbox 2037 798 3637 870; baseline -0.001 -15"><span class='ocrx_word' id='word_1_161' title='bbox 2037 801 2141 855; x_wconf 92' lang='lat' dir='ltr'><strong>tori</strong></span> <span class='ocrx_word' id='word_1_162' title='bbox 2177 800 2410 856; x_wconf 87' lang='lat' dir='ltr'><strong>similem</strong></span> <span class='ocrx_word' id='word_1_163' title='bbox 2441 800 2758 854; x_wconf 80' lang='lat' dir='ltr'><strong>necessario</strong></span> <span class='ocrx_word' id='word_1_164' title='bbox 2787 798 3098 855; x_wconf 85' lang='lat' dir='ltr'><strong>fatebimur.</strong></span> <span class='ocrx_word' id='word_1_165' title='bbox 3130 799 3492 870; x_wconf 87' lang='lat' dir='ltr'><strong>Perspicuum</strong></span> <span class='ocrx_word' id='word_1_166' title='bbox 3538 817 3637 854; x_wconf 84' lang='lat' dir='ltr'><strong>au-</strong></span> 
     </span>
    </p>
   </div>
   <div class='ocr_carea' id='block_1_23' title="bbox 2037 891 3635 962">
    <p class='ocr_par' dir='ltr' id='par_1_23' title="bbox 2037 891 3635 962">
     <span class='ocr_line' id='line_1_23' title="bbox 2037 891 3635 962; baseline 0.001 -16"><span class='ocrx_word' id='word_1_167' title='bbox 2037 902 2144 947; x_wconf 92' lang='lat' dir='ltr'><strong>tem</strong></span> <span class='ocrx_word' id='word_1_168' title='bbox 2183 900 2287 956; x_wconf 91' lang='lat' dir='ltr'><strong>est,</strong></span> <span class='ocrx_word' id='word_1_169' title='bbox 2333 906 2458 946; x_wconf 91' lang='lat' dir='ltr'><strong>cum</strong></span> <span class='ocrx_word' id='word_1_170' title='bbox 2497 891 2665 948; x_wconf 86' lang='lat' dir='ltr'><strong>verbo</strong></span> <span class='ocrx_word' id='word_1_171' title='bbox 2717 900 2877 947; x_wconf 89' lang='lat' dir='ltr'><strong>tenus</strong></span> <span class='ocrx_word' id='word_1_172' title='bbox 2921 892 3160 962; x_wconf 84' lang='lat' dir='ltr'><strong>genitum</strong></span> <span class='ocrx_word' id='word_1_173' title='bbox 3201 909 3324 949; x_wconf 90' lang='lat' dir='ltr'><strong>esse</strong></span> <span class='ocrx_word' id='word_1_174' title='bbox 3357 893 3506 947; x_wconf 88' lang='lat' dir='ltr'><strong>dicat</strong></span> <span class='ocrx_word' id='word_1_175' title='bbox 3547 893 3635 948; x_wconf 78' lang='lat' dir='ltr'><strong>Fi-</strong></span> 
     </span>
    </p>
   </div>
   <div class='ocr_carea' id='block_1_24' title="bbox 2036 982 3633 1053">
    <p class='ocr_par' dir='ltr' id='par_1_24' title="bbox 2036 982 3633 1053">
     <span class='ocr_line' id='line_1_24' title="bbox 2036 982 3633 1053; baseline -0.001 -16"><span class='ocrx_word' id='word_1_176' title='bbox 2036 983 2192 1049; x_wconf 91' lang='lat' dir='ltr'><strong>lium,</strong></span> <span class='ocrx_word' id='word_1_177' title='bbox 2227 982 2408 1053; x_wconf 87' lang='lat' dir='ltr'><strong>rcipsa</strong></span> <span class='ocrx_word' id='word_1_178' title='bbox 2458 991 2769 1038; x_wconf 89' lang='lat' dir='ltr'><strong>creaturam</strong></span> <span class='ocrx_word' id='word_1_179' title='bbox 2816 982 3136 1037; x_wconf 76' lang='lat' dir='ltr'><strong>existimare</strong></span> <span class='ocrx_word' id='word_1_180' title='bbox 3173 998 3236 1037; x_wconf 89' lang='lat' dir='ltr'><strong>ac</strong></span> <span class='ocrx_word' id='word_1_181' title='bbox 3270 985 3528 1049; x_wconf 89' lang='lat' dir='ltr'><strong>credere;</strong></span> <span class='ocrx_word' id='word_1_182' title='bbox 3561 984 3633 1037; x_wconf 92' lang='lat' dir='ltr'><strong>ita</strong></span> 
     </span>
    </p>
   </div>
   <div class='ocr_carea' id='block_1_25' title="bbox 2035 1078 3630 1150">
    <p class='ocr_par' dir='ltr' id='par_1_25' title="bbox 2035 1078 3630 1150">
     <span class='ocr_line' id='line_1_25' title="bbox 2035 1078 3630 1150; baseline -0.001 -16"><span class='ocrx_word' id='word_1_183' title='bbox 2035 1088 2095 1134; x_wconf 89' lang='lat' dir='ltr'><strong>ut</strong></span> <span class='ocrx_word' id='word_1_184' title='bbox 2124 1079 2240 1136; x_wconf 81' lang='lat' dir='ltr'><strong>sola</strong></span> <span class='ocrx_word' id='word_1_185' title='bbox 2273 1078 2364 1135; x_wconf 88' lang='lat' dir='ltr'><strong>Dei</strong></span> <span class='ocrx_word' id='word_1_186' title='bbox 2397 1081 2570 1150; x_wconf 85' lang='lat' dir='ltr'><strong>gratia</strong></span> <span class='ocrx_word' id='word_1_187' title='bbox 2601 1079 2772 1135; x_wconf 88' lang='lat' dir='ltr'><strong>Filius</strong></span> <span class='ocrx_word' id='word_1_188' title='bbox 2815 1078 3118 1149; x_wconf 78' lang='lat' dir='ltr'><strong>appelletur</strong></span> <span class='ocrx_word' id='word_1_189' title='bbox 3145 1096 3158 1132; x_wconf 89' lang='lat'><strong>:</strong></span> <span class='ocrx_word' id='word_1_190' title='bbox 3191 1094 3310 1148; x_wconf 67' lang='lat' dir='ltr'><strong>qum</strong></span> <span class='ocrx_word' id='word_1_191' title='bbox 3341 1089 3426 1133; x_wconf 89' lang='lat' dir='ltr'><strong>est</strong></span> <span class='ocrx_word' id='word_1_192' title='bbox 3463 1080 3630 1132; x_wconf 66' lang='lat' dir='ltr'><strong>coale-</strong></span> 
     </span>
    </p>
   </div>
   <div class='ocr_carea' id='block_1_26' title="bbox 2033 1170 3631 1239">
    <p class='ocr_par' dir='ltr' id='par_1_26' title="bbox 2033 1170 3631 1239">
     <span class='ocr_line' id='line_1_26' title="bbox 2033 1170 3631 1239; baseline -0.003 -11"><span class='ocrx_word' id='word_1_193' title='bbox 2033 1174 2199 1228; x_wconf 83' lang='lat' dir='ltr'><strong>stium</strong></span> <span class='ocrx_word' id='word_1_194' title='bbox 2255 1171 2490 1226; x_wconf 89' lang='lat' dir='ltr'><strong>tinitoris</strong></span> <span class='ocrx_word' id='word_1_195' title='bbox 2545 1171 2716 1238; x_wconf 89' lang='lat' dir='ltr'><strong>illius,</strong></span> <span class='ocrx_word' id='word_1_196' title='bbox 2769 1181 2820 1225; x_wconf 91' lang='lat' dir='ltr'><strong>et</strong></span> <span class='ocrx_word' id='word_1_197' title='bbox 2871 1185 3062 1225; x_wconf 86' lang='lat' dir='ltr'><strong>eorum</strong></span> <span class='ocrx_word' id='word_1_198' title='bbox 3112 1185 3234 1239; x_wconf 72' lang='lat' dir='ltr'><strong>qum</strong></span> <span class='ocrx_word' id='word_1_199' title='bbox 3295 1170 3462 1223; x_wconf 78' lang='lat' dir='ltr'><strong>dividi</strong></span> <span class='ocrx_word' id='word_1_200' title='bbox 3523 1186 3631 1223; x_wconf 84' lang='lat' dir='ltr'><strong>tum</strong></span> 
     </span>
    </p>
   </div>
   <div class='ocr_carea' id='block_1_27' title="bbox 2037 1263 3632 1335">
    <p class='ocr_par' dir='ltr' id='par_1_27' title="bbox 2037 1263 3632 1335">
     <span class='ocr_line' id='line_1_27' title="bbox 2037 1263 3632 1335; baseline -0.003 -17"><span class='ocrx_word' id='word_1_201' title='bbox 2037 1274 2267 1335; x_wconf 89' lang='lat' dir='ltr'><strong>possunt</strong></span> <span class='ocrx_word' id='word_1_202' title='bbox 2310 1263 2590 1326; x_wconf 89' lang='lat' dir='ltr'><strong>divisoris,</strong></span> <span class='ocrx_word' id='word_1_203' title='bbox 2637 1271 2691 1316; x_wconf 92' lang='lat' dir='ltr'><strong>et</strong></span> <span class='ocrx_word' id='word_1_204' title='bbox 2738 1272 2943 1318; x_wconf 71' lang='lat' dir='ltr'><strong>nostra:</strong></span> <span class='ocrx_word' id='word_1_205' title='bbox 2978 1279 3073 1332; x_wconf 92' lang='lat' dir='ltr'><strong>per</strong></span> <span class='ocrx_word' id='word_1_206' title='bbox 3109 1263 3388 1318; x_wconf 79' lang='lat' dir='ltr'><strong>Christum</strong></span> <span class='ocrx_word' id='word_1_207' title='bbox 3439 1264 3632 1317; x_wconf 87' lang='lat' dir='ltr'><strong>salutis</strong></span> 
     </span>
    </p>
   </div>
   <div class='ocr_carea' id='block_1_28' title="bbox 2035 1353 3632 1425">
    <p class='ocr_par' dir='ltr' id='par_1_28' title="bbox 2035 1353 3632 1425">
     <span class='ocr_line' id='line_1_28' title="bbox 2035 1353 3632 1425; baseline -0.002 -16"><span class='ocrx_word' id='word_1_208' title='bbox 2035 1356 2302 1411; x_wconf 84' lang='lat' dir='ltr'><strong>mensoris</strong></span> <span class='ocrx_word' id='word_1_209' title='bbox 2347 1356 2556 1425; x_wconf 89' lang='lat' dir='ltr'><strong>opinio.</strong></span> <span class='ocrx_word' id='word_1_210' title='bbox 2613 1353 2811 1409; x_wconf 71' lang='lat' dir='ltr'><strong>Verum</strong></span> <span class='ocrx_word' id='word_1_211' title='bbox 2864 1359 3112 1410; x_wconf 88' lang='lat' dir='ltr'><strong>omnium</strong></span> <span class='ocrx_word' id='word_1_212' title='bbox 3166 1356 3394 1409; x_wconf 87' lang='lat' dir='ltr'><strong>istorum</strong></span> <span class='ocrx_word' id='word_1_213' title='bbox 3455 1356 3632 1408; x_wconf 83' lang='lat' dir='ltr'><strong>oratio</strong></span> 
     </span>
    </p>
   </div>
   <div class='ocr_carea' id='block_1_29' title="bbox 2035 1446 3631 1517">
    <p class='ocr_par' dir='ltr' id='par_1_29' title="bbox 2035 1446 3631 1517">
     <span class='ocr_line' id='line_1_29' title="bbox 2035 1446 3631 1517; baseline -0.004 -15"><span class='ocrx_word' id='word_1_214' title='bbox 2035 1449 2193 1503; x_wconf 82' lang='lat' dir='ltr'><strong>facile</strong></span> <span class='ocrx_word' id='word_1_215' title='bbox 2235 1448 2512 1512; x_wconf 90' lang='lat' dir='ltr'><strong>concidet,</strong></span> <span class='ocrx_word' id='word_1_216' title='bbox 2563 1447 2655 1517; x_wconf 86' lang='lat' dir='ltr'><strong>qui</strong></span> <span class='ocrx_word' id='word_1_217' title='bbox 2701 1463 2797 1517; x_wconf 92' lang='lat' dir='ltr'><strong>pro</strong></span> <span class='ocrx_word' id='word_1_218' title='bbox 2829 1458 3080 1501; x_wconf 78' lang='lat' dir='ltr'><strong>creatura</strong></span> <span class='ocrx_word' id='word_1_219' title='bbox 3131 1447 3284 1500; x_wconf 90' lang='lat' dir='ltr'><strong>illum</strong></span> <span class='ocrx_word' id='word_1_220' title='bbox 3337 1446 3495 1500; x_wconf 88' lang='lat' dir='ltr'><strong>nobis</strong></span> <span class='ocrx_word' id='word_1_221' title='bbox 3530 1448 3631 1500; x_wconf 82' lang='lat' dir='ltr'><strong>oh-</strong></span> 
     </span>
    </p>
   </div>
   <div class='ocr_carea' id='block_1_30' title="bbox 2035 1538 3631 1610">
    <p class='ocr_par' dir='ltr' id='par_1_30' title="bbox 2035 1538 3631 1610">
     <span class='ocr_line' id='line_1_30' title="bbox 2035 1538 3631 1610; baseline 0.001 -18"><span class='ocrx_word' id='word_1_222' title='bbox 2035 1542 2284 1603; x_wconf 85' lang='lat' dir='ltr'><strong>trudunt,</strong></span> <span class='ocrx_word' id='word_1_223' title='bbox 2320 1551 2482 1610; x_wconf 85' lang='lat' dir='ltr'><strong>atque</strong></span> <span class='ocrx_word' id='word_1_224' title='bbox 2527 1541 2579 1593; x_wconf 90' lang='lat' dir='ltr'><strong>in</strong></span> <span class='ocrx_word' id='word_1_225' title='bbox 2626 1540 2816 1610; x_wconf 88' lang='lat' dir='ltr'><strong>primis</strong></span> <span class='ocrx_word' id='word_1_226' title='bbox 2846 1540 3082 1594; x_wconf 67' lang='lat' dir='ltr'><strong>hmretici</strong></span> <span class='ocrx_word' id='word_1_227' title='bbox 3114 1539 3299 1608; x_wconf 86' lang='lat' dir='ltr'><strong>hujus,</strong></span> <span class='ocrx_word' id='word_1_228' title='bbox 3333 1554 3494 1607; x_wconf 85' lang='lat' dir='ltr'><strong>quem</strong></span> <span class='ocrx_word' id='word_1_229' title='bbox 3547 1538 3631 1593; x_wconf 85' lang='lat' dir='ltr'><strong>his</strong></span> 
     </span>
    </p>
   </div>
   <div class='ocr_carea' id='block_1_31' title="bbox 2033 1628 3627 1699">
    <p class='ocr_par' dir='ltr' id='par_1_31' title="bbox 2033 1628 3627 1699">
     <span class='ocr_line' id='line_1_31' title="bbox 2033 1628 3627 1699; baseline 0 -17"><span class='ocrx_word' id='word_1_230' title='bbox 2033 1629 2214 1684; x_wconf 87' lang='lat' dir='ltr'><strong>verbis</strong></span> <span class='ocrx_word' id='word_1_231' title='bbox 2247 1629 2442 1684; x_wconf 90' lang='lat' dir='ltr'><strong>merito</strong></span> <span class='ocrx_word' id='word_1_232' title='bbox 2487 1629 2639 1683; x_wconf 77' lang='lat' dir='ltr'><strong>affari</strong></span> <span class='ocrx_word' id='word_1_233' title='bbox 2689 1644 2850 1699; x_wconf 85' lang='lat' dir='ltr'><strong>posse</strong></span> <span class='ocrx_word' id='word_1_234' title='bbox 2904 1630 3035 1684; x_wconf 89' lang='lat' dir='ltr'><strong>mihi</strong></span> <span class='ocrx_word' id='word_1_235' title='bbox 3084 1629 3304 1684; x_wconf 84' lang='lat' dir='ltr'><strong>videor:</strong></span> <span class='ocrx_word' id='word_1_236' title='bbox 3343 1628 3437 1683; x_wconf 92' lang='lat' dir='ltr'><strong>Dic</strong></span> <span class='ocrx_word' id='word_1_237' title='bbox 3473 1629 3627 1692; x_wconf 88' lang='lat' dir='ltr'><strong>mihi,</strong></span> 
     </span>
    </p>
   </div>
   <div class='ocr_carea' id='block_1_32' title="bbox 2031 1723 3627 1793">
    <p class='ocr_par' dir='ltr' id='par_1_32' title="bbox 2031 1723 3627 1793">
     <span class='ocr_line' id='line_1_32' title="bbox 2031 1723 3627 1793; baseline 0.002 -17"><span class='ocrx_word' id='word_1_238' title='bbox 2031 1739 2236 1792; x_wconf 68' lang='lat' dir='ltr'><strong>qumso,</strong></span> <span class='ocrx_word' id='word_1_239' title='bbox 2281 1723 2410 1793; x_wconf 91' lang='lat' dir='ltr'><strong>quid</strong></span> <span class='ocrx_word' id='word_1_240' title='bbox 2487 1723 2556 1778; x_wconf 90' lang='lat' dir='ltr'><strong>de</strong></span> <span class='ocrx_word' id='word_1_241' title='bbox 2619 1723 2756 1778; x_wconf 80' lang='lat' dir='ltr'><strong>Filio</strong></span> <span class='ocrx_word' id='word_1_242' title='bbox 2811 1724 2906 1780; x_wconf 87' lang='lat' dir='ltr'><strong>Dei</strong></span> <span class='ocrx_word' id='word_1_243' title='bbox 2962 1726 3168 1782; x_wconf 81' lang='lat' dir='ltr'><strong>sentias</strong></span> <span class='ocrx_word' id='word_1_244' title='bbox 3215 1733 3269 1782; x_wconf 90' lang='lat' dir='ltr'><strong>et</strong></span> <span class='ocrx_word' id='word_1_245' title='bbox 3315 1737 3627 1780; x_wconf 81' lang='lat' dir='ltr'><strong>utrumnam</strong></span> 
     </span>
    </p>
   </div>
   <div class='ocr_carea' id='block_1_33' title="bbox 2032 1814 3625 1884">
    <p class='ocr_par' dir='ltr' id='par_1_33' title="bbox 2032 1814 3625 1884">
     <span class='ocr_line' id='line_1_33' title="bbox 2032 1814 3625 1884; baseline -0.001 -16"><span class='ocrx_word' id='word_1_246' title='bbox 2032 1820 2339 1868; x_wconf 86' lang='lat' dir='ltr'><strong>creaturam</strong></span> <span class='ocrx_word' id='word_1_247' title='bbox 2393 1829 2462 1868; x_wconf 92' lang='lat' dir='ltr'><strong>an</strong></span> <span class='ocrx_word' id='word_1_248' title='bbox 2512 1814 2681 1868; x_wconf 83' lang='lat' dir='ltr'><strong>fctum</strong></span> <span class='ocrx_word' id='word_1_249' title='bbox 2717 1815 2784 1869; x_wconf 86' lang='lat' dir='ltr'><strong>ab</strong></span> <span class='ocrx_word' id='word_1_250' title='bbox 2818 1815 3008 1870; x_wconf 88' lang='lat' dir='ltr'><strong>eodem</strong></span> <span class='ocrx_word' id='word_1_251' title='bbox 3059 1816 3304 1884; x_wconf 87' lang='lat' dir='ltr'><strong>genitum</strong></span> <span class='ocrx_word' id='word_1_252' title='bbox 3340 1815 3625 1870; x_wconf 89' lang='lat' dir='ltr'><strong>arbitrere.</strong></span> 
     </span>
    </p>
   </div>
   <div class='ocr_carea' id='block_1_34' title="bbox 333 1900 1932 1983">
    <p class='ocr_par' dir='ltr' id='par_1_34' title="bbox 333 1903 1927 1983">
     <span class='ocr_line' id='line_1_34' title="bbox 333 1903 1927 1983; baseline 0.007 -27"><span class='ocrx_word' id='word_1_253' title='bbox 333 1903 454 1956; x_wconf 78' lang='grc' dir='ltr'><strong>Πᾶν</strong></span> <span class='ocrx_word' id='word_1_254' title='bbox 487 1903 674 1975; x_wconf 79' lang='grc' dir='ltr'>γὰρτὸ</span> <span class='ocrx_word' id='word_1_255' title='bbox 705 1907 920 1960; x_wconf 87' lang='grc' dir='ltr'>κτιστὸν</span> <span class='ocrx_word' id='word_1_256' title='bbox 951 1908 1011 1960; x_wconf 84' lang='grc' dir='ltr'>οὐ</span> <span class='ocrx_word' id='word_1_257' title='bbox 1038 1909 1326 1978; x_wconf 73' lang='grc' dir='ltr'>γεννητόνο</span> <span class='ocrx_word' id='word_1_258' title='bbox 1366 1911 1459 1964; x_wconf 80' lang='grc' dir='ltr'>καὶ</span> <span class='ocrx_word' id='word_1_259' title='bbox 1489 1915 1537 1965; x_wconf 82' lang='grc' dir='ltr'><strong>εί</strong></span> <span class='ocrx_word' id='word_1_260' title='bbox 1559 1914 1835 1983; x_wconf 86' lang='grc' dir='ltr'>γεννητὸν.</span> <span class='ocrx_word' id='word_1_261' title='bbox 1868 1914 1927 1967; x_wconf 78' lang='grc' dir='ltr'><strong>ού</strong></span> 
     </span>
    </p>
   </div>
   <div class='ocr_carea' id='block_1_35' title="bbox 2033 1900 3627 1983">
    <p class='ocr_par' dir='ltr' id='par_1_35' title="bbox 2033 1906 3627 1965">
     <span class='ocr_line' id='line_1_35' title="bbox 2033 1906 3627 1965; baseline 0.001 -5"><span class='ocrx_word' id='word_1_262' title='bbox 2033 1906 2166 1960; x_wconf 81' lang='lat' dir='ltr'><strong>Nam</strong></span> <span class='ocrx_word' id='word_1_263' title='bbox 2212 1907 2258 1962; x_wconf 93' lang='lat' dir='ltr'><strong>si</strong></span> <span class='ocrx_word' id='word_1_264' title='bbox 2307 1915 2618 1962; x_wconf 88' lang='lat' dir='ltr'><strong>creaturam</strong></span> <span class='ocrx_word' id='word_1_265' title='bbox 2662 1923 2786 1963; x_wconf 86' lang='lat' dir='ltr'><strong>esse</strong></span> <span class='ocrx_word' id='word_1_266' title='bbox 2825 1915 3058 1965; x_wconf 89' lang='lat' dir='ltr'><strong>statuas.</strong></span> <span class='ocrx_word' id='word_1_267' title='bbox 3086 1906 3278 1962; x_wconf 89' lang='lat' dir='ltr'><strong>desine</strong></span> <span class='ocrx_word' id='word_1_268' title='bbox 3308 1908 3459 1962; x_wconf 87' lang='lat' dir='ltr'><strong>virus</strong></span> <span class='ocrx_word' id='word_1_269' title='bbox 3496 1907 3627 1962; x_wconf 90' lang='lat' dir='ltr'><strong>illud</strong></span> 
     </span>
    </p>
   </div>
   <div class='ocr_carea' id='block_1_36' title="bbox 333 1994 1932 2076">
    <p class='ocr_par' dir='ltr' id='par_1_36' title="bbox 333 1994 1932 2076">
     <span class='ocr_line' id='line_1_36' title="bbox 333 1994 1932 2076; baseline 0.008 -29"><span class='ocrx_word' id='word_1_270' title='bbox 333 1994 580 2049; x_wconf 79' lang='grc' dir='ltr'>κτιστύν.</span> <span class='ocrx_word' id='word_1_271' title='bbox 620 1997 821 2052; x_wconf 88' lang='grc' dir='ltr'>Ἔασον</span> <span class='ocrx_word' id='word_1_272' title='bbox 851 1998 1032 2052; x_wconf 86' lang='grc' dir='ltr'>τοίνυν</span> <span class='ocrx_word' id='word_1_273' title='bbox 1065 2001 1126 2054; x_wconf 86' lang='grc' dir='ltr'><strong>τὸ</strong></span> <span class='ocrx_word' id='word_1_274' title='bbox 1169 2003 1308 2074; x_wconf 86' lang='grc' dir='ltr'>μήτε</span> <span class='ocrx_word' id='word_1_275' title='bbox 1341 2002 1484 2075; x_wconf 83' lang='grc' dir='ltr'>λόγῳ</span> <span class='ocrx_word' id='word_1_276' title='bbox 1520 2004 1698 2072; x_wconf 89' lang='grc' dir='ltr'>λέγειν</span> <span class='ocrx_word' id='word_1_277' title='bbox 1739 2022 1932 2076; x_wconf 91' lang='grc' dir='ltr'>γεννη-</span> 
     </span>
    </p>
   </div>
   <div class='ocr_carea' id='block_1_37' title="bbox 327 2086 1933 2170">
    <p class='ocr_par' dir='ltr' id='par_1_37' title="bbox 327 2086 1933 2170">
     <span class='ocr_line' id='line_1_37' title="bbox 327 2086 1933 2170; baseline 0.008 -32"><span class='ocrx_word' id='word_1_278' title='bbox 327 2086 446 2140; x_wconf 85' lang='grc' dir='ltr'>τόν.</span> <span class='ocrx_word' id='word_1_279' title='bbox 493 2087 568 2140; x_wconf 86' lang='grc' dir='ltr'><strong>Οὐ</strong></span> <span class='ocrx_word' id='word_1_280' title='bbox 605 2087 717 2161; x_wconf 71' lang='grc' dir='ltr'><strong>γὰρ</strong></span> <span class='ocrx_word' id='word_1_281' title='bbox 751 2090 952 2160; x_wconf 78' lang='grc' dir='ltr'>πρέπει</span> <span class='ocrx_word' id='word_1_282' title='bbox 991 2109 1076 2145; x_wconf 83' lang='grc' dir='ltr'><strong>σοι</strong></span> <span class='ocrx_word' id='word_1_283' title='bbox 1108 2093 1246 2158; x_wconf 82' lang='grc' dir='ltr'>ὅλως</span> <span class='ocrx_word' id='word_1_284' title='bbox 1291 2095 1396 2150; x_wconf 69' lang='grc' dir='ltr'>κᾶν</span> <span class='ocrx_word' id='word_1_285' title='bbox 1441 2096 1521 2149; x_wconf 78' lang='grc' dir='ltr'><strong>ἑνὶ</strong></span> <span class='ocrx_word' id='word_1_286' title='bbox 1556 2096 1699 2167; x_wconf 86' lang='grc' dir='ltr'>λόγῳ</span> <span class='ocrx_word' id='word_1_287' title='bbox 1743 2097 1933 2170; x_wconf 81' lang='grc' dir='ltr'>φέρειν</span> 
     </span>
    </p>
   </div>
   <div class='ocr_carea' id='block_1_38' title="bbox 327 2177 1929 2258">
    <p class='ocr_par' dir='ltr' id='par_1_38' title="bbox 327 2177 1929 2258">
     <span class='ocr_line' id='line_1_38' title="bbox 327 2177 1929 2258; baseline 0.007 -28"><span class='ocrx_word' id='word_1_288' title='bbox 327 2177 434 2246; x_wconf 79' lang='grc' dir='ltr'>τῆς</span> <span class='ocrx_word' id='word_1_289' title='bbox 454 2177 712 2248; x_wconf 79' lang='grc' dir='ltr'>ἀληθείας</span> <span class='ocrx_word' id='word_1_290' title='bbox 735 2181 804 2234; x_wconf 87' lang='grc' dir='ltr'><strong>τά</strong></span> <span class='ocrx_word' id='word_1_291' title='bbox 831 2183 1052 2253; x_wconf 76' lang='grc' dir='ltr'>ῥήματα</span> <span class='ocrx_word' id='word_1_292' title='bbox 1084 2185 1177 2239; x_wconf 74' lang='grc' dir='ltr'>ἐπὶ</span> <span class='ocrx_word' id='word_1_293' title='bbox 1197 2185 1440 2257; x_wconf 85' lang='grc' dir='ltr'>χειλέων.</span> <span class='ocrx_word' id='word_1_294' title='bbox 1490 2187 1650 2240; x_wconf 86' lang='grc' dir='ltr'>Ἀλλά</span> <span class='ocrx_word' id='word_1_295' title='bbox 1684 2189 1808 2258; x_wconf 88' lang='grc' dir='ltr'>λέγε</span> <span class='ocrx_word' id='word_1_296' title='bbox 1835 2207 1929 2243; x_wconf 89' lang='grc' dir='ltr'><strong>σου</strong></span> 
     </span>
    </p>
   </div>
   <div class='ocr_carea' id='block_1_39' title="bbox 326 2269 1930 2348">
    <p class='ocr_par' dir='ltr' id='par_1_39' title="bbox 326 2269 1930 2348">
     <span class='ocr_line' id='line_1_39' title="bbox 326 2269 1930 2348; baseline 0.007 -27"><span class='ocrx_word' id='word_1_297' title='bbox 326 2269 393 2322; x_wconf 88' lang='grc' dir='ltr'><strong>τὸ</strong></span> <span class='ocrx_word' id='word_1_298' title='bbox 416 2272 525 2322; x_wconf 79' lang='grc' dir='ltr'>πᾶν</span> <span class='ocrx_word' id='word_1_299' title='bbox 549 2271 648 2341; x_wconf 80' lang='grc' dir='ltr'>τῆς</span> <span class='ocrx_word' id='word_1_300' title='bbox 675 2273 989 2345; x_wconf 76' lang='grc' dir='ltr'>ἐπιϐουλῆς,</span> <span class='ocrx_word' id='word_1_301' title='bbox 1015 2276 1104 2330; x_wconf 80' lang='grc' dir='ltr'>ἵνα</span> <span class='ocrx_word' id='word_1_302' title='bbox 1132 2277 1394 2348; x_wconf 83' lang='grc' dir='ltr'>μάθωμεν</span> <span class='ocrx_word' id='word_1_303' title='bbox 1418 2279 1503 2342; x_wconf 86' lang='grc' dir='ltr'><strong>τίς</strong></span> <span class='ocrx_word' id='word_1_304' title='bbox 1531 2274 1601 2342; x_wconf 74' lang='grc' dir='ltr'>εἴ,</span> <span class='ocrx_word' id='word_1_305' title='bbox 1628 2281 1722 2332; x_wconf 72' lang='grc' dir='ltr'>καὶ</span> <span class='ocrx_word' id='word_1_306' title='bbox 1754 2280 1930 2344; x_wconf 79' lang='grc' dir='ltr'>οὕτως</span> 
     </span>
    </p>
   </div>
   <div class='ocr_carea' id='block_1_40' title="bbox 328 2361 1930 2442">
    <p class='ocr_par' dir='ltr' id='par_1_40' title="bbox 328 2361 1930 2442">
     <span class='ocr_line' id='line_1_40' title="bbox 328 2361 1930 2442; baseline 0.007 -29"><span class='ocrx_word' id='word_1_307' title='bbox 328 2361 713 2433; x_wconf 79' lang='grc' dir='ltr'>ἀποφύγωμεν</span> <span class='ocrx_word' id='word_1_308' title='bbox 753 2365 864 2418; x_wconf 89' lang='grc' dir='ltr'><strong>ἀπὸ</strong></span> <span class='ocrx_word' id='word_1_309' title='bbox 907 2367 1008 2438; x_wconf 86' lang='grc' dir='ltr'>τῆς</span> <span class='ocrx_word' id='word_1_310' title='bbox 1040 2368 1339 2440; x_wconf 79' lang='grc' dir='ltr'>ἐπιϐουλῆς</span> <span class='ocrx_word' id='word_1_311' title='bbox 1382 2387 1499 2434; x_wconf 91' lang='grc' dir='ltr'>σου,</span> <span class='ocrx_word' id='word_1_312' title='bbox 1545 2372 1790 2442; x_wconf 87' lang='grc' dir='ltr'>ἀγρευτά</span> <span class='ocrx_word' id='word_1_313' title='bbox 1818 2372 1930 2424; x_wconf 87' lang='grc' dir='ltr'><strong>τῶν</strong></span> 
     </span>
    </p>
   </div>
   <div class='ocr_carea' id='block_1_41' title="bbox 325 2451 1928 2531">
    <p class='ocr_par' dir='ltr' id='par_1_41' title="bbox 325 2451 1928 2531">
     <span class='ocr_line' id='line_1_41' title="bbox 325 2451 1928 2531; baseline 0.007 -28"><span class='ocrx_word' id='word_1_314' title='bbox 325 2451 542 2522; x_wconf 74' lang='grc' dir='ltr'>ψυχῶν,</span> <span class='ocrx_word' id='word_1_315' title='bbox 568 2453 662 2505; x_wconf 83' lang='grc' dir='ltr'>καὶ</span> <span class='ocrx_word' id='word_1_316' title='bbox 685 2453 941 2508; x_wconf 84' lang='grc' dir='ltr'>ἐπίϐουλε</span> <span class='ocrx_word' id='word_1_317' title='bbox 981 2456 1091 2510; x_wconf 89' lang='grc' dir='ltr'><strong>τῶν</strong></span> <span class='ocrx_word' id='word_1_318' title='bbox 1139 2474 1221 2510; x_wconf 90' lang='grc' dir='ltr'><strong>σοι</strong></span> <span class='ocrx_word' id='word_1_319' title='bbox 1251 2459 1684 2530; x_wconf 73' lang='grc' dir='ltr'>πεποθημένωνι</span> <span class='ocrx_word' id='word_1_320' title='bbox 1748 2462 1928 2531; x_wconf 82' lang='grc' dir='ltr'>Προσ-</span> 
     </span>
    </p>
   </div>
   <div class='ocr_carea' id='block_1_42' title="bbox 326 2543 1925 2621">
    <p class='ocr_par' dir='ltr' id='par_1_42' title="bbox 326 2543 1925 2621">
     <span class='ocr_line' id='line_1_42' title="bbox 326 2543 1925 2621; baseline 0.005 -27"><span class='ocrx_word' id='word_1_321' title='bbox 326 2545 514 2606; x_wconf 68' lang='grc' dir='ltr'>κυνεῖς</span> <span class='ocrx_word' id='word_1_322' title='bbox 535 2543 715 2598; x_wconf 88' lang='grc' dir='ltr'>τοίνυν</span> <span class='ocrx_word' id='word_1_323' title='bbox 735 2545 824 2598; x_wconf 91' lang='grc' dir='ltr'><strong>τὸν</strong></span> <span class='ocrx_word' id='word_1_324' title='bbox 845 2545 973 2599; x_wconf 80' lang='grc' dir='ltr'>Υίὸν</span> <span class='ocrx_word' id='word_1_325' title='bbox 989 2547 1083 2599; x_wconf 90' lang='grc' dir='ltr'><strong>τοῦ</strong></span> <span class='ocrx_word' id='word_1_326' title='bbox 1099 2547 1258 2612; x_wconf 83' lang='grc' dir='ltr'>Θεοῦ,</span> <span class='ocrx_word' id='word_1_327' title='bbox 1281 2549 1315 2620; x_wconf 76' lang='grc' dir='ltr'><strong>ἢ</strong></span> <span class='ocrx_word' id='word_1_328' title='bbox 1335 2549 1396 2602; x_wconf 86' lang='grc' dir='ltr'><strong>ού</strong></span> <span class='ocrx_word' id='word_1_329' title='bbox 1422 2554 1743 2621; x_wconf 85' lang='grc' dir='ltr'>προσκυνεῖς</span> <span class='ocrx_word' id='word_1_330' title='bbox 1760 2569 1774 2618; x_wconf 88' lang='grc'><strong>;</strong></span> <span class='ocrx_word' id='word_1_331' title='bbox 1795 2551 1925 2618; x_wconf 74' lang='grc' dir='ltr'>Ναὶ,</span> 
     </span>
    </p>
   </div>
   <div class='ocr_carea' id='block_1_43' title="bbox 333 2633 1926 2713">
    <p class='ocr_par' dir='ltr' id='par_1_43' title="bbox 333 2633 1926 2713">
     <span class='ocr_line' id='line_1_43' title="bbox 333 2633 1926 2713; baseline 0.004 -27"><span class='ocrx_word' id='word_1_332' title='bbox 333 2633 497 2703; x_wconf 74' lang='grc' dir='ltr'>φησὶ,</span> <span class='ocrx_word' id='word_1_333' title='bbox 549 2635 844 2706; x_wconf 85' lang='grc' dir='ltr'>προσκυνῶ</span> <span class='ocrx_word' id='word_1_334' title='bbox 889 2638 1072 2692; x_wconf 84' lang='grc' dir='ltr'>αὐτόν.</span> <span class='ocrx_word' id='word_1_335' title='bbox 1126 2638 1260 2692; x_wconf 92' lang='grc' dir='ltr'>Θεὸν</span> <span class='ocrx_word' id='word_1_336' title='bbox 1303 2643 1649 2710; x_wconf 83' lang='grc' dir='ltr'>προσκυνεῖς,</span> <span class='ocrx_word' id='word_1_337' title='bbox 1700 2642 1733 2713; x_wconf 81' lang='grc' dir='ltr'>ἢ</span> <span class='ocrx_word' id='word_1_338' title='bbox 1771 2642 1926 2713; x_wconf 83' lang='grc' dir='ltr'>ούχί;</span> 
     </span>
    </p>
   </div>
   <div class='ocr_carea' id='block_1_44' title="bbox 326 2712 1930 2798">
    <p class='ocr_par' dir='ltr' id='par_1_44' title="bbox 326 2712 1930 2798">
     <span class='ocr_line' id='line_1_44' title="bbox 326 2712 1930 2798; baseline 0.007 -22"><span class='ocrx_word' id='word_1_339' title='bbox 326 2724 457 2790; x_wconf 72' lang='grc' dir='ltr'>Ναὶ,</span> <span class='ocrx_word' id='word_1_340' title='bbox 487 2726 642 2797; x_wconf 82' lang='grc' dir='ltr'>φησὶ,</span> <span class='ocrx_word' id='word_1_341' title='bbox 665 2727 798 2780; x_wconf 83' lang='grc' dir='ltr'>Θεὸν</span> <span class='ocrx_word' id='word_1_342' title='bbox 823 2730 1132 2798; x_wconf 86' lang='grc' dir='ltr'>προσκυνῶ.</span> <span class='ocrx_word' id='word_1_343' title='bbox 1164 2730 1322 2793; x_wconf 85' lang='grc' dir='ltr'>Ποῖος</span> <span class='ocrx_word' id='word_1_344' title='bbox 1343 2725 1438 2785; x_wconf 78' lang='grc' dir='ltr'>οὖν</span> <span class='ocrx_word' id='word_1_345' title='bbox 1466 2732 1600 2796; x_wconf 78' lang='grc' dir='ltr'>Θεὸς</span> <span class='ocrx_word' id='word_1_346' title='bbox 1625 2712 1779 2788; x_wconf 78' lang='grc' dir='ltr'>ἔσται</span> <span class='ocrx_word' id='word_1_347' title='bbox 1814 2712 1930 2788; x_wconf 83' lang='grc' dir='ltr'>κτι-</span> 
     </span>
    </p>
   </div>
   <div class='ocr_carea' id='block_1_45' title="bbox 326 2817 1985 2898">
    <p class='ocr_par' dir='ltr' id='par_1_45' title="bbox 326 2817 1985 2898">
     <span class='ocr_line' id='line_1_45' title="bbox 326 2817 1985 2898; baseline 0.008 -29"><span class='ocrx_word' id='word_1_348' title='bbox 326 2817 460 2881; x_wconf 85' lang='grc' dir='ltr'>στὸς</span> <span class='ocrx_word' id='word_1_349' title='bbox 486 2818 638 2889; x_wconf 74' lang='grc' dir='ltr'>παρὰ</span> <span class='ocrx_word' id='word_1_350' title='bbox 663 2820 745 2872; x_wconf 76' lang='grc' dir='ltr'>σοὶ</span> <span class='ocrx_word' id='word_1_351' title='bbox 765 2819 1061 2890; x_wconf 77' lang='grc' dir='ltr'>λεγόμενος</span> <span class='ocrx_word' id='word_1_352' title='bbox 1084 2822 1180 2874; x_wconf 76' lang='grc' dir='ltr'>καὶ</span> <span class='ocrx_word' id='word_1_353' title='bbox 1206 2819 1712 2896; x_wconf 84' lang='grc' dir='ltr'>προσκυνούμενος;</span> <span class='ocrx_word' id='word_1_354' title='bbox 1741 2829 1804 2881; x_wconf 70' lang='lat' dir='ltr'><strong>Ei</strong></span> <span class='ocrx_word' id='word_1_355' title='bbox 1830 2829 1930 2898; x_wconf 82' lang='grc' dir='ltr'>μὲν</span> <span class='ocrx_word' id='word_1_356' title='bbox 1975 2845 1985 2853; x_wconf 75' lang='lat'><strong><em>&#39;</em></strong></span> 
     </span>
    </p>
   </div>
   <div class='ocr_carea' id='block_1_46' title="bbox 323 2909 1928 2987">
    <p class='ocr_par' dir='ltr' id='par_1_46' title="bbox 323 2909 1928 2987">
     <span class='ocr_line' id='line_1_46' title="bbox 323 2909 1928 2987; baseline 0.006 -25"><span class='ocrx_word' id='word_1_357' title='bbox 323 2909 444 2980; x_wconf 80' lang='grc' dir='ltr'>γὰρ</span> <span class='ocrx_word' id='word_1_358' title='bbox 469 2910 560 2963; x_wconf 88' lang='grc' dir='ltr'><strong>τὸν</strong></span> <span class='ocrx_word' id='word_1_359' title='bbox 587 2911 683 2964; x_wconf 71' lang='grc' dir='ltr'>ἕνα</span> <span class='ocrx_word' id='word_1_360' title='bbox 715 2911 928 2965; x_wconf 78' lang='grc' dir='ltr'>ἔκτισεν</span> <span class='ocrx_word' id='word_1_361' title='bbox 966 2913 996 2964; x_wconf 89' lang='lat'><strong>6</strong></span> <span class='ocrx_word' id='word_1_362' title='bbox 1025 2914 1403 2987; x_wconf 85' lang='grc' dir='ltr'>προσκυνητὸς</span> <span class='ocrx_word' id='word_1_363' title='bbox 1439 2917 1593 2981; x_wconf 84' lang='grc' dir='ltr'>Θεὸς,</span> <span class='ocrx_word' id='word_1_364' title='bbox 1621 2919 1714 2971; x_wconf 75' lang='grc' dir='ltr'><strong>καὶ</strong></span> <span class='ocrx_word' id='word_1_365' title='bbox 1739 2919 1928 2972; x_wconf 78' lang='grc' dir='ltr'>τοῦτον</span> 
     </span>
    </p>
   </div>
   <div class='ocr_carea' id='block_1_47' title="bbox 323 3001 1928 3073">
    <p class='ocr_par' dir='ltr' id='par_1_47' title="bbox 323 3001 1928 3073">
     <span class='ocr_line' id='line_1_47' title="bbox 323 3001 1928 3073; baseline 0.006 -19"><span class='ocrx_word' id='word_1_366' title='bbox 323 3001 592 3072; x_wconf 81' lang='grc' dir='ltr'>εὐδόκησε</span> <span class='ocrx_word' id='word_1_367' title='bbox 627 3003 1072 3073; x_wconf 85' lang='grc' dir='ltr'>προσκυνεῖσθαι,</span> <span class='ocrx_word' id='word_1_368' title='bbox 1116 3004 1186 3058; x_wconf 86' lang='grc' dir='ltr'>τὰ</span> <span class='ocrx_word' id='word_1_369' title='bbox 1231 3005 1278 3058; x_wconf 82' lang='grc' dir='ltr'>δ’</span> <span class='ocrx_word' id='word_1_370' title='bbox 1322 3005 1460 3061; x_wconf 79' lang='grc' dir='ltr'>ἄλλα</span> <span class='ocrx_word' id='word_1_371' title='bbox 1493 3008 1673 3062; x_wconf 84' lang='grc' dir='ltr'>πάντα</span> <span class='ocrx_word' id='word_1_372' title='bbox 1711 3010 1873 3073; x_wconf 86' lang='grc' dir='ltr'>αὐτὸς</span> <span class='ocrx_word' id='word_1_373' title='bbox 1901 3012 1928 3064; x_wconf 90' lang='lat'><strong>6</strong></span> 
     </span>
    </p>
   </div>
   <div class='ocr_carea' id='block_1_48' title="bbox 326 3092 1927 3172">
    <p class='ocr_par' dir='ltr' id='par_1_48' title="bbox 326 3092 1927 3172">
     <span class='ocr_line' id='line_1_48' title="bbox 326 3092 1927 3172; baseline 0.006 -28"><span class='ocrx_word' id='word_1_374' title='bbox 326 3092 524 3156; x_wconf 87' lang='grc' dir='ltr'>κτίσας</span> <span class='ocrx_word' id='word_1_375' title='bbox 553 3093 615 3172; x_wconf 77' lang='grc' dir='ltr'><strong>ού</strong></span> <span class='ocrx_word' id='word_1_376' title='bbox 647 3092 896 3162; x_wconf 84' lang='grc' dir='ltr'>βούλεται</span> <span class='ocrx_word' id='word_1_377' title='bbox 922 3096 1368 3164; x_wconf 79' lang='grc' dir='ltr'>προσκυνεῖσθαι,</span> <span class='ocrx_word' id='word_1_378' title='bbox 1398 3097 1535 3152; x_wconf 89' lang='grc' dir='ltr'><strong>ἀλλά</strong></span> <span class='ocrx_word' id='word_1_379' title='bbox 1562 3100 1655 3152; x_wconf 77' lang='grc' dir='ltr'>καὶ</span> <span class='ocrx_word' id='word_1_380' title='bbox 1685 3101 1927 3154; x_wconf 75' lang='grc' dir='ltr'>αἰτιᾶται</span> 
     </span>
    </p>
   </div>
   <div class='ocr_carea' id='block_1_49' title="bbox 323 3183 1922 3259">
    <p class='ocr_par' dir='ltr' id='par_1_49' title="bbox 323 3183 1922 3259">
     <span class='ocr_line' id='line_1_49' title="bbox 323 3183 1922 3259; baseline 0.006 -24"><span class='ocrx_word' id='word_1_381' title='bbox 323 3184 458 3245; x_wconf 82' lang='grc' dir='ltr'>τοὺς</span> <span class='ocrx_word' id='word_1_382' title='bbox 482 3183 928 3254; x_wconf 80' lang='grc' dir='ltr'>προσκυνοῦντας</span> <span class='ocrx_word' id='word_1_383' title='bbox 956 3185 1057 3255; x_wconf 82' lang='grc' dir='ltr'>τὴν</span> <span class='ocrx_word' id='word_1_384' title='bbox 1079 3185 1280 3250; x_wconf 90' lang='grc' dir='ltr'>κτίσιν,</span> <span class='ocrx_word' id='word_1_385' title='bbox 1319 3187 1408 3242; x_wconf 83' lang='grc' dir='ltr'><strong>διὰ</strong></span> <span class='ocrx_word' id='word_1_386' title='bbox 1433 3189 1599 3259; x_wconf 85' lang='grc' dir='ltr'>νόμου</span> <span class='ocrx_word' id='word_1_387' title='bbox 1633 3190 1922 3245; x_wconf 80' lang='grc' dir='ltr'>διδάσκων·</span> 
     </span>
    </p>
   </div>
   <div class='ocr_carea' id='block_1_50' title="bbox 2034 1998 3630 2070">
    <p class='ocr_par' dir='ltr' id='par_1_50' title="bbox 2034 1998 3630 2070">
     <span class='ocr_line' id='line_1_50' title="bbox 2034 1998 3630 2070; baseline 0.001 -18"><span class='ocrx_word' id='word_1_388' title='bbox 2034 2007 2187 2054; x_wconf 90' lang='lat' dir='ltr'><strong>tuum</strong></span> <span class='ocrx_word' id='word_1_389' title='bbox 2224 1999 2417 2053; x_wconf 90' lang='lat' dir='ltr'><strong>callida</strong></span> <span class='ocrx_word' id='word_1_390' title='bbox 2463 2000 2903 2055; x_wconf 87' lang='lat' dir='ltr'><strong>dissimulatione</strong></span> <span class='ocrx_word' id='word_1_391' title='bbox 2937 2008 3137 2069; x_wconf 79' lang='lat' dir='ltr'><strong>tegere,</strong></span> <span class='ocrx_word' id='word_1_392' title='bbox 3163 2007 3217 2054; x_wconf 92' lang='lat' dir='ltr'><strong>et</strong></span> <span class='ocrx_word' id='word_1_393' title='bbox 3260 2013 3288 2052; x_wconf 89' lang='lat' dir='ltr'><strong>a</strong></span> <span class='ocrx_word' id='word_1_394' title='bbox 3329 1998 3491 2053; x_wconf 81' lang='lat' dir='ltr'><strong>Patre</strong></span> <span class='ocrx_word' id='word_1_395' title='bbox 3539 2015 3630 2070; x_wconf 81' lang='lat' dir='ltr'><strong>ge-</strong></span> 
     </span>
    </p>
   </div>
   <div class='ocr_carea' id='block_1_51' title="bbox 2032 2089 3626 2162">
    <p class='ocr_par' dir='ltr' id='par_1_51' title="bbox 2032 2089 3626 2162">
     <span class='ocr_line' id='line_1_51' title="bbox 2032 2089 3626 2162; baseline -0.002 -16"><span class='ocrx_word' id='word_1_396' title='bbox 2032 2092 2205 2146; x_wconf 88' lang='lat' dir='ltr'><strong>nitqu</strong></span> <span class='ocrx_word' id='word_1_397' title='bbox 2245 2091 2395 2146; x_wconf 88' lang='lat' dir='ltr'><strong>illum</strong></span> <span class='ocrx_word' id='word_1_398' title='bbox 2428 2107 2562 2146; x_wconf 91' lang='lat' dir='ltr'><strong>voce</strong></span> <span class='ocrx_word' id='word_1_399' title='bbox 2607 2100 2769 2147; x_wconf 90' lang='lat' dir='ltr'><strong>tenus</strong></span> <span class='ocrx_word' id='word_1_400' title='bbox 2810 2092 3190 2162; x_wconf 86' lang='lat' dir='ltr'><strong>pronuntiare.</strong></span> <span class='ocrx_word' id='word_1_401' title='bbox 3222 2090 3384 2160; x_wconf 74' lang='lat'><strong>921</strong></span> <span class='ocrx_word' id='word_1_402' title='bbox 3418 2089 3626 2145; x_wconf 86' lang='lat' dir='ltr'><strong>Etenim</strong></span> 
     </span>
    </p>
   </div>
   <div class='ocr_carea' id='block_1_52' title="bbox 2030 2184 3630 2254">
    <p class='ocr_par' dir='ltr' id='par_1_52' title="bbox 2030 2184 3630 2254">
     <span class='ocr_line' id='line_1_52' title="bbox 2030 2184 3630 2254; baseline -0.001 -16"><span class='ocrx_word' id='word_1_403' title='bbox 2030 2184 2297 2254; x_wconf 84' lang='lat' dir='ltr'><strong>quidquid</strong></span> <span class='ocrx_word' id='word_1_404' title='bbox 2329 2192 2574 2238; x_wconf 90' lang='lat' dir='ltr'><strong>creatum</strong></span> <span class='ocrx_word' id='word_1_405' title='bbox 2606 2194 2710 2248; x_wconf 91' lang='lat' dir='ltr'><strong>est,</strong></span> <span class='ocrx_word' id='word_1_406' title='bbox 2759 2185 3004 2254; x_wconf 82' lang='lat' dir='ltr'><strong>genitum</strong></span> <span class='ocrx_word' id='word_1_407' title='bbox 3031 2199 3154 2239; x_wconf 89' lang='lat' dir='ltr'><strong>esse</strong></span> <span class='ocrx_word' id='word_1_408' title='bbox 3191 2199 3300 2237; x_wconf 88' lang='lat' dir='ltr'><strong>non</strong></span> <span class='ocrx_word' id='word_1_409' title='bbox 3347 2191 3544 2254; x_wconf 85' lang='lat' dir='ltr'><strong>potest,</strong></span> <span class='ocrx_word' id='word_1_410' title='bbox 3575 2193 3630 2238; x_wconf 89' lang='lat' dir='ltr'><strong>et</strong></span> 
     </span>
    </p>
   </div>
   <div class='ocr_carea' id='block_1_53' title="bbox 2032 2275 3630 2347">
    <p class='ocr_par' dir='ltr' id='par_1_53' title="bbox 2032 2275 3630 2347">
     <span class='ocr_line' id='line_1_53' title="bbox 2032 2275 3630 2347; baseline -0.001 -16"><span class='ocrx_word' id='word_1_411' title='bbox 2032 2278 2078 2332; x_wconf 89' lang='lat' dir='ltr'><strong>si</strong></span> <span class='ocrx_word' id='word_1_412' title='bbox 2116 2277 2356 2347; x_wconf 88' lang='lat' dir='ltr'><strong>genitum</strong></span> <span class='ocrx_word' id='word_1_413' title='bbox 2387 2286 2490 2341; x_wconf 76' lang='lat' dir='ltr'><strong>est,</strong></span> <span class='ocrx_word' id='word_1_414' title='bbox 2516 2286 2762 2332; x_wconf 90' lang='lat' dir='ltr'><strong>creatum</strong></span> <span class='ocrx_word' id='word_1_415' title='bbox 2796 2294 2905 2331; x_wconf 92' lang='lat' dir='ltr'><strong>non</strong></span> <span class='ocrx_word' id='word_1_416' title='bbox 2935 2285 3038 2332; x_wconf 89' lang='lat' dir='ltr'><strong>cst.</strong></span> <span class='ocrx_word' id='word_1_417' title='bbox 3083 2275 3452 2342; x_wconf 77' lang='lat' dir='ltr'><strong>Quamobrem</strong></span> <span class='ocrx_word' id='word_1_418' title='bbox 3484 2277 3630 2345; x_wconf 84' lang='lat' dir='ltr'><strong>geni-</strong></span> 
     </span>
    </p>
   </div>
   <div class='ocr_carea' id='block_1_54' title="bbox 2031 2367 3630 2424">
    <p class='ocr_par' dir='ltr' id='par_1_54' title="bbox 2031 2367 3630 2424">
     <span class='ocr_line' id='line_1_54' title="bbox 2031 2367 3630 2424; baseline -0.001 -2"><span class='ocrx_word' id='word_1_419' title='bbox 2031 2378 2146 2422; x_wconf 91' lang='lat' dir='ltr'><strong>tum</strong></span> <span class='ocrx_word' id='word_1_420' title='bbox 2179 2369 2328 2422; x_wconf 82' lang='lat' dir='ltr'><strong>illum</strong></span> <span class='ocrx_word' id='word_1_421' title='bbox 2365 2369 2529 2424; x_wconf 82' lang='lat' dir='ltr'><strong>verbo</strong></span> <span class='ocrx_word' id='word_1_422' title='bbox 2551 2370 2838 2423; x_wconf 88' lang='lat' dir='ltr'><strong>nominare</strong></span> <span class='ocrx_word' id='word_1_423' title='bbox 2871 2368 3082 2423; x_wconf 88' lang='lat' dir='ltr'><strong>desine.</strong></span> <span class='ocrx_word' id='word_1_424' title='bbox 3122 2367 3240 2422; x_wconf 82' lang='lat' dir='ltr'><strong>Non</strong></span> <span class='ocrx_word' id='word_1_425' title='bbox 3281 2370 3426 2423; x_wconf 90' lang='lat' dir='ltr'><strong>enim</strong></span> <span class='ocrx_word' id='word_1_426' title='bbox 3472 2369 3630 2422; x_wconf 77' lang='lat' dir='ltr'><strong>decet</strong></span> 
     </span>
    </p>
   </div>
   <div class='ocr_carea' id='block_1_55' title="bbox 2032 2460 3626 2532">
    <p class='ocr_par' dir='ltr' id='par_1_55' title="bbox 2032 2460 3626 2532">
     <span class='ocr_line' id='line_1_55' title="bbox 2032 2460 3626 2532; baseline -0.001 -16"><span class='ocrx_word' id='word_1_427' title='bbox 2032 2472 2083 2516; x_wconf 91' lang='lat' dir='ltr'><strong>te</strong></span> <span class='ocrx_word' id='word_1_428' title='bbox 2112 2461 2196 2516; x_wconf 87' lang='lat' dir='ltr'><strong>vel</strong></span> <span class='ocrx_word' id='word_1_429' title='bbox 2227 2462 2344 2532; x_wconf 90' lang='lat' dir='ltr'><strong>ipso</strong></span> <span class='ocrx_word' id='word_1_430' title='bbox 2370 2477 2625 2518; x_wconf 88' lang='lat' dir='ltr'><strong>sermone</strong></span> <span class='ocrx_word' id='word_1_431' title='bbox 2652 2463 2898 2517; x_wconf 87' lang='lat' dir='ltr'><strong>veritatis</strong></span> <span class='ocrx_word' id='word_1_432' title='bbox 2921 2476 3084 2516; x_wconf 91' lang='lat' dir='ltr'><strong>voces</strong></span> <span class='ocrx_word' id='word_1_433' title='bbox 3116 2461 3446 2530; x_wconf 82' lang='lat' dir='ltr'><strong>exprimere.</strong></span> <span class='ocrx_word' id='word_1_434' title='bbox 3483 2460 3626 2526; x_wconf 90' lang='lat' dir='ltr'><strong>Quin</strong></span> 
     </span>
    </p>
   </div>
   <div class='ocr_carea' id='block_1_56' title="bbox 2029 2551 3628 2622">
    <p class='ocr_par' dir='ltr' id='par_1_56' title="bbox 2029 2551 3628 2622">
     <span class='ocr_line' id='line_1_56' title="bbox 2029 2551 3628 2622; baseline 0.001 -17"><span class='ocrx_word' id='word_1_435' title='bbox 2029 2554 2214 2622; x_wconf 89' lang='lat' dir='ltr'><strong>potius</strong></span> <span class='ocrx_word' id='word_1_436' title='bbox 2252 2554 2496 2608; x_wconf 80' lang='lat' dir='ltr'><strong>fraudem</strong></span> <span class='ocrx_word' id='word_1_437' title='bbox 2537 2561 2686 2607; x_wconf 84' lang='lat' dir='ltr'><strong>tuam</strong></span> <span class='ocrx_word' id='word_1_438' title='bbox 2724 2567 2940 2607; x_wconf 85' lang='lat' dir='ltr'><strong>onmem</strong></span> <span class='ocrx_word' id='word_1_439' title='bbox 2989 2553 3256 2615; x_wconf 76' lang='lat' dir='ltr'><strong>edissere,</strong></span> <span class='ocrx_word' id='word_1_440' title='bbox 3305 2560 3362 2605; x_wconf 90' lang='lat' dir='ltr'><strong>ut</strong></span> <span class='ocrx_word' id='word_1_441' title='bbox 3408 2553 3502 2621; x_wconf 88' lang='lat' dir='ltr'><strong>qui</strong></span> <span class='ocrx_word' id='word_1_442' title='bbox 3550 2551 3628 2606; x_wconf 86' lang='lat' dir='ltr'><strong>sis</strong></span> 
     </span>
    </p>
   </div>
   <div class='ocr_carea' id='block_1_57' title="bbox 2030 2643 3624 2715">
    <p class='ocr_par' dir='ltr' id='par_1_57' title="bbox 2030 2643 3624 2715">
     <span class='ocr_line' id='line_1_57' title="bbox 2030 2643 3624 2715; baseline -0.001 -17"><span class='ocrx_word' id='word_1_443' title='bbox 2030 2658 2360 2715; x_wconf 82' lang='lat' dir='ltr'><strong>cognoscere</strong></span> <span class='ocrx_word' id='word_1_444' title='bbox 2406 2645 2705 2714; x_wconf 87' lang='lat' dir='ltr'><strong>possimus,</strong></span> <span class='ocrx_word' id='word_1_445' title='bbox 2757 2659 2821 2699; x_wconf 93' lang='lat' dir='ltr'><strong>ac</strong></span> <span class='ocrx_word' id='word_1_446' title='bbox 2872 2644 3204 2698; x_wconf 89' lang='lat' dir='ltr'><strong>malitiosum</strong></span> <span class='ocrx_word' id='word_1_447' title='bbox 3251 2652 3405 2697; x_wconf 92' lang='lat' dir='ltr'><strong>tuum</strong></span> <span class='ocrx_word' id='word_1_448' title='bbox 3453 2643 3624 2697; x_wconf 43' lang='lat' dir='ltr'><strong>artiﬁ.</strong></span> 
     </span>
    </p>
   </div>
   <div class='ocr_carea' id='block_1_58' title="bbox 2029 2735 3630 2806">
    <p class='ocr_par' dir='ltr' id='par_1_58' title="bbox 2029 2735 3630 2806">
     <span class='ocr_line' id='line_1_58' title="bbox 2029 2735 3630 2806; baseline -0.001 -18"><span class='ocrx_word' id='word_1_449' title='bbox 2029 2736 2173 2789; x_wconf 88' lang='lat' dir='ltr'><strong>ciqu</strong></span> <span class='ocrx_word' id='word_1_450' title='bbox 2223 2735 2496 2806; x_wconf 77' lang='lat' dir='ltr'><strong>ell&#39;ugere.</strong></span> <span class='ocrx_word' id='word_1_451' title='bbox 2547 2751 2580 2790; x_wconf 92' lang='grc' dir='ltr'><strong>ο</strong></span> <span class='ocrx_word' id='word_1_452' title='bbox 2623 2744 2873 2804; x_wconf 84' lang='lat' dir='ltr'><strong>captator</strong></span> <span class='ocrx_word' id='word_1_453' title='bbox 2927 2735 3274 2796; x_wconf 89' lang='lat' dir='ltr'><strong>animarum,</strong></span> <span class='ocrx_word' id='word_1_454' title='bbox 3327 2750 3630 2802; x_wconf 90' lang='lat' dir='ltr'><strong>eorumque</strong></span> 
     </span>
    </p>
   </div>
   <div class='ocr_carea' id='block_1_59' title="bbox 2030 2825 3630 2896">
    <p class='ocr_par' dir='ltr' id='par_1_59' title="bbox 2030 2825 3630 2896">
     <span class='ocr_line' id='line_1_59' title="bbox 2030 2825 3630 2896; baseline 0.001 -19"><span class='ocrx_word' id='word_1_455' title='bbox 2030 2841 2168 2896; x_wconf 87' lang='lat' dir='ltr'><strong>quos</strong></span> <span class='ocrx_word' id='word_1_456' title='bbox 2208 2826 2411 2896; x_wconf 79' lang='lat' dir='ltr'><strong>diligis,</strong></span> <span class='ocrx_word' id='word_1_457' title='bbox 2441 2826 2706 2882; x_wconf 88' lang='lat' dir='ltr'><strong>insidiose</strong></span> <span class='ocrx_word' id='word_1_458' title='bbox 2756 2834 3072 2896; x_wconf 90' lang='lat' dir='ltr'><strong>corruptor.</strong></span> <span class='ocrx_word' id='word_1_459' title='bbox 3112 2825 3218 2881; x_wconf 88' lang='lat' dir='ltr'><strong>Sed</strong></span> <span class='ocrx_word' id='word_1_460' title='bbox 3266 2825 3398 2880; x_wconf 90' lang='lat' dir='ltr'><strong>illud</strong></span> <span class='ocrx_word' id='word_1_461' title='bbox 3439 2825 3537 2879; x_wconf 86' lang='lat' dir='ltr'><strong>abs</strong></span> <span class='ocrx_word' id='word_1_462' title='bbox 3577 2833 3630 2878; x_wconf 90' lang='lat' dir='ltr'><strong>te</strong></span> 
     </span>
    </p>
   </div>
   <div class='ocr_carea' id='block_1_60' title="bbox 2028 2915 3622 2988">
    <p class='ocr_par' dir='ltr' id='par_1_60' title="bbox 2028 2915 3622 2988">
     <span class='ocr_line' id='line_1_60' title="bbox 2028 2915 3622 2988; baseline -0.001 -18"><span class='ocrx_word' id='word_1_463' title='bbox 2028 2934 2252 2988; x_wconf 58' lang='lat' dir='ltr'><strong>quem,</strong></span> <span class='ocrx_word' id='word_1_464' title='bbox 2287 2917 2484 2972; x_wconf 81' lang='lat' dir='ltr'><strong>Fili&#39;um</strong></span> <span class='ocrx_word' id='word_1_465' title='bbox 2536 2918 2626 2972; x_wconf 86' lang='lat' dir='ltr'><strong>Dei</strong></span> <span class='ocrx_word' id='word_1_466' title='bbox 2660 2919 2878 2982; x_wconf 89' lang='lat' dir='ltr'><strong>adores,</strong></span> <span class='ocrx_word' id='word_1_467' title='bbox 2920 2933 3112 2971; x_wconf 85' lang='lat' dir='ltr'><strong>necne.</strong></span> <span class='ocrx_word' id='word_1_468' title='bbox 3177 2916 3381 2978; x_wconf 80' lang='lat' dir='ltr'><strong>Adero,</strong></span> <span class='ocrx_word' id='word_1_469' title='bbox 3424 2915 3622 2985; x_wconf 87' lang='lat' dir='ltr'><strong>inquit.</strong></span> 
     </span>
    </p>
   </div>
   <div class='ocr_carea' id='block_1_61' title="bbox 2028 3005 3618 3078">
    <p class='ocr_par' dir='ltr' id='par_1_61' title="bbox 2028 3005 3618 3078">
     <span class='ocr_line' id='line_1_61' title="bbox 2028 3005 3618 3078; baseline -0.004 -16"><span class='ocrx_word' id='word_1_470' title='bbox 2028 3011 2161 3078; x_wconf 81' lang='lat' dir='ltr'><strong>Age,</strong></span> <span class='ocrx_word' id='word_1_471' title='bbox 2194 3009 2360 3063; x_wconf 91' lang='lat' dir='ltr'><strong>Deum</strong></span> <span class='ocrx_word' id='word_1_472' title='bbox 2387 3008 2685 3071; x_wconf 89' lang='lat' dir='ltr'><strong>adoras,an</strong></span> <span class='ocrx_word' id='word_1_473' title='bbox 2720 3008 2868 3062; x_wconf 88' lang='lat' dir='ltr'><strong>non?</strong></span> <span class='ocrx_word' id='word_1_474' title='bbox 2891 3007 3002 3077; x_wconf 86' lang='lat' dir='ltr'><strong>Ego</strong></span> <span class='ocrx_word' id='word_1_475' title='bbox 3029 3022 3178 3069; x_wconf 85' lang='lat' dir='ltr'><strong>vero,</strong></span> <span class='ocrx_word' id='word_1_476' title='bbox 3209 3006 3407 3074; x_wconf 88' lang='lat' dir='ltr'><strong>inquit,</strong></span> <span class='ocrx_word' id='word_1_477' title='bbox 3431 3005 3618 3059; x_wconf 80' lang='lat' dir='ltr'><strong>adoro.</strong></span> 
     </span>
    </p>
   </div>
   <div class='ocr_carea' id='block_1_62' title="bbox 2034 3095 3627 3169">
    <p class='ocr_par' dir='ltr' id='par_1_62' title="bbox 2034 3095 3627 3169">
     <span class='ocr_line' id='line_1_62' title="bbox 2034 3095 3627 3169; baseline -0.006 -16"><span class='ocrx_word' id='word_1_478' title='bbox 2034 3097 2133 3154; x_wconf 88' lang='lat' dir='ltr'><strong>Ubi</strong></span> <span class='ocrx_word' id='word_1_479' title='bbox 2162 3099 2328 3169; x_wconf 81' lang='lat' dir='ltr'><strong>igitur</strong></span> <span class='ocrx_word' id='word_1_480' title='bbox 2359 3099 2449 3152; x_wconf 90' lang='lat' dir='ltr'><strong>ille</strong></span> <span class='ocrx_word' id='word_1_481' title='bbox 2496 3096 2640 3153; x_wconf 89' lang='lat' dir='ltr'><strong>Deus</strong></span> <span class='ocrx_word' id='word_1_482' title='bbox 2671 3106 2777 3160; x_wconf 90' lang='lat' dir='ltr'><strong>est,</strong></span> <span class='ocrx_word' id='word_1_483' title='bbox 2808 3112 2969 3165; x_wconf 87' lang='lat' dir='ltr'><strong>quem</strong></span> <span class='ocrx_word' id='word_1_484' title='bbox 3013 3107 3066 3149; x_wconf 89' lang='lat' dir='ltr'><strong>tu</strong></span> <span class='ocrx_word' id='word_1_485' title='bbox 3111 3103 3355 3149; x_wconf 85' lang='lat' dir='ltr'><strong>creatum</strong></span> <span class='ocrx_word' id='word_1_486' title='bbox 3389 3095 3627 3146; x_wconf 89' lang='lat' dir='ltr'><strong>adoran-</strong></span> 
     </span>
    </p>
   </div>
   <div class='ocr_carea' id='block_1_63' title="bbox 2031 3183 3627 3258">
    <p class='ocr_par' dir='ltr' id='par_1_63' title="bbox 2031 3183 3627 3258">
     <span class='ocr_line' id='line_1_63' title="bbox 2031 3183 3627 3258; baseline -0.004 -16"><span class='ocrx_word' id='word_1_487' title='bbox 2031 3187 2271 3258; x_wconf 88' lang='lat' dir='ltr'><strong>dumque</strong></span> <span class='ocrx_word' id='word_1_488' title='bbox 2298 3186 2595 3258; x_wconf 60' lang='lat' dir='ltr'><strong>pradicas?</strong></span> <span class='ocrx_word' id='word_1_489' title='bbox 2627 3185 2758 3239; x_wconf 85' lang='lat' dir='ltr'><strong>Nam</strong></span> <span class='ocrx_word' id='word_1_490' title='bbox 2793 3186 2840 3241; x_wconf 90' lang='lat' dir='ltr'><strong>si</strong></span> <span class='ocrx_word' id='word_1_491' title='bbox 2868 3201 3035 3240; x_wconf 88' lang='lat' dir='ltr'><strong>unum</strong></span> <span class='ocrx_word' id='word_1_492' title='bbox 3065 3184 3331 3238; x_wconf 80' lang='lat' dir='ltr'><strong>duntaxat</strong></span> <span class='ocrx_word' id='word_1_493' title='bbox 3361 3183 3627 3237; x_wconf 84' lang='lat' dir='ltr'><strong>colendus</strong></span> 
     </span>
    </p>
   </div>
   <div class='ocr_carea' id='block_1_64' title="bbox 327 3271 1932 3350">
    <p class='ocr_par' dir='ltr' id='par_1_64' title="bbox 327 3271 1929 3350">
     <span class='ocr_line' id='line_1_64' title="bbox 327 3271 1929 3350; baseline 0.003 -24"><span class='ocrx_word' id='word_1_494' title='bbox 327 3274 419 3328; x_wconf 80' lang='grc' dir='ltr'><strong>Οὐ</strong></span> <span class='ocrx_word' id='word_1_495' title='bbox 441 3271 718 3342; x_wconf 77' lang='grc' dir='ltr'>ποιήσεις</span> <span class='ocrx_word' id='word_1_496' title='bbox 737 3272 974 3339; x_wconf 84' lang='grc' dir='ltr'>σεαυτῷ</span> <span class='ocrx_word' id='word_1_497' title='bbox 999 3273 1125 3329; x_wconf 79' lang='grc' dir='ltr'>πᾶν</span> <span class='ocrx_word' id='word_1_498' title='bbox 1150 3277 1433 3346; x_wconf 81' lang='grc' dir='ltr'>ὁμοίωμα.</span> <span class='ocrx_word' id='word_1_499' title='bbox 1456 3278 1553 3332; x_wconf 68' lang='grc' dir='ltr'>καὶ</span> <span class='ocrx_word' id='word_1_500' title='bbox 1579 3279 1929 3350; x_wconf 81' lang='grc' dir='ltr'>προσκυνή-</span> 
     </span>
    </p>
   </div>
   <div class='ocr_carea' id='block_1_65' title="bbox 2033 3271 3624 3350">
    <p class='ocr_par' dir='ltr' id='par_1_65' title="bbox 2033 3275 3624 3340">
     <span class='ocr_line' id='line_1_65' title="bbox 2033 3275 3624 3340; baseline -0.003 -8"><span class='ocrx_word' id='word_1_501' title='bbox 2033 3278 2352 3333; x_wconf 89' lang='lat' dir='ltr'><strong>adoratioue</strong></span> <span class='ocrx_word' id='word_1_502' title='bbox 2378 3277 2521 3332; x_wconf 85' lang='lat' dir='ltr'><strong>Deus</strong></span> <span class='ocrx_word' id='word_1_503' title='bbox 2545 3291 2575 3330; x_wconf 92' lang='lat' dir='ltr'><strong>a</strong></span> <span class='ocrx_word' id='word_1_504' title='bbox 2609 3292 2668 3332; x_wconf 89' lang='lat' dir='ltr'><strong>se</strong></span> <span class='ocrx_word' id='word_1_505' title='bbox 2692 3284 2938 3332; x_wconf 89' lang='lat' dir='ltr'><strong>creatum</strong></span> <span class='ocrx_word' id='word_1_506' title='bbox 2967 3275 3184 3330; x_wconf 88' lang='lat' dir='ltr'><strong>adorari</strong></span> <span class='ocrx_word' id='word_1_507' title='bbox 3213 3276 3406 3340; x_wconf 91' lang='lat' dir='ltr'><strong>voluit,</strong></span> <span class='ocrx_word' id='word_1_508' title='bbox 3431 3283 3624 3329; x_wconf 64' lang='lat' dir='ltr'><strong>uetera</strong></span> 
     </span>
    </p>
   </div>
   <div class='ocr_carea' id='block_1_66' title="bbox 324 3364 1932 3442">
    <p class='ocr_par' dir='ltr' id='par_1_66' title="bbox 324 3364 1928 3442">
     <span class='ocr_line' id='line_1_66' title="bbox 324 3364 1928 3442; baseline 0.006 -23"><span class='ocrx_word' id='word_1_509' title='bbox 324 3380 464 3432; x_wconf 85' lang='grc' dir='ltr'>σεις</span> <span class='ocrx_word' id='word_1_510' title='bbox 489 3365 652 3432; x_wconf 85' lang='grc' dir='ltr'>αὐτῷ</span> <span class='ocrx_word' id='word_1_511' title='bbox 667 3407 682 3432; x_wconf 89' lang='grc'><strong>,</strong></span> <span class='ocrx_word' id='word_1_512' title='bbox 717 3364 872 3435; x_wconf 80' lang='grc' dir='ltr'>μήτε</span> <span class='ocrx_word' id='word_1_513' title='bbox 887 3366 957 3420; x_wconf 80' lang='grc' dir='ltr'>ἐν</span> <span class='ocrx_word' id='word_1_514' title='bbox 979 3367 1060 3433; x_wconf 87' lang='grc' dir='ltr'>τῷ</span> <span class='ocrx_word' id='word_1_515' title='bbox 1080 3368 1336 3436; x_wconf 74' lang='grc' dir='ltr'>οὐρανῷ,</span> <span class='ocrx_word' id='word_1_516' title='bbox 1357 3369 1512 3439; x_wconf 79' lang='grc' dir='ltr'>μήτε</span> <span class='ocrx_word' id='word_1_517' title='bbox 1540 3371 1639 3424; x_wconf 79' lang='grc' dir='ltr'><strong>ἐπὶ</strong></span> <span class='ocrx_word' id='word_1_518' title='bbox 1663 3369 1772 3440; x_wconf 83' lang='grc' dir='ltr'>τῆς</span> <span class='ocrx_word' id='word_1_519' title='bbox 1793 3371 1928 3442; x_wconf 82' lang='grc' dir='ltr'>τῆς,</span> 
     </span>
    </p>
   </div>
   <div class='ocr_carea' id='block_1_67' title="bbox 2033 3364 3627 3442">
    <p class='ocr_par' dir='ltr' id='par_1_67' title="bbox 2033 3367 3627 3440">
     <span class='ocr_line' id='line_1_67' title="bbox 2033 3367 3627 3440; baseline -0.002 -16"><span class='ocrx_word' id='word_1_520' title='bbox 2033 3386 2161 3426; x_wconf 84' lang='lat' dir='ltr'><strong>vero</strong></span> <span class='ocrx_word' id='word_1_521' title='bbox 2199 3372 2382 3424; x_wconf 84' lang='lat' dir='ltr'><strong>omnia</strong></span> <span class='ocrx_word' id='word_1_522' title='bbox 2412 3370 2504 3426; x_wconf 89' lang='lat' dir='ltr'><strong>ille</strong></span> <span class='ocrx_word' id='word_1_523' title='bbox 2536 3369 2673 3440; x_wconf 88' lang='lat' dir='ltr'><strong>ipse,</strong></span> <span class='ocrx_word' id='word_1_524' title='bbox 2705 3371 2797 3440; x_wconf 90' lang='lat' dir='ltr'><strong>qui</strong></span> <span class='ocrx_word' id='word_1_525' title='bbox 2828 3368 3094 3434; x_wconf 85' lang='lat' dir='ltr'><strong>condidit,</strong></span> <span class='ocrx_word' id='word_1_526' title='bbox 3126 3367 3343 3422; x_wconf 86' lang='lat' dir='ltr'><strong>adorari</strong></span> <span class='ocrx_word' id='word_1_527' title='bbox 3374 3370 3540 3435; x_wconf 84' lang='lat' dir='ltr'><strong>vetat,</strong></span> <span class='ocrx_word' id='word_1_528' title='bbox 3574 3377 3627 3422; x_wconf 86' lang='lat' dir='ltr'><strong>ct</strong></span> 
     </span>
    </p>
   </div>
   <div class='ocr_carea' id='block_1_68' title="bbox 320 3455 1932 3533">
    <p class='ocr_par' dir='ltr' id='par_1_68' title="bbox 320 3455 1931 3532">
     <span class='ocr_line' id='line_1_68' title="bbox 320 3455 1931 3532; baseline 0.006 -25"><span class='ocrx_word' id='word_1_529' title='bbox 320 3455 480 3524; x_wconf 82' lang='grc' dir='ltr'>μήτε</span> <span class='ocrx_word' id='word_1_530' title='bbox 501 3455 571 3510; x_wconf 82' lang='grc' dir='ltr'>ἐν</span> <span class='ocrx_word' id='word_1_531' title='bbox 601 3455 728 3522; x_wconf 83' lang='grc' dir='ltr'>τοῖς</span> <span class='ocrx_word' id='word_1_532' title='bbox 747 3457 930 3510; x_wconf 79' lang='grc' dir='ltr'>ὕδασι</span> <span class='ocrx_word' id='word_1_533' title='bbox 952 3475 966 3488; x_wconf 73' lang='grc'><strong>⁸</strong></span> <span class='ocrx_word' id='word_1_534' title='bbox 997 3457 1092 3512; x_wconf 80' lang='grc' dir='ltr'>καὶ</span> <span class='ocrx_word' id='word_1_535' title='bbox 1119 3459 1148 3511; x_wconf 89' lang='lat'><strong>6</strong></span> <span class='ocrx_word' id='word_1_536' title='bbox 1177 3459 1499 3524; x_wconf 77' lang='grc' dir='ltr'>’Δπόστολός</span> <span class='ocrx_word' id='word_1_537' title='bbox 1523 3477 1690 3532; x_wconf 82' lang='grc' dir='ltr'>φησιν</span> <span class='ocrx_word' id='word_1_538' title='bbox 1710 3478 1726 3492; x_wconf 78' lang='grc' dir='ltr'><strong>ο</strong></span> <span class='ocrx_word' id='word_1_539' title='bbox 1768 3461 1931 3516; x_wconf 78' lang='grc' dir='ltr'><strong>Ἐλά-</strong></span> 
     </span>
    </p>
   </div>
   <div class='ocr_carea' id='block_1_69' title="bbox 2033 3455 3623 3533">
    <p class='ocr_par' dir='ltr' id='par_1_69' title="bbox 2033 3460 3623 3533">
     <span class='ocr_line' id='line_1_69' title="bbox 2033 3460 3623 3533; baseline -0.003 -14"><span class='ocrx_word' id='word_1_540' title='bbox 2033 3479 2124 3519; x_wconf 87' lang='lat' dir='ltr'><strong>eos</strong></span> <span class='ocrx_word' id='word_1_541' title='bbox 2157 3464 2403 3527; x_wconf 80' lang='lat' dir='ltr'><strong>dauinat,</strong></span> <span class='ocrx_word' id='word_1_542' title='bbox 2437 3463 2530 3533; x_wconf 91' lang='lat' dir='ltr'><strong>qui</strong></span> <span class='ocrx_word' id='word_1_543' title='bbox 2557 3471 2772 3518; x_wconf 88' lang='lat' dir='ltr'><strong>creatas</strong></span> <span class='ocrx_word' id='word_1_544' title='bbox 2804 3477 2892 3516; x_wconf 85' lang='lat' dir='ltr'><strong>res</strong></span> <span class='ocrx_word' id='word_1_545' title='bbox 2923 3460 3245 3515; x_wconf 89' lang='lat' dir='ltr'><strong>adoratione</strong></span> <span class='ocrx_word' id='word_1_546' title='bbox 3272 3468 3623 3526; x_wconf 87' lang='lat' dir='ltr'><strong>venerantur,</strong></span> 
     </span>
    </p>
   </div>
   <div class='ocr_carea' id='block_1_70' title="bbox 326 3547 1932 3626">
    <p class='ocr_par' dir='ltr' id='par_1_70' title="bbox 326 3547 1929 3624">
     <span class='ocr_line' id='line_1_70' title="bbox 326 3547 1929 3624; baseline 0.003 -22"><span class='ocrx_word' id='word_1_547' title='bbox 326 3562 596 3616; x_wconf 79' lang='grc' dir='ltr'>τρευσαν</span> <span class='ocrx_word' id='word_1_548' title='bbox 622 3547 698 3618; x_wconf 73' lang='grc' dir='ltr'>τῇ</span> <span class='ocrx_word' id='word_1_549' title='bbox 727 3549 924 3604; x_wconf 82' lang='grc' dir='ltr'>κτίσει</span> <span class='ocrx_word' id='word_1_550' title='bbox 957 3551 1118 3620; x_wconf 81' lang='grc' dir='ltr'>παρὰ</span> <span class='ocrx_word' id='word_1_551' title='bbox 1152 3552 1260 3607; x_wconf 85' lang='grc' dir='ltr'>τὸν</span> <span class='ocrx_word' id='word_1_552' title='bbox 1288 3554 1604 3621; x_wconf 81' lang='grc' dir='ltr'>κτίσαντα,</span> <span class='ocrx_word' id='word_1_553' title='bbox 1645 3555 1744 3609; x_wconf 82' lang='grc' dir='ltr'>καὶ</span> <span class='ocrx_word' id='word_1_554' title='bbox 1783 3555 1929 3624; x_wconf 83' lang='grc' dir='ltr'>ἐμω-</span> 
     </span>
    </p>
   </div>
   <div class='ocr_carea' id='block_1_71' title="bbox 2033 3547 3628 3626">
    <p class='ocr_par' dir='ltr' id='par_1_71' title="bbox 2033 3552 3628 3626">
     <span class='ocr_line' id='line_1_71' title="bbox 2033 3552 3628 3626; baseline -0.004 -16"><span class='ocrx_word' id='word_1_555' title='bbox 2033 3571 2153 3610; x_wconf 88' lang='lat' dir='ltr'><strong>cum</strong></span> <span class='ocrx_word' id='word_1_556' title='bbox 2183 3557 2256 3609; x_wconf 89' lang='lat' dir='ltr'><strong>ita</strong></span> <span class='ocrx_word' id='word_1_557' title='bbox 2289 3555 2591 3626; x_wconf 71' lang='lat' dir='ltr'><strong>prtescribit</strong></span> <span class='ocrx_word' id='word_1_558' title='bbox 2622 3573 2635 3608; x_wconf 94' lang='lat'>:</span> <span class='ocrx_word' id='word_1_559' title='bbox 2673 3553 2797 3607; x_wconf 90' lang='lat' dir='ltr'><strong>Non</strong></span> <span class='ocrx_word' id='word_1_560' title='bbox 2828 3553 2990 3622; x_wconf 78' lang='lat' dir='ltr'><strong>facies</strong></span> <span class='ocrx_word' id='word_1_561' title='bbox 3038 3552 3131 3606; x_wconf 88' lang='lat' dir='ltr'><strong>tibi</strong></span> <span class='ocrx_word' id='word_1_562' title='bbox 3167 3552 3336 3606; x_wconf 82' lang='lat' dir='ltr'><strong>ullam</strong></span> <span class='ocrx_word' id='word_1_563' title='bbox 3375 3552 3628 3606; x_wconf 82' lang='lat' dir='ltr'><strong>similitu-</strong></span> 
     </span>
    </p>
   </div>
   <div class='ocr_carea' id='block_1_72' title="bbox 322 3637 1932 3715">
    <p class='ocr_par' dir='ltr' id='par_1_72' title="bbox 322 3637 666 3707">
     <span class='ocr_line' id='line_1_72' title="bbox 322 3637 666 3707; baseline 0.003 -16"><span class='ocrx_word' id='word_1_564' title='bbox 322 3637 666 3707; x_wconf 72' lang='grc' dir='ltr'>βάν-θησαν.</span> 
     </span>
    </p>
   </div>
   <div class='ocr_carea' id='block_1_73' title="bbox 2033 3637 3627 3715">
    <p class='ocr_par' dir='ltr' id='par_1_73' title="bbox 2033 3645 3627 3715">
     <span class='ocr_line' id='line_1_73' title="bbox 2033 3645 3627 3715; baseline -0.002 -15"><span class='ocrx_word' id='word_1_565' title='bbox 2033 3647 2226 3712; x_wconf 75' lang='lat' dir='ltr'><strong>dinem,</strong></span> <span class='ocrx_word' id='word_1_566' title='bbox 2275 3657 2324 3702; x_wconf 83' lang='lat' dir='ltr'><strong>et</strong></span> <span class='ocrx_word' id='word_1_567' title='bbox 2369 3646 2620 3701; x_wconf 76' lang='lat' dir='ltr'><strong>adorabis</strong></span> <span class='ocrx_word' id='word_1_568' title='bbox 2669 3661 2808 3708; x_wconf 88' lang='lat' dir='ltr'><strong>eam,</strong></span> <span class='ocrx_word' id='word_1_569' title='bbox 2863 3661 3026 3715; x_wconf 84' lang='lat' dir='ltr'><strong>neque</strong></span> <span class='ocrx_word' id='word_1_570' title='bbox 3071 3646 3126 3698; x_wconf 88' lang='lat' dir='ltr'><strong>in</strong></span> <span class='ocrx_word' id='word_1_571' title='bbox 3185 3647 3332 3710; x_wconf 72' lang='lat' dir='ltr'><strong>mlo,</strong></span> <span class='ocrx_word' id='word_1_572' title='bbox 3381 3661 3542 3708; x_wconf 82' lang='lat' dir='ltr'><strong>neque</strong></span> <span class='ocrx_word' id='word_1_573' title='bbox 3576 3645 3627 3697; x_wconf 83' lang='lat' dir='ltr'><strong>in</strong></span> 
     </span>
    </p>
   </div>
   <div class='ocr_carea' id='block_1_74' title="bbox 326 3730 3632 3813">
    <p class='ocr_par' dir='ltr' id='par_1_74' title="bbox 326 3730 3632 3813">
     <span class='ocr_line' id='line_1_74' title="bbox 326 3730 3632 3813; baseline 0.002 -29"><span class='ocrx_word' id='word_1_574' title='bbox 326 3742 500 3798; x_wconf 82' lang='lat' dir='ltr'><strong>terra,</strong></span> <span class='ocrx_word' id='word_1_575' title='bbox 525 3751 688 3804; x_wconf 84' lang='lat' dir='ltr'><strong>neque</strong></span> <span class='ocrx_word' id='word_1_576' title='bbox 729 3737 783 3791; x_wconf 82' lang='lat' dir='ltr'><strong>in</strong></span> <span class='ocrx_word' id='word_1_577' title='bbox 819 3737 970 3808; x_wconf 84' lang='lat' dir='ltr'><strong>aquis</strong></span> <span class='ocrx_word' id='word_1_578' title='bbox 1011 3737 1054 3793; x_wconf 86' lang='grc'>³.</span> <span class='ocrx_word' id='word_1_579' title='bbox 1098 3736 1206 3792; x_wconf 84' lang='lat' dir='ltr'><strong>Sed</strong></span> <span class='ocrx_word' id='word_1_580' title='bbox 1245 3745 1300 3794; x_wconf 88' lang='lat' dir='ltr'><strong>et</strong></span> <span class='ocrx_word' id='word_1_581' title='bbox 1340 3739 1660 3810; x_wconf 87' lang='lat' dir='ltr'><strong>Apostolus,</strong></span> <span class='ocrx_word' id='word_1_582' title='bbox 1715 3741 2042 3809; x_wconf 82' lang='lat' dir='ltr'><strong>Servierunt,</strong></span> <span class='ocrx_word' id='word_1_583' title='bbox 2079 3745 2296 3813; x_wconf 89' lang='lat' dir='ltr'><strong>inquit,</strong></span> <span class='ocrx_word' id='word_1_584' title='bbox 2347 3753 2608 3798; x_wconf 77' lang='lat' dir='ltr'><strong>creatura:</strong></span> <span class='ocrx_word' id='word_1_585' title='bbox 2660 3743 2836 3812; x_wconf 78' lang='lat' dir='ltr'><strong>potius</strong></span> <span class='ocrx_word' id='word_1_586' title='bbox 2866 3757 3026 3812; x_wconf 83' lang='lat' dir='ltr'><strong>quam</strong></span> <span class='ocrx_word' id='word_1_587' title='bbox 3071 3740 3349 3805; x_wconf 77' lang='lat' dir='ltr'><strong>Creatcri,</strong></span> <span class='ocrx_word' id='word_1_588' title='bbox 3383 3751 3432 3794; x_wconf 86' lang='lat' dir='ltr'><strong>et</strong></span> <span class='ocrx_word' id='word_1_589' title='bbox 3461 3730 3632 3794; x_wconf 69' lang='lat' dir='ltr'><strong>stulti</strong></span> 
     </span>
    </p>
   </div>
   <div class='ocr_carea' id='block_1_75' title="bbox 325 3827 676 3895">
    <p class='ocr_par' dir='ltr' id='par_1_75' title="bbox 325 3827 676 3895">
     <span class='ocr_line' id='line_1_75' title="bbox 325 3827 676 3895; baseline 0.006 -15"><span class='ocrx_word' id='word_1_590' title='bbox 325 3827 465 3895; x_wconf 76' lang='lat' dir='ltr'><strong>facti</strong></span> <span class='ocrx_word' id='word_1_591' title='bbox 490 3840 610 3881; x_wconf 85' lang='lat' dir='ltr'><strong>sunt</strong></span> <span class='ocrx_word' id='word_1_592' title='bbox 633 3831 676 3882; x_wconf 68' lang='grc' dir='ltr'><strong>δ.</strong></span> 
     </span>
    </p>
   </div>
   <div class='ocr_carea' id='block_1_76' title="bbox 406 3917 1932 4006">
    <p class='ocr_par' dir='ltr' id='par_1_76' title="bbox 406 3922 1921 4006">
     <span class='ocr_line' id='line_1_76' title="bbox 406 3922 1921 4006; baseline 0.007 -28"><span class='ocrx_word' id='word_1_593' title='bbox 406 3922 531 3987; x_wconf 81' lang='grc' dir='ltr'><strong>Πῶς</strong></span> <span class='ocrx_word' id='word_1_594' title='bbox 576 3924 755 3978; x_wconf 88' lang='grc' dir='ltr'>τοίνυν</span> <span class='ocrx_word' id='word_1_595' title='bbox 800 3925 928 3996; x_wconf 71' lang='grc' dir='ltr'>περὶ</span> <span class='ocrx_word' id='word_1_596' title='bbox 961 3928 1180 3982; x_wconf 84' lang='grc' dir='ltr'>πάντων</span> <span class='ocrx_word' id='word_1_597' title='bbox 1215 3929 1429 3986; x_wconf 85' lang='grc' dir='ltr'>κελεύει</span> <span class='ocrx_word' id='word_1_598' title='bbox 1483 3932 1558 4004; x_wconf 80' lang='grc' dir='ltr'>μὴ</span> <span class='ocrx_word' id='word_1_599' title='bbox 1595 3937 1921 4006; x_wconf 81' lang='grc' dir='ltr'>προσκυνεῖ-</span> 
     </span>
    </p>
   </div>
   <div class='ocr_carea' id='block_1_77' title="bbox 2033 3917 3631 4006">
    <p class='ocr_par' dir='ltr' id='par_1_77' title="bbox 2098 3917 3631 3996">
     <span class='ocr_line' id='line_1_77' title="bbox 2098 3917 3631 3996; baseline -0.01 -13"><span class='ocrx_word' id='word_1_600' title='bbox 2098 3930 2298 3995; x_wconf 73' lang='lat' dir='ltr'><strong>Qumro</strong></span> <span class='ocrx_word' id='word_1_601' title='bbox 2339 3925 2505 3996; x_wconf 81' lang='lat' dir='ltr'><strong>igitur</strong></span> <span class='ocrx_word' id='word_1_602' title='bbox 2550 3938 2650 3978; x_wconf 81' lang='lat' dir='ltr'><strong>cur</strong></span> <span class='ocrx_word' id='word_1_603' title='bbox 2699 3921 2921 3977; x_wconf 81' lang='lat' dir='ltr'><strong>adorari</strong></span> <span class='ocrx_word' id='word_1_604' title='bbox 2961 3920 3146 3976; x_wconf 87' lang='lat' dir='ltr'><strong>omnia</strong></span> <span class='ocrx_word' id='word_1_605' title='bbox 3178 3919 3270 3974; x_wconf 89' lang='lat' dir='ltr'><strong>illa</strong></span> <span class='ocrx_word' id='word_1_606' title='bbox 3303 3917 3631 3988; x_wconf 80' lang='lat' dir='ltr'><strong>prohibeat?</strong></span> 
     </span>
    </p>
   </div>
   <div class='ocr_carea' id='block_1_78' title="bbox 327 4007 1932 4099">
    <p class='ocr_par' dir='ltr' id='par_1_78' title="bbox 327 4011 1924 4099">
     <span class='ocr_line' id='line_1_78' title="bbox 327 4011 1924 4099; baseline 0.008 -29"><span class='ocrx_word' id='word_1_607' title='bbox 327 4015 458 4070; x_wconf 83' lang='grc' dir='ltr'>σθαι</span> <span class='ocrx_word' id='word_1_608' title='bbox 486 4032 500 4080; x_wconf 93' lang='grc'>;</span> <span class='ocrx_word' id='word_1_609' title='bbox 533 4011 643 4087; x_wconf 85' lang='grc' dir='ltr'>ἆρα</span> <span class='ocrx_word' id='word_1_610' title='bbox 681 4013 775 4070; x_wconf 82' lang='grc' dir='ltr'><strong>οὖν</strong></span> <span class='ocrx_word' id='word_1_611' title='bbox 810 4020 1244 4090; x_wconf 76' lang='grc' dir='ltr'>προσωποληψία</span> <span class='ocrx_word' id='word_1_612' title='bbox 1289 4023 1408 4076; x_wconf 73' lang='grc' dir='ltr'>ἐστὶ</span> <span class='ocrx_word' id='word_1_613' title='bbox 1449 4026 1600 4095; x_wconf 84' lang='grc' dir='ltr'><strong>παρά</strong></span> <span class='ocrx_word' id='word_1_614' title='bbox 1639 4026 1790 4097; x_wconf 76' lang='grc' dir='ltr'>Θεῷς</span> <span class='ocrx_word' id='word_1_615' title='bbox 1831 4028 1924 4099; x_wconf 85' lang='grc' dir='ltr'><strong>Μὴ</strong></span> 
     </span>
    </p>
   </div>
   <div class='ocr_carea' id='block_1_79' title="bbox 2033 4007 3629 4099">
    <p class='ocr_par' dir='ltr' id='par_1_79' title="bbox 2033 4007 3629 4087">
     <span class='ocr_line' id='line_1_79' title="bbox 2033 4007 3629 4087; baseline -0.011 -11"><span class='ocrx_word' id='word_1_616' title='bbox 2033 4020 2169 4076; x_wconf 84' lang='lat' dir='ltr'><strong>Num</strong></span> <span class='ocrx_word' id='word_1_617' title='bbox 2228 4018 2370 4072; x_wconf 89' lang='lat' dir='ltr'><strong>Deus</strong></span> <span class='ocrx_word' id='word_1_618' title='bbox 2417 4029 2778 4087; x_wconf 85' lang='lat' dir='ltr'><strong>personarum</strong></span> <span class='ocrx_word' id='word_1_619' title='bbox 2835 4011 3104 4067; x_wconf 81' lang='lat' dir='ltr'><strong>rationem</strong></span> <span class='ocrx_word' id='word_1_620' title='bbox 3157 4010 3362 4064; x_wconf 80' lang='lat' dir='ltr'><strong>habet?</strong></span> <span class='ocrx_word' id='word_1_621' title='bbox 3410 4007 3629 4061; x_wconf 86' lang='lat' dir='ltr'><strong>Minime</strong></span> 
     </span>
    </p>
   </div>
   <div class='ocr_carea' id='block_1_80' title="bbox 325 4099 1932 4187">
    <p class='ocr_par' dir='ltr' id='par_1_80' title="bbox 325 4107 1926 4187">
     <span class='ocr_line' id='line_1_80' title="bbox 325 4107 1926 4187; baseline 0.009 -28"><span class='ocrx_word' id='word_1_622' title='bbox 325 4107 582 4176; x_wconf 85' lang='grc' dir='ltr'>γένοιτοὶ</span> <span class='ocrx_word' id='word_1_623' title='bbox 631 4110 721 4162; x_wconf 79' lang='grc' dir='ltr'>Ἑν</span> <span class='ocrx_word' id='word_1_624' title='bbox 767 4109 845 4181; x_wconf 85' lang='grc' dir='ltr'><strong>τῷ</strong></span> <span class='ocrx_word' id='word_1_625' title='bbox 891 4110 1000 4182; x_wconf 89' lang='grc' dir='ltr'><strong>γάρ</strong></span> <span class='ocrx_word' id='word_1_626' title='bbox 1029 4113 1120 4166; x_wconf 91' lang='grc' dir='ltr'><strong>τὸν</strong></span> <span class='ocrx_word' id='word_1_627' title='bbox 1156 4114 1252 4168; x_wconf 75' lang='grc' dir='ltr'>ἕνα</span> <span class='ocrx_word' id='word_1_628' title='bbox 1289 4119 1711 4187; x_wconf 84' lang='grc' dir='ltr'>προσκυνεῖσθαι</span> <span class='ocrx_word' id='word_1_629' title='bbox 1755 4119 1926 4186; x_wconf 72' lang='grc' dir='ltr'>ἔδειξε</span> 
     </span>
    </p>
   </div>
   <div class='ocr_carea' id='block_1_81' title="bbox 2033 4099 3625 4187">
    <p class='ocr_par' dir='ltr' id='par_1_81' title="bbox 2033 4099 3625 4179">
     <span class='ocr_line' id='line_1_81' title="bbox 2033 4099 3625 4179; baseline -0.011 -9"><span class='ocrx_word' id='word_1_630' title='bbox 2033 4129 2182 4170; x_wconf 90' lang='lat' dir='ltr'><strong>vero.</strong></span> <span class='ocrx_word' id='word_1_631' title='bbox 2229 4112 2412 4179; x_wconf 85' lang='lat' dir='ltr'><strong>Quare</strong></span> <span class='ocrx_word' id='word_1_632' title='bbox 2458 4111 2562 4164; x_wconf 92' lang='lat' dir='ltr'><strong>hoc</strong></span> <span class='ocrx_word' id='word_1_633' title='bbox 2613 4108 2736 4178; x_wconf 89' lang='lat' dir='ltr'><strong>ipso</strong></span> <span class='ocrx_word' id='word_1_634' title='bbox 2777 4107 2924 4178; x_wconf 88' lang='lat' dir='ltr'><strong>quod</strong></span> <span class='ocrx_word' id='word_1_635' title='bbox 2973 4119 3118 4159; x_wconf 89' lang='lat' dir='ltr'><strong>unus</strong></span> <span class='ocrx_word' id='word_1_636' title='bbox 3155 4099 3474 4158; x_wconf 85' lang='lat' dir='ltr'><strong>adorandus</strong></span> <span class='ocrx_word' id='word_1_637' title='bbox 3507 4110 3625 4162; x_wconf 87' lang='lat' dir='ltr'><strong>est,</strong></span> 
     </span>
    </p>
   </div>
   <div class='ocr_carea' id='block_1_82' title="bbox 327 4193 1932 4284">
    <p class='ocr_par' dir='ltr' id='par_1_82' title="bbox 327 4200 1927 4284">
     <span class='ocr_line' id='line_1_82' title="bbox 327 4200 1927 4284; baseline 0.009 -31"><span class='ocrx_word' id='word_1_638' title='bbox 327 4200 683 4254; x_wconf 81' lang='grc' dir='ltr'>παντάπασιν</span> <span class='ocrx_word' id='word_1_639' title='bbox 718 4201 880 4255; x_wconf 78' lang='grc' dir='ltr'>ἄλλον</span> <span class='ocrx_word' id='word_1_640' title='bbox 921 4203 1051 4256; x_wconf 72' lang='grc' dir='ltr'>ὄντα</span> <span class='ocrx_word' id='word_1_641' title='bbox 1083 4207 1234 4276; x_wconf 82' lang='grc' dir='ltr'><strong>παρά</strong></span> <span class='ocrx_word' id='word_1_642' title='bbox 1278 4207 1378 4278; x_wconf 81' lang='grc' dir='ltr'><strong>τὴν</strong></span> <span class='ocrx_word' id='word_1_643' title='bbox 1409 4209 1588 4263; x_wconf 88' lang='grc' dir='ltr'>κτίσιν</span> <span class='ocrx_word' id='word_1_644' title='bbox 1627 4211 1719 4265; x_wconf 86' lang='grc' dir='ltr'><strong>τὸν</strong></span> <span class='ocrx_word' id='word_1_645' title='bbox 1759 4229 1927 4284; x_wconf 89' lang='grc' dir='ltr'>προσ-</span> 
     </span>
    </p>
   </div>
   <div class='ocr_carea' id='block_1_83' title="bbox 2033 4193 3628 4284">
    <p class='ocr_par' dir='ltr' id='par_1_83' title="bbox 2033 4193 3628 4260">
     <span class='ocr_line' id='line_1_83' title="bbox 2033 4193 3628 4260; baseline -0.009 0"><span class='ocrx_word' id='word_1_646' title='bbox 2033 4207 2200 4260; x_wconf 90' lang='lat' dir='ltr'><strong>alium</strong></span> <span class='ocrx_word' id='word_1_647' title='bbox 2235 4205 2383 4258; x_wconf 90' lang='lat' dir='ltr'><strong>hunc</strong></span> <span class='ocrx_word' id='word_1_648' title='bbox 2411 4217 2440 4256; x_wconf 86' lang='lat' dir='ltr'><strong>a</strong></span> <span class='ocrx_word' id='word_1_649' title='bbox 2480 4208 2800 4256; x_wconf 85' lang='lat' dir='ltr'><strong>ereatarum</strong></span> <span class='ocrx_word' id='word_1_650' title='bbox 2836 4213 3023 4253; x_wconf 89' lang='lat' dir='ltr'><strong>rermn</strong></span> <span class='ocrx_word' id='word_1_651' title='bbox 3054 4195 3372 4251; x_wconf 88' lang='lat' dir='ltr'><strong>conditione</strong></span> <span class='ocrx_word' id='word_1_652' title='bbox 3394 4208 3519 4249; x_wconf 87' lang='lat' dir='ltr'><strong>esse</strong></span> <span class='ocrx_word' id='word_1_653' title='bbox 3549 4193 3628 4247; x_wconf 69' lang='lat' dir='ltr'><strong>sio-</strong></span> 
     </span>
    </p>
   </div>
   <div class='ocr_carea' id='block_1_84' title="bbox 327 4288 1932 4373">
    <p class='ocr_par' dir='ltr' id='par_1_84' title="bbox 327 4290 1931 4373">
     <span class='ocr_line' id='line_1_84' title="bbox 327 4290 1931 4373; baseline 0.008 -27"><span class='ocrx_word' id='word_1_654' title='bbox 327 4290 690 4363; x_wconf 81' lang='grc' dir='ltr'>κυνούμενον,</span> <span class='ocrx_word' id='word_1_655' title='bbox 740 4295 834 4347; x_wconf 81' lang='grc' dir='ltr'>καὶ</span> <span class='ocrx_word' id='word_1_656' title='bbox 873 4295 1042 4366; x_wconf 77' lang='grc' dir='ltr'>ἄλλην</span> <span class='ocrx_word' id='word_1_657' title='bbox 1073 4297 1174 4367; x_wconf 75' lang='grc' dir='ltr'>τὴν</span> <span class='ocrx_word' id='word_1_658' title='bbox 1227 4300 1714 4373; x_wconf 83' lang='grc' dir='ltr'>προσκυνουμένην</span> <span class='ocrx_word' id='word_1_659' title='bbox 1753 4303 1931 4358; x_wconf 86' lang='grc' dir='ltr'>κτίσιν</span> 
     </span>
    </p>
   </div>
   <div class='ocr_carea' id='block_1_85' title="bbox 2033 4288 3630 4373">
    <p class='ocr_par' dir='ltr' id='par_1_85' title="bbox 2033 4288 3630 4373">
     <span class='ocr_line' id='line_1_85' title="bbox 2033 4288 3630 4373; baseline -0.008 -17"><span class='ocrx_word' id='word_1_660' title='bbox 2033 4300 2276 4373; x_wconf 80' lang='lat' dir='ltr'><strong>gnificat,</strong></span> <span class='ocrx_word' id='word_1_661' title='bbox 2321 4305 2375 4353; x_wconf 93' lang='lat' dir='ltr'><strong>et</strong></span> <span class='ocrx_word' id='word_1_662' title='bbox 2405 4307 2716 4352; x_wconf 87' lang='lat' dir='ltr'><strong>creaturam</strong></span> <span class='ocrx_word' id='word_1_663' title='bbox 2746 4294 3028 4357; x_wconf 78' lang='lat' dir='ltr'><strong>vicissim,</strong></span> <span class='ocrx_word' id='word_1_664' title='bbox 3073 4306 3197 4362; x_wconf 72' lang='lat' dir='ltr'><strong>qua:</strong></span> <span class='ocrx_word' id='word_1_665' title='bbox 3237 4288 3459 4344; x_wconf 80' lang='lat' dir='ltr'><strong>aderari</strong></span> <span class='ocrx_word' id='word_1_666' title='bbox 3502 4302 3630 4358; x_wconf 87' lang='lat' dir='ltr'><strong>pro-</strong></span> 
     </span>
    </p>
   </div>
   <div class='ocr_carea' id='block_1_86' title="bbox 336 4383 1932 4463">
    <p class='ocr_par' dir='ltr' id='par_1_86' title="bbox 336 4383 1930 4463">
     <span class='ocr_line' id='line_1_86' title="bbox 336 4383 1930 4463; baseline 0.009 -26"><span class='ocrx_word' id='word_1_667' title='bbox 336 4383 494 4456; x_wconf 82' lang='grc' dir='ltr'><strong>παρά</strong></span> <span class='ocrx_word' id='word_1_668' title='bbox 532 4387 624 4439; x_wconf 89' lang='grc' dir='ltr'><strong>τὸν</strong></span> <span class='ocrx_word' id='word_1_669' title='bbox 675 4389 1055 4458; x_wconf 84' lang='grc' dir='ltr'>προσκυνητὸν</span> <span class='ocrx_word' id='word_1_670' title='bbox 1096 4389 1323 4463; x_wconf 82' lang='grc' dir='ltr'>Κύριον,</span> <span class='ocrx_word' id='word_1_671' title='bbox 1367 4391 1497 4447; x_wconf 85' lang='grc' dir='ltr'>Υίὸν</span> <span class='ocrx_word' id='word_1_672' title='bbox 1545 4395 1638 4448; x_wconf 86' lang='grc' dir='ltr'><strong>τοῦ</strong></span> <span class='ocrx_word' id='word_1_673' title='bbox 1679 4397 1816 4450; x_wconf 89' lang='grc' dir='ltr'>Θεοῦ</span> <span class='ocrx_word' id='word_1_674' title='bbox 1865 4395 1930 4452; x_wconf 71' lang='grc' dir='ltr'>ἐκ</span> 
     </span>
    </p>
   </div>
   <div class='ocr_carea' id='block_1_87' title="bbox 2033 4383 3627 4463">
    <p class='ocr_par' dir='ltr' id='par_1_87' title="bbox 2036 4383 3627 4456">
     <span class='ocr_line' id='line_1_87' title="bbox 2036 4383 3627 4456; baseline -0.008 -8"><span class='ocrx_word' id='word_1_675' title='bbox 2036 4394 2275 4456; x_wconf 87' lang='lat' dir='ltr'><strong>hibetur,</strong></span> <span class='ocrx_word' id='word_1_676' title='bbox 2310 4391 2379 4447; x_wconf 88' lang='lat' dir='ltr'><strong>ab</strong></span> <span class='ocrx_word' id='word_1_677' title='bbox 2409 4390 2688 4445; x_wconf 85' lang='lat' dir='ltr'><strong>adoraudo</strong></span> <span class='ocrx_word' id='word_1_678' title='bbox 2741 4387 2973 4443; x_wconf 87' lang='lat' dir='ltr'><strong>Domino</strong></span> <span class='ocrx_word' id='word_1_679' title='bbox 3015 4385 3224 4456; x_wconf 87' lang='lat' dir='ltr'><strong>Deique</strong></span> <span class='ocrx_word' id='word_1_680' title='bbox 3275 4383 3462 4446; x_wconf 73' lang='lat' dir='ltr'><strong>Filio,“</strong></span> <span class='ocrx_word' id='word_1_681' title='bbox 3502 4389 3556 4438; x_wconf 90' lang='lat' dir='ltr'><strong>et</strong></span> <span class='ocrx_word' id='word_1_682' title='bbox 3596 4397 3627 4435; x_wconf 91' lang='lat' dir='ltr'><strong>a</strong></span> 
     </span>
    </p>
   </div>
   <div class='ocr_carea' id='block_1_88' title="bbox 330 4473 1932 4554">
    <p class='ocr_par' dir='ltr' id='par_1_88' title="bbox 330 4474 1930 4554">
     <span class='ocr_line' id='line_1_88' title="bbox 330 4474 1930 4554; baseline 0.006 -25"><span class='ocrx_word' id='word_1_683' title='bbox 330 4474 557 4545; x_wconf 86' lang='grc' dir='ltr'>Πατρὸς</span> <span class='ocrx_word' id='word_1_684' title='bbox 588 4475 1007 4547; x_wconf 86' lang='grc' dir='ltr'>γεγεννημένον.</span> <span class='ocrx_word' id='word_1_685' title='bbox 1045 4478 1143 4532; x_wconf 83' lang='grc' dir='ltr'>Διά</span> <span class='ocrx_word' id='word_1_686' title='bbox 1175 4480 1284 4551; x_wconf 83' lang='grc' dir='ltr'><strong>γὰρ</strong></span> <span class='ocrx_word' id='word_1_687' title='bbox 1324 4479 1387 4534; x_wconf 88' lang='grc' dir='ltr'><strong>τὸ</strong></span> <span class='ocrx_word' id='word_1_688' title='bbox 1430 4481 1491 4547; x_wconf 76' lang='grc' dir='ltr'><strong>ἑξ</strong></span> <span class='ocrx_word' id='word_1_689' title='bbox 1535 4483 1702 4537; x_wconf 78' lang='grc' dir='ltr'>αὑτοῦ</span> <span class='ocrx_word' id='word_1_690' title='bbox 1740 4502 1930 4554; x_wconf 89' lang='grc' dir='ltr'>γεγεν-</span> 
     </span>
    </p>
   </div>
   <div class='ocr_carea' id='block_1_89' title="bbox 2033 4473 3626 4554">
    <p class='ocr_par' dir='ltr' id='par_1_89' title="bbox 2038 4473 3626 4553">
     <span class='ocr_line' id='line_1_89' title="bbox 2038 4473 3626 4553; baseline -0.007 -13"><span class='ocrx_word' id='word_1_691' title='bbox 2038 4486 2198 4540; x_wconf 83' lang='lat' dir='ltr'><strong>Patre</strong></span> <span class='ocrx_word' id='word_1_692' title='bbox 2243 4483 2428 4553; x_wconf 79' lang='lat' dir='ltr'><strong>genito</strong></span> <span class='ocrx_word' id='word_1_693' title='bbox 2459 4481 2756 4536; x_wconf 87' lang='lat' dir='ltr'><strong>diversam.</strong></span> <span class='ocrx_word' id='word_1_694' title='bbox 2793 4478 2952 4544; x_wconf 85' lang='lat' dir='ltr'><strong>Quod</strong></span> <span class='ocrx_word' id='word_1_695' title='bbox 2982 4477 3129 4532; x_wconf 90' lang='lat' dir='ltr'><strong>enim</strong></span> <span class='ocrx_word' id='word_1_696' title='bbox 3158 4477 3227 4532; x_wconf 89' lang='lat' dir='ltr'><strong>ab</strong></span> <span class='ocrx_word' id='word_1_697' title='bbox 3258 4475 3380 4547; x_wconf 87' lang='lat' dir='ltr'><strong>ipso</strong></span> <span class='ocrx_word' id='word_1_698' title='bbox 3408 4473 3626 4546; x_wconf 86' lang='lat' dir='ltr'><strong>genitus</strong></span> 
     </span>
    </p>
   </div>
   <div class='ocr_carea' id='block_1_90' title="bbox 330 4566 1932 4647">
    <p class='ocr_par' dir='ltr' id='par_1_90' title="bbox 330 4566 1932 4640">
     <span class='ocr_line' id='line_1_90' title="bbox 330 4566 1932 4640; baseline 0.009 -21"><span class='ocrx_word' id='word_1_699' title='bbox 330 4566 534 4636; x_wconf 84' lang='grc' dir='ltr'>νῆσθαι</span> <span class='ocrx_word' id='word_1_700' title='bbox 549 4568 738 4638; x_wconf 84' lang='grc' dir='ltr'>ὅμοιον</span> <span class='ocrx_word' id='word_1_701' title='bbox 779 4570 1066 4640; x_wconf 48' lang='lat' dir='ltr'><strong>abstinui.</strong></span> <span class='ocrx_word' id='word_1_702' title='bbox 1099 4573 1221 4626; x_wconf 81' lang='grc' dir='ltr'>κατ’</span> <span class='ocrx_word' id='word_1_703' title='bbox 1251 4573 1415 4628; x_wconf 85' lang='grc' dir='ltr'>αὑτὸν</span> <span class='ocrx_word' id='word_1_704' title='bbox 1452 4577 1606 4629; x_wconf 77' lang='grc' dir='ltr'><strong>Υἱόν·</strong></span> <span class='ocrx_word' id='word_1_705' title='bbox 1649 4577 1736 4631; x_wconf 83' lang='grc' dir='ltr'><strong>διὰ</strong></span> <span class='ocrx_word' id='word_1_706' title='bbox 1773 4579 1932 4634; x_wconf 85' lang='grc' dir='ltr'>τοῦτο</span> 
     </span>
    </p>
   </div>
   <div class='ocr_carea' id='block_1_91' title="bbox 2033 4566 3627 4647">
    <p class='ocr_par' dir='ltr' id='par_1_91' title="bbox 2037 4567 3627 4647">
     <span class='ocr_line' id='line_1_91' title="bbox 2037 4567 3627 4647; baseline -0.008 -13"><span class='ocrx_word' id='word_1_707' title='bbox 2037 4590 2121 4634; x_wconf 89' lang='lat' dir='ltr'><strong>est</strong></span> <span class='ocrx_word' id='word_1_708' title='bbox 2145 4577 2266 4647; x_wconf 85' lang='lat' dir='ltr'><strong>ejus</strong></span> <span class='ocrx_word' id='word_1_709' title='bbox 2295 4575 2490 4632; x_wconf 81' lang='lat' dir='ltr'><strong>similis</strong></span> <span class='ocrx_word' id='word_1_710' title='bbox 2523 4571 2859 4647; x_wconf 68' lang='lat' dir='ltr'><strong>aequalisque</strong></span> <span class='ocrx_word' id='word_1_711' title='bbox 2888 4570 3083 4634; x_wconf 79' lang='lat' dir='ltr'><strong>Filius,</strong></span> <span class='ocrx_word' id='word_1_712' title='bbox 3119 4569 3242 4624; x_wconf 91' lang='lat' dir='ltr'><strong>ideo</strong></span> <span class='ocrx_word' id='word_1_713' title='bbox 3269 4569 3339 4623; x_wconf 89' lang='lat' dir='ltr'><strong>ab</strong></span> <span class='ocrx_word' id='word_1_714' title='bbox 3367 4567 3627 4623; x_wconf 90' lang='lat' dir='ltr'><strong>onmibus</strong></span> 
     </span>
    </p>
   </div>
   <div class='ocr_carea' id='block_1_92' title="bbox 329 4657 1929 4742">
    <p class='ocr_par' dir='ltr' id='par_1_92' title="bbox 329 4657 1929 4742">
     <span class='ocr_line' id='line_1_92' title="bbox 329 4657 1929 4742; baseline 0.011 -34"><span class='ocrx_word' id='word_1_715' title='bbox 329 4657 444 4728; x_wconf 83' lang='grc' dir='ltr'>γὰρ</span> <span class='ocrx_word' id='word_1_716' title='bbox 465 4657 559 4711; x_wconf 76' lang='grc' dir='ltr'>καὶ</span> <span class='ocrx_word' id='word_1_717' title='bbox 597 4662 973 4731; x_wconf 84' lang='grc' dir='ltr'>προσκυνητὸν</span> <span class='ocrx_word' id='word_1_718' title='bbox 1004 4663 1156 4734; x_wconf 77' lang='grc' dir='ltr'>παρὰ</span> <span class='ocrx_word' id='word_1_719' title='bbox 1177 4666 1310 4718; x_wconf 79' lang='grc' dir='ltr'>πᾶσι</span> <span class='ocrx_word' id='word_1_720' title='bbox 1337 4682 1351 4695; x_wconf 75' lang='grc' dir='ltr'><strong><em>ο</em></strong></span> <span class='ocrx_word' id='word_1_721' title='bbox 1385 4667 1453 4720; x_wconf 83' lang='grc' dir='ltr'><strong>δι’</strong></span> <span class='ocrx_word' id='word_1_722' title='bbox 1493 4669 1660 4722; x_wconf 85' lang='grc' dir='ltr'>αὐτοῦ</span> <span class='ocrx_word' id='word_1_723' title='bbox 1704 4671 1929 4742; x_wconf 81' lang='grc' dir='ltr'>ἐποίησε</span> 
     </span>
    </p>
   </div>
   <div class='ocr_carea' id='block_1_93' title="bbox 327 4749 1929 4828">
    <p class='ocr_par' dir='ltr' id='par_1_93' title="bbox 327 4749 1929 4828">
     <span class='ocr_line' id='line_1_93' title="bbox 327 4749 1929 4828; baseline 0.01 -26"><span class='ocrx_word' id='word_1_724' title='bbox 327 4749 404 4804; x_wconf 80' lang='grc' dir='ltr'>τὰ</span> <span class='ocrx_word' id='word_1_725' title='bbox 440 4749 640 4816; x_wconf 85' lang='grc' dir='ltr'>πάντα,</span> <span class='ocrx_word' id='word_1_726' title='bbox 694 4751 788 4804; x_wconf 74' lang='grc' dir='ltr'><strong>καὶ</strong></span> <span class='ocrx_word' id='word_1_727' title='bbox 841 4755 1012 4823; x_wconf 71' lang='grc' dir='ltr'>χωρὶς</span> <span class='ocrx_word' id='word_1_728' title='bbox 1056 4755 1222 4809; x_wconf 86' lang='grc' dir='ltr'>αὐτοῦ</span> <span class='ocrx_word' id='word_1_729' title='bbox 1277 4758 1497 4828; x_wconf 78' lang='grc' dir='ltr'>ἐγένετο</span> <span class='ocrx_word' id='word_1_730' title='bbox 1543 4762 1662 4815; x_wconf 77' lang='grc' dir='ltr'>οὐδὲ</span> <span class='ocrx_word' id='word_1_731' title='bbox 1701 4763 1779 4817; x_wconf 74' lang='grc' dir='ltr'>ἓν.</span> <span class='ocrx_word' id='word_1_732' title='bbox 1840 4763 1929 4817; x_wconf 87' lang='grc' dir='ltr'>Ἐν</span> 
     </span>
    </p>
   </div>
   <div class='ocr_carea' id='block_1_94' title="bbox 327 4841 1944 4926">
    <p class='ocr_par' dir='ltr' id='par_1_94' title="bbox 327 4841 1944 4926">
     <span class='ocr_line' id='line_1_94' title="bbox 327 4841 1944 4926; baseline 0.008 -28"><span class='ocrx_word' id='word_1_733' title='bbox 327 4841 485 4914; x_wconf 82' lang='grc' dir='ltr'>αὐτῷ</span> <span class='ocrx_word' id='word_1_734' title='bbox 518 4843 652 4914; x_wconf 86' lang='grc' dir='ltr'>γὰρ,</span> <span class='ocrx_word' id='word_1_735' title='bbox 693 4843 715 4875; x_wconf 78' lang='grc'><em>³</em></span> <span class='ocrx_word' id='word_1_736' title='bbox 736 4843 815 4915; x_wconf 83' lang='grc' dir='ltr'><strong>τῷ</strong></span> <span class='ocrx_word' id='word_1_737' title='bbox 849 4846 992 4918; x_wconf 85' lang='grc' dir='ltr'>ἁγίῳ</span> <span class='ocrx_word' id='word_1_738' title='bbox 1022 4847 1190 4902; x_wconf 85' lang='grc' dir='ltr'>αὑτοῦ</span> <span class='ocrx_word' id='word_1_739' title='bbox 1237 4852 1515 4924; x_wconf 88' lang='grc' dir='ltr'>Πνεύματι</span> <span class='ocrx_word' id='word_1_740' title='bbox 1549 4855 1628 4926; x_wconf 81' lang='grc' dir='ltr'>τῷ</span> <span class='ocrx_word' id='word_1_741' title='bbox 1674 4854 1734 4920; x_wconf 78' lang='grc' dir='ltr'><strong>ἐξ</strong></span> <span class='ocrx_word' id='word_1_742' title='bbox 1759 4843 1944 4911; x_wconf 83' lang='grc' dir='ltr'>αὐτοῦ</span> 
     </span>
    </p>
   </div>
   <div class='ocr_carea' id='block_1_95' title="bbox 327 4936 1926 5019">
    <p class='ocr_par' dir='ltr' id='par_1_95' title="bbox 327 4936 1926 5019">
     <span class='ocr_line' id='line_1_95' title="bbox 327 4936 1926 5019; baseline 0.008 -29"><span class='ocrx_word' id='word_1_743' title='bbox 327 4936 742 5008; x_wconf 80' lang='grc' dir='ltr'>ὲκπορευθέντι,</span> <span class='ocrx_word' id='word_1_744' title='bbox 776 4940 872 4992; x_wconf 78' lang='grc' dir='ltr'>καὶ</span> <span class='ocrx_word' id='word_1_745' title='bbox 907 4939 1003 4993; x_wconf 89' lang='grc' dir='ltr'><strong>τοῦ</strong></span> <span class='ocrx_word' id='word_1_746' title='bbox 1039 4941 1175 4996; x_wconf 85' lang='grc' dir='ltr'>Υίοῦ</span> <span class='ocrx_word' id='word_1_747' title='bbox 1210 4943 1566 5014; x_wconf 81' lang='grc' dir='ltr'>λαμϐάνοντι,</span> <span class='ocrx_word' id='word_1_748' title='bbox 1603 4950 1825 5019; x_wconf 78' lang='grc' dir='ltr'>ἐποίησε</span> <span class='ocrx_word' id='word_1_749' title='bbox 1856 4951 1926 5003; x_wconf 76' lang='grc' dir='ltr'>τὰ</span> 
     </span>
    </p>
   </div>
   <div class='ocr_carea' id='block_1_96' title="bbox 328 5029 1929 5110">
    <p class='ocr_par' dir='ltr' id='par_1_96' title="bbox 328 5029 1929 5110">
     <span class='ocr_line' id='line_1_96' title="bbox 328 5029 1929 5110; baseline 0.008 -26"><span class='ocrx_word' id='word_1_750' title='bbox 328 5029 515 5084; x_wconf 81' lang='grc' dir='ltr'>πάντα</span> <span class='ocrx_word' id='word_1_751' title='bbox 576 5031 672 5084; x_wconf 83' lang='grc' dir='ltr'>καὶ</span> <span class='ocrx_word' id='word_1_752' title='bbox 709 5031 1033 5102; x_wconf 79' lang='grc' dir='ltr'>ὲστερέωσε.</span> <span class='ocrx_word' id='word_1_753' title='bbox 1083 5035 1170 5102; x_wconf 83' lang='grc' dir='ltr'><strong>Τῷ</strong></span> <span class='ocrx_word' id='word_1_754' title='bbox 1217 5037 1328 5106; x_wconf 78' lang='grc' dir='ltr'>γὰρ</span> <span class='ocrx_word' id='word_1_755' title='bbox 1397 5041 1558 5109; x_wconf 71' lang='grc' dir='ltr'><strong>λόγῳ</strong></span> <span class='ocrx_word' id='word_1_756' title='bbox 1605 5043 1827 5110; x_wconf 81' lang='grc' dir='ltr'>Κυρίου</span> <span class='ocrx_word' id='word_1_757' title='bbox 1875 5047 1929 5098; x_wconf 80' lang='grc' dir='ltr'>οἱ</span> 
     </span>
    </p>
   </div>
   <div class='ocr_carea' id='block_1_97' title="bbox 329 5123 1928 5201">
    <p class='ocr_par' dir='ltr' id='par_1_97' title="bbox 329 5123 1928 5201">
     <span class='ocr_line' id='line_1_97' title="bbox 329 5123 1928 5201; baseline 0.007 -24"><span class='ocrx_word' id='word_1_758' title='bbox 329 5123 584 5192; x_wconf 80' lang='grc' dir='ltr'>οὐρανοί</span> <span class='ocrx_word' id='word_1_759' title='bbox 635 5124 1127 5195; x_wconf 78' lang='grc' dir='ltr'>ἐστερεώθησαν,</span> <span class='ocrx_word' id='word_1_760' title='bbox 1178 5129 1276 5182; x_wconf 83' lang='grc' dir='ltr'>καὶ</span> <span class='ocrx_word' id='word_1_761' title='bbox 1339 5129 1422 5196; x_wconf 84' lang='grc' dir='ltr'>τῷ</span> <span class='ocrx_word' id='word_1_762' title='bbox 1474 5133 1764 5201; x_wconf 80' lang='grc' dir='ltr'>πνεύματι</span> <span class='ocrx_word' id='word_1_763' title='bbox 1819 5136 1928 5190; x_wconf 89' lang='grc' dir='ltr'><strong>τοῦ</strong></span> 
     </span>
    </p>
   </div>
   <div class='ocr_carea' id='block_1_98' title="bbox 328 5215 1928 5300">
    <p class='ocr_par' dir='ltr' id='par_1_98' title="bbox 328 5215 1928 5300">
     <span class='ocr_line' id='line_1_98' title="bbox 328 5215 1928 5300; baseline 0.007 -31"><span class='ocrx_word' id='word_1_764' title='bbox 328 5216 636 5285; x_wconf 84' lang='grc' dir='ltr'>στόματος</span> <span class='ocrx_word' id='word_1_765' title='bbox 657 5218 847 5272; x_wconf 83' lang='grc' dir='ltr'>αὐτοῦ</span> <span class='ocrx_word' id='word_1_766' title='bbox 871 5217 1098 5289; x_wconf 58' lang='lat' dir='ltr'><strong>ademi;</strong></span> <span class='ocrx_word' id='word_1_767' title='bbox 1123 5215 1375 5291; x_wconf 77' lang='grc' dir='ltr'>δύναμις</span> <span class='ocrx_word' id='word_1_768' title='bbox 1399 5223 1610 5277; x_wconf 82' lang='grc' dir='ltr'>αὐτοῦ.</span> <span class='ocrx_word' id='word_1_769' title='bbox 1627 5224 1796 5279; x_wconf 83' lang='grc' dir='ltr'>’Ὀταν</span> <span class='ocrx_word' id='word_1_770' title='bbox 1819 5227 1928 5300; x_wconf 85' lang='grc' dir='ltr'><strong>γὰρ</strong></span> 
     </span>
    </p>
   </div>
   <div class='ocr_carea' id='block_1_99' title="bbox 329 5305 1928 5388">
    <p class='ocr_par' dir='ltr' id='par_1_99' title="bbox 329 5305 1928 5388">
     <span class='ocr_line' id='line_1_99' title="bbox 329 5305 1928 5388; baseline 0.008 -29"><span class='ocrx_word' id='word_1_771' title='bbox 329 5305 467 5380; x_wconf 73' lang='grc' dir='ltr'>εἴπῃ</span> <span class='ocrx_word' id='word_1_772' title='bbox 495 5309 525 5360; x_wconf 96' lang='lat'><strong>6</strong></span> <span class='ocrx_word' id='word_1_773' title='bbox 563 5307 897 5380; x_wconf 83' lang='grc' dir='ltr'>Μονογενὴς,</span> <span class='ocrx_word' id='word_1_774' title='bbox 927 5309 1004 5373; x_wconf 83' lang='grc' dir='ltr'>ὡς</span> <span class='ocrx_word' id='word_1_775' title='bbox 1038 5311 1151 5365; x_wconf 77' lang='grc' dir='ltr'><strong>ἀνω</strong></span> <span class='ocrx_word' id='word_1_776' title='bbox 1182 5329 1272 5383; x_wconf 89' lang='grc' dir='ltr'><strong>μοι</strong></span> <span class='ocrx_word' id='word_1_777' title='bbox 1301 5312 1519 5386; x_wconf 76' lang='grc' dir='ltr'>εἴρηται</span> <span class='ocrx_word' id='word_1_778' title='bbox 1545 5333 1559 5348; x_wconf 93' lang='grc'><strong>·</strong></span> <span class='ocrx_word' id='word_1_779' title='bbox 1588 5316 1715 5370; x_wconf 80' lang='grc' dir='ltr'>Ἵνα</span> <span class='ocrx_word' id='word_1_780' title='bbox 1759 5319 1928 5388; x_wconf 79' lang='grc' dir='ltr'>γινώ-</span> 
     </span>
    </p>
   </div>
   <div class='ocr_carea' id='block_1_100' title="bbox 329 5402 1928 5473">
    <p class='ocr_par' dir='ltr' id='par_1_100' title="bbox 329 5402 1928 5473">
     <span class='ocr_line' id='line_1_100' title="bbox 329 5402 1928 5473; baseline 0.005 -17"><span class='ocrx_word' id='word_1_781' title='bbox 329 5402 533 5456; x_wconf 83' lang='grc' dir='ltr'>σκωσί</span> <span class='ocrx_word' id='word_1_782' title='bbox 557 5418 632 5456; x_wconf 88' lang='grc' dir='ltr'><strong>σε</strong></span> <span class='ocrx_word' id='word_1_783' title='bbox 663 5403 772 5457; x_wconf 81' lang='grc' dir='ltr'>τὸν</span> <span class='ocrx_word' id='word_1_784' title='bbox 801 5404 991 5473; x_wconf 83' lang='grc' dir='ltr'>μόνον</span> <span class='ocrx_word' id='word_1_785' title='bbox 1027 5404 1327 5473; x_wconf 10' lang='grc' dir='ltr'>ἀληθινὸν,</span> <span class='ocrx_word' id='word_1_786' title='bbox 1349 5409 1516 5471; x_wconf 83' lang='grc' dir='ltr'>Θεὸν,</span> <span class='ocrx_word' id='word_1_787' title='bbox 1566 5409 1667 5462; x_wconf 77' lang='grc' dir='ltr'>καὶ</span> <span class='ocrx_word' id='word_1_788' title='bbox 1701 5410 1771 5463; x_wconf 81' lang='grc' dir='ltr'>ὃν</span> <span class='ocrx_word' id='word_1_789' title='bbox 1815 5412 1928 5466; x_wconf 75' lang='grc' dir='ltr'>ἀπ-</span> 
     </span>
    </p>
   </div>
   <div class='ocr_carea' id='block_1_101' title="bbox 329 5493 1930 5572">
    <p class='ocr_par' dir='ltr' id='par_1_101' title="bbox 329 5493 1930 5572">
     <span class='ocr_line' id='line_1_101' title="bbox 329 5493 1930 5572; baseline 0.006 -23"><span class='ocrx_word' id='word_1_790' title='bbox 329 5493 615 5562; x_wconf 75' lang='grc' dir='ltr'>έστειλας</span> <span class='ocrx_word' id='word_1_791' title='bbox 651 5497 888 5565; x_wconf 84' lang='grc' dir='ltr'>Ἰησοῦν</span> <span class='ocrx_word' id='word_1_792' title='bbox 917 5499 1191 5568; x_wconf 47' lang='grc' dir='ltr'>,Χριστόν</span> <span class='ocrx_word' id='word_1_793' title='bbox 1216 5516 1230 5530; x_wconf 88' lang='grc'><strong>·</strong></span> <span class='ocrx_word' id='word_1_794' title='bbox 1272 5499 1549 5572; x_wconf 80' lang='grc' dir='ltr'>ἀφώρισεν</span> <span class='ocrx_word' id='word_1_795' title='bbox 1601 5504 1791 5557; x_wconf 81' lang='grc' dir='ltr'>ἑαυτὸν</span> <span class='ocrx_word' id='word_1_796' title='bbox 1820 5505 1930 5558; x_wconf 84' lang='grc' dir='ltr'><strong>ἀπὸ</strong></span> 
     </span>
    </p>
   </div>
   <div class='ocr_carea' id='block_1_102' title="bbox 329 5587 1920 5664">
    <p class='ocr_par' dir='ltr' id='par_1_102' title="bbox 329 5587 1920 5664">
     <span class='ocr_line' id='line_1_102' title="bbox 329 5587 1920 5664; baseline 0.006 -24"><span class='ocrx_word' id='word_1_797' title='bbox 329 5587 436 5657; x_wconf 78' lang='grc' dir='ltr'>τῆς</span> <span class='ocrx_word' id='word_1_798' title='bbox 490 5588 742 5652; x_wconf 88' lang='grc' dir='ltr'>κτίσεως.</span> <span class='ocrx_word' id='word_1_799' title='bbox 789 5590 878 5653; x_wconf 85' lang='grc' dir='ltr'>Ὠς</span> <span class='ocrx_word' id='word_1_800' title='bbox 925 5589 1018 5642; x_wconf 79' lang='grc' dir='ltr'>καὶ</span> <span class='ocrx_word' id='word_1_801' title='bbox 1073 5591 1102 5642; x_wconf 84' lang='lat'><strong>6</strong></span> <span class='ocrx_word' id='word_1_802' title='bbox 1165 5591 1484 5658; x_wconf 79' lang='grc' dir='ltr'>’Λπόστολος</span> <span class='ocrx_word' id='word_1_803' title='bbox 1541 5597 1772 5664; x_wconf 77' lang='grc' dir='ltr'>φάσκει·</span> <span class='ocrx_word' id='word_1_804' title='bbox 1820 5593 1920 5664; x_wconf 76' lang='grc' dir='ltr'><strong>Εἷς</strong></span> 
     </span>
    </p>
   </div>
   <div class='ocr_carea' id='block_1_103' title="bbox 331 5677 1922 5755">
    <p class='ocr_par' dir='ltr' id='par_1_103' title="bbox 331 5677 1922 5755">
     <span class='ocr_line' id='line_1_103' title="bbox 331 5677 1922 5755; baseline 0.004 -18"><span class='ocrx_word' id='word_1_805' title='bbox 331 5679 504 5747; x_wconf 76' lang='grc' dir='ltr'>θεὸς,</span> <span class='ocrx_word' id='word_1_806' title='bbox 534 5681 603 5746; x_wconf 79' lang='grc' dir='ltr'><strong>ἐξ</strong></span> <span class='ocrx_word' id='word_1_807' title='bbox 631 5677 702 5738; x_wconf 89' lang='grc' dir='ltr'>οὗ</span> <span class='ocrx_word' id='word_1_808' title='bbox 747 5682 820 5738; x_wconf 87' lang='grc' dir='ltr'>τὰ</span> <span class='ocrx_word' id='word_1_809' title='bbox 853 5681 1071 5746; x_wconf 78' lang='grc' dir='ltr'>πάντα,</span> <span class='ocrx_word' id='word_1_810' title='bbox 1111 5683 1210 5738; x_wconf 77' lang='grc' dir='ltr'><strong>καί</strong></span> <span class='ocrx_word' id='word_1_811' title='bbox 1243 5685 1418 5755; x_wconf 70' lang='grc' dir='ltr'>ἡμεῖς</span> <span class='ocrx_word' id='word_1_812' title='bbox 1452 5687 1526 5740; x_wconf 84' lang='grc' dir='ltr'><strong>δι’</strong></span> <span class='ocrx_word' id='word_1_813' title='bbox 1553 5689 1742 5744; x_wconf 83' lang='grc' dir='ltr'>αὑτοῦ</span> <span class='ocrx_word' id='word_1_814' title='bbox 1766 5707 1780 5722; x_wconf 89' lang='grc'>·</span> <span class='ocrx_word' id='word_1_815' title='bbox 1824 5691 1922 5744; x_wconf 84' lang='grc' dir='ltr'>καὶ</span> 
     </span>
    </p>
   </div>
   <div class='ocr_carea' id='block_1_104' title="bbox 428 5796 1690 5878">
    <p class='ocr_par' dir='ltr' id='par_1_104' title="bbox 428 5796 1690 5878">
     <span class='ocr_line' id='line_1_104' title="bbox 428 5796 1690 5878; baseline 0.012 -27"><span class='ocrx_word' id='word_1_816' title='bbox 428 5799 446 5829; x_wconf 86' lang='grc'>¹</span> <span class='ocrx_word' id='word_1_817' title='bbox 574 5800 715 5878; x_wconf 55' lang='grc' dir='ltr'>ὁριη</span> <span class='ocrx_word' id='word_1_818' title='bbox 763 5871 776 5878; x_wconf 88' lang='lat'><em>_</em></span> <span class='ocrx_word' id='word_1_819' title='bbox 801 5802 850 5850; x_wconf 81' lang='grc'>.²</span> <span class='ocrx_word' id='word_1_820' title='bbox 884 5799 940 5854; x_wconf 81' lang='lat' dir='ltr'><strong>F.</strong></span> <span class='ocrx_word' id='word_1_821' title='bbox 964 5801 1155 5878; x_wconf 31' lang='grc' dir='ltr'>καί-ἐν.</span> <span class='ocrx_word' id='word_1_822' title='bbox 1269 5809 1287 5840; x_wconf 84' lang='grc'><em>³</em></span> <span class='ocrx_word' id='word_1_823' title='bbox 1318 5807 1486 5866; x_wconf 76' lang='lat' dir='ltr'><strong>Exod.</strong></span> <span class='ocrx_word' id='word_1_824' title='bbox 1518 5830 1607 5878; x_wconf 80' lang='lat' dir='ltr'><strong>xx,</strong></span> <span class='ocrx_word' id='word_1_825' title='bbox 1642 5814 1690 5867; x_wconf 71' lang='grc'>4.</span> 
     </span>
    </p>
   </div>
   <div class='ocr_carea' id='block_1_105' title="bbox 333 5868 1092 5938">
    <p class='ocr_par' dir='ltr' id='par_1_105' title="bbox 333 5868 1092 5938">
     <span class='ocr_line' id='line_1_105' title="bbox 333 5868 1092 5938; baseline 0.001 -11"><span class='ocrx_word' id='word_1_826' title='bbox 333 5887 474 5938; x_wconf 81' lang='lat' dir='ltr'><strong>xvu,</strong></span> <span class='ocrx_word' id='word_1_827' title='bbox 508 5871 559 5925; x_wconf 78' lang='grc'><strong>5.</strong></span> <span class='ocrx_word' id='word_1_828' title='bbox 612 5868 660 5904; x_wconf 60' lang='grc'><strong>“⁸</strong></span> <span class='ocrx_word' id='word_1_829' title='bbox 693 5868 860 5926; x_wconf 65' lang='lat' dir='ltr'><strong>ltlor.</strong></span> <span class='ocrx_word' id='word_1_830' title='bbox 895 5888 1009 5938; x_wconf 79' lang='lat' dir='ltr'><strong>\‘lll,</strong></span> <span class='ocrx_word' id='word_1_831' title='bbox 1041 5875 1092 5928; x_wconf 81' lang='grc'><strong>6.</strong></span> 
     </span>
    </p>
   </div>
   <div class='ocr_carea' id='block_1_106' title="bbox 1801 5807 2195 5881">
    <p class='ocr_par' dir='ltr' id='par_1_106' title="bbox 1801 5807 2195 5881">
     <span class='ocr_line' id='line_1_106' title="bbox 1801 5807 2195 5881; baseline 0.005 -15"><span class='ocrx_word' id='word_1_832' title='bbox 1801 5815 1820 5842; x_wconf 76' lang='grc'><strong>⁸</strong></span> <span class='ocrx_word' id='word_1_833' title='bbox 1851 5807 2008 5870; x_wconf 74' lang='lat' dir='ltr'><strong>Rom.</strong></span> <span class='ocrx_word' id='word_1_834' title='bbox 2044 5831 2081 5881; x_wconf 90' lang='grc' dir='ltr'><strong>ι,</strong></span> <span class='ocrx_word' id='word_1_835' title='bbox 2107 5812 2195 5868; x_wconf 72' lang='grc'>25.</span> 
     </span>
    </p>
   </div>
   <div class='ocr_carea' id='block_1_107' title="bbox 2039 4660 3628 4730">
    <p class='ocr_par' dir='ltr' id='par_1_107' title="bbox 2039 4660 3628 4730">
     <span class='ocr_line' id='line_1_107' title="bbox 2039 4660 3628 4730; baseline -0.009 -4"><span class='ocrx_word' id='word_1_836' title='bbox 2039 4670 2356 4726; x_wconf 85' lang='lat' dir='ltr'><strong>adorandus</strong></span> <span class='ocrx_word' id='word_1_837' title='bbox 2385 4676 2470 4724; x_wconf 90' lang='lat' dir='ltr'><strong>est</strong></span> <span class='ocrx_word' id='word_1_838' title='bbox 2504 4687 2516 4722; x_wconf 90' lang='lat'>:</span> <span class='ocrx_word' id='word_1_839' title='bbox 2554 4667 2659 4722; x_wconf 82' lang='lat' dir='ltr'><strong>Per</strong></span> <span class='ocrx_word' id='word_1_840' title='bbox 2695 4666 2842 4719; x_wconf 90' lang='lat' dir='ltr'><strong>hunc</strong></span> <span class='ocrx_word' id='word_1_841' title='bbox 2872 4663 3059 4718; x_wconf 91' lang='lat' dir='ltr'><strong>omnia</strong></span> <span class='ocrx_word' id='word_1_842' title='bbox 3088 4661 3238 4724; x_wconf 77' lang='lat' dir='ltr'><strong>fecit,</strong></span> <span class='ocrx_word' id='word_1_843' title='bbox 3269 4668 3324 4715; x_wconf 91' lang='lat' dir='ltr'><strong>et</strong></span> <span class='ocrx_word' id='word_1_844' title='bbox 3359 4661 3478 4715; x_wconf 88' lang='lat' dir='ltr'><strong>sine</strong></span> <span class='ocrx_word' id='word_1_845' title='bbox 3506 4660 3628 4730; x_wconf 88' lang='lat' dir='ltr'><strong>ipso</strong></span> 
     </span>
    </p>
   </div>
   <div class='ocr_carea' id='block_1_108' title="bbox 2039 4757 3628 4829">
    <p class='ocr_par' dir='ltr' id='par_1_108' title="bbox 2039 4757 3628 4829">
     <span class='ocr_line' id='line_1_108' title="bbox 2039 4757 3628 4829; baseline -0.008 -11"><span class='ocrx_word' id='word_1_846' title='bbox 2039 4767 2245 4819; x_wconf 80' lang='lat' dir='ltr'><strong>factum</strong></span> <span class='ocrx_word' id='word_1_847' title='bbox 2303 4772 2388 4817; x_wconf 86' lang='lat' dir='ltr'><strong>est</strong></span> <span class='ocrx_word' id='word_1_848' title='bbox 2422 4762 2618 4815; x_wconf 75' lang='lat' dir='ltr'><strong>uiliil‘.</strong></span> <span class='ocrx_word' id='word_1_849' title='bbox 2675 4759 2731 4814; x_wconf 81' lang='lat' dir='ltr'><strong>In</strong></span> <span class='ocrx_word' id='word_1_850' title='bbox 2771 4757 2928 4829; x_wconf 76' lang='lat' dir='ltr'><strong>ipso,</strong></span> <span class='ocrx_word' id='word_1_851' title='bbox 2997 4759 3258 4828; x_wconf 85' lang='lat' dir='ltr'><strong>inquam,</strong></span> <span class='ocrx_word' id='word_1_852' title='bbox 3315 4769 3526 4809; x_wconf 83' lang='lat' dir='ltr'><strong>necmm</strong></span> <span class='ocrx_word' id='word_1_853' title='bbox 3575 4761 3628 4806; x_wconf 78' lang='lat' dir='ltr'><strong>et</strong></span> 
     </span>
    </p>
   </div>
   <div class='ocr_carea' id='block_1_109' title="bbox 2037 4847 3626 4924">
    <p class='ocr_par' dir='ltr' id='par_1_109' title="bbox 2037 4847 3626 4924">
     <span class='ocr_line' id='line_1_109' title="bbox 2037 4847 3626 4924; baseline -0.007 -12"><span class='ocrx_word' id='word_1_854' title='bbox 2037 4865 2228 4912; x_wconf 81' lang='lat' dir='ltr'><strong>sancto</strong></span> <span class='ocrx_word' id='word_1_855' title='bbox 2267 4870 2368 4910; x_wconf 93' lang='lat' dir='ltr'><strong>suo</strong></span> <span class='ocrx_word' id='word_1_856' title='bbox 2412 4853 2643 4924; x_wconf 87' lang='lat' dir='ltr'><strong>Spiritu,</strong></span> <span class='ocrx_word' id='word_1_857' title='bbox 2676 4853 2768 4924; x_wconf 92' lang='lat' dir='ltr'><strong>qui</strong></span> <span class='ocrx_word' id='word_1_858' title='bbox 2811 4866 2840 4905; x_wconf 92' lang='lat' dir='ltr'><strong>a</strong></span> <span class='ocrx_word' id='word_1_859' title='bbox 2895 4867 2954 4907; x_wconf 90' lang='lat' dir='ltr'><strong>se</strong></span> <span class='ocrx_word' id='word_1_860' title='bbox 2997 4849 3268 4920; x_wconf 88' lang='lat' dir='ltr'><strong>procedit,</strong></span> <span class='ocrx_word' id='word_1_861' title='bbox 3298 4856 3353 4902; x_wconf 88' lang='lat' dir='ltr'><strong>et</strong></span> <span class='ocrx_word' id='word_1_862' title='bbox 3385 4849 3452 4903; x_wconf 90' lang='lat' dir='ltr'><strong>de</strong></span> <span class='ocrx_word' id='word_1_863' title='bbox 3489 4847 3626 4901; x_wconf 77' lang='lat' dir='ltr'><strong>Filio</strong></span> 
     </span>
    </p>
   </div>
   <div class='ocr_carea' id='block_1_110' title="bbox 2037 4937 3628 5016">
    <p class='ocr_par' dir='ltr' id='par_1_110' title="bbox 2037 4937 3628 5016">
     <span class='ocr_line' id='line_1_110' title="bbox 2037 4937 3628 5016; baseline -0.008 -15"><span class='ocrx_word' id='word_1_864' title='bbox 2037 4947 2259 5016; x_wconf 86' lang='lat' dir='ltr'><strong>accipit,</strong></span> <span class='ocrx_word' id='word_1_865' title='bbox 2283 4944 2532 5000; x_wconf 89' lang='lat' dir='ltr'><strong>condidit</strong></span> <span class='ocrx_word' id='word_1_866' title='bbox 2575 4959 2638 4998; x_wconf 92' lang='lat' dir='ltr'><strong>ac</strong></span> <span class='ocrx_word' id='word_1_867' title='bbox 2701 4942 2939 4997; x_wconf 84' lang='lat' dir='ltr'><strong>ﬁrmavit</strong></span> <span class='ocrx_word' id='word_1_868' title='bbox 2971 4941 3247 4996; x_wconf 86' lang='lat' dir='ltr'><strong>universa.</strong></span> <span class='ocrx_word' id='word_1_869' title='bbox 3297 4937 3461 4992; x_wconf 86' lang='lat' dir='ltr'><strong>Verbo</strong></span> <span class='ocrx_word' id='word_1_870' title='bbox 3488 4938 3628 4991; x_wconf 80' lang='lat' dir='ltr'><strong>enim</strong></span> 
     </span>
    </p>
   </div>
   <div class='ocr_carea' id='block_1_111' title="bbox 2037 5033 3626 5110">
    <p class='ocr_par' dir='ltr' id='par_1_111' title="bbox 2037 5033 3626 5110">
     <span class='ocr_line' id='line_1_111' title="bbox 2037 5033 3626 5110; baseline -0.009 -11"><span class='ocrx_word' id='word_1_871' title='bbox 2037 5044 2252 5098; x_wconf 82' lang='lat' dir='ltr'><strong>Domini</strong></span> <span class='ocrx_word' id='word_1_872' title='bbox 2281 5041 2398 5096; x_wconf 75' lang='lat' dir='ltr'><strong>cozli</strong></span> <span class='ocrx_word' id='word_1_873' title='bbox 2429 5041 2630 5110; x_wconf 75' lang='lat' dir='ltr'><strong>ﬁrmati</strong></span> <span class='ocrx_word' id='word_1_874' title='bbox 2656 5048 2800 5104; x_wconf 86' lang='lat' dir='ltr'><strong>sunt,</strong></span> <span class='ocrx_word' id='word_1_875' title='bbox 2830 5047 2880 5093; x_wconf 90' lang='lat' dir='ltr'><strong>et</strong></span> <span class='ocrx_word' id='word_1_876' title='bbox 2911 5037 3104 5107; x_wconf 79' lang='lat' dir='ltr'><strong>spiritu</strong></span> <span class='ocrx_word' id='word_1_877' title='bbox 3147 5036 3256 5089; x_wconf 85' lang='lat' dir='ltr'><strong>oris</strong></span> <span class='ocrx_word' id='word_1_878' title='bbox 3301 5034 3414 5102; x_wconf 87' lang='lat' dir='ltr'><strong>ejus</strong></span> <span class='ocrx_word' id='word_1_879' title='bbox 3456 5033 3626 5085; x_wconf 87' lang='lat' dir='ltr'><strong>omnis</strong></span> 
     </span>
    </p>
   </div>
   <div class='ocr_carea' id='block_1_112' title="bbox 2039 5127 3626 5192">
    <p class='ocr_par' dir='ltr' id='par_1_112' title="bbox 2039 5127 3626 5192">
     <span class='ocr_line' id='line_1_112' title="bbox 2039 5127 3626 5192; baseline -0.008 0"><span class='ocrx_word' id='word_1_880' title='bbox 2039 5140 2201 5192; x_wconf 85' lang='lat' dir='ltr'><strong>virtus</strong></span> <span class='ocrx_word' id='word_1_881' title='bbox 2229 5135 2467 5190; x_wconf 73' lang='lat' dir='ltr'><strong>eorum&quot;.</strong></span> <span class='ocrx_word' id='word_1_882' title='bbox 2493 5132 2628 5187; x_wconf 85' lang='lat' dir='ltr'><strong>Nam</strong></span> <span class='ocrx_word' id='word_1_883' title='bbox 2655 5149 2777 5187; x_wconf 92' lang='lat' dir='ltr'><strong>cum</strong></span> <span class='ocrx_word' id='word_1_884' title='bbox 2807 5133 3002 5187; x_wconf 90' lang='lat' dir='ltr'><strong>unicus</strong></span> <span class='ocrx_word' id='word_1_885' title='bbox 3033 5129 3126 5185; x_wconf 85' lang='lat' dir='ltr'><strong>Dei</strong></span> <span class='ocrx_word' id='word_1_886' title='bbox 3161 5127 3461 5187; x_wconf 57' lang='lat' dir='ltr'><strong>Filius,»ut</strong></span> <span class='ocrx_word' id='word_1_887' title='bbox 3501 5132 3626 5179; x_wconf 88' lang='lat' dir='ltr'><strong>ante</strong></span> 
     </span>
    </p>
   </div>
   <div class='ocr_carea' id='block_1_113' title="bbox 2036 5216 3622 5295">
    <p class='ocr_par' dir='ltr' id='par_1_113' title="bbox 2036 5216 3622 5295">
     <span class='ocr_line' id='line_1_113' title="bbox 2036 5216 3622 5295; baseline -0.011 -11"><span class='ocrx_word' id='word_1_888' title='bbox 2036 5231 2241 5284; x_wconf 91' lang='lat' dir='ltr'><strong>dictum</strong></span> <span class='ocrx_word' id='word_1_889' title='bbox 2273 5236 2388 5290; x_wconf 83' lang='lat' dir='ltr'><strong>est,</strong></span> <span class='ocrx_word' id='word_1_890' title='bbox 2424 5228 2498 5280; x_wconf 89' lang='lat' dir='ltr'><strong>ita</strong></span> <span class='ocrx_word' id='word_1_891' title='bbox 2542 5225 2786 5295; x_wconf 91' lang='lat' dir='ltr'><strong>loquitur</strong></span> <span class='ocrx_word' id='word_1_892' title='bbox 2823 5243 2835 5278; x_wconf 87' lang='lat'><strong>:</strong></span> <span class='ocrx_word' id='word_1_893' title='bbox 2879 5222 2946 5276; x_wconf 86' lang='lat' dir='ltr'><strong>Ut</strong></span> <span class='ocrx_word' id='word_1_894' title='bbox 2986 5227 3304 5292; x_wconf 83' lang='lat' dir='ltr'><strong>cognoscant</strong></span> <span class='ocrx_word' id='word_1_895' title='bbox 3354 5225 3402 5269; x_wconf 86' lang='lat' dir='ltr'><strong>te</strong></span> <span class='ocrx_word' id='word_1_896' title='bbox 3451 5216 3622 5269; x_wconf 88' lang='lat' dir='ltr'><strong>solum</strong></span> 
     </span>
    </p>
   </div>
   <div class='ocr_carea' id='block_1_114' title="bbox 2036 5307 3626 5389">
    <p class='ocr_par' dir='ltr' id='par_1_114' title="bbox 2036 5307 3626 5389">
     <span class='ocr_line' id='line_1_114' title="bbox 2036 5307 3626 5389; baseline -0.01 -13"><span class='ocrx_word' id='word_1_897' title='bbox 2036 5337 2213 5376; x_wconf 71' lang='lat' dir='ltr'><strong>verum</strong></span> <span class='ocrx_word' id='word_1_898' title='bbox 2263 5320 2468 5382; x_wconf 86' lang='lat' dir='ltr'><strong>Deum,</strong></span> <span class='ocrx_word' id='word_1_899' title='bbox 2505 5327 2552 5373; x_wconf 88' lang='lat' dir='ltr'><strong>et</strong></span> <span class='ocrx_word' id='word_1_900' title='bbox 2577 5334 2729 5389; x_wconf 83' lang='lat' dir='ltr'><strong>quem</strong></span> <span class='ocrx_word' id='word_1_901' title='bbox 2770 5315 2962 5369; x_wconf 82' lang='lat' dir='ltr'><strong>misisti</strong></span> <span class='ocrx_word' id='word_1_902' title='bbox 2990 5313 3174 5367; x_wconf 84' lang='lat' dir='ltr'><strong>Jesnm</strong></span> <span class='ocrx_word' id='word_1_903' title='bbox 3219 5307 3554 5372; x_wconf 80' lang='lat' dir='ltr'><strong>Christum&quot;,</strong></span> <span class='ocrx_word' id='word_1_904' title='bbox 3595 5321 3626 5360; x_wconf 70' lang='grc' dir='ltr'><strong>ιι</strong></span> 
     </span>
    </p>
   </div>
   <div class='ocr_carea' id='block_1_115' title="bbox 2037 5399 3625 5474">
    <p class='ocr_par' dir='ltr' id='par_1_115' title="bbox 2037 5399 3625 5474">
     <span class='ocr_line' id='line_1_115' title="bbox 2037 5399 3625 5474; baseline -0.009 -6"><span class='ocrx_word' id='word_1_905' title='bbox 2037 5423 2344 5469; x_wconf 85' lang='lat' dir='ltr'><strong>creatarum</strong></span> <span class='ocrx_word' id='word_1_906' title='bbox 2373 5428 2494 5469; x_wconf 86' lang='lat' dir='ltr'><strong>sese</strong></span> <span class='ocrx_word' id='word_1_907' title='bbox 2521 5426 2703 5466; x_wconf 87' lang='lat' dir='ltr'><strong>rerum</strong></span> <span class='ocrx_word' id='word_1_908' title='bbox 2735 5421 2965 5463; x_wconf 90' lang='lat' dir='ltr'><strong>numero</strong></span> <span class='ocrx_word' id='word_1_909' title='bbox 2993 5403 3316 5474; x_wconf 78' lang='lat' dir='ltr'><strong>segregavit.</strong></span> <span class='ocrx_word' id='word_1_910' title='bbox 3345 5401 3466 5467; x_wconf 90' lang='lat' dir='ltr'><strong>Quo</strong></span> <span class='ocrx_word' id='word_1_911' title='bbox 3489 5399 3625 5454; x_wconf 89' lang='lat' dir='ltr'><strong>illud</strong></span> 
     </span>
    </p>
   </div>
   <div class='ocr_carea' id='block_1_116' title="bbox 2038 5493 3620 5576">
    <p class='ocr_par' dir='ltr' id='par_1_116' title="bbox 2038 5493 3620 5576">
     <span class='ocr_line' id='line_1_116' title="bbox 2038 5493 3620 5576; baseline -0.009 -18"><span class='ocrx_word' id='word_1_912' title='bbox 2038 5507 2199 5560; x_wconf 80' lang='lat' dir='ltr'><strong>etiam</strong></span> <span class='ocrx_word' id='word_1_913' title='bbox 2232 5504 2476 5576; x_wconf 79' lang='lat' dir='ltr'><strong>Apostoii</strong></span> <span class='ocrx_word' id='word_1_914' title='bbox 2508 5503 2783 5574; x_wconf 87' lang='lat' dir='ltr'><strong>pertinet:</strong></span> <span class='ocrx_word' id='word_1_915' title='bbox 2817 5497 2964 5552; x_wconf 84' lang='lat' dir='ltr'><strong>Unus</strong></span> <span class='ocrx_word' id='word_1_916' title='bbox 2992 5495 3156 5556; x_wconf 81' lang='lat' dir='ltr'><strong>Deus,</strong></span> <span class='ocrx_word' id='word_1_917' title='bbox 3187 5509 3251 5547; x_wconf 79' lang='lat' dir='ltr'><strong>ea:</strong></span> <span class='ocrx_word' id='word_1_918' title='bbox 3284 5509 3386 5563; x_wconf 82' lang='lat' dir='ltr'><strong>quo</strong></span> <span class='ocrx_word' id='word_1_919' title='bbox 3419 5493 3620 5556; x_wconf 84' lang='lat' dir='ltr'><strong>omnia,</strong></span> 
     </span>
    </p>
   </div>
   <div class='ocr_carea' id='block_1_117' title="bbox 2030 5584 3617 5666">
    <p class='ocr_par' dir='ltr' id='par_1_117' title="bbox 2030 5584 3617 5666">
     <span class='ocr_line' id='line_1_117' title="bbox 2030 5584 3617 5666; baseline -0.01 -12"><span class='ocrx_word' id='word_1_920' title='bbox 2030 5609 2077 5654; x_wconf 82' lang='lat' dir='ltr'><strong>et</strong></span> <span class='ocrx_word' id='word_1_921' title='bbox 2115 5614 2207 5652; x_wconf 87' lang='lat' dir='ltr'><strong>nos</strong></span> <span class='ocrx_word' id='word_1_922' title='bbox 2240 5613 2330 5666; x_wconf 83' lang='lat' dir='ltr'><strong>per</strong></span> <span class='ocrx_word' id='word_1_923' title='bbox 2361 5597 2553 5664; x_wconf 84' lang='lat' dir='ltr'><strong>ipsum,</strong></span> <span class='ocrx_word' id='word_1_924' title='bbox 2591 5603 2642 5646; x_wconf 89' lang='lat' dir='ltr'><strong>et</strong></span> <span class='ocrx_word' id='word_1_925' title='bbox 2671 5607 2806 5644; x_wconf 84' lang='lat' dir='ltr'><strong>unus</strong></span> <span class='ocrx_word' id='word_1_926' title='bbox 2857 5587 3119 5641; x_wconf 82' lang='lat' dir='ltr'><strong>Dominus</strong></span> <span class='ocrx_word' id='word_1_927' title='bbox 3145 5585 3302 5639; x_wconf 85' lang='lat' dir='ltr'><strong>Jesus</strong></span> <span class='ocrx_word' id='word_1_928' title='bbox 3349 5584 3617 5647; x_wconf 81' lang='lat' dir='ltr'><strong>Christus,</strong></span> 
     </span>
    </p>
   </div>
   <div class='ocr_carea' id='block_1_118' title="bbox 2027 5675 3623 5761">
    <p class='ocr_par' dir='ltr' id='par_1_118' title="bbox 2027 5675 3623 5761">
     <span class='ocr_line' id='line_1_118' title="bbox 2027 5675 3623 5761; baseline -0.009 -19"><span class='ocrx_word' id='word_1_929' title='bbox 2027 5706 2118 5758; x_wconf 81' lang='lat' dir='ltr'><strong>per</strong></span> <span class='ocrx_word' id='word_1_930' title='bbox 2155 5699 2304 5761; x_wconf 79' lang='lat' dir='ltr'><strong>quem</strong></span> <span class='ocrx_word' id='word_1_931' title='bbox 2345 5687 2547 5749; x_wconf 82' lang='lat' dir='ltr'><strong>omnia,</strong></span> <span class='ocrx_word' id='word_1_932' title='bbox 2575 5694 2622 5737; x_wconf 85' lang='lat' dir='ltr'><strong>ct</strong></span> <span class='ocrx_word' id='word_1_933' title='bbox 2650 5698 2742 5736; x_wconf 86' lang='lat' dir='ltr'><strong>nos</strong></span> <span class='ocrx_word' id='word_1_934' title='bbox 2807 5695 2897 5747; x_wconf 79' lang='lat' dir='ltr'><strong>per</strong></span> <span class='ocrx_word' id='word_1_935' title='bbox 2926 5675 3155 5747; x_wconf 72' lang='lat' dir='ltr'><strong>ipsum“.</strong></span> <span class='ocrx_word' id='word_1_936' title='bbox 3191 5675 3424 5732; x_wconf 74' lang='lat' dir='ltr'><strong>Videsne</strong></span> <span class='ocrx_word' id='word_1_937' title='bbox 3456 5689 3623 5746; x_wconf 85' lang='lat' dir='ltr'><strong>quam</strong></span> 
     </span>
    </p>
   </div>
   <div class='ocr_carea' id='block_1_119' title="bbox 2786 5797 3621 5866">
    <p class='ocr_par' dir='ltr' id='par_1_119' title="bbox 2786 5797 3621 5866">
     <span class='ocr_line' id='line_1_119' title="bbox 2786 5797 3621 5866; baseline -0.011 -7"><span class='ocrx_word' id='word_1_938' title='bbox 2786 5805 2804 5834; x_wconf 75' lang='lat'><strong>“</strong></span> <span class='ocrx_word' id='word_1_939' title='bbox 2837 5801 2981 5858; x_wconf 82' lang='lat' dir='ltr'><strong>Psal.</strong></span> <span class='ocrx_word' id='word_1_940' title='bbox 3022 5815 3167 5855; x_wconf 63' lang='grc' dir='ltr'>χχχιι</span> <span class='ocrx_word' id='word_1_941' title='bbox 3196 5841 3212 5866; x_wconf 92' lang='grc'><strong>,</strong></span> <span class='ocrx_word' id='word_1_942' title='bbox 3245 5800 3297 5853; x_wconf 86' lang='grc'><strong>6.</strong></span> <span class='ocrx_word' id='word_1_943' title='bbox 3413 5802 3431 5828; x_wconf 85' lang='grc'>⁷</span> <span class='ocrx_word' id='word_1_944' title='bbox 3460 5797 3621 5854; x_wconf 76' lang='lat' dir='ltr'><strong>Joau.</strong></span> 
     </span>
    </p>
   </div>
   <div class='ocr_carea' id='block_1_120' title="bbox 2308 5807 2674 5874">
    <p class='ocr_par' dir='ltr' id='par_1_120' title="bbox 2308 5807 2674 5874">
     <span class='ocr_line' id='line_1_120' title="bbox 2308 5807 2674 5874; baseline -0.019 -8"><span class='ocrx_word' id='word_1_945' title='bbox 2308 5813 2328 5842; x_wconf 81' lang='lat'><strong>&quot;</strong></span> <span class='ocrx_word' id='word_1_946' title='bbox 2363 5809 2519 5866; x_wconf 78' lang='lat' dir='ltr'><strong>Joan.</strong></span> <span class='ocrx_word' id='word_1_947' title='bbox 2555 5825 2591 5874; x_wconf 89' lang='lat' dir='ltr'><strong>I,</strong></span> <span class='ocrx_word' id='word_1_948' title='bbox 2623 5807 2674 5861; x_wconf 71' lang='grc' dir='ltr'>ὅ.</span> 
     </span>
    </p>
   </div>
  </div>
