3990 6228
336 353 434 410 531

1759 351 1816 407 S.
1858 347 2198 406 EPIP'HANII

3498 345 3610 404 5-52

335 471 545 528 diserte
575 485 741 526 unum
777 467 970 538 Deum,
993 483 1056 526 ac
1089 469 1328 537 Patrem,
1353 477 1409 528 et
1432 485 1602 525 unum
1630 468 1920 524 Domi-num

2045 465 2111 538 εἷς
2135 471 2352 540 Κύριος
2384 471 2614 540 Ἰησοῦς
2652 472 2930 542 Χριστὸς,
2951 469 3025 526 δι’
3047 465 3120 527 οὗ
3157 471 3232 526 τὰ
3259 467 3480 534 adita,
3507 471 3608 524 καὶ

341 563 410 618 ab
459 565 646 620 eodem
697 566 942 637 genitura
999 566 1372 636 expresserit?
1421 563 1609 636 Neque
1658 579 1788 622 vero
1845 564 1919 618 ita

339 655 505 720 dixit,
541 654 694 712 Unus
748 658 923 723 Deus,
969 657 1134 729 922
1176 668 1230 714 et
1294 673 1436 714 unus
1469 657 1735 714 Dominus
1793 672 1920 712 cum

338 745 616 808 omnibus,
645 762 767 818 qua:
794 747 862 802 ab
900 747 1022 818 ipso
1060 747 1201 802 facta
1233 757 1362 804 sunt
1396 763 1412 812 ;
1449 746 1544 803 sed
1576 762 1713 801 unus
1739 745 1920 800 Domi-

339 854 437 892 nus
461 853 553 905 per
582 855 734 910 quem
777 842 980 895 omnia.
1016 839 1174 908 Quod
1227 841 1272 896 si
1309 857 1450 896 unus
1499 837 1765 895 Dominus
1805 847 1922 904 est,

337 944 434 998 per
461 943 624 998 quem
676 927 818 982 facta
851 937 980 984 sunt
1010 929 1220 994 omnia,
1257 928 1348 984 ille
1382 943 1525 984 unus
1555 943 1622 983 ex
1669 925 1928 980 omnibus

336 1035 456 1074 esse
488 1035 598 1073 non
642 1029 844 1088 potem,
873 1019 968 1076 sed
995 1021 1242 1076 omnium
1280 1019 1556 1084 conditor,
1588 1025 1924 1084 creatarum,

338 1113 590 1181 inquam,
623 1127 806 1167 rerum
831 1113 1077 1168 omnium
1106 1113 1330 1168 ellcctor
1359 1121 1466 1170 est.

411 1204 500 1259 IX.
543 1203 664 1260 Jam
696 1221 824 1262 vero
853 1206 946 1278 qui
977 1221 1008 1260 a
1037 1205 1200 1262 Patre
1239 1207 1457 1277 genitus
1501 1213 1554 1262 et
1589 1205 1659 1262 ab
1684 1219 1751 1260 eo
1803 1218 1929 1274 pro-

339 1295 544 1354 ductus
570 1306 656 1352 est.
681 1295 880 1363 Filius,
911 1313 1006 1369 per
1041 1313 1204 1369 quem
1243 1297 1426 1352 omnia
1459 1297 1606 1352 facta
1639 1301 1792 1359 sunt,
1823 1293 1930 1348 dis-

341 1386 542 1444 similis
585 1389 833 1444 omnium
882 1397 992 1456 est,
1042 1400 1100 1446 ut
1142 1391 1236 1461 qui
1269 1397 1487 1446 creator
1531 1390 1604 1444 sit
1631 1387 1876 1452 omnium
1912 1403 1926 1439 :

341 1476 791 1550 qmndoquidem
828 1495 971 1536 unus
1026 1487 1082 1536 et
1125 1495 1268 1536 unus
1308 1487 1393 1538 est
1439 1478 1584 1534 Deus
1632 1479 1812 1542 Pater,
1865 1492 1932 1532 ea:

343 1585 446 1639 quo
495 1570 697 1634 omnia,
749 1581 802 1626 et
842 1571 1108 1628 Dominus
1153 1570 1338 1636 Jesus,
1389 1585 1480 1640 per
1528 1586 1679 1642 quem
1729 1570 1932 1634 omnia,

343 1660 482 1716 adeo
524 1667 584 1716 ut
633 1663 887 1732 superior
916 1663 1090 1717 dictio
1119 1662 1402 1718 vocabulis
1433 1663 1586 1718 hisce
1620 1661 1932 1732 copuletur,

345 1770 480 1808 unus
508 1761 562 1809 ct
588 1771 746 1810 unus.
775 1753 890 1810 Hoc
919 1763 1126 1820 autem,
1156 1769 1220 1810 ea:
1252 1770 1376 1825 quo,
1407 1763 1462 1810 et
1510 1769 1601 1823 per
1627 1770 1775 1824 quem
1807 1767 1932 1808 cum

347 1846 482 1900 illud
515 1854 704 1916 aperte
732 1847 1076 1914 declaravit,
1108 1863 1136 1902 a
1167 1845 1330 1904 Patre
1359 1847 1654 1918 procedere
1680 1833 1882 1902 Filium
1913 1865 1928 1902 :

347 1946 464 1994 tum
505 1949 827 1996 caeterarum
863 1956 1048 1996 rerum
1081 1941 1359 2013 disparem
1393 1940 1644 1996 eumdem
1669 1955 1794 1998 esse
1837 1940 1934 1999 ad-

347 2032 584 2088 mirabili
617 2034 860 2104 quadam
884 2035 1100 2091 ratione
1133 2033 1486 2098 monstravit,
1523 2047 1650 2088 cum
1683 2033 1756 2086 ita
1795 2032 1936 2090 scri-

349 2123 492 2192 psit:
527 2122 634 2179 Per
656 2142 809 2194 quem
838 2127 1018 2180 omnia
1038 2165 1054 2186 .
1084 2135 1145 2180 ut
1173 2133 1227 2182 et
1255 2123 1474 2180 Patrem
1507 2141 1648 2191 esse,
1680 2132 1736 2180 et
1765 2125 1834 2180 ab
1869 2139 1937 2182 eo

351 2212 547 2270 Filium
580 2199 921 2288 unigenitum
957 2217 1248 2274 Dominum
1279 2217 1608 2290 productum
1635 2217 1934 2288 intelligas.

349 2305 484 2375 Quae
511 2324 637 2364 cum
683 2311 982 2381 Apostolus
1008 2327 1074 2368 ex
1115 2311 1294 2366 sancti
1327 2309 1568 2382 Spiritus
1603 2309 1786 2365 alllatu
1817 2325 1937 2380 pro-

351 2401 664 2467 nuntiaret,
732 2418 960 2460 necesse
1019 2418 1128 2458 non
1191 2403 1386 2458 habuit
1447 2401 1627 2458 sancti
1694 2400 1936 2472 Spiritus

351 2492 684 2548 mentionem
728 2493 910 2552 facere
937 2511 950 2548 :
981 2495 1130 2567 quod
1161 2510 1272 2551 non
1310 2496 1392 2550 sic
1420 2493 1802 2565 accipiendum
1827 2500 1936 2561 est,

349 2587 507 2654 quasi
553 2585 800 2654 ejusdem
849 2589 937 2644 ille
976 2605 1100 2644 cum
1137 2587 1296 2644 Patre
1329 2588 1580 2658 Filioque
1605 2587 1792 2658 gloriae
1825 2603 1935 2642 non

351 2677 422 2734 sit
456 2678 751 2748 particeps.
787 2689 882 2734 aut
914 2681 1060 2750 quod
1099 2682 1152 2735 in
1185 2696 1376 2736 eorum
1408 2681 1656 2738 ordinem
1689 2680 1939 2752 redigen-

351 2769 458 2826 dus
495 2771 602 2837 sit,
643 2789 762 2844 qna:
812 2787 842 2825 a
888 2769 1025 2828 Filio
1071 2780 1354 2842 procreat-.1
1403 2773 1685 2828 dicuntur.
1737 2770 1938 2828 Verum

353 2861 488 2916 satis
533 2861 664 2916 illud
701 2872 818 2918 erat
843 2904 859 2928 ,
890 2863 1037 2933 quod
1074 2863 1126 2918 iu
1178 2863 1491 2920 ﬁrmissima
1525 2863 1616 2920 illa
1657 2863 1778 2919 ﬁdei
1813 2879 1940 2935 pro-

355 2950 592 3007 fessione
619 2967 744 3008 cum
777 2951 942 3011 Patre
987 2953 1236 3026 Filioque
1261 2963 1588 3012 numeratus
1618 2953 1818 3020 fuerit,
1854 2954 1940 3012 his

351 3043 534 3100 verbis
571 3060 584 3095 :
625 3043 822 3100 Euntes
855 3045 1124 3118 baptizata
1168 3047 1224 3102 in
1253 3049 1462 3102 nomine
1496 3046 1714 3112 Patris,
1749 3060 1798 3102 et
1841 3047 1940 3102 Fi-

2023 561 2194 630 ἠμεῖς
2215 561 2288 616 δι’
2320 561 2528 618 αὐτοῦ.
2558 561 2668 616 Kal
2687 562 2820 634 ὁρᾷς
2843 561 2962 632 μὲν,
2989 561 3108 624 πῶς
3131 559 3332 624 ἔδειξεν
3352 559 3452 612 ἕνα
3475 557 3616 612 Θεδν

2023 653 2114 708 τὸν
2135 654 2374 726 Πατέρα,
2388 654 2485 709 ἕνα
2503 654 2558 708 δὲ
2577 655 2782 725 Κύριον
2801 653 2888 707 τὸν
2905 653 2964 718 ἐξ
2985 651 3152 706 αὑτοῦ
3173 667 3402 720 γεγεννη
3411 649 3608 719 μένον;

2025 744 2136 800 Καὶ
2153 744 2255 798 οὐκ
2275 739 2428 798 εἶπεν
2448 759 2463 774 ·
2489 739 2584 807 Εἷς
2605 743 2758 807 Θεὸς,
2782 744 2874 796 καὶ
2903 735 2986 806 εἷς
3005 740 3209 811 Κύριος
3225 741 3322 794 σὺν
3343 741 3480 792 πᾶσι
3498 741 3616 799 τοῖς

2025 835 2088 902 ἐξ
2103 835 2268 890 αὑτοῦ
2285 836 2564 906 γεγονόσιν
2581 849 2593 864 ·
2607 830 2844 902 ἀλλ’,εῖς
2856 837 3092 902 Κύριος,
3107 832 3184 886 δι’
3201 827 3272 887 οὗ
3295 831 3368 886 τὰ
3389 829 3614 886 πάντα.

2027 929 2091 982 ΕΞ
2113 929 2172 982 δὲ
2201 923 2282 993 εἷς
2302 927 2526 1000 Κύριος,
2549 928 2615 982 δι’
2639 919 2702 982 οὗ
2735 926 2806 984 τὰ
2839 927 3018 980 πάντα
3039 926 3208 990 ἐστὶν,
3233 925 3332 978 οὐκ
3360 923 3510 976 ἔστιν
3531 917 3615 985 εἷς

2028 1020 2094 1074 ὲκ
2123 1019 2364 1086 πάντων,
2397 1019 2534 1074 ἀλλὰ
2575 1018 2806 1090 ποιητὴς
2847 1017 2957 1072 τῶν
2991 1018 3271 1080 ἁπάντων,
3301 1015 3396 1072 καὶ
3423 1031 3616 1068 κεκτι-

2031 1111 2247 1182 σμένων
2285 1111 2503 1165 πάντων
2538 1111 2762 1183 κτίστης
2797 1111 3080 1180 ὑπάρχων.

2099 1205 2176 1260 ϐ’.
2220 1205 2328 1260 Τοῦ
2361 1205 2418 1259 δὲ
2452 1204 2582 1262 Υἱοῦ
2611 1207 2676 1260 ἐκ
2719 1203 2936 1276 Πατρὸς
2965 1200 3388 1272 γεγεννημένου,
3422 1197 3516 1252 καὶ
3549 1199 3620 1252 ἐκ

2033 1295 2246 1368 [ἰατρὸς
2299 1297 2695 1368 τυγχάνοντος,
2751 1295 2818 1350 δι’
2849 1289 2910 1352 οὗ
2963 1295 3032 1348 τὰ
3085 1295 3262 1348 πάντα
3297 1291 3618 1362 γεγένηται,

2032 1384 2288 1456 ἀνόμοιος
2329 1390 2443 1450 τοῖς
2471 1386 2640 1442 πᾶσίν
2689 1387 2857 1452 ὲστιν,
2893 1379 2982 1438 οἷα
3027 1383 3092 1454 δὴ
3141 1383 3366 1454 κτίστης
3399 1380 3479 1435 ὣν
3507 1381 3622 1462 τῶν

2034 1478 2291 1534 ἁπάντων
2305 1495 2317 1510 ·
2351 1479 2542 1551 ἐπειδὴ
2567 1473 2648 1544 εἷς
2683 1479 2778 1534 καὶ
2825 1472 2908 1542 εἷς
2946 1477 3080 1540 Θεδς
3115 1476 3148 1529 6
3178 1475 3388 1546 Πατὴρ,
3437 1474 3507 1539 ἐξ
3543 1468 3624 1530 οὗ

2033 1573 2107 1628 τὰ
2147 1572 2362 1639 πάντα,
2399 1572 2496 1628 καὶ
2543 1572 2747 1644 Κύριος
2794 1569 3024 1642 Ἰησοῦς,
3049 1568 3125 1622 δι’
3161 1565 3232 1626 οὗ
3279 1569 3354 1622 τὰ
3383 1566 3622 1621 πάντα·

2037 1665 2436 1736 συνενουμένης
2468 1667 2568 1736 τῆς
2603 1665 2716 1720 ἄνω
2754 1663 2950 1729 λέξεως
2983 1660 3078 1716 διὰ
3103 1659 3220 1724 τοῦ,
3251 1654 3342 1727 εἷς
3377 1660 3474 1713 καὶ
3505 1651 3620 1725 εἷς,

2038 1756 2133 1809 καὶ
2175 1753 2264 1810 διὰ
2302 1754 2418 1818 τοῦ,
2469 1756 2540 1820 ἐξ
2581 1750 2653 1812 οὗ
2700 1754 2796 1808 καὶ
2839 1753 2916 1808 δι’
2949 1747 3048 1818 οὗ,
3095 1751 3157 1806 τὸ
3189 1751 3288 1821 μὲν
3321 1749 3511 1817 σαφῶς
3557 1749 3626 1802 ὲκ

1970 1811 2010 1870 Β
2040 1848 2254 1920 Πατρὸς
2287 1847 2378 1902 τὸν
2405 1811 2544 1902 ’Υιδᾷ
2577 1848 2850 1921 δεδήλωκε
2873 1863 2885 1877 ·
2933 1845 2996 1900 τὸ
3133 1811 3322 1898 οὑικέτι
3369 1811 3463 1896 τδν
3491 1811 3626 1894 Ϋίδν

2036 1941 2102 1996 ὲκ
2133 1941 2242 1996 τῶν
2275 1941 2481 1996 λοιπῶν
2525 1934 2668 1996 εἶναι
2705 1936 3034 2010 θαυμαστῶς
3067 1936 3410 2006 ἀπεφήνατο,
3435 1932 3510 1986 δι’
3543 1927 3626 1988 οὗ

2035 2033 2109 2090 τὰ
2147 2033 2348 2090 πάντα
2366 2077 2382 2101 ,
2420 2035 2647 2102 φάσκων
2661 2075 2682 2100 ,,
2729 2033 2818 2088 ἵνα
2865 2029 3014 2104 δείξῃ
3061 2029 3284 2100 Πατέρα
3331 2028 3493 2089 ὅντα,
3525 2026 3628 2080 καὶ

2039 2119 2166 2181 Υιὸν
2203 2125 2338 2181 δντα
2383 2126 2493 2180 ὑπὸ
2524 2125 2738 2198 Ila-:96;
2769 2124 2924 2186 ὄντος
2967 2123 3059 2178 τὸν
3095 2119 3359 2192 μονογενῆ
3393 2119 3624 2206 Κύριον.

2041 2217 2236 2286 Ἔλεγε
2257 2217 2314 2270 δὲ
2339 2215 2514 2270 ταῦτα
2547 2218 2576 2270 6
2612 2213 2933 2278 Ἀπόστολος
2957 2211 3236 2283 Πνεύματι
3279 2210 3424 2280 ἁγίῳ
3458 2207 3630 2280 φερόο

2041 2326 2229 2380 μενος·
2265 2307 2346 2362 διὸ
2367 2309 2468 2362 οὐκ
2491 2306 2616 2379 ἔσχε
2645 2307 2832 2378 χρείαν
2859 2306 2992 2378 περὶ
3021 2302 3340 2374 Πνεύματός
3372 2319 3428 2355 τι
3453 2300 3632 2372 δηλῶ-

2041 2416 2166 2455 σαι’
2191 2400 2290 2471 οὐχ
2315 2401 2392 2465 ὡς
2427 2399 2504 2472 μὴ
2535 2399 2996 2471 συνδοξαζομένου
3032 2397 3128 2452 τοῦ
3163 2395 3482 2467 Πνεύματος
3513 2396 3630 2450 Πα-

2039 2490 2132 2563 τρὶ
2163 2489 2256 2544 καὶ
2291 2489 2430 2562 Υἱῷι
2459 2489 2568 2544 οὐδ’
2600 2491 2688 2546 ἵνα
2717 2490 2850 2545 αὐτὸ
2877 2489 2986 2544 ἀπὸ
3011 2489 3124 2543 τῶν
3151 2487 3373 2542 πάντων
3405 2485 3636 2558 σημάνῃ

2040 2583 2150 2637 τῶν
2183 2584 2254 2640 δι’
2271 2585 2400 2638 Υίοῦ
2423 2584 2814 2656 κεκτισμένων.
2839 2585 3040 2656 Ἤρκει
3069 2581 3178 2654 γὰρ
3205 2581 3268 2636 τὸ
3289 2580 3632 2653 συναριθμη-

2043 2675 2202 2746 θῆναι
2239 2676 2330 2732 διὰ
2371 2677 2471 2748 τῆς
2519 2676 2744 2748 βεϐαίας
2782 2675 3074 2746 ὁμολογίας
3117 2673 3210 2729 τοῦ
3257 2672 3413 2738 Υίοῦ,
3451 2672 3632 2743 Πατρὶ

2043 2772 2139 2826 καὶ
2167 2770 2302 2843 Υἱῷ,
2337 2773 2395 2826 ὲν
2419 2771 2502 2843 τῷ
2527 2771 2724 2835 εἰπεῖν,
2756 2770 3146 2835 Ἀπελθόντες
3163 2768 3510 2834 ﬂagtium-.9
3539 2767 3632 2832 εἰς

2043 2864 2234 2934 ὄνομα
2282 2863 2534 2933 Πατρός,
2565 2863 2664 2918 καὶ
2702 2861 2866 2925 Υιοῦ,
2899 2861 3000 2916 καί
3039 2861 3215 2930 ἁγίου
3255 2861 3627 2927 [Ir-stipatae.

2041 2957 2419 3030 Φθεγγόμενος
2451 2955 2584 3026 γοῦν
2597 2958 2628 3011 6
2653 2954 2998 3020 ’Λωόστολος,
3021 2953 3222 3026 μᾶλλον
3239 2953 3300 3006 δὲ
3317 2952 3382 3006 τὺ
3406 2951 3632 3022 Πνεῦμα

2041 3047 2104 3104 τδ
2153 3050 2310 3118 ἅγιον
2361 3048 2734 3121 φθεγγόμενον
2781 3049 2840 3102 ὲν
2893 3047 3064 3118 αὐτῷ,
3109 3047 3212 3100 οὐκ
3263 3045 3456 3116 ἐδήλου
3501 3045 3632 3116 περὶ

355 3135 450 3202 lii,
493 3145 544 3190 et
577 3133 812 3204 Spiritus
861 3139 1038 3192 sancti
1059 3138 1098 3193 ⁸.
1131 3138 1268 3194 Cum
1301 3140 1468 3210 igitur
1497 3137 1822 3210 Apostolus,
1854 3138 1940 3194 vel

2045 3141 2234 3198 αὐτοῦ.
2275 3141 2458 3214 Σαφὴς
2487 3142 2596 3216 γὰρ
2644 3137 2713 3214 ἦν
2761 3143 2798 3214 ἡ
2829 3141 2961 3213 περὶ
3007 3140 3180 3194 αὑτοῦ
3217 3139 3456 3208 γνῶσις,
3508 3137 3630 3192 ούδὶ

355 3229 536 3298 potius
570 3227 808 3299 Spiritus
837 3237 1064 3286 sanctus
1098 3245 1195 3302 per
1237 3231 1556 3301 Apostolum
1603 3230 1942 3300 loqueretur,

356 3316 492 3372 nihil
523 3323 610 3372 est
641 3317 710 3372 de
761 3318 882 3387 ipso
932 3318 1224 3388 perspicue
1256 3318 1614 3374 declaratum.
1659 3317 1940 3390 Siquidem

358 3408 502 3463 haud
530 3407 764 3464 obscura
793 3408 942 3464 illius
972 3417 1092 3466 erat
1121 3409 1396 3480 cognitio,
1431 3424 1534 3465 nec
1577 3409 1646 3466 de
1677 3425 1742 3466 ea
1769 3409 1942 3466 Judaei

354 3499 702 3558 dubitabant.
733 3499 914 3568 Quare
937 3500 991 3556 in
1021 3500 1170 3556 aliud
1203 3513 1418 3572 tempus
1447 3503 1854 3569 reservabatur,
1875 3519 1945 3560 ne

361 3591 604 3662 Spiritus
629 3602 858 3648 sanctus
881 3607 984 3648 sua
1003 3608 1062 3649 se
1091 3593 1482 3664 praedicatione
1511 3596 1940 3653 commendaret.

360 3683 572 3754 Quippe
605 3683 901 3756 Apostolus
932 3692 1124 3740 sancto
1160 3683 1368 3756 Spiritu
1402 3685 1692 3757 impulsus.
1744 3687 1821 3742 uti
1858 3686 1945 3742 di-

361 3775 566 3838 ximus,
601 3777 665 3831 de
692 3774 856 3832 Patre
883 3774 1134 3846 Filioque
1159 3777 1378 3833 locutus
1419 3787 1523 3844 est,
1558 3787 1618 3834 ut
1655 3793 1720 3834 ex
1757 3795 1824 3836 eo
1856 3794 1946 3836 sa-

360 3877 653 3924 crosancta
681 3867 926 3926 Trinitas
963 3870 1324 3936 indicaretur,
1367 3886 1490 3942 quae
1517 3879 1572 3928 et
1603 3886 1820 3942 semper
1847 3887 1946 3928 ex-

363 3962 552 4030 sistit,
581 3977 684 4018 nec
729 3978 970 4034 unquam
1003 3965 1272 4022 exsistere
1310 3962 1538 4022 desinit.
1586 3962 1790 4034 Neque.
1819 3979 1950 4022 vero

363 4055 550 4111 mirari
581 4057 770 4122 debes,
815 4071 942 4112 cum.
968 4057 1102 4113 illud
1133 4057 1292 4114 audis
1325 4077 1340 4112 :
1379 4057 1528 4113 Unus
1567 4058 1728 4124 Deus,
1756 4074 1821 4114 ex
1845 4075 1948 4129 quo

362 4150 566 4215 oatnia,
585 4159 634 4206 et
665 4166 801 4206 unus
830 4149 1116 4214 Dominus,
1137 4167 1230 4221 per
1249 4168 1404 4222 quem
1426 4151 1779 4208 omnia.Cum
1803 4151 1950 4208 enim

364 4241 560 4298 Filium
594 4241 884 4298 Dominum
919 4244 1180 4314 appellat,
1210 4258 1319 4308 non
1343 4244 1598 4300 eumdem
1633 4259 1740 4298 una
1781 4241 1950 4300 Deum

363 4348 488 4388 esse
517 4335 732 4404 negavit
757 4334 1096 4406 Apostolus;
1125 4334 1380 4392 similiter
1411 4334 1558 4404 quod
1589 4335 1729 4390 dixit
1756 4353 1770 4388 :
1803 4334 1950 4392 Unus

365 4424 506 4480 Deus
546 4439 638 4492 per
666 4443 816 4496 (ptem
859 4428 1068 4492 omnia,
1112 4428 1366 4482 eumdem
1428 4427 1596 4483 Deum
1651 4444 1716 4483 ac
1763 4429 1952 4484 Domi-

2045 3233 2152 3288 ὑπδ
2177 3231 2292 3288 τῶν
2327 3233 2598 3288 Ἰουδαίων
2631 3233 3105 3304 ἀμφιϐαλλομένη.
3155 3231 3514 3302 Ἐταμιεύετο
3549 3231 3630 3294 δὲ,

2046 3327 2134 3382 ἵνα
2175 3325 2252 3400 μὴ
2306 3325 2707 3380 αὐτοσύστατον
2757 3324 2846 3397 εἴη
2887 3325 2950 3377 τὸ
3001 3324 3158 3393 ἆγιον
3219 3322 3482 3392 Πνεῦμα,
3503 3321 3532 3374 ὃ
3557 3324 3588 3376 6
3609 3322 3638 3354 θ

2059 3418 2382 3481 Ἀπόστολος
2413 3418 2512 3471 σὺν
2543 3417 2828 3488 Πνεύματι
2869 3415 3013 3487 ἁγίῳ
3061 3416 3307 3486 ἐφέρετο.
3349 3415 3464 3468 Kal
3506 3413 3636 3486 περὶ

2045 3509 2264 3582 Πατρὺς
2291 3507 2448 3578 ἔλεγε
2479 3509 2574 3563 καὶ
2593 3507 2747 3573 Υίοῦ,
2783 3509 2870 3563 ἵνα
2889 3508 3073 3580 δειχθῇ
3107 3510 3140 3580 ἡ
3162 3507 3333 3579 Τριὰς
3361 3507 3450 3560 ἀεὶ
3473 3504 3634 3572 οὖσα,

2045 3602 2142 3656 καὶ
2165 3601 2436 3675 μηδέποτε
2465 3601 2817 3656 διαλείπουσα
2844 3601 2940 3654 τοῦ
2970 3597 3131 3656 εἶναι.
3151 3600 3248 3672 Μὴ
3272 3599 3522 3671 θαύμαζε
3551 3600 3633 3667 δὲ,

2045 3697 2144 3752 ἐὰν
2181 3695 2458 3768 ἀκούσῃς·
2494 3690 2602 3762 Εἷς
2645 3695 2814 3761 Θεὸς,
2843 3693 2914 3760 ἐξ
2948 3689 3021 3750 οὗ
3055 3694 3128 3748 τὰ
3165 3691 3386 3756 πάντα,
3419 3692 3516 3746 xal
3543 3687 3638 3758 εἷς

2046 3791 2282 3856 Κύριος,
2311 3788 2386 3842 δι’
2418 3783 2492 3845 οὗ
2535 3789 2610 3843 τὰ
2651 3787 2869 3843 πάντα.
2901 3786 2994 3858 Τῷ
3025 3787 3135 3860 γὰρ
3178 3789 3356 3840 εἰπεῖν
3385 3785 3480 3838 τὸν
3505 3785 3638 3840 Tios

2049 3880 2278 3952 Κύριον,
2311 3880 2374 3934 οὐ
2419 3881 2638 3945 πάντως
2680 3881 2958 3953 ἠρνήσατο
2987 3881 3016 3934 6
3055 3878 3382 3942 Ἀπόστολος
3409 3879 3476 3931 τὰ
3497 3873 3636 3932 εἶναι

2047 3974 2144 4028 τὸν
2197 3973 2404 4044 Κύριον
2453 3974 2548 4028 καὶ
2581 3972 2748 4028 Θεόν·
2805 3973 2902 4026 καὶ
2943 3972 3024 4044 τῷ
3057 3973 3232 4025 εἰπεῖν
3253 4012 3270 4037 ,
3325 3966 3431 4038 Eb;
3469 3970 3634 4036 Θεὸς,

2048 4062 2125 4117 δι’
2161 4058 2234 4119 οὗ
2269 4063 2344 4117 τὰ
2385 4063 2612 4126 πάντα,
2651 4063 2752 4116 οὐκ
2787 4063 3069 4134 ἠρνήσατο
3095 4063 3156 4116 τὸ
3201 4058 3346 4116 εἶναι
3385 4063 3478 4116 τὸν
3503 4061 3638 4116 Θεὺν

2049 4155 2146 4210 καὶ
2189 4155 2420 4227 Κύριον..
2459 4153 2630 4226 Ὁμοῦ
2664 4154 2774 4226 γὰρ
2809 4155 2906 4208 καὶ
2957 4154 3164 4226 Κύριος
3215 4154 3312 4207 καὶ
3351 4152 3510 4218 Θεὸς,
3543 4153 3639 4206 καὶ

2049 4247 2182 4312 Θεδς
2223 4246 2320 4302 καὶ
2381 4245 2615 4317 Κύριός·
2667 4245 2764 4300 καὶ
2803 4245 2958 4298 οὐδὲν
3001 4241 3194 4299 διοίσει
3243 4241 3516 4315 περὶτῶν
3557 4243 3642 4304 εἰς

2053 4341 2202 4411 ἡμᾶς
2236 4340 2294 4392 ὲν
2319 4337 2550 4410 ἀληθείᾳ
2587 4337 2948 4409 σωτηριωδῶς
2976 4338 3041 4390 ὲκ
3071 4335 3208 4390 Θεοῦ
3251 4335 3342 4390 διὰ
3367 4335 3475 4388 τῶν
3506 4336 3640 4389 ἀπο-

2055 4429 2257 4482 στόλων
2283 4427 2733 4500 κεκηρυγμένων.
2763 4427 3112 4497 Καταλείψας
3138 4427 3196 4480 δὲ
3249 4428 3280 4479 6
3319 4427 3485 4491 αὐτὸς
3525 4427 3640 4480 ’Δνο

367 4531 498 4570 num
545 4533 667 4572 esse
701 4532 1048 4587 nequaquam
1101 4517 1375 4576 inliciatus
1419 4528 1524 4575 est.
1564 4521 1754 4591 Itaque
1786 4519 1940 4575 simul

2054 4521 2240 4594 όμοιος
2271 4521 2366 4574 καὶ
2402 4523 2452 4574 οἱ
2495 4520 2554 4585 ἐξ
2584 4519 2752 4574 αὐτοῦ
2789 4520 3076 4590 γεγονότες
3103 4519 3201 4590 τὴν
3241 4519 3358 4573 ὁδὸν
3379 4519 3482 4590 τῆς
3507 4519 3642 4590 ἀλη-

367 4607 634 4663 Dominus
674 4617 729 4664 et
761 4607 940 4675 Deus,
987 4620 1041 4664 et
1087 4612 1229 4666 Deus
1275 4627 1338 4668 ac
1383 4611 1648 4669 Dominus
1678 4629 1802 4670 esse
1829 4629 1954 4670 cre-

366 4699 582 4756 dendus
616 4708 734 4766 est;
769 4717 947 4772 neque
975 4702 1272 4772 quidquam
1303 4711 1388 4760 est
1421 4703 1478 4760 in
1511 4704 1619 4770 his,
1645 4721 1768 4776 qua:
1795 4705 1954 4764 nobis

368 4807 402 4846 a
433 4789 546 4845 Deo
579 4805 676 4860 per
721 4791 1002 4860 apostolos
1035 4793 1330 4848 salubriter
1357 4795 1604 4848 nuntiata
1643 4805 1790 4862 sunt,
1843 4795 1956 4854 dis-

369 4895 606 4953 crepans
662 4895 727 4934 ac
783 4879 1084 4936 diversum.
1152 4880 1258 4938 Sed
1341 4882 1600 4938 nimirum
1654 4884 1956 4944 Anomeeus

315 5019 329 5047 γ
367 4975 534 5046 923
568 4974 658 5031 ille
687 4989 812 5029 cum
849 4975 965 5029 suis
995 4975 1182 5029 relicta
1207 4974 1453 5030 veritatis
1477 4976 1582 5040 ria,
1612 4976 1678 5031 ad
1706 4993 1954 5034 errorum

319 5055 696 5146 idifverticula
757 5067 1044 5122 traductus
1101 5073 1226 5130 est,
1288 5079 1684 5138 perperamque
1745 5069 1956 5127 divinas

370 5159 674 5216 sententias
706 5157 998 5214 intellexit.
1033 5157 1110 5212 Ita
1139 5157 1398 5229 deinceps
1433 5159 1500 5214 ad
1530 5159 1954 5233 disputationes,

369 5251 801 5324 vocularumque
829 5250 1256 5322 disceptationes
1299 5251 1488 5314 animo
1532 5268 1596 5309 ac
1645 5265 1826 5310 mente
1866 5257 1956 5312 isti

370 5345 626 5401 conversi
647 5385 662 5410 ,
700 5360 730 5398 a
760 5342 993 5400 veritate
1027 5343 1359 5408 resilientes,
1393 5347 1708 5403 coelestibus
1738 5349 1957 5405 excide-

373 5445 522 5491 runt.
557 5437 660 5504 Qui
693 5437 738 5492 si
771 5437 1144 5509 evangelicum
1176 5437 1352 5493 lucent
1387 5439 1662 5496 mentibus
1700 5441 1817 5495 suis
1857 5441 1956 5496 ad-

374 5529 594 5587 mittere
624 5533 920 5598 voluerint,
970 5531 1040 5586 ab
1080 5547 1408 5604 unaquaque
1441 5533 1832 5603 propemodum
1873 5535 1958 5590 di-

376 5622 563 5680 ctione
614 5624 954 5682 refellentur.
1003 5623 1284 5696 Nusquam
1319 5625 1464 5681 enim
1505 5628 1700 5681 unicus
1731 5623 1826 5682 Dei
1869 5627 1956 5682 Fi-

452 5783 466 5818 ¹
503 5783 694 5840 Matth.
727 5800 919 5852 xsvtn,
951 5786 1033 5841 19.
1115 5788 1132 5818 ⁸
1162 5784 1220 5839 1".
1255 5788 1279 5838 ό
1311 5785 1386 5838 δέ.
1464 5783 1482 5814 ³
1514 5785 1637 5840 ὼν.
1667 5787 1875 5860 Πατήρ.

2057 4613 2228 4680 θείας,
2265 4614 2608 4686 ἐτράπησαν,
2633 4613 2820 4678 κακῶς
2849 4614 2948 4677 τὰς
2975 4611 3110 4666 Θεοῦ
3143 4613 3334 4685 ῥήσεις
3361 4613 3640 4682 ἐπινενοη-

2056 4707 2234 4772 κότες.
2271 4707 2384 4762 Kal
2412 4707 2597 4760 λοιπὸν
2621 4708 2701 4770 είς
2727 4705 3114 4776 διαλογισμοὺς
3145 4707 3256 4759 καὶκ
3277 4707 3358 4769 είς
3387 4703 3640 4772 διαλυτὰς

2055 4799 2256 4868 λέξεων
2295 4801 2777 4873 παρεκτρὲψαντες
2824 4799 2920 4854 τὸν
2964 4797 3113 4864 νοῦν,
3149 4797 3513 4869 ἀπεπήδησαν
3539 4797 3642 4867 τῆς

2056 4891 2334 4964 ἀληθείας,
2371 4893 2464 4946 καὶ
2507 4892 2764 4956 ἐξέπεσον
2799 4889 2910 4944 τῶν
2953 4889 3316 4962 ἐπουρανίων.
3345 4891 3510 4945 Πᾶσα
3533 4889 3642 4963 γὰρ

2057 4987 2204 5053 λέξις
2250 4985 2460 5054 ἐλέγξει
2506 4985 2733 5050 αὐτοὺς,
2773 4984 2870 5038 ἐὰν
2907 4969 3108 5038 θέλωσι
3135 4983 3228 5037 τὸν
3265 4983 3479 5038 ἑαυτῶν
3517 4983 3644 5038 νοῦν

2057 5078 2242 5133 δοῦναι
2265 5079 2346 5141 εἰς
2367 5076 2652 5148 φωτισμὸν
2671 5073 2768 5128 τοῦ
2797 5073 3156 5143 Εὑαγγελίου.
3190 5073 3446 5145 Οὐδαμοῦ
3485 5074 3592 5145 γὰρ
3615 5075 3644 5128 6

2058 5168 2370 5240 Μονογενὴς
2397 5167 2568 5239 λέγει,
2599 5167 2779 5222 καίτοι
2797 5183 2862 5235 γε
2895 5169 2954 5220 ὲν
2979 5166 3146 5240 σαρκὶ
3175 5167 3640 5238 παραγενόμενος,

2058 5265 2141 5320 ὅτι
2199 5266 2258 5317 ’0
2305 5261 2500 5326 κτίσας
2563 5279 2632 5333 με
2689 5261 2882 5332 Πατὴρ
2929 5259 3244 5316 ἀπέσταλκε
3301 5275 3402 5330 με·
3447 5259 3568 5313 οὐδὲ
3614 5257 3644 5312 ό

2061 5358 2254 5427 Σωτήρ
2279 5356 2300 5386 ³
2333 5373 2436 5410 που
2486 5356 2544 5408 ὲν
2593 5353 2673 5425 τῷ
2721 5353 3040 5425 Εὑαγγελίῳ
3087 5351 3340 5424 διελέχθη
3361 5394 3374 5414 .
3415 5352 3536 5406 οὐδὲ
3587 5353 3644 5404 ἐν

2061 5449 2276 5519 Παλαιᾷ
2309 5447 2574 5519 Διαθήκῃ,
2613 5447 2696 5500 ὅτι
2735 5447 2966 5500 Ἔκτισα
3005 5446 3136 5516 ὑμῖν
3181 5444 3275 5498 τὸν
3315 5444 3466 5508 Υἱῦν,
3505 5443 3638 5507 ἀλλ’,

2072 5542 2128 5592 '0
2175 5539 2380 5609 Πατήρ
2425 5557 2503 5608 με
2547 5538 2872 5594 ἀπέστειλε
2891 5554 2903 5568 ·
2936 5537 3058 5603 καὶ,
3121 5537 3224 5592 Ἐκ
3268 5536 3378 5592 τοῦ
3416 5533 3642 5604 Πατρός

2061 5632 2349 5703 ἐξῆλθον,
2399 5632 2498 5688 καὶ
2561 5631 2717 5700 ἣκειν
2757 5615 2968 5700 καὶ,”0
3001 5630 3088 5685 ὢν
3128 5632 3216 5699 εὶς
3259 5629 3370 5687 τὸν
3415 5631 3638 5686 κόλπον
