3990 6228
328 258 433 322 555

1718 261 1778 321 8.
1818 264 2111 322 EPIPHAN
2118 265 2157 320 ll

3496 259 3605 316 556

327 381 642 449 ediderunt,
676 383 992 454 perturbata
1025 393 1252 453 Insuper
1281 381 1496 440 ordinis
1531 383 1713 453 serie;
1750 395 1918 458 atque

2039 388 2247 459 ιγωγήν
2269 405 2282 418 ·
2311 383 2442 458 ἦλθε
2481 386 2539 440 δὲ
2583 383 2724 458 μετά
2754 383 2930 438 ταῦτα
2958 379 3093 438 αὐτὸ
3139 382 3221 446 είς
3249 381 3421 451 ἡμᾶς,
3459 379 3611 443 τινος

329 476 466 532 illud
509 476 648 532 idem
699 476 889 546 'postea
942 476 1250 532 litterarum
1287 476 1510 546 quidam
1552 476 1619 532 ad
1653 493 1754 534 nos
1793 488 1913 534 stu-

330 567 523 625 diosus
553 568 768 634 attulit,
805 582 1035 623 necesse
1072 567 1257 634 habui,
1306 576 1491 638 utpote
1522 568 1672 624 illius
1699 580 1912 634 auctor,

330 661 662 716 rcceusitum
715 674 779 714 ac
810 667 1164 730 repurgatum
1190 675 1330 729 opus
1377 658 1520 714 istud
1557 660 1625 715 ad
1655 676 1753 716 vos
1789 662 1914 716 mit-

328 766 464 817 tere,
517 753 836 824 quicunque
885 753 1106 824 pietatis
1157 753 1374 808 athletae
1421 754 1710 822 utriusque
1745 769 1912 811 sexus

327 847 496 910 estis,
544 853 605 900 ut
637 846 979 916 intelligatis,
1013 845 1149 899 nihil
1193 861 1304 900 non
1342 846 1489 900 ineo
1519 861 1585 901 ex
1623 861 1910 902 sacrarum

326 936 660 992 Litterarum
698 949 959 1006 germano
1013 950 1138 991 esse
1182 951 1349 991 sensu
1399 934 1690 1005 prolatum.
1737 937 1912 1006 Cujus

326 1026 547 1095 quidem
582 1025 835 1096 praesidio
882 1040 979 1080 eos
1013 1040 1227 1089 omnes,
1279 1025 1370 1096 qui
1402 1010 1780 1082 contradicere
1823 1042 1914 1082 vo-

327 1117 562 1181 luerint,
608 1117 801 1186 paucis
829 1114 1160 1186 quibusdam
1203 1115 1442 1170 breviter
1471 1115 1707 1186 objectis
1732 1155 1748 1180 ,
1784 1131 1911 1186 pro—

327 1208 520 1264 hibere
548 1208 823 1279 poteritis,
855 1221 924 1260 ne
957 1205 1024 1260 de
1057 1207 1299 1276 ingenito
1326 1205 1436 1262 Deo
1468 1220 1534 1261 ac
1582 1208 1768 1277 genito
1801 1223 1914 1264 ser-

329 1316 549 1358 tnonein
576 1297 927 1371 impudenter
949 1298 1260 1361 instituant,
1296 1313 1362 1352 ac
1393 1300 1757 1368 teinporarios
1786 1299 1911 1354 illos

330 1393 387 1447 in
425 1393 636 1463 primis,
691 1407 830 1462 quos
866 1391 1042 1462 attigi.
1095 1389 1267 1445 Porro
1312 1390 1452 1444 hanc
1483 1389 1910 1460 disputationem

281 1486 386 1540 -in
422 1484 602 1554 capita
639 1498 896 1538 versuum
928 1483 982 1537 in
1015 1481 1236 1536 modum
1274 1482 1348 1536 ita
1378 1482 1732 1552 digessimus,
1774 1491 1912 1537 utet

328 1578 673 1650 objectiones
717 1578 855 1632 alias
907 1591 971 1632 ex
1009 1576 1152 1641 aliis,
1198 1583 1254 1630 et
1319 1575 1684 1645 quaestionum
1721 1575 2117 1634 dissolutiones
2155 1587 2504 1636 necteremus

2019 481 2127 534 τῶν
2159 481 2465 534 σπουδαίων
2498 481 2631 550 ήμίν
2673 477 2807 532 αὐτὸ
2851 475 3383 548 προσκεκομικότος’
3438 473 3609 542 ἠναγ-

2021 571 2234 642 κάσθην
2265 566 2353 625 οἷα
2379 570 2564 640 πατὴρ
2606 565 2765 632 αὖθις
2795 566 3134 638 διακαθάρας
3165 564 3447 635 ἐκπέμψαι
3478 564 3611 632 ὑμῖν

2017 665 2079 718 τὸ
2113 665 2475 737 σύγγραμμα,
2511 657 2558 717 ὦ
2605 662 2808 724 πάντες
2844 659 3092 722 εύσεϐεῖς
3137 657 3367 727 ἀθληταί
3409 673 3472 709 τε
3517 656 3613 708 καὶ

2017 756 2332 828 ἀθλήτριαι,
2363 757 2512 820 ὅπως
2548 755 2616 809 ἂν
2660 754 2862 808 ειδέναι
2893 753 3090 823 ἔχοιτε,
3117 751 3237 805 κατ’
3259 750 3472 804 ἔννοιαν
3502 746 3614 799 τῶν

2020 851 2190 919 ἁγίων
2235 849 2469 921 Γραφῶν
2517 848 2774 920 εἰρῆσθαι
2829 845 2989 918 ήμῶν
3037 843 3101 898 τὸ
3160 843 3372 912 λόγιον·
3428 841 3496 894 δι’
3552 831 3616 891 οὗ

2021 942 2202 996 πάντα
2233 941 2518 1011 ἄνθρωπον
2551 938 2856 1005 ἀντιλέγειν
2899 938 3030 1006 ὑμῖν
3069 932 3453 1004 ἐπιχειροῦντα
3479 932 3614 1000 περὶ

2021 1034 2322 1103 ἀγεννὴτου
2370 1031 2506 1086 Θεοῦ
2553 1032 2650 1086 καὶ
2680 1029 2946 1100 γεννητοῦ
2990 1027 3184 1081 παύειν
3233 1025 3614 1095 ἀναισχυντεῖν

2024 1127 2310 1197 συντόμοις
2335 1127 2625 1196 ἐπιφοραῖς
2655 1123 2954 1194 δυνήσεσθε
2979 1139 2993 1153 ⁸
3025 1121 3246 1178 πάντων
3270 1119 3330 1172 δὲ
3373 1116 3614 1188 μάλιστα

2018 1213 2147 1277 τοὺς
2178 1213 2634 1285 προειρημένους,
2661 1214 2720 1266 ὲν
2747 1212 2877 1265 εῖδει
2906 1211 3016 1264 τῶν
3048 1207 3324 1280 στιχηρῶν
3359 1208 3447 1258 ἐπ’
3475 1204 3613 1259 ἀπὸ-

2025 1320 2181 1374 ρησιν
2210 1304 2555 1376 ἀπορήσεως,
2594 1303 2691 1357 καὶ
2721 1301 2876 1354 λύσιν
2905 1301 3135 1363 λύσεως,
3167 1298 3256 1352 διά
3289 1297 3352 1350 τὸ
3383 1294 3613 1365 εὐπερί-

2019 1393 2251 1464 δρακτον
2281 1396 2377 1449 καὶ
2405 1394 2577 1465 σαφὲς
2609 1394 2717 1448 τῶν
2747 1392 3216 1465 ἐπιχειρημάτων,
3239 1389 3613 1460 ποιησάμενος

2019 1487 2120 1558 τὴν
2139 1487 2315 1559 ἀρχὴν
2343 1505 2409 1540 πε
2419 1488 2474 1558 pi.
2493 1487 2795 1557 ἀγεννήτου
2823 1485 2982 1540 Θεοῦ.

2569 1596 2582 1632 :
2644 1593 2756 1650 quo
2818 1586 2874 1634 et
2921 1579 2988 1633 ad
3033 1571 3610 1647 comprehendendum

328 1669 577 1726 l'aciliora
615 1678 670 1725 et
714 1668 1025 1739 planiora,
1053 1668 1257 1738 quibus
1308 1667 1545 1734 utimur,
1591 1675 1915 1738 argumenta
1950 1669 2106 1727 vobis
2139 1677 2346 1728 essent.
2389 1671 2472 1727 Ab
2506 1670 2752 1741 ingenito
2783 1683 2914 1725 vero
2961 1667 3076 1724 Deo
3123 1663 3446 1736 disputandi
3499 1662 3612 1717 ini-

331 1762 467 1816 tium
505 1758 759 1814 fecimus.

401 1848 443 1906 1.
488 1848 546 1907 Si
587 1847 865 1918 ingenitus
920 1846 1086 1909 Deus.
1127 1846 1276 1916 quod
1303 1847 1547 1918 genitum
1585 1855 1692 1912 est,
1741 1845 1921 1902 facere

2095 1852 2175 1903 A'.
2216 1850 2278 1903 Ei
2307 1850 2534 1904 δυνατόν
2559 1851 2676 1902 ἐστι
2705 1847 2782 1920 τῷ
2805 1847 3085 1918 ἀγεννήτῳ
3109 1843 3230 1915 Θεῷ
3261 1844 3324 1898 τὸ
3351 1847 3612 1917 γεννητὸν

331 1939 633 2010 ingenitum
685 1945 888 2008 potest,
941 1937 1212 2006 siquidem
1272 1937 1585 1992 substantia
1619 1938 1800 1994 omnis
1837 1939 1918 1992 in-

330 2028 513 2099 genita
562 2034 669 2090 est,
702 2032 920 2090 neutra,
953 2026 1096 2096 quod
1128 2026 1194 2082 ad
1223 2041 1343 2080 eam
1376 2027 1750 2082 conditionem
1793 2029 1921 2082 atti-

330 2129 456 2185 net,
491 2119 696 2175 nullius
732 2126 791 2173 ιιι
825 2117 1129 2174 dominatui
1165 2119 1370 2184 subsit,
1402 2119 1472 2172 ab
1504 2119 1676 2174 altera
1704 2119 1918 2176 discre-

333 2211 504 2282 pabit.
557 2209 792 2276 Quinam
839 2209 1023 2279 igitur
1054 2209 1164 2264 dici
1221 2218 1400 2280 potest
1445 2210 1646 2264 mutari
1698 2210 1918 2280 quidem

331 2304 603 2368 alteram,
630 2303 858 2358 alteram
906 2309 1151 2368 mutare,
1197 2317 1324 2356 cum
1368 2316 1434 2356 ex
1471 2303 1622 2356 nulla
1674 2303 1920 2372 subjecta

332 2395 566 2452 materia
608 2393 910 2466 quidquam
966 2392 1078 2449 Deo
1143 2393 1452 2464 producere
1505 2395 1732 2450 minime
1794 2409 1919 2465 per-

331 2487 587 2544 mittant?

401 2575 469 2634 ΙΙ.
523 2577 581 2632 Si
628 2576 905 2646 ingenitus
949 2573 1096 2630 Deus
1142 2589 1310 2629 causa
1349 2583 1435 2630 est
1476 2575 1625 2630 omni
1665 2583 1923 2646 praestan-

333 2668 463 2733 tior,
496 2670 604 2725 erit
646 2669 812 2723 etiam
861 2666 1218 2737 generatione
1265 2667 1383 2737 ipsa
1420 2668 1813 2737 praestantior:
1852 2669 1920 2731 si,

334 2762 599 2832 inquam,
652 2761 838 2816 causis
887 2759 1148 2813 omnibus
1209 2759 1524 2824 antecellit,
1581 2761 1922 2831 generationi

333 2854 522 2909 itidem
568 2853 877 2908 antecellet.
921 2850 1110 2921 Neque
1144 2852 1289 2907 enim
1345 2860 1440 2906 aut
1487 2853 1556 2906 ab
1606 2853 1778 2907 altera
1825 2867 1916 2907 na-

334 2955 495 3014 tura,
541 2958 601 3002 ut
653 2952 829 3013 esset,
883 2944 1126 3016 accepit,
1171 2953 1266 3000 aut
1311 2943 1444 2999 illud
1499 2944 1618 3015 ipse
1644 2943 1748 3000 sibi
1788 2958 1923 3000 con-

335 3041 484 3098 tulit.

403 3132 568 3204 925
593 3130 682 3188 IlI.
709 3131 828 3188 Jam
855 3147 1006 3195 vero,
1034 3131 1080 3186 si
1116 3129 1234 3201 ipse
1255 3129 1382 3196 sibi,
1418 3136 1478 3184 ut
1502 3136 1672 3195 esset,
1689 3126 1918 3183 minime

2022 1943 2319 2012 ἀγέννητον
2349 1943 2593 2013 ποιῆσαι,
2630 1943 2679 1995 εἰ
2709 1943 2859 1996 πᾶσα
2910 1938 3069 1992 οὐσία
3102 1937 3251 1990 ἐστὶν
3293 1939 3611 2010 ἀγέννητος,

2022 2031 2348 2100 οὑδοποτέρα
2397 2029 2584 2083 διοίσει
2636 2031 2740 2099 τῆς
2785 2027 2954 2098 ἄλλης
2993 2025 3136 2080 κατά
3187 2025 3251 2078 τὺ
3289 2026 3610 2082 ἀδέσποτον.

2024 2120 2148 2184 Πῶς
2180 2117 2274 2174 οὖν
2326 2121 2391 2175 ἄν
2431 2138 2516 2184 τις
2557 2119 2693 2190 φαίη
2732 2118 2832 2189 τὴν
2867 2118 2968 2189 μὲν
3009 2115 3481 2187 μεταϐάλλεσθαι,
3514 2120 3616 2189 τὴν

2022 2212 2080 2266 δὲ
2115 2212 2494 2283 μεταϐάλλειν,
2528 2212 2631 2265 οὐκ
2670 2208 3074 2282 ἐπιτρεπόντων
3111 2204 3190 2276 τῷ
3223 2205 3346 2279 Θεῷ
3375 2209 3610 2281 ύφιστᾷν

2025 2309 2089 2360 ὲκ
2119 2307 2196 2377 μὴ
2223 2305 2594 2376 ὑποκειμένης
2623 2303 2792 2375 ὓλης;

2098 2585 2174 2639 B’.
2205 2585 2270 2638 Εί
2304 2585 2484 2654 πάσης
2515 2582 2698 2647 αἰτίας
2723 2585 2989 2655 κρείττων
3009 2583 3245 2655 ὑπάρχει
3266 2581 3298 2635 ὁ
3321 2581 3616 2651 ἀγέννητος

2025 2677 2179 2742 Θεὸς,
2205 2671 2306 2729 διά
2323 2675 2482 2729 τοῦτο
2506 2676 2600 2729 καὶ
2630 2677 2898 2744 γενέσεως
2927 2675 3191 2747 κρείττων
3223 2676 3292 2729 ἂν
3319 2675 3410 2744 εἴη
3430 2694 3447 2707 ·
3473 2676 3521 2727 εἰ
3557 2674 3616 2728 δὲ

2026 2770 2294 2840 κρείττων
2327 2769 2446 2822 ἐστὶ
2473 2768 2658 2840 πάσης
2692 2768 2894 2833 αἰτίας,
2927 2767 3172 2839 δηλονότι
3205 2768 3300 2821 καὶ
3326 2767 3616 2836 γενέσεως.

2027 2859 2167 2914 υύτε
2188 2862 2300 2932 γὰρ
2329 2862 2460 2932 παρ’
2494 2861 2692 2932 ἑτέρας
2730 2859 2948 2930 φύσεως
2991 2858 3182 2930 εἴληφε
3211 2859 3272 2913 τὸ
3297 2854 3460 2925 εἶναι,
3495 2857 3619 2912 οὔτε

2027 2954 2191 3018 αὐτὸς
2225 2953 2405 3026 ἐαυτῷ
2438 2954 2498 3007 τὸ
2537 2949 2680 3008 εἶναι
2712 2953 3014 3025 παρέσχεν.

2100 3132 2138 3185 Γ
2139 3139 2173 3186 '.
2215 3131 2355 3186 Είδὲ
2387 3131 2550 3197 αὐτὸς
2581 3130 2762 3203 ἐαυτῷ
2807 3131 2868 3185 τὸ
2900 3127 3042 3185 εἶναι
3093 3129 3169 3201 μὴ
3217 3128 3520 3199 παρέσχεν,
3558 3127 3619 3181 οὖ

334 3202 592 3291 contulit,
625 3240 735 3280 non
765 3232 986 3295 propter
1018 3222 1183 3276 ullam
1214 3229 1428 3276 natura:
1455 3220 1913 3283 imbecillitatem,

2039 3226 2112 3279 se:
2144 3224 2206 3278 τδ
2229 3223 2457 3288 ἀσθενὲς
2488 3224 2587 3294 τῆς
2613 3202 2849 3293 φύσεως,
2881 3222 3020 3277 ἀλλὰ
3038 3222 3129 3276 διὰ
3160 3221 3222 3274 τδ
3246 3219 3620 3291 ὑπερϐεϐηκέ-

335 3317 433 3375 sed
461 3316 607 3389 quod
637 3332 805 3374 causa
848 3318 924 3388 sit
957 3313 1110 3370 omni
1158 3313 1431 3384 superior,
1460 3313 1585 3384 quis
1617 3311 1925 3368 subsisten-

339 3417 452 3468 tem
505 3417 758 3464 naturam
793 3409 864 3464 ab
891 3423 954 3464 ea
985 3420 1110 3477 quae
1148 3405 1542 3461 subsistentem
1585 3403 1926 3476 produxerit,

338 3501 479 3556 nihil
535 3500 590 3555 in
644 3499 954 3556 substantia
999 3497 1342 3552 discriminis
1389 3497 1593 3554 habere
1642 3496 1925 3561 fatebitur,

338 3608 464 3649 cum
497 3591 768 3662 ejusmodi
822 3585 1184 3647 subsistentia
1233 3587 1642 3658 generationem
1707 3600 1928 3642 onmem

337 3684 633 3742 excludat?

411 3775 500 3831 IV.
545 3777 600 3832 Si
653 3785 915 3848 perpetuo
953 3791 1017 3831 ac
1057 3776 1176 3832 sine
1239 3773 1351 3830 ullo
1387 3755 1492 3828 ﬁne
1518 3771 1663 3826 Deus
1692 3771 1745 3826 in
1776 3770 1928 3840 inge-
1964 3761 1966 3764 ’

345 3869 464 3926 nita
490 3878 687 3924 natura
716 3868 983 3939 persistit,
1016 3883 1080 3923 ac
1113 3869 1156 3923 si
1192 3866 1374 3939 genita
1405 3864 1624 3920 soboles
1665 3863 1783 3918 sine
1816 3863 1929 3917 ullo

341 3962 448 4016 ﬁne
469 3961 650 4032 genita
681 3969 788 4023 est,
823 3975 989 4031 prava
1020 3959 1110 4014 illa
1139 3959 1207 4014 de
1243 3956 1570 4014 homoousio
1634 3963 1690 4010 et
1716 3955 1928 4010 homoe-

337 4055 498 4110 ousio
561 4053 836 4108 sententia
887 4051 1289 4124 proﬂigabitur.
1341 4049 1477 4104 Cum
1539 4047 1673 4102 illud
1708 4046 1925 4101 interim

337 4145 393 4198 in
449 4143 737 4213 utriusque
770 4150 984 4198 natura:
1014 4142 1285 4213 dignitate
1316 4145 1622 4202 remaneat,
1663 4144 1746 4201 ut,
1780 4137 1928 4207 quod

339 4238 407 4294 ad
468 4237 840 4293 substantiam
893 4235 1112 4298 attinet,
1164 4231 1476 4303 comparari
1526 4229 1669 4285 inter
1704 4236 1777 4284 'se
1830 4243 1928 4284 ne-

338 4335 570 4402 queant.

411 4419 478 4477 V.
521 4419 579 4474 Si
635 4418 912 4489 ingenitus
960 4413 1269 4471 substantia
1318 4411 1458 4467 Dens
1498 4419 1604 4478 est,
1648 4409 1794 4481 quod
1835 4425 1926 4478 ge-

2027 3333 2117 3371 ναι
2145 3317 2328 3371 πᾶσαν
2364 3315 2575 3370 αἰτίανο
2607 3315 2774 3369 πόθεν
2799 3316 2866 3370 ἀν
2893 3332 2977 3379 τις
3009 3313 3108 3384 τὴν
3138 3314 3456 3367 ύποστᾶσαν
3488 3310 3621 3383 πρὸς

2028 3411 2129 3482 τὴν
2161 3410 2551 3482 ύποστήσασαν
2582 3408 2746 3480 φύσιν
2771 3408 2834 3462 τδ
2869 3406 3296 3479 ἀπαράλλακτον
3325 3407 3410 3463 εἰς
3436 3404 3620 3458 οὐσίαν

2029 3503 2173 3574 ἔχειν
2221 3504 2632 3574 συγχωρήσειε,
2675 3503 2736 3558 ού
2794 3499 3126 3573 προῖεμένης
3154 3500 3170 3531 ⁸
3207 3497 3310 3570 τῆς
3365 3497 3620 3567 τοιαύτης

2030 3595 2386 3660 ὑποστάσεως
2412 3595 2660 3666 γένεσινς

2101 3779 2176 3830 Δ’.
2217 3776 2282 3830 Εἰ
2339 3772 2719 3844 ἀτελευτήτως
2751 3773 2780 3826 ὁ
2813 3769 2946 3833 Θεὸς
2978 3767 3224 3840 διαμένει
3255 3765 3316 3818 έν
3344 3762 3622 3832 ἀγεννήτῳ

2031 3865 2339 3936 φύσει,⁶καὶ
2387 3865 2758 3936 ἀτελευτήτως
2801 3862 2862 3916 τὸ
2895 3861 3141 3930 γέννημα
3172 3857 3424 3927 γέννημὰ
3451 3855 3616 3917 ἐστιν,

2028 3961 2062 4029 ὴ
2092 3959 2188 4013 τοῦ
2220 3959 2513 4030 ὁμοουσίου
2558 3954 2776 4010 καὶτοῦ
2798 3953 3106 4024 ὁμοιουσίου
3139 3947 3434 4015 κακοδοξία
3483 3961 3620 4015 παρ-

2031 4050 2480 4122 εισφθαρήσεται.
2515 4049 2762 4102 Ἵσταται
2791 4045 2848 4098 δὲ
2886 4044 2947 4098 τὸ
2986 4045 3044 4096 ὲν
3087 4041 3245 4113 ούσίᾳ
3291 4038 3621 4107 ἀσύγκριτον

2031 4142 2301 4214 ἑκατέρας
2331 4142 2548 4211 φύσεως
2583 4137 2876 4208 ἀξιώματι.

2096 4425 2172 4480 Ε’.
2243 4425 2306 4478 Εἰ
2355 4421 2653 4494 ἀγέννητὸς
2699 4423 2846 4474 ἐστιν
2891 4421 2920 4472 ὁ
2963 4419 3095 4482 Θεὸς
3146 4419 3246 4491 τὴν
3279 4417 3491 4477 οὐσίαν.
3525 4417 3622 4470 οὐκ

338 4515 516 4572 ιιὶιιιιιι
565 4521 651 4568 est
684 4526 792 4566 non
826 4508 1186 4564 distractione
1211 4505 1448 4576 quadam
1477 4502 1804 4559 substantiae
1832 4517 1921 4571 ge-

2039 4517 2221 4579 οὐσίας
2244 4515 2524 4570 διαστάσει
2553 4514 2613 4568 τὸ
2645 4512 2904 4582 γεννητὸν
2949 4509 3239 4580 ἐγεννήθη,
3285 4509 3402 4562 ἀλλ’
3435 4507 3494 4573 ἐξ
3532 4509 3622 4560 ού-

338 4605 520 4660 nilum
567 4611 672 4663 est,
717 4600 812 4655 sed
864 4599 934 4652 ab
982 4596 1318 4662 substantia,
1368 4610 1398 4648 a
1442 4609 1549 4664 qua
1599 4593 1924 4664 productum

336 4706 445 4762 est,
471 4694 734 4750 manavit.
767 4693 979 4763 Quippe
1002 4690 1249 4746 eamdem
1284 4686 1646 4743 substantiam
1683 4685 1924 4756 genitam

338 4788 503 4844 simul
533 4796 590 4842 et
619 4785 919 4856 ingenitam
943 4797 1087 4847 esse,
1115 4781 1266 4836 nulla
1300 4794 1424 4834 cum
1459 4777 1662 4848 pietate
1693 4777 1926 4846 conjun-

336 4891 427 4936 cta
455 4882 597 4936 ratio
627 4878 855 4950 patitur.

411 4972 502 5028 Vl.
543 4973 601 5028 Si
630 4972 875 5044 genitum
910 4976 997 5024 est
1023 4966 1154 5022 illud
1187 4966 1390 5037 ipsum,
1429 4963 1574 5035 quod
1605 4971 1690 5021 est
1721 4964 1930 5034 ingeni-

340 5054 479 5130 ιιῖιιι,
503 5066 632 5138 quid
653 5065 819 5120 etiam
842 5061 1112 5133 prohibet,
1145 5058 1290 5129 quod
1309 5058 1549 5128 genitum
1575 5066 1686 5122 est,
1717 5057 1929 5128 ingeni-

340 5171 457 5217 tum
512 5161 716 5217 fuisse?
772 5155 1057 5229 Siquidem
1111 5161 1303 5208 natura
1338 5152 1519 5209 omnis
1554 5152 1621 5207 ad
1653 5151 1705 5205 id
1729 5191 1744 5216 ,
1779 5151 1927 5221 quod

342 5261 634 5324 cognatum
683 5251 788 5308 sibi
833 5257 939 5313 est,
995 5246 1169 5318 magis
1198 5261 1360 5316 quam
1401 5244 1466 5299 ad
1498 5244 1735 5300 alienum
1771 5257 1928 5313 perc-

343 5348 668 5418 grinumque
693 5345 933 5400 festinat.

417 5435 527 5489 VII.
572 5436 627 5489 Si
672 5444 820 5490 totus
867 5450 976 5489 non
1022 5443 1106 5488 est
1149 5431 1426 5502 ingenitus
1476 5428 1640 5494 Deus,
1683 5426 1816 5481 nihil
1851 5431 1935 5481 est

347 5531 492 5600 quod
526 5531 728 5592 obstet,
760 5529 1056 5598 quominus
1101 5524 1401 5584 secundum
1443 5520 1806 5581 substantiam
1844 5534 1935 5590 ge-

423 5687 439 5727 ⁸
477 5687 606 5742 Cor.
651 5684 1034 5755 προσιεμένης.

2036 4607 2156 4670 σίας
2191 4605 2579 4676 ὑποστησάσης
2630 4602 2783 4656 αὑτό.
2814 4602 2926 4673 Τήν
2960 4601 3067 4671 γάρ
3091 4601 3262 4670 αὐτὴν
3284 4599 3473 4653 οὐσίαν
3533 4598 3622 4651 mi.

2034 4698 2298 4770 γεννητὴν
2353 4693 2492 4751 εἶναι
2543 4696 2636 4751 καὶ
2670 4694 2965 4765 ἀγέννητον
2990 4692 3164 4757 οὐδεὶς
3210 4691 3367 4759 λόγος
3399 4691 3624 4760 εὐσεϐὴς

2032 4791 2336 4862 ἐπιτρέπει.

2115 4974 2206 5041 τῖ’.
2249 4974 2311 5027 Εἰ
2353 4973 2416 5026 τὸ
2453 4973 2750 5042 ἀγέννητον
2779 4969 3068 5040 ἐγεννήθη,
3099 4969 3153 5022 τί
3182 4967 3383 5021 κωλύει
3412 4967 3476 5020 τὸ
3507 4983 3619 5034 γενο

2038 5067 2199 5136 νητὸν
2248 5068 2547 5137 ἀγέννητον
2575 5064 2890 5135 γεγονέναι;
2941 5061 3157 5116 Μᾶλλον
3190 5060 3301 5132 γάρ
3341 5059 3435 5113 τοῦ
3486 5059 3622 5112 ἀνοι-

2039 5158 2189 5214 κείου
2225 5161 2318 5213 ἐπὶ
2345 5159 2405 5212 τὸ
2432 5159 2602 5229 αὐτῆς
2630 5159 2830 5211 οἰκεῖον
2861 5155 3140 5223 ἐπείγεται
3167 5156 3317 5208 πᾶσα
3351 5151 3531 5223 φύσις.

2113 5428 2186 5478 Z'.
2230 5425 2292 5478 Εἰ
2328 5425 2402 5494 μὴ
2440 5423 2560 5487 ὅλος
2591 5426 2619 5476 ὀ
2645 5423 2777 5486 Θεὸς
2809 5421 3104 5492 ἀγέννητὸς
3145 5420 3316 5482 ἐστιν,
3345 5417 3493 5472 οὐδὲν
3515 5431 3615 5468 κω·

2040 5516 2158 5570 λύει
2211 5517 2272 5570 τὸ
2325 5516 2712 5588 γεγεννηκέναι
2762 5514 3050 5578 ούσιωδῶς.
3108 5513 3171 5566 Εἰ
3220 5513 3279 5566 δὲ
3323 5511 3442 5574 ὅλος
3482 5507 3615 5562 ἐστὶν
