3990 6228
282 427 399 484 537

904 423 1278 479 ADVERSIIS
1319 423 1663 480 IIASIiESES
1701 424 1831 480 LIB.
1875 422 1961 479 III.
2006 424 2168 481 TOM.
2211 429 2252 481 I.
2296 454 2364 467 —
2403 422 2679 477 IIAERES.
2723 421 2961 477 LXXVI.
3001 464 3005 468 .

3477 418 3582 475 558

276 545 601 612 ἀγέννητος,
628 540 729 596 οὐκ
756 538 1028 605 οὐσιωδῶς
1064 542 1146 604 εἰς
1170 540 1383 609 γένεσιν
1410 541 1616 613 διέστη,
1657 541 1867 612 ἐξουσίᾳ

1990 543 2179 597 mserit.
2221 541 2317 597 Sin
2368 547 2519 595 totus
2562 539 2840 609 ingenitus
2870 547 2977 597 est.
3011 553 3121 592 non
3153 544 3239 592 cst
3269 535 3569 592 secundum

273 635 337 689 δὲ
367 634 646 706 ὑπέστησε
673 632 734 686 τὸ
763 632 1033 704 γέννημα.

350 825 437 877 Η¹.
479 823 543 876 EI
587 820 710 885 ὅλος
761 820 876 874 ἐστὶ
919 819 1235 891 γεννητικὸς
1283 819 1313 872 ὁ
1368 817 1663 889 ἀγέννητος
1718 816 1872 881 Θεὸς,

266 916 373 968 οὐκ
406 912 683 976 ούσιωδῶς
714 912 776 965 τὸ
826 908 1083 982 γεννηθὲν
1126 909 1413 981 ἐγεννήθη,
1459 908 1589 979 ὅλης
1641 907 1874 978 ἐχούσης

266 1009 368 1077 τῆς
403 1004 591 1066 οὐσίας
608 1002 773 1057 αὑτοῦ
810 1002 871 1056 τὸ
902 1003 1119 1074 γεννᾷν,
1150 1001 1266 1055 ἀλλ’
1299 1002 1360 1055 ού
1396 1001 1458 1055 τὸ
1485 1000 1801 1071 γεννᾶσθαι.

345 1209 428 1262 Θθ.
473 1208 538 1262 Εἰ
586 1207 646 1261 δὲ
685 1205 1263 1278 μεταηηματισθεῖσα
1319 1207 1353 1277 ἡ
1390 1204 1551 1259 οὐσία
1597 1198 1692 1257 τοῦ
1736 1200 1873 1256 Θεοῦ

268 1302 525 1373 γέννημα
556 1300 794 1368 λέγεται,
831 1298 1355 1369 οὺκ’ἀμετά6λητος
1399 1299 1433 1368 ἡ
1482 1296 1641 1350 οὐσία
1682 1294 1870 1359 αὐτοῦ,

269 1390 376 1462 τῆς
408 1389 716 1462 μεταϐολῆς
746 1388 1132 1461 ἐργασαμένης
1164 1389 1265 1461 τὴν
1293 1387 1424 1442 Υἱοῦ
1456 1387 1797 1457 ίδιοποίησιν.

342 1588 400 1642 I'.
444 1588 510 1641 Εἰ
538 1587 595 1641 δὲ
622 1588 708 1657 εῐη
732 1588 826 1643 καὶ
850 1587 1246 1659 ἀμετάὅλητος,
1275 1587 1369 1642 καὶ⁸
1397 1587 1666 1657 γενέσεως
1692 1585 1876 1659 κρείτ-

268 1696 380 1733 των
411 1681 447 1751 ἡ
478 1680 636 1734 ούσία
670 1680 764 1733 τοῦ
798 1679 956 1745 Θεοῦ,
990 1680 1051 1733 τὸ
1094 1679 1235 1734 κατὰ
1283 1679 1374 1734 τὸν
1416 1679 1544 1733 Υἰδν
1584 1677 1689 1742 ἕως
1712 1677 1874 1749 ψιλῆς

269 1770 652 1843 προσηγορίας
685 1769 1176 1843 ὁμολογηθήσεται.

1979 632 2346 688 substantiam
2399 630 2751 700 generatione
2806 629 3128 693 distractus,
3180 628 3275 684 sed
3325 644 3390 683 cx
3441 628 3573 682 sub~

1978 725 2183 780 stantia
2214 739 2312 779 sua
2345 724 2584 793 genitam
2616 722 2763 775 illam
2790 735 2819 774 a
2846 738 2905 776 se
2935 721 3179 776 sobolem
3213 721 3499 791 produxit.

2051 813 2187 868 Vill.
2231 812 2290 868 Si
2316 812 2593 882 ingenitus
2619 811 2764 867 Deus
2802 818 2952 865 totus
2982 820 3066 866 est
3100 812 3321 881 genitali
3352 811 3403 864 vi
3437 826 3572 881 pra:-

1976 905 2165 968 ditus,
2211 905 2357 976 quod
2411 905 2656 975 genitum
2705 912 2792 958 est
2834 892 3138 957 secundum
3178 902 3569 966 substantiam,

1975 1013 2086 1053 non
2120 1005 2205 1052 est
2234 997 2503 1068 genitum,
2543 1011 2670 1051 cum
2708 995 2809 1049 toti
2844 995 2990 1049 illius
3015 994 3341 1049 substantiae
3368 1010 3475 1047 non
3513 1003 3571 1046 ut

1974 1098 2290 1162 generetur,
2310 1089 2420 1159 sed
2454 1096 2512 1143 ut
2540 1095 2786 1159 generet,
2814 1086 3042 1141 insitum
3075 1085 3143 1140 sit
3165 1118 3180 1134 .

2043 1202 2137 1259 IX.
2176 1202 2332 1268 Quod
2384 1203 2429 1257 si
2488 1202 2541 1256 in
2598 1202 2761 1256 aliam
2811 1200 3043 1255 formam
3090 1204 3420 1251 commutata
3470 1194 3566 1249 Dei

1974 1296 2286 1353 substantia
2331 1294 2548 1350 soboles
2598 1293 2825 1357 dicitur,
2872 1308 2983 1346 non
3034 1291 3139 1345 erit
3186 1290 3277 1343 illa
3315 1289 3431 1357 ipsa
3472 1285 3563 1340 Dei

1974 1387 2286 1442 substantia
2341 1386 2664 1440 mutationis
2710 1399 2946 1454 expers,
2993 1399 3118 1438 cum
3171 1382 3394 1454 propria
3443 1378 3566 1436 Filii

1975 1478 2222 1534 conditio
2257 1479 2566 1533 mutatione
2596 1476 2900 1533 constituta
2930 1476 3024 1531 sit.

2046 1588 2115 1642 Χ.
2162 1587 2318 1654 Quod
2381 1587 2429 1641 si
2484 1586 2666 1640 divina
2728 1585 3037 1641 substantia
3098 1583 3419 1638 mutationis
3480 1591 3567 1638 est

1974 1682 2157 1735 omnis
2200 1693 2422 1749 expers,
2468 1684 2522 1732 et
2569 1676 2925 1746 generatione
2976 1677 3249 1745 superior,
3296 1675 3563 1745 quidquid

1976 1772 2042 1826 ad
2069 1770 2267 1825 Filium
2298 1769 2553 1840 pertinet,
2590 1769 2706 1824 sola
2736 1768 3003 1822 duntaxat
3041 1768 3407 1838 appellatione
3436 1782 3565 1839 pro-

1977 1863 2281 1921 ﬁtebimur.

338 1993 450 2047 IA'.
494 1994 560 2047 Ei.
592 1990 983 2063 σπερματικῶς
1010 1986 1078 2063 ἦν
1110 1991 1169 2044 ἐν
1202 1990 1279 2060 τῷ
1311 1989 1594 2060 ἀγεννήτῳ
1643 1985 1762 2057 Θεῷ
1815 1984 1867 2038 τὲ

2049 1953 2140 2030 XI.
2185 1973 2243 2028 Si
2275 1973 2329 2029 in
2363 1973 2611 2044 ingenito
2655 1972 2766 2028 Deo
2796 1972 2978 2042 genita
3010 1973 3252 2038 soboles,
3293 1972 3442 2027 Velut
3474 1987 3563 2028 se-

266 2084 544 2156 γέννημα,
572 2086 720 2155 μετά
754 2085 853 2155 τὴν
892 2084 1148 2155 γέννησιν
1183 2081 1381 2147 ἔξωθεν
1415 2078 1759 2153 προσλαϐὼν.
1798 2077 1874 2140 ὡς

266 2178 336 2232 ἂν
378 2176 534 2230 εἴποι
567 2194 672 2240 τις,
721 2175 993 2247 ἠνδρώθη.
1044 2175 1263 2238 Τέλειος
1315 2170 1411 2227 οὖν
1449 2173 1597 2225 ἐστιν
1648 2172 1676 2223 ὁ
1723 2168 1872 2233 Υίὸς,

264 2270 367 2324 οὐκ
401 2267 471 2333 ἐξ
500 2262 576 2321 ὧν
607 2268 896 2339 ἐγεννήθη,
936 2266 1050 2321 ἀλλ’
1081 2266 1140 2334 ἐξ
1178 2261 1254 2321 ὦν
1284 2263 1609 2337 προσέλαϐε.
1646 2262 1729 2316 Τὰ
1760 2259 1873 2331 γὰρ

265 2362 619 2432 συγγενικῶς
673 2361 1185 2434 προσλαμϐάνοντα,
1237 2360 1312 2422 ὼς
1344 2358 1404 2423 ἐξ
1457 2356 1683 2410 ἐκείνων
1751 2370 1875 2407 συν-

262 2455 509 2519 εστῶτα,
539 2455 600 2508 τὸ
627 2454 724 2508 τοῦ
765 2449 973 2507 τελείου
1026 2453 1199 2524 ὄνομα
1245 2451 1519 2523 διαφόρως
1547 2445 1869 2521 προσίεσθαι

334 2753 441 2808 IB'.
486 2754 550 2807 Ei
582 2752 789 2806 τέλειον
821 2745 889 2823 ἦν
921 2752 1171 2822 γέννημα
1199 2751 1258 2803 ἐν
1281 2749 1583 2819 ἀγεννήτῳ,
1617 2742 1866 2815 γέννημά

263 2846 404 2907 ἐστι,
464 2844 560 2898 καὶ
604 2843 705 2897 οὐκ
753 2843 814 2907 ἐξ
861 2836 937 2896 ὧν
973 2844 1002 2896 ὁ
1048 2842 1342 2912 ἀγέννητος
1373 2840 1506 2894 αὐτὸ
1552 2838 1862 2908 ἐγέννησεν.

263 2935 543 3007 Γεννητὴν
577 2934 688 3007 γὰρ
720 2934 883 3004 φύσιν
905 2935 964 2987 ἐν
995 2934 1279 3005 ἀγεννήτῳ
1306 2933 1465 3003 οὐσίᾳ
1506 2931 1609 2985 οὐκ
1656 2929 1866 2999 ἐνδέχε-

261 3048 351 3087 ται
382 3025 533 3084 εἶναι
552 3042 566 3058 ·
608 3028 670 3082 τὸ
696 3027 807 3098 γὰρ
835 3026 967 3080 αὐτὸ
999 3022 1140 3080 εἷναί
1169 3026 1232 3079 τέ
1271 3028 1409 3090 ἐστι,
1441 3025 1537 3077 καὶ
1588 3022 1664 3095 μὴ
1701 3017 1861 3074 εἶναι.

264 3124 526 3193 Γέννημα
548 3122 657 3192 γὰρ
690 3120 992 3190 ἀγέννητον
1037 3119 1140 3172 οὐκ
1186 3117 1325 3185 ἔστι,
1357 3117 1453 3170 καὶ⁵
1476 3114 1775 3187 ¹ἀγέννητον
1807 3111 1867 3165 ὃν

1974 2068 2121 2123 mine
2179 2066 2440 2137 quodam,
2492 2064 2914 2125 continebatur,
2974 2072 3097 2134 post
3157 2064 3564 2135 generationem

1973 2160 2157 2230 aliqua
2186 2173 2244 2212 re
2282 2158 2632 2213 extrinsecus
2656 2164 2962 2227 assumpta,
3012 2156 3334 2210 conﬁrmata
3379 2170 3568 2211 corro-

1972 2252 2277 2320 horataque
2312 2250 2494 2304 fuerit.
2528 2249 2895 2316 Quamobrem
2923 2255 3030 2302 που
3065 2264 3131 2303 ex
3166 2250 3234 2304 iis
3261 2264 3384 2319 quae
3409 2264 3569 2319 gene-

1971 2343 2184 2397 ratione
2234 2340 2467 2395 sortitus
2514 2348 2621 2398 est.
2670 2341 2767 2395 sed
2821 2356 2889 2395 ex
2929 2341 3097 2411 926
3145 2340 3405 2395 ascititiis
3455 2340 3565 2393 illis

1976 2435 2143 2489 habet
2184 2431 2378 2497 Filius,
2414 2440 2473 2486 ut
2518 2430 2799 2502 perfectus
2847 2432 3243 2502 absolutusque
3295 2430 3389 2485 sit.
3430 2429 3565 2483 Nam

1981 2542 2327 2601 quaecunque
2374 2525 2704 2580 naturaliter
2760 2526 3133 2581 accessionem
3178 2525 3420 2594 aliquam
3466 2538 3564 2578 ca—

2047 2731 2164 2788 XII.
2208 2731 2266 2786 Si
2314 2728 2557 2801 perfecta
2584 2728 2640 2784 in
2672 2727 2921 2797 ingenito
2958 2727 3143 2798 genita
3178 2726 3395 2782 soboles
3422 2732 3567 2790 erat,

1973 2828 2157 2901 genita
2193 2823 2414 2881 soboles
2442 2829 2529 2877 est
2557 2837 2669 2876 non
2699 2838 2764 2876 ex
2802 2821 2892 2884 iis,
2918 2835 3042 2891 quae
3071 2835 3194 2874 cum
3229 2820 3299 2873 ab
3322 2816 3564 2889 ingenito

1971 2921 2288 2991 gigneretur
2323 2914 2590 2971 obtinuit.
2624 2912 2762 2967 Nam
2794 2912 2978 2984 genita
3009 2917 3205 2966 natura
3237 2912 3291 2965 in
3319 2907 3564 2981 ingenita

1972 3010 2285 3070 substantia
2314 3023 2438 3065 esse
2458 3022 2571 3062 non
2605 3014 2789 3077 potest
2815 3024 2830 3072 ;
2869 3015 3019 3061 esset
3043 3006 3190 3060 enim
3218 3002 3382 3059 simul
3419 3001 3563 3055 idem

1973 3119 2168 3164 etnon
2198 3111 2366 3160 esset.
2418 3099 2556 3155 Nam
2603 3099 2751 3170 quod
2799 3098 3049 3169 genitum
3096 3102 3202 3161 est,
3261 3091 3561 3162 ingenitum

263 3183 524 3287 γέννημα
547 3183 650 3268 ea;
676 3183 768 3285 ἦν,
798 3183 895 3266 τοῦ
923 3211 1179 3284 ἀνομοίου
1201 3183 1402 3283 μέρους
1417 3184 1513 3263 ἐπὶ
1532 3183 1677 3263 Θεοῦ
1698 3206 1863 3278 βλασ-

1990 3216 2089 3255 non
2118 3206 2225 3263 est,
2253 3206 2309 3252 et
2343 3194 2491 3265 quod
2522 3193 2826 3265 ingenitum
2868 3198 2976 3255 est,
3018 3189 3260 3260 genitum
3292 3201 3402 3241 non
3438 3183 3563 3238 fuit.

265 3311 488 3383 φημίας
519 3308 690 3364 τύπον
719 3309 813 3362 καὶ
845 3306 1004 3379 ὓϐριν
1036 3305 1351 3376 ἐπέχοντος.

335 3579 444 3632 II".
484 3577 550 3631 Ei
581 3576 876 3646 ἀγεννήτου
907 3573 1121 3644 φύσεως
1150 3562 1413 3644 ὑπάρχων
1442 3572 1470 3624 ὁ
1496 3569 1630 3633 Θεὸς
1659 3570 1688 3622 ὁ
1724 3584 1864 3621 παν-

267 3670 582 3744 ωκράτωρ,
627 3668 895 3741 γεννητῆς
928 3667 1163 3743 φύσεως
1189 3666 1289 3718 οὐκ
1318 3662 1458 3717 οἶδεν
1502 3662 1714 3727 ἐαυτὸν,
1748 3662 1776 3713 ὁ
1807 3658 1864 3712 δὲ

269 3761 425 3827 Υἱὸς,
478 3759 744 3830 γεννητῆς
791 3756 1007 3826 φύσεως
1056 3755 1351 3825 ὑπάρχων,
1404 3751 1565 3805 τοῦτο
1606 3747 1865 3819 γινώσκει

270 3854 489 3917 ἑαυτὸν,
517 3855 655 3924 ὅπερ
683 3849 821 3904 ἐστί·
857 3848 975 3912 πῶς
1002 3848 1102 3901 οὐκ
1131 3847 1197 3901 ἀν
1227 3844 1315 3915 εἴη
1331 3845 1391 3898 τὸ
1410 3843 1698 3915 ὁμοούσιον
1729 3838 1866 3909 ψεῦ-

269 3950 380 4013 δος,
412 3945 508 4000 τοῦ
561 3945 658 4017 μὲν
700 3941 1061 4012 γινώσκοντος
1093 3938 1285 3993 ἑαυτὸν
1329 3938 1644 4008 ἀγέννητον,
1677 3934 1772 3987 τοῦ
1809 3932 1867 3986 δὲ

270 4038 537 4110 γεννητόν
561 4055 577 4105 ;
1332 4085 1335 4089 4

346 4140 452 4191 1Δ’.
495 4136 557 4188 Εἰ
600 4134 675 4206 μὴ
721 4133 782 4187 τὺ
812 4132 1109 4203 ἀγέννητον
1140 4130 1239 4201 τὴν
1273 4126 1573 4181 ὑπόστασιν
1599 4124 1692 4178 τοῦ
1731 4122 1868 4177 Θεοῦ

274 4230 652 4301 παρίστησιν,
730 4225 847 4281 ἀλλ’
905 4224 1150 4286 ἐπινοίας
1205 4221 1354 4273 ἐστὶν
1407 4216 1755 4288 ἀνθρωπίνης
1810 4216 1870 4268 τὸ

275 4324 615 4394 ἀσύγκριτον
647 4318 836 4388 ὄνομα,
878 4317 1040 4389 χάριν
1085 4316 1201 4378 τοῖς
1238 4312 1560 4384 ἐπινοήσασι
1610 4306 1870 4377 γινώσκει

278 4418 308 4470 ὁ
348 4415 510 4477 Θεὸς,
559 4412 649 4466 διὰ
692 4411 794 4482 τὴν
842 4410 1139 4478 ἀγέννητον
1180 4404 1423 4458 ἐπίνοιαν
1463 4402 1563 4473 τὴν
1598 4397 1871 4470 ὑπεροχὴν

277 4505 373 4563 τοῦ
405 4506 671 4576 ὀνόματος
703 4503 765 4558 οὐ
785 4502 967 4573 φέρων
1001 4503 1060 4554 ἐν
1087 4497 1265 4569 οὐσίᾳ.

350 4690 457 4742 IE’.
499 4689 564 4741 El.
611 4685 811 4751 ἔξωθεν
839 4684 1224 4755 ἐπιθεωρεῖται
1266 4680 1345 4752 τῷ
1391 4675 1510 4747 Θεῷ
1556 4672 1871 4741 ἀγέννητον,

281 4786 331 4838 οι
380 4780 858 4850 ἐπιθεωρήσαντες
890 4776 984 4829 τοῦ
1039 4769 1506 4844 ἐπιθεωρηθέντος
1539 4765 1675 4817 εἰσὶν
1718 4758 1875 4850 ἀμεί-

284 4891 446 4937 νους,
502 4846 750 4941 κρεῖττον
811 4866 982 4937 ὄνομα
1031 4864 1129 4934 τῆς
1182 4861 1399 4932 φύσεως
1448 4854 1598 4926 αύτῷ
1649 4846 1876 4920 πορισά-

289 4983 461 5037 μενοι.

362 5059 458 5124 ις’
538 5056 600 5109 EI
654 5054 730 5125 μὴ
784 5050 911 5124 εἴκῃ
967 5050 1001 5119 ἡ
1066 5046 1361 5115 ἁγέννητος
1423 5038 1585 5109 φύσις
1642 5034 1875 5103 γενέσει,

287 5149 433 5201 τοῦτ’
465 5147 614 5199 ἔστιν
642 5146 670 5198 ὃ
694 5144 930 5212 λέγεται.
967 5141 1031 5194 Εἰ
1056 5138 1114 5191 δὲ
1148 5138 1270 5207 είκῃ
1292 5133 1524 5202 γενέσει,
1562 5128 1630 5182 τά
1660 5127 1760 5195 τῆς
1787 5141 1879 5192 γε-

291 5242 492 5303 νέσεως
524 5236 674 5307 πάθη
705 5237 802 5306 τῆς
827 5231 1178 5292 ὑποστάσεως
1203 5227 1300 5282 τοῦ
1341 5221 1475 5279 Θεοῦ
1521 5222 1604 5291 εἴη
1633 5219 1875 5288 ἄμεινον.

366 5416 463 5469 1Ζ’.
506 5414 565 5467 Ei
640 5411 699 5465 τὸ
748 5410 997 5479 γέννημα
1050 5405 1318 5475 ἄτρεπτον
1366 5399 1465 5470 τὴν
1520 5396 1682 5466 φύσιν
1738 5392 1875 5453 ἐστὶ,

292 5506 384 5562 διὰ
412 5506 501 5558 τὸν
525 5497 974 5574 γεννήσαντα,,τὸ
1015 5496 1307 5565 ἀγέννητον
1336 5490 1495 5545 ούσία
1539 5488 1685 5542 ἐστὶν
1720 5483 1878 5553 ἄτρε-

297 5617 452 5663 πτος,
481 5598 543 5651 οὐ
582 5596 671 5650 διὰ
714 5593 965 5664 γνώμην,
999 5588 1137 5643 ἀλλὰ
1160 5587 1247 5640 διὰ
1278 5584 1338 5638 τὸ
1364 5585 1437 5645 ἐν,
1456 5577 1877 5650 ούνσίᾳάξίωμα.

314 5898 317 5900 >
377 5866 479 5922 IIl'.
522 5867 585 5920 Εἰ
622 5865 678 5920 τὸ
733 5863 1029 5932 ἀγέννητον
1077 5858 1265 5920 οὐσίας
1308 5857 1423 5910 ἐστι
1463 5853 1779 5925 δηλωτικὸν,
1810 5854 1881 5905 εἰς

1970 3292 2190 3363 Quippe
2232 3286 2561 3346 dissimilem
2608 3284 2848 3353 aliquam
2902 3282 3012 3338 Deo
3044 3288 3254 3352 partem
3287 3277 3563 3347 aliingere,

1963 3380 2240 3440 maledicti
2271 3381 2328 3434 in
2376 3377 2621 3433 divinum
2672 3373 2885 3429 Numen
2934 3386 2999 3428 ac
3046 3369 3393 3426 contumeliae
3441 3382 3567 3439 spe-

1963 3476 2111 3533 ciem
2145 3471 2391 3543 praefert.

2037 3565 2181 3621 illi.
2237 3564 2294 3618 Si
2346 3563 2589 3633 ingenita
2640 3567 2836 3615 natura
2881 3548 3142 3627 praeditus
3195 3551 3340 3609 Deus
3385 3549 3566 3607 omni-

1964 3666 2161 3731 potens
2210 3656 2409 3728 genita:
2469 3662 2685 3710 naturae
2735 3648 3111 3705 conditionem
3172 3646 3227 3699 in
3280 3658 3403 3699 sese
3452 3655 3566 3698 non

1965 3748 2255 3821 agnoscit;
2290 3748 2463 3804 Filius
2494 3762 2646 3812 vero,
2700 3746 2941 3817 genitam
3004 3749 3262 3795 naturam
3319 3736 3557 3799 habens,

1968 3838 2247 3911 ejusmodi
2280 3853 2361 3903 se,
2392 3838 2576 3909 qualis
2603 3845 2710 3902 est,
2755 3832 3027 3905 agnoscit,
3079 3844 3265 3886 nonne
3308 3834 3427 3882 tota
3472 3825 3567 3879 illa

1968 3931 2463 3989 consubstantialis
2512 3931 2657 3985 ratio
2709 3926 2947 3981 mendax
2996 3933 3082 3979 est
3111 3937 3176 3976 ac
3232 3920 3395 3980 falsa,
3439 3931 3567 3972 cum

1968 4028 2106 4083 alter
2136 4026 2438 4095 ingenitum
2474 4038 2617 4087 sese,
2655 4020 2902 4090 genitum
2936 4016 3076 4069 alter
3106 4010 3425 4084 agnoscat?

2047 4116 2189 4176 XlV.
2236 4100 2575 4184 Siingeniti
2626 4126 2731 4165 vox
2775 4108 2870 4163 Dei
2925 4103 3293 4163 substantiam
3342 4099 3568 4153 minime

1974 4206 2288 4279 signiﬁcat,
2325 4204 2423 4259 sed
2458 4198 2892 4269 incomparabile
2940 4195 3077 4251 illud
3128 4206 3327 4247 nomen
3360 4190 3430 4243 ab
3466 4188 3567 4242 hu-

1972 4298 2151 4354 manis
2200 4295 2437 4368 ingeniis
2484 4291 2853 4361 excogitatum
2912 4295 3031 4349 est,
3087 4284 3240 4339 Deus
3295 4281 3366 4336 ob
3417 4279 3568 4335 istud

1973 4391 2157 4461 ipsum
2189 4386 2417 4458 ingeniti
2442 4390 2816 4439 commentum
2851 4378 2945 4445 iis,
2974 4368 3068 4448 qui
3097 4373 3420 4446 repererint,
3446 4385 3570 4441 gra-

1976 4482 2066 4536 tiae
2105 4478 2321 4535 debitor
2350 4483 2457 4542 est,
2520 4489 2647 4531 cum
2694 4479 2851 4527 tanto
2893 4468 3098 4525 nomini
3148 4463 3568 4536 respondentem

1904 4561 1947 4615 D
1974 4571 2357 4630 excellentiam
2389 4569 2446 4622 in
2483 4567 2726 4623 essentia
2757 4579 2858 4618 sua
2889 4577 2997 4617 non
3034 4560 3255 4615 habent.

2047 4663 2164 4719 XV.
2209 4663 2268 4718 Si
2313 4660 2540 4733 ingeniti
2584 4657 2831 4714 conditio
2868 4654 2977 4710 Deo
3006 4653 3362 4709 extrinsecus
3406 4646 3566 4701 anin-

1978 4760 2149 4829 gitur,
2181 4757 2274 4828 qui
2323 4756 2590 4824 alﬁngunt
2619 4752 2670 4806 ei
2704 4750 2832 4820 ipsi,
2870 4750 2959 4803 cui
2994 4746 3288 4815 aﬂingitur,
3323 4740 3567 4797 anteccl-

1981 4852 2120 4913 lunt,
2171 4864 2297 4904 cum
2351 4844 2726 4916 praestantius,
2770 4856 2935 4913 quam
2984 4848 3180 4894 natura
3211 4837 3475 4907 patiatur,
3517 4832 3567 4886 ci

1980 4955 2181 4994 nomen
2215 4938 2543 4992 attribuant.

2054 5027 2192 5084 XVI.
2236 5027 2294 5081 Si
2328 5026 2571 5097 ingenita
2609 5031 2809 5076 natura
2852 5012 3192 5089 generationi
3224 5008 3453 5073 minime
3480 5018 3568 5058 cc-

1980 5124 2078 5186 dit,
2102 5094 2570 5186 ’habemus,vquod
2600 5113 2876 5167 volumus.
2910 5106 3006 5161 Sin
3028 5097 3366 5177 generationi
3385 5094 3565 5154 cedat,

1980 5210 2356 5284 generationis
2419 5205 2743 5261 atiectioncs
2791 5198 2994 5253 divinae
3046 5186 3371 5247 substantia:
3424 5196 3566 5253 pra:-

1981 5313 2060 5357 sta
2070 5302 2224 5354 bunt.

2052 5389 2215 5445 XVII.
2261 5389 2316 5442 Si
2344 5388 2529 5459 genita
2587 5385 2806 5441 sobolcs
2856 5387 3053 5435 natura
3096 5375 3166 5429 ob
3215 5375 3565 5441 generantem

1985 5482 2341 5537 immutabilis
2391 5490 2512 5543 est,
2564 5477 2710 5547 quod
2764 5472 3065 5542 ingenitum
3116 5473 3223 5529 est,
3261 5460 3567 5517 substantia

1976 5575 2235 5646 ,qutcdam
2270 5571 2628 5639 immutabilis
2662 5578 2767 5629 cst,
2807 5580 2917 5619 non
2956 5559 3212 5620 arbitrio,
3256 5562 3350 5608 aut
3380 5552 3569 5608 volun-

1970 5644 2539 5737 .tatc’cujusquam,‘
2587 5663 2681 5735 sed
2740 5658 2905 5719 insita
2959 5652 3195 5724 quadam
3250 5644 3571 5716 substantia:

1990 5759 2272 5828 dignitate.

2061 5847 2239 5904 XVlli.
2314 5846 2369 5900 Si
2425 5842 2653 5915 ingeniti
2707 5857 2809 5895 vox
2870 5837 3229 5895 substantiam
3288 5826 3565 5901 exprimit,
