3990 6228
399 397 502 459 559

1793 395 1850 452 S.
1894 394 2238 453 EPIPHANII

3566 399 3670 454 SIO

396 511 594 566 merito
623 510 692 564 ab
725 508 892 578 geniti
939 507 1253 563 substantia
1301 509 1450 562 velut
1493 509 1798 564 membrum
1844 513 1980 566 divi-

2117 513 2258 576 ιὸτως
2288 510 2426 582 πρὸς
2460 511 2558 584 τὴν
2589 510 2681 565 τοῦ
2719 512 3055 582 γεννήματος
3081 511 3272 564 οὐσίαν
3304 511 3676 565 ἀντιδιαστέλ-

397 602 573 658 sionis
605 601 917 671 oppositum
943 602 1304 656 discernitur.
1351 600 1448 654 Sin
1477 612 1660 655 autem
1690 603 1821 656 nihil
1861 621 1978 658 om-

398 695 530 749 nino
586 693 917 747 vocabulum
974 693 1108 747 illud
1159 695 1386 763 ingeniti
1445 694 1746 764 significat,
1809 698 1980 752 multo

2083 605 2252 656 λεται.
2306 603 2369 655 Εἰ
2406 602 2463 655 δὲ
2512 602 2677 673 μηδὲν
2706 600 2962 672 σημαίνει
3010 600 3072 653 τὸ
3120 599 3442 669 ἀγέννητον.
3491 597 3674 669 πολλῷ

2085 695 2284 765 μᾶλλον
2311 694 2464 747 οὐδὲν
2493 693 2645 765 δηλοῖ
2665 692 2727 746 τὺ
2752 692 3018 764 γέννημα.
3059 691 3264 763 Μηδενὶ
3305 690 3474 761 μηδὲν
3504 691 3522 720 ι
3557 689 3673 754 πῶς

399 787 583 840 minus
630 785 796 854 geniti
855 801 956 839 vox
1011 787 1220 855 aliquid
1272 787 1572 857 exprimit.
1604 785 1750 841 Nihil
1795 799 1978 844 autem

2120 784 2517 869 ντιδιασταλείη
2536 801 2551 848 ;

397 877 680 946 quomodo
717 876 887 930 nihilo
917 876 972 929 in
1004 876 1274 931 divisione
1300 877 1700 946 respondebit?
1922 921 1928 942 ,

471 968 616 1022 XIX.
659 967 816 1034 Quod
864 967 910 1022 si
965 969 1081 1048 ipsa
1122 969 1347 1039 ingeniti
1403 969 1779 1039 pronuntiatio
1813 969 1978 1040 927

2145 968 2253 1023 18'.
2286 969 2348 1022 El
2379 968 2440 1022 δὲ
2483 968 2517 1039 ἡ
2567 968 2860 1038 ἀγέννητος
2890 965 3135 1036 προφορά
3169 964 3306 1036 πρὸς
3341 967 3442 1034 τὴν
3480 980 3677 1034 γεννη-

401 1057 840 1128 pronuntiationi
890 1059 1058 1128 geniti
1109 1059 1442 1128 opponitur,
1496 1073 1620 1112 cum
1680 1060 1978 1113 secundum

2117 1059 2182 1131 ὴν
2213 1058 2492 1130 προφορὰν
2523 1057 3036 1120 ἀντιδιαστέλλεται,
3071 1056 3282 1126 σιωπῆς
3324 1056 3426 1124 τὴν
3469 1055 3679 1122 ὑποφο-

401 1147 910 1217 pronuntiationem
961 1149 1240 1204 silentium
1297 1151 1684 1219 subsequatur,
1716 1149 1986 1206 Christia-

406 1254 602 1293 norum
655 1254 780 1308 spes
824 1239 1267 1306 modo'exsistet,
1318 1241 1480 1296 modo
1505 1258 1629 1298 esse
1662 1242 1899 1307 desinet,
1929 1244 1984 1298 in

403 1328 621 1386 diversa
649 1332 1094 1400 pronuntiatione
1125 1333 1297 1402 posita
1323 1349 1338 1399 ;
1375 1349 1482 1387 non
1513 1333 1564 1388 in
1596 1335 1834 1399 naturis,
1867 1350 1988 1405 quae

406 1422 483 1475 ita
529 1437 650 1477 sese
698 1422 964 1487 habeant,
1015 1424 1474 1492 quemadmodum
1530 1425 1815 1482 nominum
1869 1428 1988 1498 ipsa

404 1513 736 1585 signiﬁcatio
765 1515 1026 1570 declarat.

480 1604 594 1658 XX.
642 1604 1033 1676 Si-ingenitnm
1076 1607 1209 1662 nihil
1254 1609 1322 1664 ad
1376 1610 1700 1667 substantia:
1751 1613 1990 1684 dignita-

407 1702 516 1748 tem
569 1696 806 1765 amplius
851 1698 1084 1762 confert,
1133 1713 1296 1768 quam
1329 1700 1594 1768 genitum,
1647 1699 1821 1756 Filius
1870 1703 1988 1758 sola

408 1787 662 1840 vocabuli
717 1789 1160 1856 pronuntiatione
1224 1799 1515 1859 superatus
1573 1795 1989 1862 praastantiores

2088 1151 2189 1223 ράν
2238 1150 2644 1221 διαδεχομένης,
2699 1148 2947 1218 γίνεσθαι
3003 1148 3291 1218 συμϐαίνει
3335 1149 3430 1201 καὶ
3479 1145 3676 1214 ἀπογί-

2086 1243 2270 1298 νεσθαι
2318 1242 2416 1314 τὴν
2473 1241 2581 1296 τῶν
2643 1239 2979 1312 Χριστιανῶν
3034 1239 3254 1303 ἐλπίδα,
3315 1240 3375 1291 ὲν
3432 1238 3682 1309 διαφόρῳ

2088 1337 2340 1408 προφορᾷ
2370 1335 2651 1406 κειμένην,
2687 1333 2800 1387 ἀλλ’
2821 1333 2921 1386 οὐκ
2952 1333 3012 1385 ὲν
3053 1331 3278 1401 φύσεσιν
3309 1329 3485 1394 οὕτως
3523 1329 3678 1399 ἑχού-

2091 1442 2230 1490 σαις,
2262 1426 2338 1489 ὡς
2373 1426 2406 1496 ἡ
2437 1423 2547 1478 τῶν
2577 1423 2856 1494 ὀνομάτων
2890 1421 3137 1492 βούλεται
3178 1421 3446 1491 σημασία.

2159 1599 2244 1655 K'.
2286 1599 2348 1653 EI
2382 1599 2547 1671 μηδὲν
2581 1597 2743 1651 πλέον
2773 1595 2926 1668 νέμει
2953 1598 3033 1661 εἰς
3069 1594 3344 1667 ὑπεροχὴν
3387 1594 3579 1658 οὐσίας
3617 1593 3680 1649 τὸ

2090 1689 2382 1760 ἀγέννητον
2426 1689 2564 1759 πρὸς
2599 1688 2661 1740 τὸ
2695 1687 2940 1758 γέννημα
2961 1727 2976 1748 ,
3018 1687 3270 1757 προφορᾷ
3302 1685 3462 1755 μόνον
3503 1687 3680 1755 ὑπερ⁴

2093 1778 2350 1849 εχόμενος
2373 1778 2565 1842 ὁΥίὸς,
2584 1777 2829 1847 βελτίους
2854 1775 3048 1830 ἑαυτοῦ
3070 1775 3339 1845 γνώσεται
3356 1777 3483 1839 τοὺς
3511 1793 3681 1845 προς-

406 1892 529 1931 scse
566 1879 906 1948 appellantes
934 1879 1083 1949 ipsos
1113 1893 1371 1950 agnoscet
1399 1900 1414 1949 ;
1453 1897 1561 1937 non
1593 1899 1740 1948 eum,
1777 1886 1870 1956 qui
1904 1888 1989 1958 ip-

2117 1869 2518 1941 ιγορεύσαντας,
2553 1870 2614 1922 οὐ
2655 1869 2745 1922 τὸν
2788 1868 3302 1941 προσαγορευθέντα
3348 1869 3480 1922 Θεὸν
3509 1867 3682 1922 αὐτοῦ

406 1967 524 2022 sius
560 1968 700 2023 Deus
731 1972 1054 2040 appellatur,
1082 1981 1134 2025 ct
1167 1971 1348 2026 Pater.

479 2059 620 2114 XXI.
667 2060 722 2114 Si
753 2062 991 2133 ingenita
1033 2064 1340 2118 substantia
1373 2066 1714 2134 generationi
1747 2077 1989 2138 praestat,

414 2150 636 2206 insitam
665 2153 716 2206 in
746 2170 867 2208 sese
905 2155 1113 2208 habens
1144 2156 1547 2220 excellentiam,
1580 2167 1772 2228 suapte
1801 2167 1995 2216 natura

410 2239 652 2309 ingenita
698 2251 782 2295 est
837 2243 1162 2297 substantia.
1221 2244 1408 2313 Neque
1457 2245 1600 2298 enim
1649 2249 1735 2302 cui
1775 2247 1990 2303 libitum

406 2334 514 2394 est,
544 2343 642 2396 pro
665 2343 730 2383 eo
761 2329 905 2399 quod
946 2331 1158 2384 libitum
1186 2339 1291 2395 est,
1321 2333 1658 2401 generationi
1686 2335 1988 2398 antecellit,

407 2417 504 2471 sed
554 2418 700 2487 quod
747 2420 819 2473 ita
871 2429 1065 2474 natura
1107 2434 1456 2491 comparatus
1504 2429 1609 2477 est.
1635 2421 1817 2488 Quare
1865 2438 1992 2477 cum

409 2506 555 2562 Deus
579 2523 677 2578 per
703 2525 827 2564 sese
858 2511 1100 2581 ingenita
1132 2512 1203 2567 sit
1239 2513 1569 2577 substantia,
1614 2514 1813 2567 rationi
1859 2514 1995 2568 nulli

411 2601 697 2670 permittit,
729 2603 832 2657 sibi
863 2612 921 2656 ut
953 2605 1359 2672 generationem
1389 2605 1607 2674 allingat
1633 2622 1646 2671 ;
1691 2606 1787 2661 sed
1815 2608 1990 2677 inqui-

410 2692 664 2748 sitionem
691 2709 908 2749 omnem
952 2712 1016 2749 ae
1073 2698 1548 2752 ratiocinationem
1575 2699 1642 2754 ad
1671 2715 1757 2755 res
1789 2703 1998 2772 genitas

413 2785 671 2840 amandat
696 2801 759 2840 ac
787 2787 984 2856 rejicit.

483 2873 648 2934 XXII.
691 2876 748 2930 Si
779 2879 1000 2947 ingeniti
1037 2895 1138 2934 vox
1178 2881 1536 2950 privationem
1567 2883 1621 2937 in
1653 2883 1762 2939 Deo
1787 2885 1998 2956 signiﬁ—

409 2979 522 3035 cat,
571 2985 750 3040 neque
793 2971 1090 3041 quidquam
1124 2973 1352 3030 omnino
1389 2974 1461 3028 sit
1497 2974 1821 3045 ingenitum,
1851 2993 2000 3048 quaa-

411 3077 539 3115 nam
582 3065 723 3116 ratio
767 3065 833 3117 ab
872 3079 960 3130 eo,
1005 3065 1153 3134 quod
1183 3080 1289 3118 non
1339 3073 1455 3129 est,
1505 3068 1641 3121 nihil
1695 3068 1870 3138 possit
1897 3085 1997 3124 au-

2097 1961 2188 2013 καὶ
2220 1959 2461 2031 Πατέρα.

2169 2053 2302 2106 KA'.
2343 2053 2406 2105 Εἰ
2447 2052 2482 2122 ἡ
2528 2051 2824 2121 ἀγέννητος
2856 2051 3012 2104 οὐσία
3059 2051 3329 2122 κρείττων
3373 2051 3491 2104 ἐστὶ
3521 2052 3682 2120 γενέ-

2098 2159 2254 2208 σεως,
2285 2143 2496 2196 οἴκοθεν
2526 2142 2725 2212 ἔχουσα
2760 2142 2822 2195 τδ
2864 2146 3111 2213 κρεῖττον
3135 2144 3288 2206 αὐτὸ,
3327 2143 3486 2196 οὐσία
3531 2145 3683 2197 ἐστὶν

2096 2233 2407 2303 ἀγέννητος.
2440 2233 2515 2286 Οὐ
2549 2234 2660 2304 γὰρ
2690 2232 3039 2303 βουλόμενος,
3081 2234 3163 2286 ὅτι
3201 2233 3485 2303 βούλεται,
3531 2235 3684 2302 γενέ-

2099 2323 2236 2387 σεώς
2281 2325 2396 2376 ἐστι
2448 2324 2752 2396 κρείττων,
2798 2324 2914 2377 ἀλλ’
2953 2324 3035 2376 ὅτι
3085 2323 3345 2394 πέφυκεν.
3392 2327 3535 2378 Αὐτὸ
3589 2326 3686 2380 οὖν

2098 2416 2421 2487 ὑπάρχουσα
2475 2416 2634 2469 οὐσία
2685 2417 2980 2488 ἀγέννητος
3025 2419 3054 2470 ὁ
3100 2417 3233 2480 Θεὸς
3255 2457 3270 2482 ,
3310 2417 3490 2470 οὐδενὶ
3539 2418 3684 2488 λόγῳ

2098 2511 2385 2582 ἐπιτρέπει
2434 2513 2555 2565 καθ’
2605 2512 2804 2583 ἑαυτῆς
2852 2513 3068 2581 γένεσιν
3110 2512 3423 2582 ἐπινοῆσαι,
3468 2511 3686 2565 ὠθοῦσα

2099 2606 2358 2676 φέρεσθαι
2411 2605 2552 2659 κατά
2594 2604 2704 2658 τῶν
2739 2605 3012 2677 γεννητῶν
3052 2607 3232 2659 πᾶσαν
3296 2605 3547 2673 ἐξέτασιν
3591 2605 3686 2658 καὶ

2100 2699 2284 2754 πάντα
2312 2698 2594 2768 λογισμόν.

2170 2885 2300 2939 ΚΒ’.
2337 2885 2400 2937 EI
2442 2881 2754 2954 στερήσεώς
2802 2883 2920 2936 ἔστι
2961 2882 3259 2952 δηλωτικὸν
3302 2883 3398 2938 ἐπὶ
3445 2882 3586 2938 Θεοῦ
3624 2883 3686 2936 τὸ

2099 2977 2413 3047 ἀγέννητον,
2453 2975 2620 3045 μηδὲν
2653 2973 2710 3026 δὲ
2740 2974 2825 3043 εἴη
2861 2973 2923 3026 τὸ
2965 2975 3258 3045 ἀγέννητον
3279 2991 3294 3004 ’
3344 2977 3497 3037 ποῖος
3528 2973 3686 3043 λόγος

2099 3067 2167 3120 ἀν
2205 3065 2520 3137 ἀιιςαιρέσειε
2565 3064 2660 3118 τοῦ
2702 3064 2778 3134 μὴ
2811 3064 2965 3128 ὄντος
3010 3065 3216 3136 μηδέν;
3260 3067 3322 3118 Εἰ
3375 3066 3433 3120 δὲ
3473 3066 3532 3119 ὃν
3586 3084 3686 3136 ση-

413 3152 597 3207 ferre?
633 3153 729 3208 Sin
772 3155 1043 3209 exsistens
1083 3156 1367 3226 quidpiam
1413 3165 1607 3222 sonat,
1649 3161 1774 3229 quis
1817 3159 1886 3214 ab
1929 3175 1994 3215 eo

2117 3157 2314 3221 ιαίνει,
2359 3156 2444 3218 τίς
2492 3154 2558 3209 ἂν
2595 3155 2865 3226 χωρήσειε
2899 3155 3054 3219 ὄντος
3089 3157 3228 3227 ὅπερ
3257 3157 3408 3209 ἐστὶν
3448 3159 3585 3210 αὐτό
3621 3175 3684 3228 γε

413 3243 561 3313 quod
610 3252 718 3311 est,
767 3244 1006 3314 idipsum
1051 3247 1198 3316 quod
1226 3256 1333 3315 est,
1384 3248 1491 3305 hoc
1525 3257 1612 3305 est
1648 3251 1834 3321 ipsum
1859 3267 1891 3308 a
1921 3269 2001 3310 so-

416 3337 651 3405 metipso
679 3347 929 3392 secernat
947 3339 971 3392 ?
1704 3407 1714 3417 ἡ

488 3425 680 3484 XXIII.
721 3427 858 3482 Cum
913 3430 1248 3499 privationes
1278 3432 1584 3490 ablationes
1616 3435 1726 3490 sint
1760 3435 2000 3493 affectio-

417 3535 571 3582 num,
623 3520 767 3590 quod
825 3522 878 3575 in
926 3522 1037 3578 Deo
1067 3533 1152 3578 est
1183 3524 1509 3596 ingenitum,
1560 3529 1643 3584 vel
1698 3529 2002 3588 aﬂ’eetionis

418 3611 650 3681 privatio
689 3621 794 3679 est,
835 3615 921 3670 vel
960 3615 1176 3672 affectio
1215 3619 1506 3688 privationi
1541 3623 1837 3678 contraria.
1897 3623 2000 3694 Igi-

418 3713 511 3757 tur
544 3704 590 3760 si
623 3705 929 3762 alIectionis
977 3708 1211 3778 privatio
1263 3719 1370 3775 est,
1427 3713 1701 3781 quomodo
1749 3713 1803 3770 id
1854 3715 2000 3786 quod

418 3812 530 3852 non
555 3799 701 3854 inest
723 3797 836 3856 Deo
867 3807 1128 3870 tanquam
1163 3801 1295 3857 insit
1317 3789 1580 3858 tribuitur
1607 3805 1631 3858 ?

485 3889 680 3945 XXIV.
721 3893 791 3946 At
826 3891 872 3946 si
900 3890 1118 3947 all‘ectio
1145 3895 1394 3964 quaedam
1424 3904 1510 3952 est
1536 3896 1862 3968 ingenitum,
1901 3915 1997 3971 ge-

417 3983 587 4038 nitam
623 3983 991 4040 substantiam
1043 3986 1310 4044 exsistere
1353 3997 1502 4052 ante,
1554 4004 1619 4045 ac
1670 3993 1817 4046 velut
1870 3994 2000 4049 sub-

417 4073 586 4128 sterni
627 4089 853 4130 necesse
897 4083 1002 4139 est,
1054 4085 1114 4132 ut
1160 4077 1447 4135 affectione
1480 4079 1570 4134 illa
1602 4081 1669 4137 ad
1696 4097 1816 4138 eam
1848 4099 2004 4140 accc-

417 4165 600 4230 dente,
627 4165 864 4236 ingenita
892 4168 1222 4226 nominetur.

489 4253 656 4309 XXV.
701 4254 758 4308 Si
786 4271 916 4311 vero
963 4257 1146 4327 genita
1197 4258 1513 4316 substantia
1548 4259 1806 4331 ingenitae
1829 4263 2004 4332 parti-

416 4361 549 4416 ceps
611 4346 734 4412 fuit,
794 4347 1100 4405 aﬂ'ectlonis
1146 4350 1364 4420 jactura
1427 4352 1567 4407 facta
1633 4355 2002 4411 conditionem

418 4440 604 4495 amisit
654 4441 902 4511 ingeniti.
955 4442 1136 4507 Quare
1183 4445 1493 4500 substantia
1544 4447 1764 4516 quidem
1820 4450 2002 4520 genita

420 4530 605 4594 fuerit,
634 4531 936 4603 ingenitum
973 4542 1152 4590 autem
1183 4535 1418 4591 affectio.

488 4620 680 4676 XXVI.
720 4624 876 4688 Quod
911 4626 957 4681 si
990 4627 1170 4696 genita
1217 4629 1434 4683 soboles
1481 4629 1780 4684 transitum
1813 4646 2004 4700 quem-

418 4713 542 4768 dam
578 4715 871 4784 signilicat,
922 4733 1032 4771 non
1077 4718 1305 4774 dubium
1349 4726 1432 4774 est
1469 4719 1815 4775 aﬂ‘ectionem
1865 4722 2005 4778 indi-

417 4821 546 4862 care
581 4814 811 4874 certam,
869 4808 983 4864 sive
1013 4809 1263 4879 lquadam
1291 4825 1322 4864 e
1352 4811 1660 4866 substantia
1705 4813 2005 4869 mutatione

417 4899 762 4954 conformata
806 4899 899 4968 sit,
934 4900 1052 4957 sive
1081 4901 1186 4957 hoc
1222 4903 1397 4973 ipsum
1431 4911 1517 4959 est
1549 4905 1729 4975 genita
1761 4907 2000 4973 soboles,

416 4991 561 5060 qum!
593 4991 828 5046 dicitur.‘

492 5081 700 5138 XXVII.
748 5082 806 5139 Si
831 5091 941 5138 tam
969 5083 1295 5155 ingenitum,
1323 5099 1485 5156 quam
1515 5087 1754 5157 genitura
1791 5087 2006 5144 aﬂ‘ectio

419 5175 527 5240 sit;
563 5176 886 5232 substantiae
914 5176 1135 5247 quidem
1171 5161 1551 5234 affectionibus
1585 5180 1840 5250 priores;
1874 5182 2004 5238 alle-

417 5266 630 5321 etiones
661 5282 823 5337 porro
849 5267 1018 5338 928
1061 5277 1119 5322 ut
1156 5267 1480 5325 substantiis
1527 5273 1882 5340 posteriores,
1923 5273 2006 5328 sic

421 5357 612 5412 iisdem
647 5360 1036 5429 anteponenda:
1070 5358 1291 5415 fuerint.

497 5449 733 5505 XXVIII.
785 5451 842 5506 Si
900 5453 1202 5524 ingenitum
1248 5453 1415 5524 geniti
1465 5467 1634 5509 causa
1685 5462 1788 5518 est,
1841 5455 2003 5524 eique

425 5539 638 5593 confert
687 5549 743 5592 ut
788 5541 1056 5605 exsistat;
1101 5543 1344 5612 genitum
1382 5558 1512 5596 vero
1556 5558 1778 5598 causam
1828 5544 2001 5614 ipsam

427 5627 748 5684 substantia:
793 5645 905 5684 sua:
950 5632 1168 5685 notione
1201 5630 1696 5701 comprehenderis,
1746 5631 2004 5686 substan-

501 5785 517 5818 ¹
547 5781 613 5842 F.
651 5783 840 5854 μηδενὶ
859 5784 914 5838 δὲ
941 5785 1126 5856 μηδὲν.
1206 5789 1224 5819 ²
1264 5783 1397 5842 Vide
1421 5786 1558 5841 infra
1596 5787 1647 5841 in
1676 5784 1910 5842 liclutat.
1947 5787 2036 5838 “ll.

2103 3246 2269 3301 αὐτοῦ
2291 3264 2307 3313 ;

2173 3425 2298 3478 KI".
2343 3425 2407 3479 Εί
2454 3425 2510 3477 αἱ
2544 3425 2828 3497 στερήσεις
2869 3422 3036 3490 ἒξεών
3071 3424 3209 3476 εἰσιν
3252 3422 3594 3496 ἀφαιρέσεις,
3625 3423 3688 3478 τὺ

2101 3517 2195 3570 ἐπὶ
2244 3517 2380 3571 Θεοῦ
2415 3518 2710 3588 ἀγέννητον
2753 3518 2872 3587 ἦτοι
2930 3515 3189 3587 στέρησίς
3240 3518 3389 3570 ἔστιν
3421 3515 3613 3581 ἕξεων,
3652 3518 3684 3587 ῆ

2102 3609 2215 3674 ἕξις
2249 3610 2580 3680 στερήσεως.
2627 3609 2765 3662 Ἀλλ’
2797 3612 2847 3663 εί
2884 3610 2983 3681 μὲν
3018 3608 3274 3680 στέρησίς
3319 3608 3472 3662 ἐστιν
3497 3608 3684 3673 ἕξεως,

2104 3699 2222 3764 πῶς
2269 3701 2335 3758 ἂν
2383 3701 2446 3754 τὸ
2509 3701 2584 3774 μὴ
2637 3703 2840 3773 προσὸν
2897 3703 2976 3773 τῷ
3027 3702 3148 3773 Θεῷ
3208 3703 3686 3776 συναριθμηοήσε-

2101 3809 2189 3846 ται
2211 3809 2227 3858 ;
3657 3809 3666 3816 ‘

2174 3885 2300 3938 Κάν.
2343 3884 2406 3937 EI
2436 3883 2494 3938 δὲ
2534 3883 2647 3950 ἕξις
2673 3886 2790 3938 ἐστὶ
2833 3886 2892 3939 τὸ
2925 3885 3242 3957 ἀγέννητον,
3294 3888 3511 3958 ἀνάγκη
3551 3904 3685 3958 προ-

2105 3977 2404 4032 ῦποθέσθαι
2436 3978 2701 4049 γεννητὴν
2739 3977 2953 4045 οὐσίαν,
2983 3980 3049 4034 ἵν’
3075 3980 3268 4047 οὕτως,
3309 3980 3424 4046 ἕξιν
3450 3980 3687 4053 προσλα-

2105 4070 2294 4138 ϐοῦσα,
2323 4072 2621 4143 ἀγέννητος
2653 4073 3010 4146 ὀνομάζηται.

2174 4250 2306 4304 ΚΕ’.
2347 4251 2408 4304 Εἰ
2437 4251 2494 4306 δὲ
2523 4254 2556 4324 ἡ
2583 4252 2816 4326 γεννητὴ
2854 4255 3153 4326 ἀγεννήτου
3183 4256 3373 4321 οὐσίας
3405 4257 3684 4328 μετέσχεν,

2105 4341 2271 4406 ἕξεως
2302 4344 2644 4412 ὑπομείνασα
2683 4347 2976 4418 ἀποϐολὴν,
3005 4350 3336 4420 ἀγεννησίας
3374 4353 3683 4423 ἐστέρηται.

2108 4431 2208 4502 Εἱή
2256 4431 2322 4486 ἂν
2371 4429 2464 4486 οὖν
2512 4434 2671 4490 οὐσία
2718 4437 2816 4507 μὲν
2863 4440 3132 4512 γεννητὴ,
3183 4441 3244 4493 τὸ
3292 4440 3350 4494 δὲ
3395 4442 3689 4512 ἀγέννητον

2033 4504 2078 4558 D
2107 4522 2236 4587 ἕξις.

2179 4617 2323 4684 KG”.
2365 4619 2427 4670 Εί
2461 4618 2519 4672 δὲ
2556 4619 2620 4671 τὸ
2648 4619 2895 4691 γέννημα
2940 4623 3179 4692 παρόδου
3216 4624 3336 4677 ἐστὶ
3371 4625 3684 4694 δηλωτικὸν,

2105 4706 2280 4778 δῆλον,
2313 4709 2392 4763 ὄτι
2425 4711 2590 4777 ἓξεώς
2619 4713 2735 4764 ἐστι
2765 4715 3120 4783 σημαντικὸν,
3153 4714 3219 4768 ἀν
3242 4733 3300 4769 τε
3337 4718 3682 4786 μεταπέπλα-

2108 4819 2230 4855 σται
2278 4803 2337 4868 ἐξ
2383 4804 2570 4870 οὐσίας
2611 4807 2777 4874 τινὸς,
2835 4806 2896 4862 ἄν
2931 4824 2994 4860 τε
3024 4807 3183 4863 τοῦτό
3213 4810 3362 4862 ἐστιν
3403 4811 3431 4864 ὃ
3474 4812 3684 4879 λέγεται

2107 4894 2268 4966 γέννη
2279 4913 2374 4965 μα.

2177 5081 2303 5135 KZ'.
2346 5081 2410 5133 Et
2441 5081 2506 5134 τὸ
2545 5081 2841 5152 ἀγέννητον
2870 5081 3004 5149 ἕξις,
3037 5083 3134 5138 καὶ
3170 5083 3234 5138 τὸ
3265 5085 3524 5155 γεννητὸν
3553 5086 3683 5150 ἕξις,

2104 5175 2162 5226 αἱ
2197 5173 2293 5244 μὲν
2331 5173 2510 5228 οὐσίαι
2552 5174 2662 5228 τῶν
2712 5174 2879 5239 ἕξεων
2917 5175 3163 5248 πρῶται,
3201 5177 3256 5230 αί
3289 5177 3346 5230 δὲ
3384 5176 3527 5240 ἕξεις
3581 5177 3686 5229 τῶν

2104 5264 2337 5329 οὐσιῶν,
2400 5266 2451 5318 εί
2513 5267 2608 5320 καὶ
2653 5266 2936 5337 δεύτεραι,
3005 5268 3120 5323 ἀλλ’
3168 5265 3262 5322 οὖν
3314 5286 3377 5338 γε
3430 5268 3680 5340 προτιμὰ

2108 5376 2285 5429 τεραι.

2180 5451 2316 5504 KH'.
2367 5453 2430 5504 Εἰ
2485 5450 2543 5504 δὲ
2592 5450 2656 5504 τὸ
2705 5452 3002 5522 ἀγέννητον
3049 5453 3143 5506 τοῦ
3204 5452 3466 5524 γεννητοῦ
3518 5451 3680 5504 αἴτιόν

2111 5544 2226 5594 ἐστι
2257 5541 2353 5595 τοῦ
2385 5539 2544 5610 εἶναι,
2591 5545 2927 5614 σημαίνων¹,
2953 5546 3197 5616 γέννημα
3243 5544 3596 5615 συνεισφέρειν
3615 5545 3679 5612 τῇ

2111 5633 2305 5688 ἑαυτοῦ
2353 5634 2510 5706 οὐσίᾳ
2553 5635 2643 5689 τὸν
2681 5638 2872 5701 αἴτιον,
2907 5637 3092 5700 οὐσίας
3135 5637 3252 5691 ἐστὶ
3301 5635 3597 5707 δηλωτικὸν
3627 5641 3678 5685 τὸ
