3990 6228
297 368 405 425 5-H

917 368 1292 428 ADVERSUS
1330 370 1673 430 HERESES
1706 374 1833 430 LIB.
1871 372 1962 433 III.
2002 373 2168 429 ΤΟΜ.
2210 372 2631 430 I.-—ll)EIlES.
2674 374 2908 432 LXXVI.

3485 377 3592 433 δη

295 487 577 559 γέννημα,
626 488 740 543 ἀλλ’
774 490 872 560 οὑχ
919 490 1122 559 ἕξεως,
1174 492 1275 561 τῆς
1327 493 1625 565 ἀγεννήτου
1678 497 1890 565 φύσεως

2007 495 2130 548 Liam
2178 495 2376 564 ipsam,
2443 510 2552 548 non
2610 494 2953 550 aﬂectionem
2989 494 3455 565 exprimatgeum
3505 495 3591 547 in-

293 578 456 633 οὐδὲν
490 581 656 649 ἑαυτῇ
695 581 1158 653 συνεισαγοὺσης·
1199 581 1318 648 πῶς
1353 584 1453 639 οὑκ
1483 586 1550 640 ἂν
1585 586 1672 658 εἴη
1708 586 1889 652 οὐσία,

295 669 421 723 ἀλλ’
445 668 558 735 ἕξις
589 671 623 740 ἡ
652 670 950 743 ἀγέννητος
983 673 1174 740 οὑσία;
1544 662 1577 675 ﬁ

372 870 508 924 KB'.
559 871 623 924 Ei
685 873 835 926 πᾶσα
897 874 1057 929 οὑσεα
1111 877 1262 931 ιστὶν
1316 876 1614 948 ἀγέννητος
1638 917 1653 942 ,
1704 872 1795 931 οἷα
1856 877 1890 949 ή

295 960 441 1014 Θεοῦ
475 962 570 1015 τοῦ
622 965 1096 1038 παντοκράτορος,
1145 969 1261 1033 πῶς
1302 968 1369 1024 ἂν
1424 970 1522 1039 τὴν
1567 974 1663 1041 μὲν
1711 971 1891 1043 παθη-

294 1051 403 1122 τὴν
434 1053 555 1120 ἐρεῖ
600 1072 715 1120 τις,
773 1057 872 1127 τὴν
916 1057 974 1111 δὲ
1021 1060 1249 1130 ἀπαθῆ;
1288 1061 1350 1114 Ei
1402 1062 1458 1115 δὲ
1501 1062 1718 1131 φύσεως
1755 1063 1895 1117 ἀπο-

298 1141 579 1214 πληρώσει
613 1145 912 1218 ἀγεννήτου
953 1149 987 1219 ἡ
1047 1150 1148 1220 μὲν
1182 1135 1429 1221 διαμένει
1470 1152 1767 1221 ποσότητος
1798 1152 1897 1205 καὶ

299 1234 619 1306 ποιότητος,
660 1239 756 1293 καὶ
779 1280 793 1303 ,
848 1240 1039 1305 ἁπλῶς
1090 1244 1297 1305 εἰπεῖν,
1356 1246 1539 1315 πάσης
1591 1244 1894 1316 μεταϐολῆς

298 1327 567 1396 ἀμεινων,
592 1330 624 1399 ἡ
655 1329 713 1382 δὲ
743 1332 930 1387 παθῶν
953 1335 1101 1388 ἐστιν
1128 1335 1451 1401 ὑπεύθυνος,
1483 1337 1896 1408 συγχωρηθεῖσα

296 1418 364 1471 τὸ
407 1419 829 1493 ἀπαράλλακτον
878 1428 961 1492 εἰς
1013 1428 1204 1484 οὐσίαν
1245 1428 1413 1500 ἔχειν,
1463 1429 1543 1500 τῷ
1597 1430 1893 1501 αὐτομάτῳ

298 1512 599 1584 ἐπιτρέψαι
627 1516 785 1586 φίλον
821 1519 893 1574 τὰ
944 1522 1087 1576 κατά
1106 1521 1207 1586 τὰς
1240 1524 1675 1594 προειρημένας”
1708 1523 1741 1593 ἢ
1767 1524 1893 1592 τότε

297 1598 401 1657 οὖν
437 1605 734 1662 ἀκόλουθον
776 1609 875 1682 τὴν
923 1612 1024 1683 μὲν
1060 1613 1320 1668 ποιοῦσαν
1351 1614 1648 1687 ἀγέννητον
1693 1616 1891 1682 εἰπεῖν,

298 1695 572 1767 γεννητὴν
602 1697 660 1753 δὲ
689 1698 791 1772 τὴν
813 1701 1318 1775 μεταϐαλλομένην.

1995 588 2179 657 genita
2226 595 2424 640 natura
2476 586 2613 639 nihil
2670 586 2788 655 ipsa
2842 601 3032 643 secum
3079 586 3345 650 includat,
3404 599 3591 640 nonne

1997 678 2310 732 substantia
2376 677 2563 748 potius
2621 692 2788 748 quam
2835 676 3055 732 aliectio
3109 676 3361 749 quazdam
3427 676 3592 731 debet

1996 766 2207 821 videri?

2072 876 2263 933 XXIX.
2307 876 2364 933 Si
2409 878 2717 934 substantia
2755 879 2935 935 omnis
2984 878 3226 950 ingenita
3273 878 3366 942 sit,
3400 877 3590 948 cujus-

2001 971 2149 1026 modi
2183 978 2268 1026 est
2308 971 2721 1042 omnipotentis
2744 970 2860 1036 Dei,
2896 972 3028 1041 quid
3066 972 3261 1026 attinet
3290 971 3433 1024 hanc
3466 969 3591 1039 qui-

2000 1062 2123 1119 dem
2161 1063 2508 1133 passionibus
2556 1064 2871 1126 obnoxiam,
2912 1063 3061 1116 illam
3101 1078 3230 1117 vero
3269 1061 3587 1116 earumdem

2000 1166 2275 1227 expertem
2315 1155 2540 1211 dicere?
2576 1154 2731 1221 Quod
2757 1155 2803 1211 si
2834 1154 3072 1224 quadam
3101 1154 3353 1224 ingenita:
3380 1160 3593 1206 natura}

2001 1258 2151 1304 sorte
2178 1264 2242 1303 ac
2271 1249 2611 1312 conditione,
2681 1248 3032 1318 quantitatis,
3081 1254 3137 1301 et
3169 1244 3470 1315 qualitatis,
3510 1251 3589 1309 et,

2001 1355 2059 1401 ut
2102 1359 2213 1397 uno
2260 1343 2430 1398 verbo
2471 1342 2675 1405 dicam,
2711 1341 3037 1396 mutationis
3070 1339 3250 1394 omnis
3283 1351 3478 1409 expers
3506 1335 3589 1388 al-

1999 1445 2117 1490 tera
2144 1442 2252 1499 est,
2288 1435 2462 1489 altera
2506 1447 2638 1487 vero
2672 1432 2962 1503 passiones
2995 1431 3256 1493 admittit,
3299 1440 3352 1483 et
3387 1427 3589 1484 nihilo-
3674 1434 3683 1446 ‘

1997 1527 2183 1581 minus
2235 1524 2412 1581 eidem
2462 1523 2882 1578 immutabilitas
2907 1532 2993 1578 est
3026 1537 3312 1586 concessa,
3360 1534 3589 1575 necesse

1995 1622 2082 1671 est
2112 1622 2172 1670 ut
2196 1630 2318 1685 quae
2345 1612 2797 1668 commemoratis
2819 1612 2974 1667 hisce
3002 1612 3217 1668 naturis
3245 1611 3457 1674 insunt,
3492 1615 3589 1663 aut

1994 1723 2127 1764 casu
2154 1707 2391 1779 quodam
2434 1706 2659 1761 fortuito
2686 1704 2956 1761 accidisse
2981 1703 3261 1769 dicantur,
3289 1711 3405 1767 aut,
3437 1698 3589 1771 quod

298 1798 739 1845 consentanequ
785 1801 889 1856 est,
944 1806 1065 1848 eam
1118 1793 1294 1864 ipsam
1341 1795 1560 1865 quidem
1594 1810 1717 1867 qua;
1740 1794 1871 1867 agit,
1905 1796 2241 1871 ingenitam;
2290 1812 2414 1870 quae
2458 1812 2592 1853 vero
2645 1796 2851 1867 patitur
2900 1810 2966 1852 ac
3029 1804 3294 1864 mutatur,
3344 1795 3585 1866 genitam

298 1881 664 1950 appellemus.

371 2002 453 2052 A’.
497 2000 561 2053 Ei
607 2000 710 2071 τῆς
752 2002 1054 2077 γενομένης
1109 2005 1144 2075 ή
1195 2005 1489 2079 ἀγέννητος
1535 2006 1698 2076 φύσις
1741 2004 1890 2060 ἐστὶν

2064 1997 2237 2054 XXX.
2280 1996 2341 2053 Si
2376 1996 2573 2068 genita:
2613 2002 2825 2051 natura;
2868 2010 3038 2052 causa
3088 2003 3174 2052 est
3204 1996 3465 2068 ingenita,
3502 1996 3588 2051 iu-

295 2090 472 2155 αἰτία,
512 2091 574 2145 τὸ
618 2092 675 2145 δὲ
719 2086 1017 2166 ἀγέννητον
1054 2096 1220 2167 μηδὲν
1269 2094 1355 2168 εῐη
1396 2097 1598 2150 αἵτιονί
1626 2114 1639 2128 ·
1674 2096 1792 2163 πῶς
1825 2096 1891 2150 ἂν

295 2183 388 2253 εἴη
419 2183 592 2238 αἴτιον
619 2183 680 2238 τὸ
717 2186 883 2258 μηδὲν
912 2186 1006 2241 τοῦ
1036 2188 1356 2258 γεγονότος;

370 2384 503 2438 AA'.
530 2385 592 2438 Ei
611 2385 671 2439 τὸ
690 2386 986 2459 ἀγέννητον
1013 2388 1291 2461 στέρησις,
1311 2391 1345 2461 ἡ
1368 2390 1424 2443 δὲ
1446 2391 1700 2463 στέρησις
1726 2390 1892 2457 ἕξεως

295 2477 545 2549 ἀποϐολή
579 2479 749 2547 ἐστιν,
788 2480 821 2552 ἠ
865 2480 920 2533 δὲ
966 2483 1206 2554 ἀποϐολὴ
1251 2483 1530 2548 παντελῶς
1567 2484 1889 2551 ἀπόλλυται,

295 2569 332 2640 ἢ
372 2569 696 2641 μεθίσταται
724 2572 810 2643 ἐφ’
837 2572 1027 2645 ἕτερον
1046 2590 1060 2605 ο
1096 2574 1215 2639 πῶς
1252 2572 1365 2628 οἷόν
1393 2593 1451 2628 τε
1476 2575 1587 2642 ’ἐξει
1629 2576 1889 2646 μεθιστα-

299 2665 442 2735 μένη
478 2664 953 2738 κατονομάζεσθαι
976 2668 1076 2740 τὴν
1111 2669 1301 2725 οὑσίαν
1322 2669 1415 2723 τοῦ
1446 2668 1580 2723 Θεοῦ
1606 2671 1889 2743 ἁγεννήτῳ

296 2757 673 2839 περοσηγορίιις

374 2932 500 2988 AB'.
542 2935 606 2988 Ei
653 2934 714 2989 τὸ
774 2935 1072 3009 ἀγέννητον
1121 2938 1271 3009 δηλοῖ
1303 2939 1557 3011 στέρησιν
1602 2939 1675 3011 μὴ
1719 2957 1890 3011 προσ-

294 3024 473 3078 οῦσαν
493 3024 570 3096 τῷ
605 3027 744 3099 Θεῷ,
766 3028 883 3092 πῶς
915 3029 1209 3101 ἀγέννητον
1241 3026 1380 3084 εἶναι
1416 3031 1667 3101 λέγομεν,
1697 3048 1889 3102 γεννη-

295 3116 393 3169 τὸν
423 3116 483 3170 δὲ
517 3118 592 3189 μὴ
628 3114 804 3186 εἷναι;

371 3208 494 3267 ΛΓ,
531 3209 594 3262 Ei
625 3209 782 3279 ψιλὸν
809 3208 982 3281 ὄνομά
1014 3212 1159 3264 ἐστιν
1184 3211 1290 3265 ἀπὸ
1315 3209 1451 3263 Θεοῦ
1482 3210 1539 3262 τὸ
1568 3208 1891 3281 ἀγέννητον,

295 3301 333 3373 ἡ
372 3299 428 3352 δὲ
460 3299 590 3371 ψιλὴ
626 3303 878 3374 προφορά
906 3304 1004 3374 τὴν
1048 3304 1345 3357 ὑπόστασιν
1376 3303 1470 3357 τοῦ
1500 3303 1639 3361 Θεοῦ
1671 3304 1890 3374 ἐπαίρει

296 3393 444 3446 κατά
482 3394 704 3449 πάντων
740 3397 851 3449 τῶν
886 3397 1158 3468 γεννητῶν
1180 3413 1196 3429 ο
1238 3415 1437 3468 τιμιωτ

296 3484 333 3554 ἠ
376 3484 681 3555 ἀνθρώπιον
730 3486 983 3557 προφορά
1012 3487 1110 3557 τῆς
1137 3484 1231 3539 τοῦ
1276 3485 1719 3557 παντοκράτορος
1757 3484 1888 3537 ὑπο-

297 3574 585 3642 στάσεως,
631 3578 952 3651 ἀσυγκρξτῳ
1012 3579 1256 3651 ὑπεροχῇ
1303 3576 1697 3632 καλλωπίσασα
1757 3576 1889 3631 Θεὸν

298 3668 749 3741 παντοκράτορα.

372 3842 493 3896 AA'.
539 3844 605 3897 Ei
639 3846 803 3898 παντὶ
835 3842 1080 3915 γεννητῷ
1117 3842 1267 3897 αἰτία
1298 3841 1773 3912 συγκεκλήρωται,
1807 3839 1891 3893 αἴ-

293 3953 416 4001 τιος
448 3936 505 3990 δὲ
537 3939 570 4007 ἡ
600 3937 896 4008 ἀγέννητος
927 3936 1109 4007 φύσις,
1139 3936 1239 3989 οὑκ
1271 3935 1443 3989 αἴτιον
1465 3933 1617 4004 δηλοῖ
1648 3933 1706 3986 τὸ
1729 3934 1890 4002 ἀγένο

296 4046 493 4101 νητον,
527 4029 644 4083 ἀλλ’
676 4030 975 4084 ὑπόστασιν
1007 4030 1280 4098 σημαίνει.

371 4294 497 4351 ΔΕ’.
532 4296 593 4350 Ei
623 4297 732 4349 πᾶν
776 4294 838 4349 τὸ
874 4295 1099 4365 γεγονὸς
1148 4294 1458 4366 ὑφ’.έτέρου
1488 4292 1732 4363 γέγονεν,
1768 4294 1802 4363 ὴ
1833 4291 1890 4346 δὲ

296 4390 597 4460 ἀγέννητος
654 4389 953 4453 ὑπόστασις
1013 4387 1135 4442 οὔτε
1215 4388 1307 4457 ὑφ’
1364 4388 1563 4458 ἑαυτῆς
1625 4385 1748 4439 οὔτε
1799 4385 1893 4455 ὑφ’

298 4481 500 4555 ἑτέρας
522 4481 745 4552 γέγονεν
762 4496 778 4512 ·
808 4481 1023 4552 ἀνάγκη
1053 4480 1240 4534 οὑσίαν
1266 4478 1460 4552 δηλοῦν
1486 4479 1549 4534 τὸ
1574 4479 1888 4550 ἀγέννητον.

1994 2089 2240 2162 genitum
2284 2100 2437 2153 vero,
2477 2085 2625 2156 quod
2663 2084 2993 2156 principium
3026 2083 3254 2148 dicitur,
3288 2084 3428 2138 nihil
3465 2098 3587 2138 om-

1994 2183 2126 2237 nino
2155 2184 2246 2243 sit,
2275 2179 2500 2249 quinam
2529 2183 2711 2247 potest
2741 2174 2794 2230 id
2826 2173 2974 2245 quod
2993 2173 3130 2229 nihil
3160 2182 3245 2229 est
3272 2172 3587 2244 cjus,quod

1992 2272 2322 2345 productum
2357 2276 2462 2335 est,
2496 2282 2620 2322 esse
2652 2265 3023 2337 principium?

2070 2360 2263 2417 XXXI.
2310 2359 2371 2415 Si
2407 2359 2707 2431 ingenitum
2753 2357 2991 2427 privatio
3039 2356 3290 2428 quaedam
3334 2364 3455 2424 est;
3502 2360 3591 2412 est

1992 2461 2175 2509 autem
2226 2450 2461 2522 privatio
2510 2448 2823 2504 aﬂectionis
2870 2449 3119 2516 amissio,
3156 2449 3384 2505 amissio
3422 2462 3588 2519 porro

1993 2545 2216 2617 penitus
2243 2559 2273 2599 c
2303 2541 2486 2598 medio
2517 2539 2755 2604 tollitur,
2807 2548 2903 2593 aut
2932 2539 2989 2594 in
3017 2539 3249 2596 alterum
3283 2545 3589 2596 commuta-

1993 2646 2102 2703 tur,
2157 2651 2397 2707 quonam
2441 2640 2604 2705 pacto
2649 2632 2941 2689 aﬂ'ectione
2984 2634 3077 2688 illa
3124 2640 3466 2696 transeunte,
3492 2637 3589 2686 a‘ut

1992 2739 2273 2801 pereunte,
2313 2728 2417 2782 hoc
2440 2732 2524 2780 est
2549 2724 2779 2796 ingeniti
2803 2726 3166 2798 appellatione
3204 2724 3299 2781 Dei
3330 2724 3589 2782 substan-

1991 2823 2063 2877 tia
2094 2819 2608 2891 coguominabitur?

2068 2909 2289 2964 XXXII.
2336 2909 2393 2965 Si
2424 2912 2725 2983 ingenitum
2759 2909 3147 2982 privationem,
3177 2924 3299 2979 qua:
3336 2907 3450 2964 Deo
3475 2922 3587 2962 non

1992 3002 2154 3070 inest,
2186 3003 2481 3073 signiﬁcat,
2524 3019 2624 3058 cur
2690 3003 2994 3074 ingenitum
3023 3016 3167 3067 esse,
3198 3001 3438 3073 genitum
3456 3012 3588 3054 vero

1992 3111 2101 3152 non
2133 3111 2258 3151 esse
2287 3095 2567 3151 dicimus?

2063 3185 2307 3241 XXXIII.
2338 3186 2395 3241 Si
2425 3184 2728 3259 ingenitum
2764 3185 2909 3240 nuda
2939 3182 2993 3239 in
3020 3182 3130 3238 Deo
3159 3190 3243 3238 est
3271 3179 3587 3252 appellatio,

1992 3280 2145 3347 adeo
2174 3289 2231 3334 ut
2278 3294 2443 3351 supra
2475 3288 2789 3334 creatarum
2822 3293 3005 3333 rerum
3037 3275 3285 3356 omnium
3322 3273 3589 3329 conditio-

1441 3398 1539 3468 ἐρα
1588 3397 1695 3467 ἄρα
1741 3397 1887 3449 ἐστὶν

2013 3388 2116 3428 tem
2155 3373 2270 3427 sola
2300 3370 2684 3442 pronuntiatio
2716 3370 2959 3424 divinam
3008 3366 3373 3424 substantiam
3411 3364 3590 3419 extol‘

1992 3464 2084 3529 lat,
2112 3477 2464 3532 consequens
2505 3468 2591 3517 est
2625 3461 2908 3515 hominum
2941 3456 3440 3530 pronuntiationem
3475 3470 3590 3510 om-

1992 3553 2291 3623 nipotentis
2346 3552 2438 3608 Dei
2495 3550 2810 3609 substantia
2872 3550 3311 3621 praestantiorem
3370 3547 3583 3603 videri:

1991 3664 2114 3718 quae
2141 3646 2362 3718 quidem
2397 3647 2572 3718 ipsam
2594 3644 3047 3717 incomparabilis
3069 3641 3392 3700 excellentia
3418 3640 3589 3713 digni-

1994 3738 2126 3792 tatis
2151 3744 2406 3793 exornet.

2062 3828 2306 3887 XXXIV.
2351 3829 2408 3884 Si
2443 3843 2567 3885 cum
2589 3844 2655 3885 eo
2682 3828 2855 3891 omni,
2895 3826 3043 3901 quod
3076 3828 3321 3900 genitum
3354 3834 3460 3889 est,
3484 3825 3587 3879 im-

1994 3921 2194 3991 plicata
2228 3928 2331 3987 est,
2364 3928 2419 3976 et
2450 3920 2748 3988 conjuncta
2793 3932 2980 3973 causa:
3026 3917 3198 3981 notio,
3242 3929 3409 3970 causa
3456 3930 3587 3969 vero

1992 4019 2116 4076 est,
2186 4010 2426 4082 ingenita
2485 4022 2717 4075 natura,
2781 4024 2908 4064 cum
2966 4008 3268 4078 ingenitum
3327 4006 3585 4069 dicimus,

1994 4118 2102 4159 non
2158 4117 2381 4157 causam
2452 4102 2737 4175 aliquam,
2811 4100 2909 4157 sed
2976 4099 3341 4157 substantiam
3403 4098 3585 4169 expri-

1993 4200 2221 4254 mimus.

2063 4290 2231 4362 929
2272 4288 2485 4344 xxxv.
2531 4287 2585 4344 Si
2623 4288 2887 4360 quidquid
2923 4286 3250 4360 productum
3278 4295 3383 4348 est,
3411 4285 3480 4340 ab
3508 4285 3587 4339 al-

1995 4391 2112 4439 tero
2153 4385 2481 4453 productum
2522 4392 2627 4445 est,
2668 4383 2910 4453 ingenita
2955 4397 3085 4439 vero
3130 4381 3446 4451 hyphstasis
3486 4396 3587 4435 nec

1995 4492 2024 4531 a
2049 4492 2108 4533 se
2131 4477 2271 4548 ipsa,
2297 4492 2400 4531 nec
2422 4476 2491 4531 ab
2510 4476 2614 4532 alia
2641 4475 2906 4547 producta
2930 4482 3036 4540 eSt,
3066 4473 3292 4545 ingeniti
3321 4473 3587 4527 vocabulo

1996 4570 2305 4626 substantia
2330 4570 2447 4641 ipsa
2481 4570 2824 4641 signiﬁcetur
2852 4573 3090 4639 oportet.

372 4684 516 4750 ΛΓΓ.
546 4682 607 4736 Ei
630 4683 695 4753 τῇ
728 4680 820 4734 τοῦ
848 4681 1188 4753 γεννήματος
1216 4680 1375 4752 οὑσῐᾳ
1416 4680 1775 4751 συμφαίνεται
1813 4682 1890 4745 ὡς

2069 4681 2308 4739 XXXVI.
2357 4681 2413 4738 Si
2446 4682 2672 4753 ingeniti
2722 4681 3055 4749 substantia,
3100 4691 3361 4752 tanquam
3393 4694 3584 4743 causa,

296 4776 453 4829 αἰτία
479 4776 512 4845 ἡ
538 4774 831 4846 ἀγέννητος
865 4774 1183 4837 ὑπόστασις,
1234 4773 1375 4827 κατὰ
1409 4774 1591 4845 πάσης
1621 4773 1800 4836 αἰτίας
1831 4775 1890 4829 τὸ

2007 4776 2235 4847 ingenita
2273 4775 2585 4847 hypostasis
2616 4775 2950 4841 declaratur,
2976 4790 3099 4844 qua:
3141 4788 3251 4844 pra:
3280 4772 3428 4825 omni
3458 4788 3590 4825 cau-

296 4866 722 4937 ἀπαράλλακτον
764 4865 983 4936 ἔχουσα,
1025 4865 1290 4920 αὑτουσία
1334 4867 1481 4919 ἐστὶν
1522 4867 1893 4935 ἀσύγκριτος,

296 4961 401 5015 οὑκ
447 4958 646 5023 ἔξωθεν
703 4958 1145 5029 συνεμφαίνουσα
1206 4958 1266 5012 τὸ
1303 4959 1620 5029 ἀπρόσιτον,
1655 4958 1786 5012 αὑτὸ
1833 4958 1890 5011 δὲ

296 5054 648 5122 ὑπάρχουσα,
709 5050 1042 5121 ἀσύγκριτος
1094 5050 1189 5106 καὶ
1243 5050 1554 5122 ἀπρόσιτος.
1617 5053 1773 5105 Ἐστι
1825 5051 1888 5122 δὴ

298 5144 397 5197 καὶ
429 5140 749 5211 ἀγέννητος.

374 5430 500 5487 AZ’.
532 5432 597 5486 Ei
631 5431 899 5504 ὑπεράγει
929 5430 1113 5501 πάσης
1163 5430 1380 5499 φύσεως
1408 5434 1439 5486 ὀ
1465 5431 1889 5501 Παντοκράτωρ,

296 5527 393 5583 διὰ
439 5525 502 5578 τὸ
559 5524 853 5595 ἀγέννητον
886 5524 1175 5594 ὑπεράγει,
1219 5523 1355 5595 ὅπερ
1381 5524 1528 5576 ἐστὶν
1575 5523 1747 5577 αἴτιον
1780 5526 1892 5587 τοῖς

293 5619 587 5693 γεννητοῖς
608 5617 893 5689 διαμονῆς.
928 5618 992 5673 Ei
1017 5616 1075 5671 δὲ
1111 5614 1186 5687 μὴ
1214 5613 1365 5671 ἔστιν
1380 5615 1569 5680 οὐσίας
1596 5614 1891 5687 δηλωτικὸν

372 5799 393 5833 ⁸
414 5817 513 5872 γρ.
544 5800 746 5869 ἄρτιον.

1993 4882 2177 4924 sarum
2232 4883 2431 4938 genere
2486 4866 2928 4921 immntabilitatc
2957 4866 3184 4936 prtedita
3233 4873 3340 4928 est,
3390 4864 3580 4917 eadem

1993 4974 2089 5029 per
2128 4974 2249 5015 sese
2289 4958 2599 5014 substantia
2642 4958 3090 5028 incomparabilis
3140 4964 3261 5023 est;
3287 4972 3394 5011 non
3440 4955 3607 5017 veluk

1993 5052 2341 5108 extrinsecus
2384 5052 2615 5107 ascitam
2663 5052 2986 5122 qualitatem
3040 5051 3189 5106 illam
3240 5065 3352 5119 pra!
3401 5064 3461 5103 se
3508 5047 3607 5103 fe—-

1992 5158 2141 5207 rens,
2178 5142 2314 5196 nihil
2344 5150 2400 5196 ut
2432 5140 2499 5196 ad
2532 5142 2707 5211 ipsam
2746 5142 2918 5211 possit
2953 5139 3247 5204 accedere,
3294 5137 3391 5192 sed
3431 5136 3485 5191 id
3518 5152 3591 5192 ex.

1999 5247 2123 5287 sese
2151 5233 2332 5298 habet,
2360 5232 2437 5286 uti
2474 5233 2611 5287 nihil
2643 5248 2769 5287 cum
2813 5231 2929 5300 ipsa
2965 5228 3227 5291 conferri,
3259 5236 3351 5280 aut
3374 5226 3438 5279 ad
3463 5240 3593 5281 cant

1996 5323 2262 5378 accedere
2298 5324 2494 5393 possit.
2532 5324 2692 5380 Unde
2730 5329 2785 5378 et
2826 5338 2921 5392 per
2945 5328 3118 5376 semet
3152 5328 3235 5374 est
3276 5318 3542 5388 ingenita.

2067 5435 2335 5491 XXXVII.
2379 5437 2438 5492 Si
2484 5436 2834 5506 omnipotens
2881 5433 3026 5488 Deus
3074 5440 3323 5486 naturam
3365 5447 3587 5488 omnem

1995 5528 2233 5593 excellit,
2270 5544 2336 5585 eo
2391 5529 2511 5599 ipso
2543 5527 2692 5599 quod
2733 5526 3008 5596 ingenitus
3036 5532 3143 5585 est,
3185 5523 3423 5579 excellit.
3456 5521 3591 5588 Quae

1997 5621 2307 5692 proprietas
2350 5636 2519 5678 causa
2561 5631 2645 5677 est
2691 5619 2890 5692 genitis
2930 5618 3187 5675 omnibus
3232 5617 3589 5683 stabilitatem
