3990 6228
357 343 466 400 545

1779 345 1837 403 S.
1871 347 2211 405 EPIPIIANII

3533 338 3640 415 Su

358 459 831 528 constantiamque
855 457 1124 514 tribuens.
1155 457 1250 513 Sin
1279 471 1458 515 autem
1487 460 1786 532 ingenitum
1816 465 1948 519 sub.

2084 467 2110 517 ὸ
2144 465 2458 536 ἀγέννητον,
2513 464 2680 518 πόθεν
2730 465 2798 520 ἂν
2827 466 2861 536 ἠ
2889 465 3000 520 τῶν
3019 469 3296 539 γεννητῶν
3319 470 3482 541 φύσις
3527 473 3640 540 ἕξει

359 554 616 608 stantiam
667 567 775 605 non
824 549 1102 620 exprimit,
1149 566 1179 604 a
1214 567 1324 620 quo
1371 554 1589 608 tandem
1639 558 1946 626 genitarum

357 660 538 700 rerum
571 650 765 696 natura
801 643 1038 712 seipsam
1073 652 1134 695 ut
1163 653 1456 718 conservet
1493 645 1766 714 accipiet?

429 733 718 788 XXXVIII.
765 732 824 789 Si
859 734 996 787 nihil
1043 748 1258 800 eorum,
1293 750 1414 803 qua:
1455 737 1632 790 visum
1659 735 1946 806 eﬂngiunt,

357 825 656 894 semetipso
695 825 870 880 sativa
901 823 1138 892 quadam
1174 824 1225 878 vi
1270 826 1422 894 prius
1451 835 1559 889 est,
1597 835 1766 895 atque
1813 826 1950 882 deti-

355 915 471 968 nita
519 923 734 968 natura:
767 923 914 968 sorte
937 911 1252 967 continetur
1285 935 1298 968 ;
1343 917 1437 984 qui
1485 917 1604 970 ﬁeri
1652 924 1856 986 potest,
1891 922 1951 970 ut

356 1007 632 1077 ingenitus
653 1007 819 1070 Deus,
842 1006 910 1060 ab
929 1009 1078 1062 omni
1105 1008 1394 1063 sortitione
1412 1009 1572 1072 liber,
1593 1024 1748 1064 suam
1777 1009 1951 1079 ipsius

357 1099 724 1154 substantiam
765 1099 1035 1154 modo-in
1067 1100 1251 1170 genita
1295 1100 1484 1154 sobole
1536 1097 1817 1154 inferioris
1855 1115 1951 1154 cu-

357 1189 576 1260 iusdam
631 1204 698 1244 ac
739 1189 995 1244 secunda:
1033 1189 1388 1252 conditionis,
1422 1189 1586 1244 modo
1617 1191 1671 1244 in
1709 1191 1952 1260 ingenito

360 1284 636 1354 primaria:
665 1299 788 1338 esse
809 1283 1008 1349 videat,
1039 1283 1116 1337 ita
1149 1291 1208 1337 ut
1237 1283 1439 1354 prioris
1477 1283 1611 1338 insit
1666 1297 1730 1336 ac
1767 1292 1952 1352 poste~

359 1374 533 1430 rioris
564 1375 743 1428 ordo?

430 1463 676 1518 XXXIX.
716 1462 774 1518 Si
800 1465 855 1518 in
897 1463 1142 1534 ingenita
1185 1471 1386 1518 natura
1429 1473 1743 1532 perseverat
1785 1462 1950 1530 Deus,

359 1557 763 1612 detrahendum
792 1555 896 1610 hoc
928 1555 1004 1609 illi
1032 1562 1138 1619 est,
1171 1563 1228 1610 ut
1257 1555 1506 1626 generari
1543 1569 1624 1620 se,
1660 1565 1822 1624 atque
1867 1555 1952 1609 in-

361 1645 604 1716 genitum
634 1661 758 1702 esse
794 1655 1110 1716 cognoscat.
1147 1645 1304 1710 Quod
1345 1645 1390 1700 si
1426 1645 1500 1699 illi
1538 1645 1734 1710 detur,
1767 1653 1827 1699 ut.
1857 1661 1954 1716 per

362 1741 530 1810 geniti
575 1739 914 1808 ingenitique
953 1737 1326 1792 conditionem
1363 1737 1510 1792 illius
1542 1745 1736 1790 natura
1764 1738 1954 1792 tradu-

2047 557 2110 609 τὸ
2137 556 2502 619 διασώζεσθαι
2527 574 2541 623 ;

2121 731 2250 783 ΑΠ’.
2279 729 2342 782 Εἰ
2369 729 2521 782 οὐδὲν
2560 730 2669 784 τῶν
2707 731 2957 803 ἀοράτων
2999 733 3132 786 αὐτὸ
3169 730 3334 808 αὐτῷ
3389 751 3639 806 σπερμα-

2049 821 2218 884 τικῶς
2250 823 2618 892 προϋπάρχει,
2671 822 2916 894 διαμένει
2943 824 3002 877 δὲ
3033 827 3092 878 ὲν
3131 825 3292 895 φύσει
3326 827 3642 896 ἀποκεκλη-

2053 911 2290 983 ρωμένῃ·
2315 912 2429 974 πῶς
2443 911 2512 964 ἂν
2535 913 2563 963 ὁ
2589 911 2884 982 ἀγέννητος
2907 913 3061 977 Θεὸς,
3077 915 3364 986 ἐλεύθερος
3395 917 3642 982 ἀποκλη-

2051 999 2272 1070 ρώσεως
2300 1001 2582 1070 ὑπάρχων,
2622 999 2716 1054 νῦν
2755 1001 2853 1070 μὲν
2881 1001 2983 1072 τὴν
3017 1004 3211 1057 ἑαυτοῦ
3237 1007 3428 1059 οὐσίαν
3451 1006 3640 1059 δευτές

2053 1109 2152 1162 ραν
2181 1094 2238 1144 ὲν
2267 1094 2568 1163 γεννήματι
2615 1093 2746 1163 ὀρᾷν
2781 1094 2822 1158 ¹,
2857 1092 2952 1146 νῦν
2981 1094 3040 1148 δὲ
3081 1097 3356 1167 προτέραν
3395 1099 3452 1150 ὲν
3473 1098 3644 1164 ἀγεν-

2051 1187 2220 1256 νήτῳ,
2257 1185 2395 1240 κατά
2422 1186 2522 1256 τὴν
2547 1184 2642 1239 τοῦ
2670 1185 2888 1256 πρώτου
2913 1189 3010 1242 καὶ
3037 1188 3292 1259 δευτέρου
3319 1188 3472 1254 τάξιν
3497 1205 3514 1254 ;

2123 1466 2246 1524 AG'.
2273 1470 2336 1524 Εἰ
2381 1469 2628 1540 διαμένει
2647 1468 2708 1520 ὲν
2741 1467 2902 1536 φύσει
2949 1469 3232 1542 ἀγεννήτῳ
3257 1472 3288 1525 ὁ
3313 1472 3467 1538 Θεὸς,
3495 1471 3558 1527 τὸ
3585 1475 3646 1530 έν

2053 1563 2264 1632 γενέσει
2321 1562 2418 1616 καὶ
2477 1561 2778 1633 ἀγεννησίᾳ
2837 1561 3030 1614 ἑαυτὸν
3081 1562 3280 1616 εἰδέναι
3315 1565 3640 1636 ἀφῃρήσθω.
3727 1571 3736 1580 “

2055 1652 2517 1724 Συγχωρουμένου
2573 1651 2631 1704 δὲ
2679 1652 2740 1704 ὲν
2771 1651 3059 1722 ἀγεννήτῳ
3105 1653 3202 1706 καὶ
3259 1655 3508 1725 γεννητῷ
3545 1656 3648 1727 τὴν

2057 1746 2254 1802 ἑαυτοῦ
2301 1744 2492 1798 οὐσίαν
2549 1742 2936 1809 παρατείνειν,
2994 1743 3158 1806 αὐτὸς
3213 1745 3408 1798 ἑαυτοῦ
3461 1747 3654 1813 ἀγνοεῐ

361 1839 545 1896 catur,
578 1831 944 1884 substantiam
973 1829 1088 1898 ipse
1112 1843 1268 1882 suam
1296 1829 1530 1898 ignorat,
1557 1843 1679 1882 cum
1706 1829 1773 1882 ab
1807 1837 1957 1881 utra-

2084 1836 2157 1906 πὴν
2187 1825 2376 1889 οὐσίαν
2417 1834 2815 1908 περιαγόμενος
2845 1833 2950 1887 ὑπὸ
2983 1835 3250 1902 γενέσεως
3281 1837 3376 1890 καὶ.
3417 1838 3650 1908 ἀγεννη-

363 1938 495 1992 que,
527 1920 694 1993 geniti
734 1920 946 1976 scilicet
979 1929 1144 1988 atque
1176 1918 1426 1990 ingeniti,
1463 1919 1726 1988 qualitate
1751 1917 1956 1972 distra-

369 2015 554 2069 batur.

438 2105 551 2158 XL.
595 2102 653 2157 Si
687 2118 817 2158 vero
863 2101 1108 2172 genitum
1143 2101 1478 2157 conditionis
1509 2101 1740 2172 ingeniti
1788 2101 1960 2172 parti-

369 2215 500 2268 ceps
531 2207 634 2262 est,
665 2203 720 2251 et
753 2195 808 2250 in
833 2195 1001 2266 geniti
1047 2203 1242 2248 natura
1297 2203 1558 2264 perpetuo
1607 2202 1812 2258 manet,
1862 2211 1958 2249 ne-

377 2305 532 2346 cesse
561 2297 666 2353 est,
701 2296 759 2342 ut
794 2303 854 2344 se
899 2286 1216 2358 imperfecta
1253 2285 1310 2340 in
1363 2295 1560 2340 natura
1596 2287 1959 2341 constitutum

367 2398 491 2437 esse
541 2388 875 2451 cognoscat,
927 2389 981 2432 et
1035 2379 1182 2431 illam
1235 2377 1458 2448 ingenui
1516 2379 1959 2434 communionem

369 2474 604 2544 ignoret.
667 2471 855 2542 Neque
899 2469 1046 2524 enim
1096 2469 1240 2522 idem
1281 2469 1348 2524 de
1389 2468 1570 2538 seipso
1607 2476 1662 2524 et
1707 2469 1962 2540 ingenitae

369 2565 692 2622 substantiae
749 2572 804 2618 et
839 2563 1035 2632 genitae
1067 2560 1322 2614 notitiam
1369 2559 1666 2616 informare
1701 2571 1900 2630 potest.

441 2655 575 2712 XLI.
619 2657 674 2710 Si
707 2655 929 2726 ingeniti
960 2653 1266 2724 proprietas
1323 2651 1460 2708 levis
1504 2661 1590 2708 est
1643 2667 1708 2707 ac
1751 2651 1962 2706 minimi

383 2749 658 2811 facienda,
693 2746 840 2817 quod
874 2747 928 2800 in
961 2744 1320 2799 mutationem
1355 2745 1608 2814 proclivis
1643 2743 1735 2808 sit,
1765 2744 1965 2798 immu-

373 2838 557 2892 tabilis
585 2835 892 2894 substantia
917 2841 1128 2889 naturae
1161 2832 1410 2902 quaedam
1439 2831 1680 2902 dignitas
1702 2837 1805 2896 est,
1840 2846 1962 2886 cum

372 2935 614 3004 ingenita
682 2931 990 2988 substantia
1061 2929 1309 2984 omnium
1366 2928 1717 2984 confessione
1771 2927 1959 2982 causis

373 3025 634 3081 omnibus
655 3025 971 3079 antecellat.

2063 1929 2204 1993 σίας.

2131 2107 2221 2164 Μ’.
2259 2107 2322 2160 Εἰ
2359 2107 2416 2161 δὲ
2477 2107 2572 2160 καὶ
2619 2105 2682 2159 τὸ
2718 2104 2978 2178 γεννητὸν
3029 2105 3327 2177 μετείληφε
3359 2106 3654 2176 μετουσίας

2062 2201 2380 2271 ἀγεννήτου,
2411 2201 2469 2252 ὲν
2493 2199 2551 2252 δὲ
2577 2198 2841 2268 γεννητοῦ
2871 2198 3031 2268 φύσει
3057 2199 3434 2270 ἀτελευτήτως
3455 2199 3652 2268 διαμέ-

2062 2307 2193 2355 νειε,
2221 2291 2270 2342 εἰ
2301 2291 2321 2321 ¹
2349 2289 2448 2358 μὲν
2468 2288 2532 2360 δὴ
2561 2289 2728 2359 ἀτελῆ
2763 2287 2923 2358 φύσει
2943 2288 3204 2357 γινώσκει
3225 2289 3411 2353 αὐτὸν,
3441 2290 3655 2358 ἀγνοῶν

2061 2383 2304 2454 δηλονότι
2349 2383 2450 2453 τὴν
2499 2381 2796 2452 ἀγέννητον
2852 2381 3167 2451 μετουσίαν.
3201 2381 3276 2435 Οὐ
3311 2381 3421 2451 γάρ
3447 2377 3562 2436 οἷόν
3593 2399 3654 2436 τε

2062 2475 2223 2529 αὐτὸν
2257 2475 2386 2545 περί
2413 2472 2608 2526 ἑαυτοῦ
2636 2473 2732 2525 καὶ
2763 2473 3058 2542 ἀγεννὴτου
3083 2472 3268 2535 οὐσίας
3287 2473 3489 2541 γνῶσιν
3507 2473 3655 2544 ἔχειν

2064 2567 2159 2620 καὶ
2187 2565 2474 2636 γεννητῆς.

2134 2656 2268 2712 MA'.
2297 2658 2358 2710 Εἰ
2385 2656 2441 2709 δὲ
2473 2649 2948 2727 εὐκαταφρόνητόν
3004 2656 3120 2708 ἐστι
3156 2655 3216 2710 τὸ
3247 2655 3544 2728 ἀγέννητον
3570 2654 3656 2710 διὰ

2069 2750 2370 2821 μεταϐολῆς
2417 2749 2864 2821 ἐπιτηδειότητα·
2917 2749 3138 2818 ἀξίωμα
3197 2746 3416 2818 φύσεώς
3469 2749 3654 2812 ἐστιν,

2065 2843 2220 2897 οὐσία
2265 2841 2674 2914 ἀμετάϐλητος,
2723 2842 2821 2912 τῆς
2881 2841 3180 2912 άγεννήτου
3235 2840 3428 2905 οὐσίας
3475 2840 3656 2911 πάσης

2067 2935 2246 2998 αἰτίας
2275 2935 2582 3008 κρείττονος
2609 2933 3060 3006 ὡμολογημένης.

445 3117 606 3173 XLII.
650 3116 708 3172 Si
729 3115 1032 3188 ingenitum
1057 3128 1283 3170 causam
1308 3111 1513 3166 nullam
1536 3111 1756 3182 penitus
1774 3111 1960 3174 habet,

2138 3117 2272 3172 ΜΗ.
2303 3115 2368 3172 Εἰ
2395 3116 2456 3170 τὸ
2486 3115 2782 3186 ἀγέννητον
2828 3115 3010 3184 πάσης
3045 3113 3224 3176 αἰτίας
3251 3111 3538 3183 ἐξῄρηται,
3571 3109 3656 3181 εἴη

377 3211 597 3278 sintque
623 3207 864 3279 ingenita
887 3205 1190 3276 complura,
1229 3202 1393 3274 930
1421 3201 1748 3256 immutabili
1771 3208 1963 3255 natura

2084 3208 2128 3262 Βὲ
2155 3207 2326 3261 πολλὰ
2353 3207 2654 3278 ἀγέννητοι·
2692 3204 3113 3276 ἀπαράλλακτον
3131 3203 3312 3270 ἕξουσι
3341 3201 3441 3274 τὴν
3471 3202 3654 3272 φύσιν.

343 3367 346 3370 _
376 3298 730 3354 constabunt.
765 3294 956 3365 Neque
993 3293 1137 3348 enim
1182 3293 1330 3348 velut
1362 3291 1626 3345 attributa
1657 3289 1967 3345 communis

379 3388 668 3459 cujusdam
742 3399 807 3441 ac
849 3384 1143 3454 peculiaris
1189 3389 1400 3436 naturae
1439 3379 1752 3435 conditione
1799 3379 1970 3449 parti-

384 3495 626 3550 cepsque
658 3476 824 3540 facta,
866 3477 1038 3531 altera
1063 3473 1252 3528 molita
1283 3481 1388 3536 est,
1419 3471 1582 3526 altera
1616 3471 1900 3542 producta.

451 3570 636 3638 XLIII.
680 3568 740 3624 Si
787 3567 1097 3624 substantia
1127 3566 1307 3621 omnis
1348 3565 1591 3634 ingenita
1623 3571 1727 3629 est,
1759 3563 1898 3617 nihil
1940 3577 1971 3616 a

384 3679 444 3721 se
482 3663 714 3716 invicem
755 3659 859 3714 hac
887 3674 954 3714 ex
984 3666 1137 3728 parte
1167 3655 1441 3722 diﬂ‘erent,
1468 3655 1616 3726 quod
1651 3663 1844 3710 neutra
1869 3653 1970 3708 do-

384 3756 666 3811 minationi
709 3753 960 3824 subjecta
991 3751 1064 3807 sit
1099 3750 1351 3806 alterius.
1401 3748 1585 3815 Quare
1614 3748 1839 3818 quinam
1894 3745 1974 3800 af-

385 3847 592 3903 ﬁrmari
631 3853 830 3917 potest,
863 3843 1062 3899 mutari
1099 3855 1288 3906 unam,
1321 3840 1549 3896 alteram
1578 3846 1808 3900 mutare,
1845 3851 1972 3891 cu'u

385 3938 498 3996 Deo
540 3940 766 3993 minime
795 3936 1136 4008 permittant,
1172 3940 1233 3990 ut
1261 3948 1329 3989 ex
1357 3932 1507 3988 nulla
1540 3929 1786 4002 subjecta
1837 3929 1972 3986 sub-

385 4031 585 4088 stantia
617 4029 906 4100 producat.

459 4120 641 4177 XLIV.
685 4122 742 4176 Si
775 4119 957 4175 omnis
989 4115 1300 4175 substantia
1337 4112 1576 4183 ingenita
1617 4121 1722 4176 est,
1753 4111 1974 4181 perinde

383 4221 441 4266 et
485 4211 632 4266 nttlla
666 4208 946 4264 variahilis
973 4215 1077 4263 est.
1111 4205 1268 4272 Quod
1301 4205 1346 4259 si
1385 4202 1586 4259 variari
1629 4209 1826 4256 natura
1865 4217 1973 4255 non

387 4310 587 4374 potest,
623 4315 788 4370 agere
827 4314 893 4354 ac
946 4297 1081 4368 pati,
1117 4294 1187 4351 ad
1216 4295 1502 4351 fortuitum
1533 4293 1828 4364 quentdam
1875 4305 1970 4346 cae

387 4410 510 4448 sum
544 4391 828 4446 referenda
850 4396 1002 4445 sunt.

2071 3299 2146 3352 Οὐ
2177 3298 2285 3368 γάρ
2313 3297 2400 3361 ἀν,
2423 3295 2497 3367 μὴ
2528 3293 2911 3364 ἀποκληρώσει
2939 3292 3156 3362 φύσεως
3176 3291 3320 3355 τινὸς
3352 3290 3535 3344 κοινοῦ
3564 3291 3662 3345 καὶ

2073 3391 2202 3444 ἰδίου
2227 3389 2605 3461 μετειληφυῖα,
2701 3388 2800 3458 μὲν
2824 3385 3020 3450 ἐποίει,
3058 3385 3091 3455 ἠ
3119 3385 3176 3438 δὲ
3211 3384 3446 3452 ἐγίνετο.

2141 3571 2272 3626 MI".
2307 3571 2371 3624 Εἰ
2397 3571 2544 3624 πᾶσα
2579 3568 2738 3622 οὐσία
2783 3567 2931 3620 ἐστὶν
2957 3565 3277 3635 ἀγέννητος,
3327 3561 3660 3632 οὐδοποτέρα

2071 3663 2260 3716 διοίσει
2319 3662 2420 3732 τῆς
2474 3661 2641 3730 ἀλλ-ης
2689 3658 2831 3712 κατὰ
2875 3658 2936 3711 τὸ
2977 3657 3294 3712 ἀδέσποτον.
3327 3655 3456 3721 Πῶς
3477 3652 3570 3711 ὧν
3595 3657 3660 3710 ἀν

2074 3773 2156 3818 τις
2179 3755 2312 3825 φαίη
2337 3755 2434 3826 τὴν
2471 3754 2569 3824 μὲν
2599 3749 3055 3824 μεταϐάλλεσθαι,
3085 3751 3184 3819 τὴν
3205 3750 3260 3802 δὲ
3281 3747 3658 3820 μεταϐάλλειν,

2073 3845 2175 3898 οὐκ
2199 3845 2602 3914 ἐπιτρεπόντων
2628 3841 2706 3913 τῷ
2731 3837 2850 3910 Θεῷ
2883 3839 3116 3909 ὐφιστᾷν
3149 3841 3215 3892 ὲκ
3249 3839 3328 3910 μὴ
3357 3837 3658 3905 ὑποκειμέ-

2075 3953 2171 4006 νης
2200 3935 2388 3998 οὐσίας
2411 3952 2426 4000 ;

2145 4115 2274 4168 ΜΔν.
2307 4113 2370 4166 Εἰ
2405 4113 2553 4166 πᾶσα
2585 4111 2743 4165 οὐσία
2775 4111 2924 4164 ἐστὶν
2976 4109 3297 4180 ἀγέννητος,
3330 4109 3482 4164 πᾶσά
3513 4109 3660 4162 ἐστιν

2077 4204 2518 4276 ἀπαράλλακτος.
2583 4191 2692 4274 Τῆς
2747 4203 2804 4256 δὲ
2857 4201 3049 4266 οὐσίας
3111 4202 3172 4254 τὸ
3243 4191 3660 4271 ἀπαράλλακτον

2074 4298 2326 4370 ἐχούσης,
2383 4297 2446 4351 τὸ
2502 4299 2675 4351 ποιεῖν
2727 4295 2822 4350 καὶ
2875 4295 2937 4349 τὺ
2984 4283 3216 4368 πάσχειν
3267 4293 3660 4366 αὐτοματισμῷ

2077 4391 2388 4446 ἀναθετέον.

461 4479 622 4534 XLV.
663 4480 821 4546 Quod
845 4481 892 4535 si
927 4480 1096 4534 multa
1121 4477 1232 4534 sint
1261 4477 1501 4547 ingenita
1526 4485 1580 4531 et
1603 4474 1963 4540 invariahilia,

2145 4485 2278 4538 ME'.
2331 4481 2544 4536 Πολλῶν
2587 4483 2643 4538 δὲ
2689 4483 2857 4536 ὄντων
2915 4483 3231 4552 ἀγεννήτων
3279 4482 3375 4535 καὶ
3417 4477 3660 4550 ἀπαραὶρ

395 4574 545 4629 nullo
575 4581 724 4627 certo
746 4589 778 4626 a
805 4588 864 4627 se
891 4573 1124 4626 invicem
1156 4585 1381 4624 numero
1413 4569 1826 4638 discrepabunt.
1872 4565 1974 4621 Nc-

392 4677 500 4736 que
533 4665 676 4718 enim
711 4662 1100 4733 comprehendi
1145 4675 1378 4715 numero
1407 4666 1691 4728 poterunt.
1724 4673 1846 4728 qua:
1889 4659 1974 4712 vel

397 4757 667 4818 absolute,
705 4755 792 4808 Vel
821 4755 1003 4823 aliqua
1039 4769 1107 4808 ex
1149 4759 1302 4823 parte
1342 4750 1627 4816 «liberant;
1671 4765 1794 4804 cum
1824 4749 1978 4803 diﬂ‘e—

397 4850 570 4905 reutia
610 4846 790 4902 omnis
817 4845 1193 4901 determinatae
1226 4859 1409 4900 causa:
1453 4843 1508 4897 in
1555 4843 1798 4913 ingenita
1829 4855 1980 4896 natu-
2023 4873 2027 4876 -

405 4957 464 4996 ra
499 4941 646 4995 velut
677 4939 999 4993 attributam
1037 4945 1242 4994 sortem
1273 4935 1567 5007 signiﬁcet.

469 5029 654 5086 XLVI.
697 5029 757 5084 Si
813 5028 1030 5102 [verba]
1077 5027 1353 5099 ingenitus
1415 5034 1471 5082 ct
1529 5025 1671 5080 Deus
1729 5041 1828 5095 pro
1873 5039 1982 5080 uno

399 5125 700 5195 eodemque
749 5132 1056 5188 sumantur,
1099 5121 1374 5191 ingenitus
1431 5119 1727 5190 ingenitum
1773 5119 1978 5189 genuit.

405 5217 500 5270 Sin
548 5217 826 5272 diversum
853 5214 1133 5286 quiddam,
1169 5212 1396 5282 ingeniti
1429 5227 1492 5265 ac
1549 5211 1642 5264 Dei
1697 5209 1981 5274 vocabula,

403 5309 701 5372 declarant,
751 5323 1098 5378 nequaquam
1121 5305 1419 5360 absurdum
1474 5313 1583 5366 est,
1618 5303 1788 5357 Deum
1829 5301 1986 5356 aDeo

402 5403 562 5470 genit-
589 5418 640 5456 m
663 5417 807 5467 esse,
845 5416 968 5456 cum
1013 5408 1248 5470 uterque
1281 5397 1350 5453 ab
1389 5397 1630 5468 ingenita
1675 5393 1985 5450 substantia

404 5493 668 5570 originem
707 5493 946 5548 duxerit.

475 5577 682 5633 XLVII.
726 5581 784 5634 Si
819 5589 948 5635 ante
981 5579 1149 5634 Deum
1183 5579 1318 5632 nihil
1359 5577 1585 5633 omnino
1612 5577 1736 5638 fuit,
1782 5576 1860 5630 uti
1899 5589 1988 5630 re-

481 5731 494 5762 ¹
525 5734 656 5790 Cor.
680 5737 800 5806 ὁρᾷ.

2081 4577 2314 4640 λάκτων,
2338 4575 2720 4646 ἀναριθμήτως
2747 4575 3038 4630 διοίσουσιν
3063 4575 3330 4646 ἀλλήλων.
3355 4574 3431 4626 οὐ
3455 4573 3561 4644 γάρ
3595 4572 3654 4624 ἀν

2083 4669 2170 4739 εἴη
2199 4666 2476 4738 ἀριθμητά
2506 4666 2573 4719 τά
2597 4666 2862 4720 διεστῶτα
2889 4667 2921 4730 ἦ
2945 4665 3200 4730 καθόλου,
3233 4665 3265 4736 ἢ
3295 4663 3438 4718 κατὲ
3471 4683 3544 4724 τι,
3566 4663 3660 4714 πά-

2085 4776 2184 4828 σης
2231 4757 2562 4819 διαστάσεως
2627 4756 3053 4828 ἀποκληρώματί
3081 4757 3100 4788 ³
3129 4773 3250 4809 τινα
3275 4754 3658 4825 ἐμφαινούσης,

2087 4852 2216 4925 [ἔτι]
2252 4853 2698 4923 ἀποτεταγμένης
2727 4850 3026 4920 ἁγεννήτου
3059 4849 3294 4918 φύσεως.

2159 5037 2301 5104 Μαι.
2337 5037 2401 5088 Εἰ
2424 5034 2484 5088 τὸ
2505 5033 2833 5104 (ἰγέννητος
2851 5033 2944 5086 καὶ
2963 5033 3023 5084 τδ
3059 5030 3206 5098 Θεὸς
3236 5033 3300 5084 ἐκ
3327 5029 3661 5103 παραλλήλου

2089 5129 2150 5180 τὸ
2177 5127 2307 5180 αὐτὸ
2336 5127 2501 5197 δηλοῖ,
2535 5125 2826 5196 ἀγέννητον
2856 5123 3149 5194 ἀγέννητος
3177 5123 3492 5194 ἐγέννησεν.
3531 5123 3588 5174 Εἰ
3613 5121 3662 5173 δὲ

2091 5217 2275 5288 ἔτερόν
2305 5233 2355 5269 τι
2375 5215 2526 5287 δηλοί
2556 5215 2616 5268 τὸ
2647 5215 2965 5285 ἀγέννητον,
2996 5213 3182 5284 ἕτερον
3206 5213 3263 5266 δὲ
3291 5212 3351 5266 τὸ
3381 5212 3545 5276 Θεὸς,

2093 5309 2291 5362 άτοπον
2317 5306 2372 5358 δὲ
2398 5305 2474 5376 τῷ
2501 5305 2620 5376 Θεῷ
2661 5305 2793 5358 Θεὸν
2835 5303 3243 5374 γεγεννηκέναι,
3283 5303 3548 5374 ἑκατέρου
3573 5293 3678 5376 τὴ·-

2093 5397 2326 5470 ὖπαρξιν
2358 5396 2612 5462 λαόόντος
2647 5397 2707 5462 ἐξ
2731 5397 3028 5466 ἀγεννήτου
3057 5396 3263 5458 οὐσίας.

2167 5576 2300 5630 ΜΖ’.
2335 5577 2396 5629 Εἰ
2419 5575 2474 5629 δὲ
2513 5575 2574 5628 τὸ
2609 5575 2716 5646 πρὸ
2737 5574 2831 5629 τοῦ
2869 5571 3006 5629 Θεοῦ
3033 5572 3198 5644 μηδὲν
3225 5575 3335 5646 εἴη,
3359 5571 3548 5644 ὥσπερ
3567 5571 3658 5622 οὐκ

901 5738 922 5767 ¹
959 5735 1088 5790 Cor.
1120 5738 1177 5792 ἐν
1211 5747 1264 5793 et
1296 5736 1492 5791 ἀτελεῖ.
1571 5735 1592 5768 ³
1625 5753 1711 5803 rp.
1756 5732 2222 5806 ἀποκληρώματα.
