3990 6228
296 320 406 378 545

868 311 1235 369 anvsasus
1275 309 1619 368 "massas
1657 309 1785 366 LIB.
1831 312 1919 370 ιιι.
1962 315 2124 373 τοιι.
2170 315 2208 369 ι.
2252 346 2320 355 -
2359 275 2633 370 "mnes.
2676 314 2913 372 Lxxvt.

3484 319 3588 376 διο

298 439 443 499 ἐστι,
506 435 566 486 τὸ
597 431 741 497 Θεὸς
800 430 975 484 καὶτὸ
1018 430 1314 501 ἀγέννητον
1373 429 1569 482 ταυτὸν
1614 430 1782 500 δηλοῖ,
1842 433 1903 485 ού

2024 448 2136 489 vera
2184 433 2319 488 nihil
2362 433 2591 498 exstitit,
2641 434 2783 489 Deus
2812 441 2865 488 et
2898 433 3199 504 ingenitum
3248 433 3391 489 idem
3431 436 3591 507 plane

300 527 671 602 προσιεμένου
744 524 839 577 τοῦ
915 523 1259 593 γεννήματος
1322 522 1382 575 τὸ
1432 523 1746 592 ἀγέννητον.
1814 524 1906 575 Διὸ

302 622 429 675 οὐδὲ
475 620 539 673 τὸ
588 614 1057 689 συνεκφωνεῖσθαι
1100 615 1177 686 τῷ
1216 614 1337 686 Θεῷ
1375 614 1471 668 καί
1531 614 1707 685 Πατρὶ
1757 613 1907 685 αὐτῷ

301 714 591 783 ἀνέχεται.

388 804 769 876 Ἐρῤωμένους
818 803 913 857 καὶ
962 800 1282 874 ἐρρωμένας
1324 801 1468 871 ὑμᾶς
1494 802 1521 852 ὁ
1553 800 1628 852 ὣν
1658 798 1910 869 αὐτογέν-

303 916 470 969 νητος
505 898 659 963 Θεὸς,
695 899 723 950 ὀ
750 898 847 949 καὶ
881 895 1041 967 μόνος
1066 893 1320 965 ἀληθινὸς
1350 892 1483 955 Θεὸς
1536 909 1908 963 προσαγορευ-

301 991 424 1053 θεὶς
489 991 597 1043 ὑπὸ
652 988 748 1042 τοῦ
811 988 1212 1049 ἀποσταλέντος
1277 985 1452 1056 Ἰησοῦ
1480 984 1742 1056 Χριστοῦ,
1775 985 1908 1037 ὐπο-

306 1083 538 1145 στάντος
589 1098 650 1134 τε
706 1080 923 1152 ἀληθῶς
966 1079 1074 1151 πρὸ
1111 1079 1343 1143 αἰώνων,
1373 1078 1468 1131 καὶ
1506 1078 1658 1141 ὄντος
1691 1075 1908 1147 ἀληθῶς

305 1174 579 1245 γεννητῆς
611 1173 989 1236 ὑποστάσεως,
1020 1172 1346 1242 διατηρήσει
1368 1170 1477 1224 ἀπὸ
1501 1171 1599 1239 τῆς
1625 1170 1905 1233 ἀσεϐείας,

305 1270 365 1321 ὲκ)
394 1267 618 1337 Χριστῷ
669 1265 844 1338 Ἰησοῦ
877 1264 953 1335 τῷ
989 1263 1181 1335 Κυρίῳ
1204 1263 1382 1333 ἡμῶν,
1424 1262 1489 1314 δι’
1512 1254 1573 1314 οὗ
1610 1263 1762 1316 πᾶσα
1781 1263 1910 1329 δόξα

303 1359 385 1429 τῷ
414 1361 594 1431 Πατρὶ
622 1359 719 1413 καὶ
744 1357 839 1412 νῦν
868 1357 964 1411 καὶ
1006 1356 1093 1410 ἀεὶ
1133 1355 1226 1407 καί⁵
1276 1356 1356 1417 εἰς
1411 1354 1538 1417 τοὺς
1567 1354 1771 1418 αἰῶνας
1798 1354 1908 1409 τῶν

306 1452 546 1506 αἰώνων.
604 1453 798 1522 Ἀμήν.
870 1508 875 1519 ,
942 1452 945 1455 λ

274 1566 287 1602 ι
380 1545 747 1614 Πεπλήρωται
780 1542 839 1596 τὸ
869 1540 1155 1612 σύνταγμα
1182 1538 1293 1595 τῶν
1321 1539 1552 1593 Ἀετίου.

380 1637 497 1689 Καὶ
521 1635 637 1688 ἑστι
669 1633 779 1688 τῶν
803 1633 883 1697 εἰς
905 1633 1058 1704 ἡμᾶς
1090 1630 1199 1685 ἀπὸ
1218 1629 1418 1701 μέρους
1446 1628 1709 1683 ὲλθόντων
1737 1624 1906 1679 αὐτοῦ

305 1726 657 1799 φθοριμαίων
708 1723 929 1790 λέξεων,
979 1722 1271 1793 ὼςοὲφην,
1310 1722 1344 1792 ἠ
1390 1720 1535 1793 ἀρχὴ
1579 1720 1711 1790 παρ’
1746 1718 1906 1788 ἡμῶν

2009 526 2341 597 significant,
2378 541 2502 579 cum
2544 526 2728 596 genita
2767 525 2985 580 soboles
3018 525 3319 595 ingenitum
3350 538 3456 577 non
3494 524 3591 578 ad-

2007 619 2206 671 mittat.
2247 615 2402 670 Unde
2460 631 2585 668 cum
2615 615 2728 670 Deo
2761 632 2825 671 ac
2858 615 3018 672 Patre
3062 631 3164 670 suo
3195 616 3361 670 simul
3404 617 3592 686 appel-

2008 708 2108 763 lari
2140 724 2262 763 sese
2285 724 2394 762 non
2428 708 2656 777 patitur.

2079 799 2224 856 Deus
2271 801 2383 863 ille,
2420 801 2512 870 qui
2558 816 2587 854 a
2637 800 2789 854 nullo
2829 800 2937 854 alio
2983 801 3202 870 genitus
3245 809 3349 864 est,
3386 798 3593 869 quique

2009 893 2160 949 solus
2197 910 2362 948 verus
2398 892 2544 948 Deus
2582 893 2651 947 ab
2693 891 2822 946 Jesu
2861 892 3102 954 Christo,
3132 892 3223 961 qui
3264 891 3331 945 ab
3360 906 3425 944 eo
3457 892 3589 943 mis-

2009 1002 2105 1042 sus
2147 995 2290 1049 erat,
2327 986 2630 1056 appellatus
2660 992 2762 1049 est,
2810 982 3053 1046 Christo,
3088 983 3333 1050 inquam,
3375 981 3467 1050 qui
3506 996 3591 1034 ro.-

2008 1094 2139 1133 vera
2179 1086 2304 1133 ante
2336 1078 2536 1132 saecula
2570 1076 2754 1131 omnia
2794 1074 3026 1137 exstitit,
3060 1080 3255 1141 estque
3282 1071 3400 1126 sine
3422 1071 3595 1124 dubio

2009 1173 2188 1241 genita
2235 1170 2568 1236 substantia,
2613 1184 2780 1224 sanos
2822 1183 2939 1233 vos,
2977 1180 3253 1235 sanasque
3285 1172 3340 1218 et
3377 1164 3591 1216 incolu-

2010 1278 2129 1318 mes
2170 1263 2239 1317 ab
2284 1262 2564 1332 impietate
2607 1259 2920 1322 custodiat,
2961 1260 3018 1312 in
3056 1258 3276 1313 Christo
3323 1253 3449 1311 Jcsu
3485 1253 3593 1307 Do-

2010 1353 2160 1409 mino
2180 1361 2409 1409 nostro:
2438 1369 2533 1424 per
2559 1367 2719 1422 quem
2743 1350 2923 1406 omnis
2948 1351 3120 1421 gloria
3144 1348 3295 1402 Patri
3343 1359 3399 1403 et
3449 1361 3596 1400 nunc

2007 1452 2064 1500 et
2096 1460 2334 1515 semper,
2367 1454 2421 1499 et
2450 1447 2506 1500 in
2542 1444 2741 1501 szecula
2773 1443 3123 1498 saeculorum.
3151 1442 3346 1496 Amen.

2091 1535 2372 1594 Hactenus
2410 1538 2551 1593 Aetii
2580 1536 2931 1607 opusculum.

2080 1629 2196 1685 Hoc
2241 1630 2404 1700 igitur
2445 1628 3044 1700 perniciosissimarum
3094 1624 3237 1681 Aetii
3288 1622 3597 1680 sententiae

2009 1736 2132 1776 rum
2153 1761 2167 1785 ,
2204 1736 2437 1791 quarum
2466 1720 2532 1775 ad
2566 1712 2689 1776 nos'
2714 1719 2997 1790 particulae
3040 1716 3288 1789 quaedam
3332 1730 3596 1786 pervene-

303 1817 731 1890 ἀνατρεπομένη
770 1817 934 1888 αὓτη.
982 1815 1290 1886 Τριακόσια
1327 1811 1438 1883 γὰρ
1467 1811 1603 1883 ὁμοῦ
1631 1811 1902 1880 κεφάλαια

2024 1819 2154 1876 'unt,
2192 1811 2518 1882 principium
2548 1818 2635 1867 est
2668 1818 2855 1866 nostra
2900 1810 3004 1864 hac
3035 1808 3407 1878 disputatione
3437 1804 3597 1860 refel-

304 1913 647 1984 ὁμοιότροπα
687 1909 900 1972 τούτοις
946 1908 1109 1977 φασὶν
1168 1906 1333 1959 αὐτὸν
1378 1903 1759 1974 πεποιηκέναι,
1812 1902 1912 1955 πά·

306 2023 413 2077 σης
475 2003 825 2075 βλασφημίας
868 2000 1104 2069 ἔμπλεα.
1158 1994 1427 2050 Ἐνταῦθα
1465 1994 1522 2047 δὲ
1560 1992 1635 2057 ὡς
1673 1990 1908 2045 ἀπολλυ-

308 2099 478 2169 μένου
511 2096 761 2166 σώματος
795 2091 1025 2164 ἑρπετοῦ
1061 2090 1156 2143 καὶ
1188 2085 1755 2155 σαπέντος,ὲπηϐόλου
1785 2086 1799 2113 ⁸
1824 2101 1905 2137 τι-

306 2191 401 2255 νὸς
421 2188 716 2243 σπουδαίου
754 2182 1159 2255 ἀναλεξαμένου
1190 2179 1297 2234 τῶν
1330 2178 1425 2232 τοῦ
1454 2175 1686 2247 ἑρπετοῦ
1717 2174 1905 2243 λειψά-

306 2300 418 2336 νων
441 2280 511 2333 τά
532 2279 696 2333 ὀστέα
730 2279 809 2342 εἰς
829 2275 1008 2346 λύμην
1041 2272 1226 2336 τινῶν,
1259 2271 1328 2343 ἢν
1376 2270 1649 2340 καυχᾶται
1684 2266 1906 2320 ἐπιϐου-

306 2375 411 2448 λὴν
443 2371 828 2443 πεποιηκέναι,
860 2369 974 2421 τισὶ
1003 2365 1234 2438 γράφων
1255 2362 1439 2448 δῆθεν,
1470 2361 1547 2424 ὡς
1574 2358 1718 2414 κατά
1760 2358 1907 2428 φιλο-

305 2446 509 2520 καλίαν
543 2464 788 2536 περιέχει
821 2461 882 2515 τὸ
926 2456 1350 2528 συνταγμάτων,
1382 2446 1444 2507 οὗ
1479 2455 1509 2524 ὴ
1538 2451 1681 2523 ἁρχὴ
1710 2449 1906 2513 οὕτως,

306 2552 374 2612 οὗ
401 2559 612 2613 εἵνεκεν
667 2558 763 2611 καὶ
809 2554 963 2609 αὐτοὶ
986 2552 1086 2622 τῆς
1119 2549 1215 2603 τοῦ
1248 2546 1385 2602 Θεοῦ
1420 2544 1701 2618 ἐνεργείας
1724 2543 1792 2596 τὰ
1822 2544 1907 2595 ἰα-

307 2652 442 2706 τικά
486 2651 598 2704 τῶν
663 2649 838 2717 λόγων
886 2646 986 2717 τῆς
1037 2644 1188 2707 Θείας
1233 2640 1462 2712 Γραφῆς
1515 2636 1907 2707 ἀναλεξάμενοι

308 2746 413 2801 ἀπ’
461 2742 639 2815 ἀρχῆς
698 2740 827 2811 ἄχρι
873 2738 1080 2802 τέλους,
1153 2720 1564 2804 ἀνατρεπτικὴν
1609 2727 1905 2790 ἀντίδοτον,

310 2834 824 2902 κατασκευάσωμεν
853 2831 964 2893 τοῖς
989 2824 1338 2898 βουλομένοις
1381 2820 1598 2891 ἰαθῆναι
1621 2821 1719 2889 τῆς
1740 2816 1908 2872 αὐτοῦ

312 2929 582 2993 ἰοϐολίας,
618 2925 879 2996 ἄντικρυς
931 2920 1170 2981 ἑκάστης
1212 2914 1412 2981 λέξεως
1448 2910 1764 2983 ἀνατροπὰς
1805 2925 1911 2962 πα-

312 3023 688 3098 ραθησόμενοι
738 3016 849 3071 τῶν
898 3013 1081 3070 αὐτῶν
1125 3005 1550 3078 συλλογιστικῶν
1598 3002 1911 3074 κεφαλαίων

309 3116 490 3179 οὕτως
518 3131 533 3146 ·

2011 1906 2268 1972 lendum;
2319 1904 2503 1959 ferunt
2540 1905 2685 1959 enim
2735 1910 2981 1958 trecenta
3026 1901 3096 1956 a'b
3145 1900 3239 1954 illo
3280 1898 3597 1968 conscripta

2006 1996 2165 2067 931
2210 1996 2448 2065 capitula
2476 1996 2708 2049 istorum
2739 1994 2963 2057 similia,
2999 2007 3064 2047 ac
3090 1991 3438 2046 contumeliis
3464 1990 3600 2044 divi-

2007 2103 2136 2141 num
2166 2087 2221 2140 in
2244 2084 2456 2139 Numen
2481 2086 2704 2140 referta.
2737 2084 2836 2137 Hic
2856 2091 3038 2137 autem
3065 2080 3294 2152 perinde
3319 2094 3383 2133 ac
3405 2079 3452 2134 si
3476 2079 3599 2148 quis

2005 2180 2241 2234 emortui
2276 2178 2565 2247 cujusdam
2607 2191 2672 2230 ac
2718 2175 3012 2247 putrefacti
3057 2171 3330 2243 serpentis
3382 2171 3594 2242 peritus

2006 2285 2071 2324 ac
2116 2270 2399 2325 studiosus
2438 2266 2635 2322 artifex
2682 2266 2943 2336 reliquias
2982 2272 3147 2335 atque
3193 2278 3321 2318 ossa
3367 2262 3596 2333 legerit,

2008 2364 2083 2417 ita
2115 2360 2386 2432 pestifer-.e
2432 2360 2580 2414 illius
2619 2359 2885 2413 doctrina:
2918 2364 3146 2427 partem,
3180 2369 3345 2425 quam
3387 2354 3457 2407 ad
3496 2353 3598 2408 ho-

2008 2455 2184 2510 mines
2209 2451 2561 2522 decipiendos
2593 2451 2800 2520 scripto
2832 2450 2924 2504 illo
2948 2464 3050 2504 suo
3076 2446 3144 2502 ad
3172 2447 3442 2518 quosdam
3463 2446 3595 2500 dato

2009 2542 2306 2606 commisit,
2356 2555 2420 2594 ac
2448 2540 2517 2594 de
2545 2554 2612 2594 eo
2654 2546 2912 2608 tauquam
2953 2535 3172 2609 egregio
3204 2534 3391 2603 aliquo
3437 2546 3602 2602 opere

2010 2635 2297 2707 gloriatur,
2344 2631 2530 2703 hujus,
2581 2631 2825 2699 inquam,
2860 2637 3069 2699 partem
3116 2623 3599 2681 lucubratiuncula

2012 2728 2105 2783 illa
2140 2726 2423 2792 continet,
2462 2724 2621 2794 cujus
2662 2724 2878 2777 initium
2925 2720 3343 2789 descripsimus.
3383 2716 3599 2783 Quibus

2010 2817 2078 2873 de
2117 2818 2305 2872 causis
2345 2826 2401 2871 et
2442 2830 2544 2870 nos
2576 2830 2642 2869 ex
2689 2812 2991 2884 Scripturis
3026 2812 3201 2867 sacris
3228 2809 3415 2865 divina
3448 2822 3604 2878 quat-

2012 2908 2138 2963 dam
2167 2916 2331 2978 atque
2374 2906 2752 2961 efficacissima
2794 2904 3031 2959 remedia
3058 2903 3126 2958 ab
3159 2901 3315 2956 initio
3347 2900 3415 2954 ad
3442 2899 3608 2953 tinent

2012 3017 2190 3070 usque
2222 2999 2575 3069 collegimus,
2621 3013 2688 3053 ex
2720 2996 2920 3067 quibus
2965 2994 3272 3049 antidotum
3320 2991 3599 3060 quoddam

2014 3095 2354 3151 confecimus
2388 3095 2443 3150 in
2466 3108 2656 3149 eorum
2687 3094 2914 3162 gratiam
2937 3131 2952 3155 ,
2990 3092 3081 3161 qui
3116 3091 3184 3144 ab
3209 3090 3357 3144 illius
3396 3100 3609 3143 veneno

310 3224 383 3265 ac
425 3216 579 3279 peste
618 3203 803 3259 curari
834 3199 1090 3257 voluerit.
1122 3196 1202 3251 Ac
1243 3192 1586 3264 singulorum
1643 3187 2038 3259 propemodum
2072 3189 2365 3249 verborum
2413 3203 2479 3243 ex
2528 3184 2879 3257 syllogisticis
2926 3184 3035 3239 illis
3091 3181 3348 3253 capitulis
3403 3178 3600 3237 conlu-

312 3297 585 3358 tation'em
616 3296 926 3355 istiusmodi
961 3292 1303 3364 subjecimus
1331 3308 1344 3344 :

682 3412 758 3468 Τὰ
797 3412 1026 3467 Ἀετίου
1068 3408 1177 3463 τοῦ
1227 3404 1558 3475 Ἀνομοίου.

403 3505 625 3577 Ἐπειδὴ
651 3505 745 3558 τοῦ
776 3500 1158 3572 ἐπενεχθέντος
1206 3501 1264 3553 ὲν
1312 3494 1487 3567 καιρῷ
1512 3494 1644 3564 ἡμῖν
1674 3486 1915 3559 διωγμοῦ

318 3601 429 3656 ὑπὸ
451 3599 562 3653 τῶν
586 3595 866 3670 χρονιτῶν,
896 3594 1042 3656 τινὲς
1067 3591 1176 3645 τῶν
1207 3586 1623 3662 προειρημένων
1670 3598 1830 3651 σφετε
1842 3598 1920 3652 ρι-

318 3695 552 3767 σάμενοι
590 3690 729 3764 μετά
768 3688 863 3743 καί⁵
911 3686 1085 3741 ἄλλων
1128 3682 1344 3736 πολλῶν
1386 3677 1723 3748 πονημάτιον
1748 3690 1919 3767 evroo-

317 3763 519 3841 δασθὲν
563 3763 696 3855 ἡμῖν
739 3779 1052 3844 ἰδιαζόντως
1100 3776 1229 3847 περὶ
1287 3772 1585 3843 ἀγεννήτου
1637 3765 1774 3819 Θεοῦ
1820 3763 1921 3855 καὶ

319 3854 610 3948 γεννητοῦ,
655 3870 1030 3944 παρενθήκαις
1074 3885 1133 3921 τε
1175 3865 1270 3921 καὶ
1317 3863 1639 3933 ἀφαιρέσεσι
1674 3854 1916 3948 διαφθεί-

324 3986 521 4043 ραντες
552 3965 843 4032 ἐξέδωκαν,
865 3961 964 4033 τὴν
990 3958 1282 4014 ἀκόλουθον
1312 3953 1647 4026 ἀμείψαντες
1676 3947 1920 4019 ἀγωγὴν,

321 4064 457 4140 ἦλθε
490 4066 547 4119 δὲ
582 4062 720 4135 μετά
749 4059 922 4114 ταῦτα
960 4055 1118 4111 τοῦτο
1143 4055 1223 4117 εἰς
1252 4053 1418 4123 ἡμᾶς,
1448 4047 1593 4110 τινὸς
1622 4045 1728 4098 τῶν
1759 4058 1924 4140 σπου-

322 4132 492 4217 δαίων
526 4132 658 4229 ἡμῖν
702 4154 832 4208 αὐτὸ
876 4146 1412 4223 προσκεκομικότος⁶
1453 4136 1807 4212 ἠναγκάσθην
1836 4132 1925 4229 οἷα

326 4251 516 4323 πατὴρ
551 4227 721 4311 αὖθις
772 4243 1110 4312 διακαθάρας
1169 4234 1449 4306 ἐκπέμψαι
1501 4233 1629 4303 ὑμῖν
1678 4229 1739 4282 τὸ

327 4320 590 4419 γράμμα,
620 4335 665 4395 ὦ
695 4340 899 4402 πάντες
940 4333 1224 4394 εὐσεϐείας
1262 4325 1490 4398 ἀθληταί
1530 4341 1590 4376 τε
1631 4323 1723 4376 καὶ
1763 4320 1928 4391 ἀθλή-

338 4455 501 4510 τριαι,
523 4436 670 4497 ὅπως
701 4432 767 4486 ἂν
793 4430 994 4483 εἰδέναι
1026 4425 1200 4496 ἔχοιτε
1226 4421 1346 4475 κατ’
1378 4418 1585 4471 ἔννοιαν
1615 4413 1723 4467 τῶν
1759 4412 1927 4481 ἁγίων

331 4500 566 4604 Γραφῶν
613 4522 863 4596 εἰρῆσθαι
915 4517 1072 4591 ἡμῶν
1132 4516 1193 4569 τὸ
1246 4510 1494 4580 λογίδιον,
1528 4508 1595 4561 δι’
1644 4500 1704 4560 οῦ
1749 4504 1928 4604 πάντα

332 4594 622 4694 ἄνθρωπον
650 4594 952 4683 ἀντιλέγειν
977 4611 1105 4681 ὑμῖν
1120 4600 1504 4675 ἐπιχειροῦντα
1536 4598 1665 4670 περί
1693 4594 1927 4694 ἀγεννῆ-

338 4683 594 4770 τουᾟεοῦ
624 4707 718 4762 καὶ
767 4699 1028 4773 γεννητοῦ
1072 4697 1265 4753 παύει»
1317 4690 1692 4762 ἀναισχυντεῖν
1745 4683 1929 4739 συντό-

2374 3392 2514 3447 Aetii
2543 3391 2783 3446 Anoma’i
2814 3388 3081 3459 praefatio.

2092 3486 2364 3555 Quoniam
2390 3484 2790 3555 persecutionis
2815 3483 2963 3538 illius
2995 3489 3260 3551 tempore,
3292 3495 3459 3551 quam
3483 3493 3614 3534 con-

2020 3585 2105 3632 tra
2154 3593 2255 3633 nos
2304 3574 2619 3645 temporarii
2666 3573 2888 3644 quidam
2933 3572 3188 3626 homines
3250 3572 3609 3634 excitarunt,

2022 3666 2271 3722 nonnulli
2299 3666 2453 3721 exiis
2480 3680 2617 3735 quos
2638 3664 2900 3728 diximus,
2939 3663 3079 3717 inter
3113 3663 3218 3715 alia
3248 3663 3437 3728 multa,
3473 3677 3612 3731 opu-

2021 3760 2236 3817 sculum
2264 3759 2537 3829 quoddam
2574 3758 2827 3828 privatim
2862 3772 2891 3810 a
2926 3757 3083 3813 nobis
3128 3755 3512 3809 elucubratum
3546 3754 3615 3809 de

2023 3851 2266 3923 ingenito
2323 3848 2435 3904 Deo
2466 3863 2529 3903 ac
2563 3849 2745 3918 genito
2783 3846 3177 3916 subripientes,
3216 3845 3491 3915 plerisque
3517 3845 3616 3898 ad-

2023 3943 2186 4007 ditis,
2234 3953 2328 3996 aut
2376 3939 2677 4004 detractis,
2719 3938 3104 4009 interpolatum
3146 3951 3209 3991 ac
3256 3936 3611 4006 depravatum

2024 4034 2333 4097 ediderunt,
2380 4031 2697 4101 perturbata
2727 4032 2949 4100 insuper
2988 4028 3197 4086 ordinis
3242 4029 3415 4093 serie;
3450 4038 3616 4099 atque

2026 4126 2159 4182 illud
2191 4126 2332 4179 idem
2363 4132 2550 4195 postea
2584 4124 2888 4178 litterarum
2917 4122 3138 4192 quidam
3172 4121 3239 4175 ad
3266 4136 3366 4176 nos
3398 4121 3613 4177 studio-

2027 4234 2123 4274 sus
2166 4217 2370 4277 attulit,
2405 4230 2633 4270 necesse
2655 4214 2820 4269 habui
2844 4253 2859 4278 ,
2891 4220 3079 4283 utpote
3110 4213 3255 4267 illius
3291 4222 3502 4277 auctor,
3534 4228 3618 4269 re-

2028 4311 2300 4365 censitum
2324 4322 2388 4362 ac
2417 4315 2769 4377 repurgatum
2800 4321 2939 4377 opus
2969 4304 3113 4359 istud
3140 4305 3205 4358 ad
3244 4320 3339 4359 vos
3375 4306 3615 4371 mittere,

2029 4403 2344 4473 quicunque
2376 4400 2596 4471 pietatis
2627 4398 2845 4453 athleta:
2871 4399 3154 4467 utriusque
3184 4413 3350 4453 sexus
3374 4398 3529 4462 estis,
3559 4406 3619 4452 ut

2031 4492 2351 4564 intelligatis
2385 4491 2521 4545 nihil
2552 4505 2662 4544 non
2692 4489 2748 4543 in
2771 4504 2837 4544 eo
2866 4505 2928 4544 ex
2968 4504 3251 4543 sacrarum
3286 4486 3617 4544 Litterarum

2029 4601 2291 4657 germano
2318 4599 2441 4640 esse
2484 4590 2650 4639 senSu
2684 4582 2974 4653 prolatum.
3007 4581 3437 4652 Cujus,quidem
3480 4598 3619 4652 pra:-

2033 4679 2175 4735 sidio
2203 4693 2298 4734 eos
2320 4692 2533 4741 omnes,
2559 4677 2649 4746 qui
2677 4675 3059 4731 contradicere
3090 4675 3389 4740 voluerint,
3428 4676 3621 4745 paucis

336 4768 459 4879 μοις
508 4768 865 4873 περιτροπαῖς
913 4768 934 4828 ί
985 4789 1315 4862 δυνήσεσθε·
1368 4787 1586 4841 πάντων
1630 4783 1687 4838 δὲ
1731 4780 1915 4853 μᾶλλοι

2034 4771 2361 4844 quibusdam
2408 4770 2649 4825 breviter
2696 4769 2946 4839 objectis,
2983 4768 3274 4838 prohibere
3322 4768 3618 4839 poteritis,

342 4872 460 4960 ξοὺς
492 4872 927 4965 προειρημένους
962 4888 1235 4957 χρονίτας,
1262 4881 1319 4933 ἑν
1362 4878 1489 4932 είδει
1522 4875 1631 4930 τῶν
1657 4872 1930 4965 στιχηρῶν

335 4964 684 5055 ἐπαπορησιν
712 4977 1037 5049 ἀπορήσεως
1063 4971 1359 5042 διαστήσας
1404 4968 1499 5021 καὶ
1524 4965 1675 5017 λύσιν
1701 4964 1930 5029 λύσεως,

336 5081 428 5136 διὰ
458 5079 520 5132 τὸ
545 5074 972 5146 εύπερίδρακτον
1006 5066 1100 5123 καὶ
1144 5064 1314 5135 σαφὲς
1351 5061 1459 5115 τῶν
1486 5057 1933 5130 ἐπιχειρημάτων

344 5167 711 5239 ποιησάμενος
739 5161 837 5233 τὴν
869 5158 1043 5232 ἀρχὴν
1076 5155 1205 5227 περὶ
1236 5152 1532 5222 ἀγεννήτου
1561 5147 1722 5202 Θεοῦ.

2037 4882 2108 4922 ne
2133 4868 2197 4922 de
2229 4865 2473 4935 ingenito
2507 4862 2615 4919 Deo
2675 4879 2738 4918 ac
2776 4863 2958 4934 genito
2998 4878 3306 4918 sermonem
3338 4862 3625 4931 impuden-

2038 4968 2125 5016 ter
2155 4959 2469 5021 instituant,
2501 4972 2564 5012 ac
2598 4955 2960 5026 temporarios
2996 4955 3118 5011 illos
3150 4956 3204 5009 in
3239 4954 3451 5025 primis.
3484 4970 3625 5024 quos

2041 5052 2199 5123 attigi
2234 5071 2247 5106 :
2279 5065 2447 5122 porro
2480 5050 2594 5105 haec
2624 5049 3016 5121 disputationis
3039 5050 3219 5118 capita
3259 5062 3521 5103 versuum
3568 5049 3623 5102 in

2043 5145 2266 5200 modum
2298 5144 2372 5198 ita
2403 5141 2759 5214 digessimus,
2808 5152 2870 5198 ut-
2906 5149 2960 5197 et
3005 5140 3342 5209 obiectiones
3378 5138 3515 5194 alias
3558 5153 3623 5194 ex

345 5228 471 5322 aliis
497 5228 1360 5333 et'quatstionumdissolutiones
1387 5255 1733 5303 necteremus
1759 5262 1771 5297 :
1827 5258 1937 5314 quo
1968 5251 2025 5298 et
2052 5240 2120 5295 ad
2152 5237 2728 5310 comprehendendum
2789 5234 3035 5289 faciliora
3092 5241 3147 5287 et
3202 5232 3471 5302 planiora,
3503 5228 3626 5301 qui-

341 5367 452 5422 bus
489 5325 714 5421 utimur,
761 5354 1080 5422 argumenta
1115 5343 1272 5400 vobis
1304 5348 1491 5397 essent
1520 5358 1533 5394 :
1564 5339 1632 5394 ab
1681 5336 1927 5408 ingenito
1960 5350 2093 5392 vero
2127 5333 2238 5390 Deo
2272 5330 2590 5404 disputandi
2620 5328 2839 5385 initium
2875 5325 3129 5381 fecimus.

981 5463 1326 5533 Ἀνατροπή.

418 5565 499 5622 Λ’.
531 5551 689 5619 Κατὰ
726 5562 872 5628 λέξιν
900 5559 1002 5629 τῆς
1046 5553 1393 5622 διαλεκτικῆς
1438 5569 1533 5605 σου
1571 5549 1811 5621 κομπίας
1849 5549 1945 5604 καὶ

351 5656 769 5728 συλ).ογιστικῆς
814 5647 1200 5725 ματαιοπονίας
1230 5646 1329 5717 τὴν
1365 5644 1679 5716 ἀνατροπὴν
1722 5643 1941 5716 ποιήσο-

431 5794 449 5826 ι
474 5810 566 5862 γρ.
595 5789 871 5845 ἐπιϐάλοι).
956 5787 976 5817 ²
1002 5803 1089 5855 γρ.
1128 5779 1475 5853 περιτομαῖς.

2682 5445 3020 5515 Confutatio.

2116 5544 2158 5599 1.
2200 5542 2375 5599 Tuam
2420 5542 2571 5596 illam
2616 5554 2683 5594 ex
2733 5536 3149 5590 dialecticorum
3203 5540 3257 5588 et
3309 5530 3626 5602 disputandi

2048 5637 2320 5693 artificum
2350 5632 2565 5691 ollicina
2629 5625 2926 5700 profectam
2973 5640 3167 5681 vanam
3212 5632 3266 5680 et
3307 5624 3627 5680 insolentem

2206 5784 2234 5820 δ
