  <div class='ocr_page' id='page_1' title='image "/cluster/home/n/w/nwhite01/storage/ocr_20150623/42/mdp.39015052824052/293.png"; bbox 0 0 3990 6228; ppageno 0'>
   <div class='ocr_carea' id='block_1_1' title="bbox 365 303 468 362">
    <p class='ocr_par' dir='ltr' id='par_1_1' title="bbox 365 303 468 362">
     <span class='ocr_line' id='line_1_1' title="bbox 365 303 468 362; baseline -0.049 0"><span class='ocrx_word' id='word_1_1' title='bbox 365 303 468 362; x_wconf 69' lang='grc' dir='ltr'><strong>5η</strong></span> 
     </span>
    </p>
   </div>
   <div class='ocr_carea' id='block_1_2' title="bbox 1747 271 2181 335">
    <p class='ocr_par' dir='ltr' id='par_1_2' title="bbox 1747 271 2181 335">
     <span class='ocr_line' id='line_1_2' title="bbox 1747 271 2181 335; baseline -0.023 1"><span class='ocrx_word' id='word_1_2' title='bbox 1747 277 1805 335; x_wconf 76' lang='lat' dir='ltr'><strong>S.</strong></span> <span class='ocrx_word' id='word_1_3' title='bbox 1845 271 2181 332; x_wconf 67' lang='lat' dir='ltr'><strong>EPIPIIANli</strong></span> 
     </span>
    </p>
   </div>
   <div class='ocr_carea' id='block_1_3' title="bbox 3504 255 3610 313">
    <p class='ocr_par' dir='ltr' id='par_1_3' title="bbox 3504 255 3610 313">
     <span class='ocr_line' id='line_1_3' title="bbox 3504 255 3610 313; baseline -0.028 0"><span class='ocrx_word' id='word_1_4' title='bbox 3504 255 3610 313; x_wconf 76' lang='lat' dir='ltr'><strong>5ts</strong></span> 
     </span>
    </p>
   </div>
   <div class='ocr_carea' id='block_1_4' title="bbox 364 374 1962 479">
    <p class='ocr_par' dir='ltr' id='par_1_4' title="bbox 364 399 1962 479">
     <span class='ocr_line' id='line_1_4' title="bbox 364 399 1962 479; baseline -0.014 -4"><span class='ocrx_word' id='word_1_5' title='bbox 364 418 699 479; x_wconf 86' lang='lat' dir='ltr'><strong>orationem,</strong></span> <span class='ocrx_word' id='word_1_6' title='bbox 736 413 814 467; x_wconf 88' lang='lat' dir='ltr'><strong>sic</strong></span> <span class='ocrx_word' id='word_1_7' title='bbox 843 409 908 465; x_wconf 85' lang='lat' dir='ltr'><strong>ad</strong></span> <span class='ocrx_word' id='word_1_8' title='bbox 950 407 1169 465; x_wconf 87' lang='lat' dir='ltr'><strong>verbum</strong></span> <span class='ocrx_word' id='word_1_9' title='bbox 1215 404 1376 476; x_wconf 76' lang='lat'><strong>932</strong></span> <span class='ocrx_word' id='word_1_10' title='bbox 1415 403 1679 466; x_wconf 79' lang='lat' dir='ltr'><strong>refellam,</strong></span> <span class='ocrx_word' id='word_1_11' title='bbox 1724 399 1926 454; x_wconf 84' lang='lat' dir='ltr'><strong>nullam</strong></span> <span class='ocrx_word' id='word_1_12' title='bbox 1961 448 1962 453; x_wconf 45' lang='grc' dir='ltr'><strong>η</strong></span> 
     </span>
    </p>
   </div>
   <div class='ocr_carea' id='block_1_5' title="bbox 2063 374 3614 479">
    <p class='ocr_par' dir='ltr' id='par_1_5' title="bbox 2063 374 3614 462">
     <span class='ocr_line' id='line_1_5' title="bbox 2063 374 3614 462; baseline -0.012 -16"><span class='ocrx_word' id='word_1_13' title='bbox 2063 411 2152 454; x_wconf 73' lang='lat' dir='ltr'><strong>Lat,</strong></span> <span class='ocrx_word' id='word_1_14' title='bbox 2193 389 2266 462; x_wconf 82' lang='grc' dir='ltr'>μὴ</span> <span class='ocrx_word' id='word_1_15' title='bbox 2299 385 2660 459; x_wconf 78' lang='grc' dir='ltr'>ὑπερϐαίνων,</span> <span class='ocrx_word' id='word_1_16' title='bbox 2699 382 2832 456; x_wconf 79' lang='grc' dir='ltr'>μηδὲ</span> <span class='ocrx_word' id='word_1_17' title='bbox 2856 383 2914 436; x_wconf 82' lang='grc' dir='ltr'>ὲν</span> <span class='ocrx_word' id='word_1_18' title='bbox 2937 379 3173 451; x_wconf 79' lang='grc' dir='ltr'><strong>δευτέρῳ</strong></span> <span class='ocrx_word' id='word_1_19' title='bbox 3195 375 3474 448; x_wconf 79' lang='grc' dir='ltr'>τιθέμενος</span> <span class='ocrx_word' id='word_1_20' title='bbox 3502 374 3614 428; x_wconf 80' lang='grc' dir='ltr'><strong>τῶν</strong></span> 
     </span>
    </p>
   </div>
   <div class='ocr_carea' id='block_1_6' title="bbox 367 495 1930 567">
    <p class='ocr_par' dir='ltr' id='par_1_6' title="bbox 367 495 1930 567">
     <span class='ocr_line' id='line_1_6' title="bbox 367 495 1930 567; baseline -0.015 0"><span class='ocrx_word' id='word_1_21' title='bbox 367 521 426 567; x_wconf 83' lang='grc' dir='ltr'><strong>ιιι</strong></span> <span class='ocrx_word' id='word_1_22' title='bbox 450 527 514 564; x_wconf 79' lang='lat' dir='ltr'><strong>ex</strong></span> <span class='ocrx_word' id='word_1_23' title='bbox 543 506 765 563; x_wconf 78' lang='lat' dir='ltr'><strong>infinitis</strong></span> <span class='ocrx_word' id='word_1_24' title='bbox 802 504 908 557; x_wconf 81' lang='lat' dir='ltr'><strong>illis</strong></span> <span class='ocrx_word' id='word_1_25' title='bbox 935 499 1265 556; x_wconf 81' lang='lat' dir='ltr'><strong>dictionibus</strong></span> <span class='ocrx_word' id='word_1_26' title='bbox 1308 497 1565 565; x_wconf 88' lang='lat' dir='ltr'><strong>majorem</strong></span> <span class='ocrx_word' id='word_1_27' title='bbox 1598 495 1930 548; x_wconf 84' lang='lat' dir='ltr'><strong>minoremvc</strong></span> 
     </span>
    </p>
   </div>
   <div class='ocr_carea' id='block_1_7' title="bbox 367 580 1933 671">
    <p class='ocr_par' dir='ltr' id='par_1_7' title="bbox 367 580 1933 671">
     <span class='ocr_line' id='line_1_7' title="bbox 367 580 1933 671; baseline -0.013 -18"><span class='ocrx_word' id='word_1_28' title='bbox 367 595 738 671; x_wconf 70' lang='lat' dir='ltr'><strong>praetereundo</strong></span> <span class='ocrx_word' id='word_1_29' title='bbox 768 591 1128 646; x_wconf 87' lang='lat' dir='ltr'><strong>dissimulem.</strong></span> <span class='ocrx_word' id='word_1_30' title='bbox 1160 589 1236 641; x_wconf 83' lang='lat' dir='ltr'><strong>Ac</strong></span> <span class='ocrx_word' id='word_1_31' title='bbox 1284 587 1516 656; x_wconf 88' lang='lat' dir='ltr'><strong>primum</strong></span> <span class='ocrx_word' id='word_1_32' title='bbox 1555 583 1699 654; x_wconf 90' lang='lat' dir='ltr'><strong>quod</strong></span> <span class='ocrx_word' id='word_1_33' title='bbox 1730 580 1795 634; x_wconf 90' lang='lat' dir='ltr'><strong>ad</strong></span> <span class='ocrx_word' id='word_1_34' title='bbox 1826 588 1933 633; x_wconf 67' lang='lat' dir='ltr'><strong>tuae</strong></span> 
     </span>
    </p>
   </div>
   <div class='ocr_carea' id='block_1_8' title="bbox 367 675 1934 742">
    <p class='ocr_par' dir='ltr' id='par_1_8' title="bbox 367 675 1934 742">
     <span class='ocr_line' id='line_1_8' title="bbox 367 675 1934 742; baseline -0.013 0"><span class='ocrx_word' id='word_1_35' title='bbox 367 688 618 742; x_wconf 75' lang='lat' dir='ltr'><strong>factionis</strong></span> <span class='ocrx_word' id='word_1_36' title='bbox 647 683 878 737; x_wconf 86' lang='lat' dir='ltr'><strong>athletas</strong></span> <span class='ocrx_word' id='word_1_37' title='bbox 915 681 1060 735; x_wconf 89' lang='lat' dir='ltr'><strong>viros</strong></span> <span class='ocrx_word' id='word_1_38' title='bbox 1097 694 1161 732; x_wconf 91' lang='lat' dir='ltr'><strong>ac</strong></span> <span class='ocrx_word' id='word_1_39' title='bbox 1190 677 1421 732; x_wconf 81' lang='lat' dir='ltr'><strong>feminas</strong></span> <span class='ocrx_word' id='word_1_40' title='bbox 1467 675 1686 736; x_wconf 83' lang='lat' dir='ltr'><strong>scribis,</strong></span> <span class='ocrx_word' id='word_1_41' title='bbox 1717 681 1934 739; x_wconf 88' lang='lat' dir='ltr'><strong>tempo-</strong></span> 
     </span>
    </p>
   </div>
   <div class='ocr_carea' id='block_1_9' title="bbox 367 762 1935 843">
    <p class='ocr_par' dir='ltr' id='par_1_9' title="bbox 367 762 1935 843">
     <span class='ocr_line' id='line_1_9' title="bbox 367 762 1935 843; baseline -0.011 -12"><span class='ocrx_word' id='word_1_42' title='bbox 367 779 544 831; x_wconf 79' lang='lat' dir='ltr'><strong>rarios</strong></span> <span class='ocrx_word' id='word_1_43' title='bbox 573 773 835 843; x_wconf 89' lang='lat' dir='ltr'><strong>quosdam</strong></span> <span class='ocrx_word' id='word_1_44' title='bbox 876 771 1125 840; x_wconf 86' lang='lat' dir='ltr'><strong>epusculi</strong></span> <span class='ocrx_word' id='word_1_45' title='bbox 1164 769 1328 832; x_wconf 88' lang='lat' dir='ltr'><strong>illius,</strong></span> <span class='ocrx_word' id='word_1_46' title='bbox 1368 767 1512 836; x_wconf 90' lang='lat' dir='ltr'><strong>quod</strong></span> <span class='ocrx_word' id='word_1_47' title='bbox 1543 779 1654 835; x_wconf 66' lang='lat' dir='ltr'><strong>pra:</strong></span> <span class='ocrx_word' id='word_1_48' title='bbox 1684 762 1935 816; x_wconf 89' lang='lat' dir='ltr'><strong>manibus</strong></span> 
     </span>
    </p>
   </div>
   <div class='ocr_carea' id='block_1_10' title="bbox 367 851 1936 929">
    <p class='ocr_par' dir='ltr' id='par_1_10' title="bbox 367 851 1936 929">
     <span class='ocr_line' id='line_1_10' title="bbox 367 851 1936 929; baseline -0.007 -13"><span class='ocrx_word' id='word_1_49' title='bbox 367 863 628 924; x_wconf 80' lang='lat' dir='ltr'><strong>habebas,</strong></span> <span class='ocrx_word' id='word_1_50' title='bbox 664 870 717 914; x_wconf 90' lang='lat' dir='ltr'><strong>et</strong></span> <span class='ocrx_word' id='word_1_51' title='bbox 758 861 810 913; x_wconf 91' lang='lat' dir='ltr'><strong>in</strong></span> <span class='ocrx_word' id='word_1_52' title='bbox 843 873 952 929; x_wconf 89' lang='lat' dir='ltr'><strong>quo</strong></span> <span class='ocrx_word' id='word_1_53' title='bbox 998 872 1109 912; x_wconf 89' lang='lat' dir='ltr'><strong>rem</strong></span> <span class='ocrx_word' id='word_1_54' title='bbox 1162 871 1378 911; x_wconf 85' lang='lat' dir='ltr'><strong>onmem</strong></span> <span class='ocrx_word' id='word_1_55' title='bbox 1423 851 1936 924; x_wconf 74' lang='lat' dir='ltr'><strong>interrogationibus</strong></span> 
     </span>
    </p>
   </div>
   <div class='ocr_carea' id='block_1_11' title="bbox 368 942 1938 1022">
    <p class='ocr_par' dir='ltr' id='par_1_11' title="bbox 368 942 1938 1022">
     <span class='ocr_line' id='line_1_11' title="bbox 368 942 1938 1022; baseline -0.007 -15"><span class='ocrx_word' id='word_1_56' title='bbox 368 951 883 1022; x_wconf 81' lang='lat' dir='ltr'><strong>eomprchenderas,</strong></span> <span class='ocrx_word' id='word_1_57' title='bbox 923 956 1128 1017; x_wconf 86' lang='lat' dir='ltr'><strong>partem</strong></span> <span class='ocrx_word' id='word_1_58' title='bbox 1180 947 1541 1016; x_wconf 85' lang='lat' dir='ltr'><strong>subripuisse,</strong></span> <span class='ocrx_word' id='word_1_59' title='bbox 1593 946 1676 998; x_wconf 90' lang='lat' dir='ltr'><strong>vel</strong></span> <span class='ocrx_word' id='word_1_60' title='bbox 1723 957 1789 998; x_wconf 82' lang='lat' dir='ltr'><strong>ex</strong></span> <span class='ocrx_word' id='word_1_61' title='bbox 1835 942 1938 996; x_wconf 90' lang='lat' dir='ltr'><strong>hoc</strong></span> 
     </span>
    </p>
   </div>
   <div class='ocr_carea' id='block_1_12' title="bbox 370 1034 1935 1113">
    <p class='ocr_par' dir='ltr' id='par_1_12' title="bbox 370 1034 1935 1113">
     <span class='ocr_line' id='line_1_12' title="bbox 370 1034 1935 1113; baseline -0.007 -16"><span class='ocrx_word' id='word_1_62' title='bbox 370 1045 490 1113; x_wconf 88' lang='lat' dir='ltr'><strong>ipso</strong></span> <span class='ocrx_word' id='word_1_63' title='bbox 519 1050 614 1095; x_wconf 93' lang='lat' dir='ltr'><strong>tuo</strong></span> <span class='ocrx_word' id='word_1_64' title='bbox 659 1040 862 1110; x_wconf 85' lang='lat' dir='ltr'><strong>scripto</strong></span> <span class='ocrx_word' id='word_1_65' title='bbox 892 1039 1138 1091; x_wconf 77' lang='lat' dir='ltr'><strong>convinci</strong></span> <span class='ocrx_word' id='word_1_66' title='bbox 1173 1046 1343 1107; x_wconf 86' lang='lat' dir='ltr'><strong>potes,</strong></span> <span class='ocrx_word' id='word_1_67' title='bbox 1379 1035 1443 1089; x_wconf 91' lang='lat' dir='ltr'><strong>ad</strong></span> <span class='ocrx_word' id='word_1_68' title='bbox 1470 1036 1701 1104; x_wconf 87' lang='lat' dir='ltr'><strong>teipsnm</strong></span> <span class='ocrx_word' id='word_1_69' title='bbox 1728 1034 1935 1103; x_wconf 86' lang='lat' dir='ltr'><strong>potius,</strong></span> 
     </span>
    </p>
   </div>
   <div class='ocr_carea' id='block_1_13' title="bbox 372 1126 1936 1203">
    <p class='ocr_par' dir='ltr' id='par_1_13' title="bbox 372 1126 1936 1203">
     <span class='ocr_line' id='line_1_13' title="bbox 372 1126 1936 1203; baseline -0.006 -15"><span class='ocrx_word' id='word_1_70' title='bbox 372 1133 774 1203; x_wconf 84' lang='lat' dir='ltr'><strong>discipulosque</strong></span> <span class='ocrx_word' id='word_1_71' title='bbox 807 1140 950 1192; x_wconf 88' lang='lat' dir='ltr'><strong>tuos,</strong></span> <span class='ocrx_word' id='word_1_72' title='bbox 986 1145 1052 1183; x_wconf 92' lang='lat' dir='ltr'><strong>ne</strong></span> <span class='ocrx_word' id='word_1_73' title='bbox 1083 1129 1285 1183; x_wconf 68' lang='lat' dir='ltr'><strong>erroris</strong></span> <span class='ocrx_word' id='word_1_74' title='bbox 1316 1128 1496 1182; x_wconf 88' lang='lat' dir='ltr'><strong>socios</strong></span> <span class='ocrx_word' id='word_1_75' title='bbox 1518 1126 1804 1196; x_wconf 82' lang='lat' dir='ltr'><strong>appellem,</strong></span> <span class='ocrx_word' id='word_1_76' title='bbox 1838 1139 1936 1178; x_wconf 43' lang='lat' dir='ltr'><strong>no.</strong></span> 
     </span>
    </p>
   </div>
   <div class='ocr_carea' id='block_1_14' title="bbox 373 1215 1941 1291">
    <p class='ocr_par' dir='ltr' id='par_1_14' title="bbox 373 1215 1941 1291">
     <span class='ocr_line' id='line_1_14' title="bbox 373 1215 1941 1291; baseline -0.005 -13"><span class='ocrx_word' id='word_1_77' title='bbox 373 1239 496 1279; x_wconf 89' lang='lat' dir='ltr'><strong>men</strong></span> <span class='ocrx_word' id='word_1_78' title='bbox 529 1222 670 1276; x_wconf 87' lang='lat' dir='ltr'><strong>istud</strong></span> <span class='ocrx_word' id='word_1_79' title='bbox 706 1221 992 1291; x_wconf 87' lang='lat' dir='ltr'><strong>pertinere.</strong></span> <span class='ocrx_word' id='word_1_80' title='bbox 1029 1220 1238 1275; x_wconf 84' lang='lat' dir='ltr'><strong>Etenim</strong></span> <span class='ocrx_word' id='word_1_81' title='bbox 1266 1228 1615 1274; x_wconf 87' lang='lat' dir='ltr'><strong>sacrosancta</strong></span> <span class='ocrx_word' id='word_1_82' title='bbox 1677 1215 1768 1269; x_wconf 85' lang='lat' dir='ltr'><strong>Dei</strong></span> <span class='ocrx_word' id='word_1_83' title='bbox 1809 1215 1941 1270; x_wconf 81' lang='lat' dir='ltr'><strong>fides</strong></span> 
     </span>
    </p>
   </div>
   <div class='ocr_carea' id='block_1_15' title="bbox 371 1308 1945 1384">
    <p class='ocr_par' dir='ltr' id='par_1_15' title="bbox 371 1308 1945 1384">
     <span class='ocr_line' id='line_1_15' title="bbox 371 1308 1945 1384; baseline -0.006 -17"><span class='ocrx_word' id='word_1_84' title='bbox 371 1329 438 1368; x_wconf 86' lang='lat' dir='ltr'><strong>ac</strong></span> <span class='ocrx_word' id='word_1_85' title='bbox 468 1314 685 1384; x_wconf 88' lang='lat' dir='ltr'><strong>religio,</strong></span> <span class='ocrx_word' id='word_1_86' title='bbox 715 1327 838 1367; x_wconf 89' lang='lat' dir='ltr'><strong>cum</strong></span> <span class='ocrx_word' id='word_1_87' title='bbox 873 1311 941 1366; x_wconf 92' lang='lat' dir='ltr'><strong>ab</strong></span> <span class='ocrx_word' id='word_1_88' title='bbox 967 1311 1121 1364; x_wconf 90' lang='lat' dir='ltr'><strong>initio</strong></span> <span class='ocrx_word' id='word_1_89' title='bbox 1153 1321 1314 1378; x_wconf 90' lang='lat' dir='ltr'><strong>atque</strong></span> <span class='ocrx_word' id='word_1_90' title='bbox 1353 1309 1420 1362; x_wconf 89' lang='lat' dir='ltr'><strong>ab</strong></span> <span class='ocrx_word' id='word_1_91' title='bbox 1447 1308 1636 1362; x_wconf 83' lang='lat' dir='ltr'><strong>ultima</strong></span> <span class='ocrx_word' id='word_1_92' title='bbox 1676 1312 1945 1360; x_wconf 82' lang='lat' dir='ltr'><strong>vetustate</strong></span> 
     </span>
    </p>
   </div>
   <div class='ocr_carea' id='block_1_16' title="bbox 372 1399 1946 1466">
    <p class='ocr_par' dir='ltr' id='par_1_16' title="bbox 372 1399 1946 1466">
     <span class='ocr_line' id='line_1_16' title="bbox 372 1399 1946 1466; baseline -0.008 -6"><span class='ocrx_word' id='word_1_93' title='bbox 372 1405 610 1466; x_wconf 73' lang='lat' dir='ltr'><strong>exstitit,</strong></span> <span class='ocrx_word' id='word_1_94' title='bbox 658 1403 783 1457; x_wconf 88' lang='lat' dir='ltr'><strong>licet</strong></span> <span class='ocrx_word' id='word_1_95' title='bbox 821 1417 928 1456; x_wconf 91' lang='lat' dir='ltr'><strong>non</strong></span> <span class='ocrx_word' id='word_1_96' title='bbox 969 1402 1278 1456; x_wconf 84' lang='lat' dir='ltr'><strong>obsolescat</strong></span> <span class='ocrx_word' id='word_1_97' title='bbox 1325 1407 1418 1452; x_wconf 90' lang='lat' dir='ltr'><strong>aut</strong></span> <span class='ocrx_word' id='word_1_98' title='bbox 1459 1399 1793 1452; x_wconf 88' lang='lat' dir='ltr'><strong>inveterctur</strong></span> <span class='ocrx_word' id='word_1_99' title='bbox 1839 1411 1946 1449; x_wconf 91' lang='lat' dir='ltr'><strong>un-</strong></span> 
     </span>
    </p>
   </div>
   <div class='ocr_carea' id='block_1_17' title="bbox 375 1485 1946 1563">
    <p class='ocr_par' dir='ltr' id='par_1_17' title="bbox 375 1485 1946 1563">
     <span class='ocr_line' id='line_1_17' title="bbox 375 1485 1946 1563; baseline -0.006 -17"><span class='ocrx_word' id='word_1_100' title='bbox 375 1508 561 1563; x_wconf 86' lang='lat' dir='ltr'><strong>quam,</strong></span> <span class='ocrx_word' id='word_1_101' title='bbox 603 1501 714 1545; x_wconf 79' lang='lat' dir='ltr'><strong>ttnn</strong></span> <span class='ocrx_word' id='word_1_102' title='bbox 761 1500 1017 1562; x_wconf 90' lang='lat' dir='ltr'><strong>perpetuo</strong></span> <span class='ocrx_word' id='word_1_103' title='bbox 1048 1498 1176 1552; x_wconf 88' lang='lat' dir='ltr'><strong>stat,</strong></span> <span class='ocrx_word' id='word_1_104' title='bbox 1215 1487 1547 1544; x_wconf 85' lang='lat' dir='ltr'><strong>solidissimo</strong></span> <span class='ocrx_word' id='word_1_105' title='bbox 1593 1485 1946 1540; x_wconf 85' lang='lat' dir='ltr'><strong>fundamento</strong></span> 
     </span>
    </p>
   </div>
   <div class='ocr_carea' id='block_1_18' title="bbox 375 1574 1947 1649">
    <p class='ocr_par' dir='ltr' id='par_1_18' title="bbox 375 1574 1947 1649">
     <span class='ocr_line' id='line_1_18' title="bbox 375 1574 1947 1649; baseline -0.006 -11"><span class='ocrx_word' id='word_1_106' title='bbox 375 1584 501 1638; x_wconf 82' lang='lat' dir='ltr'><strong>nixa</strong></span> <span class='ocrx_word' id='word_1_107' title='bbox 531 1600 544 1637; x_wconf 90' lang='lat'><strong>:</strong></span> <span class='ocrx_word' id='word_1_108' title='bbox 571 1584 729 1649; x_wconf 85' lang='lat' dir='ltr'><strong>cujus</strong></span> <span class='ocrx_word' id='word_1_109' title='bbox 766 1581 1025 1636; x_wconf 84' lang='lat' dir='ltr'><strong>Dominus</strong></span> <span class='ocrx_word' id='word_1_110' title='bbox 1052 1587 1206 1635; x_wconf 69' lang='lat' dir='ltr'><strong>extra</strong></span> <span class='ocrx_word' id='word_1_111' title='bbox 1242 1587 1456 1648; x_wconf 84' lang='lat' dir='ltr'><strong>tempus</strong></span> <span class='ocrx_word' id='word_1_112' title='bbox 1492 1591 1653 1632; x_wconf 88' lang='lat' dir='ltr'><strong>omne</strong></span> <span class='ocrx_word' id='word_1_113' title='bbox 1678 1574 1947 1630; x_wconf 89' lang='lat' dir='ltr'><strong>constitu-</strong></span> 
     </span>
    </p>
   </div>
   <div class='ocr_carea' id='block_1_19' title="bbox 374 1664 1946 1741">
    <p class='ocr_par' dir='ltr' id='par_1_19' title="bbox 374 1664 1946 1741">
     <span class='ocr_line' id='line_1_19' title="bbox 374 1664 1946 1741; baseline -0.006 -13"><span class='ocrx_word' id='word_1_114' title='bbox 374 1685 467 1730; x_wconf 88' lang='lat' dir='ltr'><strong>tus</strong></span> <span class='ocrx_word' id='word_1_115' title='bbox 494 1685 596 1730; x_wconf 89' lang='lat' dir='ltr'><strong>est.</strong></span> <span class='ocrx_word' id='word_1_116' title='bbox 633 1672 900 1738; x_wconf 84' lang='lat' dir='ltr'><strong>Quocirca</strong></span> <span class='ocrx_word' id='word_1_117' title='bbox 932 1686 1107 1741; x_wconf 91' lang='lat' dir='ltr'><strong>neque</strong></span> <span class='ocrx_word' id='word_1_118' title='bbox 1136 1672 1254 1740; x_wconf 85' lang='lat' dir='ltr'><strong>ipsa</strong></span> <span class='ocrx_word' id='word_1_119' title='bbox 1282 1668 1512 1738; x_wconf 90' lang='lat' dir='ltr'><strong>tempori</strong></span> <span class='ocrx_word' id='word_1_120' title='bbox 1543 1667 1789 1736; x_wconf 72' lang='lat' dir='ltr'><strong>subiacet</strong></span> <span class='ocrx_word' id='word_1_121' title='bbox 1811 1708 1826 1732; x_wconf 94' lang='lat'><strong>,</strong></span> <span class='ocrx_word' id='word_1_122' title='bbox 1850 1664 1946 1720; x_wconf 89' lang='lat' dir='ltr'><strong>sed</strong></span> 
     </span>
    </p>
   </div>
   <div class='ocr_carea' id='block_1_20' title="bbox 375 1733 2021 1833">
    <p class='ocr_par' dir='ltr' id='par_1_20' title="bbox 375 1733 2021 1833">
     <span class='ocr_line' id='line_1_20' title="bbox 375 1733 2021 1833; baseline -0.007 -14"><span class='ocrx_word' id='word_1_123' title='bbox 375 1780 501 1819; x_wconf 91' lang='lat' dir='ltr'><strong>cum</strong></span> <span class='ocrx_word' id='word_1_124' title='bbox 539 1764 745 1833; x_wconf 85' lang='lat' dir='ltr'><strong>angelis</strong></span> <span class='ocrx_word' id='word_1_125' title='bbox 772 1769 1024 1816; x_wconf 78' lang='lat' dir='ltr'><strong>versatur</strong></span> <span class='ocrx_word' id='word_1_126' title='bbox 1058 1759 1300 1819; x_wconf 81' lang='lat' dir='ltr'><strong>assidue,</strong></span> <span class='ocrx_word' id='word_1_127' title='bbox 1341 1763 1670 1825; x_wconf 90' lang='lat' dir='ltr'><strong>sanctosque</strong></span> <span class='ocrx_word' id='word_1_128' title='bbox 1701 1770 1799 1824; x_wconf 89' lang='lat' dir='ltr'><strong>per</strong></span> <span class='ocrx_word' id='word_1_129' title='bbox 1831 1754 1948 1808; x_wconf 85' lang='lat' dir='ltr'><strong>sin-</strong></span> <span class='ocrx_word' id='word_1_130' title='bbox 1980 1733 2021 1788; x_wconf 71' lang='grc' dir='ltr'><strong><em>Β</em></strong></span> 
     </span>
    </p>
   </div>
   <div class='ocr_carea' id='block_1_21' title="bbox 376 1840 1949 1923">
    <p class='ocr_par' dir='ltr' id='par_1_21' title="bbox 376 1840 1949 1923">
     <span class='ocr_line' id='line_1_21' title="bbox 376 1840 1949 1923; baseline -0.008 -16"><span class='ocrx_word' id='word_1_131' title='bbox 376 1854 534 1923; x_wconf 80' lang='lat' dir='ltr'><strong>gulas</strong></span> <span class='ocrx_word' id='word_1_132' title='bbox 572 1850 950 1921; x_wconf 75' lang='lat' dir='ltr'><strong>generationes</strong></span> <span class='ocrx_word' id='word_1_133' title='bbox 991 1855 1238 1902; x_wconf 79' lang='lat' dir='ltr'><strong>exornat.</strong></span> <span class='ocrx_word' id='word_1_134' title='bbox 1280 1842 1361 1896; x_wconf 90' lang='lat' dir='ltr'><strong>Tu</strong></span> <span class='ocrx_word' id='word_1_135' title='bbox 1415 1858 1542 1896; x_wconf 85' lang='lat' dir='ltr'><strong>vero</strong></span> <span class='ocrx_word' id='word_1_136' title='bbox 1586 1840 1949 1909; x_wconf 88' lang='lat' dir='ltr'><strong>temporarius</strong></span> 
     </span>
    </p>
   </div>
   <div class='ocr_carea' id='block_1_22' title="bbox 376 1929 1951 2009">
    <p class='ocr_par' dir='ltr' id='par_1_22' title="bbox 376 1929 1951 2009">
     <span class='ocr_line' id='line_1_22' title="bbox 376 1929 1951 2009; baseline -0.008 -13"><span class='ocrx_word' id='word_1_137' title='bbox 376 1943 552 1996; x_wconf 76' lang='lat' dir='ltr'><strong>mtdto</strong></span> <span class='ocrx_word' id='word_1_138' title='bbox 583 1941 752 2009; x_wconf 85' lang='lat' dir='ltr'><strong>magis</strong></span> <span class='ocrx_word' id='word_1_139' title='bbox 779 1935 1138 2007; x_wconf 84' lang='lat' dir='ltr'><strong>appellandus</strong></span> <span class='ocrx_word' id='word_1_140' title='bbox 1167 1949 1246 1998; x_wconf 89' lang='lat' dir='ltr'><strong>es,</strong></span> <span class='ocrx_word' id='word_1_141' title='bbox 1277 1931 1368 2002; x_wconf 90' lang='lat' dir='ltr'><strong>qui</strong></span> <span class='ocrx_word' id='word_1_142' title='bbox 1398 1941 1451 1986; x_wconf 89' lang='lat' dir='ltr'><strong>et</strong></span> <span class='ocrx_word' id='word_1_143' title='bbox 1483 1931 1539 1984; x_wconf 89' lang='lat' dir='ltr'><strong>in</strong></span> <span class='ocrx_word' id='word_1_144' title='bbox 1574 1944 1814 1984; x_wconf 88' lang='lat' dir='ltr'><strong>errorem</strong></span> <span class='ocrx_word' id='word_1_145' title='bbox 1855 1929 1951 1983; x_wconf 84' lang='lat' dir='ltr'><strong>ab-</strong></span> 
     </span>
    </p>
   </div>
   <div class='ocr_carea' id='block_1_23' title="bbox 377 2023 1950 2099">
    <p class='ocr_par' dir='ltr' id='par_1_23' title="bbox 377 2023 1950 2099">
     <span class='ocr_line' id='line_1_23' title="bbox 377 2023 1950 2099; baseline -0.01 -8"><span class='ocrx_word' id='word_1_146' title='bbox 377 2037 579 2091; x_wconf 89' lang='lat' dir='ltr'><strong>ductus</strong></span> <span class='ocrx_word' id='word_1_147' title='bbox 609 2049 691 2099; x_wconf 89' lang='lat' dir='ltr'><strong>es,</strong></span> <span class='ocrx_word' id='word_1_148' title='bbox 721 2039 774 2086; x_wconf 88' lang='lat' dir='ltr'><strong>et</strong></span> <span class='ocrx_word' id='word_1_149' title='bbox 808 2031 950 2084; x_wconf 84' lang='lat' dir='ltr'><strong>fastu</strong></span> <span class='ocrx_word' id='word_1_150' title='bbox 977 2028 1398 2098; x_wconf 85' lang='lat' dir='ltr'><strong>arrogantiaque</strong></span> <span class='ocrx_word' id='word_1_151' title='bbox 1426 2023 1718 2084; x_wconf 85' lang='lat' dir='ltr'><strong>distentus,</strong></span> <span class='ocrx_word' id='word_1_152' title='bbox 1746 2030 1795 2076; x_wconf 88' lang='lat' dir='ltr'><strong>et</strong></span> <span class='ocrx_word' id='word_1_153' title='bbox 1829 2035 1950 2090; x_wconf 84' lang='lat' dir='ltr'><strong>gre-</strong></span> 
     </span>
    </p>
   </div>
   <div class='ocr_carea' id='block_1_24' title="bbox 379 2110 1950 2198">
    <p class='ocr_par' dir='ltr' id='par_1_24' title="bbox 379 2110 1950 2198">
     <span class='ocr_line' id='line_1_24' title="bbox 379 2110 1950 2198; baseline -0.012 -18"><span class='ocrx_word' id='word_1_154' title='bbox 379 2128 466 2198; x_wconf 88' lang='lat' dir='ltr'><strong>gis</strong></span> <span class='ocrx_word' id='word_1_155' title='bbox 508 2126 586 2180; x_wconf 90' lang='lat' dir='ltr'><strong>tui</strong></span> <span class='ocrx_word' id='word_1_156' title='bbox 621 2121 856 2193; x_wconf 88' lang='lat' dir='ltr'><strong>pecudes</strong></span> <span class='ocrx_word' id='word_1_157' title='bbox 884 2119 1084 2189; x_wconf 89' lang='lat' dir='ltr'><strong>passim</strong></span> <span class='ocrx_word' id='word_1_158' title='bbox 1110 2131 1207 2187; x_wconf 90' lang='lat' dir='ltr'><strong>per</strong></span> <span class='ocrx_word' id='word_1_159' title='bbox 1238 2115 1420 2169; x_wconf 89' lang='lat' dir='ltr'><strong>dumis</strong></span> <span class='ocrx_word' id='word_1_160' title='bbox 1447 2127 1511 2166; x_wconf 89' lang='lat' dir='ltr'><strong>ac</strong></span> <span class='ocrx_word' id='word_1_161' title='bbox 1536 2111 1709 2181; x_wconf 88' lang='lat' dir='ltr'><strong>spinis</strong></span> <span class='ocrx_word' id='word_1_162' title='bbox 1737 2110 1950 2165; x_wconf 85' lang='lat' dir='ltr'><strong>consita</strong></span> 
     </span>
    </p>
   </div>
   <div class='ocr_carea' id='block_1_25' title="bbox 381 2206 1950 2290">
    <p class='ocr_par' dir='ltr' id='par_1_25' title="bbox 381 2206 1950 2290">
     <span class='ocr_line' id='line_1_25' title="bbox 381 2206 1950 2290; baseline -0.01 -17"><span class='ocrx_word' id='word_1_163' title='bbox 381 2234 585 2290; x_wconf 89' lang='lat' dir='ltr'><strong>pascua</strong></span> <span class='ocrx_word' id='word_1_164' title='bbox 611 2213 919 2286; x_wconf 86' lang='lat' dir='ltr'><strong>prepulisti.</strong></span> <span class='ocrx_word' id='word_1_165' title='bbox 951 2211 1119 2265; x_wconf 86' lang='lat' dir='ltr'><strong>Nemo</strong></span> <span class='ocrx_word' id='word_1_166' title='bbox 1150 2208 1294 2263; x_wconf 89' lang='lat' dir='ltr'><strong>enim</strong></span> <span class='ocrx_word' id='word_1_167' title='bbox 1325 2206 1511 2261; x_wconf 86' lang='lat' dir='ltr'><strong>eadem</strong></span> <span class='ocrx_word' id='word_1_168' title='bbox 1539 2214 1715 2260; x_wconf 87' lang='lat' dir='ltr'><strong>tecum</strong></span> <span class='ocrx_word' id='word_1_169' title='bbox 1762 2219 1826 2258; x_wconf 77' lang='lat' dir='ltr'><strong>ex</strong></span> <span class='ocrx_word' id='word_1_170' title='bbox 1855 2217 1950 2257; x_wconf 76' lang='lat' dir='ltr'><strong>ve-</strong></span> 
     </span>
    </p>
   </div>
   <div class='ocr_carea' id='block_1_26' title="bbox 325 2291 1954 2366">
    <p class='ocr_par' dir='ltr' id='par_1_26' title="bbox 325 2291 1954 2366">
     <span class='ocr_line' id='line_1_26' title="bbox 325 2291 1954 2366; baseline -0.008 -6"><span class='ocrx_word' id='word_1_171' title='bbox 325 2315 328 2317; x_wconf 71' lang='lat'>‘</span> <span class='ocrx_word' id='word_1_172' title='bbox 381 2307 592 2362; x_wconf 89' lang='lat' dir='ltr'><strong>teribus</strong></span> <span class='ocrx_word' id='word_1_173' title='bbox 635 2304 840 2364; x_wconf 84' lang='lat' dir='ltr'><strong>sensit,</strong></span> <span class='ocrx_word' id='word_1_174' title='bbox 877 2316 910 2354; x_wconf 91' lang='grc' dir='ltr'><strong>ο</strong></span> <span class='ocrx_word' id='word_1_175' title='bbox 943 2299 1100 2365; x_wconf 84' lang='lat' dir='ltr'><strong>Acti,</strong></span> <span class='ocrx_word' id='word_1_176' title='bbox 1149 2295 1506 2366; x_wconf 79' lang='lat' dir='ltr'><strong>temporarias</strong></span> <span class='ocrx_word' id='word_1_177' title='bbox 1553 2292 1776 2362; x_wconf 86' lang='lat' dir='ltr'><strong>scriptis</strong></span> <span class='ocrx_word' id='word_1_178' title='bbox 1840 2291 1954 2347; x_wconf 86' lang='lat' dir='ltr'><strong>tuis</strong></span> 
     </span>
    </p>
   </div>
   <div class='ocr_carea' id='block_1_27' title="bbox 379 2382 1954 2462">
    <p class='ocr_par' dir='ltr' id='par_1_27' title="bbox 379 2382 1954 2462">
     <span class='ocr_line' id='line_1_27' title="bbox 379 2382 1954 2462; baseline -0.01 -11"><span class='ocrx_word' id='word_1_179' title='bbox 379 2397 680 2459; x_wconf 79' lang='lat' dir='ltr'><strong>lacessens,</strong></span> <span class='ocrx_word' id='word_1_180' title='bbox 717 2391 1077 2462; x_wconf 86' lang='lat' dir='ltr'><strong>temporarius</strong></span> <span class='ocrx_word' id='word_1_181' title='bbox 1113 2403 1177 2441; x_wconf 85' lang='lat' dir='ltr'><strong>ac</strong></span> <span class='ocrx_word' id='word_1_182' title='bbox 1205 2400 1397 2441; x_wconf 86' lang='lat' dir='ltr'><strong>recens</strong></span> <span class='ocrx_word' id='word_1_183' title='bbox 1429 2385 1564 2454; x_wconf 89' lang='lat' dir='ltr'><strong>ipse.</strong></span> <span class='ocrx_word' id='word_1_184' title='bbox 1596 2382 1704 2439; x_wconf 87' lang='lat' dir='ltr'><strong>Sed</strong></span> <span class='ocrx_word' id='word_1_185' title='bbox 1743 2383 1799 2437; x_wconf 92' lang='lat' dir='ltr'><strong>in</strong></span> <span class='ocrx_word' id='word_1_186' title='bbox 1833 2382 1954 2453; x_wconf 86' lang='lat' dir='ltr'><strong>ipso</strong></span> 
     </span>
    </p>
   </div>
   <div class='ocr_carea' id='block_1_28' title="bbox 383 2473 1956 2556">
    <p class='ocr_par' dir='ltr' id='par_1_28' title="bbox 383 2473 1956 2556">
     <span class='ocr_line' id='line_1_28' title="bbox 383 2473 1956 2556; baseline -0.008 -13"><span class='ocrx_word' id='word_1_187' title='bbox 383 2490 567 2544; x_wconf 84' lang='lat' dir='ltr'><strong>statim</strong></span> <span class='ocrx_word' id='word_1_188' title='bbox 609 2487 789 2556; x_wconf 83' lang='lat' dir='ltr'><strong>Operis</strong></span> <span class='ocrx_word' id='word_1_189' title='bbox 835 2484 1007 2546; x_wconf 83' lang='lat' dir='ltr'><strong>aditu,</strong></span> <span class='ocrx_word' id='word_1_190' title='bbox 1059 2495 1182 2534; x_wconf 90' lang='lat' dir='ltr'><strong>cum</strong></span> <span class='ocrx_word' id='word_1_191' title='bbox 1228 2487 1282 2532; x_wconf 89' lang='lat' dir='ltr'><strong>te</strong></span> <span class='ocrx_word' id='word_1_192' title='bbox 1329 2476 1856 2531; x_wconf 83' lang='lat' dir='ltr'><strong>lucubratiunculam</strong></span> <span class='ocrx_word' id='word_1_193' title='bbox 1886 2473 1956 2530; x_wconf 88' lang='lat' dir='ltr'><strong>de</strong></span> 
     </span>
    </p>
   </div>
   <div class='ocr_carea' id='block_1_29' title="bbox 383 2563 1956 2648">
    <p class='ocr_par' dir='ltr' id='par_1_29' title="bbox 383 2563 1956 2648">
     <span class='ocr_line' id='line_1_29' title="bbox 383 2563 1956 2648; baseline -0.01 -16"><span class='ocrx_word' id='word_1_194' title='bbox 383 2577 626 2648; x_wconf 85' lang='lat' dir='ltr'><strong>ingenito</strong></span> <span class='ocrx_word' id='word_1_195' title='bbox 659 2574 769 2629; x_wconf 89' lang='lat' dir='ltr'><strong>Deo</strong></span> <span class='ocrx_word' id='word_1_196' title='bbox 804 2588 868 2627; x_wconf 89' lang='lat' dir='ltr'><strong>ac</strong></span> <span class='ocrx_word' id='word_1_197' title='bbox 905 2571 1089 2642; x_wconf 88' lang='lat' dir='ltr'><strong>genito</strong></span> <span class='ocrx_word' id='word_1_198' title='bbox 1133 2566 1421 2638; x_wconf 86' lang='lat' dir='ltr'><strong>scripsisse</strong></span> <span class='ocrx_word' id='word_1_199' title='bbox 1476 2579 1690 2629; x_wconf 89' lang='lat' dir='ltr'><strong>narras,</strong></span> <span class='ocrx_word' id='word_1_200' title='bbox 1726 2563 1862 2619; x_wconf 89' lang='lat' dir='ltr'><strong>adeo</strong></span> <span class='ocrx_word' id='word_1_201' title='bbox 1889 2563 1956 2618; x_wconf 90' lang='lat' dir='ltr'><strong>il-</strong></span> 
     </span>
    </p>
   </div>
   <div class='ocr_carea' id='block_1_30' title="bbox 385 2659 1960 2738">
    <p class='ocr_par' dir='ltr' id='par_1_30' title="bbox 385 2659 1960 2738">
     <span class='ocr_line' id='line_1_30' title="bbox 385 2659 1960 2738; baseline -0.01 -14"><span class='ocrx_word' id='word_1_202' title='bbox 385 2669 544 2725; x_wconf 89' lang='lat' dir='ltr'><strong>lustri</strong></span> <span class='ocrx_word' id='word_1_203' title='bbox 587 2665 851 2738; x_wconf 85' lang='lat' dir='ltr'><strong>principio</strong></span> <span class='ocrx_word' id='word_1_204' title='bbox 883 2663 975 2732; x_wconf 85' lang='lat' dir='ltr'><strong>(ut</strong></span> <span class='ocrx_word' id='word_1_205' title='bbox 1021 2669 1130 2714; x_wconf 89' lang='lat' dir='ltr'><strong>tam</strong></span> <span class='ocrx_word' id='word_1_206' title='bbox 1183 2659 1440 2714; x_wconf 88' lang='lat' dir='ltr'><strong>inusitata</strong></span> <span class='ocrx_word' id='word_1_207' title='bbox 1487 2671 1752 2712; x_wconf 85' lang='lat' dir='ltr'><strong>novorum</strong></span> <span class='ocrx_word' id='word_1_208' title='bbox 1798 2670 1960 2711; x_wconf 86' lang='lat' dir='ltr'><strong>voca-</strong></span> 
     </span>
    </p>
   </div>
   <div class='ocr_carea' id='block_1_31' title="bbox 386 2753 1958 2817">
    <p class='ocr_par' dir='ltr' id='par_1_31' title="bbox 386 2753 1958 2817">
     <span class='ocr_line' id='line_1_31' title="bbox 386 2753 1958 2817; baseline -0.007 0"><span class='ocrx_word' id='word_1_209' title='bbox 386 2763 640 2817; x_wconf 88' lang='lat' dir='ltr'><strong>bulorum</strong></span> <span class='ocrx_word' id='word_1_210' title='bbox 707 2757 924 2813; x_wconf 90' lang='lat' dir='ltr'><strong>licentia</strong></span> <span class='ocrx_word' id='word_1_211' title='bbox 981 2753 1497 2816; x_wconf 86' lang='lat' dir='ltr'><strong>commemoranda,</strong></span> <span class='ocrx_word' id='word_1_212' title='bbox 1544 2760 1693 2806; x_wconf 84' lang='lat' dir='ltr'><strong>tuam</strong></span> <span class='ocrx_word' id='word_1_213' title='bbox 1743 2765 1958 2807; x_wconf 88' lang='lat' dir='ltr'><strong>omnem</strong></span> 
     </span>
    </p>
   </div>
   <div class='ocr_carea' id='block_1_32' title="bbox 389 2842 1512 2906">
    <p class='ocr_par' dir='ltr' id='par_1_32' title="bbox 389 2842 1512 2906">
     <span class='ocr_line' id='line_1_32' title="bbox 389 2842 1512 2906; baseline -0.009 0"><span class='ocrx_word' id='word_1_214' title='bbox 389 2851 642 2906; x_wconf 85' lang='lat' dir='ltr'><strong>homines</strong></span> <span class='ocrx_word' id='word_1_215' title='bbox 679 2848 732 2901; x_wconf 91' lang='lat' dir='ltr'><strong>in</strong></span> <span class='ocrx_word' id='word_1_216' title='bbox 768 2845 1184 2900; x_wconf 87' lang='lat' dir='ltr'><strong>admirationem</strong></span> <span class='ocrx_word' id='word_1_217' title='bbox 1215 2842 1512 2899; x_wconf 80' lang='lat' dir='ltr'><strong>adduxisti.</strong></span> 
     </span>
    </p>
   </div>
   <div class='ocr_carea' id='block_1_33' title="bbox 461 2934 1962 3010">
    <p class='ocr_par' dir='ltr' id='par_1_33' title="bbox 461 2934 1962 3010">
     <span class='ocr_line' id='line_1_33' title="bbox 461 2934 1962 3010; baseline -0.003 -15"><span class='ocrx_word' id='word_1_218' title='bbox 461 2940 523 2995; x_wconf 91' lang='lat' dir='ltr'><strong>ll.</strong></span> <span class='ocrx_word' id='word_1_219' title='bbox 567 2940 768 3010; x_wconf 73' lang='lat' dir='ltr'><strong>Ecquis</strong></span> <span class='ocrx_word' id='word_1_220' title='bbox 798 2949 884 2994; x_wconf 87' lang='lat' dir='ltr'><strong>est</strong></span> <span class='ocrx_word' id='word_1_221' title='bbox 917 2951 1047 2993; x_wconf 78' lang='lat' dir='ltr'><strong>vero</strong></span> <span class='ocrx_word' id='word_1_222' title='bbox 1078 2934 1518 2990; x_wconf 88' lang='lat' dir='ltr'><strong>Christianorum</strong></span> <span class='ocrx_word' id='word_1_223' title='bbox 1547 2935 1822 3000; x_wconf 90' lang='lat' dir='ltr'><strong>omnium,</strong></span> <span class='ocrx_word' id='word_1_224' title='bbox 1867 2935 1962 3008; x_wconf 89' lang='lat' dir='ltr'><strong>qui</strong></span> 
     </span>
    </p>
   </div>
   <div class='ocr_carea' id='block_1_34' title="bbox 2033 466 3616 548">
    <p class='ocr_par' dir='ltr' id='par_1_34' title="bbox 2033 466 3616 548">
     <span class='ocr_line' id='line_1_34' title="bbox 2033 466 3616 548; baseline -0.011 -12"><span class='ocrx_word' id='word_1_225' title='bbox 2033 481 2304 536; x_wconf 73' lang='grc' dir='ltr'><strong>δοκουσῶν</strong></span> <span class='ocrx_word' id='word_1_226' title='bbox 2347 497 2428 534; x_wconf 90' lang='grc' dir='ltr'><strong>σοι</strong></span> <span class='ocrx_word' id='word_1_227' title='bbox 2473 477 2754 548; x_wconf 78' lang='grc' dir='ltr'><strong>μειζόνων,</strong></span> <span class='ocrx_word' id='word_1_228' title='bbox 2793 475 2826 546; x_wconf 81' lang='grc' dir='ltr'>ἢ</span> <span class='ocrx_word' id='word_1_229' title='bbox 2870 473 2967 528; x_wconf 72' lang='grc' dir='ltr'><strong>καὶ</strong></span> <span class='ocrx_word' id='word_1_230' title='bbox 3015 470 3257 542; x_wconf 81' lang='grc' dir='ltr'>βραχέων</span> <span class='ocrx_word' id='word_1_231' title='bbox 3301 468 3500 533; x_wconf 77' lang='grc' dir='ltr'><strong>λέξεων</strong></span> <span class='ocrx_word' id='word_1_232' title='bbox 3551 466 3616 520; x_wconf 79' lang='grc' dir='ltr'><strong>τὸ</strong></span> 
     </span>
    </p>
   </div>
   <div class='ocr_carea' id='block_1_35' title="bbox 2029 560 3616 645">
    <p class='ocr_par' dir='ltr' id='par_1_35' title="bbox 2029 560 3616 645">
     <span class='ocr_line' id='line_1_35' title="bbox 2029 560 3616 645; baseline -0.011 -18"><span class='ocrx_word' id='word_1_233' title='bbox 2029 573 2328 645; x_wconf 77' lang='grc' dir='ltr'>ἀμύθητον.</span> <span class='ocrx_word' id='word_1_234' title='bbox 2373 571 2484 624; x_wconf 78' lang='grc' dir='ltr'><strong>Καὶ</strong></span> <span class='ocrx_word' id='word_1_235' title='bbox 2515 568 2730 640; x_wconf 79' lang='grc' dir='ltr'>πρῶτον</span> <span class='ocrx_word' id='word_1_236' title='bbox 2780 566 2877 637; x_wconf 82' lang='grc' dir='ltr'>μὲν</span> <span class='ocrx_word' id='word_1_237' title='bbox 2919 564 3041 617; x_wconf 76' lang='grc' dir='ltr'>ἐπεὶ</span> <span class='ocrx_word' id='word_1_238' title='bbox 3081 563 3194 617; x_wconf 80' lang='grc' dir='ltr'><strong>ἀνω</strong></span> <span class='ocrx_word' id='word_1_239' title='bbox 3227 561 3459 633; x_wconf 75' lang='grc' dir='ltr'>γράφων</span> <span class='ocrx_word' id='word_1_240' title='bbox 3501 560 3616 621; x_wconf 84' lang='grc' dir='ltr'>τοῖς</span> 
     </span>
    </p>
   </div>
   <div class='ocr_carea' id='block_1_36' title="bbox 2031 649 3614 731">
    <p class='ocr_par' dir='ltr' id='par_1_36' title="bbox 2031 649 3614 731">
     <span class='ocr_line' id='line_1_36' title="bbox 2031 649 3614 731; baseline -0.011 -15"><span class='ocrx_word' id='word_1_241' title='bbox 2031 662 2126 716; x_wconf 82' lang='grc' dir='ltr'><strong>τοῦ</strong></span> <span class='ocrx_word' id='word_1_242' title='bbox 2178 661 2268 715; x_wconf 87' lang='grc' dir='ltr'><strong>σοῦ</strong></span> <span class='ocrx_word' id='word_1_243' title='bbox 2336 658 2700 731; x_wconf 82' lang='grc' dir='ltr'><strong>πληρώματος</strong></span> <span class='ocrx_word' id='word_1_244' title='bbox 2765 655 3025 725; x_wconf 79' lang='grc' dir='ltr'><strong>ἀθληταῖς</strong></span> <span class='ocrx_word' id='word_1_245' title='bbox 3099 652 3193 705; x_wconf 76' lang='grc' dir='ltr'>καὶ</span> <span class='ocrx_word' id='word_1_246' title='bbox 3257 649 3614 720; x_wconf 79' lang='grc' dir='ltr'>ἀθλητρῖαις,</span> 
     </span>
    </p>
   </div>
   <div class='ocr_carea' id='block_1_37' title="bbox 2035 740 3619 825">
    <p class='ocr_par' dir='ltr' id='par_1_37' title="bbox 2035 740 3619 825">
     <span class='ocr_line' id='line_1_37' title="bbox 2035 740 3619 825; baseline -0.009 -19"><span class='ocrx_word' id='word_1_247' title='bbox 2035 753 2244 825; x_wconf 78' lang='grc' dir='ltr'>ἔφησθα</span> <span class='ocrx_word' id='word_1_248' title='bbox 2276 751 2530 821; x_wconf 88' lang='grc' dir='ltr'>χρονίτας</span> <span class='ocrx_word' id='word_1_249' title='bbox 2565 749 2720 812; x_wconf 73' lang='grc' dir='ltr'>τινας</span> <span class='ocrx_word' id='word_1_250' title='bbox 2766 745 3256 817; x_wconf 74' lang='grc' dir='ltr'>σφετερισαμένους</span> <span class='ocrx_word' id='word_1_251' title='bbox 3289 741 3432 812; x_wconf 76' lang='grc' dir='ltr'>ἅπερ</span> <span class='ocrx_word' id='word_1_252' title='bbox 3472 740 3619 811; x_wconf 68' lang='grc' dir='ltr'>μετὰ</span> 
     </span>
    </p>
   </div>
   <div class='ocr_carea' id='block_1_38' title="bbox 2035 829 3622 914">
    <p class='ocr_par' dir='ltr' id='par_1_38' title="bbox 2035 829 3622 914">
     <span class='ocr_line' id='line_1_38' title="bbox 2035 829 3622 914; baseline -0.01 -18"><span class='ocrx_word' id='word_1_253' title='bbox 2035 846 2221 914; x_wconf 83' lang='grc' dir='ltr'>χεῖρας</span> <span class='ocrx_word' id='word_1_254' title='bbox 2255 836 2400 912; x_wconf 75' lang='grc' dir='ltr'>εἶχες</span> <span class='ocrx_word' id='word_1_255' title='bbox 2428 840 2520 893; x_wconf 89' lang='grc' dir='ltr'><strong>τοῦ</strong></span> <span class='ocrx_word' id='word_1_256' title='bbox 2553 837 2895 914; x_wconf 52' lang='grc' dir='ltr'>πονηματίου-</span> <span class='ocrx_word' id='word_1_257' title='bbox 2917 834 3299 914; x_wconf 11' lang='grc' dir='ltr'>ἱρωτηθείσηςλ</span> <span class='ocrx_word' id='word_1_258' title='bbox 3323 834 3424 902; x_wconf 81' lang='grc' dir='ltr'>τῆς</span> <span class='ocrx_word' id='word_1_259' title='bbox 3462 829 3622 897; x_wconf 82' lang='grc' dir='ltr'><strong>παρά</strong></span> 
     </span>
    </p>
   </div>
   <div class='ocr_carea' id='block_1_39' title="bbox 2037 907 3618 1002">
    <p class='ocr_par' dir='ltr' id='par_1_39' title="bbox 2037 907 3618 1002">
     <span class='ocr_line' id='line_1_39' title="bbox 2037 907 3618 1002; baseline -0.009 -16"><span class='ocrx_word' id='word_1_260' title='bbox 2037 907 2138 987; x_wconf 52' lang='lat'><strong>301&#39;</strong></span> <span class='ocrx_word' id='word_1_261' title='bbox 2155 907 2370 998; x_wconf 79' lang='grc' dir='ltr'>λέξεως,</span> <span class='ocrx_word' id='word_1_262' title='bbox 2424 931 2482 984; x_wconf 75' lang='grc' dir='ltr'>σὲ</span> <span class='ocrx_word' id='word_1_263' title='bbox 2523 907 2722 1002; x_wconf 78' lang='grc' dir='ltr'>μᾶλλον</span> <span class='ocrx_word' id='word_1_264' title='bbox 2746 907 2904 982; x_wconf 74' lang='grc' dir='ltr'>τοῦτο</span> <span class='ocrx_word' id='word_1_265' title='bbox 2943 926 3008 980; x_wconf 83' lang='grc' dir='ltr'><strong>τὸ</strong></span> <span class='ocrx_word' id='word_1_266' title='bbox 3047 926 3218 996; x_wconf 73' lang='grc' dir='ltr'>ὄνομα</span> <span class='ocrx_word' id='word_1_267' title='bbox 3255 911 3618 992; x_wconf 68' lang='grc' dir='ltr'>κεκτημένον,</span> 
     </span>
    </p>
   </div>
   <div class='ocr_carea' id='block_1_40' title="bbox 2037 1013 3622 1096">
    <p class='ocr_par' dir='ltr' id='par_1_40' title="bbox 2037 1013 3622 1096">
     <span class='ocr_line' id='line_1_40' title="bbox 2037 1013 3622 1096; baseline -0.011 -14"><span class='ocrx_word' id='word_1_268' title='bbox 2037 1029 2132 1082; x_wconf 70' lang='grc' dir='ltr'><strong>καὶ</strong></span> <span class='ocrx_word' id='word_1_269' title='bbox 2182 1029 2310 1091; x_wconf 75' lang='grc' dir='ltr'>τοὺς</span> <span class='ocrx_word' id='word_1_270' title='bbox 2351 1027 2458 1080; x_wconf 85' lang='grc' dir='ltr'><strong>ἀπὸ</strong></span> <span class='ocrx_word' id='word_1_271' title='bbox 2502 1024 2592 1079; x_wconf 85' lang='grc' dir='ltr'><strong>σοῦ</strong></span> <span class='ocrx_word' id='word_1_272' title='bbox 2639 1020 3173 1096; x_wconf 82' lang='grc' dir='ltr'>μεμαθητευμὲνους,</span> <span class='ocrx_word' id='word_1_273' title='bbox 3216 1017 3304 1072; x_wconf 82' lang='grc' dir='ltr'>ἵνα</span> <span class='ocrx_word' id='word_1_274' title='bbox 3360 1014 3437 1086; x_wconf 79' lang='grc' dir='ltr'>μὴ</span> <span class='ocrx_word' id='word_1_275' title='bbox 3477 1013 3622 1067; x_wconf 78' lang='grc' dir='ltr'>εῖπω</span> 
     </span>
    </p>
   </div>
   <div class='ocr_carea' id='block_1_41' title="bbox 2039 1105 3623 1190">
    <p class='ocr_par' dir='ltr' id='par_1_41' title="bbox 2039 1105 3623 1190">
     <span class='ocr_line' id='line_1_41' title="bbox 2039 1105 3623 1190; baseline -0.01 -17"><span class='ocrx_word' id='word_1_276' title='bbox 2039 1119 2506 1190; x_wconf 73' lang='grc' dir='ltr'><strong>πεπλανημένους,</strong></span> <span class='ocrx_word' id='word_1_277' title='bbox 2548 1115 2885 1185; x_wconf 76' lang='grc' dir='ltr'>διελέγξειεν.</span> <span class='ocrx_word' id='word_1_278' title='bbox 2927 1114 2994 1166; x_wconf 84' lang='grc' dir='ltr'><strong>Ἦ</strong></span> <span class='ocrx_word' id='word_1_279' title='bbox 3026 1113 3122 1183; x_wconf 76' lang='grc' dir='ltr'>μὲν</span> <span class='ocrx_word' id='word_1_280' title='bbox 3157 1110 3266 1180; x_wconf 85' lang='grc' dir='ltr'>γὰρ</span> <span class='ocrx_word' id='word_1_281' title='bbox 3308 1105 3442 1160; x_wconf 82' lang='grc' dir='ltr'>Θεοῦ</span> <span class='ocrx_word' id='word_1_282' title='bbox 3484 1105 3623 1171; x_wconf 79' lang='grc' dir='ltr'>ἁγία</span> 
     </span>
    </p>
   </div>
   <div class='ocr_carea' id='block_1_42' title="bbox 2041 1195 3622 1278">
    <p class='ocr_par' dir='ltr' id='par_1_42' title="bbox 2041 1195 3622 1278">
     <span class='ocr_line' id='line_1_42' title="bbox 2041 1195 3622 1278; baseline -0.008 -18"><span class='ocrx_word' id='word_1_283' title='bbox 2041 1208 2223 1273; x_wconf 80' lang='grc' dir='ltr'><strong>πίστις</strong></span> <span class='ocrx_word' id='word_1_284' title='bbox 2250 1208 2507 1278; x_wconf 69' lang='grc' dir='ltr'>ἀπαρχῆς</span> <span class='ocrx_word' id='word_1_285' title='bbox 2555 1202 2690 1260; x_wconf 84' lang='grc' dir='ltr'>οὖσα</span> <span class='ocrx_word' id='word_1_286' title='bbox 2742 1206 2837 1258; x_wconf 74' lang='grc' dir='ltr'>καὶ</span> <span class='ocrx_word' id='word_1_287' title='bbox 2873 1203 2982 1268; x_wconf 80' lang='grc' dir='ltr'>ἀεὶ,</span> <span class='ocrx_word' id='word_1_288' title='bbox 3011 1201 3346 1274; x_wconf 77' lang='grc' dir='ltr'>ἀρχαϊζουσα</span> <span class='ocrx_word' id='word_1_289' title='bbox 3405 1196 3500 1250; x_wconf 75' lang='grc' dir='ltr'>καὶ</span> <span class='ocrx_word' id='word_1_290' title='bbox 3545 1195 3622 1265; x_wconf 83' lang='grc' dir='ltr'>μὴ</span> 
     </span>
    </p>
   </div>
   <div class='ocr_carea' id='block_1_43' title="bbox 2042 1287 3624 1372">
    <p class='ocr_par' dir='ltr' id='par_1_43' title="bbox 2042 1287 3624 1372">
     <span class='ocr_line' id='line_1_43' title="bbox 2042 1287 3624 1372; baseline -0.009 -17"><span class='ocrx_word' id='word_1_291' title='bbox 2042 1299 2437 1372; x_wconf 85' lang='grc' dir='ltr'>παλαιουμένη,</span> <span class='ocrx_word' id='word_1_292' title='bbox 2468 1300 2615 1352; x_wconf 80' lang='grc' dir='ltr'>ἔστιν</span> <span class='ocrx_word' id='word_1_293' title='bbox 2639 1298 2747 1361; x_wconf 79' lang='grc' dir='ltr'>ἀεὶ,</span> <span class='ocrx_word' id='word_1_294' title='bbox 2794 1298 2890 1351; x_wconf 77' lang='grc' dir='ltr'>καὶ</span> <span class='ocrx_word' id='word_1_295' title='bbox 2916 1296 3212 1368; x_wconf 69' lang='grc' dir='ltr'>ἡδραίωται</span> <span class='ocrx_word' id='word_1_296' title='bbox 3241 1291 3445 1361; x_wconf 81' lang='grc' dir='ltr'>ταύτης</span> <span class='ocrx_word' id='word_1_297' title='bbox 3470 1290 3505 1342; x_wconf 80' lang='grc' dir='ltr'><strong>ό</strong></span> <span class='ocrx_word' id='word_1_298' title='bbox 3531 1287 3624 1340; x_wconf 84' lang='grc' dir='ltr'>θε-</span> 
     </span>
    </p>
   </div>
   <div class='ocr_carea' id='block_1_44' title="bbox 2047 1379 3624 1462">
    <p class='ocr_par' dir='ltr' id='par_1_44' title="bbox 2047 1379 3624 1462">
     <span class='ocr_line' id='line_1_44' title="bbox 2047 1379 3624 1462; baseline -0.008 -19"><span class='ocrx_word' id='word_1_299' title='bbox 2047 1391 2247 1462; x_wconf 82' lang='grc' dir='ltr'>μέλιος,</span> <span class='ocrx_word' id='word_1_300' title='bbox 2280 1389 2388 1442; x_wconf 75' lang='grc' dir='ltr'>’καὶ</span> <span class='ocrx_word' id='word_1_301' title='bbox 2443 1389 2710 1459; x_wconf 82' lang='grc' dir='ltr'>ὑπάρχει,</span> <span class='ocrx_word' id='word_1_302' title='bbox 2760 1388 2957 1457; x_wconf 71' lang='grc' dir='ltr'>ἔχουσα</span> <span class='ocrx_word' id='word_1_303' title='bbox 2999 1385 3091 1438; x_wconf 86' lang='grc' dir='ltr'><strong>τὸν</strong></span> <span class='ocrx_word' id='word_1_304' title='bbox 3139 1383 3313 1452; x_wconf 79' lang='grc' dir='ltr'>αὐτῆς</span> <span class='ocrx_word' id='word_1_305' title='bbox 3339 1379 3624 1449; x_wconf 83' lang='grc' dir='ltr'>Δεσπότην</span> 
     </span>
    </p>
   </div>
   <div class='ocr_carea' id='block_1_45' title="bbox 2044 1469 3627 1552">
    <p class='ocr_par' dir='ltr' id='par_1_45' title="bbox 2044 1469 3627 1552">
     <span class='ocr_line' id='line_1_45' title="bbox 2044 1469 3627 1552; baseline -0.011 -15"><span class='ocrx_word' id='word_1_306' title='bbox 2044 1483 2290 1552; x_wconf 79' lang='grc' dir='ltr'>ἄχρονον.</span> <span class='ocrx_word' id='word_1_307' title='bbox 2335 1479 2426 1533; x_wconf 89' lang='grc' dir='ltr'><strong>Διὸ</strong></span> <span class='ocrx_word' id='word_1_308' title='bbox 2469 1479 2590 1533; x_wconf 78' lang='grc' dir='ltr'>οὐδὲ</span> <span class='ocrx_word' id='word_1_309' title='bbox 2638 1479 2774 1549; x_wconf 80' lang='grc' dir='ltr'>αὑτὴ</span> <span class='ocrx_word' id='word_1_310' title='bbox 2812 1475 3036 1549; x_wconf 78' lang='grc' dir='ltr'>χρονικὴ</span> <span class='ocrx_word' id='word_1_311' title='bbox 3081 1476 3341 1545; x_wconf 82' lang='grc' dir='ltr'><strong>ὑπάρχει,</strong></span> <span class='ocrx_word' id='word_1_312' title='bbox 3391 1471 3509 1526; x_wconf 80' lang='grc' dir='ltr'>ἀλλ’</span> <span class='ocrx_word' id='word_1_313' title='bbox 3537 1469 3627 1522; x_wconf 82' lang='grc' dir='ltr'><strong>ἀεί</strong></span> 
     </span>
    </p>
   </div>
   <div class='ocr_carea' id='block_1_46' title="bbox 2046 1561 3630 1642">
    <p class='ocr_par' dir='ltr' id='par_1_46' title="bbox 2046 1561 3630 1642">
     <span class='ocr_line' id='line_1_46' title="bbox 2046 1561 3630 1642; baseline -0.007 -17"><span class='ocrx_word' id='word_1_314' title='bbox 2046 1575 2163 1626; x_wconf 82' lang='grc' dir='ltr'>ὲστι</span> <span class='ocrx_word' id='word_1_315' title='bbox 2205 1571 2320 1642; x_wconf 82' lang='grc' dir='ltr'>μετ’</span> <span class='ocrx_word' id='word_1_316' title='bbox 2347 1571 2592 1639; x_wconf 75' lang='grc' dir='ltr'>ἀγγέλων</span> <span class='ocrx_word' id='word_1_317' title='bbox 2629 1567 3112 1641; x_wconf 77' lang='grc' dir='ltr'>ἐμπολιτευομένη,</span> <span class='ocrx_word' id='word_1_318' title='bbox 3149 1567 3243 1620; x_wconf 76' lang='grc' dir='ltr'>καὶ</span> <span class='ocrx_word' id='word_1_319' title='bbox 3271 1564 3458 1632; x_wconf 82' lang='grc' dir='ltr'>ἁγίους</span> <span class='ocrx_word' id='word_1_320' title='bbox 3481 1561 3630 1615; x_wconf 80' lang='grc' dir='ltr'><strong>κατά</strong></span> 
     </span>
    </p>
   </div>
   <div class='ocr_carea' id='block_1_47' title="bbox 2047 1652 3631 1732">
    <p class='ocr_par' dir='ltr' id='par_1_47' title="bbox 2047 1652 3631 1732">
     <span class='ocr_line' id='line_1_47' title="bbox 2047 1652 3631 1732; baseline -0.007 -16"><span class='ocrx_word' id='word_1_321' title='bbox 2047 1662 2237 1732; x_wconf 75' lang='grc' dir='ltr'>γενεὰν</span> <span class='ocrx_word' id='word_1_322' title='bbox 2270 1661 2362 1715; x_wconf 79' lang='grc' dir='ltr'>καὶ</span> <span class='ocrx_word' id='word_1_323' title='bbox 2383 1662 2574 1730; x_wconf 85' lang='grc' dir='ltr'>γενεὰν</span> <span class='ocrx_word' id='word_1_324' title='bbox 2608 1659 2909 1730; x_wconf 87' lang='grc' dir='ltr'>κοσμοῦσα.</span> <span class='ocrx_word' id='word_1_325' title='bbox 2956 1659 3027 1711; x_wconf 81' lang='grc' dir='ltr'><strong>Σὺ</strong></span> <span class='ocrx_word' id='word_1_326' title='bbox 3055 1659 3112 1712; x_wconf 76' lang='grc' dir='ltr'>δὲ</span> <span class='ocrx_word' id='word_1_327' title='bbox 3151 1656 3349 1729; x_wconf 75' lang='grc' dir='ltr'>μᾶλλον</span> <span class='ocrx_word' id='word_1_328' title='bbox 3376 1652 3631 1726; x_wconf 79' lang='grc' dir='ltr'>χρονικὸς</span> 
     </span>
    </p>
   </div>
   <div class='ocr_carea' id='block_1_48' title="bbox 2051 1741 3633 1823">
    <p class='ocr_par' dir='ltr' id='par_1_48' title="bbox 2051 1741 3633 1823">
     <span class='ocr_line' id='line_1_48' title="bbox 2051 1741 3633 1823; baseline -0.008 -17"><span class='ocrx_word' id='word_1_329' title='bbox 2051 1752 2337 1823; x_wconf 80' lang='grc' dir='ltr'><strong>ὑπάρχεις,</strong></span> <span class='ocrx_word' id='word_1_330' title='bbox 2366 1750 2710 1821; x_wconf 76' lang='grc' dir='ltr'>βουκοληθεὶς</span> <span class='ocrx_word' id='word_1_331' title='bbox 2737 1749 2843 1802; x_wconf 80' lang='grc' dir='ltr'>ὑπὸ</span> <span class='ocrx_word' id='word_1_332' title='bbox 2866 1749 2967 1818; x_wconf 83' lang='grc' dir='ltr'>τῆς</span> <span class='ocrx_word' id='word_1_333' title='bbox 2996 1748 3224 1818; x_wconf 74' lang='grc' dir='ltr'>πλάνης,</span> <span class='ocrx_word' id='word_1_334' title='bbox 3252 1741 3633 1814; x_wconf 55' lang='grc' dir='ltr'>καῖ’ὲπαρθεὶς</span> 
     </span>
    </p>
   </div>
   <div class='ocr_carea' id='block_1_49' title="bbox 2051 1831 3634 1913">
    <p class='ocr_par' dir='ltr' id='par_1_49' title="bbox 2051 1831 3634 1913">
     <span class='ocr_line' id='line_1_49' title="bbox 2051 1831 3634 1913; baseline -0.005 -18"><span class='ocrx_word' id='word_1_335' title='bbox 2051 1841 2192 1896; x_wconf 84' lang='grc' dir='ltr'><strong>κατά</strong></span> <span class='ocrx_word' id='word_1_336' title='bbox 2221 1842 2320 1913; x_wconf 79' lang='grc' dir='ltr'>τὴν</span> <span class='ocrx_word' id='word_1_337' title='bbox 2347 1841 2605 1903; x_wconf 81' lang='grc' dir='ltr'>διάνοιαν,</span> <span class='ocrx_word' id='word_1_338' title='bbox 2646 1842 2740 1894; x_wconf 80' lang='grc' dir='ltr'>καὶ</span> <span class='ocrx_word' id='word_1_339' title='bbox 2789 1839 2852 1892; x_wconf 87' lang='grc' dir='ltr'><strong>τὸ</strong></span> <span class='ocrx_word' id='word_1_340' title='bbox 2887 1839 2977 1892; x_wconf 80' lang='grc' dir='ltr'><strong>σὸν</strong></span> <span class='ocrx_word' id='word_1_341' title='bbox 3001 1838 3255 1910; x_wconf 78' lang='grc' dir='ltr'>βόσκημα</span> <span class='ocrx_word' id='word_1_342' title='bbox 3285 1835 3386 1906; x_wconf 76' lang='grc' dir='ltr'>τῆς</span> <span class='ocrx_word' id='word_1_343' title='bbox 3427 1831 3634 1902; x_wconf 77' lang='grc' dir='ltr'><strong>ἀγέλης</strong></span> 
     </span>
    </p>
   </div>
   <div class='ocr_carea' id='block_1_50' title="bbox 2051 1923 3634 2005">
    <p class='ocr_par' dir='ltr' id='par_1_50' title="bbox 2051 1923 3634 2005">
     <span class='ocr_line' id='line_1_50' title="bbox 2051 1923 3634 2005; baseline 0 -19"><span class='ocrx_word' id='word_1_344' title='bbox 2051 1933 2286 2005; x_wconf 76' lang='grc' dir='ltr'>χυδαίως</span> <span class='ocrx_word' id='word_1_345' title='bbox 2318 1935 2398 1997; x_wconf 86' lang='grc' dir='ltr'><strong>είς</strong></span> <span class='ocrx_word' id='word_1_346' title='bbox 2445 1933 2615 2004; x_wconf 80' lang='grc' dir='ltr'>νομὴν</span> <span class='ocrx_word' id='word_1_347' title='bbox 2662 1932 2947 2002; x_wconf 55' lang='lat' dir='ltr'><strong>amem</strong></span> <span class='ocrx_word' id='word_1_348' title='bbox 2997 1927 3402 2001; x_wconf 75' lang='grc' dir='ltr'>παρεμπλέξας·</span> <span class='ocrx_word' id='word_1_349' title='bbox 3440 1923 3634 1986; x_wconf 78' lang='grc' dir='ltr'>Οὐδεὶς</span> 
     </span>
    </p>
   </div>
   <div class='ocr_carea' id='block_1_51' title="bbox 2051 2013 3637 2096">
    <p class='ocr_par' dir='ltr' id='par_1_51' title="bbox 2051 2013 3637 2096">
     <span class='ocr_line' id='line_1_51' title="bbox 2051 2013 3637 2096; baseline -0.006 -19"><span class='ocrx_word' id='word_1_350' title='bbox 2051 2024 2161 2096; x_wconf 80' lang='grc' dir='ltr'><strong>γὰρ</strong></span> <span class='ocrx_word' id='word_1_351' title='bbox 2193 2025 2333 2078; x_wconf 85' lang='grc' dir='ltr'><strong>κατά</strong></span> <span class='ocrx_word' id='word_1_352' title='bbox 2371 2027 2430 2079; x_wconf 84' lang='grc' dir='ltr'>σὲ</span> <span class='ocrx_word' id='word_1_353' title='bbox 2477 2026 2584 2079; x_wconf 89' lang='grc' dir='ltr'><strong>τῶν</strong></span> <span class='ocrx_word' id='word_1_354' title='bbox 2635 2024 2882 2080; x_wconf 85' lang='grc' dir='ltr'>παλαιῶν</span> <span class='ocrx_word' id='word_1_355' title='bbox 2936 2023 3255 2095; x_wconf 71' lang='grc' dir='ltr'>ἐφρόνησεν,</span> <span class='ocrx_word' id='word_1_356' title='bbox 3283 2013 3330 2073; x_wconf 83' lang='grc' dir='ltr'><strong>ῶ</strong></span> <span class='ocrx_word' id='word_1_357' title='bbox 3375 2017 3574 2077; x_wconf 81' lang='grc' dir='ltr'>’Δέτιε,</span> <span class='ocrx_word' id='word_1_358' title='bbox 3605 2017 3637 2069; x_wconf 82' lang='grc' dir='ltr'><strong>ό</strong></span> 
     </span>
    </p>
   </div>
   <div class='ocr_carea' id='block_1_52' title="bbox 2053 2111 3635 2192">
    <p class='ocr_par' dir='ltr' id='par_1_52' title="bbox 2053 2111 3635 2192">
     <span class='ocr_line' id='line_1_52' title="bbox 2053 2111 3635 2192; baseline 0.001 -23"><span class='ocrx_word' id='word_1_359' title='bbox 2053 2114 2196 2169; x_wconf 82' lang='grc' dir='ltr'><strong>κατά</strong></span> <span class='ocrx_word' id='word_1_360' title='bbox 2237 2116 2503 2187; x_wconf 84' lang='grc' dir='ltr'>χρονικῶν</span> <span class='ocrx_word' id='word_1_361' title='bbox 2541 2118 2796 2192; x_wconf 77' lang='grc' dir='ltr'>γράφων,</span> <span class='ocrx_word' id='word_1_362' title='bbox 2843 2117 3007 2180; x_wconf 83' lang='grc' dir='ltr'>αὐτὸς</span> <span class='ocrx_word' id='word_1_363' title='bbox 3050 2113 3300 2186; x_wconf 90' lang='grc' dir='ltr'>χρονικὸς</span> <span class='ocrx_word' id='word_1_364' title='bbox 3348 2111 3635 2180; x_wconf 64' lang='grc' dir='ltr'>ὑπάρχων,</span> 
     </span>
    </p>
   </div>
   <div class='ocr_carea' id='block_1_53' title="bbox 2054 2199 3640 2277">
    <p class='ocr_par' dir='ltr' id='par_1_53' title="bbox 2054 2199 3640 2277">
     <span class='ocr_line' id='line_1_53' title="bbox 2054 2199 3640 2277; baseline 0.003 -21"><span class='ocrx_word' id='word_1_365' title='bbox 2054 2205 2150 2257; x_wconf 78' lang='grc' dir='ltr'>καὶ</span> <span class='ocrx_word' id='word_1_366' title='bbox 2172 2203 2276 2258; x_wconf 81' lang='grc' dir='ltr'>οὐκ</span> <span class='ocrx_word' id='word_1_367' title='bbox 2303 2205 2600 2276; x_wconf 76' lang='grc' dir='ltr'>ἀρχαῒζων.</span> <span class='ocrx_word' id='word_1_368' title='bbox 2635 2207 2811 2270; x_wconf 79' lang='grc' dir='ltr'>Εὐθὺς</span> <span class='ocrx_word' id='word_1_369' title='bbox 2831 2207 2889 2260; x_wconf 77' lang='grc' dir='ltr'>δὲ</span> <span class='ocrx_word' id='word_1_370' title='bbox 2920 2206 2985 2259; x_wconf 81' lang='grc' dir='ltr'>ὲκ</span> <span class='ocrx_word' id='word_1_371' title='bbox 3011 2205 3234 2277; x_wconf 79' lang='grc' dir='ltr'><strong>πρώτης</strong></span> <span class='ocrx_word' id='word_1_372' title='bbox 3256 2200 3534 2270; x_wconf 74' lang='grc' dir='ltr'>ἐπιϐολῆς,</span> <span class='ocrx_word' id='word_1_373' title='bbox 3560 2199 3640 2260; x_wconf 75' lang='grc' dir='ltr'><strong>ὡς</strong></span> 
     </span>
    </p>
   </div>
   <div class='ocr_carea' id='block_1_54' title="bbox 2057 2290 3640 2372">
    <p class='ocr_par' dir='ltr' id='par_1_54' title="bbox 2057 2290 3640 2372">
     <span class='ocr_line' id='line_1_54' title="bbox 2057 2290 3640 2372; baseline -0.015 -6"><span class='ocrx_word' id='word_1_374' title='bbox 2057 2295 2191 2368; x_wconf 73' lang='grc' dir='ltr'>ἔφης</span> <span class='ocrx_word' id='word_1_375' title='bbox 2220 2300 2554 2370; x_wconf 84' lang='grc' dir='ltr'>πονημάτιον</span> <span class='ocrx_word' id='word_1_376' title='bbox 2590 2299 2942 2372; x_wconf 81' lang='grc' dir='ltr'>γεγραφέναι,</span> <span class='ocrx_word' id='word_1_377' title='bbox 2975 2297 3144 2350; x_wconf 74' lang='grc' dir='ltr'>εἰπὼν</span> <span class='ocrx_word' id='word_1_378' title='bbox 3179 2293 3309 2366; x_wconf 77' lang='grc' dir='ltr'>περὶ</span> <span class='ocrx_word' id='word_1_379' title='bbox 3339 2290 3640 2360; x_wconf 74' lang='grc' dir='ltr'>ἀγεννήτου</span> 
     </span>
    </p>
   </div>
   <div class='ocr_carea' id='block_1_55' title="bbox 2057 2387 3640 2462">
    <p class='ocr_par' dir='ltr' id='par_1_55' title="bbox 2057 2387 3640 2462">
     <span class='ocr_line' id='line_1_55' title="bbox 2057 2387 3640 2462; baseline -0.005 -20"><span class='ocrx_word' id='word_1_380' title='bbox 2057 2389 2193 2442; x_wconf 88' lang='grc' dir='ltr'>Θεοῦ</span> <span class='ocrx_word' id='word_1_381' title='bbox 2229 2391 2323 2443; x_wconf 73' lang='grc' dir='ltr'>καὶ</span> <span class='ocrx_word' id='word_1_382' title='bbox 2355 2391 2636 2462; x_wconf 85' lang='grc' dir='ltr'>γεννητοῦ,</span> <span class='ocrx_word' id='word_1_383' title='bbox 2677 2389 2975 2461; x_wconf 74' lang='grc' dir='ltr'>ἐξέπληξας</span> <span class='ocrx_word' id='word_1_384' title='bbox 3012 2388 3102 2442; x_wconf 82' lang='grc' dir='ltr'><strong>τὸν</strong></span> <span class='ocrx_word' id='word_1_385' title='bbox 3140 2387 3254 2458; x_wconf 79' lang='grc' dir='ltr'>βίον</span> <span class='ocrx_word' id='word_1_386' title='bbox 3300 2387 3361 2441; x_wconf 85' lang='grc' dir='ltr'>ὲν</span> <span class='ocrx_word' id='word_1_387' title='bbox 3401 2387 3470 2454; x_wconf 78' lang='grc' dir='ltr'>τῇ</span> <span class='ocrx_word' id='word_1_388' title='bbox 3511 2399 3640 2436; x_wconf 81' lang='grc' dir='ltr'>τοσ-</span> 
     </span>
    </p>
   </div>
   <div class='ocr_carea' id='block_1_56' title="bbox 2059 2472 3643 2555">
    <p class='ocr_par' dir='ltr' id='par_1_56' title="bbox 2059 2472 3643 2555">
     <span class='ocr_line' id='line_1_56' title="bbox 2059 2472 3643 2555; baseline -0.007 -19"><span class='ocrx_word' id='word_1_389' title='bbox 2059 2481 2198 2553; x_wconf 82' lang='grc' dir='ltr'>αύτῃ</span> <span class='ocrx_word' id='word_1_390' title='bbox 2248 2500 2340 2536; x_wconf 87' lang='grc' dir='ltr'><strong>σου</strong></span> <span class='ocrx_word' id='word_1_391' title='bbox 2398 2485 2633 2555; x_wconf 82' lang='grc' dir='ltr'>φωτεινῇ</span> <span class='ocrx_word' id='word_1_392' title='bbox 2690 2482 2915 2552; x_wconf 72' lang='grc' dir='ltr'>ἐπιϐολῇ</span> <span class='ocrx_word' id='word_1_393' title='bbox 2960 2479 3055 2534; x_wconf 86' lang='grc' dir='ltr'><strong>τοῦ</strong></span> <span class='ocrx_word' id='word_1_394' title='bbox 3102 2479 3282 2547; x_wconf 82' lang='grc' dir='ltr'>λόγου,</span> <span class='ocrx_word' id='word_1_395' title='bbox 3339 2477 3428 2528; x_wconf 79' lang='grc' dir='ltr'><strong>ἶνα</strong></span> <span class='ocrx_word' id='word_1_396' title='bbox 3467 2472 3643 2534; x_wconf 80' lang='grc' dir='ltr'>οὕτως</span> 
     </span>
    </p>
   </div>
   <div class='ocr_carea' id='block_1_57' title="bbox 2063 2565 3642 2646">
    <p class='ocr_par' dir='ltr' id='par_1_57' title="bbox 2063 2565 3642 2646">
     <span class='ocr_line' id='line_1_57' title="bbox 2063 2565 3642 2646; baseline 0.001 -20"><span class='ocrx_word' id='word_1_397' title='bbox 2063 2573 2450 2646; x_wconf 67' lang='grc' dir='ltr'>αριγέλαστόν</span> <span class='ocrx_word' id='word_1_398' title='bbox 2478 2591 2570 2628; x_wconf 92' lang='grc' dir='ltr'><strong>σου</strong></span> <span class='ocrx_word' id='word_1_399' title='bbox 2596 2576 2908 2644; x_wconf 68' lang='grc' dir='ltr'>ποιήσωμαι</span> <span class='ocrx_word' id='word_1_400' title='bbox 2926 2571 3019 2625; x_wconf 84' lang='grc' dir='ltr'><strong>τὸν</strong></span> <span class='ocrx_word' id='word_1_401' title='bbox 3043 2570 3203 2638; x_wconf 88' lang='grc' dir='ltr'>λόγον</span> <span class='ocrx_word' id='word_1_402' title='bbox 3227 2567 3327 2639; x_wconf 80' lang='grc' dir='ltr'>τῆς</span> <span class='ocrx_word' id='word_1_403' title='bbox 3355 2565 3642 2632; x_wconf 61' lang='grc' dir='ltr'>διαλέξει-’ς</span> 
     </span>
    </p>
   </div>
   <div class='ocr_carea' id='block_1_58' title="bbox 2062 2656 3570 2739">
    <p class='ocr_par' dir='ltr' id='par_1_58' title="bbox 2062 2656 3570 2739">
     <span class='ocr_line' id='line_1_58' title="bbox 2062 2656 3570 2739; baseline -0.01 -16"><span class='ocrx_word' id='word_1_404' title='bbox 2062 2665 2161 2736; x_wconf 83' lang='grc' dir='ltr'><strong>τῆς</strong></span> <span class='ocrx_word' id='word_1_405' title='bbox 2186 2667 2454 2739; x_wconf 80' lang='grc' dir='ltr'><strong>τοσαύτης</strong></span> <span class='ocrx_word' id='word_1_406' title='bbox 2485 2683 2579 2720; x_wconf 86' lang='grc' dir='ltr'><strong>σου</strong></span> <span class='ocrx_word' id='word_1_407' title='bbox 2606 2664 3100 2736; x_wconf 82' lang='grc' dir='ltr'>καινοτομουμένης</span> <span class='ocrx_word' id='word_1_408' title='bbox 3131 2656 3570 2732; x_wconf 79' lang='grc' dir='ltr'>ὀνοματοποιίας.</span> 
     </span>
    </p>
   </div>
   <div class='ocr_carea' id='block_1_59' title="bbox 2021 2756 3640 2834">
    <p class='ocr_par' dir='ltr' id='par_1_59' title="bbox 2021 2756 3640 2834">
     <span class='ocr_line' id='line_1_59' title="bbox 2021 2756 3640 2834; baseline -0.005 -23"><span class='ocrx_word' id='word_1_409' title='bbox 2021 2756 2168 2816; x_wconf 88' lang='lat' dir='ltr'><strong>illam</strong></span> <span class='ocrx_word' id='word_1_410' title='bbox 2218 2762 2642 2834; x_wconf 76' lang='lat' dir='ltr'><strong>disputationem</strong></span> <span class='ocrx_word' id='word_1_411' title='bbox 2685 2762 2922 2817; x_wconf 83' lang='lat' dir='ltr'><strong>ludibrio</strong></span> <span class='ocrx_word' id='word_1_412' title='bbox 2979 2759 3316 2828; x_wconf 87' lang='lat' dir='ltr'><strong>traducam),</strong></span> <span class='ocrx_word' id='word_1_413' title='bbox 3372 2765 3640 2811; x_wconf 80' lang='lat' dir='ltr'><strong>summam</strong></span> 
     </span>
    </p>
   </div>
   <div class='ocr_carea' id='block_1_60' title="bbox 2137 2933 3645 3008">
    <p class='ocr_par' dir='ltr' id='par_1_60' title="bbox 2137 2933 3645 3008">
     <span class='ocr_line' id='line_1_60' title="bbox 2137 2933 3645 3008; baseline 0.001 -19"><span class='ocrx_word' id='word_1_414' title='bbox 2137 2933 2211 2990; x_wconf 89' lang='lat' dir='ltr'><strong>B&#39;.</strong></span> <span class='ocrx_word' id='word_1_415' title='bbox 2243 2935 2340 2999; x_wconf 88' lang='grc' dir='ltr'>Τίς</span> <span class='ocrx_word' id='word_1_416' title='bbox 2368 2935 2478 3008; x_wconf 84' lang='grc' dir='ltr'>γὰρ</span> <span class='ocrx_word' id='word_1_417' title='bbox 2504 2935 2613 2991; x_wconf 85' lang='grc' dir='ltr'><strong>τῶν</strong></span> <span class='ocrx_word' id='word_1_418' title='bbox 2647 2936 2711 2990; x_wconf 87' lang='grc' dir='ltr'><strong>τὸ</strong></span> <span class='ocrx_word' id='word_1_419' title='bbox 2755 2937 3019 3008; x_wconf 83' lang='grc' dir='ltr'>σωτήριον</span> <span class='ocrx_word' id='word_1_420' title='bbox 3055 2934 3149 2989; x_wconf 86' lang='grc' dir='ltr'><strong>τοῦ</strong></span> <span class='ocrx_word' id='word_1_421' title='bbox 3197 2934 3335 2988; x_wconf 89' lang='grc' dir='ltr'>Θεοῦ</span> <span class='ocrx_word' id='word_1_422' title='bbox 3382 2936 3645 3007; x_wconf 81' lang='grc' dir='ltr'>κήρυγμα</span> 
     </span>
    </p>
   </div>
   <div class='ocr_carea' id='block_1_61' title="bbox 389 3024 1962 3118">
    <p class='ocr_par' dir='ltr' id='par_1_61' title="bbox 389 3024 1962 3094">
     <span class='ocr_line' id='line_1_61' title="bbox 389 3024 1962 3094; baseline -0.004 -8"><span class='ocrx_word' id='word_1_423' title='bbox 389 3030 685 3086; x_wconf 86' lang='lat' dir='ltr'><strong>salutarem</strong></span> <span class='ocrx_word' id='word_1_424' title='bbox 717 3027 807 3082; x_wconf 87' lang='lat' dir='ltr'><strong>Dei</strong></span> <span class='ocrx_word' id='word_1_425' title='bbox 839 3026 1144 3082; x_wconf 87' lang='lat' dir='ltr'><strong>doctrinam</strong></span> <span class='ocrx_word' id='word_1_426' title='bbox 1173 3024 1444 3087; x_wconf 87' lang='lat' dir='ltr'><strong>obtinent,</strong></span> <span class='ocrx_word' id='word_1_427' title='bbox 1471 3025 1564 3092; x_wconf 90' lang='lat' dir='ltr'><strong>qui</strong></span> <span class='ocrx_word' id='word_1_428' title='bbox 1594 3024 1694 3078; x_wconf 92' lang='lat' dir='ltr'><strong>hac</strong></span> <span class='ocrx_word' id='word_1_429' title='bbox 1725 3024 1842 3094; x_wconf 89' lang='lat' dir='ltr'><strong>ipsa</strong></span> <span class='ocrx_word' id='word_1_430' title='bbox 1865 3026 1962 3080; x_wconf 89' lang='lat' dir='ltr'><strong>de-</strong></span> 
     </span>
    </p>
   </div>
   <div class='ocr_carea' id='block_1_62' title="bbox 2063 3024 3645 3118">
    <p class='ocr_par' dir='ltr' id='par_1_62' title="bbox 2067 3027 3645 3100">
     <span class='ocr_line' id='line_1_62' title="bbox 2067 3027 3645 3100; baseline -0.001 -18"><span class='ocrx_word' id='word_1_431' title='bbox 2067 3029 2419 3099; x_wconf 84' lang='grc' dir='ltr'>κεκτημένων</span> <span class='ocrx_word' id='word_1_432' title='bbox 2466 3027 2806 3100; x_wconf 84' lang='grc' dir='ltr'>Χριστιανῶν</span> <span class='ocrx_word' id='word_1_433' title='bbox 2855 3028 3057 3081; x_wconf 81' lang='grc' dir='ltr'>παίδων</span> <span class='ocrx_word' id='word_1_434' title='bbox 3107 3028 3296 3082; x_wconf 86' lang='grc' dir='ltr'>τοῦτον</span> <span class='ocrx_word' id='word_1_435' title='bbox 3325 3029 3346 3060; x_wconf 84' lang='grc'><strong>⁸</strong></span> <span class='ocrx_word' id='word_1_436' title='bbox 3391 3029 3645 3082; x_wconf 78' lang='grc' dir='ltr'>καταλείο</span> 
     </span>
    </p>
   </div>
   <div class='ocr_carea' id='block_1_63' title="bbox 391 3115 1958 3187">
    <p class='ocr_par' dir='ltr' id='par_1_63' title="bbox 391 3115 1958 3187">
     <span class='ocr_line' id='line_1_63' title="bbox 391 3115 1958 3187; baseline -0.003 -10"><span class='ocrx_word' id='word_1_437' title='bbox 391 3122 582 3177; x_wconf 83' lang='lat' dir='ltr'><strong>relicta</strong></span> <span class='ocrx_word' id='word_1_438' title='bbox 615 3119 878 3187; x_wconf 49' lang='lat' dir='ltr'><strong>,coniictis</strong></span> <span class='ocrx_word' id='word_1_439' title='bbox 931 3118 1040 3172; x_wconf 85' lang='lat' dir='ltr'><strong>tuis</strong></span> <span class='ocrx_word' id='word_1_440' title='bbox 1099 3115 1298 3170; x_wconf 88' lang='lat' dir='ltr'><strong>fabulis</strong></span> <span class='ocrx_word' id='word_1_441' title='bbox 1345 3129 1410 3169; x_wconf 90' lang='lat' dir='ltr'><strong>ac</strong></span> <span class='ocrx_word' id='word_1_442' title='bbox 1441 3117 1600 3184; x_wconf 88' lang='lat' dir='ltr'><strong>nugis</strong></span> <span class='ocrx_word' id='word_1_443' title='bbox 1653 3115 1910 3172; x_wconf 88' lang='lat' dir='ltr'><strong>inductus</strong></span> <span class='ocrx_word' id='word_1_444' title='bbox 1941 3155 1958 3180; x_wconf 94' lang='lat'><strong>,</strong></span> 
     </span>
    </p>
   </div>
   <div class='ocr_carea' id='block_1_64' title="bbox 392 3206 1964 3278">
    <p class='ocr_par' dir='ltr' id='par_1_64' title="bbox 392 3206 1964 3278">
     <span class='ocr_line' id='line_1_64' title="bbox 392 3206 1964 3278; baseline -0.004 -12"><span class='ocrx_word' id='word_1_445' title='bbox 392 3221 596 3266; x_wconf 65' lang='lat' dir='ltr'><strong>aeterno</strong></span> <span class='ocrx_word' id='word_1_446' title='bbox 656 3210 764 3264; x_wconf 89' lang='lat' dir='ltr'><strong>Deo</strong></span> <span class='ocrx_word' id='word_1_447' title='bbox 805 3209 1033 3278; x_wconf 83' lang='lat' dir='ltr'><strong>ejusque</strong></span> <span class='ocrx_word' id='word_1_448' title='bbox 1067 3206 1269 3276; x_wconf 88' lang='lat' dir='ltr'><strong>Spiritu</strong></span> <span class='ocrx_word' id='word_1_449' title='bbox 1325 3214 1516 3261; x_wconf 87' lang='lat' dir='ltr'><strong>saneto</strong></span> <span class='ocrx_word' id='word_1_450' title='bbox 1563 3207 1842 3276; x_wconf 77' lang='lat' dir='ltr'><strong>neglecto,</strong></span> <span class='ocrx_word' id='word_1_451' title='bbox 1897 3206 1964 3260; x_wconf 89' lang='lat' dir='ltr'><strong>ad</strong></span> 
     </span>
    </p>
   </div>
   <div class='ocr_carea' id='block_1_65' title="bbox 394 3295 1968 3370">
    <p class='ocr_par' dir='ltr' id='par_1_65' title="bbox 394 3295 1968 3370">
     <span class='ocr_line' id='line_1_65' title="bbox 394 3295 1968 3370; baseline -0.004 -14"><span class='ocrx_word' id='word_1_452' title='bbox 394 3311 517 3356; x_wconf 89' lang='lat' dir='ltr'><strong>tuas</strong></span> <span class='ocrx_word' id='word_1_453' title='bbox 549 3308 731 3370; x_wconf 91' lang='lat' dir='ltr'><strong>partes</strong></span> <span class='ocrx_word' id='word_1_454' title='bbox 767 3299 1000 3352; x_wconf 89' lang='lat' dir='ltr'><strong>transire</strong></span> <span class='ocrx_word' id='word_1_455' title='bbox 1029 3298 1197 3359; x_wconf 90' lang='lat' dir='ltr'><strong>malit,</strong></span> <span class='ocrx_word' id='word_1_456' title='bbox 1229 3311 1291 3349; x_wconf 85' lang='lat' dir='ltr'><strong>ac</strong></span> <span class='ocrx_word' id='word_1_457' title='bbox 1321 3296 1387 3350; x_wconf 90' lang='lat' dir='ltr'><strong>de</strong></span> <span class='ocrx_word' id='word_1_458' title='bbox 1417 3297 1604 3366; x_wconf 90' lang='lat' dir='ltr'><strong>genito</strong></span> <span class='ocrx_word' id='word_1_459' title='bbox 1639 3295 1746 3351; x_wconf 92' lang='lat' dir='ltr'><strong>Deo</strong></span> <span class='ocrx_word' id='word_1_460' title='bbox 1779 3296 1968 3367; x_wconf 86' lang='lat' dir='ltr'><strong>dispu-</strong></span> 
     </span>
    </p>
   </div>
   <div class='ocr_carea' id='block_1_66' title="bbox 397 3387 1964 3456">
    <p class='ocr_par' dir='ltr' id='par_1_66' title="bbox 397 3387 1964 3456">
     <span class='ocr_line' id='line_1_66' title="bbox 397 3387 1964 3456; baseline -0.003 -10"><span class='ocrx_word' id='word_1_461' title='bbox 397 3402 603 3446; x_wconf 89' lang='lat' dir='ltr'><strong>tantem</strong></span> <span class='ocrx_word' id='word_1_462' title='bbox 635 3389 848 3450; x_wconf 90' lang='lat' dir='ltr'><strong>audiat,</strong></span> <span class='ocrx_word' id='word_1_463' title='bbox 886 3396 1023 3442; x_wconf 91' lang='lat' dir='ltr'><strong>utet</strong></span> <span class='ocrx_word' id='word_1_464' title='bbox 1066 3391 1183 3456; x_wconf 90' lang='lat' dir='ltr'><strong>ipse</strong></span> <span class='ocrx_word' id='word_1_465' title='bbox 1220 3389 1362 3440; x_wconf 90' lang='lat' dir='ltr'><strong>inter</strong></span> <span class='ocrx_word' id='word_1_466' title='bbox 1395 3387 1591 3441; x_wconf 89' lang='lat' dir='ltr'><strong>stultos</strong></span> <span class='ocrx_word' id='word_1_467' title='bbox 1627 3396 1964 3451; x_wconf 88' lang='lat' dir='ltr'><strong>numeretur,</strong></span> 
     </span>
    </p>
   </div>
   <div class='ocr_carea' id='block_1_67' title="bbox 395 3475 1966 3545">
    <p class='ocr_par' dir='ltr' id='par_1_67' title="bbox 395 3475 1966 3545">
     <span class='ocr_line' id='line_1_67' title="bbox 395 3475 1966 3545; baseline -0.004 -9"><span class='ocrx_word' id='word_1_468' title='bbox 395 3491 450 3536; x_wconf 89' lang='lat' dir='ltr'><strong>et</strong></span> <span class='ocrx_word' id='word_1_469' title='bbox 494 3487 799 3534; x_wconf 88' lang='lat' dir='ltr'><strong>creaturam</strong></span> <span class='ocrx_word' id='word_1_470' title='bbox 829 3478 949 3530; x_wconf 88' lang='lat' dir='ltr'><strong>loco</strong></span> <span class='ocrx_word' id='word_1_471' title='bbox 975 3475 1251 3530; x_wconf 87' lang='lat' dir='ltr'><strong>Creatoris</strong></span> <span class='ocrx_word' id='word_1_472' title='bbox 1279 3475 1506 3530; x_wconf 89' lang='lat' dir='ltr'><strong>adorare</strong></span> <span class='ocrx_word' id='word_1_473' title='bbox 1538 3475 1844 3539; x_wconf 87' lang='lat' dir='ltr'><strong>condiscat,</strong></span> <span class='ocrx_word' id='word_1_474' title='bbox 1873 3475 1966 3545; x_wconf 80' lang='lat' dir='ltr'><strong>qui</strong></span> 
     </span>
    </p>
   </div>
   <div class='ocr_carea' id='block_1_68' title="bbox 395 3565 1972 3626">
    <p class='ocr_par' dir='ltr' id='par_1_68' title="bbox 395 3565 1972 3626">
     <span class='ocr_line' id='line_1_68' title="bbox 395 3565 1972 3626; baseline -0.004 0"><span class='ocrx_word' id='word_1_475' title='bbox 395 3581 472 3626; x_wconf 73' lang='lat' dir='ltr'><strong>est</strong></span> <span class='ocrx_word' id='word_1_476' title='bbox 516 3569 814 3622; x_wconf 80' lang='lat' dir='ltr'><strong>benedictus</strong></span> <span class='ocrx_word' id='word_1_477' title='bbox 876 3567 930 3620; x_wconf 80' lang='lat' dir='ltr'><strong>in</strong></span> <span class='ocrx_word' id='word_1_478' title='bbox 985 3565 1202 3620; x_wconf 69' lang='lat' dir='ltr'><strong>alecula.</strong></span> <span class='ocrx_word' id='word_1_479' title='bbox 1230 3565 1392 3618; x_wconf 83' lang='lat' dir='ltr'><strong>Amen</strong></span> <span class='ocrx_word' id='word_1_480' title='bbox 1416 3565 1469 3619; x_wconf 77' lang='lat'><strong>‘?</strong></span> <span class='ocrx_word' id='word_1_481' title='bbox 1505 3565 1612 3621; x_wconf 86' lang='lat' dir='ltr'><strong>Nos</strong></span> <span class='ocrx_word' id='word_1_482' title='bbox 1642 3566 1786 3620; x_wconf 86' lang='lat' dir='ltr'><strong>enim</strong></span> <span class='ocrx_word' id='word_1_483' title='bbox 1817 3581 1972 3620; x_wconf 90' lang='lat' dir='ltr'><strong>crea-</strong></span> 
     </span>
    </p>
   </div>
   <div class='ocr_carea' id='block_1_69' title="bbox 397 3655 1973 3722">
    <p class='ocr_par' dir='ltr' id='par_1_69' title="bbox 397 3655 1973 3722">
     <span class='ocr_line' id='line_1_69' title="bbox 397 3655 1973 3722; baseline -0.004 -8"><span class='ocrx_word' id='word_1_484' title='bbox 397 3670 514 3715; x_wconf 91' lang='lat' dir='ltr'><strong>tum</strong></span> <span class='ocrx_word' id='word_1_485' title='bbox 548 3675 652 3712; x_wconf 92' lang='lat' dir='ltr'><strong>non</strong></span> <span class='ocrx_word' id='word_1_486' title='bbox 681 3657 942 3711; x_wconf 90' lang='lat' dir='ltr'><strong>habemus</strong></span> <span class='ocrx_word' id='word_1_487' title='bbox 973 3655 1163 3722; x_wconf 85' lang='lat' dir='ltr'><strong>Deum,</strong></span> <span class='ocrx_word' id='word_1_488' title='bbox 1211 3662 1304 3709; x_wconf 90' lang='lat' dir='ltr'><strong>aut</strong></span> <span class='ocrx_word' id='word_1_489' title='bbox 1355 3655 1580 3721; x_wconf 89' lang='lat' dir='ltr'><strong>factum,</strong></span> <span class='ocrx_word' id='word_1_490' title='bbox 1622 3655 1716 3710; x_wconf 91' lang='lat' dir='ltr'><strong>sed</strong></span> <span class='ocrx_word' id='word_1_491' title='bbox 1759 3655 1973 3709; x_wconf 82' lang='lat' dir='ltr'><strong>increa-</strong></span> 
     </span>
    </p>
   </div>
   <div class='ocr_carea' id='block_1_70' title="bbox 397 3729 1973 3815">
    <p class='ocr_par' dir='ltr' id='par_1_70' title="bbox 397 3729 1973 3815">
     <span class='ocr_line' id='line_1_70' title="bbox 397 3729 1973 3815; baseline -0.001 -10"><span class='ocrx_word' id='word_1_492' title='bbox 397 3761 537 3815; x_wconf 88' lang='lat' dir='ltr'><strong>tum,</strong></span> <span class='ocrx_word' id='word_1_493' title='bbox 576 3760 630 3804; x_wconf 91' lang='lat' dir='ltr'><strong>et</strong></span> <span class='ocrx_word' id='word_1_494' title='bbox 666 3766 695 3802; x_wconf 84' lang='lat' dir='ltr'><strong>a</strong></span> <span class='ocrx_word' id='word_1_495' title='bbox 728 3750 876 3803; x_wconf 90' lang='lat' dir='ltr'><strong>nullo</strong></span> <span class='ocrx_word' id='word_1_496' title='bbox 909 3748 1208 3813; x_wconf 87' lang='lat' dir='ltr'><strong>conditum,</strong></span> <span class='ocrx_word' id='word_1_497' title='bbox 1242 3763 1270 3800; x_wconf 87' lang='lat' dir='ltr'><strong>a</strong></span> <span class='ocrx_word' id='word_1_498' title='bbox 1305 3729 1466 3801; x_wconf 70' lang='lat' dir='ltr'><strong>Patre</strong></span> <span class='ocrx_word' id='word_1_499' title='bbox 1510 3762 1639 3802; x_wconf 89' lang='lat' dir='ltr'><strong>vero</strong></span> <span class='ocrx_word' id='word_1_500' title='bbox 1669 3747 1788 3802; x_wconf 89' lang='lat' dir='ltr'><strong>sine</strong></span> <span class='ocrx_word' id='word_1_501' title='bbox 1816 3746 1973 3802; x_wconf 89' lang='lat' dir='ltr'><strong>initio</strong></span> 
     </span>
    </p>
   </div>
   <div class='ocr_carea' id='block_1_71' title="bbox 398 3837 1973 3911">
    <p class='ocr_par' dir='ltr' id='par_1_71' title="bbox 398 3837 1973 3911">
     <span class='ocr_line' id='line_1_71' title="bbox 398 3837 1973 3911; baseline -0.004 -12"><span class='ocrx_word' id='word_1_502' title='bbox 398 3845 512 3899; x_wconf 91' lang='lat' dir='ltr'><strong>ullo</strong></span> <span class='ocrx_word' id='word_1_503' title='bbox 558 3857 623 3896; x_wconf 90' lang='lat' dir='ltr'><strong>ac</strong></span> <span class='ocrx_word' id='word_1_504' title='bbox 672 3850 914 3910; x_wconf 89' lang='lat' dir='ltr'><strong>tempore</strong></span> <span class='ocrx_word' id='word_1_505' title='bbox 946 3840 1208 3911; x_wconf 73' lang='lat' dir='ltr'><strong>genitum.</strong></span> <span class='ocrx_word' id='word_1_506' title='bbox 1254 3837 1529 3909; x_wconf 85' lang='lat' dir='ltr'><strong>Quidquid</strong></span> <span class='ocrx_word' id='word_1_507' title='bbox 1578 3839 1634 3892; x_wconf 91' lang='lat' dir='ltr'><strong>in</strong></span> <span class='ocrx_word' id='word_1_508' title='bbox 1665 3839 1765 3892; x_wconf 89' lang='lat' dir='ltr'><strong>hac</strong></span> <span class='ocrx_word' id='word_1_509' title='bbox 1808 3839 1973 3907; x_wconf 85' lang='lat' dir='ltr'><strong>geniti</strong></span> 
     </span>
    </p>
   </div>
   <div class='ocr_carea' id='block_1_72' title="bbox 395 3929 1972 4000">
    <p class='ocr_par' dir='ltr' id='par_1_72' title="bbox 395 3929 1972 4000">
     <span class='ocr_line' id='line_1_72' title="bbox 395 3929 1972 4000; baseline -0.004 -10"><span class='ocrx_word' id='word_1_510' title='bbox 395 3949 542 3990; x_wconf 10' lang='lat' dir='ltr'><strong>vocet</strong></span> <span class='ocrx_word' id='word_1_511' title='bbox 580 3933 867 3988; x_wconf 81' lang='lat' dir='ltr'><strong>calumniae</strong></span> <span class='ocrx_word' id='word_1_512' title='bbox 916 3930 1202 3994; x_wconf 79' lang='lat' dir='ltr'><strong>struxeris,</strong></span> <span class='ocrx_word' id='word_1_513' title='bbox 1254 3938 1308 3986; x_wconf 89' lang='lat' dir='ltr'><strong>et</strong></span> <span class='ocrx_word' id='word_1_514' title='bbox 1356 3929 1605 4000; x_wconf 86' lang='lat' dir='ltr'><strong>ambigue</strong></span> <span class='ocrx_word' id='word_1_515' title='bbox 1649 3929 1972 3998; x_wconf 76' lang='lat' dir='ltr'><strong>usui-paris,</strong></span> 
     </span>
    </p>
   </div>
   <div class='ocr_carea' id='block_1_73' title="bbox 401 4019 1972 4086">
    <p class='ocr_par' dir='ltr' id='par_1_73' title="bbox 401 4019 1972 4086">
     <span class='ocr_line' id='line_1_73' title="bbox 401 4019 1972 4086; baseline -0.008 -2"><span class='ocrx_word' id='word_1_516' title='bbox 401 4041 522 4084; x_wconf 85' lang='lat' dir='ltr'><strong>eam</strong></span> <span class='ocrx_word' id='word_1_517' title='bbox 555 4027 652 4081; x_wconf 90' lang='lat' dir='ltr'><strong>abs</strong></span> <span class='ocrx_word' id='word_1_518' title='bbox 683 4035 734 4079; x_wconf 87' lang='lat' dir='ltr'><strong>te</strong></span> <span class='ocrx_word' id='word_1_519' title='bbox 764 4024 1056 4080; x_wconf 73' lang='lat' dir='ltr'><strong>dictionem</strong></span> <span class='ocrx_word' id='word_1_520' title='bbox 1082 4037 1188 4076; x_wconf 92' lang='lat' dir='ltr'><strong>non</strong></span> <span class='ocrx_word' id='word_1_521' title='bbox 1221 4021 1523 4086; x_wconf 86' lang='lat' dir='ltr'><strong>admittam,</strong></span> <span class='ocrx_word' id='word_1_522' title='bbox 1555 4019 1772 4074; x_wconf 86' lang='lat' dir='ltr'><strong>tametsi</strong></span> <span class='ocrx_word' id='word_1_523' title='bbox 1806 4034 1872 4072; x_wconf 91' lang='lat' dir='ltr'><strong>ne</strong></span> <span class='ocrx_word' id='word_1_524' title='bbox 1903 4019 1972 4072; x_wconf 89' lang='lat' dir='ltr'><strong>ita</strong></span> 
     </span>
    </p>
   </div>
   <div class='ocr_carea' id='block_1_74' title="bbox 397 4109 1976 4188">
    <p class='ocr_par' dir='ltr' id='par_1_74' title="bbox 397 4109 1976 4188">
     <span class='ocr_line' id='line_1_74' title="bbox 397 4109 1976 4188; baseline -0.004 -19"><span class='ocrx_word' id='word_1_525' title='bbox 397 4115 618 4188; x_wconf 89' lang='lat' dir='ltr'><strong>quidem</strong></span> <span class='ocrx_word' id='word_1_526' title='bbox 653 4113 913 4184; x_wconf 90' lang='lat' dir='ltr'><strong>accipias,</strong></span> <span class='ocrx_word' id='word_1_527' title='bbox 947 4119 1006 4167; x_wconf 93' lang='lat' dir='ltr'><strong>ut</strong></span> <span class='ocrx_word' id='word_1_528' title='bbox 1049 4111 1209 4167; x_wconf 82' lang='lat' dir='ltr'><strong>Patre</strong></span> <span class='ocrx_word' id='word_1_529' title='bbox 1258 4109 1481 4166; x_wconf 84' lang='lat' dir='ltr'><strong>inferior</strong></span> <span class='ocrx_word' id='word_1_530' title='bbox 1523 4109 1699 4164; x_wconf 86' lang='lat' dir='ltr'><strong>factus</strong></span> <span class='ocrx_word' id='word_1_531' title='bbox 1725 4124 1846 4169; x_wconf 84' lang='lat' dir='ltr'><strong>esse</strong></span> <span class='ocrx_word' id='word_1_532' title='bbox 1892 4109 1976 4171; x_wconf 88' lang='lat' dir='ltr'><strong>di-</strong></span> 
     </span>
    </p>
   </div>
   <div class='ocr_carea' id='block_1_75' title="bbox 399 4202 1977 4277">
    <p class='ocr_par' dir='ltr' id='par_1_75' title="bbox 399 4202 1977 4277">
     <span class='ocr_line' id='line_1_75' title="bbox 399 4202 1977 4277; baseline -0.007 -14"><span class='ocrx_word' id='word_1_533' title='bbox 399 4215 557 4263; x_wconf 87' lang='lat' dir='ltr'><strong>catur</strong></span> <span class='ocrx_word' id='word_1_534' title='bbox 582 4205 773 4277; x_wconf 82' lang='lat'><strong>:933</strong></span> <span class='ocrx_word' id='word_1_535' title='bbox 817 4204 998 4276; x_wconf 86' lang='lat' dir='ltr'><strong>Neque</strong></span> <span class='ocrx_word' id='word_1_536' title='bbox 1021 4205 1159 4258; x_wconf 81' lang='lat' dir='ltr'><strong>enim</strong></span> <span class='ocrx_word' id='word_1_537' title='bbox 1188 4203 1401 4266; x_wconf 76' lang='lat' dir='ltr'><strong>espim’s</strong></span> <span class='ocrx_word' id='word_1_538' title='bbox 1425 4202 1676 4273; x_wconf 79' lang='lat' dir='ltr'><strong>colligunt</strong></span> <span class='ocrx_word' id='word_1_539' title='bbox 1706 4217 1855 4266; x_wconf 83' lang='lat' dir='ltr'><strong>uvas,</strong></span> <span class='ocrx_word' id='word_1_540' title='bbox 1887 4216 1977 4253; x_wconf 83' lang='lat' dir='ltr'><strong>ne-</strong></span> 
     </span>
    </p>
   </div>
   <div class='ocr_carea' id='block_1_76' title="bbox 398 4293 1977 4369">
    <p class='ocr_par' dir='ltr' id='par_1_76' title="bbox 398 4293 1977 4369">
     <span class='ocr_line' id='line_1_76' title="bbox 398 4293 1977 4369; baseline -0.005 -17"><span class='ocrx_word' id='word_1_541' title='bbox 398 4314 494 4369; x_wconf 87' lang='lat' dir='ltr'><strong>que</strong></span> <span class='ocrx_word' id='word_1_542' title='bbox 527 4314 591 4352; x_wconf 78' lang='lat' dir='ltr'><strong>ea:</strong></span> <span class='ocrx_word' id='word_1_543' title='bbox 621 4297 829 4351; x_wconf 76' lang='lat' dir='ltr'><strong>tribulis</strong></span> <span class='ocrx_word' id='word_1_544' title='bbox 873 4297 1004 4365; x_wconf 81' lang='lat' dir='ltr'><strong>ﬁcus</strong></span> <span class='ocrx_word' id='word_1_545' title='bbox 1026 4335 1040 4359; x_wconf 96' lang='lat'><strong>,</strong></span> <span class='ocrx_word' id='word_1_546' title='bbox 1083 4309 1257 4363; x_wconf 90' lang='lat' dir='ltr'><strong>neque</strong></span> <span class='ocrx_word' id='word_1_547' title='bbox 1299 4294 1366 4348; x_wconf 91' lang='lat' dir='ltr'><strong>ab</strong></span> <span class='ocrx_word' id='word_1_548' title='bbox 1397 4307 1463 4347; x_wconf 90' lang='lat' dir='ltr'><strong>eo</strong></span> <span class='ocrx_word' id='word_1_549' title='bbox 1498 4293 1590 4363; x_wconf 90' lang='lat' dir='ltr'><strong>qui</strong></span> <span class='ocrx_word' id='word_1_550' title='bbox 1622 4305 1865 4345; x_wconf 88' lang='lat' dir='ltr'><strong>errorem</strong></span> <span class='ocrx_word' id='word_1_551' title='bbox 1893 4303 1977 4344; x_wconf 84' lang='lat' dir='ltr'><strong>se-</strong></span> 
     </span>
    </p>
   </div>
   <div class='ocr_carea' id='block_1_77' title="bbox 2065 3120 3649 3193">
    <p class='ocr_par' dir='ltr' id='par_1_77' title="bbox 2065 3120 3649 3193">
     <span class='ocr_line' id='line_1_77' title="bbox 2065 3120 3649 3193; baseline 0 -19"><span class='ocrx_word' id='word_1_552' title='bbox 2065 3139 2178 3186; x_wconf 88' lang='grc' dir='ltr'>ποι,</span> <span class='ocrx_word' id='word_1_553' title='bbox 2213 3121 2550 3192; x_wconf 82' lang='grc' dir='ltr'>προτραπεὶς</span> <span class='ocrx_word' id='word_1_554' title='bbox 2577 3122 2684 3175; x_wconf 83' lang='grc' dir='ltr'>ὑπὸ</span> <span class='ocrx_word' id='word_1_555' title='bbox 2710 3121 2804 3175; x_wconf 87' lang='grc' dir='ltr'><strong>σοῦ</strong></span> <span class='ocrx_word' id='word_1_556' title='bbox 2837 3121 2926 3175; x_wconf 80' lang='grc' dir='ltr'><strong>διὰ</strong></span> <span class='ocrx_word' id='word_1_557' title='bbox 2952 3122 3049 3193; x_wconf 86' lang='grc' dir='ltr'>τῆς</span> <span class='ocrx_word' id='word_1_558' title='bbox 3085 3120 3362 3190; x_wconf 81' lang='grc' dir='ltr'>μυθώδους</span> <span class='ocrx_word' id='word_1_559' title='bbox 3391 3137 3486 3174; x_wconf 82' lang='grc' dir='ltr'><strong>σου</strong></span> <span class='ocrx_word' id='word_1_560' title='bbox 3510 3121 3649 3174; x_wconf 82' lang='grc' dir='ltr'>πλά-</span> 
     </span>
    </p>
   </div>
   <div class='ocr_carea' id='block_1_78' title="bbox 2066 3209 3648 3280">
    <p class='ocr_par' dir='ltr' id='par_1_78' title="bbox 2066 3209 3648 3280">
     <span class='ocr_line' id='line_1_78' title="bbox 2066 3209 3648 3280; baseline 0.001 -17"><span class='ocrx_word' id='word_1_561' title='bbox 2066 3227 2181 3280; x_wconf 82' lang='grc' dir='ltr'>νης,</span> <span class='ocrx_word' id='word_1_562' title='bbox 2210 3211 2376 3274; x_wconf 79' lang='grc' dir='ltr'>ἐάσας</span> <span class='ocrx_word' id='word_1_563' title='bbox 2413 3210 2543 3264; x_wconf 86' lang='grc' dir='ltr'>Θεὸν</span> <span class='ocrx_word' id='word_1_564' title='bbox 2582 3211 2668 3264; x_wconf 75' lang='lat' dir='ltr'><strong>dtsl.</strong></span> <span class='ocrx_word' id='word_1_565' title='bbox 2697 3211 2845 3270; x_wconf 74' lang='grc' dir='ltr'>ὄντα.</span> <span class='ocrx_word' id='word_1_566' title='bbox 2873 3210 2968 3263; x_wconf 74' lang='grc' dir='ltr'>καὶ</span> <span class='ocrx_word' id='word_1_567' title='bbox 2993 3210 3055 3262; x_wconf 83' lang='grc' dir='ltr'><strong>τὸ</strong></span> <span class='ocrx_word' id='word_1_568' title='bbox 3093 3209 3246 3279; x_wconf 83' lang='grc' dir='ltr'>ἀγιον</span> <span class='ocrx_word' id='word_1_569' title='bbox 3286 3209 3453 3263; x_wconf 83' lang='grc' dir='ltr'>αὑτοῦ</span> <span class='ocrx_word' id='word_1_570' title='bbox 3474 3209 3648 3264; x_wconf 83' lang='grc' dir='ltr'>Πνεῦ-</span> 
     </span>
    </p>
   </div>
   <div class='ocr_carea' id='block_1_79' title="bbox 2070 3297 3649 3371">
    <p class='ocr_par' dir='ltr' id='par_1_79' title="bbox 2070 3297 3649 3371">
     <span class='ocr_line' id='line_1_79' title="bbox 2070 3297 3649 3371; baseline -0.001 -19"><span class='ocrx_word' id='word_1_571' title='bbox 2070 3317 2146 3371; x_wconf 87' lang='grc' dir='ltr'>μα</span> <span class='ocrx_word' id='word_1_572' title='bbox 2190 3299 2276 3354; x_wconf 76' lang='grc' dir='ltr'>ἀεὶ</span> <span class='ocrx_word' id='word_1_573' title='bbox 2315 3298 2393 3365; x_wconf 79' lang='grc' dir='ltr'>ὃν,</span> <span class='ocrx_word' id='word_1_574' title='bbox 2433 3299 2527 3353; x_wconf 70' lang='grc' dir='ltr'>καὶ</span> <span class='ocrx_word' id='word_1_575' title='bbox 2565 3298 2732 3353; x_wconf 75' lang='grc' dir='ltr'>ἐλθὼν</span> <span class='ocrx_word' id='word_1_576' title='bbox 2773 3299 2995 3352; x_wconf 81' lang='grc' dir='ltr'>ἀκούσει</span> <span class='ocrx_word' id='word_1_577' title='bbox 3036 3298 3188 3370; x_wconf 84' lang='grc' dir='ltr'><strong>παρά</strong></span> <span class='ocrx_word' id='word_1_578' title='bbox 3221 3297 3313 3352; x_wconf 87' lang='grc' dir='ltr'><strong>σοῦ</strong></span> <span class='ocrx_word' id='word_1_579' title='bbox 3345 3299 3475 3370; x_wconf 77' lang='grc' dir='ltr'>περὶ</span> <span class='ocrx_word' id='word_1_580' title='bbox 3525 3316 3649 3369; x_wconf 78' lang='grc' dir='ltr'>γεν-</span> 
     </span>
    </p>
   </div>
   <div class='ocr_carea' id='block_1_80' title="bbox 2068 3389 3645 3462">
    <p class='ocr_par' dir='ltr' id='par_1_80' title="bbox 2068 3389 3645 3462">
     <span class='ocr_line' id='line_1_80' title="bbox 2068 3389 3645 3462; baseline -0.001 -18"><span class='ocrx_word' id='word_1_581' title='bbox 2068 3389 2229 3462; x_wconf 89' lang='grc' dir='ltr'>νητοῦ</span> <span class='ocrx_word' id='word_1_582' title='bbox 2272 3390 2428 3455; x_wconf 88' lang='grc' dir='ltr'>Θεοῦ,</span> <span class='ocrx_word' id='word_1_583' title='bbox 2471 3392 2556 3445; x_wconf 83' lang='grc' dir='ltr'>ἵνα</span> <span class='ocrx_word' id='word_1_584' title='bbox 2595 3391 2690 3444; x_wconf 73' lang='grc' dir='ltr'>καὶ</span> <span class='ocrx_word' id='word_1_585' title='bbox 2726 3392 2888 3455; x_wconf 82' lang='grc' dir='ltr'>αὐτὸς</span> <span class='ocrx_word' id='word_1_586' title='bbox 2921 3393 2978 3444; x_wconf 79' lang='grc' dir='ltr'>ὲν</span> <span class='ocrx_word' id='word_1_587' title='bbox 3021 3393 3224 3462; x_wconf 81' lang='grc' dir='ltr'>μωροῖς</span> <span class='ocrx_word' id='word_1_588' title='bbox 3265 3390 3645 3461; x_wconf 83' lang='grc' dir='ltr'>καταλεχθείη,</span> 
     </span>
    </p>
   </div>
   <div class='ocr_carea' id='block_1_81' title="bbox 2068 3479 3650 3551">
    <p class='ocr_par' dir='ltr' id='par_1_81' title="bbox 2068 3479 3650 3551">
     <span class='ocr_line' id='line_1_81' title="bbox 2068 3479 3650 3551; baseline 0.001 -19"><span class='ocrx_word' id='word_1_589' title='bbox 2068 3479 2450 3550; x_wconf 83' lang='grc' dir='ltr'>διδασκόμενος</span> <span class='ocrx_word' id='word_1_590' title='bbox 2490 3482 2810 3551; x_wconf 81' lang='grc' dir='ltr'>προσκυνεῖν</span> <span class='ocrx_word' id='word_1_591' title='bbox 2865 3479 2962 3551; x_wconf 81' lang='grc' dir='ltr'><strong>τὴν</strong></span> <span class='ocrx_word' id='word_1_592' title='bbox 3005 3480 3184 3533; x_wconf 84' lang='grc' dir='ltr'>κτίσιν</span> <span class='ocrx_word' id='word_1_593' title='bbox 3227 3479 3378 3550; x_wconf 86' lang='grc' dir='ltr'><strong>παρά</strong></span> <span class='ocrx_word' id='word_1_594' title='bbox 3413 3480 3506 3533; x_wconf 81' lang='grc' dir='ltr'><strong>τὸν</strong></span> <span class='ocrx_word' id='word_1_595' title='bbox 3535 3481 3650 3534; x_wconf 76' lang='grc' dir='ltr'>κτί-</span> 
     </span>
    </p>
   </div>
   <div class='ocr_carea' id='block_1_82' title="bbox 2072 3570 3646 3640">
    <p class='ocr_par' dir='ltr' id='par_1_82' title="bbox 2072 3570 3646 3640">
     <span class='ocr_line' id='line_1_82' title="bbox 2072 3570 3646 3640; baseline 0.003 -18"><span class='ocrx_word' id='word_1_596' title='bbox 2072 3587 2261 3637; x_wconf 88' lang='grc' dir='ltr'>σαντα,</span> <span class='ocrx_word' id='word_1_597' title='bbox 2294 3570 2362 3636; x_wconf 82' lang='grc' dir='ltr'>ὅς</span> <span class='ocrx_word' id='word_1_598' title='bbox 2405 3570 2574 3624; x_wconf 80' lang='grc' dir='ltr'>ἐστιν</span> <span class='ocrx_word' id='word_1_599' title='bbox 2621 3571 3022 3640; x_wconf 59' lang='grc' dir='ltr'>εὐλογημένος</span> <span class='ocrx_word' id='word_1_600' title='bbox 3073 3573 3161 3638; x_wconf 85' lang='grc' dir='ltr'><strong>είς</strong></span> <span class='ocrx_word' id='word_1_601' title='bbox 3211 3572 3358 3639; x_wconf 83' lang='grc' dir='ltr'>τοὺς</span> <span class='ocrx_word' id='word_1_602' title='bbox 3409 3571 3646 3638; x_wconf 71' lang='grc' dir='ltr'>αἰῶνας.</span> 
     </span>
    </p>
   </div>
   <div class='ocr_carea' id='block_1_83' title="bbox 2084 3661 3648 3735">
    <p class='ocr_par' dir='ltr' id='par_1_83' title="bbox 2084 3661 3648 3735">
     <span class='ocr_line' id='line_1_83' title="bbox 2084 3661 3648 3735; baseline -0.001 -17"><span class='ocrx_word' id='word_1_603' title='bbox 2084 3661 2306 3732; x_wconf 80' lang='grc' dir='ltr'>Ἀμήν;</span> <span class='ocrx_word' id='word_1_604' title='bbox 2361 3663 2474 3717; x_wconf 79' lang='grc' dir='ltr'>Οὐκ</span> <span class='ocrx_word' id='word_1_605' title='bbox 2532 3662 2725 3734; x_wconf 77' lang='grc' dir='ltr'>ἔχομεν</span> <span class='ocrx_word' id='word_1_606' title='bbox 2763 3663 2871 3735; x_wconf 85' lang='grc' dir='ltr'><strong>γὰρ</strong></span> <span class='ocrx_word' id='word_1_607' title='bbox 2910 3665 3072 3733; x_wconf 82' lang='grc' dir='ltr'>ἡμεῖς</span> <span class='ocrx_word' id='word_1_608' title='bbox 3122 3663 3341 3716; x_wconf 86' lang='grc' dir='ltr'>κτιστὸν</span> <span class='ocrx_word' id='word_1_609' title='bbox 3381 3663 3535 3729; x_wconf 85' lang='grc' dir='ltr'>Θεὸν,</span> <span class='ocrx_word' id='word_1_610' title='bbox 3585 3663 3648 3717; x_wconf 75' lang='grc' dir='ltr'>οὗ</span> 
     </span>
    </p>
   </div>
   <div class='ocr_carea' id='block_1_84' title="bbox 2072 3753 3650 3827">
    <p class='ocr_par' dir='ltr' id='par_1_84' title="bbox 2072 3753 3650 3827">
     <span class='ocr_line' id='line_1_84' title="bbox 2072 3753 3650 3827; baseline 0 -21"><span class='ocrx_word' id='word_1_611' title='bbox 2072 3753 2313 3824; x_wconf 78' lang='grc' dir='ltr'>ποιητὸν,</span> <span class='ocrx_word' id='word_1_612' title='bbox 2337 3753 2450 3808; x_wconf 86' lang='grc' dir='ltr'>ἀλλ’</span> <span class='ocrx_word' id='word_1_613' title='bbox 2476 3753 2728 3808; x_wconf 79' lang='grc' dir='ltr'>ἀκτιστον</span> <span class='ocrx_word' id='word_1_614' title='bbox 2756 3753 2850 3806; x_wconf 74' lang='grc' dir='ltr'>καὶ</span> <span class='ocrx_word' id='word_1_615' title='bbox 2879 3753 3193 3824; x_wconf 85' lang='grc' dir='ltr'>ἀγέννητον,</span> <span class='ocrx_word' id='word_1_616' title='bbox 3223 3755 3288 3827; x_wconf 65' lang='grc' dir='ltr'><strong>εκ</strong></span> <span class='ocrx_word' id='word_1_617' title='bbox 3313 3754 3524 3825; x_wconf 80' lang='grc' dir='ltr'>Πατρὸς</span> <span class='ocrx_word' id='word_1_618' title='bbox 3554 3770 3650 3823; x_wconf 81' lang='grc' dir='ltr'>γε·</span> 
     </span>
    </p>
   </div>
   <div class='ocr_carea' id='block_1_85' title="bbox 2072 3843 3651 3916">
    <p class='ocr_par' dir='ltr' id='par_1_85' title="bbox 2072 3843 3651 3916">
     <span class='ocr_line' id='line_1_85' title="bbox 2072 3843 3651 3916; baseline 0 -20"><span class='ocrx_word' id='word_1_619' title='bbox 2072 3843 2398 3914; x_wconf 84' lang='grc' dir='ltr'>γεννημένον</span> <span class='ocrx_word' id='word_1_620' title='bbox 2430 3843 2679 3915; x_wconf 84' lang='grc' dir='ltr'>ἀνάρχως</span> <span class='ocrx_word' id='word_1_621' title='bbox 2729 3843 2824 3896; x_wconf 70' lang='grc' dir='ltr'>καὶ</span> <span class='ocrx_word' id='word_1_622' title='bbox 2869 3844 3132 3914; x_wconf 83' lang='grc' dir='ltr'>ἀχρόνως.</span> <span class='ocrx_word' id='word_1_623' title='bbox 3177 3845 3293 3898; x_wconf 85' lang='grc' dir='ltr'><strong>Κάν</strong></span> <span class='ocrx_word' id='word_1_624' title='bbox 3324 3861 3386 3897; x_wconf 86' lang='grc' dir='ltr'><strong>τε</strong></span> <span class='ocrx_word' id='word_1_625' title='bbox 3424 3845 3532 3916; x_wconf 78' lang='grc' dir='ltr'>γὰρ</span> <span class='ocrx_word' id='word_1_626' title='bbox 3565 3861 3651 3896; x_wconf 84' lang='grc' dir='ltr'>σο-</span> 
     </span>
    </p>
   </div>
   <div class='ocr_carea' id='block_1_86' title="bbox 2075 3930 3654 4005">
    <p class='ocr_par' dir='ltr' id='par_1_86' title="bbox 2075 3930 3654 4005">
     <span class='ocr_line' id='line_1_86' title="bbox 2075 3930 3654 4005; baseline 0 -20"><span class='ocrx_word' id='word_1_627' title='bbox 2075 3930 2207 4005; x_wconf 75' lang='grc' dir='ltr'>φίζῃ</span> <span class='ocrx_word' id='word_1_628' title='bbox 2235 3933 2294 3986; x_wconf 92' lang='grc' dir='ltr'><strong>τὸ</strong></span> <span class='ocrx_word' id='word_1_629' title='bbox 2324 3932 2600 4003; x_wconf 83' lang='grc' dir='ltr'>γεννητὸν,</span> <span class='ocrx_word' id='word_1_630' title='bbox 2630 3933 2884 4003; x_wconf 78' lang='grc' dir='ltr'>γεννητὸν</span> <span class='ocrx_word' id='word_1_631' title='bbox 2917 3933 3222 4004; x_wconf 84' lang='grc' dir='ltr'>ὁμωνύμως</span> <span class='ocrx_word' id='word_1_632' title='bbox 3253 3932 3438 3985; x_wconf 83' lang='grc' dir='ltr'>καλεῖν</span> <span class='ocrx_word' id='word_1_633' title='bbox 3472 3931 3654 4002; x_wconf 79' lang='grc' dir='ltr'>βουλό-</span> 
     </span>
    </p>
   </div>
   <div class='ocr_carea' id='block_1_87' title="bbox 2079 4021 3655 4095">
    <p class='ocr_par' dir='ltr' id='par_1_87' title="bbox 2079 4021 3655 4095">
     <span class='ocr_line' id='line_1_87' title="bbox 2079 4021 3655 4095; baseline 0.001 -20"><span class='ocrx_word' id='word_1_634' title='bbox 2079 4041 2257 4093; x_wconf 83' lang='grc' dir='ltr'>μενος,</span> <span class='ocrx_word' id='word_1_635' title='bbox 2297 4023 2357 4075; x_wconf 83' lang='grc' dir='ltr'>οὑ</span> <span class='ocrx_word' id='word_1_636' title='bbox 2390 4022 2610 4094; x_wconf 78' lang='grc' dir='ltr'>δέξομαί</span> <span class='ocrx_word' id='word_1_637' title='bbox 2647 4040 2739 4075; x_wconf 87' lang='grc' dir='ltr'><strong>σου</strong></span> <span class='ocrx_word' id='word_1_638' title='bbox 2780 4023 2878 4094; x_wconf 81' lang='grc' dir='ltr'>τὴν</span> <span class='ocrx_word' id='word_1_639' title='bbox 2917 4023 3092 4090; x_wconf 81' lang='grc' dir='ltr'>λέξιν,</span> <span class='ocrx_word' id='word_1_640' title='bbox 3120 4024 3222 4077; x_wconf 81' lang='grc' dir='ltr'><strong>κάν</strong></span> <span class='ocrx_word' id='word_1_641' title='bbox 3253 4040 3311 4076; x_wconf 87' lang='grc' dir='ltr'><strong>τε</strong></span> <span class='ocrx_word' id='word_1_642' title='bbox 3347 4025 3447 4095; x_wconf 82' lang='grc' dir='ltr'>οὐχ</span> <span class='ocrx_word' id='word_1_643' title='bbox 3481 4021 3655 4087; x_wconf 77' lang='grc' dir='ltr'>οὕτως</span> 
     </span>
    </p>
   </div>
   <div class='ocr_carea' id='block_1_88' title="bbox 2075 4114 3654 4187">
    <p class='ocr_par' dir='ltr' id='par_1_88' title="bbox 2075 4114 3654 4187">
     <span class='ocr_line' id='line_1_88' title="bbox 2075 4114 3654 4187; baseline -0.001 -20"><span class='ocrx_word' id='word_1_644' title='bbox 2075 4115 2295 4185; x_wconf 80' lang='grc' dir='ltr'>νοήσῃς.</span> <span class='ocrx_word' id='word_1_645' title='bbox 2345 4114 2737 4185; x_wconf 77' lang='grc' dir='ltr'>ὴλαττωμένως</span> <span class='ocrx_word' id='word_1_646' title='bbox 2785 4114 2935 4185; x_wconf 79' lang='grc' dir='ltr'>παρὰ</span> <span class='ocrx_word' id='word_1_647' title='bbox 2961 4114 3022 4168; x_wconf 89' lang='grc' dir='ltr'><strong>τὸ</strong></span> <span class='ocrx_word' id='word_1_648' title='bbox 3063 4118 3127 4168; x_wconf 84' lang='grc' dir='ltr'>ὲκ</span> <span class='ocrx_word' id='word_1_649' title='bbox 3150 4115 3363 4187; x_wconf 86' lang='grc' dir='ltr'>Πατρὸς</span> <span class='ocrx_word' id='word_1_650' title='bbox 3399 4115 3654 4185; x_wconf 81' lang='grc' dir='ltr'>γεγεννῆ-</span> 
     </span>
    </p>
   </div>
   <div class='ocr_carea' id='block_1_89' title="bbox 2079 4202 3653 4275">
    <p class='ocr_par' dir='ltr' id='par_1_89' title="bbox 2079 4202 3653 4275">
     <span class='ocr_line' id='line_1_89' title="bbox 2079 4202 3653 4275; baseline 0.003 -19"><span class='ocrx_word' id='word_1_651' title='bbox 2079 4203 2222 4259; x_wconf 89' lang='grc' dir='ltr'>σθαι.</span> <span class='ocrx_word' id='word_1_652' title='bbox 2261 4205 2360 4268; x_wconf 84' lang='grc' dir='ltr'><strong>Ἐξ</strong></span> <span class='ocrx_word' id='word_1_653' title='bbox 2382 4202 2656 4258; x_wconf 81' lang='grc' dir='ltr'>ἀκανθῶν</span> <span class='ocrx_word' id='word_1_654' title='bbox 2676 4207 2784 4275; x_wconf 79' lang='grc' dir='ltr'><strong>τὰρ</strong></span> <span class='ocrx_word' id='word_1_655' title='bbox 2810 4206 2882 4260; x_wconf 84' lang='grc' dir='ltr'>οὐ</span> <span class='ocrx_word' id='word_1_656' title='bbox 2906 4208 3280 4274; x_wconf 72' lang='grc' dir='ltr'>συλλέγουσι</span> <span class='ocrx_word' id='word_1_657' title='bbox 3313 4206 3653 4274; x_wconf 62' lang='grc' dir='ltr'>σταφυλὰς,</span> 
     </span>
    </p>
   </div>
   <div class='ocr_carea' id='block_1_90' title="bbox 2079 4294 3657 4370">
    <p class='ocr_par' dir='ltr' id='par_1_90' title="bbox 2079 4294 3657 4370">
     <span class='ocr_line' id='line_1_90' title="bbox 2079 4294 3657 4370; baseline 0.001 -22"><span class='ocrx_word' id='word_1_658' title='bbox 2079 4294 2216 4348; x_wconf 77' lang='grc' dir='ltr'>οὔτε</span> <span class='ocrx_word' id='word_1_659' title='bbox 2251 4296 2319 4348; x_wconf 79' lang='grc' dir='ltr'>ἐκ</span> <span class='ocrx_word' id='word_1_660' title='bbox 2349 4297 2633 4362; x_wconf 81' lang='grc' dir='ltr'>τριϐόλων</span> <span class='ocrx_word' id='word_1_661' title='bbox 2665 4296 2854 4350; x_wconf 79' lang='grc' dir='ltr'>σῦκα·</span> <span class='ocrx_word' id='word_1_662' title='bbox 2888 4296 3008 4350; x_wconf 76' lang='grc' dir='ltr'>οὐδὲ</span> <span class='ocrx_word' id='word_1_663' title='bbox 3047 4297 3110 4362; x_wconf 76' lang='grc' dir='ltr'><strong>ἐξ</strong></span> <span class='ocrx_word' id='word_1_664' title='bbox 3155 4297 3344 4368; x_wconf 81' lang='grc' dir='ltr'>ἀνδρὸς</span> <span class='ocrx_word' id='word_1_665' title='bbox 3383 4298 3657 4370; x_wconf 82' lang='grc' dir='ltr'>πεπλανη-</span> 
     </span>
    </p>
   </div>
   <div class='ocr_carea' id='block_1_91' title="bbox 398 4379 1962 4459">
    <p class='ocr_par' dir='ltr' id='par_1_91' title="bbox 398 4379 1962 4454">
     <span class='ocr_line' id='line_1_91' title="bbox 398 4379 1962 4454; baseline -0.007 -10"><span class='ocrx_word' id='word_1_666' title='bbox 398 4399 562 4444; x_wconf 91' lang='lat' dir='ltr'><strong>cutus</strong></span> <span class='ocrx_word' id='word_1_667' title='bbox 609 4396 725 4453; x_wconf 89' lang='lat' dir='ltr'><strong>est,</strong></span> <span class='ocrx_word' id='word_1_668' title='bbox 778 4402 970 4441; x_wconf 89' lang='lat' dir='ltr'><strong>sanum</strong></span> <span class='ocrx_word' id='word_1_669' title='bbox 1020 4401 1084 4439; x_wconf 90' lang='lat' dir='ltr'><strong>ac</strong></span> <span class='ocrx_word' id='word_1_670' title='bbox 1132 4385 1407 4440; x_wconf 90' lang='lat' dir='ltr'><strong>sincerum</strong></span> <span class='ocrx_word' id='word_1_671' title='bbox 1452 4383 1645 4454; x_wconf 83' lang='lat' dir='ltr'><strong>dogma</strong></span> <span class='ocrx_word' id='word_1_672' title='bbox 1703 4379 1962 4450; x_wconf 65' lang='lat' dir='ltr'><strong>prolicisvi</strong></span> 
     </span>
    </p>
   </div>
   <div class='ocr_carea' id='block_1_92' title="bbox 2063 4379 3659 4459">
    <p class='ocr_par' dir='ltr' id='par_1_92' title="bbox 2082 4383 3659 4459">
     <span class='ocr_line' id='line_1_92' title="bbox 2082 4383 3659 4459; baseline 0.006 -24"><span class='ocrx_word' id='word_1_673' title='bbox 2082 4383 2241 4454; x_wconf 81' lang='grc' dir='ltr'>μένου</span> <span class='ocrx_word' id='word_1_674' title='bbox 2273 4384 2428 4456; x_wconf 84' lang='grc' dir='ltr'>ὀρθὸς</span> <span class='ocrx_word' id='word_1_675' title='bbox 2453 4383 2519 4437; x_wconf 82' lang='grc' dir='ltr'>ἂν</span> <span class='ocrx_word' id='word_1_676' title='bbox 2553 4383 2900 4458; x_wconf 77' lang='grc' dir='ltr'>ὑπολειφθείη</span> <span class='ocrx_word' id='word_1_677' title='bbox 2930 4386 3107 4456; x_wconf 80' lang='grc' dir='ltr'>λόγος.</span> <span class='ocrx_word' id='word_1_678' title='bbox 3156 4387 3382 4458; x_wconf 84' lang='grc' dir='ltr'>Ἐφίμου</span> <span class='ocrx_word' id='word_1_679' title='bbox 3424 4389 3534 4459; x_wconf 78' lang='grc' dir='ltr'>γὰρ</span> <span class='ocrx_word' id='word_1_680' title='bbox 3563 4390 3659 4444; x_wconf 74' lang='grc' dir='ltr'>καὶ</span> 
     </span>
    </p>
   </div>
   <div class='ocr_carea' id='block_1_93' title="bbox 399 4472 1980 4550">
    <p class='ocr_par' dir='ltr' id='par_1_93' title="bbox 399 4472 1980 4550">
     <span class='ocr_line' id='line_1_93' title="bbox 399 4472 1980 4550; baseline -0.004 -17"><span class='ocrx_word' id='word_1_681' title='bbox 399 4487 599 4550; x_wconf 89' lang='lat' dir='ltr'><strong>potest.</strong></span> <span class='ocrx_word' id='word_1_682' title='bbox 647 4478 827 4544; x_wconf 88' lang='lat' dir='ltr'><strong>Quare</strong></span> <span class='ocrx_word' id='word_1_683' title='bbox 872 4476 1133 4530; x_wconf 88' lang='lat' dir='ltr'><strong>Dominus</strong></span> <span class='ocrx_word' id='word_1_684' title='bbox 1170 4477 1286 4546; x_wconf 89' lang='lat' dir='ltr'><strong>ipse</strong></span> <span class='ocrx_word' id='word_1_685' title='bbox 1331 4475 1604 4529; x_wconf 91' lang='lat' dir='ltr'><strong>silentium</strong></span> <span class='ocrx_word' id='word_1_686' title='bbox 1640 4472 1980 4527; x_wconf 77' lang='lat' dir='ltr'><strong>(lannonihus</strong></span> 
     </span>
    </p>
   </div>
   <div class='ocr_carea' id='block_1_94' title="bbox 402 4562 1984 4640">
    <p class='ocr_par' dir='ltr' id='par_1_94' title="bbox 402 4562 1984 4640">
     <span class='ocr_line' id='line_1_94' title="bbox 402 4562 1984 4640; baseline -0.005 -15"><span class='ocrx_word' id='word_1_687' title='bbox 402 4571 644 4635; x_wconf 85' lang='lat' dir='ltr'><strong>indixit,</strong></span> <span class='ocrx_word' id='word_1_688' title='bbox 697 4570 790 4640; x_wconf 87' lang='lat' dir='ltr'><strong>qui</strong></span> <span class='ocrx_word' id='word_1_689' title='bbox 819 4583 877 4623; x_wconf 84' lang='lat' dir='ltr'><strong>se</strong></span> <span class='ocrx_word' id='word_1_690' title='bbox 931 4568 1209 4622; x_wconf 77' lang='lat' dir='ltr'><strong>Christum</strong></span> <span class='ocrx_word' id='word_1_691' title='bbox 1268 4584 1389 4622; x_wconf 87' lang='lat' dir='ltr'><strong>esse</strong></span> <span class='ocrx_word' id='word_1_692' title='bbox 1421 4566 1785 4623; x_wconf 49' lang='lat' dir='ltr'><strong>fatebantur!</strong></span> <span class='ocrx_word' id='word_1_693' title='bbox 1826 4562 1984 4629; x_wconf 86' lang='lat' dir='ltr'><strong>Quod</strong></span> 
     </span>
    </p>
   </div>
   <div class='ocr_carea' id='block_1_95' title="bbox 404 4656 1982 4714">
    <p class='ocr_par' dir='ltr' id='par_1_95' title="bbox 404 4656 1982 4714">
     <span class='ocr_line' id='line_1_95' title="bbox 404 4656 1982 4714; baseline -0.006 0"><span class='ocrx_word' id='word_1_694' title='bbox 404 4671 585 4714; x_wconf 89' lang='lat' dir='ltr'><strong>autem</strong></span> <span class='ocrx_word' id='word_1_695' title='bbox 616 4659 682 4713; x_wconf 87' lang='lat' dir='ltr'><strong>ad</strong></span> <span class='ocrx_word' id='word_1_696' title='bbox 712 4673 994 4714; x_wconf 86' lang='lat' dir='ltr'><strong>sacrarum</strong></span> <span class='ocrx_word' id='word_1_697' title='bbox 1023 4657 1345 4712; x_wconf 87' lang='lat' dir='ltr'><strong>Litterarum</strong></span> <span class='ocrx_word' id='word_1_698' title='bbox 1377 4656 1702 4711; x_wconf 89' lang='lat' dir='ltr'><strong>sententiam</strong></span> <span class='ocrx_word' id='word_1_699' title='bbox 1729 4665 1982 4708; x_wconf 80' lang='lat' dir='ltr'><strong>exactum</strong></span> 
     </span>
    </p>
   </div>
   <div class='ocr_carea' id='block_1_96' title="bbox 401 4746 1982 4813">
    <p class='ocr_par' dir='ltr' id='par_1_96' title="bbox 401 4746 1982 4813">
     <span class='ocr_line' id='line_1_96' title="bbox 401 4746 1982 4813; baseline -0.006 -7"><span class='ocrx_word' id='word_1_700' title='bbox 401 4765 524 4806; x_wconf 85' lang='lat' dir='ltr'><strong>esse</strong></span> <span class='ocrx_word' id='word_1_701' title='bbox 557 4749 796 4804; x_wconf 87' lang='lat' dir='ltr'><strong>libellum</strong></span> <span class='ocrx_word' id='word_1_702' title='bbox 829 4748 978 4801; x_wconf 90' lang='lat' dir='ltr'><strong>illum</strong></span> <span class='ocrx_word' id='word_1_703' title='bbox 1005 4747 1226 4813; x_wconf 80' lang='lat' dir='ltr'><strong>asset-is,</strong></span> <span class='ocrx_word' id='word_1_704' title='bbox 1255 4747 1364 4808; x_wconf 92' lang='lat' dir='ltr'><strong>dic,</strong></span> <span class='ocrx_word' id='word_1_705' title='bbox 1399 4746 1594 4798; x_wconf 89' lang='lat' dir='ltr'><strong>amabo</strong></span> <span class='ocrx_word' id='word_1_706' title='bbox 1628 4752 1701 4807; x_wconf 90' lang='lat' dir='ltr'><strong>te,</strong></span> <span class='ocrx_word' id='word_1_707' title='bbox 1735 4756 1982 4813; x_wconf 68' lang='lat' dir='ltr'><strong>quaenam</strong></span> 
     </span>
    </p>
   </div>
   <div class='ocr_carea' id='block_1_97' title="bbox 405 4835 1983 4910">
    <p class='ocr_par' dir='ltr' id='par_1_97' title="bbox 405 4835 1983 4910">
     <span class='ocr_line' id='line_1_97' title="bbox 405 4835 1983 4910; baseline -0.007 -12"><span class='ocrx_word' id='word_1_708' title='bbox 405 4843 604 4898; x_wconf 72' lang='lat' dir='ltr'><strong>divinre</strong></span> <span class='ocrx_word' id='word_1_709' title='bbox 646 4841 942 4910; x_wconf 79' lang='lat' dir='ltr'><strong>Scriptura:</strong></span> <span class='ocrx_word' id='word_1_710' title='bbox 1000 4855 1126 4909; x_wconf 88' lang='lat' dir='ltr'><strong>pars</strong></span> <span class='ocrx_word' id='word_1_711' title='bbox 1177 4840 1379 4892; x_wconf 90' lang='lat' dir='ltr'><strong>factum</strong></span> <span class='ocrx_word' id='word_1_712' title='bbox 1428 4835 1594 4890; x_wconf 90' lang='lat' dir='ltr'><strong>Deum</strong></span> <span class='ocrx_word' id='word_1_713' title='bbox 1646 4835 1983 4890; x_wconf 90' lang='lat' dir='ltr'><strong>adorandum</strong></span> 
     </span>
    </p>
   </div>
   <div class='ocr_carea' id='block_1_98' title="bbox 403 4923 1982 4999">
    <p class='ocr_par' dir='ltr' id='par_1_98' title="bbox 403 4923 1982 4999">
     <span class='ocr_line' id='line_1_98' title="bbox 403 4923 1982 4999; baseline -0.008 -9"><span class='ocrx_word' id='word_1_714' title='bbox 403 4949 528 4990; x_wconf 85' lang='lat' dir='ltr'><strong>esse</strong></span> <span class='ocrx_word' id='word_1_715' title='bbox 557 4931 840 4989; x_wconf 85' lang='lat' dir='ltr'><strong>docuerit?</strong></span> <span class='ocrx_word' id='word_1_716' title='bbox 876 4929 1032 4996; x_wconf 86' lang='lat' dir='ltr'><strong>Quod</strong></span> <span class='ocrx_word' id='word_1_717' title='bbox 1064 4931 1208 4984; x_wconf 87' lang='lat' dir='ltr'><strong>enim</strong></span> <span class='ocrx_word' id='word_1_718' title='bbox 1239 4929 1510 4999; x_wconf 85' lang='lat' dir='ltr'><strong>ingenitus</strong></span> <span class='ocrx_word' id='word_1_719' title='bbox 1543 4927 1613 4982; x_wconf 85' lang='lat' dir='ltr'><strong>sit</strong></span> <span class='ocrx_word' id='word_1_720' title='bbox 1630 4925 1792 4992; x_wconf 90' lang='lat' dir='ltr'><strong>Deus,</strong></span> <span class='ocrx_word' id='word_1_721' title='bbox 1820 4923 1982 4979; x_wconf 89' lang='lat' dir='ltr'><strong>dubi-</strong></span> 
     </span>
    </p>
   </div>
   <div class='ocr_carea' id='block_1_99' title="bbox 404 5017 1980 5088">
    <p class='ocr_par' dir='ltr' id='par_1_99' title="bbox 404 5017 1980 5088">
     <span class='ocr_line' id='line_1_99' title="bbox 404 5017 1980 5088; baseline -0.004 -7"><span class='ocrx_word' id='word_1_722' title='bbox 404 5035 485 5081; x_wconf 89' lang='lat' dir='ltr'><strong>tat</strong></span> <span class='ocrx_word' id='word_1_723' title='bbox 521 5039 702 5080; x_wconf 90' lang='lat' dir='ltr'><strong>nemo.</strong></span> <span class='ocrx_word' id='word_1_724' title='bbox 739 5024 816 5077; x_wconf 82' lang='lat' dir='ltr'><strong>Ac</strong></span> <span class='ocrx_word' id='word_1_725' title='bbox 845 5022 1059 5076; x_wconf 88' lang='lat' dir='ltr'><strong>tametsi</strong></span> <span class='ocrx_word' id='word_1_726' title='bbox 1093 5020 1412 5075; x_wconf 77' lang='lat' dir='ltr'><strong>nominatim</strong></span> <span class='ocrx_word' id='word_1_727' title='bbox 1447 5019 1578 5073; x_wconf 89' lang='lat' dir='ltr'><strong>illud</strong></span> <span class='ocrx_word' id='word_1_728' title='bbox 1606 5020 1658 5072; x_wconf 91' lang='lat' dir='ltr'><strong>in</strong></span> <span class='ocrx_word' id='word_1_729' title='bbox 1682 5017 1980 5088; x_wconf 81' lang='lat' dir='ltr'><strong>Seripturis</strong></span> 
     </span>
    </p>
   </div>
   <div class='ocr_carea' id='block_1_100' title="bbox 404 5108 1981 5189">
    <p class='ocr_par' dir='ltr' id='par_1_100' title="bbox 404 5108 1981 5189">
     <span class='ocr_line' id='line_1_100' title="bbox 404 5108 1981 5189; baseline -0.009 -13"><span class='ocrx_word' id='word_1_730' title='bbox 404 5133 724 5189; x_wconf 78' lang='lat' dir='ltr'><strong>expressum</strong></span> <span class='ocrx_word' id='word_1_731' title='bbox 760 5131 868 5170; x_wconf 91' lang='lat' dir='ltr'><strong>non</strong></span> <span class='ocrx_word' id='word_1_732' title='bbox 915 5113 1099 5178; x_wconf 80' lang='lat' dir='ltr'><strong>fuerit,</strong></span> <span class='ocrx_word' id='word_1_733' title='bbox 1132 5113 1487 5167; x_wconf 86' lang='lat' dir='ltr'><strong>nihilominus</strong></span> <span class='ocrx_word' id='word_1_734' title='bbox 1520 5117 1580 5166; x_wconf 91' lang='lat' dir='ltr'><strong>ut</strong></span> <span class='ocrx_word' id='word_1_735' title='bbox 1613 5110 1680 5165; x_wconf 90' lang='lat' dir='ltr'><strong>de</strong></span> <span class='ocrx_word' id='word_1_736' title='bbox 1708 5108 1818 5164; x_wconf 92' lang='lat' dir='ltr'><strong>Deo</strong></span> <span class='ocrx_word' id='word_1_737' title='bbox 1849 5123 1981 5164; x_wconf 89' lang='lat' dir='ltr'><strong>con-</strong></span> 
     </span>
    </p>
   </div>
   <div class='ocr_carea' id='block_1_101' title="bbox 407 5204 1982 5279">
    <p class='ocr_par' dir='ltr' id='par_1_101' title="bbox 407 5204 1982 5279">
     <span class='ocr_line' id='line_1_101' title="bbox 407 5204 1982 5279; baseline -0.006 -13"><span class='ocrx_word' id='word_1_738' title='bbox 407 5220 617 5266; x_wconf 88' lang='lat' dir='ltr'><strong>stanter</strong></span> <span class='ocrx_word' id='word_1_739' title='bbox 653 5211 728 5263; x_wconf 91' lang='lat' dir='ltr'><strong>ita</strong></span> <span class='ocrx_word' id='word_1_740' title='bbox 775 5208 1080 5279; x_wconf 85' lang='lat' dir='ltr'><strong>cogitemus</strong></span> <span class='ocrx_word' id='word_1_741' title='bbox 1141 5220 1205 5259; x_wconf 90' lang='lat' dir='ltr'><strong>ac</strong></span> <span class='ocrx_word' id='word_1_742' title='bbox 1250 5204 1620 5276; x_wconf 77' lang='lat' dir='ltr'><strong>profiteantur,</strong></span> <span class='ocrx_word' id='word_1_743' title='bbox 1666 5220 1789 5259; x_wconf 91' lang='lat' dir='ltr'><strong>cum</strong></span> <span class='ocrx_word' id='word_1_744' title='bbox 1834 5213 1982 5259; x_wconf 89' lang='lat' dir='ltr'><strong>recta</strong></span> 
     </span>
    </p>
   </div>
   <div class='ocr_carea' id='block_1_102' title="bbox 408 5295 1986 5372">
    <p class='ocr_par' dir='ltr' id='par_1_102' title="bbox 408 5295 1986 5372">
     <span class='ocr_line' id='line_1_102' title="bbox 408 5295 1986 5372; baseline -0.002 -19"><span class='ocrx_word' id='word_1_745' title='bbox 408 5302 604 5372; x_wconf 84' lang='lat' dir='ltr'><strong>piaque</strong></span> <span class='ocrx_word' id='word_1_746' title='bbox 625 5301 785 5364; x_wconf 90' lang='lat' dir='ltr'><strong>ratio,</strong></span> <span class='ocrx_word' id='word_1_747' title='bbox 824 5309 937 5354; x_wconf 88' lang='lat' dir='ltr'><strong>tum</strong></span> <span class='ocrx_word' id='word_1_748' title='bbox 972 5298 1257 5369; x_wconf 89' lang='lat' dir='ltr'><strong>prudentia</strong></span> <span class='ocrx_word' id='word_1_749' title='bbox 1291 5297 1409 5366; x_wconf 83' lang='lat' dir='ltr'><strong>ipsa</strong></span> <span class='ocrx_word' id='word_1_750' title='bbox 1455 5297 1762 5367; x_wconf 89' lang='lat' dir='ltr'><strong>persuadet.</strong></span> <span class='ocrx_word' id='word_1_751' title='bbox 1817 5295 1986 5351; x_wconf 85' lang='lat' dir='ltr'><strong>Addis</strong></span> 
     </span>
    </p>
   </div>
   <div class='ocr_carea' id='block_1_103' title="bbox 408 5388 1979 5461">
    <p class='ocr_par' dir='ltr' id='par_1_103' title="bbox 408 5388 1979 5461">
     <span class='ocr_line' id='line_1_103' title="bbox 408 5388 1979 5461; baseline -0.002 -17"><span class='ocrx_word' id='word_1_752' title='bbox 408 5407 558 5457; x_wconf 86' lang='lat' dir='ltr'><strong>vero,</strong></span> <span class='ocrx_word' id='word_1_753' title='bbox 591 5407 700 5461; x_wconf 88' lang='lat' dir='ltr'><strong>quo</strong></span> <span class='ocrx_word' id='word_1_754' title='bbox 728 5391 945 5445; x_wconf 73' lang='lat' dir='ltr'><strong>athletae</strong></span> <span class='ocrx_word' id='word_1_755' title='bbox 982 5390 1060 5443; x_wconf 90' lang='lat' dir='ltr'><strong>illi</strong></span> <span class='ocrx_word' id='word_1_756' title='bbox 1092 5390 1193 5452; x_wconf 90' lang='lat' dir='ltr'><strong>tui,</strong></span> <span class='ocrx_word' id='word_1_757' title='bbox 1235 5391 1316 5444; x_wconf 88' lang='lat' dir='ltr'><strong>vel</strong></span> <span class='ocrx_word' id='word_1_758' title='bbox 1349 5389 1555 5443; x_wconf 82' lang='lat' dir='ltr'><strong>erroris</strong></span> <span class='ocrx_word' id='word_1_759' title='bbox 1607 5391 1788 5458; x_wconf 90' lang='lat' dir='ltr'><strong>potius</strong></span> <span class='ocrx_word' id='word_1_760' title='bbox 1819 5388 1979 5451; x_wconf 88' lang='lat' dir='ltr'><strong>socii,</strong></span> 
     </span>
    </p>
   </div>
   <div class='ocr_carea' id='block_1_104' title="bbox 411 5479 1982 5552">
    <p class='ocr_par' dir='ltr' id='par_1_104' title="bbox 411 5479 1982 5552">
     <span class='ocr_line' id='line_1_104' title="bbox 411 5479 1982 5552; baseline -0.002 -17"><span class='ocrx_word' id='word_1_761' title='bbox 411 5481 626 5537; x_wconf 83' lang='lat' dir='ltr'><strong>facilius</strong></span> <span class='ocrx_word' id='word_1_762' title='bbox 656 5482 979 5552; x_wconf 85' lang='lat' dir='ltr'><strong>intelligant,</strong></span> <span class='ocrx_word' id='word_1_763' title='bbox 1009 5479 1469 5552; x_wconf 85' lang='lat' dir='ltr'><strong>quemadmodum</strong></span> <span class='ocrx_word' id='word_1_764' title='bbox 1499 5480 1650 5535; x_wconf 87' lang='lat' dir='ltr'><strong>brevi</strong></span> <span class='ocrx_word' id='word_1_765' title='bbox 1689 5486 1850 5549; x_wconf 88' lang='lat' dir='ltr'><strong>atque</strong></span> <span class='ocrx_word' id='word_1_766' title='bbox 1883 5493 1982 5534; x_wconf 80' lang='lat' dir='ltr'><strong>ex-</strong></span> 
     </span>
    </p>
   </div>
   <div class='ocr_carea' id='block_1_105' title="bbox 486 5631 885 5700">
    <p class='ocr_par' dir='ltr' id='par_1_105' title="bbox 486 5631 885 5700">
     <span class='ocr_line' id='line_1_105' title="bbox 486 5631 885 5700; baseline 0.005 -12"><span class='ocrx_word' id='word_1_767' title='bbox 486 5631 505 5666; x_wconf 75' lang='grc'>⁸</span> <span class='ocrx_word' id='word_1_768' title='bbox 531 5631 690 5691; x_wconf 78' lang='lat' dir='ltr'><strong>Rom.</strong></span> <span class='ocrx_word' id='word_1_769' title='bbox 725 5649 765 5700; x_wconf 85' lang='grc' dir='ltr'><strong>ι,</strong></span> <span class='ocrx_word' id='word_1_770' title='bbox 795 5635 885 5690; x_wconf 77' lang='lat'><strong>25.</strong></span> 
     </span>
    </p>
   </div>
   <div class='ocr_carea' id='block_1_106' title="bbox 2081 4471 3651 4550">
    <p class='ocr_par' dir='ltr' id='par_1_106' title="bbox 2081 4471 3651 4550">
     <span class='ocr_line' id='line_1_106' title="bbox 2081 4471 3651 4550; baseline 0.006 -24"><span class='ocrx_word' id='word_1_771' title='bbox 2081 4475 2110 4526; x_wconf 87' lang='grc' dir='ltr'><strong>ό</strong></span> <span class='ocrx_word' id='word_1_772' title='bbox 2140 4472 2340 4546; x_wconf 81' lang='grc' dir='ltr'>Κύριος</span> <span class='ocrx_word' id='word_1_773' title='bbox 2366 4473 2493 4534; x_wconf 83' lang='grc' dir='ltr'>τοὺς</span> <span class='ocrx_word' id='word_1_774' title='bbox 2519 4471 2782 4544; x_wconf 79' lang='grc' dir='ltr'>δαίμονας</span> <span class='ocrx_word' id='word_1_775' title='bbox 2857 4476 3094 4550; x_wconf 80' lang='grc' dir='ltr'>Χριστὸν</span> <span class='ocrx_word' id='word_1_776' title='bbox 3127 4476 3290 4531; x_wconf 80' lang='grc' dir='ltr'>αὐτὸν</span> <span class='ocrx_word' id='word_1_777' title='bbox 3325 4478 3651 4549; x_wconf 80' lang='grc' dir='ltr'>ὁμολογοῦν-</span> 
     </span>
    </p>
   </div>
   <div class='ocr_carea' id='block_1_107' title="bbox 2083 4561 3660 4635">
    <p class='ocr_par' dir='ltr' id='par_1_107' title="bbox 2083 4561 3660 4635">
     <span class='ocr_line' id='line_1_107' title="bbox 2083 4561 3660 4635; baseline 0.002 -20"><span class='ocrx_word' id='word_1_778' title='bbox 2083 4580 2209 4630; x_wconf 85' lang='grc' dir='ltr'>τας.</span> <span class='ocrx_word' id='word_1_779' title='bbox 2251 4565 2388 4616; x_wconf 83' lang='grc' dir='ltr'>Κατ’</span> <span class='ocrx_word' id='word_1_780' title='bbox 2433 4561 2640 4617; x_wconf 77' lang='grc' dir='ltr'>ἔννοιαν</span> <span class='ocrx_word' id='word_1_781' title='bbox 2690 4562 2746 4616; x_wconf 83' lang='grc' dir='ltr'>δὲ</span> <span class='ocrx_word' id='word_1_782' title='bbox 2794 4563 2900 4615; x_wconf 88' lang='grc' dir='ltr'><strong>τῶν</strong></span> <span class='ocrx_word' id='word_1_783' title='bbox 2945 4562 3104 4618; x_wconf 88' lang='grc' dir='ltr'>θείων</span> <span class='ocrx_word' id='word_1_784' title='bbox 3151 4565 3384 4635; x_wconf 66' lang='grc' dir='ltr'>Γραφῶν</span> <span class='ocrx_word' id='word_1_785' title='bbox 3432 4568 3660 4634; x_wconf 77' lang='grc' dir='ltr'>φάσκεις</span> 
     </span>
    </p>
   </div>
   <div class='ocr_carea' id='block_1_108' title="bbox 2085 4649 3660 4728">
    <p class='ocr_par' dir='ltr' id='par_1_108' title="bbox 2085 4649 3660 4728">
     <span class='ocr_line' id='line_1_108' title="bbox 2085 4649 3660 4728; baseline 0.003 -22"><span class='ocrx_word' id='word_1_786' title='bbox 2085 4649 2220 4706; x_wconf 84' lang='grc' dir='ltr'>εἶναι</span> <span class='ocrx_word' id='word_1_787' title='bbox 2253 4655 2314 4706; x_wconf 89' lang='grc' dir='ltr'><strong>τὸ</strong></span> <span class='ocrx_word' id='word_1_788' title='bbox 2353 4653 2607 4721; x_wconf 79' lang='grc' dir='ltr'>λογίδιον’</span> <span class='ocrx_word' id='word_1_789' title='bbox 2647 4651 2772 4721; x_wconf 81' lang='grc' dir='ltr'>λέγε</span> <span class='ocrx_word' id='word_1_790' title='bbox 2803 4669 2910 4722; x_wconf 83' lang='grc' dir='ltr'>μοι.</span> <span class='ocrx_word' id='word_1_791' title='bbox 2955 4654 3083 4708; x_wconf 84' lang='grc' dir='ltr'>ποία</span> <span class='ocrx_word' id='word_1_792' title='bbox 3124 4655 3163 4707; x_wconf 89' lang='grc' dir='ltr'><strong><em>Γ</em></strong></span> <span class='ocrx_word' id='word_1_793' title='bbox 3167 4655 3312 4728; x_wconf 76' lang='grc' dir='ltr'>ραφὴ</span> <span class='ocrx_word' id='word_1_794' title='bbox 3342 4656 3460 4709; x_wconf 89' lang='grc' dir='ltr'>θεία</span> <span class='ocrx_word' id='word_1_795' title='bbox 3492 4656 3660 4711; x_wconf 55' lang='lat' dir='ltr'><strong>gaesa-</strong></span> 
     </span>
    </p>
   </div>
   <div class='ocr_carea' id='block_1_109' title="bbox 2088 4743 3661 4818">
    <p class='ocr_par' dir='ltr' id='par_1_109' title="bbox 2088 4743 3661 4818">
     <span class='ocr_line' id='line_1_109' title="bbox 2088 4743 3661 4818; baseline 0.004 -22"><span class='ocrx_word' id='word_1_796' title='bbox 2088 4759 2184 4797; x_wconf 88' lang='grc' dir='ltr'><strong>σκε</strong></span> <span class='ocrx_word' id='word_1_797' title='bbox 2215 4744 2634 4814; x_wconf 83' lang='grc' dir='ltr'>προσκυνεῖσθαι</span> <span class='ocrx_word' id='word_1_798' title='bbox 2659 4743 2793 4798; x_wconf 87' lang='grc' dir='ltr'>Θεὸν</span> <span class='ocrx_word' id='word_1_799' title='bbox 2833 4746 3092 4816; x_wconf 85' lang='grc' dir='ltr'>ποιητόν;</span> <span class='ocrx_word' id='word_1_800' title='bbox 3125 4747 3235 4801; x_wconf 81' lang='grc' dir='ltr'><strong>Καὶ</strong></span> <span class='ocrx_word' id='word_1_801' title='bbox 3276 4748 3356 4800; x_wconf 82' lang='grc' dir='ltr'>ὅτι</span> <span class='ocrx_word' id='word_1_802' title='bbox 3393 4748 3493 4818; x_wconf 86' lang='grc' dir='ltr'>μὲν</span> <span class='ocrx_word' id='word_1_803' title='bbox 3528 4748 3661 4813; x_wconf 84' lang='grc' dir='ltr'>Θεὸς</span> 
     </span>
    </p>
   </div>
   <div class='ocr_carea' id='block_1_110' title="bbox 2086 4837 3660 4911">
    <p class='ocr_par' dir='ltr' id='par_1_110' title="bbox 2086 4837 3660 4911">
     <span class='ocr_line' id='line_1_110' title="bbox 2086 4837 3660 4911; baseline 0.004 -21"><span class='ocrx_word' id='word_1_804' title='bbox 2086 4837 2376 4909; x_wconf 82' lang='grc' dir='ltr'>ἀγέννητός</span> <span class='ocrx_word' id='word_1_805' title='bbox 2427 4838 2576 4904; x_wconf 68' lang='grc' dir='ltr'>ἔστι,</span> <span class='ocrx_word' id='word_1_806' title='bbox 2629 4838 2787 4890; x_wconf 85' lang='grc' dir='ltr'>παντί</span> <span class='ocrx_word' id='word_1_807' title='bbox 2824 4855 2900 4909; x_wconf 85' lang='grc' dir='ltr'>τῳ</span> <span class='ocrx_word' id='word_1_808' title='bbox 2960 4839 3128 4909; x_wconf 75' lang='grc' dir='ltr'>σαφὲς</span> <span class='ocrx_word' id='word_1_809' title='bbox 3179 4839 3283 4911; x_wconf 75' lang='grc' dir='ltr'>εἴη.</span> <span class='ocrx_word' id='word_1_810' title='bbox 3347 4839 3485 4894; x_wconf 77' lang='grc' dir='ltr'>Ἀλλ’</span> <span class='ocrx_word' id='word_1_811' title='bbox 3539 4841 3660 4896; x_wconf 69' lang='grc' dir='ltr'>οὐδὲ</span> 
     </span>
    </p>
   </div>
   <div class='ocr_carea' id='block_1_111' title="bbox 2087 4927 3658 5006">
    <p class='ocr_par' dir='ltr' id='par_1_111' title="bbox 2087 4927 3658 5006">
     <span class='ocr_line' id='line_1_111' title="bbox 2087 4927 3658 5006; baseline 0.005 -25"><span class='ocrx_word' id='word_1_812' title='bbox 2087 4927 2244 4981; x_wconf 86' lang='grc' dir='ltr'>τοῦτο</span> <span class='ocrx_word' id='word_1_813' title='bbox 2292 4929 2548 4999; x_wconf 82' lang='grc' dir='ltr'>ὀνομαστὶ</span> <span class='ocrx_word' id='word_1_814' title='bbox 2594 4928 2834 4998; x_wconf 78' lang='grc' dir='ltr'>ἔγκειται</span> <span class='ocrx_word' id='word_1_815' title='bbox 2868 4931 2926 4984; x_wconf 83' lang='grc' dir='ltr'>ὲν</span> <span class='ocrx_word' id='word_1_816' title='bbox 2951 4933 3017 5003; x_wconf 83' lang='grc' dir='ltr'><strong>τῇ</strong></span> <span class='ocrx_word' id='word_1_817' title='bbox 3056 4931 3176 5004; x_wconf 80' lang='grc' dir='ltr'>θείᾳ</span> <span class='ocrx_word' id='word_1_818' title='bbox 3213 4933 3432 5006; x_wconf 77' lang='grc' dir='ltr'>Γραφῇ·</span> <span class='ocrx_word' id='word_1_819' title='bbox 3463 4935 3573 4989; x_wconf 80' lang='grc' dir='ltr'><strong>ἀπὸ</strong></span> <span class='ocrx_word' id='word_1_820' title='bbox 3601 4935 3658 4988; x_wconf 62' lang='grc' dir='ltr'>δὲ</span> 
     </span>
    </p>
   </div>
   <div class='ocr_carea' id='block_1_112' title="bbox 2085 5019 3656 5097">
    <p class='ocr_par' dir='ltr' id='par_1_112' title="bbox 2085 5019 3656 5097">
     <span class='ocr_line' id='line_1_112' title="bbox 2085 5019 3656 5097; baseline 0.003 -23"><span class='ocrx_word' id='word_1_821' title='bbox 2085 5019 2246 5092; x_wconf 81' lang='grc' dir='ltr'>ὀρθοῦ</span> <span class='ocrx_word' id='word_1_822' title='bbox 2285 5020 2376 5074; x_wconf 76' lang='grc' dir='ltr'>καὶ</span> <span class='ocrx_word' id='word_1_823' title='bbox 2419 5019 2675 5084; x_wconf 80' lang='grc' dir='ltr'>εὐσεϐοῦς</span> <span class='ocrx_word' id='word_1_824' title='bbox 2723 5021 3004 5094; x_wconf 87' lang='grc' dir='ltr'>λογισμοῦ,</span> <span class='ocrx_word' id='word_1_825' title='bbox 3053 5025 3147 5077; x_wconf 80' lang='grc' dir='ltr'>καὶ</span> <span class='ocrx_word' id='word_1_826' title='bbox 3192 5025 3362 5096; x_wconf 80' lang='grc' dir='ltr'>αὐτῆς</span> <span class='ocrx_word' id='word_1_827' title='bbox 3397 5025 3499 5097; x_wconf 81' lang='grc' dir='ltr'>τῆς</span> <span class='ocrx_word' id='word_1_828' title='bbox 3534 5043 3656 5080; x_wconf 88' lang='grc' dir='ltr'>συν-</span> 
     </span>
    </p>
   </div>
   <div class='ocr_carea' id='block_1_113' title="bbox 2087 5110 3657 5186">
    <p class='ocr_par' dir='ltr' id='par_1_113' title="bbox 2087 5110 3657 5186">
     <span class='ocr_line' id='line_1_113' title="bbox 2087 5110 3657 5186; baseline 0.003 -22"><span class='ocrx_word' id='word_1_829' title='bbox 2087 5111 2257 5174; x_wconf 84' lang='grc' dir='ltr'>έσεως</span> <span class='ocrx_word' id='word_1_830' title='bbox 2291 5111 2418 5182; x_wconf 67' lang='grc' dir='ltr'>περ).</span> <span class='ocrx_word' id='word_1_831' title='bbox 2475 5110 2610 5165; x_wconf 90' lang='grc' dir='ltr'>Θεοῦ</span> <span class='ocrx_word' id='word_1_832' title='bbox 2658 5111 2814 5165; x_wconf 89' lang='grc' dir='ltr'>τοῦτο</span> <span class='ocrx_word' id='word_1_833' title='bbox 2843 5116 2981 5167; x_wconf 88' lang='grc' dir='ltr'>νοεῖν</span> <span class='ocrx_word' id='word_1_834' title='bbox 3021 5115 3116 5168; x_wconf 81' lang='grc' dir='ltr'>καὶ</span> <span class='ocrx_word' id='word_1_835' title='bbox 3158 5114 3338 5184; x_wconf 85' lang='grc' dir='ltr'>λέγειν</span> <span class='ocrx_word' id='word_1_836' title='bbox 3379 5116 3657 5186; x_wconf 80' lang='grc' dir='ltr'>ἀραρότως</span> 
     </span>
    </p>
   </div>
   <div class='ocr_carea' id='block_1_114' title="bbox 2088 5201 3658 5276">
    <p class='ocr_par' dir='ltr' id='par_1_114' title="bbox 2088 5201 3658 5276">
     <span class='ocr_line' id='line_1_114' title="bbox 2088 5201 3658 5276; baseline 0.004 -22"><span class='ocrx_word' id='word_1_837' title='bbox 2088 5201 2217 5272; x_wconf 78' lang='grc' dir='ltr'>ἔχει.</span> <span class='ocrx_word' id='word_1_838' title='bbox 2246 5202 2442 5271; x_wconf 78' lang='grc' dir='ltr'>Λέγεις</span> <span class='ocrx_word' id='word_1_839' title='bbox 2469 5203 2546 5268; x_wconf 86' lang='grc' dir='ltr'>δὲ,</span> <span class='ocrx_word' id='word_1_840' title='bbox 2583 5203 2671 5256; x_wconf 80' lang='grc' dir='ltr'><strong>ἵνα</strong></span> <span class='ocrx_word' id='word_1_841' title='bbox 2707 5203 2903 5258; x_wconf 77' lang='grc' dir='ltr'>εἰδέναι</span> <span class='ocrx_word' id='word_1_842' title='bbox 2942 5204 3116 5276; x_wconf 80' lang='grc' dir='ltr'>ἔχοιεν</span> <span class='ocrx_word' id='word_1_843' title='bbox 3156 5209 3205 5260; x_wconf 82' lang='lat' dir='ltr'><strong>oi</strong></span> <span class='ocrx_word' id='word_1_844' title='bbox 3238 5207 3340 5260; x_wconf 85' lang='grc' dir='ltr'>ὑπὸ</span> <span class='ocrx_word' id='word_1_845' title='bbox 3374 5207 3468 5260; x_wconf 88' lang='grc' dir='ltr'><strong>σοῦ</strong></span> <span class='ocrx_word' id='word_1_846' title='bbox 3496 5207 3658 5276; x_wconf 83' lang='grc' dir='ltr'>ἀθλη-</span> 
     </span>
    </p>
   </div>
   <div class='ocr_carea' id='block_1_115' title="bbox 2087 5295 3656 5371">
    <p class='ocr_par' dir='ltr' id='par_1_115' title="bbox 2087 5295 3656 5371">
     <span class='ocr_line' id='line_1_115' title="bbox 2087 5295 3656 5371; baseline 0.003 -23"><span class='ocrx_word' id='word_1_847' title='bbox 2087 5295 2176 5348; x_wconf 84' lang='grc' dir='ltr'><strong>ταί</strong></span> <span class='ocrx_word' id='word_1_848' title='bbox 2220 5311 2279 5348; x_wconf 88' lang='grc' dir='ltr'><strong>τε</strong></span> <span class='ocrx_word' id='word_1_849' title='bbox 2317 5297 2421 5348; x_wconf 75' lang='grc' dir='ltr'>καὶ·</span> <span class='ocrx_word' id='word_1_850' title='bbox 2455 5295 2739 5369; x_wconf 84' lang='grc' dir='ltr'>ἀθλήτριαι</span> <span class='ocrx_word' id='word_1_851' title='bbox 2780 5297 3121 5370; x_wconf 85' lang='grc' dir='ltr'>καλούμενοι,</span> <span class='ocrx_word' id='word_1_852' title='bbox 3160 5300 3562 5371; x_wconf 72' lang='grc' dir='ltr'>πεπλανημένοι</span> <span class='ocrx_word' id='word_1_853' title='bbox 3602 5300 3656 5353; x_wconf 79' lang='grc' dir='ltr'>δὲ</span> 
     </span>
    </p>
   </div>
   <div class='ocr_carea' id='block_1_116' title="bbox 2092 5387 3645 5463">
    <p class='ocr_par' dir='ltr' id='par_1_116' title="bbox 2092 5387 3645 5463">
     <span class='ocr_line' id='line_1_116' title="bbox 2092 5387 3645 5463; baseline 0.003 -23"><span class='ocrx_word' id='word_1_854' title='bbox 2092 5387 2312 5458; x_wconf 70' lang='grc' dir='ltr'>μᾶλλον,</span> <span class='ocrx_word' id='word_1_855' title='bbox 2357 5388 2476 5452; x_wconf 86' lang='grc' dir='ltr'><strong>πῶς</strong></span> <span class='ocrx_word' id='word_1_856' title='bbox 2519 5389 2656 5459; x_wconf 89' lang='grc' dir='ltr'>πρὸς</span> <span class='ocrx_word' id='word_1_857' title='bbox 2700 5390 2930 5445; x_wconf 70' lang='grc' dir='ltr'>ἕκαστον</span> <span class='ocrx_word' id='word_1_858' title='bbox 2966 5391 3304 5463; x_wconf 85' lang='grc' dir='ltr'>ἀποκριθῶσι</span> <span class='ocrx_word' id='word_1_859' title='bbox 3339 5392 3429 5446; x_wconf 81' lang='grc' dir='ltr'><strong>διὰ</strong></span> <span class='ocrx_word' id='word_1_860' title='bbox 3477 5391 3645 5446; x_wconf 71' lang='grc' dir='ltr'>συντό-</span> 
     </span>
    </p>
   </div>
   <div class='ocr_carea' id='block_1_117' title="bbox 2091 5479 3654 5556">
    <p class='ocr_par' dir='ltr' id='par_1_117' title="bbox 2091 5479 3654 5556">
     <span class='ocr_line' id='line_1_117' title="bbox 2091 5479 3654 5556; baseline 0.004 -26"><span class='ocrx_word' id='word_1_861' title='bbox 2091 5495 2193 5548; x_wconf 86' lang='grc' dir='ltr'><strong>μου</strong></span> <span class='ocrx_word' id='word_1_862' title='bbox 2245 5479 2340 5533; x_wconf 78' lang='grc' dir='ltr'>καὶ</span> <span class='ocrx_word' id='word_1_863' title='bbox 2385 5479 2808 5552; x_wconf 82' lang='grc' dir='ltr'>εὑπεριδράκτου</span> <span class='ocrx_word' id='word_1_864' title='bbox 2850 5482 3008 5552; x_wconf 86' lang='grc' dir='ltr'>λόγου</span> <span class='ocrx_word' id='word_1_865' title='bbox 3056 5483 3329 5556; x_wconf 86' lang='grc' dir='ltr'>στιχηρῶν</span> <span class='ocrx_word' id='word_1_866' title='bbox 3365 5483 3565 5556; x_wconf 82' lang='grc' dir='ltr'>τρόπον</span> <span class='ocrx_word' id='word_1_867' title='bbox 3590 5482 3654 5536; x_wconf 82' lang='grc' dir='ltr'><strong>τά</strong></span> 
     </span>
    </p>
   </div>
   <div class='ocr_carea' id='block_1_118' title="bbox 960 5631 2311 5702">
    <p class='ocr_par' dir='ltr' id='par_1_118' title="bbox 960 5631 2311 5702">
     <span class='ocr_line' id='line_1_118' title="bbox 960 5631 2311 5702; baseline 0 -14"><span class='ocrx_word' id='word_1_868' title='bbox 960 5637 981 5668; x_wconf 78' lang='grc'>⁸</span> <span class='ocrx_word' id='word_1_869' title='bbox 1015 5634 1201 5691; x_wconf 81' lang='lat' dir='ltr'><strong>Matth.</strong></span> <span class='ocrx_word' id='word_1_870' title='bbox 1234 5651 1331 5702; x_wconf 77' lang='lat' dir='ltr'><strong>vn,</strong></span> <span class='ocrx_word' id='word_1_871' title='bbox 1370 5633 1463 5702; x_wconf 70' lang='lat'><strong>16;</strong></span> <span class='ocrx_word' id='word_1_872' title='bbox 1499 5632 1630 5688; x_wconf 88' lang='lat' dir='ltr'><strong>Luc.</strong></span> <span class='ocrx_word' id='word_1_873' title='bbox 1668 5648 1741 5697; x_wconf 89' lang='lat' dir='ltr'><strong>tv,</strong></span> <span class='ocrx_word' id='word_1_874' title='bbox 1769 5631 1859 5687; x_wconf 71' lang='grc'><strong>41.</strong></span> <span class='ocrx_word' id='word_1_875' title='bbox 1938 5631 1958 5664; x_wconf 88' lang='grc'><strong><em>³</em></strong></span> <span class='ocrx_word' id='word_1_876' title='bbox 1981 5631 2108 5688; x_wconf 87' lang='lat' dir='ltr'><strong>Cor.</strong></span> <span class='ocrx_word' id='word_1_877' title='bbox 2136 5633 2311 5688; x_wconf 81' lang='grc' dir='ltr'>τοῦτο.</span> 
     </span>
    </p>
   </div>
  </div>
