3990 6228
368 276 500 330 549

993 277 1363 336 ADVERSUS
1393 280 1736 339 IIIERESES
1775 283 1883 338 LIB
1942 283 2033 342 Ill.
2076 283 2240 342 ΤΟΜ.
2281 285 2320 342 l.
2363 316 2428 328 -—
2471 285 2747 343 llASRES.
2793 280 3024 365 LXXVI.

3564 288 3674 346 550

371 395 665 463 κεφάλαια
709 397 813 450 ὑπὸ
873 398 968 453 σοῦ
1021 401 1421 460 συντεθεῖσθαι.
1469 406 1562 459 Διὸ
1606 405 1746 460 αὑτά
1798 407 1868 460 τὰ
1910 406 1964 460 δο

2096 409 2280 480 pedita
2321 409 2573 464 oratione
2613 409 2909 478 unicuique
2957 407 3254 477 objectioni
3301 402 3671 480 respondeant

371 487 594 542 κοῦντά
650 507 744 543 σου
793 492 992 565 ίσχυρά
1042 494 1265 567 ῥήματα
1304 498 1400 552 κοιλ¹
1446 499 1756 568 σοφιστικὰ,
1784 500 1820 554 δι
1852 499 1988 572 πρὸς

370 579 517 643 τοὺς
547 579 769 650 μείζους
807 585 888 647 είς
934 586 1244 657 ἀντιλογίαν
1293 589 1591 662 ὲξήσκηταί
1639 609 1742 658 σοι,
1786 592 1986 664 μᾶλλον

370 672 437 725 δὲ
484 673 570 726 ἵνα
609 675 744 746 πρὸς
777 675 877 754 τὴν
921 677 1182 749 ἀλήθειαν
1219 682 1432 755 ἐπάρῃς
1474 683 1680 755 στόμα,
1735 687 1896 756 ἡμεῖς
1933 688 1982 740 oi

369 762 624 828 εὐτελεῖς
657 767 751 820 καὶ
791 766 1023 837 ἰδιῶται,
1052 769 1148 824 καὶ
1187 773 1248 825 οὐ
1295 773 1551 844 μείζους,
1589 775 1726 830 ἀλλά
1773 776 1980 848 βραχύ-

369 871 537 924 τεροι
565 857 776 912 πολλῶν
810 860 920 914 τῶν
965 862 1023 915 έν
1074 865 1139 935 τῇ
1188 865 1318 939 ἁγίᾳ
1363 867 1457 921 τοῦ
1507 869 1644 922 Θεοῦ
1686 871 1982 944 Ἐκκλησία

368 949 749 1021 ποιησόμεθα,
778 952 856 1017 ὼς
894 956 1175 1026 προεῖπον,
1207 959 1306 1030 τὴν
1352 960 1664 1034 ἀνατροπὴν
1704 964 1804 1036 τῆς
1848 966 1980 1020 ἀσυ-

367 1040 584 1094 στάτου
612 1043 815 1114 ταύτης
844 1045 937 1098 καὶ
968 1047 1171 1119 σφόδρα
1193 1050 1443 1117 εὐτελοῦς
1472 1053 1759 1125 φλυαρίας.

2095 507 2350 557 vcrsuu‘m
2379 516 2530 555 more
2560 508 2612 554 te
2647 500 2861 570 singula
2888 500 3066 568 capita
3101 498 3420 562 digessisse.
3463 499 3674 564 Quam-

2091 592 2278 646 obrem
2316 592 2430 646 hme
2467 592 2581 661 ipsa
2615 601 2728 653 tua,
2772 600 2829 644 ut
2861 590 3080 660 quidem
3136 590 3444 654 ex'stimas,
3481 588 3664 642 lirmis-

2090 685 2251 746 sima,
2285 684 2379 737 sed
2415 677 2714 753 sophistica
2750 689 3088 752 argumenta.
3129 697 3252 752 quae
3284 681 3351 735 ad
3387 680 3674 735 confutari.

3747 738 3756 784 l

2090 774 2190 830 dos
2231 774 2643 844 przcstantiores
2677 787 2937 843 .quosque
2985 773 3302 836 elaborasti,
3336 780 3395 825 ut
3426 787 3489 827 os
3522 779 3675 824 tuum
3747 773 3756 831 ξ

2088 869 2326 938 superbe
2362 877 2554 922 contra
2593 868 2879 922 veritatem
2925 868 3234 930 extolleres,
3275 868 3390 921 huic
3433 882 3558 929 nos,
3597 865 3672 918 in-

2085 977 2274 1031 quam,
2307 961 2440 1016 viles
2498 967 2553 1014 et
2585 959 2785 1023 idiota‘,
2827 973 3004 1027 neque
3044 973 3108 1012 ex
3147 958 3528 1028 primariorum
3564 957 3670 1008 illo-

2085 1071 2207 1111 rqu
2259 1069 2512 1117 numero,
2569 1052 2662 1107 sed
2711 1050 3018 1122 plerisque,
3083 1050 3176 1119 qui
3231 1049 3283 1101 in
3339 1055 3528 1102 sancta
3580 1045 3672 1101 Dei

368 1131 633 1191 Ecclesia
665 1136 1308 1205 censentur,inl‘eriores,
1338 1143 1599 1212 refutare;
1625 1156 1685 1201 ut
1709 1147 1971 1213 diximus,
2024 1144 2392 1218 aggredimur,
2447 1157 2508 1198 ac
2559 1149 2708 1196 tuam
2757 1141 2924 1208 illam
2981 1137 3313 1192 inconditam
3363 1135 3671 1205 abiectissi-

371 1245 643 1301 malque
681 1233 1065 1303 loquacitatem
1094 1237 1364 1294 refellere.

454 1323 533 1376 l".
567 1325 678 1377 Kal.
720 1326 822 1390 ἕως
876 1321 978 1382 ὧδε
1003 1331 1175 1402 ἐχέτω
1204 1349 1296 1385 σου
1324 1334 1358 1402 ἡ
1388 1331 1530 1386 κατά
1559 1331 1653 1385 τοῦ
1681 1333 1967 1406 προοιμίου

367 1411 661 1492 ἀντίθεσις
707 1416 805 1486 τῆς
851 1417 1009 1489 ἡμῶν
1057 1419 1410 1492 βραχύτητος.
1468 1423 1664 1495 Ἀρχὴν
1709 1425 1767 1478 δὲ
1813 1421 1970 1489 αὖθις

366 1504 491 1557 τῶν
538 1505 644 1560 ὑπὸ
683 1507 775 1561 σοῦ
813 1509 1124 1578 κεφαλαίων
1158 1513 1395 1583 καθεξῆς
1425 1516 1765 1584 κατατάξας,
1816 1518 1968 1573 ἀντι-

366 1615 521 1669 κρυς
563 1600 799 1670 ἑκάστης
846 1601 1042 1668 λέξεως
1075 1606 1169 1658 καὶ
1211 1607 1505 1675 κεφαλαίου
1539 1609 1972 1682 ἀντιπαραθήσο-

369 1707 485 1759 μαι
521 1689 620 1754 τὰς
653 1691 717 1744 ἐκ
751 1691 861 1745 τῶν
906 1691 1066 1746 θείων
1112 1695 1364 1766 Γραφῶν,
1408 1699 1502 1750 καὶ
1529 1699 1588 1766 ἐξ
1625 1699 1788 1769 ὀρθοῦ
1820 1699 1970 1769 λογι-

367 1783 526 1852 σμοῦ
565 1785 912 1856 ἀντιρρήσεις
953 1804 1010 1838 τε
1050 1787 1144 1840 καὶ
1176 1787 1504 1860 ζητημάτων
1539 1791 1690 1863 παρά
1724 1793 1806 1845 σοὶ
1831 1792 1971 1862 λογι-

366 1873 496 1926 κῶν
541 1874 884 1946 ἀνατροπάς³
929 1877 1080 1941 ὅπως
1124 1880 1174 1931 οἱ
1218 1879 1354 1932 Θεοῦ
1396 1881 1573 1935 δοῦλοι
1612 1882 1708 1935 καὶ
1749 1883 1969 1956 ἀληθεῖς

364 1964 617 2037 ἀθληταὶ
635 2008 650 2033 ,
683 1968 999 2038 ἐντυχόντες
1018 2011 1040 2046 ι
1069 1970 1162 2023 καὶ
1200 1973 1637 2042 κατανοήσαντες
1661 1974 1759 2048 τὴν
1787 1977 1970 2031 πᾶσάν

368 2077 475 2112 σου
530 2061 799 2128 ἀτοπίαν,
842 2063 1295 2132 κατα-γελάσωσι,
1345 2067 1623 2136 λέγοντες’
1677 2071 1738 2125 Ἠ
1787 2075 1969 2142 ὑπερ-

364 2153 609 2220 ηφανία
650 2152 758 2220 τῆς
795 2155 1046 2224 καρδίας
1080 2173 1196 2212 σου
1225 2158 1479 2226 ἐποίησέ
1505 2177 1605 2216 σοι
1629 2163 1842 2238 ταῦτα.
1885 2165 1968 2220 Σὺ

367 2247 490 2316 γὰρ
515 2244 689 2315 εἴπας
723 2251 908 2305 ταῦτα
931 2253 1001 2306 ἐν
1028 2252 1101 2322 τῇ
1130 2253 1366 2321 διανοίᾳ
1400 2270 1518 2310 σου
1536 2274 1550 2288 ο
1578 2258 1970 2330 Ἀναϐήσομαι

364 2342 464 2406 είς
507 2341 616 2394 τὸν
664 2344 946 2411 οὐρανὸν,
991 2346 1091 2399 καὶ
1134 2347 1337 2401 ἐπάνω
1379 2344 1501 2401 τῶν
1552 2349 1825 2419 ἀστέρων
1864 2353 1969 2406 τοῦ

363 2433 642 2500 οὐρανοῦ
673 2433 932 2502 θήσομαι
974 2437 1083 2491 τὸν
1115 2439 1330 2505 θρόνον
1357 2459 1499 2509 μου.
1527 2441 1719 2498 Καθιῶ
1750 2443 1820 2496 ἐν
1849 2443 1971 2511 ὄρει

364 2523 638 2591 ﬁgi-niti)“
683 2526 780 2579 ἐπὶ
817 2527 886 2581 τὰ
915 2527 1022 2596 ὄρη
1074 2531 1148 2583 τὰ
1186 2531 1400 2599 ὑψηλὰ
1447 2531 1519 2585 τὰ
1555 2533 1705 2601 πρὸς
1736 2535 1972 2603 ,βορῤᾶν

363 2617 758 2688 ἀναϐήσομαι
790 2620 994 2689 ὅμοιος
1023 2621 1104 2686 τῷ
1143 2622 1418 2691 ’Υψίστιει
1443 2625 1594 2678 Νυνὶ
1617 2626 1684 2678 δὲ
1707 2629 1795 2692 εὶς
1819 2627 1968 2694 ᾅδου

365 2707 717 2776 καταϐήσῃ,
743 2711 829 2775 εἰς
867 2711 938 2764 τὰ
967 2711 1211 2780 θεμέλια
1236 2711 1344 2782 τῆς
1368 2713 1497 2783 γῆς,
1526 2717 1620 2769 καὶ
1649 2717 1718 2770 τὰ
1749 2717 1896 2787 ἑξῆς.

366 2819 514 2872 ΚΑΙ
562 2823 791 2876 ΕΣΤΙΝ
843 2825 898 2876 ΙΙ
954 2825 1155 2877 ΑΡΧΗ
1214 2827 1353 2879 ΊῺΝ
1403 2825 1684 2882 ΑΕΤΙΟΥ
1738 2832 1966 2885 ΚΕΦΑ-

911 2897 1146 2948 ΛΑΙΩΝ
1184 2899 1229 2949 Α
1245 2897 1400 2952 ΥΤΗ.

442 3005 528 3058 Α’.
572 3005 634 3058 Ei
664 3005 887 3059 δυνατόν
914 3008 1030 3059 ἐστι
1072 3006 1152 3078 τῷ
1181 3008 1463 3080 ἀγεννήτῳ
1489 3009 1608 3081 Θεῷ
1629 3010 1690 3064 τὸ
1713 3013 1969 3085 γεννητὸν

364 3097 674 3168 ἀγέννητον
706 3097 955 3169 ποιῆσαι.

947 3191 1001 3244 Ἀ
1009 3191 1277 3261 νατροπὴ
1315 3194 1399 3246 A'.

443 3282 674 3354 Πρῶτον
709 3284 808 3354 μὲν
845 3285 908 3339 τὸ
933 3287 1013 3348 είς
1044 3286 1176 3338 Θεὸν
1206 3286 1525 3355 λογίσασθαι
1550 3287 1810 3342 ἀδύνατον
1837 3289 1958 3343 ἀσε-

363 3373 473 3438 6ὲς
493 3371 562 3446 ἦν
587 3375 748 3445 μόνον
781 3393 840 3429 τε
867 3377 1120 3448 ἀπρεπὲς
1144 3380 1210 3448 τῇ
1241 3378 1409 3431 αὑτοῦ
1441 3379 1677 3450 θεότητι,
1710 3381 1804 3434 καὶ
1836 3381 1969 3435 αὐτὸ

364 3466 478 3519 οὐκ
509 3466 776 3521 ἀδυνάτου
808 3468 963 3532 ὄντος
992 3469 1156 3522 αὐτοῦ
1184 3472 1379 3535 ποιεῖν,
1420 3472 1538 3525 ἀλλ’
1565 3473 1850 3544 ἀπρεποῦς
1875 3473 1968 3527 οὖα

370 3558 619 3628 σηςτῆς
665 3559 1000 3630 φαυλότητος
1040 3559 1160 3630 Θεῷ
1183 3599 1197 3624 ,
1227 3553 1270 3628 ᾧ
1298 3560 1451 3614 οὐδὲν
1499 3562 1760 3616 ἀδύνατον
1780 3580 1793 3593 ’
1831 3563 1966 3618 ἀλλά

366 3650 467 3703 διὰ
491 3651 551 3703 τὸ
574 3652 633 3705 τὸ
660 3648 862 3720 φαῦλον
899 3652 1161 3708 ἀδύνατον
1192 3650 1330 3708 εἶναι
1361 3657 1428 3726 τῇ
1461 3655 1628 3726 ὲνθέῳ
1673 3655 1838 3710 αὐτοῦ
1870 3656 1964 3710 δυ-

366 3745 512 3814 νατῇ
543 3743 865 3816 ἀγαθότητι,
899 3745 994 3799 καὶ
1026 3745 1175 3816 αὐτῷ
1208 3746 1398 3819 ἀγαθῷ
1424 3746 1560 3801 ὄντι.

449 4005 557 4059 Καὶ
583 4006 789 4071 ἄλλως·
824 4009 887 4062 Ei
913 4008 974 4062 τὸ
1014 3992 1272 4080 γεννητὸν
1304 4009 1603 4083 ἀγέννητον
1646 4011 1807 4084 παρά
1843 4011 1960 4084 Θεῷ

366 4096 578 4164 ἀγαθὸν
601 4100 680 4162 εἰς
714 4098 874 4170 ἔργον
900 4101 1206 4172 νομισθείη,
1235 4102 1513 4166 ἀδυνάτως
1539 4103 1596 4156 δὲ
1628 4103 1742 4174 ἔχει
1783 4105 1845 4158 τὸ
1883 4107 1964 4169 είς

367 4186 578 4255 ἀγαθὸν
619 4191 900 4261 γινόμενον
947 4193 1170 4261 ἀγαθῶς
1214 4193 1560 4249 ἐπιτελέσαι*
1607 4195 1766 4250 τοῦτο
1821 4192 1964 4270 ἧττα

367 4282 505 4352 περὶ
533 4281 625 4334 τὸν
655 4281 879 4336 δυνατὸν
910 4283 1018 4356 εἴη,
1061 4283 1386 4356 βουλομένου
1421 4285 1482 4339 τὸ
1506 4287 1832 4358 προκριτέον
1866 4291 1961 4360 ὲρ-

363 4370 667 4441 γάσασθαι,
711 4373 804 4426 καὶ
857 4373 931 4444 μὴ
983 4373 1306 4446 δυναμένου.
1349 4375 1412 4428 Εἰ
1455 4375 1512 4430 δὲ
1553 4375 1616 4429 τὸ
1663 4377 1960 4450 ἀγέννητον

367 4463 598 4533 ἀγαθὸν,
625 4465 687 4518 τὸ
711 4464 970 4536 γεννητὸν
998 4467 1054 4519 δὲ
1088 4468 1146 4520 ἐν
1172 4469 1238 4538 τῇ
1284 4467 1389 4538 ίδίᾳ
1424 4467 1575 4532 τάξει
1609 4467 1829 4537 ἀγαθῶς
1867 4485 1960 4538 γε-

367 4557 650 4628 γέννηται,
683 4557 893 4630 ἀγαθῆς
918 4557 1082 4630 οὔσης
1127 4558 1185 4626 ἐξ
1225 4559 1432 4628 ἀγαθοῦ
1460 4559 1598 4614 Θεοῦ
1623 4561 1721 4632 τῆς
1752 4563 1960 4628 τάξεως

369 4647 467 4702 τοῦ
514 4648 796 4721 γεννητοῦ,
837 4649 929 4703 καὶ
976 4652 1106 4724 παρ’
1154 4651 1304 4723 αὐτῷ
1336 4651 1708 4724 νομισθείσης,
1754 4655 1855 4708 οὐκ
1893 4654 1959 4709 ἀν

343 4742 621 4834 γποιήσειε
646 4741 706 4795 τὸ
733 4741 914 4806 καλῶς
941 4743 1198 4816 γεννητὸν
1228 4744 1543 4817 ἀγέννητον,
1567 4747 1754 4819 ἐπειδὴ
1778 4747 1959 4812 καλῶς

339 4831 682 4938 Ινενὸμισται
709 4834 858 4906 αὑτῷ
883 4835 942 4888 τὸ
969 4834 1144 4900 οὕτως
1167 4833 1304 4889 εἶναι
1339 4835 1524 4890 καλόν.
1562 4837 1714 4891 Ἐπεὶ
1739 4833 1832 4893 οὖν
1857 4841 1956 4895 τοῦ

337 4925 346 5012 ξ
370 4925 538 4978 καλοῦ
572 4926 694 4996 οὐχὶ
717 4925 806 4980 διὰ
836 4925 898 4979 τὸ
926 4926 1186 4982 ἀδύνατον
1211 4927 1270 4980 οὐ
1302 4928 1696 4998 μεταϐάλλεται
1721 4932 1754 5002 ἡ
1780 4931 1952 4996 τάξις,

370 5015 508 5068 ἀλλά
559 5015 646 5069 διὰ
696 5015 758 5069 τὸ
803 5015 1022 5085 ἀγαθῶς
1076 5015 1252 5081 οὕτως
1293 5012 1469 5072 εἶναι’
1522 5020 1725 5088 ἀγαθὸς
1770 5021 1878 5093 ἄρα
1926 5023 1956 5075 ὁ

369 5108 668 5179 ἀγέννητος
699 5107 851 5172 Θεὸς,
894 5107 1073 5183 ἀγαθά
1104 5109 1160 5163 δὲ
1187 5110 1255 5163 τά
1287 5109 1347 5176 ἐξ
1377 5110 1543 5164 αὐτοῦ
1594 5098 1862 5184 γενόμενα
1895 5116 1954 5168 ὲν

370 5201 438 5271 τῇ
473 5199 578 5271 ἰδίᾳ
597 5199 769 5266 τάξει,
807 5201 880 5272 μὴ
915 5200 1150 5255 λαϐόντα
1182 5203 1480 5273 ἀγεννήτου
1511 5203 1702 5276 ὄνομα.
1740 5205 1813 5259 Οὐ
1844 5204 1952 5276 γὰρ

373 5290 529 5355 θεοὺς
563 5293 813 5356 κτιστοὺς
848 5293 1124 5364 ἐποίησεν,
1169 5293 1256 5347 ἵνα
1301 5293 1528 5366 θάτερον
1561 5294 1777 5366 θατέρῳ
1807 5313 1953 5365 παρ-

375 5384 745 5454 εκτεινόμενον
775 5385 1014 5458 ἀφανίζῃ
1052 5385 1140 5439 διὰ
1168 5385 1268 5455 τῆς
1298 5387 1616 5458 ἐπωνυμίας
1653 5387 1716 5441 τὸ
1745 5387 1953 5442 ἀνώνυ-

377 5492 476 5544 μον
502 5475 596 5529 τοῦ
640 5475 887 5548 μείζονος
914 5476 1054 5548 πρὸς
1091 5477 1150 5530 τὸ
1187 5471 1371 5550 ἦττον.
1419 5479 1482 5533 El
1508 5480 1609 5551 μὲν
1641 5479 1750 5552 γάρ
1781 5482 1809 5534 ὁ
1851 5482 1951 5552 μὲν

374 5566 486 5621 ἔστι
514 5568 645 5632 Θεὸς
674 5569 992 5640 ἀγέννητος,
1019 5570 1048 5623 ὁ
1068 5568 1124 5623 δὲ
1153 5567 1286 5635 Θεὸς
1307 5569 1585 5642 γεννητὸς,
1603 5570 1712 5625 τῶν
1736 5570 1950 5642 φύσεων

451 5731 468 5758 ⁸
489 5729 601 5786 ιω.
633 5743 744 5792 xw,
786 5727 964 5784 15.15.

2148 1330 2235 1385 lll.
2271 1329 2376 1385 Sed
2407 1328 2670 1384 adversus
2694 1334 2849 1381 tuum
2882 1324 3014 1380 illud
3045 1323 3372 1394 prommium
3403 1321 3672 1379 hactenus

2077 1425 2412 1496 disputatum
2445 1430 2550 1478 est.
2605 1419 2774 1475 Venio
2807 1433 2955 1473 nunc
2999 1416 3068 1471 ad
3108 1415 3240 1471 illud
3273 1424 3493 1470 tuorum
3525 1417 3672 1486 capi-

2078 1527 2192 1572 tum
2237 1517 2587 1588 principium,
2637 1514 2782 1584 quod
2838 1512 2932 1566 ubi
2983 1524 3343 1581 proposuero,
3403 1509 3672 1566 adversus

2079 1621 2522 1677 unamquamque
2564 1619 2750 1660 vocem
2780 1611 2835 1658 et
2886 1611 3049 1672 caput
3094 1615 3250 1656 suam
3277 1598 3671 1665 refutationem

2079 1716 2110 1756 e
2140 1702 2313 1757 sacris
2347 1698 2585 1762 Litteris,
2619 1711 2684 1751 ac
2719 1703 2871 1751 recta
2899 1695 3110 1749 ratione
3137 1694 3539 1764 depromptam,
3569 1694 3672 1747 hoc

2074 1771 2514 1860 estdogicarum
2557 1787 2804 1843 omnium
2855 1793 3074 1840 tuarum
3127 1783 3491 1853 quaestionum
3555 1783 3671 1838 dis-

2071 1885 2400 1938 solutionem
2438 1896 2732 1953 opponam.
2782 1878 2853 1934 Ut
2899 1893 3024 1934 cum
3064 1876 3158 1933 Dei
3189 1877 3356 1940 servi,
3396 1876 3670 1946 iidemque

2073 1977 2313 2030 veriores
2362 1974 2598 2034 athletze,
2654 1988 2718 2027 ex
2765 1972 2834 2026 iis
2881 1971 3088 2026 nostris
3123 1985 3286 2040 quam
3330 1968 3565 2022 absurda
3595 1969 3670 2023 sit

2071 2064 2320 2118 doctrina
2347 2072 2436 2116 tua
2461 2061 2779 2125 didicerint,
2813 2060 3096 2123 irrideant,
3123 2068 3178 2113 et
3205 2058 3336 2112 illud
3365 2065 3666 2129 usurpent:

2073 2154 2332 2224 Superbia
2365 2154 2543 2208 cordis
2578 2154 2656 2206 tui
2699 2153 2810 2207 Iure
2857 2153 2950 2206 tibi
2988 2151 3130 2220 fecit.
3194 2151 3272 2205 Tu
3309 2151 3448 2205 enim
3481 2150 3671 2203 dixisti

2071 2249 2182 2300 Iure
2208 2249 2258 2300 in
2287 2247 2602 2316 cogitatione
2625 2254 2752 2299 tua:
2783 2245 3078 2298 Ascendam
3109 2245 3166 2298 in
3184 2246 3394 2308 emtum,
3426 2251 3475 2297 et
3501 2257 3668 2309 supra

2073 2339 2255 2392 stellas
2292 2335 2408 2390 cali
2439 2351 2629 2404 ponam
2670 2336 2916 2388 thronum
2954 2351 3146 2389 meum.
3182 2332 3382 2388 Sedebo
3411 2334 3464 2386 in
3495 2341 3669 2386 monte

2071 2431 2277 2483 excelso
2319 2445 2482 2498 supra
2528 2439 2729 2482 montes
2772 2428 2991 2482 arduos.
3033 2427 3103 2481 ad
3148 2427 3445 2496 aquilonem
3485 2440 3670 2478 ascen-

2075 2524 2199 2575 dam
2235 2538 2398 2591 supra
2423 2523 2604 2585 nubes,
2633 2531 2681 2575 et
2706 2538 2794 2576 ero
2818 2520 3009 2575 similis
3029 2522 3328 2575 Altissimo.
3365 2517 3520 2572 Nunc
3546 2532 3667 2572 vero

2073 2613 2142 2668 ad
2167 2615 2363 2684 inferos
2387 2615 2692 2679 descendas,
2719 2613 2786 2668 ad
2810 2613 3160 2683 fundamenta
3177 2622 3333 2667 terra:
3352 2613 3392 2676 ¹,
3411 2619 3519 2666 etc.

2266 2811 2432 2884 93!.
2458 2810 2876 2866 INCIPIUNT
2913 2809 3130 2866 ΑΕΗ]
3171 2809 3462 2866 carm.

2145 2990 2182 3044 Ι.
2212 2989 2268 3044 Si
2299 2990 2574 3061 ingenitus
2597 2987 2740 3045 Deus
2760 2995 2942 3059 potest
2965 2985 3110 3058 quod
3133 2985 3377 3057 genitum
3405 2990 3490 3039 est
3511 2983 3663 3054 inge-

1993 3086 2039 3150 C
2073 3084 2250 3139 nitum
2286 3084 2493 3139 facere.

2672 3174 2987 3246 Confutatio
3015 3173 3066 3230 1.

2141 3269 2200 3323 in
2232 3270 2425 3338 primis
2447 3285 2571 3324 csse
2593 3268 2820 3338 aliquid,
2850 3267 2998 3339 quod
3023 3266 3166 3322 Deus
3195 3266 3375 3322 facere
3400 3273 3660 3336 nequeat,

2069 3364 2296 3434 imp'um
2334 3371 2420 3419 est
2464 3364 2730 3434 cogitare,
2783 3369 2840 3417 et
2877 3362 3098 3432 quidem
3132 3361 3341 3432 aliquid
3385 3367 3473 3417 est
3519 3361 3661 3417 dun-

2069 3465 2239 3516 taxat,
2265 3457 2409 3526 quod
2436 3456 2604 3511 Deum
2629 3455 2856 3510 minime
2877 3456 3100 3511 deceat:
3127 3469 3237 3510 non
3260 3456 3406 3524 quod
3433 3456 3500 3509 ad
3528 3455 3662 3510 illud

2069 3549 2376 3604 faciendum
2414 3549 2550 3604 satis
2585 3548 2781 3602 virium
2817 3562 2926 3602 non
2963 3547 3163 3602 habeat
3187 3586 3202 3612 ,
3245 3547 3340 3603 sed
3372 3547 3517 3618 quod
3545 3561 3663 3604 ma-

2067 3640 2180 3694 litia
2215 3640 2364 3694 verbi
2396 3640 2594 3710 gratia,
2629 3638 2826 3703 Deum,
2872 3639 2959 3694 cui
3005 3639 3140 3693 nihil
3174 3638 3517 3708 impossibile
3551 3649 3660 3703 est,

2066 3731 2292 3786 minime
2319 3732 2540 3798 deceat;
2597 3745 2663 3786 eo
2691 3730 2836 3801 quod
2862 3730 3064 3784 malum
3093 3744 3257 3784 omne
3284 3729 3484 3785 divinae
3511 3729 3660 3786 illius

2066 3837 2130 3876 ac
2170 3823 2564 3892 potentissimae
2596 3821 2854 3888 bonitati,
2900 3820 3116 3892 ipsique
3149 3819 3307 3885 adeo,
3352 3821 3445 3890 qui
3481 3820 3660 3876 bonus

2063 3925 2171 3980 est,
2203 3915 2542 3985 impossibile
2574 3914 2666 3970 sit.

2135 4005 2446 4064 Praeterea:
2483 4006 2543 4065 Si
2567 4005 2716 4077 quod
2761 4005 2963 4062 factum
2995 4020 3061 4060 ac
3089 4004 3332 4076 genitum
3367 4009 3473 4065 est.
3508 4003 3660 4074 inge-

2063 4099 2237 4153 nitum
2261 4099 2411 4154 reddi
2435 4093 2578 4153 facto
2608 4099 2729 4169 ipso
2751 4099 2952 4152 bonum
2979 4097 3257 4167 judicaret
3288 4097 3451 4162 Deus,
3481 4113 3659 4166 neque

2063 4197 2247 4243 tamen
2282 4188 2430 4244 istud
2454 4188 2583 4243 boni
2611 4188 2750 4244 bene
2772 4186 3034 4256 perﬁcere
3058 4197 3262 4256 posset,
3293 4198 3404 4242 tum
3436 4187 3657 4242 demum

2062 4288 2375 4351 praepotens
2429 4280 2519 4335 ille
2543 4279 2690 4336 Deus
2730 4280 2942 4335 viribus
2968 4277 3262 4335 destitutus
3291 4295 3414 4336 esse
3447 4279 3659 4336 videre—

2062 4379 2190 4438 tur;
2243 4372 2507 4442 quiquod
2544 4373 2893 4443 praestantius
2935 4381 3020 4429 est
3055 4372 3234 4426 moliri
3267 4373 3522 4443 cupiens,
3557 4389 3657 4428 ne-

2066 4480 2340 4536 quaquam
2372 4473 2557 4536 posset
2581 4466 2821 4537 assequi.
2860 4465 3060 4522 Verum
3087 4481 3211 4521 cum
3247 4469 3472 4538 etquod
3503 4469 3657 4539 inge-

2067 4559 2244 4611 nitum
2275 4565 2380 4623 est,
2413 4557 2616 4612 bonum
2653 4559 2746 4620 sit,
2782 4566 2836 4612 et
2867 4558 3013 4628 quod
3045 4558 3286 4628 genitum
3321 4565 3424 4623 est,
3462 4574 3564 4613 suo
3599 4559 3655 4614 in

2066 4649 2260 4704 ordine
2283 4649 2420 4706 bene
2447 4651 2518 4704 sit
2544 4650 2810 4720 genitum,
2843 4651 3102 4720 quoniam
3135 4651 3441 4722 genitarum
3467 4667 3653 4706 rerum

2065 4727 2312 4798 conditio
2365 4743 2508 4798 bona
2559 4752 2664 4809 est,
2715 4750 2769 4796 et
2818 4758 2848 4796 a
2897 4742 3040 4797 bono
3072 4741 3180 4797 Deo
3234 4742 3500 4814 profecta,
3552 4759 3654 4799 nec

2064 4835 2220 4890 aliter
2249 4834 2318 4889 ab
2347 4850 2414 4890 eo
2437 4835 2557 4906 ipso
2577 4834 2883 4905 judicatur,
2913 4849 3194 4906 nunquam
3224 4835 3313 4892 ille
3335 4835 3481 4906 quod
3511 4852 3691 4907 prae-1

2061 4931 2210 4986 clare
2236 4931 2481 5002 genitum
2511 4938 2620 4996 est,
2653 4932 2952 5002 ingenitum
2991 4929 3170 4985 facere
3198 4929 3377 4984 volet:
3409 4929 3672 5014 quando-1

2061 5022 2279 5092 quidem
2317 5022 2394 5076 ita
2444 5037 2504 5078 se
2550 5037 2662 5079 rem
2710 5022 2912 5078 habere
2945 5022 3148 5078 bonum
3189 5036 3332 5083 esse.
3376 5019 3518 5075 idem
3561 5019 3651 5075 ille

2061 5129 2384 5184 persuasum
2441 5112 2626 5169 habet.
2672 5111 3038 5180 Quamobrem
3076 5126 3199 5167 cum
3238 5109 3368 5165 boni
3402 5108 3649 5164 conditio

2060 5206 2212 5261 nullo
2248 5206 2412 5262 modo
2459 5216 2721 5272 mutetur,
2755 5223 2864 5263 non
2909 5206 3055 5276 quod
3089 5205 3142 5259 id
3180 5205 3257 5260 illi
3306 5204 3649 5274 impossibile

2060 5298 2153 5366 sit,
2205 5298 2298 5355 sed
2341 5300 2485 5372 quod
2523 5301 2660 5356 bene
2690 5299 2759 5355 ad
2804 5315 2928 5355 eum
2964 5299 3184 5353 modum
3220 5297 3520 5353 constituta
3550 5297 3644 5362 sit,

2058 5389 2236 5447 bonus
2266 5393 2450 5462 utique
2484 5391 2661 5448 iactus
2694 5407 2725 5446 a
2757 5393 2906 5447 nullo
2938 5391 3084 5447 Deus
3121 5399 3228 5457 est,
3258 5391 3401 5446 bona
3434 5390 3646 5458 itidem,

2055 5497 2178 5552 quae
2217 5483 2286 5539 ab
2321 5498 2387 5539 eo
2425 5492 2553 5539 sunt
2587 5486 2642 5539 in
2670 5483 2864 5539 ordine
2893 5499 2994 5540 suo
3029 5483 3194 5549 facta,
3236 5483 3453 5539 tametsi
3490 5483 3647 5553 inge-

2057 5573 2156 5629 niti
2204 5573 2568 5645 appellatione
2611 5581 2856 5630 careant.
2898 5573 3016 5630 Non
3062 5575 3206 5632 enim
3253 5583 3472 5632 creatos
3515 5571 3647 5629 deos
