3990 6228
335 293 434 350 551

1749 287 1806 341 S.
1851 285 2187 342 EPIPHANII

3486 282 3596 338 552

337 407 602 471 condidit,
634 417 690 462 ut
726 407 954 460 alterum
980 419 1102 458 cum
1133 405 1304 458 altero
1331 414 1706 474 comparatum
1737 406 1918 476 appel-

2025 409 2399 480 ἁκοινωνήτων
2430 408 2608 464 οὐσῶν
2625 447 2641 471 ,
2669 405 2929 461 ἀδύνατόν
2953 405 3068 458 ἐστι
3095 402 3424 471 κοινωνῆσαι
3449 400 3595 456 κατὰ

339 502 543 556 latione
575 501 690 570 ipsa
736 499 1038 566 superioris
1085 513 1250 566 supra
1300 497 1614 550 inferiorem
1641 499 1914 552 excellen.

337 596 492 659 tiam,
537 607 656 662 qua:
700 591 848 644 nulla
889 591 1247 660 appellatione
1287 588 1672 659 comprehendi
1717 595 1914 657 potest,

337 687 593 740 obscuret
629 693 684 739 et
729 683 1059 754 exstinguat.
1115 681 1249 736 Nam
1284 681 1505 737 si’Deus
1537 683 1673 735 alter
1706 697 1735 734 a
1768 681 1918 736 nullo

339 777 538 839 factus,
571 777 708 829 alter
737 774 916 830 factus
942 787 1046 839 est,
1072 789 1197 828 cum
1231 773 1378 828 nulla
1411 773 1484 827 sit
1518 774 1659 827 inter
1689 781 1918 828 naturas

336 868 670 932 communio,
711 866 824 921 ﬁeri
857 882 961 920 non
996 875 1195 936 potest,
1237 873 1296 918 ut
1333 863 1634 919 secundum
1666 874 1916 919 naturam

337 960 576 1014 nominis
625 959 771 1012 illius
815 957 1134 1027 dignitatem
1175 971 1520 1010 communem
1557 956 1774 1022 habeat,
1810 952 1918 1009 nisi

337 1052 475 1106 forte
505 1051 766 1104 abusione
801 1049 1034 1119 quadam
1089 1057 1143 1104 et
1177 1050 1373 1120 gratia,
1415 1051 1518 1104 hoc
1565 1056 1649 1104 est
1696 1049 1920 1118 partici-

338 1145 558 1216 patione
582 1143 837 1211 quadam.
865 1141 976 1194 ﬁeri
1007 1140 1243 1204 dicatur,
1275 1148 1332 1193 ut
1355 1139 1626 1208 ejusmodi
1655 1141 1920 1195 beneﬁcio

341 1235 655 1290 inferiorem
683 1234 836 1288 dives
867 1233 1083 1289 alliciat.
1112 1232 1248 1287 Nam
1287 1234 1376 1288 ille
1399 1233 1617 1303 quidem
1653 1235 1757 1289 sibi
1782 1250 1921 1288 nun-

339 1343 500 1398 quam
531 1327 830 1396 superioris
855 1341 1050 1381 nomen
1078 1325 1416 1394 imposuerit,
1447 1333 1505 1378 nt
1530 1327 1624 1396 qui
1655 1341 1714 1382 se
1735 1327 1804 1381 ab
1829 1328 1918 1380 illa

336 1430 546 1476 naturae
597 1420 861 1489 dignitate
907 1418 1378 1488 appellationeque
1424 1417 1662 1473 alienum
1694 1433 1920 1488 prorsus

334 1514 624 1582 intelligat.
662 1511 804 1565 Sane
829 1509 984 1575 illud,
1015 1525 1048 1564 ο
1081 1509 1224 1572 Acti,
1256 1510 1453 1564 merito
1476 1509 1573 1563 tibi
1597 1509 1796 1580 aliquis
1816 1509 1918 1563 ob-

331 1607 560 1676 iecerit:
619 1603 760 1657 Deus
787 1611 902 1657 erat
933 1601 1196 1656 Verbum‘
1219 1642 1234 1667 ,
1279 1615 1457 1670 neque
1489 1597 1726 1654 Verbum
1774 1598 1919 1654 Deus

335 1701 538 1753 factum
558 1706 660 1752 est.
680 1693 912 1761 Quinam
937 1708 1069 1748 vero
1086 1692 1480 1747 nobilissimam
1506 1691 1916 1761 appellationem

2018 501 2178 570 φύσιν
2204 502 2282 572 τῷ
2312 502 2406 556 τοῦ
2435 503 2698 574 ὀνόματος
2726 499 3017 571 ἀξιώματι,
3051 496 3166 550 ἀλλ’
3201 498 3249 549 εἰ
3287 495 3395 567 ἄρα
3425 509 3598 548 κατα-

2017 598 2282 667 χρηστικῇ
2308 612 2413 649 τινι
2442 595 2649 666 χάριτι,
2671 593 2766 647 καὶ
2793 591 2924 645 αὐτὸ
2951 592 3092 645 κατὰ
3121 586 3474 659 σνμμετοχὴν
3502 583 3600 638 τοῦ

2017 686 2270 739 πλουσίου
2316 685 2674 758 χαριζομένου
2715 684 2793 755 τῷ
2831 684 3040 754 ἦσσονι.
3078 682 3138 735 '0
3175 680 3232 733 δὲ
3275 680 3462 750 ἥσσων
3496 676 3604 730 οὐκ

2017 777 2082 832 ἄν
2111 795 2239 830 ποτε
2273 780 2354 841 εἰς
2393 777 2454 830 τὸ
2481 775 2575 830 τοῦ
2609 777 2852 848 μείζονος
2895 774 3068 843 ὄνομα
3100 771 3292 825 ἑαυτὸν
3320 768 3600 832 καλέσειε,

2019 869 2334 923 παντάπασι
2354 867 2641 937 γινώσκων
2663 867 2943 937 ἀλλότριον
2965 864 3160 919 ἑαυτὸν
3184 863 3316 916 ὄντα
3339 860 3435 914 τοῦ
3452 858 3602 912 κατὰ

2019 961 2178 1031 φύσιν
2210 959 2518 1033 ἀξιώματός
2549 978 2608 1013 τε
2642 961 2736 1014 καί
2769 959 3052 1029 ὀνόματος.
3093 955 3279 1022 Λέξειε
3329 954 3374 1007 δ’
3413 953 3480 1008 ἄν
3516 951 3603 1014 τίς

2021 1072 2124 1118 σοι,
2149 1047 2192 1106 ὧ
2223 1054 2412 1117 Ἀέτιε,
2444 1053 2524 1114 τὸ,
2552 1052 2695 1118 Θεὸς
2722 1048 2799 1121 ἦν
2828 1053 2860 1104 ό
2881 1050 3072 1120 Λόγος
3091 1064 3105 1078 ³
3142 1047 3239 1100 καὶ
3255 1046 3355 1098 οὐκ
3385 1043 3606 1112 ἐγένετο

2018 1148 2152 1210 Θεὸς
2169 1149 2196 1200 ὁ
2219 1131 2408 1214 Λόγος.
2423 1146 2548 1208 Πῶς
2571 1144 2682 1208 ἕξει
2708 1145 2769 1197 τὸ
2798 1143 2938 1197 κατὰ
2963 1142 3124 1210 φύσιν
3153 1140 3252 1209 τῆς
3275 1135 3559 1205 εὐγενείας
3579 1133 3603 1166 ⁸

2019 1239 2209 1309 ὄνομα,
2245 1237 2278 1308 ἦ
2314 1238 2431 1300 πῶς
2467 1235 2814 1307 ἰσωθήσεται,
2846 1235 3005 1304 εἴπερ
3049 1250 3102 1286 τι
3146 1231 3337 1300 γέγονε
3385 1227 3465 1298 τῷ
3506 1224 3604 1279 τοῦ

2020 1330 2258 1402 Χριστοῦ
2282 1328 2554 1399 ἀξιώματι
2571 1345 2584 1394 ;
2607 1329 2677 1381 Ἦ
2694 1327 2812 1389 πῶς
2826 1327 2906 1392 τὸ,
2933 1326 3078 1391 Θεὸς
3092 1320 3191 1395 ἦν,
3207 1321 3602 1390 ὲκκοπήσεται,

2019 1422 2210 1494 χρόνου
2230 1423 2303 1492 μὴ
2332 1421 2714 1492 ἐπιδεχομένου
2727 1419 2821 1473 τοῦ
2846 1415 2924 1490 ἦν
2953 1419 3217 1490 διαίρεσιν
3240 1411 3603 1486 ἐργάσασθαι,

2020 1512 2125 1566 κᾶν
2148 1513 2205 1565 ὲν
2231 1512 2308 1582 τῷ
2337 1512 2586 1582 τυχόντι;
2625 1510 2817 1584 Γνώσῃ
2855 1512 2932 1574 δὲ,
2961 1511 3041 1564 ὅτι
3072 1509 3306 1579 ἄναρχος
3318 1505 3473 1568 Θεὸς,
3500 1503 3600 1556 καὶ

2020 1603 2313 1673 ἁγέννητος
2330 1603 2463 1669 Θεὸς
2484 1603 2772 1674 ἐγέννησεν
2786 1603 2842 1670 ἐξ
2861 1601 3027 1656 αὐτοῦ
3049 1600 3179 1654 Θεὸν
3194 1601 3378 1670 ὅμοιον
3398 1593 3604 1665 ἑαυτῷ,

2020 1697 2082 1750 οὐ
2111 1697 2290 1766 μόνον,
2307 1695 2443 1750 ἀλλὰ
2462 1695 2557 1749 καὶ
2581 1696 2695 1748 ἴσον
2723 1695 2865 1748 κατὰ
2895 1694 3093 1748 πάντα.
3115 1692 3227 1745 Καὶ
3243 1691 3345 1744 οὐκ
3362 1689 3603 1751 ἔκτισεν,

333 1800 528 1844 natura
563 1789 665 1844 sibi
699 1781 1021 1852 vindicabit,
1053 1795 1148 1839 aut
1169 1785 1476 1854 aequabitur
1505 1779 1675 1845 Patri,
1709 1785 1753 1839 si
1783 1783 1912 1852 quid

2025 1790 2102 1843 ἵνα
2149 1787 2252 1859 μὴ,
2285 1788 2537 1859 ἀνόμοιος
2578 1788 2607 1841 ὁ
2645 1786 2887 1862 κτισβείς
2917 1785 3228 1856 γενόμενος,
3256 1782 3496 1852 ἀφανίσῃ
3545 1778 3606 1832 τὸ

333 1883 400 1938 ad
433 1882 634 1938 Christi
682 1880 1004 1951 dignitatem
1052 1876 1395 1932 accesserit?
1434 1875 1597 1946 935
1646 1877 1751 1930 Aut
1780 1875 1914 1929 illud

2025 1880 2110 1933 τοῦ
2136 1880 2280 1948 Θεὸς
2306 1879 2477 1950 ὄνομα
2505 1879 2591 1933 διὰ
2615 1878 2714 1951 τῆς
2741 1877 3075 1940 διαστάσεως
3102 1875 3200 1948 τῆς
3221 1873 3604 1947 παραλλαγῆς.

332 1988 565 2043 quanam
598 1973 809 2026 ratione
839 1970 1112 2038 amputari
1157 1969 1376 2039 poterit,
1437 1969 1575 2022 Deus
1617 1977 1753 2028 erat,
1788 1981 1913 2022 cum

2028 1972 2310 2026 Ἀδύνατον
2352 1973 2462 2045 γὰρ
2509 1971 2601 2026 τὸν
2653 1969 2928 2040 γεννῶντα
2981 1969 3234 2040 ἀνόμοιον
3277 1967 3373 2020 καὶ
3421 1965 3608 2018 ἄνοσον

331 2081 456 2126 vox,
473 2073 609 2125 erat,
633 2063 840 2117 nullum
867 2062 947 2116 vel
962 2061 1293 2116 levissimam
1313 2061 1571 2130 temporis
1591 2060 1912 2115 divisionem

2025 2063 2208 2134 γεννᾷν
2248 2061 2464 2127 ἑαυτοῦ,
2499 2062 2593 2115 καί.
2623 2062 2714 2116 τὸν
2743 2060 3141 2132 γεγεννημένον
3169 2058 3423 2128 ἀνόμοιον
3461 2051 3606 2109 εἶναι

335 2155 634 2210 admittat?
665 2153 899 2208 Proinde
919 2155 1063 2208 scire
1089 2163 1143 2208 te
1175 2153 1308 2208 illud
1339 2160 1576 2223 Oportet,
1613 2152 1778 2207 Deum
1809 2152 1918 2206 ini-

2025 2150 2107 2204 τοῦ
2144 2151 2559 2222 γεγεννηκότος.
2583 2149 2674 2204 Διὸ
2708 2145 2944 2204 ἐνταῦθα
2971 2148 3328 2220 περιλήψεται
3352 2146 3456 2216 τῆς
3475 2161 3607 2198 ταυ·

335 2249 411 2301 tio
437 2254 735 2311 carentem,
770 2253 824 2300 et
855 2259 884 2297 a
924 2244 1075 2298 nullo
1111 2243 1313 2299 factum
1343 2244 1576 2300 similem
1604 2243 1708 2298 sibi
1741 2244 1909 2298 Deum

2025 2239 2236 2312 τότητος
2277 2241 2338 2294 τὸ
2384 2241 2527 2295 κατὰ
2569 2241 2732 2311 φύσιν
2778 2241 2837 2308 ἐξ
2871 2239 3235 2309 εὐαηελικῆς
3273 2237 3604 2309 μαρτυρίας,

330 2356 360 2392 a
410 2339 591 2408 seipse
634 2337 892 2406 genuisse
951 2333 1196 2405 adeoque
1231 2335 1288 2388 in
1338 2334 1596 2389 omnibus
1623 2332 1909 2403 aequalem.

330 2430 500 2496 Quem
529 2427 748 2498 quidem
783 2427 1006 2481 minime
1033 2441 1252 2481 creasse
1275 2425 1498 2490 dicitur,
1519 2441 1608 2492 ne,
1629 2424 1674 2481 si
1692 2431 1912 2479 creatus

329 2528 478 2574 esset
523 2519 754 2589 ideoque
818 2517 1102 2574 dissimilis
1142 2516 1304 2582 foret,
1355 2516 1695 2582 diversitate,
1735 2515 1915 2571 varie-

330 2619 553 2681 taleque
607 2625 707 2665 sua
765 2608 860 2666 Dei
913 2607 1330 2679 appellationem
1375 2623 1406 2662 e
1449 2606 1628 2661 medio
1676 2605 1909 2660 tolleret.

331 2703 546 2758 Etenim
572 2701 687 2758 ﬁeri
721 2716 828 2756 non
867 2708 1069 2772 potest,
1111 2707 1171 2754 ut
1208 2701 1300 2770 qui
1328 2706 1552 2770 generat
1591 2697 1912 2753 dissimilem

332 2795 418 2850 sui
476 2792 911 2864 inmqualemque
944 2791 1233 2862 producat,
1267 2797 1362 2844 aut
1407 2797 1467 2842 ut
1509 2788 1730 2859 genitus
1754 2803 1915 2858 geneo

333 2885 505 2941 rantis
540 2887 611 2941 sit
641 2883 950 2940 dissimiiis.
989 2881 1258 2949 Quocirca
1289 2881 1594 2936 naturalem
1627 2879 1915 2950 utriusque

332 2978 670 3032 identitatem
717 2977 913 3032 retinet
959 2974 1036 3039 id,
1079 2974 1224 3045 quod
1255 2972 1569 3043 evangelica
1602 2973 1914 3028 testimonio

2015 2333 2100 2386 ὃτι
2120 2331 2324 2386 Πάντα
2351 2333 2425 2385 τὰ
2447 2331 2552 2388 τοῦ
2583 2332 2814 2401 Πατρός
2836 2331 2949 2401 ἐμά
2978 2333 3132 2400 ἐστι,
3161 2331 3440 2384 τουτέστι·
3472 2327 3606 2391 Θεὸς

2018 2425 2048 2477 ό
2079 2423 2304 2495 Πατὴρ,
2344 2422 2475 2486 Θεὸς
2507 2422 2620 2492 ἐγώ
2645 2437 2662 2453 ⁸
2706 2421 2818 2492 ζωὴ
2851 2423 2881 2475 ό
2913 2423 3102 2494 Πατὴρ
3127 2463 3144 2488 ,
3178 2418 3294 2493 ζωὴ
3330 2418 3470 2489 ὲγὼο
3511 2419 3611 2472 καὶ

2017 2515 2087 2570 τὰ
2107 2515 2258 2585 ἑξῆς,
2278 2516 2458 2570 πάντα
2485 2515 2586 2568 ὅσα
2606 2513 2809 2586 πρέπει
2836 2515 3032 2586 Πατρί,
3061 2513 3156 2567 καὶ
3185 2511 3320 2583 Υἱῷ,
3343 2513 3436 2565 καὶ
3463 2511 3605 2581 ἁγίῳ

2019 2607 2298 2678 Πνεύματι
2343 2608 2401 2660 ὲν
2438 2607 2539 2676 μιᾷ
2577 2605 2827 2676 θεότητι,
2863 2605 3030 2677 μηδὲν
3080 2605 3178 2677 τῆς
3208 2605 3440 2676 Τριὰδος
3466 2620 3609 2674 παρ-

2019 2696 2360 2768 ηλλαγμένον
2426 2696 2688 2767 ἐχούσης·
2763 2695 2951 2766 σαφῶς
3003 2698 3136 2766 ἡμῖν
3194 2694 3450 2768 άνάρχως
3513 2694 3610 2746 καὶ

2018 2793 2263 2865 ἀχρόνως
2293 2793 2388 2847 τοῦ
2410 2792 2776 2847 ὲνυποστάτου
2809 2792 2984 2862 Λόγου
3015 2789 3108 2845 τοῦ
3133 2790 3370 2862 Πατρὸς,
3393 2789 3495 2843 καί-
3511 2787 3608 2842 τοῦ

2018 2884 2386 2939 ὲνυποστάτου
2434 2883 2753 2954 Πνεύματος
2791 2883 2885 2937 τοῦ
2933 2884 3089 2954 ἁγίου
3119 2885 3184 2936 ἐκ
3217 2882 3432 2954 Πατρὸς
3457 2921 3472 2945 ,
3513 2880 3609 2934 καὶ

2016 2975 2109 3028 τὸν
2143 2976 2238 3030 τοῦ
2269 2976 2422 3042 Υἰοῦ,
2477 2975 2636 3049 ἡμῶν
2667 2977 2726 3029 ὲν
2775 2975 2976 3046 γνώσει
3032 2975 3216 3046 τελείᾳ
3264 2973 3609 3047 ἠσφαλισμέ-

331 3072 528 3133 lertur,
565 3071 617 3124 in
651 3085 761 3141 quo
788 3070 862 3123 ita
893 3069 1158 3138 scriptum
1189 3075 1274 3122 est
1300 3084 1312 3121 :
1357 3064 1551 3121 Omnia
1579 3081 1696 3136 quae
1725 3064 1910 3120 Patris
1940 3061 1983 3124 C
2013 3084 2128 3123 νου.

329 3170 452 3214 sunt
487 3177 602 3214 mea
630 3163 812 3224 sunt‘,
845 3159 950 3214 hoc
982 3168 1087 3224 est,
1118 3158 1258 3213 Deus
1283 3166 1368 3214 est
1391 3157 1570 3224 Pater,
1599 3172 1701 3226 ego
1740 3157 1925 3213 itidem
2001 3157 2181 3225 Deus;
2242 3159 2354 3213 vita
2389 3170 2475 3215 est
2529 3158 2710 3226 Pater,
2763 3173 2864 3230 ego
2905 3159 3068 3214 etiam
3113 3157 3258 3222 vita;
3304 3165 3359 3212 et
3412 3164 3609 3212 ρατιονε

329 3251 493 3308 omni.
567 3266 688 3320 quae
715 3249 885 3316 Patri,
926 3249 1065 3303 Filio
1091 3258 1143 3304 et
1167 3248 1394 3320 Spiritui
1423 3259 1615 3304 sancto
1640 3249 1694 3302 in
1732 3264 1841 3302 una
1872 3249 2158 3305 divinitate
2186 3251 2540 3319 conveniunt,
2573 3267 2697 3306 cum
2734 3251 2868 3304 nihil
2903 3251 2977 3306 sit
3025 3252 3080 3305 in
3108 3248 3382 3304 Triuitate
3435 3249 3609 3303 diver-

331 3355 539 3405 sum,a.
579 3341 866 3396 manifeste
887 3341 1048 3396 nobis
1076 3341 1430 3396 subsistentis
1455 3341 1577 3396 sine
1609 3340 1721 3394 ullo
1749 3340 1906 3395 initio
1965 3355 2029 3395 ac
2074 3349 2339 3412 tempore,
2375 3343 2586 3413 paterni
2631 3341 2794 3397 Verbi
2849 3358 2912 3397 ac
2941 3341 3192 3398 similiter
3251 3340 3609 3396 subsistentia

332 3433 570 3503 Spiritus
618 3433 834 3498 sancti,
887 3433 984 3502 qui
1059 3447 1127 3487 ex
1177 3431 1340 3488 Patre
1395 3430 1632 3504 Filiique
1696 3433 1936 3503 propriis
1986 3435 2185 3500 oritur,
2236 3435 2479 3505 perfecta
2533 3435 2694 3508 nobis
2748 3435 2932 3489 oblata
2990 3435 3233 3506 cognitio
3311 3434 3387 3489 sit
3445 3442 3611 3504 atque

333 3525 482 3580 omni
515 3523 728 3579 ratione
757 3523 995 3577 ﬁrmata.

851 3634 1032 3690 ΔΕΤΙΙ
1073 3635 1302 3692 CAPUT
1331 3635 1394 3692 ll.

405 3726 464 3780 Si
510 3723 823 3796 unigenitus
855 3725 999 3780 Dens
1030 3741 1197 3782 causa
1245 3734 1330 3782 est
1367 3727 1516 3782 omni
1551 3728 1921 3798 praestantior,

333 3819 438 3875 erit
459 3819 620 3873 etiam
652 3818 1006 3888 generatione
1028 3819 1146 3888 ipsa
1171 3820 1538 3888 prmstantior.
1574 3821 1653 3882 Si,
1679 3822 1921 3890 inquam,

333 3908 518 3964 causis
559 3908 819 3964 omnibus
851 3908 1181 3974 :anteeellit,
1234 3911 1575 3979 generationi
1629 3911 1923 3966 identidem

335 4000 643 4055 antecellet.
678 3999 864 4068 Neque
890 3999 1036 4053 enim
1061 4007 1156 4053 aut
1179 3999 1248 4053 ab
1271 4001 1439 4055 altera
1464 4012 1659 4057 natura
1694 4010 1753 4057 ut
1778 4009 1924 4059 esset

334 4093 566 4165 accepit,
602 4100 696 4148 aut
726 4092 859 4147 illud
892 4092 1009 4162 ipse
1046 4091 1150 4148 sibi
1182 4093 1437 4146 contulit.

917 4207 1230 4278 Confutalio
1259 4206 1346 4262 II.
1369 4277 1387 4295 \

407 4297 465 4352 Si
507 4298 784 4368 ingenitus
811 4311 980 4353 causa
1010 4306 1095 4353 est
1123 4299 1271 4352 omni
1309 4299 1676 4369 praestantior,
1708 4299 1775 4354 ab
1802 4301 1922 4369 ipso

335 4404 501 4459 porro
529 4390 744 4460 genitus
772 4389 917 4442 haud
949 4390 1047 4462 illo,
1065 4389 1230 4459 digne
1254 4391 1468 4459 genitus
1481 4400 1584 4453 est,
1609 4406 1711 4446 nec
1738 4406 1921 4462 aequa-

2411 3636 2666 3690 ΑΕΤΙΟΥ
2704 3637 3099 3690 ΚΕΦΔΛᾹΙΟΝ
3140 3637 3216 3692 B'.

2095 3727 2158 3779 Εἰ
2208 3725 2390 3796 πάσης
2436 3726 2616 3789 αἰτίας
2663 3727 2927 3798 κρείττων
2960 3727 3194 3799 ὑπάρχει
3237 3730 3266 3782 ό
3315 3730 3611 3803 ἀγέννητὸς

2023 3816 2176 3881 Θεὸς,
2204 3815 2293 3870 διὰ
2325 3816 2480 3870 τοῦτο
2511 3817 2605 3869 καὶ
2637 3818 2905 3886 γενέσεως
2938 3820 3201 3890 κρείττων
3231 3821 3298 3876 ἂν
3328 3825 3435 3896 εἴη.
3461 3826 3525 3877 Εἰ
3550 3825 3608 3878 δι

2024 3909 2289 3979 κρείττων
2322 3909 2441 3962 ἐστὶ
2466 3909 2648 3980 πάσης
2675 3910 2855 3974 αἰτίας
2873 3949 2888 3974 ,
2920 3911 3163 3982 δηλονότι
3192 3915 3288 3967 καὶ
3316 3917 3604 3983 γενέσεως.

2024 3999 2162 4053 Οὔτε
2195 3999 2305 4070 γὰρ
2333 4003 2464 4072 παρ’
2500 4002 2693 4074 ἑτέρας
2723 4002 2938 4072 φύσεως
2968 4004 3159 4076 εἴληφε
3199 4006 3260 4060 τὸ
3292 4003 3454 4074 εἶναι,
3482 4009 3606 4062 οὔτε

2023 4091 2187 4156 αὐτὸς
2215 4091 2394 4164 ἐαυτῷ
2423 4093 2485 4146 τὸ
2518 4090 2657 4147 εἶναι
2689 4095 2953 4166 παρέσχε.

2605 4205 2926 4275 Ἆνατροπὴ
2969 4209 3048 4260 B’.

2092 4316 2157 4369 Εἰ
2203 4315 2384 4387 πάσης
2433 4316 2612 4380 αἰτίας
2657 4317 2923 4388 κρείττων
2977 4318 3209 4390 ὑπάρχει
3244 4320 3274 4372 ὁ
3315 4321 3607 4392 ἀγέννητος

2022 4403 2175 4470 Θεὸς,
2210 4407 2239 4458 ό
2268 4405 2325 4459 δὲ
2362 4406 2618 4476 γεννητὸς
2653 4406 2712 4472 ἐξ
2760 4407 2926 4461 αὐτοῦ
2961 4408 3190 4473 ἀναξίως
3221 4411 3387 4463 αὑτοῦ
3413 4413 3604 4480 γεγέν-

337 4479 428 4540 lis,
463 4486 517 4531 et
546 4485 727 4531 tamen
759 4478 1042 4532 excellenti
1077 4478 1166 4531 illa
1196 4478 1376 4534 Patris
1402 4481 1765 4550 appellatione
1791 4496 1919 4535 con-

2025 4513 2201 4567 νηται,
2243 4497 2338 4550 καὶ
2367 4499 2428 4551 οὐ
2460 4501 2579 4554 κατ’
2638 4499 2858 4570 ἰσότητα
2907 4501 3002 4555 καὶ
3041 4503 3099 4553 ὲν
3145 4502 3224 4570 τῷ
3255 4503 3349 4555 τοῦ
3395 4478 3605 4576 Harpe;

338 4571 578 4628 tinetur,
628 4583 896 4622 summam
933 4569 1163 4638 genitori
1193 4570 1410 4640 genitus
1445 4572 1797 4643 ignominiam
1837 4573 1920 4627 af-

340 4662 466 4721 fert,
498 4659 591 4728 qui
625 4657 870 4723 alterius,
900 4674 1060 4728 quam
1087 4669 1284 4714 creatae
1316 4676 1402 4716 res
1433 4670 1662 4728 caeterze,
1688 4665 1922 4720 nominis

339 4750 607 4821 dignitate
643 4748 898 4820 gaudeat,
935 4766 1110 4820 neque
1140 4759 1198 4804 ut
1231 4759 1426 4806 caetera
1458 4753 1570 4817 illa,
1608 4769 1729 4823 qua:
1780 4753 1922 4809 facta

341 4847 490 4899 sunt,
536 4839 808 4893 conditori
844 4854 943 4893 suo
974 4841 1178 4894 cultum
1230 4848 1283 4895 et
1329 4841 1594 4896 honoren
1642 4843 1921 4900 adhibeat.

341 4929 474 4986 Nam
507 4931 612 4983 alia
649 4930 892 5000 quidem,
929 4946 1049 5000 qua:
1092 4939 1249 4986 extra
1281 4931 1433 4987 illum
1466 4942 1616 4998 sunt,
1651 4935 1923 4991 conditori

283 5081 285 5084 ς
341 5039 444 5078 suo
489 5022 659 5079 decus
713 5023 1388 5094 honoremqnetribuuut;
1441 5029 1528 5082 cui
1565 5043 1664 5084 nec
1698 5030 1928 5100 mqualia

343 5122 492 5183 sunt,
540 5131 641 5171 nec
678 5115 868 5171 eadem
902 5131 1027 5170 cum
1069 5118 1163 5174 illo
1209 5105 1582 5190 appellatione.
1607 5133 1927 5190 censentur,

346 5203 443 5258 sed
489 5206 706 5262 servilis
756 5206 1090 5261 conditionis
1130 5217 1290 5273 sunt,
1340 5219 1502 5282 atque
1549 5215 1615 5268 ad
1653 5216 1929 5271 Creatoris

348 5296 573 5364 gloriam
611 5299 907 5368 producta:
940 5315 1049 5370 quo
1080 5300 1337 5356 nimirum
1369 5320 1436 5360 ex
1460 5305 1766 5362 illustribus
1797 5307 1926 5370 illis,

349 5394 403 5440 et
435 5389 666 5459 egregiis
697 5389 817 5459 ejus
844 5391 937 5460 qui
971 5390 1279 5447 illustribus
1315 5393 1467 5451 hisce
1494 5397 1659 5453 rebus
1690 5398 1929 5455 conditis

351 5481 601 5549 superior
641 5490 760 5548 est,
796 5482 1116 5553 dignitatem
1177 5487 1664 5559 excellentiamque
1700 5506 1932 5560 propor-

351 5570 500 5624 tione
539 5573 777 5641 quadam
820 5578 1276 5646 contemplemur.
1316 5578 1480 5651 936
1513 5582 1582 5635 At
1607 5597 1737 5636 vero
1767 5583 1926 5651 alter,

431 5681 445 5711 '
473 5679 633 5737 Joan.
664 5698 704 5746 ι.
740 5685 791 5738 l.
885 5687 905 5716 ⁸
935 5685 1094 5742 Joan.
1126 5707 1240 5762 xvr,
1272 5692 1353 5746 15.
1433 5692 1453 5724 ³
1480 5710 1569 5762 no.
1603 5694 1875 5762 ἀγενείοις.

2027 4586 2337 4658 προκριτέῳ
2393 4587 2614 4658 ὀνόματι
2683 4589 2948 4660 ἕστηκεν⁸
3012 4591 3235 4661 ἀτιμίαν
3285 4592 3362 4663 τῷ
3416 4611 3602 4664 γεγεν-

2026 4679 2212 4749 νηκότι
2258 4679 2318 4731 τὸ
2361 4679 2609 4751 γέννημα
2659 4684 3058 4752 περιποιεῖται,
3108 4683 3296 4755 ἐτέρου
3345 4686 3608 4756 ὀνόματος

2029 4769 2179 4838 παρὰ
2211 4769 2278 4823 τὰ
2307 4771 2567 4838 γεγονότα
2598 4771 2875 4840 κτίσματα
2905 4771 3026 4842 ἔχον
3051 4773 3110 4826 τὸ
3149 4774 3386 4844 ἀξίωμα,
3425 4781 3517 4830 καί
3544 4780 3603 4830 οὺ

2029 4859 2167 4912 κατὰ
2203 4859 2272 4912 τὰ
2307 4860 2570 4928 γεγονότα
2603 4861 2700 4932 τὴν
2751 4863 2915 4933 τιμὴν
2966 4865 3044 4934 τῷ
3080 4869 3404 4937 πεποιηκότι
3453 4887 3608 4941 περι-

2029 4950 2370 5021 ποιούμενον.
2434 4951 2516 5004 Τὰ
2576 4953 2674 5023 μὲν
2722 4953 2830 5024 γὰρ
2891 4956 3046 5019 ἐκτὸς
3104 4957 3268 5009 αὐτοῦ
3314 4959 3472 5026 δόξαν
3531 4959 3608 5030 τῷ

2025 5044 2301 5097 κεκτικότι
2329 5048 2715 5115 περιποιεῖται,
2745 5049 2844 5100 οὐκ
2865 5048 2993 5101 ὅντα
3020 5051 3109 5102 ῐσα
3132 5050 3210 5122 τῷ
3247 5054 3607 5124 πεποιηκότι,

2024 5133 2146 5188 οὐδὲ
2162 5134 2384 5205 ὀνόματι
2409 5136 2504 5190 τοῦ
2533 5138 2892 5208 πεποιηκότος
2919 5140 3227 5214 καλούμενα
3245 5186 3260 5209 ,
3286 5145 3422 5200 ἀλλὰ
3449 5147 3609 5204 δοῦλα

2026 5224 2294 5295 γενόμενα
2345 5229 2425 5290 εἰς
2470 5229 2626 5295 δόξαν
2669 5229 2760 5283 τοῦ
2812 5234 3205 5303 πεποιηκότος,
3237 5237 3326 5290 ἵνα
3353 5239 3464 5291 άπὸ
3501 5239 3607 5292 τῶν

2027 5315 2253 5382 ἐνδόξων
2288 5318 2352 5370 ὲκ
2389 5318 2496 5371 τῶν
2532 5321 2671 5392 ὑπὲρ
2707 5321 2775 5374 τά
2802 5322 2986 5388 ἔνδοξα
3010 5327 3270 5396 γεγονότα
3298 5329 3358 5383 τὸ
3384 5349 3608 5402 προκρι-

2027 5407 2169 5474 τέον,
2218 5410 2310 5463 καὶ
2348 5410 2489 5480 ὑπὲρ
2523 5412 2663 5466 αὐτὰ
2702 5413 2762 5469 ὃν
2816 5415 3096 5485 ἀναλόγως
3142 5418 3444 5492 θεωρῆται·
3489 5426 3517 5477 ό
3549 5423 3606 5477 δὲ

2024 5498 2205 5552 οὐκέτι
2253 5502 2320 5571 τῇ
2365 5500 2571 5557 τούτων
2617 5504 2883 5578 ὀνομασίᾳ
2933 5508 3399 5581 κικλησκόμενος,
3450 5515 3513 5584 τῇ
3549 5512 3608 5566 δὲ

2027 5594 2356 5664 προκριτέου
2381 5596 2756 5669 ὁιιοουσιότητι
2795 5600 2860 5653 ὲκ
2893 5599 2985 5654 τοῦ
3013 5601 3270 5673 τετάχθαι
3297 5605 3606 5677 συνηνωμέ-
