3990 6228
278 354 389 415 653

876 363 1238 423 ADVERSUS
1277 368 1616 429 II/ERESES
1653 373 1780 431 LIB.

1911 425 1913 433 .
1957 378 2117 445 TOM.
2163 381 2200 437 Ι.
2244 415 2313 427 -
2350 387 2619 446 ΙΙιιΕῐῖΕδ.
2662 395 2895 451 LXXVI.

3398 409 3505 465 554

259 490 377 536 νως
418 473 556 544 ἔχων
583 473 642 527 τὸ
667 473 880 546 ἀξίωμα
900 517 915 542 ,
944 480 992 532 εξ
1019 478 1208 533 διοίσει
1246 482 1342 535 τοῦ
1372 489 1698 556 προκριτέου
1736 490 1804 560 τὴ

1939 494 2029 562 qui
2064 511 2161 550 nee
2191 502 2464 555 communi
2513 514 2831 580 czeterorum
2861 511 3221 580 appellatione
3256 522 3503 575 contine-

257 563 637 634 παραλλαγὴν,
672 566 765 617 καὶ
793 566 869 635 τῷ
895 569 1203 639 προκριτέῳ
1240 570 1456 626 ἔλαττον
1490 575 1707 647 ἀξίωμα
1740 596 1835 631 πεο

259 653 627 723 ριποιήσεται,
653 652 1101 727 διαλλαττομένης
1128 659 1227 729 τῆς
1249 661 1391 714 κατὰ
1429 662 1489 715 τὸ
1512 666 1836 736 προκριτέον

254 742 357 795 τοῦ
391 743 729 813 γεννήματος
757 747 1153 811 ὲπικοινωνίας.
1189 750 1281 803 Διὸ
1306 753 1490 822 ὅμοιος
1527 755 1587 820 ἐξ
1622 757 1831 825 ὁμοίου,

206 890 211 902 ,
256 835 356 886 καὶ
384 834 497 897 ἴσος
525 834 584 901 ἐξ
626 834 741 887 ἴσου
763 837 893 906 ἡμῖν
918 839 946 891 ὁ
972 838 1215 908 βλαστὸς,
1248 843 1350 895 οὐκ
1378 844 1485 897 ἀπὺ
1516 849 1834 917 σωματικῆς

254 925 472 989 ἐννοίας
488 930 553 998 τῇ
578 928 754 981 πίστει
774 929 1150 1001 κατείληπται,
1182 933 1296 987 ἀλλ’
1331 934 1405 998 ὡς
1440 936 1571 1000 Θεὸς
1590 939 1654 991 ἐκ
1676 940 1831 1005 Θεοῦ,

252 1014 377 1082 φῶς
410 1018 475 1069 ὲκ
501 1017 698 1086 φωτὸς,
746 1020 839 1071 καὶ
875 1020 1046 1088 Λόγος
1075 1023 1286 1094 Πατρὸς
1320 1026 1702 1094 ὲνυπόστατος,
1728 1048 1833 1085 σω-

252 1108 493 1179 ζομένης
524 1109 625 1178 τῆς
655 1111 988 1180 ἀμεταθέτου
1025 1112 1118 1166 τοῦ
1169 1118 1495 1187 προκριτέον
1543 1120 1702 1192 δόξης
1724 1162 1738 1184 ,
1772 1124 1830 1177 ὲν

248 1198 332 1268 τῷ
361 1199 423 1252 τὸ
469 1201 790 1271 προκριτέον
828 1203 929 1256 οὐκ
966 1206 1098 1258 αὐτὸ
1131 1206 1325 1261 ἑαυτοῦ
1360 1211 1551 1276 αἴτιον,
1583 1214 1697 1266 ἀλλ’
1734 1217 1827 1270 ἀπ’

251 1288 423 1341 αὐτοῦ
463 1290 524 1343 τὸ
556 1291 668 1344 ἴσον
694 1293 896 1360 γεννῶν
934 1295 1187 1366 ἀχράντῳ
1218 1299 1311 1350 καὶ
1340 1301 1702 1375 ἀκαταλήπτῳ
1734 1306 1795 1358 ού
1815 1338 1828 1347 -

252 1380 347 1450 σίᾳ
370 1422 384 1445 ,
420 1382 721 1451 ὁμοουσίως
753 1384 812 1436 τὸ
837 1384 1090 1449 οὐσιῶδες
1130 1389 1223 1441 καὶ
1268 1389 1630 1446 ὲνυπόστατον
1684 1394 1826 1450 θεῖον

248 1472 500 1541 γέννημα
520 1489 535 1503 ’
572 1467 742 1545 οὗπερ
769 1473 931 1528 εἰκών
973 1477 1121 1529 ἐστιν
1162 1480 1262 1532 οὐκ
1289 1479 1513 1551 ἄψυχος,
1543 1484 1678 1538 ἀλλὰ
1714 1486 1825 1540 Hac

246 1559 379 1629 τρὸς
416 1564 889 1635 χαρακτηρίζουσα
916 1567 1089 1634 γένος,
1121 1568 1197 1633 ὥς
1239 1588 1370 1642 φησι
1397 1575 1430 1644 ἡ
1463 1573 1581 1627 θεία
1610 1578 1650 1628 Γ
1657 1577 1820 1650 ραφὴν

247 1651 345 1702 ἐπὶ
370 1654 436 1722 τῇ
472 1653 676 1724 ἰσότητι
706 1654 798 1709 τοῦ
822 1658 1142 1729 γεννήτορος
1171 1660 1230 1713 τὸ
1261 1662 1505 1734 γέννημα
1531 1667 1818 1735 τάττουσα,

245 1741 473 1805 Εὶκὼν,
505 1745 784 1814 φάσκουσα
807 1789 823 1813 ,
858 1748 963 1802 τοῦ
994 1750 1249 1818 ἀοράτου
1283 1755 1449 1809 Θεοῦ.
1478 1758 1584 1811 Καὶ
1619 1760 1704 1812 ἵνα
1744 1764 1817 1833 μή

241 1846 332 1893 τις
356 1833 553 1904 νομίσῃ
577 1833 834 1905 διάφορον
865 1832 1117 1910 εἶναιτὴν
1147 1842 1329 1894 εἰκόνα
1354 1847 1452 1914 τῆς
1473 1832 1817 1918 ταυτότητος,
1854 1837 1892 1895 Β

243 1919 411 1984 αὐτὸς
444 1923 472 1974 ὁ
501 1925 688 1996 Πατὴρ
712 1964 727 1989 ,
775 1925 873 1997 τὴν
905 1927 1185 1999 διόρθωσιν
1232 1932 1329 2003 τῆς
1367 1935 1641 2007 ἡμετέρας
1674 1936 1819 2009 ζωῆς

243 2013 521 2082 προνοῶν,
556 2016 660 2084 πρὸ
684 2016 875 2070 τούτου
907 2019 1003 2071 τοῦ
1050 2020 1207 2088 λόγου
1249 2022 1419 2093 ἔφησε
1448 2026 1528 2090 τὸ,
1560 2028 1819 2095 Ποιήσω-

236 2120 357 2171 μεν
405 2102 717 2173 ἄνθρωπον
764 2111 890 2162 κατ’
946 2113 1151 2165 εἰκόνα
1203 2114 1497 2185 ἡμετέραν
1542 2120 1640 2173 καὶ
1685 2124 1816 2178 καθ’

240 2193 528 2261 ὁμοίωσιν
551 2213 564 2226 ·
612 2199 671 2250 οὐ
717 2199 920 2264 διοίσας
958 2202 1147 2256 ἑαυτὸν
1184 2205 1337 2275 παρὰ
1365 2208 1455 2261 τὸν
1493 2210 1644 2275 Υίὸν,
1675 2212 1814 2268 ἀλλὰ

237 2288 431 2357 δυῐκην
473 2287 565 2339 καὶ
591 2287 876 2360 ὁμώνυμον
908 2292 1051 2357 λέξιν
1088 2296 1329 2351 ἐπειπὼν
1354 2299 1436 2362 τὸ,
1465 2302 1815 2373 Ποιήσωμεν

236 2374 583 2442 ἄνθρωπον·
608 2378 693 2432 ἴνα
715 2379 807 2432 δύο
833 2382 1070 2455 σημάνῃ,
1102 2386 1291 2442 ἑαυτόν
1319 2407 1377 2442 τε
1406 2392 1500 2444 καὶ
1537 2392 1629 2447 τὸν
1660 2395 1809 2460 Υίὸν,

234 2464 270 2534 ἢ
304 2466 398 2518 καὶ
443 2468 651 2537 εἴποιμι
696 2471 789 2522 καὶ
829 2471 889 2524 τὸ
918 2473 1073 2541 ἅγιον
1105 2477 1347 2548 Πνεῦμα.
1379 2482 1489 2535 Καὶ
1517 2483 1577 2535 τὸ
1614 2485 1706 2537 ἐπὶ
1741 2490 1807 2558 τῇ

238 2557 443 2628 ἰσότητι
476 2558 574 2628 τῆς
607 2560 832 2625 είκόνος,
864 2562 922 2615 τὸ
955 2565 1030 2636 μὴ
1067 2566 1155 2620 διὰ
1179 2568 1271 2623 δύο
1296 2569 1467 2640 λόγων
1496 2557 1804 2645 παρενθεὶς,

232 2647 419 2698 εἰκόνα
446 2649 573 2716 μίαν
609 2650 710 2721 ἔφη
739 2667 753 2680 ·
784 2653 1054 2723 ἡμετέραν
1085 2656 1141 2709 δὲ
1168 2659 1228 2711 τὸ
1257 2659 1436 2714 δυῖκὺν
1460 2662 1774 2735 ἀπεφήνατο
1792 2684 1803 2695 ·

232 2737 326 2788 τὸν
365 2737 421 2788 δὲ
462 2738 742 2808 γινόμενον
784 2740 1068 2811 ἄνθρωπον
1117 2746 1179 2798 ού
1213 2750 1279 2819 τῇ
1321 2749 1415 2802 τοῦ
1467 2750 1585 2815 ἑνὸς
1616 2754 1801 2822 εἰκόνι,

233 2827 372 2880 ἀλλὰ
400 2830 467 2898 τῇ
493 2828 601 2881 τῶν
629 2828 720 2882 δύο
743 2832 1019 2903 ὁμοιότητί
1052 2852 1111 2887 τε
1135 2837 1229 2890 καὶ
1263 2839 1467 2910 ἰσότητι
1494 2844 1677 2899 εἰκόνα
1714 2862 1803 2913 γι-

230 2920 476 2989 νόμενον,
501 2921 590 2973 ἴνα
616 2921 791 2992 πάντη
816 2924 983 2992 σαφὲς
1012 2926 1094 2997 εἴη
1119 2928 1181 2980 τὸ
1226 2933 1521 3001 πρακτέον,
1544 2935 1603 2986 ὲν
1626 2938 1802 3006 Πατρὶ

232 3012 325 3064 καὶ
348 3012 461 3083 Υἱῷ
488 3014 579 3065 καὶ
611 3012 752 3084 ἁγίῳ
780 3014 1056 3087 Πνεύματι
1105 3019 1262 3089 μένον
1288 3024 1344 3075 ὲν
1368 3026 1677 3098 ταυτότητι,
1706 3029 1801 3083 καὶ

228 3106 304 3175 μὴ
338 3106 735 3179 ἀλλοιούμενον.
771 3113 844 3165 Οὐ
869 3113 976 3186 γὰρ
1013 3117 1143 3189 παρ’
1176 3117 1368 3190 ἑτέρας
1388 3120 1617 3188 ,φύσεως
1647 3122 1798 3195 εἴλη-

225 3215 324 3267 φεν
348 3199 377 3249 ὁ
403 3190 609 3272 Πατὴρ,
636 3202 669 3273 ἦ
704 3204 733 3255 ὁ
766 3204 915 3273 Υἱὸς,
1014 3185 1531 3281 τὸνᾶγιοννΠνεῦμα,
1563 3213 1597 3284 ἢ
1632 3185 1794 3269 δέδιύ-
1825 3185 1870 3248 C

225 3306 320 3341 κεν
353 3289 517 3361 ἑτέρᾳ
539 3290 697 3360 φύσει
731 3296 1077 3368 συμμετοχὴν
1101 3300 1199 3369 τῆς
1232 3299 1425 3353 ἑαυτοῦ
1462 3301 1675 3370 φύσεως
1701 3306 1795 3359 καὶ

222 3378 568 3450 ἀξιώματος·
610 3381 734 3435 οὔτε
775 3385 911 3438 κατά
947 3404 1066 3440 τινα
1104 3388 1273 3459 τομὴν
1313 3388 1346 3459 ἢ
1395 3392 1696 3463 ἀπόρροιαν
1734 3395 1794 3448 τὸ

222 3467 361 3523 εἶναι
405 3470 465 3535 ἐξ
505 3472 668 3525 αὐτοῦ
708 3474 798 3527 τὸν
825 3476 1125 3549 Μονογενῆ,
1165 3481 1259 3533 καὶ
1294 3481 1355 3533 τὸ
1387 3481 1539 3550 ἅγιον
1568 3485 1792 3556 Πνεῦμα

118 3614 131 3621 _
221 3562 504 3616 ἀλλοίωσιν
540 3564 639 3635 τῆς
668 3566 882 3634 φύσεως
923 3569 1311 3642 ὲξειργάσατο’
1354 3574 1491 3627 ἀλλὰ
1539 3577 1790 3649 καθάπερ

219 3654 457 3726 ὲξαρχῆς
500 3658 796 3728 προκριτέα
844 3659 1006 3728 φύσις
1052 3662 1343 3734 ἀγέννητος
1390 3666 1483 3718 καὶ
1537 3669 1790 3734 ἄκτιστος

217 3747 307 3799 ἀεὶ
335 3741 427 3817 ἦν,
462 3746 633 3810 οὕτως
664 3749 750 3801 ἀεὶ
777 3747 836 3814 ἐξ
859 3750 1023 3805 αὑτοῦ
1053 3755 1373 3825 προκριτέον
1400 3757 1664 3828 γέννημα,
1693 3760 1787 3812 καὶ⁹

217 3833 374 3904 ἆγιον
405 3837 628 3907 Πνεῦμα
658 3838 789 3908 ἡμῖν
826 3841 1011 3911 σαφῶς
1040 3845 1334 3916 κεκήρυχε,
1377 3848 1470 3901 καὶ
1499 3848 1599 3902 οὐκ
1639 3851 1788 3922 ἐνηλ-

1938 591 2047 650 tur,
2075 594 2128 640 et
2160 603 2257 657 pro
2295 607 2362 645 eo
2397 594 2543 661 quod
2588 579 2873 653 excellenti
2899 579 2985 656 illi
3019 608 3501 671 consubstantialia

1935 685 2039 741 est,
2067 677 2334 746 ejusmodi
2379 683 2641 753 dignitate
2683 690 2941 758 praditus
2985 704 3088 761 est,
3133 708 3192 753 ut
3231 703 3282 754 in
3312 708 3496 762 eodem

1934 781 2057 820 eum
2095 769 2189 823 illo
2233 773 2421 829 ordine
2452 777 2770 845 collocetur,
2802 784 2847 838 si
2884 800 3045 854 quam
3074 790 3267 846 habeat
3296 797 3365 848 ab
3389 801 3497 851 exi-

1935 857 2045 912 mio
2100 860 2193 914 illo
2243 869 2632 940 prmstantique
2670 874 3007 941 varietatem,
3047 897 3270 941 necesse
3308 901 3389 943 est
3444 902 3499 945 ut

1932 948 1998 1002 de
2035 950 2278 1018 ejusdem
2323 955 2585 1027 dignitate
2637 963 2838 1034 aliquid
2883 968 3184 1040 imminual,
3234 978 3335 1032 hoc
3381 981 3500 1050 ipso

1931 1039 2074 1107 quod
2097 1043 2537 1102 excellentissimi
2564 1051 2709 1107 illius
2740 1071 2791 1109 in
2818 1061 2997 1127 genito
3021 1063 3323 1131 splendoris
3347 1086 3498 1125 com-

1931 1130 2119 1184 munio
2168 1135 2449 1193 varietatis
2503 1141 2707 1211 aliquid
2759 1162 2822 1201 ac
2898 1150 3232 1212 diversitatis
3280 1159 3494 1217 habeat.

1929 1218 2108 1282 Quare
2139 1221 2367 1279 similem
2396 1227 2545 1283 illum
2573 1247 2603 1285 e
2632 1234 2814 1298 simili,
2845 1246 2896 1292 et
2922 1243 3183 1310 aequalem
3206 1261 3271 1301 ex
3302 1255 3497 1318 aequali

1928 1308 2118 1375 fetum,
2151 1330 2257 1370 non
2284 1332 2379 1385 pro
2402 1331 2563 1390 captu
2583 1338 2859 1396 corporeae
2881 1308 3112 1401 alicujus
3130 1337 3498 1411 intelligentia:

1924 1399 2238 1459 Christiana
2279 1408 2383 1463 [ide
2419 1414 2780 1485 concipimus,
2810 1422 2907 1476 sed
2940 1430 3197 1495 tanquam
3225 1429 3393 1487 Deum
3428 1452 3494 1491 ex

1925 1489 2056 1554 Deo,
2087 1494 2265 1552 lumen
2284 1499 2350 1555 de
2372 1501 2594 1570 lumine,
2623 1521 2687 1562 ac
2706 1506 2940 1567 Verbum
2960 1514 3137 1574 Patris
3162 1523 3492 1591 subsistens,

1923 1582 2059 1638 adeo
2089 1596 2145 1641 ut
2168 1591 2481 1650 excellentis
2509 1597 2653 1654 illius
2681 1601 2894 1658 interim
2921 1614 3083 1678 atque
3112 1613 3290 1668 eximii
3323 1617 3491 1686 gloria

1922 1677 2069 1732 salva
2109 1680 2424 1756 integraque
2455 1690 2773 1757 retineatur,
2808 1696 2911 1751 hoc
2959 1677 3075 1770 ipso
3103 1706 3245 1773 quod
3281 1709 3371 1764 ille
3404 1713 3489 1765 sui

1922 1764 2092 1834 ipsius
2119 1773 2340 1828 minime
2382 1778 2708 1851 principium
2760 1791 3045 1855 asseritur,
3092 1796 3184 1850 sed
3228 1804 3487 1870 aequalem

1922 1857 2024 1911 sibi
2069 1862 2308 1919 sobolem
2340 1869 2632 1936 purissima
2673 1884 2727 1931 et
2760 1878 3297 1953 incompreliensibili
3353 1896 3487 1949 sub-

1918 1951 2117 2004 stantia
2149 1957 2710 2035 consubstantialique
2766 1951 3070 2035 modo,‘hoc
3101 1986 3185 2033 est
3232 1983 3490 2040 substan-

1917 2041 1991 2093 tia
2040 2051 2093 2096 et
2128 2044 2407 2116 hypostasi
2442 2056 2725 2123 praeditum
2778 2064 3099 2132 produxisse
3129 2070 3357 2132 Filium:
3393 2081 3488 2150 qui

1877 2386 1885 2393 λ
1910 2322 2153 2384 genitum
2180 2321 2378 2380 Filium
2402 2332 2662 2399 aequalem
2686 2338 2916 2406 genitori
2940 2348 3243 2402 constituit.
3275 2321 3479 2423 Imago,
3544 2378 3547 2385 ν

1910 2407 2105 2478 inquit,
2131 2413 2405 2472 invisibilis
2431 2419 2526 2476 Dei
2556 2424 2595 2479 ³.
2644 2426 2721 2481 Ac
2748 2444 2814 2483 ne
2837 2432 2961 2500 quis
3002 2435 3253 2507 imaginis
3302 2407 3483 2499 notio-

1910 2513 2032 2551 nem
2085 2501 2155 2555 ab
2199 2504 2480 2565 identitate
2531 2510 2647 2582 ipsa
2681 2515 2896 2574 diﬂ‘erre
2934 2501 3198 2590 crederet,
3250 2531 3481 2599 ipsemet

1908 2585 2088 2653 Pater,
2123 2593 2197 2646 uti
2228 2610 2327 2650 nos
2370 2607 2523 2654 certo
2550 2602 2825 2673 dirigeret,
2878 2620 3005 2668 ante
3036 2617 3297 2683 prolatam
3330 2622 3476 2679 illam

1908 2680 2234 2736 sententiam
2269 2684 2344 2737 ita
2377 2686 2593 2747 locutus
2627 2705 2748 2749 est:
2796 2697 3085 2759 Faciamus
3120 2706 3375 2767 hominem
3407 2718 3478 2769 ad

1905 2766 2186 2838 imaginem
2210 2785 2448 2830 nostram
2476 2789 2525 2832 et
2555 2782 2625 2835 ad
2654 2787 3053 2848 similitudinem
3072 2799 3112 2851 ’.
3143 2798 3199 2853 In
3233 2818 3340 2872 quo
3366 2822 3474 2862 non

1905 2859 2145 2929 seipsum
2190 2879 2220 2917 a
2260 2865 2398 2921 Filio
2440 2872 2716 2942 discrevit,
2771 2882 2863 2936 sed
2903 2885 3132 2944 similem
3170 2909 3378 2962 vocem,
3421 2909 3476 2955 et

1904 2948 1971 3000 ad
2018 2952 2155 3008 duos
2206 2959 2569 3023 pertinentem
2628 2982 2892 3038 usurpare
2938 2978 3126 3045 voluit,
3184 2982 3473 3043 Faciamus

1902 3036 2190 3096 hominem:
2247 3061 2352 3114 qua
2381 3048 2520 3104 duos
2561 3055 2908 3125 exprimeret,
2950 3066 3187 3135 seipsum
3222 3074 3474 3133 videlicet

1902 3142 1965 3181 ac
1994 3127 2215 3196 Filium,
2250 3145 2342 3189 aut
2370 3138 2593 3208 insuper
2619 3154 2672 3197 et
2694 3143 2952 3214 Spiritqu
2982 3127 3253 3215 sanctum.
3295 3127 3474 3235 [itque

1902 3226 1961 3271 ut
2008 3221 2260 3293 imaginis
2307 3232 2666 3299 aequalitatem
2710 3243 3047 3312 ostenderet,
3101 3249 3313 3307 diversa
3361 3221 3473 3312 duo

1902 3311 2164 3367 vocabula
2217 3316 2457 3375 inserere
2512 3324 2725 3392 noluit;
2786 3331 2881 3384 sed
2941 3337 3153 3391 unicam
3206 3341 3470 3401 duntaxat

1898 3584 2097 3640 minem
2125 3603 2231 3643 non
2263 3592 2328 3645 ad
2350 3595 2515 3652 unius
2546 3598 2831 3672 imaginem
2857 3624 3197 3682 expressum,
3226 3621 3321 3674 sed
3350 3636 3467 3676 am-

1897 3674 2087 3729 borum
2143 3676 2520 3741 similitudinis
2566 3698 2620 3743 et
2670 3697 3000 3763 aequalitatis
3065 3704 3293 3777 eﬂigiem
3344 3726 3467 3767 esse

1892 3767 2246 3837 signiﬁcavit,
2300 3784 2359 3829 ut
2388 3778 2519 3833 illud
2570 3796 2754 3853 aperte
2811 3767 3463 3873 declararetiquidquid

1893 3860 2224 3918 excellentia:
2267 3875 2369 3935 est,
2423 3870 2477 3925 in
2511 3871 2691 3941 Patre,
2724 3878 2860 3937 Filio
2914 3900 2977 3940 ac
3033 3860 3240 3958 Spiritu
3272 3860 3463 3951 saneto

208 4488 543 4557 praedicavit.

588 4601 979 4658 ΚΕΦΑΛΑΙΟΝ
1014 4607 1267 4661 ΑΕΤΙΟΥ
1314 4610 1387 4666 Γ¹.
1812 4624 1856 4681 D

272 4689 337 4741 Εἰ
370 4688 427 4741 δὲ
460 4688 620 4752 αὐτὸς
653 4690 829 4762 ἑαυτῷ
859 4694 921 4746 τὸ
969 4693 1105 4749 εἶναι
1140 4698 1213 4769 μὴ
1257 4701 1549 4772 παρέσχεν,
1590 4704 1651 4756 ού
1686 4705 1775 4760 διὰ

195 4778 259 4831 τὸ
306 4779 530 4844 ἀσθενὲς
556 4782 654 4853 τῆς
684 4783 917 4851 φύσεως,
945 4785 1079 4840 ἀλλὰ
1122 4789 1209 4843 διὰ
1248 4792 1309 4844 τὸ
1338 4793 1776 4865 ὑπερϐεϐηκέναι

196 4874 379 4926 πᾶσαν
412 4874 589 4927 αἰτίαν
612 4891 626 4904 '
663 4876 825 4929 πόθεν
854 4877 917 4929 ἄν
942 4895 1025 4942 τις
1050 4880 1149 4950 τὴν
1181 4880 1489 4937 ὑποστᾶσαν
1517 4887 1650 4957 πρὸς
1675 4889 1774 4960 τὴν

195 4968 583 5037 ύποστήσασαν
615 4968 774 5037 φύσιν
789 4969 848 5021 τὸ
881 4971 1293 5042 ἀπαράλλακτον
1314 4976 1391 5038 εἰς
1411 4977 1595 5032 οὐσίαν
1628 4980 1772 5050 ἔχειν

194 5063 618 5129 συγχωρήσειεν,
654 5062 714 5114 ού
737 5062 1097 5136 προσιεμένης
1128 5058 1229 5135 τῆς
1259 5067 1509 5139 τοιαύτης
1544 5072 1776 5129 ὑποστά-

191 5168 333 5215 σεως
369 5152 579 5220 γένεσιν
596 5170 614 5219 ;

2371 4627 2557 4683 ΑΕΤΙΙ
2596 4632 2826 4690 CAPUT
2866 4638 2956 4694 Ill.

1952 4706 2069 4764 Jam
2098 4727 2228 4768 vero
2265 4716 2309 4770 si
2342 4718 2457 4788 ipse
2492 4723 2595 4777 sibi
2645 4728 2867 4785 minime
2901 4740 2959 4787 ut
3008 4746 3152 4793 esset
3192 4747 3449 4813 contulit,

1882 4815 1990 4853 nou
2024 4813 2245 4874 propter
2267 4808 2430 4865 ullam
2460 4821 2669 4870 natura:
2702 4818 3150 4889 imbecillitatem.
3180 4835 3274 4887 sed
3305 4808 3448 4905 quod

1880 4905 2046 4947 causa
2076 4894 2148 4947 sit
2180 4900 2326 4951 omni
2368 4905 2637 4971 superior,
2671 4909 2794 4976 quis
2830 4915 3152 4981 productam
3195 4894 3446 4979 naturam

749 5268 807 5320 ’A
816 5268 1079 5336 νατροπὴ
1132 5271 1215 5323 Γ’.

254 5354 337 5407 A'.
383 5356 502 5426 Χρή
540 5372 619 5420 σε,
650 5349 695 5408 ὧ
745 5356 940 5421 Ἀέτιε,
987 5358 1099 5411 ἄνω
1142 5359 1492 5429 προσέχοντα,
1529 5364 1621 5415 καὶ
1676 5382 1763 5416 σε-

182 5444 355 5498 αυτοῦ
384 5446 445 5497 τὸ
478 5447 705 5501 ἐλεεινὸν
739 5447 1121 5512 κατανοοῦντα,
1166 5449 1380 5520 ἐπέχειν
1424 5453 1519 5523 τῆς
1565 5455 1760 5508 ἑαυτοῦ

179 5534 467 5605 τολμηρᾶς
509 5536 745 5601 διανοίας
797 5538 859 5591 τὸ
896 5540 1147 5608 περιττὸν
1193 5540 1292 5609 τῆς
1342 5543 1625 5608 ἀσεϐείας·
1675 5549 1761 5602 ἵνα

178 5623 283 5679 καὶ
310 5626 474 5694 ἡμεῖς
515 5626 590 5697 μὴ
620 5628 1044 5697 συμμαινόμενοι
1073 5631 1138 5699 τῇ
1167 5626 1401 5705 τοσαύτῃ
1431 5632 1629 5705 άφοϐίᾳ
1660 5638 1755 5706 ἠτ-

259 5742 279 5773 ⁸
304 5742 425 5797 Col.
462 5756 500 5807 ι,
540 5743 625 5795 15.
702 5746 722 5774 ³
753 5744 886 5799 Gen.
928 5761 964 5809 ι,
989 5746 1077 5802 26.

510 5832 776 5893 ΡΑτιιοι..
818 5835 934 5894 Gn.
974 5836 1162 5899 XLII.

3047 5870 3122 5932 18

2427 5284 2733 5355 Confutatio
2769 5293 2885 5348 ΙΙΙ.
3088 5368 3131 5379 Α,

1942 5367 1981 5420 Ι.
2016 5368 2184 5427 Multo
2215 5381 2295 5438 tu,
2325 5392 2357 5430 ο
2387 5377 2529 5445 Aeti,
2568 5384 2877 5440 consultius
2915 5368 3142 5453 faceres,
3189 5391 3234 5444 si
3280 5408 3437 5462 supe-

1867 5458 2106 5517 rioribus
2157 5478 2219 5518 ac
2269 5467 2585 5525 caelestibus
2630 5473 2790 5528 rebus
2827 5478 3086 5542 intentus,
3121 5488 3175 5533 et
3206 5481 3435 5538 infelici-

1868 5559 2031 5606 tatem
2065 5562 2211 5609 tuam
2246 5574 2571 5628 agnoscens,
2607 5567 2909 5621 temerariae
2937 5572 3134 5627 mentis
3170 5576 3434 5651 insignem

1868 5640 2015 5697 illam
2044 5644 2374 5715 impietatem
2404 5667 2801 5721 compesceres,
2830 5674 2896 5711 ne
2923 5671 2971 5714 et
3004 5678 3105 5718 nos
3134 5648 3433 5736 ipSi,Ivelut
