3990 6228
440 276 549 333 555

1830 271 1888 327 S.
1931 269 2273 328 ΕΗΡΠΛΝΠ

3600 274 3716 331 556

441 397 638 453 iisdem
672 394 834 451 furiis
879 393 1074 464 perciti
1082 434 1110 466 θ
1151 399 1320 448 tanta
1362 391 1605 448 audacia:
1652 393 2013 450 succubuisse

2115 395 2342 468 τημένοι
2375 393 2796 466 ὑποληφθῶμεν,
2831 393 2969 449 ἀλλά
3018 397 3104 451 σοί
3135 416 3198 455 τε
3245 398 3340 454 καὶ
3393 397 3608 460 ἑαυτοῖς
3643 399 3716 452 τὲ

439 489 746 556 videamur,
771 487 865 542 sed
895 486 992 542 tibi
1021 487 1201 558 potius
1245 501 1307 539 ac
1342 485 1498 540 nobis
1529 484 1664 556 ipsis
1687 502 1809 555 quae
1829 487 2017 555 pietati

438 589 569 636 sunt
602 588 970 635 consentanea
1022 579 1393 633 consuluisse.
1444 578 1579 632 Cum
1627 579 1774 633 enim
1828 595 2021 634 neces-

435 673 599 726 sariis
633 671 689 724 in
739 669 927 734 rebus,
961 683 1025 724 ac
1062 668 1172 724 Deo
1212 669 1668 724 convenientibus
1698 668 2020 724 dissimilem

435 762 584 817 hunc
651 770 706 818 et
758 762 1082 832 inaequalem
1149 761 1198 816 ei
1250 776 1410 830 quem
1463 761 1650 829 genuit
1690 760 2016 824 constituas,

434 853 601 923 idque
623 869 823 924 magno
849 867 984 908 sane
1003 865 1214 916 errore,
1243 851 1338 906 sed
1377 850 1510 905 falsa
1540 850 1776 921 quadam
1801 851 2020 921 pietatis

435 945 620 1016 specie
643 935 959 1012 contingere
994 943 1233 1007 videare,
1271 943 1324 996 in
1356 942 1459 995 hoc
1497 943 1616 1011 ipso
1643 953 1846 1007 tamen,
1871 943 2015 1012 quod

433 1038 547 1094 Deo
585 1036 1030 1108 indignissimum
1067 1043 1186 1100 est,
1231 1035 1297 1089 iis
1334 1049 1455 1104 quae
1506 1035 1847 1089 divinitatem
1897 1035 2015 1104 ejus

434 1132 660 1188 minime
691 1129 908 1193 decent,
946 1127 1176 1184 similem
1210 1127 1492 1196 praedicas.
1527 1125 1584 1179 In
1622 1127 1814 1196 primis
1861 1128 2007 1180 enim

434 1225 492 1278 in
522 1233 631 1278 tam
663 1223 803 1277 altas
843 1222 910 1277 de
957 1220 1066 1275 Deo
1103 1220 1462 1290 cogitationes
1512 1234 1636 1274 sese
1673 1219 2017 1273 committere

435 1315 738 1385 impietatis
800 1313 904 1370 vel.
934 1312 1157 1367 furiosae
1204 1311 1388 1382 potius
1437 1310 1638 1363 mentis
1679 1310 1770 1364 ille
1805 1307 2016 1364 fructus

433 1417 538 1463 est.
572 1405 705 1461 Nam
745 1419 870 1459 cum
907 1404 1022 1457 haec
1057 1417 1330 1472 usurpas:
1380 1401 1474 1456 Sui
1510 1401 1682 1472 ipsius
1727 1417 1849 1456 esse
1883 1417 2049 1455 cau-.

433 1515 586 1564 sam;
618 1506 734 1560 aut,
764 1497 884 1567 Ipse
915 1496 1020 1551 sibi
1055 1503 1110 1548 ut
1138 1503 1285 1550 esset
1307 1494 1606 1549 contulisse
1628 1511 1642 1560 ;
1667 1505 1898 1564 utraque
1925 1495 2015 1549 illa

399 1591 671 1661 .pessima
702 1589 1019 1658 suspicione
1060 1587 1408 1655 temetipsum
1443 1586 1754 1652 conlisisti;
1798 1601 1922 1640 cum
1960 1587 2012 1640 id

431 1684 501 1737 de
539 1682 651 1736 Deo
721 1682 868 1734 velut
921 1678 1196 1748 palpando
1245 1691 1309 1730 ae
1351 1677 1614 1731 tentando
1651 1679 2009 1747 perquisisti:

431 1772 894 1846 quemmlmodum
918 1769 1082 1822 fuerit
1101 1809 1116 1832 ,
1143 1777 1454 1822 utrumnam
1481 1783 1698 1838 semper
1721 1772 2011 1833 exstiterit,

433 1881 500 1918 ae
534 1880 663 1917 num
711 1862 814 1915 sibi
853 1861 957 1930 ipsi
1000 1869 1059 1912 ut
1091 1869 1240 1913 esset
1291 1858 1566 1922 tribuerit,
1597 1873 1666 1912 an
1697 1874 1832 1913 casu
1880 1860 2011 1913 illud

432 1955 757 2010 obtinuerit.
818 1951 1083 2022 Equidem
1131 1965 1239 2004 non
1293 1949 1414 2003 sine
1455 1958 1601 2003 metu
1668 1954 1902 2020 quodam
1959 1960 2012 2005 et

433 2049 662 2102 horrore
711 2045 980 2113 meipsum
1019 2052 1173 2096 tuum
1214 2039 1280 2094 ad
1333 2040 1464 2094 illud
1515 2043 1812 2110 pessimum
1849 2057 2013 2111 argu-

433 2120 677 2192 mentum
715 2132 1092 2188 accommodo.
1128 2128 1235 2185 Fac
1265 2132 1451 2200 itaque
1482 2129 1728 2193 modum,
1756 2131 1801 2186 si
1837 2139 2011 2200 potes,

431 2239 494 2288 ut
519 2239 572 2286 et
603 2228 708 2299 ipsi
746 2229 928 2280 facere
975 2223 1272 2293 possimus,
1304 2222 1507 2292 quibus
1557 2221 1811 2276 idoneum
1879 2221 2013 2276 illud

429 2340 496 2378 ac
527 2322 843 2391 religiosum
888 2315 1125 2381 videtur,
1161 2314 1328 2368 Deum
1372 2329 1588 2383 semper
1615 2312 1918 2382 intelligere
1947 2327 2013 2367 ac

429 2432 648 2488 semper
703 2416 856 2470 illum
899 2411 1179 2466 exstitisse
1237 2408 1481 2463 credere.
1527 2407 1586 2461 In
1635 2421 1745 2476 quo
1791 2407 2012 2476 quidem

429 2507 626 2567 stolide
653 2509 872 2560 locutus
899 2517 963 2558 ac
1010 2499 1394 2565 ratiocinatus,
1423 2497 1582 2568 quasi
1606 2495 1716 2552 Deo
1745 2498 2011 2551 honorem

432 2601 734 2656 maximum
765 2594 1022 2656 haberes,
1079 2591 1271 2646 dixisti
1304 2604 1404 2644 nec
1429 2593 1606 2658 ipsum
1641 2589 1748 2643 sibi
1781 2595 1840 2642 ut
1866 2595 2014 2643 esset

430 2690 754 2746 contulisse.
786 2685 988 2740 Verum
1076 2681 1371 2752 siquidem,
1433 2689 1491 2734 ut
1537 2679 1804 2740 instituis,
1849 2695 1880 2733 a
1928 2680 2012 2733 di-

431 2783 712 2838 ctionibus
742 2787 798 2834 et
839 2777 1179 2849 syllogismis
1214 2773 1412 2844 pendet
1465 2771 1588 2826 ﬁdei
1632 2771 1816 2834 salus,
1847 2771 2014 2842 938

429 2892 552 2946 qua:
604 2874 658 2927 in
713 2871 917 2926 inlimis
969 2865 1404 2935 miserrimisque
1451 2863 1778 2932 corporibus
1832 2863 2012 2916 simile

431 2965 636 3038 aliquid
685 2962 826 3032 ejus,
860 2958 1005 3029 quod
1060 2971 1291 3020 narras,
1353 2955 1585 3009 inveniri
1634 2954 1872 3025 potest),
1909 2968 2012 3008 nec

429 3064 740 3111 creatarum
776 3051 998 3121 quidem
1037 3062 1219 3103 rerum
1268 3046 1376 3099 ulla
1417 3044 1794 3114 suimctipsius
1843 3060 2007 3099 causa
2036 3076 2078 3132 Ο

427 3155 534 3208 esr,
560 3147 654 3194 aut
687 3155 717 3192 a
755 3139 936 3208 seipsa
979 3143 1038 3189 ut
1067 3143 1214 3190 esset
1257 3133 1517 3198 obtinuit,
1552 3133 1736 3204 idque,
1770 3133 1817 3188 si
1849 3149 1878 3186 a
1916 3134 2011 3187 ιω.-

428 3233 551 3288 stiis
608 3229 674 3284 ad
729 3229 1005 3290 homines,
1056 3237 1109 3282 ct
1141 3226 1211 3280 ab
1261 3225 1329 3278 iis
1372 3225 1440 3279 ad
1489 3225 1713 3294 angelos
1755 3225 2006 3294 progredi

429 3322 694 3386 volueris,
724 3335 914 3375 verum
946 3334 1071 3374 esse
1100 3317 1423 3386 comperies.
1453 3315 1598 3370 Nihil
1625 3315 1770 3370 enim
1792 3331 2006 3380 eormn,

428 3430 551 3485 quae
584 3413 726 3466 facta
759 3422 906 3473 sunt,
931 3410 1034 3464 sibi
1070 3418 1127 3464 ut
1165 3409 1456 3464 exsisteret
1483 3409 1778 3472 concessit,
1807 3409 1901 3463 sed
1936 3412 2004 3464 ab

428 3524 495 3561 eo
528 3505 668 3568 solo,
689 3503 835 3574 quod
860 3510 965 3565 est,
988 3501 1288 3556 exsistendi
1314 3500 1530 3555 initium
1553 3504 1785 3573 accepit.
1805 3503 2010 3570 Quam-

428 3595 616 3646 obrem
641 3606 774 3645 cave
796 3589 1069 3660 ejusmodi
1094 3589 1418 3652 rationibus,
1437 3591 1637 3660 quibus
1663 3601 1852 3662 argute
1877 3609 2010 3647 con-

427 3684 650 3738 cludere
680 3689 786 3736 tete
824 3689 1007 3751 putas,
1044 3682 1110 3734 ad
1149 3680 1200 3735 id
1241 3681 1386 3751 quod
1423 3682 1598 3753 majus
1641 3698 1705 3737 ac
1745 3693 2010 3754 praestan-

427 3775 540 3830 tius
563 3783 666 3838 est,
709 3782 904 3844 praeter
937 3783 1187 3826 naturam
1228 3779 1280 3827 te
1329 3787 1394 3827 ac
1432 3773 1695 3830 violenter
1721 3778 2006 3830 estctulas.

431 3866 543 3920 lloc
580 3867 726 3921 enim
770 3866 815 3920 si
851 3865 1068 3929 feceris,
1098 3863 1326 3918 omnino
1352 3865 1561 3921 virihus
1583 3864 1828 3922 defectus
1858 3868 2009 3920 exci-

426 3960 544 4012 des.
579 3955 1032 4028 Quandoquidem
1070 3957 1266 4012 unicus
1301 3957 1392 4012 Dei
1438 3954 1609 4012 Filius
1645 3958 1872 4028 azqualis
1926 3965 2011 4012 est

428 4064 491 4102 ac
515 4049 710 4102 similis
751 4047 861 4102 Deo
888 4046 1058 4110 Patri,
1089 4046 1214 4100 licet
1250 4046 1352 4100 hoc
1379 4046 1662 4115 dignitatis
1703 4046 1918 4113 habeat,
1953 4055 2012 4100 ut

425 4140 584 4194 abeo
609 4139 912 4210 productus
935 4139 1087 4192 sitae
1109 4137 1348 4208 genitus.
1369 4135 1508 4190 Nihil
1535 4137 1679 4192 enim
1702 4137 1805 4192 hoc
1829 4140 2006 4207 ipsum

2047 1739 2087 1794 Β

2122 475 2261 560 πρὸς
2294 487 2577 542 εὐσέϐειαν
2608 489 3089 561 συμϐουλεύοντες.
3137 493 3322 548 Δοκῶν
3367 492 3479 564 γάρ
3507 494 3568 546 ἐν
3599 493 3718 556 τοῖς

2121 581 2437 651 ἀναγκαίοις
2469 584 2562 636 καὶ
2587 582 2644 636 ὲν
2674 586 2788 648 τοῖς
2816 585 2936 657 Θεῷ
2984 585 3291 658 πρέπουσιν
3329 586 3590 655 ἀνόμοιον
3620 585 3720 637 καὶ

2120 673 2302 727 ἄνισον
2330 673 2422 726 τὸν
2449 673 2581 727 Θεὸν
2608 673 2686 745 τῷ
2717 675 2774 742 ἐξ
2805 676 2971 730 αὑτοῦ
3003 677 3388 748 γεγεννημένῳ
3418 675 3532 731 ἀπὸ
3582 675 3720 728 πολ-

2121 765 2219 834 λῆς
2271 765 2477 834 πλάνης
2524 767 2665 820 κατά
2711 767 2910 840 εὑσεϐῆ
2954 785 3078 823 τινα
3125 769 3341 840 ποίησιν
3393 767 3636 832 ἐξελθεῖν
3669 769 3720 828 ¹,

2119 857 2252 910 Θεὸν
2293 857 2494 926 μᾶλλον
2523 859 2580 910 έν
2613 859 2728 921 τοῖς
2769 859 3284 930 ἀπρεπωδεστάτοις
3329 860 3516 930 ὅμοιον
3547 857 3721 910 αὑτὸν

2119 945 2409 1017 κηρύττεις
2445 949 2556 1010 τοῖς
2590 946 2666 1018 μὴ
2701 948 2977 1020 πρέπουσι
3023 952 3089 1021 τῇ
3125 948 3291 1004 αὑτοῦ
3335 948 3572 1020 θεότητι.
3605 946 3721 1001 Καὶ

2118 1036 2334 1107 πρῶτον
2371 1037 2468 1106 μὲν
2505 1036 2565 1089 τὸ
2611 1037 2957 1108 διανοηθῆναι
2999 1040 3091 1093 ἐπὶ
3138 1038 3275 1092 Θεοῦ
3320 1039 3412 1093 τὸν
3453 1037 3719 1092 τοσοῦτον

2120 1126 2280 1197 βυθὸν
2309 1127 2408 1198 τῆς
2433 1127 2672 1188 διανοίας
2707 1127 3015 1192 ’,ἀσεϐείας
3041 1129 3157 1182 ἐστὶ
3191 1129 3421 1200 καρπὸς,
3452 1129 3548 1182 καὶ
3574 1127 3720 1199 μᾶλ-

2116 1217 2206 1272 λον
2231 1217 2530 1288 μανιώδους
2554 1217 2887 1281 διανοίας.Τὸ
2912 1219 3022 1290 γάρ
3045 1222 3236 1285 εἰπεῖν,
3255 1219 3485 1274 Ἑαυτοῦ
3511 1221 3716 1283 αἴτιον,

2116 1307 2151 1379 ἦ
2215 1307 2296 1369 τὸ,
2345 1307 2516 1371 Αὑτὸς
2567 1306 2746 1378 ἐαυτῷ
2797 1302 2935 1360 εἶναι
2971 1308 3077 1360 τὸ³
3121 1310 3414 1379 παρέσχεν,
3457 1311 3515 1362 ὲν
3556 1307 3722 1360 δυσὶν

2117 1399 2396 1464 ὑπονοίαις
2417 1400 2614 1463 κακαῖς
2645 1399 2871 1453 σεαυτὸν
2896 1400 3275 1474 περιέπειρας,
3331 1400 3722 1471 ἀναψηλαφῶν

2116 1491 2211 1545 καὶ
2245 1490 2425 1562 ζητῶν
2460 1491 2588 1562 περὶ
2624 1490 2759 1544 Θεοῦ
2791 1491 2872 1557 τὸ,
2909 1493 3028 1556 πῶς
3058 1488 3148 1563 ἦν,
3189 1491 3292 1562 ἄρα
3319 1492 3429 1552 ἀεὶ,
3460 1493 3494 1564 ἢ
3525 1491 3718 1562 ἑαυτῷ

2113 1583 2175 1636 τὸ
2207 1581 2366 1647 εἰναι,
2398 1583 2432 1653 ἢ
2474 1583 2794 1654 αὐτομάτως
2827 1579 2989 1640 εἶναι.
3039 1583 3141 1638 Καὶ
3172 1583 3320 1638 δέδια
3351 1584 3447 1638 καὶ
3494 1583 3720 1654 φρίττω

2113 1675 2192 1747 τῷ
2223 1675 2300 1748 σῷ
2328 1674 2485 1747 κακῷ
2517 1675 2861 1746 ἐνθυμήματι
2896 1675 3407 1747 παρεκτεινόμενος.
3448 1675 3718 1730 Πέπαυσο

2115 1767 2243 1840 γὰρ,
2273 1768 2368 1821 καὶ
2401 1767 2743 1838 παυσόμεθα,
2777 1767 3023 1838 ἀρκετῶς
3050 1768 3145 1821 καὶ
3173 1767 3335 1830 ὁσίως
3381 1767 3601 1837 ἔχοντες
3643 1767 3712 1820 τὸ

2113 1860 2202 1914 ἀεὶ
2232 1863 2370 1912 νοεῖν
2401 1859 2555 1922 Θεὸν,
2588 1859 2681 1913 καὶ
2714 1857 3010 1922 πιστεύειν,
3040 1860 3124 1912 ὅτι
3164 1854 3232 1930 ἦν
3275 1859 3362 1913 ἀεὶ
3394 1858 3548 1922 Θεός.
3593 1860 3713 1912 Καὶ

2112 1951 2222 2020 γάρ
2248 1952 2342 2004 καὶ
2371 1952 2429 2004 έν
2461 1950 2635 2022 τούτῳ
2661 1950 2911 2022 ἀφρόνως
2940 1949 3309 2019 φθεγγόμενός
3353 1967 3411 2002 τε
3443 1950 3538 2002 καὶ
3574 1949 3708 2004 συλ-

2113 2043 2486 2113 λογιζόμενος,
2517 2041 2593 2106 ὡς
2628 2041 2876 2112 μεγάλως
2911 2039 3223 2111 τετιμηκὼς
3244 2040 3334 2094 τὸν
3359 2039 3510 2102 Θεὸν,
3541 2039 3710 2110 ἔφης,

2113 2135 2195 2188 ὃτι
2226 2132 2350 2186 οὔτε
2398 2133 2562 2194 αὑτὸς
2611 2132 2789 2204 ἑαυτῷ
2835 2131 2897 2185 τὸ
2935 2125 3074 2185 εἰναι
3107 2132 3402 2202 παρέσχενο
3441 2131 3566 2183 οὑδὲ
3593 2131 3714 2202 ἄρα.

2113 2225 2258 2279 κατὰ
2286 2225 2346 2278 σὲ
2399 2226 2446 2278 εἰ
2465 2224 2594 2278 ’ἀπὸ
2619 2223 2816 2290 λέξεών
2861 2225 2979 2278 ἐστι
3007 2215 3114 2276 καὶ
3133 2222 3507 2293 συλλογισμῶν
3543 2223 3578 2293 ἡ
3601 2223 3711 2293 τῆς

2115 2315 2351 2380 πίστεως
2385 2315 2650 2386 σωτηρία,
2689 2315 2884 2386 ἔχουσα
2915 2314 3012 2368 καὶ
3058 2316 3119 2368 ὲν
3145 2315 3257 2378 τοῖς
3287 2313 3709 2385 ὑποδεεστέροις

2113 2407 2147 2478 ἦ
2174 2407 2414 2479 οἰκτροῖς
2446 2406 2664 2478 σώμασι
2692 2407 2791 2478 τὴν
2831 2405 2924 2460 τοῦ
2973 2406 3133 2474 λόγου
3163 2405 3458 2476 ὁμοιότητα
3494 2421 3506 2436 ο
3549 2404 3714 2458 οὐδὲν

2112 2497 2222 2569 γὰρ
2269 2497 2377 2552 τῶν
2419 2499 2732 2569 κτισμάτων
2762 2497 2944 2568 ἑαυτῷ
2972 2497 3145 2551 αίτιόν
3182 2499 3350 2559 ἐστιν,
3392 2497 3427 2567 ἢ
3460 2495 3524 2550 τὸ
3554 2493 3704 2550 εἶναι

2113 2589 2246 2643 αὑτὸ
2279 2590 2458 2660 ἑαυτῷ
2489 2591 2784 2662 παρέσχεν,
2817 2589 2926 2643 ἀπὸ
2971 2588 3258 2643 κνωδάλων
3295 2588 3454 2659 ἄχρις
3484 2586 3708 2659 ἀνθρὼ-

2113 2699 2239 2744 που,
2275 2680 2369 2734 καὶ
2402 2682 2509 2734 ἀπὸ
2547 2679 2851 2752 ἀνθρώπων
2883 2680 3043 2751 ἄχρις
3080 2678 3347 2747 ἀγγέλων.
3373 2678 3565 2742 Οὐδεὶς
3592 2680 3716 2752 γάρ

2111 2773 2220 2828 τῶν
2253 2772 2554 2841 γεγονότων
2604 2769 2779 2842 ἑαυτῷ
2826 2771 2888 2825 τὸ
2929 2766 3067 2825 εἷναι
3119 2770 3414 2843 παρέσχεν,
3447 2770 3589 2825 ἀλλὰ
3633 2773 3708 2825 ἐκ

2110 2860 2207 2914 τοῦ
2248 2861 2419 2924 ὅντως
2456 2861 2618 2931 μόνου
2651 2860 2710 2914 τὸ
2739 2856 2878 2913 εἶναι
2905 2859 3136 2913 ἕκαστον
3175 2859 3333 2912 ἔλαϐε
3373 2860 3474 2931 τὴν
3503 2861 3706 2932 ἀρχήν.

2126 2951 2213 3015 Ὦς
2241 2946 2334 3004 οῦν
2363 2949 2598 3005 ἐνταῦθα
2631 2951 2698 3004 δι’
2730 2944 2804 3004 ὧν
2840 2953 3096 3022 ἐνόμισας
3135 2951 3549 3022 συλλογίζεσθαι
3578 2953 3708 3005 συὶ.

2111 3043 2408 3112 λογισθεὶς,
2437 3043 2512 3113 μὴ
2546 3041 2734 3113 βιάζου
2763 3043 2913 3114 παρὰ
2937 3043 3098 3113 φύσιν
3138 3043 3592 3116 παρεκτείνεσθαι
3614 3045 3706 3118 τῷ

2119 3135 2342 3206 μείζονι.
2379 3134 2745 3206 Παραλυθήσῃ
2779 3135 2888 3208 γὰρ
2929 3135 3071 3189 κατὰ
3107 3136 3304 3200 πάντα,
3329 3136 3426 3190 τοῦ
3461 3139 3708 3207 Μονογεο

2115 3227 2240 3292 νοῦς
2262 3230 2377 3282 ῐσου
2398 3229 2492 3283 καὶ
2512 3227 2696 3298 ὁμοίου
2719 3229 2869 3292 δντος
2899 3227 2977 3300 τῷ
2992 3229 3186 3300 Πατρὶ,
3210 3229 3311 3284 κάν
3324 3247 3380 3283 τε
3397 3228 3493 3282 τοῦ
3510 3209 3712 3302 τεχθῆέ

2112 3336 2219 3380 ναι,
2253 3319 2420 3389 ἤγουν
2449 3317 2794 3389 γεννηθῆναι,
2828 3318 2936 3372 ἀπὸ
2971 3319 3183 3392 Πατρὸς
3208 3319 3323 3390 ἔχει
3350 3319 3412 3373 τὸ
3459 3321 3704 3390 ἀξίωμα.

2112 3410 2277 3463 Οὐδὲν
2309 3410 2417 3480 γὰρ
2435 3409 2621 3464 διοίσει
2649 3411 2708 3463 ἐν
2731 3409 2905 3480 τούτῳ
2933 3410 3032 3481 τῆς
3062 3410 3196 3481 πρὸς
3227 3411 3316 3463 τὸν
3340 3411 3563 3482 Πατέρα
3590 3410 3707 3462 ἰσό-

2109 3515 2288 3569 τητος,
2321 3497 2510 3571 ὥσπερ
2542 3499 2662 3553 οὑδὲ
2692 3499 2801 3554 ἀπὸ
2840 3498 2934 3552 τοῦ
2968 3499 3179 3571 ὁμοίου,
3202 3499 3294 3554 τοῦ
3321 3501 3395 3572 μὴ
3439 3498 3707 3552 δύνασθαι

2117 3589 2188 3643 τά
2229 3591 2488 3660 γεγονότα
2522 3591 2736 3654 ἑαυτοῖς
2779 3594 3083 3663 παρασχεῖν
3133 3591 3194 3644 τὸ
3238 3586 3397 3653 εἶναι,
3433 3590 3509 3654 ὡς
3551 3590 3646 3643 καὶ
3674 3593 3710 3644 6
3805 3585 3819 3594 ’

2112 3682 2436 3754 προκριτέος
2467 3683 2560 3736 καὶ
2584 3684 2642 3736 ὲν
2673 3681 2846 3737 ἅπασι
2874 3682 3100 3747 τέλειος,
3121 3683 3224 3737 οὑκ
3247 3683 3359 3736 ἀπό
3387 3699 3532 3745 τινος
3561 3680 3709 3735 ἄνω-

2113 3772 2204 3828 θεν
2233 3773 2358 3844 ἔσχε
2387 3774 2485 3845 τὴν
2513 3775 2691 3846 ἀρχήν
2714 3791 2729 3806 ο
2759 3773 2885 3828 οὔτε
2908 3775 3017 3848 γὰρ
3043 3773 3246 3847 ἦρξατο
3269 3773 3364 3827 τοῦ
3396 3768 3562 3827 εἰναι.
3591 3766 3708 3824 Ἦν

2112 3864 2224 3937 γάρ
2273 3865 2380 3930 ἀεὶ,
2435 3867 2530 3919 καὶ
2575 3867 2662 3919 ἀεὶ
2693 3867 2830 3932 ἐστι,
2861 3865 2963 3920 κάν
3001 3883 3060 3918 τε
3100 3867 3158 3918 έν
3195 3866 3485 3935 ταυτότητι
3522 3864 3706 3935 μένοι,

2111 3955 2203 4008 καὶ
2243 3954 2420 4026 ἑαυτῷ
2452 3955 2512 4008 τὸ
2553 3952 2692 4009 εἶναι
2724 3955 2802 4028 μὴ
2839 3955 3134 4028 παράσχοι,
3165 3957 3226 4010 οὑ
3253 3956 3361 4009 τῶν
3390 3954 3704 4026 ὁμωνύμων

2111 4045 2309 4111 λέξεων
2361 4045 2730 4119 ζητουμένων,
2789 4047 2928 4102 ἀλλά
2961 4047 3059 4119 τῆς
3100 4047 3244 4102 κατὰ
3287 4047 3350 4100 τὸ
3396 4046 3703 4118 ἀκραιφνὲς

2112 4122 2250 4209 πρὸς
2277 4137 2340 4190 τὸ
2366 4138 2588 4202 εὐσεϐὲς
2613 4138 2863 4212 θεωρίας.

431 4231 504 4286 ab
536 4232 846 4302 aequalitate
891 4231 1069 4286 Patris
1119 4230 1458 4294 abhorrebit,
1493 4231 1573 4284 uti
1616 4246 1719 4286 nec
1777 4247 1806 4285 a
1861 4231 2242 4287 similitudine.
2311 4232 2447 4288 Nam
2501 4234 2638 4289 nihil
2677 4251 2868 4290 eorum
2925 4251 3047 4306 quae
3088 4233 3234 4290 facta
3282 4241 3436 4298 sunt,
3484 4233 3590 4287 sibi
3641 4239 3705 4286 ut

426 4332 574 4377 esset
597 4321 868 4385 contulit;
895 4318 1356 4389 quemadmodum
1381 4319 1871 4389 praestantissimus
1894 4321 2005 4385 ille,
2045 4328 2209 4392 atque
2242 4322 2390 4378 omni
2415 4339 2481 4378 ex
2505 4332 2658 4394 parte
2686 4325 2961 4396 perlectus
2989 4326 3059 4380 ab
3101 4326 3252 4380 nullo
3300 4325 3514 4380 initium
3567 4325 3700 4378 olim

428 4403 650 4479 habuit,
693 4428 760 4468 eo
792 4411 941 4484 quod
998 4427 1279 4482 nunquam
1313 4427 1438 4468 esse
1488 4413 1739 4484 emperit.
1789 4414 2018 4484 Semper
2051 4417 2196 4470 enim
2258 4417 2468 4471 exstitit
2510 4418 2836 4488 exsistitque
2891 4434 3126 4488 semper,
3183 4418 3402 4472 tametsi
3454 4418 3508 4471 in
3545 4416 3703 4470 iden-

427 4507 584 4558 titate
612 4510 856 4568 maneat,
890 4517 1067 4573 neque
1092 4503 1199 4560 sibi
1231 4511 1290 4557 ut
1316 4512 1464 4559 esset
1497 4504 1776 4558 tribuerit.
1812 4504 1870 4558 In
1919 4521 2030 4576 quo
2083 4522 2192 4562 non
2259 4508 2531 4578 ambiguae
2569 4523 2736 4565 voces
2773 4509 3080 4580 quaerendae
3123 4517 3253 4566 sunt
3278 4548 3294 4575 ,
3336 4507 3432 4566 sed
3479 4510 3703 4563 sincera

427 4611 490 4648 ae
521 4593 706 4664 pietati
737 4603 1108 4648 consentanea
1141 4593 1450 4648 adhibenda
1477 4593 1870 4650 consideratio.

499 4686 563 4740 ll.
615 4673 908 4750 Praeterea,
958 4700 1083 4740 cum
1144 4685 1226 4740 sic
1278 4686 1394 4755 ipse
1443 4685 1690 4756 disputes
1735 4703 1750 4740 :
1801 4686 2008 4754 Quodsi

2185 4692 2260 4746 B'.
2302 4693 2412 4746 Καὶ
2467 4692 2673 4760 ἄλλως,
2706 4693 2829 4747 ἐπεὶ
2891 4693 3062 4763 ἔφηςο
3113 4693 3266 4748 Εἰδὲ
3311 4694 3472 4758 αὑτὸς
3521 4692 3704 4766 ἑαυτῷ

426 4777 547 4848 ipse
587 4776 693 4832 sibi
736 4783 796 4830 ut
844 4785 990 4832 esset
1028 4776 1257 4832 minime
1287 4777 1565 4840 tribuait,
1620 4791 1732 4832 non
1788 4791 2012 4850 propter

426 4871 594 4926 ullam
640 4877 853 4926 natura;
899 4868 1353 4934 imbecillitatem,
1407 4867 1503 4924 sed
1551 4869 1697 4938 quod
1739 4871 1812 4927 sit
1859 4872 2010 4928 oumi

424 4981 591 5022 causa
640 4963 930 5034 superior;
961 4956 1122 5016 velim
1153 4968 1209 5015 et
1238 4959 1353 5030 ipse
1386 4957 1516 5013 illud
1551 4959 1860 5031 intelligas:
1898 4978 2006 5016 non

425 5059 494 5114 ad
523 5057 952 5114 imbecillitatem
979 5053 1146 5109 ullam
1184 5051 1309 5109 Filii
1351 5069 1552 5109 nomen
1584 5053 1876 5123 pertinere,
1908 5054 2005 5109 sed

423 5165 489 5206 eo
534 5151 739 5221 potius,
768 5147 915 5219 quod
963 5162 1088 5202 cum
1137 5147 1385 5217 genitore
1419 5145 1623 5217 pariter
1663 5147 2004 5202 conveniens

423 5243 528 5300 sibi
557 5239 1049 5300 consubstantialis
1072 5239 1245 5296 decus
1268 5240 1533 5295 obtineat.
1559 5238 1830 5305 Quoniam
1862 5239 2005 5294 sicut

425 5336 639 5392 Patrem
671 5335 725 5390 in
762 5333 957 5404 primis
982 5332 1140 5388 decet
1169 5347 1394 5387 causam
1438 5345 1657 5386 omnem
1692 5330 2000 5385 excellere:

425 5427 495 5480 ita
527 5427 692 5481 unico
723 5424 812 5479 Dei
838 5423 997 5488 Filio,
1035 5431 1089 5480 et
1122 5423 1190 5479 ab
1217 5440 1326 5478 uno
1367 5421 1532 5477 Patre
1565 5436 1691 5474 cum
1725 5435 1834 5474 uno
1875 5418 2005 5491 Spi-

427 5515 530 5568 ritu
555 5524 748 5572 saneto
774 5514 1093 5584 procedenti
1120 5530 1227 5568 una
1252 5512 1552 5582 eademque
1577 5510 1837 5565 divinitas
1867 5526 2004 5567 con-

518 5672 536 5701 ⁸
568 5669 629 5726 F.
663 5670 884 5734 ἐξελεῖν.
959 5673 979 5701 ²
1008 5670 1065 5724 F.
1099 5669 1302 5731 ἀνοίας.
1380 5668 1400 5697 ³
1436 5665 1560 5736 Leg.
1598 5665 1658 5717 τὸ
1691 5663 1852 5724 εἶναι.

2108 4784 2170 4837 τὸ
2203 4781 2343 4838 εἶναι
2381 4783 2456 4856 μὴ
2489 4785 2784 4856 παρέσχεν,
2821 4785 2883 4838 οὑ
2930 4785 3019 4839 διὰ
3067 4785 3130 4838 τὸ
3169 4785 3397 4849 ἀσθενὲς
3451 4785 3551 4857 τῆς
3597 4785 3702 4855 φύ-

2113 4893 2276 4942 σεως,
2329 4876 2466 4930 ἀλλὰ
2515 4876 2603 4930 διὰ
2655 4876 2716 4930 τὸ
2762 4875 3200 4949 ὑπερϐεϐηκέναι
3245 4879 3427 4931 πᾶσαν
3483 4877 3698 4931 αἰτίαν·

2112 4967 2252 5038 μάθε
2300 4968 2392 5021 καὶ
2442 4967 2625 5032 αὑτὸς,
2673 4968 2756 5021 ὅτι
2793 4969 2852 5021 οὑ
2903 4967 2992 5023 διὰ
3032 4967 3094 5022 τὺ
3142 4967 3368 5032 ἀσθενὲς
3414 4964 3512 5021 τοῦ
3565 4967 3700 5022 Υίοῦ

2107 5055 2260 5109 ἔσται
2291 5056 2353 5108 τὸ
2397 5056 2588 5127 ὄνομα,
2624 5056 2760 5111 ἀλλά
2792 5057 2882 5112 διὰ
2926 5057 2986 5111 τὸ
3019 5057 3344 5130 συμπρέπον
3374 5056 3454 5129 τῷ
3503 5074 3699 5127 γεγεν-
3753 5063 3769 5076 ⁸

2107 5147 2295 5217 νηκότι
2323 5147 2436 5219 ἔχει
2464 5149 2562 5220 τῆς
2589 5151 3003 5223 όμοουσιότητος
3031 5150 3092 5204 τὸ
3121 5150 3418 5222 ἐξαίρετον.
3477 5149 3699 5221 Ἐπειδὴ

2103 5241 2232 5313 γὰρ,
2268 5243 2344 5308 ὡς
2380 5242 2460 5315 τῷ
2493 5245 2670 5318 Πατρὶ
2699 5245 2760 5299 τὸ
2807 5244 3248 5318 ὑπερϐεϐηκέναι
3293 5246 3475 5299 πᾶσαν
3519 5242 3697 5298 αἰτίαν

2103 5331 2554 5401 πρεπωδέστατόν
2587 5335 2754 5400 ἐστιν,
2801 5333 2944 5389 οὕτω
2993 5335 3198 5407 καὶτῷ
3246 5335 3392 5407 μόνῳ
3429 5336 3494 5387 ὲκ
3533 5333 3695 5404 μόνον

2103 5421 2317 5493 Πατρὸς
2369 5425 2468 5479 σὺν
2496 5425 2574 5497 τῷ
2606 5427 2751 5498 μόνῳ
2783 5427 3060 5498 Πνεύματι
3105 5428 3141 5499 ἡ
3189 5427 3328 5499 αὑτὴ
3363 5425 3462 5499 μία
3502 5424 3691 5495 θεότης

2107 5515 2442 5588 συμπρέπει,
2497 5518 2837 5590 μηδὲαῖτιον
2889 5519 3245 5594 ὑποδέχεσθαι
3289 5517 3584 5592 δυναμένη.
3626 5514 3690 5571 οὗ
