3990 6228
403 327 508 383 δΒἸ

1077 316 1446 377 Αονειιευε
1484 315 1832 375 [LERESES
1871 315 1999 374 LIB.
2040 315 2129 374 ιιι.
2170 307 2337 376 rou.
2380 320 2422 376 ι.
2466 349 2531 360 -
2558 319 2829 377 HERES.
2863 321 3091 378 Lxxw.

3547 328 3653 388 558

398 443 489 496 διὰ
534 441 596 495 τὸ
638 438 880 501 ἀσθενὲς,
915 435 1049 490 ἀλλά
1095 436 1184 489 διὰ
1216 436 1277 489 τὸ
1314 434 1751 507 ὑπερϐεϐηκέναι
1803 434 1976 490 πάντα

2080 435 2244 500 venit,
2282 452 2402 508 quae
2458 438 2663 493 nullam
2713 439 2796 494 sui
2847 454 3071 495 causam
3124 437 3394 505 admittat,
3430 456 3540 499 non
3581 444 3654 501 ob

398 531 758 604 ἀριθμὸντὸν
796 530 855 596 ἐξ
900 529 1000 582 οὐκ
1032 528 1202 581 ὄντων
1228 544 1243 558 ο
1278 528 1408 597 μιᾶς
1455 524 1622 597 ούσης
1651 525 1754 596 τῆς
1792 525 1980 596 θεότη-

398 642 493 689 τος
539 626 597 678 ὲν
646 623 725 676 ἐνὶ
768 623 992 693 ὀνόματι
1040 618 1269 691 Τριάδος
1309 618 1737 690 ἀριθμουμένης,
1792 617 1887 671 καὶ
1921 617 1979 671 ὲν

403 718 505 787 μιᾷ
536 714 791 787 σφραγῖδι
822 713 1099 783 ὀνομάτων
1125 710 1339 780 Πατρὸς
1400 710 1494 762 καὶ
1538 707 1670 763 Υίοῢ
1699 707 1794 762 καὶ
1822 708 1977 777 ἁγίου

399 806 719 876 Πνεύματος
780 808 892 868 τοῖς
942 801 1329 873 φωτιζομένοις
1383 800 1825 872 κηρυττομένης,
1883 801 1979 854 καὶ

401 897 572 968 μηδὲν
622 895 1071 967 παρηλλαγμένον
1120 893 1321 965 ἑαυτῆς
1365 893 1615 964 ἐχούσης,
1647 891 1736 945 διὰ
1778 891 1885 945 τῶν
1918 891 1978 945 ὲν

397 990 630 1061 ἀληθείᾳ
691 988 865 1057 λόγων
931 987 1153 1057 ἰσότητα
1231 985 1523 1057 ὀνομασίας
1590 983 1974 1055 πληρούντων,

399 1082 618 1155 Πατρὸς
666 1084 760 1136 καὶ
801 1080 933 1135 Υίοῦ
982 1081 1073 1133 καὶ
1106 1079 1261 1148 ἁγίου
1302 1078 1634 1148 Πνεύματος.
1694 1078 1871 1148 Ἔφης
1918 1075 1977 1128 δὲ
2016 1068 2021 1069 ί

397 1171 587 1236 πάλιν,
620 1172 702 1225 ὅτι
733 1169 904 1223 Πόθεν
953 1168 1020 1223 ἄν
1068 1185 1153 1231 τις
1186 1166 1284 1239 τήν
1332 1167 1643 1219 ὑποστᾶσαν
1693 1162 1830 1236 πρὸς
1878 1160 1977 1232 τὴν

396 1265 782 1335 ὑποστήσασαν
839 1261 1034 1332 φύσιν,
1076 1259 1135 1312 τὸ
1186 1257 1603 1328 ἀπαράλλακτον
1649 1256 1730 1318 εἰς
1786 1253 1975 1307 οὐσίαν

396 1356 548 1426 ἔχειν
587 1354 1026 1424 συγχωρήσειεν,
1055 1349 1117 1403 οὐ
1160 1338 1527 1420 προσιεμένης
1568 1345 1668 1417 τῆς
1720 1342 1977 1413 τοιαύτης

397 1443 752 1504 ὑποστάσεως
776 1442 1025 1510 γένεσιν;
1058 1440 1167 1494 Καὶ
1210 1436 1333 1492 οὔτε
1376 1436 1658 1505 νενόηκας,
1686 1435 1761 1498 ὡς
1786 1434 1976 1489 ἑαυτὸν

396 1533 769 1605 ἠλλοτρίωσας
828 1530 1191 1601 ἀπογνώσεως
1239 1527 1376 1583 Θεοῦ
1427 1528 1530 1598 τῆς
1584 1525 1860 1597 ἀληθείας,
1912 1523 1975 1577 οὐ

396 1625 681 1695 Πνεύματι
709 1625 850 1694 ἁγίῳ
876 1625 945 1677 τὰ
984 1622 1083 1693 τῆς
1120 1620 1374 1692 ἀληθείας
1400 1617 1803 1688 διδασκόμενος,
1839 1614 1977 1669 ἀλλὰ

395 1716 566 1786 σοφίᾳ
604 1717 842 1786 κοσμικῇ
883 1716 949 1785 τῇ
998 1712 1344 1784 μωρανοείσῃ
1386 1709 1453 1764 τά
1496 1709 1610 1764 ἄνω
1653 1705 1976 1779 ἐμϐατεύειν

2083 525 2246 578 ullam
2277 526 2727 594 imbecillitatem,
2751 527 2845 583 sed
2875 529 3021 598 quod
3050 529 3116 584 iis
3145 532 3560 602 omnibus,qu:c
3583 550 3650 589 ex

2080 617 2251 671 nihilo
2283 617 2424 673 facta
2450 628 2599 685 sunt,
2624 621 2931 675 antecellat.
2961 620 3226 676 Nimirum
3257 638 3364 677 una
3392 625 3653 685 divinitas

2079 718 2184 774 est,
2228 726 2352 781 quae
2398 711 2502 767 sub
2551 725 2661 765 una
2693 711 2978 768 Trinitatis
3034 715 3397 784 appellatione
3458 733 3653 772 nume-

2079 794 2256 865 ratur,
2281 809 2337 856 et
2387 802 2443 856 in
2478 801 2677 868 Patris,
2704 801 2829 857 Filii
2880 818 2943 858 ac
2974 803 3211 874 Spiritus
3253 806 3429 861 sancti
3473 808 3657 862 norni—

2079 892 2261 959 nibus,
2294 892 2495 962 quibus
2529 894 2676 949 velut
2723 895 2986 966 singulari
3031 896 3214 966 aliquo
3245 898 3424 969 sigillo
3466 898 3653 953 firma-

2078 999 2224 1047 mur,
2272 985 2338 1039 iis
2368 985 2459 1055 qui
2510 984 2785 1055 baptismo
2833 986 3121 1041 initiantur
3152 988 3436 1057 praedicari
3471 990 3652 1056 solet;

2080 1088 2143 1129 ac
2180 1075 2416 1145 denique
2461 1077 2599 1132 nihil
2642 1094 2670 1132 a
2711 1079 2894 1148 seipsa
2929 1078 3203 1134 diversum
3235 1081 3498 1147 continet,
3527 1097 3653 1138 cum

2079 1181 2107 1220 a
2144 1167 2373 1224 veritate
2401 1168 2658 1238 profecta:
2686 1170 2790 1225 illae
2823 1186 2987 1227 voces
3032 1170 3233 1238 Patris,
3271 1171 3397 1226 Filii
3434 1180 3489 1228 et
3528 1171 3655 1244 Spi-

2077 1257 2218 1313 ritus
2271 1261 2472 1325 sancti,
2515 1262 2657 1331 ejus,
2704 1264 2849 1333 quod
2896 1263 3243 1334 significant,
3290 1265 3655 1335 aequalitatem

2080 1350 2361 1420 impleant.
2392 1352 2548 1419 Quod
2576 1369 2708 1410 vero
2739 1354 3004 1424 subjicis:
3037 1355 3173 1421 Quis
3200 1356 3524 1423 productam
3556 1372 3657 1412 nae

2079 1447 2257 1498 turam
2294 1443 2361 1497 ab
2382 1458 2445 1498 ea
2470 1460 2594 1514 quae
2626 1446 2946 1516 produxerit
2971 1446 3137 1517 939
3164 1448 3297 1501 nihil
3329 1448 3384 1502 in
3409 1448 3649 1504 essentia

2077 1532 2418 1591 discriminis
2454 1536 2657 1592 habere
2703 1536 2983 1604 fatebitur,
3024 1554 3166 1593 .cum
3209 1540 3477 1607 ejusmodi
3512 1540 3646 1596 sub-

2079 1625 2280 1680 stantia
2333 1628 2739 1699 generationem
2785 1645 3001 1686 onmem
3037 1631 3330 1687 excludat?
3367 1630 3487 1687 Non
3518 1632 3653 1687 illud

2081 1717 2495 1784 animadvertis,
2536 1732 2565 1773 a
2595 1719 2796 1775 divinae
2830 1720 3077 1778 veritatis
3121 1722 3431 1792 cognitione
3473 1729 3565 1777 tua
3600 1733 3656 1778 te

396 1806 760 1878 πειρώμενος.
819 1806 1151 1869 ’Λκολούθως
1187 1805 1297 1877 γὰρ
1351 1804 1443 1858 καὶ
1491 1801 1654 1865 αὐτὸς
1699 1798 1974 1863 ἀκούσεις,

2080 1808 2238 1879 culpa
2268 1809 2588 1877 abalienari,
2631 1810 2705 1865 ut’
2720 1811 2813 1882 qui
2836 1827 2945 1867 non
2968 1826 3000 1866 a
3042 1811 3249 1882 Spiritu
3282 1822 3472 1869 sancto
3505 1814 3654 1869 veri-

399 1900 489 1954 ὅτι
540 1898 918 1971 μεματαίωταί
950 1914 1053 1952 σοι’
1092 1894 1226 1952 Οἵδε
1251 1898 1362 1967 γὰρ
1403 1899 1438 1951 ὁ
1486 1895 1631 1960 Θεὸς
1678 1892 1823 1957 τοὺς
1869 1894 1976 1945 λο-

398 1990 658 2061 γισμοὺς
708 1987 827 2041 τῶν
871 1986 1099 2056 σοφῶν,
1157 1986 1247 2039 ὅτι
1292 1985 1411 2040 εἰσὶ
1459 1983 1719 2054 μάταιοι.
1766 1981 1826 2035 '0
1868 1978 1977 2051 γὰρ

393 2080 605 2150 γεννῶν
632 2078 724 2133 τόν
744 2079 1101 2133 ὲνυπόστατον
1123 2078 1316 2145 Λόγον,
1348 2077 1461 2130 ίσον
1486 2072 1664 2143 ἑαυτῷ
1693 2072 1975 2142 ἐγέννησε,

392 2172 496 2226 καὶ
513 2172 574 2225 ού
596 2171 1046 2243 παρηλλαγμένον
1073 2170 1172 2242 τῆς
1198 2167 1391 2223 ἑαυτοῦ
1413 2166 1681 2237 θεότητος,
1699 2165 1759 2218 οὐ
1778 2163 1866 2217 διὰ
1880 2162 1978 2233 τὴν

391 2261 493 2315 τοῦ
524 2263 861 2333 γεννήματος
893 2260 1265 2333 παραλλαγὴν,
1293 2257 1407 2313 ἀλλ’
1435 2258 1517 2311 ὅτι
1560 2254 1808 2328 ἀπρεπὲς
1837 2253 1976 2318 ὅλως

389 2354 466 2427 ἦν
481 2357 541 2410 τὸ
557 2356 900 2427 διανοηθῆναι
922 2357 1067 2427 ἡμᾶς
1095 2355 1312 2420 ἀνάξιον
1335 2351 1545 2406 ἐαυτδν¹
1570 2351 1665 2405 καὶ
1683 2351 1866 2405 ἄνισον
1882 2348 1978 2404 καὶ

395 2447 779 2517 ὕποϐεϐηκότα
793 2446 886 2501 τοῦ
917 2448 1239 2518 γεννήτορος
1260 2442 1646 2514 γεγεννηκέναι
1657 2441 1718 2495 τὸ
1735 2441 1979 2512 γέννημα

394 2536 563 2589 αὐτὸν
610 2536 700 2590 τὸν
738 2534 1118 2607 γεγεννηκότα.
1179 2534 1270 2587 Διὸ
1299 2534 1387 2588 διὰ
1440 2532 1534 2586 τοῦ
1569 2530 1699 2584 Υίοῠ
1749 2529 1845 2583 καὶ
1889 2531 1975 2585 ὲν-

396 2628 703 2681 υποστάτου
721 2628 893 2696 Λόγου
919 2626 988 2679 τὰ
1015 2627 1192 2680 πάντα
1222 2625 1500 2695 γεγονέναι
1527 2622 1630 2693 ἔφη
1652 2638 1665 2651 ·
1702 2622 1789 2674 ἵνα
1816 2619 1979 2674 αὐτὸν

394 2721 501 2774 οὐκ
547 2721 656 2774 ἀπὸ
691 2720 800 2773 τῶν
852 2718 1151 2789 γεγονότων
1182 2717 1483 2788 ἀριθμήσῃ,
1528 2714 1643 2768 ἀλλ’
1688 2716 1746 2787 έν
1798 2712 1974 2783 Πατρὶ

394 2814 585 2885 ὅμοιον
615 2814 709 2867 καὶ
736 2813 848 2867 ἴσον
890 2813 1040 2878 ὄντα,
1078 2812 1167 2866 διὰ
1194 2811 1255 2865 τὸ
1288 2809 1610 2883 συμπρέπον
1642 2810 1708 2879 τῇ
1738 2805 1832 2859 τοῦ
1867 2806 1981 2867 Πα-

395 2905 528 2975 τρὸς
555 2906 820 2977 ὀνομασίᾳ
857 2900 1017 2970 εἶναι,
1067 2904 1154 2959 ἀεὶ
1183 2903 1312 2956 ὄντα
1344 2902 1441 2973 τὴν
1476 2900 1664 2955 οὐσίαν
1716 2898 1795 2970 τῷ
1841 2899 1979 2963 ὄντι,

397 2997 465 3048 οὐ
497 2995 646 3060 ξένον
674 2997 823 3061 ὄντα,
857 2995 992 3049 ἀλλὰ
1019 2996 1272 3067 γνήσιον,
1322 2994 1398 3058 ώς
1428 2993 1559 3046 Υίὸν
1602 2989 1889 3058 ὁμοούσιον
1921 2989 1982 3053 ἐξ

397 3089 567 3142 αὐτοῦ
607 3087 1021 3158 γεγεννημένον.

2079 1900 2356 1955 tatemsis
2376 1901 2625 1966 edoctus,
2652 1901 2747 1957 sed
2781 1901 2973 1956 mundi
3002 1901 3169 1972 hujus
3198 1902 3463 1974 sapientia
3482 1944 3498 1971 ,
3532 1920 3653 1976 quae
3682 1912 3688 1917 '

2077 1990 2225 2045 fatua
2253 1992 2562 2063 stolidaque
2620 1992 2832 2048 reddita
2866 1995 2951 2050 est
2973 1995 3016 2059 ³,
3050 1993 3341 2059 subnixus,
3374 1994 3443 2049 ad
3482 1996 3649 2053 cocle-

2081 2080 2187 2136 stia
2235 2090 2286 2136 te
2335 2082 2637 2152 provehere
2678 2084 2920 2140 conaris.
2962 2083 3144 2149 Quare
3170 2098 3517 2156 consequens
3545 2094 3653 2149 est,

2083 2178 2145 2224 ut
2170 2178 2227 2225 et
2249 2170 2383 2226 illud
2409 2172 2625 2237 audias,
2658 2172 2865 2229 frustra
2896 2180 2948 2229 te
2974 2188 3131 2230 esse:
3164 2172 3327 2229 Novit
3347 2176 3488 2230 enim
3512 2174 3656 2231 Deus

2077 2265 2375 2330 sapientum
2406 2264 2781 2333 cogitationes,
2812 2265 3060 2336 quoniam
3098 2282 3246 2321 vana:
3284 2277 3408 2322 sunt
3429 2268 3470 2321 ⁸.
3504 2267 3656 2335 Quo-

2078 2353 2226 2409 circa
2257 2354 2353 2425 qui
2396 2354 2708 2413 subsistens
2742 2355 2981 2412 Verbum
3025 2358 3233 2429 genuit,
3266 2359 3409 2415 idem
3447 2362 3658 2431 aequale

2080 2446 2185 2502 sibi
2233 2446 2443 2518 genuit,
2492 2462 2596 2503 nec
2639 2462 2673 2502 a
2718 2463 2819 2505 sua
2854 2449 3140 2506 divinitate
3191 2451 3506 2521 diversum;
3552 2468 3656 2509 nec

2081 2539 2193 2593 ulla
2214 2548 2297 2594 est
2322 2541 2378 2593 in
2406 2538 2588 2608 genita
2620 2538 2809 2596 sobole
2833 2539 3094 2607 varietas,
3115 2556 3241 2596 cum
3270 2542 3495 2599 minime
3522 2559 3656 2601 sane

2080 2628 2299 2693 deceat,
2342 2637 2401 2684 ut
2440 2630 2592 2685 illum
2631 2641 2905 2702 putemus,
2943 2630 3226 2704 indignum
3271 2635 3453 2705 seipso
3481 2642 3536 2690 et
3569 2636 3656 2691 in-

2079 2720 2343 2791 aequalem
2399 2729 2454 2776 et
2491 2720 2633 2776 infra
2674 2722 3046 2778 conditionem
3084 2724 3351 2794 genitoris
3392 2726 3656 2782 amanda—

2082 2820 2197 2866 tum
2246 2827 2405 2868 suum
2451 2813 2606 2867 illum
2675 2814 2931 2883 genuisse
2979 2812 3199 2870 Filium.
3255 2815 3430 2884 Quam
3485 2818 3651 2873 etiam

2082 2899 2153 2954 ob
2200 2914 2426 2955 causam
2480 2916 2577 2971 per
2659 2901 2857 2956 Filium
2923 2917 2989 2958 ac
3048 2904 3358 2961 subsistens
3415 2904 3654 2962 Verbum

2081 2991 2264 3045 omnia
2299 3008 2427 3047 esse
2464 2993 2605 3047 facta
2642 3001 2875 3050 testatus
2905 3002 3011 3061 est,
3052 3006 3112 3051 ut
3146 2997 3440 3066 ipsummet
3473 2998 3541 3053 ab
3568 2998 3655 3052 fa-

2082 3089 2296 3136 ctarum
2361 3100 2540 3139 rerum
2586 3100 2817 3139 numero
2875 3096 3187 3143 secerneret
3217 3087 3566 3159 doceretque,
3594 3103 3657 3144 se

398 3182 456 3235 in
497 3181 659 3237 Patre
691 3180 922 3233 similem
962 3187 1125 3248 atque
1156 3176 1417 3246 aaqualetn
1456 3188 1615 3230 esse:
1651 3171 1794 3243 quod
1832 3171 2011 3241 ipsum
2047 3171 2226 3230 Patris
2255 3175 2603 3245 appellationi
2638 3184 3069 3233 consentaneum
3108 3188 3220 3244 est;
3278 3194 3515 3250 semper,
3568 3180 3655 3235 in-

397 3292 605 3347 quam,
661 3270 1046 3329 exsistentem'
1082 3271 1137 3324 in
1184 3268 1491 3325 substantia
1539 3280 1675 3331 sua,
1721 3280 1829 3321 non
1891 3268 2258 3336 peregrinum,
2302 3268 2397 3322 sed
2467 3285 2818 3339 germanum,
2891 3280 3080 3340 utpote
3123 3272 3655 3330 consubstantialem

394 3369 623 3430 Filium.
656 3375 713 3423 et
742 3382 773 3421 a
810 3366 971 3420 Patre
1001 3365 1265 3435 genitum.

790 3478 1187 3534 ΚΕΦΑΛΑΙΟΝ
1223 3476 1479 3532 ΑΕΤΙΟΥ
1514 3481 1587 3533 Δ’.

471 3575 538 3629 Εἰ
567 3572 936 3644 ἀτελευτήτως
961 3574 989 3625 ὁ
1028 3570 1159 3634 Θεὸς
1190 3570 1432 3640 διαμένει
1464 3571 1522 3623 ὲν
1565 3568 1844 3642 ἀγεννήτῳ
1874 3568 1976 3639 φύ-

399 3682 507 3728 σει,
539 3665 633 3717 καὶ
670 3662 1042 3733 ἁτελευτήτως
1068 3661 1129 3714 τὸ
1160 3659 1407 3733 γέννημα
1432 3659 1678 3731 γέννημά
1703 3661 1849 3713 ἐστιν
1873 3676 1887 3689 ο
1942 3660 1977 3729 ή

396 3755 496 3809 τοῦ
522 3753 810 3825 ὁμοουσίου
844 3752 940 3806 καὶ
970 3750 1344 3822 ἀνομοιουσίου
1405 3749 1693 3815 κακοδοξία
1723 3766 1977 3821 παραφα-

396 3846 733 3918 νισθήσεται.
773 3846 1016 3899 Ἰσταται
1046 3843 1101 3897 δὲ
1122 3842 1180 3896 τὸ
1204 3844 1263 3896 ὲν
1290 3842 1447 3914 οὐσίᾳ
1480 3842 1814 3911 ἀσυγκρίτῳ,
1846 3842 1978 3893 ἐκα-

396 3938 570 4009 τέρας
622 3937 836 4007 φύσεως
885 3935 1180 4005 ἀπαύστως
1229 3932 1591 4006 διαμενούσης
1638 3933 1698 3987 ὲν
1736 3932 1813 4003 τῷ
1866 3932 1979 4003 ίδὶῳ

397 4032 501 4103 τῆς
530 4031 747 4101 φύσεως
783 4028 1075 4101 ἀξιώματι.

964 4140 1021 4194 Ἀ
1029 4138 1295 4208 νατροπὴ
1342 4137 1416 4192 Δ’.

474 4237 538 4289 Εἰ
589 4235 960 4306 ἀτελευτήτως
1005 4232 1101 4286 καὶ
1133 4229 1428 4292 ἀπαύστως
1478 4229 1507 4280 ὁ
1550 4226 1682 4291 Θεὸς
1712 4226 1975 4299 διαμένει,

398 4328 478 4392 ὡς
510 4327 668 4399 ἔφης,
709 4329 767 4381 ὲν
794 4326 1075 4395 ἀγεννήτῳ
1105 4321 1284 4391 φύσει,
1322 4318 1483 4389 φύσις
1539 4318 1597 4371 δὲ
1639 4317 1773 4371 Θεοῦ
1810 4318 1976 4382 ἀΐδιος

397 4420 771 4490 ἀτελευτήτως
803 4418 1004 4489 ἔχουσα
1051 4416 1113 4470 τὸ
1158 4415 1397 4485 ἀξίωμα,
1434 4413 1497 4466 οὐ
1546 4411 1636 4466 διά
1676 4429 1730 4465 τι
1767 4412 1974 4485 ἕτερον,

398 4512 539 4567 ἀλλὰ
563 4512 650 4565 διὰ
674 4511 735 4564 τὸ
769 4510 1024 4564 αὐτόθεον
1052 4509 1146 4562 καὶ⁹
1174 4506 1474 4561 αὐτοαΐδιον
1494 4521 1508 4535 ·
1540 4506 1646 4576 ἄρα
1676 4522 1738 4573 γε
1775 4506 1869 4558 καὶ
1916 4504 1977 4558 τὸ

396 4604 648 4674 γέννημα
679 4601 959 4673 ὁμοούσιον
990 4600 1164 4666 ἔσται,
1216 4598 1266 4650 εί
1300 4595 1451 4668 παρὰ
1494 4596 1577 4648 σοὶ
1620 4596 1681 4649 τὸ
1730 4594 1824 4649 τοῦ
1851 4596 1977 4648 ἀτε-

395 4697 660 4768 λευτήτου
692 4696 912 4767 εἴληφεν
949 4696 1142 4765 ὄνομα,
1193 4693 1288 4757 ὡς,
1342 4690 1687 4761 παλιμϐόλως
1734 4688 1812 4760 τῷ
1862 4687 1976 4760 Υίῷ

388 4789 761 4862 ¹χαρίσασθαι,
826 4786 1068 4851 πιθανῶς
1121 4783 1567 4855 ὲφυσιολόγησας.
1616 4780 1820 4843 Δώσεις
1866 4779 1977 4853 γὰρ

2572 3466 2756 3521 AETII
2795 3465 3027 3521 CAPUT
3066 3466 3157 3522 IV.

2155 3559 2212 3614 Si
2245 3564 2510 3629 perpetuo
2564 3571 2628 3612 ac
2675 3557 2796 3612 sine
2829 3557 2937 3611 ullo
2987 3557 3093 3613 fine
3134 3558 3277 3616 Deus
3318 3561 3373 3616 in
3406 3562 3648 3635 ingenita

2077 3659 2274 3707 natura
2313 3648 2580 3719 persistit,
2613 3662 2676 3703 ac
2707 3648 2751 3702 si
2778 3649 2960 3717 genita
2996 3649 3213 3706 soboles
3257 3651 3377 3708 sine
3412 3656 3523 3712 ullo
3549 3658 3656 3715 fine

2078 3743 2259 3813 genita
2288 3749 2392 3803 est,
2421 3754 2587 3809 prava
2619 3740 2710 3793 illa
2739 3739 2807 3795 de
2835 3739 3183 3797 homoousio.
3214 3752 3270 3798 et
3303 3744 3651 3805 homoeousio

2078 3831 2351 3889 sententia
2374 3830 2774 3901 profligabitur.
2810 3830 2948 3885 Cum
2974 3831 3106 3887 illud
3130 3834 3347 3890 interim
3370 3837 3422 3891 in
3450 3840 3655 3896 utrius-

2078 3946 2186 4001 que
2223 3938 2437 3985 naturaz
2475 3929 2740 3999 dignitate
2778 3937 3082 3995 remaneat,
3112 3937 3193 3993 ut,
3230 3928 3375 3999 quod
3416 3931 3484 3985 ad
3518 3933 3651 3988 sub-

2079 4023 2338 4078 stantiam
2372 4022 2584 4084 attinet,
2621 4022 2927 4091 comparari
2959 4023 3101 4077 inter
3130 4036 3190 4077 se
3218 4030 3515 4092 nequeant.

2638 4133 2946 4202 Confutatio
2981 4132 3008 4188 Ι
3028 4133 3085 4188 γ.

2150 4226 2209 4281 Si
2243 4234 2507 4297 perpetuo
2541 4240 2605 4281 ac
2658 4228 2780 4282 sine
2821 4226 2932 4280 ullo
2979 4224 3084 4280 fine
3117 4224 3279 4291 Deus,
3314 4235 3373 4281 ut
3422 4228 3650 4292 asseris,

2080 4315 2135 4370 in
2184 4316 2426 4387 ingenita
2473 4324 2671 4371 natura
2711 4323 3033 4385 permanet,
3077 4322 3272 4385 estque
3318 4319 3651 4388 sempiterna

2079 4409 2175 4465 Dei
2227 4418 2458 4471 natura,
2505 4424 2627 4479 qua:
2676 4408 2795 4463 sine
2842 4407 2954 4462 ullo
2987 4408 3093 4463 fine
3130 4407 3451 4479 dignitatem
3494 4427 3651 4467 suam

2077 4501 2317 4566 obtinet;
2351 4501 2553 4555 nullam
2587 4500 2656 4555 ob
2698 4500 2859 4554 aliam
2897 4513 3145 4565 causam,
3180 4515 3343 4570 quam
3379 4501 3523 4572 quod
3558 4518 3653 4574 per

2077 4610 2200 4651 sese
2244 4592 2408 4657 Deus,
2442 4608 2503 4647 ac
2548 4607 2645 4663 per
2683 4606 2805 4646 sese
2849 4591 3217 4660 sempiternus
3247 4600 3332 4647 est
3363 4610 3376 4646 :
3403 4593 3569 4664 igitur
3596 4603 3651 4649 et

2078 4686 2260 4759 genita
2306 4685 2525 4740 soboles
2579 4682 3063 4738 consubstantialis
3104 4682 3226 4745 erit,
3274 4697 3400 4738 cum
3445 4684 3650 4739 indesi-

2077 4781 2258 4834 nentis
2293 4778 2393 4832 abs
2426 4785 2477 4832 te
2518 4791 2714 4830 nomen
2753 4776 2831 4829 illi
2868 4774 3160 4837 tribuatur,
3190 4774 3650 4845 quemadmodum

395 4861 494 4932 καί
521 4876 961 4947 ἀναγκαζόμενος
1003 4872 1336 4946 ὁμολογῆσαι
1376 4871 1437 4925 τὺ
1484 4869 1578 4923 τοῦ
1611 4867 1972 4938 ἀτελευτήτου

2080 4869 2273 4925 callide
2300 4884 2365 4923 ac
2419 4867 2750 4923 veteratorie
2780 4865 2920 4922 Filio
2951 4866 3268 4937 gratificans
3290 4866 3650 4936 probabiliter

394 4974 455 5025 ἐν
488 4971 693 5025 ἆπασιν
726 4969 955 5023 ἄπλετον
991 4966 1085 5020 καὶ
1134 4964 1417 5036 ἀχώρητον
1462 4962 1651 5032 ὄνομα.
1709 4960 1834 5025 Πῶς
1878 4956 1974 5013 οὖν

391 5065 497 5117 οὐκ
563 5062 713 5115 ἔσται
773 5059 1093 5131 ὁμοούσιον;
1165 5055 1382 5127 Ἐπειδὴ
1452 5053 1637 5118 ἔδοξας
1677 5051 1968 5117 σκώπτειν,

390 5158 482 5211 διὰ
527 5153 817 5220 κακοδόξω
887 5153 1149 5223 ὀνόματος
1215 5149 1313 5222 τὴν
1377 5148 1632 5219 ἀλήθειαν
1692 5145 1989 5229 ὲξυϐρίσαιῇ

392 5249 831 5320 πειρασάμενος,
899 5246 959 5313 ἐξ
1009 5244 1187 5299 αὐτῶν
1250 5243 1635 5314 ἐλεγχόμενος,
1689 5235 1764 5293 ὧν
1813 5239 1969 5309 ἔφης,

390 5342 676 5415 ῥημάτων.
736 5341 808 5392 ’Ἡ
858 5338 968 5409 γάρ
1027 5336 1215 5399 δώσεις
1283 5334 1435 5397 τέλος
1473 5338 1493 5366 ³
1551 5332 1660 5385 τῶν
1715 5330 1819 5384 ὑπὸ
1878 5329 1972 5383 σοῦ

391 5431 865 5503 παρηλλαγμένων
917 5425 1418 5499 βλασφημουμένων
1491 5425 1591 5496 τὴν
1644 5422 1869 5488 οὐσίαν,
1933 5421 1967 5493 ἢ

389 5525 745 5595 ἀτελεύτητον
798 5522 959 5577 αὐτὸν
1002 5519 1356 5592 ὁρισάμενος,
1406 5518 1463 5570 ὲν
1510 5517 1712 5570 ἅπασιν
1761 5513 1970 5585 ἀμετά-

390 5634 588 5671 στατον
620 5617 714 5670 καὶ
747 5613 1161 5687 ἀπαράλλακτον
1186 5610 1285 5681 τῆς
1309 5607 1403 5662 τοῦ
1428 5608 1784 5677 ἀτελευτήτου
1814 5606 1971 5671 ἀξίας

2077 4961 2145 5017 de
2182 4962 2302 5031 ejus
2349 4966 2544 5014 natura
2584 4958 2900 5028 disputasti.
2952 4956 3116 5014 Dabis
3170 4957 3276 5012 hoc
3324 4956 3518 5028 igitur,
3564 4956 3649 5010 vel

2077 5053 2319 5117 invitus,
2362 5060 2423 5106 ut
2475 5050 2750 5105 infinitum
2815 5049 2951 5104 illud
2997 5060 3052 5105 et
3095 5045 3649 5117 incomprehensibile

2078 5159 2276 5199 nomen
2325 5141 2691 5198 indesinentis
2717 5143 2942 5195 omnino
2974 5140 3199 5195 fateare.
3229 5137 3426 5190 Annon
3481 5134 3650 5206 igitur

2077 5234 2566 5291 consubstantialis
2609 5233 2752 5288 erit?
2786 5231 3017 5298 Quando
3062 5232 3135 5285 ita
3164 5228 3341 5298 jocari
3380 5228 3532 5283 visus
3565 5243 3646 5291 es,

2076 5329 2203 5383 dum
2246 5325 2411 5397 940
2456 5326 2722 5395 sacrilega
2759 5322 3122 5395 appellatione
3160 5318 3376 5373 veritati
3417 5318 3648 5375 illudcre

2075 5428 2306 5474 conatus
2328 5434 2410 5483 es,
2446 5419 2518 5471 ita
2552 5428 2733 5472 tamen
2779 5425 2839 5469 ut
2874 5416 2964 5468 illa
3005 5414 3141 5482 ipsa,
3168 5409 3369 5480 quibus
3393 5425 3525 5465 usus
3558 5426 3641 5476 cs,

2074 5520 2128 5566 te
2158 5511 2321 5565 verba
2349 5507 2830 5580 redarguant.'Aut
2851 5504 2994 5559 enim
3026 5500 3186 5556 finem
3207 5500 3409 5555 habere
3431 5509 3644 5563 statues

2074 5605 2247 5669 illum,
2284 5617 2446 5673 quem
2479 5617 2574 5670 per
2602 5611 2872 5654 summam
2905 5590 3293 5648 contumeliam
3331 5591 3639 5649 substantia

463 5734 483 5767 ¹
519 5732 583 5789 F.
624 5732 839 5787 ἑαυτοῦ.
919 5733 938 5761 ²
974 5729 1032 5783 F.
1058 5730 1220 5801 ἔχειν,
1248 5727 1343 5785 sed
1372 5743 1438 5783 ne
1466 5727 1545 5781 sic
1578 5724 1798 5797 quidem
1828 5730 1977 5779 consl

2080 5722 2178 5778 sibi
2216 5720 2397 5775 lectio.
2480 5717 2500 5747 ³
2524 5715 2544 5769 l
2565 5715 2691 5771 Cor.
2720 5726 2759 5781 I,
2781 5711 2873 5767 20.
2951 5706 3140 5769 ‘Psal.
3172 5723 3329 5772 xcut,
3360 5709 3449 5762 ll.
