3990 6228
361 321 467 382 559
1700 315 1760 373 ὃ.
1803 311 2146 370 EPIPHANII
3512 312 3631 368 560

361 441 680 512 discrepare
734 433 994 515 voluisti;
1040 439 1176 498 aut,
1232 431 1279 489 si
1345 444 1628 502 nunquam
1693 430 1945 487 desinere

2060 429 2290 500 εἰσάγειν
2330 392 2722 500 ἀνάγκασθήσῃ
2740 469 2756 496 ,
2787 426 2889 499 τῆς
2920 426 3177 500 ἀληθείας
3215 425 3290 497 μὴ
3320 425 3635 498 παραδεχο-

363 533 591 596 sentias,
641 527 891 587 eumdem
939 525 1090 581 nulla
1145 539 1213 581 ex
1269 531 1424 594 parte
1482 530 1788 590 mutatum,
1841 532 1937 579 aut

2060 521 2208 592 ιένης
2241 520 2386 591 ἔχειν
2418 520 2510 574 τὸν
2541 520 2671 574 Υίδν
2693 561 2710 586 ,
2762 520 2845 574 ὅτι
2893 519 3008 590 τῆς
3049 518 3372 585 ,βασιλείας
3414 517 3638 582 αὑτοῦ,

2038 611 2204 683 φησὶν
2249 613 2283 683 ἡ
2342 610 2554 683 Γραφὴ,
2608 612 2719 666 οὐκ
2772 611 2945 665 ἔσται
2988 610 3198 677 τέλοςο
3266 609 3356 664 διὰ
3421 609 3487 662 τὸ
3527 609 3640 665 σὺν

2038 704 2217 775 Πατρὶ
2253 703 2558 774 βασιλεύειν
2587 703 2674 757 ἀεὶ
2708 704 2803 757 καὶ
2833 704 2932 757 σὺν
2974 703 3053 774 τῷ
3085 702 3228 773 ἀγίῳ
3259 700 3420 756 αὐτοῦ
3456 700 3643 756 Πνεύ-

362 627 644 697 diversum
695 622 765 676 ab
795 617 1162 676 indesinentis
1202 615 1654 688 illiusdignitate
1687 616 1938 686 proﬁteri

360 717 594 788 cogeris.
640 711 829 786 Neque
878 713 1026 768 enim
1077 710 1284 767 veritas
1337 710 1576 780 patitur,
1619 710 1699 764 uti
1763 707 1938 765 Filius

363 807 524 864 linem
545 821 784 878 unquam
807 805 1095 860 habiturus
1119 803 1486 868 existimetur,
1505 803 1763 874 quoniam
1792 803 1940 873 regni

360 897 550 970 ipsius,
579 897 654 950 ait
697 893 982 965 Scriptura
1002 894 1042 956 ¹,
1085 908 1189 945 non
1215 892 1314 945 erit
1347 892 1492 961 finis,
1523 907 1590 946 eo
1633 893 1780 963 quod
1813 908 1938 947 cum

361 986 525 1051 Patre
579 1002 644 1043 ac
693 986 902 1057 Spiritu
951 992 1143 1040 sancto
1172 991 1436 1054 perpetuo
1470 992 1684 1054 regnat.
1724 984 1939 1039 Etenim

362 1080 626 1150 quidquid
660 1080 877 1133 initium
910 1078 1094 1140 habet,
1135 1079 1297 1131 linem
1332 1078 1495 1130 etiam
1526 1076 1781 1143 habebit,
1817 1079 1863 1132 si
1891 1076 1940 1131 ci

363 1170 604 1234 libuerit,
639 1170 730 1240 qui
775 1169 874 1233 illi,
915 1168 1062 1239 quod
1101 1168 1318 1222 initium
1360 1168 1563 1222 habere
1601 1167 1826 1230 dicitur,
1883 1176 1943 1222 ut

363 1265 532 1321 esset,
566 1258 776 1313 tribuit.
817 1256 972 1324 Quod
1018 1255 1239 1326 quidem
1275 1271 1398 1311 cum
1439 1258 1655 1314 caeteris
1699 1259 1753 1312 in
1777 1259 1943 1315 rebus

363 1363 554 1404 verum
591 1349 680 1413 sit,
715 1349 824 1404 dici
857 1350 921 1404 de
954 1347 1096 1403 Filio
1133 1363 1243 1403 non
1289 1357 1489 1419 potest.
1538 1349 1638 1406 Est
1685 1351 1831 1406 enim
1875 1351 1943 1405 ab

365 1453 432 1495 eo
466 1455 702 1511 semper,
739 1440 834 1510 qui
871 1448 976 1507 est,
1007 1450 1058 1495 et
1094 1439 1238 1511 apud
1264 1440 1540 1507 eumdem,
1567 1457 1668 1498 nec
1701 1458 1942 1514 unquam

366 1547 487 1587 esse
513 1532 734 1586 desinit.
770 1529 950 1597 Quare
979 1539 1033 1586 et
1063 1530 1554 1588 consubstantialis
1593 1543 1734 1600 erat,
1756 1547 1809 1590 et
1834 1542 1938 1600 est,

365 1622 582 1693 eritque
622 1631 908 1692 perpetuo,
945 1624 1097 1678 solus
1137 1638 1169 1679 e
1219 1624 1358 1690 solo,
1393 1639 1494 1680 nec
1532 1625 1640 1678 ulla
1683 1627 1736 1680 in
1769 1643 1829 1682 re
1875 1628 1944 1683 ab

367 1715 516 1770 illius
547 1714 852 1770 substantia
883 1713 1159 1778 diversus,
1189 1713 1287 1768 sed
1313 1729 1417 1784 pro
1444 1715 1728 1768 nominum
1760 1715 1944 1786 digni-

2043 811 2194 865 ματι.
2224 794 2552 866 Ἐπειδήπερ
2579 795 2688 848 πᾶν
2721 795 2781 848 τὸ
2806 794 2980 866 ἀρχὴν
3010 795 3154 866 ἔχον,
3183 795 3281 847 καὶ
3311 794 3464 857 τέλος
3491 793 3645 860 ἕξει,

2039 889 2088 940 εί
2119 885 2361 957 βούλοιτο
2385 887 2413 940 ὁ
2443 881 2584 939 εἶναι
2623 885 2700 958 τῷ
2733 886 2832 956 τὴν
2864 886 3038 958 ἀρχὴν
3070 884 3316 954 εἰληφότι
3345 901 3644 958 παρεσχη-

2045 980 2203 1051 μένος
2226 994 2240 1006 °
2284 978 2422 1050 ὅπερ
2449 979 2544 1032 ἐπὶ
2583 981 2721 1034 πᾶσι
2755 979 2854 1050 μὲν
2890 979 3187 1050 ἐνδέχεται,
3214 979 3307 1030 ἐπὶ
3333 978 3388 1030 δὲ
3415 976 3496 1047 τῷ
3517 975 3649 1044 Υἱῷ

2057 1073 2375 1128 ἀνένδεκτόν
2405 1074 2574 1128 ἐστιν.
2608 1071 2765 1125 Ἐστι
2812 1070 2923 1144 γὰρ
2953 1071 3042 1125 ἀεὶ
3080 1071 3144 1122 ὲκ
3183 1067 3277 1121 τοῦ
3321 1067 3490 1130 ὄντος,
3541 1065 3650 1119 καὶ

2043 1161 2196 1234 παρὰ
2215 1161 2292 1233 τῷ
2311 1161 2425 1216 δντι
2446 1161 2554 1226 ἀεὶ,
2590 1161 2684 1216 τοῦ
2717 1156 2854 1215 εἷναι
2885 1159 3151 1232 μηδέποτε
3182 1159 3383 1230 λήγων.
3413 1157 3506 1210 Διδ
3543 1156 3651 1208 καὶ

2043 1254 2323 1326 ὁμοούσιος
2353 1250 2446 1327 ἦν,
2490 1253 2609 1328 [καὶ
2635 1251 2804 1325 έστι,]
2841 1252 2937 1306 καὶ
2973 1251 3147 1314 ἔσται,
3179 1251 3334 1322 μόνος
3355 1251 3418 1302 ἐκ
3447 1249 3648 1320 μόνου,

2044 1348 2140 1400 καὶ
2173 1349 2232 1401 ὲν
2255 1347 2430 1402 οὐδενὶ
2454 1349 2523 1418 τῇ
2555 1346 2714 1420 οὐσίᾳ
2744 1345 3219 1418 παρηλλαγμένος,
3245 1343 3381 1396 ἀλλά
3406 1342 3554 1395 κατὰ
3585 1340 3652 1394 τὸ

2050 1440 2269 1511 ἀξίωμα
2295 1440 2406 1494 τῶν
2434 1440 2716 1512 ὀνομάτων
2747 1438 3015 1510 μενούσης
3050 1439 3149 1510 τῆς
3193 1437 3443 1507 Θεότητος
3482 1437 3546 1488 ὲν
3573 1437 3653 1505 τῇ

2045 1531 2369 1603 ταυτότητι,
2421 1530 2547 1584 οὐτε
2609 1530 2940 1603 συναλοιφὴν
2992 1531 3223 1601 ἔχουσα,
3277 1527 3401 1582 οὐπ
3458 1525 3651 1598 ἀρχὴν

2047 1625 2212 1694 ἑαυτῇ
2260 1623 2576 1694 παρέχουσα
2618 1621 2712 1676 τοῦ
2761 1617 2922 1687 εἶναι,
2981 1622 3108 1675 οὐτε
3138 1621 3404 1691 δεχομένη
3440 1618 3503 1671 τὸ
3539 1621 3650 1670 ἁν-

2048 1714 2234 1785 όμοιον
2276 1715 2440 1786 ἑαυτῇ
2471 1713 2760 1786 ὑπάρχειν,
2805 1715 2839 1784 ἡ
2881 1714 2970 1768 ἀεὶ
3014 1708 3168 1778 οὖσα,
3218 1713 3312 1765 καὶ
3363 1710 3650 1782 μηδέποτε

367 1813 484 1861 tate
506 1805 767 1860 divinitas
796 1805 850 1858 in
873 1805 1162 1860 identitate
1187 1813 1526 1875 perseverat,
1545 1821 1652 1861 non
1686 1806 1796 1861 ulla
1817 1822 1949 1863 cou-

2060 1808 2142 1862 τοῦ
2169 1803 2309 1864 εἶναι
2339 1808 2601 1879 λήγουσα,
2640 1807 3040 1879 συμπρέπουσα
3068 1806 3124 1860 δὲ
3154 1807 3313 1876 αὐτῇ,
3345 1804 3432 1858 ἀεὶ
3458 1805 3515 1856 ὲν
3569 1801 3654 1872 τῷ

366 1894 585 1951 fusione
632 1895 975 1959 coalescens,
1022 1911 1201 1966 neque
1248 1895 1354 1952 sibi
1394 1896 1522 1967 ipsi,
1557 1897 1702 1952 velut
1743 1898 1948 1968 princi-

369 1989 518 2058 pium
539 1986 839 2056 quoddam,
880 1993 940 2041 ut
975 1985 1068 2050 sit,
1101 1987 1384 2052 tribuens;
1417 2001 1595 2056 neque
1643 1987 1943 2058 quidquam

370 2078 456 2136 sui
501 2077 772 2133 dissimile
823 2076 880 2130 in
931 2077 1169 2147 seipsam
1215 2075 1549 2139 admittens,
1600 2091 1721 2146 qua:
1766 2086 1820 2131 et
1864 2059 1950 2132 est

371 2185 613 2242 semper,
649 2176 704 2224 et
729 2183 856 2224 esse
893 2183 1178 2239 nunquam
1213 2166 1436 2233 desiuit,
1470 2167 1573 2223 sibi
1608 2168 1709 2238 ipsi
1748 2173 1948 2224 conire-

372 2264 553 2326 niens,
597 2260 650 2316 in
701 2261 1033 2331 sempiterna
1073 2259 1342 2330 dignitate
1383 2257 1563 2314 Patris
1609 2259 1676 2312 ad
1725 2261 1946 2328 Filium,

2051 1902 2322 1974 ἀξιώματι
2352 1901 2569 1974 Πατρὸς
2595 1901 2732 1974 πρὸς
2756 1900 2907 1966 Υίὸν,
2942 1901 3036 1954 καὶ
3068 1898 3200 1952 Υἱοῦ
3234 1896 3368 1967 πρὸς
3395 1895 3655 1965 Πατέρα,

2052 1995 2148 2049 καὶ
2199 1993 2358 2064 ἁγίου
2406 1993 2747 2064 Πνεύματος,
2801 1992 2898 2047 σὺν
2956 1991 3134 2062 Harp).
3167 1989 3263 2044 καὶ
3299 1986 3416 2058 Υἱῷ
3464 1986 3662 2057 ὑπάρ-

2053 2103 2247 2158 χουσα,
2299 2086 2395 2139 καὶ
2429 2084 2700 2156 μηδέποτε
2733 2083 3102 2138 διαλείπουσα.
3145 2082 3302 2135 Ἔστι
3337 2079 3444 2150 γὰρ
3471 2078 3659 2148 ἑαυτῇ

2059 2175 2390 2246 ἀσύγκριτος
2417 2178 2451 2248 ἡ
2479 2175 2673 2247 Τριάς,
2698 2175 2959 2246 διαίρεσιν
2989 2174 3242 2245 οὐδεμίαν
3275 2175 3332 2227 ὲν
3358 2170 3437 2242 τῷ
3477 2167 3663 2234 ἀξιώ-

2065 2281 2196 2335 ματι
2237 2267 2632 2338 ὑποδεχομένη.

368 2357 493 2413 Filii
525 2357 593 2414 ad
624 2357 864 2419 Patrem,
895 2355 1070 2412 sancti
1115 2354 1359 2426 Spiritus
1410 2369 1535 2409 cum
1572 2354 1734 2410 Patre
1785 2365 1840 2412 e't
1896 2355 2036 2414 Filio
2070 2362 2192 2416 sin'e
2252 2362 2364 2416 ulla
2415 2362 2816 2433 interruptione
2867 2363 3200 2419 consistens.
3251 2358 3437 2430 Neque
3494 2357 3662 2414 enim

370 2465 555 2509 secum
588 2450 705 2521 ipsa
736 2447 1046 2519 comparari
1077 2445 1322 2502 Trinitas
1355 2455 1558 2517 potest,
1593 2463 1714 2518 qua?
1739 2462 1959 2505 omnem
1992 2450 2278 2524 dignitatis
2309 2451 2637 2509 divisionem
2666 2453 2900 2524 respuit.

875 2559 1061 2614 AETII
1099 2557 1332 2614 CAPUT
1371 2557 1439 2615 V.

441 2657 502 2712 Si
537 2654 814 2726 ingenitus
851 2652 1158 2708 substantia
1199 2651 1345 2707 Deus
1372 2658 1459 2708 est
1483 2690 1500 2716 ,
1537 2650 1682 2722 quod
1709 2652 1951 2722 genitum

371 2758 478 2815 est,
521 2765 632 2801 non
685 2743 1044 2800 distractione
1069 2742 1303 2812 quadam
1349 2741 1670 2797 substantiae
1713 2742 1954 2811 genitum

373 2850 478 2904 est,
507 2839 604 2896 sed
645 2838 714 2893 ab
744 2835 1080 2898 substantia,
1127 2849 1157 2888 a
1188 2849 1297 2904 qua
1332 2834 1661 2905 productum
1701 2841 1808 2898 est,
1843 2848 1957 2887 ma-

374 2935 543 2988 navit.
571 2931 784 3001 Quippe
819 2926 1068 2984 eamdem
1121 2926 1486 2981 substantiam
1515 2923 1754 2995 genitam
1793 2922 1956 2978 simul

2387 2607 2402 2616 .
2453 2565 2853 2618 ΚΕΦΑΛΑΙΟΝ
2893 2562 3148 2616 ΑΕΤΙΟΥ
3184 2562 3260 2614 Ε’.

2129 2657 2193 2708 Ei
2224 2655 2517 2725 ἀγέννητός
2546 2658 2694 2709 ἐστιν
2728 2656 2757 2708 ὁ
2797 2654 2932 2718 Θεὸς
2959 2655 3060 2726 τὴν
3085 2653 3295 2714 οὐσίαν,
3331 2651 3432 2705 οὐκ
3456 2649 3665 2710 οὐσίας

2060 2747 2338 2802 διαστάσει
2391 2747 2452 2800 τὸ
2505 2747 2761 2818 γεννητὸν
2811 2747 3076 2818 ἐγεννήθη
3103 2785 3119 2808 ,
3173 2744 3288 2798 ἀλλ’
3348 2743 3406 2808 es
3458 2742 3666 2806 οὐσίας

2063 2838 2449 2908 ὐποστησάσης
2481 2836 2634 2890 αὐτό.
2669 2836 2780 2908 Τὴν
2821 2835 2932 2907 γάρ
2961 2835 3131 2906 αὐτὴν
3169 2833 3360 2888 οὐσίαν
3394 2833 3488 2886 καὶ
3521 2849 3664 2901 γεν-

2063 2931 2232 3001 νητὴν
2265 2925 2406 2985 εἶναι
2440 2928 2534 2982 καὶ
2561 2927 2859 2999 ἀγέννητον
2888 2929 3062 2993 οὐδεὶς
3091 2927 3246 2997 λόγος
3267 2925 3495 2999 εὐσεϐὴς
3527 2925 3664 2980 έπε-

374 3033 428 3080 et
461 3025 756 3094 ingenitam
778 3035 903 3076 esse
928 3017 1077 3073 nulla
1108 3032 1233 3073 cum
1265 3017 1466 3087 pietate
1495 3015 1793 3088 conjuncta
1816 3017 1958 3071 ratio
1984 3060 2027 3119 Ο
2063 3022 2273 3095 τρέπει,

374 3115 600 3186 patitur.

947 3224 1261 3294 Confutatio
1312 3223 1374 3278 V.

450 3316 842 3388 Stepcnumero
893 3317 1013 3374 hazc
1071 3312 1298 3384 ingeniti
1357 3311 1634 3383 genitiquc
1691 3309 1958 3364 vocabula

378 3409 541 3464 nobis
585 3405 900 3466 obtrusisti.
938 3404 1032 3458 Dei
1087 3419 1286 3458 nomen
1323 3402 1622 3456 insolenter
1671 3400 1956 3470 jactitans,

378 3513 507 3555 cum
560 3499 615 3552 in
687 3499 836 3551 omni
893 3510 1092 3566 genere
1155 3493 1521 3565 improbitatis
1581 3491 1958 3560 consepultam

381 3596 618 3644 ιιιυιιιιιιιι
673 3586 899 3640 habeas.
934 3584 999 3640 Et
1046 3584 1267 3654 quidem
1309 3583 1441 3638 illud
1478 3581 1744 3652 indigenti
1783 3581 1960 3636 cuivis

380 3685 433 3738 iu
471 3683 663 3754 primis
691 3681 933 3752 optabile
960 3687 1066 3745 est,
1092 3687 1151 3732 ut
1175 3677 1316 3746 ejus,
1347 3691 1458 3747 quo
1484 3675 1711 3746 indiget,
1746 3673 1959 3744 copiam

378 3776 447 3830 ad
481 3775 738 3831 solatium
793 3771 1030 3836 habeat,
1077 3778 1174 3825 aut
1208 3767 1369 3840 951
1421 3767 1470 3823 si
1520 3768 1702 3821 minus
1741 3766 1961 3835 assequi

379 3869 592 3940 possit,
643 3866 838 3923 saltem
897 3862 1096 3918 crebro
1131 3860 1188 3916 in
1229 3873 1482 3916 sermone
1531 3858 1664 3912 illud
1713 3866 1956 3927 usurpet.

382 3959 536 4016 Unde
591 3966 645 4015 et
701 3965 802 4025 tu,
852 3969 978 4011 eum
1053 3951 1254 4023 impius
1325 3965 1391 4006 ac
1447 3948 1542 4004 Dei
1601 3950 1679 4006 sis
1727 3964 1959 4020 expers,

376 4053 524 4124 quod
575 4065 746 4108 unum
797 4054 999 4115 restat,
1049 4059 1184 4101 voce
1233 4053 1394 4101 tenus
1443 4041 1772 4116 proferendo
1814 4041 1962 4097 illius

377 4143 608 4199 nomine
657 4149 768 4197 tete
817 4137 1094 4204 venditas,
1120 4135 1380 4208 quoniam
1429 4135 1674 4207 quidem,
1703 4133 1846 4206 quod
1893 4134 1961 4188 ad

375 4237 498 4308 ejus
523 4239 799 4298 timorem,
832 4231 1018 4297 tidem,
1041 4245 1195 4302 spem
1217 4237 1274 4287 et
1293 4243 1422 4302 erga
1450 4227 1602 4284 illum
1631 4228 1957 4284 eharitatem

379 4331 591 4393 attinet,
626 4339 909 4395 nunquam
962 4321 1124 4376 illum
1147 4335 1275 4377 rere
1315 4321 1370 4376 in
1417 4319 1827 4392 possessionem
1860 4317 1961 4371 ha-

2635 3225 2960 3295 Ἅνατροπὴ
3010 3223 3086 3296 Ε’.

2129 3315 2398 3380 Πολλάκις
2429 3319 2558 3388 ἡμῖν
2585 3315 2854 3389 προῆλθες
2883 3316 3086 3387 φέρων,
3118 3310 3163 3368 ὦ
3193 3307 3367 3378 οὗτος,
3402 3314 3464 3367 τὸ
3487 3313 3663 3382 ἀγέν-

2059 3424 2220 3478 νητον
2246 3407 2340 3461 καὶ
2367 3408 2644 3479 γεννητὸν,
2671 3407 2733 3460 τὸ
2752 3407 2846 3460 τοῦ
2863 3407 2998 3460 Θεοῦ
3024 3407 3194 3477 ὄνομα
3223 3404 3660 3477 φρυαττόμενος,

2057 3499 2087 3551 ὁ
2137 3500 2196 3550 ὲν
2248 3500 2399 3570 πάσῃ
2440 3497 2638 3568 ἀνομία
2689 3496 2917 3552 σεαυτοῦ
2953 3496 3050 3568 τὴν
3101 3495 3340 3549 διάνοιαν
3387 3493 3659 3562 ἐνθὰψας.

2074 3589 2280 3644 Ἐκεῖνο
2308 3589 2365 3642 δὲ
2394 3590 2557 3643 παντὶ
2581 3589 2659 3661 τῷ
2704 3589 2926 3659 ἀπόρως
2959 3589 3136 3660 ἔχοντί
3171 3590 3285 3642 ἐστι
3317 3585 3581 3657 ποθητὸν,
3620 3589 3656 3658 ἡ

2059 3678 2154 3733 τοῦ
2184 3679 2565 3750 ἀπορουμένου
2609 3679 2844 3750 εὐπορία
2875 3681 2954 3743 είς
3005 3678 3379 3751 παραμυθίαν,
3432 3675 3530 3731 καὶ
3559 3677 3662 3729 ἐπὶ

2059 3769 2154 3823 τοῦ
2187 3770 2456 3842 στόματος
2490 3771 2698 3840 φέρειν,
2734 3770 2829 3823 ὲάν
2863 3770 2938 3842 μὴ
2969 3771 3228 3843 εὐποροίη
3261 3768 3356 3823 τοῦ
3383 3767 3657 3824 τοιούτου.

2061 3861 2173 3915 Καὶ
2202 3861 2288 3924 σὺ,
2337 3861 2525 3933 ἐπειδὴ
2559 3861 2719 3923 ἄθεος
2751 3861 3063 3932 τυγχάνεις,
3115 3860 3377 3934 σέμνυναι
3420 3859 3525 3912 κᾶν
3565 3858 3662 3913 διὰ

2059 3951 2154 4006 τοῦ
2187 3953 2453 4024 ὀνόματος
2486 3953 2664 4024 λέγειν
2693 3955 2884 4008 τούτου
2929 3955 2989 4008 τὸ
3035 3954 3224 4026 ὄνομα,
3267 3953 3454 4024 ἐπειδὴ
3489 3951 3660 4022 φύσει

2061 4046 2204 4102 κατά
2233 4047 2326 4102 τὸν
2381 4047 2549 4102 αὐτοῦ
2589 4047 2776 4118 φόϐον,
2811 4046 2908 4100 καὶ
2940 4045 3146 4115 πίστιν,
3182 4046 3278 4100 καὶ
3308 4045 3521 4107 ἐλπίδα,
3557 4046 3660 4101 καὶ

2063 4138 2202 4211 πρὸς
2231 4137 2392 4193 αὐτὸν
2422 4139 2644 4210 ἁγάπην
2675 4137 2931 4192 οὐδέποτε
2973 4137 3138 4191 αὐτὸν
3171 4139 3406 4209 ἐκτήσω.
3443 4137 3512 4190 Ἣ
3543 4137 3658 4209 γὰρ

2064 4230 2132 4285 ἃν
2161 4231 2342 4302 ἤρκει·
2362 4247 2446 4284 σοι
2475 4229 2622 4298 ἅπαξ
2653 4231 2811 4284 τοῦτο
2843 4230 3043 4300 λέγειν,
3074 4230 3169 4284 καὶ
3195 4230 3272 4302 μὴ
3301 4228 3657 4300 ὑπερϐαίνειν

2063 4321 2188 4392 ὅρον
2219 4321 2328 4376 τῶν
2353 4323 2700 4393 τεταγμένων
2728 4323 2827 4394 τῆς
2874 4321 3216 4386 ἀκολουθίας.
3268 4321 3454 4392 Σαφὴς
3479 4320 3591 4391 γὰρ
3618 4323 3656 4392 ἡ

378 4421 568 4476 buisti.
621 4416 839 4486 Alioqui
891 4415 1028 4472 satis
1095 4428 1221 4470 esse
1277 4412 1535 4470 crederes
1583 4411 1752 4467 semel
1810 4408 1951 4466 istud

2063 4411 2216 4484 παρὰ
2268 4411 2362 4466 σοῦ
2403 4412 2445 4477 ³,
2497 4413 2650 4484 παρά
2690 4411 2783 4466 τοῦ
2835 4412 3089 4484 Σωτῆρος
3133 4413 3267 4483 ἡμῖν
3305 4412 3658 4483 ἀποφαντικὴ

378 4511 599 4582 eloqui,
651 4523 828 4580 neque
907 4506 1291 4578 pra-scriptum
1341 4503 1590 4559 ordinem
1648 4501 1961 4570 seriemque

377 4597 753 4671 praatergredi.
813 4595 1100 4650 Manifesta
1151 4591 1371 4664 quidem
1433 4601 1518 4648 est
1575 4608 1604 4646 a
1673 4591 1960 4647 Salvatore

377 4701 570 4748 contra
601 4699 653 4745 te
684 4690 1037 4761 pronuntiata
1063 4687 1335 4742 sententia
1369 4704 1382 4740 :
1415 4687 1457 4738 A
1492 4684 1750 4754 fructibus
1777 4701 1958 4739 eorum

378 4785 700 4856 cognoscetis
745 4784 886 4851 ipsos
909 4785 951 4845 ’,
982 4797 1046 4836 eo
1079 4780 1224 4850 quod
1255 4794 1380 4832 cum
1414 4779 1531 4833 ovis
1581 4779 1719 4848 pelle
1753 4778 1832 4834 sis
1860 4778 1960 4832 ob-

378 4881 621 4936 volutus,
662 4876 808 4929 intus
841 4889 1008 4942 rapax
1062 4887 1121 4926 es
1162 4879 1215 4926 et
1261 4887 1386 4925 cum
1420 4871 1548 4940 lupo
1582 4878 1956 4939 comparatus.

379 4972 594 5026 Etenim
630 4969 675 5024 si
729 4982 759 5020 a
806 4968 1012 5038 Spiritu
1056 4975 1250 5020 sancto
1299 4963 1516 5034 genitus
1563 4978 1736 5029 esses,
1793 4970 1960 5032 atque

378 5084 408 5119 ιι
447 5065 727 5136 prophetis
793 5060 1168 5132 apostolisque
1221 5055 1470 5120 edoctus,
1546 5054 1727 5110 facere
1772 5062 1826 5109 te
1880 5055 1960 5109 il-

381 5161 472 5214 lud
523 5157 832 5230 oportebat,
878 5162 958 5219 ut,
1001 5153 1174 5206 sacris
1201 5149 1457 5206 omnibus
1499 5147 1786 5204 codicibus
1823 5161 1962 5217 per-

381 5250 603 5312 volutis,
642 5264 672 5302 a
702 5245 901 5302 Genesi
960 5244 1026 5298 ad
1090 5242 1338 5298 Estheris
1391 5249 1659 5310 tempora,
1692 5241 1785 5310 qui
1831 5247 1961 5295 sunt

380 5351 585 5410 septem
622 5351 676 5394 et
713 5339 905 5409 viginti
953 5336 1079 5391 libri
1109 5333 1449 5391 Testamenti
1481 5331 1718 5399 Veteris,
1750 5341 1805 5386 et
1839 5346 1953 5385 χχιι

383 5441 772 5496 numerantur;
847 5439 960 5483 tum
1017 5425 1388 5484 sacrosanctis
1434 5441 1488 5480 tv
1520 5424 1848 5494 Evangeliis,
1902 5431 1956 5476 et

379 5523 439 5579 S.
489 5523 644 5578 Pauli
705 5540 792 5577 xiv
868 5522 1151 5592 Epistolis,
1207 5535 1418 5575 necnon
1478 5527 1532 5574 et
1584 5517 1954 5588 apostolorum

381 5614 551 5678 Actis,
587 5630 708 5684 qua:
736 5616 820 5670 vel
857 5616 1144 5684 superiora
1187 5613 1294 5667 illis
1325 5619 1594 5681 tempora,
1639 5608 1721 5663 vel
1765 5614 1948 5678 poste-

2065 4502 2362 4570 ἀπόδειξις,
2391 4503 2473 4557 ὅτι
2514 4503 2649 4558 Ἀπὸ
2682 4503 2802 4557 τῶν
2842 4502 3089 4571 καρπῶν
3116 4501 3317 4558 αὐτῶν
3345 4503 3655 4574 γνώσεσθε

2065 4582 2312 4660 αὐτοὺς,
2340 4592 2419 4664 τῷ
2463 4592 2602 4647 εἶναι
2649 4595 2748 4664 μέν
2795 4610 2854 4647 σε
2881 4593 3346 4665 περιϐεϐλημένον
3376 4593 3653 4665 προϐάτου

2066 4685 2280 4748 κώδιον,
2315 4684 2518 4740 ἔσωθεν
2546 4686 2603 4739 δὲ
2635 4681 2773 4760 εἶναι
2805 4687 3048 4756 ἅρπαγα,
3098 4686 3192 4739 καὶ
3229 4685 3378 4756 λύκτρ
3409 4685 3652 4756 παραδε-

2067 4778 2357 4848 6λημένον.
2406 4777 2469 4830 Ei
2514 4775 2622 4848 γὰρ
2667 4772 2736 4847 ἧς
2786 4776 2842 4843 ἐξ
2893 4776 3049 4843 ἁγίου
3093 4774 3412 4846 Πνεύματος
3459 4793 3652 4844 γεγενο

2069 4869 2321 4940 νημένος.
2353 4869 2446 4922 καὶ
2469 4869 2793 4938 προφήταις,
2827 4869 2918 4920 καὶ
2947 4867 3269 4930 ἀποστόλοις
3305 4867 3654 4937 μεμαθητευ-

2072 4961 2254 5032 μένος,
2297 4960 2404 5012 ἔδει
2445 4976 2503 5011 σε
2536 4959 2809 5012 διελθόντα
2843 4961 3099 5030 ἁπαρχῆς
3142 4959 3408 5028 γενέσεως
3445 4960 3650 5028 κόσμου

2067 5053 2194 5123 ἄχρι
2224 5050 2331 5103 τῶν
2364 5049 2463 5120 τῆς
2501 5047 2698 5120 Ἐσθὴρ
2721 5050 2948 5120 χρόνων,
2980 5051 3036 5102 ὲν
3069 5048 3240 5101 εἴκοσι
3272 5049 3366 5102 καὶ
3398 5048 3535 5101 ἑπτὰ
3568 5048 3650 5118 βί-

2071 5143 2216 5208 ϐλοις
2257 5141 2498 5206 Παλαιᾶς
2543 5143 2818 5214 Διαθήκης
2865 5141 3037 5194 εἴκοσι
3075 5141 3168 5194 δύο
3206 5141 3646 5214 ἀριθμουμένοις,

2068 5235 2292 5306 τέταρσι
2342 5233 2400 5286 δὲ
2435 5232 2610 5301 ἁγίοις
2643 5231 3014 5299 Εὐαγγελίοις,
3055 5233 3148 5286 καὶ
3171 5232 3229 5286 ὲν
3259 5230 3649 5301 τεσσαρεσκαί-

2066 5322 2198 5376 δεκα
2243 5323 2580 5386 Ἐπιστολαῖς
2617 5321 2708 5375 τοῦ
2751 5321 2907 5389 ἁγίου
2941 5322 3238 5376 ἀποστόλου
3288 5321 3523 5384 Παύλου,
3557 5320 3644 5374 καὶ

2068 5423 2126 5473 ὲν
2169 5422 2291 5484 ταῖς
2331 5421 2437 5490 πρὸ
2483 5419 2707 5482 τούτων,
2761 5419 2854 5472 καὶ
2907 5418 3158 5479 συν’ταῖς
3208 5420 3267 5472 ὲν
3303 5421 3416 5482 τοῖς
3471 5414 3645 5470 αὐτῶν

2065 5512 2278 5584 χρόνοις
2300 5512 2539 5582 Πράξεσι
2556 5511 2664 5565 τῶν
2685 5511 3024 5576 ἀποστόλων,
3043 5511 3361 5574 καθολικαῖς
3399 5511 3642 5564 Ἐπιστοο

2068 5606 2188 5669 λαῖς
2233 5605 2510 5671 Ἰακώϐου,
2530 5605 2624 5658 καὶ
2653 5605 2882 5677 Πέτρου,
2903 5603 2998 5659 καὶ
3033 5604 3302 5675 Ἰωάννου,
3321 5606 3417 5659 καὶ
3457 5600 3641 5662 Ἰούδα»

451 5750 465 5779 ¹
495 5747 627 5803 Luc.
662 5764 698 5814 ι,
723 5749 810 5801 53.
889 5751 908 5780 ²
937 5747 1126 5802 Matth.
1162 5764 1257 5814 vti,
1289 5747 1372 5801 16.
1453 5743 1474 5774 ³
1505 5742 1564 5798 F.
1600 5742 1728 5814 περὶ
1758 5741 1873 5809 σοῦ,
1900 5758 1951 5800 se

2060 5742 2142 5815 :et.
2177 5745 2210 5814 ὴ
2239 5742 2387 5816 παρὰ
2423 5741 2515 5797 τοῦ
2554 5743 2690 5799 Σωτ.
