3990 6228
372 378 480 440 861
1017 385 1387 445 ADVERSUS
1424 387 1766 446 HERESES
1802 390 1931 445 LIB.
1961 389 2048 446 Ill.
2088 391 2228 446 ΤΟΜ
2270 387 2384 445 1.-
2404 390 2675 447 HAERES.
2718 392 2950 449 LXXVI.
3533 395 3640 452 562

372 506 474 555 καὶ
526 504 586 557 ὲν
631 504 697 574 τῇ
742 502 838 558 τοῦ
899 503 1143 559 Ἰωάννου
1190 508 1594 579 ’Δποκαλύψει,
1638 508 1695 562 ἐν
1736 526 1797 563 τε
1845 511 1951 573 ταῖς

2067 510 2213 566 riora
2254 513 2573 579 continent;
2631 514 2915 571 catholicis
2949 518 3077 574 item
3122 520 3381 594 Epistolis
3426 519 3635 586 Jacobi,

374 593 601 662 Σοφίαις
632 593 765 663 (90),
798 595 1142 666 Σολομῶντός
1179 597 1240 650 τέ
1290 616 1434 670 φημι
1468 600 1562 653 καὶ
1602 599 1721 653 υἱοῦ
1768 600 1951 672 Σιρὰχ¹

2061 599 2238 666 Petri,
2278 601 2507 658 Joannis
2534 609 2588 657 et
2627 602 2818 667 Judﬁ.
2861 593 3187 682 Apocalypsi
3233 611 3496 678 Joannis;
3534 610 3639 665 5ο-

373 686 470 737 aut
496 685 695 747 πάσαις
735 684 922 749 ἁπλῶς
945 686 1187 757 Γραφαϊς
1214 685 1405 754 θείαις,
1444 689 1535 742 καὶ
1570 687 1761 741 ἑαυτοῦ
1797 704 1951 741 κατα-

2061 693 2281 764 pientiae
2299 708 2516 763 quoque
2534 695 2710 758 libris,
2724 697 2827 751 hoc
2847 706 2929 753 est
2950 699 3280 768 Salomonis,
3300 704 3393 756 tilii
3416 702 3631 768 Siracli,

371 775 597 843 γνῶναι,
649 777 731 829 ὅτι
760 776 953 847 ὄνομα,
1005 778 1143 848 ὅπερ
1165 778 1402 849 οὐδαμοῦ
1434 780 1770 845 ἐντέτακται,
1797 774 1951 850 ἦλθες

2062 785 2318 840 omnibus
2351 786 2588 854 denique
2609 785 2908 857 Scriptura:
2930 791 3085 847 libris
3116 794 3415 862 percursis,
3441 800 3636 847 temet-

367 872 507 939 ἡμῖν
542 869 744 940 φέρων,
793 870 893 923 οὐκ
941 870 1189 941 ἀπρεπὲς
1244 872 1341 941 μὲν
1386 872 1540 943 Θεῷ,
1586 872 1700 926 ἀλλ’
1744 870 1951 933 εὐσεϐὲς

2062 872 2243 941 ipsum
2289 875 2612 943 damnares;
2655 878 2801 947 quod
2840 880 3109 948 ejusmodi
3155 897 3382 948 nomen,
3427 883 3494 937 de
3526 896 3637 951 quo

368 962 452 1022 είς
482 959 636 1024 Θεὸν,
681 960 757 1013 τὸ
791 960 885 1014 τοῦ
920 962 1215 1031 ἀγεννήτου
1261 962 1454 1033 ὄνομα,
1495 963 1745 1035 μηδαμοῦ
1795 963 1851 1016 δὲ
1899 962 1951 1015 ὲν

2063 961 2215 1016 nulla
2257 963 2328 1017 sit
2358 978 2591 1032 usquam
2627 966 2864 1032 mentio,
2901 967 3061 1023 nobis
3106 968 3296 1024 aﬂerre
3328 983 3437 1023 non
3474 967 3635 1023 dubi-

368 1049 493 1121 θείᾳ
540 1052 731 1122 Γραφῇ
766 1052 951 1123 ῥηθέν.

2063 1054 2287 1109 taveris.
2339 1054 2433 1109 Est
2479 1056 2623 1110 enim
2680 1057 2908 1127 ingeniti
2962 1073 3162 1115 nomen
3224 1060 3450 1115 minime
3499 1057 3635 1113 illud

380 1146 604 1215 quidem
644 1147 930 1218 indignum
964 1146 1096 1213 Deo,
1122 1157 1183 1203 ut
1213 1149 1373 1204 etiam
1407 1151 1661 1220 pietatem
1695 1147 1961 1211 redoleat,
1996 1161 2186 1202 verum
2220 1165 2489 1220 nusquam
2523 1151 2577 1204 in
2613 1148 2917 1221 Scripturis
2953 1164 3293 1221 expressum.

442 1237 632 1300 Οὐδεὶς
651 1238 763 1309 γὰρ
797 1239 1053 1309 μεμηνώς
1088 1257 1219 1295 ποτε
1251 1242 1508 1312 γεννητὸν
1559 1242 1759 1295 ἐνενόει
1802 1239 1955 1294 Θεόν.

382 1328 523 1381 Ἀλλ’
544 1328 669 1383 οὐτε
702 1330 890 1402 χρείαν
932 1331 1090 1403 ἔσχον
1119 1334 1294 1386 εἰπεῖν
1315 1334 1608 1403 ἀγέννητον
1641 1333 1772 1387 Θεὸν
1799 1334 1958 1404 μόνον

368 1420 592 1490 Πατέρα
615 1421 705 1475 διὰ
744 1422 835 1475 τὸν
865 1422 924 1488 ἐξ
950 1424 1119 1477 αὐτοῦ
1172 1426 1569 1497 γεγεννημένον
1597 1444 1609 1457 ’
1636 1426 1723 1479 ἵνα
1764 1427 1834 1497 μή
1874 1442 1960 1489 τις

365 1512 463 1563 ἐπὶ
492 1511 569 1582 τῷ
600 1513 773 1584 Πατρὶ
802 1513 948 1586 μόνῳ
995 1516 1195 1589 νομίσῃ
1238 1516 1397 1570 τοῦτο
1422 1516 1781 1588 πληροῦσθαι,
1822 1516 1959 1571 ἀλλὰ

366 1604 468 1655 καὶ
518 1604 612 1656 ἐπὶ
642 1602 721 1674 τῷ
752 1604 888 1674 Υίῷ,
942 1607 1037 1659 καὶ
1092 1607 1187 1660 ἐπὶ
1222 1606 1301 1678 τῷ
1330 1607 1471 1678 ἁγίῳ
1496 1608 1777 1679 Πνεύματι
1804 1624 1818 1639 ·
1858 1608 1959 1677 τῆς

364 1693 607 1756 διανοίας
652 1694 753 1765 τῆς
800 1695 988 1767 ὀρθῆς,
1035 1698 1129 1750 καὶ
1156 1697 1251 1751 τοῦ
1280 1699 1600 1770 Πνεύματος
1649 1699 1743 1753 τοῦ
1799 1699 1957 1768 ἁγίου

362 1785 712 1851 διδάσκοντος
757 1788 969 1851 πάντας
1026 1789 1179 1853 υἱοὺς
1206 1789 1466 1861 ἀληθείας
1501 1791 1595 1860 ἀφ’
1641 1789 1851 1844 ἑαυτῶν
1881 1791 1958 1862 μὴ

2131 1238 2317 1311 Neque
2349 1257 2480 1298 vero
2514 1242 2650 1297 adeo
2694 1243 2816 1312 quis
2844 1258 3087 1313 unquam
3134 1245 3363 1298 insanus
3406 1239 3636 1304 exstitit,

2061 1331 2303 1402 genitum
2354 1341 2412 1386 ut
2460 1346 2584 1386 esse
2616 1333 2883 1401 cogitaret
2912 1331 3115 1398 Deum;
3161 1346 3338 1402 neque
3364 1331 3435 1386 ob
3482 1328 3637 1399 geni-

2059 1429 2173 1476 tum
2198 1421 2397 1475 Filium
2431 1438 2660 1478 necesse
2703 1422 2807 1477 fuit
2857 1424 3035 1479 solum
3084 1424 3301 1479 Patrem
3333 1422 3635 1493 ingenitum

2059 1513 2229 1569 Deum
2262 1514 2567 1584 appellare;
2601 1528 2669 1569 ne
2692 1514 2817 1583 quis
2846 1514 2900 1568 in
2926 1512 3089 1570 Patre
3122 1515 3240 1570 solo
3269 1529 3457 1568 verum
3490 1511 3634 1567 istud

2058 1619 2181 1661 esse
2210 1604 2313 1660 sibi
2347 1605 2706 1675 persuadeat,
2766 1604 2862 1661 sed
2892 1612 2943 1661 et
2973 1604 3111 1660 Filio
3151 1619 3217 1661 ac
3249 1604 3476 1677 Spiritui
3503 1618 3635 1661 san-

2055 1701 2146 1749 cto
2198 1696 2511 1750 convenire.
2573 1694 2741 1750 Recta
2799 1695 3002 1767 quippe
3058 1696 3234 1760 ratio,
3270 1702 3343 1751 'et
3400 1696 3635 1765 Spiritus

2058 1793 2288 1842 sanctus
2315 1786 2563 1842 veritatis
2597 1786 2737 1843 filios
2780 1788 2981 1845 docent
3029 1804 3136 1843 non
3167 1795 3454 1858 tantopere
3498 1784 3632 1840 illud

367 1878 428 1929 ὲν
449 1876 763 1950 θαυμασμῷ
794 1878 952 1933 τοῦτο
974 1879 1139 1950 ἔχειν,
1173 1882 1311 1936 ἀλλά
1350 1882 1493 1936 κατὰ
1524 1883 1586 1935 τὸ
1615 1881 1951 1952 ἀπαιτούμε-

2061 1875 2437 1931 admirandum
2483 1892 2630 1942 esse,
2681 1877 2776 1933 sed
2811 1892 3007 1948 proco
3051 1886 3273 1948 atquea
3307 1876 3464 1931 nobis
3518 1874 3636 1931 exi-

365 1986 481 2031 νον,
514 1971 608 2023 καὶ
658 1972 716 2023 ὲν
764 1970 943 2041 ἑαυτῷ
977 1971 1221 2043 ὑπάρχον
1257 1973 1352 2026 τοῦ
1396 1973 1534 2044 πρὸς
1554 1974 1839 2027 εὐσέϐειαν
1867 1972 1957 2026 λο-

364 2059 570 2130 γισμοῦ
613 2061 742 2133 περὶ
782 2060 918 2114 Θεοῦ
946 2062 1166 2117 εἰδέναι.
1201 2062 1264 2117 Εί
1306 2064 1362 2117 δὲ
1391 2065 1432 2128 ί,
1459 2064 1547 2117 διὰ
1570 2065 1630 2117 τὸ
1659 2065 1956 2136 ἀγέννητον

363 2150 533 2203 αὐτὸν
590 2146 750 2215 εῖναι,
809 2151 1288 2222 συνομολογεῖσθαι
1342 2154 1400 2207 δὲ
1447 2155 1540 2223 ἀφ’
1583 2155 1740 2226 ἡμῶν
1777 2155 1953 2221 τοῦτο,

365 2242 479 2294 ἀπὺ
531 2242 752 2313 Γραφῆς
797 2243 854 2296 δὲ
887 2244 961 2313 μὴ
1009 2244 1155 2314 ἔχειν
1187 2244 1289 2315 τῆς
1332 2246 1627 2316 ὀνομασίας
1670 2247 1762 2299 τοῦ
1793 2246 1953 2315 λόγου

363 2333 466 2402 τὴν
496 2332 772 2395 σύστασιν,
812 2334 927 2395 ἀλλ’
960 2336 1052 2404 ἀφ’
1073 2336 1284 2389 ἑαυτῶν
1315 2336 1402 2390 διὰ
1428 2340 1534 2391 τῶν
1556 2338 1831 2408 λογισμῶν
1857 2341 1955 2409 τὴν

365 2423 650 2476 εὐσέϐειαν
686 2423 893 2495 ταύτην
918 2425 1118 2478 εἰδέναι
1153 2427 1211 2479 τὸ
1236 2427 1408 2490 οὕτως
1438 2423 1598 2481 εἶναι.
1642 2430 1735 2491 Et;
1756 2429 1808 2482 τί
1846 2430 1954 2500 γὰρ

361 2514 556 2577 οὐσίας
577 2513 729 2567 ἔσται
768 2515 1044 2579 διάστασις
1071 2517 1132 2569 τὸ
1159 2518 1439 2587 γεννηθὲν,
1466 2520 1513 2572 εί
1533 2519 1675 2572 κατά
1696 2520 1961 2591 ἀλήθειαν

362 2603 461 2655 τοῦ
485 2605 843 2674 γεγεννῆσθαι
872 2606 984 2675 ἔχει
1018 2607 1079 2659 τὸ
1124 2607 1296 2679 ὄνομα
1348 2612 1551 2680 φυσικῇ
1590 2627 1696 2662 τινι
1725 2612 1817 2664 καὶ
1855 2612 1955 2682 ἁρ-

364 2698 519 2767 ρήτῳ
550 2698 949 2771 συμπρεποήσῃ
972 2697 1049 2768 τῷ
1070 2699 1209 2770 Θεῷ,
1250 2701 1343 2753 καὶ
1374 2700 1452 2770 τῷ
1477 2701 1534 2767 ἐξ
1562 2701 1724 2754 αὐτοῦ
1764 2719 1953 2771 γεγεν-

362 2788 586 2858 νημένῳ
647 2788 892 2859 ἀχρόνως
939 2790 1034 2844 καὶ
1087 2790 1338 2862 ἀνάρχως
1378 2794 1436 2845 ὲν
1469 2792 1718 2865 ἀληθείᾳ,
1755 2794 1849 2847 καὶ
1891 2796 1951 2847 οὐ

364 2883 784 2952 καταχρηστικῇ
830 2899 936 2935 τινι
986 2882 1247 2953 ὐπονοίᾳ;
1307 2884 1586 2939 Ἐντεῦθεν
1628 2886 1689 2939 οὐ
1728 2888 1955 2959 κτιστήν

363 2989 548 3043 φαμεν
580 2973 679 3043 τὴν
707 2973 913 3038 οὐσίαν,
947 2975 1070 3029 οὐδὲ
1108 2975 1395 3048 ἀλλοτρίαν
1421 2977 1498 3042 ὡς
1534 2979 1787 3050 ποιητὴν,
1816 2980 1954 3034 ἀλλὰ

361 3063 633 3134 γεννητὴν
654 3064 949 3128 οὐσιωδῶς,
979 3066 1074 3119 καὶ
1096 3067 1195 3120 οὐκ
1218 3067 1434 3121 ἀλλοίαν
1474 3069 1626 3139 παρά
1643 3070 1734 3123 τὸν
1760 3088 1953 3141 γεγεν-

361 3155 590 3226 νηκότα.
624 3156 716 3209 Διὸ
745 3157 839 3209 καὶ
869 3156 1123 3221 ἀκτιστος
1145 3158 1409 3229 διαμένει,
1441 3161 1533 3214 καὶ
1554 3162 1615 3214 οὐ
1641 3162 1950 3233 ποιηθεῖσα,

2059 1968 2223 2039 gitur,
2261 1968 2518 2038 quodque
2549 1968 2605 2023 in
2649 1968 2812 2025 nobis
2842 1971 2953 2041 piae
2992 1969 3224 2024 rationis
3260 1969 3422 2033 inest,
3457 1966 3525 2021 de
3552 1965 3637 2020 di-

2057 2062 2186 2114 vina
2218 2063 2504 2130 majestate
2531 2061 2894 2117 sentiendum.
2926 2061 3197 2129 thniam
3226 2061 3392 2133 igitur
3428 2059 3639 2130 ingeni-

2058 2161 2144 2207 tus
2221 2151 2366 2207 Deus
2420 2161 2541 2217 est,
2605 2153 2779 2222 idque
2828 2153 2985 2208 ultre-
3038 2150 3365 2209 conﬁtemur
3420 2164 3636 2210 omnes.

2057 2244 2271 2299 tametsi
2303 2243 2454 2297 nullo
2484 2258 2516 2297 e
2546 2240 2841 2312 Scriptura:
2875 2243 3009 2297 loco
3027 2241 3372 2312 comprobari
3404 2241 3510 2294 hoc
3539 2254 3641 2308 ap-

2056 2336 2368 2405 pellationis
2411 2350 2583 2405 genus
2624 2342 2839 2403 potest,
2890 2334 2984 2389 sed
3016 2348 3047 2388 a
3080 2333 3243 2389 nobis
3288 2332 3446 2402 ipsis,
3475 2338 3640 2399 atque

2055 2442 2123 2482 ex
2168 2426 2256 2495 pia
2291 2426 2382 2479 illa
2430 2425 2847 2479 ratiocinatione
2899 2422 3206 2494 profectum
3255 2429 3376 2480 est:
3414 2423 3481 2477 ad
3513 2436 3638 2477 eum

2058 2518 2279 2573 modum
2317 2518 2459 2573 scire
2491 2532 2593 2572 nos
2624 2525 2678 2571 et
2708 2518 3026 2573 existimare
3074 2523 3507 2571 consentaneum
3535 2521 3637 2569 est.

2055 2610 2167 2663 Cur
2200 2608 2346 2664 enim
2378 2610 2429 2661 in
2465 2622 2529 2662 eo
2563 2606 2707 2677 quod
2744 2607 2987 2675 genitum
3031 2614 3133 2670 est,
3167 2605 3423 2660 essentia;
3451 2603 3640 2657 divor—

2056 2701 2192 2753 tium
2232 2699 2453 2769 aliquod
2505 2700 2630 2762 erit,
2681 2697 2944 2768 942nm
2980 2696 3146 2768 geniti
3197 2710 3397 2750 nomen
3446 2695 3497 2748 ei
3526 2707 3641 2748 me-

2054 2794 2162 2848 rito
2197 2800 2501 2862 congruat,
2554 2792 2619 2844 ac
2669 2789 2906 2842 naturali
2956 2788 3215 2858 quadam,
3262 2787 3359 2843 sed
3409 2785 3642 2856 inexpli-

2054 2882 2215 2938 cabili
2275 2898 2338 2937 ac
2373 2891 2483 2937 tam
2521 2881 2629 2937 Deo
2659 2880 2831 2947 Patri,
2865 2896 3029 2949 quam
3063 2866 3238 2951 ei'qui
3266 2880 3334 2934 ab
3372 2880 3468 2933 iHo
3502 2879 3639 2932 citra

2056 2982 2273 3045 tempus
2327 2974 2651 3043 initiumque
2702 2972 2921 3042 genitus
2968 2979 3087 3035 est,
3148 2968 3496 3025 convenienti
3555 2982 3643 3021 ra-

2053 3068 2222 3133 tione,
2258 3065 2557 3135 etquidem
2606 3080 2735 3119 vere
2800 3079 2864 3117 ac
2904 3063 3146 3134 proprie,
3196 3076 3303 3115 non
3337 3060 3455 3114 sola
3489 3050 3642 3113 vocis

2058 3159 2319 3214 abusione
2349 3157 2661 3211 tribuatur?
2698 3155 2850 3210 Unde
2884 3170 2984 3208 nos
3029 3168 3204 3223 neque
3232 3162 3472 3206 creatam
3510 3150 3644 3205 sub—

362 3240 502 3294 ἀλλὰ
536 3243 856 3314 γεννηθείσα
878 3245 941 3298 ὲκ
970 3246 1068 3316 τῆς
1091 3246 1264 3317 αὐτῆς
1295 3248 1481 3313 οὐσίας
1501 3249 1657 3315 Θεοῦ,
1682 3231 1951 3325 013-196th

2062 3251 2340 3311 stantiam,
2377 3264 2479 3303 nec
2512 3249 2766 3313 alienam,
2804 3255 3063 3315 tanquam
3100 3243 3243 3298 facta
3294 3244 3385 3307 sit,
3427 3241 3520 3296 sed
3554 3255 3644 3296 se-

363 3331 770 3390 ὐποπίπτουσα.
814 3336 887 3388 Οὐ
924 3336 1031 3407 γὰρ
1062 3338 1089 3390 ὀ
1127 3339 1394 3409 γεννήσας
1429 3341 1488 3393 ὲν
1523 3341 1749 3414 ἀληθείᾳ
1774 3344 1952 3415 χρόνῳ

363 3424 664 3492 ὑπέπεσεν,
698 3426 784 3479 ἵνα
812 3430 1071 3500 χρονικὴν
1102 3430 1469 3501 ὐποστήσεται
1503 3433 1708 3487 οὐσίαν.
1739 3436 1952 3492 Ὀποῖον

363 3515 477 3586 γάρ
528 3518 645 3571 ἐστι
692 3518 755 3571 τὸ
807 3520 1074 3591 γέννημα,
1120 3521 1360 3584 τοιοῦτος
1416 3525 1797 3596 ὀ.γεννήτωρ⁶
1857 3531 1953 3582 και)⁸

362 3606 549 3669 ὁποῖος
581 3608 608 3659 ὀ
643 3609 944 3680 γεννήτωρ,
979 3610 1217 3674 τοιοῦτος
1247 3613 1340 3664 καὶ
1380 3614 1408 3665 ὀ
1445 3617 1863 3685 γεγεννημένος.

2062 3342 2301 3397 cundum
2349 3341 2713 3397 substantiam
2752 3338 3015 3409 genitam,
3052 3350 3156 3390 nec
3198 3350 3227 3388 a
3264 3334 3511 3404 genitore
3543 3348 3639 3402 pu-

2058 3442 2239 3489 tamus
2274 3434 2527 3487 alienam.
2580 3430 2662 3486 0b
2716 3430 2769 3485 id
2812 3430 3056 3483 increata
3093 3433 3299 3489 manet,
3336 3440 3446 3479 non
3478 3423 3643 3486 faeta,

2060 3524 2152 3580 sed
2184 3540 2248 3578 ex
2305 3523 2421 3592 ipsa
2454 3521 2544 3575 Dei
2605 3519 2909 3575 substantia
2943 3517 3146 3588 genita,
3186 3531 3363 3585 neque
3411 3517 3646 3583 tempori

2062 3616 2327 3684 subjecta.
2363 3613 2574 3682 Quippe
2626 3613 2839 3681 genitor
2858 3611 2987 3682 ipse
3036 3608 3266 3678 tempori
3300 3621 3643 3676 nequaquam

362 3700 591 3771 subest,
648 3709 709 3755 ut
776 3703 1160 3772 temporariam
1228 3706 1590 3762 substantiam
1654 3713 1946 3779 producat.
1978 3713 2113 3768 Nam
2148 3709 2461 3778 cujusmodi
2503 3714 2587 3763 est
2636 3704 2782 3776 quod
2824 3704 3085 3777 gignitur,
3139 3703 3268 3757 talis
3324 3709 3409 3756 est
3459 3708 3513 3756 et
3554 3715 3644 3771 ge-

362 3793 545 3863 nitor;
572 3802 626 3850 et
655 3795 896 3851 vicissim
921 3798 1099 3867 qualis
1128 3799 1344 3867 genitor
1381 3808 1487 3865 est,
1529 3804 1637 3858 tale
1664 3806 1828 3859 etiam
1867 3816 1954 3865 cst
1993 3805 2141 3879 quod
2172 3803 2447 3875 gignitur.

756 3907 1149 3964 ΚΕΦΑΛΛΙΟΝ
1183 3911 1440 3968 ΑΕΤΙΟΥ
1470 3917 1561 3983 (τ’.

437 4000 502 4052 Εἰ
533 3998 593 4053 τὸ
616 3998 913 4072 ἀγέννητον
945 4002 1231 4075 ἐγεννήθη,
1257 4005 1311 4057 τί
1353 4006 1414 4059 τὸ
1436 4008 1644 4062 κωλῦον
1669 4011 1730 4063 τὸ
1761 4028 1953 4083 γεννη-

363 4090 461 4144 τὸν
506 4092 801 4162 ἀγέννητον
863 4094 1183 4163 γεγονέναι;
1247 4095 1465 4151 Μᾶλλον
1513 4099 1622 4171 γὰρ
1671 4102 1766 4154 τοῦ
1809 4104 1956 4157 ἀνοι-

365 4183 517 4237 κείου
540 4184 631 4237 ἐπὶ
657 4184 717 4238 τὸ
742 4184 914 4256 αὐτῆς
946 4185 1143 4239 οἰκεῖον
1181 4187 1464 4256 ἐπείγεται
1500 4193 1649 4245 πᾶσα
1687 4192 1864 4261 φύσις.

941 4387 1271 4457 Ἀνατροπὴ
1302 4390 1392 4456 (τ’.

2552 3913 2733 3970 AETII
2774 3912 3002 3969 CAPUT
3040 3910 3129 3965 Vl.

2134 4013 2190 4069 Si
2228 4013 2527 4085 ingenitum
2580 4010 2825 4081 genitum
2874 4014 2981 4071 est,
3035 4004 3166 4075 quid
3217 4008 3365 4057 vetat
3406 4008 3460 4056 et
3498 4000 3643 4070 quod

2055 4108 2299 4179 genitum
2345 4113 2430 4161 est
2482 4105 2785 4175 ingenitum
2830 4101 2984 4157 ﬁeri?
3027 4100 3218 4155 Omnis
3255 4100 3399 4154 enim
3448 4105 3644 4151 natura

2058 4198 2126 4252 ad
2156 4198 2211 4251 id
2241 4196 2387 4265 quod
2423 4195 2530 4250 sibi
2574 4200 3007 4249 consentaneum
3040 4197 3125 4245 est
3166 4190 3342 4261 magis
3372 4204 3534 4261 quam
3575 4188 3645 4242 ad

2065 4291 2299 4344 alienum
2328 4287 2785 4357 peregrinumque
2814 4282 3115 4339 contendit.

2622 4393 2931 4464 Confutatio
2980 4391 3074 4447 VI.

438 4480 505 4535 Εί
549 4478 612 4534 τὸ
645 4478 937 4551 ἀγέννητον
972 4479 1216 4550 ἐποίησε,
1252 4481 1347 4533 καὶ
1377 4480 1478 4533 οὐκ
1521 4479 1829 4558 ἐγέννησεν,
1861 4482 1951 4537 ἐπὶ

2133 4490 2190 4546 Si
2232 4489 2379 4561 quod
2410 4489 2709 4561 ingenitum
2744 4496 2829 4544 est
2874 4485 3094 4553 fecisse,
3128 4498 3236 4538 non
3270 4482 3530 4554 genuisse
3562 4479 3645 4536 di-

362 4572 470 4642 τῆς
511 4573 639 4643 μιᾶς
660 4571 987 4642 ταυτότητος
1017 4571 1353 4644 ταττομένης
1381 4573 1479 4642 τῆς
1516 4574 1831 4643 ὀνομασίας,
1861 4576 1955 4629 καὶ

366 4661 602 4733 θατέρου
650 4659 862 4731 θατέρῳ
922 4660 997 4731 μὴ
1055 4661 1545 4732 παρεκτεινομένου
1584 4661 1671 4715 διὰ
1690 4662 1789 4733 τῆς
1815 4664 1956 4717 κατά

364 4751 629 4822 ἀλήθειαν
672 4750 1017 4821 ἀντωνυμίας
1045 4764 1059 4779 ⁶
1097 4753 1131 4822 ἡ
1171 4750 1400 4821 δύναμις
1440 4753 1538 4822 τῆς
1584 4753 1822 4823 σχέσεως
1862 4755 1955 4807 ἐπὶ

365 4844 600 4914 θατέρου
624 4843 890 4914 διαφωνία
908 4842 1129 4913 ἔστηκε,
1167 4843 1333 4914 μηδὲν
1365 4842 1501 4914 πρὸς
1533 4844 1594 4896 τὸ
1625 4844 1811 4916 ἕτερον
1834 4848 1955 4900 ἐπι-

364 4931 701 4987 κοινωνοῦσα
730 4932 764 5003 ἢ
796 4933 956 5004 μόνον
983 4933 1124 4987 κατὰ
1150 4935 1249 5005 τὴν
1274 4933 1542 5000 ἐξουσίαν,
1577 4935 1786 4988 καὶτοῦ
1824 4956 1956 5009 προ-

363 5025 586 5096 κριτέου
639 5025 854 5094 φύσεως
904 5025 1077 5078 αἰτίου
1116 5026 1253 5097 πρὸς
1302 5027 1409 5079 πᾶν
1450 5026 1512 5079 τὸ
1536 5027 1626 5079 ὑπ’
1660 5028 1832 5099 αὐτῆς
1859 5046 1955 5082 κε-

363 5116 687 5185 κτισμένον.
732 5115 951 5187 Ἐπειδὴ
999 5117 1054 5169 δὲ
1076 5118 1352 5188 ἀναμέσον
1406 5117 1500 5171 τοῦ
1530 5119 1817 5190 ποιητικοῦ
1864 5122 1958 5175 καὶ

363 5208 717 5277 ποιουμένου,
754 5209 849 5260 καὶ
880 5208 1100 5261 κτίστου
1149 5209 1243 5262 καὶ
1296 5210 1636 5279 κτιζομένου,
1690 5211 1825 5281 ἄλλη
1872 5212 1956 5277 τίς

364 5301 517 5353 ἐστιν
541 5298 824 5368 ὀνομασία,
848 5299 1139 5367 ἐγγίζουσα
1168 5301 1266 5369 μὲν
1286 5300 1364 5370 τῷ
1396 5302 1674 5373 ἀγεννήτῳ
1705 5304 1952 5376 ὀνόματι,

367 5391 763 5462 μακρυνομένη
804 5391 861 5444 δὲ
894 5391 1003 5444 ἀπὸ
1034 5390 1127 5443 τοῦ
1168 5392 1386 5445 κτίστου
1426 5394 1717 5458 ὀνόματος·
1758 5396 1960 5451 ἀδύνα-

446 5547 464 5579 ¹
498 5545 561 5601 F.
596 5548 655 5602 δὲ
679 5545 779 5602 δεῖ.

452 5663 567 5745 (9θ)
602 5665 708 5744 ςἘν
745 5662 978 5745 τις-τρῖς
1014 5664 1281 5745 ρὀςςξαις.
1441 5664 1543 5745 line
1586 5664 1706 5745 loco
1739 5665 1956 5745 discant

368 5733 651 5797 hznretici,
685 5734 832 5803 quod
874 5733 1160 5803 Epiphanii
1222 5736 1289 5788 de
1345 5734 1411 5789 iis
1460 5733 1636 5788 Libris
1682 5736 1971 5803 judicium.

367 5804 577 5871 fuerit,
611 5820 750 5875 quos
779 5805 858 5860 illi
908 5820 940 5860 a
966 5806 1189 5861 Conone
1238 5803 1522 5875 rejiciunt:
1553 5820 1693 5875 quos
1731 5806 1953 5877 quidem

2057 4590 2234 4647 catur,
2287 4583 2360 4637 ita
2401 4589 2461 4636 ut
2515 4590 2745 4651 utraque
2791 4579 2907 4635 haec
2956 4578 3246 4649 appellatio
3297 4591 3398 4648 pro
3439 4590 3549 4631 una
3591 4587 3646 4630 et

2057 4673 2246 4729 eadem
2292 4672 2630 4743 accipiatur,
2680 4687 2857 4742 neque
2887 4671 3118 4724 alterum
3160 4669 3338 4729 alteri.
3379 4669 3529 4724 velut
3576 4683 3643 4722 ex

2059 4765 2290 4820 adverso
2336 4765 2696 4836 respondens,
2739 4764 3020 4818 contrario
3062 4777 3251 4818 revera
3276 4760 3543 4816 vocabulo
3575 4759 3645 4814 sit

2058 4859 2392 4926 oppositum,
2456 4858 2538 4913 vis
2593 4856 2932 4912 habitudinis
2976 4856 3149 4926 ipsius
3202 4857 3255 4909 in
3315 4856 3487 4907 altero
3532 4851 3643 4905 dis-

2058 4946 2250 5016 juncta
2298 4947 2518 5016 penitus
2566 4955 2672 5010 est,
2729 4962 2909 5017 neque
2958 4946 3257 5017 quidquam
3310 4943 3470 4997 habet
3514 4955 3641 4994 cum

2061 5038 2233 5092 altero
2269 5052 2580 5102 commune,
2608 5046 2807 5109 praeter
2833 5037 3120 5108 potestatis
3150 5033 3638 5103 comparationem,

2059 5127 2205 5197 quod
2240 5136 2499 5197 tanquam
2529 5141 2695 5182 causa
2738 5127 2793 5181 id
2844 5141 3026 5190 omne,
3056 5125 3202 5196 quod
3237 5138 3266 5176 a
3306 5137 3367 5177 se
3395 5128 3639 5176 creatum

2058 5225 2162 5283 est,
2194 5226 2403 5273 natura:
2446 5219 2710 5287 dignitate
2748 5225 2987 5288 superet.
3017 5215 3137 5269 Jam
3181 5229 3313 5269 vero
3340 5228 3463 5267 cum
3500 5212 3643 5265 inter

2062 5309 2114 5364 id
2144 5311 2287 5379 quod
2330 5311 2598 5367 efﬁciendi
2643 5312 2691 5365 vi
2726 5310 3009 5378 praeditum
3056 5316 3162 5370 est,
3191 5314 3358 5376 atque
3385 5319 3522 5373 opus
3553 5302 3640 5358 cf.

2062 5400 2285 5469 fectum,
2323 5411 2378 5458 et
2420 5411 2724 5459 creatorem
2750 5408 3101 5469 creatamque
3154 5412 3269 5452 rem
3321 5395 3429 5451 alia
3491 5411 3643 5465 quac-

2063 5674 2173 5728 tam
2228 5667 2317 5720 hic
2347 5681 2508 5735 quam
2559 5664 2647 5718 alii
2695 5670 2906 5735 veteres
2936 5664 3124 5718 Patres
3168 5656 3312 5711 inter
3347 5652 3641 5723 Scriptura:

2064 5737 2235 5795 libros
2268 5745 2323 5794 ct
2348 5734 2499 5800 θείας
2525 5734 2748 5808 Γραφὰς
2782 5734 3070 5805 recipiunt.
