3990 6228
308 375 416 438 863

1652 372 1710 426 S.
1752 370 2088 427 EPIPHANII

3465 374 3590 432 σοι

309 489 438 548 dam
487 483 773 554 intcrjecta
821 480 894 537 sit
934 479 1247 552 appellatio,
1292 494 1414 551 qua:
1460 487 1522 534 ιιι
1567 479 1633 535 ad
1666 480 1891 552 ingeniti

2005 480 2087 534 τόν
2150 481 2267 534 ἐστι
2327 479 2504 535 πάντα
2537 481 2808 566 συγχέειν,
2853 499 2899 536 ω
2944 481 3137 547 Ἀέτιε,
3162 480 3258 537 καί¹
3289 483 3594 553 ἀφανίζειν

311 594 511 635 nomen
525 575 751 638 accedit,
774 572 855 629 sic
879 587 909 626 a
927 571 1229 627 conditoris
1253 572 1471 627 nomine
1494 572 1754 627 remotior
1768 581 1881 629 est:

305 667 427 724 ﬁeri
463 682 570 722 non
604 672 802 736 potest,
834 663 978 729 Aeti,
1006 663 1084 718 uti
1119 662 1522 719 confundamns
1566 666 1772 730 omnia,
1802 672 1886 718 at-

315 771 422 827 que
466 770 532 810 ex
559 753 777 824 ingenio
810 762 904 808 tuo
929 751 1183 819 perfectae
1223 751 1602 822 appellationis
1632 767 1882 807 commu-

313 847 532 903 nionem
569 846 826 900 tollamus
859 860 890 900 e
917 843 1115 911 medio,
1148 858 1268 914 qua:
1297 843 1604 898 babitudiui
1644 844 1720 898 illi
1755 859 1887 899 con-

309 937 478 1002 venit,
515 953 622 1008 qua
655 951 780 992 cum
825 934 987 991 Patre
1051 936 1416 1006 sempiternus
1459 934 1632 991 Filius
1674 935 1887 991 increa-

311 1037 512 1100 tusque
564 1033 936 1098 comparatur.
1003 1025 1149 1081 Fieri
1212 1026 1340 1080 item
1397 1040 1509 1080 non
1569 1033 1781 1096 potest,
1827 1034 1888 1081 ut

309 1119 574 1192 ingenita,
623 1120 974 1188 increataqne
1017 1125 1212 1172 natura
1257 1128 1442 1173 creata
1475 1118 1547 1174 sit
1572 1117 1886 1188 aliquando,

311 1210 383 1265 ab
417 1213 589 1280 eaque
626 1217 822 1265 creata:
853 1210 928 1265 rei
977 1209 1307 1274 conditione,
1350 1210 1499 1266 velut
1550 1211 1887 1281 paenitendo,

1999 570 2108 624 ἀπὸ
2143 570 2340 625 σαυτοῦ
2390 572 2488 642 τῆς
2533 571 2743 637 τελείας
2770 573 2913 627 κατὰ
2938 573 3197 646 ἀληθινὴν
3229 575 3414 645 σχέσιν
3437 573 3589 628 Υίοῦ

1999 661 2140 734 πρὸς
2164 662 2384 735 Πατέρα
2415 663 2501 718 ἀεὶ
2544 664 2696 729 ὄντος
2721 665 2814 718 καὶ
2837 665 3095 719 ἀκτίστου
3127 666 3422 736 ὀνομασίας
3449 669 3593 719 ἐπι-

1996 755 2303 810 κοινωνίαν.
2345 756 2626 811 Ἀδύνατόν
2679 759 2797 812 ἐστι
2840 757 2940 830 τὴν
2964 758 3258 829 ἀγέννητον
3293 759 3387 813 καὶ
3413 753 3594 812 ἄκτι-

1995 865 2120 901 στον
2170 847 2391 901 κτίσιν⁶
2440 851 2662 921 κτιστήν
2712 867 2845 904 ποτε
2886 850 3162 919 γενέσθαι,
3203 852 3296 905 καὶ
3336 852 3443 904 ἀπὸ
3475 849 3592 904 τοῦ

1995 939 2280 993 κεκτίσθαι
2315 940 2478 994 πάλιν
2500 941 2969 1014 μεταμεληθεῖσαν
2997 943 3327 1013 ἀναδραμεῖν
3355 943 3446 995 ἐπὶ
3475 940 3597 1011 τὴν

1993 1031 2167 1102 αὐτῆς
2187 1033 2535 1103 ἀγεννησίαν,
2571 1035 2672 1089 κᾶν
2710 1051 2770 1087 τε
2807 1035 2976 1106 μυρία
3009 1036 3142 1105 ἡμῖν
3168 1034 3374 1106 πλέκῃς
3423 1037 3595 1103 ’Δρι-

1997 1122 2286 1176 στοτελικὰ
2314 1121 2626 1194 ζητήματα,
2656 1124 2990 1194 καταλείψας
3016 1125 3117 1196 τὴν
3153 1125 3358 1180 ἄνωθεν
3391 1122 3594 1192 ἁπλῆν

1999 1213 2092 1266 καὶ
2132 1214 2304 1286 ἁγνὴν
2336 1215 2428 1268 καὶ
2460 1214 2771 1286 Πνεῦματος
2799 1215 2954 1283 ἁγίου
2981 1216 3351 1270 διδασκαλίαν.

316 1302 388 1358 ad
432 1303 670 1373 priorem
721 1303 871 1357 illum
927 1302 1156 1372 ingeniti
1207 1312 1410 1358 statum
1471 1303 1810 1372 postliminio
1869 1315 2194 1372 revertatur,
2241 1307 2592 1376 quantumvis
2633 1307 3002 1364 Aristotelicis
3043 1308 3155 1364 tuis
3205 1309 3340 1363 iisce
3393 1304 3596 1369 inﬁni-

313 1394 389 1450 tis
438 1392 833 1463 quaestionibus
880 1393 1163 1464 implicare
1212 1407 1316 1448 nos
1355 1393 1598 1459 studeas,
1643 1394 1854 1451 caelesti
1911 1410 1979 1451 ac
2031 1397 2266 1468 simplici
2311 1408 2574 1476 castaque
2618 1395 2856 1457 Spiritus
2897 1400 3075 1456 sancti
3121 1399 3374 1454 doctrina
3414 1399 3598 1455 dere-

312 1487 461 1544 licta.

702 1604 865 1676 943
906 1601 1089 1657 AETII
1129 1599 1360 1658 CAPUT
1400 1599 1512 1655 vu.

384 1692 500 1751 Nisi
525 1695 668 1751 Deus
690 1696 914 1751 omnino
940 1695 1012 1751 sit
1043 1695 1338 1766 ingenitus,
1385 1693 1522 1748 nihil
1555 1693 1732 1764 ipsum
1774 1706 1902 1763 pro-

2394 1600 2790 1655 ΚΕΦΔΛΑΙΟΝ
2817 1601 3072 1657 ΑΕἸἸΟΥ
3095 1604 3171 1658 Z'.

2067 1689 2132 1743 Ei.
2161 1689 2237 1761 μὴ
2265 1690 2402 1754 ὅλως
2441 1691 2471 1744 6
2510 1690 2644 1756 Θεὸς
2672 1691 2966 1763 ἀγέννητός
2994 1695 3162 1759 ἐστιν,
3193 1694 3345 1749 οὐδὲν
3371 1695 3592 1753 κωλύει

314 1786 464 1843 bibet
484 1786 786 1842 secundum
810 1794 1064 1844 naturam
1099 1785 1573 1854 substantiamque
1615 1785 1891 1855 genuisse.

2005 1781 2385 1854 γεγεννηκέναι
2423 1783 2716 1849 οὐσιωδῶς.
2751 1786 2814 1840 Et
2839 1785 2896 1838 δὲ
2918 1785 3056 1849 ὅλως
3085 1785 3233 1840 ἐστὶν
3261 1785 3594 1860 ἁγέννητος,

321 1877 419 1933 Sin
464 1878 682 1948 penitus
725 1885 810 1934 est
853 1877 1150 1949 ingenitus,
1181 1892 1291 1931 non
1317 1883 1402 1933 est
1428 1875 1727 1932 secundum
1763 1875 1892 1932 sub-

2005 1873 2096 1928 οὐκ
2150 1874 2424 1939 οὺσιωδῶς
2485 1876 2566 1940 εἰς
2614 1876 2826 1945 γένεσιν
2861 1877 3047 1949 διέστη
3071 1894 3086 1908 ο
3115 1877 3335 1951 ἐξουσίᾳ
3373 1879 3432 1934 δὲ
3466 1880 3598 1934 ὓπ-

318 1972 579 2027 stantiam
613 1969 682 2026 ad
711 1970 1116 2041 generationem
1148 1969 1468 2033 distractus,
1499 1966 1594 2024 sed
1629 1967 1775 2040 quod
1803 1984 1896 2040 ge-

315 2061 456 2130 nuit,
489 2071 756 2134 potestate
795 2076 860 2118 ac
894 2059 1152 2120 facultate
1184 2060 1464 2130 produxit.

876 2172 1184 2243 Confutatio
1231 2172 1364 2228 VII.

385 2265 453 2321 Et
479 2272 626 2322 totus
653 2265 928 2336 ingenitus
961 2274 1065 2330 est,
1098 2265 1490 2336 increatusque
1529 2264 1692 2331 Deus,
1722 2273 1779 2322 et
1801 2266 1895 2336 qui

323 2358 394 2413 ab
420 2359 539 2428 ipso
565 2358 780 2429 genitus
822 2366 928 2421 est,
961 2359 1262 2421 increatus,
1293 2366 1354 2413 ut
1405 2367 1460 2414 et
1490 2366 1716 2415 sanctus
1748 2358 1896 2415 illius

321 2449 582 2519 Spiritus,
611 2449 771 2518 cujus
817 2457 1101 2516 tantopere
1134 2449 1592 2505 existimationem
1625 2449 1828 2515 elevas,
1862 2465 1896 2506 ο

311 2543 553 2598 carnalis
610 2550 663 2598 et
727 2541 983 2596 animalis
1032 2541 1174 2606 Acti,
1223 2542 1651 2610 spiritaliterque
1694 2540 1898 2612 dijudi-

309 2641 436 2688 cate
469 2635 509 2688 ¹.
535 2631 706 2687 Habet
732 2632 836 2687 hoc
864 2645 1050 2702 porro,
1081 2640 1141 2686 ut
1171 2632 1239 2687 ab
1261 2632 1383 2702 ipso
1411 2632 1687 2701 procedat,
1713 2635 1898 2704 singu-

317 2725 416 2783 lari
463 2725 696 2796 quadam
734 2734 789 2780 et
823 2726 1024 2780 eximia
1077 2726 1315 2790 ratione,
1362 2741 1484 2795 quae
1512 2740 1638 2780 cum
1683 2726 1897 2782 caeteris

313 2816 592 2879 omnibus,
625 2832 747 2886 qua:
771 2833 835 2870 ea:
865 2817 1003 2884 ipso,
1038 2832 1130 2884 per
1154 2818 1349 2886 ipsum,
1379 2826 1426 2870 et
1455 2817 1520 2871 ab
1566 2819 1680 2885 ipso
1717 2827 1898 2872 creata

312 2917 439 2968 sunt
469 2909 511 2970 ⁸,
535 2909 836 2979 comparari
889 2908 1096 2978 nequit.
1141 2907 1408 2974 Quocirca
1463 2924 1641 2979 neque
1676 2924 1800 2965 cum
1828 2909 1897 2967 iis

313 3001 480 3060 rebus
507 3015 799 3054 commune
828 3008 913 3055 est
953 2999 1001 3054 ei
1031 2999 1351 3070 quidquam,
1383 3014 1484 3055 nec
1508 2999 1627 3055 ista;
1653 3014 1899 3055 commu-

312 3107 438 3148 nem
485 3106 609 3146 cum
671 3091 763 3145 illo
808 3090 1128 3162 dignitatem
1176 3091 1456 3146 vindicare
1497 3091 1602 3147 sibi
1643 3099 1893 3162 possunt.

1999 1965 2195 2038 έστησε
2224 1967 2490 2039 γέννημα.

2563 2168 2899 2238 Ἀνατροπὴ
2938 2167 3018 2223 Z’.

2067 2259 2178 2314 Καὶ
2224 2259 2344 2323 ὅλος
2393 2259 2526 2325 Θεὸς
2585 2262 2884 2331 ἁγέννητος
2937 2264 3034 2318 καὶ
3077 2261 3352 2328 ἄκτιστος,
3413 2264 3515 2320 καὶ
3562 2266 3600 2321 ὃ

1997 2350 2059 2416 ἐξ
2085 2352 2250 2406 αὐτοῦ
2281 2354 2679 2424 γεγεννημένος
2704 2355 2980 2424 ἄκτιστος,
3010 2355 3105 2410 καὶ
3129 2356 3188 2409 τὸ
3219 2355 3374 2425 ἆγιον
3413 2356 3598 2412 αὑτοῦ

1998 2444 2224 2515 Πνεῦμα
2253 2445 2404 2516 παρὰ
2435 2445 2529 2499 σοῦ
2555 2448 3007 2519 σμικρυνὸμενον,
3033 2450 3262 2521 σαρκικὲ
3292 2447 3463 2502 ’Δέτιε
3483 2449 3602 2504 καὶ

1997 2534 2218 2606 ψυχικὲ,
2255 2521 2640 2609 πνευματικῶς
2675 2540 3090 2612 ἀνακρινόμενε,
3131 2540 3417 2613 μονοειδῶς
3457 2540 3602 2611 ἔχον

1996 2626 2060 2681 τὸ
2088 2627 2147 2694 ἐξ
2180 2627 2346 2683 αὐτοῦ
2376 2629 2676 2702 ἐξαίρετον,
2716 2631 2790 2702 μὴ
2820 2631 3257 2702 ἀπεικαζόμενον
3291 2635 3408 2697 τοῖς
3447 2632 3596 2685 πολ-

1999 2719 2134 2786 λοῖς,
2162 2720 2232 2776 ἐκ
2269 2721 2375 2776 τοῦ
2406 2723 2615 2790 αὐτοῦ,
2644 2723 2743 2778 καί
2783 2722 2858 2777 δι’
2900 2725 3111 2790 αὑτοῦ,
3141 2724 3239 2778 καί
3262 2725 3363 2779 ἀπ’
3390 2725 3599 2780 αὐτοῦ

1997 2812 2435 2882 κεκτισμένοις.
2459 2815 2550 2868 Διὸ
2572 2814 2696 2869 οῦτε
2745 2816 3063 2887 κοινωνήσει
3095 2819 3208 2881 τοῖς
3241 2818 3428 2879 πᾶσιν,
3454 2816 3596 2870 οὔτε

1998 2919 2086 2966 τις
2120 2903 2285 2957 αὐτοῦ
2314 2903 2394 2975 τῷ
2445 2903 2717 2976 ἀξιώματι
2764 2906 3230 2977 ὲπικοινωνήσειε.
3255 2908 3442 2962 Πάντα
3471 2907 3600 2978 γὰρ

1999 2993 2362 3065 παρίπταται,
2385 2995 2480 3050 καὶ
2503 2996 2798 3068 ὑποχωρεῖ,
2829 2998 2924 3051 καὶ
2959 2997 3362 3069 καταλιμπάνει
3401 3001 3601 3054 πᾶσαν

2001 3085 2180 3140 αἰτίαν
2220 3085 2637 3158 συλλογιστικὴν
2676 3086 2756 3157 τῷ
2799 3087 2909 3142 ἀπὸ
2931 3090 3031 3160 τῆς
3062 3088 3210 3154 θείας
3232 3091 3455 3163 Γραφῆς
3497 3093 3597 3146 δι-

313 3180 527 3240 Etenim
564 3183 950 3252 praetervolant
984 3196 1049 3236 ac
1077 3181 1284 3237 cedunt
1315 3182 1522 3246 omnia,
1567 3189 1642 3247 et,
1673 3182 1892 3236 ratioci-

2005 3175 2312 3245 δασκαλικῷ
2338 3177 2501 3248 λόγῳ,
2523 3177 2624 3250 τῷ,
2650 3177 2858 3246 Οὐδεὶς
2890 3175 3016 3235 οἶδε
3048 3181 3154 3235 τὸν
3199 3182 3338 3236 Υιόν
3357 3184 3410 3236 εί
3429 3182 3520 3253 μὴ
3556 3185 3599 3241 ὁ

315 3273 634 3338 nationibus
660 3270 1110 3341 argumentisque
1145 3268 1377 3334 relictis,
1406 3282 1688 3323 sacrarum
1723 3283 1782 3338 se
1804 3268 1892 3322 lit-

2005 3267 2227 3337 Πατὴρ,
2251 3269 2394 3324 οὐδὲ
2422 3270 2530 3325 τὸν
2557 3272 2790 3341 Πατέρα
2811 3275 2863 3326 εὶ
2879 3273 2968 3343 μὴ
2993 3276 3027 3328 ό
3063 3274 3218 3342 Υἱὸς,
3250 3275 3349 3329 καὶ
3385 3268 3434 3342 ᾧ
3473 3274 3600 3330 ἐὰν

315 3372 558 3418 terarum
592 3361 907 3417 auctoritati
953 3361 1347 3428 sententiaeque
1390 3362 1739 3423 submittunt,
1773 3375 1892 3428 quae

2005 3361 2390 3432 ἀποκαλύψῃ.
2436 3364 2837 3418 Ἀποκαλύπτει
2882 3364 2941 3418 δὲ
2979 3365 3046 3419 δι’
3078 3364 3234 3434 ἁγίου
3268 3367 3597 3437 Πνεῦματος

317 3455 464 3510 istud
511 3457 690 3526 ipsum
722 3456 1078 3525 pronuntiant
1108 3469 1122 3506 :
1161 3451 1331 3508 Nemo
1363 3453 1502 3507 novit
1520 3451 1566 3505 F
1569 3451 1741 3518 ilium,
1790 3451 1892 3506 nisi

2005 3453 2060 3506 οὗ
2098 3457 2210 3516 τοῖς
2243 3455 2404 3508 αὐτὸν
2457 3456 2949 3527 συλλογιζομένοις,
2982 3457 3115 3512 ἀλλὰ
3152 3460 3266 3521 τοῖς
3306 3459 3387 3523 είς
3419 3457 3596 3513 αὐτὸν

321 3547 519 3608 Pater,-
563 3563 724 3615 neque
768 3546 1005 3608 Patrem,
1041 3541 1146 3597 nisi
1187 3541 1388 3607 Filius,
1427 3551 1479 3597 ct
1524 3537 1610 3602 cui
1642 3543 1892 3597 revelave-

2005 3545 2242 3616 γνησίως
2262 3546 2356 3600 καὶ
2387 3547 2605 3612 τελείως
2641 3549 3052 3603 πεπιστευκόσι.
3094 3549 3204 3603 Καὶ
3234 3548 3345 3620 γὰρ
3361 3549 3484 3603 οὔτε
3515 3550 3596 3606 τὰ

316 3640 388 3693 rit
418 3638 458 3691 ³.
496 3635 720 3691 Revelat
753 3644 934 3691 autem
977 3650 1074 3704 per
1102 3632 1366 3704 Spiritum
1406 3643 1654 3689 sanctum
1687 3650 1796 3688 non
1829 3633 1892 3690 iis

2005 3635 2250 3704 κρίματα
2283 3634 2449 3688 αὑτοῦ
2478 3635 2766 3707 ἐρευνῆσαι
2810 3635 3117 3707 δυνηθείης,
3150 3635 3273 3690 οὐδὲ
3301 3634 3400 3699 τὰς
3430 3635 3596 3698 ὁδοὺς

315 3731 409 3798 (ιιιὶ
451 3728 783 3798 syllogismis
827 3743 886 3783 se
920 3729 1035 3781 suis
1077 3734 1132 3780 et
1170 3727 1398 3795 argutiis
1433 3725 1892 3795 comprehendere

2005 3725 2165 3780 αὐτοῦ
2220 3725 2566 3797 ὲξιχνιάσεις,
2618 3726 2760 3781 κατὰ
2800 3727 2862 3781 τὸ
2916 3726 3328 3800 γεγραμμένον,
3380 3725 3482 3781 κᾶν
3520 3741 3596 3789 τε

316 3823 590 3882 nituntur,
623 3817 716 3874 sed
759 3818 826 3872 iis
865 3819 1129 3871 duntaxat
1164 3815 1257 3886 qui
1308 3815 1365 3870 in
1413 3831 1471 3871 se
1503 3814 1717 3871 sincere
1763 3830 1890 3885 per-

2006 3818 2176 3890 μυρία
2203 3820 2336 3890 ἡμῖν
2365 3819 2526 3890 ἔλθῃς
2550 3819 2826 3891 φλυαρῶν,
2855 3818 3087 3874 ἐλεεινὸν
3115 3820 3236 3873 κατ’
3259 3818 3361 3891 ἐμὲ
3379 3816 3593 3889 ἀνθρω-

318 3908 566 3978 feeteque
628 3907 982 3962 crediderint.
1047 3903 1183 3960 Nam
1245 3919 1424 3974 neque
1474 3905 1680 3974 judicia
1742 3906 1888 3962 illius
1997 3909 2214 3981 πάριον.

317 4000 659 4072 perscrutari
704 4001 927 4070 poteris,
978 4013 1155 4066 neque
1200 3997 1319 4053 vias
1361 3997 1712 4068 investigare,
1756 3997 1898 4054 sicut
1933 4000 2201 4072 scriptum
2249 4009 2332 4058 cst
2379 4002 2420 4068 ’⁵,
2474 4003 2694 4059 tametsi
2753 4001 2998 4059 inﬁnitas
3051 4017 3227 4074 nugas
3272 4000 3507 4070 eﬂ‘utias,
3548 4017 3588 4060 ο

315 4093 627 4149 miserrime
653 4105 716 4144 ac
748 4091 850 4143 mei
894 4087 1087 4142 similis
1118 4086 1444 4141 homuncio!

789 4199 972 4256 AETll
1011 4199 1240 4256 CAPUT
1280 4199 1416 4254 VIII.

2369 4198 2766 4255 ΚΕΦᾹΛΑῘΟΝ
2815 4200 3067 4256 ΑΕΤῙΟΥ
3109 4203 3192 4257 Η’.

387 4296 443 4352 Si
466 4296 743 4366 ingenitus
776 4293 918 4349 Deus
943 4293 1240 4364 generandi
1284 4292 1336 4346 vi
1381 4300 1528 4348 totus
1573 4299 1658 4348 est
1701 4291 1892 4362 praedi-

2071 4288 2132 4342 Ei
2159 4288 2277 4351 ὅλος
2309 4289 2428 4342 ὲστὶ
2462 4289 2773 4360 γεννητικὸς
2805 4291 2834 4344 6
2852 4290 3145 4362 ἁγέννητος
3175 4291 3328 4359 Θεὸς,
3360 4295 3460 4350 οὐκ
3488 4296 3582 4354 06-

314 4397 426 4450 tus.
456 4388 599 4458 quod
627 4386 866 4457 genitum
912 4394 1016 4448 est,
1049 4383 1353 4441 secundum
1393 4391 1641 4438 naturam
1675 4400 1781 4438 non
1810 4389 1892 4439 est

2005 4378 2208 4442 σιωδῶς
2233 4379 2295 4432 τὸ
2326 4380 2587 4449 γεννηθὲν
2609 4381 2894 4451 ἐγεννήθη,
2923 4381 3052 4452 ὅλης
3071 4383 3303 4456 ἐχούσης
3348 4389 3448 4458 τῆς
3486 4388 3580 4441 οὗ·
3645 4429 3650 4438 .

314 4479 584 4552 genitum,
619 4493 745 4532 cum
793 4484 907 4531 tota
949 4476 1068 4542 ipsa
1121 4487 1316 4530 natura
1345 4476 1570 4531 insitum
1613 4475 1744 4530 illud
1795 4475 1895 4528 ba-

313 4573 460 4635 beat,
494 4580 552 4623 ut
602 4568 809 4639 gignat,
843 4583 952 4622 non
985 4576 1038 4621 ut
1087 4568 1361 4638 gignatur.
1403 4567 1610 4635 Quodsi
1658 4581 1899 4622 commu-

316 4672 425 4716 tata
460 4661 556 4716 Dei
597 4661 859 4726 essentia,
909 4660 1152 4730 genitum
1184 4658 1444 4729 quiddam
1498 4669 1743 4720 vocetur,
1783 4673 1894 4713 non

313 4754 422 4809 erit
471 4751 850 4814 immutabilis,
894 4766 1018 4805 cum
1057 4751 1105 4804 ei
1167 4749 1284 4819 ipsa
1329 4750 1558 4804 mutatio
1605 4747 1725 4802 Filii
1770 4764 1895 4820 pro-

318 4845 601 4916 prietatem
635 4841 848 4896 etiiciat.
884 4841 992 4896 Sin.
1021 4852 1076 4898 et
1120 4842 1442 4897 mutationis
1475 4850 1558 4897 est
1593 4857 1809 4912 expers.
1840 4850 1896 4896 et

313 4937 463 4991 omni
504 4934 859 5007 generatione
900 4933 994 4988 Dei
1033 4944 1226 4989 natura
1263 4934 1624 5005 praestantior,
1655 4933 1799 5003 quod
1829 4934 1896 4989 de

314 5027 454 5102 Filio
489 5027 779 5091 asseritur,
810 5026 925 5086 sola
956 5025 1318 5096 appellatione
1353 5024 1646 5081 constabit.

255 5185 260 5191 .
331 5157 386 5180 ἐκ
847 5134 1157 5203 Confutatio
1202 5132 1370 5188 VIII.

384 5228 503 5286 Non
530 5237 583 5284 te
606 5227 959 5292 soium,Aeti,
981 5228 1074 5282 scd
1097 5234 1154 5284 et
1180 5227 1481 5280 hwrelicum
1502 5226 1668 5299 9M
1689 5244 1891 5284 onmem

311 5333 430 5389 post
469 5323 697 5392 primani
752 5321 1127 5390 oorreptiouem
1177 5320 1420 5375 devitarc
1456 5323 1697 5392 Oportuit
1747 5322 1789 5385 ⁵,
1821 5338 1888 5376 ex

313 5419 504 5464 sancta
532 5410 622 5465 illa
657 5411 1002 5481 sapicntique
1023 5408 1178 5466 Pauli
1201 5411 1493 5466 sententia.
1527 5412 1640 5466 Abs
1662 5420 1716 5467 te
1743 5413 1889 5467 enim

318 5501 438 5567 ipso
460 5500 749 5557 damnatus
793 5502 1006 5557 tibimet
1032 5502 1280 5565 exitium,
1322 5502 1472 5556 nullo
1499 5503 1606 5556 alio
1639 5511 1889 5573 cogente,

313 5594 640 5648 consciscis.
697 5595 897 5665 Ecquis
953 5594 1120 5664 igitur
1167 5594 1315 5653 illius
1374 5595 1753 5659 miserebitur,
1797 5595 1890 5664 qui

2002 4470 2123 4534 σίας
2151 4469 2317 4523 αὐτοῦ
2352 4469 2416 4523 τὸ
2464 4473 2678 4542 γεννᾷν,
2717 4472 2777 4525 οὐ
2800 4472 2861 4526 τὸ
2895 4474 3208 4541 γεννᾶσθαι.
3235 4477 3299 4530 Εί
3331 4477 3388 4530 δὲ
3415 4496 3580 4549 μετα-

2000 4560 2437 4632 σχηματισθεῖσα
2489 4563 2524 4632 ἡ
2555 4562 2712 4615 οὐσία
2757 4562 2851 4616 τοῦ
2879 4562 3016 4616 Θεοῦ
3062 4565 3310 4638 γέννημα
3336 4568 3578 4638 λέγεται,

1999 4655 2101 4708 οὐκ
2161 4653 2536 4725 ἁμετάϐλητος
2579 4655 2611 4724 ἡ
2665 4653 2821 4707 οὐσία
2871 4655 3059 4722 αὑτοῦ,
3120 4657 3222 4728 τῆς
3279 4661 3581 4734 μεταϐολῆς

1999 4743 2379 4817 ἐργαζομένης
2432 4745 2533 4816 τὴν
2589 4745 2720 4799 Υἱοῦ
2783 4746 3123 4820 ίδιοποίησιν.
3163 4750 3228 4802 Ei
3271 4749 3328 4804 δὲ
3371 4752 3456 4824 εἴη
3483 4754 3583 4808 καὶ

1997 4833 2396 4904 ἀμετάϐλητος,
2451 4835 2543 4888 καὶ
2586 4834 2852 4902 γενέσεως
2902 4837 3172 4908 κρείττων
3208 4842 3240 4909 ἠ
3293 4841 3450 4896 οὐσία
3480 4843 3577 4897 τοῦ

1998 4925 2157 4987 Θεοῦ,
2186 4925 2245 4978 τὸ
2279 4927 2419 4980 κατὰ
2439 4925 2532 4980 τὸν
2558 4926 2685 4981 Υίὸν
2722 4926 2826 4993 ἕως
2851 4928 3015 5000 ψιλῆς
3042 4933 3414 5005 προσηγορίας
3444 4937 3576 5006 opp-

1995 5017 2372 5088 λογηθήσεται.

2567 5135 2622 5187 Ἀ
2630 5134 2896 5203 νατροπὴ
2928 5138 3013 5190 H'.

2072 5226 2218 5279 Ἔδει
2254 5225 2352 5296 μὲν
2380 5221 2473 5279 οῦν
2498 5226 2559 5279 οὐ
2588 5226 2746 5296 μόνον
2775 5227 2855 5288 σὲ,
2884 5227 3077 5290 Ἀέτιε,
3105 5227 3240 5281 ἀλλὰ
3257 5229 3351 5282 καὶ
3378 5230 3573 5286 πάντα

1999 5320 2298 5387 αἱρετικὸν
2319 5319 2471 5388 μετὰ
2493 5321 2642 5389 μίαν
2662 5322 2989 5376 νουθεσίαν
3020 5324 3423 5395 παραιτεῖσθαι,
3448 5327 3520 5388 ὡς
3545 5325 3574 5378 6

2001 5409 2156 5477 ἅγιος
2188 5410 2278 5462 καὶ
2309 5411 2471 5481 σοφὸς
2514 5409 2724 5465 κελεύει
2755 5411 2932 5480 λόγος.
2965 5413 3436 5484 Αὐτοκατάκριτος
3466 5417 3572 5486 γὰρ

2000 5502 2309 5572 τυγχάνεις.
2373 5501 2550 5572 ἐαυτῷ
2602 5503 2692 5556 τὸν
2742 5503 2960 5574 ὄλεθρον
3005 5506 3426 5578 ἐπισπώμενος,
3480 5507 3573 5562 καὶ

1998 5593 2118 5664 οὐχὶ
2149 5595 2238 5663 ὑφ’
2272 5594 2460 5667 ἑτέρου
2505 5597 2965 5670 ἀναγκαζόμενος.
3002 5598 3097 5661 Τίς
3119 5595 3216 5652 οὖν
3247 5600 3457 5673 ἐλεήσει
3481 5599 3570 5655 τὸν

393 5749 410 5782 ⁸
439 5748 458 5806 l
487 5748 614 5805 Cor.
644 5766 707 5817 ιι,
737 5751 826 5805 Μ.
903 5755 923 5785 ¹
955 5750 1075 5810 Col.
1111 5768 1150 5820 ι,
1187 5753 1276 5818 16.
1350 5754 1371 5785 ³
1395 5751 1588 5816 Matth.
1623 5767 1697 5824 ιι,
1721 5751 1810 5808 27.
1887 5752 1892 5781 λ

2005 5768 2092 5817 ιω.
2122 5769 2199 5824 ιι,
2240 5754 2328 5812 33.
2406 5757 2426 5790 ⁸
2457 5756 2562 5812 Tit.
2587 5771 2671 5825 ut,
2695 5757 2778 5812 10.
2859 5759 2879 5790 ⁶
2905 5755 2964 5812 F.
3000 5753 3182 5827 φύσιν.
