3990 6228
292 384 398 441 565

881 381 1252 442 ADVERSUS
1292 383 1631 441 [UERESES
1670 383 1799 440 LIB.
1843 384 1847 437 1

1965 384 2129 439 ’1ῸΜ.
2172 385 2211 439 1.
2248 413 2318 425 -
2355 382 2629 440 IIAﬂRES.
2672 384 2904 441 LXXVI.

3437 387 3538 445 εδδ

293 504 466 574 ἑαυτῷ
492 500 743 573 πονηρὸν,
772 502 865 557 καὶ
891 503 1067 557 οὐδενὶ
1088 505 1290 574 ἀγαθὸν
1320 508 1655 577 τυγχάνοντα
1680 524 1693 570 ;
1725 506 1847 559 Ἀλλ

1967 505 2071 561 sibi
2118 504 2219 575 ipsi
2256 504 2456 566 malus,
2487 503 2691 559 nemini
2721 502 2876 557 alteri
2911 504 3085 558 bonus
3112 511 3197 558 cst
3227 502 3290 557 "l
3335 501 3437 558 Sed
3475 521 3542 560 ue

292 598 376 649 ἵνα
424 595 497 667 μὴ
548 595 635 665 ἐφ’
666 588 751 659 οἷς
797 593 1139 668 esum“;
1187 596 1267 668 τῷ
1327 598 1517 670 κόσμῳ
1558 601 1769 663 κακοῖς,
1806 597 1865 651 ὲν

292 686 498 757 σεαυτῷ
550 686 709 756 ἔχων,
766 686 1173 757 ὑπολαμϐάνοις
1208 689 1285 753 ὡς
1317 691 1445 761 περὶ
1482 691 1734 762 μεγάλων
1770 689 1866 743 καὶ

287 775 601 838 ἀντιθέτων,
658 775 1029 847 ἐπιμενοῦμεν
1088 777 1183 831 atat
1220 778 1373 832 αὐτοὶ
1419 778 1557 848 μετά
1592 778 1866 850 μακροθυ-

288 868 416 937 μίας
478 867 543 936 τῇ
588 865 825 937 διστόμῳ
883 866 1149 939 μαχαίρᾳ,
1190 868 1285 922 τοῦ
1330 869 1568 940 Χριστοῦ
1594 869 1738 939 λόγῳ
1774 871 1866 922 ὲκ-

285 958 566 1027 τέμνοντές
625 973 718 1011 σου
783 956 882 1021 τὰς
924 958 1259 1023 ἀκανθώδεις
1300 958 1474 1030 ῥίζας,
1503 962 1561 1013 ὲν
1591 963 1656 1032 τῇ
1684 962 1860 1028 ὑγιαι-

283 1049 444 1121 νούσῃ
474 1049 609 1120 πρὸς
627 1048 761 1102 Θεὸν
788 1048 971 1121 τελείᾳ
1006 1051 1100 1103 καὶ
1147 1050 1373 1122 ἀληθινῇ
1411 1052 1690 1121 ὁμολογίᾳ.
1724 1050 1862 1115 Δόξα

282 1143 384 1212 γάρ
436 1140 516 1210 τῷ
566 1140 819 1211 ὲλεήμονι
850 1140 928 1212 τῷ
962 1142 1278 1213 φωράσαντί
1318 1160 1398 1207 σε,
1433 1146 1613 1208 ὁποῖος
1639 1140 1710 1209 εἴ,
1763 1143 1860 1215 τὴν

277 1230 369 1284 τοῦ
412 1230 579 1283 Ἰούδα
612 1231 827 1300 ἐπέχων
859 1231 1034 1297 τάξιν,
1068 1234 1163 1285 τοῦ
1194 1234 1293 1286 σὺν
1323 1236 1437 1293 τοῖς
1470 1219 1736 1305 μαθηταῖς
1762 1235 1860 1305 μὲν

278 1318 690 1390 ἀριθμηθέντος,
750 1318 1135 1390 ἀφορισθέντος
1176 1320 1254 1384 δὲ,
1293 1322 1353 1374 οὐ
1380 1322 1614 1393 Χριστοῦ
1647 1322 1858 1392 ἔχοντος

274 1413 361 1465 τὸν
377 1398 533 1475 νοῦν,
561 1410 674 1464 ἀλλ’
701 1412 766 1463 ἐκ
790 1411 883 1464 τοῦ
914 1412 1130 1466 Σατανᾶ
1165 1411 1567 1482 ὑποδεξαμένου
1597 1413 1695 1484 τὴν
1720 1414 1857 1484 πρὸς

272 1504 361 1559 τὸν
390 1504 673 1575 Δεσπότην
706 1504 871 1558 αὑτοῦ
904 1505 1351 1576 ἐπαρνησιθεῖαν.
1390 1506 1534 1578 Ψιλῇ
1564 1507 1672 1579 γάρ
1715 1507 1858 1572 λέξει

272 1596 632 1668 ὡμολόγησας
679 1596 772 1649 τὸν
823 1596 951 1649 Υίὸν
972 1595 1067 1649 τοῦ
1094 1596 1230 1650 Θεοῦ
1264 1597 1412 1668 ἔχειν
1450 1602 1508 1655 ὲν
1530 1601 1597 1670 τῇ
1623 1599 1853 1671 διανοίᾳ.

274 1688 380 1743 Καὶ
432 1687 521 1750 τίς
574 1690 692 1741 ἔστι
722 1688 882 1759 χρεία
913 1688 1043 1757 περὶ
1071 1688 1173 1758 τῆς
1196 1689 1332 1759 πρὸς
1357 1689 1419 1742 σὲ
1455 1688 1666 1755 λαλιᾶς,
1690 1691 1853 1743 ὁπότε

271 1779 615 1833 παντάπασιν
639 1779 920 1849 ἀλλότριος
948 1779 1290 1852 Χριστιανῶν
1319 1780 1603 1851 ὑπάρχεις,
1637 1798 1851 1852 προφη-

1966 595 2203 667 pessima
2258 596 2348 648 illa
2395 595 2669 665 dogmata.
2702 610 2824 666 quae
2878 596 2935 650 in
2967 597 3167 650 mundo
3220 604 3272 650 te
3317 592 3542 652 auctore

1966 687 2325 757 pullularunt,
2357 687 2706 756 magniﬁcum
2738 687 2996 756 quiddam
3029 695 3083 741 et
3116 686 3381 757 ejusmodi
3416 702 3541 742 esse

1965 793 2216 841 censeas,
2253 786 2312 832 ut
2346 778 2562 831 veritati
2618 777 2994 832 contradicere
3047 780 3278 847 possint,
3331 779 3384 831 in
3438 779 3541 831 hoc

1961 871 2139 939 ipsum
2204 870 2433 941 patienti
2493 869 2874 923 incumbemus
2932 868 3146 934 animo,
3207 878 3265 922 nt
3314 869 3537 937 ancipiti

1961 961 2144 1032 gladio
2174 961 2216 1025 ⁸,
2258 961 2361 1016 hoc
2410 971 2494 1017 cst
2536 960 2741 1015 Christi
2782 961 2967 1024 verbo,
3004 961 3258 1028 spinosas
3304 967 3428 1012 tuas
3461 976 3539 1011 ra-
3568 990 3581 995 ι

1962 1055 2117 1109 dices
2159 1054 2499 1116 exeidamus,
2550 1068 2613 1107 ac
2654 1053 2954 1112 salubrem,
3011 1051 3305 1118 perfectam
3339 1068 3402 1105 ac
3430 1052 3538 1106 siu-

1960 1161 2141 1200 ceram
2206 1145 2326 1200 fidei
2399 1145 2802 1200 confessionem
2878 1159 3242 1214 opponamus.
3312 1144 3537 1214 Magnas

1961 1235 2145 1305 itaque
2179 1234 2524 1289 misericordi
2565 1234 2672 1289 Deo
2701 1235 2905 1305 gratias
2933 1250 3094 1303 agere
3123 1233 3410 1297 debemus,
3442 1235 3535 1302 qui

1959 1325 2267 1393 cujusmodi
2320 1325 2398 1380 sis
2446 1325 2691 1380 indicare
2722 1326 2880 1381 nobis
2920 1327 3110 1389 voluit,
3156 1334 3237 1387 tu,
3288 1326 3535 1394 inquam,

1968 1420 2059 1488 qui
2095 1416 2248 1473 Iuda:
2292 1418 2472 1472 locum
2522 1419 2804 1488 vicemque
2844 1419 3087 1474 sustines
3122 1438 3133 1471 :
3170 1419 3260 1488 qui
3300 1433 3424 1472 cum
3457 1418 3541 1471 in-

1961 1520 2043 1566 ter
2085 1510 2390 1580 discipulos
2435 1518 2776 1574 censeretur,
2828 1510 2897 1564 ab
2943 1526 3133 1566 eorum
3184 1524 3411 1563 numero
3452 1523 3537 1564 sc-

1956 1610 2215 1673 grcgatus
2247 1612 2353 1665 est,
2385 1603 2530 1673 quod
2565 1602 2770 1657 Christi
2804 1610 2984 1656 mente
3024 1614 3365 1671 nequaquam
3398 1616 3534 1669 pra).

1956 1695 2105 1748 ditus
2134 1711 2163 1749 e
2206 1694 2424 1748 Salaria:
2459 1694 2638 1747 alﬂatu
2679 1692 2943 1748 nefariam
2981 1694 3124 1745 illam
3145 1678 3398 1761 'cjuramli
3439 1691 3530 1745 Dei

1955 1787 2287 1840 voluntatem
2318 1786 2611 1856 expressit.
2646 1784 2722 1838 Iita
2747 1791 2804 1840 et-
2842 1793 2898 1838 tu
2931 1785 3115 1839 verbis
3144 1792 3304 1837 tenus
3336 1781 3531 1835 Filium

268 1870 372 1923 τῶν
390 1887 450 1922 τε
475 1871 573 1923 καὶ
602 1870 935 1935 ἀποστόλων,
963 1871 1057 1925 καὶ
1102 1870 1522 1939 εὐαγγελιστῶν,
1559 1870 1847 1943 μαρτύρων

1956 1868 2048 1930 Dei
2100 1875 2304 1931 habere
2350 1884 2401 1929 te
2451 1875 2505 1928 in
2568 1875 2752 1928 animo
2801 1873 3093 1943 proﬁteris.
3162 1870 3303 1937 Quid
3351 1881 3531 1924 autem

267 1979 324 2014 τε
340 1963 433 2014 καὶ
449 1961 670 2015 πάντων
697 1961 803 2014 τῶν
825 1962 1027 2030 ἀγίων;
1063 1962 1171 2014 τῶν
1200 1962 1416 2031 ἐλέγξαι
1441 1979 1499 2015 σε
1533 1966 1612 2027 εἰς
1637 1964 1849 2035 ἡμέραν

267 2052 501 2121 κρίσεως
546 2051 782 2120 ἑτοίμως
833 2051 1098 2120 ἑχόντων·
1140 2051 1222 2104 ὅτι
1258 2052 1387 2122 ἄχρι
1427 2050 1660 2104 θανάτου
1694 2068 1851 2122 στρε-

264 2142 549 2212 ϐλούμενοι
580 2143 901 2212 ὑπέμειναν,
938 2142 1344 2214 μαστιζόμενοι,
1383 2142 1655 2215 ξεόμενοι,
1688 2143 1851 2214 θηρσὶ

265 2233 355 2286 καὶ
403 2234 546 2303 πυρὶ
596 2231 1039 2302 παραϐληθέντες
1078 2233 1171 2286 καὶ
1235 2232 1381 2302 φόνῳ
1416 2232 1711 2303 μαχαίρας,
1762 2232 1851 2286 ἵνα

263 2323 384 2376 Υίὸν
415 2322 557 2376 Θεοῦ
580 2323 720 2377 -ὅντα
785 2324 879 2377 καὶ
921 2322 981 2387 ἐξ
1019 2322 1183 2376 αὐτοῦ
1219 2323 1487 2394 ἀληθινῶς
1516 2323 1848 2393 γεγεννημέ-

262 2430 351 2465 νον
391 2413 467 2484 μὴ
519 2414 882 2485 ἀρνήσωνται.
916 2415 1239 2483 Γεννητικὸς
1279 2413 1386 2483 γὰρ
1418 2417 1446 2467 ὁ
1469 2414 1658 2484 Πατὴρ
1683 2415 1846 2484 μόνου

259 2503 629 2573 Μονογενοῦς,
677 2504 773 2558 καὶ
796 2506 894 2574 οὐχ
926 2505 1116 2575 ἑτέρου
1158 2506 1301 2569 τινὸς
1338 2506 1417 2558 ἔτι
1443 2507 1582 2576 μετὰ
1607 2507 1699 2560 τὸν
1731 2506 1846 2571 ἕνα,

261 2595 351 2646 καὶ
373 2594 786 2666 ἀνομϐρητικὸς
824 2595 1143 2666 Πνεύματος
1195 2596 1372 2666 ἁγίου,
1406 2598 1501 2650 καὶ
1536 2598 1636 2668 οὐχ
1658 2597 1847 2669 ἑτέρου

259 2686 597 2756 [Ινεύματος.
654 2686 896 2756 Κτίστης
942 2687 998 2740 δὲ
1038 2687 1133 2740 καὶ
1162 2688 1395 2759 ποιητὴς
1425 2689 1534 2742 τῶν
1565 2689 1655 2743 ὑπ’
1681 2687 1845 2743 αὐτοῦ

257 2775 564 2845 γενομένων
620 2777 714 2829 καὶ
751 2777 839 2829 ἀεὶ¹
884 2778 1243 2848 γιγνομένων.
1290 2779 1381 2831 Διὸ
1408 2778 1590 2832 οὐκέτι
1634 2779 1847 2832 πολλῶν

258 2866 383 2921 υἱῶν
426 2868 812 2938 γεννωμένων,
838 2866 963 2921 οὔτε
996 2868 1206 2922 πολλῶν
1242 2872 1568 2941 πνευμάτων
1597 2871 1658 2935 ἐξ
1681 2871 1845 2925 αὐτοῦ

255 2956 729 3026 ἐκπορευομένων,
762 2956 861 3026 τῆς
894 2956 1063 3026 αὐτῆς
1092 2955 1344 3027 θεότητος
1368 2958 1455 3012 ἀεὶ
1488 2959 1545 3010 ὲν
1568 2961 1634 3029 τῇ
1656 2957 1845 3030 Τριάδι

257 3049 530 3119 μενούσης
560 3048 656 3101 καὶ
694 3048 1091 3119 δοξαζομένης·
1122 3049 1218 3101 καὶ
1264 3049 1533 3119 μηδέποτε
1570 3048 1847 3121 προστιθε-

256 3139 439 3210 μένης,
462 3139 609 3210 μήτε
633 3138 929 3210 ληγούσης,
964 3140 1100 3210 μήτε
1138 3139 1556 3211 ὑπολειφθείσης
1583 3139 1736 3204 ποτὲ,
1763 3139 1840 3204 ὡς

610 3205 823 3297 Διό-καὶ
853 3205 951 3301 οὐχ
1095 3231 1258 3301 ψιλῆς
1289 3205 1584 3301 ὀνομασίας
1637 3231 1731 3285 ἐπὶ
1760 3231 1838 3300 τῷ
1866 3205 1907 3261 C

252 3325 551 3393 γεννήματι
574 3322 788 3375 ἵσταται
825 3322 886 3375 τὸ
919 3322 1162 3393 ἀξίωμα·
1194 3324 1317 3377 ἐπεὶ
1344 3323 1410 3377 ἂν
1433 3324 1662 3389 πολλοὺς
1689 3324 1835 3377 ἀδελ-

253 3418 381 3484 φοὺς
441 3417 565 3487 μετ’
629 3415 792 3469 αὐτὸν
842 3415 999 3486 ἔσχεν
1044 3417 1264 3487 ὁμοίους
1301 3417 1470 3489 αὐτῷ,
1510 3417 1587 3481 ὡς
1624 3418 1717 3471 ἐπὶ
1755 3416 1835 3489 τῷ

251 3510 568 3581 εἰρημένῳο
610 3508 784 3576 Υἱοὺς
820 3510 1122 3580 ἐγέννησα
1172 3512 1273 3565 καὶ
1301 3512 1554 3580 ὕψωσα·
1606 3513 1699 3566 καὶ
1742 3512 1836 3565 ἐπὶ

250 3600 353 3669 τῷν
394 3602 458 3654 ’θ
491 3601 747 3668 τετοκὼς
770 3602 1012 3668 βώλους
1034 3602 1258 3671 δρόσου
1282 3617 1296 3630 ⁵
1329 3603 1423 3655 καὶ
1456 3604 1547 3657 ἐπὶ
1576 3603 1673 3674 τῷ,
1708 3603 1834 3671 Ἀφ’

250 3688 320 3748 οὗ
347 3691 525 3746 πᾶσα
575 3692 788 3762 πατριὰ
825 3692 894 3745 ἐν
924 3693 1157 3762 οὐρανῷ
1180 3695 1391 3749 καὶέπὶ
1418 3693 1533 3765 γῆς
1563 3693 1837 3763 ὀνομάζε-

249 3798 368 3836 ται·
401 3783 502 3836 καὶ
571 3782 664 3835 ἐπὶ
698 3780 798 3851 τῷ,
836 3784 959 3850 Οὐχ
996 3776 1085 3848 εἷς
1122 3782 1327 3852 Πατὴρ
1362 3783 1604 3837 πάντων
1632 3783 1833 3852 emitr;

250 3871 340 3923 καὶ
378 3869 477 3924 ἐπὶ
511 3869 610 3939 τῷ,
643 3869 793 3936 Παῖς
838 3886 959 3940 μου
1008 3869 1207 3925 Ἰακώϐ
1227 3888 1240 3901 ·
1286 3872 1381 3925 καὶ
1431 3873 1524 3924 ἐπὶ
1551 3870 1649 3941 τῷ,
1676 3875 1835 3939 Πρω.

250 3959 499 4024 τότοκός
516 3976 636 4028 μου
687 3958 945 4027 Ἰσραήλ.
971 3953 1131 4013 Οὗτοι
1154 3959 1262 4029 γὰρ
1293 3961 1513 4024 πάντες,
1532 3960 1660 4031 ψιλῇ
1689 3960 1836 4026 λέξει

249 4051 307 4104 τὸ
336 4053 433 4124 τῆς
472 4051 768 4121 ἀναγωγῆς
801 4052 908 4105 ἀπὸ
936 4051 1030 4105 τοῦ
1064 4052 1141 4124 μὴ
1174 4048 1313 4106 εἶναι
1351 4054 1429 4115 εἰς
1446 4052 1507 4105 τὸ
1544 4048 1682 4106 εἶναι
1710 4070 1837 4119 προ-

250 4143 571 4213 κεκοφότες,
603 4142 665 4195 οὐ
707 4142 824 4196 κατ’
858 4143 1045 4196 οὐσίαν
1078 4145 1144 4213 τῇ
1178 4142 1404 4214 ἀληθινῇ
1447 4144 1691 4197 ἵστανται
1720 4144 1836 4197 ὀνο-

251 4235 447 4306 μασίᾳ,
479 4234 618 4287 άλλά
639 4233 809 4303 ψιλῶς
828 4235 920 4288 καὶ
937 4233 1078 4289 κατά
1096 4234 1278 4307 χάριν,
1310 4232 1435 4287 οὔτε
1473 4235 1603 4306 ψιλῇ
1633 4236 1834 4306 ὀνομα-

251 4325 342 4397 σίᾳ
369 4324 775 4397 ὀνομαζομένου
807 4328 848 4389 ί,
876 4325 1015 4381 ἀλλά
1029 4315 1167 4379 κατά
1183 4325 1440 4398 ἀλήθειαν
1466 4326 1573 4379 ἀπὸ
1604 4326 1696 4379 τοῦ
1719 4326 1835 4390 ἐνὸς

246 4413 333 4469 διὰ
360 4415 457 4468 τοῦ
499 4415 637 4479 ἐνὸς,
670 4417 766 4470 σὺν
795 4414 873 4487 τῷ
913 4415 974 4482 ἐξ
1036 4414 1205 4471 αὐτοῦ
1248 4416 1670 4489 ἐκπορευομένῳ
1690 4456 1704 4480 ,
1737 4416 1832 4470 τοῦ

249 4506 417 4560 αὐτοῦ
442 4506 797 4577 λαμϐάνοντι.

1953 1968 2202 2039 pluribus
2262 1975 2441 2022 tecum
2494 1966 2727 2035 colloqui
2766 1980 2993 2020 necesse
3036 1972 3305 2028 cst,cnm
3352 1962 3430 2016 sis
3461 1960 3530 2014 ah

1952 2060 2099 2114 omni
2144 2068 2290 2113 centu
2327 2057 2769 2112 Christianorum
2824 2056 3065 2116 alienus,
3121 2053 3401 2124 prophetis
3447 2052 3533 2105 ni-

1952 2151 2173 2215 mirum,
2227 2150 2517 2218 apostolis.
2569 2148 2942 2218 cvangelistis,
2980 2147 3531 2217 martyrilmsvca-te-

1951 2240 2029 2292 ris
2087 2238 2323 2307 denique
2385 2237 2593 2291 sanctis
2614 2238 2649 2290 ’ἔτ
2703 2236 2789 2302 qui
2830 2245 2881 2289 te
2910 2244 3155 2289 extremo
3206 2234 3298 2286 illo
3338 2232 3532 2301 iudicii

1949 2330 2037 2386 die
2086 2332 2261 2400 palam
2313 2330 2677 2399 redarguerit,
2745 2327 2893 2397 quod
2949 2327 3014 2379 ad
3076 2338 3301 2380 mortem
3357 2338 3535 2393 usque

1948 2422 2299 2490 qurestiones,
2356 2419 2588 2489 ﬂagella,
2622 2420 2892 2481 lanienas,
2946 2417 3172 2475 bestias.
3227 2416 3398 2484 ignes,
3438 2432 3532 2484 po-

1949 2521 2154 2567 stremo
2188 2511 2425 2580 gladium
2462 2510 2850 2572 sustinuerint,
2882 2516 2933 2561 ut
2982 2524 3049 2562 ne
3097 2506 3188 2561 Dei
3222 2504 3416 2558 FIIiUIII
3476 2512 3534 2560 et

1948 2602 2018 2655 ab
2048 2603 2168 2671 ipso
2196 2616 2381 2654 revera
2410 2599 2794 2669 procedentem
2820 2599 3175 2667 abnegarent.
3203 2595 3363 2650 Pater
3386 2596 3531 2649 enim

1948 2708 2118 2747 unum
2167 2690 2436 2746 duntaxat
2488 2689 2711 2753 Filium,
2739 2705 2846 2743 non
2878 2690 3112 2744 alterum
3158 2688 3226 2743 ab
3254 2703 3320 2743 eo
3353 2694 3551 2770 potest,

1946 2784 2187 2854 gignere,
2226 2782 2367 2837 idem
2399 2789 2453 2837 et
2501 2780 2769 2850 Spiritum
2824 2789 3100 2843 sanctum,
3135 2794 3244 2833 non
3295 2778 3531 2831 alterum

1946 2875 2016 2929 ab
2046 2890 2113 2928 eo
2148 2873 2411 2943 Spiritum
2455 2880 2650 2941 suapte
2681 2872 2730 2926 vi
2775 2880 2940 2942 atque
2993 2887 3067 2926 ex.
3100 2885 3222 2925 sese
3249 2868 3529 2940 produxit.

1946 2966 2015 3018 At
2069 2979 2259 3019 eorum
2311 2979 2434 3033 quae
2478 2963 2549 3017 ab
2580 2964 2701 3033 ipso
2756 2964 2899 3016 facta
2953 2970 3103 3024 sunt,
3166 2968 3221 3015 ct
3271 2967 3531 3030 perpetuo

1947 3057 2102 3121 ﬁunt,
2142 3064 2361 3110 creator
2387 3064 2473 3109 est
2503 3070 2567 3109 ac
2598 3055 2871 3111 conditor.
2904 3054 3173 3120 Quocirca
3198 3068 3374 3120 neque
3414 3052 3532 3120 plu-

1945 3163 2032 3202 res
2087 3147 2267 3201 adhuc
2319 3154 2651 3216 generantur
2701 3145 2817 3206 lilii,
2872 3159 3053 3213 neque
3102 3144 3287 3213 plures
3336 3142 3411 3195 ab
3456 3158 3524 3196 eo

1941 3236 2243 3307 procedunt
2298 3237 2546 3306 spiritus.
2601 3235 2709 3290 Sed
2759 3235 3023 3289 divinitas
3078 3234 3197 3304 ipsa
3249 3232 3304 3287 in
3358 3231 3533 3285 Trini-

1938 3335 2050 3381 tate
2100 3334 2306 3390 manet,
2357 3341 2420 3380 ac
2468 3326 2818 3396 praedicatur,
2867 3340 2967 3379 nec
3016 3322 3084 3378 ad
3133 3338 3254 3379 eam
3309 3321 3427 3375 ulla
3475 3322 3532 3376 lit

1934 3418 2202 3482 accessio,
2240 3432 2419 3487 neque
2453 3416 2660 3472 desinit
2691 3430 2955 3486 unquam,
3001 3429 3179 3483 neque
3210 3413 3375 3482 quasi
3404 3427 3535 3465 nus-

1932 3523 2096 3578 quam
2122 3509 2193 3563 sit
2220 3508 2561 3565 destituitur.
2601 3506 2759 3563 Unde
2804 3522 2913 3561 non
2949 3507 3003 3559 in
3025 3505 3387 3576 appellatione
3414 3502 3534 3556 sola

1933 3599 2057 3670 ejus
2090 3600 2238 3671 quod
2293 3601 2535 3670 genitum
2565 3597 2944 3669 est,dignitas
2985 3597 3264 3652 consistit.
3313 3594 3535 3663 Alioqui

1935 3706 2098 3761 quam
2135 3693 2402 3762 plurimos
2436 3700 2560 3762 post
2612 3707 2673 3747 se
2717 3690 2921 3748 fratres
2951 3706 3016 3746 ac
3055 3690 3141 3746 sui
3181 3688 3390 3744 similes
3437 3685 3535 3738 ha-
3644 3696 3649 3697 ί

1933 3782 2103 3849 heret,
2170 3793 2227 3838 ut
2277 3799 2346 3839 ex
2398 3784 2493 3837 illo
2532 3783 2653 3837 loco
2701 3791 2967 3839 constat:
3005 3782 3179 3836 [tilias
3226 3780 3419 3849 genui,
3479 3786 3532 3830 et

1931 3874 2237 3939 exaltari“;
2276 3875 2405 3929 item
2438 3893 2451 3929 :
2496 3875 2601 3940 Qui
2624 3877 2803 3945 genuit
2832 3875 3012 3929 stillas
3057 3873 3195 3927 roris
3225 3872 3279 3936 ";
3324 3881 3436 3923 tum
3476 3868 3534 3920 il-

1938 3965 2071 4020 Ittd:
2114 3964 2199 4018 Ex
2244 3982 2346 4035 quo
2376 3963 2545 4021 omnis
2590 3967 2889 4036 pateruitas
2930 3967 2984 4019 in
3015 3965 3143 4019 οωιο
3199 3972 3249 4016 et
3290 3962 3341 4014 in
3390 3972 3532 4012 terra

1934 4057 2239 4111 nominatur
2266 4058 2285 4087 "
2310 4073 2323 4121 ;
2357 4056 2552 4111 deinde
2579 4074 2592 4110 :
2632 4056 2817 4110 Nonne
2839 4073 2973 4109 unus
3006 4054 3169 4108 Pater
3194 4061 3270 4107 est
3294 4050 3530 4104 omnium

1934 4154 2163 4198 vestrum
2184 4145 2243 4197 ⁸⁴ἶ
2271 4143 2434 4214 945
2459 4144 2586 4199 item
2605 4162 2624 4198 :4
2641 4143 2812 4198 Filius
2831 4161 2971 4198 meus
2992 4142 3161 4196 Iacob
3197 4143 3252 4207 9;
3283 4146 3339 4195 et
3366 4158 3378 4192 :
3404 4137 3529 4191 Pri-

1936 4235 2224 4304 mogem'tus
2268 4250 2413 4287 meus
2454 4232 2633 4288 Israel
2665 4235 2730 4289 ω.
2769 4233 2904 4287 Nam
2949 4234 3041 4288 isti
3076 4249 3267 4288 omnes
3317 4244 3532 4285 accom-

1936 4325 2155 4381 modata
2204 4341 2301 4395 per
2346 4333 2565 4395 tropum
2617 4326 2738 4380 Filii
2776 4341 2929 4392 voce,
2986 4340 3115 4381 cum
3169 4324 3413 4379 nomium
3449 4336 3531 4376 es'

1936 4425 2077 4481 sent,
2111 4433 2176 4473 eo
2211 4428 2271 4473 ut
2303 4427 2492 4473 essent
2529 4418 2805 4488 progressi
2854 4424 3005 4473 sunt.
3039 4416 3275 4486 Ideoque
3318 4428 3530 4483 nequa-

1935 4524 2098 4579 quam
2158 4524 2288 4563 vera
2330 4524 2393 4562 ac
2428 4510 2602 4563 solida
2636 4510 2937 4564 secundum
2983 4516 3235 4563 naturam
3288 4504 3529 4577 appella-

250 4599 399 4653 tione
452 4607 787 4665 eensentur,
846 4600 943 4656 sed
1002 4601 1185 4656 minus
1251 4600 1471 4671 preprie
1525 4613 1590 4653 ac
1643 4599 1832 4668 gratiae
1908 4600 2268 4671 beneliciique
2316 4601 2437 4655 loco
2477 4600 2530 4654 id
2592 4601 2703 4656 illis
2745 4602 3063 4657 tribuitur:
3116 4601 3192 4655 ita
3239 4608 3422 4654 tamen
3467 4603 3527 4650 ut

250 4701 454 4762 praeter
476 4694 894 4763 appellationem
930 4696 1104 4765 ipsam
1134 4695 1265 4750 insit
1293 4695 1521 4765 aliquid,
1545 4703 1831 4764 propterea
1869 4693 2013 4764 quod
2054 4695 2122 4748 ab
2158 4710 2267 4749 uno
2322 4703 2378 4751 et
2448 4710 2546 4766 per
2592 4712 2762 4750 unum
2807 4710 3000 4752 revera
3043 4703 3328 4766 procreata
3372 4702 3524 4761 sunt,

251 4803 476 4843 necnon
532 4796 588 4843 et
617 4802 647 4842 a
694 4788 901 4859 Spiritu
933 4797 1149 4855 sancto,
1196 4790 1287 4861 qui
1331 4794 1401 4845 ab
1427 4791 1546 4861 ipso
1576 4789 1844 4859 procedit,
1882 4798 2032 4845 ιιι-οι
2064 4788 2185 4860 ipso
2214 4790 2431 4860 accipit.

647 4882 1045 4935 ΚΕΦΑΛΑΙΟΝ
1082 4882 1338 4937 ΑΕΤΙΟΥ
1378 4882 1453 4935 Θ’.

322 4975 390 5028 Εἰ
426 4973 817 5045 σπερματικῶς
845 4969 912 5045 ἦν
953 4976 1010 5027 ὲν
1040 4975 1119 5046 τῷ
1155 4975 1436 5047 ἀγεννήτῳ
1464 4974 1583 5045 Θεῷ
1620 4974 1681 5028 τὸ
1714 4973 1835 5044 γέν⁴

250 5083 427 5138 νημα,
460 5064 599 5137 μετά
626 5066 725 5137 τὴν
769 5066 1021 5135 γέννησιν
1054 5066 1251 5132 ἔξωθεν
1300 5066 1626 5137 προσλαϐὸν,
1659 5066 1736 5128 ὡς
1770 5066 1837 5119 ἂν

250 5156 401 5208 εῐποι
444 5173 559 5219 τις,
584 5156 856 5227 ἠνδρώθη.
892 5156 1107 5221 Τέλειος
1134 5153 1226 5210 οὖν
1258 5158 1403 5211 ἐστιν
1436 5159 1465 5210 ὁ
1496 5157 1624 5220 Υἱὸς
1654 5155 1754 5209 οὐκ
1779 5154 1840 5219 ἐξ

248 5242 325 5302 ὧν
355 5248 647 5321 ἐγεννήθη,
675 5248 787 5302 ἀλλ’
823 5248 883 5313 ἐξ
913 5243 989 5304 ὧν
1023 5248 1348 5321 προσέλαϐε.
1385 5248 1466 5301 Τά
1497 5248 1607 5321 γάρ
1638 5264 1838 5317 συγγε-

250 5338 425 5402 νικῶς
450 5339 961 5410 προσλαμϐάνοντα,
985 5340 1060 5404 ὡς
1083 5340 1142 5405 ἐξ
1163 5340 1388 5393 ἐκείνων
1417 5340 1748 5407 συνεστῶτα,
1778 5340 1839 5395 τὸ

190 5442 199 5455 ¹
250 5431 469 5485 τελείου
496 5431 667 5502 ὄνομα
688 5432 963 5502 διαφόρως
996 5432 1317 5503 προΐεσθαι²
1345 5431 1609 5503 πέφυκεν.

331 5721 349 5755 ⁸
388 5720 453 5775 F.
481 5720 783 5847 évopatgps

331 5789 516 5847 Bnhes.
542 5807 626 5847 ιιι.
659 5793 683 5847 1
731 5834 744 5847 .

254 5789 281 5851 7
312 5789 516 5862 Ephcs.
542 5789 626 5861 in,
659 5789 744 5847 15.

2436 4881 2625 4936 AETII
2658 4881 2889 4938 CAPUT
2929 4881 3023 4939 IX.

2020 4973 2077 5029 Si
2112 4974 2166 5029 in
2198 4975 2442 5047 ingenito
2494 4974 2603 5030 Deo
2637 4976 2851 5043 genitus
2892 4974 3089 5040 Filius,
3116 4973 3264 5029 velut
3288 4971 3522 5042 quodam

1945 5068 2152 5123 semine
2184 5066 2590 5134 continebatur,
2628 5066 2769 5121 idem
2798 5066 2892 5121 ubi
2923 5065 3142 5137 genitus
3171 5071 3274 5128 est,
3309 5063 3523 5117 extrin-

1947 5174 2106 5215 secus
2153 5160 2469 5216 aceessione
2514 5159 2653 5213 facta
2683 5157 3017 5223 ad-virilem,
3056 5165 3115 5211 ut
3152 5156 3224 5210 ita
3263 5153 3519 5217 dixerim,

1936 5257 2150 5304 aztatem
2178 5248 2437 5303 adolevit.
2472 5248 2658 5319 Itaque
2690 5249 2968 5320 perfectus
2996 5254 3082 5303 est
3111 5245 3280 5301 Filius
3315 5259 3423 5299 non
3450 5260 3519 5298 ex

1938 5338 2057 5408 ipsa
2100 5341 2475 5409 generatione,
2514 5339 2613 5394 sed
2643 5355 2709 5393 ex
2743 5354 2808 5394 eo
2853 5337 2996 5407 quod
3041 5336 3117 5390 illi
3160 5334 3508 5404 postmodum

1938 5429 2178 5483 accrevit
2206 5447 2220 5485 :
2258 5444 2387 5483 nam
2419 5445 2543 5499 quae
2571 5437 2839 5499 cognatas
2870 5442 2961 5481 res
2991 5426 3057 5481 ad
3090 5426 3176 5480 sui
3206 5424 3517 5478 incremen-

1934 5528 2052 5597 tum
2080 5520 2383 5583 asciscunt,
2421 5529 2681 5590 tanquam
2712 5533 2777 5573 ex
2804 5518 2911 5572 illis
2936 5517 3266 5581 constantia,
3297 5516 3517 5571 diverso

1936 5611 2100 5667 modo
2133 5611 2358 5681 perfecti
2385 5626 2583 5665 nomen
2612 5610 2925 5664 admittunt.

785 5739 935 5798 vo_t.__
961 5723 983 5754 ¹
1091 5721 1447 5798 προσίεσθαι.⁸
1483 5723 1527 5798 ,³
1553 5722 1716 5779 Eccli.
1751 5741 1842 5798 xiv

1948 5769 1984 5798 ,γ
2028 5728 2050 5760 ⁸
2092 5727 2253 5785 Hebr.
2290 5745 2364 5790 tv.
2402 5730 2487 5785 12.
2564 5732 2585 5763 ⁸
2621 5730 2724 5786 Isa.
2768 5745 2807 5796 I,
2839 5730 2895 5785 2.
2972 5730 2992 5762 ⁸
3023 5727 3126 5785 Job
3153 5745 3384 5798 xxxvm,
3413 5725 3504 5783 28.

838 5794 858 5826 ⁸
890 5790 1079 5849 Matth.
1108 5790 1266 5862 mn,
1298 5793 1351 5849 9.
1428 5794 1450 5825 ’
1480 5792 1587 5849 Isa.
1611 5810 1720 5865 ιιι,
1753 5796 1805 5852 8.

1962 5797 2135 5855 Exod.
2178 5815 2251 5866 tv,
2292 5801 2381 5855 22.
2794 5790 2803 5796 ⁷
2839 5816 2868 5841 κ
