3990 6228
488 338 594 404 ηδτ

1047 450 1358 523 Confutatio
1401 449 1507 507 IX.

561 545 602 600 1.
650 543 768 601 Nisi
816 557 1070 614 corporis
1123 553 1403 614 expertem
1453 544 1756 617 genitorem
1811 547 2072 602 conﬁtea-

489 652 632 704 niur,
658 642 1121 706 quantascunque
1146 636 1300 691 voles
1331 636 1631 708 tragcedias
1655 635 1915 692 excitato.
1940 636 2073 703 Qui-

486 724 590 777 bus
633 725 905 780 neminem
959 731 1018 778 tu
1055 723 1278 794 quidem
1337 735 1636 795 perterrcs,
1690 725 1784 780 sed
1834 733 2072 781 mentem

486 823 635 868 tuam
682 829 714 868 a
763 829 907 870 verae
965 814 1090 870 ﬁdei
1137 814 1482 886 professione
1528 817 1940 887 perturbatioiie
1981 816 2072 871 illa

485 905 702 974 ilcjicis.
745 907 919 977 Igitur
958 906 1240 978 perfectus
1282 923 1313 964 e
1354 907 1537 978 seipso
1577 908 1722 965 Deus
1772 907 2073 980 perfectum

485 997 675 1068 genuit
703 996 922 1064 Filium,
975 1014 1082 1054 non
1118 999 1285 1054 alium
1329 1011 1526 1072 praeter
1563 1012 1838 1057 naturam.
1888 999 2075 1072 Neque

485 1089 635 1143 enim
676 1091 928 1158 genitore
961 1100 1046 1148 est
1085 1092 1370 1165 indignus,
1425 1109 1530 1150 nec
1571 1101 1856 1151 externam
1905 1095 2074 1150 ullam

487 1183 862 1238 accessionem
893 1183 1192 1241 desiderat.
1237 1183 1384 1241 Nihil
1406 1187 1607 1258 quippe
1650 1185 1950 1241 secundum
1979 1185 2074 1242 Dei

490 1271 858 1329 substantiam
924 1275 1105 1346 majus
1157 1291 1222 1331 ac
1280 1278 1630 1348 praestantius
1681 1292 1805 1334 esse
1852 1285 2073 1349 potest;

489 1363 639 1432 quod
680 1364 824 1421 istud
864 1366 1065 1436 ipsum,
1097 1367 1247 1440 quod
1277 1367 1347 1423 ad
1390 1368 1781 1438 perfectionem
1813 1367 2078 1424 accedere

490 1456 714 1521 dicitur,
763 1473 890 1513 cum
932 1459 1210 1531 indigente
1240 1459 1628 1516 communicet.
1665 1457 1802 1514 Nam
1835 1459 1927 1530 qui
1955 1474 2078 1529 pcr-

492 1555 658 1614 petuo
695 1564 893 1619 expers
923 1549 1175 1620 corporis
1209 1549 1450 1615 exsistit,
1511 1565 1766 1621 peraeque
1803 1550 2077 1606 exsisten-

491 1642 603 1690 tem
650 1639 791 1711 apud
829 1640 1033 1711 ipsum,
1071 1639 1492 1711 perfectumque
1532 1641 1812 1710 perfectus
1851 1640 2077 1712 genitali

491 1727 730 1808 quadam
753 1733 804 1788 vi
832 1747 1051 1803 semper
1081 1746 1147 1786 ac
1170 1747 1296 1788 vere
1323 1731 1603 1803 produxit,
1628 1730 1796 1797 Deus,
1828 1732 2076 1803 inquam,

1853 333 1914 392 S.
1957 330 2306 390 ΕΡΙΡΗΛΝΙΙ

2098 457 2141 514 Δ

3623 333 3704 393 568

2746 450 2800 504 ’A
2812 449 3080 519 νατροπὴ
3111 451 3193 502 9'.

2229 538 2301 594 A'.
2316 538 2376 592 Εἰ
2390 537 2468 610 μὴ
2477 534 2806 607 ὡμολογεῖτο
2820 531 3107 605 ἀσώματος
3117 534 3199 589 ὣν
3209 533 3241 588 ὁ
3250 535 3542 606 γεννήτωρ.
3565 540 3707 597 πάντα

2173 631 2325 700 παρὰ
2355 631 2438 683 σοὶ
2464 627 3002 702 δραματουργείσθω.
3023 629 3528 700 Δραματουργήσας
3545 630 3612 696 δὲ,
3632 634 3708 687 οὐκ

2171 721 2329 776 ἄλλον
2361 720 2483 774 τινὰ
2514 719 2764 792 πτύρεις,
2799 718 3031 773 σεαυτοῦ
3063 719 3125 773 δὲ
3154 719 3251 772 τὸν
3297 719 3419 772 νοῦν
3442 719 3600 784 θολοίς
3627 724 3712 776 ἀπὸ

2172 814 2273 886 τῆς
2304 813 2564 886 ἀληθινῆς
2583 812 2896 884 ὁμολογίας.
2934 811 3023 879 Ἐξ
3051 810 3226 866 αὐτοῦ
3257 811 3367 882 γὰρ
3400 811 3524 875 Θεὸς
3549 812 3710 878 τέλειος

2172 908 2280 976 ὢν,
2313 909 2518 962 τέλειον
2566 906 2696 960 Υίδν
2729 906 3051 978 ἐγέννησεν,
3094 905 3201 976 οὐχ
3245 905 3433 975 ἕτερον
3470 906 3606 977 παρὰ
3639 907 3711 977 τὴν

2173 1002 2356 1074 φύσιν.
2389 1003 2465 1058 Οὐ
2508 1001 2619 1074 γὰρ
2660 1001 2916 1072 ἀπρεπής
2965 1001 3081 1054 ἐστι
3131 998 3276 1070 πρὸς
3316 997 3408 1051 τὸν
3441 1000 3710 1070 γεννήτορα,

2173 1093 2297 1150 οὔτε
2323 1092 2522 1160 ἔξωθεν
2544 1093 2890 1165 ὲπιδεόμενος
2918 1091 3308 1164 προσλήψεως.
3334 1093 3408 1145 Οὐ
3433 1092 3531 1163 γάρ
3559 1094 3606 1145 τί
3624 1096 3713 1146 ἐστι

2176 1185 2360 1260 μεῖζον
2387 1186 2526 1258 μετὰ
2546 1186 2646 1258 τὴν
2673 1185 2767 1240 τοῦ
2795 1184 2930 1238 Θεοῦ
2953 1183 3166 1247 οὐσίαν,
3194 1183 3348 1247 ὅπως
3367 1182 3442 1252 τῷ
3470 1183 3714 1256 ὲνδεομένῳ

2177 1279 2501 1352 μεταδοῦναι
2548 1278 2650 1348 τῆς
2689 1277 3047 1349 προσλήψεως
3085 1275 3230 1348 πρὸς
3266 1274 3568 1344 τελειότητα
3592 1275 3714 1344 δυνηο

2175 1371 2315 1443 θείη,
2354 1371 2415 1424 '0
2437 1369 2547 1440 γὰρ
2573 1367 2650 1422 ὢν
2688 1368 2776 1421 ἀεὶ
2819 1367 3134 1439 ἀσώματος,
3164 1367 3264 1420 τὸν
3303 1366 3434 1419 ὄντα
3475 1364 3714 1436 ἀσώματον

2175 1463 2308 1533 παρ’
2334 1460 2482 1533 αὐτῷ
2509 1459 2587 1533 τῷ
2614 1461 2730 1514 ὄντι
2759 1459 2848 1514 ἀεὶ
2872 1457 3235 1531 γεννητικῶς,
3271 1458 3474 1511 τέλειον
3500 1459 3526 1511 ὀ
3551 1458 3714 1522 τέλειος

2175 1554 2264 1610 ἀεὶ
2290 1553 2464 1617 ὅντως
2494 1552 2817 1625 γεγέννηκε,
2856 1551 3079 1622 πνεῦμα
3122 1548 3203 1604 ὢν
3230 1549 3387 1614 Θεὸς,
3417 1549 3509 1602 καὶ
3544 1548 3715 1618 πνεῦμα

2175 1644 2306 1698 ὄντα
2352 1643 2446 1697 τὸν
2489 1643 2858 1698 ὲνυπόστατον
2909 1641 3084 1710 Λόγον
3118 1637 3488 1710 γεγεννηκώς.
3520 1639 3585 1691 Τὸ
3617 1639 3714 1702 ,ὅλον

2178 1736 2288 1808 γὰρ
2315 1735 2522 1806 ἠλίθιον
2547 1735 2632 1806 εἴη
2655 1734 2809 1807 παρὰ
2838 1735 2922 1788 σοὶ
2952 1732 3032 1804 τῷ
3067 1731 3287 1803 Ἀετίῳ,
3311 1730 3390 1801 τῷ
3419 1728 3716 1800 ὲμὸατεύονῑι

492 1798 721 1896 spiritus
773 1798 1026 1894 spiritum
1071 1824 1282 1894 genuit,
1317 1798 1556 1879 Verbum
1602 1821 1699 1880 Dei
1747 1798 2074 1880 subsistens.

2185 1798 2278 1882 ιιαί.
2308 1798 2408 1889 τας
2439 1825 2583 1880 κατὰ
2612 1798 2752 1880 θεὸν
2767 1824 2924 1893 δόξας
2959 1798 3259 1896 ἐρευνῶντι
3298 1798 3373 1874 ἐκ.
3399 1798 3715 1890 σολλογισμῶν

491 1914 591 1971 Est
620 1929 750 1970 vero
780 1929 905 1969 cum
929 1913 1142 1984 primis,
1173 1913 1316 1978 Acti,
1353 1921 1507 1968 tuum
1537 1914 1670 1970 illud
1706 1924 2078 1969 commenlum

493 2005 813 2068 ridiculum,
845 2007 937 2075 qui
975 2005 1224 2060 cmlestia
1256 2006 1616 2076 perscrutari,
1653 2020 1718 2060 ac
1750 2006 1881 2076 quid
1910 2005 1978 2062 de
2002 2006 2082 2060 di-

492 2095 638 2152 vinis
687 2096 851 2151 rebus
889 2095 1321 2151 existimandum
1359 2098 1453 2163 sit,
1490 2098 1822 2174 syllogismis
1878 2105 1933 2152 et
1996 2110 2081 2151 ar-

493 2187 642 2259 gutis
679 2187 1199 2246 ratiocinationibus
1239 2190 1574 2262 investigare
1606 2190 1815 2256 studes,
1851 2206 1976 2246 cum
2023 2191 2076 2246 ei

493 2283 591 2354 qui
629 2298 661 2340 e
703 2283 878 2339 nihilo
907 2283 1158 2339 condidit
1188 2283 1470 2351 universa,
1517 2291 1575 2340 et
1600 2284 1670 2340 ad
1704 2299 1876 2340 unum
1907 2283 2080 2355 perfe-

491 2377 582 2425 cte
613 2370 801 2426 eadem
831 2371 1118 2426 elaborare
1154 2371 1246 2425 illa
1283 2381 1486 2443 potest,
1523 2374 1728 2444 quique
1765 2374 1973 2429 nullius
2002 2374 2079 2428 in-

491 2462 757 2519 crementi
799 2469 854 2516 et
887 2462 1228 2518 accessionis
1272 2471 1413 2535 eget,
1453 2471 1509 2520 et
1550 2464 1643 2519 illa
1691 2465 1904 2537 legibus
1962 2465 2081 2521 suis

495 2569 561 2608 ac
602 2553 842 2609 decretis
884 2554 1164 2619 astrinxit,
1200 2552 1440 2610 Verbum
1489 2553 1700 2626 aﬂingis
1741 2555 2078 2626 istiusmodi,

494 2646 639 2714 quod
691 2655 1065 2717 augmentum
1088 2646 1395 2702 divinitatis
1424 2645 1700 2715 admittat,
1751 2663 1934 2719 neque
1978 2651 2084 2706 sal-

493 2743 606 2792 tem
653 2750 778 2792 euni
812 2736 1014 2792 creatis
1066 2737 1136 2792 ab
1169 2737 1286 2808 ipso
1326 2739 1494 2794 rebus
1535 2737 1813 2808 adaquari
1850 2739 2079 2810 pateris.

493 2827 664 2900 946
690 2827 840 2896 Quas
875 2823 1002 2884 c‘um
1037 2829 1312 2900 perfectas
1347 2830 1506 2886 initio
1547 2831 1940 2903 absolutasque
1971 2848 2084 2888 mo-

500 2920 631 2976 litus
679 2927 785 2983 est,
833 2928 951 2976 tum
997 2938 1120 2993 quae
1165 2939 1228 2979 ex
1285 2924 1420 2993 ipsis
1460 2923 1730 2988 pullulant
1765 2925 2084 2982 accessione

497 3028 637 3083 opus
663 3013 875 3069 habere.
899 3016 1179 3085 sapientiae
1222 3031 1335 3072 sua:
1365 3017 1586 3072 decreto
1627 3017 1951 3073 constituit:
1979 3032 2083 3073 eu-

438 3135 461 3149 .
494 3102 734 3171 jusmodi
767 3112 897 3160 sunt
934 3121 1056 3176 quae
1085 3105 1344 3178 deinceps
1392 3115 1519 3165 nata
1568 3115 1720 3173 sunt,
1754 3116 2084 3164 nascuntur-

496 3211 605 3266 que
627 3196 896 3266 quotidie,
929 3198 1095 3253 veluti
1127 3199 1351 3261 cmlum,
1397 3207 1568 3265 terra,
1605 3215 1771 3271 aqua,
1818 3216 1933 3265 aer,
1974 3201 2082 3266 sol,

501 3288 628 3341 luna
652 3326 668 3349 ,
705 3285 887 3341 sidera
934 3296 990 3343 et
1019 3304 1143 3358 qua:
1183 3305 1249 3344 ex
1286 3290 1445 3359 aquis
1478 3291 1757 3356 oriuntur,
1790 3291 1860 3346 ad
1905 3293 2084 3365 ipsum

501 3379 778 3433 hominem
837 3394 1034 3449 usque.
1103 3378 1276 3451 Igitur
1337 3397 1515 3452 neque
1570 3383 1770 3437 coelum
1831 3382 2086 3454 imperie'

499 3479 672 3533 ctum,
706 3486 885 3540 neque
920 3477 1123 3525 terram
1168 3488 1420 3528 mancam
1471 3473 1854 3546 deiectamque
1901 3475 2088 3529 condi-

501 3566 607 3627 dit,
647 3564 743 3620 sed
776 3565 1074 3634 perfectam
1107 3566 1272 3632 hanc,
1300 3567 1528 3638 perinde
1558 3577 1722 3640 atque
1749 3570 1947 3625 coalqu
1970 3588 1985 3633 ;
2011 3578 2087 3625 ta.

505 3656 664 3711 inctsi
707 3655 933 3711 minime
981 3658 1368 3728 aspectabilem
1417 3660 1590 3728 ipsam
1639 3659 2089 3730 inconditamque

503 3747 806 3813 fabricarit,
841 3755 1066 3818 propter
1098 3749 1484 3820 expolitionem
1523 3757 1577 3804 et
1616 3759 1872 3804 ornatum
1909 3750 2084 3818 illum,

501 3856 662 3909 quem
688 3839 1037 3910 postmodum
1060 3849 1180 3897 erat
1207 3841 1537 3911 eil'ccturus;
1561 3843 1655 3898 sed
1687 3851 1741 3898 et
1767 3858 1964 3912 aquam
2022 3859 2089 3898 ac

505 3933 690 3988 lumen
727 3932 861 3988 illud
892 3941 1019 3988 ante
1044 3947 1230 3990 omnia
1273 3945 1624 4004 procreatum
1657 3934 1850 3998 edidit,
1893 3951 1956 3989 ac
1989 3950 2088 4005 per

500 4037 716 4086 verum,
760 4021 1061 4079 increatum
1124 4038 1190 4079 ac
1233 4024 1396 4080 vitale
1429 4023 1610 4079 lumen
1665 4025 1922 4078 universa
1967 4039 2090 4094 pro-

500 4113 677 4179 duxit,
713 4124 829 4169 tum
877 4119 1096 4171 demum
1132 4125 1330 4170 caetera
1355 4131 1478 4186 quae
1515 4131 1546 4171 e
1594 4123 1740 4172 terra
1783 4131 2090 4186 propagan-

504 4215 614 4268 tur,
643 4205 864 4276 adjecit.
909 4206 1053 4263 Ante
1079 4208 1264 4262 omnia
1292 4223 1419 4263 vero
1464 4208 1868 4270 ﬁrmamentum
1909 4207 2087 4278 ipsum

501 4298 730 4352 creavit.
771 4296 979 4371 Illorum
1013 4299 1258 4354 omnium
1296 4314 1460 4368 porro
1495 4299 1632 4354 nihil
1682 4299 2085 4369 imperfectum,

503 4389 601 4448 sed
635 4391 889 4446 absoluta
925 4392 1109 4446 omnia
1143 4393 1444 4447 constituta
1488 4398 1637 4447 sunt.
1682 4391 1978 4458 Prodncat,
2013 4391 2088 4446 in-

501 4480 642 4548 quit,
675 4491 813 4536 terra
846 4481 1060 4536 herbam
1098 4481 1366 4546 virentem,
1401 4484 1666 4537 seminans
1693 4498 1870 4537 semen
1907 4482 1976 4536 ad
2013 4482 2091 4536 sic
2125 4522 2167 4576 η

504 4572 858 4627 milimdinem
895 4577 949 4628 in
997 4585 1160 4638 terra,
1208 4585 1259 4630 et
1303 4576 1503 4644 lignum
1532 4574 1891 4644 [ructiferum,
1936 4574 2088 4644 cujus

501 4679 677 4717 semen
711 4665 763 4717 in
798 4657 912 4732 ipso
957 4667 1027 4719 sit
1079 4667 1149 4720 ad
1180 4666 1590 4722 similitudinem
1635 4667 1689 4721 in
1723 4669 1924 4722 terra‘.
1965 4668 2091 4722 Ani-

2111 3159 2153 3218 C

2184 1920 2279 1974 καὶ
2313 1917 2406 1972 σοῦ
2442 1917 2880 1989 φιλολογιστικῆς
2905 1915 3132 1980 ἑννοίας,
3163 1915 3249 1968 ὅτι
3281 1912 3360 1983 τῷ
3388 1912 3642 1981 ποιήσαντι
3667 1911 3717 1962 τὰ

2184 2013 2362 2067 πάντα
2393 2011 2462 2076 ἐξ
2475 2009 2799 2082 οὐκκὸντων,
2823 2008 2918 2062 καὶ
2945 2006 3233 2078 δυνηθέντι
3257 2005 3476 2068 τελείως
3501 2004 3559 2056 τὰ
3578 2002 3716 2056 πάντα

2185 2101 2292 2156 ὑπὸ
2322 2101 2380 2177 ἓν
2413 2100 2774 2174 ἐργάσασθαι,
2810 2098 2977 2170 μηδὲν
3009 2095 3199 2169 χρείαν
3227 2095 3406 2166 ἔχοντι
3441 2091 3717 2164 προσληπτι-

2185 2193 2291 2264 κῆς
2328 2193 2622 2258 ἐπιδόσεως
2641 2234 2657 2260 ,
2693 2189 2882 2262 θεσμῷ
2916 2189 2974 2243 δὲ
3006 2185 3186 2243 ταῦτα
3232 2183 3714 2257 πεδήσαντι,,ἀδρυνο

2184 2285 2343 2358 τικὴν
2398 2285 2588 2340 οὐσίαν
2641 2281 3058 2358 προσληπτικῆς
3114 2281 3375 2349 θεότητος
3431 2275 3718 2341 ὲπιδεόμενον

2187 2375 2543 2446 ἐπιφημίζεις
2577 2373 2774 2443 Λόγον,
2799 2372 2896 2426 καὶ
2938 2369 3065 2424 οὔτε
3103 2369 3312 2436 ὲξισοῖς
3345 2368 3453 2428 τοῖς
3486 2363 3567 2418 ὑπ’
3587 2360 3714 2416 αὑτοῦ

2186 2465 2584 2536 κεκτισμένοις.
2616 2463 2899 2536 Ἀπαρχῆς
2938 2461 3049 2532 γὰρ
3087 2459 3315 2517 τελείως
3363 2454 3494 2552 αὐτὰ
3533 2454 3716 2552 Emisti;

2187 2555 2546 2629 προσλήψεως
2577 2554 2926 2625 ὲπιδεόμενα,
2965 2551 3037 2604 τὰ
3083 2549 3145 2615 ἐξ
3194 2548 3377 2604 αὐτῶν
3427 2545 3503 2599 ἔτι
3535 2543 3716 2629 βλαστέιο

2186 2626 2348 2704 νοντα
2377 2626 2544 2720 ὥρισε
2577 2647 2729 2718 νόμῳ
2763 2645 2988 2715 σοφίας·
3029 2642 3191 2697 ἆτινά
3225 2643 3339 2694 ἐστι
3371 2637 3550 2702 ταῦτα,
3579 2637 3626 2687 ἐν
3657 2626 3714 2720 οἷς

2187 2741 2306 2794 ἐστι
2335 2739 2404 2795 τὰ
2429 2717 2679 2809 γκαθεξῆς
2715 2735 2984 2808 γενόμενά
3019 2753 3079 2789 τε
3112 2735 3213 2789 καὶ
3247 2731 3524 2802 γινόμενα·
3548 2725 3612 2787 ὡς
3634 2717 3717 2776 οἷον

2189 2833 2386 2899 εἰπεῖν,
2418 2829 2677 2902 οὐρανὸν,
2703 2829 2838 2900 γῆν,
2886 2826 3052 2898 ὕδωρ,
3097 2827 3266 2898 ἀέρα,
3301 2823 3474 2896 ἥλιον,
3516 2817 3712 2887 σελήνην,

2183 2923 2369 2994 ’ἄστρα
2416 2921 2513 2976 καὶ
2545 2921 2616 2975 τὰ
2649 2922 2714 2975 ὲκ
2743 2919 2852 2974 τῶν
2878 2919 3088 2974 ὑδάτων
3117 2914 3510 2988 γεγεννημένα,
3537 2910 3624 2971 ἕως
3645 2903 3716 2956 καὶ

2189 3014 2355 3069 αὑτοῦ
2394 3014 2488 3069 τοῦ
2519 3013 2829 3085 ἀνθρώπου.
2867 3013 2984 3067 Οὐκ
3025 3012 3261 3084 οὐρανὸν
3303 3007 3461 3076 ἀτελῆ
3493 3002 3711 3072 ἐποίησεν.

2191 3110 2251 3162 οὐ
2282 3109 2386 3179 γῆν
2435 3107 2817 3178 ἀτελεστάτην,
2847 3105 2984 3159 ἀλλὰ
3010 3105 3228 3158 τελείαν
3267 3103 3365 3174 μὲν
3389 3101 3482 3170 τὴν
3518 3097 3622 3165 γῆν,
3649 3090 3714 3144 τέ·

2191 3201 2333 3254 λειον
2362 3200 2419 3254 δὲ
2443 3200 2533 3254 τὸν
2555 3199 2785 3270 οὐρανόν
2801 3214 2813 3226 ·
2838 3198 3073 3268 ἀόρατον
3097 3197 3155 3250 δὲ
3178 3197 3276 3251 καὶ
3300 3186 3712 3248 ἀκατασκεύαστον

2190 3293 2334 3355 τότε,
2359 3291 2426 3346 δι’
2459 3291 2526 3362 ἢν
2558 3290 2750 3361 ἔμελλε
2783 3293 2958 3344 ποιεῖν
2983 3287 3375 3359 διακόσμησιψ
3408 3282 3536 3348 ὕδωρ
3565 3276 3610 3329 δὲ
3629 3276 3713 3343 ἅμα

2192 3385 2287 3438 καὶ
2308 3382 2423 3452 φῶς
2442 3383 2503 3436 τὸ
2535 3383 2962 3454 πρωτόκτιστον,
2985 3380 3075 3434 διὰ
3099 3379 3197 3433 τοῦ
3225 3373 3470 3448 ἀληθινοῦ
3497 3367 3642 3440 φωτὸς
3661 3363 3711 3415 τὰ

2194 3475 2371 3529 πάντα
2394 3475 2652 3546 ποιήσας,
2684 3472 2779 3526 τοῦ
2817 3473 3078 3528 ἀκτίστου
3109 3472 3208 3526 καὶ
3258 3462 3539 3535 ζωοποιοῦ·
3565 3459 3711 3511 ἔπειτα

2191 3565 2249 3619 δὲ
2277 3566 2346 3620 τὰ
2388 3567 2454 3620 ἐκ
2486 3566 2586 3637 τῆς
2617 3565 2722 3636 γῆς
2759 3565 2963 3634 φυέντα
2983 3581 2996 3596 ·
3041 3565 3134 3619 καὶ
3182 3563 3292 3636 πρὸ
3325 3559 3503 3616 τούτου
3538 3553 3589 3606 τὸ
3621 3564 3710 3601 στε-

2196 3658 2405 3729 ρέωμαο
2461 3659 2575 3730 Οὐχ
2618 3655 2879 3730 ἡμιτελὲς
2920 3662 2988 3712 τι’
3019 3657 3254 3726 ἐγίνετο,
3308 3654 3440 3710 ἀλλὰ
3485 3647 3633 3702 πάντα
3672 3643 3713 3693 ὲν

2192 3750 2490 3823 τελειότητι
2509 3767 2524 3782 ο
2552 3750 2917 3821 Ἐξαγατέτω
2943 3749 3053 3821 γὰρ
3077 3749 3116 3817 ’ἦ
3138 3747 3218 3819 ’Υῆ
3240 3745 3506 3814 ,βοτάνην
3522 3738 3709 3823 χόρτονῗ

2193 3818 2447 3910 animi»
2475 3818 2716 3911 σπέρμά
2753 3818 2882 3894 καθ’
2911 3818 3230 3910 ὁμοιότητα
3259 3835 3356 3892 ἐπὶ
3380 3832 3484 3901 τῆς
3503 3826 3614 3899 γῆς,
3635 3818 3711 3919 ﬂ}

2194 3933 2388 3999 ξύλον
2415 3932 2734 4002 κάρπιμον,
2782 3927 2856 3989 οὗ
2894 3931 2962 3986 τὸ
2995 3931 3238 4002 σπέρμα
3268 3926 3461 3984 αὐτῶν
3494 3921 3557 3975 ἐν
3591 3916 3712 3974 αὐτῷ

2194 4025 2322 4080 καθ’
2354 4027 2674 4096 ὁμοιότητα
2717 4025 2816 4080 ἐπὶ
2862 4023 2973 4094 τῆς
3016 4023 3147 4095 γῆς.
3184 4024 3299 4079 Καὶ
3339 4018 3483 4091 ὁρᾷς,
3510 4011 3575 4073 ὡς
3600 4003 3709 4060 οὐδε·

2197 4118 2328 4188 μιᾶς
2358 4117 2486 4171 εὐθὺ
2515 4117 2584 4170 τὰ
2624 4121 2888 4186 γεγονότα
2921 4115 3175 4170 ὲπεδὲετο
3218 4101 3601 4183 προσληπτικῆς
3625 4096 3711 4191 ἐπιξ

2193 4208 2416 4274 δόσεως,
2447 4209 2562 4263 ἀλλ’
2605 4209 2845 4282 ἀνδρεῖα,
2872 4209 2949 4273 ὠς
2987 4209 3183 4274 εἰπεῖν,
3216 4206 3314 4261 καὶ
3338 4191 3605 4294 τέλεια-διὰ

2196 4302 2620 4374 ’προστάγματος
2654 4301 2816 4366 εὐθὺς
2840 4301 3191 4374 εὑρίσκεσθαι
3212 4301 3269 4367 ¹;
3301 4295 3388 4368 Τῷ
3416 4291 3468 4345 δὲ
3494 4284 3710 4378 ἀνθρώτξφ

2195 4391 2515 4446 ὲπιδοθέντα
2539 4393 2630 4447 ὑπ’
2649 4394 2813 4448 αὑτὸν
2839 4395 2990 4461 ὄντα,
3011 4393 3107 4447 καὶ
3127 4395 3186 4448 ὲν
3211 4388 3360 4460 αὐτῷ

2195 4485 2277 4547 εἰς
2299 4483 2639 4552 δεσποτείαν,
2687 4487 2750 4538 οὐ
2803 4484 2983 4539 τέλεια
3015 4484 3311 4557 παρεδόθη,
3342 4477 3425 4534 διὰ
3454 4471 3509 4526 τὸ
3556 4462 3707 4557 εἰδέναιι

2193 4576 2288 4630 τὸν
2347 4577 2636 4649 ἄνθρωπον
2695 4578 2928 4632 πάντοτε
2973 4576 3064 4632 τὸν
3111 4576 3163 4630 εἰ
3177 4571 3516 4647 εργετοῦντα,
3549 4555 3626 4649 κᾳὶ
3661 4543 3706 4649 ’ξδ

2196 4666 2340 4724 εἶναι
2363 4672 2498 4725 πᾶσι
2531 4672 2860 4743 παρέχοντα,
2892 4671 2986 4725 ἐπὶ
3021 4670 3237 4724 πάντων
3265 4669 3320 4722 δὲ
3358 4665 3494 4724 ὄντα»
3528 4648 3607 4705 καὶ

504 4756 880 4812 madvertisne
929 4774 1093 4829 quam
1132 4760 1339 4814 nullam
1392 4758 1625 4814 subinde
1666 4774 1789 4830 qua:
1825 4758 2081 4828 producta

2197 4763 2468 4827 ἐπιδόσεις
2491 4737 2727 4837 ἑκάστης
2750 4765 3022 4835 ποιήσεως
3045 4762 3182 4835 πρὸς
3208 4761 3454 4814 σύστασιν
3474 4747 3567 4802 τῶν
3591 4737 3704 4798 αὖτφ

502 4855 636 4905 sunt
697 4851 1078 4907 accessionem
1160 4853 1676 4920 incrementumque
1735 4850 2083 4906 desiderave-

2195 4872 2228 4925 χ
2237 4857 2641 4927 ρησιμευόντων
2680 4857 3009 4927 παρέχοντα.

501 4941 650 5008 rint,
704 4942 801 4999 sed
833 4943 1004 5009 virili,
1034 4951 1095 4998 ut
1129 4945 1204 4999 ita
1249 4941 1451 5010 dicam,
1498 4945 1695 5000 robore
1725 4942 1973 5016 praedita,
2013 4953 2067 4999 et
2105 4924 2290 5002 adulta
2351 4924 2535 5004 statim
2580 4949 2677 5005 Dei
2742 4924 3003 5005 mandato
3056 4942 3386 5018 prodierint?
3418 4924 3704 5018 ριιπςυυίιξξθ

502 5051 634 5091 vero
672 5035 883 5090 homini
919 5035 1169 5105 subjecta
1201 5045 1352 5101 sunt,
1388 5044 1483 5090 aut
1524 5005 1798 5090 insunt-in
1824 5049 1912 5100 eo,
1971 5035 2090 5088 solo
2149 5037 2330 5090 adhuc
2378 5040 2588 5094 semine
2637 5047 2917 5102 contenta,
2954 5036 3188 5091 necdum
3233 5031 3461 5105 perfecta
3491 5016 3612 5072 illius
3632 5005 3703 5106 (ξος

505 5124 735 5179 minatui
766 5100 1064 5180 commissa
1103 5130 1253 5189 sunt.
1291 5100 1352 5177 ut
1384 5123 1432 5178 is
1465 5125 1604 5179 bene
1629 5123 1698 5178 de
1719 5138 1782 5180 se
1821 5121 2076 5176 meritum
2105 5123 2363 5195 ignorare
2393 5143 2503 5182 non
2535 5138 2754 5199 posset;
2803 5127 2895 5198 qui
2949 5135 3005 5182 et
3035 5127 3200 5181 rebus
3255 5119 3494 5178 omnibus
3531 5113 3596 5199 ut.
3622 5100 3704 5152 sint

503 5220 836 5291 iinpertitur,
859 5226 914 5276 et
939 5218 1201 5275 omnibus
1227 5217 1482 5288 superior
1526 5225 1648 5281 est,
1688 5232 1753 5273 ac
1811 5219 2026 5289 singula
2082 5233 2250 5290 opera
2303 5237 2405 5278 sua
2467 5196 2567 5294 pro
2618 5223 2767 5280 illius
2817 5196 3322 5294 opportunitatibus
3364 5196 3704 5269 οοωιηοάὶείιυθ

505 5314 818 5385 dilargitur.

576 5405 640 5460 ll.
717 5404 1087 5471 Quamobrem
1138 5403 1355 5459 occulta
1414 5417 1598 5458 rerum
1656 5402 1867 5458 semina
1921 5404 2096 5459 conti-

2268 5403 2346 5460 B’.
2384 5403 2707 5474 Παρέδωκεν
2750 5399 2899 5473 αὐτῷ
2943 5397 3336 5471 σπερματικῶς
3370 5391 3460 5460 τὴν
3493 5370 3700 5474 τῆν,ὑπῗ

506 5507 724 5553 nentem
764 5498 816 5553 ei
853 5507 1058 5553 terram
1093 5495 1339 5559 tradidit,
1379 5510 1612 5566 eamque
1643 5493 1984 5551 fundamenti
2029 5510 2081 5551 at

2201 5495 2430 5568 ϐάθραν,
2464 5465 2539 5560 οὓς
2576 5496 2771 5559 εἰπεῖν.
2805 5465 3285 5566 προστησᾶίιενοθ
3308 5483 3419 5593 fi“:
3447 5465 3701 5593 ὠςυὲήῖὲῗέ

507 5589 682 5654 basis,
727 5598 788 5644 ut
832 5589 905 5646 ita
937 5590 1141 5656 dicam,
1177 5589 1298 5646 vice
1334 5589 1661 5655 substravit,
1704 5604 1768 5646 ac
1799 5588 1947 5646 velut
1989 5602 2078 5644 ma

2205 5561 2354 5660 αὺτῷ
2384 5585 2797 5660 παραδεδωκὼς,
2823 5561 2909 5641 ἵνα
2940 5561 3047 5640 ἀπὸ
3072 5586 3171 5657 τῆς
3198 5573 3454 5655 προϐολῆς
3479 5562 3566 5620 τῶν
3590 5561 3666 5607 κατ

583 5748 602 5782 ⁸
632 5745 768 5803 Gen.
807 5764 844 5813 ι,
887 5748 966 5824 ll.
1048 5747 1217 5804 ’Cor.
1252 5748 1591 5819 εὑρίσκεται.
