3990 6228
341 389 450 445 569

967 385 1334 444 ADVERSUS
1372 386 1714 445 HERESES
1742 389 1872 447 LIB.
1915 391 1944 445 ll

2051 391 2212 446 'l'OM.
2255 390 2382 446 1.-
2420 390 2698 447 ΙΙᾸΕΒΕΞ.
2747 390 2981 446 LXXVI.

3507 372 3640 454 570'

338 506 408 558 τὸ
443 503 650 556 τέλειον
689 499 796 554 ὑπὸ
842 499 978 553 Θεοῦ
1032 503 1371 570 γεγονότων,
1421 505 1492 559 τὰ
1539 507 1929 578 σπερματικῶς

2051 508 2224 561 ,riccm
2257 506 2473 569 obtulit,
2501 517 2558 560 ut
2584 520 2705 575 qua:
2735 507 2804 560 ab
2835 508 2902 561 iis
2933 509 3097 563 rebus
3133 519 3430 580 pr0pagata
3460 519 3615 576 sunt,

341 595 414 648 δι’
457 590 653 646 ἑαυτοῦ
691 591 829 662 μετὰ
868 592 1138 656 συνέσεως
1181 595 1274 648 ἐπὶ
1306 597 1410 666 γῆν
1461 597 1929 668 καταϐαλλόμενα,

341 685 423 749 ὡς
455 680 569 738 οἶόν
598 701 660 736 τε
682 683 855 749 ξύλων
881 683 978 736 καὶ
1012 683 1187 737 ἄλλων
1218 686 1596 758 γεννημάτων,
1629 689 1791 751 αὐτὸς
1836 689 1934 758 μὲν

339 775 724 856 λεπτομερῶς,
749 775 824 839 ὡς
854 775 1060 846 ψηφῖδα
1094 776 1249 848 παρὰ
1275 779 1384 831 τῶν
1421 780 1644 833 τελείων
1677 781 1933 851 ἐρανισόι-

343 885 532 937 μενος,
559 866 764 938 ταύτην
793 867 874 930 είς
901 867 1005 938 γῆν
1033 869 1400 941 ἐνθεματίξων
1426 871 1495 924 τὰ
1517 872 1617 942 τῆς
1640 872 1934 936 ἐπιδόσεως

338 958 442 1010 τοῦ
494 958 701 1010 τελείου
752 958 886 1012 Θεοῦ
933 961 1072 1033 πρὸς
1119 960 1350 1030 αὔξησιν
1399 963 1803 1036 προσδέχηται,
1847 965 1936 1018 ἴνα

341 1049 610 1120 αὐξηθείη
654 1048 853 1114 ἔξωθεν
884 1050 956 1103 τὰ
1003 1052 1093 1104 ὑπ’
1144 1052 1310 1105 αὑτοῦ
1359 1053 1932 1126 ἐνσπερματιζόμενα’

343 1142 440 1194 ἵνα
474 1142 579 1212 μὴ,
631 1143 904 1212 ἀγνοήσας
949 1143 1040 1196 τὸν
1088 1144 1418 1215 ἐπιχορηγὸν
1464 1146 1566 1215 τῆς
1610 1146 1932 1210 ἐπιδόσεως,

343 1235 515 1288 αὑτὸν
543 1234 739 1305 νομίσῃ
764 1234 1115 1304 δημιουργὸν,
1150 1237 1244 1288 καὶ
1281 1236 1490 1310 ἐκπέσῃ
1528 1236 1628 1306 τῆς
1659 1237 1934 1309 ἀληθείας.

345 1328 414 1379 Et
444 1327 554 1397 γὰρ
579 1326 674 1378 καί
699 1325 964 1394 ἐφύτευσε
976 1326 1099 1378 Νῶε
1121 1326 1384 1397 ἄμπελον,
1413 1329 1471 1380 ού
1503 1328 1828 1398 γέγραπται,
1855 1331 1938 1383 ὅτι

341 1411 419 1487 ἦν
447 1414 753 1486 φυτουργός
774 1431 786 1443 ο
821 1413 961 1480 ἀλλ’,
1003 1411 1450 1484 Ἐγένετόάνὴρ
1477 1418 1748 1486 γεωργός.
1782 1419 1939 1470 Ἔτε-

350 1524 447 1578 ρος
479 1507 588 1576 γάρ
621 1509 769 1559 ἐστιν
799 1509 827 1559 ό
864 1509 932 1560 τὰ
971 1507 1264 1561 αὐθεντικὰ
1311 1508 1565 1580 παρέχων
1598 1511 1712 1572 τοῖς
1742 1508 1936 1580 ἐσομέ-

345 1617 486 1662 νοις,
521 1600 708 1670 ἐτερος
745 1600 801 1652 δέ
835 1601 982 1654 ἐστιν
1011 1601 1040 1652 6
1066 1600 1127 1653 τὸ
1167 1596 1306 1653 εἶναι
1349 1601 1478 1672 παρ’
1504 1601 1669 1655 αὐτοῦ
1702 1600 1938 1672 εἰληφὼς

345 1691 450 1746 ἄνθ
461 1709 662 1762 ρωπος,
686 1693 780 1744 καὶ
807 1693 906 1764 τὴν
933 1692 1140 1746 ἐκείνου
1171 1693 1448 1765 γεωργίαν
1474 1695 1904 1765 πεπιστευμένος
1921 1707 1935 1722 ·

347 1783 441 1836 ἴνα
467 1787 496 1836 6
538 1783 636 1853 μὲν
677 1786 899 1855 γεωργῇ
936 1784 1004 1838 τὰ
1055 1784 1349 1848 ἐπιδόσεως
1379 1787 1458 1848 εἰς
1487 1785 1764 1838 τελείωσιν
1816 1786 1937 1838 ἐπι-

346 1876 600 1945 δεόμενα,
637 1877 665 1928 6
697 1876 752 1928 δὲ
924 1875 1236 1947 τελειότητα
1269 1877 1498 1948 παρέχοι
1525 1875 1615 1932 διὰ
1652 1878 1750 1948 τῆς
1772 1875 1936 1933 αὐτοῦ
1967 1853 2012 1907 Β

348 1968 648 2030 ἐπιδόσεως
670 1967 776 2020 τῶν
796 1968 888 2020 ὑπ’
911 1967 1075 2020 αὑτοῦ
1097 1969 1452 2039 ἐκτισμένων,
1475 1969 1570 2022 καὶ
1597 1967 1937 2042 [ἐπιδόσεως]

349 2061 435 2122 είς
465 2059 775 2130 τελειότητα
800 2059 1200 2131 αὐξανομένων.
1224 2060 1379 2113 Οὕτω
1407 2062 1500 2114 καὶ
1531 2063 1622 2115 ἐπὶ
1647 2061 1754 2115 τῶν
1785 2061 1939 2126 ζώων

350 2152 449 2204 καὶ
481 2150 699 2204 ἐπὶτῶν
727 2151 1014 2205 πετεινῶν·
1041 2150 1184 2204 οὕτω
1213 2152 1306 2205 καὶ
1341 2153 1433 2205 ἐπὶ
1456 2153 1563 2206 τῶν
1589 2153 1802 2224 κτηνῶν
1846 2154 1941 2207 καὶ

353 2241 603 2312 ἑρπετῶν
639 2243 734 2294 καὶ
787 2243 1034 2307 ἐναλίων,
1067 2244 1248 2297 πάντα
1277 2245 1333 2296 ἐν
1368 2245 1510 2315 ἀρχῇ
1541 2245 1719 2298 τέλεια
1748 2245 1940 2314 γέγονε

350 2335 443 2386 διὰ
473 2334 566 2386 τοῦ
603 2333 1023 2405 προστάξαντος.
1059 2335 1322 2406 Βουλήσει
1375 2336 1431 2388 δὲ
1463 2337 1654 2405 σοφίας
1689 2336 1784 2392 νῦν
1820 2339 1943 2391 ἐπι·-

349 2427 555 2489 δόσεως
586 2427 758 2479 δεῖται
799 2425 886 2479 διὰ
914 2425 1011 2497 τὴν
1041 2425 1136 2480 τοῦ
1184 2427 1276 2479 ἐπὶ
1310 2426 1414 2497 γῆς
1457 2427 1811 2491 δεσπόζοντος
1850 2429 1944 2481 ἀν-

353 2517 578 2587 θρώπου
604 2519 723 2572 κατ’
740 2517 946 2572 ἔννοιαν
963 2518 1252 2588 ὠφέλειαν,
1271 2519 1351 2582 εἰς
1371 2519 1432 2571 τὸ
1448 2519 1832 2588 ἐπιγινώσκειν
1853 2521 1944 2574 τὸν

354 2610 545 2664 ἐπάνω
567 2610 780 2664 πάντων
797 2609 948 2674 Θεὸν,
965 2609 1055 2662 τὸν
1072 2609 1306 2681 χορηγὸν
1321 2609 1429 2664 τῶν
1447 2612 1834 2682 σπερματικῶν
1850 2613 1943 2666 καὶ⁹

351 2702 457 2771 τῆς
487 2701 778 2765 ἐπιδόσεως
805 2702 916 2756 τῶν
944 2701 1246 2772 αὑξὴσεων,
1279 2703 1409 2756 ὄντα
1429 2703 1560 2756 Θεὸν
1591 2705 1686 2757 καὶ
1715 2705 1937 2777 Κύριον.

355 2793 563 2863 Διόπερ
585 2792 654 2846 τὰ
685 2792 783 2863 μὲν
815 2795 937 2846 κατ’
983 2793 1232 2863 οὐρανὸν,
1264 2794 1358 2846 καὶ
1392 2794 1452 2846 οὐ
1489 2793 1577 2848 διὰ
1620 2796 1816 2866 χειρῶν
1847 2797 1941 2848 ἀν-

357 2884 582 2955 θρώπου
633 2885 970 2956 σπειρόμενα
1027 2884 1192 2948 ὄντα,
1235 2885 1328 2938 καὶ
1383 2886 1443 2938 ού
1495 2887 1772 2955 γεννῶντα
1823 2888 1944 2940 οὐδὲ

356 2977 695 3046 γεννώμενα,
728 2977 911 3030 εἴασεν
937 2979 965 3030 ὁ
994 2977 1127 3040 Θεὸς
1152 2979 1209 3030 ἐν
1250 2977 1572 3048 τελειότητι.
1609 2979 1684 3031 Οὐ
1716 2978 1825 3050 γὰρ
1858 2981 1944 3032 ἐν-

360 3068 638 3139 ἐσκηπτον
682 3072 748 3139 τῇ
794 3069 1001 3139 διανοίᾳ.
1048 3067 1143 3120 τοῦ
1192 3068 1479 3139 ἀνθρώπου
1529 3070 1608 3132 είς
1655 3070 1944 3141 ἐπιϐουλὴν

361 3159 461 3211 καὶ
484 3149 650 3228 τῦφον
683 3159 1010 3223 κενοδοξίας.
1039 3159 1115 3222 ὡς
1152 3153 1264 3212 οἷον
1314 3161 1407 3211 ἐπὶ
1442 3159 1592 3231 ἡλίου
1626 3162 1821 3224 εἰπεῖν,
1850 3163 1944 3216 καὶ

361 3250 593 3320 σελήνης
631 3251 726 3303 καὶ
770 3251 1004 3324 ἄστρων.
1079 3251 1215 3304 Οὔτε
1264 3250 1372 3322 γὰρ
1408 3250 1496 3304 διὰ
1541 3251 1602 3303 τὸ
1653 3253 1942 3321 γεννᾶσθαι

359 3340 462 3411 τὴν
511 3341 772 3411 σελήνην,
821 3340 855 3411 ἢ
905 3339 1132 3409 φθίνειν,
1181 3342 1213 3412 ἣ
1258 3339 1465 3406 αὔξειν,
1515 3341 1822 3397 ἀλλοιοῦται
1855 3343 1944 3397 τὸν

361 3431 588 3502 τρόπον,
619 3431 753 3484 ἀλλὰ
786 3430 874 3483 διὰ
908 3431 968 3483 τὸ
1002 3433 1206 3502 καιρῶν
1232 3427 1371 3484 εἶναι
1405 3432 1664 3486 σύστασιν
1698 3435 1792 3488 καὶ
1824 3437 1945 3488 ἐπι-

363 3523 651 3595 χορηγίαν,
679 3516 755 3576 ὧν
787 3522 920 3586 Θεὸς
947 3525 1058 3586 τοῖς
1080 3524 1363 3595 φωστῆρσι
1392 3524 1693 3590 διετάξατο.

2035 614 2173 668 quas
2219 597 2360 653 Deus
2393 597 2665 667 perfectas
2707 597 2983 667 produxit,
3033 615 3158 654 cum
3216 602 3362 656 velut
3406 606 3615 657 semina

2034 689 2282 760 qtlzedam
2320 689 2542 759 proprio
2595 689 2782 742 labore
2811 699 2865 744 et
2894 690 3163 746 industria
3196 691 3250 746 in
3291 700 3495 748 terram
3529 696 3619 750 de-

2035 780 2283 852 posuerit
2315 801 2328 834 :
2363 781 2673 850 cuiusmodi
2709 788 2840 835 sunt
2882 781 3143 835 arborum
3196 798 3260 838 ac
3293 795 3617 839 caaterormn

2036 872 2089 927 id
2132 888 2304 943 genus
2338 872 2570 934 semina;
2625 887 2749 926 cum
2793 871 2930 937 haec,
2981 873 3228 942 inquam,
3278 874 3620 946 singillatim,

2036 964 2183 1016 velut
2221 963 2514 1025 calculum,
2556 977 2585 1015 a
2614 960 2877 1031 perfectis
2910 963 3016 1017 illis
3054 965 3314 1033 operibus
3339 973 3621 1022 mutuatus

2035 1056 2090 1110 in
2131 1065 2333 1110 terram
2371 1054 2674 1116 demiserit,
2717 1067 2746 1106 a
2791 1053 3034 1124 perfecto
3078 1053 3191 1110 Deo
3224 1056 3619 1112 incrementum

2037 1148 2332 1218 accipiant,
2368 1148 2742 1217 paulatimque
2785 1161 2907 1216 qua:
2939 1146 3030 1202 ille
3084 1149 3393 1202 conscverit
3436 1149 3622 1205 adole-

2037 1248 2214 1304 scant,
2251 1255 2319 1294 ne
2344 1239 2388 1294 si
2425 1239 2576 1292 illum
2624 1239 2826 1308 ipsum,
2859 1241 3018 1307 cujus
3055 1238 3159 1295 ista
3200 1239 3468 1294 beneﬁcio
3496 1256 3624 1295 suc-

2037 1336 2320 1394 crescunt,
2366 1329 2720 1398 ignoraverit,
2756 1337 3035 1384 auctorem
3071 1343 3132 1384 se
3173 1343 3238 1382 ac
3283 1327 3622 1384 conditorem

2037 1419 2356 1481 arbitretur,
2381 1424 2435 1472 et
2467 1432 2498 1471 a
2524 1417 2753 1472 veritate
2778 1433 3007 1487 prorsus
3031 1418 3269 1472 excidat.
3301 1408 3457 1472 Licet
3477 1418 3624 1472 enim
3664 1431 3667 1444 ‘

2037 1511 2303 1567 Noemum
2359 1510 2606 1580 legamus
2654 1509 2932 1579 plantasse
2976 1510 3206 1575 vitem”,
3265 1525 3375 1563 non
3438 1518 3624 1564 tamen

2040 1604 2306 1672 scriptum
2335 1610 2420 1657 est
2450 1601 2640 1671 stirpis
2672 1600 2836 1669 hujus
2866 1602 3203 1655 conditorem
3236 1601 3385 1654 ἱιΙιιιιι
3418 1601 3621 1665 fuisse;

2038 1694 2201 1766 947
2220 1695 2314 1749 sed
2344 1695 2448 1747 hoc
2470 1693 2735 1748 duntaxat
2763 1712 2776 1746 :
2823 1691 3068 1756 γίνεται,
3098 1693 3294 1764 inquit,
3323 1691 3559 1763 agricola
3577 1691 3620 1747 ⁸.

2040 1786 2174 1840 Nam
2215 1786 2357 1842 alius
2392 1793 2478 1840 cst
2502 1785 2548 1840 is
2583 1785 2674 1854 qui
2713 1783 2916 1839 futuris
2951 1785 3116 1839 rebus
3173 1784 3472 1837 naturalem
3511 1785 3622 1839 vim

2039 1894 2104 1932 ac
2146 1877 2417 1948 praacipua
2465 1892 2694 1947 quasque
2739 1892 2839 1946 pro
2899 1891 2999 1930 sua
3057 1882 3329 1946 potestate
3375 1875 3623 1946 largitur,

2039 1972 2180 2027 alius
2205 1971 2299 2042 qui
2337 1971 2404 2026 ab
2453 1970 2574 2042 ipso
2611 1978 2670 2024 ut
2714 1980 2864 2025 esset
2894 1969 3105 2040 accepit
3151 1969 3335 2035 homo,
3368 1968 3627 2023 commis-

2041 2077 2267 2132 Samque
2294 2061 2396 2116 sibi
2423 2062 2491 2115 ab
2521 2060 2712 2115 eodem
2750 2061 3145 2131 agriculturam
3175 2060 3438 2129 suscepit.
3469 2059 3538 2113 Ut
3574 2066 3628 2112 et

2040 2154 2131 2209 ille
2165 2169 2286 2225 quae
2330 2153 2399 2207 ad
2434 2153 2825 2223 perfectionem
2875 2153 3233 2227 obtinendam
3281 2152 3628 2222 progressio-

2041 2262 2164 2301 ncm
2205 2246 2515 2315 requirunt,
2547 2247 2782 2309 excolat,
2814 2253 2862 2298 et
2898 2246 3008 2309 hic,
3044 2245 3281 2300 conditis
3311 2260 3340 2297 a
3374 2259 3432 2298 se
3466 2244 3629 2298 rebus

2041 2338 2359 2408 largiendis,
2391 2352 2454 2390 ea
2477 2354 2596 2407 qua:
2620 2335 2888 2404 ejusmodi
2921 2338 3239 2392 accessione
3267 2338 3529 2407 gliscunt,
3560 2335 3628 2389 ad

2041 2428 2417 2482 maturitatem
2460 2427 2960 2496 perfectionemque
2994 2427 3277 2497 perducat.
3315 2427 3470 2492 Quod
3505 2427 3628 2496 qui-

2046 2520 2168 2574 dem
2202 2518 2428 2588 perinde
2457 2519 2512 2573 in
2549 2519 2867 2572 animalium
2923 2528 2974 2574 et
3006 2520 3292 2572 volucrum
3342 2533 3536 2588 genere
3565 2531 3629 2569 ac

2043 2611 2335 2681 pecudum,
2409 2619 2724 2680 serpentum
2776 2611 3121 2681 pisciumque
3177 2611 3443 2682 contigit;
3505 2625 3630 2663 nam

2043 2704 2223 2757 omnia
2262 2703 2531 2773 principio
2579 2704 2900 2772 imperantis
2941 2703 3033 2758 Dei
3069 2705 3350 2758 voluntate
3381 2702 3627 2772 perfecta

2043 2796 2400 2866 prodierunt;
2431 2811 2576 2850 nunc
2606 2806 2788 2850 autem
2813 2795 3056 2866 ejusdem
3095 2796 3377 2865 sapientia:
3408 2797 3632 2849 decreto

2045 2889 2533 2956 progressionibus
2597 2888 2714 2941 suis
2781 2895 2836 2942 et
2901 2888 3255 2942 incrementis
3307 2896 3633 2956 augescunt.

2043 2980 2198 3045 Quod
2231 2979 2297 3033 ad
2335 2979 2592 3045 hominis,
2629 2979 2724 3048 qui
2762 2981 2814 3031 in
2853 2987 2996 3032 terra
3031 2979 3363 3042 dominatur,
3395 2978 3632 3032 fructum

2048 3071 2215 3124 animi
2255 3071 2656 3140 utilitatemque
2707 3071 2976 3140 pertinet,
3013 3085 3122 3140 quo
3163 3071 3210 3125 is
3253 3085 3527 3124 summum
3571 3069 3636 3121 il-

2047 3163 2158 3215 lmn
2193 3160 2383 3227 Deum,
2416 3176 2445 3214 a
2487 3176 2599 3231 quo
2648 3170 2755 3214 tam
2798 3163 3012 3216 ‘semina
3061 3163 3198 3231 ipsa,
3235 3177 3398 3232 quam
3442 3175 3633 3214 eorum

2052 3254 2390 3308 incrementa
2447 3253 2905 3323 proﬁciscuntur,
2976 3253 3144 3308 Deum
3217 3267 3281 3307 ac
3345 3252 3633 3306 Dominum

2051 3353 2336 3417 agnoscat.
2380 3344 2620 3400 Proinde
2644 3362 2986 3416 qmecunqne
3029 3348 3083 3399 in
3124 3345 3266 3398 ctelo
3301 3355 3454 3410 sunt,
3490 3359 3637 3414 qna:-

2051 3455 2158 3509 que
2196 3439 2478 3492 hominum
2519 3455 2700 3512 Imauu
2751 3455 2857 3492 non
2917 3445 3196 3502 seruntur,
3229 3453 3292 3492 ac
3336 3453 3509 3506 neque
3552 3437 3638 3506 gi-

2052 3540 2250 3603 gnunt,
2279 3547 2380 3586 ncc
2409 3532 2479 3585 ab
2508 3532 2632 3584 aliis
2663 3532 2978 3602 gignuntur,
3017 3547 3080 3585 ea
3115 3530 3257 3586 Deus
3284 3531 3518 3598 perfecta
3548 3543 3638 3582 re-

366 3619 546 3687 liquit.
579 3615 765 3685 Neqne
802 3616 947 3670 enim
998 3616 1251 3670 humana:
1298 3627 1508 3673 mentes
1535 3620 1721 3672 damni
1771 3636 1836 3674 ex
1881 3621 1949 3676 iis
1980 3623 2185 3693 aliquid
2227 3638 2423 3692 capere
2465 3630 2740 3692 poterant,
2802 3631 2896 3676 aut
2943 3621 3010 3674 ad
3075 3621 3443 3690 arrogantiam
3487 3617 3638 3673 exci-

365 3708 498 3767 tari,
533 3717 590 3759 ut
635 3707 687 3759 in
723 3707 858 3770 sole,
901 3707 1027 3759 luna
1085 3710 1406 3780 caaterisque
1447 3711 1723 3767 sideribus
1772 3725 2014 3792 apparet.
2041 3716 2178 3770 Nam
2209 3732 2278 3771 ex
2326 3730 2393 3770 eo
2459 3714 2606 3785 quod
2662 3715 2788 3768 luna
2851 3721 3134 3779 nascatur,
3186 3719 3282 3766 aut
3313 3712 3622 3774 decrescat,

367 3808 720 3868 augeatur-ve,
750 3800 895 3852 nulla
921 3799 1070 3854 illius
1103 3801 1157 3855 in
1190 3819 1368 3858 mores
1396 3805 1626 3858 mutatio
1655 3806 1948 3861 redundat.

441 3889 566 3954 Πῶς
599 3887 692 3943 οὖν
726 3890 793 3944 τὰ
824 3895 1112 3962 σωματικᾶ
1167 3894 1298 3957 Θεὸς
1343 3895 1532 3948 καὶτὰ
1567 3896 1821 3964 φθίνοντα
1860 3899 1952 3950 καὶ

367 3982 440 4037 τὰ
469 3983 764 4053 φθινόμενα
793 3983 1024 4054 θἐλήσας
1057 3985 1218 4049 εὐθὺς
1245 3987 1424 4038 τέλεια
1457 3982 1770 4057 εἰργάσατο,
1803 3988 1860 4041 ὃν
1894 3989 1950 4042 δὲ

368 4076 433 4140 ἐξ
456 4075 618 4129 αὑτοῦ
649 4076 960 4146 ἐγέννησεν,
993 4077 1088 4129 ἐνα
1121 4076 1177 4143 ἐξ
1204 4077 1320 4139 ἐνὸς
1358 4078 1447 4130 τὸν
1480 4079 1607 4133 ὅντα
1637 4080 1724 4132 ἀεὶ
1759 4096 1951 4151 γεννη-

367 4169 538 4231 τικῶς
566 4167 715 4240 παρὰ
747 4167 825 4238 τῷ
867 4169 980 4221 δντι
1015 4170 1306 4233 ἐπιδόσεως
1335 4171 1528 4238 ἐγέννα
1568 4172 1948 4242 ἐπιδεόμενον;

371 4259 631 4312 Πέπαυσο
665 4253 776 4324 οὖν,
807 4252 851 4310 ὦ
901 4259 1091 4322 ’Λέτιε,
1131 4259 1292 4322 κενὰς
1324 4261 1454 4330 ἡμῖν
1499 4261 1596 4313 καὶ
1638 4261 1949 4331 Ἀριστοτε-

369 4345 532 4408 me;
565 4344 737 4412 λέξεις
762 4345 964 4416 φέρων,
1001 4347 1247 4417 ἀρκετῶς
1276 4347 1506 4416 ἐχόντων
1536 4347 1714 4419 ἡμῶν,
1747 4349 1840 4402 καὶ
1872 4349 1948 4420 μὴ

372 4439 753 4508 ἀπατωμένων
790 4437 888 4508 τὴν
915 4439 930 4469 ¹
965 4437 1057 4491 τοῦ
1091 4439 1295 4510 Κυρίου
1333 4438 1490 4510 ἡμῶν
1519 4440 1778 4512 ἀληθινὴν
1814 4441 1952 4495 διδα-

2131 3893 2248 3949 Jam
2294 3907 2424 3946 vero
2475 3891 2568 3962 qui
2623 3891 2736 3946 ﬁeri
2777 3897 2976 3961 potest,
3027 3898 3087 3944 ut
3128 3905 3388 3960 corporea
3430 3890 3520 3943 illa
3567 3907 3632 3945 ac

2054 3983 2396 4052 corruptioni
2430 3984 2678 4052 subjecta
2726 3982 3136 4040 Deussubinde
3165 3982 3404 4053 perlecta
3441 3984 3641 4037 volun-

2053 4086 2162 4134 tate
2193 4093 2290 4132 sua
2333 4077 2654 4147 procrearit,
2699 4090 2822 4130 eum
2866 4091 3019 4138 vero,
3059 4090 3219 4144 (luem
3269 4089 3299 4128 e
3341 4073 3522 4144 seipso
3554 4090 3642 4143 ge-

2053 4170 2196 4231 nuit,
2229 4184 2393 4222 unum
2436 4183 2502 4221 ex
2545 4182 2677 4227 uno,
2709 4167 2914 4235 quique
2957 4166 3102 4235 apud
3137 4165 3492 4220 exsistentem
3521 4180 3642 4233 per-

2053 4269 2220 4330 petuo
2285 4274 2384 4330 per
2439 4259 2844 4328 generationem
2895 4257 3144 4319 exsistat,
3198 4256 3535 4310 accessionis
3578 4270 3642 4310 ac

2055 4350 2463 4422 progressionis
2509 4356 2757 4418 egentem
2814 4347 3174 4417 produxerit?
3209 4347 3406 4403 Desine
3453 4347 3640 4417 igitur,

2056 4442 2200 4507 Aeli,
2231 4440 2610 4495 Aristotelicas
2645 4439 2768 4493 illas
2817 4446 2942 4492 tuas
2992 4453 3154 4492 voces
3203 4445 3258 4493 et
3314 4439 3507 4492 inanes
3539 4439 3642 4492 ob-

374 4529 625 4591 σκαλίαν,
651 4529 748 4600 τὴν
781 4529 1044 4597 λέγουσαν
1076 4531 1157 4593 τὸ,
1197 4531 1291 4583 Ἐκ
1325 4531 1431 4602 τοῦ
1455 4532 1687 4601 Πατρός
1714 4532 1828 4603 ἐγὼ
1856 4532 1944 4596 ἐξ·

2061 4533 2318 4598 trudere;
2349 4533 2510 4587 nobis
2542 4531 2687 4586 enim
2716 4531 2852 4585 citra
2896 4531 3065 4585 ullum
3105 4533 3310 4587 erroris
3339 4533 3640 4603 periculum

372 4622 604 4691 ἦλθον.
654 4621 752 4675 καί
782 4621 938 4688 ἥκω,
970 4623 1064 4674 καὶ
1117 4623 1177 4674 οὐ
1233 4624 1683 4694 καταχρηστικῶς
1726 4625 1956 4695 ἐχούσης

371 4720 476 4789 τῆς
505 4717 702 4783 λέξεως
729 4715 828 4787 τὴν
860 4715 1110 4788 δύναμιν,
1143 4716 1278 4770 ἀλλὰ
1310 4717 1644 4789 τελειότητος
1674 4718 1766 4771 καὶ
1800 4717 1957 4784 ἀξίας

372 4807 514 4862 Θεοῦ
540 4807 909 4882 σημαινούσης
943 4807 1041 4880 τὴν
1067 4807 1276 4862 οὐσίαν.

625 5031 628 5033 ,
772 4987 1170 5042 ΚΕΦΑΛΑΙΟΝ
1219 4987 1471 5040 ΑΕΤΙΟΥ
1509 4990 1566 5044 1'.
1823 5048 1827 5052 _

453 5082 515 5134 Εἰ
559 5081 766 5134 τέλειον
796 5075 864 5151 ἦν
895 5079 957 5134 τὸ
994 5081 1265 5153 γέννημα,
1300 5082 1358 5133 ἐν
1399 5081 1679 5151 ἁγεννήτῳ
1712 5076 1962 5149 γέννημά.

377 5175 520 5238 ἐστι,
569 5173 664 5226 καὶ
696 5173 795 5226 οὐκ
853 5171 912 5236 ἐξ
952 5165 1027 5225 ὧν
1061 5175 1104 5226 ‘6
1150 5172 1446 5242 ἀγέννητος
1492 5172 1624 5224 αὐτὸ
1675 5171 1958 5240 ἐγέννησε.

379 5264 650 5336 Γεννητὴν
672 5265 780 5337 γὰρ
803 5264 964 5334 φύσιν
989 5266 1046 5317 ἐν
1086 5266 1363 5336 ἀγεννήτῳ
1385 5265 1541 5336 οὐσίᾳ
1567 5264 1666 5317 οὐκ
1691 5264 1961 5334 ἐνδέχεται

378 5355 550 5412 εἶναι·
576 5357 639 5409 τὸ
669 5357 776 5427 γὰρ
811 5355 941 5408 αὐτὸ
967 5351 1103 5409 εἷναί
1137 5356 1194 5409 τέ
1227 5359 1343 5409 ἐστι
1376 5357 1469 5409 καὶ
1513 5355 1588 5426 μὴ
1627 5351 1788 5410 εἶναι.
1836 5356 1876 5408 Γ
1880 5355 1963 5407 έν-

378 5464 534 5518 νημα
564 5447 673 5517 γὰρ
705 5447 1000 5517 ἀγέννητον
1030 5447 1129 5499 οὐκ
1159 5446 1293 5510 ἐστι,
1327 5448 1419 5500 καὶ
1444 5446 1736 5517 ἀγέννητον
1751 5445 1809 5499 ὸν
1841 5445 1965 5513 γέν-

382 5557 538 5612 νημα
581 5539 681 5591 οὐκ
725 5535 823 5610 ἦν·
860 5539 954 5591 τοῦ
988 5539 1243 5609 ἀνομοίου
1270 5541 1469 5611 μέρους
1502 5541 1595 5594 ἐπὶ
1633 5539 1766 5593 Θεοῦ
1799 5538 1964 5609 βλασ-

382 5630 600 5704 φημίας
629 5630 798 5686 τύπον
821 5632 917 5686 καὶ
949 5631 1107 5702 ὓϐριν
1135 5631 1441 5701 ἐπέχοντος.

2063 4625 2372 4679 certissima
2419 4623 2625 4677 Christi
2657 4622 2908 4676 doctrina
2943 4621 3161 4686 sullicit,
3197 4638 3321 4678 cum
3360 4624 3430 4677 ita
3463 4624 3642 4693 loqui-

2062 4726 2153 4772 tur
2179 4731 2196 4770 :
2227 4715 2338 4787 Ego
2377 4715 2514 4770 exivi
2550 4732 2584 4768 a
2629 4714 2813 4778 Patre,
2852 4724 2901 4769 et
2937 4713 3070 4769 vado
3096 4715 3149 4782 ⁸;
3181 4716 3342 4783 cujus
3385 4716 3644 4771 dictionis

2061 4809 2145 4864 vis
2176 4824 2286 4863 non
2325 4808 2382 4862 in
2413 4807 2681 4862 abusione
2714 4807 2823 4860 ulla
2871 4806 3144 4874 consistit,
3189 4807 3283 4862 sed
3312 4807 3494 4862 divina
3521 4822 3644 4877 per-

2063 4899 2300 4955 fectione
2332 4913 2398 4954 ac
2429 4898 2694 4970 dignitate
2733 4889 3028 4967 praeditam
3049 4905 3304 4952 naturam
3346 4898 3642 4968 signiﬁcat.

2576 4988 2758 5044 AETlI
2793 4987 3021 5044 CAPUT
3060 4987 3130 5043 X.

2139 5081 2198 5137 Si
2229 5081 2471 5152 perfecta
2515 5081 2588 5138 sit
2611 5085 2791 5152 genita
2823 5082 3062 5145 soboles,
3093 5086 3280 5138 eadem
3304 5080 3362 5137 in
3403 5079 3645 5148 ingenito

2069 5173 2195 5239 erit,
2240 5187 2350 5227 non
2405 5187 2471 5227 ex
2505 5171 2573 5226 iis
2612 5187 2735 5242 quae
2776 5187 2899 5226 cum
2939 5171 3009 5226 ab
3047 5171 3288 5240 ingenito
3330 5170 3644 5239 gigneretur

2068 5266 2324 5322 obtinuit.
2364 5264 2499 5319 Nam
2533 5264 2716 5335 genita
2751 5272 2948 5319 natura
2987 5263 3039 5316 in
3070 5261 3307 5333 ingenita
3335 5262 3643 5317 substantia

2067 5373 2190 5413 esse
2230 5373 2339 5412 non
2388 5365 2602 5428 potest;
2633 5363 2782 5412 esset
2822 5355 2966 5411 enim
3007 5353 3172 5410 simul
3219 5351 3385 5419 idem,
3432 5361 3488 5408 et
3532 5368 3644 5408 non

2068 5456 2233 5504 esset.
2260 5447 2398 5504 Nam.
2421 5449 2565 5518 quod
2596 5449 2836 5518 genitum
2867 5455 2970 5511 est,
3002 5446 3301 5519 ingenitum
3344 5461 3452 5500 non
3477 5445 3646 5518 948

2071 5549 2176 5604 est,
2198 5547 2254 5594 et
2281 5538 2428 5609 quod
2457 5539 2753 5608 ingenitum
2775 5546 2879 5601 est,
2904 5539 3145 5608 genitum
3168 5553 3276 5591 non
3298 5536 3428 5591 fuit:
3445 5537 3646 5606 quippe

2073 5631 2391 5686 dissimilem
2439 5630 2674 5698 aliquam
2719 5628 2825 5683 Deo
2858 5637 3065 5699 partem
3104 5628 3376 5699 allingere,
3420 5625 3647 5702 malediv

2074 5721 2147 5775 cti
2179 5721 2232 5774 in
2263 5735 2386 5775 eum
2419 5733 2484 5774 ac
2519 5719 2861 5774 contumeliae
2887 5719 3122 5790 speciem
3151 5717 3394 5792 praalcrt.

474 5824 494 5858 ¹
514 5823 674 5882 Deest
705 5824 844 5880 κατὰ
867 5826 980 5897 τήν.
1059 5827 1079 5856 ²
1108 5824 1242 5894 Gen.
1282 5840 1357 5894 ιιι,
1387 5824 1475 5879 20.
1558 5823 1579 5855 ³
1608 5823 1742 5882 ibid.
1817 5826 1837 5857 "
1860 5827 1944 5883 Jo:

2052 5843 2164 5887 νυνι,
2190 5830 2281 5883 9.8,
