3990 6228
255 384 368 439 573

640 492 892 545 ΑΕΤΙΟΥ
924 492 1321 547 ΚΕΦΛΛΑΙΟΝ
1361 495 1460 551 IA'.

329 583 395 637 El
416 582 712 651 ἀγεννήτου
742 581 959 650 φύσεως
986 584 1244 654 ὑπάρχων
1273 588 1302 638 6
1330 586 1461 649 Θεὸς
1485 603 1514 638 ο
1536 588 1841 658 παντοκρά-

258 693 394 745 τωρ,
426 673 694 744 γεννητῆς
727 673 942 741 φύσεως
975 676 1075 727 οὐκ
1117 670 1257 729 οἶδεν
1299 678 1510 730 ἑαυτόν
1546 680 1573 729 6
1606 679 1661 730 δὲ
1689 678 1837 743 Υἱὸς,

257 764 528 835 γεννητῆς
568 763 783 832 φύσεως
823 764 1102 835 ὑπάρχων,
1144 766 1302 818 τοῦτο
1339 766 1594 835 γινώσκει
1629 769 1837 829 ἑαυτὸν,

255 859 397 926 ὅπερ
426 856 561 907 ἐστί·
591 854 707 917 πῶς
733 856 834 907 οὐκ
866 854 931 908 ἂν
962 856 1047 926 εἴη
1082 856 1143 908 τὸ
1172 856 1457 927 ὀμοούσιον
1494 840 1708 927 ψεῦδός,
1748 860 1839 912 τοῦ

261 949 363 1019 μὲν
392 947 753 1016 γινώσκοντος
786 946 977 1001 ἑαυτὸν
1006 949 1324 1019 ἀγέννητον,
1356 948 1450 1001 τοῦ
1482 949 1538 1002 δὲ
1563 951 1839 1021 γεννητόν;

828 1140 1153 1209 Ἀνατροπὴ
1186 1142 1297 1194 IA'.

252 1236 255 1241 ’
336 1230 581 1298 Ἔφησεν
622 1227 845 1292 Ἀέτιος,
889 1230 983 1282 καὶ
1025 1229 1389 1298 ἀπεφήνατοό
1415 1231 1722 1295 διαστολεὺς
1749 1232 1842 1285 καὶ

258 1320 525 1391 ὁροθέτης
556 1321 650 1373 ἐπὶ
680 1319 897 1388 φύσεως
926 1320 1060 1373 Θεοῦ
1112 1321 1514 1391 διαλαμϐάνων,
1562 1323 1844 1393 ἅνθρωπος

259 1412 339 1465 ῶν
365 1415 432 1483 τῇ
469 1412 649 1480 φύσει,
693 1412 787 1465 καὶ
814 1412 882 1465 τά
912 1413 1054 1483 ὑπὲρ
1083 1412 1245 1491 φύσιν
1283 1414 1599 1484 βουλόμενος
1632 1414 1843 1476 εἰδέναι,

262 1504 469 1557 εἰδέναι
496 1505 553 1557 δὲ
586 1505 647 1556 οὐ
677 1504 820 1557 κατά
846 1503 1171 1558 ἀκολουθίαν
1202 1506 1242 1557 Γ
1247 1506 1446 1576 ραιρῆς,
1487 1506 1603 1558 ἀλλ’
1631 1508 1695 1558 ἐκ
1726 1506 1849 1558 συλ-

263 1594 544 1665 λογισμῶν
590 1594 847 1664 βροτείων
894 1594 1293 1665 διανοημάτων,
1345 1597 1427 1649 ὅτι
1472 1616 1489 1648 ι
1529 1597 1846 1667 Ἀγεννήτου

264 1686 485 1755 φύσεως
511 1687 769 1756 ὑπάρχων
811 1686 840 1737 6
880 1686 1014 1749 Θεὸς
1056 1688 1085 1739 6
1122 1688 1536 1759 παντοκράτωρ,
1583 1688 1851 1757 γεννητῆς

266 1778 487 1847 φύσεως
517 1777 617 1830 οὐκ
641 1772 782 1829 οἶδεν
807 1776 1021 1830 ἑαυτόν.
1056 1795 1073 1827 ι
1107 1778 1344 1831 Πάντοτε
1370 1778 1426 1830 δὲ
1446 1778 1532 1831 ἀεὶ
1554 1778 1648 1830 καὶ
1675 1778 1851 1847 ἀπαρο

970 380 1336 437 ADVEllSUS
1375 382 1717 439 IIIERESES
1754 385 1854 438 LII]

1974 385 2011 441 I.
2058 382 2223 438 TOM.
2264 381 2305 435 Ι.
2343 410 2413 421 -
2452 377 2708 432 ιιλΕιιΕε
2762 377 2999 435 LXXVI.

3421 377 3524 435 57$

2441 491 2621 546 AETII
2655 490 2884 548 CAPUT
2924 491 3011 547 XI.
3046 506 3061 515 “

2020 588 2075 641 Si
2127 585 2365 656 ingenita
2431 596 2627 638 natura
2677 584 2936 652 praeditus
2971 584 3110 639 Deus
3158 584 3526 654 omnipotens,

1949 683 2143 749 genita:
2175 688 2382 731 natura:
2415 675 2782 746 conditionem
2833 676 2887 729 in
2926 693 3046 731 sese
3095 693 3203 732 non
3248 680 3528 747 agnoscit;

1950 772 2118 825 Filius
2160 786 2288 824 vero
2317 769 2553 838 genitam
2602 777 2849 820 naturam
2900 769 3106 824 habens
3137 771 3526 843 cjusmod‘,se,

1948 864 2128 933 qualis
2158 870 2263 924 est,
2287 860 2533 930 agnoscit
2571 876 2581 910 :
2623 875 2802 913 nonne
2825 867 2935 912 tota
2970 861 3058 913 illa
3088 862 3530 915 consubstantia-

1960 956 2026 1007 lis
2063 954 2201 1006 ratio
2239 951 2468 1004 mendax
2521 959 2603 1004 est
2640 964 2701 1002 ac
2727 950 2881 1012 falsa,
2911 966 3035 1002 cum
3063 951 3200 1004 alter
3232 952 3530 1021 ingenitum

1951 1060 2093 1108 sese,
2127 1044 2366 1113 genitmn
2404 1043 2539 1095 alter
2571 1040 2862 1110 agnoscat?

2513 1152 2819 1221 Confutatio
2858 1152 2966 1210 ΧΙ.

2023 1247 2212 1301 Aetius
2266 1246 2375 1310 ille,
2408 1247 2499 1314 qui
2546 1246 2599 1298 in
2630 1247 2811 1300 divina
2845 1254 3041 1298 natura
3080 1242 3374 1297 discrimen
3408 1257 3526 1295 con-

1955 1341 2179 1393 stituere
2233 1353 2297 1392 ac
2336 1339 2599 1392 terminos
2629 1337 2894 1407 quosdam
2930 1337 3157 1390 delinire
3202 1335 3535 1403 disputando

1953 1437 2183 1481 conatus
2208 1436 2313 1489 est,
2350 1441 2471 1480 cmn
2505 1439 2696 1480 natura
2724 1427 3055 1481 conditionis
3081 1434 3226 1481 esset
3258 1428 3531 1488 humana),

1955 1519 2157 1588 quique
2187 1533 2249 1571 ea
2295 1534 2415 1586 qua:
2456 1526 2705 1570 naturam
2743 1534 2958 1572 onmem
2996 1526 3289 1586 superant,
3325 1533 3432 1571 non
3466 1533 3535 1570 (κ

1956 1624 2237 1664 sacrarum
2270 1609 2597 1662 auctoritate
2638 1607 2990 1673 Litterarum,
3042 1609 3135 1664 sed
3167 1625 3233 1663 ex
3280 1609 3535 1662 humanis

1956 1698 2466 1753 ratiocinationibus
2514 1698 2979 1767 comprehendere
3022 1698 3253 1761 studuit,
3304 1697 3417 1758 sic,
3454 1698 3536 1749 in-

1956 1804 2141 1858 quam,
2194 1788 2282 1843 ille
2326 1790 2693 1858 pronuntiavit
2744 1806 2756 1841 :
2806 1807 2825 1839 ι
2857 1788 3294 1857 Omnipotentem
3338 1787 3530 1848 Deum,

265 1874 369 1943 χῆς
396 1870 489 1925 τοῦ
524 1870 704 1939 λόγου,
745 1870 927 1923 οὐκέτι
968 1870 1110 1945 κατά
1150 1872 1277 1934 τοὺς
1320 1872 1582 1934 παλαιοὺς
1639 1870 1854 1941 Ἀρεια-

1963 1894 2077 1931 cuni
2116 1886 2306 1931 natura
2356 1879 2427 1932 sit
2472 1878 2777 1947 ingenitus,
2827 1879 3068 1947 genitum
3102 1893 3163 1931 se
3197 1886 3393 1931 natura
3434 1893 3536 1930 ne-

266 1963 414 2025 νοὺς,
447 1959 551 2014 κᾶν
582 1960 1095 2030 ἀποκεκρυμμένως
1127 1960 1255 2011 Υίδν
1283 1960 1529 2029 βούλεται
1559 1960 1737 2029 λέγειν
1761 1960 1853 2012 τὸν

267 2053 572 2123 Μονογενῆ.
621 2051 710 2104 Ἐν
759 2053 895 2104 πᾶσι
942 2052 999 2105 δὲ
1053 2050 1398 2121 Θεωρήσατε,
1446 2053 1550 2105 uiol.
1581 2053 1681 2123 τῆς
1718 2052 1852 2121 ἀληο

269 2144 443 2207 Θείας,
473 2144 548 2205 ώς
585 2141 902 2196 παντάπασι
936 2142 1185 2213 βούλεται
1218 2142 1381 2195 αὐτὸν
1408 2142 1688 2213 ἀλλότριον
1714 2137 1853 2194 εἶναι

266 2234 364 2287 τοῦ
397 2233 631 2304 Πατρδς,
674 2233 770 2286 καὶ
810 2232 917 2285 οὐδ’
951 2233 1085 2296 ὅλως
1122 2234 1415 2305 μετέχοντα
1450 2231 1637 2302 θεῖκῆς
1669 2231 1855 2293 οὐσίας

268 2326 332 2391 ἐξ
365 2318 440 2378 ὧν
468 2325 697 2377 πάντοτε
727 2324 1017 2395 τολμηρῶς
1059 2324 1485 2393 ἀποφθέγγεται.
1528 2322 1602 2374 Τὸ
1633 2322 1740 2392 γὰρ
1765 2320 1853 2372 λέ-

267 2434 413 2487 γειν,
454 2418 538 2470 ὅτι
579 2416 741 2469 αὐτὸν
771 2416 1067 2485 ἀγέννητον
1098 2415 1379 2484 γινώσκει,
1410 2415 1503 2468 καὶ
1536 2412 1858 2482 γεννητικῆς

268 2508 487 2578 φύσεως
531 2509 631 2560 οὐκ
674 2500 813 2561 οἶδεν
848 2508 1059 2572 ἑαυτὸν,
1112 2509 1289 2578 μάτην
1330 2507 1461 2576 παρ’
1496 2506 1643 2575 αὐτῷ
1678 2505 1771 2558 καὶ
1797 2503 1858 2556 :6

269 2600 378 2655 κᾶν
398 2599 487 2653 διὰ
516 2598 674 2668 ψιλῆς
705 2598 903 2664 λέξεως
926 2599 1053 2651 Υἱὸν
1078 2598 1168 2649 τὸν
1198 2597 1327 2654 Υἰδν
1356 2594 1657 2648 καλεῖσθαι.
1698 2594 1857 2646 Ἀνα-

267 2691 613 2761 τραπήσεται
655 2689 712 2742 δὲ
755 2687 921 2741 αὐτοῦ
966 2691 994 2742 6
1034 2688 1211 2755 λόγος.
1258 2686 1367 2739 Kal.
1410 2686 1519 2755 γὰρ
1567 2684 1859 2754 ἀγέννητός

269 2781 422 2837 ἐστιν
455 2782 484 2833 6
517 2779 731 2851 Πατὴρ,
773 2781 869 2833 καὶ
900 2780 1189 2849 ἐγέννησεν
1218 2777 1404 2839 ἀϊδίως
1435 2778 1528 2829 τὸν
1555 2776 1855 2845 Μονογενῆ,

270 2871 491 2940 φύσεως
520 2870 594 2924 ὢν
634 2872 797 2941 δαυτῇ
826 2870 1164 2942 πρεπούσης,
1208 2868 1288 2939 τῷ
1317 2869 1413 2923 ἕνα
1446 2870 1604 2939 μόνον
1630 2869 1719 2921 τὸν
1748 2870 1862 2921 Mo-

269 2965 463 3035 νογενῆ
515 2964 919 3035 γεγεννηκέναι,
973 2965 1066 3016 καὶ
1117 2962 1343 3033 Πνεῦμα
1389 2963 1718 3032 ἐνηνοχέναι,
1770 2960 1861 3012 τὸν

274 3057 437 3129 μόνον
466 3055 613 3126 μόνῳ
633 3054 724 3107 ἐπὶ
753 3055 1048 3121 Μονογενεί
1070 3053 1389 3123 γεννήτορα·
1422 3051 1480 3114 ὃς
1509 3050 1585 3121 τῷ
1610 3050 1861 3120 ἀνάρχως

270 3142 660 3213 γεγεννημένῳ
690 3141 807 3212 Υἱῷ
845 3142 1201 3213 συνυπάρχει,
1242 3140 1462 3210 πνεῦμα
1505 3139 1600 3204 ὢν,
1636 3138 1860 3208 Πνεῦμα

272 3233 643 3305 γεγεννηκώς,
677 3234 770 3286 καὶ
806 3234 868 3285 οὐ
903 3232 1064 3303 σῶμα
1090 3232 1165 3285 ὣν
1201 3230 1527 3303 σωματικῶς
1554 3228 1855 3283 διαστελλό-

279 3342 463 3400 μενον,
492 3326 614 3379 οὐδὲ
642 3324 825 3393 φθῖνον
893 3326 988 3379 καὶ
1027 3320 1187 3389 αῦξον
1226 3324 1319 3377 καὶ
1350 3323 1522 3393 τομὴν
1560 3321 1862 3390 ὑφιστάμε-

276 3436 389 3475 νον.
422 3418 514 3470 Διὸ
543 3418 693 3489 παρὰ
720 3421 831 3481 τοῖς
862 3417 1045 3479 ἄλλοις
1070 3418 1204 3469 πᾶσι
1238 3418 1349 3478 τοῖς
1381 3413 1740 3484 γεγεννηκόσι
1768 3412 1861 3464 καὶ

276 3508 635 3577 γεννωμένοις
679 3506 792 3559 ἀλλ’
818 3510 829 3536 ¹
857 3506 953 3559 ἐπὶ
994 3504 1207 3557 πολλῶν
1249 3504 1553 3573 ἐπιδέχεται
1598 3505 1630 3573 ἡ
1680 3502 1856 3572 χρείαο

277 3597 515 3656 ἐνταῦθα
539 3598 596 3650 δὲ
626 3598 725 3667 οὐχ
749 3598 934 3667 ὅμοιον
953 3599 1063 3659 τοῖς
1085 3593 1204 3650 οὖσι
1233 3598 1396 3649 πᾶσιν
1419 3594 1562 3666 ήτοῦ
1586 3593 1703 3656 ἐνὸς
1726 3593 1861 3664 πρὸς

275 3691 370 3743 τὸν
392 3690 490 3743 ἕνα
516 3690 661 3757 ἀξία.
690 3690 780 3742 Διὸ
809 3690 901 3741 καὶ
932 3689 1092 3752 αὐτὸς
1118 3691 1146 3741 6
1174 3687 1453 3758 γεννηθεὶς
1480 3685 1770 3754 ἐξαιρέτως
1796 3685 1861 3736 ὲκ

276 3782 373 3837 τοῦ
404 3782 725 3853 ὲκπλήκτως
757 3782 1138 3850 γεννήσαντος,
1186 3778 1375 3851 ὥσπερ
1412 3778 1522 3832 ἀπὸ
1562 3776 1656 3830 τοῦ
1698 3776 1860 3844 ἀγεν-

277 3875 441 3945 νήτου
471 3874 796 3945 γεγέννηται
827 3873 1168 3944 συμπρέπων
1200 3872 1278 3942 τῷ
1307 3872 1610 3942 γεννήτορι,
1640 3868 1732 3922 καὶ
1761 3869 1860 3922 αὐ-

277 3965 369 4028 τὸς
395 3966 457 4018 οὐ
492 3967 678 4036 γεννᾷ,
712 3965 896 4019 οὐκέτι
931 3964 1074 4017 κατὰ
1102 3965 1201 4035 τὴν
1229 3963 1419 4017 οὐσίαν
1449 3962 1611 4032 φημὶ,
1641 3961 1729 4014 ἵνα
1755 3960 1862 4013 ἀπὸ

276 4056 372 4109 τοῦ
407 4056 604 4125 μηκέτι
636 4058 828 4127 γεννᾷν
862 4058 984 4109 κατ’
1013 4056 1221 4120 οὐσίαν,
1251 4055 1345 4108 καὶ
1376 4054 1483 4107 ἀπὸ
1512 4052 1607 4105 τοῦ
1637 4052 1726 4105 τὸν
1749 4053 1863 4106 Πα-

276 4147 413 4216 τέρα
457 4146 533 4217 μὴ
575 4148 957 4217 γεγεννῆσθαι,
994 4146 1051 4213 ἐξ
1100 4146 1376 4217 ἑκατέρων
1408 4143 1589 4215 μερῶν
1635 4145 1669 4214 ἡ
1712 4145 1863 4195 πᾶσα

274 4238 405 4304 δόξα
435 4239 529 4291 τοῦ
562 4238 870 4309 ἀξιώματος
905 4238 1145 4309 σώζηται
1191 4240 1249 4290 ὲν
1286 4239 1351 4308 τῇ
1391 4238 1487 4307 μιᾷ
1519 4235 1730 4305 ὲνότητι
1760 4233 1862 4302 τῆς

277 4329 437 4395 ἀξίας
504 4330 675 4394 Θεοῦ,
712 4331 925 4402 Πατρὸς
968 4332 1171 4384 τελείου
1219 4332 1311 4383 καὶ
1348 4329 1479 4383 Υἱοῦ
1522 4328 1727 4382 τελείου
1766 4327 1861 4379 καὶ

276 4421 488 4475 τελείου
522 4421 662 4473 Πνεύ
671 4440 839 4491 ματος
860 4424 1039 4491 ἁγίου.
1069 4424 1180 4475 Καὶ
1204 4423 1290 4475 διὰ
1314 4421 1469 4474 τοῦτο
1495 4421 1556 4472 :6
1575 4422 1860 4489 ὁμοοὺσιον

1953 1982 2225 2036 quaquam
2276 1967 2601 2037 intelligere.
2640 1987 2658 2019 ι
2707 1968 2861 2033 Quod
2888 1968 3106 2037 quidem
3145 1971 3217 2021 ita
3249 1977 3533 2038 perpetuo,

1953 2068 2006 2111 et
2044 2058 2111 2110 ab
2146 2058 2264 2125 ipso
2305 2058 2459 2111 initio
2493 2061 2762 2113 sermonis
2796 2060 3054 2123 asseruit,
3105 2067 3164 2111 ut
3199 2074 3227 2110 a
3262 2059 3537 2113 veteribus

1954 2146 2173 2200 Arianis
2212 2146 2493 2211 diSsideat,
2541 2146 2667 2200 licet
2715 2145 2908 2199 Filium
2967 2148 3307 2215 unigenitum
3359 2149 3540 2216 appel-

1958 2240 2071 2292 lare
2129 2238 2524 2292 dissimulando
2575 2238 2830 2291 voluerit.
2888 2237 3026 2291 Illud
3078 2254 3235 2303 vero,
3292 2238 3540 2291 veritatis

1958 2332 2085 2392 liiii,
2148 2330 2348 2398 ubique
2389 2330 2676 2398 diligenter
2732 2328 2995 2383 attendite
3030 2345 3042 2380 :
3080 2329 3539 2398 quemadmodum

1957 2438 1985 2475 a
2025 2420 2186 2476 Patre
2226 2422 2475 2475 eumdem
2525 2423 2837 2475 abalienare
2873 2423 3090 2491 penitus
3129 2420 3381 2486 studeat,
3436 2435 3539 2472 nec

1960 2514 2071 2567 ullo
2119 2513 2277 2566 modo
2324 2513 2519 2567 divina:
2564 2513 2883 2567 substantia:
2930 2513 3247 2582 participem
3299 2526 3423 2565 esse
3471 2525 3538 2563 ex

1958 2602 2045 2654 his
2083 2601 2377 2663 ostendat,
2430 2616 2548 2669 qua:
2592 2600 2884 2655 identidem
2936 2610 3139 2654 temere
3184 2599 3540 2669 pronuntiare

1956 2691 2122 2760 950
2156 2707 2263 2744 non
2293 2692 2523 2744 dubitat.
2560 2690 2693 2743 Nam
2722 2705 2846 2744 cum
2880 2688 3094 2744 Patrem
3145 2702 3352 2745 asserat
3383 2690 3542 2759 inge-

1959 2784 2131 2835 nitum
2168 2796 2288 2835 sese
2318 2797 2674 2851 cognoscere,
2707 2798 2881 2851 neque
2925 2783 3227 2835 naturalem
3268 2782 3321 2834 in
3367 2796 3424 2834 se
3454 2796 3545 2851 ge-

1961 2873 2185 2927 nerandi
2235 2873 2542 2927 facultatem
2594 2890 2721 2928 esse
2770 2876 2933 2938 scire,
2978 2875 3178 2927 frustra
3212 2872 3407 2926 Filium
3455 2874 3540 2927 vel

1961 2964 2224 3015 vocabulo
2256 2973 2415 3017 tenus
2448 2962 2645 3017 Filium
2699 2964 2953 3032 appellat.
2990 2962 3189 3017 Verum
3225 2964 3381 3016 facile
3419 2964 3542 3031 ejus

1961 3054 2139 3107 oratio
2185 3054 2533 3107 refutabitur.
2587 3052 2720 3105 Nam
2751 3062 2804 3106 et
2840 3053 3114 3123 ingenitus
3143 3060 3227 3107 est
3257 3050 3447 3117 Pater;
3488 3061 3542 3105 et

1965 3146 2303 3212 unigenitum
2342 3145 2408 3197 ab
2430 3154 2635 3199 :eteruo
2665 3144 2873 3214 genuit,
2899 3159 3024 3197 cum
3060 3151 3310 3197 naturam
3342 3143 3540 3196 habeat

1964 3236 2256 3305 ejusmodi,
2297 3252 2417 3304 qure
2456 3236 2559 3290 sibi
2609 3236 2711 3305 ipsi
2751 3236 3082 3290 conveniens
3127 3236 3198 3290 sit
3228 3255 3241 3289 :
3270 3234 3540 3304 siquidem

1966 3345 2131 3381 unum
2162 3343 2224 3381 ac
2260 3327 2436 3381 solum
2468 3328 2758 3397 unigenam
2782 3325 2977 3380 Filium
3011 3328 3216 3396 genuit,
3248 3326 3545 3396 Spiritum-

1963 3434 2068 3488 qoc
2108 3419 2368 3488 produxit
2412 3419 2561 3473 solus
2613 3433 2737 3472 cum
2774 3418 3065 3487 Unigenito
3123 3418 3240 3472 solo
3287 3418 3539 3487 genitor;
3618 3474 3623 3475 ί

1962 3509 2053 3579 qui
2087 3524 2211 3563 cum
2246 3507 2383 3561 Filio
2418 3508 2537 3562 sine
2565 3508 2674 3561 ullo
2721 3508 2876 3561 initio
2904 3509 3087 3576 genito
3122 3507 3279 3561 simul
3304 3507 3541 3571 exsistit,

1961 3608 2014 3655 et
2048 3616 2169 3655 cum
2200 3601 2427 3669 spiritus
2465 3600 2574 3664 sit,
2626 3598 2888 3668 Spiritum
2937 3599 3144 3669 genuit.
3193 3596 3379 3667 Neque
3413 3612 3543 3651 vero

1963 3705 2165 3760 corpus
2204 3698 2315 3756 est,
2341 3689 2487 3759 quod
2514 3704 2778 3758 corporeo
2828 3704 2979 3743 more
3030 3685 3392 3747 distrahatur,
3449 3696 3544 3741 aut

1962 3789 2347 3851 corrumpatur
2385 3788 2739 3850 augeaturve,
2789 3780 2873 3835 vel
2919 3779 3217 3833 sectionem
3279 3778 3541 3847 patiatur.

1961 3875 2325 3941 Quamobrem
2356 3873 2458 3928 etsi
2505 3873 2558 3926 in
2616 3872 2827 3927 cmteris
2862 3872 3118 3926 onmibus
3151 3886 3270 3940 qua:
3314 3871 3542 3940 gigtmnt

1962 3972 2056 4019 aut
2084 3965 2400 4035 gignuntur,
2434 3962 2579 4016 aliud
2608 3963 2913 4017 necessitas
2950 3962 3065 4031 ipsa
3096 3958 3429 4015 conditionis
3458 3957 3541 4011 fe-

1961 4063 2079 4119 rat,
2112 4062 2293 4108 tamen
2325 4053 2413 4107 hic
2446 4054 2610 4107 unius
2650 4052 2716 4106 ad
2743 4068 2911 4106 unum
2943 4062 3261 4121 comparata
3294 4049 3538 4119 dignitas

1963 4145 2232 4201 dissimile
2270 4143 2528 4212 quiddam
2564 4152 2647 4198 est
2679 4143 2747 4198 ab
2773 4142 2895 4196 aliis
2923 4142 3136 4196 sortita.
3170 4138 3325 4194 Unde
3353 4149 3406 4193 et
3449 4154 3544 4208 ge-

1962 4236 2109 4290 nitus
2136 4236 2250 4303 ipse
2278 4234 2477 4287 eximia
2516 4233 2752 4303 quadam
2786 4232 2999 4285 ratione
3034 4246 3062 4283 a
3099 4228 3263 4284 Patre
3284 4268 3299 4293 ,
3327 4228 3418 4298 qui
3452 4226 3545 4281 ad-

1962 4323 2284 4378 mirabiliter
2331 4321 2538 4392 genuit,
2588 4328 2849 4389 tanquam
2906 4317 2974 4371 ab
3022 4316 3264 4385 ingenito
3322 4314 3542 4384 genitus

1962 4420 2067 4472 est,
2088 4410 2349 4481 genitoris
2374 4418 2583 4463 natura:
2607 4417 3034 4463 consentaneus.
3057 4405 3199 4460 Idem
3222 4405 3334 4474 ipse
3350 4417 3539 4473 porro,

277 4512 338 4562 οὐ
372 4511 567 4580 ψεῦδος
595 4509 734 4566 οἶδεν
765 4515 798 4583 ἡ
829 4513 947 4566 Θεία
978 4514 1189 4584 Γραφὴ,
1221 4512 1339 4564 οὐδὲ
1374 4514 1401 4564 6
1444 4512 1670 4581 εὐσεϐὴς
1710 4510 1854 4578 λογι-

1963 4497 2108 4573 quod
2140 4500 2357 4571 quidem
2389 4500 2453 4553 ad
2490 4510 2740 4553 naturam
2771 4499 2963 4552 attinet
2986 4537 3000 4563 ,
3039 4511 3149 4550 non
3181 4493 3415 4562 amplius
3447 4506 3543 4562 ge-

280 4601 417 4670 σμὸς
448 4605 477 4654 ὁ
505 4603 632 4673 περὶ
655 4604 864 4673 Πατρὸς
902 4602 996 4655 καὶ
1055 4602 1185 4654 Υἱοῦ
1229 4603 1320 4655 καὶ
1348 4601 1503 4669 ἁγίου
1540 4601 1857 4670 Πνεὺματος

278 4693 520 4756 εὐσεϐῶς
563 4692 918 4764 μεμαθηκὼς,
959 4693 1019 4745 :6
1057 4691 1298 4758 δοξάζειν
1324 4692 1417 4746 καὶ
1442 4693 1768 4767 προσκυνεῖν
1792 4690 1857 4743 ὲκ

278 4783 416 4836 Θεοῦ
444 4783 624 4837 λαϐὼν
647 4784 744 4854 τὴν
769 4786 951 4855 χάριν.
1260 4786 1263 4787 ⁷

1964 4602 2140 4659 nerat,
2181 4603 2238 4647 ut
2269 4608 2332 4647 ex
2362 4608 2427 4647 eo
2457 4592 2603 4661 quod
2654 4592 2787 4645 nihil
2820 4592 2935 4659 ipse
2966 4596 3161 4642 natura
3205 4583 3543 4641 substantia-

1964 4701 2071 4757 que
2099 4686 2302 4755 gignat,
2341 4684 2500 4738 Pater
2537 4698 2664 4737 vero
2700 4697 2730 4735 a
2760 4682 2914 4735 nullo
2946 4680 3019 4735 sit
3062 4678 3277 4750 genitus
3300 4717 3315 4741 ,
3345 4674 3544 4731 divina:

1964 4777 2338 4848 amplitudinis
2365 4776 2537 4845 gloria
2570 4774 2623 4826 in
2678 4789 2787 4826 una
2829 4787 2893 4826 ac
2937 4770 3201 4841 singulari
3238 4768 3331 4822 Dei
3365 4764 3542 4835 digni-

1965 4877 2076 4922 tate
2105 4875 2373 4929 servetur,
2403 4865 2583 4919 Patris
2612 4863 2863 4917 videlicet
2899 4861 3145 4933 perfecti,
3174 4858 3402 4930 perfecti
3442 4853 3536 4908 Fi-

282 4963 338 5019 lii
378 4978 441 5017 ae
475 4959 700 5032 perfecti
747 4962 984 5034 Spiritus
1030 4965 1223 5019 sancti.
1294 4961 1424 5029 Qua:
1468 4978 1593 5016 eum
1655 4961 1729 5016 ita
1786 4961 1930 5027 sint,
1969 4962 2087 5030 ipsa
2145 4959 2631 5015 consubstantialis
2696 4958 2837 5010 ratio
2908 4956 3042 5010 falsa
3106 4969 3171 5007 ex
3238 4947 3539 5019 Scripturis

281 5054 497 5108 ostendi
524 5054 746 5109 minime
770 5064 967 5124 potest,
992 5070 1164 5124 neque
1194 5053 1279 5123 pia
1309 5069 1373 5106 ac
1405 5051 1655 5121 religiosa
1682 5065 1836 5105 mens
1866 5050 2156 5119 repudiare
2182 5049 2327 5103 velut
2351 5048 2641 5102 confictam
2689 5051 2888 5113 potest,
2936 5042 3082 5113 quod
3129 5042 3196 5095 de
3253 5038 3431 5098 Patre,
3477 5050 3540 5089 ac

280 5144 422 5201 Filio
486 5156 789 5216 sanctoque
838 5147 1043 5217 Spiritu
1108 5146 1192 5214 pie
1257 5144 1504 5198 instituta
1550 5141 1735 5204 fuerit,
1798 5140 2156 5212 eamdemque
2219 5140 2496 5195 celebrare
2559 5144 2613 5192 et
2675 5136 2909 5191 adorare
2979 5146 3140 5205 posse
3192 5129 3539 5196 Trinitatem,

281 5237 470 5293 divino
508 5237 580 5293 sit
611 5236 879 5292 beneﬂcio
908 5243 1227 5291 consecuta.

670 5347 1066 5399 ΚΕΦΑΛΑΙΟΝ
1096 5346 1344 5399 ΑΕΤΙΟΥ
1368 5343 1467 5398 IB'.

353 5440 417 5492 Εί
454 5438 528 5509 μὴ
548 5439 610 5491 :6
643 5439 935 5508 ἀγέννητον
966 5441 1063 5509 τὴν
1099 5438 1394 5491 ὑπόστασιν
1423 5438 1516 5490 τοῦ
1542 5436 1679 5491 Θεοῦ
1710 5454 1855 5508 παρ-

286 5529 518 5600 ίστησιν,
545 5530 659 5582 ἀλλ’
689 5530 942 5593 ὑπονοίας
969 5529 1116 5582 ἐστὶν
1137 5528 1480 5601 ἀνθρωπίνης
1510 5529 1569 5582 :6
1595 5527 1861 5599 dcti‘fxpt-v‘

283 5636 376 5674 τον
409 5619 601 5690 ὄνομα,
638 5624 797 5694 χάριν
836 5626 947 5687 τοῖς
984 5622 1301 5693 ἐπινοήσασι
1337 5618 1592 5689 γινώσκει
1632 5620 1666 5677 ὁ
1701 5618 1860 5685 Θεὸς,

359 5780 379 5817 "
409 5781 625 5839 Μλλθ.

2447 5335 2630 5391 AETII
2667 5333 2896 5389 CAPUT
2934 5330 3049 5386 XII.

2038 5431 2095 5487 Si
2140 5429 2363 5502 ingeniti
2396 5444 2500 5483 vox
2534 5427 2627 5482 Dei
2659 5423 3018 5480 substantiam
3056 5421 3278 5478 minime
3330 5422 3535 5491 signifi-

1966 5533 2091 5588 cat,
2139 5522 2234 5578 sed
2284 5516 2709 5587 incomparabile
2740 5512 2885 5568 istud
2926 5526 3123 5565 nomen
3172 5512 3239 5565 ab
3284 5510 3537 5567 humanis

1966 5614 2200 5689 ingeniis
2239 5611 2606 5684 excogitatum
2639 5614 2721 5663 cst
2742 5643 2757 5670 ,
2789 5602 2933 5659 Deus
2966 5601 3036 5658 ob
3065 5601 3197 5657 illud
3245 5602 3420 5673 ipsum
3450 5601 3538 5657 in.
