3994 6224
370 349 491 410 ἐῚΒ

1789 356 1848 410 S.
1892 355 2241 412 EPIPHANII

3555 346 3686 406 576

380 471 546 542 geniti
575 480 938 524 commentum
972 469 1039 527 iis
1057 471 1151 540 qui
1175 471 1497 542 repererint,
1516 473 1706 544 gratiae
1739 473 1958 530 debitor
1986 526 1991 538 ί

2098 475 2149 528 ιά
2179 475 2280 546 τὴν
2321 474 2616 546 ἀγέννητον
2661 475 2902 529 ἐπίνοιαν
2949 473 3048 546 τὴν
3090 471 3362 546 ὑπεροχὴν
3407 469 3511 525 τοῦ
3545 466 3686 521 ὀνό-

379 571 466 619 cst
487 605 502 630 ,
537 577 660 617 cum
690 569 841 616 tanto
866 563 1076 618 nomini
1122 566 1541 635 respomlenlem
1573 566 1953 622 excellentiam

383 653 441 708 in
471 655 706 709 essentia
741 670 841 709 sua
871 670 980 709 non
1011 654 1227 711 habeat.

926 781 1236 853 Confutatio
1274 735 1412 838 Χὶι.

453 893 682 966 lngeniti
739 911 877 962 vox,
961 903 1020 950 ut
1079 898 1341 954 adversus
1394 899 1610 954 Aetium
1675 901 1966 956 contendi-

386 999 532 1050 mus,
564 1001 666 1040 nee
696 985 927 1041 inﬁciari
957 1002 1276 1057 possumus,
1305 989 1523 1044 tametsi
1557 989 1611 1043 in
1646 991 1822 1046 sacris
1852 990 1968 1046 Lit-

386 1081 520 1135 teris
551 1081 774 1135 minime
804 1081 1133 1150 reperiatur,
1165 1081 1325 1152 951
1360 1082 1448 1152 pie
1476 1090 1658 1138 tamen
1693 1091 1776 1139 est
1803 1099 1968 1138 exeo-

387 1171 578 1239 gitata.
608 1170 750 1242 Ergo
785 1171 1087 1242 ingenitum
1112 1170 1328 1228 Patrem
1357 1174 1723 1243 appellamus,
1750 1189 1813 1230 ac
1842 1190 1968 1231 con-

390 1263 607 1317 ﬁtemur
634 1278 647 1314 :
680 1264 922 1333 genitum
956 1279 1084 1320 vero
1116 1262 1314 1317 Filium
1349 1266 1651 1322 asserimus
1673 1307 1688 1331 ,
1718 1275 1772 1322 et
1813 1281 1967 1323 crea-

390 1359 506 1405 tum
550 1352 723 1409 fuisse
775 1370 1058 1426 negamus.
1110 1354 1246 1410 Nam
1297 1371 1424 1410 cum
1481 1357 1673 1413 Filium
1726 1362 1967 1430 genitum

389 1458 512 1498 esse
545 1445 1017 1511 constituerimus,
1049 1447 1184 1516 quin
1217 1461 1248 1500 a
1275 1445 1388 1502 Deo
1412 1445 1574 1503 Patre
1605 1450 1969 1506 substantiam

391 1537 685 1606 acceperit,
718 1553 920 1608 negare
953 1555 1062 1595 non
1096 1555 1412 1611 possumus.
1447 1539 1585 1596 Nam
1620 1545 1972 1613 generatione

393 1624 574 1694 ipsum
627 1628 922 1697 produxit,
961 1645 1073 1684 non
1109 1631 1338 1688 creavit.
1375 1633 1454 1688 Ae
1483 1642 1542 1689 tu
1590 1651 1875 1707 perperam
1916 1645 1973 1694 et

393 1716 618 1787 oblique
659 1719 901 1787 genitum
933 1720 1070 1775 illud
1098 1729 1154 1777 et
1193 1723 1499 1795 ingenitum
1532 1725 1844 1796 accipiens,
1871 1725 1971 1782 de-

395 1817 649 1878 torquere
673 1811 1018 1883 temetipsum
1051 1816 1244 1871 studes
1275 1817 1477 1886 (neque
1496 1819 1644 1871 enim
1667 1818 1971 1890 quidquam

396 1900 542 1954 aliud
573 1900 783 1971 eﬂieis),
819 1910 932 1957 tum
959 1904 1026 1959 de
1073 1904 1328 1962 humanis
1363 1908 1884 1965 ratiocinationibus
1916 1916 1973 1966 et

396 2000 590 2061 arguta
622 1995 1026 2064 oppugnatione
1062 1996 1543 2070 disputationeque
1595 2008 1687 2054 tua
1711 2038 1725 2064 ,
1756 2000 1862 2056 hoc
1900 2009 1985 2057 est

2072 587 2242 642 ματος
2270 570 2332 623 οὗ
2367 571 2548 641 φέρων
2580 569 2639 623 ὲν
2661 568 2839 638 οὐσίᾳ.

2629 783 2948 855 Ἁνατροπὴ
2974 785 3090 840 ΙΒ’.

2144 903 2257 960 Καὶ
2312 902 2638 974 ἀγέννητον,
2693 900 2769 966 ὡς
2825 901 3034 971 ἔφαμεν
3083 897 3218 970 πρὸς
3273 896 3367 951 τὸν
3418 892 3693 977 ,Ἀέτιον

2072 996 2501 1068 ἀποτεινόμενοι,
2544 993 2682 1066 [καὶ]
2720 995 2819 1047 οὐκ
2853 989 3186 1062 ἀρνούμεθα,
3220 989 3319 1044 κᾶν
3345 1005 3405 1040 τε
3433 988 3501 1040 ἐν
3545 982 3693 1051 Θείεξ⁵

2073 1090 2264 1162 Γραφῇ
2301 1088 2376 1160 μὴ
2408 1086 2738 1158 ἐμφέρηται,
2785 1082 3023 1146 εὐσεϐῶς
3061 1079 3416 1151 ἐπινενόηται.
3465 1073 3691 1144 Ἀγέν-

2074 1199 2235 1253 νητον
2263 1179 2321 1234 δὲ
2353 1179 2655 1250 φάσκοντες
2683 1176 2774 1230 τὸν
2807 1175 3048 1246 Πατέρα,
3079 1173 3176 1226 καὶ
3202 1171 3498 1242 ἀγέννητον
3531 1170 3693 1238 ὁμο-

2074 1271 2361 1342 λογοῦμεν·
2399 1269 2656 1340 γεννητὸν
2683 1267 2741 1322 δὲ
2767 1265 2858 1320 τὸν
2886 1265 3013 1319 Υἱὸν
3041 1265 3141 1316 οὐκ
3167 1260 3501 1334 ἀρνούμεθα,
3547 1257 3691 1312 ἀλλ’

2075 1363 2198 1436 ούχὶ
2239 1361 2476 1418 κτιστύν·
2517 1359 2643 1414 οὗτε
2685 1358 2815 1430 γὰρ,
2847 1356 2943 1410 ἐὰν
2970 1355 3064 1408 τὸν
3092 1352 3220 1406 Υἱὸν
3251 1351 3518 1422 γεννητὸν
3549 1351 3693 1416 ὁρι-

2079 1456 2322 1528 σώμεθα,
2349 1457 2414 1509 ἐκ
2438 1452 2574 1507 Θεοῦ
2609 1451 2822 1524 nam;
2855 1449 2955 1521 τὴν
2979 1446 3165 1502 οὐσίαν
3195 1445 3340 1516 ἐχειν
3368 1440 3690 1516 ἀρνεῖσθαι

2077 1549 2376 1621 δυνάμεθα.
2405 1545 2688 1618 Γεννητῶς
2715 1544 2824 1617 γὰρ
2854 1543 3133 1612 ἐγέννησε,
3168 1538 3260 1593 καὶ
3289 1537 3388 1591 οὐκ
3415 1535 3686 1589 ἔκτισεν.

2076 1643 2180 1706 Ὣς
2204 1642 2314 1712 γάρ
2338 1639 2510 1705 λοξῶς
2540 1639 2718 1694 πάντα
2751 1637 2844 1690 ἐπὶ
2875 1633 2972 1688 τοῦ
3011 1631 3272 1704 γεννητοῦ
3303 1629 3396 1684 καὶ
3423 1625 3690 1697 ἀγεννή-

2079 1755 2176 1791 του
2222 1716 2601 1804 διανοούμενος
2649 1725 3052 1802 παρεκτρέπειν
3099 1723 3289 1779 ἐαυτὸν
3335 1721 3518 1794 βούλει
3567 1716 3688 1789 (οὐ

2079 1828 2190 1899 γάρ
2213 1845 2267 1880 τι
2295 1824 2523 1897 ἕτερον),
2552 1822 2725 1887 οὕτως
2756 1821 2848 1875 καὶ
2874 1819 3036 1882 αὐτὸς
3063 1815 3282 1878 ἀκούεις
3304 1814 3361 1879 ἐξ
3378 1810 3686 1884 ἀνθρωπί-

2083 1936 2190 1974 νων
2257 1913 2632 1986 συλλογισμῶν
2690 1912 2787 1966 καὶ⁵
2845 1909 3170 1970 ἀντιθέσεως
3227 1903 3682 1985 ωλλογιστικῆς,

2083 2007 2430 2082 ἀνθρωπείας
2451 2025 2511 2060 τε
2539 2001 3034 2078 ματαιοφροσύνης,
3063 1999 3144 2063 τὸ,
3178 1998 3454 2067 Ἐγκειται
3483 1998 3522 2067 ἡ
3553 1995 3688 2048 διά-

397 2084 465 2136 de
493 2083 731 2137 humana
757 2085 1013 2150 stultitia,
1048 2089 1336 2144 commode
1371 2090 1506 2145 illud
1539 2093 1778 2156 esacris
1812 2091 1985 2147 Litte—

2098 2115 2203 2153 mta
2230 2096 2324 2151 τοῦ
2349 2094 2639 2168 ἀνθρώπου
2680 2095 2772 2148 ἐπὶ
2798 2092 2869 2146 τά
2911 2089 3125 2163 πονηρά
3156 2087 3427 2160 ἐπιμελῶς
3450 2089 3522 2140 ἐκ
3555 2086 3686 2138 νεό-

400 2178 478 2230 ris
503 2177 769 2232 exaudire
799 2187 954 2249 potes
983 2199 995 2235 :
1029 2179 1292 2251 Prompta
1332 2190 1417 2237 est
1452 2183 1695 2239 hominis
1729 2199 1885 2240 mens
1924 2183 1979 2240 in

2098 2207 2265 2262 τητος.
2297 2187 2537 2259 Λέξομεν
2567 2188 2662 2240 καὶ
2693 2186 2866 2250 αὐτοὶ,
2890 2185 2971 2238 ὅτι
2999 2181 3208 2236 πολλῶν
3228 2182 3249 2212 ³
3277 2180 3475 2252 μᾶλλον
3503 2178 3688 2250 ἀπρέο

401 2268 544 2322 mala
591 2269 933 2339 impensius,
963 2273 1075 2340 jam
1123 2273 1250 2328 inde
1295 2275 1363 2328 ab
1394 2275 1825 2330 adolescentia‘.
1873 2275 1984 2334 Nos

400 2371 581 2416 autem
616 2370 670 2417 et
704 2363 837 2417 illud
889 2372 1080 2418 contra
1146 2375 1196 2420 te
1227 2365 1408 2421 dicere
1442 2383 1734 2437 possumus
1767 2385 1780 2421 :
1814 2369 1987 2424 multo

400 2453 455 2507 id
510 2456 753 2510 increato
806 2456 916 2511 Deo
961 2457 1239 2527 indignius
1269 2498 1282 2522 ,
1345 2467 1400 2514 et
1449 2461 1793 2516 indecentius
1839 2477 1985 2525 esse,

400 2561 589 2601 creare
619 2547 883 2617 quidquid
909 2556 992 2602 est
1017 2547 1318 2614 conditum,
1378 2557 1473 2603 aut
1505 2551 1598 2619 qui
1645 2565 1676 2602 a
1721 2550 1871 2604 nullo
1905 2550 1987 2604 fa-

401 2652 525 2696 ctus
553 2651 635 2696 cst
665 2642 862 2696 facere.
897 2642 1109 2697 Etenim
1141 2642 1210 2706 si,
1248 2642 1394 2712 quod
1425 2643 1616 2698 Aetius
1646 2645 1866 2708 asserit,
1901 2644 1986 2698 in-

403 2732 647 2802 genitum
698 2749 960 2804 generare
1006 2749 1353 2804 nequaquam
1405 2734 1594 2800 decet,
1645 2750 1991 2806 consequens

403 2829 509 2886 est,
552 2838 652 2877 nec
683 2823 985 2878 increatum
1025 2839 1212 2881 creare
1265 2825 1588 2896 quidquam,
1624 2843 1802 2898 neque
1831 2828 1922 2898 qui
1959 2842 1991 2882 a

407 2914 560 2969 nullo
595 2913 768 2970 factus
813 2926 930 2978 est,
965 2931 1087 2984 quae
1127 2924 1285 2971 erant
1315 2916 1601 2972 condenda
1639 2933 1987 2986 procreasse.

404 3004 673 3070 Quocirca
716 3021 842 3060 cum
885 3015 1084 3062 creatae
1133 3023 1222 3062 res
1270 3008 1448 3063 oculis
1495 3008 1885 3078 subjiciantur,
1926 3025 1992 3066 ac

408 3097 548 3150 bona
582 3109 708 3163 pars
740 3105 947 3150 natura:
980 3096 1336 3151 subsistentis
1366 3105 1668 3166 appareat,
1715 3112 1817 3153 nec
1856 3096 1988 3152 illud

2088 2301 2217 2337 πεια
2257 2282 2376 2352 Θεῷ
2417 2281 2494 2351 τῷ
2522 2281 2761 2349 ἀκτίστῳ
2787 2278 2847 2331 τὸ
2876 2276 3080 2341 κτίζειν
3118 2275 3186 2328 τά
3225 2271 3535 2334 κτισθέντα,
3573 2271 3682 2323 καὶ

2087 2375 2164 2447 τῷ
2187 2376 2431 2445 ἀποιήτῳ
2461 2373 2519 2427 τὸ
2545 2375 2738 2426 ποιεῖν.
2772 2371 2846 2424 Ού
2875 2369 2981 2439 γὰρ
3007 2366 3280 2437 ἐνδέχεται
3301 2365 3390 2418 τὸν
3414 2364 3684 2417 άκτιστον

2087 2467 2291 2531 κτίζειν
2318 2467 2386 2521 τὰ
2416 2465 2724 2531 κτισθέντα,
2755 2462 2874 2535 [καὶ
2910 2461 2988 2532 τῷ
3019 2461 3266 2530 ἀποιήτῳ
3301 2457 3361 2511 τὸ
3390 2458 3587 2510 ποιεῖν·
3612 2454 3682 2508 οὐ

2089 2562 2197 2631 γὰρ
2221 2560 2490 2629 ἐνδέχεται
2518 2557 2618 2612 τὸν
2632 2558 2886 2611 ἀκτιστον
2913 2551 3169 2625 κτίζειν,]
3190 2551 3388 2605 καὶτὸν
3416 2549 3488 2620 μὴ
3516 2546 3682 2616 γενό-

2095 2665 2254 2720 μενον
2283 2651 2454 2701 ποιεῖν
2482 2648 2552 2700 τά
2586 2645 2838 2716 ἐσόμενα,
2873 2643 2922 2695 εἰ
2959 2642 3020 2695 οὐ
3052 2641 3252 2713 πρέπει
3285 2638 3363 2709 τῷ
3389 2637 3682 2706 ἀγεννήτῳ

2090 2740 2153 2794 τὸ
2190 2740 2386 2810 γεννᾷν
2431 2737 2572 2792 κατά
2610 2738 2703 2791 τὸν
2751 2736 2959 2789 Ἀετίου
2991 2735 3171 2800 λόγον.
3205 2731 3327 2785 Τῶν
3359 2730 3417 2783 δέ
3441 2728 3680 2782 κτίσεων

2092 2829 2408 2904 ὁρωμένων,
2438 2830 2533 2884 καὶ
2559 2829 2652 2884 τοῦ
2678 2829 2934 2882 πλείστου
2973 2827 3168 2898 μέρους
3201 2824 3300 2895 τῆς
3327 2822 3513 2884 οὐσίας
3539 2821 3680 2874 ὑπο-

2095 2924 2337 2987 στάσεως
2366 2923 2717 2994 φαινομένης,
2745 2919 2865 2992 Θεῷ
2892 2920 2950 2974 δέ
2980 2918 3058 2990 τῷ
3087 2917 3328 2986 άκτίστῳ
3361 2913 3422 2968 τὸ
3458 2914 3546 2966 5π’
3577 2911 3682 2966 αῦ-

2094 3012 2188 3068 τοῦ
2220 3012 2502 3067 κεκτίσθαι
2532 3011 2606 3083 μὴ
2639 3010 2977 3083 πρεπούσης.
3013 3009 3102 3062 ἵνα
3136 3006 3211 3079 μὴ
3251 3006 3313 3060 τὸ
3346 3003 3683 3076 ἀσύγκριτον

2097 3104 2191 3158 ἐπὶ¹
2222 3101 2522 3175 μεταϐολὴν
2551 3102 2658 3155 τῶν
2697 3099 3008 3170 γενομένων
3046 3095 3379 3169 παρενεχθὲν
3422 3095 3545 3150 ἀντὶ
3585 3091 3682 3147 τοῦ

405 3184 629 3250 deceat,
678 3187 953 3243 increatus
991 3198 1050 3242 ut
1099 3189 1246 3242 illam
1291 3187 1434 3244 Deus
1481 3189 1788 3252 creaverit,
1839 3205 1908 3244 ne
1947 3189 1991 3245 si

2101 3197 2401 3268 πρέποντος
2443 3195 2596 3265 παρά
2632 3191 2710 3264 τῷ
2767 3191 2956 3261 Ἀετίῳ
3004 3188 3251 3260 ἀπρεπὲς
3295 3185 3496 3258 μᾶλλον
3527 3200 3684 3254 νομιο

409 3279 836 3347 incomparabile
864 3279 997 3333 illud
1028 3281 1094 3334 ad
1141 3297 1330 3336 eorum
1359 3297 1482 3352 quae
1515 3281 1660 3334 facta
1688 3289 1840 3346 sunt,
1869 3298 1992 3336 mu-

413 3369 632 3423 tabilem
659 3369 1035 3425 conditionem
1065 3372 1376 3440 abjiciatur,
1418 3386 1529 3425 non
1563 3372 1729 3427 modo
1764 3388 1871 3428 non
1906 3372 1997 3428 de-

411 3477 602 3518 corum
638 3462 730 3525 sit,
763 3463 856 3516 sed
889 3480 953 3518 ex
987 3463 1160 3533 ipsius
1180 3463 1320 3517 Aetii
1352 3463 1627 3519 sententia
1652 3465 1736 3518 vel
1761 3465 1997 3520 maxime

414 3553 696 3617 dedeceat,
727 3569 794 3607 eo
821 3569 912 3608 res
949 3555 1165 3608 tandem
1201 3554 1513 3619 adducitur,
1568 3563 1629 3608 ut
1676 3555 1813 3609 alter
1855 3555 1998 3611 Deus

416 3646 716 3709 increatus,
753 3646 889 3700 alter
919 3654 1160 3709 creatus,
1195 3646 1291 3716 qui
1336 3646 1402 3701 ad
1458 3648 1542 3702 sui
1582 3647 1997 3702 similitudinem

416 3751 610 3791 creare
641 3746 837 3790 caetera
879 3738 1086 3806 possit,
1135 3736 1463 3807 quaerendus
1504 3739 1699 3794 merito
1728 3738 1996 3793 videatur.

417 3827 538 3882 Jam
569 3843 698 3882 vero
729 3844 850 3882 cum
889 3828 979 3882 hic
1023 3829 1141 3899 ipse
1188 3837 1408 3883 creatus
1452 3827 1630 3891 Deus,
1676 3837 1730 3882 et
1777 3827 2002 3883 creandi

421 3928 692 3991 potestate
743 3919 1022 3989 prazditus,
1083 3935 1114 3974 a
1158 3936 1217 3976 se
1258 3920 1377 3991 ipso
1423 3935 1533 3975 non
1564 3919 1858 3985 exstiterit,
1907 3921 2003 3976 sed

421 4020 643 4065 creatus
680 4020 941 4081 ponatur,
992 4013 1321 4082 quaerendus
1362 4012 1560 4067 iterum
1595 4011 1733 4066 alter
1765 4012 1855 4065 ille
1885 3995 2005 4067 fuel

421 4104 514 4167 rit,
537 4118 568 4156 a
600 4119 707 4174 quo
737 4113 992 4173 tanquam
1019 4119 1047 4157 a
1081 4103 1355 4174 principio
1381 4102 1660 4173 profectus
1683 4103 1774 4157 sit.
1800 4103 2006 4159 Deinde

422 4197 586 4249 etiam
622 4197 762 4252 alius
801 4206 924 4267 post
954 4197 1132 4267 ipsum
1169 4196 1586 4267 excogitandus.
1624 4195 1703 4249 Ex
1736 4212 1846 4266 quo
1877 4213 2006 4267 pro-

427 4286 787 4343 fundissimus
838 4287 940 4341 iste
967 4303 1122 4342 error
1161 4287 1227 4341 ad
1284 4287 1559 4356 ingentem
1594 4287 1913 4357 dogmatum
1951 4298 2007 4343 et

427 4379 822 4430 sententiarum
881 4377 1278 4431 absurditatem
1356 4385 1636 4446 postremo
1692 4377 2004 4431 deducitur.

427 4465 616 4535 Neque
669 4468 812 4521 enim
864 4467 1168 4522 consistere
1223 4466 1442 4521 animus
1495 4466 1710 4536 uspiam
1770 4469 2006 4536 poterit;

429 4557 528 4612 Sed
571 4557 703 4631 illud
738 4573 769 4613 e
815 4555 1119 4626 Scripturis
1165 4559 1452 4628 implebit:
1503 4557 1671 4612 διαίιὶ
1720 4559 1852 4627 facti
1885 4567 2007 4613 sunt

431 4649 532 4705 Dei
580 4649 734 4704 servi.
787 4647 856 4701 Et
897 4648 1084 4718 [auius
1134 4651 1304 4704 omnis
1349 4649 1504 4704 homo
1560 4649 1799 4704 redditus
1853 4659 1932 4705 est
1974 4667 2006 4704 a

431 4742 656 4799 scientia
672 4743 715 4795 '.
747 4739 932 4811 Neque
961 4743 1104 4796 enim
1134 4742 1236 4797 sibi
1269 4741 1371 4812 ipsi
1406 4740 1699 4812 quisquam
1733 4741 1884 4807 vivit,
1916 4748 2010 4794 aut

434 4836 743 4900 moritur';
777 4851 953 4904 neque
996 4833 1275 4904 quidpiam
1325 4834 1612 4903 cognoscit
1657 4833 1835 4897 ullus,
1887 4833 2011 4889 sine

432 4945 537 4998 0pc
568 4927 684 4993 Dei,
713 4927 804 4997 qui
835 4943 1019 4981 veram
1050 4926 1211 4980 nobis
1238 4923 1396 4978 ﬁdem
1421 4923 1706 4994 patefecit,
1732 4938 1796 4977 ac
1825 4924 1960 4978 dixit
1992 4942 2007 4979 :

437 5021 542 5076 Hic
573 5030 650 5076 est
691 5018 868 5074 Filius
914 5036 1058 5074 meus
1097 5017 1358 5080 dilectus;
1401 5017 1574 5085 ipsum
1621 5013 1840 5070 audite"
1886 5034 1900 5070 :
1945 5029 2011 5070 ac

437 5121 560 5176 sine
601 5118 748 5173 illius
788 5132 948 5187 quem
1003 5113 1194 5186 genuit
1237 5111 1478 5174 auxilio,
1526 5110 1619 5180 qui
1658 5123 1818 5164 suum
1854 5109 2013 5164 nobis

435 5216 648 5270 Patrem
675 5210 972 5266 declaravit
1001 5208 1087 5263 his
1113 5206 1292 5262 verbis
1320 5220 1336 5257 :
1376 5203 1483 5274 Ego
1516 5220 1549 5256 a
1579 5201 1743 5279 Patre
1770 5201 1930 5265 exivi,
1961 5209 2013 5254 et

443 5307 589 5360 uenio
607 5307 651 5359 ⁸.
673 5303 843 5357 Porro
870 5317 1048 5372 neque
1078 5315 1143 5356 ex
1173 5297 1455 5353 hominum
1488 5293 1849 5364 appellatione
1870 5291 2016 5347 Deus

439 5398 572 5453 illud
616 5395 1043 5465 incomparabile
1076 5393 1240 5464 952
1292 5389 1518 5446 sortitus
1567 5393 1687 5455 est;
1730 5399 1908 5456 neque
1943 5384 2016 5439 ob

443 5491 583 5547 idem
615 5488 1056 5559 incomparabile,
1102 5486 1211 5540 veri
1234 5499 1298 5538 ac
1333 5480 1687 5539 subsistentis
1707 5477 1803 5533 Dei
1828 5476 2014 5542 Verbi,

517 5666 535 5698 ⁸
558 5666 693 5721 Gen.
728 5684 801 5734 νι,
826 5668 879 5722 5.

1002 5664 1159 5723 'Jor.
1186 5680 1298 5733 xw,
1349 5663 1553 5733 10;ι.ι,
1587 5661 1673 5719 17.

444 5736 649 5807 πολλῷ.

1779 5661 1800 5733 ξ
1831 5660 1990 5717 Rom.
2028 5673 2138 5728 xw,
2182 5657 2231 5712 7.

2100 3287 2274 3358 σθείη,
2301 3285 2664 3357 ζητηθήσεται
2686 3283 2870 3337 λοιπὸν
2891 3281 3078 3353 ἕτερος
3099 3278 3174 3333 ῶν
3195 3277 3325 3340 Θεὸς
3349 3279 3378 3329 ὁ
3403 3276 3683 3339 ἄκτιστος,

2097 3379 2282 3451 ἔτερος
2310 3378 2367 3431 δὲ
2413 3379 2442 3430 ὁ
2484 3375 2745 3439 κτισθεὶς,
2791 3374 2889 3427 καὶ
2936 3373 3143 3436 κτίζειν
3184 3369 3463 3438 ἀναλόγως
3505 3367 3687 3436 ἐαυτῷ

2097 3469 2413 3540 δυνάμενος.
2430 3467 2536 3522 Τοῦ
2557 3467 2614 3521 δὲ
2633 3463 2991 3536 κεκτισμένου
3017 3464 3114 3517 καὶ
3136 3462 3198 3516 τὸ
3223 3461 3428 3525 κτίζειν
3445 3459 3685 3530 ἔχοντος,

2099 3560 2404 3626 αὐτομάτου
2445 3558 2520 3630 μὴ
2553 3558 2724 3623 ὄντος,
2745 3556 2881 3611 ἀλλά
2907 3554 3289 3624 κεκτισμένου,
3317 3552 3689 3624 ζητηθήσεται

2101 3653 2196 3705 καὶ
2238 3652 2423 3721 ἕτερος
2460 3653 2488 3704 ὁ
2523 3649 2712 3703 τούτου
2747 3649 2920 3710 αῐτιος
2946 3643 3206 3714 γεγονὼς,
3241 3643 3334 3698 καὶ
3359 3642 3470 3696 ἀπὸ
3495 3641 3688 3694 τούτου

2102 3740 2262 3803 ἄλλος
2279 3738 2716 3809 ἐπινοηθήσεται.
2739 3735 2850 3790 Καὶ
2865 3733 3034 3805 πολλὴ
3055 3733 3207 3786 ἔσται
3231 3730 3374 3803 ήτοῦ
3398 3729 3562 3805 βυθοῦ
3588 3731 3692 3800 τῆς

2105 3831 2314 3895 πλάνης
2346 3831 2379 3900 ἡ
2414 3827 2767 3900 ματαιολογία
2812 3826 2922 3881 τῶν
2963 3824 3275 3896 νοημάτων,
3322 3823 3422 3894 τῆς
3449 3821 3692 3884 διανοίας

2108 3924 2304 3995 μηκέτι
2343 3921 2730 3992 εὐσταθούσης,
2765 3919 2902 3974 ἀλλὰ
2937 3919 3253 3992 πληρούσης
3283 3917 3346 3971 τὸ
3375 3915 3689 3988 εἰρημένον·

2119 4013 2577 4084 Ἐμωρὰνθησαν
2604 4015 2659 4067 οι
2686 4011 2894 4066 δοῦλοι
2922 4011 3027 4064 τοῦ
3059 4009 3228 4065 Θεοῦ·
3253 4007 3353 4063 καὶ
3379 4005 3691 4076 ἐμωράνθη

2106 4103 2226 4170 πᾶς
2253 4102 2562 4172 ἄνθρωπος
2592 4100 2712 4156 ἀπὸ
2733 4099 3031 4171 γνώσεως.
3056 4099 3131 4153 Uti
3157 4098 3264 4170 γάρ
3285 4114 3369 4162 τις
3393 4094 3573 4166 ἐαυτῷ
3599 4094 3690 4169 ζῇ.

2106 4195 2228 4249 οὐδὲ
2273 4193 2453 4264 ἐαυτῷ
2501 4191 2859 4263 ἀποθνήσκει·
2909 4188 3032 4243 οὐδέ
3077 4206 3163 4252 τις
3199 4185 3481 4256 ’γνώσεται
3537 4183 3692 4237 οὐδὲν

2109 4285 2284 4356 πάρεξ
2310 4285 2405 4338 τοῦ
2437 4283 2594 4349 Θεοῦ,
2633 4283 2726 4338 τοῦ
2761 4279 3211 4351 ἀποκαλύψαντος
3257 4281 3390 4350 ἡμῖν
3427 4276 3529 4347 τὴν
3561 4273 3694 4344 ἀλη-

2111 4374 2260 4446 θινὴν
2287 4375 2468 4427 πίστιν
2499 4372 2685 4438 αὑτοῦ,
2734 4371 3004 4440 λέγοντος·
3044 4364 3235 4434 Οὗτός
3273 4367 3445 4421 ἐστιν
3473 4368 3508 4419 ὁ
3557 4363 3694 4426 Υἱός

2104 4485 2224 4537 μου
2258 4471 2290 4521 d
2321 4465 2647 4536 ἀγαπητὸς,
2682 4464 2780 4518 καὶ
2826 4461 3012 4517 αὑτοῦ
3045 4462 3318 4516 ἀκούετε·
3360 4458 3456 4512 καὶ
3499 4455 3594 4510 τοῦ
3633 4454 3692 4520 ἐξ

2113 4559 2278 4613 αὑτοῦ
2299 4557 2697 4629 γεγεννημένου
2726 4554 3175 4625 ἀποκαλύψαντος
3198 4554 3332 4624 ἡμῖν
3354 4550 3446 4603 τὸν
3471 4547 3694 4618 Πατέρα

2115 4651 2303 4715 αὑτοῦ,
2333 4652 2426 4705 καὶ
2457 4650 2725 4718 λέγοντος·
2761 4648 2905 4719 Ἐγὼ
2929 4649 2998 4702 ἐκ
3027 4645 3133 4701 τοῦ
3155 4643 3383 4713 Πατρός
3406 4641 3690 4710 ἐξῆλθον,

2115 4743 2214 4798 καὶ
2262 4742 2406 4810 ἥκω.
2455 4741 2566 4794 Καὶ
2607 4739 2729 4794 οῦτε
2775 4740 2885 4794 ἀπὸ
2936 4737 3229 4810 ὀνομασίας
3277 4734 3582 4806 ἀνθρώπων
3632 4732 3694 4787 τὸ

2115 4834 2447 4904 ἀσύγκριτον
2481 4832 2603 4903 ἔσχε
2632 4831 2784 4896 Θεὸς,
2811 4830 2934 4884 οὔτε
2958 4828 3047 4883 διὰ
3073 4828 3133 4881 τὸ
3161 4825 3548 4896 ἀσύγκριτονὴ
3571 4821 3697 4888 ἀξία

2115 4925 2211 4979 τοῦ
2260 4923 2511 4995 ἀληθινοῦ
2557 4922 2920 4978 ἐνυποστάτου
2953 4919 3089 4975 Θεοῦ
3135 4920 3332 4988 Λόγου,
3366 4917 3460 4971 καὶ
3485 4917 3552 4969 ὲκ
3581 4916 3695 4968 Πα-

2113 5017 2242 5087 τρδς
2282 5017 2536 5089 ἀνάρχως
2579 5015 2881 5087 ὁμοουσίως
2917 5011 3338 5084 γεγεννημένου,
3377 5025 3697 5080 παρεκτρα-

2115 5110 2369 5181 πήσεται·
2396 5108 2519 5162 οὔτε
2547 5109 2810 5181 ὁποτέρου
2837 5108 2945 5161 τῶν
2983 5105 3264 5176 ὀνομάτων
3288 5099 3450 5174 χάριν
3479 5101 3698 5172 ἔχοντος

2118 5200 2382 5262 ἐπινοίαις
2421 5200 2744 5272 ἀνθρώπων.
2781 5199 2947 5254 Οὐδὲν
2985 5197 3096 5270 γὰρ
3127 5195 3607 5268 προσλαμϐάνεται
3638 5192 3698 5244 τὸ

2117 5293 2271 5346 Θεῖον
2321 5291 2628 5363 ἀξιώματος
2653 5293 2688 5365 ἢ
2724 5290 3059 5363 προσθήκης·
3101 5289 3234 5343 αὐτὸ
3276 5287 3333 5340 δὲ
3365 5287 3518 5340 Θεῖον
3566 5287 3699 5338 πᾶσι

2120 5382 2348 5454 παρέχει
2381 5385 2446 5436 ἐκ
2483 5382 2578 5436 τοῦ
2606 5381 2770 5436 αὑτοῦ
2796 5381 3178 5453 πληρώματος,
3208 5380 3294 5432 ἀεὶ
3327 5382 3384 5432 ἐν
3411 5376 3700 5446 ταυτότητι

2123 5475 2395 5546 μένοντος,
2435 5475 2530 5528 καλ⁵
2560 5474 2635 5547 μὴ
2662 5474 3076 5545 ἐλαττουμένου,
3116 5471 3229 5526 ἀλλ’
3267 5473 3324 5524 ἐν
3363 5472 3430 5541 τῇ
3473 5469 3580 5538 ἰδίᾳ
3609 5467 3679 5537 et

2335 5659 2357 5694 ⁸
2386 5657 2577 5715 Matth.
2611 5672 2742 5725 xvn,
2788 5655 2843 5711 5.
2956 5654 2976 5686 ⁸
3009 5651 3166 5708 Joan.
3207 5664 3318 5716 ut,
3353 5649 3442 5704 28.
3519 5648 3541 5679 ⁶
3575 5644 3702 5701 Cor.
