3994 6224
281 309 391 366 επ
964 305 1329 365 ADVERSUS
1364 305 1707 364 HERESES
1742 303 1872 362 LIB.
1909 305 1996 362 Ill.
2018 306 2182 365 TOM.
2225 311 2267 366 l.
2302 343 2370 353 —
2402 313 2674 371 IUERES.
2716 315 2951 373 LXXVI.
3448 318 3556 375 578

278 442 476 496 ροντος
517 425 605 479 ἀεὶ
640 425 801 497 οὐσίᾳ
845 426 941 481 τοῦ
973 426 1255 498 ὀνόματος,
1291 427 1387 495 καὶ
1432 426 1732 498 δυνάμεως,
1782 427 1873 479 καὶ

1984 439 2033 484 et
2067 443 2098 483 a
2125 428 2284 484 Patre
2318 429 2438 485 sine
2477 432 2590 485 ullo
2621 432 2779 487 initio
2805 434 2995 489 eadem
3028 434 3084 489 in
3124 434 3431 492 substantia
3465 452 3557 507 ge-

278 520 469 582 οὐσίας
496 532 558 571 το
588 517 825 588 ἀξίωμα.

1984 518 2074 572 ηἰιὶ
2106 519 2347 588 dignitas
2377 520 2752 591 abrogabitur.
2809 522 3074 578 Neutrum
3122 526 3267 579 enim
3319 527 3553 580 istorum

284 613 573 664 nominum
613 610 850 683 ingeniis
896 610 1202 676 hominum,
1233 611 1317 665 vel
1345 609 1585 665 inventis
1609 616 1891 680 acceptum
1929 607 2211 663 ferendum
2244 616 2347 664 est.
2376 608 2587 679 Quippe
2643 610 2828 666 divina
2866 625 3059 668 natura
3118 631 3311 670 novam
3351 618 3555 671 nullam

281 700 622 770 dignitatem
671 700 1117 755 accessionemve
1170 708 1354 771 potest
1416 700 1751 756 admittere:
1788 699 1920 770 quin
1976 699 2159 768 potius
2202 714 2268 754 ex
2307 715 2373 755 eo
2420 700 2567 771 quod
2620 702 2779 772 plene
2826 704 2880 756 in
2931 720 3054 761 sese
3105 708 3555 776 abundanterque

279 793 555 859 continet,
581 794 838 850 omnibus
879 793 1211 864 suppeditat,
1244 794 1432 849 eodem
1468 794 1520 847 in
1554 801 1700 848 statu
1739 807 2088 863 permanens,
2121 809 2223 849 nec
2253 793 2365 847 ullo
2406 793 2569 848 modo
2625 794 2922 861 diminuta,
2966 812 3030 851 ac
3084 798 3305 855 demum
3364 801 3551 857 nomi-

224 950 229 959 ί
280 888 374 943 nis
399 888 547 945 illius
577 904 641 944 ac
674 881 961 960 potestatis
984 898 1039 944 et
1069 888 1389 945 substantiae
1412 888 1729 960 dignitatem
1755 887 1809 942 in
1842 894 2038 941 natura
2070 901 2168 942 sua
2200 887 2601 956 complectitur.

664 1002 1064 1055 ΚΕΦΑΛΑΙΟΝ
1101 1001 1353 1055 ΑΕΤΙΟΥ
1384 1001 1485 1056 II".

354 1091 419 1143 El
449 1090 649 1157 ἔξωθεν
676 1092 1060 1165 έπιθεωρείται
1082 1093 1160 1164 τῷ
1179 1092 1297 1164 Θεῷ
1324 1093 1636 1164 ἀγέννητον,
1670 1094 1717 1146 οἱ
1747 1095 1867 1146 ἐπι-

279 1181 660 1253 θεωρήσαντες
719 1182 813 1237 τοῦ
866 1184 1331 1256 ὲπιθεωρηθέντος
1388 1186 1526 1239 είσὶν
1585 1184 1863 1256 ἀμείνους,

279 1276 530 1344 κρεῖττον
558 1274 730 1340 ὄνομα
757 1276 855 1346 τῆς
890 1274 1105 1345 φύσεως
1131 1274 1278 1346 αύτῷ
1308 1275 1685 1347 πορισάμενοι.

846 1452 1166 1523 Ἀνατροπὴ
1185 1455 1296 1509 1Γ’.

365 1544 631 1615 Ἀμείνων
661 1545 835 1609 οὐδεὶς
868 1544 1004 1599 Θεοῦ
1064 1545 1224 1618 (πρὸς
1263 1545 1470 1599 ’Δέτιόν
1502 1562 1590 1617 μοι
1626 1548 1660 1618 ἡ
1698 1545 1862 1611 λέξις,

278 1637 374 1691 τὸν
406 1635 579 1699 οῦτως
619 1637 1051 1707 ὲπινενοηκότα),
1090 1637 1166 1700 ῶς
1207 1636 1317 1707 ἔχει
1368 1638 1401 1709 ἡ
1447 1638 1694 1710 ἀλήθεια.
1736 1639 1863 1701 Πῶς

278 1729 394 1799 γὰρ
439 1728 678 1798 ἀμείνων
722 1728 857 1781 Θεοῦ
891 1728 977 1799 εἴη
1020 1746 1126 1793 τις,
1160 1728 1267 1781 τῶν
1300 1729 1517 1784 πάντων
1547 1732 1613 1783 ὲκ
1642 1729 1777 1783 Θεοῦ
1807 1732 1867 1785 τὸ
1902 1710 1941 1764 Β

280 1815 425 1873 εἶναι
466 1818 797 1889 εἰληφότων;
842 1819 1025 1872 Αίτίου
1060 1819 1116 1872 δὲ
1159 1820 1311 1880 ὄντος
1351 1819 1445 1874 τοῦ
1477 1820 1612 1873 Θεοῦ
1642 1821 1750 1875 τῶν
1774 1822 1866 1874 ὑπ’

282 1904 451 1957 αὑτοῦ
471 1905 842 1976 κεκτισμένων
866 1905 1101 1974 λογικῶν
1116 1924 1176 1960 τε
1199 1907 1293 1961 καὶ
1313 1908 1544 1978 ἀλόγων,
1571 1910 1782 1981 ὁρατῶν
1806 1929 1867 1964 τε

283 2000 380 2052 καὶ
412 1999 681 2068 ἀοράτων,
718 1997 957 2069 ἀμείνων
984 1998 1147 2063 αύτός
1176 2000 1292 2052 ἐστι
1322 2000 1472 2073 παρὰ
1502 2002 1731 2065 πάντας,
1765 2003 1869 2057 κᾶν

282 2104 345 2140 τε
383 2088 433 2140 οἱ
476 2087 685 2155 λογικοὶ
722 2087 958 2151 διανοίας
995 2087 1233 2156 γένοιντο
1260 2089 1427 2163 ὀρθῆς
1455 2091 1534 2153 είς
1564 2090 1867 2156 εὐσέϐειαν,

283 2178 381 2231 τοῦ
407 2178 689 2249 γεραίρειν
710 2178 770 2231 τὸ
791 2178 1011 2250 ἄμεινον
1044 2179 1152 2233 ἀπὸ
1188 2180 1405 2250 μέρους,
1439 2181 1573 2252 μηδὲ
1598 2182 1734 2245 ὅλως
1758 2182 1868 2237 τῶν

285 2272 506 2324 πάντων
536 2270 826 2324 ἐπιτοαυτδ
846 2270 1238 2341 συναχθέντων,
1263 2273 1356 2325 καὶ
1384 2273 1592 2345 μυρίων
1614 2274 1871 2328 ἐπέκεινα

284 2356 735 2427 διανενοημένων,
765 2358 900 2428 πρὸς
921 2357 1087 2429 ῦμνον
1112 2359 1245 2412 Θεοῦ
1276 2361 1680 2415 ὲπεκτείνεσθαι
1712 2364 1870 2417 δυνα-

287 2448 487 2518 μένων,
513 2448 600 2500 τὸ¹
620 2448 824 2502 τέλειον
842 2449 938 2520 τῆς
961 2450 1131 2522 αὐτῆς
1153 2450 1310 2521 δόξης
1332 2454 1387 2504 ὲν
1409 2454 1622 2517 ἑαυτοῖς
1645 2455 1869 2525 ἐμπερι-

285 2540 456 2610 έχειν,
497 2540 933 2613 ὑπερϐαινούσης
971 2541 1059 2594 ἀεὶ
1092 2542 1191 2613 τῆς
1222 2542 1503 2613 ἀμείνονος
1534 2543 1641 2596 τῶν
1672 2544 1870 2598 ὑποϐε-

289 2633 539 2703 ϐηκότων
560 2634 659 2705 τὴν
686 2632 913 2696 ἔννοιαν,
953 2632 1055 2687 κάν
1085 2650 1145 2686 τε
1180 2634 1322 2687 κατὰ
1351 2633 1579 2705 δύναμιν
1605 2635 1699 2689 καὶ
1730 2636 1871 2707 ὑπὲρ

283 2727 517 2799 δύναμιν
550 2728 685 2800 πρὸς
708 2728 1034 2798 ύμνολογίαν
1060 2728 1481 2781 ὲπεκτείνωνται
1505 2728 1584 2800 τῷ
1603 2728 1868 2798 ἀμείνονι.

288 2822 449 2873 ’Ἐστι
482 2819 591 2891 γὰρ
627 2820 687 2873 οὐ
718 2818 861 2891 λόγῳ
891 2820 1155 2890 ἀμείνων,
1186 2819 1323 2873 ἀλλά
1346 2820 1597 2890 δυνάμει,
1630 2821 1723 2873 καὶ
1749 2818 1869 2872 ὀνό-

284 2929 442 2983 ματι,
486 2914 581 2966 καὶ
619 2912 780 2983 λόγῳ.
830 2912 966 2965 Ἀλλ’
997 2912 1057 2964 οὐ
1092 2910 1279 2964 διοίσει
1312 2910 1373 2964 τὸ
1408 2910 1735 2982 ἀσύγκριτον
1764 2911 1871 2964 ἀπὸ

2431 1000 2613 1055 ΑΕΤΙΙ
2655 1001 2885 1058 CAPUT
2923 1003 3066 1061 XIII.
3554 1056 3557 1057 ,

2043 1088 2099 1145 Si
2146 1090 2373 1163 ingenili
2418 1090 2661 1175 conditio
2703 1089 2812 1147 Deo
2863 1092 3210 1147 extrinsecus
3255 1093 3549 1166 aliingitur,

1968 1181 2062 1252 qui
2092 1196 2212 1235 eam
2246 1180 2575 1234 aﬂinxerunt
2607 1180 2656 1234 ei
2688 1181 2792 1251 ipsi
2820 1181 2909 1235 cui
2939 1179 3230 1251 attingitur,
3267 1194 3550 1253 praestant,

1968 1288 2092 1327 cum
2142 1271 2493 1343 praestantius
2521 1285 2685 1340 quam
2722 1278 2918 1325 natura
2955 1271 3215 1342 patiatur,
3247 1274 3297 1327 ei
3352 1288 3552 1328 nomen

1970 1363 2291 1418 attribuant.

2446 1484 2453 1489 -
2483 1454 2794 1524 Confutatio
2832 1453 3006 1508 ΧΙΙΙ.

2041 1544 2152 1601 Deo
2190 1546 2385 1601 melior
2434 1561 2558 1603 esse
2595 1562 2758 1601 nemo
2800 1554 2979 1615 potest
3012 1540 3102 1614 (ut
3129 1541 3396 1601 adversus
3445 1546 3554 1600 Ae-

1969 1636 2107 1691 tium
2137 1639 2434 1692 commenti
2483 1637 2651 1707 hujus
2684 1645 2966 1691 auctorem
2998 1635 3331 1704 disputem),
3375 1650 3552 1705 neque

1969 1730 2265 1799 quidquam
2311 1745 2377 1784 eo
2428 1729 2537 1785 dici
2588 1736 2768 1799 potest
2820 1727 3027 1782 verius.
3082 1724 3217 1779 Nam
3275 1727 3553 1797 quomodo

1969 1822 2258 1892 quisquam
2290 1819 2401 1876 Deo
2428 1821 2622 1875 melior
2661 1835 2783 1875 esse
2814 1826 3028 1890 potest,
3060 1832 3184 1871 cum
3229 1817 3298 1871 ab
3331 1832 3397 1871 eo
3438 1818 3552 1872 sint

1968 1913 2151 1968 omnia
2184 1913 2490 1983 producta?
2537 1913 2675 1967 Cum
2718 1913 2883 1983 igitur
2935 1910 3282 1965 conditarum
3313 1923 3342 1962 a
3376 1925 3435 1965 se
3468 1924 3554 1963 re-

1969 2019 2088 2059 rum
2137 2003 2381 2058 omnium
2413 2012 2608 2059 auctor
2640 2003 2714 2059 sit
2746 2002 2890 2057 Deus
2934 2016 2999 2056 ac
3032 1999 3398 2071 principium,
3442 2008 3551 2053 tam

1968 2111 2090 2166 quae
2120 2097 2333 2151 ratione
2357 2095 2596 2167 przeditze
2618 2103 2744 2151 sunt
2764 2109 2928 2165 quam
2952 2107 3076 2163 quae
3097 2091 3311 2147 ratione
3337 2099 3551 2155 carent,

1971 2196 2079 2242 tam
2114 2203 2235 2258 quae
2276 2188 2448 2243 videri
2500 2193 2732 2258 possunt
2779 2199 2942 2256 quam
2989 2199 3111 2254 quae
3146 2191 3427 2252 aspectum
3468 2181 3555 2236 iu-

1970 2280 2145 2349 ginnt,
2190 2283 2414 2334 necesse
2456 2288 2541 2334 est
2572 2277 2828 2333 omnibus
2859 2282 2917 2329 ut
2950 2276 3021 2330 sit
3052 2274 3143 2329 ille
3176 2272 3553 2344 praestantior,

1976 2367 2327 2437 quantumvis
2350 2380 2418 2422 ex
2444 2369 2607 2425 rebus
2640 2368 2845 2423 creatis
2879 2380 3000 2436 quae
3059 2366 3273 2420 ratione
3313 2362 3555 2433 praedita:

1970 2472 2120 2527 sunt,
2161 2472 2370 2518 rectum
2401 2463 2468 2517 ad
2501 2464 2759 2533 pietatem
2820 2460 3062 2514 animum
3098 2457 3460 2520 obtinuerint,
3492 2462 3555 2511 ut

1969 2570 2036 2611 ex
2070 2556 2251 2625 aliqua
2296 2562 2451 2625 parte
2478 2552 2833 2609 excellentius
2868 2548 3003 2604 illud
3028 2549 3207 2604 colere
3262 2563 3327 2602 ac
3356 2545 3554 2618 praedi-

1969 2660 2098 2701 care
2131 2646 2366 2715 possint.
2402 2645 2615 2700 Etenim
2650 2644 2698 2701 si
2732 2643 2787 2697 in
2818 2656 2987 2696 unum
3039 2640 3219 2696 locum
3253 2639 3548 2695 conferan-

1979 2746 2070 2791 tur
2097 2752 2311 2803 omnes,
2346 2744 2400 2792 et
2430 2737 2643 2791 inﬁnito
2676 2735 2862 2805 plures
2895 2733 3247 2803 adjiciantur,
3284 2740 3449 2803 atque
3482 2729 3553 2784 ad

1971 2827 2389 2883 collaudandum
2427 2827 2597 2883 Deum
2629 2827 2773 2882 vires
2823 2841 2953 2882 suas
3000 2840 3193 2881 omnes
3243 2823 3554 2891 intendant,

1972 2934 2253 2989 nunquam
2285 2918 2587 2989 perfectum
2628 2918 2776 2973 illius
2827 2916 3173 2988 splendorem
3213 2928 3279 2970 ac
3323 2916 3552 2986 gloriam

282 3006 382 3060 τοῦ
425 3006 756 3077 ἀπγκρὶτου
788 3006 821 3076 ἢ
856 3008 876 3037 ¹
905 3004 997 3058 τοῦ
1032 3005 1314 3075 ἀμείνονος
1347 3003 1498 3074 παρά
1528 3004 1636 3057 τῶν
1671 3003 1866 3057 ὑποϐε-

1984 3012 2030 3064 in
2061 3010 2260 3079 seipsis
2292 3010 2584 3079 concipere
2613 3014 2894 3079 poterunt,
2920 3022 2986 3062 eo
3021 3004 3168 3076 quod
3204 3005 3555 3077 praestantior

286 3096 535 3166 ϐηκότων
562 3096 857 3164 δοξολογία.
892 3091 1013 3149 Οἷδε
1039 3095 1149 3165 γὰρ
1175 3096 1231 3147 ὲν
1259 3094 1432 3163 Πατρὶ
1461 3092 1519 3146 τὸ
1542 3094 1761 3163 ἄμεινον
1782 3093 1869 3148 διὰ

283 3188 382 3241 τοῦ
415 3189 734 3257 ἀγεννήτου,
772 3186 864 3255 καὶ
900 3186 960 3239 τὸ
989 3186 1212 3256 ἄμεινον
1244 3182 1305 3248 ἐξ
1336 3182 1500 3237 αὐτοῦ
1532 3183 1867 3253 γεγεννημέ-

284 3296 399 3333 νον.
428 3278 627 3347 Διόπερ
650 3276 931 3348 ὁμοούσιον
957 3275 1208 3346 ὁμολογεῖ
1239 3277 1272 3345 ἠ
1305 3275 1369 3327 ἐκ
1394 3274 1529 3327 Θεοῦ
1560 3273 1868 3347 ἀνθρώποις

285 3371 424 3442 ὀρθὴ
474 3369 841 3442 κεχαρισμένη
884 3367 1081 3423 ἔννοιαο
1122 3367 1210 3420 ἵνα
1250 3364 1347 3436 μὴ,
1392 3364 1452 3418 τὸ
1497 3365 1870 3436 ἀνομοιούσιον

287 3464 625 3534 ὲπινοήσασα
664 3461 792 3515 Υίοῦ
829 3461 965 3530 πρὸς
1006 3459 1247 3530 Πατέρα,
1285 3460 1548 3530 διαίρεσιν
1580 3459 1873 3528 ποιήσηται

286 3559 390 3628 τῆς
420 3556 703 3627 ἀμείνονος
730 3554 824 3608 καὶ
849 3552 1188 3624 ἀκραιφνοῦς
1219 3553 1555 3624 τελειότητος
1584 3552 1650 3603 δι’
1676 3546 1736 3605 οὗ
1763 3544 1872 3603 οἶδε

288 3647 689 3718 γεγεννημένου
718 3647 775 3699 ὲν
797 3644 1025 3717 ἀληθείᾳ
1048 3644 1154 3697 ὑπὸ
1176 3643 1270 3697 τοῦ
1294 3643 1684 3714 γεγεννηκότος
1703 3642 1872 3710 ἀσυγ-

288 3739 495 3811 κρίτως
528 3738 705 3800 πάσας
740 3734 946 3798 ἐννοίας
979 3735 1399 3806 ὑπερϐαίνοντος
1424 3734 1512 3787 διὰ
1540 3733 1601 3786 τὸ
1624 3732 1869 3804 ἄμεινον.

1975 3104 2067 3156 illa
2099 3112 2292 3157 natura
2320 3100 2641 3157 inferiorum
2664 3142 2678 3167 ,
2714 3115 2777 3157 ac
2806 3100 2909 3155 sibi
2946 3099 3317 3168 subjectarum
3345 3099 3554 3167 Cogita-

1975 3194 2181 3249 tionem
2212 3206 2431 3247 omnem
2462 3198 2705 3261 superat,
2739 3192 2867 3246 licet
2904 3204 3004 3260 pro
3040 3190 3272 3254 viribus,
3307 3188 3415 3243 imo
3452 3203 3553 3242 su-

1979 3300 2075 3356 pra
2098 3284 2265 3350 vires,
2287 3282 2538 3339 laudibus
2566 3282 2966 3353 prmconiisque
2994 3281 3110 3336 suis
3132 3294 3256 3334 cum
3289 3290 3552 3348 praestau.

1979 3377 2119 3431 tiore
2166 3375 2453 3444 adaequare
2491 3389 2553 3429 se
2605 3381 2893 3428 conentur.
2938 3373 3033 3427 Est
3081 3373 3227 3427 enim
3280 3384 3387 3423 non
3438 3368 3558 3424 solo

1980 3480 2251 3529 sermone,
2302 3465 2397 3521 sed
2444 3471 2731 3535 potestate,
2764 3480 2899 3519 voce
2946 3479 3010 3519 ac
3041 3465 3255 3517 ratione
3283 3469 3555 3533 praestan-

1979 3557 2106 3610 tior.
2131 3554 2305 3611 Porro
2336 3555 2765 3625 incomparabile
2797 3572 2964 3610 unum
2990 3556 3058 3610 ab
3083 3556 3256 3610 altero
3276 3568 3559 3625 nunquam

1979 3642 2381 3699 excellentioris
2434 3643 2503 3696 ab
2540 3642 2893 3700 inferioribus
2933 3651 3190 3715 suscepta
3244 3642 3560 3712 praedicatio

1979 3734 2275 3804 separabit.
2325 3731 2487 3788 Novit
2533 3734 2678 3789 enim
2716 3734 2770 3787 in
2798 3733 2960 3789 Patre
2990 3732 3343 3803 praestantius
3378 3732 3561 3785 inesse

294 3830 557 3901 quiddam
586 3870 601 3894 ,
634 3834 905 3899 quatenus
956 3836 1041 3884 est
1088 3827 1388 3898 ingenitus,
1448 3840 1514 3879 ac
1576 3824 1929 3894 praestantius
1962 3824 2149 3881 itidem
2202 3839 2329 3880 esse
2375 3825 2481 3880 hoc
2519 3825 2663 3895 quod
2715 3825 2784 3880 ab
2831 3840 2897 3880 eo
2945 3826 3186 3896 genitum
3231 3830 3337 3879 est.
3394 3821 3559 3891 953

293 3926 664 3993 Quamobrem
688 3938 818 3978 vera
876 3935 941 3975 ac
970 3921 1227 3983 sincera,
1271 3932 1434 3988 quam
1469 3916 1613 3971 Deus
1664 3917 1977 3971 hominibus
2034 3916 2371 3987 impertitur,
2443 3916 2802 3987 intelligentia
2863 3916 3387 3972 consubstantialem
3436 3927 3559 3968 esse

293 4019 441 4074 Patri
497 4017 698 4073 Filium
747 4012 1056 4084 proﬁtetur,
1095 4028 1168 4067 ne
1218 4010 1264 4069 si
1308 4009 1594 4066 dissimilis
1628 4008 1752 4064 illos
1811 4008 2069 4065 essentia:
2122 4009 2449 4073 constituat,
2502 4007 2878 4063 excellentiori
2931 4008 3006 4062 illi
3052 4021 3116 4062 ac
3167 4004 3555 4062 sincerissima:

294 4108 618 4185 perfectioiii
672 4108 962 4165 divisionis
1005 4100 1213 4174 aliquid
1264 4100 1526 4166 inducat,
1589 4115 1714 4155 cum
1779 4099 1869 4154 ille
1902 4099 2048 4170 ipse,
2088 4098 2247 4168 cujus
2312 4098 2416 4153 ista
2484 4096 2745 4153 beneﬁcio
2785 4096 3051 4167 percipit,
3098 4111 3129 4150 a
3176 4096 3421 4167 genitore
3468 4106 3557 4146 re-

292 4223 424 4263 vera
482 4204 555 4261 sit
601 4203 852 4274 genitus,
898 4210 952 4259 et
998 4199 1416 4272 intelligentiam
1462 4208 1722 4259 omnem,
1802 4207 1915 4263 pra:
1978 4191 2300 4248 excellentia
2369 4204 2509 4258 sua,
2572 4190 2692 4246 sine
2746 4190 2857 4244 ulla
2917 4189 3328 4259 comparatione
3375 4192 3561 4239 trans-

294 4301 516 4358 cendat.

686 4416 1082 4472 ΚΕΦΑΛΑῘΟΝ
1114 4412 1366 4467 ΑΕΤΙΟΥ
1395 4412 1494 4465 ἰΔθ.

368 4515 433 4568 Ei
460 4512 536 4584 μὴ
576 4512 714 4565 εἴκει
739 4513 773 4581 ἡ
796 4510 1090 4579 ἀγέννητος
1119 4506 1281 4576 φύσις
1304 4504 1535 4574 γενέσει,
1559 4499 1700 4555 τοῦτ’
1729 4498 1875 4551 ἐστιν

294 4606 324 4660 ὃ
351 4606 590 4674 λέγεται.
624 4604 689 4657 Et
712 4603 767 4655 δὲ
785 4602 927 4654 εἴκει
950 4599 1181 4668 γενέσει,
1216 4596 1283 4649 τὰ
1316 4595 1413 4665 τῆς
1441 4593 1705 4663 γενέσεως
1728 4587 1876 4658 πάθη

296 4701 399 4770 τῆς
428 4696 779 4758 ὑποστάσεως
806 4692 900 4745 τοῦ
925 4689 1058 4745 Θεοῦ
1091 4687 1176 4759 εἴη
1204 4687 1427 4759 ἄμεινον
1457 4687 1508 4743 ³.

861 4885 1191 4956 Ἀνατροπὴ
1230 4885 1335 4940 ΙΔ’.

376 4989 454 5043 A’.
492 4986 647 5059 Πάθη
701 4985 837 5046 ὅλως
880 4986 938 5036 ὲν
988 4980 1107 5051 Θεῷ
1153 4975 1455 5048 διηγεῖσθαι
1500 4972 1878 5028 ἀσεϐέστατον.

298 5084 446 5136 Εἴπω
468 5080 575 5151 γὰρ
601 5076 788 5132 παθῶν
811 5076 917 5129 οὐδ’
942 5075 1077 5137 ὅλως
1103 5071 1413 5141 περιέχεται
1436 5067 1495 5120 τὸ
1515 5066 1686 5119 Θεῖον.
1726 5064 1884 5115 Ἀνω-

298 5176 447 5229 τάτω
475 5174 531 5226 δὲ
561 5172 620 5225 ὃν
654 5172 676 5203 ⁸
703 5170 813 5224 τῶν
836 5167 1117 5228 τοιούτων,
1154 5164 1262 5217 τῶν
1291 5163 1348 5215 ὲν
1377 5162 1506 5231 ἡμῖν
1535 5160 1613 5221 εἰς
1642 5173 1884 5228 μεριστι-

300 5266 405 5329 κάς
462 5263 671 5327 ἐννοίας
718 5259 1150 5321 ὑποπιπτόντων,
1206 5253 1347 5335 κατά
1400 5252 1577 5305 πάντα
1615 5249 1817 5321 τρόπον
1851 5249 1880 5300 ὀ

314 5358 521 5411 Ἀετίου
546 5356 703 5424 λόγος
726 5352 1191 5423 ἀνατραπήσεται.
1223 5348 1406 5401 Πάντα
1433 5346 1541 5414 γὰρ
1570 5343 1641 5395 τὰ
1668 5344 1726 5394 ὲν
1750 5341 1880 5412 ἡμῖν

304 5449 623 5517 παθητικῶς
644 5444 1028 5519 συμϐαίνοντα,
1056 5443 1112 5493 ὲν
1132 5439 1250 5510 Θεῴ
1270 5435 1496 5499 ἀπαθῶς
1528 5433 1878 5503 συνέστηκεν.

315 5543 407 5598 Ἐν
436 5544 565 5614 ἡμῖν
596 5542 703 5611 γὰρ
741 5539 880 5593 κατά
909 5555 963 5591 τι
1013 5535 1177 5607 μέρος
1212 5532 1272 5585 τὸ
1318 5531 1489 5585 θέλειν
1528 5528 1643 5582 ἐστὶ
1677 5525 1877 5589 πάθος·

429 5702 494 5761 F.
521 5703 656 5774 πρὸς
688 5702 767 5757 τό.
844 5704 863 5734 ¹
904 5700 1029 5757 Cor.
1054 5702 1111 5771 ἡ.
1187 5697 1207 5728 ³
1243 5694 1303 5751 F.
1330 5693 1556 5767 ἀμείνω.
1631 5692 1652 5721 δ
1686 5684 1747 5742 F.
1774 5685 1946 5751 ὄντος.

2461 4390 2643 4446 AETII
2676 4387 2907 4447 CAPUT
2940 4388 3077 4444 XIV.

2055 4488 2112 4544 Si
2152 4485 2391 4558 ingenita
2443 4491 2642 4538 natura
2710 4481 3047 4553 generationi
3108 4481 3332 4537 minime
3376 4483 3561 4548 cedat,

1985 4582 2249 4635 habemus
2297 4576 2442 4647 quod
2506 4575 2783 4630 volumus.
2843 4574 2938 4628 Sin
2988 4574 3323 4645 generationi
3380 4575 3563 4642 cedat,

1986 4670 2355 4745 generationis
2402 4667 2721 4723 aﬂ'ectiones
2746 4666 2929 4721 divina
2961 4666 3268 4722 substantia
3299 4675 3564 4738 praestan-

1987 4767 2158 4821 tiores
2180 4769 2364 4819 erunt.

2512 4873 2833 4943 'Confutatio
2885 4870 2970 4926 XI
2985 4872 3045 4926 V.

2060 4971 2102 5025 l.
2135 4969 2270 5027 Esse
2303 4969 2513 5039 aliquas
2548 4968 2600 5021 in
2650 4965 2760 5019 Deo
2787 4964 3102 5025 all‘ectioncs
3150 4963 3351 5026 dicere,
3394 4962 3569 5017 sacri-

1989 5062 2169 5132 legum
2201 5069 2285 5117 est
2307 5070 2360 5116 et
2376 5059 2637 5129 impium.
2664 5056 2914 5111 Divinum
2940 5056 3139 5127 quippe
3180 5070 3377 5109 numen
3409 5054 3571 5108 nullis

1990 5162 2075 5210 est
2120 5153 2499 5209 affectionibus
2544 5149 2863 5212 obnoxium,
2907 5156 2959 5203 et
3007 5148 3093 5201 bis
3123 5147 3376 5201 omnibus
3410 5159 3574 5212 supe-

1987 5249 2104 5304 rius
2150 5256 2257 5312 est,
2298 5261 2419 5318 quae
2468 5242 2730 5315 peculiari
2779 5241 3091 5311 cognitione
3142 5253 3205 5292 ac
3244 5238 3575 5308 cogitatione

1988 5339 2522 5410 comprehendimus.
2553 5337 2733 5400 Quare
2760 5332 2903 5400 quod
2934 5331 3003 5384 ab
3038 5330 3192 5383 Aetio
3235 5326 3572 5397 propositum

1989 5444 2093 5499 est,
2138 5431 2385 5486 funditus
2425 5432 2721 5484 evertetur.
2787 5421 2920 5476 Nam
2957 5434 3079 5490 qua:
3122 5418 3281 5473 nobis
3320 5431 3444 5471 cum
3494 5414 3574 5469 af-

1991 5522 2225 5581 fectione
2264 5523 2445 5593 aliqua
2476 5517 2821 5587 contingunt,
2856 5513 2965 5570 Deo
3000 5512 3118 5569 sine
3144 5511 3252 5567 ulla
3287 5508 3573 5566 atlcctione
