3994 6224
429 328 535 389 579

425 451 780 510 conveniunt.

1821 296 1882 353 S.
1921 287 2262 348 l‘IPlPIIANII

817 445 1093 516 Siquidem
1120 443 1175 497 in
1215 440 1370 498 nobis
1400 439 1535 494 velle
1569 438 1771 508 ipsum,
1802 431 1999 503 partim

2122 419 2169 472 >ὺ
2193 422 2254 475 τὸ
2281 419 2452 474 θέλειν
2485 417 2727 472 εὐσεϐεῖν
2763 415 2924 486 λέγω,
2958 414 3093 470 ἀλλὰ
3130 413 3192 468 τὸ
3219 414 3391 468 θέλειν
3418 431 3471 467 τι
3499 410 3685 480 πράτ-

3578 282 3687 344 580

432 545 646 604 uﬂ‘eetio
700 540 948 612 quaedam
993 544 1100 602 est,
1151 550 1295 597 non,
1357 530 1586 601 exempli
1635 540 1825 588 causa,
1863 524 2002 578 velle

2122 533 2240 578 ιειν,
2273 515 2408 584 ὅπερ
2435 515 2581 566 ἐστὶν
2604 511 2745 583 ὑπὲρ
2777 510 2959 578 φύσιν,
2992 508 3082 563 διὰ
3106 509 3165 562 τὸ
3193 509 3265 579 μὴ
3287 508 3548 562 δύνασθαι
3575 509 3690 560 ἐπι-

433 597 583 708 pium
627 597 770 696 esse,
819 632 979 697 dico;
1013 597 1105 685 sed
1140 626 1339 696 aliquid
1363 597 1632 694 ejusmodi
1661 620 1798 674 velle
1822 617 2000 671 facere

2122 607 2278 661 τελεῖν
2310 605 2369 658 τὸ
2410 604 2648 674 καθῆκον
2687 602 2782 656 τοῦ
2824 602 3160 672 θελήματος·
3197 597 3308 653 οἷον
3344 601 3420 663 ὡς
3451 600 3549 652 ἐπὶ
3595 599 3689 651 ἀνο

431 727 578 798 quod
633 733 844 780 natura:
901 732 1118 793 captum
1175 724 1418 789 superat,
1457 730 1522 770 eo
1551 711 1692 784 quod
1739 708 2005 765 voluntati

432 819 660 890 obsequi
693 817 918 874 minime
947 814 1244 885 possimus,
1279 811 1426 864 velut
1457 809 1510 862 in
1543 806 1762 862 homine
1798 803 2003 865 volare,

434 919 528 966 aut
566 911 619 965 in
659 923 838 964 aerem
885 906 1033 966 ferri,
1087 910 1178 957 aut
1206 899 1459 972 profundi
1507 911 1674 952 venas
1731 893 2002 962 indagare,

435 1011 596 1057 terrae
646 999 871 1054 fundum
921 994 1252 1062 investigare
1289 998 1342 1045 ct
1395 989 1448 1044 id
1483 1002 1654 1059 genus
1677 985 1804 1038 alia.
1832 979 2006 1048 Quid-

435 1093 567 1163 quid
599 1100 776 1147 autem
813 1104 936 1143 cum
969 1088 1148 1156 aliqua
1195 1082 1480 1137 aﬂectione
1522 1088 1734 1134 natur-.e
1764 1089 1894 1128 meae
1933 1071 2010 1124 in-

435 1187 602 1241 situm
634 1193 738 1247 est,
769 1176 900 1236 illud
933 1193 1091 1234 omne
1108 1177 1243 1231 citra
1272 1175 1578 1245 passionem
1609 1172 1752 1224 inest
1795 1169 1845 1221 in
1871 1165 2004 1220 Deo.

439 1275 580 1330 Hinc
639 1283 722 1330 est
771 1271 913 1344 quod
947 1282 1283 1340 quaecunque
1339 1266 1455 1318 vttlt
1502 1261 1764 1334 perﬁcere
1804 1263 2005 1328 potest,

435 1366 694 1436 quoniam
725 1370 918 1418 natura
947 1361 1066 1430 ejus
1093 1358 1355 1414 voluntati
1405 1371 1513 1408 non
1549 1354 1880 1411 reluctatur;
1909 1360 2008 1400 no-

438 1469 551 1513 stra
581 1470 713 1511 vero
741 1457 794 1509 in
828 1453 989 1508 nobis
1018 1451 1151 1522 ipsis
1178 1454 1464 1518 repugnat,
1493 1442 1707 1514 quoties
1730 1442 2008 1494 voluntate

438 1550 508 1604 ad
558 1547 611 1603 id
676 1544 1032 1607 intendimur,
1066 1541 1210 1612 quod
1246 1539 1360 1593 ﬁeri
1399 1536 1623 1590 omnino
1660 1548 1768 1588 non
1809 1533 2005 1600 potest.

437 1637 639 1694 Verum
675 1635 820 1706 quod
867 1633 1033 1689 Deum
1068 1631 1308 1684 diximus
1332 1643 1452 1698 quae
1474 1624 1602 1680 velit
1631 1621 1809 1678 omnia
1845 1616 2006 1689 peril-

439 1747 591 1794 cere,
607 1744 716 1784 non
738 1735 822 1783 est
851 1725 995 1796 quod
1019 1722 1220 1793 aliquis
1239 1719 1459 1789 obiiciat
1485 1717 1662 1770 facere
1680 1713 1827 1765 illum
1845 1709 2007 1763 etiam

2110 698 2312 770 θρὼπῳ
2337 698 2515 767 λέγειν
2557 696 2618 750 τὸ
2649 696 2870 764 πτῆναι,
2901 695 2962 748 τὸ
2994 695 3073 757 είς
3117 694 3252 765 ἀέρα
3299 690 3594 761 φέρεσθαι,
3633 703 3691 743 το

2110 793 2208 855 τὰς
2241 791 2442 860 φλέϐας
2482 788 2575 843 τοῦ
2612 788 2772 859 βυθοῦ
2822 788 3187 871 κατανοῆσαι,
3237 785 3298 838 τὸ
3345 783 3553 838 εἰδέναι
3589 801 3692 835 πυ-

2111 886 2278 958 θμίας
2305 885 2426 955 γῆς,
2456 885 2552 939 καὶ
2579 882 2650 937 τὰ
2690 882 2900 946 τούτοις
2931 883 3113 953 ὅμοια.
3159 881 3320 935 Ὅσον
3343 880 3398 934 δέ
3431 881 3589 934 ἐστιν
3637 880 3695 930 ὲν

2112 979 2236 1049 ἐμοὶ
2277 977 2593 1048 παθητικῶς
2637 977 3016 1047 συνεχόμενον,
3060 973 3313 1028 τοσοῦτον
3357 974 3412 1026 ὲν
3454 971 3540 1041 τῷ
3573 967 3696 1040 Θεῷ

2112 1072 2336 1135 ἀπαθῶς
2370 1072 2514 1124 ἐστιν
2542 1071 2801 1141 ὑπάρχον,
2841 1069 2940 1122 Διά
2967 1067 3126 1122 τοῦτο
3161 1068 3337 1121 πάντα
3360 1067 3457 1121 ὃσα
3495 1065 3694 1135 βούλε-

2111 1180 2221 1225 ται,
2250 1161 2509 1216 δύνασθαι
2546 1164 2560 1194 ¹
2602 1161 2881 1232 πράττειν,
2911 1159 3013 1230 τῆς
3057 1160 3270 1227 φύσεως
3308 1158 3452 1228 αὐτῷ
3478 1157 3566 1229 μὴ
3597 1157 3697 1210 ἀν-

2112 1251 2512 1323 τιπραττούσης
2544 1252 2680 1324 πρὸς
2709 1251 2771 1305 τὸ
2816 1252 3081 1322 βούλημα,
3113 1251 3211 1321 τῆς
3243 1251 3298 1304 δὲ
3331 1251 3618 1321 ἡμετέρας
3640 1250 3698 1302 ὲν

2112 1347 2244 1416 ἡμῖν
2264 1343 2730 1415 ἀντιπραττούσης
2753 1344 2888 1415 πρὸς
2905 1345 2972 1398 τά
3001 1343 3331 1414 βουλήματα,
3346 1344 3442 1396 ὅσα
3463 1341 3612 1412 πρὸς
3637 1340 3696 1395 τδ

2114 1433 2371 1488 ἀδύνατον
2387 1433 2790 1486 ὲπεκτείνεσθαί
2801 1435 2950 1487 ἐστιν
2967 1435 3023 1486 ὲν
3038 1436 3187 1505 ἡμῖν.
3203 1433 3309 1488 Καὶ
3319 1433 3422 1486 οὐδ’
3439 1435 3524 1487 ὅτι
3545 1432 3698 1485 εῐπο-

2117 1541 2218 1595 μεν
2238 1523 2330 1577 τὸν
2355 1523 2486 1578 Θεὸν
2509 1523 2771 1594 πράττειν
2795 1523 2823 1577 ὅ
2850 1523 3117 1594 βούλεται,
3145 1524 3361 1587 πάντως
3384 1523 3564 1588 λέξειέ
3591 1538 3695 1586 τις,

2114 1617 2194 1670 ὅτι
2223 1615 2457 1686 Πράττει
2477 1611 2569 1669 οὖν
2592 1613 2663 1668 τὰ
2690 1615 2764 1687 μὴ
2787 1617 3086 1686 πρέποντα·
3109 1615 3170 1669 οὐ
3200 1615 3434 1678 πάντως.
3471 1615 3699 1668 Ἐκεῖνα

2118 1708 2225 1780 γὰρ
2255 1707 2524 1778 βούλεται,
2566 1707 2602 1762 ὃ.
2633 1709 2728 1761 καὶ
2770 1706 3020 1778 πράττει.
3068 1707 3344 1776 ἀναλόγως
3379 1707 3476 1778 τῆς
3521 1704 3698 1759 αὐτοῦ

439 1772 716 1794 eum"-..
739 1772 822 1783 ν--
852 1772 995 1796 ην---
1020 1772 1218 1793 ην--

437 1839 560 1895 qua:
605 1822 787 1876 minus
852 1818 1097 1873 deceant.
1139 1814 1492 1883 Nequaquam
1548 1820 1707 1872 vero;
1743 1817 1877 1895 nam
1919 1799 2013 1895 illa

2122 1772 2294 1866 ἀξίας,
2319 1799 2442 1854 οὔτε
2472 1799 2568 1854 τοῦ
2610 1772 2951 1870 βουλήματος
2978 1772 3444 1870 ἀντιπράττοντος*
3461 1797 3612 1868 πρὸς
3638 1796 3700 1850 τδ

437 1889 576 1975 vult.
606 1925 726 1981 quae
777 1923 836 1963 re
878 1905 996 1976 ipsa
1042 1904 1192 1968 facit,
1223 1902 1436 1956 ratione
1466 1912 1578 1954 suae
1609 1891 1890 1966 dignitatis
1919 1889 2017 1942 ha-

441 2003 576 2060 bita.
608 2000 743 2052 adeo
776 2006 832 2051 ut
886 2009 1062 2065 neque
1109 1989 1366 2063 potestati
1393 1989 1665 2046 voluntas,
1701 1993 1876 2051 neque
1915 1993 2013 2033 vo-

441 2085 638 2142 luntati
669 2085 742 2140 sit
779 2081 1056 2136 contraria
1093 2087 1338 2150 potestas
1371 2091 1519 2131 :nou
1545 2072 1688 2144 quod
1721 2074 1898 2130 facere
1928 2085 2017 2126 ne-

440 2185 626 2249 queat,
661 2175 755 2229 sed
794 2173 936 2244 quod
976 2186 1086 2226 non
1126 2170 1312 2224 libeat.

514 2263 578 2320 ll.
610 2264 901 2328 Praeterea,
945 2269 1232 2332 postquam
1268 2259 1392 2314 talis
1435 2265 1519 2313 est
1565 2254 1913 2310 atl'ectionum
1959 2253 2015 2307 in

440 2353 552 2411 Deo
582 2356 881 2410 constituta
924 2351 1195 2414 vacuitas,
1235 2364 1359 2404 cum
1407 2349 1460 2402 in
1491 2347 1650 2402 nobis
1696 2345 2018 2414 caeterisque

439 2447 639 2502 creatis
669 2447 832 2499 rebus
870 2441 1060 2498 eadem
1103 2442 1194 2496 illa
1220 2455 1344 2495 cum
1384 2437 1762 2493 aﬂectionibus
1794 2435 2020 2504 conjun-

439 2551 526 2594 eta
551 2539 680 2600 sint,
714 2533 880 2606 955
907 2534 951 2588 si
986 2532 1054 2587 ad
1082 2533 1232 2587 illum
1275 2529 1494 2585 modum
1526 2527 1802 2598 quidpiam
1835 2527 2018 2580 animo

441 2627 807 2696 concipiatur,
843 2624 947 2678 alia
973 2637 1168 2678 rursus
1193 2620 1406 2674 all‘ectio
1428 2634 1492 2672 ex
1525 2617 1602 2672 rei
1629 2615 1856 2670 veritate
1885 2630 2020 2670 con-

443 2719 646 2774 ﬁtenda
668 2716 854 2778 fuerit,
887 2721 940 2768 ct
974 2721 1098 2782 post
1133 2712 1275 2764 hanc
1321 2710 1492 2778 ipsam
1524 2707 1718 2768 altera,
1751 2706 2022 2774 tertiaque

443 2808 718 2866 similiter.
752 2805 864 2861 Nos
915 2805 1136 2875 quidem
1181 2815 1290 2856 non
1330 2799 1450 2855 sine
1480 2795 1763 2852 affectione
1790 2806 2018 2865 genera-

443 2913 569 2956 mus
623 2907 719 2954 aut
763 2897 1056 2969 gignimur,
1092 2900 1381 2966 propterea
1419 2889 1565 2961 quod
1604 2894 1799 2943 natura
1828 2891 2018 2941 nostra

443 3000 876 3061 caeterarumque
930 3003 1136 3051 rerum,
1192 2999 1316 3055 qua:
1365 2983 1614 3055 gignunt,
1662 2987 1755 3034 aut
1798 2979 1867 3034 ab
1895 2978 2018 3033 aliis

446 3085 762 3156 gignuntur,
789 3079 1134 3153 partitionem
1167 3075 1425 3138 admittit,
1459 3088 1522 3128 ac
1551 3071 1826 3142 proﬂuens
1858 3076 1941 3125 est
1963 3077 2017 3124 et

445 3176 757 3238 collatatur,
807 3180 902 3227 aut
957 3169 1316 3235 contrahitur,
1335 3175 1390 3222 et
1430 3166 1589 3222 molis
1620 3165 2014 3220 incrementum

445 3267 532 3324 vel
557 3267 973 3320 diminutionem
1008 3262 1236 3332 patitur,
1266 3274 1330 3314 ac
1357 3265 1551 3313 caetera
1589 3255 1642 3311 id
1677 3270 1868 3325 genus,
1900 3267 2022 3323 qua:

444 3376 572 3416 cum
601 3359 882 3413 atl‘ectione
903 3357 1191 3424 conjuncta
1222 3361 1370 3417 sunt,
1404 3351 1647 3407 eamdem
1675 3350 1746 3404 ob
1774 3363 2020 3404 causam.

447 3447 506 3501 In
539 3447 647 3502 Deo
682 3461 812 3502 vero
847 3446 981 3499 nihil
1011 3443 1312 3514 ejusmodi,
1335 3443 1463 3498 dum
1492 3440 1689 3496 Filium
1716 3447 2018 3511 generaret,

449 3543 626 3594 locum
671 3537 873 3591 habere
917 3536 1112 3605 potuit.
1137 3535 1274 3588 Nam
1305 3535 1352 3590 si
1390 3535 1496 3590 tale
1521 3533 1796 3604 quidpiam
1819 3531 1872 3586 in
1902 3533 2022 3602 ipso

451 3629 736 3685 exstitisse
761 3627 1030 3691 dicamus,
1071 3635 1130 3680 ut
1161 3627 1342 3697 inanis
1403 3627 1632 3682 istorum
1675 3624 1780 3680 fert
1813 3625 2020 3694 opinio,

448 3737 571 3793 quae
622 3719 689 3774 ad
749 3721 1098 3775 evertendam
1139 3719 1234 3774 Dei
1280 3719 1519 3776 sobolem
1561 3719 1817 3790 pertinet,
1849 3733 1914 3772 ex
1945 3716 2024 3769 al-

450 3818 592 3878 tero,
616 3815 760 3882 quod
805 3811 857 3864 in
893 3811 1049 3865 nobis
1077 3812 1238 3874 inest,
1280 3811 1386 3866 tale
1417 3811 1680 3865 adversus
1717 3809 1838 3864 illos
1860 3823 2023 3878 argu-

450 3913 692 3956 mentum
735 3900 1050 3956 efﬁciemus.
1103 3899 1318 3955 Etenim
1372 3900 1533 3954 nobis
1580 3899 1736 3971 ipsis,
1767 3899 1860 3970 qui
1911 3913 2021 3952 non

450 3994 570 4052 sine
598 3994 880 4049 aﬂectione
912 3995 1206 4064 gignimus.
1247 4002 1340 4047 aut
1384 3993 1677 4064 gignimur,
1721 3991 2020 4048 secundum

449 4085 721 4157 quoddam
753 4086 976 4142 insitum
1013 4094 1098 4141 est
1123 4085 1427 4140 affectionis
1452 4100 1645 4156 genus,
1673 4099 1796 4139 cum
1817 4082 2023 4152 aliquid

452 4189 823 4250 procreamus.
879 4177 1015 4232 Tum
1049 4179 1193 4234 enim
1245 4177 1470 4249 perinde
1508 4178 1766 4247 patimur,
1799 4191 1865 4230 ac
1893 4175 2022 4230 dum

450 4271 744 4341 gignimus,
796 4277 889 4323 aut
938 4269 1230 4340 gignimur.
1284 4269 1445 4339 Atqui
1478 4269 1642 4324 Deum
1674 4284 1790 4334 vos,
1837 4269 1880 4322 si
1915 4283 2022 4321 non

451 4360 772 4430 genitorem,
834 4366 980 4412 certe
1021 4367 1320 4413 creatorem
1364 4359 1698 4428 agnoscitis;
1749 4367 1913 4428 atque
1967 4364 2026 4410 ut

2120 1891 2193 1962 μὴ
2217 1890 2494 1954 δύνασθαι,
2520 1889 2642 1944 οὔτε
2669 1891 2761 1944 τοῦ
2789 1889 3047 1943 δύνασθαι
3067 1889 3344 1943 άντιθέτου
3372 1889 3526 1954 ὄντος
3555 1889 3700 1961 πρὸς

2115 1981 2176 2034 τὸ
2210 1980 2514 2050 βούλεσθαι,
2544 1981 2604 2034 οὐ
2635 1981 2722 2036 διὰ
2747 1980 2808 2035 τὸ
2838 1980 2913 2052 μὴ
2940 1979 3219 2046 δύνασθαι,
3247 1979 3380 2034 ἀλλά
3405 1979 3490 2034 διὰ
3520 1979 3590 2033 τὺ
3623 1976 3701 2050 μὴ

2119 2072 2423 2144 βούλεσθαι.

2189 2256 2262 2308 B'.
2300 2255 2409 2308 Kal.
2427 2255 2620 2319 ἄλλως·
2645 2255 2791 2310 Μετά
2816 2254 2917 2324 τὴν
2936 2256 3190 2327 τοιαύτην
3209 2255 3472 2310 ἀπάθειαν
3495 2256 3556 2308 ἐν
3578 2253 3703 2327 Θεῷ

2117 2346 2489 2416 ὑπάρχουσαν,
2514 2348 2572 2399 ὲν
2594 2346 2724 2415 ἡμῖν
2748 2345 2805 2398 δὲ
2833 2347 2930 2401 xa‘t
2950 2347 3129 2410 ἄλλοις
3153 2346 3414 2417 κτίσμασι
3441 2347 3701 2416 παθητὴν

2117 2432 2304 2498 οὖσαν,
2347 2435 2442 2488 ἐὰν
2482 2434 2662 2505 συμϐῇ
2693 2433 2866 2498 οὕτως
2907 2435 3252 2495 διανοεῖσθαι.
3302 2435 3464 2488 πάλιν
3505 2435 3704 2507 ἕτερον

2119 2527 2291 2589 πάθος
2319 2525 2460 2580 κατά
2499 2526 2598 2597 τὴν
2638 2525 2894 2597 ἀλήθειάν
2944 2529 3093 2584 ἐστιν
3131 2530 3515 2599 ὁμολογητέονσ
3562 2529 3704 2599 μετὰ

2119 2618 2176 2672 δὲ
2213 2617 2274 2671 τὺ
2316 2616 2567 2687 δεύτερον
2599 2617 2694 2671 καὶ
2735 2618 2915 2688 τρίτον
2959 2617 3070 2672 ἐστὶ
3109 2620 3478 2690 διανοηθῆναι.
3525 2621 3705 2676 Πάθει

2120 2708 2418 2778 γεννῶμεν,
2454 2707 2549 2761 καὶ
2597 2708 2937 2789 γεννώμεθα,
2987 2709 3084 2780 τῆς
3135 2711 3409 2783 ἡμετέρας
3456 2710 3703 2782 φύσεως,

2121 2798 2216 2852 καὶ
2242 2798 2341 2868 τῆς
2365 2798 2477 2851 τῶν
2515 2797 2692 2852 ἄλλων
2732 2799 2840 2852 τῶν
2870 2801 3224 2870 γεννωμένων
3260 2801 3354 2854 καὶ
3382 2801 3707 2870 γεννώντων

2119 2888 2292 2960 τομὴν
2336 2887 2758 2960 ὑποδεχομένης,
2795 2890 2891 2944 καὶ
2938 2889 3092 2961 ῥύσιν
3137 2891 3460 2963 ἐπεχούσης,
3496 2891 3711 2948 πλατυ-

2123 2979 2258 3050 σμόν
2285 2996 2346 3032 τε
2378 2979 2473 3032 κα)⁵
2515 2979 2795 3050 συστολὴν.
2825 2980 2988 3050 ὄγκον
3013 2999 3072 3035 τε
3105 2983 3200 3036 καὶ
3239 2983 3486 3053 μείωσιν,
3514 2980 3709 3038 καὶτὰ

2126 3071 2260 3126 ἄλλα
2293 3071 2492 3135 πάντα,
2524 3073 2733 3144 ὅσαπερ
2762 3072 2923 3127 πάθει
2964 3077 3242 3144 συνέχεται
3274 3075 3362 3129 διὰ
3380 3075 3481 3145 τὴν
3513 3075 3705 3130 τοιαύ-

2121 3181 2221 3234 την
2250 3165 2446 3218 αἰτίαν.
2491 3165 2579 3218 Ἐν
2609 3164 2729 3234 Θεῷ
2761 3165 2817 3217 δὲ
2855 3165 3007 3220 οὐδὲν
3033 3167 3238 3220 τούτων
3268 3169 3325 3220 ὲν
3351 3167 3430 3238 τῷ
3455 3168 3550 3222 τδν
3574 3167 3707 3221 Υίδν

2121 3257 2508 3327 γεγεννηκέναι
2551 3257 2873 3328 ὲνυπῆρξεν.
2903 3258 2966 3310 Εἰ
2993 3258 3100 3329 γὰρ
3136 3258 3378 3330 ὑπῆρξεν
3422 3259 3484 3312 ἐν
3513 3277 3569 3312 τι
3596 3259 3710 3314 τῶν

2121 3347 2378 3403 τοιούτων
2425 3350 2484 3401 ἐν
2517 3348 2660 3418 Θεῷ,
2696 3347 2837 3402 κατὰ
2879 3349 2977 3419 τὴν
3006 3350 3439 3422 προφασιστικὴν
3468 3352 3550 3414 είς
3576 3352 3710 3406 ἀνα-

2121 3439 2331 3512 τροπὴν
2373 3437 2468 3492 τοῦ
2515 3440 2854 3510 γεννήματος
2898 3439 3172 3506 ὑπόνοιαν,
3221 3440 3328 3494 ἀπὸ
3369 3441 3463 3495 τοῦ
3512 3441 3711 3513 ἑτέρου

2123 3537 2245 3591 καθ’
2274 3538 2421 3608 ἡμᾶς
2461 3537 2678 3608 μέρους,
2721 3535 3013 3600 ἀντιθέτως
3062 3537 3197 3608 πρὸς
3247 3537 3445 3602 αὐτοὺς
3487 3538 3709 3610 ῥητέον,

2122 3629 2204 3683 ὅτι
2240 3631 2298 3682 ὲν
2328 3631 2460 3700 ἡμῖν
2491 3631 2603 3692 τοῖς
2646 3629 2702 3682 ὲν
2733 3627 2893 3681 πάθει
2920 3627 3149 3696 γεννῶσί
3184 3645 3244 3682 τε
3280 3629 3374 3682 καὶ
3423 3631 3705 3700 γεννωμέο

2122 3737 2235 3783 νοις
2259 3719 2427 3782 πάθος
2451 3719 2566 3772 ἐστὶ
2593 3718 2845 3789 δεύτερον
2871 3721 2928 3772 ὲν
2951 3718 3029 3789 τῷ
3052 3719 3274 3784 κτίζειν,
3304 3720 3398 3773 καὶ
3421 3721 3712 3792 πάσχομεν

2123 3813 2181 3864 ὲν
2214 3810 2293 3881 τῷ
2319 3812 2514 3881 γεννᾷν
2541 3827 2601 3864 τε
2631 3811 2724 3864 καὶ
2751 3810 3063 3878 γεννᾶσθαι.
3095 3810 3228 3874 Θεὸς
3258 3810 3313 3863 δὲ
3339 3813 3368 3864 ὁ
3405 3811 3538 3882 παρ’
3575 3811 3703 3881 ὑμῖν

2124 3903 2366 3972 κτίστης,
2406 3903 2500 3955 καὶ
2532 3903 2596 3955 οὐ
2624 3902 2902 3972 γεννήτωρ
2940 3901 3352 3972 ὲπινοούμενοςο
3375 3907 3451 3966 ὼς
3483 3902 3573 3957 διὰ
3602 3901 3712 3974 μὲν

2122 3995 2183 4047 τὸ
2220 3996 2413 4065 γεννᾷν
2444 3994 2855 4065 ἀνατρεπτικῶς
2889 3993 2950 4047 τὸ
2990 3993 3160 4057 πάθος
3204 3995 3577 4065 παραφέρετε,
3616 3996 3710 4050 ἶνα

2123 4085 2221 4158 τὴν
2252 4085 2383 4138 Υἱοῦ
2430 4085 2758 4156 γνησιότητα
2797 4085 3143 4157 ἁρνήσησθεο
3185 4085 3324 4158 λήθῃ
3366 4087 3423 4140 δὲ
3471 4085 3707 4158 παραδι-

2123 4177 2278 4231 δὸατε
2309 4178 2371 4230 τὸ
2393 4177 2486 4230 ἐπὶ
2502 4176 2578 4246 τῷ
2604 4177 2807 4241 κτίζειν
2837 4177 3028 4241 πάθος.
3051 4178 3190 4248 ὅπερ
3211 4179 3304 4231 καὶ
3327 4178 3458 4231 αὐτὸ
3482 4179 3541 4230 ὲν
3563 4177 3707 4247 Θεῷ,

2124 4271 2185 4324 ού
2215 4269 2383 4332 πάθος
2421 4269 2676 4340 ὑπάρχει,
2707 4269 2780 4341 μὴ
2816 4269 3054 4337 γένοιτοί
3094 4270 3231 4324 Οὔτε
3271 4270 3379 4342 γὰρ
3407 4273 3571 4341 ἡμεῖς
3599 4271 3708 4324 πά-

2127 4362 2216 4426 θος
2247 4361 2398 4432 αὑτῷ
2425 4363 2833 4433 προσάπτομεν,
2859 4361 3250 4432 ὁμολογοῦντες
3288 4362 3452 4416 αὑτὸν
3478 4362 3708 4434 κτίστην

453 4441 577 4502 Filii
606 4447 1019 4516 germanitatem
1055 4447 1429 4517 ahttcgetis,et
1469 4449 1798 4502 catholicum
1822 4448 2016 4516 dogma

2125 4455 2250 4508 ὄντα
2274 4454 2380 4509 τῶν
2405 4455 2678 4509 ἁπάντων.
2713 4455 2847 4508 Οὐδὲ
2882 4454 3044 4508 πάλιν
3080 4453 3250 4517 πάθος
3288 4453 3349 4507 ὃν
3379 4455 3508 4526 περὶ
3541 4455 3707 4509 αὑτὸν

454 4536 808 4599 convallatis,
867 4538 1203 4604 generationi
1254 4539 1470 4608 quidem
1525 4538 1867 4594 affectionem
1921 4539 2023 4591 tri-

455 4627 644 4690 bunis,
671 4627 916 4681 eamdem
947 4642 1072 4682 vero
1101 4627 1155 4681 in
1185 4629 1461 4683 creatione
1475 4628 1833 4684 dissimulatis
1865 4647 1878 4682 :
1905 4643 2025 4698 quae

454 4723 510 4772 et
543 4716 658 4785 ipsa
695 4716 748 4769 in
794 4715 900 4770 Deo
951 4717 1240 4785 reperitur,
1275 4731 1375 4771 nec
1416 4718 1468 4771 in
1505 4732 1569 4772 eo
1595 4727 1775 4771 tamen
1811 4715 2025 4772 all'cctio

455 4817 561 4870 est,
597 4805 740 4860 absit
787 4815 848 4859 ut
904 4806 1037 4860 illud
1080 4807 1348 4863 dicamus.
1392 4805 1501 4860 Nos
1541 4807 1683 4862 enim
1734 4808 1938 4860 nullam
1974 4808 2024 4862 ei

456 4897 794 4954 aﬂectionem
857 4904 1142 4967 propterea
1199 4897 1528 4962 tribuimus,
1575 4899 1718 4968 quod
1777 4900 2020 4954 omnium

456 5001 757 5047 creatorem
787 5005 910 5044 esse
958 4988 1247 5044 fateamur.
1282 4989 1544 5043 Similiter
1583 5005 1651 5044 ne
1682 4988 2022 5045 alTectionem

460 5075 674 5147 quidem
721 5076 774 5128 in
826 5091 892 5130 eo
939 5085 1193 5145 putamus
1233 5091 1375 5142 esse,
1424 5079 1568 5146 quod
1613 5093 1796 5134 verum
1825 5077 2021 5134 Filmm

461 5181 584 5223 vere
618 5183 678 5223 ac
705 5169 825 5224 sine
859 5168 1035 5232 initio,
1068 5169 1146 5223 vel
1174 5177 1413 5238 tempore
1437 5172 1690 5238 genuisse
1728 5170 2018 5229 fateamur.

464 5253 541 5314 οι)
571 5259 622 5313 id
657 5269 906 5314 naturam
941 5260 1084 5314 illius
1105 5262 1491 5330 comprehendi
1518 5277 1623 5316 non
1655 5278 1836 5332 posse,
1863 5273 1918 5317 et
1953 5264 2020 5318 ab

457 5350 602 5405 omni
632 5366 827 5419 genere
861 5350 1208 5404 aﬂ‘ectiouum
1243 5351 1541 5405 immunem
1577 5368 1699 5407 esse
1725 5354 2018 5421 cognOSci-

458 5456 599 5496 mus.
629 5439 920 5510 Propterea
965 5444 1213 5497 eumdem
1244 5443 1360 5498 sine
1402 5442 1508 5496 ulla
1551 5442 1835 5498 aﬂectioue
1865 5449 2016 5514 geni-

459 5536 631 5585 torem
669 5546 730 5585 ac
753 5543 1054 5588 creatorem
1100 5535 1416 5594 asscrimus.
1477 5532 1688 5606 Quippe
1726 5537 1858 5590 nihil
1901 5552 2019 5592 om-

541 5681 554 5712 ³
573 5682 698 5736 Cor.
730 5683 969 5739 δύναται.

2125 4545 2501 4616 διανοούμεθα,
2535 4544 2901 4614 γεγεννηκότα
2929 4545 3021 4598 τὸν
3062 4545 3314 4615 ἀληθινὸν
3362 4546 3487 4599 Υίδν
3519 4546 3708 4616 ἀληθι-

2126 4634 2516 4704 νῶς,ἀνάρχως
2541 4635 2633 4688 καὶ
2656 4635 2899 4705 ἀχρόνως
2925 4635 3329 4704 ὁμολογοῦντες.
3357 4635 3449 4688 Διὸ
3472 4637 3572 4708 τὴν
3602 4635 3705 4705 φύ-

2129 4739 2214 4776 σιν
2241 4721 2405 4778 αὐτοῦ
2433 4721 2771 4793 γινώσκομεν
2802 4724 3183 4794 ἀκατάληπτον
3211 4723 3396 4789 οὖσαν,
3423 4727 3518 4779 καὶ
3543 4727 3705 4780 πάθει

2130 4812 2205 4884 μὴ
2239 4813 2618 4884 συνεχομένην.
2659 4815 2758 4869 Διά
2794 4815 2951 4868 τοῦτο
3000 4817 3370 4888 ὁμολογοῦμεν
3412 4818 3576 4871 αὑτὸν
3612 4817 3708 4872 καὶ

2131 4903 2313 4972 ἀπαθῆ
2343 4905 2678 4976 γεννήτορα,
2732 4907 2825 4959 καὶ
2871 4907 3095 4968 κτίστην
3142 4908 3349 4979 ἀπαθῆ.
3415 4909 3706 4979 Ἑγέννησε

2128 4993 2237 5064 γὰρ
2281 4993 2371 5046 τὸν
2416 4995 2691 5066 Μονογενῆ
2741 4997 2814 5068 μὴ
2850 4998 3096 5067 πάσχων,
3150 4999 3244 5051 καὶ
3288 4999 3606 5052 ἀπέστειλεν
3648 4999 3706 5070 ἐξ

2127 5082 2293 5136 αὑτοῦ
2323 5083 2384 5136 τὸ
2416 5084 2570 5153 ἅγιον
2606 5086 2768 5140 αὑτοῦ
2818 5087 3063 5158 Πνεῦμα,
3107 5090 3280 5160 τομὴν
3320 5089 3394 5161 μὴ
3423 5090 3704 5154 ὑποστάς-ο

2129 5175 2220 5229 καὶ
2265 5175 2444 5229 ἔκτισε
2476 5177 2542 5230 τὰ
2591 5178 2902 5242 κτισθέντα,
2947 5181 3040 5234 καὶ
3079 5182 3370 5251 κτιζόμενα
3401 5181 3476 5253 μὴ
3528 5181 3705 5252 κακῷ,

2130 5267 2264 5338 μηδὲ
2301 5267 2461 5322 πάθει
2494 5271 2802 5340 συσχεθείς·
2829 5271 2925 5326 καὶ
2951 5276 3094 5326 ποιεῖ
3122 5274 3149 5326 ὃ
3174 5273 3420 5343 βούλεται
3458 5291 3707 5345 συμπρε-

2127 5359 2336 5423 πόντως
2362 5363 2429 5432 τῇ
2452 5362 2614 5415 αὑτοῦ
2645 5363 2856 5433 θεότητι
2874 5382 2887 5396 ο
2919 5365 2980 5417 οὐ
3007 5365 3222 5436 πρῶτον
3252 5365 3595 5436 βουλόμενος,
3621 5366 3707 5420 ἴνα

2130 5450 2273 5523 μάθῃ
2306 5452 2704 5524 διανοούμενος,
2741 5457 2789 5508 εί
2822 5455 2927 5527 χρὴ
2968 5456 3220 5525 γενέσθαι
3249 5457 3309 5510 τὸ
3354 5457 3708 5528 ἐπιτελούμε-

2127 5560 2248 5596 νονο
2292 5545 2412 5598 οὐδὲ
2459 5545 2781 5618 βουλόμενος
2828 5548 3110 5618 πράττειν,
3158 5550 3359 5621 καὶμὴ
3409 5551 3708 5622 δυνάμενος
