3994 6224
377 292 475 350 581

991 292 1359 355 ADVERSUS
1390 295 1736 355 IIERESES
1772 298 1900 358 LIB.
1944 301 2035 357 III.
2075 302 2238 360 TOM.
2273 304 2315 360 l.
2356 302 2419 346 '—
2466 306 2734 363 HASRES.
2782 301 3017 367 LXXVI.

3537 319 3645 375 582

381 414 731 486 ἑπιχορηγεῖν
775 411 853 483 τῷ
887 411 1187 485 βουλήματι
1225 413 1314 467 διὰ
1339 413 1510 476 πάθος
1540 413 1601 466 τὸ
1646 414 1941 487 τελειούμε

2063 417 2192 472 nino
2240 420 2456 488 patiens
2505 424 2725 476 unicum
2782 424 2980 480 Filium
3016 435 3221 497 genuit,
3256 436 3307 483 et
3337 446 3401 484 ex
3443 432 3645 503 seipse

354 522 486 559 ηνον.
522 504 674 574 Ἅμα
698 502 805 574 γὰρ
834 502 946 573 ἔχει
979 504 1040 556 τὸ
1066 504 1264 569 υελειν,
1292 505 1350 556 τὸ
1381 504 1666 575 πράττειν,
1693 504 1755 557 τὸ
1775 522 1965 573 γεγεν-

372 597 600 668 νηκέναι
630 596 719 649 τὸν
749 596 1050 664 Μονογενῆ,
1077 595 1137 647 τὸ
1164 595 1345 648 κτίσαι
1392 594 1463 647 τὰ
1494 595 1696 657 πάντα,
1727 596 1823 666 τῆς
1854 595 1963 648 θεῖ-

373 688 481 757 κῆς
534 687 749 758 φύσεως
812 687 907 740 καὶ
962 686 1273 756 ἀξιώματος
1329 686 1606 739 ἀνωτάτου
1664 684 1817 748 ὄντος
1868 686 1964 739 καὶ

386 779 595 832 Ἀετίου
639 777 1056 847 συλλογιπικῆς
1095 776 1321 840 ἐννοίας,
1350 776 1442 829 καὶ
1473 776 1652 846 πάσης
1677 775 1957 847 ἀνθρωπό-

372 888 558 942 τητος,
589 869 874 940 ἀμείνονος
911 869 1061 932 ὄντος
1094 868 1189 920 τοῦ
1219 867 1352 920 Θεοῦ
1394 866 1573 937 πάσης
1606 866 1867 932 ἐπινοίας,
1894 867 1955 919 οὑ

374 962 541 1014 πάοει
579 962 837 1023 εἴκοντος,
889 960 1004 1014 ἀλλ’
1056 959 1334 1014 ἀνωτὰτου
1389 958 1542 1021 ὄντος
1589 958 1807 1011 πάντων
1848 959 1956 1012 τῶν

371 1055 586 1117 παθῶν,
615 1054 709 1106 καὶ
742 1053 919 1123 πάσης
951 1053 1224 1115 ὑπονοίας.

2068 518 2317 563 sanctum
2382 528 2539 565 suum
2603 512 2863 582 Spiritum
2910 520 3114 582 emisit,
3171 522 3371 574 nullam
3417 526 3645 580 omnino

2066 599 2386 661 sectionem,
2419 609 2513 654 aut
2562 604 2910 671 partitionem
2962 618 3240 676 expertus.
3283 610 3424 666 Idem
3462 625 3643 668 creata

2065 691 2249 745 omnia
2293 694 2598 762 procreavit
2638 695 2773 748 citra
2809 697 3177 765 fatigationem
3210 715 3261 754 et
3299 702 3643 758 affectionem

2065 782 2248 836 ullam.
2287 783 2425 835 'I‘um
2458 799 2586 837 vero
2622 785 2885 854 quidquid
2942 787 3178 851 libuerit,
3216 806 3312 858 pro
3343 810 3427 854 eo,
3466 807 3528 844 ae
3557 793 3644 845 di-

2066 872 2277 925 \‘itlilali
2300 889 2413 927 suae
2433 876 2739 943 'congruum
2759 885 2861 938 est,
2891 879 3111 930 molitur
3139 896 3151 929 :
3182 897 3285 933 non
3312 885 3453 951 quod
3484 893 3643 937 antea

2062 962 2223 1026 velit,
2273 972 2327 1016 ut
2374 966 2635 1020 attentius
2691 974 2876 1035 postea
2927 969 3177 1038 cogitans
3218 971 3394 1025 discat
3443 975 3642 1043 ecquid

2062 1055 2246 1123 perlici
2273 1060 2415 1125 quod
2446 1056 2695 1126 designat
2753 1067 3020 1127 oporteat.
3060 1060 3244 1132 Neque
3295 1065 3366 1117 ita
3406 1067 3518 1118 vult
3547 1082 3643 1119 ex-

372 1148 553 1214 sequi,
607 1154 664 1198 ut
702 1144 774 1198 ob
824 1143 1168 1198 allectionem
1205 1142 1441 1210 aliquam
1490 1140 1757 1194 voluntati
1810 1155 1949 1208 opus
1981 1140 2158 1211 ipsum
2190 1156 2584 1213 repraesentare
2614 1155 2870 1215 nequeat.
2911 1147 3044 1202 Nam
3070 1149 3183 1203 haec
3225 1151 3408 1203 omnia
3474 1153 3639 1207 simul

369 1238 420 1289 ei
452 1242 771 1304 suppetunt,
794 1234 950 1299 velle,
973 1232 1170 1295 facere,
1200 1233 1421 1285 unicum
1450 1246 1713 1302 generare
1743 1228 1961 1299 Filium,
1997 1248 2286 1302 procreare
2320 1252 2409 1290 res
2443 1254 2652 1293 omnes.
2677 1237 3130 1310 Quandoquidem
3173 1239 3268 1296 Dei
3333 1253 3527 1296 natura
3585 1252 3641 1298 et

369 1326 637 1393 majestas
657 1324 805 1378 omni
829 1332 913 1379 est
948 1325 1086 1378 Aetii
1119 1323 1431 1393 disputandi
1461 1323 1764 1378 subtilitate
1794 1323 1957 1393 955
1990 1333 2042 1379 et
2075 1328 2308 1381 lmmana
2342 1331 2656 1385 conditione
2714 1334 2984 1401 superior.
3044 1333 3206 1399 Deus,
3246 1336 3506 1404 inquam,
3549 1336 3640 1389 in-

372 1417 736 1485 telligeutiam
772 1431 989 1471 clunem
1021 1423 1337 1487 exsuperat,
1386 1429 1488 1470 nec
1526 1413 1798 1469 aﬂectioni
1831 1416 1975 1471 cedit
2004 1418 2121 1484 ulli,
2145 1420 2241 1474 sed
2272 1436 2439 1491 supra
2492 1421 2837 1479 aﬂ‘cctionem
2892 1439 3107 1479 onmem
3158 1440 3222 1480 ac
3272 1424 3641 1495 suspicionem

368 1508 593 1563 eminet.

750 1622 1162 1677 ΚΕΦΑΛΑῙΟΝ
1194 1623 1449 1677 ΑΕΤΙΟΥ
1496 1623 1597 1677 lE'.

2550 1621 2735 1676 AETII
2768 1622 2997 1677 CAPUT
3024 1622 3139 1679 XV.

446 1714 507 1766 Εἰ
537 1714 600 1767 τὸ
624 1712 869 1782 γέννημα
922 1714 1190 1784 ἄτρεπτόν
1223 1716 1337 1767 ἐστι
1387 1714 1485 1785 τὴν
1538 1713 1698 1783 φύσιν
1744 1713 1832 1768 διὰ
1861 1713 1941 1768 τὸν

2126 1712 2182 1766 Si
2212 1714 2390 1783 genita
2422 1714 2641 1768 soboles
2672 1724 2864 1769 natura
2897 1716 2967 1769 ob
2992 1726 3342 1787 generantem
3381 1719 3637 1778 immuta-

364 1807 713 1880 γεννήσαντα
740 1807 832 1861 τὸν
862 1809 878 1839 ¹
916 1808 1238 1879 ἀγέννητον,
1284 1808 1443 1861 οὑσία
1484 1810 1630 1861 ἐστὶν
1660 1808 1950 1881 ἄτρεπτος,

365 1898 430 1952 οὑ
460 1898 547 1952 διὰ
574 1898 819 1970 γνώμην,
852 1897 990 1953 ἀλλά
1008 1897 1097 1953 διὰ
1122 1899 1183 1954 τὸ
1209 1900 1266 1952 ἐν
1288 1899 1447 1970 οὑσία
1480 1898 1718 1970 ἀξίωμα.

931 2093 1256 2162 Ἀνατροπὴ
1296 2097 1379 2149 ΙΕ
1398 2136 1413 2150 .

438 2182 586 2245 Ἕως
610 2182 741 2236 πότε
765 2182 890 2253 ἥκει
928 2183 1109 2254 φέρων
1146 2185 1277 2253 ἡμῖν
1307 2180 1460 2248 οὗτος
1486 2184 1547 2237 τὸ
1577 2184 1709 2238 αὑτὸ
1746 2183 1946 2253 λέγειν,

364 2273 465 2328 καὶ
505 2274 670 2345 μηδὲν
704 2274 1052 2345 ὑπερϐαίνειν
1100 2275 1208 2327 τῶν
1251 2276 1613 2346 ἐγκειμένων;
1666 2277 1805 2329 Ὅσα
1840 2277 1948 2348 γὰρ

365 2366 471 2437 εφη
495 2366 751 2437 ἀπαρχῆς
813 2366 904 2419 καὶ
929 2366 1055 2437 ἄχρι
1081 2366 1282 2434 τέλους,
1295 2367 1432 2420 αὑτά
1454 2367 1582 2437 περὶ
1606 2366 1714 2419 τῶν
1742 2367 1945 2433 αὑτῶν,

366 2458 463 2512 καὶ
488 2458 643 2511 οὑθὲν
667 2457 852 2528 ἕτερον
881 2458 1197 2529 διηγήσατο,
1236 2460 1297 2511 οὐ
1335 2460 1608 2529 μυστήρια
1647 2461 1782 2529 ἡμῖν
1813 2458 1946 2511 ὑπο-

363 2549 575 2614 δείξας,
609 2549 668 2603 οὑ
700 2548 833 2602 Θεὸν
856 2589 870 2614 ,
900 2549 959 2602 ὃν
1000 2550 1422 2619 ἐπαγγέλλεται,
1448 2551 1665 2617 διδάξας
1688 2592 1705 2619 ,
1754 2552 1814 2605 οὑ
1855 2553 1947 2605 πί-

365 2659 504 2703 στιν,
531 2642 598 2694 δι’
623 2637 691 2713 ἦς
725 2640 1071 2711 ἐνεργοῦντες
1117 2641 1401 2694 ἀπόστολοι
1436 2642 1533 2712 τὴν
1559 2643 1658 2714 τῆς
1686 2642 1945 2715 ἀληθείας

360 2731 717 2802 ὀνομάζοντες
774 2731 1001 2804 στερεὰν
1047 2732 1334 2802 ὁμολογίαν
1360 2772 1374 2797 ,
1411 2734 1635 2804 νεκροὺς
1693 2735 1943 2807 ἧγειραν,

362 2826 459 2879 καλ⁸
488 2826 720 2896 λεπροὺς
749 2825 1106 2895 ὲκαθὰρισαν,
1143 2826 1237 2878 καὶ
1265 2825 1430 2878 τᾶλλα
1464 2828 1641 2879 πάντα
1682 2827 1780 2897 τῆς
1808 2829 1945 2896 ἀγα-

362 2916 463 2986 θῆς
505 2916 822 2986 συμφωνίας
847 2956 862 2979 ,
898 2916 956 2982 ὲξ
1007 2911 1082 2969 ὧν
1128 2915 1195 2969 τὰ
1244 2915 1614 2986 ὑποδείγματα
1649 2918 1943 2984 ὑπέφαινον

359 3010 460 3079 τῆς
496 3009 756 3079 ἀληθινῆς
780 3007 1089 3078 ἐνεργείας·
1124 3007 1259 3060 ἀλλὰ
1288 3011 1547 3076 ματαίους
1600 3009 1693 3060 καὶ
1720 3007 1943 3078 κομπώ-

358 3101 470 3164 δεις
522 3098 915 3169 συλλογισμοὺς
953 3100 1026 3169 μὴ
1081 3097 1505 3169 ὑπερϐαίνοντας
1540 3098 1637 3169 τὴν
1673 3098 1774 3169 τῆς
1820 3116 1939 3152 ταυ-

357 3189 608 3258 τολογίας
665 3189 944 3261 προφορὰν
967 3205 982 3218 ο
1025 3187 1138 3240 ἀλλ’
1172 3187 1312 3241 αὑτὰ
1367 3189 1586 3251 ἐκεῖνα,
1642 3189 1736 3241 καὶ
1790 3188 1941 3243 οὐδὲν

357 3283 546 3352 ἕτερον
582 3281 953 3351 διηγούμενος.
992 3280 1083 3332 Διὸ
1104 3278 1524 3350 παρακαλοῦμεν
1559 3280 1707 3342 ὅπως
1754 3280 1960 3365 μηδεὶς.

358 3376 509 3444 ἡμᾶς
551 3373 934 3445 ὲπιμέμψηται
977 3374 1086 3428 τῶν
1125 3373 1556 3443 ἐντυγχανόντων
1581 3415 1597 3439 ,
1635 3374 1794 3443 εἴπερ
1847 3375 1941 3427 καὶ

356 3464 511 3517 αὑτοὶ
552 3465 695 3518 κατά
736 3464 845 3517 τῶν
895 3464 1075 3519 αὑτῶν
1108 3462 1416 3534 ἐνεχθῶμεν
1443 3503 1457 3527 ,
1506 3463 1937 3533 ἀναγκαζόμενοι

355 3559 537 3629 λέγειν
566 3558 702 3630 πρὸς
729 3558 827 3629 τὴν
851 3557 1015 3611 αὑτοῦ
1047 3557 1423 3625 ταυτολογίαν.
1458 3556 1531 3609 Τὸ
1552 3556 1798 3627 γέννημα
1827 3556 1938 3627 γὰρ

354 3652 624 3725 ἄτρεπτόν
662 3654 811 3704 ὲστιν
835 3689 851 3714 ,
901 3650 1023 3703 ὅσον
1054 3650 1250 3721 πρέπει
1281 3649 1520 3719 θεότητι·
1553 3649 1648 3702 καὶ
1686 3651 1713 3702 ό
1744 3650 1934 3720 γεννή-

353 3762 469 3815 τωρ
500 3742 771 3815 ἄτρεπτός
805 3743 984 3805 ἐστιν,
1013 3741 1088 3804 ὡς
1132 3740 1333 3810 πρέπει
1362 3741 1639 3808 ἀναλόγως
1676 3743 1740 3810 τῇ
1772 3738 1934 3792 αὑτοῦ

353 3830 612 3902 ἀτρέπτῳ
669 3830 849 3900 φύσει.
900 3828 1062 3883 Μένει
1117 3830 1175 3883 δὲ
1225 3832 1254 3883 ό
1290 3831 1556 3899 γεννήσας
1594 3830 1681 3883 ἀεὶ
1730 3829 1822 3882 τὸν
1877 3830 1937 3895 ἐξ

352 3922 519 3979 αὑτοῦ
553 3922 694 3993 ἔχων
727 3921 1125 3993 γεγεννημένον
1145 3961 1159 3986 ,
1203 3921 1473 3992 μηδεμίαν
1520 3921 1774 3974 ὑπόνοιαν
1806 3938 1936 3990 συγ-

353 4015 549 4085 χωρῶν
580 4018 691 4079 τοῖς
715 4014 805 4067 ὑπ’
838 4013 1003 4066 αὑτοῦ
1032 4012 1438 4082 κεκτισμένοις,
1476 4010 1605 4065 ἄνευ
1645 4010 1774 4063 Υἱοῦ
1810 4012 1936 4065 εἰδέ-

351 4124 442 4159 ναι
473 4107 727 4176 Πατέρα,
765 4106 858 4159 καὶ
890 4106 1016 4160 ἄνευ
1054 4104 1268 4176 Πατρός
1301 4120 1431 4156 ποτε
1470 4102 1666 4156 είδὲναι
1706 4102 1796 4155 τὸν
1836 4119 1931 4170 γε·

350 4199 702 4270 γεννημὲνον,
735 4197 829 4250 καὶ
866 4196 928 4250 τδ
957 4195 1164 4249 τέλειον
1190 4194 1354 4249 αὑτοῦ
1398 4193 1642 4265 Πνεῦμα,
1690 4194 1718 4247 ὃ
1747 4195 1810 4246 ἐκ
1838 4192 1932 4247 τοῦ

352 4290 569 4361 Πατρός
617 4286 1018 4359 ἐκπορεύεται,
1077 4287 1170 4339 καὶ
1205 4286 1300 4339 τοῦ
1335 4284 1465 4339 Υίοῦ
1503 4285 1784 4356 λαμϐάνει.
1823 4285 1933 4337 Καὶ

348 4380 507 4434 τοῦτο
573 4382 783 4451 πρέπον
836 4379 984 4433 ἐστὶν
1033 4376 1339 4449 ἀξιώματος
1393 4377 1582 4440 οὐσίας
1631 4375 1767 4429 Θεοῦ
1802 4417 1816 4439 ,

349 4471 809 4543 ἀπροσληπτικῶς
837 4471 913 4542 μὴ
937 4469 1235 4524 ὲπιδεῖσθαί
1271 4486 1414 4532 τινος
1443 4466 1753 4532 ἀξιώματος
1772 4508 1787 4531 ,
1813 4465 1925 4519 ἀλλ’

350 4565 493 4634 ἔχειν
520 4564 652 4616 αὑτὸ
679 4562 864 4626 ἁῖδίως
889 4565 946 4615 ἐν
976 4564 1044 4632 τῇ
1081 4560 1185 4631 ἰδία
1220 4560 1528 4631 ταυτότητι.

2057 1801 2182 1856 bilis
2211 1811 2330 1868 est;
2382 1802 2528 1873 quod
2582 1805 2884 1875 ingenitum
2916 1814 2999 1860 est
3040 1806 3347 1862 substantia
3385 1813 3635 1881 quaedam

2054 1891 2411 1948 immutabilis
2437 1905 2541 1960 est,
2568 1910 2675 1949 non
2715 1896 2942 1950 arbitrio
2965 1898 3310 1969 cujusquam,
3346 1905 3441 1957 sed
3470 1905 3635 1959 insita

2053 1982 2286 2051 quadam
2315 1985 2636 2040 substantiae
2657 1986 2944 2057 dignitate.

2608 2097 2914 2170 Confutatio
2956 2099 3004 2152 Χ
3021 2099 3081 2154 ν.

2120 2180 2418 2255 Quousque
2472 2187 2692 2241 tandem
2742 2192 2928 2244 eadem
2974 2194 3131 2247 nobis
3180 2192 3492 2255 inculcabit,
3534 2213 3633 2251 nec

2050 2273 2120 2327 ab
2152 2275 2217 2330 iis
2258 2294 2376 2345 qua)
2407 2288 2562 2331 antea
2596 2284 2875 2349 proposita
2911 2292 3059 2348 sunt,
3098 2284 3374 2339 diversum
3408 2290 3638 2344 amaret!

2047 2364 2181 2421 Nam
2227 2385 2349 2437 quae
2402 2370 2557 2422 initio
2600 2373 3075 2440 pronuntiaverat,
3125 2375 3315 2429 eadem
3356 2377 3422 2429 ad
3470 2379 3629 2432 liuent

2056 2471 2229 2525 usque
2262 2457 2454 2512 iisdem
2488 2460 2555 2513 de
2604 2460 2788 2526 rebus,
2824 2479 2921 2516 nec
2954 2463 3098 2516 aliud
3137 2473 3393 2533 pra-terea
3423 2475 3633 2531 narrat,

2048 2562 2156 2601 non
2184 2550 2441 2619 mysteria
2469 2551 2576 2603 ulla
2603 2554 2761 2606 nobis
2793 2556 3028 2622 aperuit,
3057 2572 3165 2608 non
3203 2555 3269 2610 de
3304 2557 3430 2618 Deo,
3466 2574 3629 2626 quem

2052 2638 2338 2708 professus
2381 2648 2517 2705 erat,
2575 2641 2783 2705 docuit.
2826 2661 2935 2697 non
2975 2648 3154 2708 Iidem,
3191 2647 3347 2716 cujus
3375 2650 3631 2718 praesidio

2045 2727 2183 2779 mira
2222 2728 2484 2783 facientes
2518 2732 2772 2798 apostoli,
2807 2748 2931 2786 cum
2973 2734 3201 2789 solidam
3231 2737 3477 2793 veritatis
3497 2755 3628 2793 eon-

2047 2815 2343 2872 fessionem
2402 2820 2809 2889 concepissent,
2862 2834 3108 2879 monluos
3157 2826 3487 2891 excitarunt,
3517 2831 3630 2885 ele-

2044 2910 2367 2978 pltantiaeos
2392 2922 2710 2979 purgarunt,
2752 2914 2965 2982 aliaque
3005 2917 3260 2983 praeclare
3297 2918 3626 2974 cohaerentia

2048 3001 2417 3070 praestiterunt
2444 3019 2465 3073 γε
2498 3019 2618 3072 qua:
2687 3004 2905 3073 quidem
2948 3022 3091 3071 vere,
3124 3024 3231 3061 non
3270 3010 3383 3062 sola
3444 3014 3626 3079 specie

2044 3102 2277 3162 patrata,
2330 3095 2476 3147 velut
2525 3107 2847 3165 argumenta
2898 3107 3067 3167 atque
3126 3099 3329 3154 indicia
3381 3101 3625 3170 profere-

2045 3186 2220 3240 bant:
2262 3194 2317 3239 at
2366 3187 2456 3241 ille
2494 3198 2688 3241 contra
2741 3190 2876 3243 nihil
2925 3199 3124 3260 printer
3164 3193 3498 3247 vanissimas
3569 3204 3624 3249 et

2040 3284 2298 3331 ventosas
2373 3277 2813 3348 syllogismorum
2876 3282 3208 3337 subtilitates
3279 3285 3620 3338 inmedium

2041 3362 2212 3429 aﬂert,
2244 3380 2383 3435 quas
2436 3366 2583 3437 ipsas
2634 3369 2930 3437 repetendo
2962 3371 3162 3439 smpius
3199 3371 3266 3425 ad
3311 3373 3619 3427 satietatem

2040 3454 2277 3524 ingerit;
2336 3471 2437 3511 nec
2499 3457 2647 3511 aliud
2696 3466 2959 3527 praeterea
3020 3464 3295 3530 proponit.
3353 3462 3622 3529 Quocirca

2044 3546 2300 3601 lectorem
2351 3555 2597 3617 rogatum
2653 3551 2927 3614 volumus,
2972 3566 3040 3605 ne
3076 3551 3129 3606 id
3171 3552 3329 3607 nobis
3357 3553 3490 3607 vitio
3528 3554 3623 3607 tri-

2038 3637 2318 3692 buendum
2365 3639 2643 3695 existimet
2688 3642 2833 3709 quod
2863 3650 2916 3696 et
2946 3641 3049 3711 ipsi
3085 3642 3285 3712 smpius
3313 3643 3499 3698 eadem
3535 3659 3623 3699 re-

2037 3737 2290 3797 petamus
2327 3745 2342 3793 ;
2407 3730 2574 3799 quod,
2627 3738 2685 3785 ut
2716 3731 2792 3785 illi
2823 3733 3278 3802 respondeamus,
3314 3733 3492 3789 facere
3517 3737 3621 3791 hoc

2038 3820 2158 3874 loco
2190 3822 2457 3891 cogimur.
2491 3823 2654 3892 Igitur
2708 3824 2890 3893 genita
2931 3825 3168 3889 soboles,
3217 3840 3313 3893 pro
3341 3841 3407 3880 eo
3438 3842 3501 3879 ac
3535 3828 3621 3881 di-

2035 3913 2318 3967 vinitatem
2377 3915 2554 3977 decet,
2601 3916 2960 3972 immutabilis
3010 3926 3127 3979 est;
3160 3916 3255 3971 sed
3294 3927 3348 3971 ct
3380 3921 3496 3987 ipse
3525 3933 3620 3985 ge.

2036 4005 2186 4059 nitor
2243 4005 2599 4060 immutabilis
2653 4014 2773 4071 est,
2828 4008 3287 4075 quemadmodum
3340 4011 3617 4063 constanti

2037 4094 2213 4164 ipsius
2248 4104 2456 4149 natura:
2510 4098 2791 4151 convenit.
2841 4098 3108 4151 Cancrum
3140 4099 3351 4168 genter
3392 4099 3464 4152 ita
3498 4114 3615 4153 ma-

2036 4192 2148 4246 net,
2179 4193 2238 4238 ttt
2281 4201 2442 4255 quem
2475 4202 2505 4239 e
2538 4186 2720 4255 seipso
2759 4191 2947 4257 genuit.
2988 4197 3250 4258 perpetuo
3285 4206 3470 4243 secum
3514 4190 3615 4243 ba-

2034 4276 2197 4342 bcat;
2253 4291 2353 4331 nec
2396 4277 2563 4330 ullam
2603 4278 2840 4334 conditis
2886 4296 2914 4331 a
2952 4295 3010 4334 se
3079 4281 3240 4335 rebus
3296 4281 3613 4349 Stlspicattdi

1871 4376 1932 4428 τὸ
1966 4383 2008 4435 [)
2037 4368 2382 4421 occasionem
2441 4368 2662 4437 przebet,
2720 4376 2778 4422 ut
2834 4371 2916 4432 vel
2964 4371 3082 4423 sine
3136 4370 3277 4423 Fdio
3312 4370 3615 4440 intelligere

2035 4457 2273 4521 Patrem,
2308 4459 2392 4512 vel
2448 4460 2565 4513 sine
2598 4458 2759 4515 Patre
2784 4462 3024 4530 genitum
3071 4460 3289 4527 Filium,
3316 4470 3406 4515 aut
3442 4462 3614 4532 perfe-

2036 4561 2184 4605 ctum
2243 4550 2363 4618 ejus
2416 4549 2702 4620 Spiritum,
2740 4553 2833 4621 qui
2882 4569 2910 4605 a
2940 4552 3102 4607 Patre
3143 4556 3456 4623 procedit’,
3492 4564 3544 4608 et
3578 4569 3610 4609 a

351 4655 490 4711 Filio
514 4657 713 4725 accipit
744 4656 786 4720 ³,
830 4656 1015 4709 animo
1045 4653 1256 4724 possint
1292 4653 1601 4723 concipere.
1627 4652 1804 4720 Atque
1827 4648 1930 4702 hoc
1967 4653 2161 4699 natura
2204 4641 2294 4698 Dei
2337 4644 2561 4714 dignum
2607 4652 2713 4707 est,
2755 4645 3097 4715 maximeque
3150 4658 3619 4719 consentaneum,

354 4753 560 4807 nullam
607 4759 666 4804 ut
699 4749 1007 4819 splendoris
1047 4746 1421 4802 accessionem
1476 4746 1821 4801 extrinsecus
1859 4740 2123 4811 requirat,
2183 4737 2278 4792 sed
2340 4746 2515 4791 totum
2563 4738 2695 4793 illud
2751 4747 3012 4809 perpetuo
3042 4739 3094 4793 in
3137 4741 3356 4811 propria
3414 4741 3610 4796 identi-

350 4854 459 4902 tate
492 4845 796 4902 contineat.

719 4958 1118 5014 ΚΕΦΑΛΑΙΟΝ
1148 4957 1400 5011 ΑΕΤΙΟΥ
1439 4958 1522 5023 1c:
1521 4962 1555 5008 ’.

416 5050 479 5102 Εί
513 5048 573 5101 τὸ
618 5047 913 5118 ἀγέννητον
942 5047 1129 5109 οὑσίας
1183 5047 1299 5099 ἐστὶ
1331 5045 1627 5116 δηλωτικὸν
1650 5083 1665 5108 ,
1700 5042 1924 5105 εἰκότως

346 5141 482 5212 πρὸς
523 5141 621 5212 τὴν
666 5138 759 5193 τοῦ
805 5140 1139 5209 γεννήματος
1174 5137 1362 5190 οὑσίαν
1413 5134 1920 5190 ἀντιδιαστέλλεται.

345 5229 409 5283 Εί
437 5228 495 5281 δὲ
537 5229 702 5299 μηδὲν
736 5228 992 5298 σημαίνει
1041 5226 1103 5279 τὸ
1148 5226 1439 5296 ἀγέννητον
1464 5264 1478 5286 ,
1514 5223 1690 5294 πολλῷ
1723 5223 1922 5294 μᾶλλον

341 5319 493 5371 οὐδὲν
525 5318 674 5389 δηλοί
706 5318 768 5371 τὸ
811 5317 1072 5388 γέννημα.
1108 5318 1171 5369 Εἰ
1215 5316 1270 5368 δὲ
1303 5315 1495 5385 μηδὲν,
1530 5314 1645 5378 πῶς
1686 5313 1921 5366 ἀντιδια-

342 5411 599 5479 «alain;
630 5409 691 5463 Εἰ
718 5410 773 5463 δὲ
820 5411 853 5481 ἡ
883 5408 1177 5477 ἀγέννητος
1206 5407 1457 5477 προφορα
1490 5406 1625 5477 πρὸς
1663 5405 1761 5475 τὴν
1790 5422 1915 5473 γεν-

2403 4943 2569 5015 956
2598 4943 2779 4999 ΑΕΤΙΙ
2814 4945 3044 5002 CAPUT
3087 4945 3225 4999 XVI.

2103 5035 2159 5090 Si
2192 5035 2418 5105 ingeniti
2455 5051 2554 5089 vox
2594 5038 2955 5091 substantiam
3005 5038 3279 5107 exprimit,
3316 5046 3509 5091 merito
3536 5039 3605 5093 ab

2030 5128 2197 5198 geniti
2225 5129 2555 5193 substantia,
2584 5130 2731 5183 velut
2763 5131 3064 5186 membrum
3109 5131 3397 5185 divisionis
3435 5146 3607 5199 Oppo-

2030 5218 2219 5281 situm,
2259 5216 2613 5272 discernitur.
2656 5219 2752 5273 Sin
2800 5228 2980 5273 autem
3024 5220 3158 5272 nihil
3193 5218 3416 5273 omnino
3450 5235 3605 5272 vora-

2024 5310 2214 5364 bulum
2256 5312 2386 5364 illud
2424 5312 2647 5381 ingeniti
2695 5312 2984 5382 signiﬁcat,
3024 5311 3193 5363 multo
3233 5311 3413 5364 minus
3436 5309 3602 5380 geniti

2022 5421 2125 5459 vox
2162 5405 2365 5476 aliquid
2404 5406 2712 5474 exprimet;
2762 5420 2939 5473 neque
2976 5403 3272 5473 quidquam
3305 5404 3603 5473 supererit,

339 5502 505 5575 νητὴν
540 5501 820 5574 προφορὰν
862 5498 1381 5559 ἀντιδιαστέλλεται,
1415 5498 1623 5567 σιωπῆς
1650 5497 1747 5567 τὴν
1785 5514 1917 5568 πρι-

2048 5499 2161 5568 ,ιιοιί
2196 5498 2250 5554 in
2288 5499 2557 5555 divisione
2592 5500 2750 5553 alteri
2788 5498 3132 5567 respondeat.
3181 5496 3386 5561 Quodsi
3449 5498 3603 5566 inge—

412 5662 430 5696 ¹
453 5663 582 5733 Leg.
615 5662 698 5717 τό.
774 5663 795 5691 ²
822 5658 978 5714 Joan.
1012 5674 1099 5727 xv,
1135 5658 1225 5711 ‘26.
1304 5657 1323 5687 ³
1358 5654 1512 5711 Joan.
1554 5671 1663 5721 1m,
1698 5654 1781 5719 I4,
1826 5654 1906 5709 ιε.
