3994 6224
339 269 446 328 583

1769 273 1826 328 S.
1867 273 2214 330 EPIPIIANII

3511 271 3616 327 584

339 389 443 442 niti
475 388 710 460 prolatio
766 386 882 458 ipsa
935 401 964 440 ο
1009 383 1176 455 geniti
1213 384 1541 455 prolatione,
1578 386 1722 442 velut
1749 404 1921 446 mem-

2040 392 2200 462 Ροράν
2225 389 2650 461 διαδεχομένης,
2686 389 2934 458 γίνεσθαι
2961 389 3253 462 συμϐαίνει
3291 390 3388 444 καὶ
3421 389 3622 454 ἀπογί-

339 479 499 534 brum
532 477 816 531 divisionis
851 475 1184 546 oppositmn,
1219 476 1545 540 secernitur,
1567 492 1690 529 cum
1714 493 1916 532 secun-

339 573 468 628 dum
494 571 992 640 pronuntiationem
1022 578 1254 636 tacetur,
1289 568 1726 624 Christianorum
1763 587 1918 642 spem

339 663 502 716 modo
547 662 836 724 exsistere,
887 660 1048 714 modo
1097 660 1372 728 exstingui
1409 675 1636 715 necesse
1665 669 1770 726 est,
1800 677 1922 732 qua:

2035 484 2224 538 νεσθαι
2258 481 2356 552 τὴν
2381 481 2490 534 τῶν
2527 482 2869 552 Χριστιανῶν
2899 482 3110 547 ἐλπίδα,
3151 484 3210 536 ὲν
3236 482 3491 551 ὐποφσρᾷ
3515 497 3624 533 κει-

2037 574 2206 644 μένην
2229 611 2244 635 ,
2284 572 2400 625 ἀλλ’
2423 573 2522 626 οὐκ
2550 574 2622 625 ὲν.
2643 572 2869 642 φύσεσιν
2887 614 2903 636 ,
2939 573 3112 638 οὕτως
3149 573 3402 644 ἐχούσαις
3429 613 3446 630 ,
3479 573 3556 636 ὡς
3586 572 3622 643 η

2030 663 2141 718 τῶν
2169 664 2452 735 ὀνομάτων
2492 665 2740 735 βούλεται
2783 665 3049 738 σημασία.

339 759 452 806 tota
493 753 546 805 in
601 753 1051 822 pronuntiatione
1103 751 1396 818 consistat,
1429 767 1537 805 non
1583 751 1638 806 in
1672 753 1912 822 naturis,
1953 769 2074 825 qua:
2119 756 2195 810 ita
2242 771 2366 812 sese
2417 756 2678 822 habeant,
2739 766 2800 812 ut
2852 758 3246 814 vocabulorum
3289 754 3624 828 signiﬁcatio

336 846 457 916 ipsa
493 861 602 916 pra:
635 862 695 902 se
719 849 861 902 ferre
895 844 1132 902 videtur.

867 955 1176 1024 Coufutatio
1227 954 1276 1008 X
1293 953 1387 1010 γι.

409 1050 696 1118 Quomodo
723 1065 844 1120 quae
873 1057 1067 1104 contra
1101 1066 1160 1105 se
1183 1049 1393 1104 faciunt
1433 1050 1745 1105 testimonia
1777 1051 1926 1120 prio-

337 1158 430 1199 res
453 1157 722 1213 usurpare
745 1143 923 1196 solent
944 1142 980 1196 ii
1003 1141 1097 1211 qui
1127 1141 1412 1197 mdiorum
1431 1143 1629 1198 animis
1646 1153 1925 1213 stuporem
1949 1179 1964 1188 ι

341 1233 570 1304 injicere
606 1234 966 1288 didicerunt?
1017 1234 1232 1290 Etenim
1287 1235 1511 1299 Aetius,
1569 1239 1662 1305 qui
1709 1236 1764 1290 in
1807 1235 1924 1290 sola

341 1327 810 1398 pronuntiatione,
857 1341 967 1380 non
1010 1325 1062 1379 in
1101 1326 1178 1380 rei
1205 1327 1454 1392 veritate,
1519 1341 1670 1396 spem
1709 1339 1926 1380 onmem

342 1418 652 1480 collocavit,
685 1416 833 1472 istud
872 1417 1048 1483 ipsum
1081 1416 1241 1470 nobis
1281 1415 1523 1484 objicere
1554 1415 1688 1468 nihil
1717 1425 1803 1470 est
1831 1431 1928 1471 ve-

343 1510 502 1572 ritus,
540 1525 662 1562 cum
702 1508 816 1577 ipse
853 1506 943 1560 Dei
981 1504 1174 1560 Filium
1240 1505 1519 1576 Deumque
1565 1505 1780 1562 Patrem
1811 1506 1928 1561 sola

341 1613 475 1655 voce
534 1599 781 1654 conﬁteri
829 1614 937 1652 non
986 1598 1307 1653 erubuerit:
1343 1613 1467 1652 nam
1521 1597 1666 1667 quod
1717 1597 1784 1652 ad
1821 1611 1924 1652 nos

342 1692 558 1754 attinet,
595 1689 900 1744 naturalem
925 1689 980 1743 in
1004 1688 1197 1758 primis
1223 1703 1345 1744 esse
1361 1687 1576 1742 Patrem
1603 1688 1925 1756 asserimus,

2595 954 2920 1024 Ἀνατροπὴ
2951 948 3078 1015 1G".

2104 1046 2230 1110 Πῶς
2261 1046 2666 1118 προλαμϐάνειν
2699 1047 2920 1102 εἰώθασι
2949 1051 3050 1110 τὰς
3083 1047 3206 1100 καθ’
3237 1047 3448 1100 ἑαυτῶν
3477 1067 3622 1121 μαρο

2029 1136 2220 1206 τυρίας
2263 1137 2312 1188 οἱ
2343 1135 2640 1207 ὲκθαμϐεἰν
2685 1137 2785 1207 τὴν
2830 1137 3068 1191 διάνοιαν
3095 1136 3206 1190 τῶν
3247 1137 3492 1209 ἀπείρων
3533 1156 3624 1209 με-

2036 1227 2342 1297 μαθηκότες
2367 1246 2382 1294 ;
2419 1226 2476 1280 '0
2504 1228 2613 1298 γὰρ
2641 1229 2700 1281 ὲν
2729 1229 2979 1299 προφορᾷ
3005 1229 3104 1300 τὴν
3125 1228 3315 1283 ἐλπίδα
3343 1229 3620 1300 κεκτημέ-

2033 1333 2124 1380 νος
2165 1317 2370 1379 ’Δέτιος
2419 1317 2579 1387 μόνος
2606 1318 2649 1382 ⁸,
2695 1319 2790 1372 καὶ
2823 1319 2921 1370 οὐκ
2954 1318 3180 1390 ἀληθείᾳ
3205 1359 3219 1384 ,
3251 1319 3457 1390 ταύτην
3487 1323 3624 1391 ἡμῖν

2033 1407 2390 1478 ἐπιφημίζειν
2420 1407 2708 1478 τολμηρῶς
2760 1407 3030 1479 προῆλθεν
3073 1410 3234 1474 αὐτὸς
3257 1449 3273 1472 ,
3311 1410 3442 1463 Υἱδν
3484 1411 3620 1463 Θεοῦ

2034 1499 2133 1552 καὶ
2173 1499 2306 1552 Θεὸν
2331 1499 2553 1569 Πατέρα
2597 1498 2737 1570 ψιλῷ
2769 1499 2912 1569 λόγῳ
2963 1499 3038 1572 μὴ
3070 1501 3336 1564 αἰδεσθεὶς
3361 1502 3626 1573 ὁμολογῆ-

2036 1607 2126 1643 σαι
2149 1607 2164 1621 ’
2200 1590 2357 1661 ἡμῶν
2400 1591 2457 1643 δὲ
2486 1589 2722 1662 μάλιστα
2771 1591 3176 1662 ὁμολογούντων
3219 1594 3450 1661 φυσικὸν
3484 1591 3622 1649 εἶναι

2034 1682 2276 1754 Πατέρα,
2309 1683 2404 1736 καὶ
2433 1683 2658 1752 φυσικὸν
2717 1677 2860 1736 εἶναι
2901 1683 3050 1749 Υίὸν,
3095 1685 3190 1738 καὶ
3229 1687 3458 1755 φυσικὸν
3483 1681 3622 1740 εἶναι

341 1789 395 1834 et
436 1780 738 1834 naturalem
782 1777 1008 1840 Filium,
1054 1785 1108 1830 et
1139 1775 1442 1830 naturalem
1495 1777 1756 1846 Spiritum
1800 1793 1931 1833 san-

2040 1771 2190 1841 ἆγιον
2227 1771 2472 1844 Πνεῦμα.
2505 1775 2584 1844 Τῇ
2625 1775 2734 1845 γὰρ
2761 1774 2948 1845 Τριάδι
2981 1775 3132 1828 οὐδὲν
3165 1775 3292 1830 ἄλλο
3317 1778 3624 1850 συγκριθη-

343 1879 516 1925 ctum.
545 1869 692 1924 Nihil
731 1877 914 1922 autem
949 1867 1192 1922 conferri
1223 1882 1347 1921 cum
1393 1866 1667 1924 Trinitate
1709 1877 1924 1939 potest:

343 1965 415 2012 ob
447 1960 611 2029 idque
646 1957 1118 2013 consubstantiale
1181 1971 1372 2012 revera
1435 1966 1521 2012 est
1569 1958 1691 2014 ﬁdei
1723 1969 1928 2014 nostrae

345 2051 771 2110 ﬁrmamentum.
806 2065 986 2120 neque
1029 2048 1147 2104 sola
1181 2050 1635 2118 pronuntiatione
1678 2059 1928 2118 constat;

343 2159 466 2212 quae
497 2158 620 2198 cum
653 2142 814 2196 modo
845 2143 936 2203 sit,
965 2140 1128 2195 modo
1157 2141 1395 2206 desinat,
1433 2141 1488 2195 in
1521 2142 1750 2196 nihilum
1791 2141 1933 2198 redi-

345 2235 537 2302 gitur:
574 2233 702 2288 talis
732 2242 816 2288 est
859 2233 928 2286 de
973 2232 1160 2295 Patre,
1189 2229 1328 2286 Filio
1379 2246 1443 2286 ac
1485 2232 1694 2302 Spiritu
1737 2241 1930 2289 sancto

345 2327 483 2380 Aetii
509 2325 796 2382 sententia.
837 2323 932 2378 Est
965 2325 1112 2379 enim
1143 2339 1306 2380 verus
1331 2325 1519 2395 utique
1550 2322 1733 2390 Pater,
1767 2341 1932 2383 verus

347 2417 537 2482 Filius,
573 2433 733 2472 verus
761 2416 1000 2487 Spiritus
1037 2417 1670 2486 sanctuszquantumvis
1689 2417 1932 2475 inﬁnitos

348 2509 438 2563 ille
465 2510 813 2580 syllogismos
866 2508 1199 2578 eosdemque
1229 2508 1559 2564 vanissimos
1592 2525 1776 2566 serere
1802 2526 1933 2566 cou-

347 2599 553 2653 teudat.
615 2600 692 2654 De
760 2598 1077 2667 huiusmodi
1144 2613 1276 2652 vero
1341 2598 1658 2655 [nominibus
1713 2600 1932 2656 divinus

348 2705 530 2743 sermo
585 2692 666 2745 sic
712 2691 992 2760 loquitur:
1026 2689 1358 2758 Sapientiam
1411 2692 1711 2759 sapientum
1753 2709 1935 2762 repro-

349 2781 483 2834 babo
519 2780 534 2811 ¹
564 2781 728 2836 :itcm
765 2801 778 2836 :
810 2780 970 2836 Novit
999 2780 1260 2836 Dominus
1282 2783 1622 2854 cogitationes
1641 2784 1933 2854 hominum,

346 2874 596 2939 quoniam
629 2889 778 2928 vana
807 2885 932 2928 sunt
977 2874 1018 2939 ¹,
1053 2879 1160 2928 etc.

806 2983 990 3040 AETII
1035 2985 1265 3041 CAPUT
1311 2985 1474 3042 XVII.

423 3072 480 3127 Si
516 3073 816 3144 ingenitum
853 3075 990 3129 nihil
1020 3077 1086 3132 ad
1118 3077 1443 3132 substantiae
1469 3079 1783 3148 dignitatem
1818 3097 1934 3137 am-

347 3165 490 3233 plius
513 3165 747 3230 confert,
780 3180 943 3236 quam
983 3168 1260 3237 genitura;
1313 3167 1488 3225 Filius
1526 3171 1641 3225 sola
1681 3175 1931 3229 vocabuli

348 3258 797 3325 pronuntiatione
829 3267 1142 3328 superatus,
1203 3261 1615 3329 praestantiores
1656 3279 1715 3319 se
1756 3266 1936 3336 appel-

347 3348 524 3402 lantes
587 3351 734 3418 ipsos
793 3357 1072 3418 agnoscet,
1117 3365 1227 3406 non
1267 3367 1414 3417 eum,
1453 3353 1546 3424 qui
1584 3354 1756 3424 ipsius
1789 3357 1934 3414 Deus

345 3439 652 3510 appellatur
677 3448 730 3492 et
757 3437 942 3494 Pater.

757 3550 921 3621 957
963 3550 1270 3621 Confutatio
1304 3553 1501 3610 XVII.

418 3641 683 3708 Quamvis
727 3642 1046 3698 innumeras
1088 3646 1248 3700 nobis
1286 3645 1476 3702 Aetius
1517 3651 1810 3719 tragtedias
1839 3667 1935 3708 ex-

355 3735 499 3799 :itel,
549 3734 694 3788 nulla
743 3734 904 3790 nobis
949 3749 1189 3805 unquam
1239 3752 1363 3792 cum
1415 3740 1615 3808 pietate
1640 3743 1934 3812 conjuncta

351 3827 492 3880 ratio
525 3826 860 3895 persuadere
894 3828 1129 3897 poterit,
1176 3830 1584 3898 praestantior-es
1628 3833 1750 3888 illos
1786 3849 1932 3898 esse,

349 3920 442 3987 qui
493 3919 563 3972 ab
614 3933 702 3984 eo,
743 3920 836 3988 qui
883 3926 990 3982 est,
1043 3927 1103 3974 ut
1149 3929 1336 3975 essent
1381 3921 1760 3979 obtinuerunt.
1797 3923 1934 3979 Nam

351 4011 530 4081 ipsius
579 4010 845 4065 beneﬁcio
895 4009 1018 4064 illos
1063 4012 1346 4067 exstitisse
1391 4013 1482 4068 ille
1527 4013 1642 4083 ipse
1677 4023 1932 4070 testatur.

347 4105 532 4174 Atqui
565 4103 830 4173 singulari
861 4101 1008 4157 illius
1037 4117 1264 4157 munere
1292 4103 1733 4182 Christianorum
1755 4105 1931 4178 digni-

351 4205 516 4250 tatem
541 4193 779 4250 assecuti
813 4199 962 4257 sunt,
996 4193 1234 4264 genitam
1257 4195 1500 4250 sobolem
1543 4211 1652 4251 non
1695 4199 1811 4252 sola
1843 4215 1937 4253 vo-

346 4287 434 4340 cis
461 4285 786 4355 prolatione,
829 4283 923 4338 sed
954 4298 1143 4338 verum
1167 4299 1198 4338 e
1219 4298 1348 4338 vero
1372 4285 1618 4354 genitum
1661 4288 1936 4356 appellare

348 4387 580 4442 norunt;
615 4391 682 4431 eo
714 4375 860 4445 quod
893 4389 1017 4430 vere
1055 4375 1234 4445 ipsum
1268 4376 1597 4446 intelligunt,
1624 4385 1680 4432 et
1712 4393 1740 4430 a
1773 4377 1935 4432 Patre

2035 1882 2186 1918 σεται
2213 1882 2227 1896 ·
2265 1865 2359 1918 καὶ
2414 1865 2504 1919 διὰ
2542 1866 2701 1919 τοῦτο
2739 1865 3012 1936 ἀληθινῶς
3067 1867 3355 1938 ὀμοούσιάν
3405 1873 3524 1922 ἐστι
3563 1871 3624 1922 τὺ

2031 1957 2131 2027 τῆς
2157 1956 2450 2028 ὁμολογίας
2502 1956 2659 2028 ἡμῶν
2694 1957 2958 2029 ἔρεισμα,
2997 1959 3093 2012 καὶ
3131 1961 3192 2012 οὐ
3219 1960 3306 2014 διὰ
3339 1967 3622 2034 προφορᾶς

2031 2048 2130 2118 τῆς
2163 2048 2230 2101 δι’
2256 2049 2422 2103 αὐτοῦ
2451 2050 2470 2082 ⁷
2500 2049 2748 2118 γίνεσθαι
2787 2051 2879 2104 καὶ
2912 2051 2988 2122 μὴ
3011 2051 3256 2120 γίνεσθαι
3289 2054 3622 2124 ἀναιρουμέ-

2032 2157 2130 2212 νης
2153 2157 2166 2170 ·
2212 2141 2287 2204 ὡς
2319 2143 2354 2214 ἡ
2395 2141 2488 2195 τοῦ
2527 2143 2732 2198 Ἀετίου
2777 2145 2908 2216 περὶ
2932 2131 3146 2216 Πατρδς
3193 2145 3320 2212 δόξα
3369 2149 3464 2200 καὶ
3492 2145 3622 2200 Υἱοῦ

2033 2230 2129 2283 καὶ
2169 2231 2326 2300 ἀγίου
2356 2231 2694 2302 Πνεύματος.
2729 2235 2885 2287 Ἔστι
2926 2234 3035 2306 γὰρ
3067 2235 3235 2300 ὄντως
3273 2237 3463 2308 Πατὴρ
3491 2238 3622 2308 ἀλη-

2035 2318 2179 2384 θινὸς
2198 2359 2213 2383 ,
2244 2321 2338 2374 καὶ
2371 2321 2499 2385 Υἱὸς
2532 2323 2699 2386 ὅντως
2731 2323 2986 2394 ἀληθινὸς
3005 2364 3020 2389 ,
3050 2325 3144 2379 καὶ
3189 2326 3412 2397 Πνεῦμα
3465 2325 3622 2394 ἅγιον

2035 2411 2326 2482 ἀληθινὸν,
2377 2413 2479 2467 κᾶν
2529 2431 2588 2466 τε
2638 2416 2864 2486 μυρίους
2925 2417 3317 2489 συλλογισμοὺς
3357 2420 3622 2490 ματαίους

2036 2504 2374 2579 ὑποσπείρῃ,
2406 2504 2482 2569 ῶς
2514 2523 2680 2576 φησιν
2711 2509 2740 2560 ὁ
2769 2507 2911 2573 θεῖος
2944 2507 3102 2576 λόγος
3136 2511 3264 2582 περὶ
3307 2512 3416 2563 τῶν
3441 2509 3622 2564 τοιού-

2033 2613 2142 2649 των
2169 2595 2364 2664 λέγων,
2395 2597 2476 2650 ὃτι
2513 2599 2629 2666 Τὴν
2665 2600 2923 2654 σύνεσιν
2959 2599 3078 2655 τῶν
3101 2603 3377 2656 συνετῶν
3405 2602 3619 2670 ἀθετή-

2035 2702 2124 2741 σω
2147 2705 2161 2721 ·
2199 2689 2292 2742 καὶ
2321 2690 2402 2742 ὅτι
2445 2685 2579 2743 Οἵδε
2603 2693 2816 2760 Κύριος·
2839 2693 2985 2760 τοὺς
3013 2697 3345 2765 λογισμοὺς
3367 2695 3489 2752 τῶν
3511 2697 3620 2751 ἀν-

2036 2777 2306 2849 θρώπων,
2344 2780 2434 2835 ὅτι
2471 2781 2592 2836 εἰσὶ
2623 2781 2887 2853 μάταιοι,
2917 2783 3107 2838 καὶτὰ
3135 2784 3283 2856 ἑξῆς.

2407 2978 2800 3034 ΚΕΦΑΛΑΙΟΝ
2842 2981 3098 3034 ΑΕΤΙΟΥ
3149 2983 3243 3034 ΙΖ’.

2109 3071 2175 3124 Εἰ
2225 3071 2392 3144 μηδὲν
2445 3073 2605 3128 πλέον
2664 3073 2817 3144 νέμει
2873 3075 2954 3137 εἰς
3011 3075 3283 3146 ὑπεροχὴν
3321 3075 3512 3139 οὐσίας
3561 3077 3622 3132 τδ

2036 3163 2332 3234 ἀγέννητον
2362 3164 2501 3235 πρὸς
2552 3164 2616 3218 τὸ
2641 3165 2900 3235 γεννητὸν
2925 3207 2938 3232 ,
2975 3169 3227 3238 προφορᾷ
3257 3167 3418 3237 μόνον
3451 3169 3620 3239 ὐπερο

2035 3257 2292 3326 εχὸμενος
2339 3259 2368 3310 ὁ
2421 3257 2550 3320 Υἱὸς
2573 3297 2589 3324 ,
2650 3257 2894 3328 βελτίους
2945 3259 3140 3314 ἑαυτοῦ
3175 3259 3444 3328 γνώσεται
3495 3264 3620 3324 τοὺς

2035 3347 2585 3420 προσαγορεύσαντας
2609 3389 2625 3415 ,
2680 3351 2741 3403 οὐ
2786 3351 2878 3406 τὸν
2931 3351 3440 3424 προσαγορευθέντα
3489 3351 3620 3408 Θεὸν

2035 3439 2198 3494 αὐτοῦ
2232 3442 2325 3495 καὶ
2347 3441 2587 3513 Πατέρα.

2582 3555 2916 3626 Ἀνατροπὴ
2973 3559 3084 3610 ΙΖ’.

2105 3643 2296 3706 Οὐδεὶς
2329 3642 2559 3713 εὐσεϐὴς
2585 3644 2744 3712 λόγος
2775 3647 3168 3717 συγχωρήσειε,
3201 3647 3302 3701 κάν
3335 3664 3394 3700 τε
3450 3649 3615 3718 μυρία

2033 3735 2497 3807 δραματουργήσῃ
2542 3739 2674 3806 ἡμῖν
2739 3737 2962 3803 Ἀἐτιος,
2997 3740 3253 3810 ἀμείνους
3299 3735 3438 3794 εἶναι
3495 3745 3618 3807 τοὺς

2034 3823 2094 3878 τὸ
2127 3821 2268 3879 εἶναι
2323 3826 2475 3898 παρά
2512 3827 2607 3880 τοῦ
2637 3828 2790 3892 ὄντος
2843 3831 3151 3902 εἰληφότας.
3191 3833 3268 3886 Δι’
3297 3834 3462 3886 αὐτοῦ
3511 3835 3616 3907 γὰρ

2036 3918 2129 3971 καὶ
2177 3917 2340 3981 αὐτὸς
2369 3917 2624 3988 ὁμολογεῖ
2666 3921 2794 3984 τοὺς
2837 3922 3038 3986 αὐτοὺς
3086 3925 3431 3995 γεγενῆσθαι.
3481 3927 3618 3980 υΰτε
3677 3983 3688 3990 ,

2035 4007 2146 4078 γὰρ
2179 4007 2320 4061 κατά
2354 4007 2634 4080 προφορὰν
2659 4009 2816 4079 λόγον
2853 4010 3000 4065 ἴσασι
3042 4013 3102 4066 τὸ
3135 4014 3380 4086 γέννημα
3413 4017 3617 4082 καλεῖν,

2035 4098 2170 4152 ἀλλά
2199 4099 2451 4168 ἀληθινὸν
2502 4101 2560 4168 ἐξ
2606 4101 2862 4173 ἀληθινοῦ
2897 4108 3316 4177 γεγεννημένον,
3351 4110 3403 4161 oi
3433 4111 3492 4176 ἐξ
3525 4111 3619 4166 αὐ-

2033 4188 2130 4242 τοῦ
2183 4191 2636 4263 εὐεργετηθέντες
2681 4195 3083 4267 καταξιωθῆναι
3137 4201 3490 4270 Χριστιανοὶ,
3543 4203 3621 4274 τῷ

2036 4281 2234 4336 εἰδέναι
2281 4283 2443 4338 αὐτὸν
2483 4287 2540 4338 ἐν
2573 4285 2822 4358 ἀληθείᾳ,
2869 4290 2964 4342 καὶ
3005 4289 3344 4361 διδαχθέντες
3386 4292 3476 4347 διὰ
3511 4296 3620 4348 Πα-

2033 4373 2185 4443 τρδς,
2241 4375 2337 4428 καὶ
2384 4375 2484 4429 οὐκ
2533 4377 2642 4430 ἀπὸ
2686 4379 2889 4449 σαρκὸς
2931 4379 3025 4433 καὶ
3073 4383 3324 4453 αἵματος.
3375 4387 3488 4440 Καὶ
3534 4387 3620 4440 διὰ

349 4477 499 4533 sunt,
529 4483 638 4522 non
685 4481 716 4520 a
753 4481 940 4530 carne,
984 4467 1066 4521 vel
1098 4469 1366 4538 sanguine
1396 4469 1640 4538 perdocti
1661 4469 1702 4524 ³.
1755 4469 1929 4535 Quam

2040 4465 2194 4520 τοῦτο
2231 4468 2456 4532 εἰκότως
2486 4471 2932 4543 μακαριζόμενοι,
2967 4473 3044 4537 ὡς
3071 4477 3099 4527 ὁ
3133 4476 3271 4545 μετά
3303 4477 3620 4548 προσθήκης

349 4562 422 4616 ob
453 4574 674 4615 causam
703 4557 889 4614 felices
911 4559 1104 4613 merito
1135 4559 1527 4630 praedicantur,
1561 4571 1620 4614 ut
1649 4561 1792 4615 inter
1825 4575 1930 4615 cae-

347 4663 497 4708 teros
539 4649 820 4720 apostolus
861 4650 972 4716 ille,
1017 4651 1113 4720 qui
1158 4651 1395 4706 viventis
1427 4651 1615 4707 addito
1662 4653 1930 4708 vocabulo

349 4743 442 4798 Dei
483 4741 678 4797 Filium
719 4743 873 4796 illum
921 4743 1204 4812 agnovit".
1237 4743 1403 4798 [idem
1446 4760 1610 4814 porro
1641 4745 1930 4799 animalem

349 4835 568 4890 Aetium
599 4833 922 4904 spiritaliter
941 4833 1268 4902 dijudicant,
1299 4836 1391 4904 qui
1423 4851 1485 4890 ea
1514 4851 1635 4905 quae
1669 4835 1736 4890 ad
1771 4836 1932 4904 spiri-

350 4936 466 4983 tum
501 4926 774 4997 pertinent
805 4924 1080 4995 repudiat.
1116 4927 1195 4980 Ac
1227 4927 1355 4982 licet
1377 4928 1696 4996 unigenitus
1721 4927 1810 4982 Dei
1843 4925 1934 4979 Fi-

351 5021 480 5080 lius.
529 5034 594 5072 ac.
640 5017 882 5088 Spiritus
927 5018 1004 5072 ita
1051 5018 1352 5088 loquatur:
1395 5017 1541 5072 Vada
1595 5021 1664 5072 ad
1721 5019 1936 5074 Patrem

349 5127 544 5172 meum,
577 5118 625 5164 et
655 5108 870 5163 Patrem
918 5118 1166 5173 vestrum,
1217 5107 1386 5163 Deum
1441 5125 1612 5162 meum
1671 5119 1720 5162 et
1769 5108 1936 5163 Deum

350 5203 652 5269 uestrum”;
695 5204 870 5258 ambae
916 5211 1098 5257 tamen
1141 5201 1537 5272 appellationes
1571 5201 1690 5256 ista:
1719 5203 1932 5267 alienis,

447 5355 464 5382 ί
509 5355 524 5406 l
565 5353 692 5416 Cor,
743 5370 782 5420 ι,
821 5353 900 5408 l9.
1007 5354 1193 5409 'Psal.
1243 5369 1395 5416 xcm,
1461 5353 1549 5407 ll.

1653 5354 1673 5384 ³
1707 5353 1896 5406 Matth.
1954 5369 2065 5416 χνι,
2105 5351 2188 5404 17.

2036 4555 2152 4621 τοῦ,
2171 4557 2393 4622 ζῶντος,
2409 4558 2532 4613 Υἱὸν
2565 4559 2700 4614 Θεοῦ
2733 4562 2893 4616 αὐτὸν
2915 4565 3192 4634 ἐπιγνοὺς,
3227 4569 3328 4623 κάν
3365 4587 3426 4622 τε
3458 4587 3620 4622 πνευ-

2041 4651 2286 4720 ματικῶς
2336 4651 2753 4723 ἀνακρινόμενοι
2803 4655 2916 4725 (91)
2963 4656 2986 4688 ⁸
3023 4655 3074 4728 [ὁ
3119 4659 3334 4730 πνεῦμα
3385 4659 3460 4714 ὢν
3531 4663 3622 4715 καὶ

2037 4741 2370 4813 Μονογενὴς]
2418 4743 2510 4796 τὸν
2545 4743 2774 4815 ψυχικὸν
2817 4747 3020 4802 Ἀέτιον
3070 4751 3144 4822 μὴ
3175 4753 3620 4824 παραδεχόμενον

2037 4833 2106 4886 τὰ
2136 4832 2228 4885 τοῦ
2269 4831 2609 4903 Πνεύματος,
2643 4837 2742 4890 κᾶν
2765 4855 2822 4890 τε
2855 4839 2996 4892 εἴποι
3017 4856 3032 4871 ·
3081 4843 3432 4910 Ἀπέρχομαι
3473 4845 3622 4912 πρὸς

2035 4921 2145 4975 τὸν
2193 4922 2425 4990 Πατέρα
2464 4941 2586 4992 μου
2655 4927 2752 4979 καὶ
2808 4928 3039 4996 Πατέρα
3083 4931 3272 5000 ὑμῶν,
3323 4934 3419 4986 καὶ
3475 4937 3620 4987 Θεόν

2031 5030 2152 5082 μου
2189 5011 2290 5066 καὶ
2341 5013 2493 5068 Θεὸν
2519 5015 2686 5085 ὑμῶν
2711 5033 2724 5045 ·
2754 5018 2861 5070 τῶν
2903 5021 3228 5092 ἀμφοτέρων
3275 5023 3480 5076 τούτων
3507 5025 3621 5076 ὀνο-

2048 5102 2257 5174 μασιῶν
2315 5104 2451 5176 πρὸς
2493 5107 2562 5159 τὰ
2596 5105 2854 5178 ἀλλογενῆ
2896 5109 3136 5181 ὀνόματα
3183 5113 3258 5183 μὴ
3305 5113 3622 5184 δυναμένων

2043 5195 2372 5263 ἐξισοῦσθαι,
2401 5197 2501 5269 τῆς
2534 5198 2788 5270 ἀληθείας
2815 5202 2902 5254 ἀεὶ
2938 5201 3226 5275 μενούσης,
3259 5205 3354 5256 καὶ
3381 5206 3620 5276 ἑκάστης

2297 5351 2317 5383 ⁸
2349 5351 2482 5408 ibid.
2531 5352 2596 5407 l6

2718 5351 2922 5409 'Joan.
2961 5371 3053 5422 xx,
3089 5355 3176 5410 17.
3277 5357 3298 5388 ⁸
3333 5353 3396 5410 F.
3434 5355 3616 5427 μόνον.

351 5425 374 5458 '
403 5423 466 5479 F.
497 5425 586 5479 διὰ
616 5427 732 5479 τοῦ.
809 5425 830 5456 ⁸
854 5424 1064 5480 Luxata
1088 5425 1203 5479 haec
1233 5440 1334 5480 suo
1363 5425 1482 5478 loco
1508 5423 1776 5478 arbitror.
1815 5423 1948 5479 Vide
1973 5431 2154 5478 notas.
2237 5429 2260 5435 ”

405 5579 535 5648 -(9ι)
572 5580 698 5633 Κᾶν
729 5597 791 5634 τε
833 5579 1244 5649 πνευματικῶς
1285 5580 1758 5648 ἀνακρινόμενοι.
1802 5579 1934 5644 Qua:

355 5652 664 5721 parenthesi
697 5651 900 5706 includi
945 5651 1258 5723 jussimus,
1289 5667 1353 5706 ea
1406 5651 1527 5706 loco
1573 5667 1672 5705 suo
1723 5650 1928 5705 dimota

2043 5587 2192 5653 sunt,
2223 5588 2276 5632 et
2291 5580 2358 5653 __in
2389 5581 2548 5633 tertio
2574 5597 2731 5653 versu
2766 5581 2829 5634 ad
2864 5582 3008 5634 hunc.
3033 5581 3254 5634 modum
3282 5583 3616 5653 reponenda,

2039 5649 2141 5704 κᾶν
2171 5667 2228 5702 τε
2257 5651 2399 5703 εἴποι
2431 5653 2460 5703 ὁ
2493 5651 2707 5722 πνεῦμα
2744 5653 2818 5706 ὢν
2865 5653 2956 5705 καὶ
2989 5654 3319 5723 Μονογενής.
