3994 6224
301 393 413 454 585

946 391 1316 447 ADVERSUS
1354 393 1696 450 lleRESES
1737 392 1861 446 ΗΒ.

2037 391 2197 447 ΤΟΜ.
2233 392 2269 446 l.
2296 421 2363 430 —-
2397 390 2670 446 ll.-lil{ES.
2712 391 2942 444 LXXVI.
3472 397 3570 453 586

304 507 597 579 χρειὼδους
627 506 830 574 τάξεως
863 510 919 562 ὲν
950 507 1061 577 Tit?)
1093 507 1229 561 Θεοῦ
1261 510 1320 562 ὲν
1354 509 1583 580 ἀληθείᾳ
1620 509 1681 562 τὸ
1722 507 1894 576 σαφὲς

2006 522 2060 562 ac
2110 507 2345 565 diversis
2397 508 2715 564 nominibus
2766 507 3040 578 aquuari
3090 518 3394 579 nequeunt,
3445 524 3570 563 cum

303 599 684 670 διδασκούσης.
732 598 868 652 Οῦτε
915 599 1045 670 γὰρ,
1077 599 1306 668 Πατέρα
1333 619 1477 670 μου,
1513 601 1611 654 καὶ
1660 599 1892 667 Πατέρα

303 691 492 762 ὑμῶν,
523 691 664 744 κατὰ
697 691 798 762 τὴν
829 691 1008 761 σάρκα
1046 692 1124 754 είς
1157 692 1354 756 αὐτοὺς
1393 692 1738 762 πληρωτέονο
1775 689 1893 754 πῶς

304 785 418 855 γὰρ
449 769 630 854 πατὴρ
676 782 876 853 σαρκὸς
911 784 940 835 ὁ
980 783 1133 846 Θεὸς.
1179 785 1208 836 ὁ
1249 785 1428 855 σάρκα
1476 785 1550 856 μὴ
1589 784 1890 855 ἐνδυσάμε-

305 892 432 941 νος;
485 874 644 940 Οὔτε,
683 874 791 928 τὸν
841 876 990 928 Θεόν
1030 893 1170 944 μου,
1205 875 1299 928 καὶ
1342 876 1490 930 Θεὸν
1531 874 1716 944 ὑμῶν,
1753 873 1894 927 κατὰ

303 964 405 1035 τὴν
457 963 551 1018 τοῦ
593 963 722 1016 Υἱοῦ
757 963 1012 1035 θεότητα,
1059 965 1154 1016 καὶ
1189 965 1329 1018 κατὰ
1359 966 1458 1036 τὴν
1493 964 1749 1036 μαθητῶν
1783 967 1894 1018 υἱο-

307 1056 498 1110 θεσίαν
551 1055 899 1128 πληρωτέον’
955 1056 1112 1120 ἀλλὰ,
1174 1057 1323 1110 Θεόν
1370 1060 1526 1126 μου,
1586 1057 1684 1110 καί
1746 1057 1894 1111 Θεὸν

305 1146 499 1215 ὑμῶν,
548 1147 634 1202 διὰ
673 1146 770 1218 τὴν
801 1147 1074 1220 ἡμετέραν
1121 1145 1535 1222 ὲνανθρὼπησιν
1585 1166 1895 1220 μυστηριω-

303 1237 418 1300 δῶς
469 1239 498 1291 ό
541 1237 822 1308 ἀληθεύων
871 1240 930 1291 ὲν
969 1239 1140 1292 ἅπασι
1191 1241 1316 1303 τοὺς
1372 1241 1616 1310 μαθητὰς
1659 1240 1893 1310 ἠσφαλίο

307 1322 454 1387 ζετο.
489 1323 721 1393 Πατέρα
772 1324 828 1378 δέ
857 1344 999 1395 μου,
1046 1326 1144 1380 καὶ
1187 1328 1423 1396 Πατέρα
1450 1327 1634 1397 ὑμῶν,
1667 1329 1754 1383 διὰ
1794 1330 1895 1401 τῆς

305 1414 445 1486 ἐμοῦ
493 1415 630 1487 πρὸς
675 1416 837 1470 αὑτὸν
879 1417 1020 1472 κατὰ
1052 1419 1234 1488 φύσιν.
1286 1421 1380 1474 καὶ
1414 1421 1547 1491 ἐμοῦ
1581 1423 1717 1492 πρὸς
1751 1423 1894 1493 ὑμᾶς

305 1509 709 1574 ὲπικοινωνίας,
744 1506 812 1582 ἦς
861 1511 972 1580 ἐγὼ
1009 1512 1127 1582 μὲν,
1163 1512 1306 1566 κατὰ
1355 1511 1763 1584 φιλανθρωπίαν
1809 1515 1895 1567 ὲνο

304 1600 582 1672 δημήσας,
625 1602 804 1656 ἔδωκα
833 1603 962 1673 ὑμῖν
1009 1603 1071 1656 τὸ
1109 1605 1125 1636 ¹
1157 1603 1410 1672 γενέσθαι
1435 1603 1522 1658 διὰ
1551 1604 1644 1658 τοῦ
1691 1604 1854 1676 ῥητοῦ
1875 1621 1889 1635 ο

310 1690 574 1745 Ἔδωκεν
597 1692 801 1759 αὐτοῖς
845 1694 1140 1757 ἐξουσίαν
1184 1696 1372 1750 τέκνα
1410 1697 1558 1750 Θεοῦ
1591 1695 1890 1765 γενέσθαι.

303 1782 509 1852 Διόπερ
562 1784 655 1836 καὶ
707 1785 890 1851 αὐτὸς,
921 1789 1052 1858 παρ’
1083 1787 1266 1852 αὑτοῖς
1311 1788 1622 1859 γενόμενος,
1681 1789 1893 1861 μορφὴν

303 1875 496 1930 δούλου
530 1875 712 1939 ἔλαϐε,
739 1880 1068 1949 προσφάτως
1099 1881 1398 1951 προσφάτῳ
1439 1882 1890 1954 ὲπικοινωνήσας,

303 1970 418 2023 τῶν
459 1971 830 2042 ἀρχαῖζόντων
857 1972 1086 2026 ἐνόντων
1123 1973 1179 2025 ὲν
1208 1973 1518 2045 ταυτότητι,
1563 1975 1656 2027 καὶ
1709 1975 1784 2046 μὴ
1813 1976 1893 2038 είς

307 2061 574 2134 σύγχυσιν
627 2062 1081 2134 μεταϐαινόντων,
1133 2063 1267 2118 υίῶν
1313 2064 1412 2134 μὲν
1458 2063 1759 2135 ἀνθρώπων
1806 2065 1895 2119 διὰ
1933 2075 1937 2078 ’

303 2158 407 2228 τῆς
457 2157 692 2228 μετοχῆς
737 2157 818 2220 είς
867 2155 1176 2228 ἀφθαρσίαν
1232 2156 1731 2228 μεταϐαλλομένων,
1778 2159 1892 2211 ἀλλ’

305 2251 411 2304 οὐκ
461 2251 544 2314 είς
591 2250 988 2321 ὁμοουσιότητα
1039 2248 1464 2320 συνενουμένων,
1517 2250 1612 2302 καὶ
1651 2249 1746 2303 τοῦ
1795 2251 1893 2322 τὴν

311 2343 530 2414 μορφὴν
573 2341 762 2395 δούλου
793 2341 1068 2405 λαϐόντος,
1114 2341 1201 2395 διὰ
1233 2341 1328 2394 τοῦ
1362 2343 1479 2411 μὲν,
1516 2342 1790 2408 λαϐόντος,
1835 2343 1895 2396 τὸ

307 2433 623 2503 πρόσφατον
667 2428 989 2501 δηλοῦντος,
1039 2429 1128 2483 διὰ.
1187 2429 1245 2483 δὲ
1309 2431 1428 2492 τοῦ,
1458 2434 1514 2485 ὲν
1545 2436 1724 2504 μορφῇ
1759 2433 1892 2487 Θεοῦ

308 2523 769 2594 ὑπάρχοντος,είς
802 2521 1010 2593 τροπὴν
1067 2521 1141 2592 μὴ
1191 2523 1625 2593 παρερχομένου.
1678 2524 1894 2578 Τούτων

306 2618 366 2670 δὲ
405 2616 577 2678 οῦτως
612 2615 802 2680 ὄντων,
848 2614 943 2667 καὶ
991 2616 1049 2666 ὲν
1076 2613 1259 2684 τελείᾳ
1301 2613 1501 2682 γνώσει
1529 2615 1699 2680 οὕτως
1745 2619 1896 2688 παρὰ

306 2710 422 2769 τοῖς
473 2703 830 2766 θεοδιδάκτοις
885 2703 1073 2773 σαφῶς
1115 2703 1591 2776 ὁμολογουμένων,
1639 2706 1762 2761 οῦτε
1811 2708 1892 2772 τὸ,

311 2798 458 2863 Θεός
489 2812 630 2865 μου,
677 2794 779 2849 καί
829 2794 974 2860 Θεὸς
1017 2794 1205 2864 ὑμίῖηο,
1235 2794 1382 2860 οὔτε,
1437 2799 1468 2850 ό
1505 2798 1705 2866 Πατήρ
1749 2815 1892 2868 μου,

1995 607 2262 670 perpetuo
2309 601 2516 655 veritas
2564 599 2682 669 ipsa
2727 607 3074 670 permaneat,
3122 615 3185 655 ac
3229 601 3572 670 singularum

1996 705 2190 745 vocum
2237 693 2496 763 preprius
2543 700 2597 747 et
2645 692 2991 747 necessarius
3041 693 3178 747 ordo
3225 692 3304 747 rei
3341 692 3395 746 in
3433 690 3574 746 Filio

1995 781 2091 837 Dei
2133 783 2418 838 veritatem
2467 784 2616 839 clare
2645 797 2708 837 ac
2736 785 3024 853 perspicue
3057 785 3416 840 demonstret.
3465 782 3572 838 Ne-

1995 889 2102 944 que
2140 876 2286 928 cnim
2325 876 2439 929 haec
2483 875 2624 944 ipsa,
2659 874 2877 929 Patrem
2911 892 3104 940 meum,
3140 885 3190 929 et
3229 875 3444 930 Patrem
3475 892 3571 928 ve—

1995 973 2187 1032 strum,
2221 966 2286 1020 ad
2326 966 2498 1035 ipsius
2533 981 2752 1020 carnem
2791 965 3074 1020 referenda
3106 974 3256 1021 sunt.
3286 965 3573 1031 Quomodo

1994 1056 2139 1110 enim
2173 1057 2358 1113 carnis
2401 1066 2556 1127 pater
2606 1057 2749 1112 Deus
2795 1074 2918 1113 esse
2965 1066 3167 1128 potest,
3212 1059 3304 1127 qui
3351 1072 3572 1112 carnem

1995 1163 2273 1218 nunquam
2302 1149 2518 1204 induit?
2547 1149 2734 1219 Neque
2765 1149 2901 1216 haec,
2929 1149 3092 1202 Deum
3118 1165 3308 1214 meum,
3335 1160 3384 1203 et
3407 1149 3574 1202 Deum

1996 1249 2246 1306 vestrum,
2293 1241 2368 1296 de
2395 1241 2517 1296 Filii
2553 1241 2857 1306 divinitate,
2891 1241 2977 1295 vel
3008 1241 3302 1312 adoptione
3328 1239 3575 1310 discipu-

1996 1329 2172 1385 lorum
2201 1330 2520 1401 accipienda
2544 1339 2691 1386 sunt.
2724 1330 2829 1386 Sed
2852 1332 2966 1386 haec
2987 1332 3172 1395 verba,
3191 1331 3358 1384 Deum
3380 1345 3574 1396 meum,

1993 1429 2042 1474 et
2078 1420 2242 1475 Deum
2274 1433 2520 1485 vestrum,
2540 1423 2610 1477 ob
2640 1423 2933 1476 humanam
2963 1429 3232 1487 nostram,
3257 1437 3420 1492 quam
3448 1437 3575 1478 sus-

1993 1514 2160 1583 cepit,
2195 1523 2470 1579 naturam,
2495 1529 2603 1570 non
2624 1514 2743 1569 sine
2761 1514 3020 1584 mysterio
3039 1515 3284 1569 veritatis
3315 1515 3371 1567 in
3394 1514 3575 1568 omni-

1995 1605 2106 1661 bus
2158 1605 2686 1662 observantissimus
2742 1607 2808 1660 ad
2854 1607 3153 1676 discipulos
3205 1605 3574 1676 praemunien-

1995 1697 2097 1753 dos
2125 1711 2391 1767 usurpare
2414 1697 2605 1752 voluit.
2639 1696 2857 1751 Patrem
2891 1712 3022 1752 vero
3051 1713 3244 1761 meum,
3269 1704 3321 1750 et
3356 1695 3575 1750 Patrem

1996 1796 2224 1842 vestrum
2252 1787 2410 1850 dixit,
2439 1795 2661 1858 propter
2690 1801 2864 1840 meam
2898 1801 3022 1840 cum
3053 1785 3148 1838 illo
3181 1792 3392 1839 naturae
3424 1799 3576 1838 com-

1995 1879 2334 1946 munionem,
2362 1893 2648 1948 meamque
2674 1877 2953 1932 vobiscum
2983 1895 2995 1930 :
3028 1875 3188 1945 cujus
3212 1891 3312 1945 ego
3334 1891 3432 1945 pro
3455 1889 3576 1929 mea

1995 1970 2334 2042 benignitate
2363 1971 2451 2024 hic
2487 1968 2631 2038 apud
2661 1984 2760 2022 vos
2791 1969 2994 2037 degens
3033 1967 3330 2036 participes
3368 1973 3428 2020 ut
3454 1981 3577 2020 esse

1994 2059 2234 2132 possetis
2271 2059 2496 2114 indulsi.
2531 2057 2622 2112 Sic
2643 2057 2788 2111 enim
2826 2056 3090 2126 scriptum
3127 2063 3250 2112 est:
3278 2053 3436 2109 Dedit
3464 2055 3576 2107 illis

1993 2158 2302 2218 potestatem
2331 2149 2471 2218 ﬁlios
2503 2146 2602 2200 Dei
2629 2145 2746 2215 ﬁeri
2771 2145 2815 2201 '.
2851 2143 3144 2214 Propterea
3171 2158 3294 2198 cum
3321 2143 3412 2197 ille
3431 2142 3577 2212 apud

1996 2244 2146 2314 ipsos
2168 2243 2483 2303 exsisteret,
2511 2239 2740 2294 formam
2769 2239 2912 2292 servi
2941 2237 3205 2306 suscepit,
3235 2251 3360 2290 cum
3385 2249 3578 2289 recen-

1994 2335 2120 2392 tiori
2161 2349 2355 2391 recens
2388 2331 2830 2388 communionem
2864 2329 3194 2399 suscipiens,
3234 2328 3315 2383 sic
3345 2335 3404 2382 ut
3432 2328 3578 2381 inte-

1995 2430 2100 2484 rim
2122 2436 2306 2484 vetera
2330 2427 2523 2482 eodem
2539 2427 2593 2480 in
2624 2433 2772 2481 statu
2793 2422 3217 2494 permanserint,
3245 2435 3422 2489 neque
3444 2434 3579 2472 con-

1996 2520 2265 2576 fusionem
2298 2519 2464 2574 ullam
2493 2533 2652 2590 passa
2678 2515 2902 2571 fuerint.
2929 2513 3223 2568 Hominum
3251 2512 3450 2582 quippe
3480 2511 3578 2564 ﬁlii

1996 2613 2269 2686 ejusmodi
2333 2611 2752 2682 participatione
2809 2607 2876 2662 ad
2935 2607 3314 2674 incorruptum
3373 2610 3578 2656 statum

1998 2707 2248 2763 translati
2271 2712 2422 2768 sunt,
2464 2719 2573 2758 non
2613 2701 2802 2756 eadem
2838 2698 3145 2755 substantia
3175 2693 3474 2763 conjuncti.
3509 2695 3579 2745 At

1997 2818 2121 2858 cum
2165 2800 2309 2858 servi
2351 2799 2578 2853 formam
2610 2795 2783 2850 Filius
2826 2796 3109 2863 accepisse
3142 2790 3349 2845 dicitur
3374 2788 3417 2850 ³,
3445 2787 3580 2841 illud

310 2889 410 2940 καὶ
460 2886 665 2953 Πατὴρ
711 2884 900 2956 ὑμῶν,
930 2886 1038 2939 ἀπὸ
1083 2886 1184 2957 τῆς
1218 2887 1358 2940 κατὰ
1402 2887 1464 2939 τὸ
1507 2885 1726 2956 εὔλογον
1773 2891 1895 2942 ἐπι-

2006 2891 2303 2964 aecipiendi
2348 2887 2672 2945 vocabulum
2724 2901 2923 2940 novum
2977 2882 3214 2953 aliquid,
3268 2895 3333 2934 ac
3387 2893 3581 2933 recens

312 2979 601 3041 κοινωνίας
634 2979 722 3033 διὰ
759 2978 853 3032 τοῦ
884 2978 1176 3050 ὁμωνύμου
1209 2977 1396 3032 διοίσει
1430 2980 1530 3048 τῆς
1560 2981 1898 3052 ἀκραιφνοῦς

2006 2983 2147 3040 istud
2188 2980 2466 3038 exstitisse
2509 2978 2867 3034 demonstrat.
2919 2972 3076 3040 Quod
3115 2979 3295 3026 autem
3335 2967 3578 3022 additum

311 3072 525 3137 οὐσίας,
573 3073 680 3126 ἀπὸ
711 3072 812 3142 τῆς
857 3072 1131 3144 ὑπεροχῆς
1161 3073 1264 3143 τῆς
1312 3073 1448 3136 ἰδίας
1483 3074 1743 3147 ἰδιότητος
1793 3077 1897 3129 Πα-

2006 3084 2102 3138 est.
2142 3090 2264 3131 cum
2297 3071 2464 3142 958
2502 3070 2555 3124 in
2597 3067 2770 3124 forma
2805 3066 2896 3120 Dei
2967 3073 3116 3119 esset
3137 3065 3176 3132 ι,
3219 3060 3580 3116 mutationem

313 3163 442 3233 τρὸς
472 3164 608 3233 πρὸς
651 3163 800 3226 Υίὺν,
839 3164 934 3216 καὶ
964 3163 1096 3216 Υἱοῦ
1146 3163 1284 3233 πρὸς
1332 3163 1572 3236 Πατέρα,
1604 3165 1700 3218 καὶ
1737 3165 1894 3234 ἁγίου

2006 3170 2205 3224 nullam
2241 3163 2625 3222 intercessisse
2667 3159 2961 3231 signiﬁcat.
2992 3157 3124 3222 Quae
3165 3171 3289 3208 cum
3341 3153 3416 3206 ita
3457 3165 3582 3206 sese

314 3255 630 3325 Πνεύματος
657 3253 940 3318 ὡσαύτως.

2006 3262 2263 3322 habeant,
2294 3272 2359 3312 ac
2384 3271 2508 3311 cum
2543 3253 2787 3325 perfecta
2816 3251 2908 3306 Dei
2940 3248 3256 3318 cognitione
3283 3245 3582 3313 conjuncta

316 3346 494 3414 palam
518 3345 586 3398 ab
613 3345 682 3400 iis
702 3353 1042 3410 asserantur,
1073 3345 1166 3416 qui
1188 3344 1456 3401 divinitus
1517 3347 1755 3404 instituti
1816 3362 1967 3420 sunt,
2008 3367 2186 3422 neque
2216 3350 2331 3404 haec
2371 3347 2557 3411 verba,
2591 3344 2729 3398 Deus
2759 3359 2924 3407 meus,
2952 3351 3002 3394 et
3030 3339 3169 3394 Deus
3199 3346 3382 3400 vester.
3407 3347 3584 3403 neque

316 3436 445 3500 ista,
489 3434 654 3490 Pater
683 3453 862 3503 meus,
897 3447 948 3492 et
987 3436 1152 3492 Pater
1185 3447 1378 3499 vester,
1413 3454 1606 3510 puram
1646 3441 1794 3496 illam
1831 3459 1893 3499 ac
1933 3447 2204 3501 sinceram
2275 3439 2368 3494 Dei
2429 3447 2680 3493 naturam
2717 3451 2746 3489 a
2779 3440 3172 3493 consentanea,
3201 3443 3302 3484 nec
3331 3427 3450 3496 ipso
3495 3424 3583 3478 in-

316 3530 481 3602 digna
517 3533 902 3588 communione
969 3541 1191 3603 propter
1251 3534 1401 3591 vocis
1463 3536 1872 3606 ambiguitatem
1942 3552 2201 3610 separare
2249 3542 2537 3606 poterunt,
2600 3539 2696 3585 aut
2759 3527 3056 3599 quidquam
3107 3524 3175 3580 de
3228 3519 3584 3593 proprietatis

315 3623 642 3680 excellentia
689 3625 999 3695 detrahent,
1049 3643 1156 3699 qua
1218 3627 1384 3684 Pater
1439 3645 1564 3685 eum
1611 3630 1770 3698 Filio,
1804 3631 1974 3689 Filius
2009 3647 2135 3687 cum
2183 3629 2369 3694 Patre,
2419 3641 2483 3682 ac
2527 3623 2769 3695 Spiritus
2815 3628 3044 3678 sanctus
3087 3617 3324 3687 denique
3361 3626 3587 3684 compa-

319 3723 533 3771 mitur.

688 3836 1083 3893 ΚΕΦΑΛΑΙΟΝ
1123 3835 1376 3891 ΑΕΤΙΟΥ
1414 3838 1520 3891 lH'.

391 3932 454 3984 El
486 3933 519 4001 ἡ
549 3929 843 4001 ἁγέννητος
871 3929 1026 3982 οὐσία
1059 3927 1325 3999 κρείττων
1356 3928 1472 3981 εστὶ
1500 3929 1788 3996 γενέσεως,
1821 3929 1901 3982 οτ-

318 4024 481 4079 κοθεν
510 4023 710 4093 ἔχουσα
756 4021 818 4074 τὸ
851 4022 1118 4093 κρεῖττον,
1162 4019 1455 4072 αὑτοουσία
1475 4021 1622 4075 ἐστὶν
1672 4021 1904 4090 ἀγέννη-

321 4133 434 4179 τος.
495 4115 569 4167 Οὐ
632 4112 741 4185 γὰρ
780 4111 1122 4184 βουλόμενος,
1173 4112 1256 4165 ὅτι
1308 4109 1587 4180 βούλεται,
1636 4110 1904 4176 γενέσεώς

323 4211 441 4262 ἐστι
489 4206 770 4277 κρείττων,
822 4204 937 4258 ἀλλ’
969 4205 1052 4258 ὅτι
1084 4203 1345 4272 πέφυκεν.
1394 4201 1536 4254 Αὐτὸ
1577 4197 1671 4255 οῦν
1723 4203 1902 4272 ὑπάρ-

322 4317 494 4372 χουσα
528 4299 686 4354 οὑσία
721 4297 1014 4369 ἀγέννητος
1043 4299 1072 4350 ὁ
1098 4296 1250 4361 Θεὸς,
1287 4295 1463 4349 οὐδενὶ
1501 4294 1651 4370 λόγῳ
1685 4294 1906 4366 ἐπιτρέ-

325 4410 417 4446 πει
477 4390 600 4445 me’
653 4390 854 4461 ἑαυτῆς
902 4389 1114 4459 γένεσιν
1165 4388 1483 4459 ἐπινοῆσαι,
1539 4384 1756 4444 ὠθοῦσα
1805 4387 1904 4457 φέ-

2461 3827 2644 3884 AETll
2683 3822 2912 3881 CAPUT
2951 3821 3137 3876 XVIII.

2077 3926 2134 3981 Si
2163 3924 2404 3995 ingenita
2438 3917 2750 3977 substantia
2779 3913 3122 3987 generationi
3164 3919 3406 3982 praestat.
3450 3912 3586 3968 insi-

2005 4028 2115 4074 tam
2169 4019 2223 4072 in
2260 4031 2384 4071 sese
2432 4013 2640 4067 habens
2693 4005 3093 4069 excellentiam,
3143 4012 3336 4072 suapte
3385 4012 3586 4058 natura

2007 4109 2246 4181 ingenita
2272 4114 2357 4162 est
2384 4102 2710 4160 substantia.
2744 4097 2929 4168 Neque
2949 4095 3094 4151 enim
3119 4094 3211 4148 cui
3238 4093 3454 4148 libitum
3476 4102 3582 4159 est,

2007 4215 2106 4270 pro
2135 4214 2201 4254 eo
2229 4195 2378 4269 quod
2409 4193 2626 4250 libitum
2647 4197 2753 4253 est,
2789 4186 3130 4258 generationi
3163 4185 3458 4251 antecellit,
3487 4186 3585 4240 sed

2006 4289 2152 4362 quod
2193 4290 2268 4344 ita
2319 4295 2515 4341 natura
2552 4285 2903 4350 comparatus
2935 4284 3040 4332 est.
3073 4275 3254 4343 Quare
3280 4289 3406 4329 cum
3441 4274 3586 4331 Deus

2008 4397 2105 4454 per
2149 4395 2271 4436 sese
2299 4376 2542 4448 ingenita
2577 4372 2649 4428 sit
2681 4367 3008 4430 substantia,
3042 4366 3242 4421 rationi
3284 4367 3415 4420 nulli
3463 4383 3588 4437 per-

326 4483 518 4556 ρεσθαι
573 4481 714 4535 κατὰ
771 4480 880 4535 τῶν
935 4477 1208 4550 γεννητῶν
1264 4479 1444 4532 πᾶσαν
1507 4477 1753 4546 ἐξέτασιν
1813 4478 1900 4532 καὶ

2009 4472 2196 4538 mittit,
2243 4468 2348 4526 sibi
2378 4473 2436 4522 ut
2483 4462 2890 4537 generationem
2934 4457 3176 4529 attingat,
3223 4457 3321 4513 sed
3355 4457 3591 4527 inquisi-

325 4574 508 4630 πάντα
535 4571 816 4644 λογισμόν.

885 4771 1220 4838 Ἀνατροπὴ
1258 4769 1370 4825 IH'.

407 4863 530 4926 Τοῖς
573 4863 754 4926 αὐτοῖς
802 4863 948 4932 ἡμᾶς
999 4861 1259 4932 σκυλμοῖς
1307 4857 1628 4930 περιέϐαλεν
1685 4857 1909 4921 ’Δέτιος,

331 4955 676 5022 ταυτολογεῖν
727 4956 896 5024 ἡμᾶς,
943 4955 1020 5018 ὼς
1060 4952 1228 5023 ἔφην,
1280 4952 1376 5004 καὶ
1423 4950 1683 5013 πολλάκις
1738 4965 1914 5019 παρα-

335 5050 614 5114 σκευάζων
661 5048 750 5102 διὰ
793 5047 892 5118 τὴν
939 5046 998 5112 ἐξ
1048 5045 1298 5115 ὑπαρχῆς
1349 5043 1476 5112 ἄχρι
1527 5042 1713 5104 τέλους
1748 5039 1914 5093 αὑτοῦ

333 5146 466 5217 περὶ
494 5143 602 5197 τῶν
644 5141 823 5196 αὐτῶν
863 5138 1236 5207 ταυτολογίαν.
1269 5136 1344 5189 Οὐ
1370 5135 1479 5206 γάρ
1507 5151 1637 5187 ποτε
1665 5135 1700 5204 ἡ
1734 5133 1916 5196 πίστις

333 5240 367 5306 ὴ
403 5237 582 5290 πάντα
625 5233 813 5287 πιστὸν
846 5231 1096 5296 σώζουσα
1121 5231 1186 5282 ὲκ
1220 5225 1630 5295 συλλογιστικῆς
1657 5223 1916 5286 ὑπονοίας

335 5326 639 5397 ἀνθρώπων
693 5323 1040 5393 συνέστηκεν.
1089 5316 1304 5388 Ἐπειδὴ
1333 5317 1441 5388 γὰρ
1486 5311 1802 5382 ἐπισφαλεῖς
1841 5312 1918 5363 εί-

339 5437 424 5472 σιν
467 5419 524 5472 αἱ
570 5416 677 5470 τῶν
723 5412 1026 5485 ἀνθρώπων
1063 5410 1315 5474 διάνοιαι,
1370 5407 1466 5460 καὶ
1509 5405 1572 5459 οὑ
1621 5404 1916 5474 δυνάμεναι

338 5507 476 5580 πρὸς
503 5506 564 5559 τὸ
592 5505 817 5575 ἄπειρον
843 5503 942 5573 τῆς
969 5491 1062 5554 τοῦ
1087 5498 1222 5552 Θεοῦ
1251 5495 1437 5560 οὑσίας
1468 5492 1874 5548 ὲπεκτείνεσθαι
1898 5507 1914 5521 ο

340 5601 434 5656 καὶ
465 5599 574 5670 γὰρ
611 5599 670 5652 τὸ
703 5599 812 5650 πᾶν
842 5595 942 5665 τῆς
981 5590 1250 5662 σωτηρίας
1280 5587 1436 5659 ἡμῶν
1488 5585 1723 5657 Χριστοῦ
1754 5583 1916 5648 ζωτιο

342 5692 436 5746 κον
464 5692 761 5762 μυστήριον
794 5685 1098 5750 Ἰουδαίοις
1115 5681 1231 5752 μὲν
1256 5677 1629 5741 σκάνδαλον,
1661 5677 1918 5742 ’Ἑλληοί

2015 4559 2216 4613 tionem
2257 4568 2476 4610 omnem
2525 4558 2582 4606 et
2621 4545 3093 4604 ratiocinationem
3133 4543 3202 4599 ad
3243 4557 3334 4599 res
3379 4543 3589 4615 genitas

2014 4646 2271 4703 amandat
2302 4659 2367 4700 ac
2394 4641 2594 4712 rejieit.

2503 4753 2814 4823 Confutatio
2855 4749 2902 4803 Χ
2919 4747 3082 4805 VIII.

2083 4853 2142 4907 In
2189 4850 2407 4907 easdem
2443 4862 2544 4902 nos
2590 4845 2870 4902 molestias
2898 4841 3036 4897 Aetii
3077 4841 3465 4911 importunitas
3496 4839 3594 4892 im-

2014 4945 2184 5000 misit.
2229 4940 2333 5008 Qui
2375 4939 2506 4994 dum
2553 4936 2742 4992 eadem
2788 4933 2987 5003 sacpius
3019 4931 3090 4986 ab
3120 4930 3279 4986 initio
3327 4930 3394 4983 ad
3429 4929 3590 4982 ﬁnem

2015 5050 2189 5106 usque
2216 5031 2434 5102 repetit,
2470 5027 2714 5098 ejusdem
2752 5025 2913 5080 nobis
2943 5022 3174 5078 faciendi
3208 5021 3589 5076 necessitatem

2017 5124 2296 5194 imposuit.
2321 5119 2612 5174 Enimvero
2641 5116 2794 5179 fides,
2829 5129 2952 5186 quae
2976 5112 3284 5169 Catholicos
3299 5123 3490 5164 omnes
3521 5108 3592 5163 ad

2018 5217 2248 5271 salutem
2271 5210 2542 5285 perducit.
2565 5209 2929 5263 humanorum
2947 5210 3390 5274 argumentorum
3420 5198 3596 5254 subti-

2023 5308 2174 5361 litate
2220 5319 2331 5360 non
2379 5306 2616 5356 constat.
2647 5295 3098 5366 Quandoquidem
3148 5291 3380 5353 lubrica,
3423 5299 3477 5345 et
3537 5291 3594 5345 in

2022 5410 2262 5453 errorem
2289 5407 2460 5464 prona
2494 5398 2622 5446 sunt
2653 5389 2936 5443 hominum
2979 5385 3220 5456 ingenia,
3263 5397 3439 5452 neque
3467 5397 3594 5436 eum

2024 5485 2236 5541 infinita
2266 5482 2361 5537 Dei
2402 5478 2709 5537 substantia
2755 5474 3029 5545 adaquari
3071 5479 3323 5544 possunt.
3367 5473 3434 5526 Et
3463 5487 3594 5526 vero

2029 5588 2200 5634 totum
2241 5576 2374 5631 illud
2403 5574 2595 5632 salutis
2628 5579 2829 5626 nostra:
2857 5584 2889 5622 a
2907 5567 3126 5623 Christo
3149 5563 3593 5619 administratum

2029 5671 2377 5744 mysterium,
2411 5666 2556 5739 quod
2587 5663 2902 5721 hominibus
2929 5661 3096 5718 vitam
3131 5658 3349 5727 attulit,
3389 5655 3596 5711 Iudicis

416 5827 438 5861 ⁸
469 5828 634 5885 Deest
662 5827 971 5890 κοινωνοὺς,
1007 5835 1102 5878 aut
1133 5821 1264 5892 quid
1295 5818 1493 5874 simile.
1571 5817 1590 5847 ²
1620 5813 1778 5870 Ioan.
1816 5829 1854 5881 ι,
1891 5814 1900 5866 l

2053 5811 2070 5841 ³
2104 5809 2341 5881 Philipp.
2381 5823 2440 5875 ll,
2482 5807 2532 5862 7.
2608 5805 2630 5836 ⁸
2657 5803 2789 5861 ibid.
2842 5801 2896 5858 6.

660 5926 935 5988 Parnm.
973 5922 1089 5986 Gn.
1150 5919 1196 5980 Χ
1215 5917 1335 5978 Lll.

3288 5885 3356 5940 i‘J
