3994 6224
398 293 504 346 587

1841 283 1896 340 S.
1939 281 2280 337 EPIPIIANII

3583 276 3688 332 3383

400 409 708 464 smuanlunt
744 409 865 478 fuit,
911 406 1142 478 gentibus
1187 403 1455 458 stultitia:
1486 403 1633 456 nobis
1667 419 1783 456 vero
1831 417 1976 455 voca-

2083 397 2151 450 δὲ
2175 397 2387 466 μωρία,
2421 397 2564 467 ἡμῖν
2591 397 2659 452 δὲ
2685 397 2809 463 τοῖς
2837 395 3082 464 κλητοῖς
3123 395 3440 459 Ἰουόιιίοις
3477 411 3552 447 τε
3587 395 3692 448 καί

402 503 469 555 tis
515 499 714 554 Jmla'it
767 497 1078 569 agentibus
1123 494 1370 550 Christus
1421 494 1516 548 Dei
1555 494 1740 556 virtus,
1785 502 1834 546 et
1879 491 1976 545 Dei

400 593 678 662 sapientia.
712 591 974 657 Quoniam
1002 589 1137 660 quod
1181 589 1403 642 stultum
1431 597 1507 642 est
1545 586 1640 640 Dei
1687 587 1976 656 sapientius

397 693 473 737 est
509 682 830 744 hominibus,
862 690 910 734 et
939 680 1077 750 quod
1113 681 1386 750 inﬁrmum
1414 690 1490 734 est
1529 679 1622 734 Dei
1658 679 1850 745 fortius
1897 688 1976 734 est

395 774 752 829 horninibus‘.
791 774 926 840 Quis
969 773 1132 844 igitur
1173 773 1387 828 Aetium
1421 788 1528 826 non
1569 773 1743 842 primo
1775 771 1977 827 Judteis

397 875 743 931 annumeret,
786 864 930 935 quod
967 864 1301 935 syllogismis
1348 865 1464 920 suis
1498 865 1621 918 aliis
1659 863 1978 919 oﬂ'ensionis

396 972 622 1012 causam
668 956 941 1028 praebeat?
987 967 1100 1010 tum
1129 971 1258 1010 vero
1287 957 1540 1026 gentilem
1583 971 1706 1012 esse
1729 964 1975 1018 censeat,

395 1047 540 1116 quod
571 1061 682 1116 pra:
708 1045 957 1100 aifectata
995 1059 1095 1100 sua
1121 1046 1389 1116 sapientia
1418 1045 1660 1102 divinam
1691 1047 1973 1102 veritatem

397 1141 642 1194 stultitiae
713 1140 1070 1194 condemnet?
1126 1139 1339 1194 Etenim
1389 1157 1532 1194 unus
1575 1141 1676 1220 ille
1727 1139 1979 1196 conditor

396 1233 667 1295 omnium,
713 1241 876 1302 atque
915 1232 1110 1286 artifex
1159 1233 1305 1286 omni
1354 1241 1604 1286 creatura
1656 1232 1978 1302 opiﬁcioque

401 1321 768 1390 praestantior,
803 1335 910 1374 non
946 1331 1229 1390 propterea
1254 1320 1420 1390 959
1458 1319 1600 1390 quod
1631 1320 1912 1390 productis
1947 1336 1976 1373 a

399 1429 458 1467 sc
497 1412 752 1466 omnibus
789 1413 1084 1478 antecellit,
1118 1427 1226 1465 non
1256 1410 1445 1466 eadem
1505 1413 1607 1466 ista
1651 1413 1874 1466 molitur
1915 1427 1979 1466 ac

399 1511 668 1574 procreat.
697 1503 880 1574 Neque
910 1503 1080 1568 enim,
1113 1518 1234 1574 quae
1269 1503 1414 1558 iliius
1448 1512 1530 1558 est
1561 1503 1798 1566 bonitas,
1837 1504 1976 1558 invi-

397 1597 488 1650 dia
517 1584 776 1666 tangitur,
813 1595 1256 1664 quandoquidem
1301 1594 1473 1664 ipsam
1505 1595 1558 1650 in
1595 1611 1654 1650 se
1681 1596 1974 1650 bonitatem

397 1689 796 1760 complectitur,
821 1704 941 1758 quae
967 1703 1056 1743 res
1083 1703 1190 1742 una
1211 1689 1421 1742 caeteris
1445 1696 1667 1758 praestat
1695 1689 1974 1744 omnibus.

2081 491 2342 557 ’Ἑλληοί
2377 490 2630 560 Χριστὸς
2665 489 2814 544 Θεοῦ
2850 489 3122 559 δύναμις,
3153 488 3250 542 καὶ
3277 488 3430 542 Θεοῦ
3463 487 3692 556 σοφία.

2080 581 2209 634 ’Ὅτι
2242 581 2308 636 τὸ
2335 581 2535 652 μωρὸν
2565 582 2672 636 τοῦ
2705 579 2854 636 Θεοῦ
2900 579 3236 650 σοφώτερον
3279 580 3398 634 τῶν
3449 579 3696 647 ἀνθρώ-

2079 688 2207 726 πων
2246 673 2399 736 ἐστὶ,
2433 674 2528 726 καὶ
2569 673 2633 726 τὸ
2669 673 2925 738 ἀσθενὲς
2953 673 3057 728 τοῦ
3093 674 3240 727 Θεοῦ
3276 675 3698 744 ἰσχυρότερον

2069 763 2196 818 ’τῶν
2233 764 2560 834 ἀνθρώπων
2585 765 2721 820 ἐστι
2745 781 2758 796 ·
2809 766 2924 828 πῶς
2955 760 3048 818 οὖν
3079 765 3181 817 οὐκ
3211 765 3273 819 ἂν
3305 783 3389 828 τις
3419 765 3530 816 τὸν
3573 765 3698 816 ’Λέ-

2077 871 2192 906 τιον
2225 855 2281 906 ὲν
2305 856 2418 918 τοῖς
2463 855 2735 919 Ἰουδαίοις
2775 855 2873 924 μὲν
2902 854 2989 908 διὰ
3015 855 3076 908 τὸ
3108 854 3404 908 σκάνδαλον
3433 853 3561 906 τῶν
3599 854 3697 906 αὑ-

2077 943 2169 998 τοῦ
2203 945 2575 1015 συλλογισμῶν
2607 946 3017 1016 καταστήσειεν,
3055 945 3294 1015 Ἕλληνα
3314 947 3370 999 δὲ
3395 945 3496 999 διὰ
3529 945 3600 998 τὸ
3627 947 3694 998 ὲκ

2077 1035 2177 1105 τῆς
2228 1037 2362 1100 ἰδίας
2422 1037 2770 1107 ὲθελοσοφίας
2833 1037 3044 1108 μωρίαν
3102 1038 3352 1108 ἡγεῖσθαι
3415 1039 3532 1110 τὴν
3595 1037 3693 1092 τοῦ

2079 1129 2214 1182 Θεοῦ
2245 1129 2540 1202 ἀλήθειαν;
2593 1132 2704 1186 Καὶ
2749 1130 2858 1204 γὰρ
2899 1125 2980 1192 εἷς
3029 1130 3126 1184 καὶ
3175 1132 3440 1202 κρείττων
3495 1131 3692 1202 πάσης

2080 1222 2312 1284 κτίσεως
2355 1223 2451 1278 καὶ
2486 1223 2848 1296 δημιουργίας
2877 1225 2905 1278 ὁ
2933 1223 3158 1293 κτίστης
3203 1223 3297 1276 καὶ
3337 1223 3693 1294 δημιουργὸς

2078 1314 2185 1367 τῶν
2235 1314 2520 1368 ἁπάντων·
2568 1315 2628 1368 οὑ
2676 1315 2826 1385 παρὰ
2863 1313 3042 1376 τοῦτο,
3092 1314 3175 1367 ὅτι
3225 1315 3346 1366 ἐστὶ
3397 1314 3689 1385 κρείττων

2079 1406 2185 1459 τῶν
2220 1407 2310 1460 ὑπ’
2344 1405 2508 1462 αὑτοῦ
2541 1406 2977 1477 γεγεννημένων,
3007 1407 3067 1458 οὑ
3099 1409 3245 1460 ποιεῖ
3275 1408 3371 1459 καὶ
3397 1406 3592 1469 κτίζει
3619 1405 3692 1458 τά

2081 1499 2168 1552 ὑπ’
2205 1497 2366 1552 αὑτοῦ
2415 1499 2694 1568 γεγονότα.
2727 1497 2860 1550 Οὐδὲ
2908 1497 3015 1568 γὰρ
3047 1496 3233 1566 φθονεῖ
3269 1501 3338 1568 τῇ
3385 1498 3502 1568 ἰδίᾳ
3531 1497 3688 1564 ἠγα-

2079 1589 2261 1660 θὸτητι
2284 1608 2296 1620 ·
2323 1589 2534 1644 οἴκοθεν
2561 1589 2668 1661 γὰρ
2710 1589 2823 1661 ἔχει
2853 1589 2914 1642 τὸ
2945 1590 3310 1658 αὑτοαγαθὸν,
3367 1591 3518 1661 ὅπερ
3557 1590 3690 1642 ἐστὶ

2081 1685 2303 1736 πάντων
2331 1685 2596 1755 κρεῖττον.
2632 1681 2770 1736 υὺτε
2799 1680 2907 1752 γὰρ
2939 1682 3070 1736 εἵσω
3102 1681 3286 1735 παθῶν
3329 1681 3684 1753 περιέχεται,

397 1752 583 1849 Neque
635 1752 1145 1846 perturbationibus
1179 1752 1462 1835 obnoxius
1481 1787 1586 1844 est,
1640 1781 1786 1836 velut
1837 1781 1975 1836 invi-

2081 1775 2346 1844 ἢφθόνου,
2433 1775 2750 1844 βασκανίας,
2774 1775 2890 1828 ’καὶ
2918 1774 2984 1828 τὰ
3003 1775 3130 1827 ὅντα
3161 1773 3218 1840 ἐξ
3239 1775 3338 1828 οὑκ
3353 1752 3534 1826 ὄντων
3559 1775 3684 1826 ἐτε-

397 1869 522 1930 dize,
549 1870 727 1935 livori,
754 1878 859 1926 etc.
887 1869 1065 1936 Quare
1087 1885 1424 1942 quaecunque
1445 1871 1663 1926 demum
1684 1872 1972 1936 exsistunt,

397 1975 429 2014 e
471 1961 644 2014 nihilo
683 1958 932 2029 perfecit.
970 1958 1105 2013 Nam
1141 1976 1262 2030 quae
1295 1961 1364 2016 ah
1407 1961 1526 2030 ipso
1567 1961 1786 2016 condita
1825 1969 1974 2027 sunt,

399 2067 628 2122 quaeque
650 2053 1066 2123 incomparabili
1089 2051 1208 2122 ejus
1229 2053 1517 2110 divinitate
1537 2054 1695 2123 longe
1718 2053 1976 2108 inferiora

399 2151 550 2208 sunt,
585 2158 694 2198 non
743 2143 1007 2200 adversus
1048 2145 1224 2214 ipsum
1259 2145 1576 2218 excogitata
1615 2145 1856 2212 fuerunt,
1882 2145 1976 2202 sed

400 2236 466 2287 a.l
521 2235 643 2304 ejus
674 2235 936 2290 honorem
969 2249 1032 2289 ac
1065 2235 1314 2306 gloriam,
1345 2243 1402 2289 ut
1433 2237 1771 2308 magniﬁcam
1806 2249 1860 2293 et
1891 2253 1978 2292 tn-

399 2325 558 2380 vidiae
606 2335 882 2396 expertem
935 2327 1080 2382 illius
1134 2327 1472 2383 divinitatem
1503 2329 1794 2384 indicent.
1845 2327 1978 2396 Qua:

400 2418 618 2488 quidem
667 2420 896 2488 ipsamet
948 2425 1030 2474 est
1083 2419 1330 2484 bonitas,
1369 2427 1422 2474 et
1471 2420 1806 2486 substantia,
1858 2437 1980 2492 quae

400 2525 523 2562 cum
553 2509 621 2562 iis
659 2511 849 2572 rebus,
884 2526 1022 2580 quas
1064 2527 1094 2564 e
1137 2511 1310 2565 nihilo
1337 2511 1559 2574 creavit,
1603 2526 1701 2566 sua
1731 2527 1978 2566 commu-

399 2598 569 2662 nicat,
600 2600 928 2669 easdemque
950 2608 1004 2655 et
1029 2615 1150 2656 esse
1172 2601 1307 2665 vult,
1338 2609 1392 2656 et
1415 2617 1852 2672 unamquamque
1883 2619 1980 2672 pro

399 2694 612 2742 natura:
650 2703 762 2743 suae
795 2689 1110 2745 conditione
1159 2707 1381 2746 suorum
1430 2693 1818 2748 beneliciorutn
1859 2710 1980 2750 esse

400 2779 744 2849 participem.
776 2777 930 2835 Unde
954 2789 1006 2835 et
1038 2781 1310 2839 sideribus
1342 2784 1517 2840 lucem
1542 2785 1848 2856 impertitus
1873 2797 1978 2852 est,

400 2881 454 2923 et
488 2869 628 2924 cmlo
680 2867 1063 2938 descriptionis
1114 2871 1433 2943 ordinisque
1479 2872 1976 2941 pulchritudinem,

399 2959 454 3006 et
483 2959 660 3012 terrae,
691 2952 1032 3023 caaterisque,
1065 2969 1164 3022 pro
1191 2969 1276 3018 eo,
1309 2971 1372 3008 ac
1409 2955 1600 3018 voluit,
1643 2963 1852 3026 partem
1880 2957 1979 3010 ali-

401 3051 564 3106 quam
598 3037 814 3091 virtutis
839 3039 1118 3104 attribuit;
1153 3049 1206 3094 et
1243 3041 1473 3110 angelis,
1509 3055 1573 3094 ac
1602 3039 1828 3109 reliquis
1859 3055 1980 3094 san-

399 3127 504 3181 ctis
525 3126 798 3182 mentibus
821 3127 1281 3182 immortalitatem
1304 3129 1609 3194 concessit;
1632 3137 1685 3184 et
1703 3130 1978 3184 hominem

401 3219 637 3289 denique
669 3220 921 3290 imaginis
949 3217 1238 3290 dignitate,
1272 3221 1400 3284 vita,
1431 3221 1684 3286 scientia,
1717 3236 1781 3276 ac
1807 3224 1978 3277 ratio-

401 3311 489 3365 nis
517 3310 737 3380 proprio
779 3325 1002 3364 tnunere
1035 3309 1277 3365 donavit.
1331 3311 1487 3376 Quod
1529 3311 1746 3381 quidem
1796 3313 1975 3384 ipsum

401 3385 522 3458 non
543 3404 691 3458 illius
719 3403 774 3457 in
807 3404 920 3458 sola
943 3403 1222 3458 voluntate
1253 3404 1488 3472 positum
1523 3405 1643 3472 fuit,
1674 3407 1828 3475 quasi
1849 3421 1978 3461 cun-

401 3496 620 3560 ctando,
667 3506 719 3550 ct
764 3496 820 3552 iu
869 3493 1112 3549 futurum
1153 3495 1528 3562 deliberando,
1581 3497 1735 3553 utita
1777 3498 1976 3564 dicam,

405 3589 548 3658 apud
587 3603 648 3644 se
677 3597 964 3648 tractaret:
1027 3588 1123 3646 sed
1181 3603 1280 3658 pro
1326 3591 1576 3660 ipsamet,
1609 3605 1730 3660 quae
1762 3591 1816 3645 in
1866 3591 1960 3645 illo
2018 3601 2124 3662 est,
2160 3594 2404 3651 bonitate
2471 3585 2700 3668 perfecit

2077 1865 2484 1938 λεσιοὺργησεν.
2514 1867 2588 1920 Οὑ
2615 1865 2723 1938 γὰρ
2759 1867 2853 1920 ὑπ’
2895 1867 3063 1920 αὑτοῦ
3085 1868 3361 1935 γεγονότα,
3393 1865 3686 1936 ὑποϐεϐη-

2080 1959 2210 2013 κότα
2227 1958 2283 2012 δὲ
2303 1957 2398 2030 τὴν
2415 1957 2578 2012 αὑτοῦ
2601 1959 2930 2030 ἀσύγκριτον
2959 1957 3210 2030 θεότητα,
3231 1959 3293 2011 οὑ
3327 1959 3452 2013 καθ’
3469 1958 3681 2012 ἑαυτοῦ

2078 2049 2346 2122 ὲπενοήθη
2377 2049 2446 2104 τὰ
2486 2051 2579 2104 ὑπ’
2600 2050 2765 2104 αὑτοῦ
2795 2051 3105 2114 κτισθέντα,
3129 2051 3242 2104 ἀλλ’
3279 2053 3358 2113 είς
3381 2051 3554 2116 δόξαν
3581 2051 3682 2106 αὑο

2079 2142 2195 2208 τοῦ,
2227 2143 2364 2213 πρὸς
2423 2141 2481 2195 τὸ
2525 2137 2694 2206 δεῖξαι
2741 2143 2839 2214 τὴν
2893 2141 3123 2212 ἄφθονον
3181 2141 3346 2196 αὑτοῦ
3399 2141 3678 2212 θεότητα·

2080 2232 2484 2304 αὑτοαγαθότης
2533 2229 2666 2286 οὖσα
2727 2235 2821 2286 καὶ
2882 2233 3174 2288 αὑτοουσία
3239 2233 3682 2288 ὲπικοινωνοῦσα

2079 2327 2190 2388 τοῖς
2219 2323 2276 2390 ἐξ
2325 2323 2489 2377 αὐτοῦ
2525 2324 2582 2390 ἐξ
2613 2323 2714 2378 οὑκ
2758 2324 2928 2380 ὑντων
2961 2324 3248 2388 κτισθεῖσι,
3273 2325 3336 2378 τὸ
3365 2320 3503 2378 εἶναι
3535 2327 3682 2380 αὐτὰ

2081 2415 2331 2485 θελήσας,
2364 2416 2459 2470 καὶ
2483 2416 2730 2488 μετέχειν
2762 2417 2862 2488 τῆς
2891 2407 3057 2471 αὑτοῦ
3083 2418 3313 2470 ἕκαστον
3345 2417 3456 2471 τῶν
3485 2435 3681 2472 κεκτι-

2084 2505 2295 2576 σμένων
2333 2505 2471 2559 κατά
2509 2505 2606 2576 τὴν
2633 2506 2924 2574 ἀναλογίαν
2953 2508 3162 2579 δωρεᾶς
3203 2507 3444 2577 ἑκάστης
3473 2507 3678 2562 ὑποθέ-

2083 2607 2218 2652 σεως
2239 2606 2251 2618 ·
2296 2593 2579 2662 φωστῆρσι
2621 2593 2719 2663 μὲν
2748 2594 2809 2646 τὸ
2841 2595 2954 2662 φῶς
2983 2595 3326 2669 κεχάρισται,
3369 2595 3592 2668 οὐρανῷ
3621 2597 3676 2651 δὲ

2081 2682 2147 2735 τὰ
2193 2682 2366 2754 κάλλη
2402 2685 2500 2754 τῆς
2543 2686 2978 2758 διακοσμήσεως,
3011 2690 3080 2758 γῇ
3115 2705 3174 2742 τε
3221 2690 3312 2742 καὶ
3343 2691 3458 2753 τοῖς
3487 2689 3673 2754 ἄλλοις

2081 2775 2223 2830 κατά
2285 2776 2346 2830 τὸ
2383 2777 2550 2830 αὑτοῦ
2606 2777 2852 2849 βούλημα
2905 2779 3044 2850 μέρη
3105 2779 3309 2850 ἀρετῆς
3351 2779 3672 2852 ἐχαρίσατο,

2081 2867 2331 2936 ἀγγέλοις
2355 2885 2414 2922 τε
2447 2869 2506 2922 τὸ
2532 2870 2715 2924 δοῦναι
2749 2871 2930 2935 αὐτοῖς
2969 2870 3295 2942 ἀφθαρσίαν,
3341 2873 3438 2927 καὶ
3478 2873 3674 2935 ἄλλαις

2082 2955 2266 3024 ἁγίαις
2319 2957 2642 3030 δυνάμεσιν,
2701 2959 2974 3032 ἀνθρώπῳ
3039 2979 3098 3016 τε
3159 2961 3222 3014 τὸ
3289 2963 3387 3034 τῆς
3457 2964 3672 3026 εἰκόνος

2082 3043 2319 3117 ἀξίωμα,
2362 3048 2455 3101 καὶ
2504 3048 2671 3122 ζωῆς,
2705 3049 2796 3103 καὶ
2835 3051 3108 3118 γνώσεως,
3159 3051 3256 3105 καὶ
3305 3052 3525 3122 λογικοῦ
3573 3071 3670 3125 χα-

2087 3136 2350 3207 ρίσματος
2395 3137 2587 3209 δῶρον.
2644 3141 2754 3193 Καὶ
2810 3141 2910 3194 οὑκ
2962 3142 3069 3195 ἀπὸ
3123 3141 3458 3215 βουλήματος
3507 3145 3674 3216 μόνον

2085 3226 2326 3298 ὑπῆρξεν
2351 3229 2502 3300 αὑτῷ
2538 3228 2715 3293 τοῦτο,
2745 3230 2820 3296 ὡς
2847 3230 2912 3284 ἂν
2949 3231 3092 3286 εἴποι
3119 3249 3201 3297 τις
3233 3235 3596 3306 μελλητικῶς,
3635 3237 3668 3307 ἢ

2082 3317 2225 3370 κατὰ
2248 3319 2438 3388 μέλλον
2467 3321 2508 3386 ³,
2532 3320 2564 3392 ἢ
2593 3321 3049 3392 συμϐουλευτικὸν
3071 3325 3348 3396 λογισμὸν,
3365 3327 3504 3380 ἀλλά
3526 3328 3670 3382 acati

2079 3409 2142 3461 τὸ
2163 3409 2517 3479 αὐτοαγαθόν.
2540 3412 2756 3482 Πέφυκε
2773 3413 2882 3490 γὰρ
2911 3415 3249 3486 αὑτοαγαθὸν
3271 3418 3293 3452 ³
3313 3420 3672 3490 συμπρεπόν-

2088 3517 2196 3565 τως
2212 3501 2362 3573 αὑτῷ
2377 3501 2447 3556 τὰ
2469 3503 2646 3584 πάντα
2663 3505 2822 3577 ἔχων,
2843 3507 2934 3562 καὶ
2950 3509 3140 3574 ποιῶν,
3163 3509 3260 3566 καὶ
3276 3509 3650 3581 ἐργαζόμενος

2760 3615 2773 3652 :
2823 3599 2978 3670 cujus
3049 3599 3152 3656 hoc
3209 3603 3486 3670 proprium
3549 3609 3669 3663 est.

403 3687 462 3733 ut
485 3689 850 3750 congruenter
901 3678 1004 3735 sibi
1043 3679 1350 3742 contineat,
1396 3677 1592 3734 eﬂiciat
1638 3694 1703 3733 ac
1727 3681 1983 3736 moliatur
2009 3679 2214 3736 omnia.

471 3770 940 3839 Quemadmodum
980 3770 1145 3842 igitur
1170 3770 1317 3839 quod
1352 3769 1559 3824 dictum
1591 3780 1698 3838 est,
1727 3773 1860 3826 nilnl
1907 3775 1980 3829 in-

401 3863 624 3934 dignum
671 3870 770 3917 aut
825 3862 1086 3920 indecens
1137 3849 1364 3918 bonitati
1411 3862 1531 3930 ejus
1577 3864 1832 3932 aspersit,
1885 3865 1977 3920 sed

401 3956 652 4026 gloriam,
687 3969 754 4010 ac
782 3969 907 4010 cum
929 3953 1318 4026 praedicatione
1342 3953 1689 4024 conjunctam
1712 3957 1977 4027 largitatis

401 4059 516 4101 suae
547 4045 794 4100 notitiam
833 4045 1060 4115 peperit,
1097 4043 1187 4098 ubi
1227 4042 1296 4099 ad
1334 4059 1524 4100 eorum
1565 4061 1706 4115 quos
1735 4047 1979 4102 condidit

401 4140 767 4210 cognitionem
810 4153 1144 4209 sensuumque
1169 4138 1416 4210 pervenit
1445 4157 1458 4194 :
1489 4139 1564 4192 ita
1591 4148 1646 4195 et
1676 4155 1890 4195 summa
1921 4143 1974 4194 in

401 4245 467 4284 eo
511 4229 814 4286 divinitatis
849 4229 1022 4300 gloria
1057 4235 1160 4294 est,
1195 4244 1306 4284 non
1335 4229 1428 4286 illa
1454 4229 1674 4300 quidem
1701 4230 1976 4286 extrinse-

401 4333 501 4375 cus
537 4319 706 4372 ascita
743 4319 880 4385 (nec
901 4319 1045 4376 enim
1077 4318 1320 4374 divinum
1365 4333 1566 4374 numen
1605 4319 1974 4375 accessionem

404 4411 568 4464 ullam
595 4411 824 4479 requirit
848 4429 860 4463 :
880 4412 1080 4480 quippe
1101 4425 1222 4464 cum
1251 4411 1480 4479 ipsamet
1501 4411 1670 4480 gloria
1691 4411 1784 4472 sit,
1804 4413 1977 4467 virtus

401 4501 542 4569 ipsa,
577 4499 972 4554 admirabilitas
999 4500 1136 4568 ipsa,
1185 4501 1301 4569 ipsa
1335 4500 1708 4568 praedicatio);
1737 4500 1862 4564 hoc,
1892 4501 1978 4554 in-

402 4606 591 4659 quam,
613 4591 666 4643 in
686 4590 830 4644 illius
849 4591 1075 4659 gloriam
1092 4591 1256 4654 cedit,
1279 4590 1423 4660 quod
1447 4590 1610 4645 Pater
1627 4591 1742 4660 ipse
1760 4599 1976 4660 generet

404 4698 436 4736 a
459 4681 608 4734 nullo
636 4681 870 4750 genitus,
909 4690 969 4734 ut
1004 4696 1068 4734 ex
1099 4683 1320 4750 perenni
1369 4680 1518 4736 fonte
1547 4681 1802 4750 perennis
1827 4696 1980 4750 reque

402 4775 527 4827 lous
555 4779 788 4835 emanet,
820 4785 942 4824 cum
969 4771 1107 4840 ipso,
1129 4778 1184 4824 et
1209 4786 1275 4824 cx
1303 4771 1454 4840 ipso;
1486 4786 1516 4825 e
1543 4771 1712 4836 fonte,
1735 4771 1976 4839 inquam,

403 4865 526 4920 fons
555 4864 847 4927 exsistens,
875 4861 1016 4918 Deus
1041 4879 1108 4918 ex
1139 4862 1267 4926 Deo,
1307 4862 1486 4916 lumen
1518 4861 1584 4916 de
1617 4862 1858 4925 lumine;
1886 4861 1978 4932 qui

400 4960 520 5016 sine
554 4958 662 5014 ullo
691 4955 846 5012 initio
869 4970 1082 5026 semper
1111 4953 1234 5019 fuit,
1265 4969 1374 5010 non
1399 4955 1678 5025 subjectus
1707 4955 1936 5024 tempori
1961 4974 1976 5010 :

401 5051 538 5106 adeo
569 5057 628 5106 ut
655 5059 711 5106 et
750 5047 966 5106 Patrem
993 5045 1166 5102 Filius
1192 5047 1244 5102 in
1278 5062 1338 5104 se
1366 5062 1492 5102 vere
1521 5047 1593 5128 sit
1633 5047 1975 5118 complexus,

401 5153 456 5199 et
499 5141 664 5198 Pater
691 5141 910 5206 Filium,
946 5139 1041 5210 qui
1071 5155 1172 5194 nec
1203 5139 1294 5194 illo
1336 5139 1588 5210 indignus
1615 5145 1720 5204 est,
1761 5153 1863 5196 nec
1893 5139 1977 5194 in-

402 5235 754 5305 comparabili
810 5233 930 5304 ejus
984 5231 1318 5287 excellentia:
1375 5229 1670 5300 quidquam
1717 5229 1972 5286 detrahit.

404 5327 684 5397 Siquidem
725 5341 832 5381 non
883 5333 1148 5396 corporea
1193 5323 1358 5394 960
1396 5322 1642 5392 quaedam
1687 5321 1975 5378 distractio

403 5417 582 5472 locum
625 5417 734 5469 illic
763 5415 946 5478 habet,
976 5413 1074 5469 sed
1108 5411 1346 5468 Verbum
1397 5412 1728 5480 subsistens,
1764 5411 1908 5468 Deus
1944 5428 1976 5467 a

401 5507 563 5563 Patre
595 5509 914 5577 procedens,
947 5507 1174 5578 spiritus
1221 5519 1250 5558 a
1293 5505 1510 5576 spiritu,
1547 5505 1691 5564 Deus
1729 5522 1797 5562 ex
1843 5505 1973 5570 Deo,

2155 3775 2362 3848 Ὥσπερ
2383 3773 2476 3831 οὖν
2491 3779 2556 3848 τῇ
2575 3777 2739 3832 αὑτοῦ
2753 3779 3049 3851 ἀγαθότητι
3061 3779 3160 3836 οὑκ
3175 3781 3482 3853 ἀπρέπειαν
3511 3783 3670 3839 τοῦτο

2081 3867 2524 3937 περιεποιήσατο,
2557 3868 2695 3922 ἀλλά
2715 3867 2892 3934 δόξαν,
2909 3870 3005 3923 καὶ
3031 3869 3230 3938 γνῶσιν
3256 3871 3476 3925 ἐπαίνου
3497 3873 3666 3944 ἀφθο-

2080 3955 2197 4020 νίας
2217 3960 2333 4020 τοῖς
2365 3959 2456 4010 ὑπ’
2479 3959 2646 4013 αὑτοῦ
2660 3961 2958 4028 γεγονόσιν,
2977 3962 3056 4025 εἰς
3079 3961 3286 4034 εἴδησιν
3303 3964 3395 4018 καὶ
3411 3966 3665 4036 αἴσθησιν

2083 4047 2254 4102 ἐλθών
2275 4047 2300 4080 δ
2320 4065 2336 4081 ο
2367 4047 2509 4102 οὑτω
2539 4052 2634 4104 καὶ
2664 4049 2789 4115 δόξα
2837 4053 3005 4116 ἐστὶν,
3038 4054 3101 4106 οὑ
3153 4055 3534 4130 προσληπτικὴ
3564 4059 3665 4130 τῆς

2078 4137 2242 4191 αὑτοῦ
2293 4138 2543 4210 θεότητος
2580 4141 2659 4210 (οὐ
2689 4141 2798 4213 γάρ
2826 4159 2956 4195 ποτε
2977 4143 3206 4198 ὲνδεῖται
3229 4145 3292 4198 τὸ
3317 4147 3470 4201 Θεῖον
3495 4165 3666 4220 προσ-

2084 4227 2257 4300 θήκης
2293 4229 2471 4301 δόξης,
2499 4231 2637 4285 ἀλλά
2657 4231 2934 4298 αὑτοδόξα,
2957 4235 3052 4288 καὶ
3091 4236 3414 4309 αὑτοαρετὴ,
3450 4240 3541 4294 καὶ
3568 4241 3666 4292 αὑ-

2081 4321 2348 4393 τοθαῦμα,
2393 4323 2484 4376 καὶ
2523 4325 3023 4397 αὑτοῦμνηγορία),
3049 4327 3113 4380 τὸ
3139 4327 3231 4382 τὸν
3277 4329 3496 4401 Πατέρα
3539 4347 3663 4398 γεν-

2081 4414 2260 4484 νῆσαι,
2295 4415 2345 4467 ει
2379 4414 2471 4467 καὶ
2515 4415 2674 4478 αὑτὸς
2713 4416 2774 4468 οὑ
2823 4415 3169 4487 γεγέννηται,
3224 4419 3310 4474 ίνα
3358 4421 3423 4472 ὲκ
3478 4421 3660 4493 πηγῆς

2079 4504 2168 4558 ἀεὶ
2197 4503 2366 4575 οὑσης
2417 4505 2588 4569 ἀΐδιος
2634 4506 2783 4578 πηγὴ
2823 4509 3184 4579 συνυπάρχων
3222 4511 3280 4576 ἐξ
3330 4511 3496 4565 αὑτοῦ
3527 4509 3657 4566 οὖσα

2081 4593 2234 4666 πηγὴ
2265 4597 2328 4648 ἐκ
2359 4596 2562 4666 πηγῆς,
2601 4598 2695 4650 καὶ
2726 4597 2858 4661 Θεὸς
2889 4599 2954 4652 ἐκ
2989 4599 3146 4665 Θεοῦ,
3183 4602 3276 4655 καὶ
3299 4604 3414 4673 φῶς
3448 4605 3515 4658 ἐκ
3545 4623 3656 4673 φω-

2080 4684 2193 4748 τὸς,
2227 4685 2324 4737 οὑκ
2372 4685 2676 4755 ἀρξάμενος
2708 4687 2801 4740 τοῦ
2846 4683 3005 4748 εῖναι,
3033 4691 3093 4743 οὑ
3137 4694 3314 4764 χρόνῳ
3349 4695 3654 4760 ὑποπεσὼν,
3743 4745 3748 4764 ε

2083 4775 2196 4826 ἀλλ’
2231 4775 2348 4844 ἅμα
2381 4777 2600 4844 Πατέρα
2635 4777 2772 4846 ἔχων
2817 4779 3108 4849 ἀληθινῶς,
3138 4761 3238 4835 καὶ
3268 4761 3382 4853 ἀμα
3423 4787 3515 4838 τὸν
3547 4789 3654 4840 Πα-
3743 4761 3748 4772 Ι

2079 4865 2214 4936 τέρα
2247 4866 2374 4920 Υἰὸν
2405 4865 2596 4935 ἔχοντα
2630 4867 2914 4938 ἀληθινῶς,
2943 4871 3043 4924 οὑκ
3083 4873 3506 4945 ἀποπρεποῦντα
3545 4879 3654 4930 Πα-

2079 4959 2186 5027 τρὶ,
2212 4957 2272 5009 οὑ
2303 4957 2362 5010 τὸ
2387 4957 2717 5030 ἀσύγκριτον
2741 4961 3087 5029 ἀφανίζοντα.
3112 4965 3186 5017 Οὑ
3207 4966 3315 5038 γάρ
3341 4967 3456 5021 ἐστι
3481 4985 3656 5038 σωμα-

2077 5047 2204 5117 τική
2235 5063 2318 5111 τις
2343 5047 2616 5118 διαστολὴ,
2647 5049 2782 5104 ἀλλά
2823 5050 2994 5118 Λόγος
3023 5053 3404 5122 ὲνυπόστατος,
3436 5057 3569 5121 Θεὸς
3594 5061 3656 5110 ἐκ

2079 5137 2291 5210 Πατρὸς
2315 5137 2410 5202 ὢν,
2439 5140 2657 5210 πνεῦμα
2683 5142 2746 5194 ὲκ
2772 5142 3098 5211 πνεύματος,
3131 5145 3224 5198 καὶ
3248 5146 3379 5211 Θεὸς
3404 5149 3470 5202 ὲκ
3495 5149 3656 5214 Θεοῦ,

2080 5231 2384 5285 ἀποκλείων
2419 5235 2597 5287 πᾶσαν
2629 5233 3040 5306 συλλογιστικὴν
3083 5237 3356 5304 ὑπόνοιαν,
3393 5239 3474 5303 είς
3513 5241 3656 5312 ζωὴν

2081 5322 2156 5376 ὣν
2185 5326 2416 5389 πιστοῖς,
2452 5326 2545 5379 κοιλ⁹
2574 5327 2716 5390 ὅλοις
2741 5329 2853 5392 τοῖς
2879 5328 2984 5382 ὑπὸ
3007 5328 3100 5382 τοῦ
3131 5331 3342 5402 Πατρὸς
3391 5331 3458 5385 δι’
3491 5335 3653 5387 αὑτοῦ

2081 5417 2176 5468 καὶ
2211 5415 2306 5468 ἀπ’
2337 5417 2502 5470 αὐτοῦ
2531 5419 2802 5488 γεγονόσι,
2833 5423 2944 5484 τοῖς
2995 5423 3326 5490 πιστεύουσι,
3360 5425 3454 5478 καὶ
3493 5427 3655 5494 γινώ-

2083 5524 2293 5574 σκουσι,
2333 5509 2426 5561 καὶ
2459 5509 2533 5580 μὴ
2569 5511 2782 5581 μωρίαν
2815 5512 3140 5582 ἡγουμένοις
3185 5514 3318 5568 Θεοῦ
3365 5516 3464 5588 τὴν
3493 5513 3656 5570 δύνα-

475 5661 492 5693 ¹
520 5659 542 5716 Ι
574 5661 699 5720 Cor.
732 5661 861 5726 1,Ξὸ
883 5677 1004 5730 sqq.
1077 5663 1098 5693 ¹
1129 5679 1217 5729 πο.
1249 5661 1576 5731 κατάμελον.
1654 5661 1675 5693 ³
1704 5657 1766 5714 F.
1800 5660 1976 5712 αὑτοαΔ

2081 5661 2158 5723 ός.
2235 5664 2257 5694 ⁸
2286 5661 2345 5714 F.
2374 5663 2547 5717 ἐλθόν.
