3994 6224
404 356 509 411 589

1038 354 1411 413 ADVERSUS
1451 356 1791 413 [UERESES
1828 356 1956 413 LIB.

2078 402 2081 412 .
2119 359 2281 418 TOM.
2323 362 2363 416 Ι.
2393 395 2462 404 -
2488 364 2759 423 HASRES.
2803 367 3028 425 LXXVI.

3568 377 3675 433 590

406 490 521 544 μιν,
555 472 649 525 καὶ
675 470 811 526 Θεοῦ
834 473 933 545 τὴν
957 474 1169 543 σοφίαν,
1192 474 1291 546 τὴν
1318 475 1753 547 ὑπερϐαίνουσαν
1780 480 1971 545 συνεξέε

2094 499 2284 541 omnes
2320 486 2756 557 syllogismorum
2786 493 3028 562 argutias
3054 493 3374 560 excludens,
3403 510 3467 552 ac
3495 496 3670 553 fideli-

401 580 562 617 τασιν
594 564 609 593 ¹
641 565 734 617 καὶ
775 565 953 620 πάντα
995 566 1274 634 λογισμὸν,
1328 568 1563 638 μάλιστα
1609 570 1866 641 φθαρτῶν
1894 573 1988 628 ἀν-

402 653 658 725 θρώπων,
687 655 764 720 ὼς
787 656 883 710 καὶ
907 656 1071 721 αὐτὸς
1104 659 1308 723 Ἀἐτιος
1332 661 1481 714 ἄκων
1510 661 1879 733 ὡμολόγησεν.

2096 576 2201 631 bus
2230 577 2394 631 vitam
2425 580 2750 645 concilians,
2788 584 3188 656 universisque,
3224 602 3363 657 quos
3387 586 3550 644 Pater
3576 604 3675 659 per

2092 669 2292 740 ipsum,
2327 679 2382 727 et
2421 675 2490 729 ab
2520 674 2638 744 ipso
2672 677 2949 747 produxit,
2979 678 3083 735 fide
3119 681 3375 736 nimirum
3417 690 3472 737 et
3492 682 3679 753 cogni-

401 745 552 800 tione
610 747 870 815 praeditis,
926 747 1021 818 qui
1081 747 1175 805 Dei
1238 752 1345 805 vim
1404 766 1469 807 ac
1509 753 1856 822 sapientiam,
1884 773 2005 827 quae
2033 759 2445 832 inquisitionem
2508 745 2723 820 omnem
2782 782 2847 821 ac
2906 769 3171 825 rationem
3231 745 3671 844 corruptibilium

398 838 701 904 pmscrtint
730 840 1009 896 hominum
1035 852 1275 913 superat,
1308 858 1363 899 ut
1390 846 1473 900 vel
1504 848 1707 903 invitus
1732 849 1845 919 ipse
1864 854 2157 911 confitetur
2186 858 2399 924 Aetius,
2436 862 2679 916 stultitia:
2709 879 2818 917 non
2853 864 3155 919 ascribunt.

779 999 1176 1053 ΚΕΦᾹΛΑΙΟΝ
1212 1001 1467 1054 ΑΕΤΙΟΥ
1506 1003 1604 1058 ΙΘ¹.

470 1113 535 1165 Εἰ
567 1112 873 1185 στερήσεώς
901 1115 1016 1167 ἐστι
1051 1114 1346 1186 δηλωτικὸν
1378 1116 1470 1168 ἐπὶ
1502 1115 1636 1169 Θεοῦ
1662 1118 1723 1171 τὸ
1746 1120 1979 1189 ἀγέννη-

402 1220 510 1265 τον,
560 1204 724 1274 μηδὲν
774 1204 831 1258 δὲ
883 1204 967 1276 εἴη
1016 1204 1077 1257 τὸ
1139 1206 1434 1276 ἀγέννητον
1461 1224 1474 1237 ·
1507 1212 1658 1272 ποῖος
1706 1209 1861 1277 λόγος
1914 1210 1980 1263 ἂν

394 1296 721 1366 ἀφαιρήσειε
742 1296 837 1350 τοῦ
859 1297 933 1367 μὴ
961 1296 1114 1360 ὄντος
1142 1297 1203 1350 τὸ
1228 1298 1427 1369 μηδέν;
1454 1301 1515 1352 Εἰ
1533 1300 1589 1353 δὲ
1615 1300 1674 1354 ὃν
1703 1302 1977 1371 σημαίνει,

404 1387 481 1450 τίς
503 1387 568 1441 ἂν
602 1388 803 1459 ὁρίσειε
862 1387 1014 1453 ὄντος
1043 1389 1179 1442 Θεοῦ
1210 1391 1347 1463 ὅπερ
1380 1392 1528 1444 ἐστὶν
1559 1393 1720 1456 αὐτὸς
1746 1394 1971 1461 satu-toﬁ;

954 1636 1277 1706 Ἆγατροπὴ
1310 1640 1423 1692 19'.

464 1746 543 1798 A'.
562 1745 641 1799 Τὰ
659 1746 799 1800 κατά
825 1748 1081 1819 στέρησιν
1105 1749 1376 1821 λεγόμενα
1414 1750 1565 1822 παρά
1589 1754 1701 1815 τοῖς
1723 1750 1827 1817 ἔξω
1859 1753 1972 1806 δια·
2004 1765 2047 1819 Β

397 1834 670 1900 λεκτικοῖς
704 1838 859 1907 φέρει
885 1840 1015 1909 ἡμῖν
1059 1840 1280 1904 Ἀέτιος,
1312 1840 1388 1903 ὡς
1419 1841 1513 1893 ἐπὶ
1551 1841 1685 1894 Θεοῦ
1716 1842 1975 1913 εἰδήσεως

398 1928 493 1979 καὶ
520 1926 787 1996 ὠφελείας
808 1928 963 1982 τοῦτο
981 1929 1359 2001 διαλαμϐάνων
1376 1949 1388 1961 ·
1417 1931 1681 2002 ⁸πρότερον
1704 1932 1975 2003 ἀγνοήσας

392 2018 487 2069 ἐπὶ
521 2018 628 2071 τίσι
660 2020 812 2090 παρά
848 2022 963 2083 τοῖς
997 2021 1101 2085 ἔξω
1145 2022 1207 2074 τὸ
1250 2022 1570 2093 στερητικὸν
1613 2022 1971 2093 λαμϐάνεται.

393 2108 469 2159 Οὐ
499 2108 607 2179 γὰρ
638 2110 788 2181 παρὰ
811 2112 976 2163 πᾶσιν
1006 2111 1312 2181 ἐνδέχεσθαι
1340 2111 1401 2164 τὸ
1427 2112 1568 2165 κατά
1599 2112 1857 2184 στέρησιν
1885 2113 1976 2166 λέ-

392 2200 586 2268 γεσθαι
627 2201 902 2270 βούλονται
931 2204 978 2255 οἱ
1015 2202 1124 2255 τῶν
1164 2202 1519 2257 διαλεκτικῶν
1548 2202 1716 2271 λόγοι,
1753 2203 1866 2256 ἀλλ’
1899 2205 1974 2267 ὼς

392 2295 487 2345 ἐπὶ
511 2298 623 2357 τοῖς
650 2294 791 2348 κατὰ
817 2294 979 2362 φύσιν
1000 2313 1051 2348 τι
1078 2295 1456 2365 κεκτημένοις.
1490 2296 1712 2359 Τούτοις
1742 2294 1850 2367 γὰρ
1881 2297 1974 2349 ἐπὶ

398 2386 651 2438 τάναντία
683 2387 1067 2457 ὲνδεχομένοις,
1100 2386 1349 2440 ἵστασθαι
1373 2387 1481 2440 τῶν
1511 2386 1653 2440 κατὰ
1682 2386 1843 2456 φύσιν
1872 2389 1970 2440 αὺ-

390 2481 503 2540 τοῖς
539 2478 907 2547 ὑπαρχόντων,
946 2479 1007 2531 τὸ
1038 2479 1177 2533 κατά
1212 2479 1464 2549 στέρησιν
1498 2478 1745 2547 λέγεται·
1789 2480 1881 2531 ἐπὶ
1914 2480 1971 2531 δὲ

391 2567 499 2619 τῶν
534 2567 607 2638 μὴ
636 2567 999 2638 ἐνδεχομένων
1028 2568 1230 2621 οὐκέτι.
1270 2563 1395 2621 Οἷον
1426 2567 1488 2619 τὸ
1528 2567 1728 2636 τυφλὸς
1754 2568 1848 2621 ἐπὶ
1875 2566 1969 2621 τοῦ

390 2656 539 2710 λίθου
565 2660 663 2712 οὐκ
690 2659 753 2712 ἀν
799 2661 943 2712 εἴποι
973 2677 1077 2723 τις.
1119 2661 1176 2712 '0
1214 2659 1323 2730 γὰρ
1365 2659 1626 2729 πεφυκὼς
1663 2661 1815 2730 ὁρᾷν,
1852 2654 1972 2712 εἶτα

390 2746 680 2800 ἀποϐαλὼν
711 2747 771 2799 τὸ
804 2749 955 2819 όρᾷν,
985 2748 1183 2816 τυφλὸς
1224 2747 1410 2801 ἀκούει
1438 2766 1450 2778 ·
1486 2750 1536 2800 εί
1572 2748 1820 2817 μέντοιγε
1875 2766 1971 2801 πε-

396 2834 592 2895 τεινὸν.
644 2834 679 2905 ἢ
721 2835 1027 2905 ἄνθρωπος,
1063 2836 1095 2906 ἦ
1142 2837 1359 2906 κτῆνος,
1392 2837 1420 2889 ὅ
1443 2853 1495 2889 τι
1532 2837 1774 2906 πεφυκὸς
1814 2839 1967 2910 ὁρᾷν,

393 2926 484 2977 ὅτε
536 2925 844 2997 ἐπέρηται,
892 2927 1091 2997 τυφλὸν
1144 2928 1478 2999 στερητικῶς
1521 2928 1764 2995 λέγεται’
1797 2928 1972 2992 οὕτως

389 3018 484 3069 καὶ
506 3018 567 3070 τὸ
597 3018 863 3090 ἀόργητον
888 3020 988 3072 οὐκ
1022 3021 1086 3073 ἂν
1111 3021 1356 3090 εἴποιμεν
1376 3021 1468 3073 τὸν
1496 3020 1660 3085 λίθον,
1689 3022 1721 3091 ἧ
1749 3021 1809 3075 τὸ
1837 3022 1972 3076 ἀκα-

388 3108 571 3178 κος,ἢ
618 3109 680 3161 τὸ
730 3109 979 3177 ἄφθονος.
1013 3110 1087 3162 Οὐ
1145 3110 1253 3181 γὰρ
1303 3109 1566 3178 πέφυκεν.
1612 3111 1734 3163 Ἐπὶ
1784 3111 1966 3179 μέντοι
1995 3095 2041 3155 C

388 3199 678 3270 ἀνθρώπου
724 3202 817 3254 καὶ
855 3203 1084 3271 κτήνους
1132 3201 1226 3254 τοῦ
1273 3202 1575 3271 πεφυκότος
1622 3200 1962 3274 ὀργίζεσθαι,

388 3292 479 3344 ὅτε
512 3293 585 3362 μὴ
615 3293 906 3363 ὀργίζοιτο,
939 3294 1081 3347 εἴποι
1109 3296 1172 3348 ἄν
1198 3313 1279 3357 τις
1306 3294 1447 3347 κατά
1470 3294 1756 3365 στέρησιψ
1783 3292 1880 3346 ἐπὶ
1908 3293 1965 3345 δὲ

388 3384 497 3435 τῶν
528 3385 602 3454 μὴ
634 3385 996 3456 ἐνδεχομένων
1021 3387 1120 3439 οὐκ
1143 3385 1209 3439 ἂν
1236 3386 1337 3439 ἔτι.

2572 1013 2753 1068 AETll
2793 1015 3025 1070 CAPUT
3067 1017 3206 1071 XIX.

2160 1128 2216 1182 Si
2266 1128 2489 1198 ingeniti
2537 1144 2639 1183 vox
2690 1130 3050 1199 privationem
3097 1132 3151 1185 in
3204 1132 3315 1188 Deo
3366 1134 3663 1205 significat,

2086 1223 2329 1294 nihilque
2360 1225 2517 1293 plane
2546 1224 2616 1278 sit
2648 1224 2973 1294 ingenitum,
3022 1240 3271 1295 quaenam
3310 1228 3449 1281 ratio
3480 1231 3547 1281 ab
3579 1254 3661 1285 w.

2084 1314 2229 1384 quod
2266 1329 2373 1368 non
2421 1321 2526 1379 est,
2570 1313 2706 1367 nihil
2743 1315 2915 1384 possit
2962 1314 3214 1371 auferre?
3246 1316 3343 1371 Sin
3393 1320 3661 1373 BKSislv-m:

2084 1406 2359 1476 quidpiam
2392 1415 2570 1469 sonat,
2605 1404 2729 1475 quis
2759 1406 2826 1459 ab
2851 1421 2916 1459 eo
2945 1406 3089 1475 quod
3123 1414 3227 1472 est,
3258 1408 3493 1478 idipsum
3518 1418 3659 1479 quod

2083 1514 2190 1561 εει,
2219 1499 2322 1552 hoc
2356 1504 2443 1552 est
2468 1496 2666 1568 ipsum,
2688 1514 2717 1552 a
2738 1498 3031 1567 semetipso
3065 1501 3347 1554 secernat?

2618 1632 2930 1701 Confutatio
2971 1632 3131 1689 XIX.

2152 1748 2192 1800 l.
2234 1747 2365 1813 Quae
2391 1747 2654 1814 privantia
2683 1762 2713 1800 a
2746 1748 2993 1803 dialectis
3034 1750 3419 1813 nominantur,
3458 1753 3507 1803 in
3544 1768 3651 1805 me.

2078 1840 2228 1894 dium
2262 1839 2421 1893 nobis
2455 1838 2608 1894 an‘ert
2628 1838 2838 1902 Aetius,
2870 1849 2924 1894 et
2956 1841 3021 1894 ad
3058 1841 3149 1896 Dei
3180 1843 3466 1898 scientiam
3494 1858 3657 1913 atque

2077 1929 2450 1999 intelligentiae
2495 1929 2731 1983 fructum
2779 1932 3012 2001 aliquem
3060 1933 3358 1989 transferre
3378 1945 3649 1989 conatur:

2078 2018 2170 2074 sed
2202 2017 2335 2073 illud
2371 2018 2424 2071 in
2444 2017 2635 2086 primis
2661 2018 2893 2088 ignorat,
2930 2019 3128 2088 quibus
3158 2020 3319 2075 rebus
3352 2020 3657 2090 signiﬁcan-

2076 2109 2159 2165 dis
2187 2108 2509 2178 privationis
2540 2110 2865 2164 vocabulum
2909 2126 2939 2163 ιι
2974 2110 3314 2179 philosophis
3338 2112 3653 2181 impositum

2076 2201 2167 2255 sit.
2207 2198 2393 2269 Neque
2427 2199 2572 2253 enim
2616 2199 2917 2268 privatione
2964 2200 3157 2255 affecta
3192 2203 3501 2271 promiscue
3543 2204 3653 2257 dici
3728 2220 3729 2233 π

2076 2291 2258 2343 omnia
2290 2289 2699 2344 dialecticorum
2744 2292 2943 2361 regulae
2976 2293 3293 2361 patiuntur,
3334 2295 3428 2349 sed
3466 2311 3526 2350 ea
3561 2311 3654 2350 so-

2078 2382 2210 2446 lum,
2260 2397 2383 2450 quae
2410 2390 2605 2435 natura
2646 2396 2744 2436 sua
2773 2382 2953 2452 aliqua
2982 2398 3042 2437 re
3069 2385 3294 2453 praadita
3326 2396 3474 2440 sunt.
3526 2386 3652 2441 Haec

2074 2475 2219 2527 enim
2264 2490 2387 2529 cum
2435 2482 2643 2529 naturae
2674 2490 2786 2529 sua;
2814 2475 3150 2530 contrarium
3201 2478 3257 2531 in
3299 2486 3498 2533 statum
3552 2481 3651 2533 ali-

2074 2564 2293 2632 quando
2325 2564 2665 2635 redigantur,
2716 2572 2831 2618 tum
2876 2564 3091 2620 demum
3122 2568 3322 2636 privari
3354 2569 3646 2624 dicuntur:

2074 2669 2309 2723 quorum
2338 2668 2469 2708 vero
2499 2654 2767 2709 naturalis
2799 2653 2890 2707 illa
2918 2654 3162 2709 conditio
3194 2656 3395 2709 mutari
3422 2674 3528 2711 non
3555 2673 3649 2727 po-

2073 2754 2201 2808 test,
2236 2744 2306 2799 ad
2336 2759 2401 2800 ea
2428 2760 2535 2799 vox
2566 2744 2670 2800 ista
2717 2760 3061 2815 nequaquam
3095 2749 3371 2805 convenit.
3409 2748 3486 2803 Ita
3520 2751 3650 2820 lapi-

2073 2834 2195 2889 dem
2228 2849 2387 2889 nemo
2420 2849 2625 2889 cmcum
2657 2837 3026 2907 appellaverit.
3066 2835 3180 2895 Hoc
3222 2840 3368 2895 enim
3413 2844 3651 2896 vocabu-

2074 2928 2184 2980 lum
2226 2928 2274 2982 ei
2311 2928 2413 2981 soli
2453 2928 2734 2992 tribuitur,
2778 2929 2870 2997 qui
2904 2945 3063 2998 quem
3106 2947 3136 2983 a
3178 2938 3372 2986 natura
3421 2936 3648 2987 sortitus

2073 3026 2158 3073 est
2202 3017 2419 3073 videndi
2462 3035 2682 3075 sensum
2731 3020 2998 3086 amiserit,
3041 3023 3118 3076 uti
3148 3023 3421 3086 volucres,
3469 3024 3649 3077 homi-

2075 3124 2193 3174 nes,
2246 3107 2523 3178 pecudes;
2572 3122 2695 3179 quas
2722 3108 2868 3169 visu,
2909 3123 3069 3178 quem
3107 3109 3308 3165 habent
3347 3126 3377 3163 a
3423 3120 3645 3170 natura,

2074 3198 2616 3269 spoliata,privatira
2663 3212 2798 3253 voce
2845 3212 2989 3253 caeca
3038 3199 3413 3254 nominantur.
3460 3200 3551 3254 Sic
3594 3212 3648 3253 (ιι

2073 3291 2392 3355 iracundiae,
2433 3289 2519 3347 vel
2566 3290 2809 3355 malitias,
2847 3291 2934 3346 vel
2975 3291 3192 3346 invidia:
3225 3293 3455 3362 lapidem
3488 3311 3647 3347 nemo

2073 3381 2220 3437 dicat
2265 3390 2563 3453 expertem,
2614 3383 2873 3450 quoniam
2915 3382 2983 3437 ad
3023 3382 3139 3439 haec
3178 3392 3376 3439 natura
3424 3386 3648 3439 minime

389 3486 742 3547 comparatus
775 3484 880 3532 est.
916 3477 995 3531 Ad
1034 3477 1306 3532 hominem
1343 3492 1490 3542 vero,
1526 3476 1642 3533 sive
1681 3475 1964 3545 pecudem,
2007 3492 2127 3546 quae
2157 3458 2452 3530 iracundiae
2472 3475 2693 3544 capacia
2727 3484 2874 3539 sunt,
2909 3489 3035 3529 cum
3073 3490 3136 3530 ea
3198 3477 3487 3541 carebunt,
3550 3479 3647 3545 pri-

393 3569 575 3623 vantia
616 3569 708 3623 illa
751 3568 973 3623 nomina
1004 3568 1290 3625 transferri
1335 3576 1610 3637 poterunt,
1654 3568 1721 3623 ad
1771 3576 1966 3623 caetera
1999 3584 2104 3622 non
2140 3569 2287 3622 item.

462 3660 535 3713 B’.
569 3660 725 3713 Οὖτω
754 3661 845 3713 καὶ
873 3660 967 3713 ἐπὶ
1008 3660 1102 3713 τοῦ
1132 3659 1265 3714 Θεοῦ
1305 3660 1559 3730 ληπτέον,
1596 3661 1672 3723 ὠς
1702 3660 1839 3732 πρὸς
1872 3660 1965 3713 τὸν

402 3755 604 3808 Ἀέτιον
625 3752 1044 3825 ἀποτεινομένου
1071 3752 1164 3807 τοῦ
1204 3752 1387 3821 λόγου,
1420 3752 1517 3807 καὶ
1569 3752 1849 3823 ἐρωτικῶς
1872 3752 1964 3821 ἐξ·

390 3850 691 3914 ετάζοντοςο
742 3849 880 3915 Λέγε
923 3849 1075 3918 ἡμῖν,
1119 3840 1164 3899 ὧ
1203 3845 1397 3908 Ἀἐτιε,
1451 3840 1598 3907 οΰας
1637 3843 1965 3915 ἀσύγκριτον

390 3943 525 4011 πρὸς
570 3943 693 4005 τοὺς
737 3941 945 4002 πάντας
975 3940 1097 4002 τοὺς
1130 3939 1204 4008 μὴ
1246 3936 1405 3999 ὄντας
1432 3938 1496 3988 ὲκ
1532 3936 1632 4005 τῆς
1675 3935 1842 4006 αὐτῆς
1871 3936 1964 3988 οὑ-

390 4035 531 4097 σίας,
563 4033 596 4104 ἢ
627 4032 720 4086 καὶ
766 4031 928 4085 αὐτὸν
958 4030 1053 4083 σὺν
1094 4031 1205 4092 τοῖς
1238 4028 1442 4081 ἅπασιν
1486 4026 1737 4098 ἀριθμεῖν
1762 4027 1965 4097 τολμήο

390 4143 572 4191 σειας;
620 4125 730 4178 Καὶ
767 4128 815 4177 εἰ
847 4124 948 4194 μὲν
990 4125 1105 4186 τοῖς
1133 4125 1153 4153 ¹
1184 4122 1318 4173 πᾶσι
1350 4117 1537 4172 τοῦτον
1579 4118 1964 4189 ἀριθμήσειας,

387 4220 498 4280 τοῖς
532 4218 605 4287 μὴ
640 4219 703 4270 ὲκ
732 4219 831 4286 τῆς
870 4214 1055 4276 οὐσίας
1098 4212 1262 4266 αὐτοῦ
1298 4208 1470 4275 οὖσιν,
1508 4210 1621 4263 ἀλλ’
1656 4208 1714 4277 ἐξ
1744 4208 1845 4262 οὐκ
1875 4208 1966 4262 ὄν-

386 4324 495 4360 των
528 4308 619 4360 ὑπ’
650 4307 814 4361 αὐτοῦ
858 4307 947 4359 διὰ
982 4305 1075 4359 τοῦ
1122 4305 1273 4367 ὄντος
1317 4304 1375 4370 ἐξ
1415 4299 1579 4355 αὐτοῦ
1631 4300 1749 4353 κατ’
1775 4300 1965 4354 οὐσίαν

2144 3659 2208 3713 ll.
2250 3659 2454 3714 Eodem
2504 3659 2665 3715 modo
2713 3670 2767 3715 et
2811 3660 2865 3716 in
2911 3660 3024 3719 Deo
3064 3666 3217 3719 istud
3266 3666 3646 3733 accipiendum

2071 3762 2176 3807 est.
2208 3753 2386 3822 Atque
2416 3761 2476 3807 ut
2508 3754 2575 3809 ad
2615 3754 2830 3808 Aetium
2859 3763 3048 3810 nostra
3076 3766 3422 3811 convertatur
3449 3761 3646 3825 oratio,

2074 3844 2203 3899 libet
2232 3843 2378 3898 hunc
2410 3843 2466 3897 in
2498 3844 2717 3898 modum
2745 3843 3114 3915 interrogare:
3138 3845 3252 3911 Dic,
3286 3848 3465 3910 sodes,
3501 3849 3644 3910 Acti,

2072 3944 2383 3991 utrumnam
2417 3935 2568 3990 illum
2611 3950 2735 3990 cum
2765 3937 2979 3991 caeteris
3010 3937 3287 4001 omnibus,
3333 3940 3423 4007 qui
3456 3941 3643 3997 eadem

2067 4028 2227 4097 961
2260 4042 2291 4082 e
2311 4027 2620 4083 substantia
2645 4043 2755 4081 non
2778 4034 2926 4093 sunt,
2951 4028 3254 4096 comparari
3280 4037 3439 4097 putas
3465 4045 3641 4099 posse,

2068 4134 2137 4171 an
2167 4134 2290 4172 cum
2320 4119 2388 4174 iis
2416 4133 2780 4172 annutnerare
2809 4134 2918 4172 non
2952 4116 3208 4173 dubites?
3240 4118 3295 4171 Si
3332 4120 3383 4172 in
3414 4121 3643 4173 aliorum

2069 4220 2271 4264 emtum
2306 4223 2702 4278 numerumque
2745 4208 3016 4272 retuleris,
3065 4210 3158 4278 qui
3194 4225 3306 4262 non
3352 4226 3416 4263 ex
3472 4213 3643 4279 ipsius

2068 4301 2378 4358 substantia
2414 4310 2561 4363 sunt,
2592 4300 2689 4354 sed
2714 4314 2745 4353 e
2771 4299 2943 4353 nihilo
2969 4315 3066 4369 per
3087 4316 3234 4365 eum,
3277 4302 3369 4370 qui
3398 4303 3467 4357 ab
3495 4304 3643 4373 ipso-

387 4399 823 4470 γεγεννημένοις,
856 4397 1031 4468 παρὲξ
1074 4396 1237 4467 μόνου
1272 4394 1438 4449 αὑτοῦ
1470 4396 1561 4448 καὶ
1587 4394 1681 4446 τοῦ
1711 4392 1960 4463 Πνεύμα-

2078 4399 2177 4444 met
2212 4389 2512 4445 secundum
2547 4388 2911 4443 substantiam
2951 4399 3105 4443 ortus
3143 4399 3247 4455 est,
3290 4392 3358 4447 ab
3395 4392 3487 4447 illo
3518 4409 3641 4463 pro-

388 4509 476 4554 τος
515 4492 609 4545 τοῦ
656 4491 833 4559 ἁγίου,
864 4489 956 4544 τοῦ
994 4491 1059 4543 ὲκ
1105 4489 1205 4559 τῆς
1251 4488 1441 4551 οὐσίας
1496 4486 1591 4539 τοῦ
1627 4485 1960 4556 ἀσυγκρίτου

388 4581 598 4652 Πατρὸς
623 4582 715 4634 καὶ
737 4582 829 4635 τοῦ
858 4579 1175 4652 μονογενοῦς
1203 4579 1333 4632 Υἱοῦ
1358 4578 1519 4631 αὐτοῦ
1546 4577 1698 4640 ὄντος
1715 4594 1727 4606 ο
1757 4578 1964 4630 ἀτοπω-

386 4674 523 4743 τάτη
547 4672 613 4727 ἂν
646 4675 731 4742 εἴη
763 4689 857 4725 σου
878 4674 911 4742 ἡ
937 4671 1214 4741 ὁμολογία.
1249 4670 1371 4732 Πῶς
1401 4668 1509 4741 γὰρ
1539 4667 1619 4721 ἔτι
1650 4662 1728 4730 εἷς
1757 4669 1821 4720 ἐκ
1851 4665 1959 4718 τῶν

387 4764 625 4829 πάντων,
656 4762 714 4830 ἐξ
738 4756 799 4815 οὗ
835 4764 1010 4816 πάντα
1036 4760 1093 4828 ἐξ
1128 4762 1225 4814 sint
1247 4761 1414 4813 ὄντων
1439 4759 1763 4828 γεγένηται;
1808 4755 1960 4808 Ἀδύ-

385 4872 547 4909 νατον
591 4855 700 4926 γάρ
730 4855 918 4918 τοῦτο,
955 4855 1049 4908 καὶ
1080 4854 1187 4907 οὐδ’
1218 4854 1378 4915 αὐτὸς
1406 4848 1563 4905 τοῦτο
1605 4850 1834 4914 λέξειας.
1870 4849 1961 4919 Μὴ

385 4945 734 5015 ἐνδεχομένου
766 4944 823 4997 δὲ
849 4944 944 4998 τοῦ
971 4944 1133 4999 αὑτὸν
1165 4939 1306 4997 εἶναι
1341 4943 1525 5012 ὅμοιον
1555 4940 1588 5011 ἢ
1618 4941 1731 4993 ἴσον
1758 4941 1871 5002 τοῖς
1902 4939 1960 5003 ἐξ

386 5035 550 5088 αὐτοῦ
599 5034 659 5101 ἐξ
692 5035 793 5089 οὐκ
835 5034 1001 5088 ὄντων
1034 5033 1333 5101 γεγονόσιν,
1379 5028 1695 5084 ἀνένδεκτόν
1741 5028 1857 5080 ἐστι
1891 5028 1959 5079 τὰ

386 5126 547 5196 ὃμοια
572 5125 736 5180 αὑτὸν
758 5118 986 5195 πάσχειν
1006 5127 1117 5189 τοῖς
1142 5122 1413 5193 ἀνομοίοις
1438 5119 1605 5190 αὐτῷ,
1632 5112 1711 5182 οἷς
1733 5120 1793 5171 τὸ
1817 5114 1957 5172 εἶναι

386 5219 524 5273 αὐτὰ
570 5218 629 5282 ἐξ
658 5217 823 5272 αὐτοῦ
858 5218 917 5283 ἐξ
953 5218 1055 5270 οὐκ
1094 5215 1285 5278 ὄντων,
1317 5214 1409 5266 καὶ
1443 5212 1622 5265 πάντα
1670 5210 1741 5262 τὰ
1772 5211 1829 5263 ὲν
1870 5210 1967 5262 αὺ-

384 5308 517 5370 τοῖς,
548 5302 628 5368 οἷς
655 5304 941 5376 συμϐαίνει
977 5303 1117 5358 κατά
1160 5304 1417 5374 στέρησιν
1445 5297 1584 5353 εἶναι
1610 5300 1671 5352 τὸ
1700 5299 1961 5353 ἐναντίον.

386 5399 468 5451 Τὰ
512 5399 611 5470 μὲν
642 5399 751 5469 γάρ
799 5400 947 5451 ἐστιν
993 5396 1248 5468 όρῶντα⁸
1280 5396 1380 5449 οὐκ
1427 5393 1520 5463 ἀφ’
1549 5392 1792 5447 ἑαυτῶν·
1839 5390 1962 5444 οὔτε

385 5486 495 5559 γὰρ
527 5490 623 5543 καὶ
651 5488 712 5541 τὸ
755 5485 894 5543 εἶναι
930 5488 1023 5557 ἀφ’
1050 5486 1257 5540 ἑαυτῶν
1292 5486 1608 5556 ἐσχήκασιν,
1644 5482 1781 5538 ἀλλά
1820 5482 1962 5537 κατά

386 5579 601 5653 δοτικὴν
630 5582 791 5654 χάριν
827 5581 921 5635 τοῦ
950 5579 1345 5652 δεδωρημένου,
1380 5579 1438 5631 ὲν
1472 5572 1551 5641 οἷς
1584 5574 1869 5646 συμϐαίνει
1898 5574 1961 5628 τὸ

465 5761 482 5793 ¹
510 5761 637 5816 Cor.
668 5763 846 5816 πᾶσαν
875 5763 1011 5829 ἐξέτ.
1088 5766 1107 5795 ¹
1130 5762 1256 5816 Cor.
1286 5762 1343 5813 ὲν
1369 5760 1495 5822 τοῖς.
1574 5755 1593 5787 ³
1629 5754 1690 5808 F.
1725 5752 1873 5809 ὄντα.

2069 4481 2237 4536 creati
2279 4488 2441 4546 sunt;
2481 4496 2510 4533 a
2541 4481 2739 4550 quibus
2783 4482 2934 4536 solus
2980 4482 3299 4536 eximendus
3326 4495 3408 4536 est
3446 4482 3641 4549 Filius,

2070 4590 2192 4628 cum
2231 4572 2434 4642 Spiritu
2468 4580 2687 4627 sancto.
2726 4574 2819 4641 qui
2861 4588 2926 4626 ex
2959 4574 3397 4642 incontparabilis
3441 4574 3640 4637 Patris,

2067 4674 2122 4720 et
2151 4664 2410 4735 unigeniti
2454 4664 2574 4733 ejus
2616 4661 2737 4717 Filii
2783 4664 3088 4718 substantia
3145 4667 3430 4734 processit,
3482 4669 3528 4723 si
3575 4670 3640 4723 ad

2068 4766 2415 4816 cmterorum,
2454 4754 2696 4822 inquam,
2747 4753 3113 4808 conditionem
3161 4756 3457 4825 abjeceris,
3506 4760 3639 4813 nihil

2069 4844 2189 4899 fidei
2237 4844 2575 4914 professione
2618 4850 2709 4897 tua
2760 4859 2883 4899 esse
2933 4854 3108 4914 potest
3167 4847 3481 4903 absurdius.
3536 4849 3637 4915 Qui

2065 4936 2210 4990 enim
2256 4950 2398 4990 unus
2430 4950 2495 4989 ex
2535 4934 2795 4989 omnibus
2836 4935 2964 4997 erit,
3007 4951 3039 4988 a
3081 4952 3188 5005 quo
3213 4946 3341 4991 sunt
3386 4954 3417 4992 e
3467 4938 3639 4993 nihilo

2065 5037 2260 5083 cuncta
2310 5027 2613 5098 producta?
2658 5028 2800 5083 Fieri
2826 5029 2958 5083 illud
3012 5031 3201 5099 utiQue
3254 5046 3363 5084 non
3416 5041 3634 5099 potest,

2065 5137 2241 5190 neque
2268 5129 2383 5176 tute
2412 5135 2651 5191 unquam
2699 5121 2801 5175 hoc
2834 5123 3155 5177 asserueris.
3184 5122 3368 5188 Quare
3397 5137 3521 5176 cum
3566 5124 3635 5178 iis

2066 5228 2187 5283 quae
2213 5214 2519 5282 procreavit
2543 5228 2574 5266 e
2603 5213 2799 5275 nihilo,
2841 5213 3038 5267 similis
3055 5223 3108 5267 et
3133 5213 3359 5282 aequalis
3389 5228 3510 5267 esse
3540 5228 3636 5269 ne-

2065 5314 2250 5374 queat,
2276 5304 2465 5360 cadem
2514 5319 2638 5359 cum
2673 5305 2755 5359 sui
2792 5305 3159 5359 dissimilibus
3201 5304 3307 5372 pati
3350 5306 3497 5358 nulla
3545 5322 3635 5358 ra-

2064 5399 2213 5452 tione
2244 5399 2459 5466 poterit,
2496 5398 2695 5466 quibus
2728 5397 2831 5451 hoc
2860 5398 3136 5461 convenit,
3168 5403 3227 5449 ut
3264 5412 3294 5450 e
3316 5396 3485 5451 nihilo
3520 5404 3631 5451 tam

2064 5483 2133 5536 ab
2162 5483 2256 5537 illo
2283 5482 2400 5551 ipsa
2431 5481 2694 5551 producta
2723 5481 2854 5545 sint,
2885 5493 3049 5550 quam
3099 5495 3221 5549 quae
3252 5480 3387 5550 ipsis
3418 5480 3631 5546 insunt,

2063 5574 2267 5645 quibus
2304 5588 2400 5645 per
2450 5572 2807 5644 privationem
2852 5570 3107 5643 accidunt
3151 5573 3447 5628 contraria.
3503 5570 3628 5628 Hzec
