3994 6224
383 321 478 379 591

1771 314 1827 368 S.
1873 311 2213 368 EPIPHANII

3533 311 3649 366 59E!

376 441 523 495 enim
572 438 754 493 omnia
807 435 1028 490 minime
1060 449 1088 487 a
1135 431 1334 503 seipsis
1379 429 1675 493 exsistunt,
1735 428 1829 499 sed
1886 444 1952 484 ex

2066 427 2228 491 πάθος
2257 427 2394 482 κατὰ
2425 429 2682 500 στέρησιν
2706 426 2815 480 τῶν
2841 426 2897 479 ἕν
2918 424 3101 489 αὐτοῖς
3127 421 3488 496 ὑπαρξάντων
3505 427 3650 477 κατά

379 530 610 598 benigna
639 527 821 582 dantis
856 525 1144 596 largitione
1173 542 1186 578 :
1215 521 1417 592 quibus
1467 521 1635 574 etiam
1689 527 1877 590 utpote
1923 536 1953 574 e

377 621 548 676 nihilo
575 617 854 688 productis
883 617 992 688 pati
1016 614 1219 685 aliquid
1243 613 1530 682 contingit,
1561 626 1689 666 cum
1728 612 1796 667 iis
1821 612 1954 681 ipsis

376 712 542 766 rebus
568 709 872 780 privantur,
904 723 1026 779 qua:
1054 722 1085 760 a
1118 706 1374 776 largitore
1407 705 1500 759 illo
1539 703 1955 759 communicatae

376 801 754 871 fuerant:qui
787 814 965 869 neque
995 797 1108 868 pati
1159 795 1363 866 aliquid
1407 803 1606 865 potest,
1639 801 1692 848 et
1735 809 1764 846 a
1808 793 1956 848 nullo

376 891 485 946 alio
510 891 696 956 habet,
727 898 788 946 ut
813 891 904 956 sit,
940 904 1118 960 neque
1151 888 1351 958 privari
1383 887 1496 941 ullo
1526 887 1689 941 modo
1723 894 1921 956 potest.

445 984 790 1055 Quapropter
816 997 942 1037 cum
989 981 1216 1051 aequalis
1262 981 1370 1034 illis
1409 994 1514 1034 non
1561 979 1631 1033 sit
1663 977 1854 1042 Filius,
1881 977 1960 1032 uti

377 1089 557 1144 neque
584 1072 766 1136 Pater,
799 1086 976 1140 neque
1027 1068 1265 1139 Spiritus
1320 1075 1565 1126 sanctus.
1603 1082 1667 1120 ac
1711 1067 1960 1122 diversus

378 1163 453 1218 sit
489 1163 561 1217 ab
590 1161 712 1217 istis
745 1159 919 1214 Filius
940 1202 954 1225 ,
989 1159 1313 1228 quibuscum
1383 1157 1570 1213 eadem
1604 1157 1962 1227 appellatione

376 1252 605 1307 minime
640 1251 990 1318 continetur,
1039 1250 1132 1306 sed
1166 1250 1422 1305 eximium
1462 1264 1661 1303 nomen
1702 1250 1864 1304 habet
1907 1257 1962 1305 et

376 1341 669 1404 excellens,
699 1349 759 1394 ut
801 1342 1091 1409 ipsummet
1129 1338 1328 1392 bonum
1354 1339 1424 1393 ab
1449 1353 1515 1392 eo
1544 1337 1637 1408 qui
1669 1339 1964 1408 ipsummet

375 1432 602 1502 perinde
653 1431 857 1486 bonum
907 1437 1016 1492 est,
1069 1427 1371 1497 profectum
1429 1427 1664 1492 dicatur,
1713 1443 1961 1499 quaenam

375 1537 501 1578 esse
537 1529 715 1592 potest
740 1536 863 1576 cum
898 1519 966 1575 iis
995 1534 1116 1588 qum
1145 1518 1451 1588 oppositam
1483 1533 1549 1573 ex
1591 1518 1820 1574 adverso
1852 1520 1964 1588 pri-

376 1614 648 1668 vationem
691 1611 914 1675 habent,
961 1610 1310 1665 commistio?
1343 1609 1758 1679 Supervacanea
1799 1611 1964 1681 igitur

376 1712 463 1759 est
489 1703 627 1759 Aetii
667 1702 1032 1774 privationem
1068 1699 1229 1756 nobis
1255 1699 1561 1754 invehentis
1588 1701 1764 1754 oratio
1792 1718 1804 1754 :
1838 1716 2007 1754 nam\

2056 520 2154 590 τὴν
2187 521 2336 574 δόσιν
2383 520 2477 574 τοῦ
2515 519 2912 591 δεδωρημένου,
2961 516 3056 570 τοῦ
3103 516 3365 580 ἀπαθοῦς,
3414 516 3511 569 καὶ
3546 516 3650 567 οὐκ

2059 610 2123 662 ἕκ
2146 628 2289 673 τινος
2336 611 2550 680 ἔχοντος
2583 610 2644 663 τὸ
2682 605 2844 672 εἶναι,
2880 607 3002 661 οὐδὲ
3031 607 3329 679 δυναμένου
3363 605 3652 676 στερίσκε-

2061 703 2205 770 σθαι,
2236 705 2348 766 τοῖς
2373 701 2434 766 ἐξ
2464 703 2566 756 οὐκ
2595 702 2763 756 ὄντων
2795 700 3122 772 ὐπάρξασιν.

2131 972 2195 1025 Εἰ
2237 967 2328 1024 οῦν
2379 971 2478 1023 οὐκ
2526 971 2639 1032 ἴσος
2670 970 2876 1031 ἐκεῖνος
2909 969 2937 1020 6
2973 966 3119 1029 Υἱὸς,
3159 966 3191 1036 ἢ
3224 966 3252 1018 6
3274 962 3487 1034 Πατὴρ,
3523 963 3558 1034 ἦ
3590 962 3654 1016 τὸ

2063 1064 2215 1133 ἆγιον
2247 1062 2474 1132 Πνεῦμα
2511 1061 2746 1125 τούτοις,
2781 1061 2940 1124 ἄλλος
2989 1060 3048 1112 δέ
3091 1060 3241 1111 ἐστιν
3273 1059 3302 1110 6
3334 1057 3464 1120 Υίὸς
3498 1055 3654 1125 παρά

2061 1160 2305 1222 τούτους,
2335 1156 2394 1208 οὐ
2435 1158 2503 1226 τῇ
2539 1154 2630 1227 ἴσῃ
2661 1154 2927 1225 ὀνομασίᾳ
2953 1151 3409 1221 κικλησκόμενος,
3437 1149 3654 1220 ἐξαίρε-

2061 1265 2153 1302 τον
2191 1247 2248 1301 δὲ
2276 1247 2371 1300 καὶ
2414 1246 2746 1314 ἀσύγκριτον
2784 1245 2955 1314 ὄνομα
2981 1244 3139 1313 ἔχων,
3173 1240 3510 1309 αὐτοαγαθὸν
3540 1239 3654 1292 ἀπὸ

2061 1337 2156 1392 τοῦ
2200 1336 2539 1406 αὐτοαγαθοῦ
2579 1337 2754 1399 ὄντος,
2791 1335 2876 1400 τίς
2911 1335 2977 1389 ἂν
3017 1335 3051 1405 ἡ
3099 1332 3386 1404 συμπλοκὴ
3423 1332 3562 1402 πρὸς
3588 1331 3654 1383 τὸ

2065 1429 2382 1501 στερητικὸν
2407 1428 2639 1500 ἐχούσης
2660 1426 2937 1481 ἀντίθετον
2958 1443 2972 1491 ;
3005 1424 3138 1497 Περί
3171 1442 3231 1477 τε
3252 1426 3266 1456 ¹
3292 1424 3401 1495 γὰρ
3423 1424 3451 1475 6
3471 1422 3566 1476 τοῦ
3590 1422 3655 1474 τὸ

2067 1520 2382 1590 στερητικὸν
2432 1518 2841 1586 εἰσενέγκαντος
2882 1517 3012 1587 ἡμῖν
3052 1515 3258 1567 Ἀετίου
3304 1513 3497 1582 λόγος,
3552 1511 3651 1564 τοῦ

2065 1612 2361 1682 ἀγεννήτου
2407 1609 2543 1664 Θεοῦ
2575 1610 2671 1664 καὶ
2702 1607 2964 1679 γεννητοῦ
3009 1605 3140 1661 Υίοῦ
3179 1606 3241 1660 οὐ
3281 1605 3425 1660 κατά
3462 1604 3655 1676 στέρη-

2069 1720 2152 1756 σιν
2182 1703 2283 1773 τὴν
2314 1701 2421 1756 τῶν
2447 1701 2765 1772 κτισμάτων
2791 1699 3006 1771 ἔχοντος
3034 1699 3096 1752 τὸ
3119 1697 3364 1769 ὑπάρχον
3405 1694 3650 1765 ἀξίωμα,

377 1794 651 1867 ingenitus
687 1793 853 1857 Deus,
891 1806 955 1845 ac
992 1791 1205 1862 genitus
1257 1789 1432 1845 Filius
1481 1805 1589 1845 non
1647 1806 1711 1845 ex
1754 1798 1958 1846 creata-

2066 1795 2202 1850 ἀλλά
2239 1795 2384 1849 κατὰ
2414 1795 2476 1848 τὸ
2509 1795 2834 1864 αὐτομάτως
2863 1793 2958 1847 καὶ
2985 1791 3294 1855 ἰδιαζόντως
3327 1788 3450 1844 καθ’
3485 1786 3653 1842 ἑαυτὸ

375 1902 498 1942 rum
547 1899 732 1940 rerum
772 1882 1080 1953 privatione
1118 1881 1435 1953 dignitatem
1488 1881 1732 1936 obtinent
1764 1897 1920 1938 suam
1945 1921 1962 1948 ,

377 1978 476 2036 sed
516 1993 583 2033 ex
615 1991 682 2032 eo
710 1975 852 2047 quod
876 1981 1071 2044 sponte
1101 1988 1220 2036 sua,
1252 1973 1606 2043 peculiariter
1631 1987 1693 2028 ac
1722 1988 1818 2043 per
1843 1988 1964 2028 sese

377 2062 696 2119 substantiae
761 2076 876 2117 suae
937 2059 1320 2131 divinitatique
1381 2061 1652 2131 congruit.
1701 2059 1779 2116 Ita
1832 2076 1957 2115 cum

376 2168 580 2226 expers
605 2153 699 2208 ira:
722 2151 925 2207 dicitur
957 2150 1122 2218 Deus,
1161 2166 1267 2206 non
1295 2151 1346 2205 id
1390 2152 1458 2207 ab
1489 2151 1571 2206 ira
1593 2152 1710 2222 ipsa
1742 2152 1962 2223 petitur,

378 2247 472 2301 sed
499 2261 562 2300 ex
603 2260 668 2300 eo
695 2243 841 2315 quod
871 2243 952 2297 ira
985 2257 1080 2314 per
1108 2259 1230 2299 sese
1255 2251 1432 2296 vacat.
1479 2241 1569 2298 Sic
1605 2244 1767 2298 etiam
1805 2245 1957 2314 inge-

377 2338 525 2392 nitus
565 2337 888 2407 appellatur,
937 2335 1081 2406 quod
1129 2334 1361 2389 exsistat
1396 2350 1425 2388 a
1476 2335 1678 2406 seipso,
1725 2336 1848 2392 licet
1891 2337 1958 2391 ab

375 2425 564 2482 eodem
597 2425 836 2496 ingenito
863 2422 1034 2480 Filius
1078 2424 1149 2478 sit
1189 2424 1305 2493 ipse
1340 2426 1575 2495 genitus.
1609 2427 1799 2496 itaque
1845 2427 1960 2481 fru-

377 2528 489 2572 stra
517 2525 601 2573 est
632 2516 877 2587 apposita
902 2517 992 2571 illa
1027 2517 1292 2571 vocabulo
1319 2517 1556 2586 negatio,
1586 2531 1708 2570 cum
1739 2519 1802 2571 ad
1832 2534 1956 2573 eum

375 2607 727 2671 transfertur,
783 2608 878 2678 qui
925 2622 1049 2661 cum
1097 2607 1306 2662 caeteris
1360 2608 1443 2661 vel
1495 2624 1563 2663 ex
1610 2609 1819 2678 ipsius,
1865 2612 1956 2680 qui

378 2695 705 2750 mentionem
755 2696 918 2765 hujus
975 2695 1138 2762 fecit,
1189 2695 1446 2766 opinione
1499 2699 1804 2768 comparari
1858 2717 1968 2756 non

379 2795 578 2857 potest.
611 2787 729 2842 Non
753 2788 896 2844 enim
927 2795 1120 2842 caetera
1152 2786 1426 2858 adazquari
1467 2804 1590 2843 cum
1622 2791 1808 2860 genito
1841 2807 1969 2862 pos-

377 2889 528 2945 sunt,
561 2896 659 2936 nec
706 2881 978 2951 ingenitus
1009 2894 1162 2935 suam
1213 2894 1336 2933 cum
1387 2881 1586 2935 creatis
1633 2882 1794 2938 rebus
1835 2884 1968 2939 sub-

377 2972 634 3026 stantiam
679 2971 1070 3027 communicat.
1110 2971 1272 3042 962
1316 2973 1472 3038 Quod
1520 2988 1628 3028 non
1685 2976 1793 3028 ulla
1830 2992 1968 3046 prae-

2067 1887 2390 1958 συμπρέπον
2421 1888 2488 1957 τῇ
2535 1884 2729 1939 ἑαυτοῦ
2761 1884 2922 1956 οὐσίᾳ
2961 1900 3020 1937 τε
3064 1883 3158 1936 καὶ
3186 1880 3528 1952 θεότητι.Ὡς
3556 1879 3653 1933 ἐπὶ

2064 1974 2158 2028 τοῦ
2187 1969 2478 2045 ἀόργητος,
2521 1973 2581 2026 οὐ
2611 1973 2698 2027 διὰ
2729 1973 2790 2026 τὸ
2820 1971 3162 2044 ὀργίζεσθαι,
3188 1969 3324 2024 ἀλλά
3349 1969 3440 2023 διά
3468 1969 3531 2022 τὸ
3561 1970 3654 2022 αὐ-

2064 2066 2416 2138 τοαόργητον,
2445 2063 2540 2118 καὶ
2566 2064 2626 2118 τὸ
2654 2063 2947 2132 ἀγέννητὸς
2975 2059 3064 2115 διά
3100 2060 3161 2114 τὸ
3187 2059 3582 2129 αὐτογέννητον
3603 2059 3648 2125 ⁸,

2067 2159 2169 2213 κᾶν
2196 2175 2256 2210 τε
2281 2160 2310 2211 6
2337 2157 2465 2220 Υίὸς
2490 2156 2750 2226 γεννητὸς
2775 2155 2860 2225 εἴη
2889 2153 2995 2207 ἀπὸ
3039 2151 3134 2206 τοῦ
3178 2152 3504 2223 ἀγεννήτου·
3550 2149 3649 2218 τῆς

2065 2246 2208 2302 κατὰ
2271 2247 2528 2320 στέρησιν
2576 2245 2776 2312 λέξεως
2829 2244 3077 2316 ματαίως
3123 2243 3384 2315 κειμένης
3426 2242 3522 2295 ἐπὶ
3570 2241 3652 2312 τῷ

2065 2339 2378 2410 ἀσυγκρίτῳ
2422 2340 2557 2411 πρὸς
2586 2340 2712 2402 τοὺς
2759 2337 2975 2405 ἄλλους,
3005 2335 3146 2392 κατά
3174 2335 3263 2390 τὸν
3293 2335 3418 2388 νοῦν
3449 2333 3646 2387 τούτου

2063 2430 2157 2501 τοῦ
2189 2431 2602 2495 ὑποϐάλλοντος.
2640 2431 2778 2486 Οὔτε
2809 2430 2919 2502 γάρ
2947 2429 3017 2484 τά
3043 2429 3175 2485 ἄλλα
3209 2428 3288 2500 τῷ
3314 2425 3651 2498 γεγεννημέ-

2063 2541 2139 2593 νῳ
2185 2522 2445 2589 ίσάζεται,
2488 2523 2612 2577 οὐτε
2639 2527 2667 2578 6
2701 2523 2994 2595 ἀγέννητος
3032 2527 3144 2587 τοῖς
3164 2522 3544 2593 κεκτισμένοις
3585 2519 3650 2574 τὸ

2067 2616 2351 2685 όμοούσιον
2401 2617 2784 2686 μεταδίδωσιν·
2835 2618 2935 2671 οὐκ
2979 2617 3238 2671 ἀδυνάτου
3282 2614 3378 2668 τοῦ
3419 2612 3651 2666 δυνατοῦ

2070 2707 2566 2779 κατηγορουμένου,
2602 2709 2740 2763 ἀλλά
2777 2709 2889 2762 τῶν
2924 2709 3200 2763 ἀδυνάτων
3233 2707 3369 2779 πρὸς
3398 2706 3458 2758 τὸ
3485 2706 3648 2759 δυνα-

2066 2796 2158 2852 τὸν
2205 2798 2279 2869 μὴ
2321 2799 2804 2871 ὲπεκτεινομένων,
2833 2799 2922 2854 διά
2966 2800 3028 2853 τὸ
3075 2800 3352 2871 ἐξαίρετον
3394 2795 3492 2850 τοῦ
3531 2795 3650 2858 ἑνὸς

2068 2887 2204 2942 Θεοῦ
2233 2887 2328 2944 καὶ
2357 2887 2450 2942 τοῦ
2477 2888 2537 2954 ἐξ
2562 2888 2728 2943 αὐτοῦ
2761 2887 3084 2962 μονογενοῦς
3111 2886 3240 2942 Υίοῦ
3273 2889 3370 2941 σὺν
3395 2884 3475 2956 τῷ
3510 2882 3649 2952 ἁγίῳ

2069 2981 2367 3053 Πνεύματι.

375 3063 613 3133 potentis
645 3063 1014 3119 imbecillitate
1043 3063 1156 3117 fieri
1192 3064 1489 3132 putandum
1524 3073 1628 3127 est.
1668 3067 1760 3121 sed
1789 3083 1854 3123 eo
1883 3069 2152 3139 videlicet,
2180 3075 2327 3145 quod
2395 3073 2664 3129 imbecilla
2725 3084 2919 3129 caetera
2989 3073 3054 3128 ad
3095 3077 3481 3144 praepotentem
3551 3079 3649 3120 us-

375 3170 490 3226 que
530 3155 755 3224 provehi
826 3163 1119 3226 nequeant,
1187 3157 1258 3211 ob
1313 3157 1476 3213 unius
1529 3157 1645 3224 Dei,
1694 3170 1749 3215 et
1795 3163 1862 3216 ab
1908 3164 2028 3236 ipso
2067 3168 2411 3238 procedentis
2458 3168 2723 3239 unigeniti
2777 3167 2921 3233 Filii,
2983 3184 3106 3224 cum
3161 3166 3366 3238 Spiritu
3430 3171 3644 3221 sancto,

376 3248 709 3318 singularem
740 3249 1075 3319 majestatem
1115 3264 1178 3303 ac
1212 3251 1602 3319 praestantiam.

867 3361 1047 3418 AETII
1088 3363 1318 3418 CAPUT
1358 3364 1474 3420 XX.

449 3452 586 3508 Cum
608 3453 940 3535 privationes
966 3455 1264 3510 ablationes
1291 3456 1400 3511 sint
1427 3457 1800 3526 aliectionum,
1819 3465 1962 3532 quod

379 3543 435 3598 in
464 3540 576 3599 Deo
621 3551 706 3598 est
747 3544 1071 3613 ingenitum,
1109 3547 1193 3600 vel
1233 3546 1538 3606 affectionis
1586 3552 1816 3620 privatio
1855 3563 1960 3623 est,

377 3635 463 3690 vel
491 3634 704 3690 affectio
731 3634 1021 3705 privationi
1048 3639 1347 3693 contraria.
1379 3637 1548 3709 Igitur
1587 3642 1634 3697 si
1662 3643 1962 3702 affectionis

379 3727 612 3798 privatio
639 3733 742 3789 est,
778 3727 1050 3796 quomodo
1099 3728 1153 3783 id
1200 3729 1344 3799 quod
1375 3746 1482 3784 non
1526 3732 1668 3788 inest
1685 3733 1814 3797 Deo,
1838 3744 1960 3791 tan-

379 3830 542 3886 quam
565 3816 698 3871 insit
727 3815 1019 3871 tribuitur?
1047 3816 1116 3871 At
1155 3819 1201 3874 si
1247 3819 1462 3876 affectio
1489 3821 1734 3890 quaedam
1762 3833 1848 3880 est
1877 3826 1954 3881 in-

378 3908 643 3977 genitum,
689 3907 928 3979 genitam
981 3908 1343 3966 substantiam
1389 3911 1654 3967 exsistere
1701 3925 1844 3978 ante,
1895 3932 1960 3972 ac

376 3999 524 4054 velut
553 3997 829 4055 substerni
857 4013 1084 4054 necesse
1108 4006 1212 4063 est,
1239 4006 1298 4053 ut
1318 3999 1606 4056 affectione
1632 4001 1721 4056 illa
1746 4003 1813 4058 ad
1837 4007 1956 4060 eam

376 4089 688 4154 accedente,
723 4089 961 4160 ingenita
1001 4089 1328 4146 nominetur.
1361 4090 1414 4146 Si
1455 4107 1581 4147 vero
1609 4094 1786 4161 genita
1826 4097 1958 4151 sub-

375 4181 578 4237 stantia
619 4179 874 4251 ingenitae
919 4180 1193 4251 particeps
1242 4180 1364 4244 fuit,
1403 4181 1704 4240 affectionis
1747 4185 1961 4254 jactura

377 4270 541 4338 facta,
567 4271 935 4328 conditionem
961 4272 1145 4327 amisit
1168 4272 1414 4344 ingeniti.
1448 4273 1627 4341 Quare
1649 4278 1958 4333 substantia

359 4362 595 4432 quidem
649 4364 830 4432 genita
878 4361 1074 4429 fuerit,
1125 4363 1422 4434 ingenitum
1483 4377 1661 4422 autem
1722 4367 1954 4424 aﬂ‘ectio.

376 4450 533 4516 Quod
578 4452 622 4506 si
653 4449 834 4520 genita
877 4453 1094 4508 soboles
1138 4455 1429 4510 transitum
1467 4457 1753 4526 quemdam
1788 4461 1958 4530 signi-

379 4541 524 4605 ﬁcat,
550 4555 657 4595 non
689 4541 913 4596 dubium
949 4549 1034 4597 est
1073 4541 1414 4599 affectionem
1459 4545 1702 4602 indicare
1730 4558 1952 4614 certam,

377 4633 492 4687 sive
535 4631 769 4701 quadam
821 4647 852 4686 c
905 4631 1213 4687 substantia
1265 4634 1569 4689 mutatione
1620 4637 1962 4695 conformata

374 4722 596 4780 dicitur.

930 4815 1239 4885 Confutatio
1275 4817 1401 4872 ΧΧ.

444 4907 485 4962 l.
515 4906 842 4962 Jamdudum
885 4907 954 4962 de
999 4908 1101 4962 hoc
1154 4909 1474 4978 privationis
1509 4914 1742 4980 negotio,
1785 4918 1951 4971 multa

371 5014 498 5056 eum
528 4999 596 5055 iis
628 5000 722 5068 qui
778 5015 808 5054 a
858 5008 1006 5055 recta
1056 4999 1160 5055 fide
1201 5003 1362 5056 alieni
1410 5011 1557 5067 sunt,
1589 5016 1952 5066 consentanea

373 5093 510 5148 dixit
531 5092 741 5158 Aetius,
771 5094 1073 5164 eodemque
1096 5110 1218 5149 cum
1254 5097 1361 5152 illis
1394 5098 1578 5154 studio
1603 5104 1948 5172 oppugnandi

371 5183 622 5238 catholici
651 5183 919 5254 dogmatis
951 5185 1127 5241 elatus
1151 5196 1257 5252 est,
1285 5188 1422 5243 adeo
1447 5190 1690 5260 quidem,
1721 5193 1853 5248 nihil
1889 5204 1948 5249 ut

369 5291 402 5330 e
444 5276 672 5332 sincerae
724 5276 845 5346 fidei
896 5279 1212 5348 praescripto
1262 5282 1603 5349 pronuntiet,
1659 5297 1758 5338 nec
1798 5284 1946 5341 illius

369 5366 653 5422 sententia!
681 5367 1009 5434 meminerit,
1037 5384 1158 5440 quae
1198 5368 1461 5427 adversus
1494 5388 1590 5428 eos
1618 5381 1946 5444 contorque-

370 5465 478 5524 tur,
512 5459 605 5529 qui
634 5474 700 5513 ex
735 5460 950 5529 ingenio
974 5476 1076 5516 suo
1097 5462 1356 5533 pleraque
1400 5464 1637 5519 inaniter
1668 5463 1943 5530 eﬂ’utiunt,

370 5562 543 5619 neque
577 5548 645 5603 ad
691 5549 811 5605 ﬁdei
847 5553 1170 5622 principium
1213 5555 1613 5614 adhaerescunt.
1648 5557 1798 5623 Quos
1823 5559 1947 5629 qui-

441 5704 454 5734 '
493 5702 556 5758 F.
598 5708 868 5776 περιττός.
946 5712 966 5741 ¹
997 5709 1057 5764 F.
1087 5710 1535 5780 αὐτοαγέννητον.

1991 3374 2041 3441 C
2453 3376 2846 3430 ΚΕΦΑΛΑΙΟΝ
2883 3375 3138 3428 ΑΕΤΙΟΥ
3176 3375 3258 3428 Κ’.

2140 3465 2203 3518 Ei
2237 3467 2293 3519 αί
2328 3469 2611 3538 στερήσεις
2651 3467 2761 3521 τῶν
2805 3467 2970 3532 ἕξεων
3015 3466 3196 3520 αὐτῶν
3229 3469 3368 3521 είσιν
3413 3469 3645 3540 ἀφαιρέ-

2071 3574 2204 3623 σεις,
2245 3559 2306 3612 τὸ
2357 3560 2450 3612 ἐπὶ
2498 3559 2634 3614 Θεοῦ
2685 3560 2980 3631 ἀγέννητον
3031 3560 3149 3630 ἤτοι
3198 3559 3454 3631 στέρησίς
3497 3562 3646 3613 ἐστιν

2067 3649 2252 3714 ἕξεως,
2281 3650 2313 3722 ἢ
2347 3650 2462 3717 ἕξις
2493 3652 2820 3723 στερήσεως.
2840 3650 2978 3704 Ἀλλ’
3012 3653 3060 3704 εί
3090 3651 3190 3721 μὲν
3220 3650 3474 3722 στέρησίς
3496 3652 3645 3706 ἐστιν

2067 3741 2250 3807 ἕξεως,
2283 3743 2399 3806 πῶς
2431 3743 2496 3798 ἂν
2522 3743 2582 3796 τὸ
2618 3744 2691 3816 μὴ
2722 3743 2920 3814 προσὸν
2943 3743 3018 3806 ὡς
3049 3742 3246 3815 προσὸν
3271 3742 3348 3814 τῷ
3380 3742 3499 3814 Θεῷ
3519 3761 3646 3797 συν-

2067 3832 2500 3904 αριθμηθήσεται
2523 3849 2537 3898 ;
2564 3834 2613 3887 εί
2633 3834 2688 3887 δὲ
2717 3833 2830 3900 ἕξις
2858 3833 2975 3886 ἐστὶ
2993 3833 3054 3887 τὸ
3081 3833 3401 3904 ἀγέννητον,
3425 3834 3642 3905 ἀνάγκη

2067 3923 2470 3994 προῦποθέσθαι
2502 3927 2768 3996 γεννητὴν
2798 3925 3002 3991 οὐσίαν,
3033 3924 3099 3978 ἵν’
3120 3924 3312 3988 οὕτως,
3335 3923 3449 3989 ἕξιν
3469 3941 3640 3994 προσ-

2065 4015 2324 4080 λαϐοῦσα,
2361 4018 2654 4090 ἀγέννητος
2675 4017 3024 4089 ὀνομάζηται.
3051 4018 3113 4070 Ei
3145 4017 3202 4071 δὲ
3234 4018 3464 4089 γεννητὴ
3489 4017 3645 4086 ἀγεν-

2067 4108 2226 4175 νήτου
2254 4108 2442 4173 οὐσίας
2479 4110 2758 4180 μετέσχεν,
2788 4109 2954 4176 ἕξεως
2987 4109 3327 4180 ὑπομείνασα
3346 4109 3638 4179 ἀποϐολὴν,

2067 4197 2392 4270 ἀγεννησίας
2413 4201 2720 4271 ἐπέρηται.
2741 4200 2841 4271 Είη
2870 4200 2936 4255 ἂν
2965 4196 3058 4254 οὖν
3078 4200 3232 4254 οὐσία
3257 4201 3357 4271 μὲν
3382 4200 3634 4271 γεννητὴ,

2062 4288 2124 4341 τὸ
2156 4288 2211 4343 δὲ
2240 4291 2531 4362 ἀγέννητον
2558 4292 2690 4358 ἕξις.
2718 4293 2778 4346 Εἰ
2806 4291 2861 4345 δὲ
2890 4291 2951 4344 τὸ
2976 4292 3219 4362 γέννημα
3247 4291 3484 4362 παρόδου
3519 4289 3639 4345 ἐστὶ

2061 4379 2376 4449 δηλωτικὸν,
2416 4383 2658 4453 δηλονότι
2703 4383 2868 4450 ἕξεώς
2913 4384 3028 4437 ἐστι
3078 4383 3433 4455 σημαντικὸν,
3465 4383 3530 4437 ἄν
3574 4398 3635 4436 τε

2066 4471 2508 4538 μεταπέπλασται
2549 4473 2608 4540 ἐξ
2648 4474 2834 4540 οὐσίας
2867 4475 3030 4540 τινὸς,
3065 4475 3129 4530 ἄν
3161 4491 3220 4528 τε
3250 4473 3408 4528 τοῦτό
3432 4478 3580 4528 ἐστιν
3605 4473 3636 4528 ὃ

2061 4556 2274 4626 λέγεται
2302 4561 2565 4633 γέννημα.

2037 4647 2129 4715 sit,
2163 4651 2277 4706 sive
2325 4653 2428 4708 hoc
2453 4653 2631 4722 ipsum
2675 4663 2757 4710 est
2803 4655 2982 4726 genita
3019 4657 3255 4722 soboles,
3314 4655 3461 4726 quod
3509 4669 3631 4710 esse

2626 4828 2946 4902 Ἁνατροπὴ
2973 4839 3054 4889 K’.

2119 4921 2198 4973 A’.
2245 4921 2379 4992 Ἤδη
2429 4923 2527 4992 μὲν
2585 4919 2680 4978 οὖν
2742 4927 2870 4996 περὶ
2930 4926 3260 4998 περητικῆς
3316 4928 3627 4997 ὑποθέσεως

2048 5011 2218 5065 πολλὰ
2253 5007 2750 5085 ’συμμαχεσάμενος
2792 5018 2820 5069 6
2855 5015 3056 5081 Ἀέτιος
3098 5023 3212 5082 τοῖς
3254 5019 3363 5074 ἀπὸ
3401 5017 3499 5092 τῆς
3543 5025 3624 5076 πί-

2049 5121 2218 5168 στεως
2260 5105 2579 5178 ἀλλοτρίοις,
2607 5108 2700 5162 καὶ
2747 5107 2909 5173 αὐτὸς
2958 5111 3050 5163 ῑσα
3092 5111 3319 5165 ἐκείνων
3353 5113 3496 5167 κατά
3526 5114 3624 5183 τῆς

2049 5196 2284 5260 πίστεως
2321 5196 2670 5263 ἐξωπλίσατο,
2699 5199 2849 5252 οὐδὲν
2878 5199 2986 5254 ἀπὸ
3026 5202 3259 5268 πίστεως
3283 5201 3623 5272 λέγωνμούδὲ

2052 5287 2394 5358 μεμνημένος
2414 5288 2506 5342 τοῦ
2537 5288 2703 5361 ῥητοῦ
2733 5291 2870 5362 πρὸς
2900 5292 3027 5355 τούς
3051 5292 3145 5362 ἀφ’
3173 5294 3382 5348 ἑαυτῶν
3412 5296 3622 5349 κενολό-

2047 5393 2179 5445 γους
2212 5378 2538 5447 φωνοῦντας,
2571 5382 2663 5434 καὶ
2707 5381 2767 5434 οὐ
2819 5382 3150 5453 κρατοῦντας
3185 5384 3282 5456 τὴν
3323 5387 3498 5457 ἀρχὴν
3521 5389 3620 5456 τῆς

2047 5469 2301 5534 πίστεως,
2335 5471 2410 5534 ὡς
2438 5473 2572 5543 πρὸς
2603 5474 2799 5538 αὐτοὺς
2829 5475 3212 5544 διελεγκτικῶς
3247 5479 3276 5532 6
3324 5479 3482 5546 λόγος
3519 5496 3620 5551 τρη-

2050 5559 2133 5612 σίν
2152 5577 2164 5592 ο
2200 5557 2389 5617 Εἶπον
2418 5562 2532 5632 ἐγὼ
2563 5563 2632 5619 ἐν
2664 5563 2737 5634 τῇ
2765 5565 3049 5622 ἐκστάσει
3066 5585 3186 5638 μου
3207 5586 3221 5604 ο
3250 5568 3377 5638 Πᾶς
3401 5569 3625 5644 ἄνθρω-
