3994 6224
338 358 450 417 593

948 356 1316 413 ADVERSUS
1353 357 1696 415 llrEllESES
1738 358 1866 417 LIB.
1908 359 1925 414 Ι

2038 358 2204 417 TOM.
2242 360 2355 415 l.—
2396 357 2671 415 [lxi-IDES.
2713 355 2949 413 LXXVI.

3510 356 3613 414 594

339 496 457 547 πος
482 481 777 550 ψεύστης.
796 478 950 534 Μετὰ
974 481 1068 535 καὶ
1086 481 1201 548 τοῦ,
1218 481 1647 550 Ἐταπεινὼθην
1666 482 1920 552 σφόδρα.

2032 483 2152 537 dem
2179 482 2266 537 his
2311 481 2493 536 verbis
2532 480 2814 551 Scriptura
2861 478 3228 536 condemnat:
3260 479 3370 552 Ego
3409 480 3522 534 dixi
3555 483 3611 535 in

339 572 458 627 Νῦν
480 556 537 627 δὲ
556 568 715 635 αὖθις
736 574 849 636 τοῖς
878 572 1062 636 αὐτοῖς
1087 574 1568 645 κατατριϐόμενος,
1598 575 1924 645 στερήσεως,

339 664 636 734 ὀνομασίας
656 681 715 717 τε
740 664 832 717 καὶ
852 664 1038 730 ἕξεως,
1070 666 1164 718 καὶ
1182 664 1558 736 συλλογισμῶν
1581 664 1929 736 ἀνθρωπίνης

343 754 619 824 σφαλερᾶς
645 754 921 818 ὑπονοίας,
947 754 1144 825 φόρτον
1172 753 1631 826 προϐαλλόμενος,
1655 753 1749 807 καὶ
1773 769 1929 806 πνευ-

346 844 592 913 ματικῶς
635 842 1059 914 ἀνακρινόμενος
1102 844 1295 899 ἑαυτοῦ
1348 845 1590 913 φείδεται
1613 844 1628 875 ¹
1658 842 1927 912 ἀνακόψαι

342 932 406 986 τὸ
452 933 582 987 ἴδιον
622 933 851 1004 ὅρμημα
884 935 985 1003 τῆς
1008 931 1069 997 ἐξ
1097 932 1447 1004 ἀνθρωπίνης
1471 930 1807 1002 πανουργίας
1833 928 1926 997 ἀφ’

341 1019 443 1097 ἦς’
499 1025 624 1097 περὶ
666 1024 801 1077 Θεοῦ
849 1024 1028 1094 λέγειν
1062 1024 1097 1078 ἃ
1127 1024 1577 1095 βούλεταιΩΑλλά
1618 1023 1710 1076 καὶ
1756 1023 1923 1094 ἡμᾶς,

343 1117 549 1187 καίπερ
578 1116 744 1169 πολλὰ
762 1134 828 1169 πε
837 1117 890 1186 pi.
913 1116 1249 1187 στερητικῶν
1271 1114 1669 1186 διαλεχθέντας,
1690 1111 1928 1180 ἀναγκάο

341 1209 425 1273 ζει
454 1207 613 1262 πάλιν
638 1210 747 1269 τοῖς
778 1209 962 1270 αὐτοῖς
995 1207 1276 1277 ἐμμένειν,
1301 1206 1394 1259 καὶ
1430 1208 1487 1258 ἐν
1516 1208 1636 1268 ταῖς
1665 1205 1800 1275 πρὸς
1827 1205 1927 1257 αύ-

338 1300 432 1351 τὸν
467 1300 800 1369 ἁνατροπαῖς
834 1296 1280 1367 κατατρίϐεσθαι.
1318 1298 1427 1350 Καὶ
1459 1292 1528 1368 ἦν
1565 1295 1665 1367 μὲν
1702 1295 1858 1365 ἱκανὴ
1888 1297 1923 1364 ή

339 1389 448 1460 πρὸ
474 1389 677 1460 ταύτης
703 1388 983 1459 ἀνατροπὴ
1014 1387 1287 1458 δυναμένη
1314 1386 1403 1440 διὰ
1428 1387 1488 1440 τὸ
1507 1386 1813 1458 όμόρῤοπον
1834 1385 1927 1438 καὶ

337 1481 630 1553 ὁμώνυμον
662 1480 754 1534 τοῦ
786 1479 1194 1549 συλλογιστικοῦ
1236 1478 1403 1532 αὐτοῦ
1447 1479 1606 1547 λόγου
1642 1477 1781 1531 κατὰ
1817 1476 1926 1532 τῶν

339 1573 667 1643 ἀμφοτέρων
698 1570 977 1642 φέρεσθαι.
996 1570 1134 1623 Ἀλλ’
1166 1569 1389 1640 ὲπειδὴ³
1421 1570 1556 1641 μήτε
1593 1568 1756 1622 ἵππον
1781 1566 1926 1638 σιδη-

340 1664 603 1734 ρόστομον
648 1662 980 1733 ἀχαλίνωτον
1029 1662 1145 1732 ὲᾷν,
1193 1662 1295 1716 κᾶν
1345 1678 1404 1714 τε
1449 1659 1589 1714 κατὰ
1640 1659 1926 1731 βαράθρων

339 1756 596 1828 φέρηται,
627 1756 727 1810 κᾶν
754 1772 811 1807 τε
840 1753 948 1807 ἀπὸ
974 1752 1068 1806 τοῦ
1092 1754 1235 1824 ὁρμή
1246 1770 1412 1823 ματος
1435 1752 1536 1822 ἤδη
1562 1749 1923 1822 ἀνεκρούσθη,

336 1827 462 1900 οὒτε
494 1846 650 1917 ἀνδρὶ
675 1844 815 1899 κατά
843 1845 943 1915 τῆς
972 1845 1209 1906 πίστεως
1232 1842 1303 1896 τὰ
1326 1841 1466 1897 αὐτὰ
1484 1842 1693 1911 λέγοντι
1717 1858 1929 1911 συγχω-
1962 1827 2001 1881 Β

339 1943 476 2011 ρεῖν,
508 1938 603 1993 καὶ
633 1937 708 2008 μὴ
737 1937 873 2009 πρὸς
906 1937 1067 1989 αὐτὸν
1100 1936 1309 2006 λέγειν’
1348 1931 1505 1999 αὖθις
1533 1933 1788 2006 ἐροῦμεν,
1824 1934 1932 1997 ὅτι,

338 2027 406 2080 Εἰ
426 2028 525 2099 μὲν
568 2032 625 2084 αἱ
673 2030 957 2101 στερήσεις
1000 2028 1168 2095 ἓξεών
1208 2030 1348 2082 εἰσιν
1381 2026 1720 2099 ἀφαιρέσεις,
1754 2025 1814 2079 τὸ
1837 2026 1930 2081 ἐπὶ

333 2121 473 2177 Θεοῦ
525 2121 821 2192 ἀγέννητον
869 2122 988 2193 ἦτοι
1044 2121 1299 2194 στέρησίς
1332 2122 1478 2174 ἐστιν
1522 2119 1709 2183 ἕξεως,
1740 2117 1775 2188 ἢ
1818 2117 1930 2184 ἕξις

336 2216 671 2287 στερήσεως.
712 2214 822 2267 Καὶ
860 2213 1044 2280 πάλιν,
1080 2212 1262 2283 Εἰμὲν
1294 2212 1550 2284 στέρησίς
1575 2208 1931 2277 ὲστινὲξεως,

336 2307 456 2368 πῶς
485 2306 551 2359 ἂν
580 2303 641 2357 τὸ
673 2303 748 2377 μὴ
782 2303 982 2376 προσὸν
1012 2303 1088 2367 ὡς
1117 2302 1318 2372 προσὸν
1338 2302 1417 2374 τῷ
1442 2301 1563 2372 Θεῷ
1585 2299 1922 2372 συναριθμη-

336 2400 562 2470 θήσεται
579 2414 595 2465 ;

2030 590 2247 627 excessu
2286 589 2396 626 meo
2418 588 2437 627 :
2470 572 2653 627 Omnis
2689 573 2845 626 homo
2873 571 3100 627 mendax
3129 573 3171 629 '.
3204 572 3335 628 Item
3369 591 3382 627 :
3423 572 3617 627 ﬂumi-

2032 667 2191 721 liatus
2221 682 2340 721 sum
2367 666 2523 719 nimis
2557 666 2598 719 ".
2627 664 2783 720 Nunc
2810 672 2991 734 autem
3024 666 3076 720 in
3112 664 3304 721 iisdem
3338 680 3459 720 sese
3487 681 3600 720 ver-

2029 771 2180 820 sans,
2215 756 2535 825 privationis
2582 753 2996 825 aﬂeetionisque
3032 771 3250 820 vocum,
3281 763 3335 811 et
3365 756 3613 811 humana:

2029 863 2093 903 ac
2116 848 2338 902 lubricae
2374 847 2649 918 opinionis
2680 855 3123 917 argumentorum
3155 862 3296 903 onus
3347 854 3402 901 et
3437 848 3608 902 mole-

2029 937 2189 992 stiam
2208 936 2524 1016 praeferens,
2545 951 2609 991 ac
2631 935 2950 1006 spiritaliter
2970 935 3301 1006 dijudicatus
3331 937 3613 1007 proprium

2029 1029 2194 1082 animi
2248 1027 2508 1098 impetum
2560 1028 2629 1082 ab
2684 1028 2920 1082 humana
2969 1027 3263 1082 calliditate
3310 1028 3614 1097 profectum

2030 1119 2261 1174 inhiberi
2310 1134 2415 1174 non
2455 1119 2680 1189 patitur,
2719 1118 2901 1189 eique,
2943 1125 3004 1172 ut
3042 1118 3110 1172 dc
3156 1115 3266 1171 Deo
3312 1132 3433 1187 quae
3480 1117 3613 1172 velit

2027 1212 2336 1280 eloquetur,
2392 1211 2532 1265 lavis
2593 1210 2821 1265 habenis
2877 1207 3161 1279 permittit.
3213 1207 3355 1274 Quin
3401 1215 3454 1260 et
3508 1222 3607 1262 nos

2026 1316 2243 1370 quoque
2283 1306 2404 1369 post
2461 1299 2629 1352 multa
2682 1298 2746 1352 de
2804 1296 3201 1367 privationibus
3255 1294 3420 1350 verba
3476 1293 3619 1347 facta

2029 1387 2098 1441 ad
2162 1387 2306 1442 idem
2362 1384 2775 1441 retractandum
2832 1400 2897 1441 ac
2958 1384 3306 1441 refutandum
3366 1383 3614 1454 impellit.

2025 1476 2189 1548 963
2230 1475 2487 1533 Sullicere
2522 1476 2743 1546 quidem
2791 1483 3023 1546 poterat,
3059 1479 3205 1547 quod
3243 1475 3311 1530 ad
3359 1490 3483 1531 eum
3517 1489 3604 1529 re-

2028 1568 2319 1624 fellendum
2351 1569 2407 1623 in
2444 1567 2714 1638 superiori
2749 1567 3121 1624 eonfutatione
3155 1567 3433 1633 diximus;
3462 1565 3614 1637 quod

2027 1668 2250 1732 propter
2274 1661 2520 1717 eamdem
2564 1668 3009 1730 argumentorum
3049 1661 3159 1716 vim
3200 1674 3264 1716 ac
3306 1659 3621 1716 similitudi-

2028 1767 2152 1807 nem
2204 1752 2471 1807 ambobus
2528 1762 2915 1822 opponeretur.
2970 1750 3075 1807 Sed
3129 1752 3387 1823 quoniam
3444 1767 3622 1823 neque

2027 1845 2372 1899 contumacis
2402 1844 2515 1900 oris
2568 1860 2769 1914 equum
2820 1842 3150 1899 infrenatum
3186 1846 3495 1915 relinquere
3526 1859 3623 1914 par

2028 1944 2131 2000 est,
2184 1936 2297 1991 sive
2344 1951 2442 2006 per
2484 1935 2782 2005 praecipitia
2837 1934 3067 1998 feratur,
3092 1918 3234 1990 'sive
3289 1934 3622 1989 concitatum

2030 2043 2254 2083 cursum
2312 2028 2673 2097 represscrit;
2715 2042 2894 2097 neque
2946 2026 2994 2081 ei
3041 2026 3267 2094 homini,
3307 2026 3401 2096 qui
3434 2026 3623 2082 eadem

2035 2120 2296 2176 adversus
2338 2119 2496 2175 ﬁdem
2532 2120 2796 2184 inculcat,
2831 2118 3026 2175 cedere
3068 2128 3301 2189 oportet,
3329 2126 3388 2173 ut
3431 2133 3539 2173 non
3573 2117 3625 2172 ei

2031 2212 2462 2273 contradicatur.
2491 2212 2638 2266 hunc
2688 2211 2742 2265 in
2791 2210 3010 2265 modum
3072 2212 3279 2266 ideirco
3324 2208 3627 2281 disputabi-

2033 2316 2195 2357 mus:
2225 2300 2282 2355 Si
2320 2304 2654 2372 privationes
2707 2301 2928 2372 quidem
2982 2301 3332 2358 all'ectionum
3374 2301 3624 2373 quaedam

2031 2393 2334 2450 ablationes
2371 2395 2503 2460 sint,
2539 2394 2860 2465 ingenitum,
2894 2392 3041 2464 quod
3079 2394 3187 2449 Deo
3231 2394 3509 2458 tribuitur,
3538 2392 3626 2447 vel

335 2494 642 2550 alTectionis
685 2494 932 2563 quaedam
990 2490 1223 2563 privatio
1276 2500 1393 2556 est,
1464 2490 1548 2545 vel
1622 2487 1835 2543 allectio
1877 2485 2169 2557 privationi
2225 2486 2495 2556 opposita.
2548 2486 2679 2542 ltem
2719 2506 2734 2543 :
2775 2484 2833 2542 Si
2890 2486 3121 2557 privatio
3164 2485 3469 2543 aliectienis
3517 2492 3625 2557 est,

334 2602 575 2659 quonam
631 2595 791 2656 pacto
853 2585 905 2639 id
954 2584 1100 2654 quod
1148 2597 1258 2637 non
1313 2583 1455 2637 inest
1509 2581 1638 2643 Deo,
1678 2590 1938 2649 tanquam
1975 2577 2129 2641 insit,
2162 2577 2464 2632 tribuitur?

411 2680 485 2734 B'.
527 2678 639 2732 Καὶ
676 2678 710 2750 ἢ
751 2676 1006 2740 τοιούτως
1039 2675 1072 2746 ἢ
1100 2673 1358 2738 τοιούτως
1390 2675 1518 2744 περὶ
1546 2671 1681 2725 Θεοῦ
1717 2688 1776 2724 σε
1807 2670 1919 2723 διαν

338 2770 594 2834 νοεῖσθαι,
620 2763 666 2822 ὧ
706 2769 901 2830 Ἀέτιε,
929 2768 1022 2821 καὶ
1044 2767 1188 2831 ἔξεις
1218 2766 1346 2836 περὶ
1373 2764 1462 2818 τὸν
1486 2763 1617 2817 Θεὸν
1644 2762 1924 2827 τοπάζειν,

338 2862 490 2914 ἔσται
527 2878 608 2914 σοι
645 2860 803 2932 μὲνὴ
833 2860 1042 2913 διάνοια
1090 2855 1481 2929 στερισκομένη
1500 2856 1689 2909 ἠὊσα
1726 2854 1834 2924 γὰρ
1862 2852 1927 2906 ἂν

337 2951 586 3021 ὲπαναϐῇ
617 2952 650 3021 ἡ
682 2950 879 3023 καρδία
905 2967 998 3003 σου
1035 2949 1171 3021 πρὸς
1212 2947 1344 3000 Θεὸν
1377 2944 1755 3007 ἀποτίθεσθαι,
1787 2944 1927 3013 πλὴν

342 3045 507 3113 μόνου
528 3040 621 3097 τοῦ
649 3042 950 3107 πιστεύειν,
976 3041 1070 3095 καὶ
1096 3026 1564 3111 ὑπερθαυμάζειν,
1594 3036 1687 3090 καὶ
1717 3035 1775 3102 ἐξ
1797 3035 1924 3106 ὅλης

2102 2666 2165 2723 ll.
2198 2667 2279 2723 Ad
2313 2669 2457 2723 hunc
2487 2668 2670 2739 igitur,
2694 2667 2783 2723 vel
2818 2668 2886 2723 ad
2928 2668 3092 2724 istum
3135 2669 3354 2725 modum
3386 2670 3626 2740 cogitare

2027 2767 2205 2829 potes,
2232 2758 2371 2823 Acti,
2398 2774 2463 2814 ac
2510 2759 2577 2815 de
2598 2759 2707 2815 Deo
2731 2760 3105 2831 conjecturam
3127 2776 3358 2831 capere;
3384 2770 3475 2816 tua
3500 2779 3628 2818 vero

2034 2850 2392 2906 nihilominus
2423 2850 2477 2904 in
2515 2851 2822 2921 privatione
2859 2866 3013 2906 mens
3040 2851 3372 2906 versabitur.
3411 2851 3623 2907 Etenim

2031 2944 2324 3013 quantavis
2368 2958 2429 2998 se
2490 2944 2839 2999 contentione
2893 2942 3110 2998 animus
3163 2949 3292 2999 tuus
3343 2942 3412 2997 ad
3457 2942 3626 3000 Deum

2032 3035 2223 3104 erigat,
2253 3035 2296 3089 si
2330 3035 2503 3089 solam
2538 3034 2719 3101 fidem,
2755 3042 2833 3091 et.
2854 3034 3296 3098 admirationem,
3320 3042 3373 3090 et
3410 3035 3625 3089 enixam

337 3132 578 3196 διανοίας
602 3131 863 3196 δοξάζειν,
896 3130 1201 3201 ὲλεγχθήσῃ
1229 3128 1361 3181 Θεὸν
1397 3126 1493 3198 μὲν
1524 3128 1598 3197 μὴ
1630 3126 1926 3196 δυνάμενος

2033 3143 2095 3182 ex
2128 3135 2243 3181 toto
2276 3135 2494 3197 pectere
2520 3127 2961 3197 praedicationem
3001 3126 3265 3197 excipias,
3299 3140 3364 3181 eo
3405 3125 3627 3181 tandem

338 3223 771 3293 συλλογίζεσθαι,
813 3225 949 3294 μήτε
990 3224 1082 3276 τὸν
1113 3221 1278 3275 αὐτοῦ
1308 3220 1458 3282 Υίὸν,
1498 3222 1635 3291 μήτε
1669 3219 1730 3272 τὸ
1774 3219 1927 3287 ἆγιον

337 3315 505 3368 αὑτοῦ
534 3314 775 3385 Πνεῦμα,
808 3314 896 3367 ἴνα
929 3314 1000 3384 μή
1032 3329 1090 3365 σε
1113 3313 1141 3365 ὁ
1163 3310 1294 3375 Θεὸς
1318 3310 1535 3383 ἐλέγξῃ,
1566 3310 1662 3364 καὶ
1689 3310 1930 3379 ψεύστης

337 3406 495 3476 γένῃ,
530 3404 669 3457 κατά
696 3403 756 3456 τὸ
784 3402 1189 3474 γεγραμμένον.
1210 3400 1298 3453 Ἐν
1328 3402 1463 3472 ἡμῖν
1496 3399 1603 3471 γὰρ
1634 3400 1728 3452 καὶ
1764 3399 1925 3463 ἕξεις,

338 3500 435 3553 καὶ
478 3498 547 3551 τὰ
575 3496 875 3567 θελήματα,
908 3495 1002 3548 καὶ
1046 3496 1101 3547 αἱ
1142 3493 1373 3547 διάνοιαι
1418 3492 1714 3563 σφαλεραί’
1743 3490 1928 3561 ἐπειδὴ

338 3590 555 3661 φύσεώς
588 3590 755 3660 ἐσμεν
807 3587 901 3640 καὶ
942 3587 1131 3649 οὐσίας
1163 3585 1438 3655 τοιαύτης.
1457 3585 1620 3648 Φύσις
1668 3583 1725 3637 δὲ
1777 3583 1930 3651 λέγε-

337 3698 429 3733 ται
480 3681 574 3732 καὶ
624 3678 781 3732 οὐσία
818 3676 973 3729 Θεοῦ.
1012 3674 1122 3729 Καὶ
1158 3676 1218 3727 οὐ
1252 3674 1403 3745 παρά
1435 3673 1496 3727 τὸ
1531 3672 1692 3742 φύσιν
1716 3672 1808 3725 καὶ
1831 3671 1931 3739 φύ-

339 3788 426 3824 σιν
468 3760 617 3841 ήμᾶς
656 3770 897 3833 ἀκούειν,
932 3769 1026 3820 καὶ
1072 3767 1259 3819 οὐσίαν
1312 3766 1407 3819 καὶ
1458 3764 1662 3825 οὐσίαν,
1696 3764 1801 3835 χρὴ
1839 3764 1929 3817 τὸν

340 3863 671 3932 ἀσύγκριτον
745 3861 878 3913 Θεὸν
943 3863 1010 3930 τῇ
1069 3859 1315 3930 ἡμετέρᾳ
1376 3857 1688 3929 συγκρίνειν
1747 3858 1927 3925 φύσει.

341 3953 529 4016 Οὕτως
571 3952 664 4006 καὶ
709 3952 801 4004 ἐπὶ
860 3953 1058 4017 πᾶσιν,
1110 3947 1190 4015 οἷς
1238 3951 1333 4004 ἐὰν
1371 3951 1528 4022 εἴπῃς
1563 3948 1693 4021 περὶ
1745 3948 1880 4003 Θεοῦ
1913 3989 1927 4014 ,

340 4046 387 4098 ὦ
423 4045 614 4109 Ἀἐτιε,
652 4045 783 4098 αύτὸ
816 4045 936 4097 ὅλον
987 4045 1134 4097 ἐστὶν
1167 4042 1539 4114 ἀσύμπλοκον,
1572 4042 1927 4113 ἀσύγκριτον,

340 4138 546 4191 τέλειον
624 4138 679 4189 ὲν
733 4136 951 4208 ἑαυτῷ,
1014 4136 1089 4208 μὴ
1146 4136 1492 4207 ὲπιδεόμενόν
1537 4152 1703 4199 τινος.
1760 4135 1931 4187 Αὐτο-

346 4231 600 4301 αίσθησις
646 4231 755 4302 γάρ
797 4232 911 4283 ἐστι
959 4231 1053 4284 καὶ.
1090 4229 1453 4301 αὐτοθέλημα.
1485 4228 1577 4282 Διὸ
1602 4228 1931 4299 ἀσύγκριτον

346 4321 612 4391 μονογενῆ
642 4322 770 4374 Υἱὸν
801 4322 1145 4393 ἀσυγκρίτως
1183 4323 1471 4393 γεννήσας,
1504 4317 1627 4373 οὔτε
1660 4319 1761 4389 τῆς
1799 4320 1927 4371 ἑαυ-

340 4413 436 4466 τοῦ
470 4412 759 4484 ἐστέρηται
792 4413 999 4477 οὐσίας,
1027 4412 1151 4465 οὕτε
1199 4412 1297 4483 τῆς
1336 4411 1566 4465 έαυτοῦ⁵
1597 4407 1930 4479 γεγεννημέ-

2033 3218 2318 3290 redigeris,
2343 3227 2403 3273 ut
2429 3227 2689 3290 appareat
2716 3219 2883 3275 Deum
2913 3218 3511 3275 te‘ratiocinatiouibus
3544 3233 3628 3274 as.-

2031 3311 2183 3380 sequi
2215 3311 2442 3366 minime
2480 3311 2746 3380 potuisse,
2781 3326 2880 3365 nec
2906 3310 3081 3380 ipsius
3111 3307 3337 3369 Filium,
3372 3324 3472 3364 nec
3506 3307 3631 3378 Spi-

2033 3404 2195 3456 ritum
2233 3410 2507 3467 sanctum,
2538 3418 2606 3457 ne
2658 3411 2711 3457 te
2749 3404 3038 3458 convincat
3086 3401 3251 3468 Deus,
3291 3416 3356 3456 ac
3407 3401 3630 3456 menda-

2030 3494 2100 3548 cii
2132 3500 2447 3565 redarguat,
2480 3502 2538 3549 ut
2573 3496 2844 3565 scriptum
2893 3502 2999 3550 est.
3048 3495 3191 3565 Ergo
3229 3502 3283 3549 et
3316 3492 3631 3547 aﬂectiones

2032 3588 2085 3640 in
2129 3587 2309 3651 nobis,
2341 3594 2396 3641 et
2437 3587 2770 3653 voluntates,
2803 3594 2857 3642 et
2895 3586 3256 3658 cogitationes
3297 3585 3544 3649 lubricm,
3575 3595 3631 3639 et

2032 3681 2084 3734 in
2117 3694 2356 3735 errarem
2387 3695 2575 3749 prona:
2626 3689 2775 3745 sunt,
2808 3679 3249 3749 quandoquidem
3299 3694 3363 3733 ea
3423 3686 3631 3732 natura:

2030 3770 2341 3826 conditione
2380 3784 2592 3825 sumus.
2640 3768 2842 3823 Natura
2875 3784 3035 3837 porro
3082 3768 3172 3825 Dei
3225 3776 3281 3823 et
3323 3769 3629 3824 substantia

2030 3862 2251 3917 dicitur.
2297 3859 2451 3926 Quod
2486 3868 2668 3916 autem
2709 3869 2964 3915 naturam
2999 3875 3064 3915 ac
3102 3867 3376 3925 naturam,
3410 3868 3465 3913 et
3500 3860 3629 3913 sub-

2032 3953 2286 4008 stantiam
2321 3959 2484 4021 atque
2516 3953 2878 4008 substantiam
2906 3951 3198 4023 audimus,
3243 3966 3353 4005 non
3392 3951 3513 4006 ideo
3547 3952 3629 4005 in-

2031 4043 2455 4113 comparabilem
2510 4052 2726 4114 Oportet
2774 4042 2943 4097 Deum
3003 4058 3129 4097 cum
3190 4054 3384 4097 natura
3439 4049 3629 4097 nostra

2032 4134 2300 4189 conferre.
2342 4133 2543 4187 Eadem
2585 4141 2639 4187 et
2694 4134 2895 4203 ubique
2934 4134 3077 4187 ratio
3124 4141 3228 4198 est,
3260 4131 3523 4201 quidquid
3558 4133 3628 4187 de

2036 4224 2145 4279 Deo
2183 4222 2454 4279 aﬂirmare
2484 4223 2739 4277 volueris.
2778 4223 2876 4278 Est
2904 4224 3049 4277 enim
3085 4222 3379 4292 ejusmodi,
3408 4231 3467 4275 ut
3499 4238 3626 4276 cum

2036 4315 2182 4368 nullo
2227 4315 2335 4369 alio
2378 4313 2729 4369 commisceri
2783 4321 2878 4367 aut
2930 4313 3236 4383 comparari
3272 4314 3465 4383 possit,
3508 4329 3629 4384 per.

2036 4406 2237 4462 fectum
2273 4407 2325 4461 in
2360 4422 2503 4470 sese,
2538 4421 2603 4460 ac
2652 4406 2727 4462 rei
2786 4407 2989 4462 nullius
3035 4406 3304 4477 indigens.
3358 4405 3454 4463 Est
3481 4388 3628 4463 enim

354 4520 455 4563 θον,
487 4502 646 4573 μόνον
670 4505 734 4556 ὲκ
770 4503 952 4573 μόνου,
992 4503 1085 4555 καὶ
1112 4501 1173 4555 τὸ
1205 4502 1358 4569 ἆγιον
1384 4501 1548 4554 αὑτοῦ
1581 4499 1825 4569 Πνεῦμα,
1853 4496 1927 4569 μὴ

2035 4517 2128 4571 per
2159 4516 2218 4556 se
2245 4501 2363 4570 ipse
2396 4515 2592 4555 sensus
2622 4508 2677 4554 et
2710 4514 2805 4568 per
2836 4513 2896 4554 se
2930 4498 3199 4554 voluntas.
3241 4496 3397 4554 Unde
3423 4499 3632 4553 incom-

346 4592 537 4662 ἔχοντα
561 4593 697 4664 πρὸς
715 4593 783 4645 τὰ
809 4592 943 4646 ἄλλα
970 4592 1189 4663 ἰσότητα
1215 4593 1247 4664 ἢ
1279 4591 1609 4661 ἀξιώματος,
1631 4592 1663 4661 ἢ
1690 4589 1925 4660 φύσεως,

346 4686 378 4756 ἢ
414 4686 605 4755 ἑτέρας
636 4684 778 4747 τινὸς
802 4684 1133 4748 ὑποθέσεως,
1159 4686 1257 4755 οὐχ
1281 4684 1443 4738 έαυτὸ
1472 4684 1788 4754 ὲστέρησεν,
1806 4680 1931 4734 οὗτε

346 4777 488 4831 κατὰ
528 4776 660 4843 ἕξιν,
689 4777 812 4830 οὔτε
847 4777 987 4831 κατὰ
1016 4777 1205 4830 οὐσίαν
1252 4778 1351 4847 τῆς
1396 4775 1732 4847 ἁσυγκρίτου
1763 4773 1928 4828 αὑτοῦ

346 4872 616 4943 θεότητος,
649 4871 772 4926 οὔτε
797 4871 858 4924 τὸ
891 4872 951 4936 ἐξ
990 4870 1177 4936 αὐτοῦ,
1206 4871 1280 4935 ὡς
1314 4871 1469 4942 ἔφην,
1497 4870 1745 4939 γέννημα
1777 4867 1929 4920 ἐστέ-

348 4983 510 5036 ρηται
537 4954 649 5034 τῆς
666 4962 760 5016 τοῦ
795 4964 1007 5035 Πατρὸς
1040 4964 1200 5031 ἀξίας
1233 4964 1328 5018 καὶ
1364 4962 1626 5038 ἰσότητος,
1660 4960 1922 5031 ἀσύγκρι-

346 5074 436 5108 τον
465 5054 547 5118 ὃν,
579 5056 673 5107 καὶ
704 5054 763 5107 τὸ
790 5053 943 5123 ἅγιον
971 5053 1137 5108 αὐτοῦ
1162 5054 1387 5124 Πνεῦμα
1419 5052 1556 5123 πρὸς
1588 5054 1698 5105 πᾶν
1729 5049 1926 5105 ὁτιοῦνο

345 5149 482 5217 ὅπερ
514 5147 628 5199 ἐστί
662 5146 831 5217 Τριάς
869 5147 1070 5209 τελεία,
1100 5146 1303 5209 τέ-λειος
1346 5149 1374 5198 ὁ
1423 5146 1632 5218 Πατὴρ,
1674 5144 1876 5207 τέλειος
1904 5145 1933 5196 ὁ

352 5238 499 5301 Υἱὸς,
528 5237 731 5290 τέλειον
758 5239 817 5291 τὸ
841 5239 996 5307 ἅγιον
1032 5239 1276 5309 Πνεῦμα.
1310 5239 1371 5290 οὐ
1404 5238 1697 5307 συναλοιφή
1725 5255 1809 5300 τις
1839 5233 1931 5290 οὗ·

352 5344 438 5389 σα,
468 5329 587 5381 οὐδὲ
627 5328 764 5399 πρὸς
794 5330 990 5400 ἑαυτὴν
1020 5330 1414 5401 διαφυρομένη,
1444 5328 1565 5381 ούδέ
1595 5346 1646 5381 τι
1678 5330 1734 5382 έν
1765 5329 1930 5397 ἑαυτῇ

350 5420 548 5490 ἔχουσα
578 5420 943 5492 ὑποόεϐηκὸς,
970 5422 1055 5474 ἵνα
1083 5421 1157 5492 μὴ
1179 5421 1239 5474 τὸ
1262 5421 1671 5490 διακρινόμενον
1694 5419 1931 5489 ἀφανίζῃ

348 5511 409 5565 τὸ
443 5510 797 5581 ἀσύγκριτον,
827 5513 921 5564 καὶ
953 5511 1014 5563 τὸ
1046 5511 1407 5581 ἠλλοιωμένον
1444 5511 1698 5582 στέρησιν
1728 5509 1823 5563 τοῦ
1851 5504 1931 5561 εἶ-

349 5620 439 5655 ναι
482 5604 809 5673 ἐργάσηται,
839 5603 951 5669 ἕξει
983 5602 1142 5673 μόνον
1168 5603 1480 5674 λεγόμενον,
1523 5602 1617 5655 καὶ
1657 5601 1758 5653 οὐκ
1802 5601 1934 5673 ἀλη-

457 5720 470 5749 ¹
504 5712 563 5770 F.
589 5718 660 5788 οὐ
690 5718 827 5788 φείδ.
953 5721 974 5750 ³
1008 5717 1066 5773 F.
1099 5719 1277 5787 ἀφείς.
1416 5719 1434 5748 ³
1457 5718 1581 5773 Cor.
1608 5718 1727 5771 ἐπεὶ
1755 5718 1853 5770 δεῖ.

357 5787 375 5820 ‘
408 5789 544 5847 ibid.
578 5787 664 5841 10.

2000 5716 2021 5748 ⁵
2047 5734 2132 5787 rp.
2170 5712 2640 5789 περικεκομμένη.

2032 4594 2328 4666 parabilem
2353 4593 2685 4663 unicumque
2715 4592 2912 4646 Filium
2940 4593 3059 4648 sine
3086 4592 3193 4646 ulla
3223 4591 3631 4660 comparatione

2031 4689 2279 4757 gignens,
2319 4700 2417 4739 nec
2462 4684 2771 4740 substantia
2805 4683 2922 4753 ipse
2970 4699 3070 4738 sua
3114 4683 3360 4753 privatus
3391 4692 3493 4748 est,
3530 4699 3630 4738 nec
3702 4728 3705 4731 .

2033 4780 2142 4842 ille,
2166 4793 2327 4847 quem
2354 4792 2420 4832 ex
2460 4791 2583 4832 sese
2606 4776 2784 4831 solum
2816 4792 2882 4830 ex
2906 4776 3022 4831 solo
3051 4775 3259 4845 genuit,
3293 4791 3471 4846 neque
3504 4774 3629 4845 Spi.

2031 4869 2171 4924 ritus
2200 4876 2444 4923 sanctus.
2475 4866 2581 4932 Qui
2612 4866 2775 4919 ambo
2803 4866 3009 4919 nullam
3049 4882 3175 4920 cum
3219 4866 3434 4923 exteris
3465 4866 3629 4921 rebus

2031 4960 2315 5029 dignitatis
2349 4970 2578 5022 naturae,
2610 4957 2693 5013 vel
2726 4957 2952 5013 alterius
3001 4957 3078 5013 rei
3123 4958 3487 5027 aequalitatem
3531 4955 3629 5015 ha-

2034 5056 2179 5109 bent.
2236 5052 2421 5123 Neque
2470 5065 2599 5107 vero
2648 5051 3003 5119 semetipsum
3056 5050 3308 5120 privavit,
3345 5049 3457 5103 sive
3496 5046 3628 5103 alle-

2035 5147 2293 5211 ctionem,
2325 5145 2438 5200 sive
2468 5143 2919 5213 iucomparabilis
2948 5142 3124 5213 ipsius
3158 5139 3462 5195 divinitatis
3495 5139 3629 5194 sub-

2036 5236 2290 5293 stantiam
2336 5242 2585 5305 spectes;
2640 5248 2743 5290 nec
2799 5233 2988 5295 illius,
3046 5232 3125 5286 uti
3177 5231 3327 5296 dixi,
3407 5227 3629 5288 soboles

2036 5336 2239 5382 aeterno
2282 5324 2571 5395 splendore
2617 5335 2700 5379 est
2755 5332 2809 5378 et
2854 5322 3165 5391 aequalitate
3210 5320 3464 5389 privata:
3508 5334 3629 5387 quae

2039 5418 2263 5487 perinde
2293 5432 2356 5471 ac
2386 5415 2621 5486 Spiritus
2650 5422 2878 5469 sanctus
2908 5426 3032 5466 cum
3072 5411 3223 5465 nullo
3252 5410 3359 5463 alio
3392 5411 3445 5463 in
3475 5424 3628 5463 com,

2040 5510 2379 5579 parationem
2410 5506 2604 5563 deduci
2642 5502 2808 5574 964,
2838 5510 3057 5571 potest:
3088 5516 3209 5571 quae
3258 5508 3343 5555 est
3390 5499 3628 5570 perfecta

2040 5601 2302 5667 Trinitas,
2348 5599 2655 5670 perfectus,
2710 5597 2953 5665 inquam,
2989 5592 3172 5658 Pater,
3214 5591 3490 5663 perfectus
3538 5588 3629 5647 Fir

2737 5709 2755 5738 ³
2784 5707 2946 5763 Deest
2982 5706 3058 5759 τό.
3162 5706 3182 5736 ⁶
3206 5701 3352 5767 Psal.
3388 5715 3512 5769 ειν,
3540 5699 3639 5757 Ηρ,
