3994 6224
1765 349 1822 404 S.
1865 347 2202 401 EPlPllANil

3520 339 3626 398 596

363 467 490 532 lius,
525 468 796 538 perfectus
831 463 1068 536 Spiritus
1109 477 1354 523 sanctus.
1399 468 1530 534 Qu‘m
1565 469 1786 539 quidem
1821 467 1944 524 Tri-

2054 469 2198 541 θείᾳο
2227 468 2262 540 ἢ
2293 467 2368 532 ὡς
2395 468 2534 540 ψιλῷ
2562 469 2705 538 λόγῳ
2730 464 3128 537 ὀνομαζόμενον
3158 465 3216 517 ὲν
3246 463 3484 535 παρόδῳ,
3525 464 3624 516 καὶ

363 561 508 613 nitas
531 559 582 611 in
615 571 674 612 se
701 571 810 610 non
839 555 1094 612 confusio
1134 557 1314 628 aliqua
1347 565 1452 621 est,
1487 566 1582 613 aut
1623 561 1678 614 in
1723 575 1784 616 se
1821 560 1938 631 ipsa

360 647 826 718 perturbationem
871 646 1040 700 ullam
1081 647 1264 713 habet,
1308 658 1401 702 aut
1450 648 1754 719 quidpiam,
1793 651 1941 720 quod

360 737 640 792 inferioris
665 738 996 793 conditionis
1027 739 1120 803 sit,
1157 754 1226 795 ne
1257 740 1302 795 si
1334 739 1683 796 discernatur
1712 742 1939 813 aliquid,

358 827 788 898 incomparabile
825 829 1006 900 ipsum
1047 830 1202 885 tollat
1233 845 1264 886 e
1301 831 1512 898 medio;
1559 839 1652 886 aut
1711 833 1756 890 si
1808 835 1942 905 quid

357 929 752 975 commutatum
795 919 976 988 fuerit,
1008 937 1132 978 esse
1175 922 1388 978 desinat
1415 924 1718 995 privatione
1749 927 1938 982 subla-

360 1024 496 1076 tum,
530 1027 594 1067 ac
634 1013 748 1070 sola
779 1013 1118 1082 habitudine,
1155 1029 1265 1070 non
1311 1031 1377 1070 ex
1423 1017 1500 1070 rei
1546 1017 1802 1083 veritate;
1850 1027 1942 1073 aut

2045 561 2121 632 μὴ
2153 561 2234 626 ὃν,
2267 561 2342 624 ὡς
2385 562 2418 630 ή
2462 562 2530 630 σὴ
2573 561 2790 622 πάντως
2816 559 3146 631 περινοεῖται
3176 556 3401 618 διάνοια,
3425 553 3632 620 ἀποξε-

2043 651 2211 706 νῶσαι
2251 650 2568 723 πειρωμένη
2619 649 2714 704 τοῦ
2755 652 2852 721 τῆς
2899 647 3134 712 πίστεως
3174 648 3356 714 λόγου,
3391 647 3475 700 ὅτι
3527 649 3634 701 Πι-

2043 743 2286 797 στεύειν
2334 742 2428 796 δεῖ
2463 741 2574 796 τὸν
2617 742 3106 810 προσερχόμενον
3149 737 3290 804 Θεῷ,
3337 738 3428 791 ὅτι
3468 736 3632 801 ἐστι,

2045 833 2144 888 καὶ
2173 833 2298 900 τοῖς
2318 831 2676 902 ἐκζητοῦσιν
2701 832 2889 886 αὑτὸν
2906 831 3355 902 μισθαποδότης
3373 830 3628 898 γίνεταιο

2043 925 2180 995 ὅπερ
2209 926 2267 978 ιν
2299 925 2472 996 Πατρὶ
2500 923 2646 994 μόνῳ
2681 924 2744 976 οὐ
2785 922 3012 977 δύναται
3036 920 3408 992 τελειωθῆναι.
3425 919 3486 972 '0
3515 917 3634 988 γὰρ

2049 1016 2122 1088 μὴ
2165 1015 2306 1086 ἔχων
2351 1015 2444 1069 τὸν
2473 1015 2603 1069 Υίὺν
2631 1014 2752 1068 οὐδὲ
2793 1014 2885 1069 τὸν
2929 1015 3152 1086 Πατέρα.
3174 1013 3320 1084 ἕχει*
3353 1011 3450 1066 καὶ
3479 1012 3508 1063 ό
3535 1008 3632 1062 τὸν

359 1117 492 1158 voce
533 1114 691 1160 tenus
729 1107 822 1168 sit,
860 1105 1144 1174 obiterque
1184 1109 1558 1176 nominatum;
1603 1124 1668 1163 c
1708 1109 1943 1179 denique

2054 1107 2175 1161 Υίὸν
2203 1108 2378 1176 λέγων
2407 1107 2470 1160 οὐ
2500 1105 2722 1162 δύναται
2747 1107 2904 1170 ἐκτὸς
2927 1106 3068 1160 Πνεύ
3077 1123 3246 1176 ματος
3269 1104 3450 1172 άγίου.

359 1209 630 1264 nusquam
653 1201 849 1258 exstet,
877 1195 1020 1264 quod
1049 1211 1215 1266 prava
1247 1197 1342 1252 tibi
1369 1199 1626 1268 Opinione
1685 1199 1974 1270 contingis,
2015 1213 2080 1254 ex
2147 1213 2256 1269 qua
2291 1197 2590 1269 Scriptura:
2629 1199 2772 1254 hanc
2818 1197 3144 1254 sententiam
3183 1211 3213 1250 a
3248 1195 3371 1250 ﬁdei
3413 1191 3632 1265 profes-

359 1286 514 1340 sione
542 1285 848 1348 excludere,
889 1294 943 1340 et
989 1287 1302 1357 abjudicare
1345 1289 1631 1346 contendis
1663 1307 1677 1345 :
1710 1290 1934 1346 Credere
1972 1299 2173 1360 oportet
2247 1291 2576 1345 accedentem
2615 1290 2685 1344 ad
2735 1289 2921 1354 Deum,
2948 1289 3202 1360 quoniam
3231 1297 3332 1351 est,
3388 1297 3440 1342 et
3479 1301 3629 1356 quc-

359 1376 596 1429 rentibus
628 1377 799 1446 ipsum
833 1388 1192 1432 remanet-ator
1231 1389 1312 1434 est
1363 1381 1380 1411 ⁸
1414 1401 1426 1435 :
1461 1381 1565 1436 hoc
1608 1393 1787 1438 autem
1829 1383 1948 1439 solo
1989 1384 2044 1438 in
2107 1382 2270 1438 Patre
2329 1383 2552 1454 intelligi
2588 1397 2694 1437 non
2726 1389 2926 1451 potest.
2967 1367 3102 1436 Nam
3137 1381 3230 1451 qui
3275 1379 3472 1434 Filium
3517 1395 3632 1433 non

361 1469 542 1534 habet,
575 1468 733 1525 Patre
765 1485 982 1542 quoque
1015 1485 1204 1528 carere
1247 1483 1474 1530 necesse
1509 1481 1616 1542 est,
1651 1485 1706 1532 et
1735 1477 1830 1548 qui
1865 1475 2063 1532 Filium
2125 1479 2390 1542 nominat,
2459 1477 2578 1531 sine
2616 1474 2821 1545 Spiritu
2889 1483 3082 1530 sancto
3146 1473 3326 1528 facere
3357 1470 3508 1527 istud
3532 1485 3636 1525 ne-

360 1563 499 1630 quit.

433 1651 518 1705 lll.
547 1651 642 1707 Est
665 1654 807 1708 enim
847 1671 905 1712 re
935 1657 1052 1726 ipsa
1081 1655 1244 1714 Pater
1269 1673 1434 1717 verus
1466 1659 1631 1724 Deus,
1668 1669 1728 1716 ut
1767 1667 1938 1717 tesra-

2117 1661 2190 1713 1".
2237 1659 2392 1712 Ἔστι
2424 1657 2532 1728 γὰρ
2570 1656 2646 1721 ὡς
2684 1653 2898 1726 άληθῶς
2925 1655 2953 1705 ό
2975 1651 3164 1724 Πατὴρ
3193 1652 3445 1724 ἀληθινὸς
3473 1653 3630 1720 Θεδςν

363 1752 450 1797 ιιιι·
489 1742 681 1810 Filius,
715 1748 809 1816 qui
851 1749 1004 1802 novit
1039 1749 1292 1816 Patrem;
1342 1759 1396 1806 et
1435 1767 1560 1807 vera
1599 1753 1689 1807 lux
1736 1764 1818 1809 est
1851 1754 1942 1806 Fi-

2054 1753 2119 1816 ὦς
2155 1753 2424 1824 μαρτυρεῖ
2454 1753 2482 1804 ό
2511 1747 2658 1812 Υἱὸς,
2687 1748 2715 1800 ὁ
2745 1745 2898 1809 εἰδὼς
2927 1744 3019 1798 τὸν
3051 1743 3297 1814 Πατέρα·
3319 1745 3414 1796 καὶ
3442 1741 3630 1814 ἀληθι-

361 1835 488 1897 lius,
514 1836 604 1906 qui
637 1837 1006 1907 cognoscitur,
1031 1839 1388 1910 ejusdemque
1424 1843 1738 1898 testimonio
1763 1845 1944 1899 decla-

359 1935 552 1991 ratur;
586 1937 640 1982 et
683 1927 921 1998 Spiritus
974 1931 1223 1988 veritatis
1265 1941 1350 1988 est
1388 1933 1643 2003 Spiritus,
1693 1936 1786 2006 qui
1835 1951 1940 1990 non

361 2017 573 2072 alienus
603 2026 707 2082 est,
735 2019 829 2074 sed
872 2035 900 2072 a
951 2021 1112 2076 Patre
1145 2022 1514 2091 proﬁciscitur
1549 2026 1590 2092 ⁸,
1631 2035 1685 2081 et
1731 2043 1760 2080 a
1807 2027 1944 2082 Filio

362 2108 561 2177 accipit
587 2109 626 2161 ³.
657 2112 834 2180 Atque
865 2111 980 2166 hate
1011 2114 1192 2167 omnia
1223 2119 1370 2167 tuam
1403 2114 1550 2170 illam
1592 2127 1944 2187 argumento-

360 2217 486 2254 rum
517 2199 756 2256 fabulam
788 2197 1270 2259 circumscribunt.
1305 2204 1491 2276 Neque
1535 2207 1590 2262 id
1639 2210 1945 2265 hortatione

360 2291 473 2346 ulla
505 2293 768 2362 perlicere
811 2304 987 2365 potes,
1019 2303 1078 2350 ut
1129 2295 1437 2354 Aristotelis
1479 2303 1830 2371 praeceptoris
1863 2303 1943 2358 tui

362 2384 615 2455 discipuli
662 2401 785 2442 esse
828 2389 1094 2456 velimus;
1145 2401 1238 2444 aut
1297 2393 1655 2460 piscatorum,
1703 2395 1795 2463 qui
1853 2395 1944 2451 Del

363 2471 570 2546 spiritu
599 2479 904 2536 collustrati
935 2489 1084 2544 sunt,
1117 2483 1423 2537 doctrinam
1459 2485 1787 2556 relinquere,
1815 2487 1944 2541 illit-

363 2576 656 2622 teralorum
697 2571 912 2638 quidem
947 2579 1000 2626 et
1041 2572 1281 2637 rudium,
1325 2575 1419 2628 sed
1458 2577 1698 2630 veritatis
1744 2577 1944 2631 nihilo-

361 2660 546 2714 minus
574 2675 880 2730 praaconum
909 2679 924 2716 :
954 2679 1062 2732 quo
1089 2679 1316 2720 munere
1353 2661 1444 2719 Dei
1471 2667 1667 2722 virtute
1693 2683 1756 2722 ac
1787 2669 1947 2723 bene-

363 2751 488 2806 ﬁcio
525 2751 792 2820 perfuncti
835 2764 983 2808 sunt.
1011 2753 1128 2808 Non
1154 2757 1299 2810 enim
1335 2756 1387 2810 in
1419 2758 1750 2828 syllogismis
1787 2775 1949 2830 argu-

361 2839 629 2894 nienti5ve
665 2855 887 2910 regnum
938 2845 1158 2898 caeleste
1207 2845 1441 2913 positum
1495 2856 1616 2911 est,
1667 2863 1842 2918 neque
1891 2850 1946 2904 in

363 2933 637 3001 arroganti
669 2933 962 3003 inllatoque
991 2949 1264 2998 sermone,
1305 2937 1400 2990 sed
1443 2937 1498 2991 in
1533 2940 1732 2994 virtute
1762 2953 1826 2992 ac
1856 2955 1946 2994 ve-

361 3022 524 3076 ritate
553 3023 593 3076 δ.
621 3022 732 3078 Nos
769 3034 950 3080 autem
999 3027 1135 3082 satis
1183 3043 1457 3098 superque
1501 3029 1764 3086 hactenus
1795 3041 1945 3085 tuam

2045 1846 2136 1898 νὸν
2164 1844 2278 1912 φῶς
2303 1845 2330 1896 ὁ
2360 1842 2508 1906 Υἱὸς,
2535 1843 2564 1894 ὁ
2593 1839 2996 1908 γινωσκόμενος
3027 1835 3132 1888 ὑπὸ
3159 1835 3252 1887 τοῦ
3273 1833 3510 1904 Πατρδς,
3537 1834 3630 1890 καὶ

2049 1935 2524 2008 μαρτυρούμενος·
2551 1932 2646 1985 καὶ
2671 1928 2895 2000 Πνεῦμα
2916 1925 3172 1997 ἀληθείας
3199 1924 3261 1977 τὸ
3293 1923 3536 1994 Πνεῦμα,
3569 1925 3634 1977 τὸ

2045 2031 2144 2083 οὐκ
2191 2028 2468 2099 ἀλλότριον
2519 2025 2597 2092 ὂν,
2633 2023 2746 2102 ἀλλ’
2781 2021 2890 2076 ἀπὸ
2924 2018 3134 2090 Πατρὺς
3171 2017 3630 2089 ἐκπορευόμενον,

2045 2122 2138 2176 καὶ
2163 2121 2258 2174 τοῦ
2287 2120 2418 2173 Υἱοῦ
2442 2116 2740 2190 λαμσάνον.
2777 2111 2965 2167 Ταῦτα
2999 2110 3058 2163 δὲ
3085 2111 3404 2182 ἀφαιρεῖται
3451 2108 3636 2162 πᾶσάν

2048 2231 2140 2265 σου
2181 2211 2290 2264 τῶν
2336 2212 2534 2279 λόγων,
2571 2207 2764 2270 Ἀέτιε,
2819 2203 3235 2274 συλλογιστικὴν
3282 2201 3631 2273 μυθολογίαν.

2045 2303 2153 2356 Καὶ
2193 2304 2294 2356 οὐκ
2331 2301 2606 2372 ἐνδέχεται
2639 2299 2786 2370 ἡμᾶς
2817 2293 3227 2367 προτρέψασθαι
3262 2291 3512 2364 μαθητὰς
3541 2309 3636 2360 γε-

2046 2393 2230 2448 νέσθαι
2277 2391 2677 2464 Ἀριστοτέλους
2725 2389 2818 2443 τοῦ
2866 2388 2959 2441 σοῦ
3001 2387 3312 2450 ἐπιστάτου,
3349 2387 3444 2438 καὶ
3477 2385 3635 2438 ὲάσαι

2044 2486 2137 2538 τὸν
2177 2484 2286 2537 τῶν
2334 2487 2393 2536 ὲν
2443 2483 2722 2552 Πνεύματι
2766 2479 2902 2534 Θεοῦ
2953 2477 3385 2547 πεφωτισμένων
3439 2475 3636 2529 ἀλιέων

2045 2575 2426 2647 ἀγραμμάτων
2456 2573 2624 2628 ὄντων
2655 2571 2796 2626 κατὰ
2825 2569 2918 2623 τὸν
2945 2569 3124 2638 λόγον,
3155 2569 3248 2620 καὶ
3274 2564 3518 2619 ἰδιωτῶν.
3542 2577 3637 2647 κητ

2049 2645 2328 2740 ρύκωννδὲ
2374 2666 2544 2720 ὅντων
2588 2665 2688 2734 τῆς
2729 2662 2988 2734 ἀληθείας
3031 2664 3090 2714 ὲν
3139 2657 3366 2728 δυνάμει
3408 2645 3636 2730 Θεοῦ,ᾗ

2047 2757 2428 2831 κατηξίωνται.
2463 2759 2540 2811 Οὐ
2575 2757 2684 2828 γὰρ
2726 2758 2784 2810 ὲν
2820 2754 2964 2824 λόγῳ
2991 2748 3384 2819 συλλογιστικῷ
3411 2750 3446 2819 ἡ
3482 2747 3634 2818 βασι-

2046 2851 2166 2904 λεία
2196 2849 2305 2902 τῶν
2333 2848 2601 2920 οὐρανῶν,
2633 2846 2730 2901 καὶ
2763 2848 2820 2898 ἒν
2851 2845 2994 2915 λόγῳ
3019 2839 3400 2914 κομπαστικῷ,
3429 2837 3547 2892 ἀλλ’
3575 2837 3637 2890 ἐν

2049 2941 2276 3012 δυνάμει
2331 2941 2424 2994 καὶ
2455 2939 2707 3010 ἀληθείᾳ.
2740 2938 2852 2992 Καὶ
2879 2936 2988 3006 γὰρ
3015 2933 3265 3005 άρκετῶς
3293 2929 3630 3000 είκάσαμεν⁸

2050 3034 2109 3100 ἐξ
2137 3031 2312 3105 ἀρχῆς
2344 3031 2436 3084 τοῦ
2481 3029 2642 3099 λόγου
2678 3045 2774 3084 σου
2819 3027 2913 3081 τοῦ
2955 3025 3086 3095 περὶ
3120 3024 3432 3094 στερήσεως
3468 3019 3636 3084 ἕξεων

363 3116 508 3168 illam
549 3117 616 3170 de
650 3119 952 3186 privatione
981 3119 1326 3174 all'ectionum
1359 3137 1422 3176 ac
1468 3123 1798 3190 positionum
1834 3123 1945 3178 dis-

2054 3125 2143 3179 καὶ
2176 3123 2377 3177 θέσεων
2417 3122 2512 3176 καὶ
2553 3121 2816 3192 γεννητὴν
2858 3118 3045 3172 οὐσίαν
3087 3116 3182 3170 καὶ
3221 3115 3514 3184 ἀγέννητον
3544 3111 3640 3165 οὐ-

361 3207 698 3275 putationem
740 3208 1072 3263 audivinms.
1123 3208 1258 3262 Tum
1301 3209 1534 3277 genitam
1568 3211 1711 3263 illam
1739 3212 1950 3281 ingeni-

363 3308 586 3366 tamque
610 3299 978 3352 substantiam
1013 3301 1373 3355 asciscentcnt
1399 3301 1529 3364 sibi,
1559 3301 1641 3355 vel
1672 3316 1779 3355 non
1807 3303 1950 3356 asci-

363 3397 606 3443 scentem
635 3391 859 3458 aliquid,
891 3399 946 3444 et
977 3406 1084 3444 una
1122 3399 1244 3445 cum
1273 3391 1556 3445 aﬂcctione
1603 3391 1767 3460 hujus
1809 3407 1950 3460 quo-

363 3497 470 3548 que
501 3482 772 3550 jacturam
837 3484 1152 3550 patientem.
1202 3481 1423 3538 Necnon
1453 3493 1506 3538 et
1542 3482 1609 3538 de
1643 3484 1948 3539 substantia

363 3575 542 3641 genita
580 3575 740 3626 simul
776 3573 1072 3641 implicata,
1109 3583 1162 3628 et
1191 3575 1416 3644 ingeniti
1449 3575 1752 3631 all‘ectione.
1805 3575 1944 3629 Tum

364 3663 433 3716 de
463 3663 648 3719 sobole
696 3665 898 3732 genita,
933 3679 1054 3733 quae
1097 3681 1194 3733 per
1241 3665 1532 3734 quemdam
1566 3665 1946 3721 veluti‘traus-

363 3759 500 3811 itum
527 3771 808 3825 expressa,
839 3756 1294 3826 significationem
1335 3757 1692 3812 nihilominus
1733 3773 1952 3827 perma-

363 3849 544 3903 nentis
607 3849 911 3904 allectionis
959 3850 1159 3912 habet,
1215 3857 1270 3903 et
1331 3863 1396 3903 ex
1449 3859 1648 3902 natura
1695 3849 1950 3919 quapiam

363 3943 841 3996 commutationem
874 3941 1097 4006 indicat,
1129 3957 1252 3997 cum
1288 3941 1469 4012 genita
1509 3941 1727 3997 soboles
1762 3941 1948 4011 appel‘

2054 3216 2175 3269 σίαν
2227 3212 2770 3285 προσλαμϐάνουσαν,
2817 3211 2912 3265 καὶ
2967 3210 3041 3281 μὴ
3086 3206 3635 3279 προσλαμϐάνουσαν.

2051 3305 2146 3356 καὶ
2196 3303 2315 3373 μεθ’
2339 3302 2506 3370 ἕξεως
2544 3300 2715 3367 ἕξεως
2761 3299 3142 3370 άπομένουσαν
3185 3295 3458 3366 ἀποϐολὴν
3479 3332 3496 3358 ,
3541 3291 3640 3346 καὶ

2052 3397 2179 3466 περὶ
2239 3395 2427 3457 οὐσίας
2489 3392 2974 3461 καταπλεκομένης
3021 3389 3304 3457 γεννητῆς,
3353 3385 3522 3452 ἕξεως
3577 3383 3638 3438 δὲ

2051 3485 2382 3555 άγεννήτου’
2421 3484 2516 3536 καὶ
2547 3483 2791 3552 γέννημα
2824 3481 3114 3549 λεγόμενον
3154 3480 3212 3531 ἐν
3263 3478 3500 3549 παρῶῳ,
3539 3492 3639 3546 ση-

2055 3574 2382 3646 μαινομένου
2430 3574 2488 3628 es
2533 3575 2592 3628 ὲν
2634 3573 2744 3640 ἕξει
2789 3572 2950 3644 μόνῃ,
2994 3571 3089 3624 καὶ
3129 3570 3295 3633 ἕξεως
3341 3566 3638 3638 δηλωτικὸν

2055 3665 2534 3736 μεταπλαζομένου
2581 3665 2642 3730 ὲξ
2683 3664 2872 3727 οὐσίας
2912 3662 3076 3727 τινὸς,
3108 3663 3208 3716 κάν
3239 3677 3300 3714 τε
3344 3659 3640 3728 λεγομένου

2053 3759 2414 3829 γεννήματος,
2447 3759 2522 3821 ὠς
2550 3757 2706 3828 ἔφης.
2741 3755 2892 3810 Αὐτὰ
2928 3755 3038 3827 γὰρ
3068 3755 3196 3825 περὶ
3219 3753 3326 3806 τῶν
3363 3749 3544 3804 αὐτῶν
3577 3749 3640 3801 τὸ

2053 3851 2321 3922 διανόημά
2352 3867 2446 3903 σου
2477 3849 2646 3913 λαλεῖ,
2673 3849 2840 3921 μηδὲν
2873 3846 3172 3920 παραιτοῦν
3191 3847 3211 3877 ⁸
3229 3843 3370 3898 κατά
3398 3841 3506 3896 τῶν
3537 3840 3640 3895 αὐο

2054 3943 2164 3996 τῶν
2193 3941 2458 4013 φέρεσθαι
2487 3941 2878 4012 φθεγγόμενον.

361 4033 525 4088 latur.
563 4033 702 4102 Ergo
757 4035 948 4092 iisdem
988 4036 1055 4089 dc
1085 4035 1248 4089 rebus
1289 4033 1478 4090 eadem
1523 4033 1743 4103 saepius.
1773 4041 1868 4089 tuo
1907 4051 1974 4089 ex
2049 4035 2266 4106 ingenio
2313 4035 2614 4107 proponis,
2663 4033 2812 4105 quod
2865 4033 3058 4090 eadem
3113 4033 3396 4088 inculcare
3439 4025 3642 4098 saepius

360 4125 498 4181 nihil
539 4133 780 4181 veretur.

753 4215 917 4288 935
943 4214 1120 4270 AETll
1158 4215 1388 4272 CAPUT
1427 4215 1565 4270 XXI.

433 4309 493 4364 Si
549 4318 659 4363 tam
717 4309 1041 4379 ingenitum.
1101 4323 1266 4378 quam
1319 4309 1562 4377 genitum
1607 4307 1822 4363 all‘ectio
1856 4309 1948 4370 sit,

2414 4211 2809 4264 ΚΕΦΑΛΑΙΟΝ
2849 4209 3103 4262 ΑΕΤΙΟΥ
3141 4210 3272 4261 KA'.

2131 4303 2194 4356 Εἰ
2237 4303 2300 4358 τὸ
2357 4301 2652 4372 ἀγέννητον
2682 4300 2795 4365 ἕξις
2819 4339 2832 4364 ,
2877 4299 2974 4352 καὶ
3018 4299 3080 4352 τὸ
3115 4297 3373 4368 γεννητὸν
3408 4297 3555 4366 ἕξις,
3583 4300 3642 4354 αἱ

361 4402 684 4458 substantiae
725 4399 944 4469 quidem
991 4399 1374 4456 alfectionihus
1419 4403 1655 4472 priores,
1703 4398 1944 4454 all‘ectio-

2054 4395 2148 4464 μὲν
2177 4395 2356 4448 οὐσίαι
2383 4393 2494 4447 τῶν
2526 4392 2692 4457 ἕξεων
2739 4391 2954 4463 πρῶται
2973 4431 2986 4452 ,
3032 4391 3089 4444 αἱ
3115 4389 3174 4444 δὲ
3223 4389 3365 4453 ἕξεις
3399 4391 3510 4442 τῶν
3537 4391 3630 4443 οὐ-

361 4507 462 4548 nes
499 4505 664 4561 porro
703 4492 781 4545 uti
812 4500 1008 4545 natura
1043 4493 1400 4561 posteriores.
1452 4493 1534 4548 sic
1564 4491 1758 4546 iisdem
1789 4496 1946 4545 ante-

359 4585 628 4656 ponenda:
653 4591 802 4636 sunt.
839 4582 995 4647 Quod
1023 4583 1068 4636 si
1093 4583 1399 4653 ingenitum
1431 4583 1598 4653 geniti
1627 4595 1799 4636 causa
1837 4589 1944 4648 est,

361 4677 522 4745 eique
569 4673 783 4728 conten
837 4682 896 4728 ut
953 4675 1223 4739 exsistat;
1294 4674 1538 4743 genitum
1613 4687 1742 4726 vero
1811 4686 1944 4726 cau-

361 4785 481 4824 sam
528 4768 702 4838 ipsam
748 4767 1072 4821 substantiae
1117 4783 1216 4822 sua
1269 4767 1491 4820 notione
1537 4766 1945 4835 complectens,

361 4860 722 4917 substantiam
759 4861 956 4929 ipsam,
989 4873 1098 4912 non
1130 4857 1470 4913 affectionem
1499 4856 1778 4927 exprimit,
1819 4871 1946 4910 cum

361 4953 607 5026 ingenita
653 4959 849 5006 natura
899 4951 1036 5006 nihil
1071 4952 1188 5022 ipsa
1223 4965 1410 5004 secum
1453 4949 1730 5014 includat;
1769 4965 1952 5005 nonne

359 5045 663 5101 substantia
731 5043 916 5114 petius
972 5055 1136 5112 quam
1197 5039 1414 5096 all‘ectio
1471 5041 1720 5111 quaedam
1785 5040 1949 5096 debet

357 5139 578 5195 videri?

903 5225 1214 5295 Confutatt'o
1255 5221 1414 5277 XXI.

433 5322 475 5374 1.
523 5320 595 5375 De
642 5320 1028 5377 allectionibus
1075 5333 1202 5372 cum
1240 5317 1308 5372 de
1343 5314 1526 5371 divina
1572 5326 1789 5382 natura,
1817 5331 1946 5385 μοι-η

2059 4487 2210 4550 σιῶν,
2244 4487 2292 4539 εἰ
2321 4486 2415 4540 καὶ
2439 4484 2720 4556 δεύτεραι,
2751 4483 2868 4536 ἀλλ’
2897 4479 2990 4536 οὖν
3027 4500 3092 4551 γε
3131 4483 3543 4554 προτιμότεραι.
3575 4481 3640 4536 Ei

2057 4577 2116 4632 δὲ
2145 4578 2202 4631 τὸ
2240 4577 2532 4648 ἀγέννητον
2559 4575 2654 4630 τοῦ
2689 4575 2950 4646 γεννητοῦ
2993 4574 3164 4628 αἴτιόν
3194 4577 3308 4628 ἐστι
3329 4615 3344 4637 ,
3387 4574 3480 4628 τοῦ
3503 4569 3640 4628 εἶναι

2059 4670 2490 4742 σημαινομένου,
2529 4669 2774 4738 γέννημα
2821 4666 3175 4737 συνεισφέρειν
3207 4669 3274 4736 τῇ
3317 4664 3516 4720 ἑαυτοῦ
3553 4666 3644 4717 οὐ-

2059 4763 2150 4833 σία
2185 4763 2277 4816 τὸν
2323 4763 2524 4823 αῐτιον,
2559 4758 2747 4821 οὐσίας
2793 4758 2912 4811 ἐστὶ
2937 4757 3236 4828 δηλωτικὸν
3281 4757 3344 4809 τὸ
3373 4756 3642 4827 γέννημα,

2061 4855 2178 4908 ἀλλ’
2220 4855 2319 4923 οὐχ
2348 4853 2544 4919 ἕξεως,
2576 4851 2674 4922 τῆς
2713 4850 3012 4918 ἁγεννήτου
3043 4849 3256 4916 φύσεως
3285 4847 3439 4900 οὐδὲν
3477 4849 3644 4918 ἑαυτῇ

2065 4944 2488 5015 συνεισαγούσης
2513 4960 2528 4976 ο
2583 4944 2699 5007 πῶς
2743 4944 2844 4996 οὐκ
2877 4941 2944 4995 ἄν
2992 4941 3080 5012 εἴη
3129 4941 3318 5006 οὐσία,
3351 4939 3470 4993 ἀλλ’
3507 4938 3643 5004 ἕξις,

2068 5041 2162 5094 καὶ
2193 5043 2226 5113 ἠ
2257 5041 2550 5110 ἀγέννητος
2581 5038 2774 5108 φύσις;

2603 5223 2926 5294 Ἀνατροπὴ
2976 5227 3104 5278 KA'.

2127 5318 2202 5373 A'.
2248 5319 2457 5384 Ἕξεων
2507 5319 2860 5389 διαληπτικὺν
2911 5316 3070 5384 λόγον
3117 5313 3210 5368 ἐπὶ
3259 5313 3394 5368 Θεοῦ
3437 5329 3498 5366 τε
3552 5312 3646 5366 καὶ

363 5411 491 5467 inde
519 5427 582 5467 ac
611 5413 680 5467 de
721 5409 1080 5466 inferioribus
1116 5407 1226 5462 Deo
1249 5405 1510 5477 disputat,
1557 5407 1755 5464 iterum
1784 5421 1945 5476 agere

2056 5409 2194 5477 μετά
2231 5408 2363 5462 Θεὸν
2395 5406 2826 5472 κατασκευάζειν
2867 5405 3027 5459 πάλιν
3055 5407 3188 5474 ἡμῖν
3219 5404 3480 5474 πειρᾶται
3526 5401 3648 5455 Ἀέ-

363 5503 602 5558 instituit
627 5503 836 5568 Aetius,
869 5511 930 5556 ut
962 5500 1396 5556 animadvertere
1423 5501 1670 5571 potestis,
1691 5500 1942 5554 veritatis

2054 5515 2198 5562 τιος,
2248 5499 2322 5560 ὡς
2355 5500 2517 5570 ὁρᾶτε
2547 5540 2562 5564 ,
2601 5499 2744 5568 φίλοι
2778 5501 2878 5571 τῆς
2925 5497 3204 5566 ἀληθείας.
3259 5496 3371 5550 Καὶ
3427 5494 3500 5548 τά
3549 5493 3648 5564 μὲν

364 5595 596 5650 studiosi
630 5609 840 5650 omnes.
879 5593 934 5646 In
976 5609 1087 5664 quo
1123 5591 1381 5646 nonnulla
1419 5591 1600 5661 priora
1638 5589 1789 5654 facit,
1833 5591 1936 5642 alia

2054 5587 2236 5659 πρῶτα
2261 5589 2462 5660 τίθησι,
2486 5589 2555 5643 τά
2573 5589 2630 5642 δὲ
2655 5588 2896 5660 δεύτερα.
2939 5589 3070 5642 Ἐπὶ-
3109 5585 3228 5657 Θεῷ
3261 5585 3317 5639 δὲ
3351 5583 3650 5654 λαμϐάνειν

441 5709 487 5780 κ’
520 5703 685 5759 llobr.
725 5721 800 5770 ιιι,
841 5704 894 5759 6.
1049 5701 1203 5760 Joan.
1233 5719 1342 5772 ινι,
1367 5703 1455 5758 26.
1554 5705 1575 5738 ³
1603 5703 1760 5759 Joan.
1795 5717 1904 5768 xu,

2067 5701 2148 5757 l5.
2227 5700 2288 5756 ⁸1
2329 5702 2456 5757 Cor.
2483 5717 2555 5770 tv,
2616 5701 2706 5756 ‘20.
2778 5701 2798 5732 ⁸
2839 5699 2896 5754 F.
2927 5697 3261 5770 ἠκούσαμεν.
3355 5693 3468 5773 ξιτ.
3508 5696 3651 5770 πέρα

371 5791 466 5826 του
