3994 6224
316 308 426 365 597

923 311 1292 368 AbV—Ensus
1332 300 1677 372 nanes‘ns
1712 319 1836 374 LIB.
1879 321 1913 377 ιι

2015 321 2174 379 TOM.
2214 321 2255 380 l.
2295 353 2364 362 -—
2399 320 2670 376 HERES.
2716 317 2941 375 LXXVI.

3476 321 3577 375 593

280 450 288 471 ι
318 426 516 496 πρῶτα
549 426 581 497 ἢ
631 425 859 497 δεύτερα
895 427 1019 480 οὔτε
1052 426 1209 498 Θέμις
1250 428 1449 498 λέγειν.
1495 414 1645 503 Ἀμα
1681 432 1790 503 γὰρ
1840 434 1898 488 ἐν

2015 436 2328 506 posteriora.
2375 435 2539 505 Atqui
2581 434 2761 505 priora
2814 434 2923 488 ulla
2969 432 3022 487 in
3076 433 3203 497 Deo,
3252 434 3334 488 vel
3396 446 3575 504 postea

316 517 441 589 Θεῷ
467 517 536 572 τὰ
573 518 751 572 πάντα
784 517 1077 591 πρόσεστι,
1124 519 1218 573 καὶ
1248 520 1566 594 προσθήκης
1610 524 1670 578 οὐ
1703 525 1898 579 δέεται.

318 610 412 661 Διὸ
447 610 540 662 καὶ
582 609 642 662 τὸ
676 609 925 681 γέννημα
964 611 1063 667 οὐκ
1111 610 1218 665 ἀπὸ
1255 613 1445 684 χρόνου
1477 614 1712 669 νοεῖσθαι
1747 616 1901 668 εὐσε-

320 700 423 770 ϐὴς
474 700 642 771 χωρεῖ
696 700 872 770 λόγος.
926 701 1045 774 Θεῷ
1095 704 1200 775 γὰρ
1242 703 1452 776 Πατρὶ,
1502 707 1596 759 καὶ
1627 707 1774 775 Υίῷ,
1809 709 1903 760 καὶ

323 792 467 862 ἁγίῳ
490 791 766 863 Πνεύματι
789 833 803 856 ,
839 794 1085 847 τουτέστι
1113 796 1179 865 τῇ
1233 794 1420 866 Τριάδι
1446 798 1511 866 τῇ
1544 794 1679 870 οὔσῃ
1710 798 1845 867 ὅπερ
1876 799 1904 850 ὁ

322 884 399 937 ὢν
429 885 559 950 Θεὸς
579 926 592 949 ,
621 886 863 941 καλεῖται
898 888 1089 960 Πατὴρ
1118 890 1145 941 ὁ
1188 886 1262 941 ὢν
1284 929 1297 953 ,
1324 889 1417 943 καὶ
1449 890 1577 954 Υἱὸς
1604 891 1631 944 ὁ
1666 889 1740 944 ὢν
1771 891 1903 961 πρὸς

324 978 415 1031 τὸν
443 980 571 1032 ὅντα
608 980 682 1032 ὢν
702 1021 716 1045 ,
751 980 1149 1051 γεγεννημένος
1185 982 1435 1051 ἀνάρχως
1489 981 1583 1036 καὶ
1615 982 1857 1054 ἀχρόνως
1887 1001 1900 1014 ο

328 1069 406 1131 ὼς
436 1068 494 1122 τὸ
517 1111 531 1132 ,
567 1069 731 1137 Παρὰ
764 1071 861 1124 σοὶ
894 1071 1055 1140 πηγὴ
1086 1070 1234 1141 ζωῆς
1256 1089 1269 1101 ⁸
1299 1073 1391 1126 καὶ
1418 1073 1498 1137 τὸ,
1539 1074 1635 1126 Ἐν
1659 1073 1738 1139 τῷ
1759 1075 1907 1143 φωτί

326 1174 443 1213 σου
476 1161 740 1229 ὀψόμεθα
777 1161 904 1231 φῶς
927 1178 940 1191 ο
983 1163 1075 1215 καί
1107 1162 1186 1227 τὸ,
1226 1163 1279 1214 Ὁ
1312 1162 1396 1215 ὢν
1432 1166 1517 1230 εἰς
1543 1165 1647 1218 τὸν
1676 1166 1907 1218 κόλπον

326 1252 433 1304 τοῦ
472 1254 697 1319 Πατρός
721 1268 734 1281 ·
766 1256 860 1307 καὶ
888 1255 966 1318 τὸ,
1009 1255 1103 1306 Ἑν
1132 1254 1289 1323 ἀρχῇ
1317 1252 1397 1325 ἦν
1441 1258 1472 1309 ὀ
1499 1257 1710 1326 Λόγος,
1742 1258 1837 1310 καὶ
1874 1260 1906 1311 ό

330 1345 520 1410 Λόγος
551 1341 627 1413 ἦν
658 1345 806 1413 πρὸς
847 1347 949 1399 τὸν
981 1346 1159 1409 Θεὸν,
1194 1347 1289 1401 καὶ
1321 1347 1464 1414 Θεὸς
1491 1342 1570 1419 ἦν
1602 1351 1635 1402 ὀ
1672 1350 1861 1417 Λόγος
1888 1367 1902 1381 ο

327 1434 422 1484 καὶ
456 1435 581 1504 περὶ
605 1431 695 1485 τοῦ
728 1434 877 1503 ἁγίου
907 1435 1046 1488 Πνεύ
1056 1453 1219 1505 ματος
1246 1436 1504 1499 ὡσαύτως
1524 1453 1536 1467 ⁸
1576 1437 1645 1491 Τὸ
1668 1437 1909 1506 Πιιοεῦμά

321 1544 443 1592 μρυ
476 1525 811 1594 ἐφέστηκεν
842 1529 911 1579 ἐν
948 1528 1117 1596 μέσῳ
1146 1529 1331 1598 ὑμῶν.
1374 1530 1484 1582 Καὶ
1523 1532 1654 1601 ὁρᾶς
1674 1572 1685 1590 .
1716 1532 1795 1583 ὅτι
1827 1532 1909 1583 οὑ-

325 1618 413 1670 ὂὲν
440 1621 749 1689 πρόσφατον
776 1622 831 1673 έν
862 1622 926 1691 τῇ
951 1621 1164 1692 Τριάδι;
1183 1622 1271 1675 Διὸ
1296 1621 1418 1674 οὕτε
1444 1621 1555 1686 ἕξις
1584 1623 1689 1692 πρὸ
1719 1622 1904 1687 ἕξεως,

327 1708 452 1761 οὔτε
479 1709 591 1773 ἕξις
626 1710 730 1780 πρὸ
762 1711 966 1773 οὐσίας.
989 1710 1139 1777 ’Έξιν
1170 1711 1226 1764 δὲ
1248 1712 1308 1764 οὑ
1344 1712 1481 1766 κατὰ
1505 1712 1603 1775 τὰς
1633 1712 1908 1783 σφαλερὰς

327 1800 625 1869 λεγομένας
676 1801 816 1866 ἕξεις

327 1890 427 1953 τὰς
463 1891 679 1954 θετικὰς
729 1892 868 1956 ἕξεις
904 1893 1133 1962 ἐχόντων
1172 1910 1186 1926 ’
1222 1895 1269 1946 εί
1322 1895 1415 1949 xa‘t
1455 1894 1566 1960 ἕξιν
1616 1896 1741 1965 περὶ
1770 1894 1903 1947 Θεοῦ

327 1981 510 2050 λέγειν
540 1983 870 2050 ἀναγκάσεις
908 1985 1053 2055 ἡμᾶς
1076 2026 1091 2051 ,
1124 1978 1351 2038 ὧἈέτιε
1377 2028 1392 2052 ,
1453 1986 1547 2039 καὶ
1593 1984 1715 2038 οὔτε
1753 2003 1805 2039 τι
1848 1987 1906 2038 ὲν

327 2073 450 2143 Θεῷ
482 2075 868 2145 προτιμότερον
888 2116 902 2139 ,
938 2074 1060 2127 οὔτε
1120 2077 1574 2147 μεταγενέστερον
1605 2116 1619 2141 ,
1658 2075 1773 2129 ἀλλ’
1806 2076 1907 2131 ὅσα

329 2166 533 2235 πρέπει
573 2165 651 2235 τῷ
699 2165 968 2235 ἀξιώματι
1019 2168 1153 2239 πρὸς
1181 2167 1524 2236 δοξολογίαν,
1554 2171 1620 2238 τῇ
1664 2169 1761 2238 μὲν
1810 2170 1907 2239 μιᾷ

330 2257 547 2327 θεότητι
574 2258 666 2311 καὶ
689 2256 784 2327 μία
809 2258 1104 2325 δοξολογία,
1129 2259 1223 2311 καὶ
1254 2258 1351 2330 μία
1378 2258 1533 2330 τιμὴ,
1570 2262 1673 2316 ἵνα
1699 2259 1907 2327 τιμῶσι

330 2352 438 2403 τὸν
472 2350 637 2414 Υἱὸν,
667 2349 867 2417 ὥσπερ
901 2349 1109 2418 τιμῶσι
1139 2351 1245 2403 τὸν
1284 2348 1550 2417 Πατέίαο
1588 2350 1683 2403 καὶ
1713 2349 1799 2401 ἵνα
1832 2349 1906 2419 μὴ

333 2443 692 2514 βλασφημῶσι
723 2444 783 2497 τὸ
809 2443 1033 2514 Πνεῦμα
1074 2441 1161 2496 διὰ
1187 2441 1278 2495 τὸν
1314 2442 1414 2512 τῆς
1467 2438 1695 2511 ἀπειλῆς
1730 2440 1905 2506 λόγον,

328 2539 421 2592 τὸν
456 2540 531 2610 μὴ
559 2539 655 2609 τὴν
687 2539 958 2609 ἁμαρτίαν
984 2538 1165 2600 αὐτοῖς
1214 2534 1601 2607 συγχωροῦντα
1638 2526 1769 2599 ὧδε,
1814 2533 1907 2587 καὶ

330 2633 390 2685 ὲν
428 2631 506 2703 τῷ
559 2631 806 2702 μέλλοντι
835 2630 1025 2682 αἰῶνι·
1054 2628 1128 2691 ὼς
1165 2628 1484 2698 πρεπόντως
1531 2623 1720 2697 [ἐστὶν]
1754 2624 1908 2677 οὐδὲν

332 2724 737 2795 διηλλαγμένως
762 2724 876 2777 ἐστὶ
903 2741 967 2776 πε
978 2724 1029 2792 pi.
1049 2722 1147 2792 τὴν
1171 2720 1375 2789 Τριάδα
1398 2722 1558 2783 νοεῖν,
1581 2719 1613 2788 ἢ
1642 2718 1906 2782 εὐσεϐεῖν,

333 2817 655 2889 ἢδοξὰζειν.
700 2817 786 2869 Ἐν
834 2816 1008 2886 Πατρὶ
1050 2814 1108 2866 δὲ
1136 2812 1195 2866 τὸ
1228 2811 1450 2882 Πατὴρ,
1499 2812 1557 2864 ὲν
1598 2810 1713 2880 Υίῷ
1759 2811 1816 2863 δὲ
1849 2810 1911 2863 τὸ

349 2910 505 2975 Υἱὸς,
533 2912 589 2963 ὲν
617 2908 756 2980 ἁγίῳ
786 2907 1061 2977 Πνεύματι
1083 2905 1143 2959 τὸ
1176 2905 1192 2936 ¹
1226 2905 1397 2968 οὕτως
1433 2902 1611 2971 λέγειν
1631 2944 1645 2970 ,
1678 2902 1771 2955 καὶ
1816 2901 1911 2955 οὖ-

334 3019 439 3064 τως
472 3002 528 3054 ἐν
560 2998 787 3069 ἀληθείᾳ
835 2997 1112 3064 δοξάζειν,
1161 2997 1297 3067 ὅπερ
1338 2993 1655 3066 πρεπόντως
1703 2996 1769 3064 τῇ
1814 2993 1912 3063 μιᾷ

336 3096 378 3147 Τ
384 3095 526 3165 ριάδι
561 3090 948 3164 πῳσκυνητῶς
976 3090 1036 3143 τὸ
1065 3086 1227 3151 σέϐας
1257 3088 1471 3159 νέμειν,
1501 3089 1534 3156 ἡ
1562 3084 1788 3156 ἀληθινὴ
1821 3085 1907 3137 πί-

2004 530 2152 583 riora
2193 527 2527 583 constituere
2593 541 2661 580 ne
2706 540 2957 580 sermone
3002 525 3220 595 quidem
3286 525 3429 579 licet.
3485 524 3576 577 Et-

2004 620 2148 675 enim
2200 620 2364 676 simul
2416 620 2471 673 in
2522 617 2633 673 Deo
2680 618 2870 671 insunt
2921 618 3192 681 universa,
3237 632 3336 671 nec
3390 632 3575 671 acces-

2005 711 2214 767 sionem
2245 711 2483 780 aliquam
2533 707 2829 763 desiderat.
2878 707 3146 774 Quocirca
3187 722 3310 762 cum
3335 707 3570 777 genitam

2007 803 2249 860 sobolem
2281 802 2539 866 dicimus,
2573 800 2707 855 nihil
2730 800 2955 855 omnino
2984 799 3371 870 temporarium
3401 799 3573 869 pietas

2008 892 2266 947 admittit.
2325 891 2461 946 Nam
2503 892 2558 945 in
2610 891 2959 947 sanctissima
3008 889 3293 954 Trinitate,
3342 891 3445 945 hoc
3491 898 3575 945 cst

2010 982 2120 1038 Deo
2168 983 2348 1050 Patre,
2395 981 2532 1037 Filio
2561 989 2615 1037 et
2672 980 2875 1051 Spiritu
2920 988 3130 1043 sancto,
3180 980 3272 1050 qui
3312 989 3395 1034 est
3432 978 3575 1034 Deus

2005 1076 2278 1128 cxsistens
2301 1114 2315 1137 ,
2372 1072 2534 1127 Pater
2558 1072 2833 1128 exsistens
2883 1078 3130 1133 vocatur,
3173 1084 3382 1125 necnon
3404 1077 3456 1124 et
3482 1084 3577 1122 ex-

2008 1163 2210 1219 sistens
2256 1162 2426 1219 Filius
2478 1178 2601 1218 cum
2649 1164 2944 1219 exsistentc
2994 1170 3360 1232 comparatus,
3395 1160 3460 1213 ab
3490 1175 3577 1213 eo-

2007 1272 2112 1325 que
2141 1256 2280 1310 citra
2317 1255 2529 1309 initium
2576 1256 2744 1309 ullum
2797 1263 3116 1323 tempusque
3159 1254 3393 1322 genitus,
3427 1261 3483 1305 ut
3510 1267 3575 1304 ex

2008 1347 2074 1401 iis
2125 1346 2418 1415 Scriptura}
2465 1346 2601 1400 locis
2647 1345 3039 1414 intelligimus:
3073 1343 3225 1412 Apud
3261 1354 3307 1397 te
3345 1352 3422 1397 est
3458 1342 3576 1411 fons

2008 1439 2126 1493 vita:
2147 1438 2187 1491 ⁸.
2229 1438 2396 1492 Item:
2432 1435 2731 1490 Inlumine
2757 1446 2844 1489 tuo
2882 1435 3166 1489 videbimus
3206 1434 3453 1501 lumen”;
3487 1441 3573 1487 et:

2009 1529 2114 1595 Qui
2161 1538 2237 1584 est
2279 1530 2334 1581 in
2372 1530 2492 1581 sinu
2546 1526 2724 1580 Patris
2747 1527 2788 1580 ⁸.
2858 1526 2988 1580 Item
3022 1545 3033 1579 :
3067 1526 3134 1579 In
3166 1526 3419 1595 principio
3461 1531 3575 1577 erat

2019 1616 2263 1682 Verbum,
2319 1626 2367 1671 et
2408 1616 2631 1670 Verbum
2673 1624 2786 1669 erat
2824 1615 2962 1683 apud
3004 1614 3194 1679 Deum,
3228 1626 3275 1668 et
3300 1614 3437 1667 Deus
3464 1622 3576 1666 erat

2019 1705 2241 1761 Verbum
2267 1707 2309 1759 ⁷.
2348 1706 2609 1761 Similiter
2635 1712 2689 1758 et
2725 1705 2790 1759 de
2824 1704 3029 1773 Spiritu
3070 1713 3261 1759 sancto
3296 1722 3309 1757 :
3338 1702 3575 1772 Spiritus

843 1842 855 1864 ,
897 1802 1099 1872 τροπὴν
1148 1802 1374 1871 ἐχούσας
1428 1805 1485 1856 έν
1539 1803 1753 1873 ἑκάστῳ
1794 1804 1903 1855 τῶν

2015 1817 2147 1854 meus
2189 1800 2431 1854 consistit
2478 1800 2533 1852 in
2579 1798 2750 1853 medio
2788 1798 2946 1852 vestri
2974 1796 3018 1852 ⁸.
3057 1794 3224 1850 Vides
3251 1809 3411 1864 quam
3440 1793 3578 1847 nil.il

2008 1893 2063 1947 in
2091 1891 2364 1946 Trinitate
2405 1890 2477 1947 sit
2515 1890 2751 1945 recens?
2791 1888 2946 1943 Unde
2977 1899 3078 1942 nec
3108 1885 3414 1941 substantia
3448 1881 3579 1936 atie-

2007 1982 2265 2046 ctionem,
2295 1995 2398 2035 nec
2438 1978 2802 2035 substantiam
2850 1974 3124 2030 antecedit
3173 1972 3409 2027 aﬁcctio.
3464 1970 3580 2025 Ca2-

2006 2084 2183 2128 terum
2222 2070 2563 2125 aﬂ‘ectionem
2610 2085 2733 2123 cum
2785 2068 3042 2133 dicimus,
3090 2080 3199 2119 non
3231 2062 3403 2116 ﬂtlxas
3432 2062 3575 2127 illas,

2007 2171 2062 2219 et
2095 2163 2329 2219 caducas
2363 2162 2746 2231 intelligimus,
2786 2174 2908 2229 qua:
2938 2160 2994 2212 in
3027 2168 3355 2226 unaquaque
3387 2164 3577 2205 earum

2007 2270 2210 2316 rerum,
2264 2268 2384 2323 qua:
2431 2252 2747 2309 adventitiis
2800 2251 2964 2304 rebus
3025 2247 3373 2308 adiciuntur,
3430 2242 3579 2295 vires

2010 2359 2137 2399 suas
2193 2358 2258 2397 ac
2303 2343 2636 2397 mutationes
2670 2346 2994 2403 exerceant;
3024 2345 3302 2406 utcunque
3336 2347 3436 2387 nos
3467 2346 3497 2383 a
3529 2341 3579 2384 te

2008 2433 2182 2487 coacti
2229 2431 2533 2487 aiiectionis
2573 2431 2898 2485 vocabulum
2949 2429 3017 2481 ad
3053 2426 3241 2481 divina
3284 2421 3577 2478 transieri-

2010 2540 2152 2578 mus.
2186 2520 2331 2577 Nihil
2362 2535 2446 2578 est
2478 2523 2644 2594 igitur
2688 2522 2743 2576 in
2794 2519 2907 2574 Deo
2953 2519 3038 2573 vel
3083 2516 3434 2578 antecellens,
3494 2510 3580 2567 vel

2009 2624 2167 2673 mtate
2220 2618 2537 2687 posterius;
2603 2614 2698 2671 sed
2756 2631 2818 2670 ea
2872 2614 3137 2669 duntaxat
3201 2612 3408 2673 insunt,
3461 2620 3581 2677 quae

2010 2713 2262 2784 dignitati
2306 2712 2454 2768 illius
2491 2712 2555 2766 ad
2606 2710 2821 2765 laudem
2869 2707 3415 2779 prmdieationemque
3445 2715 3579 2754 con-

2011 2814 2232 2876 gruunt.
2277 2802 2546 2857 Nimirum
2588 2802 2683 2856 uni
2725 2814 2788 2855 ac
2838 2798 3101 2869 singulari
3136 2793 3432 2856 divinitati,
3475 2804 3581 2844 una

2012 2895 2154 2961 laus,
2187 2903 2241 2949 et
2274 2894 2569 2964 singularis
2595 2892 2772 2945 honor
2805 2889 3187 2944 attribuendus
3219 2894 3329 2947 est,
3391 2882 3458 2936 Ut
3485 2881 3580 2935 Ito-

2013 2997 2193 3039 noreut
2230 2983 2451 3049 Filium,
2498 2984 2633 3036 sicut
2681 2982 2944 3035 honorant
2998 2975 3290 3040 Patrem”;
3343 2981 3396 3027 et
3430 2980 3584 3025 utne

2014 3077 2470 3132 contumeliosum
2550 3071 2809 3142 quiddam
2880 3073 2933 3124 in
3024 3066 3287 3138 Spiritum
3354 3063 3584 3134 jaciant;

337 3145 473 3251 στις,
514 3145 691 3239 καὶιτὸ
718 3145 1278 3253 ἀξίωμαγινώσκείν.
1322 3145 1588 3233 ’Καὶνοΰτε
1634 3145 1696 3231 τὸ
1746 3145 1908 3246 ἀγέν-

2015 3170 2176 3240 966
2221 3166 2717 3222 interminationem
2742 3164 2887 3217 illam
2927 3160 3106 3223 veriti,
3136 3172 3243 3229 qua
3272 3152 3585 3210 istiusmodi

335 3294 494 3347 νητον
524 3275 617 3329 τοῦ
651 3273 911 3345 γεννητοῦ
958 3274 1174 3336 δέεται,
1219 3274 1297 3334 εἰς
1350 3271 1410 3324 τὸ
1464 3268 1910 3339 συνεισφέρεσθαι

2015 3265 2211 3327 scelus,
2249 3265 2324 3314 uti
2354 3274 2449 3330 par
2477 3268 2581 3322 est,
2622 3271 2724 3311 nec
2752 3256 2804 3309 in
2832 3254 3088 3325 praesenti
3137 3250 3356 3311 saeculo.
3407 3260 3508 3302 nec
3530 3246 3585 3300 in

336 3370 514 3439 ἑαυτῴ
550 3372 615 3440 τῇ
663 3368 820 3440 οὐσίᾳ
849 3409 861 3433 ,
923 3368 1010 3421 ἵνα
1048 3367 1217 3419 αἴτιον
1271 3364 1456 3426 οὐσίας
1500 3362 1650 3431 αὐτῷ
1690 3361 1913 3432 γένηται

2015 3355 2200 3410 futuro
2253 3350 2674 3415 condonandum
2711 3336 2948 3404 edicitur
2975 3346 3039 3400 ³⁸.
3098 3343 3279 3413 Quare
3337 3340 3472 3395 nihil
3532 3339 3587 3392 in

336 3428 630 3532 δηλωτικδν
660 3461 718 3514 τὸ
748 3428 996 3530 γέννημα
1016 3476 1028 3490 υ
1062 3456 1184 3511 οὔτε
1218 3455 1331 3521 ἕξις
1369 3456 1467 3526 τῆς
1494 3428 1785 3523 ἀγεννήτου
1808 3428 1913 3521 ’φύ-

2020 3446 2290 3501 Trinitate
2329 3444 2571 3514 cogitare
2610 3441 2919 3503 diversum,
2969 3452 3145 3506 neque
3194 3434 3344 3491 salva
3390 3428 3588 3504 pietate

340 3525 476 3616 σεως
504 3554 536 3623 ἡ
569 3552 723 3605 οὐσία
764 3525 857 3604 τοῦ
887 3525 1285 3619 γεγεννημένου
1311 3525 1480 3608 ἐστὶν,
1516 3545 1549 3615 ἢ
1581 3543 1817 3612 λέγεται.

2018 3542 2245 3606 sentire,
2286 3549 2378 3593 aut
2408 3537 2622 3608 opinari
2655 3536 2803 3589 licet.
2842 3532 3043 3589 Verum
3080 3537 3135 3585 et
3177 3530 3232 3584 in
3273 3526 3433 3581 Patre
3479 3525 3588 3579 Pa-

340 3656 497 3710 trem,
564 3649 617 3698 et
674 3645 726 3697 in
758 3618 1149 3707 FilioFilium,
1222 3647 1276 3695 et
1324 3639 1377 3694 in
1440 3636 1645 3707 Spiritu
1687 3642 1876 3691 saneto
1928 3633 2188 3704 Spiritum
2241 3642 2489 3688 sanetum
2540 3642 2835 3699 agnoscere
2893 3641 2993 3681 nos
3044 3630 3277 3693 oportet.
3331 3618 3487 3673 Hune
3533 3618 3589 3671 in

339 3740 562 3793 modum
618 3735 880 3806 proﬁteri,
916 3742 969 3788 et
1004 3736 1076 3787 ita
1133 3750 1197 3787 ex
1252 3731 1327 3785 rei
1388 3729 1619 3785 veritate
1676 3727 1921 3798 judicare
1954 3740 2179 3781 necesse
2209 3734 2329 3787 est;
2366 3738 2464 3792 pro
2494 3736 2559 3775 eo
2600 3735 2664 3774 ac
2690 3727 3116 3774 consentaneum
3151 3723 3255 3777 est,
3283 3712 3376 3766 uni
3411 3708 3591 3765 Trini—

340 3833 435 3887 tati
469 3801 803 3886 adorationis
856 3827 1099 3897 praebere
1147 3830 1378 3889 cultum,
1448 3830 1502 3875 et
1541 3820 1688 3875 illius
1749 3818 2087 3887 maiestatem
2142 3829 2460 3886 agnoscere.
2511 3812 2698 3880 Itaque
2747 3818 2846 3864 nec
2894 3806 3192 3877 ingenitum
3247 3817 3387 3874 opus
3430 3801 3591 3855 habet

339 3926 545 3999 genito,
599 3929 658 3977 ut
712 3921 914 3992 aliquid
958 3930 1164 3974 natura:
1214 3931 1327 3974 suae
1364 3915 1646 3979 conferat;
1687 3909 2083 3981 ejusque,dum
2115 3909 2287 3979 ipsam
2319 3905 2584 3971 declarat,
2608 3898 3014 3974 quodammodo
3046 3910 3212 3952 causa
3246 3900 3588 3963 censeatur;

340 4038 516 4093 neque
546 4021 711 4092 geniti
734 4020 1043 4076 substantia
1072 4018 1327 4087 ingenita:
1353 4021 1565 4068 natura
1588 4018 1693 4074 est,
1722 4017 1816 4064 aut
1837 4008 2038 4064 dicitur
2067 4004 2303 4058 aﬂ'ectio.

413 4114 488 4169 B'.
512 4114 736 4176 Οὐδενὸς
766 4113 873 4185 γὰρ
914 4116 946 4183 ἡ
990 4109 1159 4182 Τριὰς
1194 4109 1363 4161 δεῖται
1391 4145 1404 4171 ,
1438 4104 1561 4158 οὔτε
1601 4102 1918 4174 προσθήκην

340 4208 484 4271 τινὸς
518 4206 805 4277 λαμϐάνει.
857 4204 993 4259 Οὔτε
1042 4203 1149 4272 γὰρ
1180 4199 1366 4270 ἐπειδὴ
1395 4196 1534 4267 αὑτὴ
1581 4197 1615 4265 ἡ
1646 4194 1814 4265 Τριὰς
1850 4189 1918 4263 ἦν

342 4304 430 4356 ἀεὶ
457 4341 471 4365 ,
506 4302 600 4355 καὶ
644 4300 796 4353 οὐδὲν
840 4294 908 4369 ἦν
956 4298 1063 4350 τῶν
1115 4290 1488 4363 κεκτισμένων
1515 4328 1529 4350 ,
1566 4286 1716 4358 παρὰ
1761 4284 1918 4338 τοῦτο

342 4393 778 4465 ἀποκληρώσεως
828 4390 1011 4444 ἕνεκεν
1036 4431 1050 4455 ,
1090 4386 1122 4459 ἢ
1164 4382 1575 4458 προσληπτικῆς
1612 4396 1756 4442 τινος
1804 4377 1920 4430 ὀνο·
1952 4403 1996 4461 D

347 4486 547 4557 μασίας
567 4527 580 4549 ,
615 4485 647 4554 ἥ
678 4482 995 4555 προσθήκης
1034 4479 1109 4550 τῷ
1142 4477 1413 4548 ἀξιώματι
1475 4471 1653 4543 ἑαυτῷ
1686 4471 1913 4539 ἐπενόη-

346 4595 435 4630 σεν
463 4578 490 4629 ὁ
522 4576 708 4648 Πατὴρ
736 4615 750 4640 ,
782 4575 845 4628 δι’
879 4565 940 4626 οὗ
988 4574 1008 4602 ²
1047 4572 1145 4642 μὲν
1185 4571 1375 4634 κτίσας
1412 4566 1640 4640 οὐρανὸν
1667 4564 1760 4619 καὶ
1792 4563 1917 4633 γῆν,

344 4670 441 4723 καὶ
468 4669 643 4723 πάντα
673 4666 847 4739 ὁρατά
877 4682 937 4718 τε
989 4664 1083 4718 καὶ
1121 4663 1358 4734 ἀόρατα,
1393 4661 1489 4713 καὶ
1533 4658 1612 4730 τῷ
1642 4655 1921 4726 Πνεῦματι

346 4758 509 4814 αὐτοῦ
546 4758 845 4829 ὲστερέωσε
878 4758 1056 4809 πᾶσαν
1089 4754 1185 4825 τὴν
1217 4754 1443 4824 δύναμιν
1477 4751 1657 4804 αὐτῶν
1686 4748 1794 4803 τῶν
1828 4746 1919 4801 ὑπ’

347 4853 509 4908 αὐτοῦ
542 4850 934 4921 κεκτισμένων,
966 4848 1053 4902 ἵνα
1085 4850 1147 4900 ἐκ
1192 4846 1286 4899 τοῦ
1315 4844 1599 4899 κεκτίσθαι
1645 4841 1713 4895 τὰ
1742 4856 1922 4894 κεκτι-

349 4940 520 5013 σμένα
549 4984 563 5005 ,
615 4940 711 4994 καὶ
765 4937 1232 5010 δημιουργηθῆναι
1287 4934 1355 4988 τὰ
1402 4933 1664 5004 γεγονότα
1698 4932 1924 4984 ἐπισυν-

347 5030 572 5102 εισφορὰ
621 5029 846 5100 γένηται
898 5027 975 5099 τῷ
1018 5027 1210 5100 κτίστῃ
1238 5024 1518 5088 ἀκούοντι,
1549 5023 1644 5076 καὶ
1673 5022 1925 5102 δημιουρέ

346 5123 428 5193 γῴ
458 5122 631 5194 Harp“.
662 5119 1080 5192 προσληπτικῶς
1129 5118 1149 5149 ³
1190 5117 1406 5187 νοηθείη
1440 5113 1517 5185 τῷ
1562 5114 1710 5183 mp,
1765 5112 1830 5164 δι’
1861 5101 1922 5162 οὗ

348 5215 441 5269 καὶ
475 5216 567 5284 ἀφ’
621 5208 680 5268 οὗ
740 5212 805 5265 τὰ
829 5210 1159 5281 κεκτισμένα
1199 5208 1530 5279 γεγένηται,
1585 5205 1618 5274 ἥ
1673 5202 1750 5274 τῷ
1785 5201 1923 5273 ἁγίῳ

347 5308 659 5378 Πνεύματι,
692 5306 750 5359 ἐν
795 5299 840 5372 ᾧ
893 5303 961 5356 τὰ
1008 5301 1382 5372 ὲστερεωμένα
1432 5297 1778 5369 ὲστερέωται.
1814 5293 1925 5350 Καὶ

348 5398 457 5470 γὰρ
491 5399 551 5451 οὑ
574 5394 802 5465 τραπεὶς
828 5393 936 5446 ἀπὸ
972 5392 1135 5459 ἕξεως
1162 5393 1239 5455 εἰς
1279 5390 1390 5457 ἕξιν
1419 5388 1570 5452 Θεὸς,
1602 5388 1695 5440 καὶ
1722 5386 1788 5456 τῇ
1826 5384 1925 5453 φύ·

352 5509 433 5546 σει
473 5490 568 5543 καὶ
596 5490 665 5559 τῇ
701 5485 859 5554 οὐσίᾳ
891 5483 1237 5548 ἀλλοιωθεὶς,
1290 5480 1365 5545 ὡς
1417 5480 1536 5534 κατ’
1579 5477 1784 5533 ἔννοιαν
1832 5476 1926 5528 καὶ

2095 4094 2159 4150 ll.
2200 4094 2411 4163 Quippe
2464 4090 2705 4145 Trinitas
2749 4088 2826 4140 rei
2879 4085 3084 4139 nullius
3114 4080 3338 4150 indiget,
3377 4093 3477 4133 nee
3506 4078 3592 4132 ul-

2022 4188 2127 4241 lius
2171 4186 2550 4241 accessionem
2602 4180 2860 4249 postulat.
2905 4177 3041 4229 Cum
3077 4174 3220 4228 enim
3253 4170 3495 4225 Trinitas
3524 4168 3593 4222 ab

2021 4288 2223 4335 aeterno
2272 4276 2457 4343 fuerit,
2497 4288 2619 4328 cum
2657 4271 2787 4323 nihil
2822 4267 3002 4322 adhuc
3044 4274 3357 4325 creatarum
3411 4275 3594 4315 rerum

2022 4374 2342 4435 exsisteret,
2390 4384 2499 4423 non
2546 4364 2751 4420 idcirco
2802 4370 3014 4423 tamen,
3066 4372 3173 4427 quo
3222 4356 3368 4411 velut
3402 4353 3595 4409 sortito

2025 4462 2126 4518 sibi
2161 4458 2365 4529 aliquid
2393 4456 2632 4519 cederet,
2682 4464 2775 4514 aut
2824 4466 2977 4505 novae
3011 4448 3243 4516 alicujus
3274 4443 3593 4515 appellatio-

2025 4556 2133 4618 nis,
2181 4553 2265 4607 vel
2311 4552 2379 4605 ad
2426 4549 2743 4619 dignitatem
2798 4557 2952 4599 suam
3012 4539 3345 4595 accessionis
3374 4551 3596 4605 compos

2030 4649 2201 4712 ﬁeret,
2250 4659 2439 4700 rerum
2484 4641 2729 4697 omnium
2778 4635 3207 4708 procreationem
3252 4634 3307 4686 in
3354 4632 3594 4684 animum

2030 4740 2240 4796 induxit
2298 4733 2669 4790 Paterzadeo
2716 4740 2776 4785 ut
2832 4729 3074 4791 caelum,
3128 4733 3477 4793 terramque,
3544 4728 3599 4775 et

2031 4827 2385 4902 aspectabilia
2420 4826 2623 4886 omnia,
2655 4836 2828 4891 eaque
2864 4834 2987 4890 qua
3011 4817 3187 4872 visum
3229 4814 3463 4885 fugiunt,
3503 4826 3600 4882 per

2029 4924 2227 4979 Filium
2277 4924 2507 4982 crearet,
2559 4915 2850 4983 omniaque
2880 4926 3000 4981 qua:
3034 4907 3356 4964 condiderat
3384 4902 3595 4973 Spiritu

2031 5027 2135 5069 suo
2182 5010 2585 5071 corroboraret,
2637 5019 2747 5074 quo
2794 5018 2859 5057 ex
2904 5000 2995 5056 illa
3035 4997 3378 5054 conditarum
3414 5006 3615 5047 rerum.

2031 5104 2327 5165 creatione,
2374 5111 2709 5170 operumque
2755 5092 3113 5150 fabricatione
3163 5085 3365 5155 aliquid
3402 5085 3454 5137 in
3500 5081 3601 5135 Pa-

2029 5198 2131 5250 tris
2179 5194 2467 5248 utilitatem
2512 5184 2864 5247 redundaret,
2913 5183 3006 5252 qui
3052 5185 3269 5234 creator
3310 5183 3366 5230 et
3405 5173 3598 5226 artifex

2032 5287 2445 5346 nominaretur;
2501 5281 2582 5336 vel
2633 5277 2938 5333 accessisse
2992 5270 3388 5338 intelligeretur
3416 5265 3481 5318 ad
3508 5261 3601 5316 Fi-

2035 5381 2201 5444 lium;
2253 5393 2346 5448 per
2372 5389 2557 5446 quem,
2610 5380 2663 5427 et
2712 5385 2741 5422 a
2786 5381 2897 5437 quo
2940 5370 3138 5419 creatae
3189 5374 3278 5414 res
3325 5358 3604 5428 producte

2033 5480 2188 5538 sunt;
2220 5469 2305 5525 vel
2335 5467 2569 5537 denique
2599 5463 2667 5518 ad
2698 5459 2961 5530 Spiritum
2994 5460 3267 5517 sanetum,
3293 5451 3387 5522 qui
3412 5448 3621 5506 eadem-

428 5662 443 5692 ι
487 5660 639 5714 Deest
675 5658 894 5726 Πνεῦμα
919 5657 1115 5725 λέγειν.
1174 5657 1192 5686 ¹
1216 5654 1274 5708 F.
1306 5651 1446 5726 υἱοζ).
1497 5652 1526 5726 ,³
1562 5648 1913 5726 Decstfortei

2023 5645 2042 5677 ‘
2069 5645 2212 5703 Psal.
2247 5659 2407 5708 κων,
2441 5642 2524 5696 10.
2602 5639 2623 5670 ⁸
2658 5636 2787 5691 ibid.
2868 5634 2885 5661 ⁸
2913 5631 3070 5687 Joau.
3102 5645 3144 5693 I,
3176 5628 3260 5683 i8.
3335 5627 3355 5656 ⁷
3392 5623 3522 5684 ibid.
3552 5623 3617 5687 i._

360 5729 383 5763 ε
417 5732 551 5804 Agg.
583 5747 640 5795 II,
679 5732 730 5783 6.
809 5720 832 5758 ⁶
853 5720 1009 5782 Ιυίωξ
1040 5743 1092 5793 v,
1118 5725 1208 5781 23.
1288 5725 1330 5756 ¹⁰
1362 5722 1553 5779 Matth.
1595 5736 1692 5786 χιι,
1720 5720 1809 5779 52.
