3994 6224
391 267 491 320 599

1797 270 1854 326 S.
1902 271 2243 326 EPll‘llANll

3537 279 3647 332 600

393 381 482 434 illa
537 381 895 436 confirmavit.
955 381 1071 438 Non
1120 384 1264 439 enim
1312 386 1382 442 ab
1429 385 1714 445 affectione
1771 390 1954 462 aliqua

2070 391 2354 461 μετάϐολον
2391 392 2412 422 ³
2441 390 2734 464 εἰργάσατο
2762 393 2830 446 τὰ
2869 393 3225 464 εἰργασμένα.
3273 389 3400 465 Εἶχε
3436 394 3548 467 γὰρ
3583 397 3646 448 ἐν

391 487 688 529 conversus
720 475 772 527 in
809 475 1030 528 alteram
1077 475 1240 544 Deus,
1290 488 1345 533 et
1376 487 1592 547 natura,
1625 483 1961 538 substantia-

391 581 499 635 quc
541 574 781 620 mutatus
827 567 975 622 velut
1025 569 1465 639 cogitabundus,
1527 581 1621 628 aut
1668 574 1734 628 ad
1796 576 1958 629 aliam

393 658 716 712 sententiam
769 657 1076 724 traductus,
1135 677 1256 731 quae
1301 664 1526 720 molitus
1589 673 1674 720 est
1731 666 1958 722 effecit:

391 751 592 818 quippe
637 750 730 818 qui
781 750 838 805 in
883 767 1006 808 sese
1056 751 1361 808 fabricandi
1397 755 1504 809 vim
1535 757 1786 812 habuerit
1821 775 1964 814 sem-

393 852 508 906 per,
537 853 761 909 eamque
791 842 1109 912 perfectam,
1149 860 1250 899 nec
1278 845 1404 901 ullis
1440 845 1622 916 gloria:
1656 847 1961 902 incremen-

395 929 467 984 tis
521 931 846 1001 augendam.
906 934 1172 999 Quocirca
1227 937 1711 1006 quemadmodum,
1743 953 1866 992 cum
1897 939 1964 994 de

396 1027 595 1080 creatis
626 1028 786 1081 rebus
818 1029 1049 1098 agimus,
1085 1031 1194 1084 tale
1230 1031 1486 1101 quiddam
1530 1032 1598 1086 de
1640 1032 1750 1087 Deo
1781 1035 1963 1104 suspi-

395 1118 509 1170 cari
541 1116 717 1181 nefas,
766 1120 925 1186 quasi
965 1120 1162 1176 divina:
1213 1124 1466 1178 essentiae
1508 1124 1801 1193 gloriaeque
1851 1140 1964 1178 ma-

390 1208 564 1274 jestas
594 1209 714 1277 ejus
743 1210 1046 1266 affectionis
1078 1212 1470 1281 dignitatisque
1500 1214 1589 1276 sit,
1609 1229 1729 1282 quze
1761 1213 1964 1283 aliquid

395 1297 740 1353 extrinsecus
786 1299 1066 1354 vindicare
1110 1302 1213 1357 sibi
1265 1303 1473 1373 possit:
1512 1304 1586 1356 ita
1629 1312 1683 1358 et
1717 1303 1966 1359 refellen-

395 1387 500 1442 dus
526 1389 630 1442 erit
657 1391 867 1456 Aetius,
899 1393 990 1461 qui
1019 1393 1528 1450 ratiocinationibus
1578 1398 1694 1450 suis
1727 1395 1963 1450 divinam

395 1482 651 1531 naturam
696 1481 1158 1549 comprehendere
1203 1481 1463 1551 cupiens,
1517 1484 1781 1554 ingeniti,
1824 1486 1968 1555 geni-

394 1565 544 1635 tiquc
575 1569 999 1638 proprietatibus
1029 1571 1276 1626 abutitur
1303 1587 1364 1625 ea
1390 1571 1779 1642 disputatione,
1803 1590 1965 1644 quam

395 1656 464 1711 de
511 1658 834 1724 allectionc,
881 1669 936 1716 et
979 1661 1287 1717 substantia
1326 1662 1484 1717 nobis
1534 1664 1965 1720 obtruditzcum

2062 483 2237 552 ἐαυτῷ
2286 483 2346 534 τὸ
2384 484 2469 536 ἀεὶ
2500 483 2888 554 δημιουργικὸν
2923 487 3016 537 καὶ¹
3047 485 3249 539 τέλειον
3272 525 3289 549 ,
3335 487 3428 538 καί
3476 485 3640 556 μηδε-

2065 576 2192 644 μιᾶς
2219 574 2564 643 ἐπιδεόμενον
2593 573 2948 646 προσλήψεως
2974 576 3152 646 δόξης.
3196 577 3305 629 Καὶ
3335 575 3526 645 ὥσπερ
3549 576 3647 628 ἐπὶ

2060 663 2168 716 τῶν
2219 663 2534 733 κτισμάτων
2577 664 2637 716 οὐ
2666 664 2746 716 δεῖ
2771 663 3147 734 διανοούμενόν
3181 682 3299 718 τινα
3344 666 3471 735 περὶ
3505 662 3646 717 Θεοῦ

2061 749 2473 822 προσληπτικῆς
2526 749 2725 820 ἕξεως,
2782 752 2878 806 καὶ
2915 753 3074 820 ἀξίας
3121 749 3260 807 εἶναι
3311 755 3374 806 τὸ
3423 754 3646 822 ἀξίωμα

2060 841 2158 910 τῆς
2183 841 2368 906 οὐσίας
2391 881 2407 905 ,
2436 843 2530 896 καὶ
2559 842 2716 913 δόξης
2746 843 2880 897 Θεοῦ
2901 859 2914 874 ·
2941 842 3114 907 οὕτως
3140 843 3648 916 ἁνακρουσθήσεται

2075 933 2276 996 Ἀέτιος
2306 972 2321 998 ,
2361 933 2678 1005 βουλόμενος
2728 933 2860 987 Θεὸν
2921 933 3326 1002 συλλογίζεσθαι
3373 933 3518 987 κατὰ
3578 933 3645 985 τὺ

2063 1026 2377 1095 ἀγέννητον,
2406 1026 2498 1078 καὶ
2525 1025 2801 1096 γεννητὸν,
2847 1025 2987 1078 κατὰ
3014 1025 3104 1078 τὸν
3135 1025 3299 1090 ἕξεως
3328 1025 3425 1079 καὶ
3451 1023 3645 1086 οὐσίας

2065 1118 2229 1171 αὐτοῦ
2287 1118 2676 1190 ἐπιφερόμενον
2731 1119 2863 1188 ἡμῖν
2903 1117 3081 1186 λόγον.
3163 1114 3646 1188 ὐμολογουμένων

2066 1210 2282 1263 πάντων
2331 1211 2439 1262 τῶν
2475 1208 2845 1278 κεκτισμένων
2893 1203 3032 1261 εἶναι
3079 1207 3293 1277 άληθῶς
3319 1223 3332 1236 ’
3397 1206 3492 1258 καὶ
3538 1204 3642 1274 οὐχ

2065 1302 2249 1356 ἕνεκεν
2287 1301 2641 1374 προσλήψεως
2674 1301 2831 1371 δόξης
2878 1299 2995 1370 Θεῷ
3028 1299 3106 1370 τῷ
3138 1298 3372 1352 ἅνενδεεῖ
3418 1299 3641 1367 ἐπινοη-

2068 1394 2264 1448 θέντων
2289 1411 2302 1424 ο
2339 1393 2525 1465 ὥσπερ
2569 1394 2661 1448 καὶ
2686 1393 2777 1446 ἐπὶ
2809 1391 2901 1445 τοῦ
2927 1390 3261 1460 Μονογενοῦς
3289 1389 3387 1443 καὶ
3416 1389 3510 1440 ἐπὶ
3545 1385 3644 1440 τοῦ

2068 1485 2221 1554 ἁγίου
2271 1485 2434 1539 αὐτοῦ
2467 1486 2783 1556 Πνεύματος
2819 1487 2879 1540 οὐ
2913 1485 2974 1539 τὸ
3005 1485 3116 1538 ἴσον
3151 1483 3265 1536 ἔστι
3311 1481 3490 1550 λέγειν
3532 1479 3645 1533 τῶν

2068 1577 2301 1631 κτιστῶν
2325 1593 2338 1608 ·
2366 1577 2680 1632 άνένδεκτον
2717 1578 2825 1649 γὰρ
2853 1576 3010 1630 τοῦτο
3039 1575 3238 1645 λέγειν.
3281 1573 3423 1625 Ἀλλ’
3452 1569 3643 1641 ἐπειδὴ

2071 1668 2458 1738 συλλογισμοὺς
2494 1669 2619 1739 ἥκει
2675 1668 2855 1740 φέρων
2902 1669 3031 1738 ἡμῖν
3101 1665 3300 1728 Ἀέτιος
3351 1677 3646 1734 μεταρσιο-

396 1750 528 1804 illud
571 1751 626 1805 in
671 1753 928 1807 confesso
967 1752 1060 1819 sit,
1092 1762 1306 1810 creatas
1344 1771 1431 1810 res
1470 1770 1662 1812 omnes
1715 1772 1838 1812 eSSe
1885 1773 1964 1812 re-

2070 1760 2271 1814 λεκτῶν
2295 1801 2310 1826 ,
2328 1735 2433 1814 καὶ
2461 1735 2596 1832 πρὸς
2632 1735 2701 1814 τά
2743 1735 2854 1814 άνω
2885 1735 3172 1830 τολμηρῶς
3201 1755 3646 1824 ἀποτεινόμενος,

395 1857 554 1908 vera;
598 1859 776 1913 neque
820 1854 1000 1899 tamen
1032 1845 1101 1899 ob
1131 1846 1299 1900 ullum
1349 1848 1694 1903 commodum
1744 1856 1838 1904 aut
1885 1850 1964 1903 in-

395 1940 731 1987 crementum
756 1933 919 2005 96.7
949 1935 1134 2006 gloria:
1163 1951 1193 1989 a
1234 1934 1366 2004 Deo,
1417 1938 1509 2007 qui
1554 1939 1702 1993 nulla
1739 1955 1799 1995 re
1827 1955 1965 2009 opus

397 2022 580 2085 habet,
612 2027 946 2096 excogitatas
971 2027 1178 2095 fuisse;
1206 2044 1315 2083 non
1343 2045 1501 2085 secus
1534 2022 1696 2100 atque
1723 2031 1774 2084 in
1803 2034 1965 2087 unico

399 2111 494 2165 Dei
527 2113 686 2179 Filio,
727 2116 956 2187 ejusque
1007 2128 1198 2173 sancto
1249 2117 1454 2188 Spiritu
1507 2121 1660 2177 nefas
1707 2131 1791 2177 est
1836 2139 1962 2178 cum

397 2215 705 2260 creatarum
764 2223 946 2262 rerum
997 2211 1308 2265 conditione
1338 2213 1460 2267 illos
1491 2213 1796 2284 adaequare.
1847 2215 1963 2270 Dici

395 2293 540 2346 enim
583 2295 728 2349 istud
771 2298 922 2352 nullo
955 2300 1114 2354 modo
1149 2309 1347 2370 potest.
1381 2301 1449 2355 At
1477 2318 1604 2358 vero
1635 2305 1962 2370 rationibus,

395 2383 835 2457 syliogismisque
866 2390 981 2442 suis
1016 2404 1116 2444 nos
1158 2390 1473 2460 aggreditur
1505 2392 1717 2456 Aetius,
1754 2393 1821 2448 de
1850 2409 1963 2448 (ἐω-

394 2473 620 2530 lestibus
660 2478 824 2534 rebus
861 2480 1130 2549 garriens,
1177 2493 1232 2536 et
1278 2483 1537 2537 audacter
1565 2483 1632 2537 ad
1681 2486 1961 2554 superiora

394 2567 755 2629 contendens,
790 2577 952 2638 atque
989 2571 1056 2624 ab
1089 2570 1442 2626 inferioribus
1475 2575 1743 2628 creaturis
1778 2575 1959 2644 petitis

395 2659 730 2724 argumentis
773 2676 875 2714 nos
913 2676 1257 2731 oppugnans,
1306 2677 1431 2716 cum
1475 2672 1653 2717 tamen
1691 2665 1806 2719 suis
1855 2666 1962 2721 illis

395 2745 782 2816 disputationis
817 2753 1043 2822 argutiis
1070 2752 1203 2806 nihil
1227 2754 1450 2808 omnino
1477 2765 1809 2825 promoveat.
1862 2755 1965 2812 Ho-

395 2841 602 2894 minum
647 2844 846 2912 quippe
889 2845 1152 2915 sapientia
1216 2849 1454 2917 praeterit
1506 2868 1520 2905 :

2069 1852 2178 1905 ἀπὸ
2231 1852 2290 1905 δὲ
2340 1852 2447 1905 τῶν
2486 1853 2633 1906 κάτω
2691 1849 3257 1920 ἀντισυλλογιζόμενος
3306 1845 3645 1915 κτισμάτων,

2069 1943 2162 1996 καὶ
2193 1942 2354 2006 αὐτὸς
2385 1942 2550 2013 μηδὲν
2586 1942 2969 2014 εὑρισκόμενος
3009 1940 3150 2002 κατὰ
3180 1937 3272 1991 τὸν
3302 1935 3645 2019 συλλογιστι-

2068 2033 2162 2086 κὸν
2187 2032 2348 2087 αὐτοῦ
2377 2033 2554 2100 λόγον.
2586 2033 2655 2086 Ἥ
2683 2051 2743 2086 τε
2768 2032 2876 2102 γὰρ
2907 2033 3068 2102 σοφία
3092 2027 3396 2100 ἀνθρώπων
3430 2025 3644 2096 παρέρ-

2066 2139 2250 2190 χεται,
2280 2123 2315 2194 ἦ
2354 2141 2411 2176 τε
2447 2122 2822 2193 συλλογιστικὴ
2852 2121 2995 2187 λέξις
3031 2119 3331 2193 ἀνθρώπων
3356 2117 3641 2172 θάπτεται.

2079 2216 2490 2281 Ἑξελεύσεται
2533 2217 2642 2288 γὰρ
2681 2215 2749 2269 τὸ
2789 2215 3032 2284 Πνεῦμα
3079 2212 3265 2268 αὑτοῦ
3291 2251 3307 2276 ,
3369 2210 3470 2264 καὶ
3526 2211 3646 2262 ἐπι-

2068 2307 2314 2376 στρέψει
2342 2310 2430 2374 είς
2455 2308 2565 2362 τόν
2589 2306 2742 2376 χοῦν
2767 2305 2973 2361 αὐτοῦ.
3008 2306 3089 2360 Τὰ
3117 2305 3226 2375 γὰρ
3260 2299 3647 2370 συλλογιστικὰ

2071 2398 2246 2453 πάντα
2277 2397 2384 2450 τῶν
2423 2399 2722 2469 ἀνθρώπων
2747 2397 3080 2469 παρέρχεται
3106 2435 3122 2460 ,
3159 2395 3254 2449 καὶ
3289 2395 3339 2447 οἱ
3367 2392 3646 2462 ἄνθρωποι

2073 2490 2210 2559 μετὰ
2252 2491 2468 2561 καὶτῆς
2517 2488 3170 2561 συλλογιστικῆς.Ἀετίου
3195 2527 3210 2550 ,
3241 2485 3335 2540 καὶ
3367 2485 3512 2538 κατὰ
3551 2483 3646 2534 πί-

2071 2599 2236 2646 στεως
2264 2583 2518 2653 τεχνικῆς
2544 2582 2960 2649 ἐπιτηδεύσεως.
2986 2582 3154 2634 Μένει
3193 2579 3248 2632 δέ
3281 2580 3316 2649 ἡ
3355 2579 3445 2631 ὐπ’
3480 2574 3645 2629 αὐτοῦ

2070 2671 2443 2743 συλλογιστικοὶ]
2469 2673 2489 2703 ⁸⁵
2532 2672 2714 2735 πίστις
2741 2712 2754 2734 ,
2785 2671 2880 2725 καὶ
2904 2669 3081 2733 ἐλπὶς,
3123 2668 3218 2722 καὶ
3249 2665 3438 2736 ἀγάπη
3458 2704 3473 2729 ,
3505 2661 3647 2717 κατὰ

2071 2762 2131 2814 τὸ
2157 2763 2564 2834 γεγραμμένον.

1581 2850 1817 2905 humana
1875 2853 2238 2912 ratiocinandi
2291 2860 2374 2914 vis
2432 2874 2496 2914 ac
2548 2858 2824 2914 subtilitas
2867 2858 3186 2927 consepulta
3235 2855 3386 2927 jacet
3451 2871 3464 2905 :
3510 2841 3644 2903 Eat-i-

395 2930 491 2994 bit,
538 2931 734 2999 inquit,
770 2934 986 3001 spiritus
1033 2934 1167 3004 ejus,
1208 2946 1256 2991 et
1315 2947 1598 2993 revertetur
1643 2941 1698 2994 in
1731 2935 1993 3018 pulverem
2052 2963 2204 3001 suum
2232 2950 2272 3003 ί.
2331 2948 2810 3020 Syllogismormn,
2873 2948 3120 3018 inquam,
3166 2946 3418 3002 acumina
3457 2939 3643 2996 omnia

393 3019 673 3076 hominum
735 3025 966 3095 ingeniis
1020 3030 1324 3099 excogitata
1355 3037 1703 3100 praetereunt,
1739 3020 2096 3106 hominesque
2138 3019 2383 3108 pariter,
2422 3019 2544 3094 cum
2580 3039 2670 3092 illa
2705 3038 2842 3094 Aetii
2878 3037 3314 3101 ratiocinatione,
3389 3041 3446 3089 et
3509 3030 3642 3085 affe-

394 3121 544 3167 ctato
596 3125 784 3170 contra
849 3118 1006 3173 tidem
1055 3121 1367 3176 calliditatis
1410 3121 1663 3177 artificio.
1734 3122 1914 3179 Manet
1979 3134 2158 3181 autem
2222 3142 2308 3193 ea,
2349 3143 2510 3198 quam
2583 3127 2914 3200 syllogismis
2957 3127 3075 3183 suis
3117 3124 3512 3182 circumvenire
3548 3133 3641 3176 co-

395 3217 575 3271 natur,
601 3207 756 3273 fides,
795 3224 920 3279 spes
955 3217 1008 3264 et
1035 3211 1296 3277 charitas,
1334 3212 1408 3267 uti
1442 3213 1704 3282 scriptum
1729 3215 1871 3269 est’.

853 3323 1040 3378 AETlI
1077 3325 1304 3382 CAPUT
1342 3326 1550 3406 χχιι..

469 3413 525 3465 Si
576 3413 883 3468 substantia
929 3415 1108 3470 omnis
1138 3416 1378 3486 ingenita
1417 3419 1509 3480 sit,
1542 3415 1850 3486 cujusmodi
1882 3424 1966 3471 est

395 3505 786 3574 mnnipotemis
831 3505 950 3567 Dei,
1001 3507 1132 3578 quid
1175 3509 1367 3563 attinet
1407 3508 1549 3563 hanc
1587 3509 1805 3578 quidem
1840 3523 1966 3579 pas-

398 3596 648 3650 sionihus
692 3596 1006 3662 obnoxiam,
1051 3599 1200 3652 illam
1256 3614 1386 3653 vero
1423 3608 1698 3670 eXpertem
1749 3613 1968 3655 asseve-

398 3689 563 3743 rare?
610 3687 764 3754 Quod
815 3689 859 3744 si
900 3689 1254 3744 attributionc
1299 3689 1532 3759 quadam
1583 3692 1835 3763 ingenita
1867 3705 1968 3744 na-

397 3790 573 3847 turae,
638 3782 808 3836 altera
859 3782 1192 3852 quantitate,
1245 3765 1546 3852 qualitate,
1610 3791 1774 3852 atque
1817 3784 1967 3838 omni

396 3891 624 3945 prorsus
654 3883 837 3930 manet
881 3875 1184 3930 mutatione
1219 3875 1497 3945 superior;
1527 3875 1698 3930 altera
1725 3874 1967 3929 affectio—

396 3968 558 4020 nibus
590 3966 851 4032 obnoxia,
913 3981 1034 4036 quae
1092 3974 1273 4020 tamen
1330 3966 1467 4036 ipsa,
1526 3973 1586 4020 ut
1643 3964 1969 4021 immutabili

395 4053 718 4108 substantiae
749 4055 1063 4109 conditione
1099 4054 1192 4120 sit,
1239 4054 1510 4110 beneficio
1551 4054 1787 4125 quodam
1835 4056 1969 4110 alte-

396 4145 512 4200 rius
568 4145 639 4199 sit
693 4145 906 4215 adepta.
964 4143 1019 4199 Si
1052 4145 1188 4207 haec,
1234 4145 1479 4214 inquam,
1518 4148 1590 4199 ita
1622 4161 1680 4201 sc
1710 4145 1966 4211 habeant,

397 4244 491 4289 aut
554 4251 728 4302 casu,
786 4252 849 4291 ac
903 4235 1128 4292 fortuito
1187 4236 1240 4290 id
1309 4236 1609 4307 contigisse
1675 4235 1966 4291 dicendum

2428 3324 2823 3381 ΚΕΦΑΛΑΙΟΝ
2861 3324 3116 3379 ΑΕΤΙΟΥ
3157 3324 3286 3378 KB'.

2060 3404 2068 3409 ’
2143 3419 2201 3471 Εἰ
2233 3419 2383 3471 πᾶσα
2412 3417 2569 3471 οὐσία
2599 3419 2745 3470 ἐστὶν
2784 3416 3076 3488 ἀγέννητος
3098 3456 3119 3482 ,
3149 3412 3236 3470 οἷα
3279 3416 3315 3485 ἡ
3346 3413 3482 3469 Θεοῦ
3509 3430 3647 3467 παν-

2067 3509 2393 3580 τοκράτορος
2418 3550 2433 3572 ,
2476 3508 2592 3572 πῶς
2616 3507 2682 3562 ἂν
2715 3508 2810 3580 τὴν
2845 3510 2941 3579 μὲν
2972 3506 3221 3578 παθητὴν
3255 3507 3372 3576 ἐρεῖ
3394 3523 3514 3569 τις,
3544 3505 3645 3576 τὴν

2067 3601 2124 3653 δὲ
2153 3602 2337 3671 ἀπαθῆ
2362 3619 2376 3668 ;
2406 3602 2470 3654 Εἰ
2500 3601 2558 3654 δὲ
2593 3599 2805 3670 φύσεως
2838 3598 3221 3671 ἀποκληρώσει
3246 3598 3541 3666 ἁγεννήτου
3563 3636 3578 3660 ,
3609 3597 3647 3666 ἠ

2071 3695 2169 3766 μὲν
2194 3694 2436 3764 διαμένει
2469 3693 2766 3764 ποσότητος
2811 3693 2907 3746 καὶ
2944 3692 3257 3763 ποιότητος,
3298 3688 3428 3754 καὶ,
3460 3686 3645 3750 ἁπλῶς

2071 3787 2244 3838 εἰπεῖν
2275 3825 2289 3850 ,
2329 3785 2509 3855 πάσης
2562 3783 2864 3854 μεταϐολῆς
2911 3783 3150 3853 ἀμείνων
3175 3821 3190 3845 ,
3249 3782 3285 3851 ἠ
3342 3779 3399 3834 δὲ
3455 3776 3643 3831 παθῶν

2072 3876 2365 3939 ὑπεύθυνός
2398 3877 2532 3939 ἐστι,
2590 3874 3004 3945 συγχωρηθεῖσα
3037 3872 3125 3926 διὰ
3165 3872 3226 3925 τὸ
3258 3873 3278 3903 ⁸
3331 3867 3644 3940 ἀπαράλλα-

2067 3983 2194 4020 κτον
2244 3968 2322 4029 είς
2366 3965 2550 4018 οὐσίαν
2588 3963 2753 4035 ἔχειν,
2805 3963 2882 4035 τῷ
2915 3963 3207 4033 αὐτομάτῳ
3239 3960 3532 4032 ἐπιτρέψαι
3552 3957 3645 4011 τὸν

2069 4057 2328 4128 φιλοῦντα
2363 4057 2505 4110 κατὰ
2533 4055 2602 4109 τὰ
2637 4056 3040 4127 προειρημένα·
3070 4053 3186 4124 ἢτό
3218 4053 3270 4120 γ’
3303 4047 3398 4106 οὖν
3426 4048 3647 4104 ἀκόλου-

2071 4151 2186 4210 θον,
2210 4148 2308 4220 τὴν
2349 4149 2446 4220 μὲν
2487 4147 2746 4202 ποιοῦσαν
2799 4147 3089 4218 ἀγέννητον
3136 4146 3345 4211 εἰπεῖν,
3379 4141 3646 4213 γεννητὴν

2070 4237 2127 4289 δὲ
2160 4236 2257 4307 τὴν
2287 4235 2781 4308 μεταϐαλλομένην.
3359 4249 3368 4256 ·

397 4340 512 4399 est;
549 4341 642 4387 aut
682 4333 813 4388 illud
864 4349 1205 4404 consequens
1267 4340 1370 4395 est,
1416 4341 1474 4387 ut
1509 4342 1562 4389 et
1595 4347 1661 4386 ea
1699 4347 1818 4403 quae
1859 4333 1990 4402 agit,
2031 4333 2294 4404 ingenita,
2363 4340 2417 4387 et
2453 4348 2574 4404 quae
2601 4332 2960 4387 mutationem
3012 4332 3240 4402 patitur,
3282 4330 3466 4400 genita
3514 4341 3646 4383 cen-

395 4435 599 4481 δρδιιιτ.

921 4521 1224 4592 Confutatio
1243 4521 1434 4577 XXII.

466 4615 506 4666 l.
562 4613 749 4682 Neque
801 4616 1165 4670 substantiam
1217 4632 1434 4670 omnem
1495 4616 1790 4686 ingenitam
1843 4629 1965 4670 esse

2617 4516 2936 4586 Ἁνατροπὴ
2973 4520 3104 4572 KB'.

2144 4616 2222 4665 A'.
2255 4611 2329 4666 Οὐ
2383 4613 2561 4665 πᾶσαν
2612 4610 2802 4664 οὐσίαν
2852 4605 2990 4662 εἶναι
3045 4607 3273 4678 λέγομεν
3327 4606 3644 4678 ἀγέννητον,
3713 4669 3726 4676 _

395 4707 669 4772 dicimus;
710 4722 811 4761 nec
839 4722 1055 4762 omnem
1083 4723 1112 4761 a
1143 4707 1251 4763 Deo
1280 4708 1517 4778 genitam
1545 4748 1559 4770 ,
1592 4707 1849 4776 quoniam
1873 4706 1964 4777 qui

2072 4703 2191 4757 οὐδὲ
2231 4705 2410 4756 πᾶσαν
2445 4704 2508 4754 ἐκ
2545 4702 2678 4755 Θεοῦ
2712 4701 2977 4771 γεννητὴν
3002 4715 3016 4730 ⁸
3058 4700 3140 4753 ὅτι
3192 4702 3222 4753 ὁ
3261 4700 3529 4770 γεννήσας
3557 4699 3647 4754 τὸν

394 4797 592 4851 Filium
629 4812 787 4851 suum
833 4799 1040 4866 genuit,
1090 4807 1145 4852 et
1177 4815 1206 4853 a
1255 4800 1460 4868 seipse
1515 4797 1777 4868 Spiritum
1833 4813 1963 4853 san-

394 4897 543 4944 ctum
588 4889 789 4954 emisit,
836 4890 1012 4954 illum,
1048 4891 1291 4960 inquam,
1321 4890 1610 4960 Spiritum,
1645 4891 1738 4961 qui
1773 4905 1964 4946 eorum

393 4997 514 5052 qua:
569 4981 691 5035 Filii
741 4988 887 5047 sunt,
947 4982 1217 5051 particeps
1263 4983 1385 5045 fuit,
1441 4998 1549 5037 non
1603 4997 1812 5044 omnes,
1868 4980 1963 5037 sed

394 5087 562 5126 unum
592 5071 859 5125 duntaxat
888 5071 1073 5142 genuit
1104 5091 1117 5125 :
1149 5071 1294 5127 unde
1330 5079 1385 5126 et
1422 5073 1736 5143 unigenitus
1760 5079 1876 5139 est;
1911 5080 1965 5128 et

393 5178 563 5218 unum
619 5163 854 5218 emisita
900 5179 960 5220 se
1022 5163 1174 5231 ipso;
1237 5164 1381 5219 unde
1433 5162 1671 5233 Spiritus
1717 5173 1960 5221 sanctus.

391 5254 496 5310 Pcr
549 5270 714 5308 unum
741 5269 902 5324 porro
955 5255 1179 5317 creavit,
1231 5261 1286 5309 et
1338 5253 1394 5307 in
1457 5270 1567 5308 uno
1625 5255 1968 5311 confirmavit

394 5361 602 5407 onmes,
656 5361 887 5414 quormn
941 5345 1032 5398 alii
1065 5344 1358 5415 generandi
1388 5345 1494 5399 vim
1518 5345 1736 5411 habent,
1763 5357 1814 5400 et
1844 5354 1968 5416 post

394 5439 623 5506 primam
668 5439 998 5493 creationem
1040 5436 1295 5507 deinceps
1337 5447 1698 5508 generantur;
1754 5438 1844 5492 alii
1889 5439 1969 5494 sic

395 5530 563 5582 creati
596 5537 755 5594 sunt,
804 5538 862 5584 ut
909 5543 1087 5600 neque
1139 5527 1381 5601 gignant,
1429 5546 1606 5601 neque
1655 5531 1970 5601 gignantur.

466 5642 481 5671 ¹
508 5640 652 5696 Psal.
687 5658 842 5707 (XLV,
871 5643 921 5697 4.
999 5647 1018 5676 ³
1052 5643 1070 5695 l
1103 5642 1230 5701 Cor.
1267 5663 1384 5715 xm,
1426 5646 1504 5702 l3.

1596 5648 1617 5677 ³
1655 5644 1716 5703 F.
1749 5647 2070 5718 μεταϐολήν.
2149 5648 2166 5677 ⁸
2203 5645 2260 5700 F.
2301 5643 2773 5717 συλλελογισμένη.

2074 4794 2132 4858 ἐξ
2157 4793 2320 4847 αὐτοῦ
2349 4793 2759 4863 γεγεννημένον,
2798 4793 2891 4846 καὶ
2937 4789 3259 4854 ἀποστείλας
3306 4788 3365 4853 ἐξ
3391 4787 3555 4843 αὐτοῦ
3581 4789 3641 4843 τὸ

2073 4887 2225 4955 ἅγιον
2265 4884 2489 4955 Πνεῦμα
2529 4883 2714 4945 αὐτοῦ,
2748 4883 2972 4952 Πνεῦμα
2999 4880 3106 4933 τῶν
3136 4879 3266 4933 Υἱοῦ
3303 4879 3550 4950 μετέχον,
3576 4880 3637 4933 οὐ

2072 4983 2277 5044 πάντας
2305 4979 2593 5051 ἐγέννησεν
2611 5021 2626 5044 ,
2657 4978 2768 5033 ἀλλ’
2799 4977 2896 5032 ἕνα
2914 4995 2926 5006 ·
2957 4977 3038 5031 διὸ
3067 4975 3376 5046 Μονογενής
3401 4975 3547 5028 "xui.
3581 4973 3640 5028 ἓν

2071 5073 2129 5140 ἐξ
2160 5072 2324 5126 αὐτοῦ
2353 5071 2672 5126 ἀπέστειλεν
2696 5087 2709 5100 '
2733 5070 2812 5124 διὸ
2846 5070 2998 5137 ἅγιον
3037 5066 3280 5138 Πνεῦμα,
3325 5067 3547 5120 Ἕκτισε
3584 5065 3642 5120 δὲ

2065 5166 2154 5220 διὰ
2184 5163 2278 5218 τοῦ
2313 5164 2428 5228 ἐνὸς
2449 5205 2463 5230 ,
2509 5163 2604 5217 καὶ
2647 5161 2974 5233 ἐστερέωσεν
3024 5161 3082 5213 ἐν
3114 5158 3191 5230 τῷ
3221 5158 3303 5212 ἐν).
3339 5157 3466 5221 τοὺς
3509 5157 3644 5211 πάν-

2067 5275 2195 5322 ταςο
2228 5258 2354 5320 τοὺς
2386 5255 2484 5326 μὲν
2505 5254 2808 5324 γεννῶντας
2831 5293 2845 5318 ,
2877 5252 2973 5306 καὶ
3009 5251 3149 5323 μετὰ
3175 5251 3354 5305 κτίσιν
3385 5267 3646 5320 γεγεννη-

2073 5349 2265 5421 μένους
2289 5387 2307 5411 ,
2336 5348 2461 5411 τοὺς
2495 5347 2551 5400 δὲ
2595 5344 2941 5409 κτισθέντας,
2979 5345 3117 5415 μήτε
3143 5343 3478 5411 γεννῶντας,
3512 5342 3647 5412 μήτε

2070 5441 2518 5512 γεγεννημένους.
2561 5439 2702 5491 Πολὺ
2751 5438 2808 5491 δὲ
2849 5436 3154 5506 ἀφέστηκεν
3193 5437 3227 5506 ἡ
3267 5435 3520 5498 ἄκτιστος
3549 5434 3648 5503 τῆς

2071 5532 2297 5604 Τριάδος
2326 5531 2482 5584 οὐσία
2501 5528 2608 5583 τῶν
2635 5528 2748 5582 ἀπὸ
2775 5528 2874 5599 τῆς
2902 5527 3128 5599 Τριάδος
3161 5527 3488 5581 κτισθέντων
3513 5563 3529 5592 ,
3553 5523 3646 5579 καὶ

2849 5644 2870 5676 ⁵
2896 5641 2956 5697 F.
2985 5642 3067 5695 δεῖ
3087 5642 3162 5696 τό.
