3994 6224
316 293 416 348 601
956 289 1324 348 ADVERSUS
1362 291 1707 351 IIAERESES
1744 295 1851 351 LIB
1886 296 1973 355 Ill.
2016 298 2179 356 ΤΟΜ.
2222 298 2260 354 1.
2292 331 2359 340 -
2399 299 2674 355 IDERES.
2720 298 2947 353 LXXVI.
3476 303 3577 359 (‘02

312 418 420 466 οὐχ
447 409 556 466 ἀπὸ
585 408 685 480 τῆς
709 408 937 480 Τριάδος
974 408 1360 479 γεννηθέντων.
1401 412 1493 463 Διὸ
1526 411 1638 482 ἔχει
1669 414 1703 483 ὴ
1734 414 1902 485 Τριὰς

2015 414 2207 471 Verum
2257 417 2501 472 increata
2546 416 2834 472 Trinitatis
2876 415 3044 487 969
3079 414 3384 472 substantia
3423 417 3580 487 longe

318 504 380 557 τὸ
424 500 636 563 ἀπαθὲς
675 500 771 553 καὶ
802 499 1246 569 ἀπαράλλακτον,
1281 502 1350 555 τά
1370 502 1426 555 δὲ
1458 504 1634 557 πάντα
1658 505 1726 558 τά
1762 506 1900 575 μετά

2015 506 2077 560 ab
2140 507 2227 563 his
2283 508 2539 562 omnibus
2594 508 2771 570 abest,
2832 525 2951 577 qua:
2999 509 3069 563 ab
3133 508 3249 578 ipsa
3315 508 3580 563 Trinitate

315 595 418 665 τὴν
448 592 652 665 Τριάδα
686 590 850 645 πάθει
885 592 1220 662 ὑποκείμενα
1245 608 1260 621 ο
1291 595 1338 645 εί
1372 594 1445 663 μή
1474 611 1526 647 τι
1570 593 1636 648 ἃν
1674 594 1900 666 δωροῖτο

317 689 347 740 6
376 685 595 756 ἀπαθὴς
624 684 685 738 τὸ
721 683 929 748 ἀπαθὲς
956 683 1044 737 διά
1073 684 1173 754 τῆς
1206 684 1512 755 ἀφθαρσίας
1533 726 1547 751 ,
1598 680 1679 750 οἷς
1714 687 1900 757 βούλε-

317 796 407 831 ται
460 775 603 831 κατά
633 774 840 846 δωρεάν
890 775 1217 845 χαρίσασθαι
1255 775 1524 845 ἀφθόνως,
1576 778 1691 830 Οὐκ
1721 777 1902 847 ἔχουσι

318 870 376 922 δὲ
398 869 460 921 τὸ
488 867 763 938 ἄφθαρτον
789 866 849 931 ἐξ
872 867 1163 936 ἀσωμάτου
1199 866 1412 936 φύσεως
1437 908 1452 933 ,
1488 867 1601 921 ἀλλ’
1641 867 1702 933 ἐξ
1732 869 1900 939 ἀφθο-

318 959 440 1022 νίας
465 957 561 1011 τοῦ
593 956 797 1025 ἀγαθοῦ
830 958 924 1010 καὶ
954 957 1196 1020 ἀπαθοῦς
1233 957 1389 1010 Θεοῦ.
1417 958 1527 1011 Καὶ
1556 957 1666 1029 γάρ
1695 958 1817 1012 οὕτε
1841 958 1903 1013 τὸ

320 1053 515 1106 παθεῖν
544 1051 636 1104 τὸν
660 1050 938 1119 Μονογενῆ
976 1050 1033 1101 έν
1064 1050 1228 1119 σαρκὶ
1254 1047 1423 1111 πάθος
1452 1053 1901 1121 περιποιεῖταιτῇ

320 1128 490 1201 αὐτοῦ
526 1146 758 1216 θεότητι,
791 1143 967 1196 καίτοι
1004 1158 1068 1210 γε
1110 1142 1170 1206 ἐξ
1198 1140 1458 1213 ἀληθινῆς
1486 1142 1774 1212 ὁμολογίας
1822 1160 1907 1195 πι-

321 1239 644 1307 στευόμενον
673 1235 781 1289 ἀπὸ
807 1235 905 1305 τῆς
933 1233 1194 1305 ἀληθινῆς
1227 1233 1463 1296 πίστεως
1486 1272 1502 1297 ,
1529 1234 1612 1286 ὄτι
1638 1233 1904 1286 πέπονθεν

319 1329 350 1378 6
386 1325 605 1396 ἀπαθὴς
630 1323 764 1386 Θεὸς
790 1322 864 1376 ὣν
914 1322 1106 1390 Λόγος.
1143 1324 1366 1392 Ἔμεινε
1415 1321 1472 1374 δὲ
1518 1324 1575 1376 ὲν
1606 1322 1845 1394 ἀπαθείᾳ
1878 1325 1907 1377 6

321 1418 488 1481 αὐτὸς
545 1417 621 1489 μὴ
652 1415 879 1484 τραπεὶς
934 1415 1033 1485 τὴν
1086 1412 1282 1483 φύσιν,
1328 1416 1463 1485 μήτε
1510 1414 1901 1484 ἠλλοιωμένος.

324 1510 417 1561 Διὸ
447 1507 607 1575 σοφία
641 1505 716 1559 ὢν
740 1544 754 1569 ,
790 1506 884 1558 καὶ
929 1504 1059 1568 Θεὸς
1088 1504 1304 1575 ἀπαθὴς
1334 1503 1408 1557 ὢν
1429 1543 1443 1567 ,
1480 1507 1576 1558 καὶ
1606 1504 1761 1566 εἰδὼς
1781 1544 1795 1567 ,
1825 1505 1905 1556 ὅτι

322 1601 414 1653 διὰ
450 1598 656 1661 πάθους
699 1594 860 1661 σώζει
898 1596 1025 1659 τοὺς
1061 1596 1129 1650 τά
1161 1596 1306 1667 πάθη
1341 1596 1585 1667 ἔχοντας,
1614 1595 1706 1649 ¹τοῦ
1742 1595 1905 1649 θανά-

2001 606 2184 667 creata
2217 608 2367 664 sunt,
2397 614 2505 653 non
2542 600 2741 669 genita.
2797 599 2923 653 Ideo
2965 599 3248 655 Trinitatis
3290 600 3421 654 illud
3450 616 3572 671 pro-

2004 688 2182 756 prium
2234 695 2339 750 est,
2390 698 2447 742 ut
2491 704 2667 757 neque
2712 689 2823 758 pati
2868 688 3188 758 quidquam,
3223 705 3399 760 neque
3429 707 3551 747 com

2003 779 2203 833 mutari
2240 780 2449 849 possit‘
2484 801 2494 835 :
2526 787 2722 834 caetera
2752 780 2953 845 omnia,
2988 780 3079 833 ubi
3120 794 3150 832 a
3178 778 3441 835 Trinitate
3475 781 3581 835 dis-

2003 872 2259 936 cesseris,
2315 871 2426 942 pati
2472 871 2677 941 aliquid
2727 880 2985 941 possunt;
3054 872 3160 928 nisi
3202 873 3339 928 forte
3377 890 3575 945 expers

2004 962 2095 1018 ille
2130 962 2434 1020 affectionis
2461 966 2640 1020 omnis
2670 964 2902 1019 similem
2935 964 3223 1033 quemdam
3252 973 3453 1020 statum
3482 982 3576 1035 per

2006 1056 2494 1126 incorruptionem,
2541 1056 2741 1125 quibus
2801 1054 3053 1120 libuerit',
3118 1054 3383 1125 singulari
3441 1074 3578 1127 quo-

2004 1149 2127 1203 dam
2162 1148 2423 1203 beneﬁcio
2459 1150 2609 1219 large
2628 1149 2966 1219 benigneque
3002 1147 3362 1202 concesserit.
3400 1147 3573 1212 Quem

2005 1238 2224 1309 quidem
2276 1239 2707 1309 incorruptionis
2755 1247 2958 1294 statum
3008 1254 3117 1293 non
3161 1254 3227 1292 ex
3264 1238 3583 1306 incorporea

2004 1333 2187 1400 aliqua
2238 1340 2452 1394 natura,
2509 1331 2603 1385 sed
2655 1346 2721 1385 ex
2767 1330 2916 1395 boui,
2966 1338 3021 1384 et
3058 1329 3361 1384 affectionis
3405 1328 3585 1383 omnis

2004 1422 2244 1491 expertis
2292 1420 2385 1475 Dei
2440 1422 2691 1490 largitate
2745 1432 3173 1492 consequuntur.
3212 1419 3368 1485 Quod
3403 1428 3583 1473 autem

2009 1515 2208 1568 unicus
2248 1512 2340 1567 Dei
2374 1511 2544 1566 Filius
2573 1514 2626 1567 in
2655 1528 2822 1568 carne
2856 1514 2927 1567 sit
2956 1528 3171 1583 passus,
3204 1512 3407 1565 nullam
3436 1508 3585 1565 istud

2007 1601 2060 1654 in
2102 1601 2272 1670 ipsius
2311 1602 2647 1657 divinitatem
2674 1605 2980 1672 passionem
3033 1601 3385 1657 transfundit.
3414 1601 3587 1665 Quan-

320 1710 439 1758 του,
474 1692 533 1744 οὐ
564 1689 803 1761 πρέσϐυν
825 1688 1161 1751 ἀπέστειλεν,
1194 1690 1295 1741 οὐκ
1328 1688 1577 1757 ἄγγελον,
1605 1686 1729 1740 οῦτε
1759 1686 1905 1739 ἔστιν

2015 1708 2170 1761 quam
2199 1693 2330 1747 illud
2367 1704 2512 1748 recta
2552 1693 2705 1758 ﬁdes,
2746 1709 2809 1748 ac
2845 1695 3059 1747 sincera
3092 1693 3360 1763 professio
3391 1692 3585 1758 docet,

322 1754 560 1848 (bs-toi);
764 1779 927 1834 αὑτοῦ
966 1780 1284 1851 προφήτας’
1346 1754 1460 1833 ἀλλ’
1509 1778 1670 1842 αὐτὸς
1702 1778 1905 1850 Κύριος

2017 1754 2106 1838 Dei
2144 1782 2398 1846 Verbum,
2451 1786 2595 1854 quod
2638 1754 2734 1855 ρετ
2778 1801 2901 1840 sese
2940 1786 3049 1855 pati
3084 1754 3221 1839 nihil
3260 1793 3459 1855 potest,
3500 1754 3584 1837 ni;

321 1872 481 1945 ἦλθε,
511 1874 605 1928 καὶ
642 1874 701 1926 τὸ
740 1872 975 1943 παθητὸν
1005 1870 1185 1925 λαϐὼν
1214 1873 1272 1925 ὲν
1301 1868 1475 1941 ἑαυτῷ
1506 1868 1772 1940 ἀληθινῶς
1800 1868 1897 1920 πέ-

322 1966 492 2021 πονθε
517 2008 534 2032 ,
572 1965 671 2035 τῆς
724 1963 976 2034 θεότητος
1026 1960 1192 2016 αὐτοῦ
1232 1961 1476 2025 ἀπαθοῦς
1518 1958 1801 2032 μενούσης.
1829 1960 1904 2013 Οὐ

321 2060 434 2131 γὰρ
478 2061 511 2131 ἡ
544 2058 805 2130 ἐνσαρκος
838 2057 1111 2127 παρουσία
1143 2056 1386 2128 ἧμϐλυνε
1417 2056 1515 2127 τὴν
1547 2054 1777 2125 δύναμιν
1806 2054 1906 2123 τῆς

324 2148 494 2204 αὐτοῦ
544 2149 814 2219 θεότητος.
870 2148 1195 2218 Εὑρίσκεται
1228 2147 1336 2221 γάρ
1387 2150 1445 2201 ὲν
1482 2150 1547 2219 τῇ
1588 2144 1751 2201 αὐτοῦ
1793 2144 1881 2199 θεό

322 2259 452 2311 τητι
478 2242 547 2294 τά
570 2240 664 2294 τοῦ
693 2241 828 2294 Θεοῦ
864 2240 1125 2312 ἐνεργῶν,
1164 2240 1258 2294 καὶ
1309 2238 1383 2311 μὴ
1405 2239 1513 2293 ἀπὸ
1539 2237 1741 2312 σαρκὸς
1773 2238 1906 2291 ἀπο-

325 2332 637 2402 κλειόμενος
662 2373 677 2397 ,
708 2331 892 2403 ἀνέμῳ
932 2332 1029 2403 μὲν
1060 2330 1348 2401 ἐπιτιμῶν,
1384 2330 1477 2383 καὶ
1505 2329 1735 2383 κλύδωνι
1763 2367 1778 2392 ,
1811 2328 1908 2382 καὶ

326 2421 571 2493 θαλάσσῃ
603 2461 619 2485 ,
658 2422 906 2493 Λάζαρον
962 2422 1019 2475 δὲ
1076 2422 1332 2494 αὑθεντίᾳ
1374 2423 1480 2494 ἰδίᾳ
1533 2423 1715 2476 καλῶν
1744 2463 1760 2489 ,
1813 2424 1907 2476 καὶ

324 2513 464 2567 ἄλλα
519 2512 685 2583 μυρία
711 2553 727 2579 ,
762 2514 857 2567 καὶ⁵
908 2513 1165 2567 ἐπέκεινα
1197 2514 1401 2568 τούτων
1454 2514 1623 2568 ποιῶν
1648 2532 1660 2545 ·
1709 2515 1768 2579 ὃς
1815 2515 1909 2568 καὶ

327 2603 624 2676 συνεχώρει
661 2604 760 2674 μὲν
794 2604 863 2657 τά
896 2605 1036 2657 κατά
1062 2605 1122 2657 τὸ
1154 2604 1372 2673 εὔλογον
1390 2607 1457 2676 τῇ
1492 2606 1673 2677 σαρκὶ,
1710 2607 1786 2670 ὠς
1814 2607 1908 2659 καὶ

325 2694 559 2764 διαϐόλῳ
584 2694 864 2761 πειράζειν
892 2734 907 2760 ,
940 2694 1035 2747 καὶ
1073 2693 1382 2765 ἀνθρώποις
1428 2696 1612 2749 παίειν
1633 2735 1648 2760 ,
1677 2696 1773 2750 καὶ
1796 2699 1906 2760 τοῖς

330 2785 765 2856 συλλαμϐάνουσι
815 2787 875 2840 τὸ
921 2788 1201 2841 ἀλίσκεινσ
1253 2789 1339 2842 ἴνα
1393 2789 1451 2843 ὲν
1497 2787 1575 2859 τῷ
1624 2788 1852 2861 παθητῷ
1881 2791 1909 2842 ὁ

329 2876 549 2948 ἀπαθὴς
573 2876 720 2949 πάθῃ
739 2919 753 2942 ,
782 2878 998 2950 ἀπαθὴς
1030 2879 1204 2949 μένων
1235 2880 1293 2933 ὲν
1321 2882 1387 2951 τῇ
1421 2880 1528 2951 ἰδίᾳ
1556 2882 1767 2952 θεότητι
1804 2880 1903 2945 ὣν,

328 2967 430 3020 οὐκ
457 2967 734 3040 ἀλλότριος
762 2967 856 3022 τοῦ
890 2970 1133 3034 ἀπαθοῦς
1164 2970 1297 3023 Θεοῦ
1322 3011 1337 3035 ,
1368 2972 1631 3037 ἑκουσίως
1655 2973 1711 3026 δὲ
1740 2973 1908 3026 ποιῶν

2015 1873 2310 1928 hilominus
2362 1889 2484 1929 esse
2530 1888 2772 1944 passum.
2830 1873 2971 1927 Idem
3026 1888 3190 1943 porro
3234 1873 3422 1928 eadem
3471 1874 3589 1943 ipsa

2016 1963 2256 2033 patiendi
2286 1964 2419 2018 nihil
2456 1964 2509 2017 in
2554 1964 2868 2019 conditione
2897 1965 3219 2033 permansit,
3274 1979 3373 2020 nec
3401 1964 3454 2018 in
3487 1979 3589 2017 na—

2016 2063 2133 2108 tura
2163 2071 2259 2110 sua
2297 2055 2616 2110 mutationis
2646 2055 2850 2125 aliquid
2886 2063 2979 2109 aut
3010 2055 3347 2110 diversitatis
3387 2070 3587 2123 exper-

2017 2155 2105 2201 tus
2136 2153 2239 2201 est.
2288 2145 2653 2211 Quamobrem
2706 2147 2796 2200 ille
2840 2147 2934 2215 qui
2983 2148 3289 2216 sapientia,
3337 2162 3401 2201 ac
3448 2146 3591 2201 Deus

2012 2243 2130 2291 erat
2170 2236 2444 2306 passionis
2482 2236 2664 2290 omnis
2710 2252 2929 2306 expers,
2979 2252 3102 2292 cum
3143 2237 3398 2306 patiendo
3428 2236 3593 2291 sciret

2014 2343 2072 2382 se
2095 2342 2191 2383 eos
2238 2327 2596 2382 liberaturum
2632 2342 2774 2393 esse,
2810 2329 2901 2398 qui
2947 2336 3177 2384 mortem
3224 2330 3588 2398 patiebantur,

2013 2434 2121 2473 non
2157 2419 2392 2489 legatum
2441 2420 2635 2483 ullum,
2687 2436 2797 2474 non
2838 2420 3087 2491 angelum
3122 2420 3293 2485 misit,
3325 2436 3431 2473 non
3463 2435 3593 2490 pro-

2013 2510 2204 2579 phetas
2253 2510 2509 2579 denique,
2554 2511 2862 2579 cujusnrodi
2909 2510 3201 2565 adventum
3247 2524 3405 2566 suum
3434 2517 3591 2564 ante-

2012 2609 2315 2664 cesserant,
2348 2602 2442 2657 sed
2485 2603 2719 2672 ipsemet
2760 2601 3023 2657 Dominus
3055 2601 3224 2665 venit,
3270 2616 3336 2655 ac
3381 2616 3595 2672 perpes-

2014 2697 2223 2750 sionem
2258 2696 2332 2749 ita
2356 2695 2410 2749 in
2442 2711 2499 2750 se
2526 2697 2665 2765 ipso,
2700 2711 2937 2765 vereque
2981 2694 3267 2760 sustinuit,
3294 2703 3353 2749 ut
3379 2694 3593 2749 interim

2015 2804 2209 2858 expers
2258 2788 2531 2857 passionis
2572 2787 2829 2842 divinitas
2874 2789 2991 2858 ipsa
3022 2794 3390 2857 permaneret.
3426 2785 3598 2855 Cujus

2015 2880 2234 2950 quidem
2317 2880 2425 2933 vim
2478 2893 2541 2932 ac
2588 2880 2887 2948 potentiam
2938 2879 3073 2933 nihil
3127 2878 3429 2933 iucarnatio
3480 2876 3595 2945 ipsa

2013 2972 2285 3029 diminuit.
2316 2966 2450 3036 Nam
2479 2971 2729 3025 eumdem
2771 2971 2825 3024 in
2867 2970 3152 3026 divinitate
3186 2984 3305 3034 sua,
3342 2984 3462 3039 qua:
3503 2967 3596 3023 Dei

328 3058 399 3110 τὰ
427 3059 601 3112 πάντα
642 3059 785 3114 κατὰ
817 3060 877 3114 τὸ
909 3060 1215 3131 ἔκπληκτον
1261 3062 1425 3116 αὑτοῦ
1463 3065 1761 3135 μυστήριον
1785 3081 1798 3095 ·
1834 3064 1908 3127 ὡς

2015 3066 2231 3137 propria
2258 3071 2407 3129 sunt,
2439 3070 2789 3135 praestantem
2834 3063 2953 3119 sine
2993 3064 3105 3117 ullo
3152 3062 3337 3117 carnis
3372 3060 3598 3130 impedi-

331 3149 427 3201 καὶ
455 3151 484 3201 6
522 3151 710 3222 Πατὴρ
742 3152 871 3216 Θεὸς
907 3154 1003 3206 σὺν
1049 3152 1197 3224 αὐτῷ
1243 3154 1321 3224 τῷ
1358 3156 1683 3223 Μονογενεῖ,
1713 3156 1807 3208 καὶ
1834 3155 1908 3226 τῷ

2015 3168 2193 3211 mento
2234 3154 2511 3211 cernimus
2545 3173 2557 3207 :
2603 3154 2759 3207 velut
2792 3168 2916 3207 cum
2950 3159 3164 3214 ventos,
3198 3166 3369 3215 mare,
3415 3157 3470 3203 et
3499 3148 3599 3202 ﬂu-

332 3240 613 3312 Πνεύματι
640 3244 803 3298 αὑτοῦ
824 3243 902 3315 τῷ
928 3244 1089 3315 ἁγίῳ,
1115 3245 1285 3317 Τριὰς
1317 3241 1451 3300 οῦσα
1472 3248 1557 3299 ἀεὶ
1585 3247 1783 3309 τελεία,
1817 3248 1908 3301 καὶ

2015 3258 2133 3305 ctus
2182 3245 2513 3316 increpat’;
2554 3261 2676 3298 cum
2719 3242 2985 3297 Lazarum
3015 3242 3235 3313 propria
3272 3241 3599 3294 auctoritate

331 3333 580 3405 ἀπαθὴς,
614 3335 709 3405 μία
752 3336 939 3406 θεότης
997 3337 1239 3409 περιέχει
1274 3338 1341 3389 τά
1374 3338 1587 3406 πάντα,
1628 3333 1708 3402 εἷς
1756 3339 1907 3406 Θεὸς,

2015 3338 2276 3403 evocat';
2308 3345 2360 3390 et
2402 3336 2610 3389 inﬁnita
2672 3335 2774 3388 alia
2825 3335 3135 3404 prodigiosa
3201 3348 3265 3387 ac
3328 3333 3595 3402 stupenda

334 3425 435 3495 μία
465 3428 721 3500 κυριότης
745 3429 837 3483 τοῦ
863 3429 1028 3484 αὐτοῦ
1054 3430 1188 3483 Θεοῦ
1217 3431 1561 3502 περιέχοντος
1586 3432 1655 3485 τὰ
1692 3432 1808 3488 ὅλα.

2015 3432 2252 3485 molitur.
2288 3428 2611 3497 Quanquam
2646 3427 2862 3481 interim
2909 3424 3174 3495 quidquid
3208 3434 3326 3480 erat
3357 3440 3591 3479 consen-

329 3524 553 3571 taneum
599 3519 817 3588 corpori
865 3519 1157 3575 tribuebat.
1198 3518 1330 3574 Nam
1364 3528 1416 3575 et
1447 3521 1665 3577 diabolo
1695 3530 1903 3577 tentare
1942 3520 2250 3592 permisit‘,
2300 3529 2354 3573 et
2386 3518 2695 3573 hominibus
2759 3516 2989 3582 caedere,
3046 3524 3101 3570 et
3152 3517 3260 3582 his,
3307 3517 3398 3586 qui
3444 3531 3596 3571 com-

336 3611 747 3683 prehendebant
779 3627 996 3683 capere,
1044 3619 1104 3666 ut
1143 3612 1198 3666 in
1228 3612 1437 3681 patibili
1473 3621 1665 3667 natura
1738 3612 2013 3683 passionis
2072 3625 2269 3680 expers
2329 3618 2627 3681 pateretur,
2683 3618 2733 3664 et
2784 3608 3001 3663 interim
3044 3608 3098 3661 iu
3145 3623 3245 3663 sua
3312 3606 3598 3662 divinitate

332 3706 610 3777 passionis
635 3721 829 3776 expers
867 3713 1131 3771 maneret,
1168 3722 1274 3760 non
1316 3707 1527 3762 alienus
1590 3722 1621 3762 a
1687 3706 1961 3778 passionis
1998 3715 2221 3775 experte
2276 3704 2408 3770 Deo,
2443 3706 2538 3760 sed
2584 3706 2766 3759 omnia
2809 3701 3072 3773 singulari
3120 3702 3354 3772 quodam
3413 3710 3467 3757 et
3499 3700 3597 3755 ad-

332 3796 568 3850 mirabili
647 3796 906 3867 mysterio
974 3804 1167 3866 suapte
1237 3796 1519 3852 voluntate
1574 3798 1901 3867 suscipiens.
1943 3796 2413 3863 Quemadmodum
2479 3802 2533 3850 et
2584 3794 2746 3849 Pater
2775 3793 2916 3847 Deus
2942 3807 3066 3847 cum
3102 3790 3393 3862 Unigenito
3454 3792 3596 3860 ipso,

334 3900 403 3939 ac
448 3883 656 3956 Spiritu
705 3894 897 3941 sancto

958 3903 976 3943 :
1033 3902 1155 3957 qua:
1196 3887 1414 3957 quidem
1450 3887 1715 3957 perfecta,
1759 3899 1814 3944 et
1886 3888 2160 3958 passionis
2220 3902 2414 3957 expers
2460 3886 2724 3951 Trinitas,
2775 3898 2993 3953 unaque
3034 3880 3297 3935 divinitas
3345 3880 3597 3934 universa

334 3978 744 4049 complectitur,
783 3979 923 4036 Deus
952 3998 1118 4048 unus,
1167 3998 1232 4038 ac
1261 3983 1576 4041 dominatus
1611 4003 1753 4043 unus
1785 3986 2121 4041 continentis
2144 3985 2327 4038 omnia
2361 3982 2476 4037 Dei.

408 4073 482 4125 B'.
518 4072 629 4125 Καὶ
665 4073 725 4125 οὐ
756 4073 843 4127 διὰ
870 4075 930 4127 τὸ
965 4079 1239 4148 περιέχειν
1292 4079 1360 4131 τὰ
1389 4079 1564 4133 πάντα
1598 4080 1758 4135 πάθει
1782 4083 1916 4135 ὑπο·

339 4162 530 4217 πίπτει
550 4210 564 4229 ,
590 4163 703 4216 τῶν
730 4164 1208 4237 ἐμπεριεχομένων
1241 4169 1346 4222 ὑπὸ
1384 4170 1553 4233 πάθος
1585 4172 1908 4227 πιπτόντων.

2090 4078 2155 4133 ll.
2195 4078 2383 4148 Neque
2429 4091 2559 4132 vero
2608 4075 2756 4145 quod
2811 4073 3096 4128 continere
3138 4071 3353 4125 dicatur
3393 4069 3597 4135 omnia,

2020 4170 2225 4225 idcirco
2253 4169 2493 4240 patiendi
2536 4166 2841 4221 c0nditioni
2879 4162 3190 4232 subjicitur,
3224 4161 3349 4214 licet
3378 4174 3498 4229 qua!
3530 4158 3599 4213 ab

349 4253 529 4317 Ἐντὸς
556 4254 665 4325 γὰρ
692 4255 906 4309 πάντων
943 4258 1079 4323 ἐστὶ,
1112 4261 1209 4313 καὶ
1262 4260 1418 4324 ἐκτὸς
1449 4260 1556 4315 τῶν
1591 4262 1726 4316 ὅλων
1774 4264 1908 4317 πάν-

2019 4262 2140 4331 ipso
2168 4258 2707 4329 comprehenduntur
2735 4257 2785 4311 ei
2822 4255 2925 4324 legi
2967 4252 3309 4321 subjaccant.
3336 4248 3430 4304 Est
3451 4248 3596 4303 enim

333 4361 443 4397 των
482 4344 648 4409 Θεὸς,
680 4346 886 4417 ἀμιγὴς
915 4349 1047 4420 πρὸς
1094 4350 1157 4403 τὰ
1185 4351 1393 4405 πάντα·
1424 4352 1544 4406 ὅθεν
1589 4354 1709 4407 οὐδὲ
1741 4354 1830 4408 διά
1857 4356 1915 4409 τὸ

337 4432 477 4488 εἶναι
503 4436 677 4506 πάντη
704 4476 719 4500 ,
753 4438 873 4490 οὐδὲ
907 4438 995 4492 διὰ
1043 4440 1105 4492 τὸ
1148 4442 1305 4506 ἐκτὸς
1330 4437 1470 4496 εἶναι
1504 4444 1720 4498 πάντων
1745 4486 1759 4511 ,
1796 4446 1917 4500 οὐδὲ

336 4524 425 4578 διὰ
449 4526 512 4578 τὸ
531 4527 807 4600 περιέχειν
843 4528 913 4582 τά
964 4531 1141 4586 πάντα
1166 4573 1182 4597 ,
1216 4533 1336 4585 οὐδὲ
1362 4534 1450 4588 διὰ
1482 4534 1543 4587 τὸ
1574 4538 1632 4589 ὲν
1665 4536 1812 4607 αὐτῷ
1848 4536 1915 4589 τά

338 4615 519 4669 πάντα
562 4618 864 4683 κινεῖσθαι,
896 4619 1069 4683 πάθος
1121 4622 1343 4675 εἰσοίσει
1374 4622 1453 4693 τῷ
1505 4622 1707 4675 ἀπαθεῖ
1754 4623 1872 4694 Θεῷ
1898 4641 1913 4657 ο

338 4706 526 4779 ὥσπερ
554 4709 675 4763 οὐδὲ
701 4709 790 4764 διά
815 4711 876 4765 τὸ
899 4713 1286 4784 γεγεννηκέναι
1327 4715 1419 4768 τὸν
1451 4717 1730 4787 Μονογενῆ
1755 4757 1769 4781 ,
1796 4717 1916 4770 οὐδὲ

340 4799 432 4851 τὸν
462 4800 741 4872 Μονογενῆ
771 4804 1151 4874 γεγεννῆσθαι,
1183 4807 1303 4859 οὐδὲ
1339 4806 1426 4860 διὰ
1460 4808 1520 4860 τὸ
1566 4808 1721 4877 ἆγιον
1753 4808 1918 4862 αὐτοῦ

339 4888 567 4960 Πνεῦμα
615 4890 676 4956 ἐξ
724 4893 888 4947 αὑτοῦ
936 4895 1313 4962 ἀπεστάλθαι,
1371 4896 1538 4961 πάθος
1578 4898 1802 4951 εἰσοίσει
1850 4901 1915 4970 τῇ

341 4980 473 5050 ἁγίᾳ
501 4981 715 5053 Τριάδι.
762 4983 897 5038 Οὔτε
929 4986 1037 5056 γὰρ
1088 4987 1328 5057 παθητὸν
1374 4988 1435 5042 τὸ
1468 4989 1622 5057 ἆγιον
1668 4990 1912 5060 Πνεῦμα,

340 5073 399 5124 ὲν
428 5072 559 5125 εἴδει
584 5078 912 5145 περιστερᾶς
936 5079 1120 5131 κατιὸν
1164 5081 1291 5150 περὶ
1322 5080 1411 5132 τὸν
1460 5081 1730 5151 Ἰορδάνην
1749 5100 1762 5115 ’
1789 5082 1912 5137 οὔτε

341 5166 371 5215 6
398 5164 707 5235 Μονογενὴς
740 5166 845 5218 ὑπὸ
890 5167 1135 5222 Ἰωάννου
1171 5168 1563 5240 βαπτιζόμενός
1600 5188 1657 5223 τε
1686 5172 1781 5225 καὶ
1810 5173 1917 5244 ψη-

341 5253 660 5325 λαφώμενος
682 5273 695 5287 ο
725 5255 848 5309 οὔτε
876 5260 905 5311 6
933 5259 1122 5330 Πατὴρ
1162 5260 1366 5314 ἄνωθεν
1400 5261 1536 5331 βοῶν
1564 5266 1713 5335 φωνῇ
1747 5265 1912 5318 ἀκου-

341 5347 499 5415 στικῇ
550 5344 895 5417 ἀνθρώποις,
952 5349 1035 5400 ὅτι
1076 5345 1263 5416 Οὗτός
1296 5352 1417 5419 μού
1460 5351 1631 5405 ἐστιν
1663 5356 1696 5407 ὁ
1762 5356 1914 5421 Υἱὸς,

340 5435 530 5490 αὑτοῦ
579 5437 848 5493 ἀκούετε.
897 5439 1335 5509 ’Λπαράλλακτος
1372 5443 1548 5496 τοίνυν
1578 5446 1606 5496 6
1629 5445 1754 5508 Υἱός
1779 5461 1792 5474 ο
1824 5446 1918 5498 καὶ

342 5528 372 5579 ό
401 5527 497 5596 μὲν
539 5530 727 5599 Πατὴρ
772 5530 1065 5601 ἀγέννητὸς
1088 5573 1102 5597 ,
1133 5533 1161 5584 ό
1203 5533 1260 5585 δὲ
1291 5534 1418 5598 Υἱὸς
1444 5534 1700 5605 γεννητὸς
1724 5575 1739 5600 ,
1780 5537 1923 5589 ἀπα-

436 5682 454 5715 ⁸
490 5681 679 5738 Matth.
709 5702 807 5745 xu.
846 5686 933 5739 52.

1041 5689 1059 5716 ²
1086 5684 1215 5741 Luc.
1258 5702 1375 5752 vm,
1414 5687 1507 5742 21.
1584 5689 1602 5719 ³
1629 5687 1786 5744 Joan.
1825 5706 1901 5757 χι,
1945 5693 2032 5746 43.

2018 4354 2160 4408 intra
2215 4350 2422 4415 omnia,
2470 4358 2524 4404 et
2561 4357 2717 4403 extra
2765 4346 2950 4401 omnia
2996 4342 3377 4397 universorum
3432 4337 3596 4403 Deus,

2016 4459 2195 4515 neque
2224 4450 2405 4499 tamen
2431 4457 2555 4497 cum
2581 4442 2690 4495 ulla
2722 4455 2781 4494 re
2816 4443 3129 4501 concretus,
3166 4448 3230 4488 ac
3265 4432 3595 4504 permistus:

2016 4550 2083 4591 ex
2130 4549 2238 4605 quo
2282 4534 2339 4587 ﬁt
2374 4542 2455 4601 ut,
2490 4548 2666 4602 neque
2696 4529 2841 4601 quod
2881 4529 3081 4599 ubique
3108 4528 3201 4593 sit,
3234 4541 3409 4597 neque
3436 4523 3589 4596 quod

2020 4636 2173 4683 extra
2197 4626 2379 4680 omnia
2416 4626 2508 4689 sit,
2564 4638 2738 4694 neque
2769 4622 2913 4693 quod
2943 4619 3369 4690 comprehendat
3389 4618 3597 4683 omnia,

2029 4719 2196 4790 969
2230 4734 2403 4789 neque
2476 4717 2621 4787 quod
2674 4717 2729 4770 in
2780 4717 2899 4785 ipso
2950 4714 3206 4768 universa
3256 4716 3597 4772 moveantur,

2024 4815 2095 4868 ob
2125 4814 2178 4866 id
2210 4813 2320 4882 pati
2350 4810 2625 4882 quidpiam
2675 4807 3070 4864 existimandus
3117 4805 3221 4869 sit,
3247 4801 3506 4856 immunis
3532 4800 3602 4854 ab

2022 4904 2169 4960 omni
2206 4902 2445 4972 patiendi
2476 4898 2790 4954 conditione
2819 4896 2983 4952 Deus.
3026 4893 3179 4949 Sicut
3205 4907 3304 4948 nec
3339 4891 3602 4961 idipsum,

2020 4996 2166 5066 quod
2215 4994 2438 5048 unicum
2484 4991 2699 5046 Filium'
2729 4991 2933 5062 genuit,
2988 4988 3244 5060 quodque
3291 4985 3487 5039 unicus
3515 4981 3604 5036 ille

2020 5087 2233 5157 genitus
2265 5093 2368 5147 est,
2408 5094 2501 5138 aut
2543 5083 2687 5154 quod
2745 5091 2968 5139 sanctus
3002 5081 3120 5151 ejus
3159 5077 3394 5148 Spiritus
3423 5073 3602 5130 emis-

2011 5195 2108 5234 sus
2135 5183 2219 5232 est
2252 5178 2321 5231 ab
2358 5176 2499 5246 ipso,
2555 5176 2721 5228 ullam
2769 5170 3130 5227 sanctissimae
3173 5163 3429 5219 Trinitati
3477 5160 3607 5215 affe-

2021 5268 2257 5324 ctionem
2291 5268 2507 5322 inferet.
2554 5266 2765 5335 Quippe
2804 5278 2907 5319 nec
2951 5260 3187 5330 Spiritus
3222 5258 3340 5327 ipse
3376 5261 3603 5310 sanctus

2025 5364 2132 5431 pati
2169 5360 2466 5431 quidquam
2503 5366 2700 5428 potest,
2734 5356 2826 5425 qui
2858 5352 3122 5408 columba:
3151 5348 3333 5419 specie
3372 5347 3440 5401 ad
3474 5345 3600 5401 Jor-

2026 5452 2220 5506 dancm
2251 5450 2533 5505 descendit
2556 5467 2569 5515 ;
2603 5464 2703 5502 nec
2728 5444 3049 5513 Unigenitus
3081 5458 3109 5494 a
3134 5439 3345 5494 Joanne
3366 5436 3612 5507 baptiza-

2029 5546 2118 5593 tus
2150 5546 2203 5594 et
2233 5545 2648 5602 contrectatus;
2698 5534 2795 5591 sed
2838 5548 3012 5603 neque
3040 5530 3199 5586 Pater
3226 5527 3497 5602 ejusmodi
3536 5526 3603 5580 de

2134 5694 2148 5723 ⁵
2187 5691 2377 5746 Matth.
2421 5710 2492 5759 tv,
2530 5692 2547 5745 Ι
2580 5706 2700 5762 sqq.
