3994 6224
388 319 494 376 605

1812 315 1869 372 S.
1908 312 2246 373 EPIPIIANII

3550 315 3655 370 θοι

389 451 530 496 εωιο
558 454 692 496 νοεε
727 452 1052 511 personans,
1080 451 1243 508 quam
1284 436 1534 495 homines
1557 437 1819 495 exaudire
1850 455 1963 510 pos-

2072 441 2199 511 θὴς,
2226 441 2320 494 καὶ
2353 441 2413 496 τὸ
2437 439 2660 510 Πνεῦμα
2685 439 2914 504 ἀπαθῶς
2940 439 3220 510 προελθὸν.
3247 438 3368 493 Τῶν
3395 439 3452 493 δὲ
3478 438 3660 492 ἄλλων

389 542 556 589 sent:
599 531 700 586 llic
741 540 820 586 est
865 529 1039 583 l‘ilius
1075 545 1240 594 meus,
1289 531 1461 598 ipsum
1508 531 1748 586 audite‘.
1788 531 1970 597 Quare

389 626 526 680 nihil
558 641 586 680 a
617 623 778 678 Patre
832 622 1084 679 diversus
1115 630 1199 677 est
1228 620 1420 678 Filius.
1457 621 1520 675 Et
1545 621 1762 693 quidem
1812 622 1971 678 Pater

391 714 663 786 ingenitus
692 722 797 778 est,
831 712 1006 769 Filius
1037 714 1275 784 genitus,
1306 727 1407 768 nee
1432 715 1545 768 ullo
1575 713 1738 770 modo
1773 716 1971 785 patibi-

390 807 493 873 lis;
547 805 788 876 Spiritus
837 821 968 861 vero
1023 812 1248 861 sanctus
1279 805 1416 859 citra
1451 806 1758 875 passionem
1804 807 1967 860 ullam

387 901 698 968 processit;
751 907 950 954 caetera
996 899 1179 953 omnia
1214 899 1492 954 creatione
1521 899 1788 969 producta
1818 907 1966 962 sunt,

388 1003 453 1042 ac
486 989 728 1059 perfecta
767 988 884 1059 ipsa
923 988 1163 1044 Trinitas
1209 989 1262 1042 in
1312 991 1612 1059 quantitate
1641 1004 1762 1054 sua,
1794 998 1848 1044 et
1882 993 1968 1044 in-

389 1089 574 1135 creata
599 1080 961 1150 appellatione
996 1088 1240 1136 remanet
1267 1095 1281 1135 :
1316 1082 1397 1137 sic
1432 1089 1490 1136 ut
1521 1095 1697 1152 neque
1725 1097 1970 1137 commu-

389 1179 536 1224 tatur
585 1171 730 1240 quod
789 1171 984 1226 melius
1017 1178 1122 1236 est,
1171 1185 1349 1241 neque
1397 1171 1543 1241 quod
1591 1173 1829 1243 gignitur
1861 1173 1968 1226 ulla

389 1263 626 1332 patiendi
675 1264 790 1333 lege
834 1271 1174 1318 coerceatur.
1209 1262 1310 1316 Cui
1344 1262 1562 1333 quidem
1607 1277 1785 1333 neque
1817 1266 1956 1335 geni-

389 1363 476 1410 tor
509 1355 780 1410 obnoxius
830 1354 952 1409 fuit.
1000 1353 1117 1409 Non
1160 1354 1308 1409 enim
1352 1370 1678 1425 corporeum
1707 1363 1790 1410 est
1817 1355 1968 1426 geni-

389 1457 503 1501 tum
530 1445 679 1511 illud,
707 1447 801 1502 sed
837 1445 1076 1516 Spiritus
1104 1461 1134 1501 e
1163 1444 1391 1514 Spiritu,
1417 1457 1471 1501 et
1495 1461 1562 1500 ex
1586 1444 1745 1501 Patre
1774 1444 1964 1503 Filius.

390 1536 470 1590 Ita
504 1537 666 1590 etiam
701 1543 755 1590 et
788 1535 1026 1605 Spiritus
1077 1541 1305 1591 sanctus
1357 1535 1425 1588 ab
1470 1535 1589 1604 ipso
1639 1550 1967 1606 progressus

388 1636 492 1693 est,
524 1627 757 1697 Spiritus
782 1625 986 1690 Patris,
1028 1623 1266 1697 Spiritus
1308 1626 1535 1691 Christi,
1570 1642 1681 1681 non
1723 1636 1964 1694 creatus,

388 1733 498 1772 non
545 1717 780 1787 genitus,
808 1733 919 1772 non
955 1731 1250 1787 germanus
1283 1716 1469 1782 frater,
1517 1731 1625 1770 non
1657 1731 1811 1780 avus,
1855 1732 1963 1772 non

2073 533 2306 587 κτιστῶν
2335 533 2526 598 ὄντων,
2556 535 2655 605 τῆς
2683 532 2897 596 τελείας
2927 532 3156 603 Τριάδος
3187 529 3555 603 διαμενούσης
3597 532 3661 583 ὲν

2069 627 2136 699 τῇ
2174 632 2433 698 ποσότητι
2476 627 2570 679 καὶ
2603 625 2844 697 ἀκτίστῳ
2898 625 3189 696 ὀνομασίᾳ,
3221 623 3342 677 οὔτε
3367 623 3466 676 τοῦ
3491 623 3659 693 ἀμεί⁴

2071 731 2219 780 νονος
2252 716 2723 788 μεταϐαλλομένου
2746 756 2760 780 ,
2805 714 2928 769 οὔτε
2958 716 3017 769 τὸ
3044 715 3302 784 γεννηθὲν
3339 714 3504 769 πάθει
3534 731 3658 768 συν-

2071 808 2326 876 εχόμενόν
2365 809 2530 864 ἐστιν.
2584 805 2720 860 Οὔτε
2755 806 2864 878 γὰρ
2900 808 2929 859 6
2978 808 3246 877 γεννήσας
3307 806 3469 860 πάθει
3527 823 3658 858 συν-

2071 898 2288 970 εσχέθη.
2336 901 2410 952 Οὐ
2454 899 2564 970 γὰρ
2613 899 2922 970 σωματικὸν
2951 899 3010 952 τὸ
3033 898 3298 968 γέννημα,
3327 898 3460 951 ἀλλὰ
3491 897 3664 950 Πνεῦ-

2074 1003 2150 1058 μα
2181 989 2246 1041 ὲκ
2276 989 2612 1060 Πνεύματος,
2669 989 2764 1042 καὶ
2816 989 2946 1054 Υίὺς
2989 990 3054 1042 ὲκ
3099 990 3330 1060 Πατρός.
3377 989 3665 1051 Ὡσαύτως

2070 1078 2164 1130 καὶ
2223 1078 2285 1131 τὸ
2319 1079 2473 1147 ἅγιον
2527 1076 2752 1150 Πνεῦμα
2801 1078 2859 1145 ἐξ
2898 1079 3063 1132 αὐτοῦ
3091 1120 3104 1144 ,
3160 1080 3384 1151 Πνεῦμα
3415 1078 3658 1150 Πατρὸς,

2071 1168 2294 1239 Πνεῦμα
2321 1170 2558 1241 Χριστοῦ
2583 1207 2601 1235 ,
2633 1169 2693 1222 οὐ
2747 1171 2964 1224 κτιστὸν
2984 1211 2998 1235 ,
3030 1171 3092 1224 οὐ
3120 1171 3377 1241 γεννητὸν
3395 1211 3410 1231 ,
3443 1171 3506 1223 οὐ
3533 1187 3663 1222 σνν-

2071 1261 2318 1330 άδελφον,
2364 1263 2424 1316 οὐ
2453 1262 2796 1334 προπάτορον
2815 1303 2829 1326 ,
2861 1263 2962 1316 οὐκ
2992 1262 3231 1332 ἔγγονον,
3259 1263 3359 1334 τῆς
3385 1263 3659 1331 ἀσυγκρί-

2069 1370 2160 1406 του
2195 1353 2379 1416 οὐσίας
2413 1353 2646 1425 Πατρὺς,
2676 1353 2771 1407 καὶ
2796 1353 2949 1420 Υίοῦ,
2983 1354 3078 1408 καὶ
3122 1354 3276 1424 ἁγίου
3310 1353 3656 1424 Πνεύματος,

2071 1444 2505 1516 ὑπερϐαινούσης
2556 1447 2737 1499 πᾶσαν
2775 1445 2982 1499 ἔννοιαν
3014 1447 3108 1499 καὶ
3161 1447 3340 1500 πάντα
3387 1446 3517 1500 νοῦν
3539 1485 3554 1509 ,
3587 1448 3655 1500 οὐ

2073 1536 2230 1606 μόνον
2277 1536 2490 1607 εἴποιμι
2543 1536 2846 1608 ἀνθρώπων
2871 1576 2886 1600 ,
2942 1535 3077 1590 ἀλλὰ
3115 1538 3208 1592 καὶ
3267 1538 3536 1606 ἀγγέλων.
3579 1539 3658 1590 υὺ

2069 1625 2178 1695 γὰρ
2212 1625 2513 1696 μεταϐολὴν
2545 1627 2833 1694 ἐπεδέξατο
2877 1628 2907 1679 6
2935 1628 3248 1699 Μονογενὴς
3271 1670 3286 1694 ,
3336 1629 3455 1681 οὐδὲ
3499 1631 3530 1681 6
3560 1630 3662 1682 αὑο

2068 1717 2163 1770 τοῦ
2193 1718 2383 1790 Πατὴρ
2407 1759 2421 1782 ,
2465 1719 2585 1772 οὐδὲ
2616 1720 2677 1772 τὸ
2723 1721 2878 1784 ἆγιον
2912 1721 3077 1773 αὐτοῦ
3111 1721 3338 1792 Πνεῦμα
3360 1765 3373 1786 ,
3429 1721 3490 1773 τὸ
3524 1721 3618 1774 τὸν
3638 1721 3660 1752 ³

389 1826 610 1879 nepos;
673 1811 947 1882 siquidem
983 1810 1425 1881 incomparaliilis
1468 1808 1673 1873 Patris,
1724 1808 1846 1864 Filii
1905 1827 1963 1868 ac

2072 1789 2350 1881 Μονογενῆ
2385 1810 2568 1882 ἀπαθῆ
2592 1811 2721 1863 ὄντα
2748 1813 2805 1862 ὲν
2837 1812 2999 1881 σαρκὶ
3029 1813 3220 1866 παθεῖν
3245 1789 3271 1844 ’ν
3291 1814 3383 1866 καὶ
3410 1812 3469 1865 τδ
3503 1813 3660 1879 ἅγιον

389 1902 628 1972 Spiritus
688 1903 865 1957 sancti
929 1910 1126 1957 natura
1183 1902 1570 1972 cogitationem
1634 1915 1850 1957 omnem
1905 1917 1968 1958 ac

387 2003 623 2048 mentem
654 2003 913 2064 superat,
973 2008 1082 2047 non
1139 1990 1420 2047 hominum
1478 1993 1656 2048 solum
1712 1993 1964 2059 dixerim,

386 2100 579 2139 verum
633 2086 793 2141 etiam
849 2087 1187 2157 angelorum.
1243 2082 1361 2139 Non
1410 2087 1556 2139 enim
1610 2087 1966 2141 mutationem

387 2175 555 2230 ullam
589 2177 784 2233 unicus
814 2177 906 2232 Dei
948 2175 1120 2233 Filius
1150 2176 1392 2243 admisit,
1439 2193 1539 2232 nec
1578 2179 1748 2247 ipsius
1784 2175 1964 2243 Pater,

385 2284 563 2342 neque
610 2277 834 2325 sanctus
878 2269 998 2338 ejus
1049 2268 1308 2338 Spiritus,
1351 2282 1416 2322 eo
1452 2268 1596 2336 quod
1646 2267 1966 2340 Unigenitus

387 2377 484 2430 per
536 2375 658 2416 sese
696 2360 971 2430 passionis
1029 2375 1224 2430 expers
1286 2359 1339 2412 in
1395 2374 1561 2415 carne
1612 2361 1683 2415 sit
1734 2377 1962 2432 passus;

387 2449 622 2521 Spiritus
657 2467 784 2506 vero
815 2459 1041 2506 sanctus
1070 2450 1338 2505 columbae
1366 2467 1426 2505 se
1460 2451 1643 2522 specie
1668 2453 1960 2508 videndum

384 2539 681 2607 obiecerit;
719 2553 781 2594 ac
826 2547 1104 2610 postremo
1156 2537 1314 2593 Pater
1363 2540 1478 2606 ipse
1526 2553 1660 2594 voce
1706 2541 1773 2595 de
1823 2541 1964 2596 caelo

2073 1899 2238 1953 αὑτοῦ
2272 1900 2496 1971 Πνεῦμα
2537 1903 2594 1954 ὲν
2629 1901 2759 1954 εἴδει
2790 1904 3126 1974 περιστερᾶς
3152 1945 3166 1967 ,
3203 1903 3297 1955 καὶ
3341 1902 3401 1954 τὸ
3430 1901 3521 1955 τὸν
3549 1905 3663 1954 Πα-

2073 1993 2206 2064 τέρα
2247 1991 2491 2063 φθογγὴν
2531 1994 2613 2057 είς
2661 1993 2829 2066 ἀκοὴν
2858 1994 3160 2065 ἀνθρώπων
3185 1993 3493 2064 ἀπορρῆξαι
3521 1991 3662 2046 ἅνω-

2073 2083 2164 2137 θεν
2199 2084 2444 2148 ἀπαθῶς·
2478 2084 2667 2157 ὥσπερ
2695 2087 2755 2138 οὐ
2787 2086 3109 2159 μεταϐολὴν,
3147 2086 3242 2139 καὶ
3301 2086 3470 2148 πάθος
3505 2103 3661 2155 mpi-

2074 2177 2400 2247 εποιήσαντο
2422 2177 2471 2230 οί
2495 2177 2806 2242 κτισθέντες
2834 2178 3076 2247 ἄγγελοι,
3105 2180 3198 2232 καὶ
3223 2179 3465 2250 οὐρανοὶ,
3501 2179 3591 2231 καὶ
3620 2181 3655 2249 ἡ

2071 2269 2176 2339 γῆ,
2211 2270 2305 2322 καὶ
2359 2269 2428 2323 τὰ
2474 2270 2652 2323 πάντα
2704 2269 2782 2340 τῷ
2816 2271 2955 2325 αὐτὰ
3007 2271 3348 2343 πεποιηκότι.
3409 2269 3570 2322 Ἀλλὰ
3596 2270 3660 2322 τὸ

2070 2360 2180 2412 πᾶν
2212 2361 2359 2414 ἐστιν
2387 2360 2692 2432 ἔκπληκτον
2725 2363 3046 2434 μυστήριον,
3083 2363 3228 2416 κατὰ
3253 2362 3313 2414 τὸ
3341 2361 3655 2433 εἰρημένον⁹

2067 2444 2135 2501 Ὦ
2175 2449 2370 2516 βάθος
2419 2450 2724 2516 πλούτου,
2783 2450 2881 2506 καὶ
2923 2454 3178 2521 σοφίας,
3230 2449 3328 2505 καὶ
3362 2449 3474 2518 τῆς
3506 2447 3659 2520 γνώ-

2067 2556 2222 2609 σεως
2255 2543 2402 2597 Θεοῦ
2433 2543 2454 2595 .’

385 2630 553 2683 missa
615 2631 752 2684 citra
819 2629 1128 2700 passionem
1180 2629 1345 2683 ullam
1402 2630 1683 2685 hominum
1739 2633 1964 2688 auribus
2006 2633 2328 2690 insonuerit.
2364 2636 2482 2690 Non
2519 2651 2680 2691 secus
2709 2643 2872 2706 atque
2897 2635 3096 2706 angeli,
3157 2636 3408 2689 cmleslcs
3471 2634 3653 2698 orbes,

384 2729 548 2784 terra,
585 2729 908 2790 creteraque,
959 2735 1079 2791 quae
1160 2720 1302 2776 Deus
1367 2721 1637 2786 condidit,
1685 2723 1867 2778 omnia
1934 2725 2137 2780 nullam
2187 2727 2398 2781 auctori
2466 2743 2567 2782 suo
2643 2727 2998 2783 mutationem
3046 2727 3496 2796 aﬂuetionemque
3553 2727 3654 2779 tri-

383 2811 638 2866 buerunt.
701 2811 808 2866 Sed
872 2813 985 2867 han:
1052 2813 1233 2866 omnia
1304 2813 1630 2881 stupendum
1724 2814 1997 2884 quoddam
2074 2824 2243 2882 sunt,
2309 2818 2754 2890 horrendumque
2819 2820 3179 2891 mysterium,
3242 2820 3320 2873 uti
3388 2821 3656 2891 scriptum

382 2915 507 2961 est:
540 2906 584 2962 0
632 2906 860 2961 altitudo
909 2908 1248 2971 divitiarum,
1313 2907 1580 2976 sapientia:
1620 2917 1669 2963 et
1719 2912 1953 2966 scientiw
1991 2911 2164 2967 Dei’!

838 3023 1020 3078 AE'I’II
1059 3022 1290 3080 CAPUT
1330 3023 1514 3080 XXIII.

405 3099 407 3101 ’
453 3107 512 3162 Si
547 3109 742 3181 genita:
771 3111 1095 3166 substantiae
1130 3125 1299 3165 causa
1330 3109 1404 3164 sit
1445 3108 1686 3181 ingenita
1708 3153 1721 3176 ,
1755 3113 1964 3184 ingeniv

383 3213 498 3256 tum
548 3218 678 3256 vero
703 3243 717 3266 ,
767 3201 913 3272 quod
952 3201 1283 3274 principium
1315 3201 1541 3269 dicitur,
1576 3204 1712 3258 nihil
1743 3207 1966 3263 omnino

382 3290 761 3360 sit,quomodu
793 3300 968 3360 potest
993 3289 1044 3344 id
1060 3290 1205 3360 quod
1223 3289 1474 3359 nihilest,
1497 3293 1634 3363 ejus,
1665 3294 1808 3364 quod
1833 3312 1962 3367 pro-

383 3379 606 3437 ductum
638 3390 744 3447 est,
780 3398 901 3436 esse
926 3382 1293 3451 principium?

773 3495 940 3564 970
978 3492 1287 3562 Confutatio
1325 3493 1556 3550 XXIII.

454 3583 697 3655 Ingenita
743 3586 1049 3640 substantia
1100 3602 1210 3640 non
1255 3585 1482 3651 eodem,
1520 3602 1629 3656 quo
1659 3589 1726 3643 ad
1762 3601 1967 3645 caetera

381 3679 566 3732 on'mia
605 3685 922 3747 comparata
969 3677 1165 3740 modo,
1215 3677 1310 3732 sed
1360 3679 1468 3732 alio
1514 3679 1753 3749 quodam
1797 3697 1964 3737 sensu

383 3770 606 3834 dicitur,
654 3785 777 3824 curn
818 3771 884 3824 ad
938 3770 1154 3823 unicam
1202 3770 1443 3824 sobolem
1489 3770 1745 3840 refertur,
1784 3776 1864 3828 vel
1897 3775 1965 3829 ad

385 3861 648 3932 Spiritum
681 3871 956 3931 sanctum,
991 3863 1087 3934 qui
1113 3862 1181 3916 ab
1211 3864 1328 3931 ipsa
1359 3866 1748 3935 progreditur;
1784 3885 1965 3939 neque

381 3970 513 4010 vero
540 3956 870 4027 principium
901 3965 988 4014 est
1014 3958 1308 4027 ejusmodi,
1341 3963 1501 4026 quale
1538 3969 1622 4016 est
1648 3963 1794 4032 quod
1819 3964 1966 4018 exsi-

381 4046 478 4124 stit
519 4061 644 4100 cum
700 4045 948 4103 nondum
982 4049 1285 4106 exsistente
1313 4058 1718 4123 comparatum.
1753 4051 1965 4124 Quippe

380 4154 491 4194 non
523 4155 592 4194 ex
626 4139 798 4195 nihilo
831 4140 1046 4210 genitus
1076 4148 1161 4197 est
1204 4141 1376 4198 Filius
1398 4183 1414 4210 ,
1465 4158 1644 4213 neque
1675 4159 1784 4199 non
1813 4145 1960 4199 exsio

380 4240 532 4287 stens
564 4239 668 4296 est,
705 4231 794 4302 qui
829 4233 1040 4302 genuit,
1075 4234 1158 4289 vel
1185 4236 1278 4305 qui
1306 4237 1375 4291 ab
1412 4237 1529 4307 ipso
1559 4236 1812 4306 procedit
1839 4235 1964 4306 Spio

379 4323 521 4377 t‘ilus
555 4336 812 4389 sanctus;
847 4331 1168 4380 caeterorum
1204 4341 1333 4382 vero
1365 4342 1536 4383 causa
1570 4335 1655 4383 est
1689 4329 1960 4382 exsistens

379 4413 580 4483 ipsum.
643 4413 984 4486 Quapropter
1041 4427 1232 4486 suapte
1293 4418 1466 4489 gloria
1533 4433 1596 4472 ac
1670 4419 1962 4488 splendore

379 4506 604 4575 praedita
649 4523 863 4576 semper
891 4517 976 4564 est
1012 4521 1366 4566 sacrosancta
1406 4511 1669 4572 Trinitas,
1727 4526 1850 4581 quae
1880 4513 1961 4565 (II-

381 4597 605 4668 gnitatis
647 4614 758 4652 sua‘
793 4600 1145 4668 appellationi
1188 4605 1384 4671 cuique
1422 4609 1790 4657 consentanee
1819 4617 1962 4656 sem-

381 4705 479 4758 per
507 4689 745 4744 exsiSLit.
776 4690 906 4744 Nam
937 4707 1031 4761 per
1064 4693 1263 4762 ipsam,
1294 4701 1480 4749 etnon
1508 4703 1686 4760 extra,
1723 4709 1848 4764 quae
1881 4695 1962 4747 fa-

378 4792 467 4837 cta
503 4791 650 4840 sunt.
682 4799 804 4838 cum
841 4800 949 4839 non
987 4795 1193 4849 essent,
1226 4787 1494 4857 producta
1524 4797 1671 4842 sunt.
1708 4786 1835 4843 Ideo
1862 4803 1960 4841 ne-

379 4888 486 4942 que
544 4873 695 4928 solus
734 4889 827 4943 per
873 4889 995 4930 sese
1042 4874 1202 4930 Pater
1251 4891 1418 4930 causa
1471 4885 1555 4932 est
1611 4876 1957 4930 conditarum

377 4980 598 5032 rerum,
654 4964 750 5021 sed
785 4964 967 5031 Pater,
1012 4974 1065 5021 et
1108 4966 1281 5023 Filius
1307 5006 1321 5031 ,
1358 4975 1413 5023 et
1465 4967 1704 5037 Spiritus
1734 4976 1960 5023 sanctus

378 5058 684 5126 procreavit
713 5058 918 5112 omnia.
950 5056 1106 5123 Quod
1137 5058 1183 5112 si
1223 5059 1438 5116 alienus
1463 5067 1610 5115 esset
1643 5058 1836 5123 Filius,
1875 5068 1956 5113 at-

379 5163 486 5218 que
534 5163 564 5202 a
613 5148 882 5219 principio
917 5165 1017 5204 suo
1062 5149 1302 5204 nondum
1365 5151 1638 5206 exsislens
1691 5151 1955 5220 originem

382 5239 698 5306 habuisset,
746 5257 870 5296 cum
904 5243 1119 5297 caeteris
1168 5244 1425 5299 omnibus
1466 5245 1535 5299 ab
1563 5259 1627 5299 eo
1677 5242 1956 5314 profectus

379 5333 604 5403 aequalis
645 5343 791 5389 esset
835 5335 1132 5391 omnibus:
1168 5336 1312 5392 unde
1358 5345 1411 5392 et
1453 5335 1597 5391 Deus
1643 5351 1751 5390 non
1797 5352 1960 5406 gene-

379 5421 574 5491 rando,
607 5424 702 5480 sed
733 5429 1072 5496 procreando
1107 5428 1440 5499 principium
1478 5427 1790 5490 haberetur,
1817 5426 1963 5481 fieri-

380 5531 485 5586 que
514 5535 622 5574 non
656 5529 841 5575 nosset
869 5522 1123 5592 amplius,
1157 5529 1217 5577 ut
1241 5537 1385 5577 unus
1409 5522 1647 5593 genitus,
1673 5537 1740 5575 ac
1767 5517 1958 5588 Filius,

377 5615 572 5663 caetera
600 5625 730 5666 vero
762 5624 1033 5670 creaturae
1053 5615 1394 5682 dicerentur;
1417 5615 1513 5672 sed
1542 5615 1625 5670 vel
1654 5614 1839 5669 omnia
1863 5629 1959 5683 ge-

481 5719 711 5777 ‘Multh.
750 5741 877 5789 IVII,
913 5727 964 5779 5.
1036 5729 1054 5756 ²
1092 5727 1248 5782 lieni.
1281 5746 1356 5795 xu,
1391 5730 1482 5785 55.
1554 5727 1575 5759 ⁸
1629 5725 1688 5780 F.
1717 5724 1927 5796 τῷτόν.

2438 3033 2835 3088 ΚΕΦΑΛΛΙΟΝ
2868 3033 2906 3087 Λ
2918 3035 3121 3088 ΕΤΙΟΥ
3152 3031 3244 3088 ΚΓ
3245 3041 3278 3087 ’.

2140 3128 2204 3180 Εί
2237 3125 2336 3198 τῆς
2367 3129 2662 3198 γενομένης
2691 3130 2724 3198 ἡ
2765 3128 3054 3200 ἀγέννητος
3090 3129 3250 3197 φύσις
3288 3130 3437 3184 ἐστὶν
3481 3132 3653 3196 αίτία,

2067 3217 2129 3272 τὸ
2159 3219 2215 3272 δὲ
2245 3218 2537 3289 ἀγέννητον
2589 3220 2753 3291 μηδὲν
2801 3221 2907 3289 εἴη,
2951 3221 3065 3282 πῶς
3120 3220 3186 3274 ἂν
3235 3222 3319 3292 εἴη
3371 3224 3542 3276 αἴτιον
3592 3222 3656 3278 τὸ

2073 3311 2236 3382 μηδὲν
2265 3311 2358 3363 τοῦ
2393 3311 2674 3380 γεγονότος
2689 3330 2703 3379 ;

2622 3517 2894 3581 Ανατροπ
2903 3513 2938 3582 ὴ
2967 3517 3103 3569 K1".

2145 3604 2299 3656 Ἔστι
2334 3604 2432 3675 μὲν
2463 3599 2556 3659 οῦν
2585 3605 2708 3658 καθ’
2747 3606 2940 3677 ἑτέραν
2983 3607 3242 3673 διάνοιαν,
3275 3609 3393 3663 ἀλλ’
3419 3611 3481 3664 οὐ
3513 3613 3654 3664 κατὰ

2067 3697 2168 3767 τὴν
2202 3697 2323 3768 ἴσην
2349 3699 2482 3769 πρὸς
2538 3699 2716 3753 πάντα
2769 3700 2802 3770 ή
2854 3699 3146 3770 ἀγέννητος
3193 3700 3377 3770 φύσις,
3421 3704 3557 3773 πρὸς
3593 3705 3656 3757 τὸ

2071 3790 2357 3859 μονογενὲς
2405 3792 2678 3862 γέννημα,
2732 3792 2824 3845 καὶ
2871 3793 3008 3864 πρὸς
3049 3794 3112 3845 τδ
3164 3791 3224 3859 ἐξ
3271 3795 3446 3865 αὐτῆς
3498 3795 3656 3864 ἅγιον

2067 3879 2322 3949 Πνεῦμα·
2361 3881 2462 3934 οὑκ
2494 3883 2664 3934 αἴτιον
2695 3881 2773 3946 δὲ,
2809 3881 2886 3944 ὡς
2928 3882 2988 3934 τὸ
3034 3883 3279 3953 ὑπάρχον
3315 3884 3451 3955 πρὸς
3486 3885 3548 3938 τὸ
3579 3887 3655 3958 μὴ

2065 3969 2145 4023 ὃν.
2181 3970 2335 4021 Ἔστι
2364 3969 2473 4042 γὰρ
2515 3972 2616 4024 οὐκ
2654 3971 2712 4035 ἐξ
2752 3972 2852 4025 οὐκ
2892 3971 3060 4026 ὄντων
3110 3974 3138 4025 6
3179 3973 3483 4044 γεννηθεὶς,
3532 3977 3655 4029 οὐδὲ

2070 4061 2143 4132 μὴ
2178 4059 2253 4113 ὢν
2290 4061 2437 4114 ἐστιν
2490 4063 2518 4114 6
2561 4064 2847 4133 γεννήσας,
2899 4063 3021 4117 οὐδὲ
3067 4064 3126 4117 τὸ
3175 4065 3235 4130 ἐξ
3285 4065 3451 4118 αὐτοῦ
3501 4067 3653 4136 ἅγιον

2066 4152 2319 4223 Πνεῦμαο
2359 4153 2467 4206 τῶν
2496 4153 2551 4206 δὲ
2589 4154 2764 4208 ἄλλων
2802 4155 2948 4209 ἐστὶν
2997 4157 3165 4210 αἴτιον
3197 4157 3258 4210 τὸ
3284 4157 3365 4211 6v.
3410 4158 3502 4211 Διὸ
3526 4158 3653 4212 σύν-

2065 4261 2180 4296 εστι
2232 4247 2298 4316 τῇ
2334 4245 2438 4315 ἰδίᾳ
2461 4246 2548 4298 ἀεὶ
2579 4245 2702 4318 δόξῃ
2740 4247 2934 4317 ήὰγία
2978 4245 3167 4319 Τριὰς,
3207 4249 3296 4302 ἀεὶ
3347 4245 3482 4303 οὖσα
3523 4252 3654 4303 ἀνα·

2064 4335 2238 4403 λόγως
2267 4337 2484 4408 ἑκάστῳ
2515 4336 2737 4408 ὀνόματι
2765 4338 2857 4392 τοῦ
2885 4339 3054 4410 αὐτῆς
3080 4340 3409 4412 ἀξιώματος.
3435 4343 3514 4394 Δι’
3550 4343 3650 4396 αὐ-

2063 4427 2164 4496 τῆς
2186 4426 2316 4498 γὰρ,
2353 4428 2448 4480 καὶ
2491 4429 2591 4482 οὐκ
2632 4429 2808 4496 ἐκτὸς,
2837 4429 2906 4482 τὰ
2935 4432 3196 4500 γεγονότα
3229 4433 3516 4502 γεγόνασιν
3552 4435 3652 4487 οὐκ

2065 4517 2210 4572 ὅντα.
2241 4519 2439 4590 Διόπερ
2468 4520 2588 4573 οὐδὲ
2631 4520 2752 4573 καθ’
2790 4522 2981 4576 ἑαυτὸν
3024 4525 3052 4576 6
3104 4523 3292 4595 Πατὴρ
3325 4524 3494 4589 αἴτιος
3543 4525 3651 4578 τῶν

2066 4612 2365 4680 γεγονότων
2393 4612 2561 4678 ἐστὶν,
2611 4613 2745 4667 ἀλλὰ
2791 4615 3000 4687 Πατὴρ,
3032 4616 3126 4669 καὶ
3180 4615 3331 4682 Υίὸς,
3369 4617 3462 4670 καὶ
3495 4617 3652 4685 ἆγιιν

2069 4700 2300 4772 Πνεῦμα
2345 4703 2568 4772 ἐποίησε
2622 4708 2690 4758 τὰ
2732 4705 2927 4759 πάντα.
2981 4709 3044 4760 Εἰ
3090 4707 3147 4760 δὲ
3194 4703 3264 4779 ἦν
3307 4708 3586 4780 ἀλλότριος
3623 4709 3654 4760 6

2069 4794 2217 4858 Υἱὸς,
2243 4795 2317 4858 ὡς
2346 4795 2453 4848 ἀπὸ
2475 4797 2644 4849 αἰτίου
2675 4799 2775 4851 οὐκ
2807 4798 2902 4863 ὢν,
2938 4799 3215 4868 προελθὼν
3246 4801 3312 4855 ἂν
3348 4803 3485 4873 μετὰ
3514 4803 3653 4856 πάν-

2066 4904 2196 4950 των,
2227 4887 2319 4940 καὶ
2347 4888 2508 4952 αὐτὸς
2547 4888 2658 4953 ἴσος
2695 4891 2930 4959 ἐγένετο.
2985 4893 3096 4944 Καὶ
3141 4892 3313 4956 αἴτιος
3344 4889 3412 4965 ἦν
3447 4896 3477 4946 6
3520 4894 3654 4956 Θεὸς

2064 4979 2248 5033 οὐκέτι
2288 4981 2622 5049 γεννητικῶς
2672 4981 2950 5051 ἀχθέντος,
3000 4982 3137 5038 ἀλλὰ
3189 4983 3515 5048 κτιστικῶς·
3558 4988 3654 5039 καὶ

2063 5069 2243 5123 οὐκέτι
2302 5071 2575 5142 ἐνεδέχετο
2626 5071 2716 5124 τὸν
2771 5071 2866 5125 ἕνα
2925 5072 3182 5142 λέγεσθαι
3243 5075 3488 5147 γέννημα
3515 5113 3530 5138 ,
3585 5075 3653 5130 τὰ

2065 5162 2107 5214 δ’
2137 5162 2274 5217 ἄλλα
2311 5165 2603 5235 κτίσματα.
2637 5164 2750 5217 ἀλλ’
2783 5165 2814 5234 ἢ
2844 5167 2913 5218 τὰ
2943 5166 3123 5220 πάντα
3152 5169 3248 5221 σὺν
3281 5167 3430 5238 αὐτῷ
3454 5168 3652 5239 γεννή-

2070 5270 2214 5322 ματα
2243 5254 2516 5323 λέγεσθαι,
2607 5254 2768 5308 αὑτὸν
2794 5257 2888 5308 σὺν
2917 5258 3051 5309 πᾶσι
3088 5259 3294 5328 κτίσμα
3321 5259 3522 5330 ὁμοίως
3555 5277 3655 5312 καη

2067 5343 2303 5398 λεῖσθαι·
2347 5348 2442 5400 καὶ
2485 5347 2635 5400 οὐδὲν
2679 5343 2748 5418 ἦν
2803 5347 3100 5419 ἐξαίρετον,
3157 5348 3508 5420 ὲξισουμὲνου
3557 5350 3652 5405 τοῦ

2067 5435 2185 5499 ἐνὸς
2211 5437 2322 5500 τοῖς
2362 5439 2498 5491 πᾶσι
2541 5439 2685 5492 κατὰ
2711 5439 2773 5492 τὸ
2809 5440 2972 5512 μέρος
3016 5441 3078 5494 τὸ
3121 5440 3180 5505 ἐξ
3219 5442 3320 5494 οὐκ
3350 5442 3550 5496 ὄντων·
3591 5444 3654 5498 οὐ

2071 5525 2230 5596 μόνον
2251 5528 2458 5598 εἴποιμι
2481 5529 2767 5598 ἀγγέλους,
2803 5530 2880 5601 τῷ
2900 5531 3085 5597 ,αὐτῶν
3109 5531 3166 5584 δὲ
3192 5536 3386 5605 ποιητῇ
3415 5534 3508 5586 καὶ
3536 5533 3656 5586 κτί-

2071 5631 2172 5687 στῃ
2202 5621 2500 5690 μονογενεϊ,
2531 5621 2668 5675 ἀλλὰ
2701 5623 2795 5677 καὶ
2826 5620 3170 5694 ἀνθρώπους,
3198 5625 3295 5678 καὶ
3337 5627 3530 5699 κτήνη,
3558 5626 3656 5681 καὶ
