3994 6224
350 331 465 383 605
962 328 1284 386 ADVERSU
1296 328 1334 385 S
1365 322 1709 388 lleRESES
1746 330 1874 390 LIB.

2048 335 2214 395 TOM.
2254 337 2296 392 Ι.
2314 369 2383 379 -
2399 337 2676 397 ΗΛΕΒΕΞ.
2720 338 2951 395 LXXVI.
3519 333 3623 392 606

348 448 456 500 ὅσα
489 448 935 519 ἀπειρομεγὲθως
986 448 1203 502 ἀποδέει
1232 447 1332 519 τῆς
1360 449 1568 502 ἐκείνου
1600 448 1814 519 φύσεως
1850 468 1919 504 κα

2050 454 2149 509 niti
2190 456 2412 512 nomine
2453 457 2887 520 continerentur,
2932 454 3016 510 vel
3051 450 3222 510 Filius
3256 454 3372 523 ipse
3398 451 3625 523 perinde

347 538 688 610 ἀξιώματος.
720 540 904 593 Ἔστιν
931 540 960 593 ό
991 538 1067 593 ὢν
1094 540 1191 593 σὺν
1226 540 1304 610 τῷ
1330 540 1444 594 ὄντι
1486 540 1545 606 ἐξ
1584 541 1746 595 αὑτοῦ
1777 542 1912 614 ἀχρό

2045 560 2108 599 ac
2142 554 2336 600 caetera
2372 553 2620 599 creatura
2664 542 2939 599 diceretur
2968 560 2980 595 :
3019 560 3198 615 neque
3231 542 3527 613 quidquam
3566 543 3623 597 in

344 647 459 695 νως
482 632 654 696 ὅντως
677 634 1092 704 γεγεννημένος,
1124 633 1224 687 οὐκ
1269 633 1328 701 ἐξ
1369 635 1468 687 οὐκ
1508 634 1697 697 ὄντων,
1732 634 1911 688 dare

2043 652 2107 691 eo
2126 644 2273 693 esset
2294 637 2574 702 eximium,
2598 650 2722 689 cum
2762 636 2862 689 hac
2904 652 2967 691 ex
2998 644 3174 706 parte,
3195 635 3337 705 quod
3361 650 3425 689 ex
3452 633 3625 688 nihilo

347 723 522 777 αὐτοῦ
544 742 557 755 ο
588 726 681 777 καὶ
707 724 821 778 ἔστι
845 725 907 778 τὸ
930 724 1086 794 ἅγιον
1117 725 1282 779 αὑτοῦ
1311 726 1557 796 Πνεῦμα,
1589 726 1648 780 τὸ
1669 727 1769 780 οὐκ
1793 727 1919 781 ἀλλά

2044 730 2346 799 productus
2385 727 2522 781 foret
2549 769 2564 789 ,
2600 744 2742 781 Ullus
2784 728 2872 781 ille
2902 742 3025 781 cum
3058 727 3270 781 caeteris
3303 726 3624 794 adaequare-

343 831 504 886 τριον
534 815 635 886 τῆς
660 815 824 870 αὐτοῦ
867 816 1074 881 οὐσίας,
1118 816 1240 871 οὐδὲ
1273 817 1349 880 ὼς
1381 818 1475 870 ἐπὶ
1519 815 1762 889 βοηθείᾳ,
1803 832 1919 872 κατε

2046 826 2133 870 tur
2160 814 2417 869 omnibus
2448 831 2459 865 :
2494 814 2630 868 adeo
2662 821 2719 867 ut
2756 830 2863 867 non
2891 814 3051 868 modo
3080 816 3401 884 angelicum
3432 813 3623 868 condi-

342 906 443 961 τὸν
482 908 685 962 Ἀετίου
711 908 887 977 λόγον,
911 907 1030 980 Θεῷ
1063 909 1632 980 προσπεπορισμένον.

2045 914 2163 960 tore
2202 918 2266 957 ac
2305 910 2555 958 creatore
2594 918 2696 957 suo
2732 903 2893 957 unico
2924 902 3013 958 Dei
3052 901 3211 968 Filio,
3239 906 3333 959 sed
3360 913 3413 960 et
3448 904 3624 959 homi-

344 1018 450 1059 nes
482 1012 536 1058 et
566 1004 801 1074 pecudes
848 1004 1229 1075 adatquentur,
1261 1020 1325 1059 ac
1359 1012 1557 1060 cmtera
1581 1044 1599 1070 ,
1634 1019 1755 1074 qua:
1818 1003 1887 1059 ab
1953 1001 2103 1056 illius
2147 1007 2341 1054 natura
2387 1014 2450 1051 ac
2480 998 2744 1066 dignitate
2793 997 3004 1052 inﬁnito
3044 998 3328 1053 intervallo
3393 997 3621 1052 distant.

346 1091 520 1163 Igitur
541 1093 715 1149 Filius
737 1093 1011 1151 exsistens
1044 1110 1169 1149 cum
1233 1096 1534 1151 exsistente
1591 1094 1750 1151 Patre
1773 1103 2013 1150 aeternus
2053 1101 2140 1146 est
2162 1133 2178 1160 ,
2219 1091 2285 1145 ab
2314 1105 2487 1160 eoque
2521 1090 2640 1144 sine
2679 1096 2958 1158 tempore,
2991 1103 3098 1142 non
3130 1104 3162 1143 e
3186 1088 3385 1152 nihilo,
3432 1086 3527 1142 sed
3553 1101 3622 1141 ex

347 1188 473 1257 ipso
520 1202 706 1243 revera
742 1190 975 1259 genitus,
1028 1197 1219 1261 estque
1259 1190 1497 1260 Spiritus
1546 1190 1666 1260 ejus
1706 1199 1930 1247 sanctus
2006 1189 2075 1245 ab
2125 1187 2270 1243 illius
2324 1195 2521 1241 natura
2572 1200 2679 1241 non
2727 1185 2972 1251 alienus;
3025 1200 3203 1256 neque
3249 1184 3399 1240 velut
3461 1182 3620 1253 adju-

347 1282 519 1336 menti
573 1281 770 1352 gratia,
829 1290 891 1336 ut
938 1283 1130 1339 Aetius
1183 1284 1498 1351 existimat,
1544 1300 1576 1340 a
1623 1284 1735 1341 Deo
1794 1290 2168 1355 comparatus.

711 1398 1112 1453 ΚΕΦΑΛΑΙΟΝ
1154 1400 1411 1454 ΑΕΤΙΟΥ
1446 1403 1571 1455 ΚΔν.

418 1486 485 1540 Εἰ
525 1486 586 1540 τὸ
636 1488 929 1560 ἀγέννητον
968 1491 1242 1563 στέρησις,
1291 1494 1323 1564 ἡ
1372 1493 1429 1546 δὲ
1470 1494 1727 1566 στέρησις
1774 1493 1940 1561 ἕξεως

343 1577 589 1650 ἀποϐολή
624 1580 791 1645 ἐστιν,
820 1583 852 1653 ἡ
886 1582 942 1635 δὲ
971 1581 1209 1655 ἀποϐολὴ
1243 1585 1521 1650 παντελῶς
1559 1586 1873 1651 ἀπόλλυται,
1900 1588 1933 1657 ἢ

346 1667 671 1737 μεθίσταται
720 1672 805 1740 ἐφ’
853 1671 1072 1743 ἕτερον·
1112 1673 1230 1738 πῶς
1277 1669 1388 1728 οἷόν
1428 1693 1487 1729 τε
1526 1676 1636 1741 ἕξει
1676 1677 1934 1747 μεθιστα-

2493 1390 2675 1445 AETII
2714 1388 2945 1450 CAPUT
2983 1388 3174 1445 XXIV.

2114 1483 2169 1538 Si
2219 1484 2517 1554 ingenitum
2554 1482 2788 1554 privatio
2824 1484 3080 1552 quaadam
3119 1488 3203 1538 est
3250 1497 3263 1534 :
3317 1490 3400 1538 est
3438 1487 3617 1535 autem

2040 1576 2272 1645 privatio
2314 1576 2621 1631 atl'ectionis
2652 1577 2918 1641 amissio;
2956 1577 3183 1632 amissio
3210 1590 3373 1646 porro
3404 1575 3621 1644 penitus

2038 1685 2067 1722 e
2105 1668 2284 1722 medio
2318 1668 2544 1730 tollitur,
2579 1679 2672 1720 aut
2702 1668 2758 1723 in
2797 1668 3026 1724 alterum
3061 1675 3451 1733 commutatur,
3482 1680 3621 1735 quo-

345 1759 488 1833 μὲνῃ
535 1761 566 1832 ἢ
596 1762 962 1836 ἀπολλυμένῃ,
998 1766 1464 1836 κατονομάζεσθαι
1495 1767 1593 1840 τὴν
1625 1769 1813 1824 οὐσίαν
1840 1769 1919 1822 τοί

2040 1775 2163 1813 nam
2213 1769 2372 1830 pacto
2404 1760 2691 1817 aﬁ‘ectione
2730 1763 2819 1816 illa
2862 1772 3177 1818 transeunte
3212 1771 3303 1814 aut
3334 1766 3615 1830 pereunte,

340 1852 480 1906 Θεοῦ
505 1854 785 1927 ἀγεννήτῳ
810 1859 1151 1930 προσηγορίᾳ
1172 1876 1186 1925 ;

901 2056 1227 2127 ’Λνατροπὴ
1255 2062 1383 2112 KA'.

413 2144 477 2195 ΕΞ
524 2144 632 2196 ἀπὸ
683 2145 777 2199 σοῦ
825 2146 917 2199 καὶ
968 2147 1149 2219 δεῦρο,
1184 2150 1441 2222 Ἀἐτιε,ή
1488 2152 1615 2221 περὶ
1643 2152 1778 2205 Θεοῦ
1806 2152 1932 2217 δόξα

334 2236 449 2288 ἀπὸ
476 2235 584 2289 τῶν
615 2236 722 2291 σῶν
752 2238 1127 2310 συλλογισμῶν
1153 2242 1227 2304 εἰς
1257 2242 1412 2308 δόξαν
1438 2242 1557 2314 Θεῷ
1582 2245 1928 2315 πεπόρισται,

336 2329 485 2382 κατά
508 2329 635 2392 τοὺς
659 2331 919 2385 ἀνωτάτω
954 2332 1059 2384 ὑπὸ
1113 2334 1206 2386 σοῦ
1249 2333 1542 2403 λεχθέντας
1589 2335 1801 2405 λόγους,
1836 2338 1930 2391 καὶ

335 2421 501 2485 αὐτὸς
552 2421 687 2492 πρὸς
743 2423 804 2474 σὲ
869 2423 1321 2495 ἀποτεινόμενος,
1378 2427 1787 2500 συγχωροῦντος
1834 2429 1927 2482 τοῦ

333 2512 495 2576 Θεοῦ,
527 2513 596 2565 τὰ
628 2513 716 2566 ἴσα
748 2531 831 2567 σοι
860 2516 953 2567 καὶ
999 2516 1160 2579 αὐτὸς
1202 2518 1676 2589 προσφθέγξομαι·
1714 2521 1795 2573 ὅτι
1827 2540 1928 2592 μη-

331 2606 483 2669 δενὸς
507 2605 616 2658 τῶν
645 2606 886 2660 παλαιῶν
917 2607 973 2660 ἓν
1010 2627 1069 2662 τε
1110 2613 1176 2680 τῇ
1225 2611 1438 2683 Παλαιᾷ
1477 2611 1722 2684 Διαθήκῃ
1751 2615 1843 2667 καὶ
1870 2617 1926 2667 ἐν

331 2701 401 2769 τῇ
442 2700 616 2769 Καινῇ
666 2700 836 2769 ἁγίων
871 2702 1183 2756 ἀποστόλων
1234 2704 1266 2774 ἦ
1300 2705 1596 2776 προφητῶν
1627 2706 1786 2761 τοῦτο
1827 2725 1926 2760 πε-

334 2791 705 2861 φρονηκότων,
738 2792 1001 2861 ἀμείνονά
1032 2810 1091 2844 σε
1141 2794 1302 2846 αὑτὸν
1341 2795 1603 2867 καθιστᾷς
1639 2798 1733 2849 καὶ
1759 2797 1926 2851 αὐτοῦ

328 2881 426 2934 τοῦ
462 2880 597 2935 Θεοῦ
629 2883 723 2936 καὶ
747 2883 985 2953 ἀσφαλῆ.
1018 2883 1153 2936 Ἀπὸ
1182 2884 1290 2955 γὰρ
1317 2886 1409 2938 σοῦ
1454 2889 1547 2940 καὶ
1573 2887 1730 2959 δεῦρο
1755 2906 1925 2959 προσ-

328 2974 494 3027 έλαϐε
524 2974 583 3026 τὸ
605 2973 778 3039 Θεῖον,
804 2975 878 3037 ῶς
907 2974 1046 3028 κατά
1070 2976 1159 3029 τὸν
1200 2976 1291 3030 σὸν
1314 2976 1505 3046 λόγον,
1534 2980 1611 3041 εἰς
1634 2980 1732 3050 τὴν
1761 2981 1925 3034 αὐτοῦ

330 3066 515 3120 πίστιν
559 3066 655 3138 τὴν
707 3066 1117 3138 συλλογιστικὴν
1175 3068 1377 3140 ταύτην
1428 3086 1520 3122 σου
1549 3071 1644 3142 τὴν
1682 3072 1927 3143 τεχνολο-

2038 1850 2141 1906 hoc
2168 1862 2253 1909 est
2287 1854 2513 1924 ingeniti
2549 1854 2934 1925 appellatione,
2962 1854 3056 1910 Dei
3084 1854 3394 1910 substantia
3424 1865 3622 1922 cogno-

2036 1942 2375 1998 minabitur?

2434 2056 2594 2128 971
2638 2056 2951 2125 Con/"utalia
2992 2055 3207 2112 XXIV.

2107 2145 2165 2200 Si
2201 2163 2347 2202 nunc
2382 2148 2615 2218 primum
2644 2168 2673 2205 a
2705 2159 2758 2207 te
2788 2162 2844 2206 et
2871 2167 2900 2205 a
2934 2151 3067 2211 tuis,
3103 2150 3246 2215 Aeti,
3280 2150 3617 2221 temporibus

2035 2248 2177 2293 certa
2232 2238 2299 2294 de
2346 2237 2455 2295 Deo
2511 2243 2698 2312 opinio
2761 2244 2871 2298 tuis
2909 2259 2977 2297 ex
3031 2242 3367 2313 syllogismis
3415 2249 3500 2296 est
3549 2241 3618 2295 ad

2033 2330 2274 2399 ejusdem
2316 2332 2543 2401 gloriam
2578 2333 2951 2405 honoremque
2982 2334 3324 2403 deprompta,
3356 2332 3618 2402 quemad-

2035 2423 2253 2477 modum
2285 2432 2439 2479 antea
2474 2426 2758 2495 prol‘essns
2791 2442 2874 2490 es,
2906 2443 3007 2498 ego
3040 2444 3190 2492 vero,
3216 2427 3307 2497 qui
3352 2427 3617 2480 adversus

2034 2524 2106 2581 te,
2156 2515 2265 2571 Deo
2294 2518 2617 2585 opitulante,
2664 2518 2908 2588 disputo.
2947 2520 3156 2585 eadem,
3194 2534 3314 2589 qua:
3363 2530 3417 2571 tu
3453 2517 3613 2579 dicis,

2032 2625 2301 2679 usurpare
2342 2620 2577 2679 potero:
2628 2628 2751 2666 cum
2805 2614 3157 2682 antiquorum
3206 2627 3365 2666 nemo
3399 2621 3508 2664 tam
3559 2611 3616 2664 in

2034 2701 2249 2769 Vetere,
2276 2719 2437 2772 quam
2465 2704 2519 2758 in
2551 2704 2703 2760 Novo
2739 2705 3113 2769 Testamento,
3153 2705 3267 2760 sive
3299 2720 3364 2757 ex
3393 2712 3614 2774 aposto~

2029 2792 2119 2854 lis,
2150 2792 2265 2847 sive
2292 2810 2355 2847 ex
2382 2796 2663 2865 prophetis
2692 2797 2767 2850 ita
2803 2798 3060 2862 senserit,
3087 2806 3181 2851 tuo
3213 2804 3265 2850 te
3292 2796 3503 2865 judicio
3532 2796 3614 2848 vel

2031 2883 2149 2954 ipso
2196 2884 2305 2940 Deo
2349 2889 2784 2956 praestantiorem
2827 2906 2979 2954 esse,
3026 2898 3082 2945 et
3129 2890 3199 2943 ab
3242 2904 3431 2943 errore
3464 2888 3611 2941 omni

2031 2986 2322 3032 remotum.
2376 2978 2587 3034 Etenim
2619 2982 2716 3035 abs
2749 2990 2800 3036 te
2839 2983 3106 3052 primum,
3157 2991 3209 3035 et
3239 2998 3303 3035 ex
3350 2981 3452 3035 hoc
3485 2988 3617 3033 tem-

2029 3083 2162 3139 pore
2188 3067 2428 3133 Deus,ut
2457 3085 2706 3126 asserere
2720 3072 2945 3139 videris,
2968 3080 3123 3126 tuum
3154 3071 3286 3125 illud
3315 3071 3614 3126 dialecticae

328 3157 477 3225 γίαν,
523 3157 584 3209 τὸ
633 3157 762 3228 περὶ
802 3158 1100 3228 ἀγεννὴτου
1134 3158 1312 3225 λέγειν
1359 3161 1687 3230 στερήσεως,
1720 3163 1814 3215 καὶ
1860 3163 1919 3216 τὸ

2027 3161 2347 3216 subtilitatis
2380 3162 2693 3229 artiﬁcium,
2728 3164 2876 3218 velut
2903 3164 3193 3233 quamdam
3228 3164 3349 3218 ﬁdei
3382 3179 3494 3218 suae
3526 3177 3612 3216 ac-

325 3250 614 3322 γεννητοῦ,
650 3252 745 3303 καὶ⁵
786 3250 1065 3314 παντελῶς
1103 3251 1376 3323 ἀποϐολῆς
1405 3252 1570 3319 ἕξεως
1614 3256 1709 3307 καὶ
1756 3274 1923 3327 μετα-

326 3343 512 3416 ϐολῆς,
546 3343 637 3396 καὶ
681 3346 809 3414 περὶ
854 3343 983 3396 Θεὸν
1028 3345 1429 3415 κατονομασίας
1468 3347 1525 3398 ἐν
1551 3349 1617 3418 τῇ
1654 3348 1797 3401 κατὰ
1830 3349 1921 3403 τὸν

325 3436 459 3490 Θεὸν
492 3437 680 3499 οὐσίας
719 3435 1082 3507 προσηγορίᾳ.
1111 3435 1247 3489 Οῦτε
1279 3438 1388 3509 γὰρ
1418 3438 1505 3491 διὰ
1550 3439 1610 3492 τὸ
1653 3440 1743 3492 τὸν
1788 3441 1919 3496 Θεὸν

323 3525 467 3583 εἶναι
494 3530 713 3583 πάντων
743 3529 966 3598 κτίστην
1012 3529 1124 3582 τῶν
1176 3531 1314 3601 μετά
1359 3531 1448 3584 τὸν
1492 3532 1771 3605 Μονογενῆ
1823 3536 1921 3589 αὑ-

324 3620 419 3674 τοῦ
438 3622 531 3673 καὶ
555 3621 616 3672 τὸ
639 3619 794 3689 ἆγιον
809 3619 971 3673 αὐτοῦ
1004 3620 1249 3691 Πνεῦμα,
1273 3622 1359 3676 διὰ
1385 3623 1483 3692 τῆς
1503 3623 1610 3676 τῶν
1638 3626 1920 3697 κεκτισμὲ-

324 3729 433 3765 νων
455 3712 767 3775 συστάσεως
793 3712 854 3764 τὸ
884 3712 1204 3783 στερητικὸν
1227 3713 1498 3784 ὲφευρέθη
1527 3713 1635 3768 τῶν
1657 3717 1718 3768 οὐ
1752 3732 1919 3788 προσ-

320 3803 491 3856 όντων
519 3802 658 3875 Θεῷ,
686 3804 719 3875 ἢ
750 3803 811 3856 τὸ
833 3803 1221 3875 ὁμολογητικὸν
1249 3805 1356 3859 τῶν
1384 3806 1553 3859 ὅντων
1578 3808 1726 3879 αὐτῷ
1757 3827 1920 3880 προσ-

323 3894 596 3966 είληπται,
644 3894 731 3947 ἵνα
777 3894 839 3947 τὸ
887 3895 1181 3965 μετέπειτα
1212 3896 1429 3950 κτισθὲν
1458 3897 1520 3951 τὸ
1548 3898 1771 3969 ἄμεινον
1799 3900 1917 3972 Θεῷ

323 3987 635 4057 προσφέρῃ,
688 3986 782 4040 καὶ
813 3988 1134 4057 ἀκραιφνὲς,
1162 3988 1252 4042 διὰ
1286 3988 1381 4042 τοῦ
1413 3990 1508 4043 ἀπ’
1535 3991 1746 4044 ἐκείνου
1781 3992 1917 4063 πρὸς
1954 4010 1959 4015 ·

321 4078 496 4132 ταῦτα
525 4078 847 4151 στερητικοῦ
882 4081 977 4133 καὶ
1004 4080 1381 4152 ἀμεταϐλήτου
1405 4083 1675 4136 ὲπινοοίτο
1705 4086 1744 4138 ¹.
1776 4084 1915 4137 Ἀλλ’

322 4168 406 4221 ὅτι
438 4169 584 4220 ἐστὶν
630 4169 716 4221 ἀεὶ
755 4168 887 4222 αὐτὸ
930 4169 989 4223 ὃν
1032 4170 1152 4223 ὅλον
1198 4170 1345 4238 δόξα,
1377 4173 1471 4225 καὶ
1503 4172 1622 4225 ὅλον
1653 4174 1916 4245 ἀπερίλη-

323 4274 459 4311 πτον
491 4256 596 4310 ὑπὸ
629 4257 842 4311 πάντων
864 4258 973 4311 τῶν
1024 4260 1116 4312 ὑπ’
1146 4261 1311 4313 αὐτοῦ
1346 4263 1737 4333 κεκτισμένων,
1776 4265 1916 4319 κατὰ

319 4347 381 4401 τὸ
417 4350 615 4421 μέτρον
644 4348 753 4403 τῶν
785 4351 919 4422 πρὸς
947 4350 1047 4422 τὴν
1085 4351 1394 4421 δοξολογίαν
1427 4355 1912 4425 ἐπεκτεινομένων,

318 4440 763 4513 δοξολογούμενον
790 4442 921 4512 παρ’
946 4444 1198 4511 ἀγγέλοις
1228 4444 1325 4513 μὲν
1356 4444 1499 4499 κατὰ
1529 4446 1626 4517 τὴν
1663 4447 1912 4515 ἀγγέλων

317 4533 588 4600 γλῶσσαν,
618 4534 716 4605 τὴν
763 4535 915 4606 παρά
957 4534 1035 4606 τῷ
1079 4537 1383 4607 Ἀποστόλῳ
1428 4539 1760 4609 προκριτέαν
1802 4538 1912 4591 τῶν

315 4625 620 4696 ἀνθρώπων
650 4626 1214 4697 καταγγελλομένην²,
1242 4628 1379 4681 κατὰ
1420 4629 1519 4699 τὴν
1561 4629 1671 4683 τῶν
1704 4628 1912 4702 ἀνθρώ-

314 4734 434 4769 πων
482 4716 733 4784 γλῶσσαν
762 4719 863 4789 τὴν
917 4716 1320 4788 ὑποϐεϐηκυῖαν
1342 4718 1418 4790 τῷ
1450 4719 1635 4790 μέτρῳ
1655 4720 1748 4772 καὶ
1773 4720 1913 4773 κατὰ

314 4809 414 4879 τὴν
438 4809 546 4863 τῶν
576 4810 656 4862 ἔτι
696 4810 1118 4881 ὑποϐεϐηκότων
1162 4810 1408 4882 δύναμιν.
1467 4812 1578 4865 Καὶ
1605 4811 1666 4864 οὐ
1693 4812 1911 4875 πάντως

313 4902 372 4955 ὲν
400 4902 615 4973 ἑκάστῳ
640 4903 898 4973 κτίσματι
940 4903 1218 4971 ἀναλόγως
1258 4903 1602 4975 ὑποϐέϐηκεν
1633 4906 1667 4974 ἡ
1695 4902 1909 4968 δοξολο-

313 4994 428 5064 για,
464 4995 498 5065 ἢ
531 4994 929 5067 μεταϐέϐληται
950 5014 964 5028 ο
994 4996 1111 5050 ἀλλ’
1134 4996 1249 5049 ἔστι
1288 4996 1387 5067 μὲν
1421 4998 1479 5049 ἐν
1504 4998 1671 5068 ἑαυτῇ
1704 4996 1911 5067 ἀμετά-

312 5088 529 5158 ϐλητος,
566 5082 958 5159 στερισκομένη
982 5089 1003 5121 ³
1031 5090 1211 5159 πάσης
1243 5089 1473 5151 κτίσεως
1502 5088 1639 5160 πρὸς
1668 5089 1729 5141 τὸ
1755 5088 1911 5142 ἀπει-

315 5194 406 5247 ρον
438 5179 846 5234 ἐπεκτείνεσθαι
892 5182 949 5234 ἐν
996 5180 1293 5251 δοξολογίᾳ,
1340 5164 1778 5251 ὑπερϐαινούσης
1810 5180 1899 5234 ἀεὶ

310 5270 489 5323 πάντα
519 5269 643 5323 νοῦν
669 5270 769 5340 τῆς
798 5272 1059 5325 ἀνωτάτω
1090 5272 1297 5336 οὐσίας,
1330 5273 1389 5324 οὐ
1420 5271 1508 5325 διὰ
1534 5271 1646 5324 τῶν
1673 5270 1903 5342 λεγομέ-

310 5379 419 5417 νων
444 5362 547 5415 ὐπό
585 5363 803 5416 πάντων
842 5363 1040 5430 ἐξεῖναι
1083 5363 1303 5434 αὐτῇ,ἢ
1345 5363 1635 5434 τροπὴν,ἢ
1675 5363 1905 5434 μεταϐο-

310 5453 431 5527 λὴν,
462 5453 496 5524 ἣ
531 5454 813 5526 προκοπὴν
847 5454 1323 5526 περιποιουμένης.
1371 5454 1435 5506 Ἠ
1464 5453 1573 5524 γὰρ
1611 5452 1748 5523 αὐτὴ
1787 5452 1902 5506 θεό-

310 5562 409 5617 της
466 5546 703 5617 ἀμείνων
760 5547 915 5612 ἐστὶ,
971 5545 1066 5599 καὶ
1117 5546 1488 5616 ἀσύγκριτος,
1546 5547 1641 5600 καὶ
1690 5543 1904 5610 δεδοξα-

313 5640 507 5711 σμένη.

381 5796 400 5829 ¹
433 5792 496 5852 F.
532 5793 935 5866 ὲπινοουμένου.
1011 5796 1030 5828 ²
1059 5792 1221 5851 Deest
1254 5790 1405 5864 παρὰ
1426 5792 1481 5846 δὲ
1511 5791 1615 5846 τῶν
1641 5791 1965 5864 ἀνθρώπων.
2041 5794 2059 5824 ³
2097 5792 2214 5848 Vet.
2242 5789 2679 5863 περιεσκωμὲνη.

2025 3254 2329 3309 cessionem
2366 3254 2585 3323 adjecit,
2641 3262 2830 3324 utputa
2869 3262 3039 3309 totam
3095 3256 3243 3308 illam
3278 3254 3607 3322 disputatio-

2023 3357 2147 3397 nem
2176 3344 2242 3396 de
2269 3342 2489 3412 ingeniti
2526 3345 2850 3413 privatione,
2879 3345 3057 3414 deque
3086 3346 3290 3415 genito,
3349 3362 3413 3398 ac
3438 3344 3504 3398 de
3535 3343 3612 3396 af-

2023 3434 2278 3491 fectionis
2307 3437 2600 3491 amissione
2629 3438 2890 3506 perfecta,
2925 3439 3039 3492 sive
3062 3437 3496 3491 connnutatione
3544 3451 3608 3490 ac

2023 3525 2090 3581 de
2121 3528 2483 3596 appellatione
2518 3527 2630 3593 Dei,
2666 3544 2785 3598 quae
2815 3530 3135 3585 substantiae
3184 3530 3357 3600 ipsius
3411 3529 3610 3584 tribui-

2022 3628 2130 3672 tur.
2165 3619 2372 3674 Etenim
2404 3638 2512 3676 non
2548 3622 2770 3687 idcirco,
2803 3623 2951 3691 quod
3002 3622 3146 3678 Deus
3175 3624 3423 3679 omnium
3488 3632 3612 3692 post

2025 3711 2244 3764 unicum
2297 3709 2492 3764 Filium
2561 3727 2624 3765 ac
2677 3710 2939 3780 Spiritum
3013 3725 3261 3767 sanctum
3297 3719 3613 3783 procreator

2022 3799 2114 3865 sit,
2151 3816 2215 3855 ex
2253 3802 2602 3855 conditarum
2630 3818 2815 3856 rerum
2841 3802 3257 3868 constitutione,
3294 3811 3388 3857 aut
3415 3818 3606 3857 eorum

2021 3905 2141 3959 qua:
2167 3891 2367 3945 absunt
2398 3908 2427 3945 a
2454 3892 2582 3957 Deo,
2620 3891 2874 3961 privatio,
2905 3903 3001 3946 aut
3029 3909 3245 3959 eorum,
3269 3894 3611 3964 quaginsunt

2021 3985 2311 4040 aﬁirmatio
2362 3985 2462 4040 fuit
2496 3986 2779 4055 adjuncta,
2809 3988 2967 4057 quasi
3005 3987 3150 4054 quod
3188 3996 3378 4057 postea
3419 3984 3610 4041 condi-

2021 4084 2133 4129 tum
2178 4085 2264 4131 est
2313 4079 2663 4147 praestantius
2709 4077 2820 4134 Deo
2867 4078 3167 4148 Quidquam
3217 4077 3507 4139 conciliet,
3553 4084 3610 4131 et

2020 4181 2215 4233 purum
2265 4166 2543 4235 quidpiam
2609 4181 2672 4219 ac
2738 4166 3014 4220 sincerum
3055 4181 3120 4220 ex
3151 4179 3338 4218 earum
3381 4176 3605 4227 rerum,

2020 4257 2347 4327 quibuscum
2406 4255 2708 4321 confertur,
2778 4257 3108 4327 privatione,
3159 4266 3213 4310 et
3279 4252 3607 4308 immutabili

2018 4361 2162 4409 statu
2211 4351 2576 4421 excogitatum
2631 4350 2813 4405 fuerit.
2855 4348 2963 4403 Sed
3010 4349 3269 4402 nimirum
3315 4348 3369 4402 id
3414 4363 3479 4402 ex
3540 4361 3606 4401 eo

2020 4444 2288 4509 manavit,
2345 4442 2490 4511 quod
2521 4442 2798 4497 exsistens
2838 4442 2955 4512 ipse
2989 4448 3137 4495 totus
3167 4440 3340 4510 gloria
3387 4446 3492 4501 est,
3542 4452 3606 4492 ac

2017 4543 2164 4590 totus
2192 4533 2487 4605 ejusmodi,
2516 4542 2576 4588 ut
2605 4534 2673 4589 ab
2718 4533 2919 4588 creatis
2954 4533 3121 4587 rebus
3159 4530 3421 4585 omnibus
3460 4544 3605 4583 com-

2017 4628 2279 4699 prehendi
2315 4635 2587 4697 nequeat,
2622 4641 2743 4695 quae
2772 4640 2873 4694 pro
2905 4625 3129 4678 modulo
3159 4637 3263 4679 suo
3290 4620 3359 4674 ad
3390 4621 3511 4690 ejus
3544 4634 3604 4674 se

2018 4722 2457 4793 praedicationem
2483 4718 2793 4772 intendunt.
2819 4715 2922 4782 Qui
2948 4715 3164 4786 quidem
3200 4725 3259 4768 ut
3288 4713 3357 4766 ab
3385 4712 3594 4783 angelis

2016 4813 2239 4884 propria
2271 4813 2514 4881 ipsorum
2566 4809 2773 4878 lingua,
2803 4821 2969 4877 quam
3000 4806 3297 4876 Apostolus
3322 4805 3602 4859 hominum

2018 4904 2218 4975 linguis
2247 4899 2585 4971 anteponit‘,
2613 4900 2926 4955 celebratur
2970 4914 3033 4953 ac
3059 4898 3314 4952 laudibus
3334 4894 3559 4951 effertur
3587 4909 3600 4944 :

2018 4997 2091 5049 ita
2121 5003 2175 5051 et
2211 4995 2448 5049 humana
2495 4993 2679 5061 lingua
2706 4991 2927 5056 colitur,
2956 5006 3078 5060 qua:
3105 4987 3383 5043 inferioris
3422 4985 3604 5056 digni-

2019 5090 2150 5144 tatis
2196 5096 2303 5150 est,
2350 5101 2414 5139 ac
2448 5084 2686 5155 denique
2737 5085 2900 5140 etiam
2938 5084 3007 5136 ah
3048 5081 3249 5135 inﬁmis
3296 5078 3603 5147 quibusque

2008 5182 2174 5236 rebus
2209 5195 2309 5249 pro
2336 5178 2545 5233 viribus
2566 5177 2836 5246 cujusque
2864 5173 3216 5243 praedicatur.
3258 5168 3443 5238 Neque
3473 5183 3601 5223 vero

2015 5274 2075 5327 in
2131 5270 2364 5342 singulis
2418 5270 2689 5324 creaturis
2750 5266 3102 5337 proportione
3165 5262 3400 5331 quadam
3453 5260 3601 5313 illius

2018 5361 2189 5433 gloria
2262 5360 2688 5431 prtedicatioque
2731 5357 3018 5417 minuitur,
3073 5359 3167 5407 aut
3240 5350 3596 5405 mutationem

2013 5453 2238 5524 patitur,
2280 5452 2375 5507 sed
2429 5447 2785 5504 immutabilis
2817 5447 2983 5501 estin
3024 5458 3166 5507 sese,
3202 5442 3366 5513 idque
3394 5441 3596 5497 creatis

2011 5553 2095 5600 est
2130 5545 2293 5600 rebus
2312 5543 2568 5598 onmibus
2600 5540 2951 5610 denegatum,
2989 5545 3048 5591 ut
3081 5536 3148 5591 ad
3177 5535 3327 5591 illius
3359 5532 3598 5589 inﬁnita.

2011 5645 2117 5691 tem
2146 5635 2493 5708 praedicando
2520 5632 2735 5703 possint
2777 5628 3023 5695 extendi,
3061 5643 3187 5684 cum
3217 5641 3474 5701 suprema
3506 5628 3597 5682 illa

2759 5788 2821 5844 ‘l
2848 5787 2977 5846 Cor.
3005 5788 3121 5858 xn't,
3150 5789 3199 5844 l.
