3994 6224
408 298 513 350 607

1841 325 1895 380 S.
1949 325 2286 388 EPIPHANII

3565 341 3671 398 608

409 414 715 474 substantia
787 436 1019 481 mentem
1077 444 1293 486 onmem
1349 432 1867 512 intelligentiamque
1934 456 2174 516 superet.
2219 451 2350 516 Quae
2381 453 2452 509 ob
2479 469 2543 508 ea
2585 471 2707 526 quze
2751 456 2820 512 ab
2849 459 3106 538 omnibus
3143 461 3192 516 ei
3229 463 3572 531 tribuuntur,
3614 483 3672 527 et

411 505 589 538 ίιιηοοιι
629 513 886 538 .ιι,...--.---
957 521 1095 538 ..ηιικ
1342 533 1354 538 -
1772 535 1782 538 -

1530 505 1544 506 7
1780 505 1793 512 _
1996 505 2020 516 ,-
2229 505 2344 516 ___,,,-
2389 505 2445 509 γε-
2488 505 2543 508 κ..
2590 505 2705 526 -..μ-
2752 505 2816 512 --
2852 505 3106 538 ν’--νησ-νηυυ
3144 505 3192 516 ν-
3231 505 3572 531 -ιινυιιηιυιο
3614 505 3672 527 El-

411 505 590 564 iuesse
627 513 905 582 dicuntur,
957 521 1162 575 nullam
1200 533 1484 594 propterea
1535 535 1971 600 conversionem,
2015 543 2374 600 mutationem
2425 559 2518 600 aut
2548 547 2948 604 incrementum
2991 554 3288 623 experitur.
3361 558 3458 616 Est
3519 562 3672 616 enim

415 603 530 623 .I2__'_
561 606 593 623 ο.
689 610 699 620 ι
835 613 848 623 ι
1149 618 1182 623 --

407 603 662 664 divinitas
689 610 804 679 ipsa
835 613 994 684 longe.
1015 618 1271 674 omnibus
1291 625 1659 691 prazstantior,
1688 636 1743 682 et
1773 631 2240 707 incomparabilis,
2270 642 2566 713 gloriaeque
2599 645 2938 713 plenissima.

765 724 930 796 972
970 728 1151 784 AETII
1194 733 1422 789 CAPUT
1461 737 1628 795 XXV.

475 811 530 864 Si
571 812 869 880 ingenitum
917 819 1297 888 privationem,
1338 843 1460 896 quae
1507 827 1618 883 Deo
1663 847 1770 886 non
1819 834 1982 901 inest,

402 899 705 970 signiﬁcat,
749 920 848 959 cur
893 907 1194 978 ingenitum
1221 928 1346 970 esse
1370 954 1384 978 ,
1429 918 1671 988 genitum
1705 937 1837 979 vero
1875 940 1984 980 non

401 1007 524 1050 esse
555 995 830 1050 dicimus?

931 1088 1244 1160 Confutatio
1279 1097 1380 1151 XX
1401 1098 1462 1156 V.

475 1173 798 1244 lngenitum,
835 1181 940 1234 etsi
993 1180 1102 1238 Deo
1137 1201 1324 1242 revera
1357 1194 1670 1262 conveniat,
1707 1213 1980 1268 nusquam

399 1271 586 1318 tamen
621 1283 942 1336 expressum
995 1283 1114 1342 est;
1171 1294 1272 1333 nec
1322 1296 1350 1334 a
1395 1287 1656 1354 propheta
1703 1291 1852 1356 ullo,
1893 1294 1979 1348 vel

399 1356 668 1424 apostolo,
704 1359 787 1413 vel
831 1365 1165 1434 evangelista
1227 1385 1740 1432 commemoratum.
1793 1380 1982 1452 Neque

400 1461 528 1500 vero
559 1450 757 1504 mirum
783 1468 907 1508 esse
942 1457 1204 1526 deberet,
1243 1463 1287 1518 si
1321 1463 1387 1519 de
1421 1465 1531 1521 Deo
1563 1469 1890 1528 afﬁrmatum
1923 1475 1982 1526 il-

397 1539 489 1592 lud
518 1551 682 1596 esset.
717 1542 996 1614 Siquidem
1039 1550 1164 1619 pius
1191 1552 1258 1608 de
1297 1555 1407 1610 Deo
1437 1574 1634 1616 sensus
1663 1553 1790 1617 olim
1817 1565 1966 1620 istud

395 1629 574 1698 ipsum
612 1648 642 1686 e
681 1637 918 1691 naturali
953 1643 1188 1709 quadam
1239 1645 1356 1716 lege
1392 1649 1669 1708 hauserat.
1702 1654 1782 1709 Tu
1821 1673 1974 1722 vero,

395 1721 552 1783 Acti,
583 1725 908 1780 vocabulum
955 1729 1100 1784 istud
1151 1735 1332 1789 studio
1365 1740 1625 1798 novitatis
1665 1744 1972 1813 inculcans,

395 1812 537 1864 velut
567 1814 856 1870 mirificum
875 1821 1159 1888 quiddam,
1189 1835 1242 1879 et
1273 1826 1599 1886 inusitatum
1623 1839 1976 1905 proposuisse

393 1913 444 1956 Ie
474 1911 653 1960 putas.
679 1905 820 1971 Quin
851 1911 1016 1964 etiam
1047 1916 1514 1985 religiosissimam
1540 1933 1752 1982 natura:
1778 1929 1974 2000 legem,

392 2009 602 2048 necnon
643 2005 699 2050 et
745 1999 902 2064 I'idei,
948 2017 1110 2071 quam
1158 2008 1224 2060 ad
1264 2012 1519 2068 meliores
1565 2015 1814 2074 homines
1852 2022 1973 2076 red-

391 2082 600 2141 dendos
627 2087 810 2143 divina
838 2093 1057 2150 bonitas
1085 2096 1337 2166 indulsit,
1365 2105 1701 2172 permiscere
1742 2127 1806 2166 ac
1836 2129 1972 2168 con-
2003 2089 2044 2150 Β

391 2172 616 2232 fundere
649 2189 880 2238 conatus
926 2200 1021 2252 es,
1059 2187 1188 2242 dum
1233 2191 1476 2262 ingenito
1520 2199 1764 2267 genitum
1803 2205 1974 2274 maje-

391 2273 529 2322 state
575 2269 949 2344 dignitateque
983 2293 1078 2345 par
1111 2293 1459 2340 commentus
1488 2302 1571 2352 es,
1615 2299 1674 2344 ut
1704 2293 1794 2348 ille
1833 2269 1970 2365 ipse,

387 2374 548 2426 quem
601 2362 925 2420 dissimilem
982 2369 1206 2434 adoras,
1253 2373 1537 2446 inatqualis
1589 2381 1640 2436 ei
1695 2383 1968 2452 videatur,

385 2465 548 2518 quem
580 2451 921 2512 dissimiliter
951 2461 1239 2528 praedicas.
1277 2463 1396 2520 Jam
1424 2484 1590 2534 vero,
1643 2473 1686 2528 si
1737 2451 1971 2546 appella-

387 2539 534 2595 tione
569 2543 686 2598 sola
719 2543 931 2601 Patrem
991 2551 1223 2620 adoras,
1268 2558 1490 2614 nonnisi
1535 2576 1631 2630 per
1663 2563 1970 2623 simulatio-

385 2639 604 2692 nem,et
625 2631 937 2691 illusionem
967 2639 1229 2696 honorem
1263 2644 1406 2700 hunc
1441 2648 1519 2702 illi
1554 2651 1773 2709 defers:
1814 2656 1965 2724 item,

385 2720 430 2775 si
469 2719 700 2791 Filium,
751 2741 912 2795 quem
947 2729 1098 2785 Patri
1145 2734 1469 2792 dissimilem
1518 2747 1794 2812 agnoscis,
1831 2749 1966 2804 ado-

383 2811 616 2866 randum
655 2829 914 2882 censeas,
945 2837 1215 2878 summam
1248 2828 1572 2887 adoratione
1601 2834 1689 2888 illa
1721 2845 1816 2891 tua
1847 2855 1966 2909 per-

383 2903 750 2960 turbationem
795 2908 1034 2974 inducis,
1079 2929 1204 2969 cum
1257 2918 1578 2978 dissimilem
1611 2927 1801 2982 eodem
1839 2945 1964 2985 cum

381 3006 468 3055 eo,
521 2995 680 3064 cujus
724 3007 808 3054 est
864 3000 1174 3070 dissimilis,
1227 3009 1439 3067 honore
1497 3015 1684 3072 allicis.
1735 3019 1961 3086 Quodsi,

380 3099 503 3152 quze
536 3087 612 3140 tui
644 3090 915 3159 dogmatis
948 3097 1174 3164 perlidia
1211 3110 1333 3166 est,
1385 3102 1581 3160 Filium
1636 3109 1869 3166 adorare
1911 3121 1964 3169 te
2005 3127 2010 3131 ‘

380 3190 568 3246 neges,
607 3181 790 3234 statim
825 3191 878 3238 te
911 3200 1101 3243 omnes
1133 3191 1485 3263 redarguent,
1543 3206 1601 3252 ut
1638 3201 1730 3270 qui
1765 3219 1964 3273 nequa-

379 3283 542 3335 quam
598 3271 746 3324 illum
795 3288 1086 3343 agnoscas,
1135 3297 1299 3350 quem
1363 3288 1596 3343 adorare
1663 3307 1856 3350 omnes
1908 3304 1962 3350 et

379 3361 642 3427 aaqualcm
687 3364 932 3419 confiteri
985 3369 1205 3427 debent.
1261 3376 1587 3434 Adorabunt
1643 3384 1786 3437 enim
1835 3401 1957 3441 eum

379 3463 573 3503 Omnes
603 3455 784 3522 angeli
833 3455 980 3513 Dei‘.
1015 3459 1277 3518 Eumdem
1329 3466 1519 3532 Maria,
1553 3487 1678 3526 eum
1709 3475 1763 3528 in
1797 3493 1961 3534 carne

382 3541 824 3608 splendidissime
855 3552 1314 3622 resurrexisset',
1361 3572 1426 3612 ac
1479 3573 1754 3627 postremo
1792 3567 1960 3623 disci-

383 3633 492 3698 puli
520 3647 709 3690 omnes
743 3638 1060 3695 adorarunt.
1095 3642 1236 3699 Iluic
1267 3649 1412 3702 enim
1445 3651 1572 3706 facti
1605 3659 1843 3713 creative
1871 3675 1962 3729 ap-

382 3725 728 3794 pellationem
765 3732 988 3789 minime
1024 3741 1338 3804 convenire,
1375 3753 1560 3812 utpote
1608 3763 1632 3802 a
1676 3747 1836 3805 Patre
1869 3769 1961 3821 ge-

383 3816 529 3882 nito,
582 3835 689 3874 non
742 3821 1018 3893 ignorant.
1071 3826 1260 3898 Itaque
1296 3833 1648 3890 exsistenteln
1701 3841 1767 3892 ah
1815 3844 1961 3898 exsi-

381 3917 558 3964 stente
589 3920 808 3978 natum,
867 3933 1080 3974 necnon
1128 3929 1182 3975 et
1229 3922 1494 3992 Spiritum
1532 3942 1781 3984 sanctum
1859 3935 1958 3988 ad-

383 4005 568 4055 orant.
596 3999 810 4056 Norunt
841 4007 982 4059 enim
1011 4009 1159 4062 illum
1185 4011 1250 4065 ab
1269 4013 1612 4070 conditarum
1649 4033 1830 4075 rerum
1865 4039 1963 4077 na-

380 4092 503 4137 tura
534 4085 864 4158 discrepare.
899 4093 1110 4164 Quippe
1159 4113 1266 4152 non
1317 4099 1496 4157 factus
1543 4117 1646 4170 est,
1683 4117 1777 4162 aut
1809 4127 1962 4167 crea-

383 4185 490 4236 tus,
531 4177 622 4231 sed
655 4196 683 4232 a
715 4179 873 4238 Patre
929 4187 1158 4254 genitus.
1220 4191 1584 4255 Quamobrem
1628 4213 1752 4252 cum
1799 4203 1962 4270 pluri-

381 4277 527 4316 mum
559 4271 894 4337 aestuaveris,
944 4289 1009 4328 ac
1043 4279 1272 4332 multum
1311 4283 1573 4351 temporis
1603 4300 1964 4360 consumpse-

2010 753 2060 810 Δ

2440 760 2840 814 ΚΕΦΑΛΑῘΟΝ
2891 763 3149 818 ΑΕΤΙΟΥ
3193 765 3320 822 ΚΕ’.

2159 847 2222 899 Et
2249 847 2310 901 τὸ
2329 847 2621 920 ἀγέννητον
2642 849 2792 920 δηλοί
2815 850 3068 923 στέρησιν
3095 854 3170 926 μὴ
3191 857 3500 928 προσοῦσαν
3529 860 3678 933 Θεῷ,

2087 935 2205 1000 πῶς
2234 937 2526 1009 ἀγέννητον
2554 934 2694 992 εἶναι
2732 939 2980 1011 λέγομεν,
3005 945 3263 1014 γεννητὸν
3294 945 3350 1000 δὲ
3386 948 3462 1020 μὴ
3491 946 3678 1018 εἶναι;

2632 1117 2957 1186 Ἀνατροπὴ
2993 1123 3040 1173 Κ
3045 1119 3104 1174 E’
3111 1161 3124 1174 .

2155 1207 2474 1280 ’Λγέννητόν
2491 1210 2606 1262 ἐστι
2624 1209 2723 1280 μὲν
2745 1205 2858 1272 οὖν,
2879 1211 3080 1282 esset»;
3095 1213 3152 1266 δὲ
3167 1214 3543 1285 οὐδαμοῦ,οὐκ
3563 1218 3682 1274 ἀπὺ

2081 1295 2176 1349 τοῦ
2208 1299 2505 1368 προφήτου,
2533 1299 2632 1351 οὑκ
2679 1299 2786 1352 ἀπὸ
2820 1300 3138 1367 ἀποστόλου,
3183 1304 3284 1357 οὐκ
3297 1305 3407 1359 ἀπὸ
3435 1307 3676 1376 εὐαγγε-

2080 1386 2285 1440 λιστοῦ.
2335 1387 2526 1459 Θαῦμα
2559 1387 2667 1460 γὰρ
2696 1389 2818 1442 οὑδὲ
2847 1391 2904 1442 ἓν
2933 1391 3095 1445 τοῦτο
3133 1388 3201 1464 ἦν
3241 1396 3370 1465 περὶ
3411 1396 3550 1450 Θεοῦ
3579 1399 3673 1452 λέ-

2080 1497 2218 1548 γειν.
2267 1481 2482 1552 Προσῆν
2541 1481 2650 1552 γὰρ
2699 1480 2775 1552 τῷ
2821 1483 3036 1536 εὐσεϐεῖ
3077 1485 3324 1558 λογισμῷ
3371 1487 3464 1542 ὑπ’
3503 1489 3674 1543 αὑτοῦ

2077 1569 2171 1622 τοῦ
2213 1571 2351 1624 κατά
2389 1572 2490 1641 τὴν
2517 1571 2678 1640 φύσιν
2705 1573 2891 1644 νόμου.
2923 1575 2995 1628 Σὺ
3028 1576 3109 1637 δὲ,
3129 1577 3324 1643 Ἀέτιε,
3347 1579 3510 1633 τοῦτο
3541 1582 3674 1652 ἡμῖν

2078 1661 2498 1732 καινοτομήσας,
2525 1662 2725 1730 λέγειν,
2775 1665 2848 1728 ὡς
2903 1665 3088 1738 θαῦμα
3125 1672 3548 1743 προσεισφέρειν
3575 1690 3666 1726 σε·

2076 1751 2224 1821 αυτῷ
2254 1753 2511 1822 νομίζεις.
2553 1755 2863 1826 Συνέφυρας
2891 1756 2949 1810 δὲ
3003 1759 3099 1812 καὶ
3143 1761 3435 1831 συνέμιξας
3467 1762 3547 1833 τῷ
3569 1764 3668 1816 εὑ-

2077 1843 2224 1894 σεϐεῖ
2243 1843 2342 1912 τῆς
2365 1843 2576 1911 φύσεως
2613 1845 2780 1916 νόμῳ,
2821 1847 2914 1900 κα)¹
2947 1848 3023 1918 τῷ
3048 1851 3145 1920 τῆς
3185 1852 3422 1916 πίστεως
3453 1853 3666 1924 θεσμῷ,

2073 1930 2150 2000 τῷ
2179 1932 2269 1983 ἐπὶ
2301 1931 2585 2003 προσθήκῃ
2618 1933 2950 2003 βελτιώσεως
2981 1937 3046 1988 ἐκ
3079 1937 3214 1990 Θεοῦ
3257 1941 3666 2010 κεχαρισμένῳ,

2075 2021 2134 2074 τὸ
2175 2023 2251 2092 τῷ
2306 2024 2585 2094 ἀγεννήτῳ
2635 2025 2891 2096 γεννητὸν
2946 2027 3226 2097 ἐπινοῆσαι
3271 2028 3616 2098 ὲξισοὺμενος
3645 2029 3667 2059 ⁵

2073 2112 2150 2183 τῷ
2177 2112 2467 2184 ἀξιώματι,
2527 2115 2614 2168 ἵνα
2653 2117 2682 2168 ὁ
2735 2116 2886 2186 παρά
2931 2117 3014 2170 σοὶ
3057 2119 3531 2190 προσκυνούμενος
3569 2123 3670 2175 ἀν-

2072 2203 2254 2272 όμοιος
2285 2203 2396 2266 ἶσος
2422 2203 2668 2275 εὑρεθείη
2711 2204 2788 2274 τῷ
2836 2207 2975 2257 κατά
3021 2205 3080 2258 σὲ
3103 2207 3368 2276 ἀνομοίως
3400 2223 3670 2277 κηρυττοο

2076 2294 2237 2364 μένῳ.
2281 2295 2343 2347 Ei
2391 2295 2486 2364 μὲν
2530 2289 2622 2348 οὖν
2667 2295 3104 2365 προσκυνήσειας
3153 2296 3243 2348 τὸν
3283 2295 3506 2368 Πατέρα
3533 2295 3666 2366 ψιλῇ

2070 2383 2351 2455 ὀνομασίᾳ,
2380 2385 2633 2456 εἰρωνείᾳ
2683 2385 2782 2454 τήν
2814 2385 2980 2456 τιμὴν
3009 2387 3392 2457 προσήνεγκας
3415 2401 3428 2414 ·
3479 2388 3573 2440 καὶ
3617 2386 3668 2440 ει

2069 2473 2160 2528 τὸν
2205 2475 2332 2528 Υίὸν
2377 2477 2831 2546 προσκυνήσειας,
2885 2477 3138 2547 ἀνόμοιον
3188 2478 3364 2547 Πατρὶ
3411 2476 3668 2546 ἐπιγινώ-

2069 2585 2236 2631 σκων,
2282 2568 2544 2638 σύγχυσιν
2615 2569 2855 2640 εἰργάσω
2901 2571 2960 2622 ἐν
3019 2571 3085 2640 τῇ
3137 2571 3527 2641 προσκυνήσει,
3571 2572 3666 2624 ἀν-

2069 2660 2255 2730 όμοιον
2305 2659 2558 2730 ἀνομοίου
2595 2659 2724 2724 ἴσως
2770 2661 3032 2731 τιμήσας·
3087 2663 3136 2714 εί
3180 2661 3238 2714 δὲ
3282 2661 3370 2714 διὰ
3412 2660 3666 2762 τὴνιέσοῦ

2066 2750 2333 2820 πρόληψιν
2391 2752 2489 2822 τῆς
2543 2751 2797 2814 ἀπιστίας
2855 2753 3080 2823 ἀρνήσει
3138 2755 3463 2823 προσκυνεῖν
3518 2751 3658 2822 Υῐῷ,

2065 2841 2367 2914 ἐλεγχθήσῃ
2397 2843 2500 2897 ὑπὸ
2535 2844 2774 2908 πάντων,
2817 2844 2918 2896 οὐκ
2961 2846 3216 2912 ἐπιγνοὺς
3253 2845 3343 2897 τὸν
3376 2843 3664 2914 ὀφειλομέ-

2064 2950 2168 2995 νως
2211 2932 2314 2984 ὑπὸ
2359 2933 2574 2986 πάντων
2617 2933 3082 3004 προσκυνούμενον
3113 2933 3206 2986 καὶ
3240 2931 3374 2984 ἴσον·
3419 2949 3664 3002 προσκυ-

2063 3025 2285 3094 νήσουσι
2315 3024 2423 3096 γὰρ
2468 3023 2616 3095 αὑτῷ
2659 3025 2860 3089 πάντες
2891 3025 3111 3094 ἄγγελοι
3139 3025 3297 3078 Θεοῦ.
3341 3025 3456 3079 Kal.
3498 3041 3664 3096 προσ-

2063 3117 2322 3186 εκύνησεν
2364 3117 2512 3187 αὐτῷ
2551 3117 2736 3188 Μαρία
2778 3117 3003 3181 ἐνδόξως
3037 3115 3328 3170 ἀναστάντι
3368 3117 3428 3168 ὲν
3473 3115 3660 3186 σαρκὶ,

2062 3208 2374 3271 καὶπάντες
2399 3210 2446 3261 oi
2486 3209 2651 3262 αὑτοῦ
2690 3208 2946 3280 μαθηταί.
2997 3209 3071 3262 Οὑ
3115 3208 3224 3279 γὰρ
3255 3207 3366 3278 ἔχει
3403 3208 3424 3238 ⁶
3461 3225 3660 3276 γεννη-

2059 3298 2153 3352 τοῦ
2186 3299 2510 3368 ὀνομασίαν,
2552 3298 2674 3352 οὔτε
2713 3299 2954 3362 κτιστοῦ,
2988 3301 3051 3352 ὲκ
3091 3298 3304 3370 Πατρὸς
3332 3295 3662 3366 γεγεννημέ-

2061 3407 2170 3448 νον.
2197 3388 2365 3454 ἴσασι,
2389 3390 2482 3442 καὶ
2506 3390 2901 3460 προσκυνοῦσιν
2929 3389 3054 3442 ὄντα
3096 3388 3152 3454 ἐξ
3183 3388 3353 3450 ὄντος,
3391 3388 3488 3440 καὶ
3515 3386 3576 3439 τὸ
3601 3386 3660 3452 ἐξ

2067 3480 2229 3533 αὐτοῦ
2279 3481 2434 3549 ἅγιον
2483 3481 2727 3553 Πνεῦμα.
2778 3483 2962 3535 Οἷδασι
3008 3481 3116 3551 γὰρ
3166 3480 3330 3533 αὐτὸν
3373 3478 3662 3549 ἀλλότριον

2065 3574 2132 3642 τῇ
2167 3573 2324 3644 οὐσίᾳ
2353 3572 2461 3626 ἀπὸ
2501 3573 2610 3625 τῶν
2642 3573 2960 3641 γεγονότων.
2995 3572 3069 3624 Οὑ
3101 3571 3206 3642 γάρ
3241 3573 3358 3674 εστι
3399 3567 3660 3674 γεννητὸς

2069 3663 2099 3732 ἢ
2134 3665 2368 3727 κτιστὸς,
2394 3663 2528 3716 ἀλλὰ
2549 3663 2806 3732 γεννητὸς
2831 3667 2894 3716 ὲκ
2928 3663 3159 3732 Πατρός.
3194 3661 3284 3714 Διὸ
3315 3661 3444 3731 περὶ
3475 3661 3656 3713 πάντα

2069 3754 2284 3823 καμὼν,
2319 3755 2412 3806 καὶ
2445 3755 2673 3818 πολλοὺς
2705 3753 2929 3825 χρόνους
2979 3751 3295 3852 ἀναλώσαςἸ
3322 3751 3540 3852 ’Λέτιεζ
3562 3749 3660 3852 καὶ

2066 3844 2258 3912 λόγους
2313 3845 2494 3912 ξένους
2545 3846 2975 3916 παρεισενέγκας
3027 3843 3428 3914 προσκυνήσεις
3479 3841 3654 3941 aeni).

2065 3938 2157 3988 Δεῖ
2189 3936 2294 4006 γὰρ
2329 3937 2539 4000 πάντας
2575 3937 2762 4006 στῆναι
2794 3936 3024 3990 ἐνώπιον
3061 3935 3157 3988 τοῦ
3193 3933 3438 4012 βήματος
3463 3933 3654 4032 αὑτοῦ,

2065 4028 2158 4080 καὶ
2187 4029 2334 4081 πᾶσα
2357 4028 2578 4096 γλῶσσα
2608 4027 3080 4099 ἐξομολογήσεται,
3113 4028 3194 4081 ὅτι
3219 4025 3422 4099 Κύριος
3447 4025 3658 4092 Ἰησοῦς

2065 4119 2320 4189 Χριστὸς,
2351 4119 2380 4170 ὁ
2412 4119 2512 4171 οὑκ
2551 4118 2830 4188 ἀλλότριος
2874 4117 3010 4171 Θεοῦ
3041 4117 3138 4182 ὣν,
3186 4116 3324 4170 ἀλλὰ
3371 4116 3454 4177 εἰς
3497 4114 3658 4178 δόξαν

2067 4206 2202 4260 Θεοῦ
2228 4208 2462 4278 Πατρὸς,
2503 4207 2646 4262 κατὰ
2685 4208 2747 4260 τὸ
2790 4206 3175 4277 γεγραμμένον
3221 4203 3316 4258 καὶ
3359 4219 3655 4254 πεπιστευ-

2073 4315 2254 4368 μενον.

381 4355 478 4420 ris,
512 4359 661 4423 Acti,
689 4377 752 4417 ac
784 4369 1118 4438 peregrinas,
1151 4380 1204 4426 et
1239 4373 1512 4432 inauditas
1541 4395 1706 4436 voces
1732 4385 2029 4455 invexeris,
2057 4394 2209 4446 illum
2237 4402 2420 4448 tamen
2483 4395 2566 4448 vel
2599 4394 2806 4448 invitus
2873 4393 3152 4448 adorabis.
3223 4389 3449 4460 Oportet
3507 4404 3652 4443 enim

380 4461 571 4503 omnes
607 4466 788 4506 coram
821 4458 966 4514 illius
993 4462 1252 4517 tribunali
1287 4467 1468 4522 sisti'.

381 4629 487 4682 lica
521 4630 653 4686 ﬁdes
689 4635 871 4692 habet.

727 4747 889 4830 973
933 4751 1110 4806 ΛΕΤΙΙ
1147 4756 1378 4812 CAPUT
1415 4759 1604 4815 XXVI.

453 4835 510 4889 Si
563 4835 861 4908 ingenitum
909 4845 1054 4898 nuda
1105 4847 1157 4900 in
1199 4847 1309 4903 Deo
1344 4861 1428 4906 est
1475 4855 1790 4924 appellatio.
1830 4861 1966 4915 adeo

381 4937 440 4982 ut
469 4945 633 5000 supra
655 4940 962 4987 creatarum
987 4951 1166 4992 rerum
1191 4943 1433 4997 omnium
1455 4947 1826 5004 conditionem
1851 4955 1966 5010 sola

381 5021 754 5088 pronuntiatio
804 5022 1044 5079 divinam
1079 5029 1441 5086 substantiam
1476 5037 1722 5100 extollat,
1776 5056 1970 5098 conse-

379 5128 550 5178 quens
583 5125 667 5167 est
705 5115 984 5170 hominum
1024 5123 1520 5187 pronuntiationem
1573 5131 1964 5200 omnipotentis

380 5201 471 5256 Dei
507 5203 812 5260 substantia
863 5211 1294 5275 praestantiorem
1341 5215 1536 5283 videri;
1575 5236 1695 5289 quas
1740 5223 1956 5291 quidem

379 5295 551 5364 ipsam
573 5297 1016 5370 incomparabilis
1039 5305 1377 5361 excellentia
1399 5308 1679 5381 dignitatis
1703 5327 1957 5372 exornet.

887 5413 1198 5484 Confutatio
1233 5417 1337 5471 XX
1355 5417 1450 5477 VI.

451 5498 634 5572 Neque
668 5505 876 5559 nudum
917 5506 972 5560 in
1013 5507 1122 5562 Deo
1160 5525 1354 5564 nomen
1392 5521 1472 5568 est
1507 5513 1826 5587 ingenitum,
1869 5533 1964 5574 ne-

451 5653 464 5680 ‘
501 5651 656 5706 Pint.
703 5673 873 5752 xxxn',
923 5659 1158 5752 Jéjluxt.
1217 5661 1387 5728 LXX;
1433 5665 1571 5722 Psal.
1623 5686 1764 5732 xcvr,
1813 5670 1881 5731 ’ῖς
1933 5669 1970 5722 ll

451 5723 635 5752 "mlh...
701 5741 732 5752 ..
807 5728 822 5752 I
1041 5730 1061 5752 ,ν
1118 5731 1288 5752 εει-η·
1556 5737 1642 5752 ιιι-’1
1699 5741 1719 5752 .,

2084 5689 2173 5752 at,
2208 5671 2259 5726 6.

972 5731 990 5760 ³
1022 5730 1082 5785 1".
1115 5731 1478 5804 ἐξισούμενον.
1556 5737 1575 5770 ⁶
1602 5737 1661 5792 F.
1697 5730 1840 5809 ἔχειν
1870 5730 2137 5810 γεννητοῦ.

379 5719 655 5792 ⁸[Ἶιιίἱνν.
701 5741 757 5790 II,
807 5719 889 5786 ll,

1512 4470 1735 4525 Actum
1767 4480 1946 4536 omnis
1989 4484 2172 4555 lingua
2205 4486 2577 4550 conﬁtebitur,
2647 4486 2908 4555 quoniam
2963 4485 3227 4539 Dominus
3269 4481 3432 4537 Jesus
3493 4481 3654 4536 ϐίη-ι-

383 4545 501 4592 stus
532 4557 640 4595 non
667 4546 878 4603 alienus
907 4559 991 4605 est
1032 4568 1060 4606 a
1096 4553 1226 4621 Deo,
1279 4559 1375 4614 sed
1407 4559 1464 4615 in
1504 4563 1675 4631 gloria
1738 4569 1830 4623 Dei
1868 4569 2046 4633 Patris
2067 4581 2108 4645 ⁵,

2179 4581 2638 4651 quemadmodum
2703 4589 2813 4633 tam
2865 4578 3174 4649 Scriptura,
3233 4593 3396 4648 quam
3461 4574 3654 4631 catho-

2423 4770 2823 4826 ΚΕΦΑΛᾹΙΟΝ
2857 4772 3114 4826 umor
3143 4775 3288 4840 κεῖν.

2139 4865 2200 4916 Εἰ
2228 4862 2381 4933 ψιλὸν
2406 4863 2579 4933 ὄνομά
2618 4865 2766 4916 ἐστιν
2791 4863 2883 4915 ἐπὶ
2915 4863 3050 4915 Θεοῦ
3089 4863 3149 4914 τὸ
3181 4861 3493 4933 ἀγέννητον,
3525 4867 3558 4935 ή
3595 4863 3652 4918 δὲ

2057 4954 2199 5025 -ψιλὴ
2235 4955 2484 5026 προφορά
2520 4955 2618 5026 τὴν
2646 4955 2943 5007 ὑπόστασιν
2971 4955 3065 5008 τοῦ
3095 4955 3229 5009 Θεοῦ
3261 4955 3478 5026 ἐπαίρει
3509 4956 3652 5008 κατά

2072 5049 2290 5102 πάντων
2322 5047 2595 5116 γεννητῶν
2612 5061 2626 5074 ·
2657 5045 2959 5116 τιμιωτέρα
2985 5045 3093 5118 ἄρα
3120 5045 3268 5099 ἐστὶν
3290 5049 3322 5116 ή
3345 5044 3654 5116 ἀνθρώπων

2067 5137 2316 5208 προφορά
2337 5137 2430 5190 τοῦ
2462 5136 2920 5206 παντοκράτορος,
2952 5137 3304 5199 ὑποστάσεως
3327 5135 3650 5207 ἀσυγκρίτῳ

2071 5229 2307 5298 ὑπεροχῇ
2336 5226 2726 5281 καλλωπίσασα
2748 5225 2880 5279 Θεὸν
2909 5225 3003 5278 τὸν
3037 5227 3473 5298 παντοκράτορα.

2605 5425 2928 5495 Ἀνατροπὴ
2970 5427 3112 5494 Κῷ.

2131 5517 2269 5571 Οὔτε
2296 5517 2448 5588 ψιλὸν
2469 5517 2639 5588 ὄνομα
2661 5517 2754 5570 ἐπὶ
2777 5516 2912 5570 Θεοῦ
2939 5518 3056 5571 ἐστι
3085 5515 3147 5570 τὺ
3175 5515 3492 5586 ἀγέννητον,
3517 5513 3648 5568 οὔτε

2376 5675 2394 5704 ‘
2429 5671 2616 5726 lllatth.
2650 5689 2843 5742 xxvm,
2875 5673 2900 5727 1
2955 5689 3076 5744 sqq.
3201 5673 3220 5704 ³
3245 5671 3289 5726 ll
3309 5671 3437 5727 Cor.
3477 5665 3646 5739 v.10.
