3994 6224
248 366 364 423 609

912 360 1280 418 ADVERSUS
1318 359 1663 417 ll/ERESES
1704 360 1830 415 LIB.

2005 360 2169 416 TOM.
2214 363 2252 416 l.
2297 394 2365 403 —
2402 361 2677 420 ILERES.
2710 366 2942 423 LXXVI.

3438 375 3546 432 6N9

252 485 368 547 τοῖς
422 482 663 543 κτιστοῖς
717 480 860 533 κατά
903 480 1001 551 τὴν
1048 481 1237 533 οὐσίαν
1289 480 1697 535 ἐπικοινωνοῦν.
1755 479 1844 531 Διὸ

1964 495 2049 548 [uc
2077 495 2200 534 cum
2222 480 2421 536 creatis
2445 482 2608 537 rebus
2636 494 2847 538 natura:
2879 486 3321 543 communionem
3356 489 3542 548 habet.

248 573 381 627 οὔτε
414 574 482 627 τὰ
510 572 782 642 κτίσματα
808 571 966 642 ψιλῆς
1001 572 1295 643 ὀνομασίας
1345 574 1463 624 ἐστὶ
1512 573 1841 642 σημαντικά.

248 668 441 722 Μέσον
467 666 523 718 δὲ
546 665 846 734 ἀγεννήτου
878 664 970 717 καὶ
1002 665 1221 717 κτιστοῦ
1250 665 1410 718 ἄλλου
1438 665 1700 735 ὀνόματος
1728 667 1847 717 ἐπι-

250 758 614 831 ζητουμένου,
639 760 778 829 ὅπερ
804 759 952 810 ἐστὶν
985 758 1134 823 Υἱὸς,
1165 760 1261 811 καὶ
1292 759 1352 811 ού
1379 758 1614 821 κτιστὸς,
1649 757 1755 810 τίνι
1782 757 1847 811 ἂν

248 852 319 904 τὸ
347 850 624 921 ἐξαίρετον
650 849 938 903 ἀποδοτέον
962 866 976 914 ;
998 850 1109 902 Καὶ
1138 852 1186 902 εί
1217 851 1314 919 μὲν
1331 853 1444 912 τοῖς
1473 849 1849 918 κεκτισμένοις

249 939 318 992 τὸ
342 935 732 993 ὲπικοινωνοῦν
766 937 968 1008 δῶμεν,
1011 937 1367 1009 οὐδοποτέρου
1402 937 1511 989 τῶν
1542 938 1849 1008 λεγομένων

249 1031 422 1102 ψιλῆς
445 1030 741 1100 ὀνομασίας
771 1028 1197 1099 ὀνομαζομένου,
1216 1030 1291 1092 ὼς
1311 1030 1403 1081 ἐπὶ
1432 1029 1526 1083 τοῦ
1553 1030 1847 1100 ἀγεννήτου

253 1124 358 1177 καὶ
387 1123 689 1188 κτίζοντος,
722 1122 817 1175 καὶ
868 1122 1103 1175 κτιστῶν
1148 1122 1475 1191 γεγονότων,
1527 1125 1604 1185 ὡς
1653 1122 1715 1174 οὐ
1760 1122 1851 1190 ψι-

253 1215 359 1286 λῆς
419 1214 781 1285 ἐνδεχομένης
832 1214 1132 1284 ὀνομασίας
1172 1232 1184 1245 ο
1235 1213 1411 1278 οὕτως
1467 1214 1561 1266 ἐπὶ
1602 1213 1693 1267 τοῦ
1730 1230 1851 1279 γεν-

254 1306 429 1377 νητοῦ
464 1307 559 1359 καὶ
596 1305 745 1370 Υίοῦ,
788 1305 863 1376 μὴ
908 1305 1069 1375 ψιλῆς
1124 1306 1480 1376 ἐνδεχομένης
1532 1306 1847 1376 ὀνομασίας,

254 1397 322 1449 τὸ
354 1397 534 1467 μάτην
584 1394 1089 1465 συκοφαντούμενον
1138 1397 1401 1466 σύγχυσιν
1442 1396 1674 1467 δηλώσει
1704 1396 1852 1465 παρά

256 1488 340 1559 τῷ
386 1488 576 1559 Ἀετίῳ
601 1488 1070 1559 συλλογιζόμενον,
1105 1488 1193 1542 διὰ
1220 1490 1280 1542 τὸ
1307 1489 1381 1560 μὴ
1444 1488 1851 1554 συνεξισοῦσθαι

255 1581 341 1652 τῷ
374 1580 503 1633 Tia-3
535 1580 782 1651 ὀνόματι,
808 1580 908 1650 τῆς
936 1580 1160 1649 κτιστῆς
1185 1582 1242 1633 ὲν
1268 1580 1501 1652 ἀληθείᾳ
1526 1580 1735 1645 ούσίας,
1761 1581 1851 1634 καὶ

258 1679 324 1731 οὐ
369 1676 533 1747 ψιλῆς
572 1676 887 1748 ὀνομασίας·
928 1676 1227 1747 ἐπειδήπερ
1254 1678 1316 1729 οὐ
1348 1676 1507 1747 ψιλὴν
1540 1677 1849 1747 ἐπιδέχεται

260 1772 361 1823 καὶ
400 1768 563 1831 αὐτὸς
589 1769 617 1820 ὀ
651 1768 777 1831 Υἱὸς
805 1767 903 1837 τὴν
940 1767 1067 1837 περὶ
1102 1765 1231 1819 Υἱοῦ
1269 1766 1585 1837 ὀνομασίαν.
1613 1767 1725 1819 Ούκ
1767 1767 1853 1819 δν-

1956 568 2137 634 Qnare
2174 586 2348 639 neque
2382 581 2590 624 natura:
2640 573 2841 627 nudam
2883 577 3301 645 appellationem
3337 580 3546 651 signiﬁ-

1955 665 2103 712 cant.
2163 657 2282 712 Jam
2342 676 2470 712 vero
2543 676 2664 713 cum
2729 661 2869 716 inter
2922 665 3218 734 ingenitum
3275 682 3338 722 ac
3388 686 3543 725 crea-

1956 760 2070 804 tum
2112 751 2350 806 medium
2388 752 2609 822 aliquod
2644 754 2967 808 vocabulum
2998 768 3295 826 quaeratur,
3330 760 3433 815 hoc
3459 772 3547 817 est

1956 841 2148 907 Filius,
2198 843 2530 913 minimeque
2566 852 2807 907 creatus,
2844 846 3061 899 cuinam
3106 850 3367 904 eximium
3412 852 3545 907 illud

1958 935 2303 1006 potissimum
2338 935 2689 992 tribuendum
2719 938 2844 992 est?
2895 938 2973 993 Ac
3004 939 3050 993 si
3079 940 3298 1009 quidem
3327 952 3547 997 creatu-

1957 1028 2035 1082 ris
2082 1043 2374 1084 commune
2429 1042 2552 1083 cum
2603 1028 2742 1082 Filio
2787 1030 2919 1084 illud
2967 1032 3346 1099 ascribamus,
3422 1050 3545 1089 cum

1956 1127 2211 1174 neutrum
2265 1119 2598 1174 vocabulum
2673 1121 2788 1175 sola
2862 1137 2926 1176 ac
2979 1123 3123 1177 nuda
3186 1125 3549 1193 appellatione

1957 1219 2212 1279 constet;
2261 1218 2315 1267 et
2348 1212 2811 1281 quemadmodum
2862 1213 3157 1284 ingenitus,
3214 1224 3268 1269 et
3306 1228 3545 1278 creator,

1957 1315 2004 1360 cl
2040 1316 2307 1359 creaturae
2358 1322 2466 1359 non
2521 1322 2682 1361 voces
2731 1323 2893 1361 mera:
2940 1317 3089 1371 sunt,
3124 1308 3197 1361 ita
3229 1310 3464 1378 genitus,
3494 1318 3549 1363 ct

1958 1396 2129 1451 Filius
2158 1398 2363 1467 aliquid
2397 1406 2592 1466 praeter
2621 1414 2818 1453 nomen
2847 1399 3069 1462 habeat,
3109 1402 3367 1454 nimirum
3403 1402 3550 1471 quod

1958 1502 2054 1557 per
2071 1503 2339 1543 summam
2359 1488 2689 1541 calumniam
2708 1489 3089 1543 ratiocinando
3113 1491 3319 1561 colligit
3334 1492 3547 1559 Aetius,

1959 1578 2251 1633 miriﬁcam
2303 1578 2767 1648 perturbationem
2822 1588 2875 1635 et
2920 1580 3300 1637 confusionem
3350 1586 3548 1653 pariet,

1960 1670 2399 1739 quandoquidem
2433 1687 2557 1725 cum
2592 1670 2714 1726 Filii
2749 1672 2970 1727 nomine
3005 1683 3289 1739 creatura',
3315 1692 3437 1746 quae
3462 1693 3551 1734 re-

1963 1778 2109 1829 vera,
2158 1779 2265 1817 non
2306 1765 2674 1834 appellatione
2715 1773 2874 1820 tenus
2913 1766 3176 1835 ejusmodi
3208 1784 3329 1823 esse
3358 1771 3551 1825 dicun-

258 1882 357 1926 τος
392 1863 450 1915 δὲ
472 1862 844 1933 ἀνυπάρκτου,
882 1859 1004 1912 οὔτε
1028 1858 1167 1912 κατὰ
1191 1858 1350 1929 ψιλὴν
1376 1859 1674 1929 ὀνομασίαν
1699 1857 1851 1925 λεγο-

1964 1860 2067 1916 tur,
2095 1853 2371 1922 aquuari
2401 1854 2626 1908 minime
2658 1863 2889 1924 possunt
2919 1874 2933 1921 ;
2970 1872 3092 1910 nam
3124 1866 3178 1912 et
3209 1857 3381 1915 Filius
3412 1862 3548 1931 ipse,

266 1954 434 2025 μένου
459 1952 553 2005 τοῦ
584 1951 712 2005 Υίοῦ
749 1950 1090 2023 μονογενοῦς,
1137 1952 1232 2003 καὶ
1259 1949 1353 2003 τοῦ
1392 1950 1547 2018 ἁγίου
1602 1950 1855 2021 Πνεύμα-

262 2062 379 2108 τος,
402 2048 470 2115 τῇ
492 2043 587 2096 τοῦ
610 2043 824 2114 Πατρός
854 2043 1120 2112 συνῆπται
1141 2040 1289 2111 δόξῃ,
1314 2040 1407 2092 καὶ
1434 2041 1495 2092 ού
1528 2040 1856 2110 συγκέχυται

262 2140 332 2207 τῇ
380 2137 489 2189 τῶν
538 2134 852 2205 κτισμάτων
893 2133 1179 2204 ὀνομασίᾳ.
1230 2131 1367 2184 Οὔτε
1416 2132 1526 2203 γὰρ
1570 2132 1855 2202 ὲπάρσεως

263 2227 439 2280 δεῖται
476 2228 510 2296 ἡ
560 2224 752 2295 θεότης
792 2224 867 2287 ὡς
905 2222 979 2294 μὴ
1020 2219 1181 2285 οὖσα,
1219 2221 1343 2275 οὔτε
1378 2221 1544 2291 ὕψους
1581 2222 1729 2275 ἐστὶν
1770 2224 1856 2275 ὲν-

264 2317 521 2387 δεομένη,
547 2315 650 2370 κάν
680 2334 741 2369 τε
768 2317 919 2387 παρά
952 2332 1113 2367 τινων
1142 2312 1250 2366 τῶν
1274 2316 1331 2365 ὲν
1360 2312 1551 2384 ἀγνοίᾳ
1576 2312 1745 2365 ὄντων
1782 2311 1855 2383 μὴ

266 2410 477 2478 ὑψοῖτο,
508 2408 631 2462 οὗτε
672 2408 761 2460 διὰ
786 2408 885 2477 τῆς
916 2424 1078 2459 τινων
1104 2405 1386 2475 προφορᾶς
1415 2406 1447 2473 ή
1481 2404 1733 2473 θεότητος
1762 2404 1855 2455 ού-

268 2500 362 2551 σία
387 2500 725 2551 συνίσταται.
760 2496 899 2549 υῠτε
932 2496 1041 2566 γὰρ
1065 2496 1402 2565 καυχήσεται
1431 2496 1463 2564 ἡ
1498 2495 1607 2547 τῶν
1641 2492 1853 2566 ἀνθρώ-

266 2607 389 2642 πων
422 2589 455 2658 ἢ
488 2588 661 2642 ἄλλων
705 2590 979 2658 προφορά,
1015 2587 1090 2648 ὡς
1131 2585 1250 2654 Θεῷ
1284 2584 1454 2637 ενδεεί
1497 2584 1655 2651 δόξαν
1697 2602 1857 2656 περι-

266 2682 601 2750 ποιουμένη,
666 2680 699 2750 ἢ
758 2677 1178 2741 καλλωπίζουσα
1224 2677 1357 2731 Θεὸν
1409 2676 1849 2747 παντοκράτορα,

266 2772 404 2825 Θεὸν
443 2772 837 2843 προσκυνητὸν,
886 2770 1021 2823 Θεὸν
1068 2769 1355 2822 ἐπίσταται
1396 2771 1435 2835 ί,
1474 2770 1568 2822 καὶ
1609 2768 1855 2838 κτίστην,

266 2864 366 2915 καὶ
395 2862 726 2935 δημιουργὸν
752 2863 902 2915 ἴδιον.
929 2862 1067 2915 Οὔτε
1098 2860 1207 2932 γὰρ
1248 2860 1448 2931 ἑαυτὴν
1502 2859 1855 2931 ὑπερένδοξον

267 2956 509 3025 ἡγεῖται,
530 2956 625 3007 καὶ
648 2956 994 3025 κοσμήτριαν
1024 2952 1119 3006 τοῦ
1153 2952 1281 3005 ἰδίου
1307 2952 1475 3022 αὐτῆς
1499 2951 1855 3022 δημιουργοῦ·

269 3048 395 3099 ἐπεὶ
425 3046 491 3099 ἂν
524 3046 720 3117 ἑαυτὴν
741 3046 1123 3118 προσκυνητὴν
1150 3047 1434 3116 ἡγήσαιτο,
1467 3043 1525 3096 ού
1562 3042 1667 3114 μὴν
1693 3060 1860 3113 προσ-

268 3138 512 3193 κυνοῦσα
536 3139 628 3192 τὸν
680 3138 1172 3210 προσκυνούμενον.
1208 3139 1319 3191 Καὶ
1348 3137 1526 3208 μάτην
1557 3136 1698 3190 κατὰ
1727 3136 1857 3191 πάν-

269 3246 381 3281 των
413 3228 569 3298 λόγον
598 3231 790 3283 κινεῖό
822 3228 912 3292 σὸς
949 3228 1130 3296 λόγος,
1169 3227 1363 3282 Ἀέτιε.

1958 1958 2082 1997 cum
2117 1943 2289 2000 Filius
2317 1945 2539 2009 dicitur,
2573 1961 2683 2000 non
2710 1962 2915 2001 meram
2948 1948 3023 2011 id,
3058 1964 3119 2002 ac
3150 1951 3322 2004 solam
3356 1954 3548 2022 appel-

1957 2034 2217 2089 lationem
2254 2053 2363 2107 pra:
2396 2054 2454 2092 se
2487 2037 2629 2092 ferre
2654 2039 2957 2107 putandum
2990 2048 3093 2095 est.
3126 2040 3396 2107 Quocirca
3425 2060 3549 2099 cum

1958 2128 2156 2181 unicus
2210 2127 2304 2183 Dei
2353 2128 2543 2195 Filius,
2594 2138 2653 2184 ut
2699 2140 2752 2186 et
2804 2130 3041 2201 Spiritus
3087 2143 3335 2195 sanctus,
3373 2151 3550 2208 neque

1958 2236 2149 2290 reapse
2182 2238 2290 2275 non
2321 2223 2575 2287 exsistat,
2610 2238 2785 2295 neque
2818 2224 2963 2277 nuda
2994 2225 3353 2295 appellatione
3384 2226 3537 2281 dica-

1958 2319 2071 2374 tur,
2107 2326 2232 2365 cum
2263 2312 2443 2368 Patris
2484 2315 2654 2384 gloria
2698 2315 3030 2384 conjunctus
3081 2324 3185 2380 est,
3223 2334 3398 2387 neque
3424 2335 3550 2375 cum

1959 2413 2271 2457 creatarum
2306 2420 2487 2458 rerum
2525 2408 2891 2476 appellatione
2923 2410 3205 2465 confusus.
3246 2409 3380 2463 Nam
3414 2410 3552 2464 divi—

1958 2492 2105 2546 nitas
2138 2509 2315 2563 neque
2344 2494 2525 2549 eﬂ‘erri
2557 2511 2677 2551 sese
2705 2500 2964 2568 postulat,
2998 2501 3156 2570 quasi
3192 2516 3301 2554 non
3327 2500 3419 2563 sit,
3454 2516 3551 2555 ne-

1959 2600 2066 2654 que
2096 2586 2484 2641 sublimitatem
2527 2590 2777 2658 requirit,
2814 2590 2939 2645 licet
2971 2593 3040 2646 ab
3074 2592 3280 2661 ignaris
3314 2593 3544 2662 quibus-

1959 2675 2082 2729 dam
2109 2677 2458 2746 praedicando
2486 2694 2593 2733 non
2628 2681 2943 2743 attollatur;
2977 2698 3152 2751 neque
3179 2682 3342 2736 ullius
3372 2682 3549 2735 bovili-

1959 2767 2048 2821 nis
2104 2769 2547 2836 pronuntiatione
2595 2771 2899 2828 divinitatis
2953 2773 3259 2828 substantia
3304 2783 3541 2828 constat.

1960 2857 2079 2911 Non
2115 2859 2263 2912 enim
2307 2860 2586 2915 hominum
2627 2873 3018 2918 cmlerorumve
3067 2864 3298 2934 prolatio
3323 2864 3548 2933 gloriari

1960 2951 2157 3019 poterit
2196 2949 2303 3006 Deo
2355 2968 2436 3017 se,
2485 2953 2630 3009 velut
2673 2954 2959 3025 indigenti,
3009 2956 3234 3026 gloriam
3276 2954 3553 3023 decusque

1962 3044 2247 3101 tribuisse.
2283 3051 2376 3098 aut
2408 3045 2583 3100 eidem
2620 3049 3001 3118 omnipotenti,
3032 3048 3418 3117 adorandoque
3447 3046 3554 3101 Deo

1966 3144 2273 3192 ornamenti
2314 3136 2519 3207 aliquid
2556 3140 2840 3195 attulisse:
2904 3155 3065 3210 quem
3106 3139 3324 3210 quidem
3358 3139 3551 3205 Deum,

1890 3219 1935 3279 C
1968 3236 2023 3281 et
2072 3238 2372 3283 creatorem
2418 3229 2869 3300 conditoremque
2918 3246 3076 3287 suum
3112 3229 3379 3300 agnoscit.
3434 3228 3554 3284 Non

270 3324 439 3390 enim,
475 3325 691 3395 Opinor,
718 3332 826 3379 tam
866 3324 1141 3394 exquisito
1172 3338 1230 3379 se
1261 3322 1553 3393 splendore
1577 3320 1857 3391 praeditam
1898 3323 2199 3387 existimat,
2239 3324 2481 3378 utetiam
2539 3326 2878 3379 conditorem
2932 3340 3089 3380 suum
3133 3339 3399 3378 exornare
3432 3337 3557 3393 pos-

272 3418 361 3472 sit.
416 3418 630 3488 Alioqui
666 3418 1013 3487 semetipsam
1048 3415 1381 3471 adorandam
1424 3430 1547 3471 esse
1579 3415 1848 3479 crederet,
1891 3432 1997 3471 non
2049 3432 2195 3484 cum,
2265 3434 2425 3490 quem
2497 3419 2702 3488 adorat,
2739 3434 3111 3480 veneraretur.
3146 3425 3324 3492 Quare
3355 3426 3557 3481 frustra

274 3510 538 3567 adversus
568 3527 759 3567 omnes
786 3520 902 3576 tua,
934 3526 967 3565 o
1000 3511 1141 3574 Aeti,
1175 3509 1457 3565 contendit
1485 3510 1683 3565 oratio.

639 3621 1039 3675 ΚΕΦΑΛΑΙΟΝ
1070 3620 1328 3674 ΑΕΤΙΟΥ
1362 3621 1491 3675 KZ'.

346 3713 410 3766 Εἰ
454 3713 620 3767 παντὶ
648 3711 891 3783 γεννητῷ
919 3712 1071 3765 αίτία
1108 3712 1574 3784 συγκεκλήρωται,
1621 3712 1860 3777 ἀναίτιος

273 3805 333 3860 δὲ
367 3807 400 3877 ή
432 3803 727 3876 ἀγέννητος
742 3805 925 3874 φύσιν
944 3805 1045 3858 οὐκ
1072 3805 1254 3858 αἰτίαν
1275 3804 1425 3875 δηλοῖ
1444 3805 1503 3858 τὸ
1530 3806 1849 3876 ἀγέννητον,

274 3897 415 3954 ἀλλά
440 3897 739 3952 ὑπόστασιν
779 3897 1057 3967 σημαίνει.

834 4094 1167 4162 Ἀνατροπὴ
1206 4096 1332 4149 ΚΖ’.

350 4189 461 4241 Καὶ
495 4189 658 4240 παντὶ
692 4187 937 4259 γεννητῷ
964 4186 1113 4239 αἰτία
1143 4184 1612 4255 συγκεκλήρωται,
1638 4184 1731 4239 καὶ
1761 4184 1859 4255 ούχ

274 4278 649 4350 ὁμολογοῦμεν
674 4277 855 4342 τοῦτο,
886 4278 962 4341 ὡς
992 4277 1099 4332 ἀπὸ
1123 4276 1217 4330 σοῦ
1250 4275 1649 4347 μεμαθηκότες.
1714 4277 1859 4347 [lpo-

276 4371 383 4442 ορᾷ
405 4370 515 4441 γὰρ
545 4371 578 4439 ἡ
610 4370 796 4434 πίστις
826 4369 926 4439 τῆς
951 4368 1209 4439 ἀληθείας
1232 4368 1412 4431 τοῦτο,
1447 4370 1540 4422 καί
1564 4370 1860 4440 προομολο-

277 4463 387 4531 γεῖ,
428 4464 524 4515 καὶ
551 4461 816 4527 διδάσκει,
848 4461 930 4513 ὅτι
973 4460 1103 4523 Θεός
1147 4460 1295 4513 ἐστιν
1332 4461 1361 4512 ὀ
1400 4460 1639 4523 ἀναίτιος
1681 4461 1862 4531 πάσης

278 4550 478 4617 αἰτίας,
497 4552 590 4605 καὶ
611 4552 839 4623 ἀμιγὴς,
858 4551 953 4604 καὶ
979 4549 1343 4612 ἀνυπεύθυνος
1371 4550 1553 4621 πάσης
1595 4550 1860 4621 ἰσότητος.

278 4644 379 4697 Διά
396 4643 556 4697 τοῦτο
575 4642 684 4715 γάρ
709 4643 804 4696 καὶ
831 4642 985 4696 αὐτοὶ
1009 4643 1068 4695 οὐ
1098 4640 1508 4712 προσκυνοῦμεν
1531 4643 1639 4696 πᾶν
1656 4641 1719 4695 τὸ
1741 4642 1868 4696 ὐπο-

279 4734 516 4804 6ε6ηκὸς
531 4735 630 4806 τὴν
650 4734 815 4789 αὑτοῦ
840 4733 935 4787 τοῦ
964 4733 1098 4787 Θεοῦ
1122 4733 1332 4799 οὐσίαν,
1352 4733 1440 4787 διὰ
1470 4734 1533 4787 τὸ
1566 4734 1710 4805 μόνῳ
1739 4734 1867 4806 πρέ-

281 4824 498 4896 πειντῷ
530 4824 884 4896 ἀνυπευθύνῳ
903 4824 963 4879 τὸ
985 4825 1149 4888 σέὸας
1176 4827 1382 4894 νέμειν,
1410 4825 1586 4896 Πατρὶ
1613 4824 1691 4895 τῷ
1713 4826 1867 4894 ἀγεν-

273 4918 449 4989 νήτῳ,
466 4916 677 4988 καὶΥἱῷ
695 4916 773 4988 τῷ
791 4915 850 4981 ἐξ
871 4916 1058 4982 αὐτοῦ,
1080 4917 1173 4969 καὶ
1188 4916 1330 4987 ἁγίῳ
1354 4915 1744 4987 Πνεύματι,τῴ
1768 4917 1864 4969 ἀπ’

287 5008 447 5061 αὐτοῦ
482 5010 577 5062 καὶ
606 5008 694 5062 διὰ
726 5007 820 5061 τοῢ
862 5007 1222 5075 Μονογενοῦς.
1278 5006 1496 5077 Ἐπειδὴ
1533 5008 1684 5061 οὐδὲν
1718 5010 1775 5060 ἐν
1796 5010 1862 5079 τῇ
1908 5003 1913 5007 “

286 5097 473 5167 Τριάδι
494 5099 840 5161 κτιστὸν,καὶ
866 5097 969 5150 ὑπὸ
990 5098 1169 5151 αἰτίαν
1187 5097 1459 5168 ἐμπίπτον
1480 5098 1646 5150 ἐστίν.
1663 5098 1737 5150 Ού
1757 5099 1865 5169 γὰρ

272 5194 330 5255 ἐξ
364 5190 466 5242 οὐκ
500 5190 669 5242 ὀντων
698 5190 749 5242 τί
787 5191 934 5242 ἐστιν
978 5190 1034 5241 ὲν
1069 5190 1135 5260 τῇ
1165 5187 1378 5260 Τριάδι,
1410 5186 1484 5251 ὡς
1510 5188 1604 5240 καὶ
1626 5188 1695 5241 τά
1728 5187 1863 5241 ἄλλα

272 5275 342 5329 τὰ
374 5282 479 5336 ὑπὸ
505 5282 683 5337 αἰτίαν
720 5281 1068 5347 πεπτωκότα,
1107 5281 1203 5335 καὶ
1234 5280 1414 5334 αἰτίαν
1445 5279 1858 5351 κεκληρωμένοι.

280 5373 372 5426 Διὸ
401 5373 619 5427 ἀναιτία
647 5369 783 5427 οὖσα
810 5373 910 5444 τῆς
941 5371 1199 5443 τοιαύτης
1239 5372 1419 5434 αἰτίας
1448 5372 1481 5442 ἡ
1520 5371 1713 5443 Τριάς,
1766 5373 1862 5442 μό-

272 5485 379 5538 νην
406 5468 604 5539 ἑαυτὴν
636 5466 893 5531 ἀπλανῶς
938 5463 1143 5530 ἐδίδαξε
1189 5464 1643 5537 προσκυνεῖσθαι·
1674 5465 1859 5534 ἐπειδὴ

286 5562 421 5632 μόνη
466 5560 606 5631 αὓτη
650 5560 891 5623 ἀναίτιός
932 5561 1083 5612 ἐστι·
1131 5557 1200 5611 τά
1236 5558 1292 5611 δὲ
1332 5558 1509 5611 πάντα
1548 5557 1652 5610 ὑπὸ
1684 5557 1861 5611 αἰτίαν

283 5652 691 5725 περιπέπτωκε.
734 5652 813 5705 Τά
846 5651 943 5723 μὲν
971 5651 1077 5722 γάρ
1103 5652 1219 5704 ἐστι
1253 5650 1515 5719 γεγονότα
1554 5648 1648 5704 καὶ
1679 5666 1859 5703 κεκτι-

361 5813 377 5842 ⁸
409 5808 469 5865 F.
496 5811 818 5880 ἐπιστάτην.

2328 3619 2495 3692 974
2522 3619 2703 3674 ΑΕΤΙΙ
2730 3616 2959 3678 (ΣᾹΡυΤ
2985 3624 3197 3680 XXVII.

2042 3705 2096 3759 Si
2134 3722 2260 3762 cum
2300 3725 2365 3764 eo
2395 3711 2542 3764 omni
2589 3713 2732 3781 quod
2768 3715 3009 3784 genitum
3047 3728 3149 3781 cst,
3183 3718 3459 3787 implicata
3489 3737 3557 3776 ex

1963 3796 2254 3865 c0njuncta
2278 3812 2456 3853 causas
2475 3802 2625 3854 notio
2647 3810 2748 3866 est,
2776 3803 3014 3873 ingenita
3036 3821 3161 3859 vero
3184 3814 3377 3860 natura
3390 3824 3556 3864 causa

1964 3894 2134 3949 caret,
2151 3904 2272 3942 cum
2297 3889 2599 3959 ingenitum
2624 3892 2883 3959 dicimus,
2907 3910 3014 3949 non
3042 3910 3266 3951 causam
3294 3899 3553 3969 aliquam,

1967 3978 2060 4032 sed
2093 3981 2453 4036 substantiam
2483 3984 2859 4053 exprimimus.

2461 4091 2771 4162 Confuum'o
2800 4094 2903 4148 XX
2922 4095 3051 4152 VII.

2037 4183 2192 4249 Quod
2240 4200 2364 4240 cum
2409 4190 2556 4241 omni
2605 4190 2789 4258 genito
2838 4189 3172 4259 implicatam
3208 4206 3333 4247 esse
3374 4208 3556 4250 causae

1964 4276 2243 4330 notionem
2287 4280 2513 4341 asseris,
2550 4282 2896 4335 verissimum
2926 4283 3144 4352 quidem
3174 4293 3278 4349 est,
3315 4286 3409 4341 sed
3444 4302 3553 4341 non

1966 4365 2131 4433 istud,
2191 4371 2347 4438 quasi
2407 4386 2438 4425 a
2491 4380 2543 4425 te
2597 4372 2973 4440 didicerimus,
3024 4376 3363 4445 proﬁtemur.
3441 4377 3556 4435 Hoc

1966 4459 2112 4512 enim
2160 4476 2286 4514 vera
2342 4463 2458 4531 ipsa
2510 4464 2643 4518 lides
2686 4463 3009 4533 jamdudum
3069 4477 3455 4537 prazsenserat,
3502 4481 3556 4526 ct

1971 4548 2215 4618 professa
2278 4550 2487 4617 fuerat,
2556 4569 2621 4608 ac
2668 4554 2930 4610 docuerat
2979 4554 3148 4611 Deum
3200 4572 3380 4614 causae
3431 4575 3556 4616 esse

1969 4641 2147 4693 omnis
2172 4651 2468 4708 expertem,
2500 4658 2599 4697 nec
2635 4643 2744 4696 ulla
2784 4660 2839 4699 re
2871 4646 3211 4714 permistum,
3242 4663 3344 4704 nec
3373 4650 3441 4704 ad
3473 4651 3557 4705 ul-

1967 4730 2075 4786 lius
2106 4730 2182 4786 rei
2217 4734 2583 4802 aequalitatem
2615 4750 2777 4807 posse
2806 4734 3039 4791 demitti.
3094 4736 3230 4792 Nam
3265 4748 3556 4811 propterea

1968 4824 2102 4879 nihil
2126 4825 2465 4881 adorandum
2498 4838 2774 4897 putamus,
2803 4830 2948 4899 quod
2983 4832 3171 4887 divina
3205 4833 3323 4902 ipsa
3357 4846 3554 4891 natura

1967 4915 2039 4971 sit
2069 4915 2334 4973 inferius:
2368 4921 2571 4990 quippe
2597 4936 2720 4975 cum
2751 4922 2799 4976 ei
2829 4923 2953 4987 soli,
2979 4924 3071 4995 qui
3098 4926 3232 4979 nulli
3266 4927 3555 4996 subjectus

1964 5018 2070 5073 est,
2106 5009 2177 5063 sit
2208 5009 2297 5064 ille
2327 5011 2509 5066 cultus
2540 5011 2901 5079 adhibendus,
2932 5012 3082 5068 Patri
3116 5016 3371 5071 videlicet
3404 5020 3554 5088 ingea

1970 5100 2105 5166 nilo,
2141 5109 2195 5154 et
2225 5100 2384 5165 Filio,
2428 5104 2518 5172 qui
2561 5104 2631 5158 ab
2677 5105 2795 5173 ipso
2826 5107 3040 5176 genitus
3080 5116 3185 5173 est,
3233 5117 3288 5162 et
3324 5107 3551 5179 Spiritui

1968 5200 2180 5257 sancto,
2228 5196 2318 5261 qui
2366 5194 2437 5249 ab
2484 5196 2675 5250 eodem
2720 5212 2815 5265 per
2860 5196 3206 5269 Unigcnitum
3251 5202 3553 5269 productus

1966 5291 2071 5337 est.
2098 5285 2547 5355 Quandoquidem
2576 5289 2710 5342 nihil
2739 5291 2794 5343 in
2822 5288 3091 5346 Trinitate
3120 5302 3389 5358 creatum,
3416 5293 3552 5349 nihil

1966 5389 2143 5428 causae
2175 5376 2266 5429 ulli
2298 5385 2382 5432 est
2428 5379 2761 5447 obnoxium;
2809 5396 2916 5434 non
2946 5382 3089 5435 enim
3130 5382 3338 5453 aliquid
3373 5385 3426 5437 in
3460 5386 3550 5439 illa

1966 5477 2046 5521 est
2079 5483 2109 5522 e
2143 5469 2315 5523 nihilo
2350 5471 2695 5538 productum,
2730 5474 2879 5527 velut
2924 5482 3138 5537 caetera,
3180 5491 3300 5545 quae
3328 5492 3549 5532 causam

1968 5559 2205 5629 aliquam
2243 5565 2454 5629 sortita,
2489 5579 2777 5634 causwque
2811 5566 3054 5635 subjecta
3089 5577 3235 5623 sunt.
3280 5571 3549 5635 Quocirca

1967 5666 2091 5706 cum
2127 5653 2396 5722 ejusmodi
2432 5671 2653 5712 causam
2689 5657 2893 5712 nullam
2932 5657 3172 5715 Trinitas
3209 5662 3422 5731 habeat,
3460 5679 3547 5716 Sc-
