3994 6224
447 356 545 416 611

1791 357 1850 414 S.
1893 355 2232 413 EPIPHANII

3611 357 3722 414 6η

448 478 731 548 metipsam
763 475 932 532 solam
958 476 1076 532 sine
1102 477 1213 532 ullo
1241 495 1428 537 errore
1451 479 1786 538 adorandum
1813 482 2019 545 docuit,

2130 481 2323 553 σμὲνα,
2363 480 2552 553 Πατὴρ
2579 480 2636 535 δὲ
2674 481 2932 546 ἄκτιστος
2955 523 2970 548 ,
3004 479 3136 536 Υίὸν
3161 479 3301 551 ἔχων
3331 479 3393 544 ἐξ
3430 479 3597 535 αὐτοῦ
3629 498 3725 548 γε-

446 571 701 641 quoniam
734 569 849 624 sola
879 583 1064 624 causae
1091 572 1270 626 omnis
1299 581 1384 627 est
1409 587 1628 644 expers,
1661 574 1869 645 reliqua
1896 589 2026 630 vero

447 662 629 718 omnia
651 676 681 715 a
702 669 849 716 certa
873 677 1040 718 causa
1072 663 1529 733 proﬁciscuntur;
1564 668 1678 722 haec
1705 667 1849 721 enim
1879 665 2026 720 facta

445 763 838 826 procreataque
873 766 1020 820 sunt,
1055 754 1216 812 Pater
1252 758 1546 825 iucreatus,
1585 758 1781 814 Filium
1816 759 2026 814 habens

445 862 477 901 a
505 862 565 904 se
592 848 855 918 genitum,
895 863 1005 902 non
1041 858 1305 915 creatum,
1336 857 1391 904 et
1418 860 1665 906 sanctum
1697 851 1960 922 Spiritum
1995 866 2026 904 a

446 953 506 994 se
535 939 942 1010 procedentem,
969 955 1078 994 non
1103 938 1326 995 factum.
1368 941 1500 1008 Quae
1522 958 1645 997 cum
1673 943 1745 996 ita
1779 957 1900 998 sese
1929 942 2027 996 ha-

447 1030 632 1094 beant,
655 1046 829 1101 neque
857 1030 1069 1086 alfectio
1096 1032 1203 1086 ulla
1235 1033 1289 1086 in
1320 1032 1658 1088 adorandum
1692 1032 1912 1097 Filium,
1941 1033 2025 1088 vel

448 1118 716 1191 Spiritum
752 1131 1004 1177 sanctum
1040 1123 1308 1185 redundet
1338 1139 1369 1178 a
1403 1140 1592 1192 causa,
1631 1126 1846 1180 etiamsi
1876 1125 2027 1197 geni-

445 1219 620 1266 torem
659 1210 832 1269 Filius
878 1214 1072 1269 habeat
1105 1213 1346 1280 Patrem,
1378 1232 1556 1287 neque
1585 1227 1784 1273 creatae
1818 1225 2027 1272 caetera:

443 1320 534 1362 res
573 1306 877 1363 aﬂectionis
908 1315 1160 1377 expertes
1195 1315 1344 1375 sunt,
1389 1327 1512 1380 quae
1556 1327 1622 1366 ex
1653 1327 1834 1367 causae
1862 1311 2024 1366 sorti-

444 1397 592 1454 tione
611 1399 807 1463 oritur,
827 1414 949 1454 cum
975 1401 1084 1456 sint
1106 1416 1134 1454 a
1157 1399 1338 1466 Patre,
1358 1401 1498 1458 Filio
1529 1413 1582 1457 et
1605 1401 1806 1472 Spiritu
1835 1409 2025 1458 sancto

444 1497 760 1557 procreata).
806 1488 879 1543 At
902 1489 1226 1560 Unigenitus
1258 1491 1479 1546 nihilex
1514 1492 1824 1547 istiusmodi
1845 1506 2026 1546 causa:

445 1573 802 1636 aﬁributione
826 1582 1052 1651 patitur,
1087 1598 1264 1653 neque
1291 1582 1531 1654 Spiritus
1557 1591 1801 1646 sanctus,
1835 1598 2027 1654 quem-

441 1671 737 1727 admodum
768 1689 947 1743 neque
973 1673 1136 1728 Pater
1163 1673 1314 1746 i’pse;
1352 1684 1640 1746 propterea
1675 1673 1822 1744 quod
1851 1673 2023 1728 Filius

441 1763 622 1832 genita
658 1762 876 1818 soboles
915 1769 1020 1828 est,
1054 1778 1160 1817 non
1197 1771 1467 1817 creatura.
1504 1761 1684 1828 Quare
1723 1761 1924 1814 nullam
1954 1775 2022 1812 ex

2127 573 2480 644 γεννημένον,
2527 572 2643 626 ἀλλ’
2679 573 2739 627 οὐ
2781 571 3019 637 κτιστὸν,
3065 573 3158 627 καὶ
3200 572 3356 641 άγιον
3397 571 3631 641 Πνεῦμα
3665 573 3726 638 ἐξ

2128 662 2294 718 αὑτοῦ
2351 662 2785 735 ἐκπορευόμενον
2810 703 2825 726 ,
2874 664 2970 718 καὶ
3027 663 3090 716 οὐ
3152 662 3722 734 δεδημιουργημένον.

2127 754 2346 808 Τούτων
2390 755 2450 810 δὲ
2493 753 2669 820 οὕτως
2712 756 2967 826 ἐχόντων,
3004 754 3130 810 οὔτε
3160 756 3331 820 πάθος
3363 755 3725 826 κεκλήρωται

2128 849 2302 902 αἰτίου
2334 849 2362 901 6
2387 848 2870 920 προσκυνούμενος
2896 849 3045 913 Υἱὸς,
3077 850 3171 903 καὶ
3193 849 3254 902 τὸ
3280 849 3434 916 ἅγιον
3465 847 3722 918 Πνεῦμα,

2127 940 2230 995 κᾶν
2264 941 2485 1012 Πατέρα
2515 941 2625 1013 ἔχοι
2661 942 2754 996 τὸν
2779 943 3101 1014 γεννήτορα,
3133 940 3258 995 οὕτε
3290 941 3358 994 τά
3397 940 3565 994 λοιπά
3603 941 3726 992 κτί-

2128 1051 2310 1105 σματα
2335 1034 2462 1088 ἀνευ
2490 1034 2696 1099 πάθους
2727 1035 2810 1106 είη
2851 1033 3180 1107 κληρώσεως
3207 1035 3358 1088 αἰτία
3383 1035 3426 1098 ί,
3459 1032 3570 1086 ἀπὸ
3601 1033 3722 1086 Πα-

2125 1127 2272 1199 τρὺς,
2322 1127 2416 1182 καὶ
2455 1127 2620 1192 Υίοῦ,
2674 1128 2768 1180 καὶ
2805 1127 2960 1194 ἀγίου
3002 1126 3316 1198 Πνεύματος
3354 1124 3717 1194 κεκτισμένα.

2125 1219 2321 1287 Σαφῶς
2357 1217 2412 1270 δὲ
2448 1218 2575 1272 ἄνευ
2605 1216 2810 1281 πάθους
2845 1217 2930 1288 εἴη
2964 1219 2992 1271 6
3024 1217 3334 1288 Μονογενὴς
3377 1215 3720 1286 κληρώσεως

2126 1309 2324 1374 αἰτίας,
2350 1310 2446 1364 καὶ
2472 1309 2534 1362 τὸ
2563 1310 2717 1376 ἆγιον
2745 1309 2910 1362 αὑτοῦ
2934 1308 3179 1380 Πνεῦμα,
3207 1309 3285 1372 ὡς
3314 1309 3411 1362 καὶ
3434 1309 3464 1361 6
3496 1307 3715 1377 Πατὴρ,

2125 1401 2206 1454 ὅτι
2234 1400 2361 1462 Υίός
2383 1401 2500 1455 ἐστι
2523 1400 2796 1470 γέννημα.
2821 1401 2915 1453 καὶ
2939 1400 3002 1453 οὐ
3043 1399 3268 1469 κτίσμα.
3312 1399 3424 1453 Καὶ
3461 1397 3564 1451 οὐκ
3606 1397 3718 1451 ἀπὸ

2124 1492 2219 1546 τοῦ
2274 1491 2632 1563 γεγεννῆσθαι
2687 1493 2836 1546 αίτία
2887 1493 2907 1523 ¹
2949 1492 3154 1555 πάθους
3211 1489 3638 1562 κληρωθήσεται
3688 1492 3718 1542 6

2127 1584 2256 1647 Υἱός
2275 1601 2287 1616 ο
2317 1585 2440 1638 οὐδὲ
2471 1583 2532 1636 τὸ
2552 1583 2800 1655 Πνεῦμα,
2845 1583 3034 1655 ἐπειδὴ
3062 1586 3125 1638 ὲκ
3155 1584 3370 1654 Πατρὸς
3409 1581 3717 1652 ἐκπορεύε-

2124 1695 2237 1742 ται,
2284 1675 2406 1729 οῦτε
2451 1676 2562 1748 γὰρ
2596 1677 2625 1730 6
2672 1676 2886 1748 Πατὴρ,
2930 1675 3118 1746 emes,
3162 1677 3441 1745 ἐγέννησε,
3502 1673 3600 1726 καὶ
3657 1673 3714 1738 ἐξ

2126 1769 2320 1823 ἑαυτοῦ
2351 1769 2609 1842 ἐξήγαγε,
2637 1769 2707 1823 τά
2747 1769 2792 1822 δ’
2815 1769 2949 1823 ἄλλα
2988 1767 3126 1839 μετά
3154 1767 3279 1820 Υἱὺν
3325 1766 3422 1819 καὶ
3481 1764 3714 1832 Πνεῦμα

438 1867 504 1910 eo
561 1855 704 1924 quod
766 1856 981 1926 genitus
1031 1866 1136 1922 est,
1188 1857 1533 1912 all'ectiouem
1567 1870 1750 1909 causa:
1795 1853 2019 1908 sortitur

2126 1861 2358 1926 ἔκτισεν,
2384 1860 2490 1914 ὑπὸ
2519 1860 2690 1924 πάθος
2715 1861 2896 1924 αἰτίας
2920 1859 3257 1930 εὑρίσκεται,
3294 1856 3473 1910 καίτοι
3507 1871 3570 1923 γε
3605 1853 3714 1907 τῶν

440 1941 649 2010 Filius;
699 1961 801 2000 nec
844 1945 1078 2018 Spiritus
1124 1957 1368 2013 sanctus,
1407 1964 1532 2003 cum
1575 1963 1604 2001 a
1633 1947 1795 2002 Patre
1829 1961 2020 2017 proce-

439 2034 551 2090 dat.
582 2036 792 2092 Etenim
821 2038 982 2095 Pater
1013 2056 1078 2094 ex
1111 2056 1196 2107 eo,
1223 2040 1369 2110 quod
1402 2040 1608 2111 genuit,
1651 2047 1745 2093 aut
1775 2038 1957 2093 emisit
1988 2054 2019 2092 e

440 2143 500 2182 se
531 2129 670 2197 ipso,
705 2140 898 2185 caetera
940 2147 1068 2186 vero
1103 2141 1223 2202 post
1248 2131 1446 2186 Filium
1488 2146 1551 2185 ac
1591 2130 1855 2200 Spiritum
1891 2145 2020 2184 san-

439 2230 584 2274 ctum
617 2223 840 2288 creavit,
883 2224 1154 2279 aﬂ‘ectioni
1202 2225 1296 2278 ulli
1330 2239 1512 2280 causa:
1549 2223 1830 2292 subjectus
1855 2221 2020 2292 975

438 2317 543 2374 est,
593 2328 902 2384 quanquam
939 2315 1043 2368 alia
1073 2315 1256 2369 omnia
1288 2316 1342 2369 in
1372 2315 1612 2370 creando
1643 2313 2022 2386 generaudowe

2125 1949 2299 2004 ἄλλων
2324 1951 2540 2003 πάντων
2569 1952 2625 2003 ὲν
2648 1949 2725 2020 τῷ
2754 1946 2957 2012 κτίζειν
2994 1949 3026 2020 ἢ
3054 1949 3251 2017 γεννᾷν
3288 1946 3450 1999 πάθει
3491 1961 3714 2014 συνεχο-

2129 2040 2323 2110 μένων.
2356 2040 2619 2102 ’Λναίτιος
2656 2037 2787 2106 γοῦν
2820 2040 2848 2090 ὁ
2887 2036 3097 2107 Πατὴρ,
3156 2036 3252 2088 καὶ
3280 2038 3309 2086 6
3340 2034 3493 2096 Υἱὸς,
3529 2030 3626 2084 καὶ
3654 2028 3717 2082 τὸ

2129 2129 2284 2198 ἅγιον
2333 2129 2557 2199 Πνεῦμα
2579 2145 2592 2158 ·
2637 2129 2783 2182 αἰτία
2815 2128 2873 2181 δέ
2909 2129 3058 2181 ἐστιν
3095 2129 3128 2198 ὴ
3172 2126 3341 2196 Τριὰς
3377 2126 3488 2178 τῶν
3534 2122 3715 2178 ἀπάν-

2127 2239 2254 2284 των,
2303 2222 2688 2290 συγκτίζουσα,
2733 2223 2828 2276 καὶ
2874 2222 3398 2293 συνδημιουργοῦσα,
3438 2219 3606 2290 μηδὲν
3649 2219 3708 2272 ἐν

2129 2314 2264 2384 αὐτῇ
2289 2314 2503 2368 κτιστδν
2525 2315 2558 2385 ἢ
2593 2315 2956 2386 δεδημιουργη
2967 2314 3124 2385 μένον
3146 2313 3512 2382 γινώσκουσα.

440 2409 716 2477 patiantur
747 2407 972 2480 aliquid.
1007 2407 1350 2478 Quapropter
1384 2407 1564 2471 Pater,
1596 2406 1768 2461 Filius
1799 2414 1856 2460 et
1902 2403 2144 2474 Spiritus
2173 2413 2400 2462 sanctus
2427 2422 2651 2462 causam
2712 2407 2913 2461 habent
2975 2406 3202 2459 nullam.
3266 2403 3525 2458 Omnium
3583 2415 3715 2456 vero

439 2514 601 2555 causa
631 2501 851 2570 estipsa
877 2499 1138 2567 Trinitas,
1160 2519 1281 2574 quae
1303 2503 1488 2557 omnia
1518 2501 1624 2558 ista
1652 2500 1814 2558 simul
1844 2507 2015 2567 creat,
2059 2516 2124 2555 ac
2153 2503 2398 2570 molitur,
2433 2503 2680 2573 nihilque
2729 2502 2786 2555 in
2846 2517 2969 2557 sese
3034 2509 3276 2555 creatum
3345 2508 3441 2552 aut
3477 2497 3716 2551 fabrica-

440 2602 554 2647 tum
583 2594 853 2662 agnoscit.

863 2706 1046 2761 AETll
1075 2707 1305 2763 CAPUT
1337 2707 1579 2763 Χχνιιι.

511 2797 570 2853 Si
603 2796 869 2868 quidquid
903 2800 1228 2870 productum
1259 2809 1362 2864 cst,
1386 2800 1454 2856 ab
1489 2801 1660 2855 altero
1691 2799 2018 2870 productum

437 2896 543 2954 cst,
576 2890 812 2961 ingenita
848 2905 977 2946 vero
1010 2891 1321 2962 hypostasis
1351 2907 1452 2946 nec
1485 2906 1516 2945 a
1544 2908 1602 2947 se
1642 2893 1780 2961 ipsa,
1816 2903 1918 2946 nec
1949 2891 2018 2946 ab

438 2979 545 3034 alia
583 2981 843 3052 producta
867 2990 971 3048 est,
1006 2983 1232 3054 ingeniti
1263 2985 1532 3040 vocabulo
1561 2985 1871 3042 substantia
1898 2984 2018 3056 ipsa

436 3076 774 3150 signiﬁcetur
805 3084 1039 3148 oportet.

922 3190 1234 3261 Confutatio
1267 3187 1375 3243 XX
1389 3187 1551 3243 VIII.

504 3281 747 3339 Rursum
780 3284 938 3339 nobis
969 3284 1112 3340 istud
1145 3283 1358 3345 Aetius,
1394 3291 1655 3352 tanquam
1693 3295 1894 3336 novum
1917 3279 2018 3334 ali-

434 3375 566 3444 quid
598 3384 652 3430 et
683 3375 1010 3440 inauditum,
1043 3376 1251 3444 objicit,
1283 3386 1342 3429 ut
1367 3375 1665 3430 dialecticzu
1695 3375 1854 3428 istius
1885 3373 2018 3428 sub-

435 3468 645 3523 tilitatis
679 3476 868 3523 auctor
899 3484 1022 3524 esse
1073 3468 1340 3522 videatur.
1399 3467 1579 3533 Quare
1613 3481 2020 3538 supervacauee

435 3557 567 3611 illud
592 3573 760 3611 unum
792 3557 1049 3624 inculcat,
1077 3556 1224 3628 quod
1249 3559 1303 3612 in
1329 3557 1760 3613 controversiam
1798 3557 2020 3612 minime

433 3660 760 3716 revocatur;
795 3665 972 3720 neque
995 3650 1208 3706 veritati
1235 3659 1524 3721 repugnat,
1547 3661 1601 3705 et
1629 3657 1885 3721 perpetua
1916 3648 2019 3703 Ec-

431 3743 616 3798 clesia:
637 3743 921 3798 catholicae
949 3742 1293 3813 professione
1318 3751 1554 3798 tenetur.
1587 3741 1860 3812 Quidquid
1888 3757 2018 3812 ergo

427 3831 635 3896 factum
663 3843 768 3897 est,
815 3833 883 3887 ab
915 3835 1088 3888 altero
1119 3831 1323 3886 factum
1359 3834 1431 3887 sit
1466 3840 1715 3903 oportet;
1770 3840 1825 3886 at
1862 3835 2015 3903 iuge-

433 3925 544 3979 nita
598 3925 910 3997 hypostasis
955 3940 1132 3994 neque
1170 3938 1200 3976 a
1253 3925 1434 3994 scipsa
1463 3963 1478 3988 ,
1557 3940 1735 3995 neque
1773 3925 1841 3979 ab
1886 3925 2013 3989 alia,

430 4018 681 4089 quamvis
742 4017 968 4087 iugeniti
1021 4016 1242 4070 nomine
1298 4016 1661 4072 substantiam
1716 4015 2013 4087 signiﬁcari

432 4122 661 4164 necesse
691 4107 780 4162 sit.
815 4105 958 4172 Quid
992 4107 1136 4162 enim
1173 4107 1344 4176 magis
1371 4106 1462 4161 illo
1493 4107 1865 4163 necessarium
1892 4121 2017 4162 esse

431 4201 642 4271 potest?
668 4197 803 4253 Nam
837 4199 941 4255 hoc
969 4199 1666 4273 substantiayvocabulum,
1695 4199 1840 4270 quod
1868 4200 2016 4254 Ano-

430 4293 560 4347 mmi
586 4301 640 4347 et
681 4292 874 4346 Ariani
901 4293 952 4346 in
987 4308 1082 4347 ore
1111 4307 1325 4362 semper
1353 4292 1572 4358 habent,
1603 4292 1798 4347 callide
1829 4307 1893 4346 ac
1922 4308 2014 4347 rc-

433 4383 691 4440 teratorie
727 4385 1011 4454 usurpavit
1040 4385 1254 4447 Aetius,
1286 4394 1340 4438 ct
1371 4383 1440 4438 ab
1473 4384 1591 4453 ipsa
1619 4391 1844 4438 coactus
1874 4383 2014 4438 veri-

2488 2700 2741 2756 ΑΕΤΙΟΥ
2779 2701 3175 2754 ΚΕΦΑΛΑΙΟΝ
3211 2700 3343 2754 Kll'.

2199 2795 2261 2848 Εί
2301 2795 2409 2846 πᾶν
2443 2794 2502 2847 τὸ
2527 2793 2749 2863 γεγονὸς
2776 2794 2865 2862 ὑφ’
2901 2793 3091 2864 ἑτέρου
3127 2793 3372 2861 γέγονεν,
3405 2793 3440 2863 ἡ
3468 2793 3525 2846 δὲ
3551 2793 3714 2862 ἀγέν-

2126 2904 2284 2958 νητος
2322 2887 2620 2949 ὑπόστασις
2658 2886 2780 2940 οῦτε
2829 2886 2919 2954 ὑφ’
2967 2887 3184 2958 ἑαυτῆς,
3219 2885 3342 2939 οῦτε
3388 2887 3477 2956 ὑφ’
3518 2886 3712 2958 ἑτέρας

2126 2981 2348 3049 γέγονεν
2367 2997 2378 3010 ·
2410 2981 2624 3054 ἀνάγκη
2647 2983 2833 3039 οὐσίαν
2861 2981 3056 3054 δηλοῦν
3084 2983 3142 3035 τὸ
3165 2982 3476 3052 ἀγέννητον.

2668 3187 2992 3256 Ἀνατροπὴ
3041 3191 3174 3244 KII'.

2194 3278 2303 3331 Καὶ
2351 3277 2508 3330 τοῦτο
2553 3278 2715 3333 πάλιν
2766 3280 2970 3343 Ἀέτιος
3016 3281 3139 3349 ἥκει
3185 3280 3364 3350 φέρων
3411 3283 3575 3350 ἡμῖν,
3633 3280 3709 3344 ὡς

2121 3369 2306 3424 καινόν
2337 3389 2388 3424 τι
2413 3372 2504 3424 καὶ
2531 3372 2842 3442 πρόσφατον
2873 3372 3268 3443 ὑφηγούμενος,
3305 3373 3393 3426 ἵνα
3427 3377 3565 3444 φανῇ
3591 3374 3703 3426 δια-

2120 3463 2374 3535 λεκτικῆς
2403 3467 2702 3537 ὲφευρετὴς
2745 3462 2884 3519 εἶναι
2918 3467 3292 3535 συλλογιστίας
3324 3469 3387 3519 ἐκ
3421 3467 3703 3538 περισσοῦ,

2125 3557 2234 3629 [οὐ]
2271 3557 2433 3628 μόνον
2455 3558 2475 3588 ³
2512 3558 2644 3610 αὐτὸ
2674 3557 2830 3610 τοῦτο
2865 3557 3061 3628 δηλῶν,
3113 3560 3249 3628 ὅπερ
3275 3559 3394 3610 οὐδὲ
3431 3558 3707 3627 ἀμφιϐάλ-

2119 3648 2294 3713 λεται,
2331 3647 2455 3702 οὔτε
2489 3649 2629 3702 κατά
2650 3650 2750 3720 τῆς
2779 3649 3056 3720 ἀληθείας,
3091 3650 3152 3702 τὸ
3180 3651 3266 3702 ἀεὶ
3295 3651 3352 3702 ὲν
3382 3649 3532 3721 αὐτῷ
3555 3652 3614 3703 ὲν
3635 3654 3703 3722 τῇ

2120 3741 2380 3813 καθολικῇ
2422 3740 2715 3812 Ἐκκλησία
2745 3740 3178 3811 ὁμολογούμενον
3209 3741 3524 3812 ἐνυπάρχει.
3586 3743 3705 3796 Πᾶν

2118 3832 2227 3904 γάρ
2255 3833 2316 3886 τὸ
2339 3833 2561 3902 γεγονὸς
2602 3833 2690 3901 ὑφ’
2739 3833 2926 3904 ἐτέρου
2960 3833 3188 3902 γίνεται.
3233 3836 3295 3886 Ἠ
3323 3835 3380 3887 δὲ
3410 3835 3705 3904 ἀγέννητος

2120 3923 2414 3986 ὑπόστασις
2465 3921 2588 3976 οῦτε
2617 3924 2708 3992 ὑφ’
2733 3923 2949 3993 ἑαυτῆς,
2973 3922 3099 3977 οὔτε
3121 3926 3211 3993 ὑφ’
3234 3925 3426 3995 ἐτέρας
3445 3926 3667 3993 γέγονεν
3684 3940 3698 3955 °

2117 4017 2166 4068 εί
2211 4015 2306 4068 καὶ
2345 4015 2560 4086 ἀνάγκη
2596 4015 2785 4070 οὐσίαν
2817 4016 3011 4087 δηλοῦν
3048 4017 3109 4068 τὸ
3155 4017 3467 4090 ἀγέννητον.
3515 4019 3623 4071 Καὶ
3649 4017 3704 4071 τί

2116 4107 2306 4160 τούτου
2340 4108 2794 4179 ἀναγκαιότερον;
2843 4109 3022 4182 Ὅπερ
3064 4109 3174 4180 γάρ
3217 4111 3303 4163 ἀεὶ
3359 4110 3488 4180 παρ’
3518 4111 3702 4175 αὐτοῖς

2116 4201 2228 4261 τοῖς
2249 4215 2308 4250 τε
2351 4199 2664 4270 Ἀνομοίοις,
2699 4201 2793 4253 καί
2831 4201 3125 4272 Ἀρειανοῖς
3157 4201 3217 4253 τὸ
3247 4203 3346 4272 τῆς
3367 4202 3555 4264 οὐσίας
3579 4203 3701 4254 δνο-

2119 4307 2198 4361 μα
2227 4291 2573 4362 παλιμϐόλως
2603 4291 2890 4356 ὲξελάὸετο
2927 4293 3152 4358 Ἀἐτιος,
3186 4295 3374 4363 σαφῶς
3401 4293 3702 4363 ἀναγκαζό-

2120 4400 2279 4453 μενος
2312 4385 2416 4438 ὑπὸ
2452 4385 2550 4456 τῆς
2585 4385 2843 4455 ἀληθείας
2871 4386 3243 4459 ὡμολόγησεν.
3293 4388 3492 4451 Οὐσίας
3520 4388 3702 4440 τοίνυν

432 4482 543 4530 tate
575 4474 865 4531 confessus
907 4483 1012 4531 est.
1069 4475 1256 4546 Itaque
1297 4491 1421 4530 cum
1463 4475 1687 4545 iugeniti
1728 4475 1867 4527 ratio
1897 4473 2013 4543 ipsa

2124 4476 2284 4549 οῦσης
2312 4479 2412 4549 τῆς
2454 4479 2800 4550 ἀγεννησίας,
2839 4477 2898 4544 ἐξ
2939 4480 3105 4550 αὐτῆς
3134 4481 3211 4544 δὲ,
3254 4481 3348 4532 καὶ
3374 4481 3474 4533 οὐκ
3516 4479 3573 4543 ἐξ
3601 4480 3703 4534 οὐκ

433 4565 740 4620 substantia
769 4565 1182 4635 sit,'eademque
1208 4582 1238 4620 c
1265 4567 1466 4634 scipsa,
1487 4581 1593 4620 non
1617 4581 1648 4620 e
1675 4563 1868 4626 nihilo,
1898 4565 2018 4619 sine

433 4655 543 4709 ulla
569 4655 948 4725 inquinatione
978 4671 1041 4711 ac
1069 4657 1324 4727 passione
1361 4655 1710 4726 Uuigenitum
1745 4655 2015 4724 genuerit,

429 4746 582 4802 nullo
629 4762 805 4817 neque
848 4755 1113 4819 tempore,
1169 4764 1271 4805 nec
1334 4749 1511 4814 initio,
1569 4747 1832 4820 Spiritum
1885 4765 2018 4804 vero

430 4847 682 4896 sanctum
708 4839 956 4895 emiserit
978 4855 1009 4894 e
1039 4839 1242 4910 scipsa,
1268 4856 1376 4895 non
1407 4856 1437 4895 e
1464 4840 1638 4894 nihilo
1660 4839 2005 4910 produxerit:

429 4932 779 4988 manifestum
809 4940 896 4988 est
924 4932 977 4986 in
1006 4941 1196 4988 sancta
1225 4947 1288 4986 ac
1315 4932 1583 4988 catholica
1614 4931 1859 4989 Ecclesia
1883 4948 2010 4989 con-

427 5024 846 5080 substantialem
879 5021 1204 5077 Trinitatem
1238 5023 1340 5078 rite
1367 5021 1676 5094 praedicari.
1730 5021 1851 5090 Quo
1885 5025 2008 5095 qui-

427 5118 550 5174 dem
596 5117 820 5172 nomine
861 5126 1044 5171 creata
1083 5117 1229 5171 nulla
1265 5132 1353 5172 res
1392 5117 1776 5188 comprehendi
1809 5124 2007 5188 potest,

425 5224 491 5264 eo
519 5208 668 5280 quod
697 5224 874 5278 neque
905 5215 1125 5272 natura,
1153 5224 1331 5278 neque
1359 5209 1531 5272 cultu,
1569 5222 1634 5262 ac
1659 5207 2010 5263 veneratione

427 5310 607 5374 potest
650 5303 856 5373 aliquid
904 5301 1218 5373 Unigenito,
1262 5313 1356 5356 aut
1396 5301 1626 5372 Spiritui
1665 5310 1860 5359 sancto
1887 5316 2009 5356 esse

426 5395 625 5450 simile.
656 5395 865 5451 Caetera
891 5397 1036 5452 enim
1066 5412 1096 5452 e
1129 5397 1300 5451 nihilo
1322 5404 1529 5460 creata,
1560 5411 1662 5451 nec
1685 5396 2008 5451 adoratioue

425 5489 806 5558 prosequenda
842 5499 1008 5555 sunt;
1051 5489 1298 5545 Trinitas
1332 5504 1462 5544 vero
1496 5487 1848 5558 sempiterna.
1901 5486 2005 5541 Pa-

427 5585 512 5632 ter
546 5581 842 5650 perfectus,
887 5579 1050 5635 Pater
1082 5589 1202 5648 est;
1236 5576 1406 5635 Filius
1439 5579 1742 5651 perfectus.
1777 5577 1946 5633 Filius
1974 5593 2006 5634 a

431 5668 586 5727 Patre
615 5673 866 5743 genitus;
903 5671 1143 5743 Spiritus
1177 5681 1434 5738 sanctus,
1463 5669 1700 5742 Spiritus
1731 5668 2002 5738 perlectus

503 5787 520 5820 ι
549 5785 610 5841 F.
639 5788 837 5850 αἰτίας.
903 5788 924 5818 ³
958 5787 1019 5849 F.
1055 5787 1252 5846 αἰτίαν.
1328 5789 1348 5822 ³
1368 5787 1611 5869 ιιεεο-,ὲκ
1633 5784 1894 5857 περισσοῦ
1923 5786 2104 5857 μόνον.

2113 4568 2282 4622 ὄντων
2315 4569 2601 4640 ἀχράντως
2639 4570 2734 4624 καὶ
2767 4570 2996 4635 ἀπαθῶς
3040 4572 3380 4643 γεννησάσης
3408 4571 3499 4623 τὸν
3530 4571 3704 4624 Μονο-

2115 4663 2248 4733 γενῆ
2288 4661 2534 4733 ἀχρόνως
2571 4663 2662 4714 καὶ
2699 4663 2970 4734 ἀνάρχως,
3000 4665 3094 4718 καὶ
3122 4664 3180 4732 ἐξ
3207 4665 3375 4735 αὐτῆς
3397 4662 3699 4734 ἐξαγαγοῦ-

2117 4770 2218 4825 σης
2246 4754 2306 4807 τὸ
2338 4755 2492 4822 ἀγιον
2528 4753 2774 4825 Πνεῦμα,
2807 4757 2899 4809 καὶ
2944 4757 3046 4810 οὐκ
3082 4755 3142 4822 ἐξ
3170 4759 3271 4811 οὐκ
3299 4759 3485 4822 ὅντων,
3517 4758 3700 4828 σαφῶς

2117 4848 2174 4898 ὲν
2205 4847 2272 4917 τῇ
2303 4846 2434 4917 ἀγίᾳ
2463 4845 2724 4919 καθολικῇ
2776 4847 3070 4921 Ἐκκλησία
3095 4850 3390 4922 ὁρθοδόξως
3416 4851 3700 4922 ὁμοούσιος

2115 4938 2149 5008 ἡ
2173 4937 2340 5009 Τριάς
2357 4938 2706 5008 κηρύττεται,
2730 4941 2958 5011 μηδενὸς
2989 4941 3096 4996 τῶν
3130 4943 3502 5014 κεκτισμὲνων
3539 4943 3699 4997 δυναο

2121 5028 2283 5099 μένου
2305 5029 2383 5101 τῷ
2406 5030 2631 5102 ὀνόματι
2653 5032 2826 5103 τούτῳ
2847 5033 3152 5098 καλεῖσθαι,
3185 5035 3273 5090 διὰ
3303 5035 3365 5088 τὸ
3395 5035 3530 5106 μηδὲ
3559 5037 3699 5090 κατά

2117 5127 2281 5196 φύσιν
2328 5127 2466 5183 εἷναί
2511 5146 2566 5182 τι
2611 5130 2795 5201 ὅμοιον
2841 5131 2917 5203 τῷ
2954 5133 3252 5200 Μονογενεῖ
3297 5133 3393 5185 καὶ
3435 5130 3514 5201 τῷ
3559 5132 3699 5200 ἀγίῳ

2117 5219 2416 5290 Πνεύματι,
2464 5221 2599 5294 μήτε
2651 5221 2790 5278 κατά
2827 5223 2889 5276 τὸ
2929 5223 3111 5287 σέϐας.
3153 5222 3234 5276 Τά
3283 5223 3380 5295 μὲν
3411 5223 3522 5294 γάρ
3551 5224 3700 5276 ἐστιν

2116 5309 2175 5376 ἐξ
2207 5312 2307 5364 οὐκ
2347 5311 2515 5366 ὄντων
2556 5315 2907 5385 κεκτισμένα,
2945 5316 3039 5369 καὶ
3061 5317 3121 5370 οὐ
3156 5314 3508 5388 προσκυνητά
3532 5331 3548 5345 ·
3575 5317 3608 5384 ή
3643 5315 3698 5368 δὲ

2115 5401 2285 5472 Τριάς
2318 5403 2405 5456 ἀεὶ
2431 5405 2578 5459 ἔστιν
2597 5422 2610 5436 ⁶
2642 5408 2670 5460 6
2702 5407 2891 5480 Πατὴρ
2920 5408 3108 5482 Πατὴρ
3136 5408 3359 5473 τέλειος,
3397 5407 3493 5460 καὶ
3514 5409 3544 5460 6
3571 5407 3698 5471 Υἱὸς

2115 5492 2243 5557 Υἱὸς
2263 5495 2470 5560 τέλειος
2505 5498 2568 5552 ὲκ
2598 5500 2811 5570 Πατρὸς
2839 5500 3138 5573 γεννηθεὶς,
3169 5500 3262 5554 καὶ
3286 5502 3346 5553 τὸ
3383 5499 3610 5573 Πνεῦμα
3639 5499 3696 5551 τὸ

2112 5583 2266 5654 ἅγιον
2287 5589 2511 5660 Πνεῦμα
2537 5591 2740 5646 τέλειον
2769 5594 2837 5646 ἐκ
2858 5593 3086 5662 Πατρός
3123 5593 3419 5663 προελθὸν
3456 5596 3554 5647 καὶ
3589 5592 3693 5646 τίῦ

2110 5675 2244 5730 Υἱοῦ
2293 5680 2619 5749 λαμϐάνον.
2680 5683 2788 5737 Καὶ
2819 5685 2995 5739 πάντα
3039 5687 3168 5756 ἡμῖν
3212 5701 3448 5754 φωτεινα
3485 5685 3556 5739 τά
3595 5690 3694 5756 τῆς
