3994 6224
253 376 362 432 613
897 370 1265 429 ADVERSUS
1304 367 1652 426 llrERESES
1692 367 1821 422 LIB.

1955 408 1960 422 .
2002 362 2172 419 TOM.
2215 362 2337 417 1.-
2381 358 2656 415 ΠᾸΕΙΠΞΞ.
2697 358 2930 415 [.X\VI.
3429 362 3532 415 6H

255 493 412 557 θείας
453 492 696 563 Γραφῆς,
746 492 838 545 καὶ
861 489 931 544 τὰ
962 491 1060 562 τῆς
1092 489 1253 558 ἁγίας
1275 487 1511 551 πίστεως
1531 527 1546 552 ,
1575 487 1669 539 καὶ
1698 485 1832 538 οὐδὲι

1962 497 1983 533 α
2022 479 2183 533 Patre
2210 478 2496 547 procedens
2517 478 2557 542 ³,
2593 485 2639 529 et
2675 492 2707 528 a
2742 474 2887 532 Filio
2915 478 3176 547 accipiens
3201 476 3241 531 ⁸.
3280 475 3355 530 Ita
3388 473 3539 531 Sert-

258 588 491 653 σιιολιὺν,
521 586 553 657 ἦ
586 585 847 649 ἐναντίον,
880 584 913 655 ἢ
952 582 1409 655 στραγγαλιῶδες.

1958 581 2113 640 plura
2164 571 2343 626 omnis
2392 584 2584 632 sacra,
2637 575 2691 621 et
2735 568 3004 623 catholica
3057 568 3188 623 tides
3232 566 3535 622 clarissima

1954 662 2113 716 nobis
2156 671 2275 728 est;
2331 675 2510 731 neque
2549 657 2847 728 quidquam
2902 661 3042 717 inest
3089 660 3391 730 obliquum,
3446 667 3539 714 aut

1957 754 2318 819 contrarium,
2354 760 2447 807 aut
2477 752 2712 820 denique
2744 760 3073 809 tortuosum.

622 864 827 918 AETIO
836 864 881 916 Υ
911 864 1306 919 ΚΕΦΑΛΑΙΟΝ
1339 861 1470 918 ΚΘ’.

2284 864 2451 935 976
2492 862 2675 918 AETll
2710 863 2938 920 CAPUT
2970 864 3159 918 XXIX.

332 962 396 1015 Εἶ
426 959 492 1029 τῇ
522 956 615 1009 τοῦ
642 956 983 1026 γεννήματος
1013 954 1170 1027 οὐσίᾳ
1217 952 1640 1025 συνεμφαίνεται
1668 950 1743 1012 ὼς
1765 950 1853 1003 αἱ-

2026 955 2086 1012 Si
2116 958 2344 1028 ingeniti
2401 957 2731 1021 substantia,
2768 964 3029 1026 tanquam
3077 971 3266 1021 causa,
3299 955 3537 1027 ingenita

257 1055 352 1107 τία
384 1055 418 1125 ἠ
457 1051 751 1120 ἀγέννητος
788 1047 1105 1111 ὑπόστασις,
1154 1047 1295 1101 κατὰ
1338 1046 1518 1117 πάσης
1561 1045 1741 1106 αἰτίας
1792 1041 1834 1095 τί

1963 1050 2271 1120 hypostasis
2303 1050 2637 1113 declaratur,
2668 1065 2788 1119 quae
2819 1065 2929 1118 prae
2957 1050 3102 1102 omni
3135 1064 3425 1103 causarum
3448 1066 3540 1117 ge-

260 1144 681 1217 ἀπαράλλακτον
722 1144 941 1215 ἔχουσα,
979 1140 1266 1194 αὑτοουσία
1307 1138 1456 1192 ἐστὶν
1494 1136 1837 1207 ἀσύγκριτος.

1965 1158 2086 1195 nere
2132 1140 2578 1196 immutabilitate
2627 1140 2699 1195 sit
2753 1140 2997 1208 praedita,
3040 1139 3228 1192 eadem
3277 1154 3374 1207 per
3421 1154 3542 1193 sese

261 1238 366 1289 οὐκ
395 1235 593 1300 ἔξωθεν
626 1234 1023 1304 συνυφαίνουσα
1061 1232 1120 1284 τὸ
1160 1229 1454 1301 ἀπρόσιτον
1477 1245 1490 1257 ·
1523 1226 1653 1280 αὐτὸ
1678 1226 1733 1278 δὲ
1759 1227 1838 1278 67r-

1965 1231 2269 1287 substantia
2296 1231 2740 1300 incomparabilis
2764 1237 2869 1295 est,
2899 1246 3006 1284 non
3032 1231 3178 1283 velut
3200 1230 3542 1283 extrinsecus

262 1330 511 1398 ἀρχουσα
571 1327 933 1398 ἀσύγκριτος,
975 1323 1069 1381 καὶ
1124 1324 1453 1393 ἀπρόσιτος,
1510 1317 1699 1390 ἐπειδὴ
1759 1316 1839 1369 κατ

1965 1325 2186 1379 ascitam
2230 1323 2550 1393 qualitatem
2581 1323 2726 1375 illam
2759 1338 2869 1393 prii!
2900 1338 2957 1377 se
2986 1320 3188 1383 ferens,
3226 1322 3355 1374 nihil
3389 1330 3446 1374 ut
3478 1324 3542 1376 ad

263 1417 584 1488 ἀγέννητος.
1957 1418 2130 1488 ipsam
2164 1417 2340 1487 possit
2369 1416 2667 1483 accedere;
2716 1416 2812 1471 sed
2856 1415 2908 1470 id
2942 1432 3006 1471 ex
3056 1431 3177 1470 sese
3206 1417 3432 1478 habens,
3469 1416 3545 1469 uti

1959 1509 2093 1564 nihil
2122 1524 2246 1563 cum
2283 1511 2400 1578 ipsa
2438 1506 2697 1572 conferri,
2736 1516 2830 1562 aut
2872 1508 2938 1562 ad
2975 1515 3093 1561 eam
3125 1506 3389 1563 accedere
3416 1524 3545 1579 pos-

1959 1604 2053 1661 sit.
2099 1602 2252 1659 Unde
2280 1611 2334 1657 et
2363 1617 2461 1672 per
2489 1610 2662 1656 semet
2689 1608 2773 1656 est
2806 1602 3069 1671 ingenita.

827 1702 1149 1771 Ἀνατροπὴ
1176 1705 1306 1757 ΚΘ’.

2476 1715 2787 1784 Confutatio
2820 1713 3034 1769 XXIX.

346 1797 613 1861 Πολλάκις
643 1795 784 1849 κατὰ
815 1795 923 1848 τῶν
952 1796 1132 1848 αὐτῶν
1166 1794 1368 1857 Ἀἐτιος
1399 1792 1642 1863 φέρεται,
1666 1790 1856 1861 ὥσπερ
1892 1855 1923 1881 n

2034 1813 2179 1867 Idem
2210 1826 2403 1866 saxum
2438 1819 2698 1881 perpetuo
2727 1811 2901 1865 volvit
2931 1812 3139 1872 Aetius,
3171 1820 3229 1864 ut
3263 1826 3291 1863 a
3331 1827 3415 1865 me
3446 1825 3545 1864 sa:-

268 1890 368 1943 xat‘t
405 1888 563 1949 αὐτὸς
598 1885 857 1948 πολλάκις
899 1884 1055 1954 ἔφην,
1092 1885 1172 1946 εἰς
1217 1883 1460 1953 κάματον
1505 1879 1665 1951 μόνον
1708 1879 1845 1951 ἡμᾶς

2039 1855 2179 1867 ων...
2210 1855 2403 1866 νυν...
2439 1855 2696 1881 er"..-
2931 1855 3139 1872 .-ν-,μη
3263 1855 3291 1863 ..
3331 1855 3415 1865 ...ν
3446 1855 3518 1864 νυν

1968 1902 2083 1972 pius
2111 1908 2195 1955 est
2219 1900 2450 1967 dictum,
2479 1916 2653 1969 neque
2675 1899 2975 1969 quidquam
3003 1900 3147 1954 aliud
3170 1900 3275 1955 nisi
3308 1901 3545 1954 laborem

271 1980 477 2051 φέρων,
529 1978 622 2031 καὶ
651 1976 802 2030 οὐδὲν
833 1976 1236 2048 περισσότερον.
1273 1974 1363 2027 Διὸ
1393 1973 1487 2026 καὶ
1521 1974 1577 2025 ὲν
1603 1970 1681 2042 τῷ
1715 1987 1848 2040 παρ-

1975 1991 2124 2047 tobis
2175 1990 2330 2045 alTert
2379 2006 2443 2047 ac
2490 1992 2734 2045 mdium.
2816 1990 3179 2057 Quamobrem
3239 1993 3399 2045 etiam
3450 1993 3552 2045 hoc

271 2072 388 2125 όντι
437 2071 682 2141 ἀνάγκην
731 2068 962 2139 ἔσχομεν
1006 2066 1085 2138 τῷ
1134 2066 1365 2137 καμάτῳ
1400 2063 1735 2136 προσθεῖναι,
1767 2062 1848 2115 καῖ

1973 2081 2087 2137 loco
2134 2095 2337 2136 novum
2371 2080 2663 2149 quemdam
2702 2080 2944 2136 laborem
2999 2081 3237 2152 adjicere
3284 2083 3550 2151 cogimur,

273 2165 346 2218 τὰ
380 2166 522 2221 αὐτὰ
562 2167 672 2229 τοῖς
717 2165 900 2226 αὐτοῖς
939 2160 1373 2232 δεινιτερολογεῖν⁹
1423 2158 1721 2230 ἐπειδήπερ
1768 2156 1850 2208 καπ

1974 2174 2265 2243 eademque
2291 2181 2573 2243 repetere:
2616 2172 3063 2244 quandoquidem
3100 2175 3175 2229 ita
3210 2174 3285 2227 illi
3320 2173 3551 2228 videtur.

275 2259 430 2329 αὐτῷ
461 2257 632 2320 οὕτως
665 2255 860 2320 ἔδοξεν.
894 2253 957 2307 Εἰ
991 2254 1098 2325 γὰρ
1123 2254 1218 2309 καὶ
1246 2256 1311 2327 τῇ
1339 2253 1679 2325 γεννήματος
1706 2250 1852 2320 οὐσίᾳ

1977 2262 2134 2333 igitur
2180 2263 2305 2319 licet
2334 2263 2557 2333 ingeniti
2609 2264 2919 2319 substantia
2952 2262 3214 2332 ingenita,
3252 2261 3397 2316 unde
3427 2277 3554 2331 pro-

280 2350 703 2423 συνεμφαίνεται
734 2351 766 2420 ἡ
801 2347 1094 2417 ἀγέννητος
1128 2350 1461 2425 γεννήσασα,
1496 2346 1649 2399 οὐδὲν
1675 2343 1857 2397 διοίσει

1979 2354 2133 2409 ducta
2175 2362 2279 2415 est,
2329 2360 2523 2407 natura
2561 2352 2924 2422 signiﬁcetur,
2963 2351 3098 2405 nihil
3136 2358 3317 2405 tamen
3352 2351 3556 2405 idcirco

286 2444 379 2497 τοῦ
420 2442 725 2513 ἀξιώματος
755 2442 847 2495 τοῦ
892 2442 1083 2512 γεννᾷν
1105 2442 1120 2471 ¹
1157 2440 1185 2492 6
1212 2439 1490 2509 γεννήτωρ
1524 2436 1585 2490 τὸ
1609 2454 1863 2506 γεγεννη-

1979 2446 2255 2516 dignitatis
2278 2445 2545 2512 intererit,
2560 2445 2704 2514 quod
2726 2446 2940 2514 genitor
2962 2443 3205 2513 genitum
3228 2444 3556 2513 produxisse

287 2536 472 2608 μένον.
522 2536 612 2599 Ἐξ
660 2534 824 2590 αὑτοῦ
864 2535 972 2605 γὰρ
1019 2532 1308 2604 ἐγέννησεν
1340 2528 1608 2592 οὺσιωδῶς
1646 2526 1864 2597 Πνεῦμα

1979 2539 2209 2593 dicatur.
2266 2536 2480 2606 Quippe
2527 2551 2557 2591 e
2602 2552 2661 2592 se
2696 2537 2815 2606 ipso
2859 2536 3159 2591 secundum
3191 2537 3556 2590 substantiam

286 2628 354 2679 ὲκ
386 2625 723 2696 Πνεύματος,
765 2624 858 2677 καὶ⁴
889 2626 950 2677 οὐ
988 2623 1146 2694 σῶμα
1175 2624 1239 2675 ἐκ
1270 2620 1537 2692 σώματος.
1594 2618 1684 2672 Διὸ
1711 2619 1863 2685 ἀσυγ-

1979 2629 2238 2700 Spiritum
2289 2645 2320 2684 e
2364 2629 2573 2698 Spiritu
2618 2629 2825 2699 genuit,
2878 2644 2986 2682 non
3019 2642 3219 2696 corpus
3246 2642 3276 2681 e
3306 2642 3556 2697 corpore.

288 2718 493 2787 κρὶτως
526 2716 948 2787 συνεμφαίνεται
967 2712 1304 2784 συμπρέπων
1326 2714 1353 2764 6
1375 2710 1652 2781 γεννήτωρ
1678 2707 1756 2777 τῷ
1780 2723 1865 2775 γε·

1986 2721 2131 2778 Unde
2165 2722 2281 2777 sine
2334 2721 2445 2774 ulla
2474 2721 2883 2790 comparatione
2927 2720 3139 2790 genitor
3176 2720 3228 2772 in
3264 2719 3427 2789 geniti
3468 2736 3563 2773 no-

289 2828 455 2880 γεννη
465 2808 630 2879 μένῳ,
649 2808 741 2861 καὶ
768 2809 796 2859 6
814 2807 1209 2875 γεγεννημένος
1233 2802 1309 2874 τῷ
1331 2801 1701 2871 γεγεννηκότι.
1739 2798 1866 2852 Οὔτε

1986 2816 2147 2879 tione,
2201 2823 2254 2868 et
2296 2814 2509 2883 genitus
2543 2815 2596 2866 in
2630 2824 2923 2883 generante
2960 2819 3327 2883 congruenter
3358 2813 3563 2865 intelli-

293 2902 407 2973 γάρ
429 2900 743 2971 προσθήκης
774 2898 942 2951 δεῖται
977 2899 1035 2950 τὶ)
1063 2896 1237 2959 Θεῖον,
1270 2895 1355 2947 ἵνα
1379 2894 1509 2946 ποτὲ
1531 2893 1720 2963 Πατὴρ
1751 2890 1870 2960 κλη-

1984 2907 2144 2977 gitur.
2175 2905 2361 2975 Neque
2388 2906 2533 2960 enim
2584 2905 2902 2960 accessione
2940 2905 3049 2959 ulla
3088 2904 3332 2957 divinum
3361 2920 3561 2957 numen

246 3040 250 3042 ι
298 2995 442 3066 Θείη,
493 2994 625 3046 ποτὲ
661 2990 717 3045 δὲ
757 2988 847 3046 οῦ·
914 2988 1038 3042 οὔτε
1086 2991 1113 3043 6
1143 2987 1269 3051 Υἱὸς
1296 2986 1651 3058 εὑρεθήσεται
1684 2986 1749 3038 ἐκ
1789 3002 1823 3038 τε

1989 3014 2120 3068 opus
2164 2997 2350 3062 habet,
2396 3006 2458 3051 ut
2500 2996 2662 3050 Pater
2707 2997 2843 3050 alias
2874 3004 3121 3057 vocetur,
3177 2994 3311 3050 alias
3343 2995 3566 3048 minime

299 3085 509 3140 ἄνωθεν
532 3083 850 3152 συνδέσμου,
875 3081 1005 3134 ποτὲ
1029 3079 1102 3151 μὴ
1127 3079 1221 3140 ὢν,
1250 3081 1374 3151 ἄρτι
1400 3078 1455 3131 δὲ
1481 3076 1575 3132 ὦν.
1612 3076 1703 3129 Διὸ
1735 3075 1876 3130 ειύτο¹

1991 3099 2236 3154 vocetur;
2283 3103 2459 3156 neque
2504 3085 2674 3141 Filius
2708 3101 2772 3140 ex
2808 3088 3139 3156 scalpit-rita
3174 3086 3397 3154 coujnm
3418 3087 3568 3139 tione

301 3178 463 3231 ουσία
507 3176 652 3230 ἐστὶν
697 3177 725 3228 6
762 3174 894 3237 Θεὸς
932 3174 1143 3243 Πατὴρ,
1190 3172 1280 3226 καὶ
1316 3174 1343 3225 6
1391 3171 1536 3235 Υἱὸς,
1587 3171 1681 3223 καὶ
1732 3169 1878 3236 ἅγιον

1990 3177 2317 3248 quandoque
2353 3194 2496 3239 esse,
2545 3176 2874 3247 quandoque
2919 3193 3026 3230 non
3073 3192 3196 3231 esse
3244 3177 3566 3245 reperietur.

305 3270 552 3341 Πνεῦμα,
571 3270 665 3322 καὶ
695 3269 790 3340 οὐχ
825 3268 1152 3341 ὲτεροουσία.
1187 3266 1322 3319 Οὖτε
1353 3266 1460 3335 γάρ
1490 3266 1605 3316 ἐστι
1634 3261 1882 3316 συνάδελ-

1994 3270 2171 3335 Quare
2204 3271 2391 3324 eadem
2427 3286 2521 3339 per
2555 3286 2614 3325 se
2656 3270 2962 3325 substantia
3005 3269 3146 3324 Deus
3173 3277 3257 3324 est
3310 3269 3485 3332 Pater,
3517 3281 3571 3326 et

313 3380 432 3431 (ρος,
458 3360 581 3414 οὔτε
601 3360 746 3413 ἐστὶν
773 3359 1143 3430 ὲπιγεννητὺς,
1164 3358 1298 3412 ἀλλά
1318 3356 1726 3425 ἀνεκδιηγήτως
1753 3370 1890 3423 συμ-

1993 3362 2183 3422 Filius.
2200 3371 2251 3416 ct
2266 3364 2502 3432 Spiritus
2520 3372 2764 3425 sanctus,
2787 3378 2893 3417 non
2912 3361 3150 3416 diversa.
3169 3359 3287 3415 Non
3304 3365 3447 3416 enim
3464 3363 3543 3419 vel
3560 3392 3570 3401 -

312 3455 615 3523 πρέποντος
663 3450 757 3504 τοῦ
805 3449 991 3523 Πατὴρ
1037 3450 1297 3520 ὀνόματος
1343 3446 1614 3518 ὁμοουσίῳ
1656 3445 1768 3498 ὄντι
1814 3441 1889 3514 τῷ

1995 3464 2051 3508 ιιι
2079 3456 2245 3509 frater
2264 3454 2485 3524 quidam
2508 3463 2591 3509 est
2607 3454 2783 3509 Patris
2804 3453 2996 3517 Filius,
3016 3464 3107 3507 aut
3130 3455 3431 3523 posteriore
3454 3456 3572 3510 loco

313 3547 451 3617 Υἱῷ.
486 3544 576 3599 καὶ
624 3542 1074 3614 συμπρέποντος²
1120 3542 1196 3614 τῷ
1224 3539 1399 3612 Πατρὶ
1455 3539 1549 3593 καὶ
1581 3537 1714 3607 Υἱῷ,
1740 3536 1801 3588 τὸ
1836 3534 1890 3603 ἐξ

1998 3548 2248 3616 genitus;
2287 3550 2379 3601 sed
2410 3548 2775 3617 inexplicabili
2804 3547 3037 3617 quadam
3073 3550 3287 3602 ratione
3315 3547 3392 3610 tit,
3428 3557 3486 3599 ut
3522 3559 3575 3603 et

316 3638 514 3703 αὐτοῦ,
554 3640 620 3694 δι’
666 3638 863 3700 αὑτοῦ.
905 3637 999 3690 καὶ
1044 3635 1153 3687 τῶν
1198 3632 1395 3697 αὑτοῦ,
1431 3631 1492 3684 τὸ
1530 3629 1685 3697 ἅγιον
1728 3626 1892 3681 αὑτοῦ

2001 3639 2173 3692 Patris
2231 3638 2522 3708 appellatio
2582 3653 2704 3693 cum
2749 3637 2887 3692 Filio
2940 3640 3399 3694 consubstantiali
3447 3656 3578 3692 eon-

317 3732 564 3803 Πνεῦμα.
596 3731 686 3786 Διὸ
712 3731 771 3784 τὸ
801 3729 1091 3801 ἀπρόσιτόν
1116 3729 1262 3780 ἐστιν
1293 3729 1349 3779 ὲν
1393 3725 1591 3796 Πατρὶ,
1633 3723 1726 3778 καὶ
1758 3721 1892 3792 Υἱῷ,

2001 3736 2191 3799 gruat;
2235 3737 2287 3782 et
2320 3743 2445 3782 cum
2476 3727 2659 3794 Patre,
2709 3737 2763 3784 et
2790 3728 2949 3794 Filio,
2987 3730 3078 3800 qui
3126 3746 3193 3784 ex
3228 3730 3367 3798 ipso,
3400 3739 3453 3783 et
3482 3746 3578 3799 per

318 3828 412 3880 καὶ
450 3826 586 3898 ἁγίῳ
612 3823 911 3895 Πνεύματι,
942 3822 1079 3894 πρὸς
1115 3821 1352 3882 ἅπαντα,
1386 3818 1485 3871 ὅσα
1520 3816 1669 3871 ἐστὶν
1702 3816 1895 3869 ὑποδε-

2000 3821 2197 3888 ipsum,
2234 3827 2288 3873 et
2304 3835 2371 3873 ex
2399 3819 2572 3889 ipsius
2601 3820 2837 3890 propriis
2866 3820 3065 3887 oritur,
3087 3820 3327 3890 Spiritus
3353 3831 3577 3875 sanctus

317 3916 527 3988 ϐηκότα
562 3917 709 3975 ὄντα.
751 3914 843 3969 καὶ⁹
884 3912 944 3977 ἐξ
978 3912 1147 3983 αὐτῆς
1188 3911 1285 3981 τῆς
1322 3909 1548 3980 Τριάδος
1588 3907 1892 3962 κτισθέντα.

2002 3912 2307 3966 conveniat.
2353 3912 2483 3966 Inde
2514 3912 2571 3965 ﬁt
2594 3924 2651 3966 ut
2677 3912 2857 3977 Pater,
2888 3912 3060 3969 Filius
3107 3923 3161 3968 et
3188 3913 3424 3984 Spiritus
3452 3930 3579 3968 san-

331 4006 398 4058 Ἤ
439 4007 493 4059 δὲ
519 4006 687 4076 Τριάς
725 4005 862 4076 πρὸς
891 4001 1088 4073 ἑαυτὴν
1133 4001 1233 4054 οὐκ
1262 4000 1573 4071 ἀπρόσιτος.
1607 4000 1763 4051 Ἐστι
1790 3996 1897 4069 γὰρ

2004 4014 2119 4058 ctus
2156 4004 2472 4058 inaccessus
2510 4004 2745 4068 dicatur,
2784 4004 2887 4059 hoc
2917 4012 3004 4059 est
3053 4005 3188 4059 nihil
3234 4019 3423 4059 eorum
3458 4021 3581 4075 quae

316 4099 594 4163 ἂκτιστος,
626 4099 719 4150 καὶ
742 4098 1054 4167 ἀγέννητος,
1089 4095 1179 4149 καὶ
1213 4093 1562 4163 ἀσύγκριτος.
1601 4091 1691 4147 Διὸ
1720 4092 1780 4145 οὐ
1807 4090 1893 4143 δύ-

1999 4094 2280 4151 inferioris
2313 4094 2518 4166 gradus
2554 4106 2703 4160 sunt,
2738 4105 2791 4151 et
2825 4097 2892 4151 ab
2923 4097 3042 4166 ipsa
3077 4096 3347 4151 Trinitate
3374 4107 3576 4160 creata,

318 4207 478 4243 ναται
516 4190 665 4243 οὐδὲν
692 4188 1001 4256 ἐξισοῦσθαι
1044 4184 1217 4257 Πατρὶ
1244 4202 1257 4215 ·
1300 4186 1360 4239 οὐ
1397 4186 1895 4255 συμπροσκυνεῖται

2000 4187 2068 4242 ad
2085 4202 2204 4242 eam
2226 4187 2401 4257 possit
2416 4189 2744 4258 pertingere.
2770 4187 3010 4244 Trinitas
3033 4204 3197 4258 porro
3215 4189 3331 4260 ipsa
3355 4189 3457 4244 sibi
3477 4189 3577 4258 ipsi

318 4281 473 4352 αὐτῷ
493 4299 545 4335 τι
568 4282 675 4335 τῶν
701 4281 762 4347 ἐξ
788 4281 887 4335 οὐκ
913 4281 1080 4335 όντων
1105 4278 1428 4348 γεγονότων,
1451 4278 1545 4331 καὶ
1569 4276 1687 4347 ούχὶ
1711 4293 1895 4346 γεγεν-

2001 4293 2346 4349 nequaquam
2381 4289 2466 4335 est
2499 4280 2801 4336 inaccessa.
2858 4281 2954 4336 Est
2997 4283 3140 4336 enim
3174 4282 3439 4345 increata,
3472 4298 3578 4339 non

319 4374 589 4446 νημένων.
618 4374 803 4427 Ούδενὶ
830 4374 935 4444 γὰρ
957 4373 1065 4426 τῶν
1091 4371 1391 4441 γεγονότων
1411 4368 1534 4425 εῖπέ
1558 4387 1715 4425 ποτε·
1749 4368 1896 4425 Κάθ·

2003 4370 2168 4436 facta,
2201 4380 2256 4427 et
2288 4372 2753 4442 incomparabilis.
2807 4372 2951 4445 Ergo
2979 4375 3113 4428 nihil
3144 4374 3420 4444 adiequari
3456 4388 3580 4428 cum

321 4483 394 4518 ου
424 4465 491 4518 ἐκ
520 4464 734 4531 δεξιῶν
759 4484 900 4535 μου.
964 4466 1098 4519 esse
1135 4465 1234 4535 μὲν
1262 4467 1290 4518 6
1316 4464 1627 4535 Μονογενὴς
1656 4462 1784 4535 περί
1816 4480 1898 4516 τι-

2004 4464 2163 4518 Patre
2206 4472 2421 4533 potest;
2485 4481 2661 4535 neque
2709 4480 2832 4519 cum
2878 4467 2997 4537 ipso
3043 4466 3342 4537 quidquam
3395 4481 3581 4522 earum

322 4572 413 4618 νος
441 4556 680 4627 εἴρηκεν,
720 4557 803 4610 ὅτι
860 4556 913 4609 '0
955 4555 1227 4624 ἑωρακὼς
1256 4553 1360 4623 ἐμὲ
1392 4551 1614 4622 ἑώρακε
1647 4553 1754 4608 τὸν
1782 4556 1899 4608 Πα-

2008 4569 2189 4607 rerum
2224 4553 2589 4608 cmnmuniter
2616 4554 2899 4621 adoratur,
2927 4570 3048 4624 qua:
3086 4570 3151 4609 ex
3201 4555 3373 4610 nihilo
3404 4554 3581 4620 factae,

323 4647 464 4717 τέρα
490 4665 503 4678 ο
531 4649 643 4713 καὶ,
680 4648 821 4719 Ἐγὼ
838 4649 908 4702 ἐν
930 4646 1222 4716 τῷΠαι-ρὶ,
1255 4646 1355 4702 καὶ
1377 4650 1411 4701 ό
1431 4645 1633 4718 Πατὴρ
1649 4647 1718 4700 ἐν
1742 4646 1900 4715 ἐμοί·

2009 4646 2233 4701 minime
2261 4661 2392 4701 vero
2423 4647 2619 4717 genita:
2646 4656 2795 4702 sunt.
2844 4646 2988 4701 Nulli
3032 4649 3235 4718 quippe
3274 4656 3582 4703 creatarum

326 4741 442 4803 καὶ,
492 4740 703 4808 Οὐδεὶς
739 4738 864 4795 οἵδε
904 4741 1013 4794 τὸν
1042 4739 1306 4808 Πατέρα,
1351 4742 1403 4797 ει
1425 4740 1512 4810 μὴ
1551 4743 1584 4794 ό
1605 4741 1735 4807 Υἱὸς
1756 4782 1769 4804 ,
1807 4738 1903 4793 καὶ

2008 4753 2190 4793 rerum
2225 4738 2366 4793 dixit
2396 4755 2669 4809 unquam:
2720 4739 2884 4809 977
2912 4738 3044 4794 Sede
3078 4757 3110 4793 a
3142 4739 3369 4795 dexteris
3389 4740 3516 4795 meis
3538 4738 3583 4793 '.

325 4836 435 4887 τὸν
468 4834 618 4895 Υἱὸν,
641 4837 693 4889 εἰ
709 4833 793 4903 μὴ
835 4837 869 4888 ό
916 4833 1138 4901 Πατὴρ,
1172 4832 1270 4887 καὶ
1297 4826 1345 4899 ᾧ
1381 4833 1490 4887 ἐὰν
1515 4834 1902 4902 ἀποκαλύψῃ.

2015 4832 2120 4887 Sed
2155 4846 2256 4885 nec
2286 4831 2484 4886 unicus
2515 4830 2606 4886 Dei
2639 4830 2811 4886 Filius
2838 4833 2906 4886 de
2936 4848 3212 4903 quoquam
3244 4834 3390 4889 istud
3425 4848 3586 4889 usur-

340 4921 737 4975 ’Δποκαλύπτει
760 4923 817 4976 δὲ
846 4922 932 4976 διὰ
948 4923 1086 4977 Πνεύ
1097 4940 1265 4994 ματος
1296 4922 1473 4991 ἁγίου,
1505 4922 1598 4976 τοῦ
1616 4921 1910 4992 γινώσκον-

2009 4921 2156 4992 pavit
2186 4921 2513 4989 aliquando:
2540 4921 2644 4987 Qui
2668 4922 2800 4976 ridet
2831 4938 2931 4983 me,
2956 4924 3090 4976 videt
3120 4934 3169 4976 et
3198 4922 3410 4975 Patrem
3429 4924 3469 4986 ⁶;
3498 4931 3581 4976 et:

329 5026 439 5075 τος,
481 5012 574 5065 καὶ
620 5012 977 5080 διδάσκοντος,
1022 5014 1115 5067 καὶ
1150 5013 1583 5082 ἀπαγγέλλοντος
1623 5016 1683 5067 ὲν
1718 5013 1906 5083 κόσμῳ

2010 5013 2124 5082 Ego
2158 5013 2210 5066 in
2240 5011 2422 5077 Patre,
2448 5026 2496 5068 et
2536 5013 2694 5069 Pater
2718 5015 2770 5068 in
2796 5032 2878 5069 me
2898 5024 2975 5068 est
2996 5017 3046 5080 ⁷;
3089 5016 3253 5069 item:
3287 5013 3457 5068 Nemo
3486 5032 3585 5067 no-

327 5102 397 5156 τά
426 5103 576 5169 Υἰοῦ,
608 5104 935 5175 ἐρευνῶντός
978 5124 1035 5158 τε
1083 5108 1174 5159 καὶ
1214 5106 1283 5159 τὰ
1315 5105 1453 5175 βάθη
1484 5105 1575 5159 τοῦ
1596 5105 1751 5160 Θεοῦ.
1809 5105 1904 5159 Διά

2049 5106 2077 5154 it
2109 5101 2348 5167 Patrem,
2374 5104 2480 5157 nisi
2512 5102 2786 5169 Fitius;et
2804 5103 3030 5173 Filium,
3062 5105 3167 5158 nisi
3203 5102 3383 5166 Pater,
3421 5113 3470 5158 et
3503 5108 3589 5157 cui

328 5194 485 5248 τοῦτο
526 5195 631 5268 γάρ
675 5213 880 5265 φησιν’
926 5197 979 5250 Ὁ
1012 5196 1100 5267 μὴ
1144 5197 1329 5269 τιμῶν
1355 5198 1462 5251 τὸν
1515 5198 1671 5262 Υὶὸφ·,
1715 5197 1905 5263 καθὼς

2010 5196 2374 5253 ι·θι·ειαυενίι⁸.
2428 5195 2531 5252 Per
2579 5197 2843 5265 Spiritum
2890 5212 3019 5251 vero
3061 5204 3311 5250 sanctum
3364 5196 3586 5257 revelat,

328 5286 465 5355 τιμᾷ
496 5287 602 5340 τὸν
624 5289 855 5358 Πατέρα
874 5330 888 5352 ,
928 5292 966 5359 ἡ
1001 5290 1145 5359 ὀργὴ
1180 5294 1287 5344 τοῦ
1313 5291 1459 5345 Θεοῦ
1483 5289 1652 5359 μένει
1678 5291 1771 5345 ἐπ’
1798 5292 1905 5345 αὐ-

2012 5289 2104 5358 qui
2136 5304 2255 5357 quae
2288 5288 2353 5345 ad
2400 5286 2598 5343 Filium
2648 5288 2924 5357 pertinent
2964 5287 3269 5356 cognoscit,
3299 5287 3493 5341 edocet
3535 5295 3589 5341 et

330 5383 457 5433 τόν.
501 5381 608 5434 Καὶ
622 5383 721 5434 οὐκ
741 5377 893 5435 εἶπεν
913 5398 927 5411 ⁸
968 5382 1028 5436 Ὀ
1063 5383 1137 5454 μὴ
1166 5383 1342 5453 τιμῶν
1372 5382 1747 5452 ἀγγέλους,ὼς
1772 5384 1907 5453 τιμᾷ

2013 5382 2062 5435 in
2102 5381 2362 5435 mundum
2390 5380 2679 5449 praedicat;
2703 5381 2817 5435 imo
2835 5394 2963 5435 vero
2980 5377 3071 5432 Dei
3096 5380 3227 5443 alta,
3245 5394 3306 5432 ac
3324 5378 3590 5448 profunda

329 5470 419 5522 τὸν
444 5473 663 5544 Πατέρα
690 5491 702 5504 ο
745 5474 865 5527 οὐδὲ
898 5474 1058 5529 πάλιν
1083 5471 1231 5528 εἶπεν
1259 5492 1272 5506 ·
1313 5473 1371 5528 Ὀ
1403 5475 1477 5546 μὴ
1520 5475 1614 5528 καὶ
1654 5474 1744 5528 τὸν
1780 5474 1906 5528 Υἱὸν

2013 5481 2280 5531 scrutatur
2308 5473 2349 5526 ⁸.
2379 5468 2675 5538 Propterea
2702 5484 2920 5538 quoque
2947 5468 3086 5524 dixit
3110 5488 3122 5523 :
3162 5469 3268 5534 Qui
3297 5486 3398 5523 non
3427 5469 3590 5524 Itono-

330 5565 531 5634 τιμῶνο
560 5566 697 5620 ἀλλά
727 5566 854 5621 Υἱδν
882 5568 956 5631 ὼς
979 5566 1069 5620 τὸν
1094 5566 1317 5637 Πατέρα
1336 5584 1348 5597 ·
1384 5566 1669 5633 ὡσαύτως,
1695 5567 1777 5619 ὅτι
1807 5566 1907 5619 οὐκ

2011 5574 2095 5620 rat
2133 5562 2355 5633 Filium,
2390 5564 2525 5619 sicut
2557 5566 2779 5618 honorat
2814 5561 3054 5628 Patrem,
3095 5563 3180 5616 ira
3210 5561 3309 5617 Dei
3337 5574 3510 5617 manet
3535 5564 3588 5618 in

395 5737 411 5811 ξ
439 5736 568 5808 Leg.
600 5737 677 5808 τῷ
716 5740 925 5811 γεννᾷν.
986 5810 993 5811 7
1032 5739 1051 5767 ’
1076 5736 1205 5811 Reg.
1238 5738 1871 5811 cupzpsnmtwgbvro;

2012 5737 2171 5793 Jaan.
2202 5757 2292 5804 xv,
2326 5740 2415 5793 2‘3.
2492 5739 2513 5769 ⁸
2541 5737 2699 5793 Joan.
2728 5757 2838 5805 xw,
2875 5740 2959 5807 li,
2998 5741 3077 5794 ιδ.
3157 5742 3176 5773 ⁵
3207 5740 3355 5798 Psal.
3393 5758 3501 5808 (λιιι,
3536 5747 3587 5799 1.

334 5810 357 5841 ⁸
383 5806 543 5863 Ιουιιζ
581 5806 691 5873 m,
718 5814 769 5862 9.
843 5806 864 5839 ⁷
888 5810 1016 5865 ibid.
1092 5808 1112 5839 ⁸
1146 5806 1336 5865 Matth.
1371 5806 1445 5867 x't.
1480 5811 1571 5862 ‘27.
1673 5810 1693 5841 ⁹
1724 5811 1740 5861 l
1776 5812 1897 5865 Cor.
1940 5827 1997 5877 ιι,
2038 5812 2119 5865 l0.
