3994 6224
390 348 495 401 615

1813 344 1870 400 S.
1915 344 2260 401 EPIPHANII

3551 347 3662 403 616

387 467 500 529 ipso
524 466 564 518 ¹.
615 462 730 518 Non
763 461 935 516 dixit:
989 460 1093 528 Qui
1125 476 1235 516 non
1277 461 1512 517 honorat
1547 463 1790 534 angelos,
1825 465 1966 520 sicut

2073 466 2403 538 ἀφεθήσεται
2438 464 2515 535 τῷ
2556 467 2634 529 εἰς
2688 465 2746 518 τὸ
2780 464 3004 536 Πνεῦμα
3050 463 3495 536 βλασφημοῦντι,
3533 467 3663 520 οὔτε

387 557 618 612 honorat
644 554 892 620 Patrem;
947 569 1047 609 nec
1076 555 1149 608 ita
1178 556 1429 610 concedit
1483 574 1496 610 :
1529 556 1630 622 Qui
1663 572 1767 610 non
1787 557 1962 611 etiam

385 647 582 702 Filium
618 647 891 711 honorat;
945 647 1041 701 scd
1066 645 1264 701 Filium
1301 647 1458 708 dixit.
1507 648 1733 718 perinde
1761 663 1824 703 ac
1861 648 1967 703 Pa-

384 751 538 792 trem.
592 737 852 793 Similiter
897 738 968 800 ei,
1016 737 1112 807 qui
1169 737 1224 790 in
1257 735 1522 807 Spiritum
1571 739 1965 808 blasphemiam

2071 551 2194 625 ὦδε,
2232 557 2355 611 οὔτε
2389 558 2446 610 έν
2490 557 2562 628 τῷ
2605 557 2851 629 μέλλοντι
2888 558 3077 612 αἰῶνιο
3130 559 3217 612 ἵνα
3275 558 3518 630 σημαίνῃ
3562 559 3665 628 τῆς

2072 649 2303 720 Τριάδος
2349 650 2411 703 τὸ
2445 649 2736 721 ἀπρόσιτον
2765 649 2861 703 καὶ
2895 649 3224 722 ἀσύγκριτον
3255 651 3312 702 ἐν
3342 651 3542 722 Πατρὶ,
3567 651 3667 705 καὶ

2072 742 2209 812 Υἱῷ,
2246 743 2339 795 καὶ
2364 742 2509 813 ἁγίῳ
2539 743 2834 813 Πνεύματι.

382 829 606 891 dixerit,
638 843 748 881 non
784 828 1074 882 remissum
1127 827 1194 881 iri
1227 827 1408 891 docet,
1444 845 1625 898 neque
1653 831 1764 893 hic,
1795 845 1972 900 neque
2011 831 2065 886 in
2101 833 2287 888 futuro
2311 835 2572 888 sazculo'.
2608 833 2677 888 Ut
2703 834 2956 888 videlicet
2983 832 3306 887 Trinitatem
3364 835 3419 888 in
3477 832 3666 904 Patre,

384 918 522 976 Filio
581 929 636 976 et
677 919 887 992 Spiritu
918 929 1111 975 SallclO
1131 935 1252 975 esse
1283 922 1475 976 doceat
1504 922 1840 993 hujusmodi,
1874 929 1934 978 ut
1963 923 2029 978 ad
2064 926 2214 980 illam
2242 927 2374 982 nihil
2410 927 2690 991 accedere,
2719 927 3099 997 compararive
3129 927 3325 997 possit.

842 1033 1025 1090 AETII
1063 1034 1290 1091 CAPUT
1331 1035 1502 1090 ΧΧΧ.

458 1127 517 1182 Si
566 1127 912 1196 omnipotens
963 1126 1109 1180 Deus
1159 1135 1411 1181 naturam
1460 1142 1677 1182 omnem
1719 1127 1962 1193 excellit,

386 1236 452 1275 eo
483 1221 604 1290 ipso
632 1220 774 1288 quod
813 1209 1092 1288 ingenitus
1120 1225 1204 1272 est
1238 1218 1478 1272 excellit.
1500 1216 1632 1284 Quae
1661 1218 1968 1288 proprietas

387 1326 557 1365 causa
601 1318 686 1364 est
733 1310 932 1379 genitis
980 1308 1239 1362 omnibus
1294 1307 1650 1362 stabilitatem
1705 1314 1968 1362 constan-

388 1402 629 1470 tiamque
654 1401 925 1454 tribuens.
950 1398 1044 1452 Sin
1073 1408 1253 1454 autem
1279 1399 1578 1469 ingenitum
1607 1399 1970 1454 substantiam

388 1508 496 1546 non
531 1492 810 1561 exprimit,
842 1506 872 1544 a
913 1506 1022 1561 quo
1055 1492 1271 1548 tandem
1305 1492 1613 1562 genitarum
1655 1507 1838 1546 rerum
1868 1507 1971 1546 na-

389 1594 509 1638 tura
547 1585 786 1652 seipsam
827 1589 887 1636 ut
924 1590 1217 1638 conservet
1246 1583 1479 1652 accipit?

909 1693 1220 1764 Confutatio
1260 1694 1444 1749 XXX.

2461 1043 2858 1096 ΚΕΦΑΛΛΙΟΝ
2896 1042 3151 1097 ᾹΕΤΙΟΥ
3189 1045 3270 1098 Λ¹.

2141 1131 2204 1184 Εἰ
2240 1131 2506 1204 ὑπεράγει
2547 1131 2728 1202 πάσης
2768 1132 2984 1200 φύσεως
3019 1133 3046 1184 6
3090 1131 3521 1203 παντοκράτωρ,
3571 1131 3667 1187 διὰ

2074 1223 2136 1277 τὸ
2162 1224 2452 1295 ἀγέννητον
2478 1224 2766 1295 ὑπεράγει,
2791 1223 2926 1294 ὅπερ
2954 1223 3099 1276 ἐστὶν
3126 1223 3298 1276 αἴτιον
3326 1226 3443 1287 τοῖς
3468 1241 3667 1294 γεννη-

2075 1316 2186 1378 τοῖς
2223 1313 2500 1385 διαμονῆς.
2549 1316 2612 1368 Et
2636 1313 2693 1367 δὲ
2729 1314 2804 1384 μή
2846 1315 2992 1366 ἐστιν
3029 1313 3214 1378 οὐσίας
3263 1313 3563 1384 δηλωτικὸν
3602 1315 3666 1369 τὸ

2075 1405 2389 1476 ἀγέννητον,
2421 1405 2585 1459 πόθεν
2615 1405 2680 1460 ἂν
2716 1407 2749 1476 ἡ
2785 1405 2895 1459 τῶν
2928 1406 3200 1478 γεννητῶν
3241 1408 3404 1476 φύσις
3452 1407 3567 1473 ἕξει
3601 1408 3665 1461 τὸ

2074 1494 2432 1559 διασώζεσθαι
2450 1513 2465 1562 ;
3365 1483 3368 1488 ’

2639 1689 2962 1759 Ἀνατροπὴ
3007 1693 3090 1747 Λ’.

457 1785 594 1842 Illud
628 1787 854 1841 omnino
898 1760 1188 1844 dicendum
1222 1804 1286 1842 ac
1318 1786 1598 1843 fatendum
1646 1795 1752 1855 est,
1786 1789 1966 1860 itaque

2141 1779 2346 1851 Πρέπει
2386 1778 2568 1849 λέγειν
2601 1781 2696 1836 καὶ
2725 1782 3026 1852 ὁμολογεῖν,
3059 1781 3155 1835 καὶ
3178 1781 3354 1847 οὕτως
3379 1782 3659 1853 κατέχειν,

388 1878 683 1934 tenendum
715 1897 728 1933 :
782 1879 1213 1948 omnipotentem
1254 1878 1423 1934 Deum
1463 1887 1716 1934 naturam
1751 1895 1968 1937 omnem

387 1973 691 2036 excellere,
747 1986 777 2024 a
833 1986 943 2042 quo
995 1971 1314 2042 unigenitus
1348 1971 1527 2039 Deus,
1578 1987 1643 2027 ac
1695 1971 1967 2039 Verbum,

386 2064 619 2134 ejusque
654 2061 892 2133 Spiritus
920 2074 1145 2119 sanctus
1196 2063 1455 2119 ineﬂ‘abili
1484 2063 1721 2134 quadam
1759 2065 1970 2120 ratione

388 2153 678 2224 processit.
711 2154 884 2219 Quam
917 2155 988 2208 ob
1021 2168 1244 2209 causam
1282 2162 1443 2209 caute
1475 2169 1541 2209 ac
1571 2155 1972 2225 circumspecte

387 2254 652 2302 creatura:
719 2246 964 2300 divinum
1010 2245 1272 2301 honorem
1320 2261 1427 2302 non
1481 2247 1844 2312 ascribimus,
1901 2262 1973 2302 ne

389 2338 697 2392 stultissimi
731 2337 1044 2401 reddamur,
1080 2337 1174 2392 sed
1199 2337 1522 2393 Trinitatem
1566 2355 1686 2410 quae
1715 2349 1970 2393 naturam

387 2445 603 2484 onmem
646 2439 903 2498 superat,
939 2429 1322 2498 praedicamus,
1377 2429 1579 2484 Filium
1615 2446 1742 2485 cum
1787 2429 1968 2497 Patre,

387 2531 443 2577 et
475 2523 649 2591 ipsius
687 2529 938 2577 sanctum
971 2520 1259 2589 Spiritum,
1283 2537 1346 2576 eo
1378 2526 1522 2591 quod
1554 2538 1583 2575 a
1612 2523 1763 2576 nullo
1793 2521 1970 2580 factus

389 2619 485 2663 aut
522 2619 740 2664 creatus
764 2610 857 2663 sit.
888 2608 1098 2661 Etenim
1123 2623 1466 2678 nequaquam
1499 2611 1728 2664 diversa:
1758 2617 1970 2664 natura:

390 2701 713 2771 Unigenitus
753 2708 858 2759 cst,
899 2708 993 2752 aut
1030 2707 1254 2752 sanctus
1293 2699 1550 2768 Spiritus,
1596 2701 1690 2754 sed
1725 2699 1868 2755 Deus
1902 2715 1969 2753 ex

391 2793 523 2857 Deo,
559 2793 739 2848 lumen
765 2792 832 2847 de
864 2793 1090 2847 lumine.
1113 2791 1425 2858 Quinetiam
1457 2806 1584 2846 cum
1608 2791 1966 2862 omnipotenti

390 2884 552 2939 Patre
599 2883 916 2954 nnigenitus
971 2884 1088 2953 ipse
1130 2883 1446 2951 nominatur
1485 2883 1870 2953 omnipotens,
1908 2891 1969 2939 ut

389 2973 594 3029 diserte
640 2972 923 3043 Scriptura
971 2987 1128 3028 sacra
1162 2972 1424 3028 declarat.
1462 2971 1791 3043 Unigenitus
1821 2973 1966 3028 enim

2067 1869 2148 1922 ὅτι
2181 1871 2361 1940 πάσης
2380 1870 2592 1940 φύσεως
2620 1871 2872 1943 ὑπερέχει
2901 1873 2929 1925 6
2952 1874 3375 1946 Παντοκράτωρ,
3403 1875 3462 1941 ἐξ
3484 1871 3660 1947 οὗπερ

2069 1964 2199 2033 ἡμῖν
2221 1963 2249 2015 6
2271 1964 2583 2035 Μονογενὴς
2613 1965 3021 2037 άνεκδιηγήτως
3048 1965 3314 2037 προῆλθεν
3343 1969 3372 2018 6
3399 1966 3532 2029 Θεὸς
3556 1966 3661 2020 Λό-

2067 2073 2182 2124 γος,
2215 2057 2306 2109 καὶ
2337 2055 2395 2110 τὸ
2418 2057 2570 2126 ἅγιον
2599 2056 2762 2110 αὑτοῦ
2785 2057 3024 2128 Πνεῦμα.
3051 2059 3163 2112 Καὶ
3194 2057 3280 2111 διὰ
3299 2057 3458 2111 τοῦτο
3482 2060 3661 2126 ἀσφα-

2069 2147 2176 2212 λῶς
2216 2149 2275 2200 οὐ
2323 2147 2497 2200 κτίσιν
2545 2147 2937 2219 Θεολογοῦμεν,
2983 2149 3070 2202 ἵνα
3117 2149 3193 2220 μὴ
3241 2149 3654 2220 μωρανθῶμεν·

2068 2241 2167 2311 τὴν
2203 2239 2260 2293 δὲ
2291 2239 2728 2311 ὑπερϐαίνουσαν
2760 2241 2942 2294 πᾶσαν
2981 2239 3142 2308 φύσιν
3185 2240 3397 2311 Τριάδα
3442 2240 3659 2306 δοξολο-

2069 2331 2294 2403 γοῦμεν,
2311 2331 2440 2385 Υἱὸν
2465 2332 2561 2385 σὺν
2588 2331 2781 2404 Πατρὶ,
2801 2331 2896 2385 καὶ
2921 2331 2982 2385 τὸ
3010 2331 3162 2401 ᾶγιον
3188 2331 3354 2386 αὐτοῦ
3390 2331 3619 2402 Πνεῦμα
3639 2348 3654 2361 ο

2067 2424 2201 2477 διότι
2228 2425 2520 2495 ἀγέννητον
2553 2425 2648 2476 καὶ
2680 2423 2956 2478 ἄκτιστον.
3000 2422 3223 2494 Ἐπειδὴ
3247 2423 3357 2495 γὰρ
3390 2423 3514 2476 οὔτε
3557 2424 3657 2477 ἄλ-

2067 2515 2167 2586 λης
2195 2516 2410 2585 φύσεως
2428 2517 2458 2568 ὁ
2489 2515 2820 2587 Μονογενὴς,
2856 2515 2950 2568 καὶ
2977 2515 3038 2567 τὸ
3069 2515 3222 2584 ἆγιον
3245 2514 3492 2586 Πνεῦμα,
3515 2515 3655 2568 ἀλλὰ

2069 2608 2199 2672 Θεὸς
2230 2611 2292 2661 ἐκ
2319 2607 2477 2676 Θεοῦ,
2511 2610 2604 2662 καὶ
2640 2608 2756 2678 φῶς
2784 2609 2849 2661 ὲκ
2876 2607 3074 2676 φωτὸς.
3104 2607 3200 2660 σὺν
3231 2606 3310 2676 τῷ
3340 2608 3653 2678 παντοκρά’
3696 2665 3704 2674 .

2067 2713 2186 2767 τορι
2240 2697 2417 2768 Πατρὶ
2466 2699 2559 2751 καὶ
2602 2697 2763 2761 αὐτὸς
2811 2699 2840 2750 6
2893 2698 3202 2768 Μονογενὴς
3255 2697 3653 2768 παντοκράτωρ

2067 2788 2304 2853 ἀκούσας
2329 2830 2343 2854 ,
2373 2790 2447 2854 ὡς
2479 2791 2572 2845 καὶ
2605 2790 2790 2860 σαφῶς
2816 2789 2927 2861 ἔχει
2957 2791 2991 2859 ἡ
3019 2790 3138 2843 θεία
3180 2791 3395 2860 Γραφή.
3425 2792 3501 2843 υὺ
3542 2791 3652 2860 γὰρ

2068 2880 2277 2945 ἀλλοῖός
2312 2883 2427 2934 ἐστι
2458 2883 2609 2953 παρὰ
2640 2883 2700 2936 τὸ
2726 2881 2821 2936 τοῦ
2851 2881 3065 2954 Πατρὸς
3106 2879 3322 2951 ἀξίωμα
3349 2882 3377 2932 6
3411 2883 3650 2948 Μονογεο

2069 2971 2186 3043 νὴςν
2235 2971 2573 3043 συμπρέπων
2616 2973 2673 3026 δὲ
2727 2971 2804 3044 τῷ
2844 2971 2936 3026 τοῦ
2989 2972 3199 3044 Πατρὸς
3231 2971 3530 3042 ἀξίωματι·
3573 2971 3652 3034 ὡς

390 3069 526 3122 nihil
554 3083 585 3121 a
613 3066 793 3122 Patris
821 3067 1108 3136 majestate
1132 3064 1430 3135 discrepat,
1458 3064 1552 3120 scd
1580 3065 1806 3120 omnino
1836 3080 1966 3120 con-

2072 3063 2367 3136 διαρρήδην
2398 3066 2660 3135 μαρτυρεῖ
2687 3081 2777 3134 μοι
2806 3066 2834 3116 6
2863 3056 3019 3132 ἅγιος
3052 3062 3372 3127 Ἀπόστολος
3397 3065 3453 3115 έν
3479 3061 3651 3115 Πνεῦ-

391 3161 557 3230 gruit.
592 3158 746 3224 Quod
771 3158 1049 3228 expressis
1075 3156 1256 3211 verbis
1278 3162 1513 3210 testatur
1529 3155 1847 3225 Apostolus,
1876 3156 1966 3226 qui

2077 3173 2206 3226 ματι
2232 3155 2371 3226 ἁγίῳ
2402 3156 2579 3226 φήσας
2613 3154 2876 3226 περὶτῶν
2917 3155 3050 3208 υἱῶν
3089 3155 3331 3226 Ἰσραήλ·
3366 3149 3500 3218 Ὧν,
3543 3171 3648 3224 φη-

393 3251 597 3322 Spiritu
620 3265 676 3305 sa
687 3257 812 3305 ncto
830 3249 965 3303 alﬂal
978 3265 1042 3304 us
1059 3247 1127 3303 de
1143 3248 1407 3303 lsraelitis
1432 3247 1504 3301 ita
1524 3247 1766 3317 loquitur
1786 3266 1800 3303 :
1829 3247 1974 3313 Quo-

390 3358 530 3405 rum,
563 3341 762 3411 inquit,
792 3340 961 3410 978
989 3339 1185 3402 cultus,
1213 3347 1262 3393 et
1295 3346 1631 3402 testamenta,
1675 3347 1723 3391 et
1753 3348 1971 3406 putres:

389 3447 454 3487 ea:
481 3432 669 3502 quibus
704 3429 948 3484 Christus
975 3428 1259 3484 secundum
1299 3432 1535 3491 carnem,
1564 3429 1656 3498 qui
1693 3438 1772 3482 est
1816 3445 1973 3498 super

390 3524 570 3576 omnia
595 3523 736 3577 Deus
771 3520 1069 3576 benedictus
1103 3521 1158 3573 in
1190 3519 1409 3574 swcula.
1447 3520 1617 3574 Amen
1642 3519 1684 3575 ³.
1710 3517 1792 3575 0b
1826 3519 1882 3575 id
1918 3527 1973 3574 et

391 3616 706 3671 adorandus
735 3613 933 3668 unicus
959 3611 1055 3668 Dei
1109 3613 1282 3668 Filius
1310 3623 1414 3677 est,
1455 3619 1509 3666 et
1543 3612 1684 3666 idem
1719 3610 1882 3677 Deus,
1919 3622 1973 3667 et

388 3703 608 3760 divinus
665 3701 904 3774 Spiritus
951 3711 1069 3767 est,
1139 3710 1368 3758 sanctus
1427 3698 1700 3769 Spiritus,
1746 3708 1801 3756 et
1847 3708 1971 3771 post

389 3806 804 3853 sacrosanctam
848 3793 1172 3849 Trinitatem
1227 3794 1409 3849 nullus
1473 3792 1614 3849 alius
1677 3792 1822 3848 Deus
1864 3803 1967 3848 est.

389 3885 559 3958 Igitur
589 3884 939 3954 omnipotens
994 3881 1198 3949 Pater,
1234 3892 1288 3938 et
1333 3883 1533 3938 unicus
1579 3883 1752 3953 ipsius
1798 3881 1970 3940 Filius

386 3982 632 4046 paterna:
659 3972 915 4044 dignitati
950 3987 1285 4043 congruens,
1315 3972 1409 4045 qui
1442 3970 1614 4026 futuri
1644 3971 1831 4026 saeculi
1863 3969 1968 4025 Pa-

386 4075 472 4121 ter
504 4065 812 4136 appellatur
838 4063 879 4130 ‘,
909 4063 1113 4136 quique
1153 4079 1276 4119 cum
1309 4071 1501 4120 sancto
1550 4063 1761 4134 Spiritu
1802 4064 1956 4118 nulla

388 4157 790 4213 interveniente
821 4157 1106 4211 creatione
1136 4157 1415 4220 convenit,
1440 4154 1684 4211 Trinitas
1708 4164 1791 4210 est
1819 4165 1970 4225 pate—

387 4247 530 4303 facta
554 4248 834 4315 omnibus,
860 4255 914 4302 et
943 4248 1184 4320 c03nita,
1213 4263 1242 4301 a
1272 4263 1382 4318 qua
1408 4255 1608 4302 creata:
1634 4262 1722 4302 res
1752 4260 1964 4310 omnes,

387 4347 646 4410 tanquam
677 4355 709 4394 a
756 4354 957 4403 causa,
1007 4339 1264 4410 profectae
1308 4347 1476 4406 sunt,
1508 4340 1583 4394 ita
1628 4339 1873 4409 quidem,
1904 4346 1966 4393 ut

2074 3249 2157 3302 a‘tv
2176 3289 2190 3313 ,
2216 3247 2256 3314 ἠ
2285 3246 2550 3315 λατρεία,
2587 3245 2685 3298 καὶ
2721 3248 2781 3298 αἱ
2816 3244 3094 3313 διαθῆκαι
3113 3286 3128 3311 ,
3153 3245 3252 3298 καὶ
3275 3239 3362 3300 ὧν
3388 3247 3442 3298 οἱ
3469 3244 3648 3298 πατέ-

2064 3358 2173 3410 ρες
2195 3356 2210 3371 ο
2244 3339 2313 3404 ἐξ
2349 3333 2436 3393 ὧν
2479 3341 2512 3393 ὁ
2545 3337 2801 3406 Χριστὸς
2829 3337 2896 3391 τὸ
2937 3337 3088 3391 κατὰ
3116 3337 3336 3406 σάρκα,
3369 3341 3404 3392 ό
3432 3337 3518 3392 ὢν
3547 3337 3647 3391 ἐπὶ

2071 3433 2314 3487 πάντων
2346 3430 2490 3498 Θεὸς
2516 3430 2846 3502 εὐλογητὸς
2881 3432 2970 3496 εἰς
3001 3431 3142 3498 τοὺς
3165 3429 3405 3497 αἰῶνας.
3447 3431 3645 3500 Ἀμήν.

2071 3525 2170 3578 Διὰ
2205 3523 2365 3577 τοῦτο
2397 3523 2505 3594 γὰρ
2553 3523 2647 3576 καὶ
2681 3523 3055 3594 προσκυνητὸς
3099 3524 3127 3575 6
3188 3521 3483 3594 μονογενὴς
3508 3563 3522 3585 ,
3554 3523 3650 3575 καὶ

2069 3612 2201 3675 Θεὸς
2261 3614 2290 3666 ὁ
2339 3611 2684 3682 Μονογενὴς,
2735 3611 2830 3665 καὶ
2891 3610 3034 3664 θεῖον
3085 3611 3345 3680 Πνεῦμα,
3393 3612 3453 3663 τὸ
3494 3611 3648 3678 ἆγιον

2071 3701 2326 3774 Πνεῦμα·
2369 3703 2463 3756 καὶ
2495 3702 2632 3773 μετὰ
2663 3702 2762 3774 τὴν
2797 3702 2958 3770 ἁγίαν
2985 3702 3192 3773 Τριάδα
3223 3701 3322 3754 οὐκ
3355 3701 3501 3754 ἐστιν
3533 3701 3652 3754 ἓτε-

2071 3811 2165 3866 ρος
2195 3793 2350 3857 Θεός.
2391 3795 2452 3846 '0
2485 3793 2542 3847 δὲ
2570 3793 2762 3864 Πατὴρ
2790 3792 3205 3864 παντοκράτωρ,
3234 3792 3328 3845 καὶ
3353 3794 3380 3845 6
3411 3793 3650 3860 Μονογε-

2069 3885 2166 3957 νὴς
2198 3883 2364 3938 αὑτοῦ
2399 3887 2528 3947 παῖς
2569 3881 2777 3955 Ἰησοῦς
2810 3883 3046 3952 Χριστὸς
3078 3882 3414 3953 συμπρέπων
3443 3881 3523 3951 τῷ
3553 3880 3648 3934 τοῦ

2068 3975 2284 4047 Πατρὸς
2323 3973 2633 4045 ἀξιώματι,
2669 3974 2764 4027 καὶ
2804 3972 2994 4044 Πατὴρ
3024 3971 3356 4043 καλούμενος
3388 3970 3481 4025 τοῦ
3520 3971 3649 4042 μέλα

2066 4067 2249 4130 λοντος
2288 4066 2519 4133 αἰῶνος,
2575 4064 2918 4136 συμπρέπων
2949 4080 3011 4117 τε
3055 4065 3152 4118 καὶ
3195 4065 3273 4136 τῷ
3303 4065 3446 4135 ἁγίῳ
3481 4063 3646 4117 αὑτοῦ

2067 4161 2346 4232 Πνεύματι
2377 4159 2670 4222 ἁκτίστως,
2705 4157 2794 4212 ἀεὶ
2837 4160 2870 4229 ὴ
2902 4157 3073 4229 Τριὰς
3110 4158 3509 4229 φανερουμένη,
3550 4157 3647 4211 καὶ

2066 4252 2464 4324 γινωσκομένη,
2511 4249 2572 4316 ὲξ
2613 4245 2680 4320 ἦς
2727 4249 2956 4321 Τριάδος
2999 4252 3112 4314 τοῖς
3141 4251 3277 4304 πᾶσι
3309 4249 3555 4318 γεγονόσι
3585 4247 3648 4301 τὸ

2066 4345 2238 4399 αἴτιον
2267 4345 2497 4408 ἔνεστιν,
2531 4343 2726 4415 εἷπερδ
2773 4345 2921 4398 ἐστὶν
2949 4343 3137 4406 οὐσίας
3180 4340 3520 4414 ἀκραιφνοῦς
3551 4341 3646 4392 καὶ

387 4432 681 4500 appellatio
703 4433 821 4502 ipsa
853 4448 1036 4488 causa:
1064 4432 1336 4490 sinceram
1387 4440 1442 4488 et
1473 4431 1958 4502 incomparabilem

2072 4435 2395 4508 ἅσυγκρίτου
2438 4434 2754 4505 δηλωτικὸν,
2806 4433 2996 4506 Πατὴρ
3029 4435 3088 4488 έν
3124 4432 3253 4504 Υῐῷ,
3286 4433 3414 4496 Υἱὸς
3445 4434 3502 4484 ὲν
3543 4433 3651 4485 Πα-

386 4522 748 4574 substantiam
811 4522 1116 4593 signiticet;
1173 4522 1482 4592 cuiusmodi
1545 4529 1630 4578 est
1688 4520 1853 4578 Pater
1904 4521 1961 4575 in

388 4609 549 4677 Filio,
587 4610 762 4666 Filius
814 4613 869 4666 in
933 4611 1118 4677 Patre,
1152 4628 1277 4667 cum
1311 4613 1519 4683 Spiritu
1575 4621 1804 4678 sancto,
1834 4627 1960 4683 per-

388 4702 600 4756 mansio
647 4702 766 4772 ipsa
806 4703 862 4757 in
907 4718 1029 4759 sese
1074 4705 1431 4760 aeternitatem
1469 4704 1759 4760 includat:
1800 4705 1960 4776 cujus

386 4789 676 4850 Trinitatis
705 4795 975 4852 beneﬁcio
1003 4796 1226 4850 condita
1252 4797 1436 4851 omnia
1471 4803 1780 4852 servantur.

829 4908 1014 4963 AETll
1054 4907 1282 4963 CAPUT
1323 4907 1518 4962 XXXI.

457 4998 514 5056 Si
548 5000 685 5054 nihil
717 5014 908 5055 eorum
941 5015 1064 5071 quae
1109 5001 1292 5057 visum
1339 5000 1627 5071 ellugiunt,
1667 5001 1962 5073 semetipso

383 5093 434 5148 vi
466 5092 701 5163 quadam
739 5093 914 5147 sativa
948 5092 1102 5162 prius
1133 5100 1240 5156 est,
1270 5101 1437 5163 atque
1469 5093 1693 5148 delinita
1722 5093 1958 5164 quadam

385 5193 594 5239 naturae
625 5192 775 5241 sorte
809 5187 1147 5250 continetur,
1181 5184 1277 5256 qui
1321 5185 1438 5239 ﬁeri
1468 5192 1671 5256 potest,
1701 5195 1763 5240 ut
1805 5187 1957 5258 inge-

381 5277 533 5332 nitus
586 5276 731 5334 Deus
785 5278 856 5334 ab
893 5279 1046 5335 omni
1091 5279 1381 5336 sortitione
1413 5277 1549 5332 liber
1585 5291 1740 5333 suam
1781 5278 1955 5348 ipsius

2065 4528 2176 4598 τρὶ,
2213 4528 2308 4580 σὺν
2340 4526 2478 4596 ἁγίῳ
2515 4526 2817 4598 Πνεύματι,
2845 4527 2933 4580 ἀεὶ
2964 4526 3064 4597 τῆς
3095 4524 3356 4595 διαμονῆς
3380 4523 3442 4575 τὸ
3475 4522 3643 4574 ἀΐδιον

2066 4617 2124 4668 έν
2163 4618 2326 4688 ἑαυτῇ
2357 4616 2619 4688 ἐχούσης·
2664 4615 2726 4680 ἐξ
2766 4611 2834 4687 ἦς
2862 4616 3090 4687 Τριάδος
3130 4618 3242 4680 τοῖς
3286 4614 3537 4684 γεγονόσι
3581 4611 3642 4664 τὸ

2065 4708 2425 4773 διασώζεσθαι
2464 4709 2773 4780 πρόσεστιν.

2421 4901 2818 4956 ΚΕΦΛΛΑΙΟΝ
2855 4901 3113 4958 ΑΕΤΙΟΥ
3150 4902 3276 4955 ΛΑ’.

2132 4996 2196 5048 Εἰ
2230 4994 2379 5048 οὐδὲν
2408 4995 2516 5049 τῶν
2555 4995 2802 5066 ἀοράτων
2845 4995 2978 5048 αὐτὸ
3022 4993 3216 5048 ἑαυτοῦ
3248 4993 3641 5066 σπερματικῶς

2064 5087 2428 5159 προῦπάρχει,
2455 5087 2699 5158 διαμένει
2731 5086 2788 5140 δὲ
2829 5088 2886 5141 ὲν
2917 5085 3075 5156 φύσει
3099 5085 3606 5157 ἀποκεκληρωμένῃ
3625 5102 3638 5116 ’

2063 5176 2183 5240 πῶς
2213 5179 2242 5230 6
2271 5177 2564 5247 ἀγέννητὸς
2589 5177 2741 5241 Θεὸς,
2762 5175 3045 5247 ἐλεύθερος
3073 5175 3509 5247 ἁποκληρώσεως
3540 5175 3641 5227 ὑπ’

2063 5268 2267 5340 άρχων,
2306 5268 2400 5322 νῦν
2437 5270 2535 5340 μὲν
2570 5268 2668 5340 τὴν
2702 5268 2897 5322 ἑαυτοῦ
2929 5269 3118 5323 οὐσίαν
3151 5268 3411 5340 δευτέραν
3434 5268 3492 5322 ὲν
3514 5284 3637 5336 γεν-

384 5369 747 5425 substantiam
775 5371 939 5428 modo
965 5371 1206 5443 ingenita
1233 5369 1422 5426 sobole
1455 5367 1734 5424 inferioris
1763 5370 1955 5439 cujus-

2072 5365 2261 5432 νήματι
2305 5362 2441 5432 ὁρᾷ,
2487 5360 2582 5424 νῦν
2631 5361 2688 5414 δὲ
2740 5360 3014 5432 προτέραν
3061 5363 3120 5414 ὲν
3170 5362 3451 5432 ἀγεννήτῳ
3495 5359 3638 5414 κατὰ

384 5459 508 5516 dam
559 5477 625 5517 ac
675 5465 933 5520 secunda:
985 5462 1352 5530 conditionis,
1401 5461 1566 5516 modo
1611 5459 1668 5515 in
1717 5461 1955 5532 ingenito

2072 5453 2156 5523 τὴν
2193 5452 2287 5505 τοῦ
2319 5451 2534 5522 πρώτου
2563 5452 2656 5507 καὶ
2679 5452 2931 5522 δευτέρου
2956 5452 3138 5519 τάξιν;

385 5551 650 5620 primario
675 5569 800 5611 esse
830 5555 1030 5625 videat,
1066 5556 1140 5612 ita
1173 5562 1233 5610 ut
1268 5555 1469 5626 prioris
1498 5553 1652 5621 insit,
1688 5567 1751 5608 ac
1772 5564 1954 5624 poste-

381 5637 548 5694 rioris
575 5642 748 5696 ordo?

454 5755 472 5786 ⁸
503 5753 658 5808 Joan.
692 5771 744 5818 v,
772 5755 876 5822 23;
909 5773 990 5822 ιιι,
1015 5757 1100 5814 56.
1171 5758 1190 5788 ⁸
1224 5755 1416 5814 Matth.
1447 5772 1544 5822 xu,
1572 5755 1666 5812 52.
1739 5756 1757 5787 ³
1787 5754 1944 5809 Rom.
1981 5768 2056 5820 Ix,
2088 5752 2142 5820 4,
2180 5753 2232 5807 5.

2308 5752 2325 5783 ⁵
2357 5750 2457 5806 lsa.
2493 5771 2566 5823 ιιι,
2602 5753 2654 5810 ϐ.
2735 5755 2754 5785 ⁵
2783 5753 2842 5808 F.
2880 5754 3045 5824 ἥπερ.
