3994 6224
437 421 545 479 GL9

1834 423 1894 478 S.
1951 420 2295 478 EPIPHANII

3605 425 3713 484 6'20

441 541 547 592 hoc
572 543 655 591 est
701 532 792 587 nni
845 549 908 587 ac
949 533 1210 605 singulari
1257 533 1553 599 Trinitati,
1600 536 2010 590 venerationem

2139 534 2500 606 ιναπτομένης
2530 531 2785 606 γλώσσης
2813 534 2910 586 καὶ
2944 533 3222 604 λογισμῶν
3250 531 3554 596 ἀσυνέτων,
3607 551 3717 589 σω-

443 644 508 682 ac
551 627 835 683 scientiam
865 625 1136 693 deferant,
1171 627 1241 680 ab
1279 642 1455 697 eoque
1493 641 1632 682 verte
1659 627 1784 682 ﬁdei
1834 628 2018 698 cogni-

430 721 643 772 tionem
673 718 945 787 postulent
975 727 1144 788 atque
1173 721 1479 789 impetrent,
1527 729 1585 775 ut
1613 736 1679 775 ne
1705 734 2017 774 mensuram

441 809 717 879 propriam
745 810 1033 874 excedant,
1058 811 1152 864 sed
1181 812 1251 864 ab
1277 813 1566 866 obcrecatte
1591 812 1790 866 mentis
1816 812 2018 881 impetu

441 899 874 969 conquiescant;
915 914 1051 955 neve
1094 915 1330 956 accensa
1365 903 1700 972 incitataque
1742 903 1924 973 lingua
1969 912 2022 957 et

424 987 893 1056 oimprudentibus
973 991 1401 1060 cogitationibus
1480 992 1724 1062 argutari
1794 994 2026 1056 malint,

2128 626 2478 700 φρονίζεσθαι
2527 627 2583 680 δὲ
2640 626 2840 697 μᾶλλον
2871 626 2962 679 διὰ
3004 625 3098 680 τοῦ
3146 626 3364 679 συνετοῦ
3413 627 3582 698 ῥητοῦ
3617 627 3720 699 τῆς

2129 720 2290 788 ἁγίας
2332 718 2426 772 καὶ
2461 717 2610 781 θείας
2654 717 2879 788 Γραφῆς
2916 716 3018 787 τῆς
3059 716 3358 786 λεγούσης·
3403 715 3504 784 Μὴ
3539 719 3725 785 ὑπερ

2127 811 2375 882 φρονεῖν
2409 811 2544 879 παρ’
2576 810 2607 864 ὃ
2639 810 2732 865 δεῖ
2764 810 3034 881 φρονεῖν,
3069 811 3230 866 ἀλλά
3256 809 3505 880 φρονεῖν
3536 811 3628 876 είς
3659 812 3724 863 τὸ

2127 903 2487 972 σωφρονεῖν.

2103 1010 2268 1064 quam
2325 992 2733 1064 sapientissima
2785 993 2878 1047 illa
2922 992 3223 1065 Scriptum
3273 991 3550 1048 sententia
3632 1003 3727 1043 ca—

447 1076 636 1148 stigari
663 1094 674 1130 :
706 1078 873 1150 990
897 1077 1022 1134 Non
1044 1097 1228 1151 sapere
1245 1083 1362 1150 plus
1393 1099 1550 1153 quam
1576 1092 1779 1152 oportet
1807 1101 2010 1155 sapere,
2051 1086 2142 1140 sed
2172 1101 2353 1155 sapere
2377 1085 2445 1139 ad
2469 1085 2806 1140 sobrietatem
2824 1088 2865 1139 ¹.

681 1197 692 1226 ‘
869 1191 1050 1247 AETII
1097 1192 1326 1248 CAPUT
1368 1194 1582 1251 XXXII.

519 1298 578 1356 Si
611 1303 664 1357 in
695 1303 932 1375 ingenita
965 1316 1161 1361 natura
1191 1320 1502 1378 perseverat
1532 1309 1698 1373 Deus,
1731 1309 2010 1366 detrahen-

447 1393 577 1448 dum
613 1394 714 1449 hoc
755 1397 805 1450 ei
850 1406 949 1461 est,
1000 1408 1058 1451 ut
1097 1401 1345 1469 generari
1391 1415 1452 1455 se
1505 1407 1668 1471 atque
1719 1401 2020 1472 ingenitum

449 1499 572 1540 esse
597 1497 912 1557 cognoscat.
945 1488 1102 1556 Quod
1134 1491 1183 1547 si
1219 1491 1272 1546 id
1314 1491 1389 1546 illi
1423 1492 1605 1556 detur,
1637 1501 1697 1548 ut
1732 1509 1829 1564 per
1856 1495 2023 1563 geniti

448 1577 790 1649 ingenitique
831 1582 1203 1638 conditionem
1245 1582 1394 1639 illius
1438 1594 1633 1640 natura
1679 1585 2022 1648 traducatur,

449 1671 813 1726 substantiam
846 1675 964 1742 ipse
1015 1689 1170 1729 suam
1217 1675 1452 1746 ignorat,
1481 1691 1607 1732 cum
1663 1677 1733 1732 ab
1768 1685 2022 1747 utraque,

451 1763 622 1828 geniti
651 1763 866 1818 scilicet
900 1773 1064 1836 atque
1089 1766 1340 1836 ingeniti,
1371 1767 1635 1838 qualitate
1660 1768 2023 1822 distrahatur.

453 1852 510 1908 Si
548 1871 682 1911 vero
712 1857 958 1928 genitum
984 1859 1320 1915 conditionis
1349 1860 1578 1931 ingeniti
1608 1861 1882 1932 particeps
1914 1869 2020 1922 est,

2495 1199 2895 1253 ΚΕΦᾹΛᾹΙΟΝ
2933 1196 3189 1253 ΑΕΤΙΟΥ
3224 1199 3348 1255 AB'.

2199 1311 2263 1364 Εἰ
2293 1311 2541 1382 διαμένει
2573 1313 2632 1365 ἐν
2658 1311 2819 1381 φύσει
2870 1313 3168 1384 ἀγεννήτου
3195 1314 3224 1365 6
3254 1312 3411 1376 Θεὸς,
3439 1311 3504 1363 τὸ
3537 1311 3597 1360 ὲν
3629 1325 3725 1374 γε-

2128 1401 2273 1454 νέσει
2311 1403 2405 1455 καὶ
2435 1405 2736 1476 ἀγεννησίᾳ
2761 1405 2953 1458 ἑαυτὸν
2983 1405 3185 1457 ειδέναι
3221 1401 3552 1474 ἀφῃρήσθω.
3578 1402 3726 1466 Συγ-

2127 1493 2481 1564 χωρουμένου
2503 1493 2561 1546 δὲ
2598 1496 2656 1548 ἐν
2680 1496 2965 1566 ἀγεννήτῳ
2987 1495 3084 1548 καὶ
3112 1493 3361 1566 γεννητῷ
3389 1493 3490 1563 τὴν
3525 1489 3726 1543 ἑαυτοῦ

2125 1585 2313 1638 οὐσίαν
2347 1585 2720 1656 παρατείνειν,
2750 1586 2912 1650 αὐτὸς
2945 1585 3142 1640 ἑαυτοῦ
3171 1587 3359 1654 ἀγνοεί
3384 1583 3486 1654 τὴν
3508 1580 3725 1644 οὐσίαν,

2127 1678 2524 1750 περιαγόμενος
2579 1677 2685 1732 ὑπὸ
2723 1680 2992 1748 γενέσεως
3038 1679 3133 1732 καὶ
3163 1676 3518 1747 ἀγεννησίας.
3569 1675 3637 1726 Εἰ
3668 1673 3728 1725 δὲ

2127 1769 2222 1823 καὶ
2251 1769 2312 1823 τὸ
2335 1769 2592 1840 γεννητὸν
2650 1771 2946 1841 μετείληφε
2986 1770 3278 1842 μετουσίας
3307 1768 3636 1838 ἀγεννήτου,
3667 1764 3726 1815 ἐν

2126 1861 2185 1914 δὲ
2211 1859 2472 1929 γεννητοῦ
2500 1859 2661 1929 φύσει
2687 1861 3062 1933 ἀτελευτήτως
3087 1860 3356 1932 διαμένει,
3386 1859 3436 1912 εί
3471 1856 3576 1928 μὲν
3608 1854 3726 1907 διαο

452 1955 501 2000 ct
536 1947 762 2018 ingeniti
795 1957 994 2004 natura
1037 1959 1300 2022 perpetuo
1331 1961 1532 2021 manet,
1567 1967 1792 2009 necesse
1845 1964 1928 2010 est
1961 1962 2020 2008 ut

2139 1951 2301 2005 τελῶν
2333 1950 2492 2020 φύσει
2527 1950 2788 2020 γινώσκει
2829 1953 3018 2017 αὑτὸν,
3061 1951 3273 2022 ἀγνοῶν
3304 1949 3464 2020 δῆλον
3508 1941 3593 1999 ὅτι
3629 1942 3727 2014 τὴν

452 2053 511 2092 se
560 2037 878 2109 imperfecta
920 2041 973 2094 in
1019 2051 1212 2095 natura
1249 2043 1612 2099 constitutum
1641 2051 1936 2114 agnoscat,
1971 2053 2028 2100 et

455 2129 602 2182 illam
644 2131 868 2201 ingenili
899 2134 1342 2188 communionem
1373 2135 1585 2206 ignoret
1614 2154 1628 2192 :
1675 2151 1851 2206 neque
1878 2136 2026 2190 enim

454 2221 594 2275 idem
639 2223 706 2278 de
742 2226 924 2295 seipso
981 2235 1034 2281 et
1070 2227 1323 2298 ingenita:
1384 2228 1705 2284 substantia:
1742 2237 1796 2284 et
1833 2229 2030 2300 genitae

455 2315 704 2369 notitiam
753 2315 1051 2373 informare
1103 2326 1300 2388 potest.
1351 2317 1470 2374 Jatn
1515 2336 1647 2375 vero
1694 2320 1742 2376 si
1801 2321 2028 2392 ingeniti

455 2407 760 2475 proprietas
811 2407 946 2463 levis
980 2418 1065 2464 est
1109 2425 1173 2464 ac
1221 2410 1432 2464 minimi
1480 2409 1750 2476 facienda,
1777 2412 1926 2482 quod
1973 2412 2028 2466 in

455 2499 807 2554 mutationem
855 2501 1115 2570 proclivis
1171 2503 1270 2566 sit,
1314 2503 1670 2558 immutabilis
1718 2503 2028 2559 substantia

2133 2041 2430 2112 ἀγέννητον
2453 2043 2746 2116 μετουσίαν
2765 2059 2780 2073 ο
2811 2042 2874 2096 οὐ
2898 2043 3009 2115 γὰρ
3033 2037 3145 2096 οἷόν
3167 2059 3229 2095 τε
3262 2040 3426 2096 αὐτὸν
3454 2039 3590 2109 περὶ
3625 2034 3727 2087 αύ-

2133 2134 2227 2188 τοῦ
2257 2138 2350 2190 καὶ
2373 2137 2671 2207 ἀγεννήτου
2696 2135 2885 2200 οὐσίας
2905 2133 3108 2204 γνῶσιν
3137 2133 3283 2205 ἔχειν
3306 2133 3402 2186 καὶ
3426 2132 3726 2202 γεννητῆς·

2135 2229 2185 2280 εί
2224 2227 2283 2281 δὲ
2321 2227 2800 2301 εὐκαταφρόνητόν
2841 2228 2961 2281 ἐστι
2999 2227 3062 2280 τὸ
3087 2225 3388 2297 ἀγέννητον
3429 2223 3524 2277 διὰ
3557 2238 3729 2293 μετα-

2137 2315 2300 2388 ϐολῆς
2350 2317 2796 2390 ἐπιτηδειότητα,
2838 2316 3059 2390 ἀξίωμα
3101 2316 3318 2388 φύσεώς
3348 2317 3501 2369 ἐστιν
3537 2311 3723 2373 οὐσία.

2136 2405 2514 2478 ἀμετάϐλητος
2565 2407 2667 2477 τῆς
2713 2408 3012 2478 ἀγεννήτου
3057 2406 3282 2474 οὐσίας,
3331 2406 3516 2474 πάσης
3544 2401 3728 2464 αἰτίας

2136 2505 2444 2577 κρείττονος
2471 2507 2928 2578 ὁμολογουμένης.

454 2605 663 2650 natura:
711 2596 956 2652 aumdam
999 2597 1238 2668 dignitas
1289 2607 1405 2661 est,
1457 2613 1579 2652 cum
1666 2598 1904 2670 ingenita
1975 2581 2282 2656 sttbstantia
2323 2602 2568 2658 omnium
2638 2600 2990 2658 confessione
3024 2601 3216 2659 causis
3273 2601 3535 2660 omnibus
3569 2609 3728 2656 ante-

453 2685 631 2739 cellat.

949 2798 1256 2868 Confutatt'o
1286 2799 1537 2854 XXXII.

529 2911 572 2964 Ι.
609 2908 822 2966 Nemini
861 2909 1088 2966 dubium
1122 2919 1232 2978 est,
1280 2912 1411 2982 quin
1457 2910 1699 2983 ingenita
1731 2910 1789 2966 in
1832 2918 2034 2966 natura

458 3008 604 3064 Deus
642 3016 981 3079 perseveret,
1030 3007 1228 3076 Pater;
1259 3010 1350 3080 qui
1388 3009 1455 3065 de
1500 3009 1672 3064 nihilo
1709 3008 1918 3066 creavit
1967 3023 2033 3064 ac

457 3100 745 3156 fabricavit
784 3101 1001 3166 omnia,
1031 3099 1231 3155 Filium
1276 3115 1407 3155 vero
1438 3099 1967 3156 consubstantialem
2001 3115 2033 3155 e

2679 2797 3004 2866 Ἀνατροπὴ
3044 2801 3157 2853 AB’
3163 2840 3174 2855 .

2207 2909 2285 2960 A'.
2339 2907 2429 2962 Ἐν
2465 2907 2747 2978 ἀγεννήτῳ
2797 2907 2958 2977 φύσει
2996 2909 3242 2980 διαμένει
3276 2911 3669 2984 ἀναμφιϐόλως
3693 2916 3728 2971 ὁ

2135 2998 2287 3065 Θεὸς,
2317 3000 2346 3051 6
2378 2998 2446 3052 τὰ
2477 3000 2654 3052 πάντα
2687 3000 2879 3064 κτίσας
2912 2999 2972 3065 ἐξ
2996 3001 3096 3053 οὐκ
3119 3001 3312 3067 ὄντων,
3343 3007 3437 3057 καὶ
3469 3004 3727 3078 δημιουρ-

2135 3093 2314 3163 γήσας
2333 3093 2362 3145 6
2391 3090 2601 3163 Πατὴρ,
2628 3093 2896 3162 γεννήσας
2919 3092 2979 3156 ἐξ
3000 3093 3195 3158 ἑαυτοῦ
3223 3094 3511 3164 ὁμοούσιον
3541 3097 3724 3168 ἑαυτῷ

457 3192 639 3262 seipso
694 3199 858 3262 atque
898 3193 1188 3247 aeternitati
1233 3208 1348 3248 sua:
1391 3199 1782 3263 congruentem
1815 3191 2031 3258 genuit;

2139 3183 2266 3237 Υίὸν
2287 3221 2301 3246 ,
2332 3182 2428 3236 καὶ
2467 3182 2862 3253 συμπρέποντα
2895 3186 2960 3253 τῇ
3003 3185 3168 3237 αὐτοῦ
3197 3185 3458 3258 ἀῖδιότητι
3483 3226 3498 3251 ,
3538 3189 3635 3241 καὶ
3662 3189 3725 3242 τὸ

458 3298 672 3339 necnon
705 3293 758 3338 et
800 3281 1061 3354 Spiritum
1093 3291 1343 3338 sanctum
1375 3300 1406 3339 e
1436 3283 1619 3354 seipso
1645 3283 2032 3353 procedentem

457 3386 512 3428 et
550 3375 794 3444 ejusdem
831 3376 1152 3432 sMstantiaa
1181 3375 1554 3430 communioni
1610 3389 1864 3446 peraeque
1894 3390 2032 3428 con-

459 3468 764 3522 venientem
817 3467 1095 3536 produxit.
1135 3466 1291 3532 Quod
1337 3475 1522 3522 autem
1552 3466 1741 3522 eadem
1786 3466 1876 3521 illa
1911 3465 2033 3520 Tri-

459 3562 603 3613 nitas
661 3573 1002 3628 quaacunque
1046 3568 1176 3612 sunt
1224 3573 1256 3613 e
1314 3558 1487 3613 nihilo
1539 3559 1881 3628 procreavit,
1924 3567 2034 3612 tam

458 3651 836 3719 aspectabilia,
862 3664 1030 3720 quam
1063 3664 1186 3720 qum
1215 3657 1499 3720 aspectum
1533 3648 1771 3720 fugiunt,
1810 3663 1921 3703 non
1953 3648 2036 3703 id-

459 3742 610 3795 circo
668 3741 721 3794 id
763 3741 976 3811 ipsum,
1031 3742 1177 3812 quod
1221 3741 1420 3796 divinae
1471 3740 1742 3809 maiestati
1800 3755 2036 3795 consen-

463 3840 684 3886 tanemn
715 3839 821 3895 est,
874 3831 980 3886 hoc
1013 3841 1098 3888 est
1127 3833 1444 3889 exsistentis
1483 3831 1785 3894 aeternitas,
1827 3831 2033 3885 recenti

461 3925 551 3978 illa
581 3933 890 3979 creatarum
923 3937 1109 3978 rerum
1131 3918 1493 3990 appellatione
1514 3920 1874 3976 subtrahitur.
1899 3921 2036 3976 Nam

463 4012 533 4067 ab
567 4012 797 4067 istarum
837 4011 1154 4066 conditione
1203 4025 1417 4066 summa
1462 4011 1553 4066 illa
1597 4011 1904 4067 substantia
1971 4025 2036 4064 ac

462 4104 782 4174 praecellens
821 4103 1114 4166 eximitur,
1149 4103 1479 4174 quibuscum
1519 4101 1745 4158 minime
1792 4101 2036 4158 consub-

458 4196 732 4251 stantialis
782 4203 889 4259 est,
921 4195 1014 4250 sed
1052 4210 1147 4250 eas
1199 4211 1230 4250 e
1277 4195 1452 4249 nihilo
1499 4193 1705 4264 aliquid
1747 4201 1808 4248 ut
1851 4205 2039 4250 essent

460 4286 736 4341 excitavit.
791 4285 972 4351 Quare
1027 4284 1200 4340 Filius
1253 4300 1283 4338 a
1336 4284 1492 4338 Patre
1548 4283 1808 4353 genitus,
1851 4299 1964 4338 non
2007 4298 2038 4338 e

459 4377 652 4441 nihilo,
681 4376 778 4432 sed
821 4391 888 4430 ex
917 4391 984 4431 eo
1025 4377 1117 4445 qui
1145 4383 1251 4439 est,
1300 4375 1690 4429 convenienter
1739 4374 2036 4444 productus

462 4467 822 4537 intelligitur:
860 4464 996 4520 adeo
1044 4476 1104 4519 ut
1146 4480 1323 4534 neque
1372 4465 1648 4528 collatata,
1687 4478 1864 4534 neque
1907 4478 2039 4519 con-

2136 3273 2198 3340 ὲξ
2223 3272 2391 3327 αὐτοῦ
2413 3273 2568 3340 ἅγιον
2597 3272 2823 3344 Πνεῦμα
2854 3272 3094 3339 ἐξελθὸν,
3120 3278 3440 3347 πρεπόντως
3472 3280 3720 3351 ὑπάρχον

2134 3367 2202 3437 τῇ
2226 3363 2393 3418 αὐτοῦ
2424 3363 2824 3434 ὁμοουσιότητι.
2853 3366 2966 3419 Καὶ
2987 3365 3133 3434 οὔτε,
3161 3368 3461 3440 ἐπειδήπερ
3486 3373 3519 3442 ἡ
3549 3373 3724 3443 Τριάς

2135 3454 2350 3509 ἔκτισεν
2383 3453 2442 3518 ἐξ
2468 3455 2569 3508 οὐκ
2593 3453 2762 3508 ὄντων
2785 3455 2855 3509 τὰ
2883 3455 3036 3522 ὄντα,
3063 3459 3238 3528 ὁρατά
3273 3476 3332 3512 τε
3364 3462 3458 3514 καὶ
3491 3463 3722 3533 ἀόρατα,

2136 3543 2288 3616 παρά
2332 3543 2493 3597 τοῦτο
2539 3545 2843 3617 ἀναιρεῖται
2884 3545 2947 3598 τὸ
2978 3546 3281 3616 ἀναλογοῦν
3321 3549 3401 3621 τῷ
3439 3551 3536 3606 τοῦ
3585 3553 3724 3607 Θεοῦ

2135 3633 2405 3704 ἀξιώματι
2429 3633 2518 3686 διὰ
2553 3633 2645 3687 τοῦ
2678 3635 2995 3705 προσφάτου
3039 3636 3150 3690 τῶν
3184 3641 3502 3711 κτισμάτων
3530 3641 3728 3713 ὀνόμα-

2135 3743 2260 3792 τος,
2293 3727 2327 3796 ή
2358 3725 2452 3779 τοῦ
2489 3725 2640 3790 ὄντος
2665 3727 2927 3798 ἀῖδιότηςο.
2983 3729 3324 3803 Ἀφαιρεῖται
3368 3733 3425 3788 δὲ
3467 3734 3576 3788 ἀπὸ
3615 3734 3726 3788 τῶν

2141 3817 2513 3887 κεκτισμένων
2543 3819 2575 3888 ἡ
2604 3817 2813 3872 ἄνωθεν
2841 3819 3247 3890 ὑπερϐαίνουσα
3270 3823 3448 3890 οὐσία,
3469 3826 3570 3880 οὐκ
3591 3822 3727 3880 οὖσα

2135 3906 2345 3971 τούτοις
2369 3907 2678 3977 ὁμοούσιος,
2708 3908 2767 3976 ἐξ
2796 3911 2899 3963 οὐκ
2943 3910 3112 3965 ὄντων
3138 3913 3195 3966 δὲ
3223 3913 3503 3970 καλέσασα
3527 3916 3624 3970 τοῦ
3655 3914 3728 3971 εἴ·

2137 4017 2244 4053 ναι.
2296 3999 2388 4052 Διὸ
2423 4001 2453 4052 6
2495 4001 2895 4074 γεγεννημένος
2941 4003 3070 4066 Υἱὸς
3113 4005 3216 4058 οὐκ
3267 4007 3326 4074 ἐξ
3379 4009 3480 4062 οὐκ
3524 4009 3725 4077 ὄντων,

2136 4090 2273 4146 ἀλλὰ
2312 4093 2378 4148 ἐκ
2420 4092 2515 4146 τοῦ
2559 4093 2715 4158 ὄντος
2762 4097 3198 4166 συμπρεπόντως
3253 4099 3372 4170 ἅμα
3413 4101 3723 4173 Θεωρεῖται,

2137 4181 2261 4236 οὐτε
2293 4184 2762 4256 παρατεινομένης
2799 4185 2899 4255 τῆς
2933 4188 3153 4255 οὐσίας,
3197 4189 3322 4243 οὐτε
3364 4193 3727 4264 συστελλομέ-

2138 4291 2263 4344 νης·
2297 4273 2435 4328 ἀλλὰ
2459 4273 2673 4346 πνεῦμα
2698 4275 2774 4328 ὣν
2802 4279 2831 4330 6
2853 4278 3064 4350 Πατὴρ,
3092 4279 3311 4351 πνεῦμα
3339 4282 3612 4352 ἀληθινῶς
3636 4285 3728 4336 τὸν

2139 4367 2266 4420 Υἱὸν
2299 4367 2579 4438 ἐγέννησε,
2611 4369 2704 4422 καὶ
2739 4369 2800 4434 ἐξ
2824 4371 3017 4423 ἑαυτοῦ
3041 4363 3304 4442 ἐξήνεγκε
3327 4373 3386 4427 τὸ
3415 4373 3642 4446 Πνεῦμα
3665 4375 3728 4428 τὸ

2139 4460 2317 4530 ἅγιον.
2353 4463 2466 4516 Καὶ
2498 4463 2597 4533 οὐχ
2626 4463 2819 4516 ἑαυτὸν
2852 4465 3068 4532 ἀγνοεῖ,
3113 4465 3238 4518 οὔτε
3274 4467 3374 4538 τὴν
3413 4468 3608 4522 ἑαυτοῦ
3636 4469 3729 4522 οὐ-

463 4567 636 4613 tracta
677 4559 748 4613 sit
788 4558 1116 4614 substantia.
1142 4558 1342 4613 Verum
1378 4557 1472 4627 qui
1504 4557 1733 4627 spiritus
1765 4564 1851 4612 est
1879 4554 2031 4610 Patet

2145 4554 2268 4608 σίαν
2297 4555 2726 4627 συστελλομένην
2765 4557 2798 4628 ἢ
2839 4557 3253 4630 πλατυνομὲνην
3281 4556 3422 4614 οῐδεν
3442 4601 3457 4626 ,
3487 4561 3520 4633 ἢ
3555 4561 3730 4632 τομὴν

461 4649 714 4718 spiritum
776 4647 1002 4718 perinde
1041 4648 1239 4704 Filium
1286 4648 1508 4719 genuit,
1559 4654 1724 4717 atque
1768 4662 1800 4701 e
1857 4646 2039 4716 seipso

463 4752 713 4798 sanctum
767 4739 1030 4812 Spiritum
1069 4740 1272 4795 emisit.
1322 4738 1507 4810 Neque
1534 4753 1664 4793 vero
1711 4747 1805 4792 aut
1837 4747 2040 4794 semet-

465 4836 644 4903 ipsum
681 4834 927 4904 iguorat,
964 4839 1058 4887 aut
1095 4839 1432 4886 contractam
1470 4830 1854 4885 collatatamve
1881 4844 2036 4884 suam

463 4926 615 4978 novit
648 4923 1036 4988 substantiam,
1073 4921 1190 4976 sive
1235 4921 1418 4991 aliqua
1452 4919 1698 4976 sectione
1729 4919 2032 4976 concisam.

462 5016 588 5072 llaec
617 5016 762 5072 enim
804 5019 986 5069 omnia
1016 5013 1084 5069 de
1127 5012 1236 5069 Deo
1291 5013 1454 5084 θοι
1486 5013 1730 5083 cogitare
1757 5011 1923 5066 nimis
1954 5021 2041 5066 est

464 5109 765 5166 absurdum
790 5151 805 5174 ,
843 5115 901 5160 ut
925 5107 1058 5176 quid
1102 5106 1174 5160 sit
1216 5102 1456 5175 Spiritus
1485 5111 1710 5160 sanctus
1741 5101 1890 5159 Deus
1924 5101 2040 5172 ipse

466 5203 696 5257 neseiat.
746 5200 824 5254 Ac
873 5214 1052 5268 neque
1095 5196 1369 5266 ingenitus
1417 5211 1542 5252 cum
1603 5195 1846 5264 ingenito
1899 5193 2041 5248 Filio

465 5293 954 5350 consubstantialis
976 5307 1084 5345 non
1109 5297 1231 5354 est;
1269 5305 1446 5360 neque
1476 5288 1694 5360 genitus
1729 5289 1846 5358 ipse
1881 5303 2038 5343 com-

461 5401 680 5442 munem
712 5401 838 5441 cum
888 5376 1051 5440 Patre
1089 5383 1446 5438 aeternitatem
1492 5397 1601 5436 non
1643 5381 1910 5436 continet.
1945 5378 2038 5433 Et-

462 5477 609 5532 enim
635 5476 798 5535 Pater
842 5476 1065 5542 Filium,
1099 5474 1272 5530 Filius
1309 5472 1524 5529 Patrem
1558 5473 1867 5544 cognoscit.
1907 5469 2038 5524 Tri-

464 5570 608 5626 nitas
656 5586 823 5640 porro
878 5572 996 5641 ipsa
1057 5569 1179 5626 sine
1231 5566 1343 5622 ullo
1391 5566 1498 5622 [ine
1536 5574 1720 5620 manet
1772 5564 2037 5627 increata,

463 5661 773 5731 occiditque
818 5679 1118 5733 nunquam.
1157 5662 1328 5718 Filius
1384 5675 1514 5716 vero
1571 5675 1603 5712 a
1636 5657 1802 5712 Patre
1841 5667 2037 5710 revera

533 5816 548 5847 ¹
585 5815 747 5869 Rom.
783 5831 876 5878 Ml,
915 5817 967 5869 ’5.

2147 4644 2538 4716 ὐφισταμένην.
2580 4645 2766 4700 Ταῦτα
2803 4651 2912 4720 γὰρ
2953 4648 3130 4703 πάντα
3175 4647 3306 4720 περὶ
3350 4649 3485 4703 Θεὸν
3532 4651 3729 4703 εἰδέναι

2145 4735 2487 4804 ἀλογώτατον
2513 4752 2529 4767 ⁸
2558 4736 2700 4791 ὥστε
2727 4739 2822 4792 καὶ
2851 4741 3068 4808 ἀγνοεῖν
3107 4741 3243 4794 αὐτὸ
3283 4741 3346 4794 τὸ
3383 4741 3560 4802 Θεῖον,
3593 4741 3731 4811 ὅπερ

2145 4829 2262 4881 ἐστὶ
2315 4827 2409 4882 τὸ·
2443 4828 2600 4897 ἆγιον
2636 4829 2879 4900 Πνεῦμα.
2932 4833 3042 4884 Καὶ
3087 4831 3213 4884 οὔτε
3253 4834 3283 4886 6
3330 4831 3626 4901 ἀγέννητος
3666 4831 3729 4883 οὐ

2146 4919 2478 4991 συμμετέχει
2509 4921 2590 4992 τῷ
2635 4923 2937 4994 γεννήματι
2964 4923 3029 4976 τὸ
3062 4923 3369 4995 ὀμοούσιον,
3401 4924 3529 4977 οὔτε
3561 4926 3590 4977 6
3616 4939 3731 4990 γεν-

2149 5013 2308 5084 νητὸς
2332 5015 2394 5068 οὐ
2423 5014 2780 5086 συμπεριέχει
2811 5015 2891 5086 τῷ
2921 5016 3099 5086 Πατρὶ
3131 5016 3193 5070 τὸ
3237 5017 3426 5071 ἀΐδιον.
3462 5004 3586 5070 Οἵδε
3624 5013 3731 5084 γὰρ

2146 5105 2175 5156 6
2213 5103 2402 5175 Πατὴρ
2429 5104 2519 5158 τὸν
2545 5105 2692 5169 Υίὸν,
2726 5105 2822 5158 καὶ
2852 5107 2882 5158 6
2915 5105 3040 5169 Υἱὸς
3067 5101 3174 5158 οἶδε
3195 5108 3288 5159 τὸν
3314 5105 3570 5175 Πατέρα·
3608 5104 3730 5155 ἀτε-

2147 5197 2422 5269 λευτήτως
2467 5198 2555 5250 ἀεὶ
2585 5197 2686 5267 τῆς
2729 5197 2961 5268 Τριάδος
2999 5198 3256 5251 ἀκτίστου
3293 5196 3561 5267 μενούσης
3583 5230 3598 5256 ,
3635 5191 3730 5244 καὶ

2147 5289 2515 5359 ἀτελευτήτως
2541 5288 2896 5360 ὑπαρχούσης
2914 5305 2929 5319 ·
2959 5289 3054 5342 τοῦ
3081 5287 3421 5357 Μονογενοῦς
3464 5297 3727 5350 γεγεννη-

2151 5381 2311 5452 μένου
2337 5382 2402 5434 ὲκ
2437 5380 2532 5434 τοῦ
2558 5381 2645 5435 ἀεὶ
2673 5383 2849 5446 ὄντος,
2881 5381 3052 5445 ὄντως
3084 5381 3256 5440 ὄντος,
3286 5375 3379 5430 καὶ
3420 5378 3476 5429 έν
3509 5374 3618 5446 ἰδία
3642 5390 3728 5426 τε-

2146 5473 2266 5544 λείᾳ
2295 5471 2474 5542 φύσει.
2530 5474 2622 5526 Διὸ
2665 5471 2926 5542 γινώσκει
2969 5470 3197 5526 ὲαυτόνο
3240 5468 3336 5520 καὶ
3375 5467 3474 5520 οὐκ
3548 5471 3731 5539 ἀγνοεῖ

2145 5563 2268 5618 οὔτε
2305 5568 2333 5619 6
2375 5565 2504 5629 Υἱὸς
2548 5564 2649 5635 τὴν
2693 5565 2988 5635 ἀγέννητον
3031 5559 3246 5632 Πατρὸς
3285 5559 3492 5625 οὐσίαν,
3534 5557 3657 5611 οὔτε
3700 5558 3731 5608 6

2146 5655 2440 5727 ἀγέννητος
2470 5655 2569 5726 τὴν
2593 5655 2687 5711 τοῦ
2717 5653 2848 5709 Υἱοῦ
2887 5653 2948 5720 ἐξ
2981 5652 3146 5707 αὐτοῦ
3173 5650 3384 5719 οὐσίαν,
3411 5648 3728 5714 ἀξιοπίστω

1044 5818 1064 5847 ¹
1093 5817 1154 5870 F.
1184 5817 1336 5872 deest
1361 5816 1568 5886 Πατὴρ,
1605 5814 1699 5870 καὶ
1732 5814 1881 5884 Υἱὸς,
1907 5814 1999 5866 καὶ
2029 5813 2109 5880 τὸ,
2135 5822 2236 5868 etc.
