3994 6224
318 380 419 438 6‘21

935 375 1300 433 ADVERSUS
1339 374 1681 429 ll/ERESES
1720 374 1846 429 LlB.
1879 375 1895 427 ἰ

2010 371 2170 427 ΤΟΜ.
2216 372 2256 425 l.
2299 400 2361 411 —
2411 371 2681 428 llz'EltES.
2726 372 2961 429 ωιχνι.

3458 374 3566 433 θ’ἰῖ

314 501 468 563 δντος
494 496 588 551 τοῦ
619 496 937 569 μονογενοῦς
966 495 1102 549 Θεοῦ
1128 496 1303 564 Λόγου
1331 496 1603 566 φήσαντος
1625 508 1640 523 ’
1679 492 1889 559 Οὐδείς

2010 508 2053 546 ιε
2080 504 2291 561 semper
2320 491 2621 547 exsistcnte
2655 492 2711 546 in
2755 492 2970 563 propria
3001 488 3348 564 perfectaque
3377 505 3569 549 natura

316 586 443 645 οἵδε
468 589 576 644 τόν
607 590 835 657 Πατέρα
859 590 911 643 εὶ
934 587 1021 658 μὴ
1048 590 1080 641 ό
1110 590 1263 653 Υἱὸς,
1290 588 1390 640 καί
1424 586 1533 641 τὸν
1564 584 1701 640 flor
1726 587 1780 638 εἰ
1800 582 1886 655 μὴ

314 685 347 736 ὀ
381 681 603 748 Πατήρ.

1998 583 2213 651 genitus
2246 588 2350 638 est.
2403 580 2486 637 Ob
2532 581 2585 637 id
2635 585 2989 654 semetipsum
3028 585 3213 654 novit;
3249 600 3427 656 neque
3476 588 3574 640 aut

1998 672 2172 729 Filius
2204 674 2501 745 ingenitam
2538 672 2719 729 Patris
2744 676 3131 738 substantiam.
3169 685 3262 732 aut
3294 676 3572 748 ingenitus

314 769 463 833 Filii,
494 784 654 840 quem
694 769 969 839 produxit,
1006 767 1261 838 ignorare
1299 774 1496 838 potest.
1554 772 1759 838 Dignus
1803 773 1886 819 est
1922 765 2067 819 cnim
2098 763 2270 819 Filius
2300 764 2436 833 ipse,
2482 765 2569 817 cui
2602 765 2683 817 sic
2714 764 2955 832 loquenti
3012 765 3144 820 fides
3212 766 3570 832 adhibeatur;

314 860 488 913 Nemo
518 860 657 912 novit
694 857 910 912 Patrem
947 858 1050 911 nisi
1080 855 1277 921 Filias,
1317 867 1365 910 et
1403 856 1451 908 F
1454 856 1608 909 ilium
1648 856 1752 910 nisi
1786 854 1945 907 Pater
1974 854 2011 904 ¹.

387 950 462 1007 B'.
487 952 578 1004 Διὸ
624 950 925 1022 ἀφῃρήσθω
963 950 1023 1003 τὸ
1064 949 1252 1002 τούτου
1291 948 1386 1001 τοῦ
1418 948 1650 1017 γεννάδα
1687 947 1890 1001 Ἀετίου

2056 943 2123 997 ll.
2160 944 2524 1008 Quamobrem
2557 944 3046 998 circumscribatur
3090 958 3118 995 a
3163 943 3449 998 temerario
3478 944 3572 999 illo

310 1041 681 1108 άποεραντικὸν
715 1040 1013 1110 κέλευσμα,
1054 1040 1115 1092 τὸ
1143 1041 1353 1110 φῆσανο
1388 1057 1406 1089 ε
1444 1039 1518 1092 Οὐ
1554 1038 1661 1110 γὰρ
1696 1033 1806 1091 οἷόν
1834 1053 1894 1089 τε

2010 1036 2153 1090 Actio
2177 1075 2190 1098 ,
2240 1044 2503 1104 tanquam
2540 1051 2568 1087 a
2602 1035 2787 1104 judice
2813 1075 2827 1099 ,
2870 1035 3219 1103 pronuntiata
3258 1035 3567 1089 sententia:

312 1133 481 1187 αὐτὸν
526 1133 656 1204 περὶ
711 1130 906 1185 ἑαυτοῦ
969 1132 1062 1185 καὶ
1124 1132 1417 1202 ἀγεννήτου
1460 1131 1644 1193 οὐσίας
1695 1131 1896 1198 γνῶσιν

310 1224 478 1293 ἔχειν,
499 1224 594 1277 καί⁵
641 1223 983 1293 άγεννησίας.
1024 1242 1044 1273 υ
1066 1221 1346 1293 Προῦλαὸε
1387 1221 1495 1291 γὰρ
1527 1223 1556 1273 ὁ
1591 1221 1900 1288 Μονογενὴς

306 1314 679 1384 παραγράψαι
724 1313 820 1384 τὴν
864 1313 1179 1382 δικαστικὴν
1227 1312 1393 1366 αὐτοῦ
1446 1312 1651 1382 ταύτην
1698 1311 1901 1381 φωνὴν,

308 1404 497 1474 φήσας
528 1406 720 1458 ἑαυτὸν
745 1402 945 1457 εἰδέναι
974 1403 1065 1457 τὸν
1095 1404 1338 1473 Πατέρα,
1374 1405 1470 1457 καὶ
1494 1403 1651 1457 ἄλλον
1677 1402 1866 1455 οὐδένα
1884 1420 1897 1433 ·

314 1493 742 1565 συμπεριλαϐὼν
798 1496 914 1566 ἅμα
975 1495 1069 1549 καὶ
1112 1494 1207 1547 τοῦ
1250 1494 1565 1565 Πνεῦματος
1611 1494 1774 1547 αὐτοῦ
1806 1493 1898 1547 τοῦ

313 1586 474 1653 ἁγίου
514 1585 576 1638 τὸ
618 1585 958 1657 ὲνύπαρκτον
981 1603 996 1617 ⁸
1026 1586 1103 1650 ὡς
1142 1585 1237 1638 καὶ⁷
1281 1586 1338 1638 ὲν
1384 1584 1529 1656 ἄλλῳ
1567 1585 1789 1654 φάσκει,
1817 1585 1899 1637 ὅτι

322 1678 395 1730 Τὸ
421 1678 666 1747 Πνεῦμα
721 1678 828 1731 τοῦ
872 1678 1103 1745 Πατρός
1144 1676 1367 1740 διδάξει
1397 1676 1573 1746 ὑμᾶς.
1618 1671 1675 1729 Εἰ
1710 1676 1766 1729 δὲ
1805 1676 1898 1729 τοῦ

1998 1129 2148 1185 ιΝοη
2163 1126 2412 1182 eumdem
2428 1127 2493 1181 de
2520 1127 2705 1197 seipse
2749 1138 2912 1197 posse
2943 1126 3139 1195 genitae
3168 1132 3376 1178 naturae
3409 1123 3574 1179 simul

2000 1224 2055 1272 et
2084 1214 2340 1286 ingenita:
2385 1214 2681 1269 informare
2709 1213 3272 1269 scientiamnlﬂteniiu
3298 1214 3445 1268 illius
3473 1212 3574 1267 de-

2003 1318 2155 1363 creto
2206 1308 2530 1378 jampridem
2596 1308 2746 1361 unici
2801 1305 2894 1362 Dei
2926 1306 3048 1361 Filii
3102 1310 3403 1362 auctoritas
3440 1323 3580 1377 prae.

2002 1399 2248 1469 scripsit,
2275 1412 2400 1452 cum
2430 1414 2489 1453 se
2516 1397 2733 1452 Patrem
2756 1412 2944 1461 nesse,
2974 1412 3075 1452 nec
3096 1398 3262 1452 alium
3294 1406 3575 1468 praeterea,

2003 1490 2248 1545 deliuiit:
2280 1490 2479 1558 quibus
2502 1489 2684 1543 verbis
2710 1489 2873 1542 etiam
2910 1486 3175 1558 Spiritum
3206 1497 3462 1543 sanctum
3499 1489 3578 1542 si-

2002 1581 2114 1634 mul
2169 1581 2519 1635 exsistentem
2577 1578 2897 1647 complexus
2950 1586 3076 1642 est,
3118 1578 3574 1648 quemadmodum

2002 1671 2109 1725 alio
2156 1670 2213 1725 in
2257 1672 2377 1723 loco
2413 1666 2585 1723 dixit:
2637 1666 2867 1737 Spiritus
2924 1667 3105 1723 Patris
3153 1669 3357 1723 docebit
3410 1685 3497 1724 vos
3531 1671 3576 1725 ⁸.

315 1768 532 1838 Πατρός
582 1770 698 1821 ἐστι
737 1770 799 1821 τὸ
846 1766 1091 1838 Πνεῦμα,
1147 1768 1247 1821 οῦκ
1275 1768 1459 1835 ἀγνοεῖ
1494 1767 1589 1820 καὶ
1638 1766 1771 1821 αὐτὸ
1807 1766 1898 1820 τὸν

2010 1761 2155 1828 Quod
2196 1762 2243 1817 si
2272 1756 2459 1815 Patris
2490 1761 2582 1817 ille
2612 1760 2851 1831 Spiritus
2875 1769 2993 1825 est,
3032 1776 3102 1815 ne
3141 1762 3322 1832 ipsum
3357 1760 3579 1832 quidem

311 1858 556 1929 Πατέρα.
601 1860 689 1912 Ἐν
718 1858 773 1912 δὲ
800 1858 877 1930 τῷ
916 1860 1195 1931 εἰρηκέναι
1220 1877 1234 1890 ·
1281 1856 1626 1924 Οὑδείςοῒδε
1651 1861 1759 1912 τὸν
1780 1862 1899 1913 Πα-

316 1947 480 2014 τέρα,
509 1949 561 2000 εἰ
581 1947 665 2016 μὴ
695 1950 729 2001 ὁ
753 1948 918 2012 Υἱὸς,
938 1948 1028 2002 ἵνα
1056 1948 1267 2013 ἑαυτὸν,
1302 1948 1396 2001 καὶ
1420 1947 1511 2000 τὸν
1534 1946 1774 2016 Πατέρα,
1806 1945 1900 1999 καὶ

313 2038 380 2091 τὸ
403 2038 624 2108 Πνεῦμα
655 2040 716 2092 τὸ
747 2039 899 2107 ἆγιον
928 2039 1303 2110 ὑπερϐεόηκδς
1342 2038 1559 2109 σημάνῃ
1580 2036 1689 2090 τῶν
1725 2035 1900 2091 ἄλλων

313 2129 429 2182 τῶν
473 2131 547 2201 μὴ
593 2131 779 2193 άῖδίως
830 2130 1209 2201 ὑπαρξάντων,
1254 2129 1562 2199 γενομένων
1626 2127 1703 2182 δέ.
1745 2128 1809 2180 Εἰ
1844 2126 1900 2179 δὲ

319 2219 628 2290 προῦλαϐεν
687 2222 774 2274 ἀεὶ
835 2220 1033 2273 εἰδέναι
1094 2220 1186 2272 τὸν
1239 2220 1480 2291 Πατέρα,
1539 2219 1714 2289 μάτην
1768 2219 1901 2288 ἡμῖν

332 2311 537 2373 Ἀἐτιος
580 2310 909 2363 κενολεκτῶν
944 2310 1272 2376 ῦπεισδύνει,
1304 2309 1492 2379 σαφῶς
1525 2311 1691 2363 πᾶσιν
1717 2310 1791 2363 ὣν
1811 2309 1904 2381 δῆ-

318 2402 433 2468 λος,
461 2404 542 2456 ὅτι
564 2404 640 2466 ὡς
663 2403 761 2457 ἄνθ
772 2420 947 2474 ρωπος
985 2402 1277 2471 λογίζεται,
1312 2400 1588 2472 σαρκικῶς
1613 2400 1900 2471 ἀνακρινό-

326 2512 507 2565 μενος,
542 2497 635 2548 xui.
666 2495 895 2565 ψυχικὸς
932 2496 1192 2566 ὑπάρχων
1216 2494 1304 2547 διὰ
1346 2494 1437 2547 τὸν
1468 2493 1658 2546 ἑαυτὸν
1695 2491 1787 2545 καὶ
1814 2490 1904 2545 τὸν

324 2586 546 2655 Πατέρα
589 2585 944 2654 γινώσκοντα,
1000 2586 1095 2639 καὶ
1137 2586 1197 2639 τὸ
1238 2584 1392 2653 ἅγιον
1444 2582 1607 2637 αὑτοῦ
1657 2580 1898 2654 Πνεῦμα.

338 2673 629 2745 Ἑξῄρηται
655 2671 747 2729 οὖν
790 2677 970 2746 πάσης
1004 2677 1183 2739 αἰτίας
1238 2677 1270 2728 ὁ
1314 2674 1467 2739 Θεὸς,
1507 2676 1569 2728 οῦ
1597 2675 1757 2744 μόνον
1792 2674 1905 2726 Πα-

324 2765 452 2835 τὴρ,
489 2765 623 2819 ἀλλὰ
648 2767 740 2819 καὶ
767 2767 914 2832 Υἱὸς,
944 2769 1038 2820 καὶ
1058 2768 1210 2836 ἅγιον
1234 2767 1459 2837 Πνεῦμα
1481 2784 1495 2797 ⁸
1527 2767 1624 2837 τῆς
1656 2764 1907 2836 θεότητος

328 2850 565 2922 Πατρὸς,
597 2853 690 2905 καὶ
711 2853 863 2919 Υίοῦ,
894 2855 989 2908 καί⁵
1018 2855 1173 2924 ἁγίου
1198 2853 1510 2927 Πνεῦματος
1544 2853 1907 2927 ὁμολογουμέ-

328 2956 427 3010 νης
456 2943 762 3011 κρείττονος
794 2945 973 3016 πάσης
1002 2945 1201 3009 αἰτίας.

702 3245 1098 3300 ΚΕΦΔΛΑΙΟΝ
1130 3248 1383 3300 ΑΕτίοΥ
1416 3248 1540 3302 Al".

405 3357 468 3409 Εἰ
509 3357 572 3410 τὸ
616 3358 912 3429 ἀγέννητον
961 3360 1141 3429 πάσης
1185 3360 1364 3423 αἰτίας
1395 3359 1672 3432 ἐξῄρηται,
1722 3360 1807 3429 εἰη
1853 3358 1909 3412 δὲ

330 3445 504 3499 πολλὰ
549 3447 851 3517 ἀγέννηταο
883 3449 1299 3518 ἀπαράλλακτον
1341 3450 1520 3514 ἕξουσι
1572 3450 1671 3521 τὴν
1719 3449 1906 3518 φύσιν.

330 3537 408 3587 Ui)
441 3536 551 3607 γὰρ
578 3537 663 3599 ἂν,
700 3539 773 3607 μὴ
800 3537 1177 3607 ἀποκληρώσει
1204 3536 1417 3607 φύσεώς
1450 3555 1591 3601 τινος
1617 3538 1795 3592 κοινοῦ
1819 3538 1911 3592 καὶ

334 3627 467 3680 ἰδίου
499 3628 877 3699 μετειληφυῖα,
901 3631 935 3699 ἡ
974 3629 1070 3699 μὲν
1108 3630 1302 3696 ἐποίει,
1338 3630 1453 3701 ἡδὲ
1476 3632 1703 3699 ἐγίνετο.

880 3828 1211 3896 Ἀνατροπὴ
1248 3832 1344 3882 ΛΓ

411 3946 599 4013 Πάσης
626 3944 802 4005 αἰτίας
822 3942 1081 4014 ἐξῄρηται
1117 3944 1561 4014 ὁμολογουμένως
1591 3944 1652 3996 τὸ
1682 3944 1878 4013 ἀγέννη

333 4056 447 4101 τον,
513 4038 646 4090 διότι
673 4036 733 4089 ἐν
782 4037 900 4089 ἐστι
940 4036 1001 4088 τὸ
1039 4037 1331 4107 ἀγέννητον
1386 4028 1478 4084 καὶ
1512 4027 1902 4096 προσκυνητὸν,

331 4128 710 4199 διαιρουμένου
765 4126 858 4180 τοῦ
908 4125 1284 4199 προσκυνητοῦ
1343 4126 1451 4178 ἀπὸ
1513 4125 1621 4177 τῶν
1670 4141 1911 4194 προσκυ-

332 4221 587 4276 νούντων.
612 4219 970 4291 Προσκυνητὴ
1006 4219 1063 4272 δέ
1102 4220 1248 4271 ἐστιν
1280 4221 1313 4289 ἡ
1343 4214 1533 4289 Τριὰς,
1567 4215 1730 4287 μονὰς
1758 4212 1909 4279 οὖσα,

335 4313 430 4365 καὶ
476 4314 535 4365 ὲν
581 4312 661 4365 ἑνὶ
706 4311 928 4381 ὀνόματι
961 4309 1339 4382 ἀριθμουμένη
1370 4309 1561 4378 Τριὰς,
1598 4307 1787 4379 Πατὴρ
1816 4307 1911 4360 καὶ

335 4403 487 4467 Υἱὸς,
522 4405 617 4456 καὶ
646 4404 798 4471 ἅγιον
840 4402 1061 4473 Πνεῦμα
1084 4418 1097 4429 ·
1134 4402 1233 4454 οὐκ
1277 4400 1556 4471 ἀλλότριον
1591 4400 1653 4452 τὸ
1714 4399 1911 4467 ἑαυτῆς

2001 1851 2215 1907 Patrem
2272 1851 2505 1922 ignorat.
2540 1849 2685 1905 Cum
2739 1858 2922 1906 autem
2985 1850 3160 1905 dixit:
3210 1849 3375 1905 Nemo
3435 1851 3580 1907 novit

2002 1943 2217 1998 Patrem
2247 1944 2350 1999 nisi
2379 1942 2577 2005 Filius.
2614 1945 2972 2014 semetipsum
3002 1942 3228 2013 pariter,
3261 1950 3316 1997 et
3337 1940 3579 2009 Patrem,

1994 2050 2064 2091 ac
2100 2036 2364 2107 Spiritum
2395 2042 2646 2092 sanctum
2672 2074 2687 2100 ,
2727 2044 3046 2089 cancrorum
3095 2046 3217 2104 quae
3274 2034 3342 2089 ab
3368 2041 3580 2089 aeterno

2001 2144 2110 2183 non
2141 2138 2269 2183 sunt
2289 2169 2304 2193 ,
2343 2128 2437 2183 sed
2481 2135 2763 2197 procreata
2790 2133 2918 2180 sunt
2941 2165 2957 2190 ,
2990 2123 3358 2179 conditionem
3390 2139 3581 2180 exces-

2002 2220 2143 2275 sisse
2169 2218 2459 2289 signiﬁcat.
2495 2216 2858 2283 Quamobrem
2890 2230 3014 2269 cum
3037 2215 3105 2269 ab
3136 2222 3340 2269 aiterno
3363 2212 3581 2269 Patrem

2003 2310 2174 2366 Filius
2204 2310 2558 2379 cognoverit,
2606 2304 2815 2361 fisustra
2854 2305 3013 2360 nobis
3056 2306 3247 2361 Aetius
3280 2305 3581 2375 nugacibus

2004 2401 2120 2455 suis
2152 2399 2329 2454 verbis
2352 2400 2615 2468 obrepere
2643 2406 2893 2460 conatur,
2923 2412 3045 2452 cum
3070 2394 3577 2451 manifestissimum

2004 2492 2074 2545 sit
2103 2491 2281 2560 ipsum
2314 2490 2552 2544 hominis
2581 2503 2734 2543 more
2761 2487 3000 2559 cogitare
3043 2501 3108 2540 ac
3160 2485 3456 2541 carnaliter
3498 2485 3583 2540 in-

1998 2582 2252 2651 quirere,
2283 2589 2339 2635 et
2377 2580 2666 2634 anhnalem
2699 2594 2848 2634 esse:
2882 2586 3109 2649 propter
3138 2593 3263 2632 eum
3287 2618 3302 2643 ,
3337 2578 3430 2647 qui
3472 2585 3583 2630 tam

2006 2688 2064 2727 sc
2084 2710 2100 2735 ,
2125 2687 2287 2740 quam
2315 2669 2531 2725 Patrem
2571 2671 2890 2740 cognoscit,
2918 2674 3029 2723 una
3070 2685 3192 2723 cum
3225 2669 3432 2740 Spiritu
3462 2684 3586 2726 san-

2006 2771 2116 2817 cto.
2147 2764 2488 2833 Quapropter
2518 2760 2661 2816 Deus
2713 2762 2783 2817 ab
2821 2762 2967 2816 oximi
3015 2776 3179 2817 causa
3226 2759 3585 2815 vindicandas

2007 2865 2127 2917 est,
2168 2870 2278 2907 non
2326 2855 2489 2908 modo
2526 2855 2722 2918 Pater,
2774 2857 2867 2911 sed
2921 2864 2976 2909 et
3026 2853 3195 2909 Filius
3246 2868 3310 2907 ac
3348 2852 3584 2920 Spiritus

2009 2952 2269 2998 sanctus:
2311 2945 2579 3014 siquidem
2620 2945 2797 2999 Patris
2828 2984 2842 3009 ,
2873 2944 2995 2999 Filii
3048 2959 3111 2996 ac
3147 2943 3384 3013 Spiritus
3408 2941 3584 2997 sancti

2009 3033 2303 3097 divinitas.
2354 3035 2500 3104 quod
2548 3051 2707 3090 nemo
2739 3051 2850 3089 non
2898 3033 3227 3098 conﬁtetur,
3284 3047 3449 3087 causa
3497 3042 3585 3086 es:

1933 3127 1976 3186 Β
2009 3126 2155 3179 omni
2193 3126 2555 3195 prestantior.

2424 3236 2610 3290 ΑΕΤΙΙ
2646 3235 2884 3292 CAPUT
2929 3234 3168 3289 XXXIII.

2080 3348 2138 3404 Si
2169 3352 2465 3420 ingenitum
2493 3365 2713 3406 causam
2744 3350 2947 3404 nullam
2980 3349 3197 3419 penitus
3219 3346 3419 3409 habet,
3449 3346 3582 3402 sint-

2009 3458 2115 3512 que
2147 3443 2383 3512 ingenita
2436 3444 2716 3513 complura
2742 3481 2758 3505 ,
2804 3441 3127 3496 immutabili
3174 3455 3339 3496 causa
3368 3446 3589 3496 consta-

2005 3539 2164 3591 bunt.
2196 3534 2381 3605 Neque
2427 3537 2571 3589 enim
2602 3536 2747 3588 velut
2784 3533 3044 3587 attributa
3074 3532 3380 3586 communis
3404 3534 3588 3599 cujus-

2010 3628 2154 3693 dam,
2188 3643 2250 3681 ac
2282 3627 2571 3696 peculiaris
2601 3635 2810 3679 natura:
2841 3623 3175 3687 conditione,
3205 3623 3587 3692 particepsque

2011 3720 2151 3775 facta
2186 3721 2355 3773 altera
2384 3719 2569 3772 molita
2598 3726 2700 3779 est,
2731 3717 2898 3769 aitera
2923 3715 3209 3785 producta.

2379 3825 2544 3896 982
2590 3823 2900 3892 Confutatio
2928 3818 3212 3874 XXXIII.

2081 3940 2235 4007 Quod
2269 3941 2565 4008 ingenitum
2611 3937 2845 3997 dicitur,
2881 3936 2933 3987 in
2962 3932 3215 3989 confesso
3240 3940 3323 3985 est
3348 3932 3431 3985 sui
3466 3932 3591 3986 nul-

2008 4032 2116 4085 lam
2150 4032 2351 4085 habere
2385 4043 2630 4091 causam,
2659 4024 3096 4096 quandoquidem
3128 4037 3297 4077 unum
3339 4021 3588 4092 idemque

2011 4135 2094 4181 est
2151 4125 2450 4195 ingenitum
2503 4134 2555 4177 et
2605 4120 2981 4183 adorandum,
3029 4117 3110 4173 sic
3142 4123 3201 4169 ut
3247 4113 3586 4169 adorandum

2013 4219 2081 4272 ab
2112 4217 2467 4271 adorantibus
2517 4223 2852 4269 secernatur.
2883 4209 3172 4265 Adoranda
3207 4221 3369 4276 porro
3405 4204 3587 4259 Trini-

2014 4318 2099 4363 tas
2131 4317 2215 4364 est
2236 4348 2252 4371 ,
2281 4323 2402 4378 qum
2450 4307 2638 4362 eadem
2688 4314 2741 4361 et
2771 4304 2955 4359 unitas
2989 4307 3105 4365 est,
3135 4306 3190 4353 et
3218 4314 3328 4352 uno
3366 4298 3586 4352 nomine

2012 4401 2406 4470 comprehensa
2432 4398 2675 4452 Trinitas
2710 4395 3013 4466 appellatur
3041 4431 3056 4455 ,
3090 4390 3253 4444 Pater
3277 4429 3292 4452 ,
3326 4388 3496 4443 Filius
3528 4396 3587 4442 et

334 4496 393 4547 ὲν
445 4497 611 4565 ἑαυτῇ
664 4472 1000 4565 κεκτημένη,
1048 4490 1184 4545 ἀλλὰ
1236 4489 1669 4561 συμπρεπόντως
1719 4489 1903 4561 Πατὴρ

2016 4492 2251 4561 Spiritus
2283 4497 2545 4546 sanctus:
2590 4503 2711 4558 quae
2747 4486 2963 4555 quidem
2987 4482 3131 4552 quod
3161 4496 3321 4535 suum
3358 4488 3441 4535 est
3474 4494 3584 4533 non

334 4586 601 4655 γεννήσας
632 4585 779 4648 Υίὸν,
809 4585 901 4638 καὶ
926 4584 985 4635 οὐ
1032 4583 1244 4645 κτίσας.
1279 4581 1353 4634 Τὸ
1394 4582 1491 4653 μὲν
1526 4583 1634 4653 γάρ
1669 4582 1814 4635 ἐστιν
1852 4581 1912 4645 ἐξ

334 4674 498 4727 αὑτοῦ
532 4674 620 4726 ἀεὶ
682 4672 775 4725 τοῦ
807 4673 1129 4743 γεννήτορος
1156 4688 1168 4701 '
1211 4670 1292 4723 διὸ
1318 4671 1381 4723 τὸ
1427 4669 1672 4740 γέννημα
1705 4671 1769 4722 ὲκ
1814 4669 1910 4722 τοῦ

335 4764 485 4827 baro;
531 4765 665 4826 ἐστὶ,
695 4764 788 4818 καὶ
835 4763 897 4816 τὸ
925 4762 984 4827 ἐξ
1012 4763 1176 4815 αὐτοῦ
1223 4760 1438 4829 ἐξελθὸν
1476 4761 1628 4829 ἅγιον
1664 4758 1908 4830 Πνεῦμα,

335 4855 502 4927 οὔσης
536 4855 637 4925 τῆς
686 4846 914 4924 Τριάδος
942 4855 997 4906 ὲν
1032 4855 1130 4924 μιᾷ
1164 4852 1377 4922 ὲνότητι
1418 4852 1658 4922 άκτίστῳ
1679 4868 1692 4881 ·
1725 4850 1834 4904 τῶν
1854 4850 1911 4904 δὲ

336 4948 554 5000 πάντων
572 4945 630 5011 ἐξ
649 4946 817 5014 αὐτῆς
837 4945 934 5013 τῆς
956 4943 1183 5016 Τριάδος
1207 4942 1265 5008 ἑξ
1292 4944 1392 4996 οὐκ
1418 4942 1585 4996 ὅντων
1617 4941 1908 5011 κεκτισμέ-

333 5058 457 5092 νων.
481 5038 645 5090 Ὅθεν
680 5039 712 5108 ἠ
764 5037 863 5107 μία
910 5035 1078 5107 Τριὰς
1112 5029 1191 5098 είς
1228 5036 1344 5087 ἐστι
1390 5033 1541 5097 Θεὸς,
1575 5033 1785 5104 Πατὴρ,
1812 5033 1909 5085 καὶ

332 5130 481 5192 reg,
516 5131 608 5182 καὶ
637 5130 789 5198 ἅγιον
820 5127 1063 5198 Πνεῦμα,
1091 5129 1193 5180 οὐκ
1214 5127 1495 5197 ἀλλότριον
1537 5125 1596 5178 τὸ
1623 5126 1823 5196 ἑαυτῆς
1851 5128 1908 5179 ὲν

334 5218 501 5286 ἑαυτῇ
535 5219 867 5289 κεκτημένη,
890 5218 1159 5281 άκτιστος,
1188 5217 1500 5286 άγέννητος,
1533 5216 1899 5290 ἀδημιούργη-

329 5325 421 5370 τος
440 5325 453 5337 ο
479 5308 647 5375 Τριὰς
671 5309 795 5362 οὕτε
844 5310 1205 5379 πεποιημένη,
1243 5309 1380 5361 ἀλλὰ
1418 5309 1668 5373 ποιοῦσα,
1697 5311 1759 5362 οὐ
1790 5311 1901 5362 κτί-

332 5416 536 5469 σματος
556 5398 725 5469 ὄνομα
756 5398 947 5468 ἔχουσα
992 5403 1048 5453 ὲν
1076 5404 1268 5471 ἑαυτῇ,
1328 5402 1463 5455 ἀλλὰ
1502 5402 1778 5468 κτίζουσα,
1810 5401 1905 5473 μία

330 5486 483 5553 οὖσα,
511 5489 605 5541 καὶ
634 5489 694 5540 οὐ
721 5488 930 5543 πολλαί.
965 5490 1044 5543 Τά
1078 5492 1135 5544 δὲ
1175 5493 1352 5545 πάντα
1416 5491 1473 5558 ἐξ
1528 5493 1696 5563 αὐτῆς
1734 5493 1904 5547 πολλὰ

332 5584 432 5651 μὲν
472 5581 621 5647 ὄντα,
646 5580 761 5634 ἀλλ’
788 5583 849 5634 οὐ
899 5584 996 5635 σὺν
1028 5582 1165 5653 αὐτῇ
1222 5582 1618 5655 ἀριθμούμενα.
1655 5585 1744 5637 Διὸ
1777 5583 1898 5638 οὔτε

414 5753 639 5819 'Mattb.
666 5766 745 5819 ιι,
772 5751 860 5807 27.
938 5757 956 5786 ²
986 5753 1141 5811 Joan.
1172 5769 1281 5823 xu,
1326 5755 1411 5809 15.

2012 4595 2273 4651 tanquam
2304 4582 2537 4635 alienum
2574 4580 2626 4632 in
2655 4579 2833 4647 seipsa
2867 4574 3128 4637 continet,
3155 4573 3251 4627 sed
3271 4586 3581 4641 congruen-

2016 4684 2096 4729 ter
2122 4673 2281 4729 Pater
2328 4672 2524 4727 Filium
2556 4685 2666 4725 non
2695 4669 2919 4728 creavit,
2954 4667 3048 4723 sed
3068 4664 3274 4737 genuit.
3310 4663 3408 4717 llic
3433 4663 3581 4716 enim

2013 4766 2081 4818 ab
2131 4764 2250 4834 ipso
2296 4777 2511 4833 semper
2542 4761 2783 4832 genitore
2831 4757 3109 4829 procedit:
3142 4755 3286 4812 unde
3315 4752 3481 4807 Filius
3513 4752 3583 4805 ab

2014 4856 2309 4909 exsislcnte
2345 4862 2500 4907 ortus
2523 4859 2640 4907 est:
2677 4861 2736 4905 ut
2762 4859 2815 4905 et
2842 4849 3078 4920 Spiritus
3109 4854 3363 4912 sanctus,
3394 4844 3485 4913 qui
3515 4843 3585 4897 ab

2004 4947 2130 5014 ipso
2160 4945 2447 5015 processit,
2480 4959 2602 4998 cum
2627 4945 2678 4996 in
2713 4958 2817 4995 una
2845 4951 2900 4995 et
2934 4943 3173 4994 increata
3209 4935 3587 5006 singularitate

2010 5036 2252 5090 Trinitas
2282 5037 2396 5105 ipsa
2426 5035 2724 5099 consistat;
2760 5043 2956 5087 caetera
2996 5045 3125 5084 vero
3171 5028 3351 5082 omnia
3392 5025 3461 5078 ab
3490 5037 3584 5077 ea-

2010 5130 2131 5183 dem
2166 5129 2254 5182 illa
2288 5127 2555 5182 Trinitate
2585 5143 2615 5181 e
2656 5126 2827 5179 nihilo
2865 5130 3147 5195 procreata
3194 5121 3321 5173 sint.
3361 5117 3437 5171 Ex
3475 5130 3585 5185 quo

2013 5222 2088 5277 fit.
2122 5228 2179 5274 ut
2209 5220 2502 5290 singularis
2528 5220 2617 5273 illa
2646 5218 2889 5273 Trinitas
2923 5231 3064 5270 unus
3095 5215 3165 5268 sit
3196 5210 3360 5273 Deus,
3403 5209 3579 5273 Pater,

2011 5322 2063 5366 ct
2089 5310 2277 5377 Filius,
2306 5321 2361 5367 et
2409 5311 2644 5390 Spiritu;
2679 5320 2940 5364 sanctus:
2975 5320 3095 5376 qua:
3128 5318 3234 5356 non
3278 5301 3426 5354 velut
3454 5298 3585 5352 alie-

2012 5419 2141 5457 num
2169 5404 2313 5473 quod
2340 5419 2498 5459 suum
2530 5411 2614 5460 est
2643 5404 2697 5455 in
2725 5402 3013 5469 semetipsa
3041 5397 3271 5459 obtinet,
3317 5393 3580 5451 increata,

2011 5495 2293 5565 ingenita,
2346 5511 2454 5549 non
2504 5495 2798 5550 fabricata:
2851 5490 3110 5550 Trinitas,
3164 5488 3427 5556 inquam,
3472 5496 3583 5536 non

2008 5586 2148 5643 facta
2175 5627 2189 5653 ,
2224 5587 2320 5644 sed
2354 5586 2563 5643 faciens
2592 5627 2607 5653 ,
2663 5599 2769 5641 non
2808 5590 3070 5640 creaturae
3118 5593 3318 5635 nomen
3361 5576 3417 5633 in
3466 5589 3587 5632 sese
