3994 6224
423 326 530 380 025

1797 328 1856 385 S.
1891 327 2234 384 ΕΡΙΡΙΙΛΝΙΙ

3574 316 3674 371 624

395 439 818 510 complectens,
857 439 949 494 sed
991 454 1327 510 procreans;
1377 454 1518 506 una,
1564 456 1672 495 non
1716 442 1921 511 plures.
1953 444 1988 495 Α

2101 439 2553 511 ἀποκεκλήρωται
2598 438 2762 508 ἑτέρᾳ.
2803 435 2962 505 φύσει
3003 433 3310 503 κοινότητος
3347 429 3450 502 τῆς
3491 429 3680 491 οὐσίας

421 546 530 603 qua
561 531 800 602 profecta
831 539 961 586 sunt
989 534 1170 586 omnia
1200 572 1215 596 ,
1255 547 1376 603 qua:
1403 540 1455 587 et
1490 533 1808 604 multiplicia
1841 543 1991 599 sunt,

421 640 598 695 neque
643 638 768 678 cum
797 639 861 678 ea
895 633 1272 679 numerantur.
1311 623 1492 691 Quare
1541 641 1718 694 neque
1745 640 1993 679 commu-

420 734 541 774 nem
573 717 860 788 quamdam
903 725 1152 770 naturam
1181 731 1304 771 cum
1347 718 1757 788 incomparabili
1807 733 1995 774 essen-

323 823 330 835 '
418 808 490 861 tia
523 807 847 878 participare
875 805 1164 871 dicuntur;
1191 821 1368 876 neque
1391 815 1570 861 creata
1598 806 1862 876 quaepiam
1898 821 1994 860 na-

415 908 536 953 tura
561 897 615 952 in
642 896 825 951 divina
851 895 940 950 illa
963 896 1459 966 comprehenditur.
1481 894 1587 950 Sed
1614 896 1727 950 haec
1747 896 1990 950 omnium

413 991 598 1060 opifex
652 999 776 1054 est,
819 1004 941 1060 quae
974 1003 1098 1044 cum
1145 989 1558 1060 incomparabili
1623 1002 1686 1043 ac
1731 987 1994 1058 singulari

413 1082 595 1138 Patris
623 1122 637 1147 ,
673 1081 798 1137 Filii
855 1081 1205 1153 Spiritusque
1235 1083 1407 1138 sancti
1438 1090 1632 1135 natura
1663 1080 1717 1134 in
1749 1080 1993 1150 ejusdem

415 1174 736 1230 substantiae
763 1176 1200 1229 communionem
1244 1173 1430 1228 venire
1461 1180 1757 1242 nequeunt.
1794 1169 1992 1237 Quem-

2098 533 2198 602 τῆς
2243 529 2597 600 ἁσυγκρίτου.
2633 529 2731 581 Διὰ
2777 525 2936 580 τοῦτο
2976 525 3085 596 γὰρ
3123 524 3183 577 οὐ
3212 523 3404 593 κτιστή
3424 536 3510 584 τις
3545 515 3681 574 οὖσα

2099 623 2157 674 ἐν
2185 625 2252 692 τῇ
2290 621 2386 674 τοῦ
2418 619 2552 673 Θεοῦ
2584 619 2739 688 οὐσίᾳ.
2767 617 2928 687 φύσις
2947 659 2961 682 ,
2995 615 3131 669 ἀλλά
3173 611 3543 685 δημιουργικὴ
3571 610 3682 662 τῶν

2101 712 2316 765 πάντων
2372 710 2481 764 τῶν
2529 710 2589 763 οὐ
2629 709 2941 780 δυναμένων
2969 711 3035 778 τῇ
3078 706 3397 776 ἀσυγκρίτῳ
3430 706 3529 757 καὶ
3585 704 3685 772 μιᾷ

2099 801 2255 872 οὐσίᾳ
2274 801 2506 872 Πατρὸς,
2525 803 2620 854 καὶ
2647 800 2798 865 Υἱοῦ,
2830 800 2925 853 καὶ
2961 798 3117 867 ἁγίου
3148 795 3464 867 Πνεὺματος
3489 796 3686 863 ὁμοθυ-

2101 897 2308 968 σιότητι
2327 896 2748 967 ὲπικοινωνῆσαι
2767 912 2780 924 ·
2814 895 2890 958 ὼς
2917 895 3094 964 σαφής
3123 894 3241 947 ἐστι
3263 890 3341 961 τῷ
3359 890 3457 961 τὴν
3479 887 3687 956 γνῶσιν

2098 991 2194 1060 τῆς
2245 989 2504 1060 ἀληθείας
2567 989 2814 1061 εἰληφότι
2874 986 3356 1047 ἀποκαλύπτουσα,
3421 983 3505 1036 ὅτι
3543 979 3686 1050 αὐτὴ

2103 1084 2236 1154 μόνη
2274 1086 2678 1155 προσκυνεῖται,
2719 1083 2808 1136 καὶ
2848 1083 2908 1136 οὑ
2943 1082 3010 1135 τά
3039 1080 3217 1135 πάντα
3239 1095 3254 1112 ·
3289 1079 3365 1142 ὡς
3407 1077 3505 1130 καὶ
3546 1073 3686 1143 αὐτὴ

2101 1175 2238 1246 μόνη
2277 1177 2356 1240 είς
2379 1177 2550 1247 ὄνομα
2581 1177 2776 1248 ἑαυτῆς
2803 1174 3076 1246 βαπτίζει,
3105 1175 3202 1227 καὶ
3220 1173 3280 1225 οὐ
3311 1171 3380 1225 τὰ
3407 1170 3527 1223 ὅλα.

415 1267 706 1323 admodum
732 1268 781 1323 ci
819 1267 1061 1338 quidem,
1093 1269 1181 1322 cui
1212 1266 1284 1322 sit
1313 1266 1559 1322 veritatis
1619 1267 1801 1322 oblata
1836 1268 2096 1339 cognitio,
2153 1274 2434 1342 perspicue
2489 1273 2608 1344 ipsa
2645 1272 2920 1327 declarat:
2963 1270 3223 1325 nimirum
3261 1267 3434 1323 solam
3504 1263 3684 1334 ipsam

414 1359 747 1416 adorandam
775 1374 927 1426 esse,
984 1375 1092 1415 non
1118 1369 1438 1416 caelerarum
1467 1375 1650 1416 rerum
1688 1359 1989 1432 quidpiam,
2023 1379 2146 1418 cum
2172 1373 2227 1420 et
2249 1367 2366 1438 ipsa
2391 1367 2507 1423 sola
2539 1381 2642 1423 suo
2664 1367 2720 1420 in
2780 1380 3002 1420 nomine
3039 1363 3300 1434 baptizet,
3353 1366 3684 1414 οεὲιεδΐοΐυω

415 1463 596 1510 autem
626 1455 678 1510 id
711 1454 922 1510 nullum
945 1452 1130 1508 faciat.

835 1587 1017 1644 AETll
1057 1587 1288 1646 CAPUT
1317 1588 1560 1645 XXXIV.

485 1702 540 1756 Si
582 1702 884 1758 substantia
906 1703 1085 1760 omnis
1114 1704 1352 1776 ingenita
1375 1714 1492 1770 est,
1535 1705 1670 1760 nihil
1697 1720 1728 1759 a
1758 1720 1817 1762 se
1853 1705 1992 1760 invi-

2464 1580 2862 1638 ΚΕΦᾹΛΑΙΟΝ
2900 1578 3158 1633 ΑΕΤΙΟΥ
3176 1579 3296 1632 ΔΔ’.

2171 1696 2234 1750 Ei
2257 1697 2406 1750 πᾶσα
2442 1693 2597 1748 οὐσία
2623 1694 2771 1747 ἐστὶν
2793 1691 3108 1762 ἀγέννητος,
3137 1685 3468 1759 οὐδοποτέρα
3493 1685 3683 1739 διοίσει

412 1807 530 1852 cem
571 1792 674 1849 hac
699 1809 764 1848 ex
814 1804 966 1864 parte
996 1775 1249 1850 different
1272 1835 1286 1858 ,
1323 1795 1467 1867 quod
1522 1805 1711 1852 neutra
1750 1796 1988 1852 domina-

2097 1789 2196 1859 τῆς
2246 1788 2410 1860 ἄλλης
2439 1787 2581 1840 κατὰ
2622 1787 2684 1840 τὸ
2708 1784 3024 1839 ἀδέσποτον.
3053 1781 3179 1845 Πῶς
3206 1775 3300 1834 οῦν
3331 1779 3397 1832 ἄν
3431 1796 3519 1846 τις
3545 1777 3683 1846 φαίη

411 1887 548 1940 tioni
589 1886 832 1955 subjecta
863 1887 934 1942 sit
978 1886 1227 1942 alterius.
1265 1886 1446 1953 Quare
1470 1889 1692 1959 quinam
1742 1887 1998 1942 aﬂirmari

413 1983 623 2047 potest,
679 1979 878 2033 mutari
929 1994 1096 2034 unam
1121 2020 1136 2044 ,
1169 1979 1393 2034 alteram
1447 1987 1688 2047 mutare,
1728 1995 1853 2034 cum
1886 1978 1999 2035 Deo

413 2069 656 2122 tninime-
685 2069 1024 2140 permittant,
1063 2077 1121 2124 ut
1155 2084 1222 2124 ex
1261 2069 1410 2124 nulla
1445 2068 1693 2140 subjecta
1742 2069 1998 2125 substan-

411 2159 488 2213 tia
512 2160 888 2230 producatur?
1926 2146 1960 2165 Α

897 2271 1208 2341 ϐοηῙιιιαεὶο
1241 2271 1291 2326 Χ
1295 2271 1401 2326 XX
1405 2272 1433 2326 1
1450 2272 1511 2328 γ.

485 2382 749 2453 Quisquis
777 2385 1060 2441 veritatem
1101 2387 1434 2458 oppugnavit
1465 2385 1758 2457 aliquando
1779 2426 1796 2452 ,
1829 2399 1998 2442 vocu-

410 2474 478 2529 lis
505 2475 833 2544 quibusdam
872 2477 940 2532 ad
997 2477 1346 2548 injiciendam
1408 2477 1822 2532 admirationem
1883 2479 1998 2532 col-

409 2564 596 2629 lectis,
624 2567 695 2621 ad
745 2567 1038 2623 evertenda
1091 2581 1248 2624 sacra
1276 2567 1526 2639 dogmata
1576 2567 1995 2638 impressionem

410 2655 593 2712 facere
630 2658 783 2714 visus
822 2666 941 2722 est,
967 2658 1138 2730 983
1169 2667 1333 2729 atque
1361 2674 1391 2713 a
1421 2661 1548 2715 vitae
1578 2659 1796 2714 tramite
1824 2658 1997 2714 dedu-

407 2763 552 2813 cere,
590 2763 654 2803 ac
682 2750 977 2820 perniciem
1007 2749 1220 2806 afferre.
1245 2749 1401 2817 Quod
1436 2751 1622 2806 Aetius
1651 2750 1814 2805 modo
1843 2749 1992 2815 facit,

408 2838 500 2908 qui
530 2854 655 2893 cum
687 2839 789 2894 hoc
820 2840 875 2894 in
900 2841 1081 2910 capite
1109 2839 1245 2895 nihil
1279 2841 1506 2894 omnino
1534 2840 1683 2894 dicat
1710 2880 1726 2906 ,
1755 2838 1995 2894 rudiori-

407 2930 509 2986 bus
532 2939 712 2984 tamen
757 2929 941 2984 fucum
971 2930 1151 2986 facere
1203 2945 1268 2986 ac
1298 2939 1505 2987 terrere
1531 2931 1766 2996 videtur,
1802 2929 1992 2986 eadem

407 3019 778 3077 adfastidium
813 3035 986 3091 usque
1025 3029 1310 3093 repetens,
1351 3037 1416 3076 ac
1464 3022 1790 3077 vocabulum
1832 3021 1988 3085 illud,

2097 1881 2196 1953 τὴν
2231 1882 2330 1952 μὲν
2375 1879 2825 1952 μεταϐάλλεσθαι,
2885 1875 2985 1947 τὴν
3037 1875 3095 1929 δὲ
3155 1872 3534 1946 μεταϐάλλειν,
3582 1871 3683 1923 οὐκ

2097 1973 2499 2043 ἐπιτρεπόντων
2526 1971 2602 2043 τῷ
2629 1969 2749 2041 Θεῷ
2781 1967 3070 2038 ὑφιστάναι
3103 1967 3168 2020 ὲκ
3202 1966 3275 2022 ιιὴ
3309 1962 3683 2035 ὑποκειμένης

2095 2064 2282 2130 οὐσίας
2302 2084 2318 2132 ;

2632 2273 2966 2344 Ἀνατροπὴ
3014 2277 3139 2329 AA'.

2162 2391 2278 2454 Πᾶς
2313 2407 2396 2453 τις
2418 2389 2528 2443 τῶν
2567 2388 3076 2442 ἀντικαταστάντων
3113 2389 3179 2459 τῇ
3210 2385 3460 2457 ἀληθείᾳ,
3502 2401 3674 2438 κατα-

2089 2483 2408 2554 πληκτικῶς
2455 2482 2784 2547 ὲπισυνάξας
2842 2479 3022 2550 ἑαυτῷ
3063 2479 3294 2548 λογίδια,
3346 2476 3492 2543 ἔδοξέ
3528 2493 3675 2529 τισιν

2087 2575 2499 2648 ἀνατρεπτικῶς
2547 2575 2927 2646 ἐπισκήπτειν,
2985 2573 3081 2627 καὶ
3135 2571 3244 2626 ἀπὸ
3293 2573 3396 2640 τῆς
3433 2568 3675 2637 ζωτικῆς

2087 2667 2208 2722 ὁδοῦ
2241 2666 2572 2738 μεταφέρειν
2615 2665 2711 2719 καὶ
2735 2664 3122 2736 λυμαίνεσθαι·
3147 2663 3223 2725 ὡς
3237 2653 3392 2723 οὗτος
3410 2662 3439 2713 ὁ
3469 2658 3674 2719 ’Δέτιος

2087 2759 2184 2813 νῦν
2210 2759 2307 2830 μὲν
2330 2759 2487 2828 φύσει
2527 2759 2584 2810 ὲν
2612 2757 2688 2829 τῷ
2726 2757 2876 2830 ρητῷ
2913 2756 3088 2826 τούτῳ
3113 2754 3277 2826 μηδὲν
3301 2752 3476 2820 λέγων
3501 2767 3675 2803 καταο

2088 2851 2345 2921 πλήττειν
2389 2850 2538 2904 δοκεῖ
2570 2851 2696 2913 τοὺς
2727 2847 3042 2920 ἀκεραίους,
3086 2848 3150 2899 ὲκ
3181 2842 3436 2915 περιττοῦ
3476 2840 3547 2895 τὰ
3578 2840 3674 2892 ὑπ’

2087 2940 2251 2996 αὐτοῦ
2271 2941 2538 3012 λεγόμενα
2569 2941 2764 3009 λέγων,
2793 2939 3037 3010 ὀνόματι,
3069 2939 3143 3002 ὡς
3170 2935 3359 2989 εἴωθεν
3391 2935 3455 2987 ἐκ
3485 2948 3672 3003 περιτ-

2085 3039 2181 3094 τοῦ
2224 3037 2541 3110 προφέρειν,
2583 3037 2678 3090 καὶ
2710 3036 2768 3088 ὲν
2814 3034 2892 3106 τῷ
2924 3033 3154 3104 παρόντι
3181 3029 3358 3100 καιρῷ
3396 3025 3673 3100 κεχρημέ-

406 3111 552 3183 quod
583 3111 877 3168 identidem
910 3127 1343 3169 commemorare
1378 3115 1553 3178 solet,
1583 3115 1686 3170 hoc
1708 3115 1829 3169 loco
1863 3129 1988 3185 per.

2095 3148 2195 3194 νος.
2226 3130 2300 3183 υύ
2335 3128 2445 3200 γὰρ
2480 3129 2630 3181 πᾶσα
2669 3126 2827 3179 οὐσία
2859 3124 3156 3194 ἀγέννητος
3184 3122 3314 3191 παρ’
3345 3119 3530 3181 αὐτοῖς
3557 3120 3672 3180 τοῖς

406 3216 592 3274 peram
623 3219 919 3274 usurpans.
971 3203 1139 3275 Igitur
1175 3219 1284 3260 non
1330 3205 1636 3261 substantia
1669 3205 1848 3260 omnis
1900 3217 1986 3260 sa-

407 3293 656 3364 pientum
710 3294 920 3364 judicio
955 3303 1214 3351 censetur
1269 3297 1506 3366 ingenita
1532 3336 1548 3360 ,
1603 3295 1805 3365 alloqui
1840 3295 1990 3350 nulla

404 3400 515 3440 non
539 3385 723 3440 divina
757 3393 1108 3442 statueretur.
1137 3387 1274 3443 Cum
1315 3403 1444 3458 ergo
1476 3405 1582 3443 non
1614 3388 1869 3442 omnibus
1901 3387 1987 3441 di-

405 3477 607 3530 vinitas
641 3476 936 3540 tribuatur,
973 3478 1066 3532 sed
1098 3478 1190 3532 uni
1221 3493 1329 3546 prae
1357 3479 1590 3542 exteris,
1615 3492 1735 3547 quae
1765 3487 1849 3532 est
1880 3491 1987 3532 una

406 3566 462 3621 in
498 3565 767 3622 Trinitate
803 3566 1242 3638 divinitas:quid
1276 3569 1494 3624 tandem
1524 3569 1742 3641 egregio
1785 3567 1860 3622 illi
1897 3583 1987 3624 rev

404 3658 684 3728 linquetur
706 3699 720 3723 ,
777 3674 885 3728 quo
917 3659 1159 3714 veritatis
1216 3659 1342 3716 filiis
1377 3667 1638 3716 terrorem
1669 3660 1988 3714 admiratio-

404 3763 636 3818 nemque
687 3750 859 3820 possit
907 3751 1195 3806 incutere?
1245 3750 1347 3806 Sed
1391 3760 1444 3806 et
1478 3753 1647 3807 altera
1695 3753 1763 3807 ab
1818 3753 1987 3807 altera

403 3837 775 3908 discrepabit,
833 3855 900 3894 eo
943 3841 1086 3910 quod
1131 3839 1374 3896 Trinitas
1405 3849 1588 3907 creat,
1629 3849 1824 3896 caetera
1861 3857 1989 3896 vero

402 3926 474 3982 ab
529 3928 644 3996 ipsa
705 3937 966 3984 creantur
1009 3931 1212 3984 omnia.
1275 3931 1367 3984 llla
1425 3931 1628 3986 nullius
1683 3931 1986 3986 dominatui

403 4020 650 4090 subjecta
683 4028 788 4088 est;
832 4022 947 4077 haec
976 4022 1122 4077 illius
1152 4023 1407 4092 potestati
1447 4029 1577 4078 sunt
1627 4022 1870 4078 subdita.
1905 4022 1988 4077 Ad

401 4113 518 4168 lucc
569 4113 674 4169 ista
719 4113 1116 4170 mutationibus
1149 4114 1386 4169 obnoxia
1437 4123 1604 4179 sunt,
1663 4115 1752 4169 illa
1795 4125 1988 4186 suapte

400 4216 598 4261 natura
658 4204 1011 4262 immutabilis
1044 4213 1163 4272 est,
1213 4212 1269 4260 et
1315 4205 1574 4261 inferiora
1611 4208 1795 4261 omnia
1837 4223 1987 4261 com-

401 4303 600 4358 mutat,
632 4310 863 4365 quorum
890 4302 1118 4351 naturas
1142 4307 1196 4351 et
1227 4297 1566 4352 substantias
1595 4313 1626 4352 e
1657 4297 1830 4351 nihilo
1860 4312 1987 4367 pro-

402 4391 602 4440 ducere
631 4393 828 4455 potest.
860 4384 975 4440 Hoc
1000 4386 1147 4441 enim
1183 4386 1296 4444 Deo
1329 4388 1604 4458 congruit,
1653 4395 1714 4441 ut
1743 4403 1807 4442 ex
1837 4387 1983 4441 nulla

402 4473 679 4528 substrata
706 4475 928 4529 materia
954 4516 970 4540 ,
1021 4483 1074 4530 et
1108 4491 1172 4531 ex
1210 4478 1379 4531 nihilo
1423 4478 1813 4546 productarum
1866 4493 1897 4532 a
1929 4493 1988 4533 se
2019 4481 2066 4541 Ι)

403 4580 588 4618 rerum
623 4580 687 4619 ac
735 4565 1150 4622 subsistentium
1177 4568 1426 4623 ordinem
1457 4566 1981 4639 dispositionemque

403 4672 502 4726 pro
537 4671 636 4711 sua
673 4657 949 4714 voluntate
974 4668 1171 4714 mutet.

824 4794 1009 4848 AETII
1059 4793 1290 4850 CAPUT
1329 4793 1554 4852 XXXV.

480 4902 537 4958 Si
557 4905 866 4961 substantia
898 4907 1077 4963 omnis
1097 4907 1338 4979 ingenita
1365 4917 1451 4964 est
1474 4948 1489 4973 ,
1517 4905 1740 4978 perinde
1761 4914 1816 4963 et
1839 4907 1987 4962 nulla

401 4995 682 5053 variabilis
729 5005 832 5054 est.
880 4997 1036 5064 Quod
1070 4999 1115 5054 si
1166 4999 1366 5054 variari
1406 4999 1710 5055 substantia
1745 5014 1854 5054 non
1883 5014 1983 5070 po-

400 5092 526 5152 test,
562 5101 724 5158 agere
762 5097 816 5141 et
866 5088 976 5158 pati
1028 5088 1094 5144 ad
1123 5087 1406 5144 fortuitum
1438 5088 1727 5160 quemdam
1785 5103 1976 5144 casum

400 5178 687 5235 referenda
734 5190 879 5235 sunt.
939 5179 1094 5247 Quod
1141 5183 1186 5237 si
1242 5183 1412 5238 multa
1458 5189 1588 5238 sunt
1641 5179 1880 5251 ingenita
1929 5187 1985 5235 et

399 5273 742 5329 invariabilia
769 5315 784 5340 ,
821 5275 970 5330 nullo
1003 5285 1153 5330 certo
1183 5289 1210 5327 a
1245 5290 1304 5330 se
1339 5275 1568 5357 invicem
1592 5288 1825 5328 numero
1854 5271 1984 5326 dis-

399 5363 720 5431 crepabunt.
761 5360 948 5432 Neque
979 5363 1123 5417 enim
1181 5361 1570 5431 comprehendi
1602 5372 1833 5414 numero
1887 5369 1984 5424 po-

401 5461 605 5516 terunt,
635 5469 756 5524 quae
786 5456 869 5509 vel
915 5455 1199 5519 absolute,
1241 5452 1323 5508 vel
1358 5453 1541 5522 aliqua
1578 5466 1646 5506 ex
1687 5446 1983 5522 partc,dif-

406 5547 619 5609 lerunt,
665 5561 790 5601 cum
840 5546 1148 5602 differentia
1175 5545 1355 5601 omnis
1392 5543 1770 5600 determinatte
1801 5552 1985 5594 causae

401 5638 458 5691 in
511 5638 747 5708 ingenita
807 5648 999 5694 natura
1057 5638 1204 5695 velut
1257 5638 1576 5692 attributam
1634 5640 1837 5692 sortem
1904 5631 1982 5689 si-

403 5727 642 5797 gntticet.

2086 3221 2328 3283 συνετοῖς
2374 3219 2715 3290 ὁμολογεῖται
2741 3233 2755 3249 ’
2804 3217 2929 3270 ἐπεὶ
2979 3217 3128 3268 πᾶσα
3192 3213 3259 3267 ἂν
3312 3209 3668 3278 ὲθεολογεῖτο.

2085 3312 2159 3366 Οὐ
2181 3309 2371 3364 πασῶν
2401 3311 2458 3364 δὲ
2493 3307 2924 3379 θεολογουμένων
2976 3305 3084 3359 τῶν
3112 3303 3330 3371 οὐσιῶν,
3357 3299 3494 3354 ἀλλὰ
3540 3299 3672 3370 μιᾶς

2084 3402 2237 3475 παρὰ
2284 3402 2484 3466 πάσας,
2547 3402 2668 3471 ἥτις
2697 3400 2815 3452 ἐστὶ
2843 3399 3032 3468 θεότης
3081 3396 3180 3467 μία
3216 3397 3274 3449 ὲν
3302 3391 3516 3464 Τριάδι,
3550 3389 3672 3452 πῶς

2084 3500 2165 3553 ἔτι
2220 3495 2678 3566 ὑπολειφθήσεταί,
2721 3493 2799 3563 τῷ
2837 3491 3066 3562 γεννάδα
3094 3489 3266 3558 τούτῳ
3291 3487 3352 3540 τὸ
3386 3485 3672 3554 καταπλη-

2085 3591 2270 3645 κτικὸν
2323 3587 2486 3644 αὑτοῦ
2519 3588 2717 3657 χωρεῖν
2755 3585 2846 3637 ἐπὶ
2875 3585 3000 3646 τοὺς
3051 3582 3197 3644 υἱοὺς
3239 3579 3339 3648 τῆς
3377 3576 3668 3648 ἀληθείας;

2085 3683 2282 3736 Διοίσει
2311 3682 2366 3735 δὲ
2397 3680 2492 3734 καὶ
2519 3677 2867 3749 όποτέρατῆς
2882 3674 3146 3745 ὁποτέρας
3166 3689 3178 3702 ·
3210 3673 3292 3726 ὅτι
3324 3673 3356 3741 ή
3386 3671 3485 3740 μὲν
3499 3666 3670 3738 Τριάς

2084 3775 2279 3837 κτίζει,
2319 3773 2386 3826 τὰ
2416 3772 2474 3824 δὲ
2505 3770 2682 3824 πάντα
2710 3769 2804 3823 ἀπ’
2841 3767 3011 3836 αὐτῆς
3041 3765 3348 3818 κέκτισται.
3369 3761 3478 3815 Καὶ
3502 3763 3534 3828 ὴ
3570 3759 3672 3828 μὲν

2087 3865 2237 3919 ἐστιν
2284 3862 2592 3926 ἀδέσποτος,
2635 3860 2701 3915 τὰ
2747 3859 2805 3914 δὲ
2839 3858 2930 3912 ὑπ’
2966 3856 3138 3927 αὐτῆς
3177 3853 3444 3924 γενόμενα
3478 3850 3673 3904 δεσπό-

2085 3962 2254 4023 ζεται.
2293 3958 2401 4011 Καὶ
2444 3959 2477 4028 ή
2540 3955 2640 4026 μὲν
2689 3949 3104 4023 μεταϐάλλεται,
3145 3949 3178 4018 ή
3214 3946 3272 3998 δὲ
3318 3942 3674 4014 ἀπαράϐατον

2082 4049 2196 4120 ἔχει
2223 4047 2321 4120 τὴν
2339 4047 2520 4116 φύσιν,
2553 4042 2964 4115 μεταϐάλλουσα
2983 4039 3070 4094 ἀεὶ
3096 4038 3163 4092 τά
3195 4038 3286 4090 ὑπ’
3314 4035 3482 4105 αὐτῆς
3506 4050 3668 4104 μετα-

2084 4139 2404 4209 ϐαλλόμενα,
2428 4137 2520 4190 καὶ
2548 4135 2719 4200 ὲξοὺκ
2745 4133 2913 4186 ὄντων
2939 4131 3038 4194 τὰς
3068 4129 3254 4192 οὐσίας
3280 4127 3375 4181 καὶ
3401 4126 3502 4190 τὰς
3533 4126 3670 4178 ὑποο

2085 4234 2303 4296 στάσεις
2340 4230 2570 4300 ὑφιστᾷν
2602 4227 2898 4297 δυναμένη.
2938 4223 3110 4276 Τοῦτο
3144 4221 3252 4292 γάρ
3280 4223 3395 4274 ἐστι
3423 4218 3672 4290 συμπρέο

2085 4343 2185 4378 πον
2229 4323 2368 4394 Θεῷ,
2412 4325 2476 4376 ὲκ
2513 4322 2589 4393 μὴ
2633 4319 3010 4389 ὑποκειμένων
3037 4316 3131 4369 καὶ
3160 4315 3219 4382 ἐξ
3249 4315 3348 4367 οὐκ
3378 4313 3547 4366 ὄντων
3576 4311 3670 4365 ὑπ’

2089 4418 2254 4474 αὐτοῦ
2283 4415 2694 4487 γεγεννημένων
2740 4415 2833 4468 καὶ
2872 4412 3222 4468 ὑποστάντων
3255 4407 3398 4464 κατά
3421 4407 3520 4478 τὴν
3551 4407 3670 4461 δια-

2089 4509 2356 4580 κόσμησιν
2389 4503 2814 4578 μετασκευάζειν
2852 4505 2928 4567 ὠς
2972 4502 3242 4574 βούλεται.

2457 4774 2855 4830 ΚΕΦΑΛΑΙΟΝ
2882 4770 3137 4826 ΔΕΤῙΟΥ
3169 4773 3295 4828 ΛΕ⁹.

2163 4891 2226 4943 Εἰ
2254 4890 2400 4943 πᾶσα
2421 4889 2577 4944 οὐσία
2621 4888 2770 4942 ἐστὶν
2803 4885 3116 4955 ἀγέννητος.
3165 4881 3318 4942 πᾶσά
3333 4886 3671 4956 ὲστινάπαρ-

2099 4985 2382 5048 ἀλλακτος.
2449 4981 2561 5051 Τῆς
2595 4979 2784 5042 οὐσίας
2830 4977 2893 5031 τὸ
2943 4975 3361 5048 ἀπαράλλακτον
3414 4972 3671 5044 ἐχούσης,

2085 5072 2146 5127 τὸ
2168 5074 2340 5126 ποιεῖν
2364 5090 2424 5126 τε
2455 5073 2548 5126 καὶ
2574 5072 2635 5127 τὸ
2660 5071 2892 5142 πάσχειν
2925 5066 3320 5140 αὐτοματισμῷ
3359 5065 3670 5119 ἀναθετέον.

2088 5163 2304 5218 Πολλῶν
2356 5163 2412 5217 δὲ
2453 5163 2622 5217 όντων
2685 5162 2999 5233 ἀγεννήτων
3052 5159 3148 5214 καὶ
3190 5156 3634 5228 ἀπαραλλάκτων
3654 5191 3669 5215 ,

2086 5255 2471 5327 ἀναριθμήτως
2523 5253 2810 5306 διοίσουσιν
2856 5251 3122 5322 ἀλλήλων.
3170 5251 3244 5303 Οὐ
3309 5248 3416 5317 γὰρ
3476 5242 3544 5297 ἂν
3584 5243 3670 5312 εἴη

2087 5347 2366 5419 ἀριθμητά
2405 5346 2473 5402 τὰ
2523 5344 2808 5408 διεστῶτα,
2857 5343 2891 5414 ἢ
2920 5341 3170 5404 καθόλου,
3203 5341 3235 5408 ἢ
3267 5335 3409 5389 κατά
3439 5352 3490 5388 τι
3511 5353 3524 5364 ·
3570 5333 3674 5388 πά-

2090 5458 2189 5512 σης
2213 5439 2543 5504 διαστάσεως
2561 5434 2943 5508 ἀποκλήρωσίν
2962 5449 3086 5486 τινα
3105 5428 3478 5503 ὲμφαινούσης
3497 5426 3673 5481 αἰτίου

2089 5531 2535 5603 ἀποτεταγμένης
2560 5529 2858 5600 ἀγεννήτου
2889 5525 3125 5596 φύσεως.
