3994 6224
263 359 376 415 σεδ
420 316 425 321 ’

810 495 1139 565 Ἀνατροέιὴ
1194 499 1312 553 A’E'.
1870 504 1912 558 Α

340 585 417 636 οὐ
466 585 613 637 πᾶσα
649 582 808 638 οὐσία
849 588 1143 659 ἀγέννητος
1169 606 1181 618 ·
1232 591 1438 659 ἠλίθιον
1488 608 1596 661 γαρ
1630 594 1724 644 καὶ
1782 592 1841 643 τὸ

268 670 615 739 διανοεῖσθαι,
656 676 749 729 καὶ
783 677 1100 748 Ἑλληνικῆς
1146 680 1417 749 ἀγνωσίας
1463 677 1613 745 οὗτος
1644 685 1671 735 ὁ
1694 682 1839 750 λογι-

271 765 433 834 σμὸς,
465 767 558 818 καὶ
589 766 650 819 τὺ
683 766 1034 837 ἀπόφθεγμα,
1071 770 1171 823 κάν
1206 787 1264 823 τε
1308 771 1708 839 ἀπφαντικῶς,
1743 771 1842 823 κάν

269 871 331 907 τε
364 857 705 927 ἑρωτητικῶς
732 858 809 929 τῷ
842 862 1029 931 Ἀετίῳ
1054 862 1287 933 εἴρηται.
1315 863 1479 934 Δῆλον
1500 863 1556 916 δὲ
1601 865 1681 917 ὅτι
1708 864 1845 933 ὲρω-

269 946 533 1015 τητικῶς.
580 948 845 1019 Ἐλλήνων
887 952 1066 1005 τοίνυν
1110 954 1307 1017 παῖδας
1353 954 1512 1007 τοῦτο
1551 953 1839 1024 ὲρωτάτω’

271 1040 517 1093 κάκεῖνοι
534 1039 590 1094 δὲ
620 1041 768 1112 αὐτῷ
787 1042 1215 1098 συντιθέσθωσαν
1239 1043 1396 1100 τοῦτο
1412 1046 1555 1116 ἔχειν
1574 1048 1637 1098 ὲκ
1666 1043 1845 1097 συλλο-

218 1144 227 1149 ’
270 1132 490 1202 γισμῶν
538 1132 599 1184 τὸ
648 1131 929 1204 ἐρώτημα,
982 1134 1114 1207 ὕλην
1154 1136 1277 1191 τινὰ
1303 1137 1595 1208 σύγχρονω
1624 1136 1701 1206 τῷ
1727 1134 1846 1204 Θεῷ

271 1220 698 1291 ιπιφημίζοντες
723 1239 739 1254 ·
786 1222 1091 1277 ἁλισκέσθω
1125 1225 1181 1278 δὲ
1226 1225 1343 1296 ἅμα
1368 1226 1615 1290 ἐκείνοις,
1645 1229 1693 1279 εί
1720 1243 1846 1280 συν-

270 1312 496 1375 τιθοῖτο,
535 1312 761 1383 ἐχούσης
788 1314 888 1383 τῆς
918 1315 1177 1385 ἀληθείας
1211 1317 1271 1369 ἓν
1300 1313 1438 1371 εἶναι
1469 1317 1529 1370 τὸ
1553 1317 1758 1383 ποιοῦν,
1790 1320 1848 1372 ὲν

276 1404 383 1472 μιᾷ
426 1402 585 1474 οὐσίᾳ
614 1404 841 1474 Τριάδος
869 1406 1102 1473 τελείας,
1126 1408 1223 1461 καὶ
1253 1409 1316 1461 οὐ
1358 1407 1500 1462 κατά
1526 1409 1849 1479 συναλοιφὴν

270 1490 702 1562 ἀριθμουμένης.
740 1492 819 1545 Τά
859 1492 903 1545 δ’
943 1492 1078 1546 ἀλλα
1110 1494 1288 1549 πάντα
1311 1496 1564 1566 γεννητά,
1609 1498 1702 1549 καὶ
1731 1514 1849 1549 κτι-

274 1581 403 1645 στά,
440 1582 536 1635 καὶ
580 1583 679 1635 οὐκ
722 1584 1009 1655 ἀγέννητα.
1038 1585 1149 1655 Τῆς
1203 1584 1260 1639 δὲ
1298 1586 1551 1657 θεότητος
1595 1587 1850 1640 ἀκτίστου

272 1671 467 1743 οὔσης,
525 1674 738 1745 Πατρὸς
790 1674 889 1745 μὲν
936 1675 1252 1744 γεννῶντος,
1307 1678 1436 1731 Υἱοῦ
1480 1679 1535 1732 δὲ
1569 1679 1847 1747 γεννητοῦ,

274 1763 594 1833 Ηνεύματος
621 1765 676 1817 δὲ
702 1765 857 1832 ἁγίου
880 1766 938 1830 ἐξ
981 1765 1145 1819 αὑτοῦ
1177 1767 1586 1837 ἀπεσταλμένου
1608 1767 1701 1820 τοῦ
1738 1768 1849 1819 Πα-

273 1855 428 1926 τρὺς,
455 1857 545 1908 καὶ
561 1856 770 1910 τῶντοῦ
791 1855 920 1909 Υἱοῦ
936 1856 1323 1926 λαμϐάνοντος,
1350 1833 1565 1911 πάντων
1593 1857 1650 1910 δὲ
1682 1856 1852 1909 ὄντων
1881 1833 1924 1887 Β

276 1946 674 2017 κεκτισμένων,
705 1946 796 2000 τοῦ
837 1949 893 2003 δὲ
925 1950 1343 2021 ἀπαραλλάκτου
1399 1951 1465 2019 τῇ
1495 1948 1721 2018 δυνάμει
1757 1948 1851 2017 μέ-

279 2054 485 2102 νοντος,
515 2039 927 2110 συμπρεποντος
958 2044 1015 2095 ὲν
1046 2044 1112 2112 τῇ
1148 2041 1358 2112 Τριάδι,
1394 2040 1572 2109 πάσης
1603 2039 1853 2109 Θεότητος

278 2131 375 2182 ἐπὶ
398 2130 488 2183 τὸν
539 2131 759 2200 Πατέρα
813 2132 1242 2203 ἀναφερομένης.
1273 2131 1359 2186 διὰ
1402 2132 1464 2185 τὸ
1499 2130 1715 2198 εὔλογον
1761 2131 1854 2184 καὶ

277 2220 528 2274 ἄπτωτον
558 2221 659 2290 τῆς
703 2222 945 2291 μονάδος,
986 2225 1079 2275 καὶ
1105 2223 1165 2275 τὸ
1190 2222 1531 2293 ἀναιρετικὸν
1562 2223 1660 2289 τῆς
1691 2221 1854 2273 πολυ-

279 2312 453 2373 Θεῖας,
496 2312 556 2364 τὸ
598 2312 695 2382 μὲν
724 2313 1138 2383 ἀπαράλλακτον
1181 2313 1329 2384 μένει
1353 2317 1418 2384 τῇ
1444 2314 1694 2384 δυνάμει,
1717 2313 1777 2365 τὸ
1797 2312 1853 2364 δὲ

279 2404 504 2470 εὔλογον
540 2406 966 2474 συμπρεπόντως
1009 2406 1349 2474 ἀναλογεῖται
1384 2405 1513 2459 Υἱοῦ
1557 2404 1694 2475 πρὸς
1729 2405 1854 2457 Πα-

278 2499 436 2563 τέρα,
488 2494 580 2545 καὶ
627 2495 781 2560 ἁγίου
838 2495 1174 2564 Πνεύματος.
1220 2496 1409 2550 Τοίνυν
1451 2495 1656 2550 τούτων
1682 2494 1855 2557 οὓτως

280 2584 535 2653 ἑχόντων,
591 2583 651 2648 ἐξ
692 2584 941 2653 ὑπαρχῆς
1000 2586 1242 2637 πεσεῖται
1284 2584 1386 2653 τῆς
1421 2582 1716 2652 ἐπιϐουλῆς
1757 2581 1852 2636 τοῦ

283 2678 638 2745 ἐρωτήματος
690 2676 723 2743 ή
773 2674 1003 2727 ἐπίνοια.
1045 2677 1118 2728 Οὐ
1167 2676 1274 2746 γὰρ
1318 2674 1485 2728 πολλά
1518 2675 1586 2728 τὰ
1609 2673 1857 2744 ἀπαράλ-

283 2766 479 2822 λακτα.
517 2765 651 2817 ἀλλά
685 2766 716 2835 ὴ
759 2766 857 2834 μία
890 2766 1059 2835 Τριὰς
1091 2768 1147 2818 ὲν
1180 2766 1387 2836 μονάδι,
1414 2768 1517 2820 καὶ
1539 2766 1633 2836 μία
1668 2766 1856 2837 θεότης

283 2857 343 2910 ἐν
368 2856 579 2926 Τριάδι.
598 2855 677 2908 Τά
709 2856 752 2907 δ’
780 2855 916 2909 ἀλλα
971 2856 1146 2909 πάντα
1180 2855 1508 2928 ἀφέστηκεν,
1541 2857 1664 2911 οὔτε
1695 2858 1854 2910 αὑτο-

289 2954 546 3018 ματισμῷ
569 2947 756 3017 ἔχοντα
776 2946 836 2998 τὸ
867 2949 1116 3015 πάσχειν,
1144 2948 1177 3018 ἦ
1201 2951 1393 3010 ποιεῖν,
1418 2948 1542 3002 οὔτε
1573 2950 1671 3019 τῆς
1697 2950 1856 3017 ἁγίας

285 3040 537 3108 Τριάδος,
568 3041 625 3091 ὲν
656 3039 733 3109 τῷ
783 3058 837 3093 τι
887 3043 1077 3103 ποιεῖν,
1110 3040 1413 3110 δυναμένης
1469 3040 1716 3110 πάσχειν,
1756 3040 1857 3110 τῆς

282 3130 415 3200 ὅλης
447 3130 687 3193 ἀπαθοῦς
714 3129 879 3200 οὔσης
904 3131 996 3183 καὶ
1034 3131 1416 3201 προσκυνητῆς
1434 3147 1449 3161 ⁸
1479 3131 1621 3201 φημὶ
1645 3130 1709 3201 δὴ
1742 3133 1854 3183 Πα-

283 3220 434 3289 τρὸς.
466 3222 560 3273 καὶ
588 3219 740 3284 Υίοῦ,
776 3222 870 3273 καὶ
916 3220 1068 3287 ἀγίου
1106 3219 1441 3288 Πνεύματος.
1478 3220 1727 3289 Ἐποίησε
1754 3220 1862 3290 γὰρ

286 3310 470 3363 πάντα
518 3312 547 3363 ὁ
586 3310 717 3373 Θεὸς
762 3298 828 3363 ac
870 3310 1023 3373 Υἰοῦ,
1065 3310 1180 3363 ἀλλ’
1218 3312 1338 3381 οὐχὶ
1366 3310 1455 3365 τὸν
1479 3310 1604 3363 rw»
1629 3326 1641 3339 -
1669 3312 1729 3363 οὐ
1755 3312 1863 3382 γάρ

287 3402 407 3455 ἐστι
467 3400 563 3453 σὺν
614 3402 784 3453 πᾶσι⁶
854 3402 1216 3469 ωνυπουργεῖ
1263 3399 1373 3470 γὰρ
1415 3398 1494 3469 τῷ
1548 3401 1739 3471 Πατρὶ,
1772 3403 1866 3454 καὶ

288 3492 821 3561 συμπροσκυνεῖται·
883 3488 1007 3542 οὔτε
1056 3489 1119 3541 τὸ
1160 3489 1314 3556 ἆγιον
1358 3488 1612 3559 Πνεῦμαο
1641 3490 1700 3541 οὐ
1756 3492 1864 3561 γάρ

188 3576 191 3577 ⁷
288 3579 601 3649 ἀριθμεῖται
631 3579 738 3633 ἀπὸ
769 3579 1003 3643 πάντων,
1052 3582 1262 3650 στερεοῖ
1288 3578 1345 3631 δὲ
1379 3578 1477 3649 τήν
1508 3578 1733 3650 δύναμιν
1758 3581 1865 3634 τῶν

290 3672 547 3725 ἁπάντων
580 3671 674 3723 καὶ
722 3673 1242 3741 συμπροσκυνεῖται.
1279 3670 1400 3723 Τῶν
1425 3671 1481 3723 δὲ
1516 3672 1731 3725 πάντων
1762 3672 1866 3724 ὑπὸ

286 3761 390 3829 τὴν
448 3760 543 3813 τοῦ
598 3760 715 3824 ἑνὸς
764 3760 1089 3830 προνοησίαν
1132 3760 1610 3830 ἐπιτεταγμένων,
1662 3762 1865 3814 ἕκαστα

290 3851 518 3921 φέρεταί
551 3868 634 3912 τε,
674 3852 766 3906 καὶ
802 3851 1051 3921 πράττει,
1083 3851 1280 3922 πάσχει
1326 3852 1384 3904 δὲ
1420 3852 1514 3904 καὶ
1550 3852 1651 3905 ὃσα
1680 3853 1862 3923 ἕτερα.

291 3940 386 3991 Διὸ
418 3941 451 4008 ἡ
488 3940 586 4009 μία
630 3939 799 4008 Τριάς
844 3940 979 4011 πρὸς
1008 3940 1204 4011 ἑαυτὴν
1242 3941 1678 4011 ἀπαράλλακτος,
1719 3943 1788 3995 τά
1810 3944 1868 3996 δὲ

292 4030 430 4084 ἀλλα
460 4030 520 4095 ἐξ
567 4031 737 4101 αὐτῆς
788 4031 1243 4103 παρηλλαγμένα·
1286 4031 1414 4087 ,οὔτε
1439 4031 1547 4103 γάρ
1581 4034 1698 4085 ἐστι
1738 4033 1870 4101 σύγ-

294 4138 486 4192 χρονα,
511 4121 632 4174 οὔτε
682 4123 946 4175 συναῖδια.
975 4124 1128 4192 Μόνη
1163 4122 1219 4174 δὲ
1241 4118 1433 4186 ἀΐδιος,
1469 4123 1563 4176 καὶ
1594 4122 1866 4188 ἄκτιστος,

295 4216 393 4269 καὶ
433 4214 745 4285 ἀγέννητος,
782 4215 913 4267 Υίοῦ
945 4215 1044 4284 μὲν
1073 4215 1470 4286 γεγεννημένου
1494 4217 1740 4287 ἀχρόνως
1775 4220 1871 4271 καὶ

291 4304 567 4376 ἀνάρχως,
609 4306 697 4359 ἀε)⁸
744 4306 799 4358 δὲ
842 4306 1013 4369 ὄντος,
1041 4308 1136 4359 καὶ
1193 4306 1461 4377 μηδέποτε
1501 4305 1869 4372 διαλείποντος

292 4395 389 4449 τοῦ
433 4392 589 4450 εἶναι.
626 4395 789 4449 Ὅθεν
815 4396 1229 4465 ήσφαλισμὲνως
1258 4395 1533 4463 κεφαλὴν
1566 4398 1607 4459 ¹,
1644 4397 1738 4450 καὶ
1767 4398 1868 4449 οὐκ

838 366 841 367 ί
909 381 1271 439 ADVERSUS
1305 383 1643 439 HAERESES
1679 383 1807 438 LIB.
1848 384 1857 435 ι

1981 382 2143 440 TOM.
2188 386 2297 441 l.—
2341 385 2613 442 IIASRES.
2652 386 2885 443 LXXV}.

3395 385 3501 442 626

2434 502 2739 570 Confutun'o
2779 500 2937 557 XXX
2952 501 3012 559 V.

2013 590 2129 645 Non
2156 591 2333 645 omnis
2355 592 2659 646 substantia
2693 593 2928 663 ingenita
2983 594 3088 649 dici
3121 603 3321 665 potest,
3361 598 3503 666 quod

1942 684 2024 739 vel
2052 683 2233 737 animo
2262 684 2548 753 concipere
2597 684 2850 739 stolidum
2888 693 3001 749 est,
3030 695 3192 756 atque
3237 689 3303 741 ab
3332 690 3506 758 genti-

1943 777 2073 831 lium
2108 779 2411 849 ignorantia
2440 793 2501 832 ea
2533 780 2615 832 vel
2649 781 2907 849 cogitatio
2960 783 3042 835 vel
3088 786 3350 838 sententia
3382 800 3509 855 pro—

1943 868 2224 930 ticiscitur,
2252 870 2368 925 sive
2392 864 2732 933 afﬁrmando,
2764 870 2879 925 sive
2920 872 3302 943 interrogando
3330 876 3506 930 solum

1942 961 2131 1015 Aetius
2193 962 2296 1014 ista
2371 961 2676 1030 protulerit.
2744 961 3066 1031 Quanquam
3126 966 3508 1036 interrogando

1946 1052 2089 1107 istud
2130 1053 2346 1121 quidem
2379 1068 2675 1123 usurpasse
2718 1054 2949 1108 videtur.
2981 1054 3161 1120 Quare
3187 1056 3253 1111 de
3293 1058 3507 1127 gentili-

1948 1144 2048 1197 bus
2080 1144 2180 1198 ista
2218 1145 2545 1209 sciscitetur,
2576 1153 2740 1213 atque
2782 1145 2850 1200 ab
2888 1146 2996 1201 illis
3022 1146 3124 1202 hoc
3156 1148 3299 1217 quod
3348 1148 3400 1202 in
3428 1149 3507 1201 in-

1947 1234 2307 1303 tet-rogatione
2347 1248 2445 1287 sua
2484 1249 2549 1287 ex
2601 1234 3109 1290 ratiocinationibus
3149 1237 3374 1291 collecta
3414 1251 3510 1305 po-

1948 1324 2076 1384 suit,
2105 1322 2436 1378 concedatur
2463 1325 2637 1379 ultro:
2673 1326 2953 1378 materiam
2983 1341 3105 1381 esse
3127 1325 3295 1397 984
3316 1341 3506 1396 quam:

1948 1415 2070 1468 dam
2098 1454 2113 1478 ,
2147 1430 2268 1485 qua:
2319 1422 2560 1484 tempore
2610 1429 2734 1468 cum
2767 1414 2873 1469 Deo
2911 1416 2982 1471 sit
3034 1418 3259 1486 aequalis
3284 1459 3297 1479 ,
3336 1416 3429 1471 sed
3461 1424 3515 1470 et

1949 1519 2054 1557 una
2079 1520 2204 1558 cum
2230 1504 2356 1569 illis,
2386 1505 2573 1560 eadem
2599 1505 2645 1561 si
2674 1506 2893 1572 sentiat,
2925 1508 3281 1562 convincatur
3306 1507 3510 1562 Actius.

1949 1595 2083 1649 Nam
2120 1595 2319 1651 veritas
2348 1596 2568 1665 quidem
2600 1596 2717 1665 ipsa
2744 1611 2909 1649 unam
2935 1611 3059 1652 esse
3077 1604 3265 1651 censet
3288 1595 3525 1651 eﬂicien-

1951 1693 2059 1741 tem
2088 1699 2330 1748 causam,
2359 1686 2503 1755 quod
2549 1686 2604 1740 in
2634 1702 2744 1741 una
2773 1695 2828 1743 et
2849 1687 3037 1742 eadem
3062 1688 3366 1743 substantia
3397 1702 3511 1757 per-

1954 1775 2093 1829 fecta
2138 1773 2421 1838 Trinitas,
2471 1774 2590 1829 sine
2640 1775 2751 1829 ulla
2809 1774 3133 1831 confusione
3182 1783 3514 1830 numeretur.

1954 1864 2178 1935 Reliqua
2217 1880 2347 1918 vero
2396 1866 2578 1920 omnia
2611 1866 2752 1920 facta
2794 1880 2858 1919 ac
2889 1874 3171 1936 procreata
3213 1876 3338 1922 sunt
3363 1906 3378 1930 ,
3410 1881 3517 1920 non

1953 1956 2209 2026 ingenita.
2246 1954 2510 2011 Divinitas
2546 1971 2674 2011 vero
2704 1971 2735 2009 a
2766 1956 2915 2010 nullo
2948 1965 3167 2011 creatur
3190 1996 3205 2018 ,
3232 1956 3326 2011 sed
3361 1955 3520 2010 Pater

1954 2048 2142 2118 gignit,
2180 2045 2347 2100 Filius
2374 2047 2589 2115 genitus
2615 2055 2730 2112 est;
2766 2046 3002 2116 Spiritus
3038 2056 3263 2102 sanctus
3301 2062 3331 2099 a
3362 2046 3522 2102 Patro

1954 2138 2156 2193 missus
2187 2145 2292 2200 est,
2330 2147 2383 2192 et
2410 2153 2439 2190 a
2477 2136 2614 2193 Filio
2642 2138 2877 2207 accipit;
2924 2147 3120 2192 caetera
3166 2154 3296 2193 vero
3341 2147 3521 2193 creata

1954 2234 2101 2292 sunt,
2134 2235 2296 2297 atque
2333 2227 2449 2297 ipse
2495 2226 2637 2283 Deus
2691 2228 3046 2283 immutabilis
3071 2229 3269 2282 virtute
3303 2244 3516 2298 perma-

1955 2331 2091 2370 nens
2136 2324 2500 2386 congruenter
2547 2316 2600 2370 in
2635 2315 2907 2372 Trinitate
2956 2318 3229 2371 consistit.
3256 2318 3522 2373 Caeterum

1953 2404 2211 2459 divinitas
2243 2404 2421 2460 omnis
2454 2404 2521 2458 ad
2550 2403 2764 2459 Patrem
2812 2403 3050 2459 refertur
3072 2443 3087 2465 .
3118 2403 3264 2473 quod
3292 2404 3366 2457 ita
3393 2418 3518 2457 con-

1955 2504 2274 2549 sentaneum
2303 2494 2395 2559 sit,
2430 2493 2593 2563 idque
2634 2502 2687 2549 et
2737 2493 2805 2548 ad
2846 2495 3110 2549 unitatem
3159 2495 3523 2557 retinendam,

1954 2595 2008 2642 et
2033 2586 2412 2656 multiplicium
2448 2586 2673 2641 deorum
2706 2586 2995 2641 vanitatem
3026 2586 3377 2641 refellendam
3405 2600 3522 2655 per-

1957 2679 2143 2733 tineat.
2172 2677 2264 2733 Sic
2287 2678 2431 2733 enim
2456 2678 2813 2733 immutabilis
2836 2686 2923 2733 est
2957 2685 3168 2732 natura:
3196 2677 3393 2731 divinae
3414 2679 3526 2729 vir-

1956 2776 2081 2832 tus,
2134 2777 2195 2822 ut
2238 2775 2603 2838 congruenter
2638 2763 2761 2820 Filii
2797 2765 2865 2819 ad
2896 2765 3108 2822 Patrem
3132 2803 3149 2830 ,
3186 2765 3531 2836 Spiritusque

1958 2859 2132 2916 sancti
2161 2864 2531 2914 consentanea
2589 2857 2729 2911 ratio
2776 2858 3220 2926 comparatioquc
3261 2864 3526 2911 servetur.

1960 2951 2089 3017 Quae
2134 2964 2256 3005 cum
2287 2949 2361 3003 ita
2390 2963 2512 3004 sese
2537 2946 2791 3010 habeant,
2816 2946 3073 3015 captiosae
3116 2947 3262 3001 illius
3299 2946 3528 2999 interro-

1959 3041 2193 3111 gationis
2252 3046 2616 3094 commentum
2685 3028 2902 3107 penitus
2959 3036 3258 3092 intercidit.
3317 3035 3533 3090 Etenim

1886 3158 1932 3218 ο
1965 3147 2073 3186 non
2102 3131 2272 3185 multa
2320 3136 2449 3185 sunt
2477 3128 2819 3183 invariabilia
2846 3144 2860 3193 ;
2908 3127 3001 3183 sed
3039 3142 3146 3182 una
3177 3127 3444 3181 duntaxat
3476 3127 3535 3181 in

1968 3221 2348 3290 singularitate
2368 3218 2627 3278 Trinitas.
2654 3226 2708 3274 et
2742 3234 2851 3274 una
2882 3220 2936 3273 in
2961 3218 3227 3275 Trinitate
3254 3218 3531 3282 divinitas,

1966 3332 1997 3371 a
2028 3331 2134 3386 qua
2167 3315 2377 3385 reliqua
2403 3314 2585 3368 omnia
2613 3314 2803 3383 procul
2828 3314 3055 3369 distant.
3083 3312 3270 3382 Neque
3318 3327 3448 3369 vero
3474 3318 3536 3365 ut

1965 3408 2278 3479 patiantur,
2316 3414 2412 3459 aut
2465 3413 2664 3475 agant,
2698 3403 2921 3458 fortuito
2971 3404 3207 3474 quodam
3235 3419 3367 3459 casu
3404 3418 3536 3457 con-

1965 3504 2151 3551 secuta
2186 3503 2335 3560 sunt;
2361 3510 2537 3563 neque
2567 3504 2918 3547 sacrosancta
2943 3493 3209 3559 Trinitas,
3240 3494 3369 3547 dum
3403 3491 3539 3561 agit,

1966 3586 2077 3656 pati
2108 3585 2383 3656 quidpiam
2416 3592 2614 3654 potest,
2646 3599 2770 3639 cum
2816 3593 2926 3637 tota
2970 3583 3208 3653 patiendi
3259 3598 3455 3651 expers
3484 3588 3541 3635 et.

1966 3677 2245 3731 adoranda
2275 3676 2377 3731 sit:
2418 3676 2521 3730 hoc
2546 3683 2652 3741 est,
2693 3676 2872 3737 Pater,
2907 3685 2961 3729 ct
2989 3672 3182 3740 Filius,
3217 3684 3271 3729 et
3302 3672 3541 3743 Spiritus

1967 3775 2211 3821 sanctus.
2243 3765 2620 3835 Quippe.Deus
2644 3783 2737 3836 per
2759 3765 2954 3818 Filium
2982 3765 3239 3819 universa
3269 3761 3539 3825 condidit,

1968 3855 2163 3911 Filium
2192 3872 2321 3912 vero
2359 3871 2468 3910 non
2498 3857 2645 3920 fecit,
2678 3864 2735 3910 ut
2760 3857 3000 3925 quicum
3031 3854 3283 3909 omnibus
3315 3853 3540 3907 minime

1969 3956 2320 4003 numeretur:
2354 3947 2621 4017 siquidem
2658 3949 2712 4001 in
2743 3946 2923 4016 operis
2949 3946 3385 4000 communionem
3412 3959 3539 3997 cum

1968 4035 2128 4091 Patre
2159 4036 2306 4091 venit
2328 4076 2342 4100 ,
2373 4047 2572 4089 etcum
2602 4034 2790 4089 eodem
2824 4033 3109 4100 adoratur;
3134 4047 3309 4102 neque
3337 4038 3540 4101 postre-

1970 4143 2059 4182 mo
2103 4126 2363 4196 Spiritum
2408 4133 2659 4180 sanctum
2696 4125 2921 4188 creavit,
2956 4126 3047 4195 qui
3078 4140 3146 4179 ne
3178 4125 3295 4193 ipse
3320 4121 3538 4191 quidem

1970 4215 2112 4269 inter
2166 4214 2347 4269 omnia
2384 4220 2721 4267 numeratur.
2754 4211 2929 4281 llujus
2976 4213 3119 4266 enim
3153 4211 3428 4282 preprium
3458 4220 3542 4264 est

1970 4306 2352 4361 universorum
2382 4305 2740 4360 corroborarc
2770 4306 3057 4359 virtutem:
3111 4304 3256 4359 unde
3290 4313 3345 4359 et
3391 4318 3541 4357 com-

1971 4398 2204 4452 muniter
2278 4396 2553 4451 adoratur.
2608 4396 2777 4450 Porro
2832 4411 2956 4449 cum
2997 4395 3180 4450 omnia
3238 4396 3340 4449 sub
3378 4394 3541 4449 unius

292 4488 495 4555 ἀρχὴν
526 4488 616 4541 τὸν
651 4489 869 4560 Πατέρα
898 4489 991 4542 τοῦ
1025 4489 1156 4543 Υίοῦ
1193 4489 1430 4554 ἐδίδαξεν
1462 4493 1490 4543 ὁ
1516 4491 1655 4554 θεῖος
1684 4491 1857 4559 λόγος,

1974 4487 2362 4559 providentiam
2415 4486 3052 4557 administrationemque
3097 4486 3342 4555 subjecta
3407 4486 3540 4549 sint,

292 4578 385 4630 διὰ
416 4579 477 4631 τὺ
527 4579 827 4649 ὁμοούσιον,
871 4580 965 4632 καὶ
1017 4580 1202 4643 ἀϊδίως
1245 4580 1397 4644 ὄντος
1419 4581 1514 4634 τοῦ
1546 4582 1863 4651 Πνεύματος

295 4672 389 4724 τοῦ
416 4672 596 4739 ἀγίου,
626 4672 719 4724 καὶ
747 4673 813 4724 ἐκ
854 4672 1065 4741 Πατρὸς
1092 4671 1523 4741 ἀπεσταλμένου,
1560 4673 1646 4725 ἀεὶ
1678 4673 1737 4725 δὲ
1768 4674 1866 4725 σὺν

296 4761 474 4831 [Ia-rp!
502 4761 855 4833 ὑπάρχοντος,
880 4762 973 4814 καὶ
995 4761 1069 4831 μὴ
1100 4761 1207 4813 ἀπὸ
1221 4762 1414 4830 χρόνου
1444 4761 1780 4832 ἀρξαμένου.

1972 4582 2221 4635 feruntur
2248 4616 2264 4642 ,
2305 4586 2580 4647 aguntque
2637 4578 2851 4648 singula
2878 4616 2893 4641 ,
2929 4589 2983 4633 et
3031 4594 3152 4647 quae
3191 4592 3223 4632 a
3271 4578 3380 4632 Deo
3416 4584 3546 4634 sunt

1973 4672 2148 4726 aliena
2190 4670 2486 4739 patiuntur.
2538 4668 2804 4734 Quocirca
2859 4686 2965 4733 una
3021 4685 3052 4723 a
3098 4672 3275 4740 sclpsa
3304 4670 3546 4724 Trinitas

1975 4760 2312 4816 invariabilis
2337 4768 2444 4824 est,
2489 4759 2719 4828 reliqua,
2751 4774 2872 4827 quae
2903 4760 2971 4813 ab
2997 4760 3110 4829 ipsa
3145 4760 3539 4829 producuntur,

297 4849 485 4904 omnia
509 4851 824 4918 variantur;
865 4867 986 4920 quae
1022 4866 1122 4905 nec
1150 4858 1411 4919 tempore,
1444 4866 1543 4905 nec
1562 4854 1867 4909 aeternitate
1903 4867 2028 4909 cum
2066 4851 2156 4904 illa
2199 4849 2360 4905 simul
2414 4848 2704 4903 exsistunt.
2768 4848 2894 4903 Sola
2945 4849 3127 4917 itaque
3189 4850 3540 4918 sempiterna,

299 4947 543 5001 increata
569 4956 625 5000 et
678 4946 916 5016 ingenita
942 4953 1046 5002 est.
1071 4947 1149 5000 Ac
1167 4943 1339 5001 Filius
1364 4946 1579 5015 quidem
1610 4949 1731 5003 sine
1755 4949 1865 5004 ullo
1906 4956 2149 5017 tempore
2212 4944 2440 4999 initiove
2492 4942 2706 5012 genitus
2755 4942 2896 4996 idem
2928 4943 2996 4996 ab
3046 4951 3248 4995 aeterno
3276 4950 3390 5005 est;
3444 4954 3543 4993 nec

297 5055 539 5110 unquam
567 5055 690 5097 esse
716 5040 937 5096 desinit.
971 5040 1333 5106 Quamobrem
1363 5049 1522 5096 caute
1564 5042 1856 5097 admodum
1895 5049 2082 5112 caput,
2118 5055 2229 5094 non
2262 5039 2478 5092 initium
2512 5036 2634 5090 Filii
2663 5035 2877 5089 Patrem
2905 5052 3027 5091 esse
3085 5049 3262 5089 sermo
3323 5032 3542 5087 divinus

295 5134 519 5189 edocuit
550 5136 611 5189 ἐ
670 5135 833 5204 idque
887 5142 1108 5204 propter
1144 5135 1386 5190 eamdem
1437 5137 1724 5207 utriusque
1787 5137 2173 5193 substantiam.
2228 5134 2466 5204 Spiritus
2532 5132 2697 5202 985
2750 5148 2879 5186 vero
2912 5139 3135 5186 sanctus
3184 5128 3544 5197 sempiternus

297 5235 408 5290 est,
454 5234 509 5281 et
546 5240 576 5281 a
603 5226 766 5282 Patre
802 5229 1036 5293 missus,
1078 5244 1202 5283 cum
1234 5244 1343 5297 quo
1375 5244 1589 5298 semper
1634 5232 1869 5298 eXsistit,
1909 5246 2012 5287 nec
2040 5230 2109 5284 ab
2131 5229 2313 5297 aliquo
2347 5236 2588 5296 tempore
2618 5240 2739 5280 esse
2768 5224 2952 5291 coepit.

651 5340 1045 5394 ΚΕΦΑΛΛΙΟΝ
1090 5342 1340 5395 ΑΕτιοΥ
1376 5343 1515 5408 Λτῖο.

375 5430 506 5483 Είτὸ
531 5424 825 5495 ἀγέννητος
846 5427 940 5481 καὶ
970 5429 1033 5484 τὸ
1058 5426 1192 5491 θεὸς
1223 5437 1285 5487 ὲκ
1302 5435 1643 5506 παραλλήλου
1659 5437 1720 5488 τὸ
1740 5438 1869 5489 αὐτὸ

2396 5339 2579 5394 AETII
2617 5335 2844 5393 CAPUT
2883 5331 3121 5388 XXXVI.

2049 5433 2105 5486 Si
2138 5431 2411 5503 ingenitus
2439 5437 2493 5485 et
2525 5428 2669 5483 Deus
2719 5442 2818 5497 pro
2848 5440 2955 5478 uno
2985 5423 3280 5490 eodemque
3325 5435 3541 5478 sumano

301 5518 471 5589 δηλοῖ,
488 5520 515 5569 ὁ
543 5518 833 5587 ἀγέννητος
866 5520 1159 5590 ἀγέννητον
1185 5522 1491 5594 ἐγέννησεν.
1511 5525 1573 5576 Εἰ
1599 5523 1655 5577 δὲ
1686 5523 1857 5593 ἕτεροι

1976 5530 2086 5589 tur,
2110 5523 2385 5593 ingenitus
2412 5521 2712 5591 ingenitum
2731 5516 2936 5587 genuit.
2967 5513 3062 5568 Sin
3086 5512 3359 5567 diversum
3375 5510 3537 5580 quidv

302 5626 357 5664 τι
368 5609 517 5680 δηλοῖ
540 5617 600 5661 τὸ
614 5607 925 5678 ἀγέννητον,
940 5610 1025 5664 ἓτε
1033 5629 1123 5682 ρον
1141 5611 1196 5665 δὲ
1216 5612 1275 5665 τὸ
1291 5614 1455 5681 Θεὸς,
1469 5614 1567 5668 οὐκ
1592 5614 1788 5669 ἄτοπον
1812 5615 1857 5669 δὲ

1976 5615 2099 5670 dam
2145 5613 2374 5686 ingeniti
2430 5626 2495 5667 ac
2541 5610 2637 5665 Dei
2701 5603 2965 5663 vocabula
2999 5604 3301 5672 declarant,
3337 5620 3536 5677 nequa:

383 5764 400 5796 ⁸
424 5781 516 5836 γρ.
552 5765 862 5833 κεφάλαιον.
940 5770 960 5800 ³
993 5766 1165 5822 lCor.
1198 5783 1279 5833 ιιι,
1302 5768 1355 5821 5.

3266 5876 3301 5883 ..Α
