  <div class='ocr_page' id='page_1' title='image "/cluster/home/n/w/nwhite01/storage/ocr_20150623/42/mdp.39015052824052/334.png"; bbox 0 0 3994 6224; ppageno 0'>
   <div class='ocr_carea' id='block_1_1' title="bbox 328 310 438 369">
    <p class='ocr_par' dir='ltr' id='par_1_1' title="bbox 328 310 438 369">
     <span class='ocr_line' id='line_1_1' title="bbox 328 310 438 369; baseline -0.018 -1"><span class='ocrx_word' id='word_1_1' title='bbox 328 310 438 369; x_wconf 73' lang='grc'><strong>629</strong></span> 
     </span>
    </p>
   </div>
   <div class='ocr_carea' id='block_1_2' title="bbox 924 307 2941 367">
    <p class='ocr_par' dir='ltr' id='par_1_2' title="bbox 924 307 2941 367">
     <span class='ocr_line' id='line_1_2' title="bbox 924 307 2941 367; baseline 0.001 -3"><span class='ocrx_word' id='word_1_2' title='bbox 924 307 1292 366; x_wconf 83' lang='lat' dir='ltr'><strong>ADVERSUS</strong></span> <span class='ocrx_word' id='word_1_3' title='bbox 1328 308 1669 366; x_wconf 57' lang='lat' dir='ltr'><strong>HERESES</strong></span> <span class='ocrx_word' id='word_1_4' title='bbox 1707 309 1838 367; x_wconf 87' lang='lat' dir='ltr'><strong>LIB.</strong></span> <span class='ocrx_word' id='word_1_5' title='bbox 1878 309 1968 367; x_wconf 86' lang='lat' dir='ltr'><strong>Ill.</strong></span> <span class='ocrx_word' id='word_1_6' title='bbox 2001 309 2165 367; x_wconf 74' lang='lat' dir='ltr'><strong>TOM.</strong></span> <span class='ocrx_word' id='word_1_7' title='bbox 2204 309 2244 367; x_wconf 92' lang='lat' dir='ltr'><strong>l.</strong></span> <span class='ocrx_word' id='word_1_8' title='bbox 2278 334 2351 353; x_wconf 85' lang='lat'><strong>--</strong></span> <span class='ocrx_word' id='word_1_9' title='bbox 2392 308 2668 365; x_wconf 68' lang='lat' dir='ltr'><strong>HASRES.</strong></span> <span class='ocrx_word' id='word_1_10' title='bbox 2704 308 2941 367; x_wconf 76' lang='lat' dir='ltr'><strong>LXXVI.</strong></span> 
     </span>
    </p>
   </div>
   <div class='ocr_carea' id='block_1_3' title="bbox 3484 317 3591 375">
    <p class='ocr_par' dir='ltr' id='par_1_3' title="bbox 3484 317 3591 375">
     <span class='ocr_line' id='line_1_3' title="bbox 3484 317 3591 375; baseline 0 0"><span class='ocrx_word' id='word_1_11' title='bbox 3484 317 3591 375; x_wconf 73' lang='lat'><strong>650</strong></span> 
     </span>
    </p>
   </div>
   <div class='ocr_carea' id='block_1_4' title="bbox 329 420 1922 499">
    <p class='ocr_par' dir='ltr' id='par_1_4' title="bbox 329 420 1907 499">
     <span class='ocr_line' id='line_1_4' title="bbox 329 420 1907 499; baseline 0.003 -20"><span class='ocrx_word' id='word_1_12' title='bbox 329 424 565 480; x_wconf 79' lang='grc' dir='ltr'>κτιστύν.</span> <span class='ocrx_word' id='word_1_13' title='bbox 596 424 685 486; x_wconf 81' lang='grc' dir='ltr'>Ὠς</span> <span class='ocrx_word' id='word_1_14' title='bbox 709 420 821 479; x_wconf 81' lang='grc' dir='ltr'>οἷόν</span> <span class='ocrx_word' id='word_1_15' title='bbox 849 427 995 482; x_wconf 76' lang='grc' dir='ltr'>ἐστιν</span> <span class='ocrx_word' id='word_1_16' title='bbox 1019 429 1215 492; x_wconf 75' lang='grc' dir='ltr'>εἰπεῖν,</span> <span class='ocrx_word' id='word_1_17' title='bbox 1233 427 1510 499; x_wconf 77' lang='grc' dir='ltr'>ἄνθρωποι</span> <span class='ocrx_word' id='word_1_18' title='bbox 1534 429 1793 497; x_wconf 84' lang='grc' dir='ltr'><strong>γεννῶσιν</strong></span> <span class='ocrx_word' id='word_1_19' title='bbox 1816 431 1907 483; x_wconf 87' lang='grc' dir='ltr'>ἀν-</span> 
     </span>
    </p>
   </div>
   <div class='ocr_carea' id='block_1_5' title="bbox 2029 420 3587 499">
    <p class='ocr_par' dir='ltr' id='par_1_5' title="bbox 2029 428 3587 493">
     <span class='ocr_line' id='line_1_5' title="bbox 2029 428 3587 493; baseline 0.004 -11"><span class='ocrx_word' id='word_1_20' title='bbox 2029 437 2255 483; x_wconf 74' lang='lat' dir='ltr'><strong>rreatum</strong></span> <span class='ocrx_word' id='word_1_21' title='bbox 2310 428 2477 483; x_wconf 90' lang='lat' dir='ltr'><strong>etiam</strong></span> <span class='ocrx_word' id='word_1_22' title='bbox 2514 436 2637 493; x_wconf 89' lang='lat' dir='ltr'><strong>est,</strong></span> <span class='ocrx_word' id='word_1_23' title='bbox 2686 438 2930 482; x_wconf 89' lang='lat' dir='ltr'><strong>creatum</strong></span> <span class='ocrx_word' id='word_1_24' title='bbox 2990 428 3101 484; x_wconf 90' lang='lat' dir='ltr'><strong>alio</strong></span> <span class='ocrx_word' id='word_1_25' title='bbox 3149 431 3312 486; x_wconf 87' lang='lat' dir='ltr'><strong>modo</strong></span> <span class='ocrx_word' id='word_1_26' title='bbox 3361 431 3587 489; x_wconf 79' lang='lat' dir='ltr'><strong>dicitur.</strong></span> 
     </span>
    </p>
   </div>
   <div class='ocr_carea' id='block_1_6' title="bbox 327 512 1906 589">
    <p class='ocr_par' dir='ltr' id='par_1_6' title="bbox 327 512 1906 589">
     <span class='ocr_line' id='line_1_6' title="bbox 327 512 1906 589; baseline 0.001 -18"><span class='ocrx_word' id='word_1_27' title='bbox 327 517 603 589; x_wconf 76' lang='grc' dir='ltr'>θρώπους,</span> <span class='ocrx_word' id='word_1_28' title='bbox 627 516 739 569; x_wconf 84' lang='grc' dir='ltr'>ἀλλ’</span> <span class='ocrx_word' id='word_1_29' title='bbox 758 517 820 570; x_wconf 87' lang='grc' dir='ltr'><strong>οὑ</strong></span> <span class='ocrx_word' id='word_1_30' title='bbox 856 516 1157 582; x_wconf 77' lang='grc' dir='ltr'><strong>κτίζουσιν·</strong></span> <span class='ocrx_word' id='word_1_31' title='bbox 1188 512 1334 572; x_wconf 81' lang='grc' dir='ltr'>οὗτοι</span> <span class='ocrx_word' id='word_1_32' title='bbox 1366 519 1423 573; x_wconf 83' lang='grc' dir='ltr'>δὲ</span> <span class='ocrx_word' id='word_1_33' title='bbox 1446 520 1652 573; x_wconf 81' lang='grc' dir='ltr'>ἀνωθεν</span> <span class='ocrx_word' id='word_1_34' title='bbox 1679 521 1745 573; x_wconf 75' lang='grc' dir='ltr'>ἐκ</span> <span class='ocrx_word' id='word_1_35' title='bbox 1770 519 1906 573; x_wconf 82' lang='grc' dir='ltr'><strong>Θεοῦ</strong></span> 
     </span>
    </p>
   </div>
   <div class='ocr_carea' id='block_1_7' title="bbox 327 608 1909 683">
    <p class='ocr_par' dir='ltr' id='par_1_7' title="bbox 327 608 1909 683">
     <span class='ocr_line' id='line_1_7' title="bbox 327 608 1909 683; baseline 0.003 -22"><span class='ocrx_word' id='word_1_36' title='bbox 327 609 433 663; x_wconf 84' lang='grc' dir='ltr'>είσι</span> <span class='ocrx_word' id='word_1_37' title='bbox 449 608 815 682; x_wconf 71' lang='grc' dir='ltr'><strong>κεκτισμιίνοι⁸</strong></span> <span class='ocrx_word' id='word_1_38' title='bbox 835 608 915 661; x_wconf 90' lang='grc' dir='ltr'><strong>διὸ</strong></span> <span class='ocrx_word' id='word_1_39' title='bbox 934 610 1112 674; x_wconf 81' lang='grc' dir='ltr'>αὑτοῖς</span> <span class='ocrx_word' id='word_1_40' title='bbox 1126 610 1195 663; x_wconf 86' lang='grc' dir='ltr'><strong>τά</strong></span> <span class='ocrx_word' id='word_1_41' title='bbox 1210 610 1309 682; x_wconf 65' lang='grc' dir='ltr'>μὲν</span> <span class='ocrx_word' id='word_1_42' title='bbox 1330 611 1645 683; x_wconf 84' lang='grc' dir='ltr'>γεννώμενα</span> <span class='ocrx_word' id='word_1_43' title='bbox 1660 611 1909 682; x_wconf 79' lang='grc' dir='ltr'>γεγέννηο</span> 
     </span>
    </p>
   </div>
   <div class='ocr_carea' id='block_1_8' title="bbox 326 699 1907 771">
    <p class='ocr_par' dir='ltr' id='par_1_8' title="bbox 326 699 1907 771">
     <span class='ocr_line' id='line_1_8' title="bbox 326 699 1907 771; baseline 0.004 -20"><span class='ocrx_word' id='word_1_44' title='bbox 326 715 415 755; x_wconf 88' lang='grc' dir='ltr'><strong>ται</strong></span> <span class='ocrx_word' id='word_1_45' title='bbox 438 715 453 729; x_wconf 79' lang='grc'>⁶</span> <span class='ocrx_word' id='word_1_46' title='bbox 486 700 635 771; x_wconf 81' lang='grc' dir='ltr'>παρά</span> <span class='ocrx_word' id='word_1_47' title='bbox 658 699 793 753; x_wconf 85' lang='grc' dir='ltr'>Θεοῦ</span> <span class='ocrx_word' id='word_1_48' title='bbox 813 699 869 753; x_wconf 77' lang='grc' dir='ltr'>δὲ</span> <span class='ocrx_word' id='word_1_49' title='bbox 897 700 967 754; x_wconf 82' lang='grc' dir='ltr'><strong>τὰ</strong></span> <span class='ocrx_word' id='word_1_50' title='bbox 995 702 1171 755; x_wconf 85' lang='grc' dir='ltr'>πάντα</span> <span class='ocrx_word' id='word_1_51' title='bbox 1198 702 1502 759; x_wconf 83' lang='grc' dir='ltr'>κέκτισται.</span> <span class='ocrx_word' id='word_1_52' title='bbox 1521 703 1655 757; x_wconf 87' lang='grc' dir='ltr'><strong>Θεοῦ</strong></span> <span class='ocrx_word' id='word_1_53' title='bbox 1684 702 1742 758; x_wconf 81' lang='grc' dir='ltr'>δὲ</span> <span class='ocrx_word' id='word_1_54' title='bbox 1757 704 1907 771; x_wconf 78' lang='grc' dir='ltr'>ὄντος</span> 
     </span>
    </p>
   </div>
   <div class='ocr_carea' id='block_1_9' title="bbox 324 790 1905 864">
    <p class='ocr_par' dir='ltr' id='par_1_9' title="bbox 324 790 1905 864">
     <span class='ocr_line' id='line_1_9' title="bbox 324 790 1905 864; baseline 0.004 -22"><span class='ocrx_word' id='word_1_55' title='bbox 324 790 603 857; x_wconf 79' lang='grc' dir='ltr'>ἀκτίστου,</span> <span class='ocrx_word' id='word_1_56' title='bbox 620 792 977 861; x_wconf 84' lang='grc' dir='ltr'>γεννήσαντος</span> <span class='ocrx_word' id='word_1_57' title='bbox 998 791 1053 845; x_wconf 85' lang='grc' dir='ltr'>δὲ</span> <span class='ocrx_word' id='word_1_58' title='bbox 1064 793 1242 864; x_wconf 80' lang='grc' dir='ltr'>ἑαυτῷ</span> <span class='ocrx_word' id='word_1_59' title='bbox 1254 793 1402 859; x_wconf 82' lang='grc' dir='ltr'>Υίὸν,</span> <span class='ocrx_word' id='word_1_60' title='bbox 1417 794 1510 848; x_wconf 72' lang='grc' dir='ltr'>καὶ</span> <span class='ocrx_word' id='word_1_61' title='bbox 1524 795 1583 847; x_wconf 90' lang='grc' dir='ltr'><strong>οὑ</strong></span> <span class='ocrx_word' id='word_1_62' title='bbox 1602 794 1905 861; x_wconf 81' lang='grc' dir='ltr'><strong>κτίσαντος,</strong></span> 
     </span>
    </p>
   </div>
   <div class='ocr_carea' id='block_1_10' title="bbox 325 880 1908 952">
    <p class='ocr_par' dir='ltr' id='par_1_10' title="bbox 325 880 1908 952">
     <span class='ocr_line' id='line_1_10' title="bbox 325 880 1908 952; baseline 0.004 -20"><span class='ocrx_word' id='word_1_63' title='bbox 325 881 424 951; x_wconf 86' lang='grc' dir='ltr'>οὑχ</span> <span class='ocrx_word' id='word_1_64' title='bbox 439 880 625 952; x_wconf 72' lang='grc' dir='ltr'>ἕτερον</span> <span class='ocrx_word' id='word_1_65' title='bbox 643 883 807 951; x_wconf 80' lang='grc' dir='ltr'>γεννᾷ</span> <span class='ocrx_word' id='word_1_66' title='bbox 822 881 973 952; x_wconf 81' lang='grc' dir='ltr'>παρὰ</span> <span class='ocrx_word' id='word_1_67' title='bbox 989 883 1084 952; x_wconf 82' lang='grc' dir='ltr'><strong>τὴν</strong></span> <span class='ocrx_word' id='word_1_68' title='bbox 1101 883 1264 937; x_wconf 89' lang='grc' dir='ltr'>αὑτοῦ</span> <span class='ocrx_word' id='word_1_69' title='bbox 1282 884 1489 939; x_wconf 90' lang='grc' dir='ltr'>οὑσίαν.</span> <span class='ocrx_word' id='word_1_70' title='bbox 1508 885 1634 949; x_wconf 82' lang='grc' dir='ltr'><strong>Πῶς</strong></span> <span class='ocrx_word' id='word_1_71' title='bbox 1647 881 1739 939; x_wconf 79' lang='grc' dir='ltr'><strong>οὖν</strong></span> <span class='ocrx_word' id='word_1_72' title='bbox 1757 885 1908 939; x_wconf 72' lang='grc' dir='ltr'>ἔσται</span> 
     </span>
    </p>
   </div>
   <div class='ocr_carea' id='block_1_11' title="bbox 326 971 1907 1047">
    <p class='ocr_par' dir='ltr' id='par_1_11' title="bbox 326 971 1907 1047">
     <span class='ocr_line' id='line_1_11' title="bbox 326 971 1907 1047; baseline 0.003 -22"><span class='ocrx_word' id='word_1_73' title='bbox 326 972 389 1025; x_wconf 82' lang='grc' dir='ltr'><strong>τὸ</strong></span> <span class='ocrx_word' id='word_1_74' title='bbox 428 972 489 1036; x_wconf 62' lang='lat' dir='ltr'><strong>ea</strong></span> <span class='ocrx_word' id='word_1_75' title='bbox 534 971 697 1026; x_wconf 86' lang='grc' dir='ltr'>αὑτοῦ</span> <span class='ocrx_word' id='word_1_76' title='bbox 732 972 979 1043; x_wconf 77' lang='grc' dir='ltr'><strong>γέννημα</strong></span> <span class='ocrx_word' id='word_1_77' title='bbox 1019 973 1256 1039; x_wconf 83' lang='grc' dir='ltr'>κτιστὸν,</span> <span class='ocrx_word' id='word_1_78' title='bbox 1293 974 1385 1028; x_wconf 90' lang='grc' dir='ltr'><strong>τοῦ</strong></span> <span class='ocrx_word' id='word_1_79' title='bbox 1421 975 1633 1047; x_wconf 83' lang='grc' dir='ltr'>Πατρὸς</span> <span class='ocrx_word' id='word_1_80' title='bbox 1652 976 1907 1031; x_wconf 84' lang='grc' dir='ltr'>ἀκτίστου</span> 
     </span>
    </p>
   </div>
   <div class='ocr_carea' id='block_1_12' title="bbox 327 1061 1917 1137">
    <p class='ocr_par' dir='ltr' id='par_1_12' title="bbox 327 1061 1917 1137">
     <span class='ocr_line' id='line_1_12' title="bbox 327 1061 1917 1137; baseline 0.003 -24"><span class='ocrx_word' id='word_1_81' title='bbox 327 1062 664 1131; x_wconf 80' lang='grc' dir='ltr'>ὑπάρχοντος</span> <span class='ocrx_word' id='word_1_82' title='bbox 681 1078 696 1127; x_wconf 89' lang='grc'><strong>;</strong></span> <span class='ocrx_word' id='word_1_83' title='bbox 714 1061 775 1115; x_wconf 85' lang='lat' dir='ltr'><strong>El</strong></span> <span class='ocrx_word' id='word_1_84' title='bbox 794 1061 851 1119; x_wconf 73' lang='grc' dir='ltr'>δὲ</span> <span class='ocrx_word' id='word_1_85' title='bbox 882 1061 1100 1115; x_wconf 87' lang='grc' dir='ltr'>κτιστὸν</span> <span class='ocrx_word' id='word_1_86' title='bbox 1126 1078 1236 1134; x_wconf 88' lang='grc' dir='ltr'><strong>παρ</strong></span> <span class='ocrx_word' id='word_1_87' title='bbox 1262 1064 1410 1137; x_wconf 88' lang='grc' dir='ltr'>αὑτῷ</span> <span class='ocrx_word' id='word_1_88' title='bbox 1426 1065 1485 1119; x_wconf 89' lang='grc' dir='ltr'><strong>τὸ</strong></span> <span class='ocrx_word' id='word_1_89' title='bbox 1508 1065 1917 1137; x_wconf 82' lang='grc' dir='ltr'>γέννημα,οὑκ-</span> 
     </span>
    </p>
   </div>
   <div class='ocr_carea' id='block_1_13' title="bbox 328 1152 1909 1227">
    <p class='ocr_par' dir='ltr' id='par_1_13' title="bbox 328 1152 1909 1227">
     <span class='ocr_line' id='line_1_13' title="bbox 328 1152 1909 1227; baseline -0.001 -16"><span class='ocrx_word' id='word_1_90' title='bbox 328 1157 413 1215; x_wconf 74' lang='grc' dir='ltr'>ἐτι</span> <span class='ocrx_word' id='word_1_91' title='bbox 486 1153 723 1224; x_wconf 80' lang='grc' dir='ltr'><strong>γέννημα</strong></span> <span class='ocrx_word' id='word_1_92' title='bbox 755 1152 1012 1207; x_wconf 83' lang='grc' dir='ltr'>καλεῖται.</span> <span class='ocrx_word' id='word_1_93' title='bbox 1036 1155 1147 1207; x_wconf 78' lang='grc' dir='ltr'><strong>Καὶ</strong></span> <span class='ocrx_word' id='word_1_94' title='bbox 1176 1154 1343 1225; x_wconf 85' lang='grc' dir='ltr'>πολλή</span> <span class='ocrx_word' id='word_1_95' title='bbox 1375 1158 1489 1209; x_wconf 81' lang='grc' dir='ltr'>ἐστι</span> <span class='ocrx_word' id='word_1_96' title='bbox 1520 1156 1655 1226; x_wconf 86' lang='grc' dir='ltr'>πρὸς</span> <span class='ocrx_word' id='word_1_97' title='bbox 1677 1155 1775 1227; x_wconf 80' lang='grc' dir='ltr'>τὴν</span> <span class='ocrx_word' id='word_1_98' title='bbox 1796 1174 1909 1209; x_wconf 80' lang='grc' dir='ltr'>τοι·</span> 
     </span>
    </p>
   </div>
   <div class='ocr_carea' id='block_1_14' title="bbox 325 1244 1911 1317">
    <p class='ocr_par' dir='ltr' id='par_1_14' title="bbox 325 1244 1911 1317">
     <span class='ocr_line' id='line_1_14' title="bbox 325 1244 1911 1317; baseline 0 -18"><span class='ocrx_word' id='word_1_99' title='bbox 325 1244 499 1316; x_wconf 81' lang='grc' dir='ltr'>αὐτην</span> <span class='ocrx_word' id='word_1_100' title='bbox 524 1246 623 1315; x_wconf 82' lang='grc' dir='ltr'><strong>τῆς</strong></span> <span class='ocrx_word' id='word_1_101' title='bbox 666 1245 895 1310; x_wconf 82' lang='grc' dir='ltr'>ἀτοπίας</span> <span class='ocrx_word' id='word_1_102' title='bbox 932 1246 1186 1300; x_wconf 86' lang='grc' dir='ltr'>ὑπόνοιαν</span> <span class='ocrx_word' id='word_1_103' title='bbox 1215 1244 1511 1315; x_wconf 84' lang='grc' dir='ltr'>ἀντιλογία.</span> <span class='ocrx_word' id='word_1_104' title='bbox 1551 1248 1819 1317; x_wconf 81' lang='grc' dir='ltr'>Ἀπρεπὲς</span> <span class='ocrx_word' id='word_1_105' title='bbox 1853 1247 1911 1300; x_wconf 73' lang='grc' dir='ltr'>δὲ</span> 
     </span>
    </p>
   </div>
   <div class='ocr_carea' id='block_1_15' title="bbox 328 1331 1909 1409">
    <p class='ocr_par' dir='ltr' id='par_1_15' title="bbox 328 1331 1909 1409">
     <span class='ocr_line' id='line_1_15' title="bbox 328 1331 1909 1409; baseline 0.002 -21"><span class='ocrx_word' id='word_1_106' title='bbox 328 1336 428 1388; x_wconf 73' lang='grc' dir='ltr'>καὶ</span> <span class='ocrx_word' id='word_1_107' title='bbox 447 1334 567 1405; x_wconf 87' lang='grc' dir='ltr'><strong>Θεῷ</strong></span> <span class='ocrx_word' id='word_1_108' title='bbox 590 1336 651 1389; x_wconf 87' lang='grc' dir='ltr'><strong>τὸ</strong></span> <span class='ocrx_word' id='word_1_109' title='bbox 679 1331 818 1390; x_wconf 79' lang='grc' dir='ltr'>εἶναί</span> <span class='ocrx_word' id='word_1_110' title='bbox 844 1354 974 1389; x_wconf 86' lang='grc' dir='ltr'>ποτε</span> <span class='ocrx_word' id='word_1_111' title='bbox 996 1335 1123 1390; x_wconf 77' lang='grc' dir='ltr'>ἄνευ</span> <span class='ocrx_word' id='word_1_112' title='bbox 1140 1337 1291 1403; x_wconf 79' lang='grc' dir='ltr'>Υίοῦ,</span> <span class='ocrx_word' id='word_1_113' title='bbox 1311 1335 1536 1409; x_wconf 74' lang='grc' dir='ltr'>ὕστερον</span> <span class='ocrx_word' id='word_1_114' title='bbox 1554 1337 1610 1391; x_wconf 83' lang='grc' dir='ltr'><strong>δὲ</strong></span> <span class='ocrx_word' id='word_1_115' title='bbox 1631 1337 1909 1391; x_wconf 83' lang='grc' dir='ltr'>καλεῖσθαι</span> 
     </span>
    </p>
   </div>
   <div class='ocr_carea' id='block_1_16' title="bbox 326 1425 1912 1502">
    <p class='ocr_par' dir='ltr' id='par_1_16' title="bbox 326 1425 1912 1502">
     <span class='ocr_line' id='line_1_16' title="bbox 326 1425 1912 1502; baseline 0.001 -21"><span class='ocrx_word' id='word_1_116' title='bbox 326 1429 552 1499; x_wconf 82' lang='grc' dir='ltr'>Πατέρα</span> <span class='ocrx_word' id='word_1_117' title='bbox 595 1429 735 1499; x_wconf 87' lang='grc' dir='ltr'><strong>μετά</strong></span> <span class='ocrx_word' id='word_1_118' title='bbox 777 1430 927 1483; x_wconf 83' lang='grc' dir='ltr'>Υίόν.</span> <span class='ocrx_word' id='word_1_119' title='bbox 984 1430 1095 1483; x_wconf 79' lang='grc' dir='ltr'><strong>Καὶ</strong></span> <span class='ocrx_word' id='word_1_120' title='bbox 1128 1430 1375 1501; x_wconf 82' lang='grc' dir='ltr'>ἀπρεπὲς</span> <span class='ocrx_word' id='word_1_121' title='bbox 1406 1429 1485 1501; x_wconf 79' lang='grc' dir='ltr'><strong>τῷ</strong></span> <span class='ocrx_word' id='word_1_122' title='bbox 1516 1429 1629 1502; x_wconf 79' lang='grc' dir='ltr'><strong>Υίῷ</strong></span> <span class='ocrx_word' id='word_1_123' title='bbox 1667 1427 1727 1481; x_wconf 86' lang='grc' dir='ltr'><strong>τὸ</strong></span> <span class='ocrx_word' id='word_1_124' title='bbox 1771 1425 1912 1483; x_wconf 81' lang='grc' dir='ltr'>εἶναι</span> 
     </span>
    </p>
   </div>
   <div class='ocr_carea' id='block_1_17' title="bbox 328 1519 1912 1593">
    <p class='ocr_par' dir='ltr' id='par_1_17' title="bbox 328 1519 1912 1593">
     <span class='ocr_line' id='line_1_17' title="bbox 328 1519 1912 1593; baseline 0.001 -20"><span class='ocrx_word' id='word_1_125' title='bbox 328 1522 443 1591; x_wconf 72' lang='grc' dir='ltr'><strong>⁴πρὸ</strong></span> <span class='ocrx_word' id='word_1_126' title='bbox 483 1519 649 1574; x_wconf 81' lang='grc' dir='ltr'>αὑτοῦ</span> <span class='ocrx_word' id='word_1_127' title='bbox 682 1521 900 1593; x_wconf 83' lang='grc' dir='ltr'>χρόνον·</span> <span class='ocrx_word' id='word_1_128' title='bbox 931 1521 1086 1575; x_wconf 75' lang='grc' dir='ltr'>ἔσται</span> <span class='ocrx_word' id='word_1_129' title='bbox 1124 1520 1234 1591; x_wconf 83' lang='grc' dir='ltr'>γὰρ</span> <span class='ocrx_word' id='word_1_130' title='bbox 1273 1522 1302 1573; x_wconf 88' lang='grc' dir='ltr'>ὁ</span> <span class='ocrx_word' id='word_1_131' title='bbox 1345 1520 1536 1592; x_wconf 85' lang='grc' dir='ltr'>χρόνος</span> <span class='ocrx_word' id='word_1_132' title='bbox 1571 1519 1770 1590; x_wconf 71' lang='grc' dir='ltr'>μείζων</span> <span class='ocrx_word' id='word_1_133' title='bbox 1812 1519 1912 1589; x_wconf 82' lang='grc' dir='ltr'>τῆς</span> 
     </span>
    </p>
   </div>
   <div class='ocr_carea' id='block_1_18' title="bbox 325 1606 1913 1684">
    <p class='ocr_par' dir='ltr' id='par_1_18' title="bbox 325 1606 1913 1684">
     <span class='ocr_line' id='line_1_18' title="bbox 325 1606 1913 1684; baseline -0.002 -17"><span class='ocrx_word' id='word_1_134' title='bbox 325 1610 496 1667; x_wconf 73' lang='grc' dir='ltr'>αὑτοῦ</span> <span class='ocrx_word' id='word_1_135' title='bbox 553 1612 1008 1683; x_wconf 74' lang='grc' dir='ltr'>μεγαλειότητοςο</span> <span class='ocrx_word' id='word_1_136' title='bbox 1067 1614 1500 1684; x_wconf 85' lang='grc' dir='ltr'>συμπρεπόντως</span> <span class='ocrx_word' id='word_1_137' title='bbox 1533 1611 1591 1665; x_wconf 79' lang='grc' dir='ltr'>δὲ</span> <span class='ocrx_word' id='word_1_138' title='bbox 1631 1606 1804 1680; x_wconf 81' lang='grc' dir='ltr'>Πατρὶ</span> <span class='ocrx_word' id='word_1_139' title='bbox 1851 1611 1913 1664; x_wconf 78' lang='grc' dir='ltr'><strong>ιιδ</strong></span> 
     </span>
    </p>
   </div>
   <div class='ocr_carea' id='block_1_19' title="bbox 327 1700 1913 1774">
    <p class='ocr_par' dir='ltr' id='par_1_19' title="bbox 327 1700 1913 1774">
     <span class='ocr_line' id='line_1_19' title="bbox 327 1700 1913 1774; baseline -0.004 -15"><span class='ocrx_word' id='word_1_140' title='bbox 327 1704 421 1759; x_wconf 75' lang='grc' dir='ltr'>ἀεὶ</span> <span class='ocrx_word' id='word_1_141' title='bbox 452 1704 600 1774; x_wconf 69' lang='grc' dir='ltr'>ἔχειν</span> <span class='ocrx_word' id='word_1_142' title='bbox 634 1705 693 1756; x_wconf 77' lang='grc' dir='ltr'>ὲν</span> <span class='ocrx_word' id='word_1_143' title='bbox 739 1703 1029 1774; x_wconf 86' lang='grc' dir='ltr'>ταυτότητι</span> <span class='ocrx_word' id='word_1_144' title='bbox 1070 1703 1177 1761; x_wconf 83' lang='grc' dir='ltr'>τῶν</span> <span class='ocrx_word' id='word_1_145' title='bbox 1209 1704 1535 1773; x_wconf 80' lang='grc' dir='ltr'>ἀξιωμάτων</span> <span class='ocrx_word' id='word_1_146' title='bbox 1567 1700 1629 1753; x_wconf 90' lang='grc' dir='ltr'><strong>τὸ</strong></span> <span class='ocrx_word' id='word_1_147' title='bbox 1675 1700 1913 1754; x_wconf 69' lang='grc' dir='ltr'>ἀνέκλει-</span> 
     </span>
    </p>
   </div>
   <div class='ocr_carea' id='block_1_20' title="bbox 2011 507 3589 589">
    <p class='ocr_par' dir='ltr' id='par_1_20' title="bbox 2011 507 3589 589">
     <span class='ocr_line' id='line_1_20' title="bbox 2011 507 3589 589; baseline 0.004 -16"><span class='ocrx_word' id='word_1_148' title='bbox 2011 507 2149 573; x_wconf 81' lang='lat' dir='ltr'><strong>Nam</strong></span> <span class='ocrx_word' id='word_1_149' title='bbox 2172 519 2408 588; x_wconf 77' lang='lat' dir='ltr'><strong>exempli</strong></span> <span class='ocrx_word' id='word_1_150' title='bbox 2431 518 2624 589; x_wconf 87' lang='lat' dir='ltr'><strong>gratia,</strong></span> <span class='ocrx_word' id='word_1_151' title='bbox 2638 519 2886 575; x_wconf 87' lang='lat' dir='ltr'><strong>homines</strong></span> <span class='ocrx_word' id='word_1_152' title='bbox 2917 520 3147 589; x_wconf 89' lang='lat' dir='ltr'><strong>gignunt</strong></span> <span class='ocrx_word' id='word_1_153' title='bbox 3174 521 3443 587; x_wconf 77' lang='lat' dir='ltr'><strong>homines,</strong></span> <span class='ocrx_word' id='word_1_154' title='bbox 3476 539 3589 579; x_wconf 84' lang='lat' dir='ltr'><strong>non</strong></span> 
     </span>
    </p>
   </div>
   <div class='ocr_carea' id='block_1_21' title="bbox 2012 608 3592 682">
    <p class='ocr_par' dir='ltr' id='par_1_21' title="bbox 2012 608 3592 682">
     <span class='ocr_line' id='line_1_21' title="bbox 2012 608 3592 682; baseline 0.003 -16"><span class='ocrx_word' id='word_1_155' title='bbox 2012 620 2238 677; x_wconf 90' lang='lat' dir='ltr'><strong>creant;</strong></span> <span class='ocrx_word' id='word_1_156' title='bbox 2289 610 2386 667; x_wconf 89' lang='lat' dir='ltr'><strong>sed</strong></span> <span class='ocrx_word' id='word_1_157' title='bbox 2442 610 2574 664; x_wconf 90' lang='lat' dir='ltr'><strong>olim</strong></span> <span class='ocrx_word' id='word_1_158' title='bbox 2620 625 2650 662; x_wconf 89' lang='lat' dir='ltr'><strong>a</strong></span> <span class='ocrx_word' id='word_1_159' title='bbox 2683 608 2794 664; x_wconf 90' lang='lat' dir='ltr'><strong>Deo</strong></span> <span class='ocrx_word' id='word_1_160' title='bbox 2840 610 3011 665; x_wconf 93' lang='lat' dir='ltr'><strong>creati</strong></span> <span class='ocrx_word' id='word_1_161' title='bbox 3052 620 3200 666; x_wconf 87' lang='lat' dir='ltr'><strong>sunt.</strong></span> <span class='ocrx_word' id='word_1_162' title='bbox 3239 610 3424 677; x_wconf 83' lang='lat' dir='ltr'><strong>Quare</strong></span> <span class='ocrx_word' id='word_1_163' title='bbox 3469 630 3592 682; x_wconf 65' lang='lat' dir='ltr'><strong>qua</strong></span> 
     </span>
    </p>
   </div>
   <div class='ocr_carea' id='block_1_22' title="bbox 2012 701 3589 776">
    <p class='ocr_par' dir='ltr' id='par_1_22' title="bbox 2012 701 3589 776">
     <span class='ocr_line' id='line_1_22' title="bbox 2012 701 3589 776; baseline 0.001 -19"><span class='ocrx_word' id='word_1_164' title='bbox 2012 704 2331 776; x_wconf 87' lang='lat' dir='ltr'><strong>gignuntur,</strong></span> <span class='ocrx_word' id='word_1_165' title='bbox 2363 703 2433 758; x_wconf 91' lang='lat' dir='ltr'><strong>ab</strong></span> <span class='ocrx_word' id='word_1_166' title='bbox 2471 703 2581 757; x_wconf 88' lang='lat' dir='ltr'><strong>illis</strong></span> <span class='ocrx_word' id='word_1_167' title='bbox 2610 701 2930 773; x_wconf 87' lang='lat' dir='ltr'><strong>gignuntur,</strong></span> <span class='ocrx_word' id='word_1_168' title='bbox 2967 717 2997 755; x_wconf 91' lang='lat' dir='ltr'><strong>a</strong></span> <span class='ocrx_word' id='word_1_169' title='bbox 3026 701 3138 758; x_wconf 93' lang='lat' dir='ltr'><strong>Deo</strong></span> <span class='ocrx_word' id='word_1_170' title='bbox 3166 719 3297 758; x_wconf 88' lang='lat' dir='ltr'><strong>vero</strong></span> <span class='ocrx_word' id='word_1_171' title='bbox 3331 705 3589 761; x_wconf 85' lang='lat' dir='ltr'><strong>universa</strong></span> 
     </span>
    </p>
   </div>
   <div class='ocr_carea' id='block_1_23' title="bbox 2014 791 3590 859">
    <p class='ocr_par' dir='ltr' id='par_1_23' title="bbox 2014 791 3590 859">
     <span class='ocr_line' id='line_1_23' title="bbox 2014 791 3590 859; baseline 0 -9"><span class='ocrx_word' id='word_1_172' title='bbox 2014 802 2199 851; x_wconf 90' lang='lat' dir='ltr'><strong>creata</strong></span> <span class='ocrx_word' id='word_1_173' title='bbox 2234 802 2381 852; x_wconf 89' lang='lat' dir='ltr'><strong>sunt.</strong></span> <span class='ocrx_word' id='word_1_174' title='bbox 2428 793 2533 850; x_wconf 88' lang='lat' dir='ltr'><strong>Sed</strong></span> <span class='ocrx_word' id='word_1_175' title='bbox 2579 806 2704 849; x_wconf 89' lang='lat' dir='ltr'><strong>cum</strong></span> <span class='ocrx_word' id='word_1_176' title='bbox 2750 791 2894 847; x_wconf 88' lang='lat' dir='ltr'><strong>Deus</strong></span> <span class='ocrx_word' id='word_1_177' title='bbox 2922 792 3199 851; x_wconf 87' lang='lat' dir='ltr'><strong>inereatus</strong></span> <span class='ocrx_word' id='word_1_178' title='bbox 3246 795 3337 859; x_wconf 91' lang='lat' dir='ltr'><strong>sit,</strong></span> <span class='ocrx_word' id='word_1_179' title='bbox 3384 809 3449 849; x_wconf 86' lang='lat' dir='ltr'><strong>ac</strong></span> <span class='ocrx_word' id='word_1_180' title='bbox 3485 796 3590 850; x_wconf 83' lang='lat' dir='ltr'><strong>sibi</strong></span> 
     </span>
    </p>
   </div>
   <div class='ocr_carea' id='block_1_24' title="bbox 2014 886 3593 957">
    <p class='ocr_par' dir='ltr' id='par_1_24' title="bbox 2014 886 3593 957">
     <span class='ocr_line' id='line_1_24' title="bbox 2014 886 3593 957; baseline -0.001 -15"><span class='ocrx_word' id='word_1_181' title='bbox 2014 886 2217 942; x_wconf 85' lang='lat' dir='ltr'><strong>Filium</strong></span> <span class='ocrx_word' id='word_1_182' title='bbox 2263 895 2507 957; x_wconf 81' lang='lat' dir='ltr'><strong>generet.</strong></span> <span class='ocrx_word' id='word_1_183' title='bbox 2542 899 2653 940; x_wconf 90' lang='lat' dir='ltr'><strong>non</strong></span> <span class='ocrx_word' id='word_1_184' title='bbox 2678 890 2952 954; x_wconf 86' lang='lat' dir='ltr'><strong>procreet,</strong></span> <span class='ocrx_word' id='word_1_185' title='bbox 2998 899 3107 939; x_wconf 91' lang='lat' dir='ltr'><strong>non</strong></span> <span class='ocrx_word' id='word_1_186' title='bbox 3151 901 3274 941; x_wconf 89' lang='lat' dir='ltr'><strong>eum</strong></span> <span class='ocrx_word' id='word_1_187' title='bbox 3313 887 3487 956; x_wconf 89' lang='lat' dir='ltr'><strong>gignit</strong></span> <span class='ocrx_word' id='word_1_188' title='bbox 3524 887 3593 941; x_wconf 86' lang='lat' dir='ltr'><strong>ab</strong></span> 
     </span>
    </p>
   </div>
   <div class='ocr_carea' id='block_1_25' title="bbox 2016 973 3587 1045">
    <p class='ocr_par' dir='ltr' id='par_1_25' title="bbox 2016 973 3587 1045">
     <span class='ocr_line' id='line_1_25' title="bbox 2016 973 3587 1045; baseline -0.006 -7"><span class='ocrx_word' id='word_1_189' title='bbox 2016 979 2329 1039; x_wconf 81' lang='lat' dir='ltr'><strong>substantia</strong></span> <span class='ocrx_word' id='word_1_190' title='bbox 2372 992 2473 1033; x_wconf 88' lang='lat' dir='ltr'><strong>sua</strong></span> <span class='ocrx_word' id='word_1_191' title='bbox 2514 976 2815 1031; x_wconf 79' lang='lat' dir='ltr'><strong>diversum.</strong></span> <span class='ocrx_word' id='word_1_192' title='bbox 2855 973 3129 1040; x_wconf 81' lang='lat' dir='ltr'><strong>Quocirca</strong></span> <span class='ocrx_word' id='word_1_193' title='bbox 3170 974 3363 1031; x_wconf 83' lang='lat' dir='ltr'><strong>ﬁerine</strong></span> <span class='ocrx_word' id='word_1_194' title='bbox 3390 983 3587 1045; x_wconf 86' lang='lat' dir='ltr'><strong>potest,</strong></span> 
     </span>
    </p>
   </div>
   <div class='ocr_carea' id='block_1_26' title="bbox 2016 1064 3592 1140">
    <p class='ocr_par' dir='ltr' id='par_1_26' title="bbox 2016 1064 3592 1140">
     <span class='ocr_line' id='line_1_26' title="bbox 2016 1064 3592 1140; baseline -0.003 -14"><span class='ocrx_word' id='word_1_195' title='bbox 2016 1079 2077 1125; x_wconf 93' lang='lat' dir='ltr'><strong>ut</strong></span> <span class='ocrx_word' id='word_1_196' title='bbox 2113 1071 2256 1140; x_wconf 90' lang='lat' dir='ltr'><strong>quod</strong></span> <span class='ocrx_word' id='word_1_197' title='bbox 2293 1070 2361 1125; x_wconf 89' lang='lat' dir='ltr'><strong>ab</strong></span> <span class='ocrx_word' id='word_1_198' title='bbox 2388 1069 2508 1139; x_wconf 91' lang='lat' dir='ltr'><strong>ipso</strong></span> <span class='ocrx_word' id='word_1_199' title='bbox 2549 1068 3062 1139; x_wconf 80' lang='lat' dir='ltr'><strong>gignitur,ereatum</strong></span> <span class='ocrx_word' id='word_1_200' title='bbox 3094 1064 3188 1129; x_wconf 85' lang='lat' dir='ltr'><strong>sit,</strong></span> <span class='ocrx_word' id='word_1_201' title='bbox 3224 1081 3347 1123; x_wconf 88' lang='lat' dir='ltr'><strong>cum</strong></span> <span class='ocrx_word' id='word_1_202' title='bbox 3376 1066 3592 1121; x_wconf 79' lang='lat' dir='ltr'><strong>increa-</strong></span> 
     </span>
    </p>
   </div>
   <div class='ocr_carea' id='block_1_27' title="bbox 2015 1155 3593 1225">
    <p class='ocr_par' dir='ltr' id='par_1_27' title="bbox 2015 1155 3593 1225">
     <span class='ocr_line' id='line_1_27' title="bbox 2015 1155 3593 1225; baseline -0.003 -12"><span class='ocrx_word' id='word_1_203' title='bbox 2015 1168 2108 1219; x_wconf 86' lang='lat' dir='ltr'><strong>tus</strong></span> <span class='ocrx_word' id='word_1_204' title='bbox 2137 1161 2208 1216; x_wconf 89' lang='lat' dir='ltr'><strong>sit</strong></span> <span class='ocrx_word' id='word_1_205' title='bbox 2245 1159 2443 1216; x_wconf 81' lang='lat' dir='ltr'><strong>Pater?</strong></span> <span class='ocrx_word' id='word_1_206' title='bbox 2464 1158 2599 1213; x_wconf 87' lang='lat' dir='ltr'><strong>Nam</strong></span> <span class='ocrx_word' id='word_1_207' title='bbox 2646 1158 2692 1213; x_wconf 87' lang='lat' dir='ltr'><strong>si</strong></span> <span class='ocrx_word' id='word_1_208' title='bbox 2726 1164 2947 1213; x_wconf 85' lang='lat' dir='ltr'><strong>creatus</strong></span> <span class='ocrx_word' id='word_1_209' title='bbox 2975 1166 3060 1212; x_wconf 91' lang='lat' dir='ltr'><strong>est</strong></span> <span class='ocrx_word' id='word_1_210' title='bbox 3096 1155 3191 1225; x_wconf 91' lang='lat' dir='ltr'><strong>qui</strong></span> <span class='ocrx_word' id='word_1_211' title='bbox 3239 1156 3382 1225; x_wconf 89' lang='lat' dir='ltr'><strong>apud</strong></span> <span class='ocrx_word' id='word_1_212' title='bbox 3414 1157 3593 1225; x_wconf 83' lang='lat' dir='ltr'><strong>ipsum</strong></span> 
     </span>
    </p>
   </div>
   <div class='ocr_carea' id='block_1_28' title="bbox 2016 1245 3591 1321">
    <p class='ocr_par' dir='ltr' id='par_1_28' title="bbox 2016 1245 3591 1321">
     <span class='ocr_line' id='line_1_28' title="bbox 2016 1245 3591 1321; baseline -0.004 -16"><span class='ocrx_word' id='word_1_213' title='bbox 2016 1258 2101 1305; x_wconf 90' lang='lat' dir='ltr'><strong>est</strong></span> <span class='ocrx_word' id='word_1_214' title='bbox 2139 1251 2380 1321; x_wconf 87' lang='lat' dir='ltr'><strong>genitus,</strong></span> <span class='ocrx_word' id='word_1_215' title='bbox 2411 1264 2520 1304; x_wconf 93' lang='lat' dir='ltr'><strong>non</strong></span> <span class='ocrx_word' id='word_1_216' title='bbox 2554 1258 2638 1304; x_wconf 91' lang='lat' dir='ltr'><strong>est</strong></span> <span class='ocrx_word' id='word_1_217' title='bbox 2669 1246 2818 1319; x_wconf 91' lang='lat' dir='ltr'><strong>quod</strong></span> <span class='ocrx_word' id='word_1_218' title='bbox 2851 1245 3090 1316; x_wconf 85' lang='lat' dir='ltr'><strong>amplius</strong></span> <span class='ocrx_word' id='word_1_219' title='bbox 3116 1246 3333 1315; x_wconf 87' lang='lat' dir='ltr'><strong>genitus</strong></span> <span class='ocrx_word' id='word_1_220' title='bbox 3356 1245 3591 1301; x_wconf 82' lang='lat' dir='ltr'><strong>dicatur.</strong></span> 
     </span>
    </p>
   </div>
   <div class='ocr_carea' id='block_1_29' title="bbox 2018 1336 3596 1410">
    <p class='ocr_par' dir='ltr' id='par_1_29' title="bbox 2018 1336 3596 1410">
     <span class='ocr_line' id='line_1_29' title="bbox 2018 1336 3596 1410; baseline 0 -14"><span class='ocrx_word' id='word_1_221' title='bbox 2018 1342 2186 1397; x_wconf 82' lang='lat' dir='ltr'><strong>Multa</strong></span> <span class='ocrx_word' id='word_1_222' title='bbox 2216 1349 2346 1397; x_wconf 88' lang='lat' dir='ltr'><strong>sunt</strong></span> <span class='ocrx_word' id='word_1_223' title='bbox 2368 1355 2491 1410; x_wconf 77' lang='lat' dir='ltr'><strong>qua:</strong></span> <span class='ocrx_word' id='word_1_224' title='bbox 2516 1339 2780 1395; x_wconf 89' lang='lat' dir='ltr'><strong>adversus</strong></span> <span class='ocrx_word' id='word_1_225' title='bbox 2814 1346 2927 1393; x_wconf 89' lang='lat' dir='ltr'><strong>tam</strong></span> <span class='ocrx_word' id='word_1_226' title='bbox 2959 1336 3254 1394; x_wconf 86' lang='lat' dir='ltr'><strong>absurdam</strong></span> <span class='ocrx_word' id='word_1_227' title='bbox 3284 1336 3596 1407; x_wconf 83' lang='lat' dir='ltr'><strong>opinionem</strong></span> 
     </span>
    </p>
   </div>
   <div class='ocr_carea' id='block_1_30' title="bbox 2016 1427 3594 1501">
    <p class='ocr_par' dir='ltr' id='par_1_30' title="bbox 2016 1427 3594 1501">
     <span class='ocr_line' id='line_1_30' title="bbox 2016 1427 3594 1501; baseline -0.004 -14"><span class='ocrx_word' id='word_1_228' title='bbox 2016 1432 2284 1501; x_wconf 80' lang='lat' dir='ltr'><strong>disputari</strong></span> <span class='ocrx_word' id='word_1_229' title='bbox 2312 1438 2561 1501; x_wconf 86' lang='lat' dir='ltr'><strong>possunt.</strong></span> <span class='ocrx_word' id='word_1_230' title='bbox 2597 1429 2701 1485; x_wconf 85' lang='lat' dir='ltr'><strong>Sed</strong></span> <span class='ocrx_word' id='word_1_231' title='bbox 2732 1430 2789 1484; x_wconf 90' lang='lat' dir='ltr'><strong>in</strong></span> <span class='ocrx_word' id='word_1_232' title='bbox 2812 1430 3005 1500; x_wconf 89' lang='lat' dir='ltr'><strong>primis</strong></span> <span class='ocrx_word' id='word_1_233' title='bbox 3033 1429 3319 1499; x_wconf 85' lang='lat' dir='ltr'><strong>indignum</strong></span> <span class='ocrx_word' id='word_1_234' title='bbox 3351 1427 3463 1482; x_wconf 89' lang='lat' dir='ltr'><strong>Deo</strong></span> <span class='ocrx_word' id='word_1_235' title='bbox 3485 1435 3594 1492; x_wconf 88' lang='lat' dir='ltr'><strong>est,</strong></span> 
     </span>
    </p>
   </div>
   <div class='ocr_carea' id='block_1_31' title="bbox 2019 1520 3598 1590">
    <p class='ocr_par' dir='ltr' id='par_1_31' title="bbox 2019 1520 3598 1590">
     <span class='ocr_line' id='line_1_31' title="bbox 2019 1520 3598 1590; baseline -0.003 -13"><span class='ocrx_word' id='word_1_236' title='bbox 2019 1531 2081 1577; x_wconf 92' lang='lat' dir='ltr'><strong>ut</strong></span> <span class='ocrx_word' id='word_1_237' title='bbox 2111 1522 2231 1579; x_wconf 88' lang='lat' dir='ltr'><strong>sine</strong></span> <span class='ocrx_word' id='word_1_238' title='bbox 2259 1520 2399 1577; x_wconf 90' lang='lat' dir='ltr'><strong>Filio</strong></span> <span class='ocrx_word' id='word_1_239' title='bbox 2430 1520 2705 1578; x_wconf 83' lang='lat' dir='ltr'><strong>exstiterit</strong></span> <span class='ocrx_word' id='word_1_240' title='bbox 2734 1520 3061 1589; x_wconf 73' lang='lat' dir='ltr'><strong>aliquando;</strong></span> <span class='ocrx_word' id='word_1_241' title='bbox 3086 1528 3203 1574; x_wconf 91' lang='lat' dir='ltr'><strong>tum</strong></span> <span class='ocrx_word' id='word_1_242' title='bbox 3252 1527 3442 1590; x_wconf 91' lang='lat' dir='ltr'><strong>postea</strong></span> <span class='ocrx_word' id='word_1_243' title='bbox 3473 1526 3598 1589; x_wconf 91' lang='lat' dir='ltr'><strong>post</strong></span> 
     </span>
    </p>
   </div>
   <div class='ocr_carea' id='block_1_32' title="bbox 2019 1610 3599 1683">
    <p class='ocr_par' dir='ltr' id='par_1_32' title="bbox 2019 1610 3599 1683">
     <span class='ocr_line' id='line_1_32' title="bbox 2019 1610 3599 1683; baseline -0.003 -15"><span class='ocrx_word' id='word_1_244' title='bbox 2019 1612 2142 1669; x_wconf 91' lang='lat' dir='ltr'><strong>Filii</strong></span> <span class='ocrx_word' id='word_1_245' title='bbox 2178 1621 2427 1673; x_wconf 76' lang='lat' dir='ltr'><strong>exortum</strong></span> <span class='ocrx_word' id='word_1_246' title='bbox 2463 1612 2626 1669; x_wconf 88' lang='lat' dir='ltr'><strong>Pater</strong></span> <span class='ocrx_word' id='word_1_247' title='bbox 2652 1612 2919 1682; x_wconf 90' lang='lat' dir='ltr'><strong>appellari</strong></span> <span class='ocrx_word' id='word_1_248' title='bbox 2963 1612 3211 1683; x_wconf 73' lang='lat' dir='ltr'><strong>coeperit.</strong></span> <span class='ocrx_word' id='word_1_249' title='bbox 3247 1610 3512 1665; x_wconf 89' lang='lat' dir='ltr'><strong>Similiter</strong></span> <span class='ocrx_word' id='word_1_250' title='bbox 3544 1618 3599 1665; x_wconf 92' lang='lat' dir='ltr'><strong>et</strong></span> 
     </span>
    </p>
   </div>
   <div class='ocr_carea' id='block_1_33' title="bbox 2019 1701 3597 1773">
    <p class='ocr_par' dir='ltr' id='par_1_33' title="bbox 2019 1701 3597 1773">
     <span class='ocr_line' id='line_1_33' title="bbox 2019 1701 3597 1773; baseline -0.001 -18"><span class='ocrx_word' id='word_1_251' title='bbox 2019 1703 2303 1773; x_wconf 83' lang='lat' dir='ltr'><strong>indignum</strong></span> <span class='ocrx_word' id='word_1_252' title='bbox 2332 1701 2474 1756; x_wconf 90' lang='lat' dir='ltr'><strong>Filio</strong></span> <span class='ocrx_word' id='word_1_253' title='bbox 2505 1710 2609 1768; x_wconf 90' lang='lat' dir='ltr'><strong>est,</strong></span> <span class='ocrx_word' id='word_1_254' title='bbox 2637 1704 2716 1756; x_wconf 89' lang='lat' dir='ltr'><strong>uti</strong></span> <span class='ocrx_word' id='word_1_255' title='bbox 2742 1712 2957 1771; x_wconf 88' lang='lat' dir='ltr'><strong>tempus</strong></span> <span class='ocrx_word' id='word_1_256' title='bbox 2990 1703 3165 1773; x_wconf 89' lang='lat' dir='ltr'><strong>ipsius</strong></span> <span class='ocrx_word' id='word_1_257' title='bbox 3200 1702 3467 1772; x_wconf 86' lang='lat' dir='ltr'><strong>originem</strong></span> <span class='ocrx_word' id='word_1_258' title='bbox 3498 1715 3597 1754; x_wconf 85' lang='lat' dir='ltr'><strong>an-</strong></span> 
     </span>
    </p>
   </div>
   <div class='ocr_carea' id='block_1_34' title="bbox 332 1786 1922 1865">
    <p class='ocr_par' dir='ltr' id='par_1_34' title="bbox 332 1786 1917 1865">
     <span class='ocr_line' id='line_1_34' title="bbox 332 1786 1917 1865; baseline -0.004 -18"><span class='ocrx_word' id='word_1_259' title='bbox 332 1812 469 1853; x_wconf 77' lang='grc' dir='ltr'>πτον</span> <span class='ocrx_word' id='word_1_260' title='bbox 503 1795 599 1849; x_wconf 70' lang='grc' dir='ltr'>καὶ</span> <span class='ocrx_word' id='word_1_261' title='bbox 624 1795 814 1848; x_wconf 83' lang='grc' dir='ltr'>ἀΐδιον.</span> <span class='ocrx_word' id='word_1_262' title='bbox 857 1794 966 1848; x_wconf 80' lang='grc' dir='ltr'>Καὶ</span> <span class='ocrx_word' id='word_1_263' title='bbox 1014 1795 1096 1848; x_wconf 81' lang='grc' dir='ltr'>ὅτι</span> <span class='ocrx_word' id='word_1_264' title='bbox 1127 1793 1233 1865; x_wconf 84' lang='grc' dir='ltr'><strong>πρὸ</strong></span> <span class='ocrx_word' id='word_1_265' title='bbox 1286 1792 1421 1845; x_wconf 83' lang='grc' dir='ltr'><strong>Θεοῦ</strong></span> <span class='ocrx_word' id='word_1_266' title='bbox 1454 1792 1605 1845; x_wconf 75' lang='grc' dir='ltr'>οὐδὲν</span> <span class='ocrx_word' id='word_1_267' title='bbox 1632 1786 1720 1861; x_wconf 80' lang='grc' dir='ltr'>ἦν,</span> <span class='ocrx_word' id='word_1_268' title='bbox 1759 1789 1917 1859; x_wconf 83' lang='grc' dir='ltr'>δῆλον</span> 
     </span>
    </p>
   </div>
   <div class='ocr_carea' id='block_1_35' title="bbox 2029 1786 3598 1865">
    <p class='ocr_par' dir='ltr' id='par_1_35' title="bbox 2029 1793 3598 1864">
     <span class='ocr_line' id='line_1_35' title="bbox 2029 1793 3598 1864; baseline -0.001 -15"><span class='ocrx_word' id='word_1_269' title='bbox 2029 1795 2342 1861; x_wconf 81' lang='lat' dir='ltr'><strong>Lecesserit;</strong></span> <span class='ocrx_word' id='word_1_270' title='bbox 2383 1810 2730 1864; x_wconf 90' lang='lat' dir='ltr'><strong>consequens</strong></span> <span class='ocrx_word' id='word_1_271' title='bbox 2764 1793 2910 1849; x_wconf 89' lang='lat' dir='ltr'><strong>enim</strong></span> <span class='ocrx_word' id='word_1_272' title='bbox 2937 1802 3022 1850; x_wconf 88' lang='lat' dir='ltr'><strong>est</strong></span> <span class='ocrx_word' id='word_1_273' title='bbox 3064 1802 3279 1864; x_wconf 90' lang='lat' dir='ltr'><strong>tempus</strong></span> <span class='ocrx_word' id='word_1_274' title='bbox 3313 1793 3598 1862; x_wconf 78' lang='lat' dir='ltr'><strong>majestate</strong></span> 
     </span>
    </p>
   </div>
   <div class='ocr_carea' id='block_1_36' title="bbox 332 1881 1913 1957">
    <p class='ocr_par' dir='ltr' id='par_1_36' title="bbox 332 1881 1913 1957">
     <span class='ocr_line' id='line_1_36' title="bbox 332 1881 1913 1957; baseline -0.003 -17"><span class='ocrx_word' id='word_1_275' title='bbox 332 1885 516 1940; x_wconf 78' lang='grc' dir='ltr'>τοῦτο.</span> <span class='ocrx_word' id='word_1_276' title='bbox 550 1885 622 1939; x_wconf 78' lang='grc' dir='ltr'><strong>Τὸ</strong></span> <span class='ocrx_word' id='word_1_277' title='bbox 649 1886 783 1951; x_wconf 89' lang='grc' dir='ltr'>Θεὸς</span> <span class='ocrx_word' id='word_1_278' title='bbox 802 1885 1016 1952; x_wconf 73' lang='grc' dir='ltr'>τοίνυν,</span> <span class='ocrx_word' id='word_1_279' title='bbox 1045 1886 1120 1948; x_wconf 87' lang='grc' dir='ltr'>ὠς</span> <span class='ocrx_word' id='word_1_280' title='bbox 1149 1884 1253 1957; x_wconf 76' lang='grc' dir='ltr'><strong>ἔφη</strong></span> <span class='ocrx_word' id='word_1_281' title='bbox 1292 1884 1518 1950; x_wconf 77' lang='grc' dir='ltr'>Ἀἐτιος,</span> <span class='ocrx_word' id='word_1_282' title='bbox 1546 1883 1639 1935; x_wconf 76' lang='grc' dir='ltr'>καὶ</span> <span class='ocrx_word' id='word_1_283' title='bbox 1664 1881 1723 1935; x_wconf 93' lang='grc' dir='ltr'><strong>τὸ</strong></span> <span class='ocrx_word' id='word_1_284' title='bbox 1754 1881 1913 1949; x_wconf 80' lang='grc' dir='ltr'>ἀγέν-</span> 
     </span>
    </p>
   </div>
   <div class='ocr_carea' id='block_1_37' title="bbox 334 1973 1912 2047">
    <p class='ocr_par' dir='ltr' id='par_1_37' title="bbox 334 1973 1912 2047">
     <span class='ocr_line' id='line_1_37' title="bbox 334 1973 1912 2047; baseline -0.001 -18"><span class='ocrx_word' id='word_1_285' title='bbox 334 1994 499 2047; x_wconf 82' lang='grc' dir='ltr'>νητον</span> <span class='ocrx_word' id='word_1_286' title='bbox 528 1976 722 2031; x_wconf 90' lang='grc' dir='ltr'>ταυτόν</span> <span class='ocrx_word' id='word_1_287' title='bbox 769 1978 887 2029; x_wconf 78' lang='grc' dir='ltr'>ἐστι</span> <span class='ocrx_word' id='word_1_288' title='bbox 930 1976 1144 2047; x_wconf 78' lang='grc' dir='ltr'><strong>δηλοῦν.</strong></span> <span class='ocrx_word' id='word_1_289' title='bbox 1188 1974 1297 2028; x_wconf 83' lang='grc' dir='ltr'>Καί</span> <span class='ocrx_word' id='word_1_290' title='bbox 1342 1992 1459 2039; x_wconf 84' lang='grc' dir='ltr'><strong>πως</strong></span> <span class='ocrx_word' id='word_1_291' title='bbox 1512 1973 1705 2027; x_wconf 79' lang='grc' dir='ltr'>ἑαυτοῦ</span> <span class='ocrx_word' id='word_1_292' title='bbox 1740 1990 1912 2027; x_wconf 73' lang='grc' dir='ltr'>κατασ</span> 
     </span>
    </p>
   </div>
   <div class='ocr_carea' id='block_1_38' title="bbox 332 2064 1917 2139">
    <p class='ocr_par' dir='ltr' id='par_1_38' title="bbox 332 2064 1917 2139">
     <span class='ocr_line' id='line_1_38' title="bbox 332 2064 1917 2139; baseline -0.004 -16"><span class='ocrx_word' id='word_1_293' title='bbox 332 2069 553 2123; x_wconf 80' lang='grc' dir='ltr'><strong>πλέκων</strong></span> <span class='ocrx_word' id='word_1_294' title='bbox 591 2071 902 2139; x_wconf 83' lang='grc' dir='ltr'>κατηγορεῖ,</span> <span class='ocrx_word' id='word_1_295' title='bbox 941 2067 1139 2139; x_wconf 74' lang='grc' dir='ltr'>μᾶλλον</span> <span class='ocrx_word' id='word_1_296' title='bbox 1170 2065 1269 2139; x_wconf 84' lang='grc' dir='ltr'>[δὲ]</span> <span class='ocrx_word' id='word_1_297' title='bbox 1302 2067 1446 2139; x_wconf 76' lang='grc' dir='ltr'>ἥπερ</span> <span class='ocrx_word' id='word_1_298' title='bbox 1482 2064 1815 2119; x_wconf 82' lang='grc' dir='ltr'>συνίσταται.</span> <span class='ocrx_word' id='word_1_299' title='bbox 1852 2064 1917 2117; x_wconf 83' lang='lat' dir='ltr'><strong>El</strong></span> 
     </span>
    </p>
   </div>
   <div class='ocr_carea' id='block_1_39' title="bbox 333 2153 1916 2229">
    <p class='ocr_par' dir='ltr' id='par_1_39' title="bbox 333 2153 1916 2229">
     <span class='ocr_line' id='line_1_39' title="bbox 333 2153 1916 2229; baseline -0.003 -18"><span class='ocrx_word' id='word_1_300' title='bbox 333 2158 446 2229; x_wconf 66' lang='grc' dir='ltr'>γὰρ</span> <span class='ocrx_word' id='word_1_301' title='bbox 467 2159 562 2211; x_wconf 79' lang='grc' dir='ltr'><strong>σὺν</strong></span> <span class='ocrx_word' id='word_1_302' title='bbox 577 2156 696 2228; x_wconf 88' lang='grc' dir='ltr'>Θεῷ</span> <span class='ocrx_word' id='word_1_303' title='bbox 733 2157 790 2211; x_wconf 87' lang='grc' dir='ltr'><strong>τὸ</strong></span> <span class='ocrx_word' id='word_1_304' title='bbox 808 2158 942 2227; x_wconf 83' lang='grc' dir='ltr'>Θεὸς</span> <span class='ocrx_word' id='word_1_305' title='bbox 969 2198 983 2220; x_wconf 90' lang='grc'><strong>,</strong></span> <span class='ocrx_word' id='word_1_306' title='bbox 1013 2156 1088 2220; x_wconf 80' lang='grc' dir='ltr'>ὡς</span> <span class='ocrx_word' id='word_1_307' title='bbox 1117 2156 1211 2209; x_wconf 79' lang='grc' dir='ltr'><strong>καὶ</strong></span> <span class='ocrx_word' id='word_1_308' title='bbox 1250 2155 1386 2220; x_wconf 76' lang='grc' dir='ltr'>ἔστι,</span> <span class='ocrx_word' id='word_1_309' title='bbox 1411 2154 1507 2209; x_wconf 72' lang='grc' dir='ltr'>καὶ</span> <span class='ocrx_word' id='word_1_310' title='bbox 1544 2153 1604 2207; x_wconf 91' lang='grc' dir='ltr'><strong>τὸ</strong></span> <span class='ocrx_word' id='word_1_311' title='bbox 1622 2153 1916 2223; x_wconf 82' lang='grc' dir='ltr'>ἀγέννητον</span> 
     </span>
    </p>
   </div>
   <div class='ocr_carea' id='block_1_40' title="bbox 336 2244 1917 2319">
    <p class='ocr_par' dir='ltr' id='par_1_40' title="bbox 336 2244 1917 2319">
     <span class='ocr_line' id='line_1_40' title="bbox 336 2244 1917 2319; baseline -0.003 -19"><span class='ocrx_word' id='word_1_312' title='bbox 336 2248 625 2319; x_wconf 62' lang='grc' dir='ltr'><strong>⁸προσίεται</strong></span> <span class='ocrx_word' id='word_1_313' title='bbox 669 2252 761 2301; x_wconf 88' lang='grc' dir='ltr'><strong>τὸν</strong></span> <span class='ocrx_word' id='word_1_314' title='bbox 807 2246 1065 2317; x_wconf 85' lang='grc' dir='ltr'>γεννητὸν</span> <span class='ocrx_word' id='word_1_315' title='bbox 1094 2246 1257 2299; x_wconf 84' lang='grc' dir='ltr'><strong>Υίόν⁸</strong></span> <span class='ocrx_word' id='word_1_316' title='bbox 1309 2244 1419 2317; x_wconf 80' lang='grc' dir='ltr'>ἔχει</span> <span class='ocrx_word' id='word_1_317' title='bbox 1452 2244 1560 2315; x_wconf 88' lang='grc' dir='ltr'><strong>γάρ</strong></span> <span class='ocrx_word' id='word_1_318' title='bbox 1600 2262 1917 2315; x_wconf 78' lang='grc' dir='ltr'>συμπεριειο</span> 
     </span>
    </p>
   </div>
   <div class='ocr_carea' id='block_1_41' title="bbox 280 2332 1921 2405">
    <p class='ocr_par' dir='ltr' id='par_1_41' title="bbox 280 2332 1921 2405">
     <span class='ocr_line' id='line_1_41' title="bbox 280 2332 1921 2405; baseline 0.001 -19"><span class='ocrx_word' id='word_1_319' title='bbox 280 2400 283 2401; x_wconf 17' lang='grc' dir='ltr'><em>ν</em></span> <span class='ocrx_word' id='word_1_320' title='bbox 335 2334 632 2405; x_wconf 75' lang='grc' dir='ltr'>λημμενως</span> <span class='ocrx_word' id='word_1_321' title='bbox 664 2335 721 2387; x_wconf 84' lang='grc' dir='ltr'><strong>τὸ</strong></span> <span class='ocrx_word' id='word_1_322' title='bbox 739 2332 874 2399; x_wconf 87' lang='grc' dir='ltr'>Θεός</span> <span class='ocrx_word' id='word_1_323' title='bbox 902 2351 915 2365; x_wconf 72' lang='grc' dir='ltr'><strong>ο</strong></span> <span class='ocrx_word' id='word_1_324' title='bbox 954 2338 1377 2403; x_wconf 77' lang='grc' dir='ltr'>συνεκφωνεῖται</span> <span class='ocrx_word' id='word_1_325' title='bbox 1409 2336 1466 2387; x_wconf 82' lang='grc' dir='ltr'><strong>δὲ</strong></span> <span class='ocrx_word' id='word_1_326' title='bbox 1505 2334 1582 2404; x_wconf 86' lang='grc' dir='ltr'>τῷ</span> <span class='ocrx_word' id='word_1_327' title='bbox 1609 2334 1782 2404; x_wconf 78' lang='grc' dir='ltr'>Πατρὶ</span> <span class='ocrx_word' id='word_1_328' title='bbox 1814 2334 1921 2387; x_wconf 88' lang='grc' dir='ltr'><strong>ἀπὸ</strong></span> 
     </span>
    </p>
   </div>
   <div class='ocr_carea' id='block_1_42' title="bbox 335 2422 1922 2494">
    <p class='ocr_par' dir='ltr' id='par_1_42' title="bbox 335 2422 1922 2494">
     <span class='ocr_line' id='line_1_42' title="bbox 335 2422 1922 2494; baseline 0 -19"><span class='ocrx_word' id='word_1_329' title='bbox 335 2424 429 2476; x_wconf 82' lang='grc' dir='ltr'><strong>τοῦ</strong></span> <span class='ocrx_word' id='word_1_330' title='bbox 454 2424 586 2489; x_wconf 83' lang='grc' dir='ltr'>Θεὸς</span> <span class='ocrx_word' id='word_1_331' title='bbox 619 2465 633 2489; x_wconf 91' lang='grc'><strong>,</strong></span> <span class='ocrx_word' id='word_1_332' title='bbox 664 2424 758 2476; x_wconf 61' lang='grc' dir='ltr'><strong>καὶ⁸</strong></span> <span class='ocrx_word' id='word_1_333' title='bbox 786 2424 1067 2487; x_wconf 82' lang='grc' dir='ltr'>ἄκτιστος,</span> <span class='ocrx_word' id='word_1_334' title='bbox 1098 2425 1193 2478; x_wconf 78' lang='grc' dir='ltr'><strong>καὶ</strong></span> <span class='ocrx_word' id='word_1_335' title='bbox 1241 2426 1337 2477; x_wconf 73' lang='grc' dir='ltr'><strong>σὺν</strong></span> <span class='ocrx_word' id='word_1_336' title='bbox 1388 2425 1561 2494; x_wconf 84' lang='grc' dir='ltr'>Πατρὶ</span> <span class='ocrx_word' id='word_1_337' title='bbox 1614 2422 1922 2493; x_wconf 86' lang='grc' dir='ltr'>τιμώμενος</span> 
     </span>
    </p>
   </div>
   <div class='ocr_carea' id='block_1_43' title="bbox 335 2512 1922 2585">
    <p class='ocr_par' dir='ltr' id='par_1_43' title="bbox 335 2512 1922 2585">
     <span class='ocr_line' id='line_1_43' title="bbox 335 2512 1922 2585; baseline -0.001 -18"><span class='ocrx_word' id='word_1_338' title='bbox 335 2513 467 2577; x_wconf 86' lang='grc' dir='ltr'>Θεὸς</span> <span class='ocrx_word' id='word_1_339' title='bbox 512 2515 704 2581; x_wconf 83' lang='grc' dir='ltr'>Λόγος,</span> <span class='ocrx_word' id='word_1_340' title='bbox 738 2514 836 2568; x_wconf 82' lang='grc' dir='ltr'>κᾶν</span> <span class='ocrx_word' id='word_1_341' title='bbox 859 2530 917 2565; x_wconf 88' lang='grc' dir='ltr'><strong>τε</strong></span> <span class='ocrx_word' id='word_1_342' title='bbox 951 2513 1030 2583; x_wconf 80' lang='grc' dir='ltr'><strong>τῷ</strong></span> <span class='ocrx_word' id='word_1_343' title='bbox 1064 2513 1254 2585; x_wconf 82' lang='grc' dir='ltr'>’Λετίῳ</span> <span class='ocrx_word' id='word_1_344' title='bbox 1283 2513 1442 2568; x_wconf 86' lang='grc' dir='ltr'>τοῦτο</span> <span class='ocrx_word' id='word_1_345' title='bbox 1467 2513 1542 2584; x_wconf 86' lang='grc' dir='ltr'>μὴ</span> <span class='ocrx_word' id='word_1_346' title='bbox 1568 2512 1922 2585; x_wconf 85' lang='grc' dir='ltr'>παρίσταται,</span> 
     </span>
    </p>
   </div>
   <div class='ocr_carea' id='block_1_44' title="bbox 336 2603 1924 2675">
    <p class='ocr_par' dir='ltr' id='par_1_44' title="bbox 336 2603 1924 2675">
     <span class='ocr_line' id='line_1_44' title="bbox 336 2603 1924 2675; baseline 0.001 -19"><span class='ocrx_word' id='word_1_347' title='bbox 336 2603 446 2656; x_wconf 84' lang='grc' dir='ltr'>τῶν</span> <span class='ocrx_word' id='word_1_348' title='bbox 498 2605 715 2657; x_wconf 84' lang='grc' dir='ltr'>πάντων</span> <span class='ocrx_word' id='word_1_349' title='bbox 767 2604 1081 2675; x_wconf 82' lang='grc' dir='ltr'>κτισμάτων</span> <span class='ocrx_word' id='word_1_350' title='bbox 1123 2604 1238 2675; x_wconf 83' lang='grc' dir='ltr'>Υίῴ</span> <span class='ocrx_word' id='word_1_351' title='bbox 1294 2604 1771 2675; x_wconf 80' lang='grc' dir='ltr'>προσκυνούντων,</span> <span class='ocrx_word' id='word_1_352' title='bbox 1825 2605 1924 2658; x_wconf 80' lang='grc' dir='ltr'>καὶ</span> 
     </span>
    </p>
   </div>
   <div class='ocr_carea' id='block_1_45' title="bbox 336 2695 1924 2765">
    <p class='ocr_par' dir='ltr' id='par_1_45' title="bbox 336 2695 1924 2765">
     <span class='ocr_line' id='line_1_45' title="bbox 336 2695 1924 2765; baseline 0.003 -18"><span class='ocrx_word' id='word_1_353' title='bbox 336 2695 543 2763; x_wconf 77' lang='grc' dir='ltr'>πάσης</span> <span class='ocrx_word' id='word_1_354' title='bbox 582 2697 869 2765; x_wconf 73' lang='grc' dir='ltr'>γλώσσης</span> <span class='ocrx_word' id='word_1_355' title='bbox 911 2696 1500 2765; x_wconf 57' lang='grc' dir='ltr'>ἐξομολογὉυμένης,</span> <span class='ocrx_word' id='word_1_356' title='bbox 1547 2695 1637 2749; x_wconf 83' lang='grc' dir='ltr'>ὅτι</span> <span class='ocrx_word' id='word_1_357' title='bbox 1686 2697 1924 2763; x_wconf 80' lang='grc' dir='ltr'>Ἰησοῦς</span> 
     </span>
    </p>
   </div>
   <div class='ocr_carea' id='block_1_46' title="bbox 335 2782 1923 2858">
    <p class='ocr_par' dir='ltr' id='par_1_46' title="bbox 335 2782 1923 2858">
     <span class='ocr_line' id='line_1_46' title="bbox 335 2782 1923 2858; baseline 0 -18"><span class='ocrx_word' id='word_1_358' title='bbox 335 2788 599 2854; x_wconf 83' lang='grc' dir='ltr'>Χριστὸς</span> <span class='ocrx_word' id='word_1_359' title='bbox 621 2790 709 2853; x_wconf 80' lang='grc' dir='ltr'><strong>εις</strong></span> <span class='ocrx_word' id='word_1_360' title='bbox 746 2786 935 2851; x_wconf 78' lang='grc' dir='ltr'>δόξαν</span> <span class='ocrx_word' id='word_1_361' title='bbox 967 2788 1114 2842; x_wconf 75' lang='grc' dir='ltr'>Θεοῦ</span> <span class='ocrx_word' id='word_1_362' title='bbox 1142 2788 1393 2855; x_wconf 77' lang='grc' dir='ltr'>Πατρός,</span> <span class='ocrx_word' id='word_1_363' title='bbox 1427 2782 1470 2855; x_wconf 80' lang='grc' dir='ltr'><strong>ᾧ</strong></span> <span class='ocrx_word' id='word_1_364' title='bbox 1517 2789 1551 2857; x_wconf 87' lang='grc' dir='ltr'><strong>ἠ</strong></span> <span class='ocrx_word' id='word_1_365' title='bbox 1590 2786 1715 2851; x_wconf 78' lang='grc' dir='ltr'>δόξα</span> <span class='ocrx_word' id='word_1_366' title='bbox 1746 2789 1923 2858; x_wconf 79' lang='grc' dir='ltr'>Πατρὶ</span> 
     </span>
    </p>
   </div>
   <div class='ocr_carea' id='block_1_47' title="bbox 340 2878 1920 2951">
    <p class='ocr_par' dir='ltr' id='par_1_47' title="bbox 340 2878 1920 2951">
     <span class='ocr_line' id='line_1_47' title="bbox 340 2878 1920 2951; baseline -0.001 -18"><span class='ocrx_word' id='word_1_367' title='bbox 340 2882 401 2933; x_wconf 85' lang='grc' dir='ltr'>ὲν</span> <span class='ocrx_word' id='word_1_368' title='bbox 446 2879 580 2948; x_wconf 56' lang='lat' dir='ltr'><strong>Tim,</strong></span> <span class='ocrx_word' id='word_1_369' title='bbox 629 2882 725 2937; x_wconf 77' lang='grc' dir='ltr'><strong>σὺν</strong></span> <span class='ocrx_word' id='word_1_370' title='bbox 747 2880 890 2950; x_wconf 84' lang='grc' dir='ltr'>ἁγίῳ</span> <span class='ocrx_word' id='word_1_371' title='bbox 933 2879 1233 2951; x_wconf 80' lang='grc' dir='ltr'>Πνεὺματι,</span> <span class='ocrx_word' id='word_1_372' title='bbox 1274 2882 1353 2943; x_wconf 85' lang='grc' dir='ltr'>εἰς</span> <span class='ocrx_word' id='word_1_373' title='bbox 1395 2880 1520 2943; x_wconf 83' lang='grc' dir='ltr'>τοὺς</span> <span class='ocrx_word' id='word_1_374' title='bbox 1568 2880 1769 2943; x_wconf 81' lang='grc' dir='ltr'>αἰῶνας</span> <span class='ocrx_word' id='word_1_375' title='bbox 1811 2878 1920 2933; x_wconf 85' lang='grc' dir='ltr'>τῶν</span> 
     </span>
    </p>
   </div>
   <div class='ocr_carea' id='block_1_48' title="bbox 339 2970 808 3044">
    <p class='ocr_par' dir='ltr' id='par_1_48' title="bbox 339 2970 808 3044">
     <span class='ocr_line' id='line_1_48' title="bbox 339 2970 808 3044; baseline 0.002 -22"><span class='ocrx_word' id='word_1_376' title='bbox 339 2970 574 3026; x_wconf 74' lang='grc' dir='ltr'>αἰώνων.</span> <span class='ocrx_word' id='word_1_377' title='bbox 617 2972 674 3023; x_wconf 80' lang='grc' dir='ltr'><strong>Ἀ</strong></span> <span class='ocrx_word' id='word_1_378' title='bbox 682 2974 808 3044; x_wconf 82' lang='grc' dir='ltr'>μήν.</span> 
     </span>
    </p>
   </div>
   <div class='ocr_carea' id='block_1_49' title="bbox 2014 1882 3600 1955">
    <p class='ocr_par' dir='ltr' id='par_1_49' title="bbox 2014 1882 3600 1955">
     <span class='ocr_line' id='line_1_49' title="bbox 2014 1882 3600 1955; baseline -0.005 -12"><span class='ocrx_word' id='word_1_379' title='bbox 2014 1887 2168 1943; x_wconf 88' lang='lat' dir='ltr'><strong>illius</strong></span> <span class='ocrx_word' id='word_1_380' title='bbox 2198 1901 2323 1942; x_wconf 90' lang='lat' dir='ltr'><strong>esse</strong></span> <span class='ocrx_word' id='word_1_381' title='bbox 2353 1886 2568 1955; x_wconf 85' lang='lat' dir='ltr'><strong>majus;</strong></span> <span class='ocrx_word' id='word_1_382' title='bbox 2616 1895 2670 1940; x_wconf 87' lang='lat' dir='ltr'><strong>et</strong></span> <span class='ocrx_word' id='word_1_383' title='bbox 2717 1898 2844 1940; x_wconf 86' lang='lat' dir='ltr'><strong>vero</strong></span> <span class='ocrx_word' id='word_1_384' title='bbox 2879 1882 3027 1939; x_wconf 88' lang='lat' dir='ltr'><strong>Patri</strong></span> <span class='ocrx_word' id='word_1_385' title='bbox 3060 1898 3371 1954; x_wconf 88' lang='lat' dir='ltr'><strong>congruens</strong></span> <span class='ocrx_word' id='word_1_386' title='bbox 3398 1890 3505 1947; x_wconf 85' lang='lat' dir='ltr'><strong>est,</strong></span> <span class='ocrx_word' id='word_1_387' title='bbox 3540 1892 3600 1937; x_wconf 90' lang='lat' dir='ltr'><strong>ut</strong></span> 
     </span>
    </p>
   </div>
   <div class='ocr_carea' id='block_1_50' title="bbox 2018 1972 3599 2045">
    <p class='ocr_par' dir='ltr' id='par_1_50' title="bbox 2018 1972 3599 2045">
     <span class='ocr_line' id='line_1_50' title="bbox 2018 1972 3599 2045; baseline -0.003 -16"><span class='ocrx_word' id='word_1_388' title='bbox 2018 1976 2076 2031; x_wconf 92' lang='lat' dir='ltr'><strong>in</strong></span> <span class='ocrx_word' id='word_1_389' title='bbox 2105 1974 2351 2045; x_wconf 84' lang='lat' dir='ltr'><strong>ejusdem</strong></span> <span class='ocrx_word' id='word_1_390' title='bbox 2385 1974 2775 2029; x_wconf 89' lang='lat' dir='ltr'><strong>communione</strong></span> <span class='ocrx_word' id='word_1_391' title='bbox 2808 1972 3096 2043; x_wconf 86' lang='lat' dir='ltr'><strong>dignitatis</strong></span> <span class='ocrx_word' id='word_1_392' title='bbox 3118 1972 3439 2043; x_wconf 86' lang='lat' dir='ltr'><strong>participem</strong></span> <span class='ocrx_word' id='word_1_393' title='bbox 3473 1986 3599 2026; x_wconf 85' lang='lat' dir='ltr'><strong>eum</strong></span> 
     </span>
    </p>
   </div>
   <div class='ocr_carea' id='block_1_51' title="bbox 2020 2056 3613 2136">
    <p class='ocr_par' dir='ltr' id='par_1_51' title="bbox 2020 2056 3613 2136">
     <span class='ocr_line' id='line_1_51' title="bbox 2020 2056 3613 2136; baseline -0.004 -15"><span class='ocrx_word' id='word_1_394' title='bbox 2020 2080 2238 2136; x_wconf 86' lang='lat' dir='ltr'><strong>semper</strong></span> <span class='ocrx_word' id='word_1_395' title='bbox 2298 2066 2573 2132; x_wconf 88' lang='lat' dir='ltr'><strong>habuerit,</strong></span> <span class='ocrx_word' id='word_1_396' title='bbox 2617 2064 2711 2136; x_wconf 87' lang='lat' dir='ltr'><strong>qui</strong></span> <span class='ocrx_word' id='word_1_397' title='bbox 2759 2063 3011 2119; x_wconf 89' lang='lat' dir='ltr'><strong>desinere</strong></span> <span class='ocrx_word' id='word_1_398' title='bbox 3063 2078 3345 2133; x_wconf 83' lang='lat' dir='ltr'><strong>nunquam</strong></span> <span class='ocrx_word' id='word_1_399' title='bbox 3400 2056 3613 2133; x_wconf 84' lang='lat' dir='ltr'><strong>potest,</strong></span> 
     </span>
    </p>
   </div>
   <div class='ocr_carea' id='block_1_52' title="bbox 2020 2152 3603 2226">
    <p class='ocr_par' dir='ltr' id='par_1_52' title="bbox 2020 2152 3603 2226">
     <span class='ocr_line' id='line_1_52' title="bbox 2020 2152 3603 2226; baseline -0.004 -14"><span class='ocrx_word' id='word_1_400' title='bbox 2020 2163 2217 2226; x_wconf 84' lang='lat' dir='ltr'><strong>estque</strong></span> <span class='ocrx_word' id='word_1_401' title='bbox 2257 2156 2646 2225; x_wconf 84' lang='lat' dir='ltr'><strong>sempiternus.</strong></span> <span class='ocrx_word' id='word_1_402' title='bbox 2699 2154 2861 2223; x_wconf 83' lang='lat' dir='ltr'><strong>Quod</strong></span> <span class='ocrx_word' id='word_1_403' title='bbox 2900 2168 3034 2210; x_wconf 89' lang='lat' dir='ltr'><strong>vero</strong></span> <span class='ocrx_word' id='word_1_404' title='bbox 3099 2153 3211 2209; x_wconf 91' lang='lat' dir='ltr'><strong>Deo</strong></span> <span class='ocrx_word' id='word_1_405' title='bbox 3256 2152 3394 2207; x_wconf 86' lang='lat' dir='ltr'><strong>nihil</strong></span> <span class='ocrx_word' id='word_1_406' title='bbox 3446 2152 3603 2222; x_wconf 84' lang='lat' dir='ltr'><strong>prius</strong></span> 
     </span>
    </p>
   </div>
   <div class='ocr_carea' id='block_1_53' title="bbox 2016 2242 3601 2309">
    <p class='ocr_par' dir='ltr' id='par_1_53' title="bbox 2016 2242 3601 2309">
     <span class='ocr_line' id='line_1_53' title="bbox 2016 2242 3601 2309; baseline -0.003 -8"><span class='ocrx_word' id='word_1_407' title='bbox 2016 2245 2293 2302; x_wconf 81' lang='lat' dir='ltr'><strong>exstiterit</strong></span> <span class='ocrx_word' id='word_1_408' title='bbox 2325 2245 2839 2303; x_wconf 80' lang='lat' dir='ltr'><strong>manifestissimum</strong></span> <span class='ocrx_word' id='word_1_409' title='bbox 2871 2252 2977 2300; x_wconf 91' lang='lat' dir='ltr'><strong>est.</strong></span> <span class='ocrx_word' id='word_1_410' title='bbox 3006 2243 3250 2309; x_wconf 86' lang='lat' dir='ltr'><strong>Atenim,</strong></span> <span class='ocrx_word' id='word_1_411' title='bbox 3283 2244 3359 2298; x_wconf 87' lang='lat' dir='ltr'><strong>ait</strong></span> <span class='ocrx_word' id='word_1_412' title='bbox 3386 2242 3601 2307; x_wconf 84' lang='lat' dir='ltr'><strong>Aetius,</strong></span> 
     </span>
    </p>
   </div>
   <div class='ocr_carea' id='block_1_54' title="bbox 2018 2330 3602 2407">
    <p class='ocr_par' dir='ltr' id='par_1_54' title="bbox 2018 2330 3602 2407">
     <span class='ocr_line' id='line_1_54' title="bbox 2018 2330 3602 2407; baseline -0.003 -19"><span class='ocrx_word' id='word_1_413' title='bbox 2018 2334 2164 2392; x_wconf 87' lang='lat' dir='ltr'><strong>Deus</strong></span> <span class='ocrx_word' id='word_1_414' title='bbox 2215 2343 2271 2391; x_wconf 90' lang='lat' dir='ltr'><strong>et</strong></span> <span class='ocrx_word' id='word_1_415' title='bbox 2320 2334 2620 2407; x_wconf 89' lang='lat' dir='ltr'><strong>ingenitum</strong></span> <span class='ocrx_word' id='word_1_416' title='bbox 2662 2335 2805 2390; x_wconf 90' lang='lat' dir='ltr'><strong>idem</strong></span> <span class='ocrx_word' id='word_1_417' title='bbox 2840 2335 3067 2389; x_wconf 85' lang='lat' dir='ltr'><strong>omnino</strong></span> <span class='ocrx_word' id='word_1_418' title='bbox 3116 2334 3455 2403; x_wconf 75' lang='lat' dir='ltr'><strong>signiﬁcant.</strong></span> <span class='ocrx_word' id='word_1_419' title='bbox 3493 2330 3602 2385; x_wconf 78' lang='lat' dir='ltr'><strong>Ve-</strong></span> 
     </span>
    </p>
   </div>
   <div class='ocr_carea' id='block_1_55' title="bbox 2022 2425 3605 2499">
    <p class='ocr_par' dir='ltr' id='par_1_55' title="bbox 2022 2425 3605 2499">
     <span class='ocr_line' id='line_1_55' title="bbox 2022 2425 3605 2499; baseline -0.004 -18"><span class='ocrx_word' id='word_1_420' title='bbox 2022 2426 2142 2483; x_wconf 86' lang='lat' dir='ltr'><strong>rum</strong></span> <span class='ocrx_word' id='word_1_421' title='bbox 2184 2441 2349 2499; x_wconf 91' lang='lat' dir='ltr'><strong>quam</strong></span> <span class='ocrx_word' id='word_1_422' title='bbox 2398 2433 2589 2496; x_wconf 87' lang='lat' dir='ltr'><strong>aperte</strong></span> <span class='ocrx_word' id='word_1_423' title='bbox 2635 2426 2991 2498; x_wconf 86' lang='lat' dir='ltr'><strong>semetipsum</strong></span> <span class='ocrx_word' id='word_1_424' title='bbox 3035 2425 3321 2496; x_wconf 89' lang='lat' dir='ltr'><strong>implicans</strong></span> <span class='ocrx_word' id='word_1_425' title='bbox 3380 2429 3605 2478; x_wconf 84' lang='lat' dir='ltr'><strong>accusat</strong></span> 
     </span>
    </p>
   </div>
   <div class='ocr_carea' id='block_1_56' title="bbox 2021 2511 3602 2591">
    <p class='ocr_par' dir='ltr' id='par_1_56' title="bbox 2021 2511 3602 2591">
     <span class='ocr_line' id='line_1_56' title="bbox 2021 2511 3602 2591; baseline -0.003 -22"><span class='ocrx_word' id='word_1_426' title='bbox 2021 2518 2221 2588; x_wconf 84' lang='lat' dir='ltr'><strong>potius,</strong></span> <span class='ocrx_word' id='word_1_427' title='bbox 2257 2516 2421 2591; x_wconf 77' lang='lat'><strong>987</strong></span> <span class='ocrx_word' id='word_1_428' title='bbox 2451 2530 2615 2586; x_wconf 87' lang='lat' dir='ltr'><strong>quam</strong></span> <span class='ocrx_word' id='word_1_429' title='bbox 2668 2515 2864 2588; x_wconf 88' lang='lat' dir='ltr'><strong>dogma</strong></span> <span class='ocrx_word' id='word_1_430' title='bbox 2907 2530 3068 2571; x_wconf 91' lang='lat' dir='ltr'><strong>suum</strong></span> <span class='ocrx_word' id='word_1_431' title='bbox 3110 2516 3419 2571; x_wconf 82' lang='lat' dir='ltr'><strong>conﬁrmet.</strong></span> <span class='ocrx_word' id='word_1_432' title='bbox 3468 2511 3602 2565; x_wconf 86' lang='lat' dir='ltr'><strong>Nam</strong></span> 
     </span>
    </p>
   </div>
   <div class='ocr_carea' id='block_1_57' title="bbox 2023 2603 3605 2674">
    <p class='ocr_par' dir='ltr' id='par_1_57' title="bbox 2023 2603 3605 2674">
     <span class='ocr_line' id='line_1_57' title="bbox 2023 2603 3605 2674; baseline -0.004 -12"><span class='ocrx_word' id='word_1_433' title='bbox 2023 2610 2068 2663; x_wconf 90' lang='lat' dir='ltr'><strong>si</strong></span> <span class='ocrx_word' id='word_1_434' title='bbox 2104 2623 2228 2662; x_wconf 89' lang='lat' dir='ltr'><strong>eum</strong></span> <span class='ocrx_word' id='word_1_435' title='bbox 2264 2608 2374 2662; x_wconf 91' lang='lat' dir='ltr'><strong>Deo</strong></span> <span class='ocrx_word' id='word_1_436' title='bbox 2420 2606 2563 2662; x_wconf 87' lang='lat' dir='ltr'><strong>Deus</strong></span> <span class='ocrx_word' id='word_1_437' title='bbox 2592 2614 2697 2673; x_wconf 90' lang='lat' dir='ltr'><strong>est,</strong></span> <span class='ocrx_word' id='word_1_438' title='bbox 2738 2614 2797 2661; x_wconf 91' lang='lat' dir='ltr'><strong>ut</strong></span> <span class='ocrx_word' id='word_1_439' title='bbox 2826 2614 2912 2663; x_wconf 85' lang='lat' dir='ltr'><strong>est</strong></span> <span class='ocrx_word' id='word_1_440' title='bbox 2938 2622 3152 2670; x_wconf 81' lang='lat' dir='ltr'><strong>revera,</strong></span> <span class='ocrx_word' id='word_1_441' title='bbox 3190 2605 3355 2660; x_wconf 89' lang='lat' dir='ltr'><strong>etiam</strong></span> <span class='ocrx_word' id='word_1_442' title='bbox 3396 2603 3605 2674; x_wconf 81' lang='lat' dir='ltr'><strong>ingeni-</strong></span> 
     </span>
    </p>
   </div>
   <div class='ocr_carea' id='block_1_58' title="bbox 2028 2696 3605 2769">
    <p class='ocr_par' dir='ltr' id='par_1_58' title="bbox 2028 2696 3605 2769">
     <span class='ocr_line' id='line_1_58' title="bbox 2028 2696 3605 2769; baseline -0.003 -16"><span class='ocrx_word' id='word_1_443' title='bbox 2028 2706 2145 2753; x_wconf 90' lang='lat' dir='ltr'><strong>tum</strong></span> <span class='ocrx_word' id='word_1_444' title='bbox 2189 2699 2428 2769; x_wconf 87' lang='lat' dir='ltr'><strong>genitum</strong></span> <span class='ocrx_word' id='word_1_445' title='bbox 2459 2696 2658 2752; x_wconf 87' lang='lat' dir='ltr'><strong>Filiutn</strong></span> <span class='ocrx_word' id='word_1_446' title='bbox 2707 2697 2968 2762; x_wconf 89' lang='lat' dir='ltr'><strong>admittit,</strong></span> <span class='ocrx_word' id='word_1_447' title='bbox 2998 2698 3091 2768; x_wconf 91' lang='lat' dir='ltr'><strong>qui</strong></span> <span class='ocrx_word' id='word_1_448' title='bbox 3144 2696 3236 2753; x_wconf 89' lang='lat' dir='ltr'><strong>Dei</strong></span> <span class='ocrx_word' id='word_1_449' title='bbox 3276 2696 3605 2749; x_wconf 83' lang='lat' dir='ltr'><strong>vocabulum</strong></span> 
     </span>
    </p>
   </div>
   <div class='ocr_carea' id='block_1_59' title="bbox 2028 2785 3607 2860">
    <p class='ocr_par' dir='ltr' id='par_1_59' title="bbox 2028 2785 3607 2860">
     <span class='ocr_line' id='line_1_59' title="bbox 2028 2785 3607 2860; baseline -0.004 -17"><span class='ocrx_word' id='word_1_450' title='bbox 2028 2803 2138 2843; x_wconf 87' lang='lat' dir='ltr'><strong>una</strong></span> <span class='ocrx_word' id='word_1_451' title='bbox 2174 2788 2575 2860; x_wconf 89' lang='lat' dir='ltr'><strong>complectitur,</strong></span> <span class='ocrx_word' id='word_1_452' title='bbox 2604 2802 2732 2843; x_wconf 89' lang='lat' dir='ltr'><strong>cum</strong></span> <span class='ocrx_word' id='word_1_453' title='bbox 2778 2787 2943 2845; x_wconf 84' lang='lat' dir='ltr'><strong>Patre</strong></span> <span class='ocrx_word' id='word_1_454' title='bbox 2988 2803 3118 2843; x_wconf 90' lang='lat' dir='ltr'><strong>vero</strong></span> <span class='ocrx_word' id='word_1_455' title='bbox 3164 2788 3330 2844; x_wconf 88' lang='lat' dir='ltr'><strong>simul</strong></span> <span class='ocrx_word' id='word_1_456' title='bbox 3366 2785 3607 2857; x_wconf 52' lang='lat' dir='ltr'><strong>appella.</strong></span> 
     </span>
    </p>
   </div>
   <div class='ocr_carea' id='block_1_60' title="bbox 2028 2880 3609 2952">
    <p class='ocr_par' dir='ltr' id='par_1_60' title="bbox 2028 2880 3609 2952">
     <span class='ocr_line' id='line_1_60' title="bbox 2028 2880 3609 2952; baseline -0.004 -16"><span class='ocrx_word' id='word_1_457' title='bbox 2028 2892 2136 2945; x_wconf 90' lang='lat' dir='ltr'><strong>tur,</strong></span> <span class='ocrx_word' id='word_1_458' title='bbox 2167 2888 2223 2936; x_wconf 91' lang='lat' dir='ltr'><strong>et</strong></span> <span class='ocrx_word' id='word_1_459' title='bbox 2247 2880 2623 2952; x_wconf 71' lang='lat' dir='ltr'><strong>coniungitur,</strong></span> <span class='ocrx_word' id='word_1_460' title='bbox 2654 2887 2879 2935; x_wconf 77' lang='lat' dir='ltr'><strong>exortus</strong></span> <span class='ocrx_word' id='word_1_461' title='bbox 2908 2894 2940 2933; x_wconf 94' lang='lat' dir='ltr'><strong>a</strong></span> <span class='ocrx_word' id='word_1_462' title='bbox 2970 2880 3103 2943; x_wconf 88' lang='lat' dir='ltr'><strong>Deo,</strong></span> <span class='ocrx_word' id='word_1_463' title='bbox 3131 2890 3184 2936; x_wconf 91' lang='lat' dir='ltr'><strong>et</strong></span> <span class='ocrx_word' id='word_1_464' title='bbox 3219 2880 3519 2941; x_wconf 88' lang='lat' dir='ltr'><strong>increatus,</strong></span> <span class='ocrx_word' id='word_1_465' title='bbox 3553 2884 3609 2931; x_wconf 89' lang='lat' dir='ltr'><strong>et</strong></span> 
     </span>
    </p>
   </div>
   <div class='ocr_carea' id='block_1_61' title="bbox 2026 2965 3611 3039">
    <p class='ocr_par' dir='ltr' id='par_1_61' title="bbox 2026 2965 3611 3039">
     <span class='ocr_line' id='line_1_61' title="bbox 2026 2965 3611 3039; baseline -0.004 -13"><span class='ocrx_word' id='word_1_466' title='bbox 2026 2973 2332 3027; x_wconf 89' lang='lat' dir='ltr'><strong>honoratus</strong></span> <span class='ocrx_word' id='word_1_467' title='bbox 2364 2985 2489 3027; x_wconf 90' lang='lat' dir='ltr'><strong>cum</strong></span> <span class='ocrx_word' id='word_1_468' title='bbox 2531 2971 2693 3025; x_wconf 85' lang='lat' dir='ltr'><strong>Patre</strong></span> <span class='ocrx_word' id='word_1_469' title='bbox 2722 2969 2886 3034; x_wconf 90' lang='lat' dir='ltr'><strong>Deus,</strong></span> <span class='ocrx_word' id='word_1_470' title='bbox 2921 2969 3176 3039; x_wconf 90' lang='lat' dir='ltr'><strong>idemque</strong></span> <span class='ocrx_word' id='word_1_471' title='bbox 3202 2968 3474 3031; x_wconf 82' lang='lat' dir='ltr'><strong>Verbum;</strong></span> <span class='ocrx_word' id='word_1_472' title='bbox 3503 2965 3611 3021; x_wconf 82' lang='lat' dir='ltr'><strong>etsi</strong></span> 
     </span>
    </p>
   </div>
   <div class='ocr_carea' id='block_1_62' title="bbox 340 3057 3610 3132">
    <p class='ocr_par' dir='ltr' id='par_1_62' title="bbox 340 3057 3610 3132">
     <span class='ocr_line' id='line_1_62' title="bbox 340 3057 3610 3132; baseline -0 -20"><span class='ocrx_word' id='word_1_473' title='bbox 340 3062 500 3114; x_wconf 80' lang='lat' dir='ltr'><strong>aliter</strong></span> <span class='ocrx_word' id='word_1_474' title='bbox 533 3063 690 3116; x_wconf 86' lang='lat' dir='ltr'><strong>Aetio</strong></span> <span class='ocrx_word' id='word_1_475' title='bbox 729 3063 996 3127; x_wconf 84' lang='lat' dir='ltr'><strong>videatur,</strong></span> <span class='ocrx_word' id='word_1_476' title='bbox 1023 3079 1145 3117; x_wconf 89' lang='lat' dir='ltr'><strong>eum</strong></span> <span class='ocrx_word' id='word_1_477' title='bbox 1173 3070 1370 3116; x_wconf 75' lang='lat' dir='ltr'><strong>creatte</strong></span> <span class='ocrx_word' id='word_1_478' title='bbox 1417 3077 1505 3117; x_wconf 88' lang='lat' dir='ltr'><strong>res</strong></span> <span class='ocrx_word' id='word_1_479' title='bbox 1544 3077 1737 3117; x_wconf 84' lang='lat' dir='ltr'><strong>omnes</strong></span> <span class='ocrx_word' id='word_1_480' title='bbox 1766 3063 1959 3117; x_wconf 87' lang='lat' dir='ltr'><strong>Filium</strong></span> <span class='ocrx_word' id='word_1_481' title='bbox 2002 3064 2254 3128; x_wconf 88' lang='lat' dir='ltr'><strong>adorent,</strong></span> <span class='ocrx_word' id='word_1_482' title='bbox 2280 3072 2329 3117; x_wconf 86' lang='lat' dir='ltr'><strong>et</strong></span> <span class='ocrx_word' id='word_1_483' title='bbox 2354 3063 2523 3116; x_wconf 82' lang='lat' dir='ltr'><strong>omnis</strong></span> <span class='ocrx_word' id='word_1_484' title='bbox 2560 3062 2742 3132; x_wconf 82' lang='lat' dir='ltr'><strong>lingua</strong></span> <span class='ocrx_word' id='word_1_485' title='bbox 2778 3063 3114 3130; x_wconf 76' lang='lat' dir='ltr'><strong>conﬁteatur,</strong></span> <span class='ocrx_word' id='word_1_486' title='bbox 3156 3062 3408 3132; x_wconf 82' lang='lat' dir='ltr'><strong>quoniam</strong></span> <span class='ocrx_word' id='word_1_487' title='bbox 3449 3057 3610 3114; x_wconf 72' lang='lat' dir='ltr'><strong>Iesus</strong></span> 
     </span>
    </p>
   </div>
   <div class='ocr_carea' id='block_1_63' title="bbox 341 3152 3609 3226">
    <p class='ocr_par' dir='ltr' id='par_1_63' title="bbox 341 3152 3609 3226">
     <span class='ocr_line' id='line_1_63' title="bbox 341 3152 3609 3226; baseline 0 -21"><span class='ocrx_word' id='word_1_488' title='bbox 341 3152 587 3215; x_wconf 76' lang='lat' dir='ltr'><strong>Christus</strong></span> <span class='ocrx_word' id='word_1_489' title='bbox 612 3156 667 3207; x_wconf 84' lang='lat' dir='ltr'><strong>iu</strong></span> <span class='ocrx_word' id='word_1_490' title='bbox 694 3154 866 3224; x_wconf 81' lang='lat' dir='ltr'><strong>gloria</strong></span> <span class='ocrx_word' id='word_1_491' title='bbox 882 3164 959 3209; x_wconf 82' lang='lat' dir='ltr'><strong>est</strong></span> <span class='ocrx_word' id='word_1_492' title='bbox 981 3155 1076 3213; x_wconf 78' lang='lat' dir='ltr'><strong>Dei</strong></span> <span class='ocrx_word' id='word_1_493' title='bbox 1105 3154 1289 3213; x_wconf 80' lang='lat' dir='ltr'><strong>Patris</strong></span> <span class='ocrx_word' id='word_1_494' title='bbox 1313 3155 1333 3185; x_wconf 83' lang='lat'><strong>’</strong></span> <span class='ocrx_word' id='word_1_495' title='bbox 1368 3172 1381 3208; x_wconf 87' lang='lat'><strong>:</strong></span> <span class='ocrx_word' id='word_1_496' title='bbox 1413 3154 1501 3211; x_wconf 88' lang='lat' dir='ltr'><strong>cui</strong></span> <span class='ocrx_word' id='word_1_497' title='bbox 1534 3155 1705 3226; x_wconf 86' lang='lat' dir='ltr'><strong>gloria</strong></span> <span class='ocrx_word' id='word_1_498' title='bbox 1731 3154 1873 3210; x_wconf 84' lang='lat' dir='ltr'><strong>Patri</strong></span> <span class='ocrx_word' id='word_1_499' title='bbox 1911 3156 1964 3210; x_wconf 89' lang='lat' dir='ltr'><strong>in</strong></span> <span class='ocrx_word' id='word_1_500' title='bbox 2018 3155 2180 3220; x_wconf 87' lang='lat' dir='ltr'><strong>Filio,</strong></span> <span class='ocrx_word' id='word_1_501' title='bbox 2206 3171 2333 3211; x_wconf 86' lang='lat' dir='ltr'><strong>cum</strong></span> <span class='ocrx_word' id='word_1_502' title='bbox 2372 3154 2583 3226; x_wconf 85' lang='lat' dir='ltr'><strong>Spiritu</strong></span> <span class='ocrx_word' id='word_1_503' title='bbox 2631 3160 2847 3222; x_wconf 86' lang='lat' dir='ltr'><strong>sancto,</strong></span> <span class='ocrx_word' id='word_1_504' title='bbox 2895 3154 2953 3209; x_wconf 80' lang='lat' dir='ltr'><strong>in</strong></span> <span class='ocrx_word' id='word_1_505' title='bbox 3005 3155 3203 3210; x_wconf 66' lang='lat' dir='ltr'><strong>saecula</strong></span> <span class='ocrx_word' id='word_1_506' title='bbox 3260 3153 3609 3210; x_wconf 68' lang='lat' dir='ltr'><strong>saeculorum.</strong></span> 
     </span>
    </p>
   </div>
   <div class='ocr_carea' id='block_1_64' title="bbox 342 3248 536 3303">
    <p class='ocr_par' dir='ltr' id='par_1_64' title="bbox 342 3248 536 3303">
     <span class='ocr_line' id='line_1_64' title="bbox 342 3248 536 3303; baseline -0.021 0"><span class='ocrx_word' id='word_1_507' title='bbox 342 3248 536 3303; x_wconf 70' lang='lat' dir='ltr'><strong>Amen.</strong></span> 
     </span>
    </p>
   </div>
   <div class='ocr_carea' id='block_1_65' title="bbox 452 3357 1801 3428">
    <p class='ocr_par' dir='ltr' id='par_1_65' title="bbox 452 3357 1801 3428">
     <span class='ocr_line' id='line_1_65' title="bbox 452 3357 1801 3428; baseline 0.001 -16"><span class='ocrx_word' id='word_1_508' title='bbox 452 3359 564 3412; x_wconf 82' lang='grc' dir='ltr'>Τοῦ</span> <span class='ocrx_word' id='word_1_509' title='bbox 609 3358 826 3412; x_wconf 80' lang='grc' dir='ltr'>Ἀετίου</span> <span class='ocrx_word' id='word_1_510' title='bbox 864 3358 1127 3413; x_wconf 69' lang='grc' dir='ltr'>ἐνταῦθα</span> <span class='ocrx_word' id='word_1_511' title='bbox 1143 3357 1308 3414; x_wconf 74' lang='grc' dir='ltr'>τελεῖ</span> <span class='ocrx_word' id='word_1_512' title='bbox 1334 3359 1351 3391; x_wconf 85' lang='grc'>¹</span> <span class='ocrx_word' id='word_1_513' title='bbox 1384 3359 1452 3412; x_wconf 82' lang='grc' dir='ltr'><strong>τὸ</strong></span> <span class='ocrx_word' id='word_1_514' title='bbox 1489 3358 1801 3428; x_wconf 73' lang='grc' dir='ltr'><strong>ἐῤῥῶσθαι.</strong></span> 
     </span>
    </p>
   </div>
   <div class='ocr_carea' id='block_1_66' title="bbox 430 3449 1925 3521">
    <p class='ocr_par' dir='ltr' id='par_1_66' title="bbox 430 3449 1925 3521">
     <span class='ocr_line' id='line_1_66' title="bbox 430 3449 1925 3521; baseline 0.001 -19"><span class='ocrx_word' id='word_1_515' title='bbox 430 3449 805 3521; x_wconf 78' lang='grc' dir='ltr'>Ἓρῤωμένους</span> <span class='ocrx_word' id='word_1_516' title='bbox 845 3451 939 3503; x_wconf 61' lang='grc' dir='ltr'><strong>καὶ⁹</strong></span> <span class='ocrx_word' id='word_1_517' title='bbox 975 3452 1295 3521; x_wconf 78' lang='grc' dir='ltr'>ὲρῤωμένας</span> <span class='ocrx_word' id='word_1_518' title='bbox 1324 3452 1469 3521; x_wconf 85' lang='grc' dir='ltr'>ὑμᾶς</span> <span class='ocrx_word' id='word_1_519' title='bbox 1499 3452 1528 3503; x_wconf 85' lang='grc' dir='ltr'><strong>ὁ</strong></span> <span class='ocrx_word' id='word_1_520' title='bbox 1560 3450 1635 3504; x_wconf 84' lang='grc' dir='ltr'>ὣν</span> <span class='ocrx_word' id='word_1_521' title='bbox 1668 3451 1925 3519; x_wconf 79' lang='grc' dir='ltr'>αὐτογέν-</span> 
     </span>
    </p>
   </div>
   <div class='ocr_carea' id='block_1_67' title="bbox 344 3542 1930 3613">
    <p class='ocr_par' dir='ltr' id='par_1_67' title="bbox 344 3542 1930 3613">
     <span class='ocr_line' id='line_1_67' title="bbox 344 3542 1930 3613; baseline 0.003 -20"><span class='ocrx_word' id='word_1_522' title='bbox 344 3559 503 3611; x_wconf 79' lang='grc' dir='ltr'>νητος</span> <span class='ocrx_word' id='word_1_523' title='bbox 549 3542 702 3603; x_wconf 82' lang='grc' dir='ltr'>Θεὸς,</span> <span class='ocrx_word' id='word_1_524' title='bbox 754 3544 782 3595; x_wconf 87' lang='grc' dir='ltr'><strong>ό</strong></span> <span class='ocrx_word' id='word_1_525' title='bbox 823 3543 918 3595; x_wconf 76' lang='grc' dir='ltr'>καὶ</span> <span class='ocrx_word' id='word_1_526' title='bbox 975 3543 1134 3611; x_wconf 84' lang='grc' dir='ltr'>μόνος</span> <span class='ocrx_word' id='word_1_527' title='bbox 1179 3542 1267 3595; x_wconf 90' lang='grc' dir='ltr'><strong>διά</strong></span> <span class='ocrx_word' id='word_1_528' title='bbox 1311 3543 1470 3596; x_wconf 89' lang='grc' dir='ltr'>τοῦτο</span> <span class='ocrx_word' id='word_1_529' title='bbox 1518 3543 1768 3613; x_wconf 79' lang='grc' dir='ltr'>ἀληθινὸς</span> <span class='ocrx_word' id='word_1_530' title='bbox 1798 3543 1930 3607; x_wconf 83' lang='grc' dir='ltr'>Θεὸς</span> 
     </span>
    </p>
   </div>
   <div class='ocr_carea' id='block_1_68' title="bbox 347 3631 1927 3707">
    <p class='ocr_par' dir='ltr' id='par_1_68' title="bbox 347 3631 1927 3707">
     <span class='ocr_line' id='line_1_68' title="bbox 347 3631 1927 3707; baseline 0.003 -24"><span class='ocrx_word' id='word_1_531' title='bbox 347 3631 813 3701; x_wconf 77' lang='grc' dir='ltr'>προσαγορευθεὶς</span> <span class='ocrx_word' id='word_1_532' title='bbox 860 3634 965 3686; x_wconf 85' lang='grc' dir='ltr'>ὑπὸ</span> <span class='ocrx_word' id='word_1_533' title='bbox 1000 3633 1095 3687; x_wconf 89' lang='grc' dir='ltr'><strong>τοῦ</strong></span> <span class='ocrx_word' id='word_1_534' title='bbox 1141 3634 1537 3697; x_wconf 76' lang='grc' dir='ltr'>ἀποσταλέντος</span> <span class='ocrx_word' id='word_1_535' title='bbox 1582 3636 1755 3707; x_wconf 83' lang='grc' dir='ltr'>Ἰησοῦ</span> <span class='ocrx_word' id='word_1_536' title='bbox 1792 3638 1927 3706; x_wconf 84' lang='grc' dir='ltr'>Χρι-</span> 
     </span>
    </p>
   </div>
   <div class='ocr_carea' id='block_1_69' title="bbox 350 3721 1929 3795">
    <p class='ocr_par' dir='ltr' id='par_1_69' title="bbox 350 3721 1929 3795">
     <span class='ocr_line' id='line_1_69' title="bbox 350 3721 1929 3795; baseline 0.003 -20"><span class='ocrx_word' id='word_1_537' title='bbox 350 3721 503 3783; x_wconf 77' lang='grc' dir='ltr'>στοῦ,</span> <span class='ocrx_word' id='word_1_538' title='bbox 531 3724 863 3785; x_wconf 79' lang='grc' dir='ltr'>ὑποστάντος</span> <span class='ocrx_word' id='word_1_539' title='bbox 899 3741 959 3775; x_wconf 88' lang='grc' dir='ltr'><strong>τε</strong></span> <span class='ocrx_word' id='word_1_540' title='bbox 986 3723 1203 3793; x_wconf 80' lang='grc' dir='ltr'>ἀληθῶς</span> <span class='ocrx_word' id='word_1_541' title='bbox 1238 3726 1344 3795; x_wconf 85' lang='grc' dir='ltr'>πρὸ</span> <span class='ocrx_word' id='word_1_542' title='bbox 1384 3725 1614 3789; x_wconf 79' lang='grc' dir='ltr'>αἰώνων,</span> <span class='ocrx_word' id='word_1_543' title='bbox 1644 3726 1739 3779; x_wconf 77' lang='grc' dir='ltr'>καὶ</span> <span class='ocrx_word' id='word_1_544' title='bbox 1781 3727 1929 3789; x_wconf 77' lang='grc' dir='ltr'>ὄντος</span> 
     </span>
    </p>
   </div>
   <div class='ocr_carea' id='block_1_70' title="bbox 349 3814 1929 3888">
    <p class='ocr_par' dir='ltr' id='par_1_70' title="bbox 349 3814 1929 3888">
     <span class='ocr_line' id='line_1_70' title="bbox 349 3814 1929 3888; baseline 0.001 -21"><span class='ocrx_word' id='word_1_545' title='bbox 349 3815 620 3884; x_wconf 61' lang='grc' dir='ltr'>γεἩητῆς</span> <span class='ocrx_word' id='word_1_546' title='bbox 649 3814 1020 3879; x_wconf 77' lang='grc' dir='ltr'>ὑποστάσεως,</span> <span class='ocrx_word' id='word_1_547' title='bbox 1047 3817 1368 3888; x_wconf 72' lang='grc' dir='ltr'>διατηρήσει</span> <span class='ocrx_word' id='word_1_548' title='bbox 1412 3818 1521 3869; x_wconf 87' lang='grc' dir='ltr'><strong>ἀπὸ</strong></span> <span class='ocrx_word' id='word_1_549' title='bbox 1545 3817 1643 3886; x_wconf 83' lang='grc' dir='ltr'>τῆς</span> <span class='ocrx_word' id='word_1_550' title='bbox 1677 3817 1929 3879; x_wconf 76' lang='grc' dir='ltr'>ἀσεϐείας</span> 
     </span>
    </p>
   </div>
   <div class='ocr_carea' id='block_1_71' title="bbox 350 3898 1930 3978">
    <p class='ocr_par' dir='ltr' id='par_1_71' title="bbox 350 3898 1930 3978">
     <span class='ocr_line' id='line_1_71' title="bbox 350 3898 1930 3978; baseline 0.003 -22"><span class='ocrx_word' id='word_1_551' title='bbox 350 3904 409 3956; x_wconf 72' lang='grc' dir='ltr'>ὲν</span> <span class='ocrx_word' id='word_1_552' title='bbox 455 3902 678 3973; x_wconf 81' lang='grc' dir='ltr'>Χριστῷ</span> <span class='ocrx_word' id='word_1_553' title='bbox 731 3905 903 3973; x_wconf 83' lang='grc' dir='ltr'>Ἰησοῦ</span> <span class='ocrx_word' id='word_1_554' title='bbox 951 3905 1030 3976; x_wconf 79' lang='grc' dir='ltr'>τῷ</span> <span class='ocrx_word' id='word_1_555' title='bbox 1082 3907 1296 3977; x_wconf 82' lang='grc' dir='ltr'>Σωτῆρι</span> <span class='ocrx_word' id='word_1_556' title='bbox 1352 3906 1537 3978; x_wconf 83' lang='grc' dir='ltr'>ἡμῶν·</span> <span class='ocrx_word' id='word_1_557' title='bbox 1587 3906 1651 3961; x_wconf 87' lang='grc' dir='ltr'>δι’</span> <span class='ocrx_word' id='word_1_558' title='bbox 1685 3898 1748 3959; x_wconf 81' lang='grc' dir='ltr'><strong>οῦ</strong></span> <span class='ocrx_word' id='word_1_559' title='bbox 1782 3908 1930 3960; x_wconf 77' lang='grc' dir='ltr'>πᾶσα</span> 
     </span>
    </p>
   </div>
   <div class='ocr_carea' id='block_1_72' title="bbox 347 3994 1931 4071">
    <p class='ocr_par' dir='ltr' id='par_1_72' title="bbox 347 3994 1931 4071">
     <span class='ocr_line' id='line_1_72' title="bbox 347 3994 1931 4071; baseline 0.003 -23"><span class='ocrx_word' id='word_1_560' title='bbox 347 3994 476 4059; x_wconf 72' lang='grc' dir='ltr'>δόξα</span> <span class='ocrx_word' id='word_1_561' title='bbox 496 3994 575 4065; x_wconf 82' lang='grc' dir='ltr'><strong>τῷ</strong></span> <span class='ocrx_word' id='word_1_562' title='bbox 590 3995 711 4065; x_wconf 84' lang='grc' dir='ltr'><strong>Θεῷ</strong></span> <span class='ocrx_word' id='word_1_563' title='bbox 729 3996 823 4049; x_wconf 79' lang='grc' dir='ltr'><strong>καὶ</strong></span> <span class='ocrx_word' id='word_1_564' title='bbox 844 3998 1037 4066; x_wconf 67' lang='lat' dir='ltr'><strong>“arpi,</strong></span> <span class='ocrx_word' id='word_1_565' title='bbox 1056 3998 1147 4051; x_wconf 74' lang='grc' dir='ltr'><strong>καὶ</strong></span> <span class='ocrx_word' id='word_1_566' title='bbox 1170 3999 1284 4064; x_wconf 88' lang='grc' dir='ltr'>νῦν,</span> <span class='ocrx_word' id='word_1_567' title='bbox 1306 3999 1421 4071; x_wconf 72' lang='grc' dir='ltr'>[καὶ</span> <span class='ocrx_word' id='word_1_568' title='bbox 1438 3999 1574 4071; x_wconf 79' lang='grc' dir='ltr'>ἀεὶ,]</span> <span class='ocrx_word' id='word_1_569' title='bbox 1596 4000 1690 4053; x_wconf 78' lang='grc' dir='ltr'>καὶ</span> <span class='ocrx_word' id='word_1_570' title='bbox 1708 4001 1787 4063; x_wconf 80' lang='grc' dir='ltr'><strong>εἰς</strong></span> <span class='ocrx_word' id='word_1_571' title='bbox 1806 4000 1931 4062; x_wconf 76' lang='grc' dir='ltr'>τοὺς</span> 
     </span>
    </p>
   </div>
   <div class='ocr_carea' id='block_1_73' title="bbox 350 4086 1180 4158">
    <p class='ocr_par' dir='ltr' id='par_1_73' title="bbox 350 4086 1180 4158">
     <span class='ocr_line' id='line_1_73' title="bbox 350 4086 1180 4158; baseline 0.004 -19"><span class='ocrx_word' id='word_1_572' title='bbox 350 4086 550 4148; x_wconf 80' lang='grc' dir='ltr'>αἰῶνας</span> <span class='ocrx_word' id='word_1_573' title='bbox 582 4086 689 4138; x_wconf 85' lang='grc' dir='ltr'><strong>τῶν</strong></span> <span class='ocrx_word' id='word_1_574' title='bbox 717 4086 948 4141; x_wconf 67' lang='grc' dir='ltr'>αἰώνων.</span> <span class='ocrx_word' id='word_1_575' title='bbox 990 4088 1180 4158; x_wconf 72' lang='grc' dir='ltr'>Ἀμήν.</span> 
     </span>
    </p>
   </div>
   <div class='ocr_carea' id='block_1_74' title="bbox 979 4293 1331 4362">
    <p class='ocr_par' dir='ltr' id='par_1_74' title="bbox 979 4293 1331 4362">
     <span class='ocr_line' id='line_1_74' title="bbox 979 4293 1331 4362; baseline -0.009 -15"><span class='ocrx_word' id='word_1_576' title='bbox 979 4293 1331 4362; x_wconf 72' lang='grc' dir='ltr'>Ἀνατροπή.</span> 
     </span>
    </p>
   </div>
   <div class='ocr_carea' id='block_1_75' title="bbox 427 4381 1932 4455">
    <p class='ocr_par' dir='ltr' id='par_1_75' title="bbox 427 4381 1932 4455">
     <span class='ocr_line' id='line_1_75' title="bbox 427 4381 1932 4455; baseline 0.004 -22"><span class='ocrx_word' id='word_1_577' title='bbox 427 4381 537 4434; x_wconf 74' lang='grc' dir='ltr'><strong>Καὶ</strong></span> <span class='ocrx_word' id='word_1_578' title='bbox 566 4381 660 4434; x_wconf 73' lang='grc' dir='ltr'><strong>ἐπὶ</strong></span> <span class='ocrx_word' id='word_1_579' title='bbox 704 4381 783 4452; x_wconf 85' lang='grc' dir='ltr'><strong>τῷ</strong></span> <span class='ocrx_word' id='word_1_580' title='bbox 813 4381 955 4434; x_wconf 82' lang='grc' dir='ltr'>τέλει</span> <span class='ocrx_word' id='word_1_581' title='bbox 1000 4384 1029 4434; x_wconf 84' lang='grc' dir='ltr'><strong>ὁ</strong></span> <span class='ocrx_word' id='word_1_582' title='bbox 1077 4382 1301 4447; x_wconf 77' lang='grc' dir='ltr'>Ἀἐτιος,</span> <span class='ocrx_word' id='word_1_583' title='bbox 1333 4382 1559 4452; x_wconf 80' lang='grc' dir='ltr'>γράφων</span> <span class='ocrx_word' id='word_1_584' title='bbox 1612 4383 1691 4455; x_wconf 81' lang='grc' dir='ltr'>τῷ</span> <span class='ocrx_word' id='word_1_585' title='bbox 1738 4385 1932 4440; x_wconf 79' lang='grc' dir='ltr'>ἑαυτοῦ</span> 
     </span>
    </p>
   </div>
   <div class='ocr_carea' id='block_1_76' title="bbox 356 4471 1937 4547">
    <p class='ocr_par' dir='ltr' id='par_1_76' title="bbox 356 4471 1937 4547">
     <span class='ocr_line' id='line_1_76' title="bbox 356 4471 1937 4547; baseline 0.003 -21"><span class='ocrx_word' id='word_1_586' title='bbox 356 4474 551 4545; x_wconf 79' lang='grc' dir='ltr'>θιάσῳ,</span> <span class='ocrx_word' id='word_1_587' title='bbox 582 4471 662 4539; x_wconf 71' lang='grc' dir='ltr'>οἷς</span> <span class='ocrx_word' id='word_1_588' title='bbox 687 4476 790 4547; x_wconf 75' lang='grc' dir='ltr'><strong>ἔφη</strong></span> <span class='ocrx_word' id='word_1_589' title='bbox 816 4476 1076 4546; x_wconf 78' lang='grc' dir='ltr'>ἀθληταῖς</span> <span class='ocrx_word' id='word_1_590' title='bbox 1102 4493 1160 4528; x_wconf 86' lang='grc' dir='ltr'><strong>τε</strong></span> <span class='ocrx_word' id='word_1_591' title='bbox 1196 4476 1290 4527; x_wconf 80' lang='grc' dir='ltr'>καὶ</span> <span class='ocrx_word' id='word_1_592' title='bbox 1315 4477 1652 4547; x_wconf 80' lang='grc' dir='ltr'>ἁθλητρίαις,</span> <span class='ocrx_word' id='word_1_593' title='bbox 1701 4477 1801 4530; x_wconf 85' lang='grc' dir='ltr'><strong>οὑκ</strong></span> <span class='ocrx_word' id='word_1_594' title='bbox 1832 4480 1937 4530; x_wconf 88' lang='grc' dir='ltr'>ἀπ·-</span> 
     </span>
    </p>
   </div>
   <div class='ocr_carea' id='block_1_77' title="bbox 360 4565 1935 4638">
    <p class='ocr_par' dir='ltr' id='par_1_77' title="bbox 360 4565 1935 4638">
     <span class='ocr_line' id='line_1_77' title="bbox 360 4565 1935 4638; baseline 0.002 -22"><span class='ocrx_word' id='word_1_595' title='bbox 360 4565 577 4618; x_wconf 84' lang='grc' dir='ltr'>ελίπετο</span> <span class='ocrx_word' id='word_1_596' title='bbox 623 4567 723 4635; x_wconf 83' lang='grc' dir='ltr'><strong>τῆς</strong></span> <span class='ocrx_word' id='word_1_597' title='bbox 763 4566 1015 4636; x_wconf 80' lang='grc' dir='ltr'>τοιαύτης</span> <span class='ocrx_word' id='word_1_598' title='bbox 1048 4566 1157 4617; x_wconf 85' lang='grc' dir='ltr'><strong>τῶν</strong></span> <span class='ocrx_word' id='word_1_599' title='bbox 1198 4566 1371 4633; x_wconf 90' lang='grc' dir='ltr'>λόγων</span> <span class='ocrx_word' id='word_1_600' title='bbox 1426 4567 1759 4638; x_wconf 81' lang='grc' dir='ltr'>μοχθηρίας,</span> <span class='ocrx_word' id='word_1_601' title='bbox 1800 4566 1935 4620; x_wconf 85' lang='grc' dir='ltr'><strong>ἀλλά</strong></span> 
     </span>
    </p>
   </div>
   <div class='ocr_carea' id='block_1_78' title="bbox 2378 3359 3256 3429">
    <p class='ocr_par' dir='ltr' id='par_1_78' title="bbox 2378 3359 3256 3429">
     <span class='ocr_line' id='line_1_78' title="bbox 2378 3359 3256 3429; baseline -0.01 -11"><span class='ocrx_word' id='word_1_602' title='bbox 2378 3364 2524 3418; x_wconf 79' lang='lat' dir='ltr'><strong>Aetii</strong></span> <span class='ocrx_word' id='word_1_603' title='bbox 2561 3362 2820 3419; x_wconf 75' lang='lat' dir='ltr'><strong>salutatio</strong></span> <span class='ocrx_word' id='word_1_604' title='bbox 2848 3362 2901 3414; x_wconf 84' lang='lat' dir='ltr'><strong>in</strong></span> <span class='ocrx_word' id='word_1_605' title='bbox 2931 3360 3035 3429; x_wconf 78' lang='lat' dir='ltr'><strong>ﬁne</strong></span> <span class='ocrx_word' id='word_1_606' title='bbox 3063 3359 3256 3428; x_wconf 84' lang='lat' dir='ltr'><strong>posita.</strong></span> 
     </span>
    </p>
   </div>
   <div class='ocr_carea' id='block_1_79' title="bbox 2100 3442 3609 3509">
    <p class='ocr_par' dir='ltr' id='par_1_79' title="bbox 2100 3442 3609 3509">
     <span class='ocr_line' id='line_1_79' title="bbox 2100 3442 3609 3509; baseline -0.006 -2"><span class='ocrx_word' id='word_1_607' title='bbox 2100 3450 2229 3508; x_wconf 87' lang='lat' dir='ltr'><strong>Post</strong></span> <span class='ocrx_word' id='word_1_608' title='bbox 2259 3452 2375 3509; x_wconf 71' lang='lat' dir='ltr'><strong>haec</strong></span> <span class='ocrx_word' id='word_1_609' title='bbox 2408 3452 2797 3508; x_wconf 86' lang='lat' dir='ltr'><strong>salutationem</strong></span> <span class='ocrx_word' id='word_1_610' title='bbox 2830 3447 3076 3505; x_wconf 83' lang='lat' dir='ltr'><strong>subtexit</strong></span> <span class='ocrx_word' id='word_1_611' title='bbox 3107 3446 3193 3501; x_wconf 86' lang='lat' dir='ltr'><strong>his</strong></span> <span class='ocrx_word' id='word_1_612' title='bbox 3221 3445 3404 3499; x_wconf 81' lang='lat' dir='ltr'><strong>verbis</strong></span> <span class='ocrx_word' id='word_1_613' title='bbox 3430 3462 3444 3497; x_wconf 88' lang='lat'><strong>:</strong></span> <span class='ocrx_word' id='word_1_614' title='bbox 3468 3442 3609 3498; x_wconf 86' lang='lat' dir='ltr'><strong>Deus</strong></span> 
     </span>
    </p>
   </div>
   <div class='ocr_carea' id='block_1_80' title="bbox 2030 3537 3611 3613">
    <p class='ocr_par' dir='ltr' id='par_1_80' title="bbox 2030 3537 3611 3613">
     <span class='ocr_line' id='line_1_80' title="bbox 2030 3537 3611 3613; baseline -0.006 -15"><span class='ocrx_word' id='word_1_615' title='bbox 2030 3543 2142 3610; x_wconf 89' lang='lat' dir='ltr'><strong>ille,</strong></span> <span class='ocrx_word' id='word_1_616' title='bbox 2175 3546 2271 3613; x_wconf 91' lang='lat' dir='ltr'><strong>qui</strong></span> <span class='ocrx_word' id='word_1_617' title='bbox 2302 3559 2333 3598; x_wconf 91' lang='lat' dir='ltr'><strong>a</strong></span> <span class='ocrx_word' id='word_1_618' title='bbox 2363 3541 2514 3597; x_wconf 83' lang='lat' dir='ltr'><strong>nullo</strong></span> <span class='ocrx_word' id='word_1_619' title='bbox 2557 3544 2667 3599; x_wconf 90' lang='lat' dir='ltr'><strong>alio</strong></span> <span class='ocrx_word' id='word_1_620' title='bbox 2703 3542 2920 3613; x_wconf 89' lang='lat' dir='ltr'><strong>genitus</strong></span> <span class='ocrx_word' id='word_1_621' title='bbox 2950 3548 3057 3603; x_wconf 91' lang='lat' dir='ltr'><strong>est,</strong></span> <span class='ocrx_word' id='word_1_622' title='bbox 3106 3538 3309 3607; x_wconf 84' lang='lat' dir='ltr'><strong>quique</strong></span> <span class='ocrx_word' id='word_1_623' title='bbox 3338 3537 3491 3591; x_wconf 87' lang='lat' dir='ltr'><strong>solus</strong></span> <span class='ocrx_word' id='word_1_624' title='bbox 3516 3551 3611 3589; x_wconf 83' lang='lat' dir='ltr'><strong>ve-</strong></span> 
     </span>
    </p>
   </div>
   <div class='ocr_carea' id='block_1_81' title="bbox 2031 3627 3613 3701">
    <p class='ocr_par' dir='ltr' id='par_1_81' title="bbox 2031 3627 3613 3701">
     <span class='ocr_line' id='line_1_81' title="bbox 2031 3627 3613 3701; baseline -0.006 -12"><span class='ocrx_word' id='word_1_625' title='bbox 2031 3652 2126 3691; x_wconf 91' lang='lat' dir='ltr'><strong>rus</strong></span> <span class='ocrx_word' id='word_1_626' title='bbox 2173 3635 2319 3691; x_wconf 86' lang='lat' dir='ltr'><strong>Deus</strong></span> <span class='ocrx_word' id='word_1_627' title='bbox 2359 3636 2431 3690; x_wconf 89' lang='lat' dir='ltr'><strong>ab</strong></span> <span class='ocrx_word' id='word_1_628' title='bbox 2452 3633 2584 3691; x_wconf 75' lang='lat' dir='ltr'><strong>Iesu</strong></span> <span class='ocrx_word' id='word_1_629' title='bbox 2617 3633 2861 3694; x_wconf 84' lang='lat' dir='ltr'><strong>Christo,</strong></span> <span class='ocrx_word' id='word_1_630' title='bbox 2911 3645 3074 3701; x_wconf 89' lang='lat' dir='ltr'><strong>quem</strong></span> <span class='ocrx_word' id='word_1_631' title='bbox 3105 3628 3198 3684; x_wconf 89' lang='lat' dir='ltr'><strong>ille</strong></span> <span class='ocrx_word' id='word_1_632' title='bbox 3229 3627 3475 3690; x_wconf 88' lang='lat' dir='ltr'><strong>miserat,</strong></span> <span class='ocrx_word' id='word_1_633' title='bbox 3514 3641 3613 3695; x_wconf 82' lang='lat' dir='ltr'><strong>ap-</strong></span> 
     </span>
    </p>
   </div>
   <div class='ocr_carea' id='block_1_82' title="bbox 2032 3718 3613 3796">
    <p class='ocr_par' dir='ltr' id='par_1_82' title="bbox 2032 3718 3613 3796">
     <span class='ocr_line' id='line_1_82' title="bbox 2032 3718 3613 3796; baseline -0.007 -16"><span class='ocrx_word' id='word_1_634' title='bbox 2032 3726 2268 3796; x_wconf 88' lang='lat' dir='ltr'><strong>pellatus</strong></span> <span class='ocrx_word' id='word_1_635' title='bbox 2313 3734 2399 3781; x_wconf 89' lang='lat' dir='ltr'><strong>est</strong></span> <span class='ocrx_word' id='word_1_636' title='bbox 2420 3726 2464 3789; x_wconf 88' lang='grc'>³,</span> <span class='ocrx_word' id='word_1_637' title='bbox 2509 3724 2757 3787; x_wconf 83' lang='lat' dir='ltr'><strong>Christo,</strong></span> <span class='ocrx_word' id='word_1_638' title='bbox 2796 3721 3046 3791; x_wconf 87' lang='lat' dir='ltr'><strong>inquam,</strong></span> <span class='ocrx_word' id='word_1_639' title='bbox 3101 3718 3195 3787; x_wconf 88' lang='lat' dir='ltr'><strong>qui</strong></span> <span class='ocrx_word' id='word_1_640' title='bbox 3249 3731 3441 3771; x_wconf 87' lang='lat' dir='ltr'><strong>revera</strong></span> <span class='ocrx_word' id='word_1_641' title='bbox 3485 3723 3613 3769; x_wconf 88' lang='lat' dir='ltr'><strong>ante</strong></span> 
     </span>
    </p>
   </div>
   <div class='ocr_carea' id='block_1_83' title="bbox 2032 3805 3611 3880">
    <p class='ocr_par' dir='ltr' id='par_1_83' title="bbox 2032 3805 3611 3880">
     <span class='ocr_line' id='line_1_83' title="bbox 2032 3805 3611 3880; baseline -0.01 -7"><span class='ocrx_word' id='word_1_642' title='bbox 2032 3818 2235 3873; x_wconf 64' lang='lat' dir='ltr'><strong>saecula</strong></span> <span class='ocrx_word' id='word_1_643' title='bbox 2282 3816 2467 3871; x_wconf 89' lang='lat' dir='ltr'><strong>omnia</strong></span> <span class='ocrx_word' id='word_1_644' title='bbox 2515 3813 2749 3879; x_wconf 78' lang='lat' dir='ltr'><strong>exstitit,</strong></span> <span class='ocrx_word' id='word_1_645' title='bbox 2800 3818 2995 3880; x_wconf 89' lang='lat' dir='ltr'><strong>estque</strong></span> <span class='ocrx_word' id='word_1_646' title='bbox 3044 3809 3163 3863; x_wconf 88' lang='lat' dir='ltr'><strong>sine</strong></span> <span class='ocrx_word' id='word_1_647' title='bbox 3212 3806 3381 3861; x_wconf 88' lang='lat' dir='ltr'><strong>dubio</strong></span> <span class='ocrx_word' id='word_1_648' title='bbox 3430 3805 3611 3874; x_wconf 88' lang='lat' dir='ltr'><strong>genita</strong></span> 
     </span>
    </p>
   </div>
   <div class='ocr_carea' id='block_1_84' title="bbox 2032 3893 3613 3971">
    <p class='ocr_par' dir='ltr' id='par_1_84' title="bbox 2032 3893 3613 3971">
     <span class='ocr_line' id='line_1_84' title="bbox 2032 3893 3613 3971; baseline -0.012 -6"><span class='ocrx_word' id='word_1_649' title='bbox 2032 3906 2368 3971; x_wconf 84' lang='lat' dir='ltr'><strong>substantia,</strong></span> <span class='ocrx_word' id='word_1_650' title='bbox 2418 3919 2585 3960; x_wconf 92' lang='lat' dir='ltr'><strong>sanos</strong></span> <span class='ocrx_word' id='word_1_651' title='bbox 2634 3917 2752 3967; x_wconf 89' lang='lat' dir='ltr'><strong>vos,</strong></span> <span class='ocrx_word' id='word_1_652' title='bbox 2787 3908 2842 3955; x_wconf 89' lang='lat' dir='ltr'><strong>et</strong></span> <span class='ocrx_word' id='word_1_653' title='bbox 2884 3912 3074 3960; x_wconf 89' lang='lat' dir='ltr'><strong>sanas,</strong></span> <span class='ocrx_word' id='word_1_654' title='bbox 3099 3906 3153 3951; x_wconf 90' lang='lat' dir='ltr'><strong>et</strong></span> <span class='ocrx_word' id='word_1_655' title='bbox 3196 3896 3500 3950; x_wconf 89' lang='lat' dir='ltr'><strong>incolumes</strong></span> <span class='ocrx_word' id='word_1_656' title='bbox 3542 3893 3613 3947; x_wconf 87' lang='lat' dir='ltr'><strong>ab</strong></span> 
     </span>
    </p>
   </div>
   <div class='ocr_carea' id='block_1_85' title="bbox 2033 3983 3614 4068">
    <p class='ocr_par' dir='ltr' id='par_1_85' title="bbox 2033 3983 3614 4068">
     <span class='ocr_line' id='line_1_85' title="bbox 2033 3983 3614 4068; baseline -0.011 -15"><span class='ocrx_word' id='word_1_657' title='bbox 2033 3997 2317 4068; x_wconf 86' lang='lat' dir='ltr'><strong>impietate</strong></span> <span class='ocrx_word' id='word_1_658' title='bbox 2349 3994 2649 4057; x_wconf 84' lang='lat' dir='ltr'><strong>custodiat,</strong></span> <span class='ocrx_word' id='word_1_659' title='bbox 2680 3992 2738 4046; x_wconf 89' lang='lat' dir='ltr'><strong>in</strong></span> <span class='ocrx_word' id='word_1_660' title='bbox 2765 3988 2984 4045; x_wconf 87' lang='lat' dir='ltr'><strong>Christo</strong></span> <span class='ocrx_word' id='word_1_661' title='bbox 2996 3983 3286 4041; x_wconf 89' lang='lat' dir='ltr'><strong>Servatore</strong></span> <span class='ocrx_word' id='word_1_662' title='bbox 3300 3990 3505 4047; x_wconf 90' lang='lat' dir='ltr'><strong>nostro,</strong></span> <span class='ocrx_word' id='word_1_663' title='bbox 3517 3995 3614 4051; x_wconf 86' lang='lat' dir='ltr'><strong>per</strong></span> 
     </span>
    </p>
   </div>
   <div class='ocr_carea' id='block_1_86' title="bbox 2034 4070 3612 4157">
    <p class='ocr_par' dir='ltr' id='par_1_86' title="bbox 2034 4070 3612 4157">
     <span class='ocr_line' id='line_1_86' title="bbox 2034 4070 3612 4157; baseline -0.009 -16"><span class='ocrx_word' id='word_1_664' title='bbox 2034 4102 2197 4157; x_wconf 87' lang='lat' dir='ltr'><strong>quem</strong></span> <span class='ocrx_word' id='word_1_665' title='bbox 2231 4086 2413 4139; x_wconf 90' lang='lat' dir='ltr'><strong>omnis</strong></span> <span class='ocrx_word' id='word_1_666' title='bbox 2440 4081 2615 4153; x_wconf 88' lang='lat' dir='ltr'><strong>gloria</strong></span> <span class='ocrx_word' id='word_1_667' title='bbox 2642 4080 2816 4143; x_wconf 90' lang='lat' dir='ltr'><strong>Patri,</strong></span> <span class='ocrx_word' id='word_1_668' title='bbox 2847 4086 2904 4133; x_wconf 92' lang='lat' dir='ltr'><strong>et</strong></span> <span class='ocrx_word' id='word_1_669' title='bbox 2930 4091 3077 4131; x_wconf 91' lang='lat' dir='ltr'><strong>nunc</strong></span> <span class='ocrx_word' id='word_1_670' title='bbox 3104 4082 3160 4129; x_wconf 85' lang='lat' dir='ltr'><strong>et</strong></span> <span class='ocrx_word' id='word_1_671' title='bbox 3191 4087 3427 4143; x_wconf 78' lang='lat' dir='ltr'><strong>semper,</strong></span> <span class='ocrx_word' id='word_1_672' title='bbox 3469 4080 3526 4127; x_wconf 92' lang='lat' dir='ltr'><strong>et</strong></span> <span class='ocrx_word' id='word_1_673' title='bbox 3555 4070 3612 4127; x_wconf 82' lang='lat' dir='ltr'><strong>in</strong></span> 
     </span>
    </p>
   </div>
   <div class='ocr_carea' id='block_1_87' title="bbox 2035 4170 2841 4232">
    <p class='ocr_par' dir='ltr' id='par_1_87' title="bbox 2035 4170 2841 4232">
     <span class='ocr_line' id='line_1_87' title="bbox 2035 4170 2841 4232; baseline -0.015 1"><span class='ocrx_word' id='word_1_674' title='bbox 2035 4174 2237 4232; x_wconf 76' lang='lat' dir='ltr'><strong>saecula</strong></span> <span class='ocrx_word' id='word_1_675' title='bbox 2265 4173 2612 4230; x_wconf 66' lang='lat' dir='ltr'><strong>saeculorum.</strong></span> <span class='ocrx_word' id='word_1_676' title='bbox 2644 4170 2841 4223; x_wconf 83' lang='lat' dir='ltr'><strong>Amen.</strong></span> 
     </span>
    </p>
   </div>
   <div class='ocr_carea' id='block_1_88' title="bbox 2662 4277 2994 4346">
    <p class='ocr_par' dir='ltr' id='par_1_88' title="bbox 2662 4277 2994 4346">
     <span class='ocr_line' id='line_1_88' title="bbox 2662 4277 2994 4346; baseline 0 -13"><span class='ocrx_word' id='word_1_677' title='bbox 2662 4277 2994 4346; x_wconf 78' lang='lat' dir='ltr'><strong>Confutatio.</strong></span> 
     </span>
    </p>
   </div>
   <div class='ocr_carea' id='block_1_89' title="bbox 2110 4359 3611 4445">
    <p class='ocr_par' dir='ltr' id='par_1_89' title="bbox 2110 4359 3611 4445">
     <span class='ocr_line' id='line_1_89' title="bbox 2110 4359 3611 4445; baseline -0.012 -13"><span class='ocrx_word' id='word_1_678' title='bbox 2110 4376 2227 4432; x_wconf 84' lang='lat' dir='ltr'><strong>Sub</strong></span> <span class='ocrx_word' id='word_1_679' title='bbox 2253 4372 2503 4445; x_wconf 81' lang='lat' dir='ltr'><strong>opusculi</strong></span> <span class='ocrx_word' id='word_1_680' title='bbox 2544 4371 2705 4425; x_wconf 82' lang='lat' dir='ltr'><strong>ﬁnem</strong></span> <span class='ocrx_word' id='word_1_681' title='bbox 2737 4369 2805 4423; x_wconf 88' lang='lat' dir='ltr'><strong>ad</strong></span> <span class='ocrx_word' id='word_1_682' title='bbox 2833 4366 3049 4423; x_wconf 87' lang='lat' dir='ltr'><strong>sodales</strong></span> <span class='ocrx_word' id='word_1_683' title='bbox 3076 4377 3207 4420; x_wconf 88' lang='lat' dir='ltr'><strong>suos</strong></span> <span class='ocrx_word' id='word_1_684' title='bbox 3231 4360 3481 4418; x_wconf 78' lang='lat' dir='ltr'><strong>scribens</strong></span> <span class='ocrx_word' id='word_1_685' title='bbox 3503 4359 3611 4415; x_wconf 79' lang='lat' dir='ltr'><strong>Ae-</strong></span> 
     </span>
    </p>
   </div>
   <div class='ocr_carea' id='block_1_90' title="bbox 2035 4454 3719 4537">
    <p class='ocr_par' dir='ltr' id='par_1_90' title="bbox 2035 4454 3719 4537">
     <span class='ocr_line' id='line_1_90' title="bbox 2035 4454 3719 4537; baseline -0.012 -14"><span class='ocrx_word' id='word_1_686' title='bbox 2035 4470 2166 4532; x_wconf 87' lang='lat' dir='ltr'><strong>tius,</strong></span> <span class='ocrx_word' id='word_1_687' title='bbox 2207 4482 2346 4537; x_wconf 85' lang='lat' dir='ltr'><strong>quos</strong></span> <span class='ocrx_word' id='word_1_688' title='bbox 2392 4465 2647 4523; x_wconf 84' lang='lat' dir='ltr'><strong>athletas,</strong></span> <span class='ocrx_word' id='word_1_689' title='bbox 2686 4469 2741 4517; x_wconf 90' lang='lat' dir='ltr'><strong>et</strong></span> <span class='ocrx_word' id='word_1_690' title='bbox 2776 4459 3060 4514; x_wconf 84' lang='lat' dir='ltr'><strong>athletrias</strong></span> <span class='ocrx_word' id='word_1_691' title='bbox 3094 4454 3360 4517; x_wconf 89' lang='lat' dir='ltr'><strong>nominat,</strong></span> <span class='ocrx_word' id='word_1_692' title='bbox 3395 4468 3465 4506; x_wconf 93' lang='lat' dir='ltr'><strong>ne</strong></span> <span class='ocrx_word' id='word_1_693' title='bbox 3497 4458 3613 4505; x_wconf 86' lang='lat' dir='ltr'><strong>tum</strong></span> <span class='ocrx_word' id='word_1_694' title='bbox 3706 4512 3719 4516; x_wconf 15' lang='grc' dir='ltr'><strong>ς</strong></span> 
     </span>
    </p>
   </div>
   <div class='ocr_carea' id='block_1_91' title="bbox 2038 4544 3617 4630">
    <p class='ocr_par' dir='ltr' id='par_1_91' title="bbox 2038 4544 3617 4630">
     <span class='ocr_line' id='line_1_91' title="bbox 2038 4544 3617 4630; baseline -0.01 -17"><span class='ocrx_word' id='word_1_695' title='bbox 2038 4560 2257 4630; x_wconf 90' lang='lat' dir='ltr'><strong>quidem</strong></span> <span class='ocrx_word' id='word_1_696' title='bbox 2289 4557 2358 4611; x_wconf 90' lang='lat' dir='ltr'><strong>ab</strong></span> <span class='ocrx_word' id='word_1_697' title='bbox 2392 4556 2573 4624; x_wconf 91' lang='lat' dir='ltr'><strong>impiis</strong></span> <span class='ocrx_word' id='word_1_698' title='bbox 2606 4553 2835 4607; x_wconf 82' lang='lat' dir='ltr'><strong>vocibus</strong></span> <span class='ocrx_word' id='word_1_699' title='bbox 2872 4548 3158 4613; x_wconf 83' lang='lat' dir='ltr'><strong>abstinuit,</strong></span> <span class='ocrx_word' id='word_1_700' title='bbox 3198 4547 3293 4602; x_wconf 91' lang='lat' dir='ltr'><strong>sed</strong></span> <span class='ocrx_word' id='word_1_701' title='bbox 3333 4547 3388 4599; x_wconf 93' lang='lat' dir='ltr'><strong>in</strong></span> <span class='ocrx_word' id='word_1_702' title='bbox 3422 4544 3617 4600; x_wconf 85' lang='lat' dir='ltr'><strong>valedi-</strong></span> 
     </span>
    </p>
   </div>
   <div class='ocr_carea' id='block_1_92' title="bbox 359 4635 1922 4728">
    <p class='ocr_par' dir='ltr' id='par_1_92' title="bbox 359 4635 1922 4728">
     <span class='ocr_line' id='line_1_92' title="bbox 359 4635 1922 4728; baseline 0.001 -19"><span class='ocrx_word' id='word_1_703' title='bbox 359 4657 453 4709; x_wconf 73' lang='grc' dir='ltr'>καὶ</span> <span class='ocrx_word' id='word_1_704' title='bbox 481 4657 539 4708; x_wconf 82' lang='grc' dir='ltr'>ὲν</span> <span class='ocrx_word' id='word_1_705' title='bbox 564 4656 640 4726; x_wconf 81' lang='grc' dir='ltr'>τῷ</span> <span class='ocrx_word' id='word_1_706' title='bbox 674 4656 946 4728; x_wconf 49' lang='lat' dir='ltr'><strong>capacem</strong></span> <span class='ocrx_word' id='word_1_707' title='bbox 970 4635 1249 4721; x_wconf 79' lang='grc' dir='ltr'>ἀπέδειξεν</span> <span class='ocrx_word' id='word_1_708' title='bbox 1273 4635 1436 4710; x_wconf 89' lang='grc' dir='ltr'>αὑτοῦ</span> <span class='ocrx_word' id='word_1_709' title='bbox 1466 4635 1566 4727; x_wconf 77' lang='grc' dir='ltr'>τῆς</span> <span class='ocrx_word' id='word_1_710' title='bbox 1591 4635 1922 4720; x_wconf 70' lang='grc' dir='ltr'>διδασκαλίας</span> 
     </span>
    </p>
   </div>
   <div class='ocr_carea' id='block_1_93' title="bbox 2029 4635 3615 4728">
    <p class='ocr_par' dir='ltr' id='par_1_93' title="bbox 2039 4635 3615 4716">
     <span class='ocr_line' id='line_1_93' title="bbox 2039 4635 3615 4716; baseline -0.01 -13"><span class='ocrx_word' id='word_1_711' title='bbox 2039 4649 2215 4703; x_wconf 88' lang='lat' dir='ltr'><strong>cendo</strong></span> <span class='ocrx_word' id='word_1_712' title='bbox 2248 4658 2466 4716; x_wconf 88' lang='lat' dir='ltr'><strong>quoque</strong></span> <span class='ocrx_word' id='word_1_713' title='bbox 2513 4642 2811 4697; x_wconf 87' lang='lat' dir='ltr'><strong>abhorrere</strong></span> <span class='ocrx_word' id='word_1_714' title='bbox 2863 4654 2923 4694; x_wconf 86' lang='lat' dir='ltr'><strong>se</strong></span> <span class='ocrx_word' id='word_1_715' title='bbox 2976 4639 3046 4692; x_wconf 90' lang='lat' dir='ltr'><strong>ab</strong></span> <span class='ocrx_word' id='word_1_716' title='bbox 3090 4638 3306 4693; x_wconf 88' lang='lat' dir='ltr'><strong>sincera</strong></span> <span class='ocrx_word' id='word_1_717' title='bbox 3364 4635 3615 4690; x_wconf 89' lang='lat' dir='ltr'><strong>doctrina</strong></span> 
     </span>
    </p>
   </div>
   <div class='ocr_carea' id='block_1_94' title="bbox 357 4725 1922 4818">
    <p class='ocr_par' dir='ltr' id='par_1_94' title="bbox 357 4725 1922 4818">
     <span class='ocr_line' id='line_1_94' title="bbox 357 4725 1922 4818; baseline 0.002 -20"><span class='ocrx_word' id='word_1_718' title='bbox 357 4746 422 4798; x_wconf 88' lang='grc' dir='ltr'><strong>τὸ</strong></span> <span class='ocrx_word' id='word_1_719' title='bbox 470 4725 769 4817; x_wconf 78' lang='grc' dir='ltr'>ἀλλότριον.</span> <span class='ocrx_word' id='word_1_720' title='bbox 818 4748 1021 4801; x_wconf 66' lang='lat' dir='ltr'><strong>edam</strong></span> <span class='ocrx_word' id='word_1_721' title='bbox 1068 4747 1208 4818; x_wconf 86' lang='grc' dir='ltr'>γάρ·</span> <span class='ocrx_word' id='word_1_722' title='bbox 1267 4725 1671 4816; x_wconf 54' lang='grc' dir='ltr'>Ἐῥρωμέν-ους</span> <span class='ocrx_word' id='word_1_723' title='bbox 1710 4746 1868 4816; x_wconf 79' lang='grc' dir='ltr'>ὑμᾶς</span> <span class='ocrx_word' id='word_1_724' title='bbox 1900 4755 1922 4800; x_wconf 83' lang='lat' dir='ltr'><em>c</em></span> 
     </span>
    </p>
   </div>
   <div class='ocr_carea' id='block_1_95' title="bbox 2029 4725 3617 4818">
    <p class='ocr_par' dir='ltr' id='par_1_95' title="bbox 2041 4726 3617 4803">
     <span class='ocr_line' id='line_1_95' title="bbox 2041 4726 3617 4803; baseline -0.008 -11"><span class='ocrx_word' id='word_1_725' title='bbox 2041 4737 2386 4793; x_wconf 76' lang='lat' dir='ltr'><strong>monstravit.</strong></span> <span class='ocrx_word' id='word_1_726' title='bbox 2418 4735 2509 4789; x_wconf 91' lang='lat' dir='ltr'><strong>Sic</strong></span> <span class='ocrx_word' id='word_1_727' title='bbox 2541 4736 2686 4790; x_wconf 89' lang='lat' dir='ltr'><strong>enim</strong></span> <span class='ocrx_word' id='word_1_728' title='bbox 2714 4732 2954 4803; x_wconf 83' lang='lat' dir='ltr'><strong>loquitur</strong></span> <span class='ocrx_word' id='word_1_729' title='bbox 2982 4749 2995 4785; x_wconf 91' lang='lat'>:</span> <span class='ocrx_word' id='word_1_730' title='bbox 3024 4728 3197 4784; x_wconf 77' lang='lat' dir='ltr'><strong>Sanos</strong></span> <span class='ocrx_word' id='word_1_731' title='bbox 3229 4745 3319 4784; x_wconf 72' lang='lat' dir='ltr'><strong>vos</strong></span> <span class='ocrx_word' id='word_1_732' title='bbox 3350 4738 3401 4782; x_wconf 82' lang='lat' dir='ltr'><strong>et</strong></span> <span class='ocrx_word' id='word_1_733' title='bbox 3434 4726 3617 4781; x_wconf 81' lang='lat' dir='ltr'><strong>valea-</strong></span> 
     </span>
    </p>
   </div>
   <div class='ocr_carea' id='block_1_96' title="bbox 358 4836 1939 4906">
    <p class='ocr_par' dir='ltr' id='par_1_96' title="bbox 358 4836 1939 4906">
     <span class='ocr_line' id='line_1_96' title="bbox 358 4836 1939 4906; baseline 0.001 -19"><span class='ocrx_word' id='word_1_734' title='bbox 358 4836 443 4888; x_wconf 89' lang='grc' dir='ltr'>ὢν</span> <span class='ocrx_word' id='word_1_735' title='bbox 490 4836 925 4906; x_wconf 68' lang='grc' dir='ltr'>αὐτογέννητος</span> <span class='ocrx_word' id='word_1_736' title='bbox 983 4837 1147 4903; x_wconf 81' lang='grc' dir='ltr'>Θεός.</span> <span class='ocrx_word' id='word_1_737' title='bbox 1184 4836 1257 4889; x_wconf 86' lang='grc' dir='ltr'>Οὑ</span> <span class='ocrx_word' id='word_1_738' title='bbox 1313 4836 1560 4903; x_wconf 83' lang='grc' dir='ltr'>συνιδὼν,</span> <span class='ocrx_word' id='word_1_739' title='bbox 1617 4838 1700 4890; x_wconf 84' lang='grc' dir='ltr'>ὅτι</span> <span class='ocrx_word' id='word_1_740' title='bbox 1748 4837 1806 4889; x_wconf 85' lang='grc' dir='ltr'>ὲν</span> <span class='ocrx_word' id='word_1_741' title='bbox 1853 4837 1939 4889; x_wconf 80' lang='grc' dir='ltr'>ἑνὶ</span> 
     </span>
    </p>
   </div>
   <div class='ocr_carea' id='block_1_97' title="bbox 360 4926 1936 4999">
    <p class='ocr_par' dir='ltr' id='par_1_97' title="bbox 360 4926 1936 4999">
     <span class='ocr_line' id='line_1_97' title="bbox 360 4926 1936 4999; baseline 0 -20"><span class='ocrx_word' id='word_1_742' title='bbox 360 4926 506 4997; x_wconf 78' lang='grc' dir='ltr'>λόγῳ</span> <span class='ocrx_word' id='word_1_743' title='bbox 532 4927 688 4980; x_wconf 75' lang='grc' dir='ltr'>ἔλυσε</span> <span class='ocrx_word' id='word_1_744' title='bbox 724 4928 787 4980; x_wconf 85' lang='grc' dir='ltr'><strong>τὸ</strong></span> <span class='ocrx_word' id='word_1_745' title='bbox 822 4930 929 4981; x_wconf 77' lang='grc' dir='ltr'><strong>πᾶν</strong></span> <span class='ocrx_word' id='word_1_746' title='bbox 966 4929 1065 4997; x_wconf 85' lang='grc' dir='ltr'>τῆς</span> <span class='ocrx_word' id='word_1_747' title='bbox 1096 4927 1261 4982; x_wconf 84' lang='grc' dir='ltr'>αὑτοῦ</span> <span class='ocrx_word' id='word_1_748' title='bbox 1291 4929 1608 4999; x_wconf 73' lang='grc' dir='ltr'>ὑποσπορᾶς</span> <span class='ocrx_word' id='word_1_749' title='bbox 1638 4926 1732 4980; x_wconf 81' lang='grc' dir='ltr'><strong>τοῦ</strong></span> <span class='ocrx_word' id='word_1_750' title='bbox 1770 4927 1936 4997; x_wconf 78' lang='grc' dir='ltr'>ζητή-</span> 
     </span>
    </p>
   </div>
   <div class='ocr_carea' id='block_1_98' title="bbox 365 5017 1936 5090">
    <p class='ocr_par' dir='ltr' id='par_1_98' title="bbox 365 5017 1936 5090">
     <span class='ocr_line' id='line_1_98' title="bbox 365 5017 1936 5090; baseline -0.001 -20"><span class='ocrx_word' id='word_1_751' title='bbox 365 5037 551 5088; x_wconf 77' lang='grc' dir='ltr'>ματος.</span> <span class='ocrx_word' id='word_1_752' title='bbox 581 5020 766 5089; x_wconf 78' lang='grc' dir='ltr'>Φήσας</span> <span class='ocrx_word' id='word_1_753' title='bbox 803 5019 911 5090; x_wconf 86' lang='grc' dir='ltr'>γὰρ</span> <span class='ocrx_word' id='word_1_754' title='bbox 940 5020 998 5072; x_wconf 77' lang='grc' dir='ltr'>ὲν</span> <span class='ocrx_word' id='word_1_755' title='bbox 1024 5022 1139 5083; x_wconf 82' lang='grc' dir='ltr'>τοῖς</span> <span class='ocrx_word' id='word_1_756' title='bbox 1176 5020 1437 5073; x_wconf 85' lang='grc' dir='ltr'>ἀνωτάτω</span> <span class='ocrx_word' id='word_1_757' title='bbox 1464 5019 1776 5086; x_wconf 85' lang='grc' dir='ltr'>κεφαλαίοις</span> <span class='ocrx_word' id='word_1_758' title='bbox 1808 5017 1936 5087; x_wconf 72' lang='grc' dir='ltr'>περὶ</span> 
     </span>
    </p>
   </div>
   <div class='ocr_carea' id='block_1_99' title="bbox 362 5108 1937 5181">
    <p class='ocr_par' dir='ltr' id='par_1_99' title="bbox 362 5108 1937 5181">
     <span class='ocr_line' id='line_1_99' title="bbox 362 5108 1937 5181; baseline 0.001 -21"><span class='ocrx_word' id='word_1_759' title='bbox 362 5110 656 5180; x_wconf 82' lang='grc' dir='ltr'>ἀγεννήτου</span> <span class='ocrx_word' id='word_1_760' title='bbox 680 5110 840 5171; x_wconf 85' lang='grc' dir='ltr'>Θεοῦ,</span> <span class='ocrx_word' id='word_1_761' title='bbox 916 5111 979 5162; x_wconf 85' lang='grc' dir='ltr'><strong>οὑ</strong></span> <span class='ocrx_word' id='word_1_762' title='bbox 1004 5111 1240 5181; x_wconf 81' lang='grc' dir='ltr'>πρόοιδε,</span> <span class='ocrx_word' id='word_1_763' title='bbox 1310 5111 1404 5163; x_wconf 81' lang='grc' dir='ltr'><strong>καὶ</strong></span> <span class='ocrx_word' id='word_1_764' title='bbox 1422 5112 1503 5163; x_wconf 85' lang='grc' dir='ltr'>ὅτι</span> <span class='ocrx_word' id='word_1_765' title='bbox 1531 5129 1551 5161; x_wconf 73' lang='grc' dir='ltr'>σ</span> <span class='ocrx_word' id='word_1_766' title='bbox 1578 5109 1715 5163; x_wconf 81' lang='grc' dir='ltr'>Οῦτε</span> <span class='ocrx_word' id='word_1_767' title='bbox 1745 5108 1937 5161; x_wconf 82' lang='grc' dir='ltr'>ἑαυτὸν</span> 
     </span>
    </p>
   </div>
   <div class='ocr_carea' id='block_1_100' title="bbox 362 5196 1941 5269">
    <p class='ocr_par' dir='ltr' id='par_1_100' title="bbox 362 5196 1941 5269">
     <span class='ocr_line' id='line_1_100' title="bbox 362 5196 1941 5269; baseline -0.001 -20"><span class='ocrx_word' id='word_1_768' title='bbox 362 5199 555 5257; x_wconf 75' lang='grc' dir='ltr'>ἐποίει,</span> <span class='ocrx_word' id='word_1_769' title='bbox 573 5219 591 5248; x_wconf 76' lang='grc' dir='ltr'><strong>ι</strong></span> <span class='ocrx_word' id='word_1_770' title='bbox 606 5198 839 5252; x_wconf 78' lang='grc' dir='ltr'>ἐνταῦθα</span> <span class='ocrx_word' id='word_1_771' title='bbox 861 5200 1299 5268; x_wconf 71' lang='grc' dir='ltr'>αὑτογέννητονή</span> <span class='ocrx_word' id='word_1_772' title='bbox 1309 5201 1400 5267; x_wconf 84' lang='grc' dir='ltr'>μίν</span> <span class='ocrx_word' id='word_1_773' title='bbox 1424 5197 1765 5269; x_wconf 80' lang='grc' dir='ltr'>παρεισάγει.</span> <span class='ocrx_word' id='word_1_774' title='bbox 1783 5196 1941 5248; x_wconf 77' lang='grc' dir='ltr'>Πᾶσα</span> 
     </span>
    </p>
   </div>
   <div class='ocr_carea' id='block_1_101' title="bbox 361 5285 1934 5361">
    <p class='ocr_par' dir='ltr' id='par_1_101' title="bbox 361 5285 1934 5361">
     <span class='ocr_line' id='line_1_101' title="bbox 361 5285 1934 5361; baseline -0.001 -22"><span class='ocrx_word' id='word_1_775' title='bbox 361 5287 419 5339; x_wconf 75' lang='grc' dir='ltr'><strong>δὲ</strong></span> <span class='ocrx_word' id='word_1_776' title='bbox 453 5288 659 5342; x_wconf 78' lang='grc' dir='ltr'>διάνοια</span> <span class='ocrx_word' id='word_1_777' title='bbox 692 5291 749 5341; x_wconf 81' lang='grc' dir='ltr'>ὲν</span> <span class='ocrx_word' id='word_1_778' title='bbox 779 5289 920 5361; x_wconf 71' lang='grc' dir='ltr'>λήθῃ</span> <span class='ocrx_word' id='word_1_779' title='bbox 950 5290 1147 5359; x_wconf 67' lang='grc' dir='ltr'>ἑαυτῆς</span> <span class='ocrx_word' id='word_1_780' title='bbox 1179 5288 1407 5356; x_wconf 89' lang='grc' dir='ltr'>γίνεται,</span> <span class='ocrx_word' id='word_1_781' title='bbox 1446 5288 1593 5350; x_wconf 81' lang='grc' dir='ltr'>ὅπως</span> <span class='ocrx_word' id='word_1_782' title='bbox 1637 5285 1934 5357; x_wconf 79' lang='grc' dir='ltr'>φωραθείη.</span> 
     </span>
    </p>
   </div>
   <div class='ocr_carea' id='block_1_102' title="bbox 365 5375 1943 5451">
    <p class='ocr_par' dir='ltr' id='par_1_102' title="bbox 365 5375 1943 5451">
     <span class='ocr_line' id='line_1_102' title="bbox 365 5375 1943 5451; baseline -0.002 -19"><span class='ocrx_word' id='word_1_783' title='bbox 365 5375 501 5432; x_wconf 85' lang='grc' dir='ltr'>Εἶτά</span> <span class='ocrx_word' id='word_1_784' title='bbox 528 5398 698 5450; x_wconf 78' lang='grc' dir='ltr'>φησι·</span> <span class='ocrx_word' id='word_1_785' title='bbox 727 5398 747 5431; x_wconf 76' lang='grc' dir='ltr'><strong>ι</strong></span> <span class='ocrx_word' id='word_1_786' title='bbox 790 5381 847 5433; x_wconf 81' lang='grc' dir='ltr'>Ὁ</span> <span class='ocrx_word' id='word_1_787' title='bbox 876 5380 969 5433; x_wconf 79' lang='grc' dir='ltr'>καὶ</span> <span class='ocrx_word' id='word_1_788' title='bbox 1005 5381 1159 5451; x_wconf 82' lang='grc' dir='ltr'>μόνος</span> <span class='ocrx_word' id='word_1_789' title='bbox 1203 5380 1293 5433; x_wconf 88' lang='grc' dir='ltr'><strong>διά</strong></span> <span class='ocrx_word' id='word_1_790' title='bbox 1337 5378 1496 5432; x_wconf 87' lang='grc' dir='ltr'>τοῦτο</span> <span class='ocrx_word' id='word_1_791' title='bbox 1529 5377 1779 5449; x_wconf 79' lang='grc' dir='ltr'>ἀληθινὸς</span> <span class='ocrx_word' id='word_1_792' title='bbox 1810 5377 1943 5440; x_wconf 87' lang='grc' dir='ltr'>Θεὸς</span> 
     </span>
    </p>
   </div>
   <div class='ocr_carea' id='block_1_103' title="bbox 368 5468 1940 5543">
    <p class='ocr_par' dir='ltr' id='par_1_103' title="bbox 368 5468 1940 5543">
     <span class='ocr_line' id='line_1_103' title="bbox 368 5468 1940 5543; baseline -0.003 -19"><span class='ocrx_word' id='word_1_793' title='bbox 368 5471 847 5543; x_wconf 78' lang='grc' dir='ltr'>προσαγορευθείς.</span> <span class='ocrx_word' id='word_1_794' title='bbox 876 5492 899 5523; x_wconf 64' lang='grc' dir='ltr'><strong>ι</strong></span> <span class='ocrx_word' id='word_1_795' title='bbox 932 5473 1091 5526; x_wconf 86' lang='grc' dir='ltr'>Κατά</span> <span class='ocrx_word' id='word_1_796' title='bbox 1114 5472 1170 5525; x_wconf 79' lang='grc' dir='ltr'>δὲ</span> <span class='ocrx_word' id='word_1_797' title='bbox 1197 5471 1288 5523; x_wconf 86' lang='grc' dir='ltr'><strong>τὸν</strong></span> <span class='ocrx_word' id='word_1_798' title='bbox 1318 5470 1483 5524; x_wconf 86' lang='grc' dir='ltr'>αὑτοῦ</span> <span class='ocrx_word' id='word_1_799' title='bbox 1514 5471 1669 5538; x_wconf 88' lang='grc' dir='ltr'>λόγον</span> <span class='ocrx_word' id='word_1_800' title='bbox 1700 5469 1795 5522; x_wconf 62' lang='grc' dir='ltr'><strong>καὶ¹</strong></span> <span class='ocrx_word' id='word_1_801' title='bbox 1821 5468 1940 5521; x_wconf 82' lang='grc' dir='ltr'><strong>διὰ-</strong></span> 
     </span>
    </p>
   </div>
   <div class='ocr_carea' id='block_1_104' title="bbox 367 5560 1945 5633">
    <p class='ocr_par' dir='ltr' id='par_1_104' title="bbox 367 5560 1945 5633">
     <span class='ocr_line' id='line_1_104' title="bbox 367 5560 1945 5633; baseline -0.001 -18"><span class='ocrx_word' id='word_1_802' title='bbox 367 5578 535 5627; x_wconf 77' lang='grc' dir='ltr'>νοιαν,</span> <span class='ocrx_word' id='word_1_803' title='bbox 558 5563 591 5632; x_wconf 83' lang='grc' dir='ltr'>ἢ</span> <span class='ocrx_word' id='word_1_804' title='bbox 624 5564 840 5633; x_wconf 85' lang='grc' dir='ltr'>ἀναιρεῖ</span> <span class='ocrx_word' id='word_1_805' title='bbox 860 5564 919 5616; x_wconf 82' lang='grc' dir='ltr'><strong>τὸ</strong></span> <span class='ocrx_word' id='word_1_806' title='bbox 941 5561 1078 5616; x_wconf 81' lang='grc' dir='ltr'>εἶναι</span> <span class='ocrx_word' id='word_1_807' title='bbox 1101 5562 1191 5615; x_wconf 80' lang='grc' dir='ltr'><strong>τὸν</strong></span> <span class='ocrx_word' id='word_1_808' title='bbox 1212 5560 1341 5617; x_wconf 75' lang='grc' dir='ltr'>Υίὸν</span> <span class='ocrx_word' id='word_1_809' title='bbox 1360 5562 1511 5627; x_wconf 87' lang='grc' dir='ltr'>Θεὸν,</span> <span class='ocrx_word' id='word_1_810' title='bbox 1531 5562 1625 5615; x_wconf 78' lang='grc' dir='ltr'><strong>καὶ</strong></span> <span class='ocrx_word' id='word_1_811' title='bbox 1660 5561 1836 5632; x_wconf 82' lang='grc' dir='ltr'>μάτην</span> <span class='ocrx_word' id='word_1_812' title='bbox 1853 5578 1945 5613; x_wconf 83' lang='grc' dir='ltr'>συ-</span> 
     </span>
    </p>
   </div>
   <div class='ocr_carea' id='block_1_105' title="bbox 446 5716 1007 5788">
    <p class='ocr_par' dir='ltr' id='par_1_105' title="bbox 446 5716 1007 5788">
     <span class='ocr_line' id='line_1_105' title="bbox 446 5716 1007 5788; baseline 0.005 -19"><span class='ocrx_word' id='word_1_813' title='bbox 446 5719 460 5748; x_wconf 82' lang='grc'>¹</span> <span class='ocrx_word' id='word_1_814' title='bbox 493 5716 627 5787; x_wconf 64' lang='lat' dir='ltr'><strong>ﬂag.</strong></span> <span class='ocrx_word' id='word_1_815' title='bbox 661 5719 718 5772; x_wconf 79' lang='grc' dir='ltr'>ὲν</span> <span class='ocrx_word' id='word_1_816' title='bbox 742 5716 819 5788; x_wconf 79' lang='grc' dir='ltr'>τῷ</span> <span class='ocrx_word' id='word_1_817' title='bbox 847 5716 1007 5773; x_wconf 65' lang='grc' dir='ltr'>τέλει.</span> 
     </span>
    </p>
   </div>
   <div class='ocr_carea' id='block_1_106' title="bbox 2038 4817 3614 4898">
    <p class='ocr_par' dir='ltr' id='par_1_106' title="bbox 2038 4817 3614 4898">
     <span class='ocr_line' id='line_1_106' title="bbox 2038 4817 3614 4898; baseline -0.008 -15"><span class='ocrx_word' id='word_1_818' title='bbox 2038 4842 2113 4883; x_wconf 75' lang='lat' dir='ltr'><strong>tes</strong></span> <span class='ocrx_word' id='word_1_819' title='bbox 2139 4829 2230 4898; x_wconf 86' lang='lat' dir='ltr'><strong>qui</strong></span> <span class='ocrx_word' id='word_1_820' title='bbox 2266 4837 2344 4883; x_wconf 84' lang='lat' dir='ltr'><strong>est</strong></span> <span class='ocrx_word' id='word_1_821' title='bbox 2398 4844 2432 4882; x_wconf 93' lang='lat' dir='ltr'><strong>a</strong></span> <span class='ocrx_word' id='word_1_822' title='bbox 2461 4842 2516 4882; x_wconf 82' lang='lat' dir='ltr'><strong>se</strong></span> <span class='ocrx_word' id='word_1_823' title='bbox 2552 4825 2755 4897; x_wconf 85' lang='lat' dir='ltr'><strong>genitus</strong></span> <span class='ocrx_word' id='word_1_824' title='bbox 2795 4823 2937 4878; x_wconf 81' lang='lat' dir='ltr'><strong>Deus</strong></span> <span class='ocrx_word' id='word_1_825' title='bbox 2990 4823 3276 4876; x_wconf 77' lang='lat' dir='ltr'><strong>custodiat.</strong></span> <span class='ocrx_word' id='word_1_826' title='bbox 3324 4819 3434 4875; x_wconf 79' lang='lat' dir='ltr'><strong>Nec</strong></span> <span class='ocrx_word' id='word_1_827' title='bbox 3482 4817 3614 4872; x_wconf 92' lang='lat' dir='ltr'><strong>illud</strong></span> 
     </span>
    </p>
   </div>
   <div class='ocr_carea' id='block_1_107' title="bbox 2039 4909 3617 4987">
    <p class='ocr_par' dir='ltr' id='par_1_107' title="bbox 2039 4909 3617 4987">
     <span class='ocr_line' id='line_1_107' title="bbox 2039 4909 3617 4987; baseline -0.008 -13"><span class='ocrx_word' id='word_1_828' title='bbox 2039 4920 2449 4987; x_wconf 86' lang='lat' dir='ltr'><strong>animadvertit,</strong></span> <span class='ocrx_word' id='word_1_829' title='bbox 2492 4927 2662 4973; x_wconf 88' lang='lat' dir='ltr'><strong>totam</strong></span> <span class='ocrx_word' id='word_1_830' title='bbox 2702 4917 2850 4971; x_wconf 91' lang='lat' dir='ltr'><strong>illam</strong></span> <span class='ocrx_word' id='word_1_831' title='bbox 2897 4930 3146 4986; x_wconf 87' lang='lat' dir='ltr'><strong>sparsam</strong></span> <span class='ocrx_word' id='word_1_832' title='bbox 3194 4928 3224 4967; x_wconf 90' lang='lat' dir='ltr'><strong>a</strong></span> <span class='ocrx_word' id='word_1_833' title='bbox 3263 4928 3322 4967; x_wconf 90' lang='lat' dir='ltr'><strong>se</strong></span> <span class='ocrx_word' id='word_1_834' title='bbox 3360 4909 3617 4981; x_wconf 82' lang='lat' dir='ltr'><strong>quaestio-</strong></span> 
     </span>
    </p>
   </div>
   <div class='ocr_carea' id='block_1_108' title="bbox 2040 4999 3620 5075">
    <p class='ocr_par' dir='ltr' id='par_1_108' title="bbox 2040 4999 3620 5075">
     <span class='ocr_line' id='line_1_108' title="bbox 2040 4999 3620 5075; baseline -0.009 -8"><span class='ocrx_word' id='word_1_835' title='bbox 2040 5028 2164 5067; x_wconf 88' lang='lat' dir='ltr'><strong>nem</strong></span> <span class='ocrx_word' id='word_1_836' title='bbox 2197 5026 2304 5066; x_wconf 91' lang='lat' dir='ltr'><strong>una</strong></span> <span class='ocrx_word' id='word_1_837' title='bbox 2334 5026 2470 5065; x_wconf 84' lang='lat' dir='ltr'><strong>voce</strong></span> <span class='ocrx_word' id='word_1_838' title='bbox 2505 5008 2752 5071; x_wconf 87' lang='lat' dir='ltr'><strong>dissolvi,</strong></span> <span class='ocrx_word' id='word_1_839' title='bbox 2789 5023 2915 5062; x_wconf 85' lang='lat' dir='ltr'><strong>cum</strong></span> <span class='ocrx_word' id='word_1_840' title='bbox 2963 5007 3019 5061; x_wconf 82' lang='lat' dir='ltr'><strong>in</strong></span> <span class='ocrx_word' id='word_1_841' title='bbox 3050 5003 3429 5075; x_wconf 83' lang='lat' dir='ltr'><strong>superioribus</strong></span> <span class='ocrx_word' id='word_1_842' title='bbox 3469 4999 3620 5070; x_wconf 86' lang='lat' dir='ltr'><strong>capi-</strong></span> 
     </span>
    </p>
   </div>
   <div class='ocr_carea' id='block_1_109' title="bbox 2042 5092 3635 5170">
    <p class='ocr_par' dir='ltr' id='par_1_109' title="bbox 2042 5092 3635 5170">
     <span class='ocr_line' id='line_1_109' title="bbox 2042 5092 3635 5170; baseline -0.006 -15"><span class='ocrx_word' id='word_1_843' title='bbox 2042 5103 2191 5157; x_wconf 91' lang='lat' dir='ltr'><strong>tibus</strong></span> <span class='ocrx_word' id='word_1_844' title='bbox 2228 5102 2297 5157; x_wconf 88' lang='lat' dir='ltr'><strong>de</strong></span> <span class='ocrx_word' id='word_1_845' title='bbox 2323 5100 2566 5170; x_wconf 89' lang='lat' dir='ltr'><strong>ingenito</strong></span> <span class='ocrx_word' id='word_1_846' title='bbox 2595 5098 2707 5154; x_wconf 87' lang='lat' dir='ltr'><strong>Deo</strong></span> <span class='ocrx_word' id='word_1_847' title='bbox 2734 5100 2966 5168; x_wconf 86' lang='lat' dir='ltr'><strong>loquens</strong></span> <span class='ocrx_word' id='word_1_848' title='bbox 2994 5108 3337 5165; x_wconf 83' lang='lat' dir='ltr'><strong>nequaquam</strong></span> <span class='ocrx_word' id='word_1_849' title='bbox 3372 5107 3405 5145; x_wconf 75' lang='grc' dir='ltr'><strong>ει</strong></span> <span class='ocrx_word' id='word_1_850' title='bbox 3436 5092 3635 5161; x_wconf 79' lang='lat' dir='ltr'><strong>seipse-</strong></span> 
     </span>
    </p>
   </div>
   <div class='ocr_carea' id='block_1_110' title="bbox 2044 5182 3620 5255">
    <p class='ocr_par' dir='ltr' id='par_1_110' title="bbox 2044 5182 3620 5255">
     <span class='ocr_line' id='line_1_110' title="bbox 2044 5182 3620 5255; baseline -0.008 -8"><span class='ocrx_word' id='word_1_851' title='bbox 2044 5192 2163 5247; x_wconf 87' lang='lat' dir='ltr'><strong>ﬁeri</strong></span> <span class='ocrx_word' id='word_1_852' title='bbox 2204 5190 2480 5254; x_wconf 87' lang='lat' dir='ltr'><strong>statuerit,</strong></span> <span class='ocrx_word' id='word_1_853' title='bbox 2517 5190 2621 5244; x_wconf 89' lang='lat' dir='ltr'><strong>hoc</strong></span> <span class='ocrx_word' id='word_1_854' title='bbox 2649 5204 2783 5244; x_wconf 91' lang='lat' dir='ltr'><strong>vero</strong></span> <span class='ocrx_word' id='word_1_855' title='bbox 2803 5189 2923 5243; x_wconf 93' lang='lat' dir='ltr'><strong>loco</strong></span> <span class='ocrx_word' id='word_1_856' title='bbox 2962 5202 2993 5241; x_wconf 91' lang='lat' dir='ltr'><strong>a</strong></span> <span class='ocrx_word' id='word_1_857' title='bbox 3040 5189 3223 5255; x_wconf 82' lang='lat' dir='ltr'><strong>seipso</strong></span> <span class='ocrx_word' id='word_1_858' title='bbox 3256 5182 3501 5254; x_wconf 88' lang='lat' dir='ltr'><strong>genitum</strong></span> <span class='ocrx_word' id='word_1_859' title='bbox 3534 5182 3620 5235; x_wconf 80' lang='lat' dir='ltr'><strong>af-</strong></span> 
     </span>
    </p>
   </div>
   <div class='ocr_carea' id='block_1_111' title="bbox 2046 5270 3622 5348">
    <p class='ocr_par' dir='ltr' id='par_1_111' title="bbox 2046 5270 3622 5348">
     <span class='ocr_line' id='line_1_111' title="bbox 2046 5270 3622 5348; baseline -0.01 -10"><span class='ocrx_word' id='word_1_860' title='bbox 2046 5285 2244 5338; x_wconf 83' lang='lat' dir='ltr'><strong>ﬁrmet.</strong></span> <span class='ocrx_word' id='word_1_861' title='bbox 2271 5282 2539 5348; x_wconf 73' lang='lat' dir='ltr'><strong>Quzelibet</strong></span> <span class='ocrx_word' id='word_1_862' title='bbox 2567 5280 2713 5336; x_wconf 88' lang='lat' dir='ltr'><strong>enim</strong></span> <span class='ocrx_word' id='word_1_863' title='bbox 2736 5278 2978 5334; x_wconf 90' lang='lat' dir='ltr'><strong>hominis</strong></span> <span class='ocrx_word' id='word_1_864' title='bbox 3000 5291 3154 5331; x_wconf 89' lang='lat' dir='ltr'><strong>mens</strong></span> <span class='ocrx_word' id='word_1_865' title='bbox 3170 5274 3253 5329; x_wconf 91' lang='lat' dir='ltr'><strong>sui</strong></span> <span class='ocrx_word' id='word_1_866' title='bbox 3284 5272 3459 5342; x_wconf 86' lang='lat' dir='ltr'><strong>ipsius</strong></span> <span class='ocrx_word' id='word_1_867' title='bbox 3488 5270 3622 5325; x_wconf 85' lang='lat' dir='ltr'><strong>obli-</strong></span> 
     </span>
    </p>
   </div>
   <div class='ocr_carea' id='block_1_112' title="bbox 2045 5362 3621 5440">
    <p class='ocr_par' dir='ltr' id='par_1_112' title="bbox 2045 5362 3621 5440">
     <span class='ocr_line' id='line_1_112' title="bbox 2045 5362 3621 5440; baseline -0.006 -14"><span class='ocrx_word' id='word_1_868' title='bbox 2045 5376 2300 5440; x_wconf 87' lang='lat' dir='ltr'><strong>viscitur,</strong></span> <span class='ocrx_word' id='word_1_869' title='bbox 2359 5386 2420 5429; x_wconf 84' lang='lat' dir='ltr'><strong>ut</strong></span> <span class='ocrx_word' id='word_1_870' title='bbox 2470 5374 2525 5428; x_wconf 90' lang='lat' dir='ltr'><strong>in</strong></span> <span class='ocrx_word' id='word_1_871' title='bbox 2576 5386 2767 5427; x_wconf 88' lang='lat' dir='ltr'><strong>errore</strong></span> <span class='ocrx_word' id='word_1_872' title='bbox 2812 5367 3146 5439; x_wconf 87' lang='lat' dir='ltr'><strong>deprehendi</strong></span> <span class='ocrx_word' id='word_1_873' title='bbox 3208 5364 3401 5436; x_wconf 76' lang='lat' dir='ltr'><strong>possit.</strong></span> <span class='ocrx_word' id='word_1_874' title='bbox 3456 5362 3621 5417; x_wconf 71' lang='lat' dir='ltr'><strong>Addit</strong></span> 
     </span>
    </p>
   </div>
   <div class='ocr_carea' id='block_1_113' title="bbox 2048 5453 3621 5537">
    <p class='ocr_par' dir='ltr' id='par_1_113' title="bbox 2048 5453 3621 5537">
     <span class='ocr_line' id='line_1_113' title="bbox 2048 5453 3621 5537; baseline -0.011 -17"><span class='ocrx_word' id='word_1_875' title='bbox 2048 5474 2309 5537; x_wconf 69' lang='lat' dir='ltr'><strong>praeterea</strong></span> <span class='ocrx_word' id='word_1_876' title='bbox 2338 5485 2353 5519; x_wconf 90' lang='lat'><strong>:</strong></span> <span class='ocrx_word' id='word_1_877' title='bbox 2392 5464 2527 5529; x_wconf 71' lang='lat' dir='ltr'><strong>«Qui</strong></span> <span class='ocrx_word' id='word_1_878' title='bbox 2542 5471 2597 5518; x_wconf 92' lang='lat' dir='ltr'><strong>et</strong></span> <span class='ocrx_word' id='word_1_879' title='bbox 2629 5461 2781 5517; x_wconf 89' lang='lat' dir='ltr'><strong>solus</strong></span> <span class='ocrx_word' id='word_1_880' title='bbox 2820 5467 3109 5529; x_wconf 85' lang='lat' dir='ltr'><strong>propterea</strong></span> <span class='ocrx_word' id='word_1_881' title='bbox 3142 5470 3306 5512; x_wconf 84' lang='lat' dir='ltr'><strong>verus</strong></span> <span class='ocrx_word' id='word_1_882' title='bbox 3338 5453 3477 5510; x_wconf 81' lang='lat' dir='ltr'><strong>Deus</strong></span> <span class='ocrx_word' id='word_1_883' title='bbox 3532 5466 3621 5521; x_wconf 89' lang='lat' dir='ltr'><strong>ap-</strong></span> 
     </span>
    </p>
   </div>
   <div class='ocr_carea' id='block_1_114' title="bbox 2049 5545 3623 5631">
    <p class='ocr_par' dir='ltr' id='par_1_114' title="bbox 2049 5545 3623 5631">
     <span class='ocr_line' id='line_1_114' title="bbox 2049 5545 3623 5631; baseline -0.01 -16"><span class='ocrx_word' id='word_1_884' title='bbox 2049 5558 2721 5631; x_wconf 78' lang='lat' dir='ltr'><strong>pellatur.¢Quatnobrein</strong></span> <span class='ocrx_word' id='word_1_885' title='bbox 2768 5564 2827 5608; x_wconf 86' lang='lat' dir='ltr'><strong>ut</strong></span> <span class='ocrx_word' id='word_1_886' title='bbox 2875 5551 3023 5606; x_wconf 84' lang='lat' dir='ltr'><strong>illius</strong></span> <span class='ocrx_word' id='word_1_887' title='bbox 3067 5550 3281 5604; x_wconf 86' lang='lat' dir='ltr'><strong>animus</strong></span> <span class='ocrx_word' id='word_1_888' title='bbox 3329 5545 3623 5618; x_wconf 72' lang='lat' dir='ltr'><strong>opinioque</strong></span> 
     </span>
    </p>
   </div>
   <div class='ocr_carea' id='block_1_115' title="bbox 1095 5711 2114 5795">
    <p class='ocr_par' dir='ltr' id='par_1_115' title="bbox 1095 5711 2114 5795">
     <span class='ocr_line' id='line_1_115' title="bbox 1095 5711 2114 5795; baseline -0.004 -24"><span class='ocrx_word' id='word_1_889' title='bbox 1095 5719 1114 5749; x_wconf 82' lang='lat'>&#39;</span> <span class='ocrx_word' id='word_1_890' title='bbox 1148 5714 1379 5785; x_wconf 74' lang='lat' dir='ltr'><strong>Philipp.</strong></span> <span class='ocrx_word' id='word_1_891' title='bbox 1411 5729 1474 5780; x_wconf 81' lang='grc' dir='ltr'><strong>ιι,</strong></span> <span class='ocrx_word' id='word_1_892' title='bbox 1507 5715 1588 5795; x_wconf 86' lang='lat' dir='ltr'><strong>ll.</strong></span> <span class='ocrx_word' id='word_1_893' title='bbox 1668 5714 1688 5746; x_wconf 84' lang='grc'><strong><em>³</em></strong></span> <span class='ocrx_word' id='word_1_894' title='bbox 1710 5711 1866 5769; x_wconf 80' lang='lat' dir='ltr'><strong>.luan.</strong></span> <span class='ocrx_word' id='word_1_895' title='bbox 1902 5730 2035 5782; x_wconf 75' lang='lat' dir='ltr'><strong>xvu,</strong></span> <span class='ocrx_word' id='word_1_896' title='bbox 2064 5714 2114 5767; x_wconf 83' lang='grc'><strong>5.</strong></span> 
     </span>
    </p>
   </div>
  </div>
