  <div class='ocr_page' id='page_1' title='image "/cluster/home/n/w/nwhite01/storage/ocr_20150623/42/mdp.39015052824052/335.png"; bbox 0 0 3994 6224; ppageno 0'>
   <div class='ocr_carea' id='block_1_1' title="bbox 495 283 3708 390">
    <p class='ocr_par' dir='ltr' id='par_1_1' title="bbox 495 283 3708 390">
     <span class='ocr_line' id='line_1_1' title="bbox 495 283 3708 390; baseline 0.009 -51"><span class='ocrx_word' id='word_1_1' title='bbox 495 283 595 340; x_wconf 76' lang='lat' dir='ltr'><strong>est</strong></span> <span class='ocrx_word' id='word_1_2' title='bbox 1320 317 1322 320; x_wconf 52' lang='grc' dir='ltr'><strong>ν</strong></span> <span class='ocrx_word' id='word_1_3' title='bbox 1909 301 1966 355; x_wconf 88' lang='lat' dir='ltr'><strong>s.</strong></span> <span class='ocrx_word' id='word_1_4' title='bbox 2013 300 2353 360; x_wconf 78' lang='lat' dir='ltr'><strong>EPIPllANIl</strong></span> <span class='ocrx_word' id='word_1_5' title='bbox 3621 305 3708 390; x_wconf 61' lang='lat' dir='ltr'><strong>at</strong></span> 
     </span>
    </p>
   </div>
   <div class='ocr_carea' id='block_1_2' title="bbox 495 399 2072 493">
    <p class='ocr_par' dir='ltr' id='par_1_2' title="bbox 495 399 2070 487">
     <span class='ocr_line' id='line_1_2' title="bbox 495 399 2070 487; baseline 0.012 -33"><span class='ocrx_word' id='word_1_6' title='bbox 495 400 622 465; x_wconf 71' lang='lat' dir='ltr'><strong>fert,</strong></span> <span class='ocrx_word' id='word_1_7' title='bbox 655 409 749 456; x_wconf 84' lang='lat' dir='ltr'><strong>aut</strong></span> <span class='ocrx_word' id='word_1_8' title='bbox 784 399 982 458; x_wconf 83' lang='lat' dir='ltr'><strong>Filium</strong></span> <span class='ocrx_word' id='word_1_9' title='bbox 1013 402 1183 460; x_wconf 90' lang='lat' dir='ltr'><strong>Deum</strong></span> <span class='ocrx_word' id='word_1_10' title='bbox 1219 422 1343 462; x_wconf 88' lang='lat' dir='ltr'><strong>esse</strong></span> <span class='ocrx_word' id='word_1_11' title='bbox 1388 416 1570 479; x_wconf 80' lang='lat' dir='ltr'><strong>negat,</strong></span> <span class='ocrx_word' id='word_1_12' title='bbox 1610 419 1666 466; x_wconf 88' lang='lat' dir='ltr'><strong>et</strong></span> <span class='ocrx_word' id='word_1_13' title='bbox 1713 415 1920 469; x_wconf 84' lang='lat' dir='ltr'><strong>nomini</strong></span> <span class='ocrx_word' id='word_1_14' title='bbox 1966 417 2070 487; x_wconf 89' lang='lat' dir='ltr'><strong>ipsi</strong></span> 
     </span>
    </p>
   </div>
   <div class='ocr_carea' id='block_1_3' title="bbox 2129 399 3706 493">
    <p class='ocr_par' dir='ltr' id='par_1_3' title="bbox 2129 418 3706 493">
     <span class='ocr_line' id='line_1_3' title="bbox 2129 418 3706 493; baseline -0.001 -15"><span class='ocrx_word' id='word_1_15' title='bbox 2129 434 2142 478; x_wconf 81' lang='lat' dir='ltr'><strong>l</strong></span> <span class='ocrx_word' id='word_1_16' title='bbox 2173 425 2434 492; x_wconf 82' lang='grc' dir='ltr'>κοφαντεῖ</span> <span class='ocrx_word' id='word_1_17' title='bbox 2455 423 2514 476; x_wconf 86' lang='grc' dir='ltr'><strong>τὸ</strong></span> <span class='ocrx_word' id='word_1_18' title='bbox 2537 418 2808 493; x_wconf 82' lang='grc' dir='ltr'>ὸνομα,τῷ</span> <span class='ocrx_word' id='word_1_19' title='bbox 2825 420 3153 491; x_wconf 85' lang='grc' dir='ltr'>Χριστιανὸς</span> <span class='ocrx_word' id='word_1_20' title='bbox 3166 418 3411 490; x_wconf 71' lang='grc' dir='ltr'>τὸόνομα</span> <span class='ocrx_word' id='word_1_21' title='bbox 3435 419 3706 476; x_wconf 74' lang='grc' dir='ltr'>καλεῖσθαιο</span> 
     </span>
    </p>
   </div>
   <div class='ocr_carea' id='block_1_4' title="bbox 489 491 2066 584">
    <p class='ocr_par' dir='ltr' id='par_1_4' title="bbox 489 491 2062 576">
     <span class='ocr_line' id='line_1_4' title="bbox 489 491 2062 576; baseline 0.01 -30"><span class='ocrx_word' id='word_1_22' title='bbox 489 491 821 546; x_wconf 82' lang='lat' dir='ltr'><strong>calumniam</strong></span> <span class='ocrx_word' id='word_1_23' title='bbox 861 492 1013 564; x_wconf 74' lang='lat' dir='ltr'><strong>facit,</strong></span> <span class='ocrx_word' id='word_1_24' title='bbox 1041 496 1172 550; x_wconf 91' lang='lat' dir='ltr'><strong>dum</strong></span> <span class='ocrx_word' id='word_1_25' title='bbox 1213 497 1564 555; x_wconf 85' lang='lat' dir='ltr'><strong>Christianus</strong></span> <span class='ocrx_word' id='word_1_26' title='bbox 1604 503 1864 572; x_wconf 85' lang='lat' dir='ltr'><strong>appellari</strong></span> <span class='ocrx_word' id='word_1_27' title='bbox 1893 507 2062 576; x_wconf 90' lang='lat' dir='ltr'><strong>cupit.</strong></span> 
     </span>
    </p>
   </div>
   <div class='ocr_carea' id='block_1_5' title="bbox 2129 491 3706 584">
    <p class='ocr_par' dir='ltr' id='par_1_5' title="bbox 2167 491 3706 584">
     <span class='ocr_line' id='line_1_5' title="bbox 2167 491 3706 584; baseline 0.001 -20"><span class='ocrx_word' id='word_1_28' title='bbox 2167 512 2200 582; x_wconf 77' lang='grc' dir='ltr'>ἢ</span> <span class='ocrx_word' id='word_1_29' title='bbox 2243 513 2324 565; x_wconf 84' lang='grc' dir='ltr'>ὅτι</span> <span class='ocrx_word' id='word_1_30' title='bbox 2378 513 2509 567; x_wconf 83' lang='grc' dir='ltr'>Θεὸν</span> <span class='ocrx_word' id='word_1_31' title='bbox 2544 514 2643 584; x_wconf 83' lang='grc' dir='ltr'><strong>μὲν</strong></span> <span class='ocrx_word' id='word_1_32' title='bbox 2683 491 2798 583; x_wconf 78' lang='grc' dir='ltr'>ἔχει</span> <span class='ocrx_word' id='word_1_33' title='bbox 2829 514 2919 566; x_wconf 91' lang='grc' dir='ltr'><strong>τὸν</strong></span> <span class='ocrx_word' id='word_1_34' title='bbox 2957 514 3127 578; x_wconf 88' lang='grc' dir='ltr'>Υίὸν,</span> <span class='ocrx_word' id='word_1_35' title='bbox 3164 510 3282 564; x_wconf 85' lang='grc' dir='ltr'>ἀλλ’</span> <span class='ocrx_word' id='word_1_36' title='bbox 3319 510 3418 563; x_wconf 85' lang='grc' dir='ltr'><strong>οὐκ</strong></span> <span class='ocrx_word' id='word_1_37' title='bbox 3457 509 3706 581; x_wconf 82' lang='grc' dir='ltr'>ἀληθινόν·</span> 
     </span>
    </p>
   </div>
   <div class='ocr_carea' id='block_1_6' title="bbox 487 581 2064 676">
    <p class='ocr_par' dir='ltr' id='par_1_6' title="bbox 487 581 2064 662">
     <span class='ocr_line' id='line_1_6' title="bbox 487 581 2064 662; baseline 0.011 -26"><span class='ocrx_word' id='word_1_38' title='bbox 487 582 598 637; x_wconf 73' lang='lat' dir='ltr'><strong>Aut</strong></span> <span class='ocrx_word' id='word_1_39' title='bbox 629 581 796 638; x_wconf 88' lang='lat' dir='ltr'><strong>Deum</strong></span> <span class='ocrx_word' id='word_1_40' title='bbox 819 599 944 641; x_wconf 88' lang='lat' dir='ltr'><strong>esse</strong></span> <span class='ocrx_word' id='word_1_41' title='bbox 976 587 1197 657; x_wconf 86' lang='lat' dir='ltr'><strong>quidem</strong></span> <span class='ocrx_word' id='word_1_42' title='bbox 1249 587 1449 646; x_wconf 86' lang='lat' dir='ltr'><strong>Filium</strong></span> <span class='ocrx_word' id='word_1_43' title='bbox 1486 602 1660 662; x_wconf 90' lang='lat' dir='ltr'><strong>putat,</strong></span> <span class='ocrx_word' id='word_1_44' title='bbox 1700 597 1796 651; x_wconf 90' lang='lat' dir='ltr'><strong>sed</strong></span> <span class='ocrx_word' id='word_1_45' title='bbox 1845 599 2064 656; x_wconf 89' lang='lat' dir='ltr'><strong>minime</strong></span> 
     </span>
    </p>
   </div>
   <div class='ocr_carea' id='block_1_7' title="bbox 2132 581 3709 676">
    <p class='ocr_par' dir='ltr' id='par_1_7' title="bbox 2168 581 3709 676">
     <span class='ocr_line' id='line_1_7' title="bbox 2168 581 3709 676; baseline -0.001 -20"><span class='ocrx_word' id='word_1_46' title='bbox 2168 581 2263 658; x_wconf 77' lang='grc' dir='ltr'><strong>καὶ</strong></span> <span class='ocrx_word' id='word_1_47' title='bbox 2294 604 2448 658; x_wconf 77' lang='grc' dir='ltr'>ἔσται</span> <span class='ocrx_word' id='word_1_48' title='bbox 2477 581 2626 676; x_wconf 78' lang='grc' dir='ltr'>αὑτῷ</span> <span class='ocrx_word' id='word_1_49' title='bbox 2651 581 2744 669; x_wconf 76' lang='grc' dir='ltr'>εἷς</span> <span class='ocrx_word' id='word_1_50' title='bbox 2764 604 2897 668; x_wconf 83' lang='grc' dir='ltr'>Θεὸς</span> <span class='ocrx_word' id='word_1_51' title='bbox 2932 602 3213 676; x_wconf 87' lang='grc' dir='ltr'>ἀληθινὸς,</span> <span class='ocrx_word' id='word_1_52' title='bbox 3248 603 3344 656; x_wconf 81' lang='grc' dir='ltr'>καὶ</span> <span class='ocrx_word' id='word_1_53' title='bbox 3373 595 3450 665; x_wconf 76' lang='grc' dir='ltr'>εἷς</span> <span class='ocrx_word' id='word_1_54' title='bbox 3485 601 3578 655; x_wconf 82' lang='grc' dir='ltr'><strong>οὑκ</strong></span> <span class='ocrx_word' id='word_1_55' title='bbox 3599 603 3709 674; x_wconf 81' lang='grc' dir='ltr'>ἀλη-</span> 
     </span>
    </p>
   </div>
   <div class='ocr_carea' id='block_1_8' title="bbox 487 679 2064 765">
    <p class='ocr_par' dir='ltr' id='par_1_8' title="bbox 487 679 2064 758">
     <span class='ocr_line' id='line_1_8' title="bbox 487 679 2064 758; baseline 0.013 -32"><span class='ocrx_word' id='word_1_56' title='bbox 487 688 700 738; x_wconf 84' lang='lat' dir='ltr'><strong>verum,</strong></span> <span class='ocrx_word' id='word_1_57' title='bbox 732 683 792 728; x_wconf 85' lang='lat' dir='ltr'><strong>ut</strong></span> <span class='ocrx_word' id='word_1_58' title='bbox 816 691 881 731; x_wconf 81' lang='lat' dir='ltr'><strong>ex</strong></span> <span class='ocrx_word' id='word_1_59' title='bbox 913 679 1035 748; x_wconf 80' lang='lat' dir='ltr'><strong>ejus</strong></span> <span class='ocrx_word' id='word_1_60' title='bbox 1067 681 1362 750; x_wconf 73' lang='lat' dir='ltr'><strong>sententia,</strong></span> <span class='ocrx_word' id='word_1_61' title='bbox 1409 683 1555 741; x_wconf 82' lang='lat' dir='ltr'><strong>Deus</strong></span> <span class='ocrx_word' id='word_1_62' title='bbox 1599 688 1741 742; x_wconf 91' lang='lat' dir='ltr'><strong>alius</strong></span> <span class='ocrx_word' id='word_1_63' title='bbox 1782 690 1855 744; x_wconf 90' lang='lat' dir='ltr'><strong>sit</strong></span> <span class='ocrx_word' id='word_1_64' title='bbox 1880 706 2064 758; x_wconf 87' lang='lat' dir='ltr'><strong>verus,</strong></span> 
     </span>
    </p>
   </div>
   <div class='ocr_carea' id='block_1_9' title="bbox 2132 679 3709 765">
    <p class='ocr_par' dir='ltr' id='par_1_9' title="bbox 2167 692 3709 765">
     <span class='ocr_line' id='line_1_9' title="bbox 2167 692 3709 765; baseline 0.001 -16"><span class='ocrx_word' id='word_1_65' title='bbox 2167 695 2333 760; x_wconf 85' lang='grc' dir='ltr'>θινός.</span> <span class='ocrx_word' id='word_1_66' title='bbox 2368 697 2526 752; x_wconf 84' lang='grc' dir='ltr'>Κατὰ</span> <span class='ocrx_word' id='word_1_67' title='bbox 2551 697 2607 750; x_wconf 84' lang='grc' dir='ltr'>δὲ</span> <span class='ocrx_word' id='word_1_68' title='bbox 2633 696 2900 751; x_wconf 71' lang='grc' dir='ltr'>ὑπόϐασιν</span> <span class='ocrx_word' id='word_1_69' title='bbox 2927 697 3023 749; x_wconf 71' lang='lat' dir='ltr'><strong>Eva</strong></span> <span class='ocrx_word' id='word_1_70' title='bbox 3057 696 3154 765; x_wconf 85' lang='grc' dir='ltr'>ὑφ’</span> <span class='ocrx_word' id='word_1_71' title='bbox 3189 692 3310 757; x_wconf 78' lang='grc' dir='ltr'>ἐνὸς</span> <span class='ocrx_word' id='word_1_72' title='bbox 3347 693 3618 762; x_wconf 84' lang='grc' dir='ltr'>εὑρίσκων,</span> <span class='ocrx_word' id='word_1_73' title='bbox 3647 695 3709 750; x_wconf 73' lang='grc' dir='ltr'>ἔτι</span> 
     </span>
    </p>
   </div>
   <div class='ocr_carea' id='block_1_10' title="bbox 484 761 2061 860">
    <p class='ocr_par' dir='ltr' id='par_1_10' title="bbox 484 761 2061 841">
     <span class='ocr_line' id='line_1_10' title="bbox 484 761 2061 841; baseline 0.012 -26"><span class='ocrx_word' id='word_1_74' title='bbox 484 761 626 816; x_wconf 86' lang='lat' dir='ltr'><strong>alius</strong></span> <span class='ocrx_word' id='word_1_75' title='bbox 675 777 787 819; x_wconf 90' lang='lat' dir='ltr'><strong>non</strong></span> <span class='ocrx_word' id='word_1_76' title='bbox 840 781 1025 823; x_wconf 89' lang='lat' dir='ltr'><strong>verus.</strong></span> <span class='ocrx_word' id='word_1_77' title='bbox 1067 768 1415 841; x_wconf 71' lang='lat' dir='ltr'><strong>Quapropter</strong></span> <span class='ocrx_word' id='word_1_78' title='bbox 1458 788 1583 828; x_wconf 91' lang='lat' dir='ltr'><strong>cum</strong></span> <span class='ocrx_word' id='word_1_79' title='bbox 1624 776 1853 833; x_wconf 85' lang='lat' dir='ltr'><strong>alterum</strong></span> <span class='ocrx_word' id='word_1_80' title='bbox 1908 781 2061 836; x_wconf 88' lang='lat' dir='ltr'><strong>alteri</strong></span> 
     </span>
    </p>
   </div>
   <div class='ocr_carea' id='block_1_11' title="bbox 2135 761 3712 860">
    <p class='ocr_par' dir='ltr' id='par_1_11' title="bbox 2167 761 3712 860">
     <span class='ocr_line' id='line_1_11' title="bbox 2167 761 3712 860; baseline -0.002 -20"><span class='ocrx_word' id='word_1_81' title='bbox 2167 788 2262 840; x_wconf 65' lang='grc' dir='ltr'><strong>καὶ¹</strong></span> <span class='ocrx_word' id='word_1_82' title='bbox 2293 787 2354 841; x_wconf 89' lang='grc' dir='ltr'><strong>τὸ</strong></span> <span class='ocrx_word' id='word_1_83' title='bbox 2392 789 2546 857; x_wconf 75' lang='grc' dir='ltr'>ἅγιον</span> <span class='ocrx_word' id='word_1_84' title='bbox 2581 787 2808 859; x_wconf 81' lang='grc' dir='ltr'><strong>Πνεῦμα</strong></span> <span class='ocrx_word' id='word_1_85' title='bbox 2845 789 2902 840; x_wconf 78' lang='grc' dir='ltr'>ὲν</span> <span class='ocrx_word' id='word_1_86' title='bbox 2953 761 3267 860; x_wconf 64' lang='grc' dir='ltr'>μικροτέρα</span> <span class='ocrx_word' id='word_1_87' title='bbox 3316 761 3419 838; x_wconf 62' lang='grc' dir='ltr'><strong>καί</strong></span> <span class='ocrx_word' id='word_1_88' title='bbox 3445 786 3712 857; x_wconf 74' lang='grc' dir='ltr'><strong>ἀποδεούσῃ</strong></span> 
     </span>
    </p>
   </div>
   <div class='ocr_carea' id='block_1_12' title="bbox 484 853 2061 950">
    <p class='ocr_par' dir='ltr' id='par_1_12' title="bbox 484 853 2061 942">
     <span class='ocr_line' id='line_1_12' title="bbox 484 853 2061 942; baseline 0.014 -37"><span class='ocrx_word' id='word_1_89' title='bbox 484 853 764 922; x_wconf 75' lang='lat' dir='ltr'><strong>subjiciat,</strong></span> <span class='ocrx_word' id='word_1_90' title='bbox 825 865 882 912; x_wconf 92' lang='lat' dir='ltr'><strong>et</strong></span> <span class='ocrx_word' id='word_1_91' title='bbox 934 857 1202 929; x_wconf 74' lang='lat' dir='ltr'><strong>Spiritum</strong></span> <span class='ocrx_word' id='word_1_92' title='bbox 1254 873 1506 919; x_wconf 88' lang='lat' dir='ltr'><strong>sanctum</strong></span> <span class='ocrx_word' id='word_1_93' title='bbox 1557 867 1611 920; x_wconf 92' lang='lat' dir='ltr'><strong>in</strong></span> <span class='ocrx_word' id='word_1_94' title='bbox 1658 869 1858 924; x_wconf 89' lang='lat' dir='ltr'><strong>minori</strong></span> <span class='ocrx_word' id='word_1_95' title='bbox 1901 882 2061 942; x_wconf 86' lang='lat' dir='ltr'><strong>atque</strong></span> 
     </span>
    </p>
   </div>
   <div class='ocr_carea' id='block_1_13' title="bbox 2134 853 3711 950">
    <p class='ocr_par' dir='ltr' id='par_1_13' title="bbox 2163 853 3711 950">
     <span class='ocr_line' id='line_1_13' title="bbox 2163 853 3711 950; baseline -0.004 -17"><span class='ocrx_word' id='word_1_96' title='bbox 2163 879 2317 945; x_wconf 79' lang='grc' dir='ltr'>τάξει</span> <span class='ocrx_word' id='word_1_97' title='bbox 2357 853 2598 947; x_wconf 77' lang='grc' dir='ltr'>τάττων,</span> <span class='ocrx_word' id='word_1_98' title='bbox 2633 879 2667 950; x_wconf 78' lang='grc' dir='ltr'>ἢ</span> <span class='ocrx_word' id='word_1_99' title='bbox 2702 853 2783 933; x_wconf 76' lang='grc' dir='ltr'><strong>ὅτι</strong></span> <span class='ocrx_word' id='word_1_100' title='bbox 2815 853 3142 950; x_wconf 82' lang='grc' dir='ltr'>μικρότερον</span> <span class='ocrx_word' id='word_1_101' title='bbox 3191 853 3356 930; x_wconf 60' lang='grc' dir='ltr'>πάλιν</span> <span class='ocrx_word' id='word_1_102' title='bbox 3393 874 3519 928; x_wconf 85' lang='grc' dir='ltr'>Θεὸν</span> <span class='ocrx_word' id='word_1_103' title='bbox 3547 853 3711 948; x_wconf 53' lang='lat' dir='ltr'><strong>ﬁliani</strong></span> 
     </span>
    </p>
   </div>
   <div class='ocr_carea' id='block_1_14' title="bbox 481 943 2058 1046">
    <p class='ocr_par' dir='ltr' id='par_1_14' title="bbox 481 943 2058 1025">
     <span class='ocr_line' id='line_1_14' title="bbox 481 943 2058 1025; baseline 0.012 -27"><span class='ocrx_word' id='word_1_104' title='bbox 481 943 925 1016; x_wconf 77' lang='lat' dir='ltr'><strong>988inferiori</strong></span> <span class='ocrx_word' id='word_1_105' title='bbox 971 951 1102 1008; x_wconf 86' lang='lat' dir='ltr'><strong>sede</strong></span> <span class='ocrx_word' id='word_1_106' title='bbox 1154 954 1405 1022; x_wconf 87' lang='lat' dir='ltr'><strong>collocet,</strong></span> <span class='ocrx_word' id='word_1_107' title='bbox 1450 972 1675 1015; x_wconf 85' lang='lat' dir='ltr'><strong>necesse</strong></span> <span class='ocrx_word' id='word_1_108' title='bbox 1714 968 1820 1025; x_wconf 93' lang='lat' dir='ltr'><strong>est,</strong></span> <span class='ocrx_word' id='word_1_109' title='bbox 1878 972 1936 1016; x_wconf 92' lang='lat' dir='ltr'><strong>ut</strong></span> <span class='ocrx_word' id='word_1_110' title='bbox 1969 971 2058 1017; x_wconf 92' lang='lat' dir='ltr'><strong>aut</strong></span> 
     </span>
    </p>
   </div>
   <div class='ocr_carea' id='block_1_15' title="bbox 2136 943 3713 1046">
    <p class='ocr_par' dir='ltr' id='par_1_15' title="bbox 2162 943 3713 1046">
     <span class='ocr_line' id='line_1_15' title="bbox 2162 943 3713 1046; baseline -0.004 -19"><span class='ocrx_word' id='word_1_111' title='bbox 2162 977 2228 1044; x_wconf 84' lang='grc' dir='ltr'>τῇ</span> <span class='ocrx_word' id='word_1_112' title='bbox 2250 943 2458 1046; x_wconf 59' lang='grc' dir='ltr'><strong>⁷Τριάδι</strong></span> <span class='ocrx_word' id='word_1_113' title='bbox 2493 972 2568 1043; x_wconf 84' lang='grc' dir='ltr'>μὴ</span> <span class='ocrx_word' id='word_1_114' title='bbox 2585 943 2978 1042; x_wconf 28' lang='grc' dir='ltr'><strong>⁷συίναριθ-μῶν,</strong></span> <span class='ocrx_word' id='word_1_115' title='bbox 3012 943 3178 1023; x_wconf 81' lang='grc' dir='ltr'>τοῦτο</span> <span class='ocrx_word' id='word_1_116' title='bbox 3207 968 3364 1022; x_wconf 76' lang='grc' dir='ltr'>ἔσται</span> <span class='ocrx_word' id='word_1_117' title='bbox 3410 943 3713 1021; x_wconf 69' lang='grc' dir='ltr'>παντάπασιν</span> 
     </span>
    </p>
   </div>
   <div class='ocr_carea' id='block_1_16' title="bbox 482 1036 2059 1133">
    <p class='ocr_par' dir='ltr' id='par_1_16' title="bbox 482 1036 2059 1116">
     <span class='ocr_line' id='line_1_16' title="bbox 482 1036 2059 1116; baseline 0.011 -28"><span class='ocrx_word' id='word_1_118' title='bbox 482 1036 756 1093; x_wconf 79' lang='lat' dir='ltr'><strong>minorem</strong></span> <span class='ocrx_word' id='word_1_119' title='bbox 805 1039 970 1096; x_wconf 90' lang='lat' dir='ltr'><strong>alium</strong></span> <span class='ocrx_word' id='word_1_120' title='bbox 1010 1040 1182 1098; x_wconf 91' lang='lat' dir='ltr'><strong>Deum</strong></span> <span class='ocrx_word' id='word_1_121' title='bbox 1218 1057 1535 1116; x_wconf 79' lang='lat' dir='ltr'><strong>cognoscat,</strong></span> <span class='ocrx_word' id='word_1_122' title='bbox 1580 1058 1696 1115; x_wconf 89' lang='lat' dir='ltr'><strong>aut,</strong></span> <span class='ocrx_word' id='word_1_123' title='bbox 1728 1052 1772 1105; x_wconf 88' lang='lat' dir='ltr'><strong>si</strong></span> <span class='ocrx_word' id='word_1_124' title='bbox 1805 1050 2059 1107; x_wconf 85' lang='lat' dir='ltr'><strong>Trinitati</strong></span> 
     </span>
    </p>
   </div>
   <div class='ocr_carea' id='block_1_17' title="bbox 2136 1036 3713 1133">
    <p class='ocr_par' dir='ltr' id='par_1_17' title="bbox 2164 1036 3713 1133">
     <span class='ocr_line' id='line_1_17' title="bbox 2164 1036 3713 1133; baseline -0.003 -19"><span class='ocrx_word' id='word_1_125' title='bbox 2164 1036 2444 1133; x_wconf 71' lang='grc' dir='ltr'>ἀλλότριον</span> <span class='ocrx_word' id='word_1_126' title='bbox 2471 1036 2906 1132; x_wconf 60' lang='grc' dir='ltr'>ὶξριστιανῶντὸ</span> <span class='ocrx_word' id='word_1_127' title='bbox 2948 1056 3186 1112; x_wconf 76' lang='grc' dir='ltr'>ἐλεεινὸν</span> <span class='ocrx_word' id='word_1_128' title='bbox 3221 1056 3609 1128; x_wconf 79' lang='grc' dir='ltr'><strong>ἀνθρωπάριον,</strong></span> <span class='ocrx_word' id='word_1_129' title='bbox 3638 1058 3713 1110; x_wconf 72' lang='grc' dir='ltr'><strong>καὶ</strong></span> 
     </span>
    </p>
   </div>
   <div class='ocr_carea' id='block_1_18' title="bbox 483 1137 2060 1225">
    <p class='ocr_par' dir='ltr' id='par_1_18' title="bbox 483 1137 2060 1211">
     <span class='ocr_line' id='line_1_18' title="bbox 483 1137 2060 1211; baseline 0.012 -31"><span class='ocrx_word' id='word_1_130' title='bbox 483 1141 828 1198; x_wconf 85' lang='lat' dir='ltr'><strong>nequaquam</strong></span> <span class='ocrx_word' id='word_1_131' title='bbox 875 1137 1343 1190; x_wconf 87' lang='lat' dir='ltr'><strong>annumerandum</strong></span> <span class='ocrx_word' id='word_1_132' title='bbox 1387 1140 1682 1204; x_wconf 80' lang='lat' dir='ltr'><strong>existimet,</strong></span> <span class='ocrx_word' id='word_1_133' title='bbox 1727 1156 1953 1211; x_wconf 87' lang='lat' dir='ltr'><strong>prorsus</strong></span> <span class='ocrx_word' id='word_1_134' title='bbox 1995 1145 2060 1199; x_wconf 89' lang='lat' dir='ltr'><strong>ab</strong></span> 
     </span>
    </p>
   </div>
   <div class='ocr_carea' id='block_1_19' title="bbox 2135 1137 3712 1225">
    <p class='ocr_par' dir='ltr' id='par_1_19' title="bbox 2162 1147 3712 1225">
     <span class='ocr_line' id='line_1_19' title="bbox 2162 1147 3712 1225; baseline -0.002 -20"><span class='ocrx_word' id='word_1_135' title='bbox 2162 1152 2346 1207; x_wconf 88' lang='grc' dir='ltr'>λοιπὸν</span> <span class='ocrx_word' id='word_1_136' title='bbox 2365 1153 2563 1225; x_wconf 86' lang='grc' dir='ltr'>Ἕλλην</span> <span class='ocrx_word' id='word_1_137' title='bbox 2586 1152 2996 1225; x_wconf 85' lang='grc' dir='ltr'>ἀποκηρυχθείη</span> <span class='ocrx_word' id='word_1_138' title='bbox 3021 1149 3388 1213; x_wconf 78' lang='grc' dir='ltr'><strong>τελειότατος,</strong></span> <span class='ocrx_word' id='word_1_139' title='bbox 3411 1149 3502 1201; x_wconf 76' lang='grc' dir='ltr'><strong>καὶ</strong></span> <span class='ocrx_word' id='word_1_140' title='bbox 3520 1147 3712 1202; x_wconf 82' lang='grc' dir='ltr'>Σαδδου-</span> 
     </span>
    </p>
   </div>
   <div class='ocr_carea' id='block_1_20' title="bbox 384 1218 1961 1316">
    <p class='ocr_par' dir='ltr' id='par_1_20' title="bbox 384 1218 1931 1301">
     <span class='ocr_line' id='line_1_20' title="bbox 384 1218 1931 1301; baseline 0.012 -29"><span class='ocrx_word' id='word_1_141' title='bbox 384 1223 386 1225; x_wconf 74' lang='grc'><em>’</em></span> <span class='ocrx_word' id='word_1_142' title='bbox 481 1218 920 1280; x_wconf 88' lang='lat' dir='ltr'><strong>Christianorum</strong></span> <span class='ocrx_word' id='word_1_143' title='bbox 951 1241 1182 1282; x_wconf 89' lang='lat' dir='ltr'><strong>numero</strong></span> <span class='ocrx_word' id='word_1_144' title='bbox 1218 1230 1590 1301; x_wconf 88' lang='lat' dir='ltr'><strong>segregandus</strong></span> <span class='ocrx_word' id='word_1_145' title='bbox 1623 1233 1696 1288; x_wconf 92' lang='lat' dir='ltr'><strong>sit</strong></span> <span class='ocrx_word' id='word_1_146' title='bbox 1742 1233 1931 1290; x_wconf 75' lang='lat' dir='ltr'><strong>infelix</strong></span> 
     </span>
    </p>
   </div>
   <div class='ocr_carea' id='block_1_21' title="bbox 2134 1218 3711 1316">
    <p class='ocr_par' dir='ltr' id='par_1_21' title="bbox 2162 1218 3711 1316">
     <span class='ocr_line' id='line_1_21' title="bbox 2162 1218 3711 1316; baseline -0.001 -18"><span class='ocrx_word' id='word_1_147' title='bbox 2162 1247 2314 1308; x_wconf 84' lang='grc' dir='ltr'><strong>καῖος</strong></span> <span class='ocrx_word' id='word_1_148' title='bbox 2345 1245 2422 1315; x_wconf 82' lang='grc' dir='ltr'>τῷ</span> <span class='ocrx_word' id='word_1_149' title='bbox 2451 1218 2688 1316; x_wconf 71' lang='grc' dir='ltr'>ἀριθμῷ,</span> <span class='ocrx_word' id='word_1_150' title='bbox 2728 1218 3006 1316; x_wconf 73' lang='grc' dir='ltr'>ἀλλότριος</span> <span class='ocrx_word' id='word_1_151' title='bbox 3041 1245 3141 1315; x_wconf 82' lang='grc' dir='ltr'>μὲν</span> <span class='ocrx_word' id='word_1_152' title='bbox 3177 1243 3276 1296; x_wconf 91' lang='grc' dir='ltr'><strong>τοῦ</strong></span> <span class='ocrx_word' id='word_1_153' title='bbox 3309 1243 3611 1312; x_wconf 81' lang='grc' dir='ltr'>Πνεύματος</span> <span class='ocrx_word' id='word_1_154' title='bbox 3636 1243 3711 1298; x_wconf 68' lang='grc' dir='ltr'><strong>τοῦ</strong></span> 
     </span>
    </p>
   </div>
   <div class='ocr_carea' id='block_1_22' title="bbox 481 1314 2058 1407">
    <p class='ocr_par' dir='ltr' id='par_1_22' title="bbox 481 1314 2058 1391">
     <span class='ocr_line' id='line_1_22' title="bbox 481 1314 2058 1391; baseline 0.009 -25"><span class='ocrx_word' id='word_1_155' title='bbox 481 1314 726 1380; x_wconf 91' lang='lat' dir='ltr'><strong>muncio,</strong></span> <span class='ocrx_word' id='word_1_156' title='bbox 763 1324 925 1386; x_wconf 91' lang='lat' dir='ltr'><strong>atque</strong></span> <span class='ocrx_word' id='word_1_157' title='bbox 971 1318 1037 1373; x_wconf 91' lang='lat' dir='ltr'><strong>ad</strong></span> <span class='ocrx_word' id='word_1_158' title='bbox 1066 1321 1350 1391; x_wconf 75' lang='lat' dir='ltr'><strong>gentilium</strong></span> <span class='ocrx_word' id='word_1_159' title='bbox 1383 1322 1676 1379; x_wconf 79' lang='lat' dir='ltr'><strong>factionem</strong></span> <span class='ocrx_word' id='word_1_160' title='bbox 1708 1325 1796 1380; x_wconf 87' lang='lat' dir='ltr'><strong>vel</strong></span> <span class='ocrx_word' id='word_1_161' title='bbox 1845 1324 2058 1380; x_wconf 90' lang='lat' dir='ltr'><strong>Saddu-</strong></span> 
     </span>
    </p>
   </div>
   <div class='ocr_carea' id='block_1_23' title="bbox 2134 1314 3711 1407">
    <p class='ocr_par' dir='ltr' id='par_1_23' title="bbox 2163 1314 3711 1407">
     <span class='ocr_line' id='line_1_23' title="bbox 2163 1314 3711 1407; baseline -0.003 -17"><span class='ocrx_word' id='word_1_162' title='bbox 2163 1336 2338 1404; x_wconf 85' lang='grc' dir='ltr'>ἁγίου,</span> <span class='ocrx_word' id='word_1_163' title='bbox 2371 1314 2446 1400; x_wconf 79' lang='grc' dir='ltr'><strong>ῶς</strong></span> <span class='ocrx_word' id='word_1_164' title='bbox 2481 1314 2595 1391; x_wconf 64' lang='grc' dir='ltr'><strong>και</strong></span> <span class='ocrx_word' id='word_1_165' title='bbox 2620 1314 2791 1402; x_wconf 69' lang='grc' dir='ltr'>ἔστιν,</span> <span class='ocrx_word' id='word_1_166' title='bbox 2839 1314 3068 1407; x_wconf 77' lang='grc' dir='ltr'>Ἕλλησι</span> <span class='ocrx_word' id='word_1_167' title='bbox 3101 1336 3163 1388; x_wconf 78' lang='grc' dir='ltr'>δὲ</span> <span class='ocrx_word' id='word_1_168' title='bbox 3208 1334 3617 1405; x_wconf 80' lang='grc' dir='ltr'>συγκρινόμενος</span> <span class='ocrx_word' id='word_1_169' title='bbox 3657 1339 3711 1407; x_wconf 78' lang='grc' dir='ltr'>τῇ</span> 
     </span>
    </p>
   </div>
   <div class='ocr_carea' id='block_1_24' title="bbox 481 1411 2058 1498">
    <p class='ocr_par' dir='ltr' id='par_1_24' title="bbox 481 1411 2058 1487">
     <span class='ocr_line' id='line_1_24' title="bbox 481 1411 2058 1487; baseline 0.01 -30"><span class='ocrx_word' id='word_1_170' title='bbox 481 1417 719 1459; x_wconf 68' lang='lat' dir='ltr'><strong>cteorum</strong></span> <span class='ocrx_word' id='word_1_171' title='bbox 757 1421 986 1476; x_wconf 82' lang='lat' dir='ltr'><strong>prorsus</strong></span> <span class='ocrx_word' id='word_1_172' title='bbox 1031 1411 1388 1481; x_wconf 83' lang='lat' dir='ltr'><strong>ablegandus.</strong></span> <span class='ocrx_word' id='word_1_173' title='bbox 1440 1414 1538 1470; x_wconf 90' lang='lat' dir='ltr'><strong>Est</strong></span> <span class='ocrx_word' id='word_1_174' title='bbox 1579 1416 1726 1470; x_wconf 85' lang='lat' dir='ltr'><strong>enim</strong></span> <span class='ocrx_word' id='word_1_175' title='bbox 1769 1431 1801 1470; x_wconf 92' lang='lat' dir='ltr'><strong>a</strong></span> <span class='ocrx_word' id='word_1_176' title='bbox 1851 1415 2058 1487; x_wconf 90' lang='lat' dir='ltr'><strong>Spiritu</strong></span> 
     </span>
    </p>
   </div>
   <div class='ocr_carea' id='block_1_25' title="bbox 2133 1411 3710 1498">
    <p class='ocr_par' dir='ltr' id='par_1_25' title="bbox 2164 1425 3710 1498">
     <span class='ocr_line' id='line_1_25' title="bbox 2164 1425 3710 1498; baseline -0.001 -19"><span class='ocrx_word' id='word_1_177' title='bbox 2164 1426 2365 1498; x_wconf 82' lang='grc' dir='ltr'>μερίδι,</span> <span class='ocrx_word' id='word_1_178' title='bbox 2395 1426 2490 1480; x_wconf 74' lang='grc' dir='ltr'><strong>ἕνα</strong></span> <span class='ocrx_word' id='word_1_179' title='bbox 2524 1427 2622 1498; x_wconf 84' lang='grc' dir='ltr'><strong>μὲν</strong></span> <span class='ocrx_word' id='word_1_180' title='bbox 2641 1427 2774 1482; x_wconf 89' lang='grc' dir='ltr'>Θεὸν</span> <span class='ocrx_word' id='word_1_181' title='bbox 2798 1427 3023 1497; x_wconf 82' lang='grc' dir='ltr'>φάσκων</span> <span class='ocrx_word' id='word_1_182' title='bbox 3054 1427 3252 1495; x_wconf 84' lang='grc' dir='ltr'>μέγαν,</span> <span class='ocrx_word' id='word_1_183' title='bbox 3290 1425 3386 1478; x_wconf 78' lang='grc' dir='ltr'>καὶ</span> <span class='ocrx_word' id='word_1_184' title='bbox 3410 1425 3502 1478; x_wconf 75' lang='grc' dir='ltr'>ἕνα</span> <span class='ocrx_word' id='word_1_185' title='bbox 3533 1425 3710 1496; x_wconf 83' lang='grc' dir='ltr'>μικρὸν,</span> 
     </span>
    </p>
   </div>
   <div class='ocr_carea' id='block_1_26' title="bbox 481 1497 2058 1594">
    <p class='ocr_par' dir='ltr' id='par_1_26' title="bbox 481 1497 2058 1580">
     <span class='ocr_line' id='line_1_26' title="bbox 481 1497 2058 1580; baseline 0.009 -30"><span class='ocrx_word' id='word_1_186' title='bbox 481 1503 675 1552; x_wconf 88' lang='lat' dir='ltr'><strong>sancto</strong></span> <span class='ocrx_word' id='word_1_187' title='bbox 697 1497 888 1554; x_wconf 87' lang='lat' dir='ltr'><strong>horum</strong></span> <span class='ocrx_word' id='word_1_188' title='bbox 913 1501 1085 1557; x_wconf 90' lang='lat' dir='ltr'><strong>instar</strong></span> <span class='ocrx_word' id='word_1_189' title='bbox 1109 1505 1346 1561; x_wconf 90' lang='lat' dir='ltr'><strong>alienus.</strong></span> <span class='ocrx_word' id='word_1_190' title='bbox 1369 1506 1452 1560; x_wconf 84' lang='lat' dir='ltr'><strong>AI)</strong></span> <span class='ocrx_word' id='word_1_191' title='bbox 1477 1507 1762 1577; x_wconf 81' lang='lat' dir='ltr'><strong>gentilium</strong></span> <span class='ocrx_word' id='word_1_192' title='bbox 1785 1524 1916 1564; x_wconf 89' lang='lat' dir='ltr'><strong>vero</strong></span> <span class='ocrx_word' id='word_1_193' title='bbox 1941 1525 2058 1580; x_wconf 90' lang='lat' dir='ltr'><strong>par-</strong></span> 
     </span>
    </p>
   </div>
   <div class='ocr_carea' id='block_1_27' title="bbox 2134 1497 3711 1594">
    <p class='ocr_par' dir='ltr' id='par_1_27' title="bbox 2161 1497 3711 1594">
     <span class='ocr_line' id='line_1_27' title="bbox 2161 1497 3711 1594; baseline 0.001 -24"><span class='ocrx_word' id='word_1_194' title='bbox 2161 1497 2260 1571; x_wconf 72' lang='grc' dir='ltr'>ἕνα</span> <span class='ocrx_word' id='word_1_195' title='bbox 2305 1517 2576 1594; x_wconf 75' lang='grc' dir='ltr'>ἀληθινὸν,</span> <span class='ocrx_word' id='word_1_196' title='bbox 2608 1520 2702 1572; x_wconf 74' lang='grc' dir='ltr'>καὶ</span> <span class='ocrx_word' id='word_1_197' title='bbox 2745 1518 2841 1572; x_wconf 72' lang='grc' dir='ltr'><strong>ἕνα</strong></span> <span class='ocrx_word' id='word_1_198' title='bbox 2889 1518 2990 1571; x_wconf 88' lang='grc' dir='ltr'><strong>οὑκ</strong></span> <span class='ocrx_word' id='word_1_199' title='bbox 3032 1517 3327 1587; x_wconf 81' lang='grc' dir='ltr'>ἀληθινὸν,</span> <span class='ocrx_word' id='word_1_200' title='bbox 3380 1517 3455 1581; x_wconf 83' lang='grc' dir='ltr'>ὡς</span> <span class='ocrx_word' id='word_1_201' title='bbox 3488 1517 3711 1586; x_wconf 81' lang='grc' dir='ltr'>Ἕλληνες</span> 
     </span>
    </p>
   </div>
   <div class='ocr_carea' id='block_1_28' title="bbox 477 1587 2054 1681">
    <p class='ocr_par' dir='ltr' id='par_1_28' title="bbox 477 1587 2054 1661">
     <span class='ocr_line' id='line_1_28' title="bbox 477 1587 2054 1661; baseline 0.011 -23"><span class='ocrx_word' id='word_1_202' title='bbox 477 1587 626 1642; x_wconf 80' lang='lat' dir='ltr'><strong>tibus</strong></span> <span class='ocrx_word' id='word_1_203' title='bbox 661 1597 890 1646; x_wconf 88' lang='lat' dir='ltr'><strong>eatenus</strong></span> <span class='ocrx_word' id='word_1_204' title='bbox 936 1599 1067 1661; x_wconf 87' lang='lat' dir='ltr'><strong>stat,</strong></span> <span class='ocrx_word' id='word_1_205' title='bbox 1112 1594 1242 1649; x_wconf 90' lang='lat' dir='ltr'><strong>dum</strong></span> <span class='ocrx_word' id='word_1_206' title='bbox 1284 1611 1454 1650; x_wconf 90' lang='lat' dir='ltr'><strong>unum</strong></span> <span class='ocrx_word' id='word_1_207' title='bbox 1506 1612 1628 1653; x_wconf 91' lang='lat' dir='ltr'><strong>esse</strong></span> <span class='ocrx_word' id='word_1_208' title='bbox 1672 1609 1861 1654; x_wconf 88' lang='lat' dir='ltr'><strong>censet</strong></span> <span class='ocrx_word' id='word_1_209' title='bbox 1908 1614 2054 1655; x_wconf 89' lang='lat' dir='ltr'><strong>sum-</strong></span> 
     </span>
    </p>
   </div>
   <div class='ocr_carea' id='block_1_29' title="bbox 2134 1587 3711 1681">
    <p class='ocr_par' dir='ltr' id='par_1_29' title="bbox 2161 1587 3711 1681">
     <span class='ocr_line' id='line_1_29' title="bbox 2161 1587 3711 1681; baseline 0 -21"><span class='ocrx_word' id='word_1_210' title='bbox 2161 1587 2536 1678; x_wconf 71' lang='grc' dir='ltr'>ὁμολογοῦσιν,</span> <span class='ocrx_word' id='word_1_211' title='bbox 2557 1609 2654 1663; x_wconf 73' lang='grc' dir='ltr'>ἕνα</span> <span class='ocrx_word' id='word_1_212' title='bbox 2679 1609 2853 1681; x_wconf 81' lang='grc' dir='ltr'>μέγαν</span> <span class='ocrx_word' id='word_1_213' title='bbox 2879 1609 3030 1674; x_wconf 91' lang='grc' dir='ltr'>Θεὸν,</span> <span class='ocrx_word' id='word_1_214' title='bbox 3055 1610 3187 1673; x_wconf 82' lang='grc' dir='ltr'>τοὺς</span> <span class='ocrx_word' id='word_1_215' title='bbox 3215 1608 3275 1661; x_wconf 81' lang='grc' dir='ltr'>δὲ</span> <span class='ocrx_word' id='word_1_216' title='bbox 3295 1608 3488 1671; x_wconf 76' lang='grc' dir='ltr'>ἄλλους</span> <span class='ocrx_word' id='word_1_217' title='bbox 3518 1609 3711 1680; x_wconf 77' lang='grc' dir='ltr'>μικροὺς</span> 
     </span>
    </p>
   </div>
   <div class='ocr_carea' id='block_1_30' title="bbox 477 1676 2054 1774">
    <p class='ocr_par' dir='ltr' id='par_1_30' title="bbox 477 1676 2054 1755">
     <span class='ocr_line' id='line_1_30' title="bbox 477 1676 2054 1755; baseline 0.011 -28"><span class='ocrx_word' id='word_1_218' title='bbox 477 1691 628 1730; x_wconf 89' lang='lat' dir='ltr'><strong>mum</strong></span> <span class='ocrx_word' id='word_1_219' title='bbox 663 1676 853 1745; x_wconf 89' lang='lat' dir='ltr'><strong>Deum,</strong></span> <span class='ocrx_word' id='word_1_220' title='bbox 892 1681 1122 1736; x_wconf 90' lang='lat' dir='ltr'><strong>alterum</strong></span> <span class='ocrx_word' id='word_1_221' title='bbox 1163 1684 1463 1752; x_wconf 89' lang='lat' dir='ltr'><strong>minorem;</strong></span> <span class='ocrx_word' id='word_1_222' title='bbox 1513 1701 1700 1741; x_wconf 91' lang='lat' dir='ltr'><strong>verum</strong></span> <span class='ocrx_word' id='word_1_223' title='bbox 1744 1703 1936 1755; x_wconf 91' lang='lat' dir='ltr'><strong>unum,</strong></span> <span class='ocrx_word' id='word_1_224' title='bbox 1977 1689 2054 1744; x_wconf 86' lang='lat' dir='ltr'><strong>al-</strong></span> 
     </span>
    </p>
   </div>
   <div class='ocr_carea' id='block_1_31' title="bbox 2134 1676 3711 1774">
    <p class='ocr_par' dir='ltr' id='par_1_31' title="bbox 2159 1676 3711 1774">
     <span class='ocr_line' id='line_1_31' title="bbox 2159 1676 3711 1774; baseline 0.001 -22"><span class='ocrx_word' id='word_1_225' title='bbox 2159 1676 2514 1771; x_wconf 77' lang='grc' dir='ltr'>όνομάζοντες</span> <span class='ocrx_word' id='word_1_226' title='bbox 2537 1718 2550 1733; x_wconf 75' lang='grc' dir='ltr'><strong>ο</strong></span> <span class='ocrx_word' id='word_1_227' title='bbox 2593 1676 2694 1773; x_wconf 70' lang='grc' dir='ltr'><strong>τῆς</strong></span> <span class='ocrx_word' id='word_1_228' title='bbox 2737 1676 2888 1765; x_wconf 80' lang='grc' dir='ltr'>θείας</span> <span class='ocrx_word' id='word_1_229' title='bbox 2919 1701 3146 1774; x_wconf 82' lang='grc' dir='ltr'>Γραφῆς</span> <span class='ocrx_word' id='word_1_230' title='bbox 3187 1701 3352 1754; x_wconf 86' lang='grc' dir='ltr'>αὑτὸν</span> <span class='ocrx_word' id='word_1_231' title='bbox 3385 1676 3560 1769; x_wconf 86' lang='grc' dir='ltr'>σαφῶς</span> <span class='ocrx_word' id='word_1_232' title='bbox 3587 1676 3711 1770; x_wconf 77' lang='grc' dir='ltr'>ἐλεγ-</span> 
     </span>
    </p>
   </div>
   <div class='ocr_carea' id='block_1_32' title="bbox 475 1768 2052 1863">
    <p class='ocr_par' dir='ltr' id='par_1_32' title="bbox 475 1772 2052 1852">
     <span class='ocr_line' id='line_1_32' title="bbox 475 1772 2052 1852; baseline 0.009 -31"><span class='ocrx_word' id='word_1_233' title='bbox 475 1774 657 1822; x_wconf 87' lang='lat' dir='ltr'><strong>terum</strong></span> <span class='ocrx_word' id='word_1_234' title='bbox 690 1785 801 1826; x_wconf 89' lang='lat' dir='ltr'><strong>non</strong></span> <span class='ocrx_word' id='word_1_235' title='bbox 843 1788 1032 1827; x_wconf 90' lang='lat' dir='ltr'><strong>verum</strong></span> <span class='ocrx_word' id='word_1_236' title='bbox 1059 1792 1073 1829; x_wconf 91' lang='lat'>:</span> <span class='ocrx_word' id='word_1_237' title='bbox 1099 1772 1152 1833; x_wconf 89' lang='lat' dir='ltr'><strong>id</strong></span> <span class='ocrx_word' id='word_1_238' title='bbox 1187 1777 1332 1844; x_wconf 91' lang='lat' dir='ltr'><strong>quod</strong></span> <span class='ocrx_word' id='word_1_239' title='bbox 1365 1776 1537 1832; x_wconf 57' lang='lat' dir='ltr'><strong>Graeci</strong></span> <span class='ocrx_word' id='word_1_240' title='bbox 1579 1779 1928 1845; x_wconf 85' lang='lat' dir='ltr'><strong>conﬁtentur,</strong></span> <span class='ocrx_word' id='word_1_241' title='bbox 1962 1782 2052 1852; x_wconf 91' lang='lat' dir='ltr'><strong>qui</strong></span> 
     </span>
    </p>
   </div>
   <div class='ocr_carea' id='block_1_33' title="bbox 2134 1768 3711 1863">
    <p class='ocr_par' dir='ltr' id='par_1_33' title="bbox 2163 1768 3711 1863">
     <span class='ocr_line' id='line_1_33' title="bbox 2163 1768 3711 1863; baseline 0.001 -21"><span class='ocrx_word' id='word_1_242' title='bbox 2163 1768 2383 1862; x_wconf 36' lang='grc' dir='ltr'>χοὺ-σης,</span> <span class='ocrx_word' id='word_1_243' title='bbox 2418 1791 2512 1844; x_wconf 77' lang='grc' dir='ltr'>καὶ</span> <span class='ocrx_word' id='word_1_244' title='bbox 2543 1768 2676 1863; x_wconf 59' lang='grc' dir='ltr'>περί</span> <span class='ocrx_word' id='word_1_245' title='bbox 2701 1791 2915 1862; x_wconf 81' lang='grc' dir='ltr'>[ἰατρὸς</span> <span class='ocrx_word' id='word_1_246' title='bbox 2948 1768 3337 1861; x_wconf 23' lang='grc' dir='ltr'>μὲντλεγούσης</span> <span class='ocrx_word' id='word_1_247' title='bbox 3358 1830 3373 1854; x_wconf 94' lang='grc'><strong>,</strong></span> <span class='ocrx_word' id='word_1_248' title='bbox 3405 1768 3480 1851; x_wconf 78' lang='grc' dir='ltr'><strong>ὡς</strong></span> <span class='ocrx_word' id='word_1_249' title='bbox 3509 1788 3566 1841; x_wconf 86' lang='lat'><strong>&#39;0</strong></span> <span class='ocrx_word' id='word_1_250' title='bbox 3594 1768 3711 1855; x_wconf 70' lang='grc' dir='ltr'>Θεὸς</span> 
     </span>
    </p>
   </div>
   <div class='ocr_carea' id='block_1_34' title="bbox 475 1862 2052 1953">
    <p class='ocr_par' dir='ltr' id='par_1_34' title="bbox 475 1862 2052 1940">
     <span class='ocr_line' id='line_1_34' title="bbox 475 1862 2052 1940; baseline 0.011 -29"><span class='ocrx_word' id='word_1_251' title='bbox 475 1873 648 1914; x_wconf 90' lang='lat' dir='ltr'><strong>unum</strong></span> <span class='ocrx_word' id='word_1_252' title='bbox 690 1862 953 1931; x_wconf 83' lang='lat' dir='ltr'><strong>majorem</strong></span> <span class='ocrx_word' id='word_1_253' title='bbox 995 1863 1186 1930; x_wconf 91' lang='lat' dir='ltr'><strong>Deum,</strong></span> <span class='ocrx_word' id='word_1_254' title='bbox 1224 1866 1500 1922; x_wconf 88' lang='lat' dir='ltr'><strong>minorum</strong></span> <span class='ocrx_word' id='word_1_255' title='bbox 1541 1873 1782 1940; x_wconf 86' lang='lat' dir='ltr'><strong>gentium</strong></span> <span class='ocrx_word' id='word_1_256' title='bbox 1832 1881 2052 1930; x_wconf 62' lang='lat' dir='ltr'><strong>caeteros</strong></span> 
     </span>
    </p>
   </div>
   <div class='ocr_carea' id='block_1_35' title="bbox 2134 1862 3711 1953">
    <p class='ocr_par' dir='ltr' id='par_1_35' title="bbox 2162 1862 3711 1953">
     <span class='ocr_line' id='line_1_35' title="bbox 2162 1862 3711 1953; baseline -0.003 -17"><span class='ocrx_word' id='word_1_257' title='bbox 2162 1881 2470 1948; x_wconf 73' lang='grc' dir='ltr'>ἀληθινός·</span> <span class='ocrx_word' id='word_1_258' title='bbox 2499 1882 2595 1935; x_wconf 71' lang='grc' dir='ltr'>καὶ</span> <span class='ocrx_word' id='word_1_259' title='bbox 2620 1862 2747 1953; x_wconf 77' lang='grc' dir='ltr'>περὶ</span> <span class='ocrx_word' id='word_1_260' title='bbox 2773 1881 2903 1935; x_wconf 88' lang='grc' dir='ltr'><strong>Υίοῦ</strong></span> <span class='ocrx_word' id='word_1_261' title='bbox 2927 1882 2989 1935; x_wconf 90' lang='grc' dir='ltr'><strong>τὸ</strong></span> <span class='ocrx_word' id='word_1_262' title='bbox 3015 1883 3165 1948; x_wconf 81' lang='grc' dir='ltr'>Θεὸς</span> <span class='ocrx_word' id='word_1_263' title='bbox 3187 1879 3479 1944; x_wconf 73' lang='grc' dir='ltr'>ὡσαύτωςε</span> <span class='ocrx_word' id='word_1_264' title='bbox 3500 1879 3711 1951; x_wconf 75' lang='grc' dir='ltr'>καὶπερὶ</span> 
     </span>
    </p>
   </div>
   <div class='ocr_carea' id='block_1_36' title="bbox 475 1955 2052 2046">
    <p class='ocr_par' dir='ltr' id='par_1_36' title="bbox 475 1955 2052 2034">
     <span class='ocr_line' id='line_1_36' title="bbox 475 1955 2052 2034; baseline 0.01 -28"><span class='ocrx_word' id='word_1_265' title='bbox 475 1955 782 2025; x_wconf 89' lang='lat' dir='ltr'><strong>appellant;</strong></span> <span class='ocrx_word' id='word_1_266' title='bbox 817 1959 913 2014; x_wconf 91' lang='lat' dir='ltr'><strong>sed</strong></span> <span class='ocrx_word' id='word_1_267' title='bbox 943 1961 1202 2016; x_wconf 84' lang='lat' dir='ltr'><strong>nimirum</strong></span> <span class='ocrx_word' id='word_1_268' title='bbox 1240 1963 1530 2034; x_wconf 88' lang='lat' dir='ltr'><strong>perspicue</strong></span> <span class='ocrx_word' id='word_1_269' title='bbox 1573 1965 1725 2021; x_wconf 91' lang='lat' dir='ltr'><strong>illum</strong></span> <span class='ocrx_word' id='word_1_270' title='bbox 1774 1981 2052 2022; x_wconf 89' lang='lat' dir='ltr'><strong>sacrarum</strong></span> 
     </span>
    </p>
   </div>
   <div class='ocr_carea' id='block_1_37' title="bbox 2133 1955 3710 2046">
    <p class='ocr_par' dir='ltr' id='par_1_37' title="bbox 2158 1968 3710 2046">
     <span class='ocr_line' id='line_1_37' title="bbox 2158 1968 3710 2046; baseline 0.001 -21"><span class='ocrx_word' id='word_1_271' title='bbox 2158 1973 2392 2045; x_wconf 84' lang='grc' dir='ltr'>Πατρὸς,</span> <span class='ocrx_word' id='word_1_272' title='bbox 2426 1975 2494 2030; x_wconf 85' lang='grc' dir='ltr'>Τό</span> <span class='ocrx_word' id='word_1_273' title='bbox 2518 1973 2644 2043; x_wconf 74' lang='grc' dir='ltr'><strong>φῶς</strong></span> <span class='ocrx_word' id='word_1_274' title='bbox 2669 1977 2702 2029; x_wconf 82' lang='grc' dir='ltr'><strong>ό</strong></span> <span class='ocrx_word' id='word_1_275' title='bbox 2738 1976 2900 2041; x_wconf 84' lang='grc' dir='ltr'>Θεός·</span> <span class='ocrx_word' id='word_1_276' title='bbox 2939 1975 3070 2046; x_wconf 76' lang='grc' dir='ltr'>περὶ</span> <span class='ocrx_word' id='word_1_277' title='bbox 3095 1975 3153 2028; x_wconf 86' lang='grc' dir='ltr'>δὲ</span> <span class='ocrx_word' id='word_1_278' title='bbox 3185 1973 3341 2037; x_wconf 87' lang='grc' dir='ltr'>Υίοῦ,</span> <span class='ocrx_word' id='word_1_279' title='bbox 3368 1968 3487 2028; x_wconf 82' lang='grc' dir='ltr'><strong>Ἦν</strong></span> <span class='ocrx_word' id='word_1_280' title='bbox 3509 1973 3570 2027; x_wconf 89' lang='grc' dir='ltr'><strong>τὸ</strong></span> <span class='ocrx_word' id='word_1_281' title='bbox 3609 1971 3710 2041; x_wconf 69' lang='grc' dir='ltr'><strong>φῶς</strong></span> 
     </span>
    </p>
   </div>
   <div class='ocr_carea' id='block_1_38' title="bbox 473 2043 2050 2140">
    <p class='ocr_par' dir='ltr' id='par_1_38' title="bbox 473 2043 2050 2129">
     <span class='ocr_line' id='line_1_38' title="bbox 473 2043 2050 2129; baseline 0.011 -31"><span class='ocrx_word' id='word_1_282' title='bbox 473 2043 808 2105; x_wconf 85' lang='lat' dir='ltr'><strong>Litterarum</strong></span> <span class='ocrx_word' id='word_1_283' title='bbox 842 2053 1120 2109; x_wconf 85' lang='lat' dir='ltr'><strong>convincit</strong></span> <span class='ocrx_word' id='word_1_284' title='bbox 1148 2058 1469 2125; x_wconf 86' lang='lat' dir='ltr'><strong>auctoritas,</strong></span> <span class='ocrx_word' id='word_1_285' title='bbox 1501 2073 1624 2129; x_wconf 67' lang='lat' dir='ltr'><strong>qua:</strong></span> <span class='ocrx_word' id='word_1_286' title='bbox 1654 2073 1781 2114; x_wconf 83' lang='lat' dir='ltr'><strong>cum</strong></span> <span class='ocrx_word' id='word_1_287' title='bbox 1805 2061 1873 2115; x_wconf 89' lang='lat' dir='ltr'><strong>de</strong></span> <span class='ocrx_word' id='word_1_288' title='bbox 1897 2060 2050 2116; x_wconf 84' lang='lat' dir='ltr'><strong>Patre</strong></span> 
     </span>
    </p>
   </div>
   <div class='ocr_carea' id='block_1_39' title="bbox 2131 2043 3708 2140">
    <p class='ocr_par' dir='ltr' id='par_1_39' title="bbox 2156 2043 3708 2140">
     <span class='ocr_line' id='line_1_39' title="bbox 2156 2043 3708 2140; baseline -0.004 -19"><span class='ocrx_word' id='word_1_289' title='bbox 2156 2067 2224 2121; x_wconf 83' lang='grc' dir='ltr'><strong>τὸ</strong></span> <span class='ocrx_word' id='word_1_290' title='bbox 2265 2043 2584 2134; x_wconf 73' lang='grc' dir='ltr'>ἀληθινόν·</span> <span class='ocrx_word' id='word_1_291' title='bbox 2633 2067 2728 2121; x_wconf 76' lang='grc' dir='ltr'><strong>καὶ</strong></span> <span class='ocrx_word' id='word_1_292' title='bbox 2774 2065 2904 2140; x_wconf 73' lang='grc' dir='ltr'>περὶ</span> <span class='ocrx_word' id='word_1_293' title='bbox 2943 2043 3100 2135; x_wconf 85' lang='grc' dir='ltr'>ἁγίου</span> <span class='ocrx_word' id='word_1_294' title='bbox 3146 2064 3501 2135; x_wconf 73' lang='grc' dir='ltr'>Πνεῦματος,</span> <span class='ocrx_word' id='word_1_295' title='bbox 3544 2063 3618 2114; x_wconf 82' lang='grc' dir='ltr'>ὅτι</span> <span class='ocrx_word' id='word_1_296' title='bbox 3654 2062 3708 2115; x_wconf 86' lang='grc' dir='ltr'>Τὸ</span> 
     </span>
    </p>
   </div>
   <div class='ocr_carea' id='block_1_40' title="bbox 472 2135 2049 2228">
    <p class='ocr_par' dir='ltr' id='par_1_40' title="bbox 472 2135 2049 2218">
     <span class='ocr_line' id='line_1_40' title="bbox 472 2135 2049 2218; baseline 0.011 -29"><span class='ocrx_word' id='word_1_297' title='bbox 472 2135 798 2206; x_wconf 89' lang='lat' dir='ltr'><strong>loquuntur,</strong></span> <span class='ocrx_word' id='word_1_298' title='bbox 833 2141 996 2211; x_wconf 83' lang='lat' dir='ltr'><strong>Deus,</strong></span> <span class='ocrx_word' id='word_1_299' title='bbox 1025 2144 1302 2216; x_wconf 88' lang='lat' dir='ltr'><strong>inquiunt,</strong></span> <span class='ocrx_word' id='word_1_300' title='bbox 1328 2165 1481 2204; x_wconf 81' lang='lat' dir='ltr'><strong>verus</strong></span> <span class='ocrx_word' id='word_1_301' title='bbox 1504 2161 1582 2204; x_wconf 88' lang='lat' dir='ltr'><strong>est</strong></span> <span class='ocrx_word' id='word_1_302' title='bbox 1609 2151 1628 2182; x_wconf 76' lang='grc' dir='ltr'><strong>ί</strong></span> <span class='ocrx_word' id='word_1_303' title='bbox 1658 2169 1674 2205; x_wconf 85' lang='lat'><strong>:</strong></span> <span class='ocrx_word' id='word_1_304' title='bbox 1701 2149 1898 2206; x_wconf 89' lang='lat' dir='ltr'><strong>Filium</strong></span> <span class='ocrx_word' id='word_1_305' title='bbox 1917 2157 2049 2218; x_wconf 76' lang='lat' dir='ltr'><strong>&quot;quo-</strong></span> 
     </span>
    </p>
   </div>
   <div class='ocr_carea' id='block_1_41' title="bbox 2132 2135 3709 2228">
    <p class='ocr_par' dir='ltr' id='par_1_41' title="bbox 2155 2135 3709 2228">
     <span class='ocr_line' id='line_1_41' title="bbox 2155 2135 3709 2228; baseline -0.004 -16"><span class='ocrx_word' id='word_1_306' title='bbox 2155 2156 2398 2227; x_wconf 76' lang='grc' dir='ltr'>Πνεῦμα</span> <span class='ocrx_word' id='word_1_307' title='bbox 2433 2156 2544 2226; x_wconf 82' lang='grc' dir='ltr'><strong>τῆς</strong></span> <span class='ocrx_word' id='word_1_308' title='bbox 2593 2135 2900 2225; x_wconf 47' lang='grc' dir='ltr'>ἀληθείας.</span> <span class='ocrx_word' id='word_1_309' title='bbox 2955 2157 3254 2228; x_wconf 86' lang='grc' dir='ltr'>Ἀληθινῶς</span> <span class='ocrx_word' id='word_1_310' title='bbox 3304 2156 3482 2210; x_wconf 85' lang='grc' dir='ltr'>τοίνυν</span> <span class='ocrx_word' id='word_1_311' title='bbox 3528 2155 3644 2224; x_wconf 78' lang='grc' dir='ltr'>ἡμῖν</span> <span class='ocrx_word' id='word_1_312' title='bbox 3680 2154 3709 2224; x_wconf 85' lang='grc' dir='ltr'><strong>ἡ</strong></span> 
     </span>
    </p>
   </div>
   <div class='ocr_carea' id='block_1_42' title="bbox 466 2225 2043 2317">
    <p class='ocr_par' dir='ltr' id='par_1_42' title="bbox 466 2225 2043 2312">
     <span class='ocr_line' id='line_1_42' title="bbox 466 2225 2043 2312; baseline 0.011 -36"><span class='ocrx_word' id='word_1_313' title='bbox 466 2239 574 2294; x_wconf 90' lang='lat' dir='ltr'><strong>que</strong></span> <span class='ocrx_word' id='word_1_314' title='bbox 603 2225 788 2282; x_wconf 89' lang='lat' dir='ltr'><strong>itidem</strong></span> <span class='ocrx_word' id='word_1_315' title='bbox 813 2243 936 2286; x_wconf 86' lang='lat' dir='ltr'><strong>esse</strong></span> <span class='ocrx_word' id='word_1_316' title='bbox 959 2233 1124 2288; x_wconf 89' lang='lat' dir='ltr'><strong>Deum</strong></span> <span class='ocrx_word' id='word_1_317' title='bbox 1150 2249 1431 2305; x_wconf 88' lang='lat' dir='ltr'><strong>asserunt;</strong></span> <span class='ocrx_word' id='word_1_318' title='bbox 1466 2255 1589 2310; x_wconf 73' lang='lat' dir='ltr'><strong>quze</strong></span> <span class='ocrx_word' id='word_1_319' title='bbox 1607 2240 1826 2312; x_wconf 90' lang='lat' dir='ltr'><strong>quidem</strong></span> <span class='ocrx_word' id='word_1_320' title='bbox 1851 2239 1918 2294; x_wconf 92' lang='lat' dir='ltr'><strong>de</strong></span> <span class='ocrx_word' id='word_1_321' title='bbox 1942 2239 2043 2294; x_wconf 89' lang='lat' dir='ltr'><strong>Pa-</strong></span> 
     </span>
    </p>
   </div>
   <div class='ocr_carea' id='block_1_43' title="bbox 2128 2225 3705 2317">
    <p class='ocr_par' dir='ltr' id='par_1_43' title="bbox 2156 2225 3705 2317">
     <span class='ocr_line' id='line_1_43' title="bbox 2156 2225 3705 2317; baseline 0 -21"><span class='ocrx_word' id='word_1_322' title='bbox 2156 2225 2328 2315; x_wconf 78' lang='grc' dir='ltr'>Τριάς</span> <span class='ocrx_word' id='word_1_323' title='bbox 2375 2225 2804 2312; x_wconf 82' lang='grc' dir='ltr'>καταγγέλλεται</span> <span class='ocrx_word' id='word_1_324' title='bbox 2843 2247 2900 2300; x_wconf 86' lang='grc' dir='ltr'>ὲν</span> <span class='ocrx_word' id='word_1_325' title='bbox 2947 2225 3110 2317; x_wconf 66' lang='grc' dir='ltr'>σοφία</span> <span class='ocrx_word' id='word_1_326' title='bbox 3152 2245 3251 2300; x_wconf 76' lang='grc' dir='ltr'><strong>καὶ</strong></span> <span class='ocrx_word' id='word_1_327' title='bbox 3301 2244 3455 2316; x_wconf 83' lang='grc' dir='ltr'>βάθει</span> <span class='ocrx_word' id='word_1_328' title='bbox 3489 2243 3705 2297; x_wconf 75' lang='grc' dir='ltr'>πλούτου.</span> 
     </span>
    </p>
   </div>
   <div class='ocr_carea' id='block_1_44' title="bbox 462 2315 2038 2397">
    <p class='ocr_par' dir='ltr' id='par_1_44' title="bbox 462 2315 2038 2397">
     <span class='ocr_line' id='line_1_44' title="bbox 462 2315 2038 2397; baseline 0.011 -29"><span class='ocrx_word' id='word_1_329' title='bbox 462 2323 585 2371; x_wconf 82' lang='lat' dir='ltr'><strong>tre:</strong></span> <span class='ocrx_word' id='word_1_330' title='bbox 613 2315 734 2372; x_wconf 80' lang='lat' dir='ltr'><strong>Lua:</strong></span> <span class='ocrx_word' id='word_1_331' title='bbox 763 2329 841 2375; x_wconf 84' lang='lat' dir='ltr'><strong>est</strong></span> <span class='ocrx_word' id='word_1_332' title='bbox 872 2321 1046 2390; x_wconf 85' lang='lat' dir='ltr'><strong>Deus;</strong></span> <span class='ocrx_word' id='word_1_333' title='bbox 1074 2325 1141 2381; x_wconf 89' lang='lat' dir='ltr'><strong>de</strong></span> <span class='ocrx_word' id='word_1_334' title='bbox 1160 2326 1299 2383; x_wconf 89' lang='lat' dir='ltr'><strong>Filio</strong></span> <span class='ocrx_word' id='word_1_335' title='bbox 1322 2339 1500 2387; x_wconf 81' lang='lat' dir='ltr'><strong>autem</strong></span> <span class='ocrx_word' id='word_1_336' title='bbox 1532 2351 1545 2387; x_wconf 91' lang='lat'><strong>:</strong></span> <span class='ocrx_word' id='word_1_337' title='bbox 1586 2331 1704 2386; x_wconf 74' lang='lat' dir='ltr'><strong>Lua:</strong></span> <span class='ocrx_word' id='word_1_338' title='bbox 1737 2341 1852 2386; x_wconf 87' lang='lat' dir='ltr'><strong>erat</strong></span> <span class='ocrx_word' id='word_1_339' title='bbox 1878 2347 2038 2397; x_wconf 81' lang='lat' dir='ltr'><strong>vera;</strong></span> 
     </span>
    </p>
   </div>
   <div class='ocr_carea' id='block_1_45' title="bbox 463 2401 2037 2491">
    <p class='ocr_par' dir='ltr' id='par_1_45' title="bbox 463 2401 2037 2491">
     <span class='ocr_line' id='line_1_45' title="bbox 463 2401 2037 2491; baseline 0.01 -32"><span class='ocrx_word' id='word_1_340' title='bbox 463 2401 727 2474; x_wconf 86' lang='lat' dir='ltr'><strong>Spiritum</strong></span> <span class='ocrx_word' id='word_1_341' title='bbox 753 2409 985 2482; x_wconf 86' lang='lat' dir='ltr'><strong>denique</strong></span> <span class='ocrx_word' id='word_1_342' title='bbox 1014 2423 1264 2474; x_wconf 88' lang='lat' dir='ltr'><strong>sanctum</strong></span> <span class='ocrx_word' id='word_1_343' title='bbox 1291 2421 1539 2490; x_wconf 77' lang='lat' dir='ltr'><strong>spiritum</strong></span> <span class='ocrx_word' id='word_1_344' title='bbox 1578 2423 1818 2478; x_wconf 83' lang='lat' dir='ltr'><strong>veritatis</strong></span> <span class='ocrx_word' id='word_1_345' title='bbox 1846 2421 2037 2491; x_wconf 89' lang='lat' dir='ltr'><strong>appel-</strong></span> 
     </span>
    </p>
   </div>
   <div class='ocr_carea' id='block_1_46' title="bbox 460 2498 2954 2586">
    <p class='ocr_par' dir='ltr' id='par_1_46' title="bbox 460 2498 2954 2586">
     <span class='ocr_line' id='line_1_46' title="bbox 460 2498 2954 2586; baseline 0.007 -34"><span class='ocrx_word' id='word_1_346' title='bbox 460 2498 576 2554; x_wconf 84' lang='lat' dir='ltr'><strong>lant</strong></span> <span class='ocrx_word' id='word_1_347' title='bbox 597 2505 639 2556; x_wconf 72' lang='grc'>³.</span> <span class='ocrx_word' id='word_1_348' title='bbox 665 2500 850 2573; x_wconf 83' lang='lat' dir='ltr'><strong>Itaque</strong></span> <span class='ocrx_word' id='word_1_349' title='bbox 872 2506 1112 2586; x_wconf 75' lang='lat' dir='ltr'><strong>Trinitas</strong></span> <span class='ocrx_word' id='word_1_350' title='bbox 1137 2525 1260 2567; x_wconf 87' lang='lat' dir='ltr'><strong>vere</strong></span> <span class='ocrx_word' id='word_1_351' title='bbox 1285 2514 1444 2570; x_wconf 88' lang='lat' dir='ltr'><strong>nobis</strong></span> <span class='ocrx_word' id='word_1_352' title='bbox 1475 2515 1529 2570; x_wconf 91' lang='lat' dir='ltr'><strong>in</strong></span> <span class='ocrx_word' id='word_1_353' title='bbox 1556 2514 1824 2586; x_wconf 87' lang='lat' dir='ltr'><strong>sapientia</strong></span> <span class='ocrx_word' id='word_1_354' title='bbox 1855 2523 1908 2570; x_wconf 91' lang='lat' dir='ltr'><strong>et</strong></span> <span class='ocrx_word' id='word_1_355' title='bbox 1930 2509 2249 2568; x_wconf 80' lang='lat' dir='ltr'><strong>divitiarum</strong></span> <span class='ocrx_word' id='word_1_356' title='bbox 2291 2508 2576 2567; x_wconf 83' lang='lat' dir='ltr'><strong>altitudine</strong></span> <span class='ocrx_word' id='word_1_357' title='bbox 2609 2514 2890 2570; x_wconf 90' lang='lat' dir='ltr'><strong>nuntiatur</strong></span> <span class='ocrx_word' id='word_1_358' title='bbox 2910 2519 2954 2569; x_wconf 84' lang='grc'>³.</span> 
     </span>
    </p>
   </div>
   <div class='ocr_carea' id='block_1_47' title="bbox 539 2579 2116 2672">
    <p class='ocr_par' dir='ltr' id='par_1_47' title="bbox 539 2579 2055 2672">
     <span class='ocr_line' id='line_1_47' title="bbox 539 2579 2055 2672; baseline 0.012 -33"><span class='ocrx_word' id='word_1_359' title='bbox 539 2585 606 2642; x_wconf 87' lang='lat' dir='ltr'><strong>ll.</strong></span> <span class='ocrx_word' id='word_1_360' title='bbox 643 2586 828 2660; x_wconf 90' lang='lat' dir='ltr'><strong>Pergit</strong></span> <span class='ocrx_word' id='word_1_361' title='bbox 851 2579 1043 2651; x_wconf 77' lang='lat' dir='ltr'><strong>Aetius</strong></span> <span class='ocrx_word' id='word_1_362' title='bbox 1074 2614 1087 2651; x_wconf 94' lang='lat'>:</span> <span class='ocrx_word' id='word_1_363' title='bbox 1121 2594 1194 2650; x_wconf 87' lang='lat' dir='ltr'><strong>Et</strong></span> <span class='ocrx_word' id='word_1_364' title='bbox 1228 2613 1262 2650; x_wconf 81' lang='grc' dir='ltr'><strong>α</strong></span> <span class='ocrx_word' id='word_1_365' title='bbox 1293 2595 1427 2652; x_wconf 72' lang='lat' dir='ltr'><strong>Iesu</strong></span> <span class='ocrx_word' id='word_1_366' title='bbox 1462 2579 1695 2664; x_wconf 69' lang='lat' dir='ltr'><strong>Christo,</strong></span> <span class='ocrx_word' id='word_1_367' title='bbox 1734 2602 1936 2672; x_wconf 91' lang='lat' dir='ltr'><strong>inquit,</strong></span> <span class='ocrx_word' id='word_1_368' title='bbox 1966 2605 2055 2672; x_wconf 85' lang='lat' dir='ltr'><strong>qui</strong></span> 
     </span>
    </p>
   </div>
   <div class='ocr_carea' id='block_1_48' title="bbox 2126 2579 3703 2672">
    <p class='ocr_par' dir='ltr' id='par_1_48' title="bbox 2225 2587 3703 2666">
     <span class='ocr_line' id='line_1_48' title="bbox 2225 2587 3703 2666; baseline 0.002 -23"><span class='ocrx_word' id='word_1_369' title='bbox 2225 2590 2298 2645; x_wconf 90' lang='lat' dir='ltr'><strong>B&#39;.</strong></span> <span class='ocrx_word' id='word_1_370' title='bbox 2323 2587 2457 2646; x_wconf 77' lang='grc' dir='ltr'>Εἶτα</span> <span class='ocrx_word' id='word_1_371' title='bbox 2479 2592 2640 2647; x_wconf 82' lang='grc' dir='ltr'>πάλιν</span> <span class='ocrx_word' id='word_1_372' title='bbox 2671 2593 2981 2658; x_wconf 78' lang='grc' dir='ltr'>ἀκολούθως</span> <span class='ocrx_word' id='word_1_373' title='bbox 3004 2595 3160 2666; x_wconf 88' lang='grc' dir='ltr'>φησί·</span> <span class='ocrx_word' id='word_1_374' title='bbox 3179 2595 3296 2650; x_wconf 78' lang='lat' dir='ltr'><strong>Kal</strong></span> <span class='ocrx_word' id='word_1_375' title='bbox 3317 2593 3438 2650; x_wconf 83' lang='grc' dir='ltr'><strong>ὑπὸ</strong></span> <span class='ocrx_word' id='word_1_376' title='bbox 3461 2594 3560 2649; x_wconf 89' lang='grc' dir='ltr'><strong>τοῦ</strong></span> <span class='ocrx_word' id='word_1_377' title='bbox 3581 2594 3703 2649; x_wconf 69' lang='grc' dir='ltr'>ἀπο-</span> 
     </span>
    </p>
   </div>
   <div class='ocr_carea' id='block_1_49' title="bbox 466 2679 2043 2762">
    <p class='ocr_par' dir='ltr' id='par_1_49' title="bbox 466 2679 2043 2762">
     <span class='ocr_line' id='line_1_49' title="bbox 466 2679 2043 2762; baseline 0.013 -32"><span class='ocrx_word' id='word_1_378' title='bbox 466 2679 662 2734; x_wconf 81' lang='lat' dir='ltr'><strong>missus</strong></span> <span class='ocrx_word' id='word_1_379' title='bbox 685 2691 786 2737; x_wconf 87' lang='lat' dir='ltr'><strong>est.</strong></span> <span class='ocrx_word' id='word_1_380' title='bbox 817 2681 931 2739; x_wconf 79' lang='lat' dir='ltr'><strong>Nec</strong></span> <span class='ocrx_word' id='word_1_381' title='bbox 957 2685 1155 2757; x_wconf 89' lang='lat' dir='ltr'><strong>puduit</strong></span> <span class='ocrx_word' id='word_1_382' title='bbox 1193 2687 1376 2759; x_wconf 90' lang='lat' dir='ltr'><strong>ipsum</strong></span> <span class='ocrx_word' id='word_1_383' title='bbox 1413 2688 1706 2762; x_wconf 90' lang='lat' dir='ltr'><strong>Unigenito</strong></span> <span class='ocrx_word' id='word_1_384' title='bbox 1731 2691 1822 2748; x_wconf 90' lang='lat' dir='ltr'><strong>Dei</strong></span> <span class='ocrx_word' id='word_1_385' title='bbox 1851 2710 2043 2750; x_wconf 87' lang='lat' dir='ltr'><strong>nomen</strong></span> 
     </span>
    </p>
   </div>
   <div class='ocr_carea' id='block_1_50' title="bbox 2125 2679 3702 2762">
    <p class='ocr_par' dir='ltr' id='par_1_50' title="bbox 2153 2682 3702 2757">
     <span class='ocr_line' id='line_1_50' title="bbox 2153 2682 3702 2757; baseline 0.002 -22"><span class='ocrx_word' id='word_1_386' title='bbox 2153 2682 2487 2751; x_wconf 73' lang='grc' dir='ltr'><strong>σταλέντος</strong></span> <span class='ocrx_word' id='word_1_387' title='bbox 2519 2685 2725 2753; x_wconf 83' lang='grc' dir='ltr'><strong>Ἰησοῦ</strong></span> <span class='ocrx_word' id='word_1_388' title='bbox 2765 2686 3045 2755; x_wconf 83' lang='grc' dir='ltr'>Χριστοῦ.</span> <span class='ocrx_word' id='word_1_389' title='bbox 3112 2687 3228 2742; x_wconf 77' lang='grc' dir='ltr'>Καὶ</span> <span class='ocrx_word' id='word_1_390' title='bbox 3260 2687 3362 2741; x_wconf 86' lang='grc' dir='ltr'><strong>οὐκ</strong></span> <span class='ocrx_word' id='word_1_391' title='bbox 3397 2685 3584 2757; x_wconf 71' lang='grc' dir='ltr'>ᾐδέσθη</span> <span class='ocrx_word' id='word_1_392' title='bbox 3616 2687 3702 2739; x_wconf 81' lang='grc' dir='ltr'>ἀπ-</span> 
     </span>
    </p>
   </div>
   <div class='ocr_carea' id='block_1_51' title="bbox 465 2769 2042 2851">
    <p class='ocr_par' dir='ltr' id='par_1_51' title="bbox 465 2769 2042 2851">
     <span class='ocr_line' id='line_1_51' title="bbox 465 2769 2042 2851; baseline 0.012 -28"><span class='ocrx_word' id='word_1_393' title='bbox 465 2769 777 2839; x_wconf 84' lang='lat' dir='ltr'><strong>detrahere,</strong></span> <span class='ocrx_word' id='word_1_394' title='bbox 807 2789 970 2844; x_wconf 90' lang='lat' dir='ltr'><strong>quem</strong></span> <span class='ocrx_word' id='word_1_395' title='bbox 994 2777 1145 2833; x_wconf 91' lang='lat' dir='ltr'><strong>nudo</strong></span> <span class='ocrx_word' id='word_1_396' title='bbox 1201 2793 1266 2834; x_wconf 90' lang='lat' dir='ltr'><strong>ac</strong></span> <span class='ocrx_word' id='word_1_397' title='bbox 1298 2781 1535 2851; x_wconf 91' lang='lat' dir='ltr'><strong>simplici</strong></span> <span class='ocrx_word' id='word_1_398' title='bbox 1564 2783 1830 2840; x_wconf 88' lang='lat' dir='ltr'><strong>vocabulo</strong></span> <span class='ocrx_word' id='word_1_399' title='bbox 1868 2785 2042 2841; x_wconf 90' lang='lat' dir='ltr'><strong>decla-</strong></span> 
     </span>
    </p>
   </div>
   <div class='ocr_carea' id='block_1_52' title="bbox 2124 2769 3701 2851">
    <p class='ocr_par' dir='ltr' id='par_1_52' title="bbox 2153 2772 3701 2850">
     <span class='ocr_line' id='line_1_52' title="bbox 2153 2772 3701 2850; baseline 0.002 -24"><span class='ocrx_word' id='word_1_400' title='bbox 2153 2772 2390 2838; x_wconf 81' lang='grc' dir='ltr'>αξιὼσας</span> <span class='ocrx_word' id='word_1_401' title='bbox 2432 2775 2524 2829; x_wconf 87' lang='grc' dir='ltr'><strong>τὸν</strong></span> <span class='ocrx_word' id='word_1_402' title='bbox 2573 2778 2852 2848; x_wconf 87' lang='grc' dir='ltr'>Μονογενῆ</span> <span class='ocrx_word' id='word_1_403' title='bbox 2877 2778 3013 2832; x_wconf 91' lang='grc' dir='ltr'>Θεοῦ</span> <span class='ocrx_word' id='word_1_404' title='bbox 3053 2779 3342 2850; x_wconf 82' lang='grc' dir='ltr'>ὀνόματος,</span> <span class='ocrx_word' id='word_1_405' title='bbox 3381 2777 3511 2831; x_wconf 86' lang='grc' dir='ltr'><strong>ἀλλά</strong></span> <span class='ocrx_word' id='word_1_406' title='bbox 3553 2777 3701 2847; x_wconf 82' lang='grc' dir='ltr'>μόνως</span> 
     </span>
    </p>
   </div>
   <div class='ocr_carea' id='block_1_53' title="bbox 462 2859 2039 2966">
    <p class='ocr_par' dir='ltr' id='par_1_53' title="bbox 462 2859 2039 2943">
     <span class='ocr_line' id='line_1_53' title="bbox 462 2859 2039 2943; baseline 0.013 -33"><span class='ocrx_word' id='word_1_407' title='bbox 462 2859 647 2914; x_wconf 88' lang='lat' dir='ltr'><strong>ravit:</strong></span> <span class='ocrx_word' id='word_1_408' title='bbox 681 2859 735 2914; x_wconf 93' lang='lat' dir='ltr'><strong>id</strong></span> <span class='ocrx_word' id='word_1_409' title='bbox 765 2862 914 2932; x_wconf 91' lang='lat' dir='ltr'><strong>quod</strong></span> <span class='ocrx_word' id='word_1_410' title='bbox 941 2864 996 2918; x_wconf 92' lang='lat' dir='ltr'><strong>in</strong></span> <span class='ocrx_word' id='word_1_411' title='bbox 1038 2868 1417 2936; x_wconf 90' lang='lat' dir='ltr'><strong>superioribus</strong></span> <span class='ocrx_word' id='word_1_412' title='bbox 1461 2871 1736 2940; x_wconf 90' lang='lat' dir='ltr'><strong>capitibus</strong></span> <span class='ocrx_word' id='word_1_413' title='bbox 1768 2874 2039 2943; x_wconf 71' lang='lat' dir='ltr'><strong>professus</strong></span> 
     </span>
    </p>
   </div>
   <div class='ocr_carea' id='block_1_54' title="bbox 2123 2859 3700 2966">
    <p class='ocr_par' dir='ltr' id='par_1_54' title="bbox 2151 2861 3700 2966">
     <span class='ocr_line' id='line_1_54' title="bbox 2151 2861 3700 2966; baseline -0.001 -48"><span class='ocrx_word' id='word_1_414' title='bbox 2151 2863 2282 2934; x_wconf 70' lang='grc' dir='ltr'>ψιλῇ</span> <span class='ocrx_word' id='word_1_415' title='bbox 2324 2866 2390 2935; x_wconf 82' lang='grc' dir='ltr'>τῇ</span> <span class='ocrx_word' id='word_1_416' title='bbox 2415 2861 2560 2929; x_wconf 81' lang='grc' dir='ltr'>λέξει</span> <span class='ocrx_word' id='word_1_417' title='bbox 2592 2866 2877 2938; x_wconf 83' lang='grc' dir='ltr'>κέχρηται,</span> <span class='ocrx_word' id='word_1_418' title='bbox 2913 2867 2990 2932; x_wconf 87' lang='grc' dir='ltr'>ὼς</span> <span class='ocrx_word' id='word_1_419' title='bbox 3015 2871 3072 2921; x_wconf 84' lang='grc' dir='ltr'>ὲν</span> <span class='ocrx_word' id='word_1_420' title='bbox 3102 2871 3218 2932; x_wconf 82' lang='grc' dir='ltr'>τοῖς</span> <span class='ocrx_word' id='word_1_421' title='bbox 3249 2867 3505 2923; x_wconf 79' lang='grc' dir='ltr'>ἀνωτάτω</span> <span class='ocrx_word' id='word_1_422' title='bbox 3526 2864 3700 2966; x_wconf 68' lang='grc' dir='ltr'>ὡμολό-</span> 
     </span>
    </p>
   </div>
   <div class='ocr_carea' id='block_1_55' title="bbox 461 2953 2038 3032">
    <p class='ocr_par' dir='ltr' id='par_1_55' title="bbox 461 2953 2038 3031">
     <span class='ocr_line' id='line_1_55' title="bbox 461 2953 2038 3031; baseline 0.011 -27"><span class='ocrx_word' id='word_1_423' title='bbox 461 2956 570 3017; x_wconf 84' lang='lat' dir='ltr'><strong>est,</strong></span> <span class='ocrx_word' id='word_1_424' title='bbox 625 2965 748 3006; x_wconf 91' lang='lat' dir='ltr'><strong>cum</strong></span> <span class='ocrx_word' id='word_1_425' title='bbox 793 2953 941 3011; x_wconf 89' lang='lat' dir='ltr'><strong>illius</strong></span> <span class='ocrx_word' id='word_1_426' title='bbox 990 2956 1161 3014; x_wconf 90' lang='lat' dir='ltr'><strong>decus</strong></span> <span class='ocrx_word' id='word_1_427' title='bbox 1190 2972 1256 3014; x_wconf 87' lang='lat' dir='ltr'><strong>ac</strong></span> <span class='ocrx_word' id='word_1_428' title='bbox 1282 2959 1603 3031; x_wconf 87' lang='lat' dir='ltr'><strong>dignitatem</strong></span> <span class='ocrx_word' id='word_1_429' title='bbox 1636 2963 1878 3020; x_wconf 89' lang='lat' dir='ltr'><strong>nominis</strong></span> <span class='ocrx_word' id='word_1_430' title='bbox 1910 2963 2038 3022; x_wconf 86' lang='lat' dir='ltr'><strong>Filic</strong></span> 
     </span>
    </p>
   </div>
   <div class='ocr_carea' id='block_1_56' title="bbox 2122 2953 3699 3032">
    <p class='ocr_par' dir='ltr' id='par_1_56' title="bbox 2152 2956 3699 3032">
     <span class='ocr_line' id='line_1_56' title="bbox 2152 2956 3699 3032; baseline 0 -24"><span class='ocrx_word' id='word_1_431' title='bbox 2152 2971 2290 3025; x_wconf 89' lang='grc' dir='ltr'>γησε</span> <span class='ocrx_word' id='word_1_432' title='bbox 2337 2956 2656 3026; x_wconf 81' lang='grc' dir='ltr'>κεφαλαίοις</span> <span class='ocrx_word' id='word_1_433' title='bbox 2679 2997 2694 3022; x_wconf 92' lang='grc'><strong>,</strong></span> <span class='ocrx_word' id='word_1_434' title='bbox 2745 2959 2851 3022; x_wconf 76' lang='grc' dir='ltr'>ἕως</span> <span class='ocrx_word' id='word_1_435' title='bbox 2896 2959 3056 3031; x_wconf 77' lang='grc' dir='ltr'>ψιλῆς</span> <span class='ocrx_word' id='word_1_436' title='bbox 3088 2960 3390 3032; x_wconf 85' lang='grc' dir='ltr'>ὀνομασίας</span> <span class='ocrx_word' id='word_1_437' title='bbox 3429 2961 3597 3030; x_wconf 80' lang='grc' dir='ltr'>νόμων</span> <span class='ocrx_word' id='word_1_438' title='bbox 3635 2958 3699 3026; x_wconf 75' lang='grc' dir='ltr'>τῷ</span> 
     </span>
    </p>
   </div>
   <div class='ocr_carea' id='block_1_57' title="bbox 459 3043 2036 3148">
    <p class='ocr_par' dir='ltr' id='par_1_57' title="bbox 459 3043 2036 3112">
     <span class='ocr_line' id='line_1_57' title="bbox 459 3043 2036 3112; baseline 0.011 -18"><span class='ocrx_word' id='word_1_439' title='bbox 459 3043 832 3112; x_wconf 88' lang='lat' dir='ltr'><strong>appellatione</strong></span> <span class='ocrx_word' id='word_1_440' title='bbox 876 3047 993 3104; x_wconf 90' lang='lat' dir='ltr'><strong>sola</strong></span> <span class='ocrx_word' id='word_1_441' title='bbox 1037 3050 1338 3106; x_wconf 88' lang='lat' dir='ltr'><strong>concessit.</strong></span> <span class='ocrx_word' id='word_1_442' title='bbox 1384 3049 1650 3109; x_wconf 86' lang='lat' dir='ltr'><strong>Eumdem</strong></span> <span class='ocrx_word' id='word_1_443' title='bbox 1696 3063 1877 3111; x_wconf 89' lang='lat' dir='ltr'><strong>tamen</strong></span> <span class='ocrx_word' id='word_1_444' title='bbox 1922 3065 2036 3112; x_wconf 73' lang='lat' dir='ltr'><strong>ante</strong></span> 
     </span>
    </p>
   </div>
   <div class='ocr_carea' id='block_1_58' title="bbox 2119 3043 3696 3148">
    <p class='ocr_par' dir='ltr' id='par_1_58' title="bbox 2155 3046 3696 3122">
     <span class='ocr_line' id='line_1_58' title="bbox 2155 3046 3696 3122; baseline -0.001 -23"><span class='ocrx_word' id='word_1_445' title='bbox 2155 3046 2269 3118; x_wconf 80' lang='grc' dir='ltr'>Υίῷ</span> <span class='ocrx_word' id='word_1_446' title='bbox 2298 3047 2359 3101; x_wconf 89' lang='grc' dir='ltr'><strong>τὸ</strong></span> <span class='ocrx_word' id='word_1_447' title='bbox 2402 3047 2571 3119; x_wconf 83' lang='grc' dir='ltr'>γέρας</span> <span class='ocrx_word' id='word_1_448' title='bbox 2601 3047 2696 3103; x_wconf 89' lang='grc' dir='ltr'><strong>τοῦ</strong></span> <span class='ocrx_word' id='word_1_449' title='bbox 2741 3050 3022 3122; x_wconf 82' lang='grc' dir='ltr'>ὀνόματος.</span> <span class='ocrx_word' id='word_1_450' title='bbox 3075 3052 3243 3120; x_wconf 84' lang='grc' dir='ltr'>Λέγει</span> <span class='ocrx_word' id='word_1_451' title='bbox 3293 3052 3350 3105; x_wconf 86' lang='grc' dir='ltr'>δὲ</span> <span class='ocrx_word' id='word_1_452' title='bbox 3388 3051 3491 3120; x_wconf 81' lang='grc' dir='ltr'><strong>πρὸ</strong></span> <span class='ocrx_word' id='word_1_453' title='bbox 3517 3047 3696 3102; x_wconf 78' lang='grc' dir='ltr'>αἰώνων</span> 
     </span>
    </p>
   </div>
   <div class='ocr_carea' id='block_1_59' title="bbox 459 3135 2036 3218">
    <p class='ocr_par' dir='ltr' id='par_1_59' title="bbox 459 3135 2036 3215">
     <span class='ocr_line' id='line_1_59' title="bbox 459 3135 2036 3215; baseline 0.011 -27"><span class='ocrx_word' id='word_1_454' title='bbox 459 3135 661 3190; x_wconf 79' lang='lat' dir='ltr'><strong>saecula</strong></span> <span class='ocrx_word' id='word_1_455' title='bbox 698 3138 1090 3196; x_wconf 88' lang='lat' dir='ltr'><strong>subsistentem</strong></span> <span class='ocrx_word' id='word_1_456' title='bbox 1120 3140 1294 3200; x_wconf 80' lang='lat' dir='ltr'><strong>fuisse</strong></span> <span class='ocrx_word' id='word_1_457' title='bbox 1350 3158 1416 3199; x_wconf 88' lang='lat' dir='ltr'><strong>ac</strong></span> <span class='ocrx_word' id='word_1_458' title='bbox 1457 3145 1655 3215; x_wconf 83' lang='lat' dir='ltr'><strong>genitae</strong></span> <span class='ocrx_word' id='word_1_459' title='bbox 1690 3161 1880 3203; x_wconf 85' lang='lat' dir='ltr'><strong>revera</strong></span> <span class='ocrx_word' id='word_1_460' title='bbox 1913 3150 2036 3205; x_wconf 80' lang='lat' dir='ltr'><strong>sub-</strong></span> 
     </span>
    </p>
   </div>
   <div class='ocr_carea' id='block_1_60' title="bbox 2118 3135 3695 3218">
    <p class='ocr_par' dir='ltr' id='par_1_60' title="bbox 2152 3140 3695 3218">
     <span class='ocr_line' id='line_1_60' title="bbox 2152 3140 3695 3218; baseline 0.001 -25"><span class='ocrx_word' id='word_1_461' title='bbox 2152 3140 2462 3195; x_wconf 76' lang='grc' dir='ltr'>ὑποστάντα</span> <span class='ocrx_word' id='word_1_462' title='bbox 2499 3142 2736 3215; x_wconf 84' lang='grc' dir='ltr'>ἀληθῶς,</span> <span class='ocrx_word' id='word_1_463' title='bbox 2768 3145 2862 3198; x_wconf 77' lang='grc' dir='ltr'><strong>καὶ</strong></span> <span class='ocrx_word' id='word_1_464' title='bbox 2895 3144 3024 3199; x_wconf 76' lang='grc' dir='ltr'>ὂντα</span> <span class='ocrx_word' id='word_1_465' title='bbox 3055 3145 3276 3218; x_wconf 86' lang='grc' dir='ltr'>ἀληθῶς</span> <span class='ocrx_word' id='word_1_466' title='bbox 3304 3148 3558 3216; x_wconf 81' lang='grc' dir='ltr'>γεννητῆς</span> <span class='ocrx_word' id='word_1_467' title='bbox 3584 3143 3695 3196; x_wconf 75' lang='grc' dir='ltr'>ὑπο-</span> 
     </span>
    </p>
   </div>
   <div class='ocr_carea' id='block_1_61' title="bbox 459 3224 2036 3307">
    <p class='ocr_par' dir='ltr' id='par_1_61' title="bbox 459 3224 2036 3295">
     <span class='ocr_line' id='line_1_61' title="bbox 459 3224 2036 3295; baseline 0.011 -18"><span class='ocrx_word' id='word_1_468' title='bbox 459 3224 677 3279; x_wconf 82' lang='lat' dir='ltr'><strong>stantiae</strong></span> <span class='ocrx_word' id='word_1_469' title='bbox 702 3229 985 3286; x_wconf 81' lang='lat' dir='ltr'><strong>exstitisse</strong></span> <span class='ocrx_word' id='word_1_470' title='bbox 1014 3239 1224 3286; x_wconf 90' lang='lat' dir='ltr'><strong>narrat.</strong></span> <span class='ocrx_word' id='word_1_471' title='bbox 1251 3231 1418 3288; x_wconf 84' lang='lat' dir='ltr'><strong>Addit</strong></span> <span class='ocrx_word' id='word_1_472' title='bbox 1441 3233 1640 3292; x_wconf 90' lang='lat' dir='ltr'><strong>deinde</strong></span> <span class='ocrx_word' id='word_1_473' title='bbox 1665 3255 1678 3291; x_wconf 90' lang='lat'><strong>:</strong></span> <span class='ocrx_word' id='word_1_474' title='bbox 1705 3236 2036 3295; x_wconf 69' lang='lat' dir='ltr'><strong>Conservabit</strong></span> 
     </span>
    </p>
   </div>
   <div class='ocr_carea' id='block_1_62' title="bbox 2115 3224 3692 3307">
    <p class='ocr_par' dir='ltr' id='par_1_62' title="bbox 2150 3233 3692 3307">
     <span class='ocr_line' id='line_1_62' title="bbox 2150 3233 3692 3307; baseline 0.001 -21"><span class='ocrx_word' id='word_1_475' title='bbox 2150 3233 2410 3297; x_wconf 84' lang='grc' dir='ltr'>στάσεως.</span> <span class='ocrx_word' id='word_1_476' title='bbox 2434 3235 2787 3304; x_wconf 78' lang='grc' dir='ltr'>Διαττιρήσει</span> <span class='ocrx_word' id='word_1_477' title='bbox 2811 3236 2890 3301; x_wconf 84' lang='grc' dir='ltr'>δὲ,</span> <span class='ocrx_word' id='word_1_478' title='bbox 2925 3236 3110 3307; x_wconf 75' lang='grc' dir='ltr'>φησὶν,</span> <span class='ocrx_word' id='word_1_479' title='bbox 3149 3238 3274 3293; x_wconf 83' lang='grc' dir='ltr'><strong>ἀπὸ</strong></span> <span class='ocrx_word' id='word_1_480' title='bbox 3301 3237 3412 3306; x_wconf 82' lang='grc' dir='ltr'><strong>τῆς</strong></span> <span class='ocrx_word' id='word_1_481' title='bbox 3431 3236 3692 3300; x_wconf 77' lang='grc' dir='ltr'>ἀσεϐείας.</span> 
     </span>
    </p>
   </div>
   <div class='ocr_carea' id='block_1_63' title="bbox 457 3315 2034 3422">
    <p class='ocr_par' dir='ltr' id='par_1_63' title="bbox 457 3315 2034 3400">
     <span class='ocr_line' id='line_1_63' title="bbox 457 3315 2034 3400; baseline 0.013 -34"><span class='ocrx_word' id='word_1_482' title='bbox 457 3330 550 3368; x_wconf 74' lang='lat' dir='ltr'><strong>vos</strong></span> <span class='ocrx_word' id='word_1_483' title='bbox 581 3315 646 3368; x_wconf 88' lang='lat' dir='ltr'><strong>ab</strong></span> <span class='ocrx_word' id='word_1_484' title='bbox 673 3317 964 3387; x_wconf 80' lang='lat' dir='ltr'><strong>impietate.</strong></span> <span class='ocrx_word' id='word_1_485' title='bbox 1000 3320 1152 3379; x_wconf 89' lang='lat' dir='ltr'><strong>Solet</strong></span> <span class='ocrx_word' id='word_1_486' title='bbox 1183 3325 1330 3380; x_wconf 90' lang='lat' dir='ltr'><strong>enim</strong></span> <span class='ocrx_word' id='word_1_487' title='bbox 1365 3324 1637 3397; x_wconf 85' lang='lat' dir='ltr'><strong>ﬂagitiosa</strong></span> <span class='ocrx_word' id='word_1_488' title='bbox 1666 3343 1898 3400; x_wconf 67' lang='lat' dir='ltr'><strong>quaeque</strong></span> <span class='ocrx_word' id='word_1_489' title='bbox 1937 3349 2034 3387; x_wconf 64' lang='lat' dir='ltr'><strong>run</strong></span> 
     </span>
    </p>
   </div>
   <div class='ocr_carea' id='block_1_64' title="bbox 2119 3315 3696 3422">
    <p class='ocr_par' dir='ltr' id='par_1_64' title="bbox 2147 3322 3696 3422">
     <span class='ocr_line' id='line_1_64' title="bbox 2147 3322 3696 3422; baseline 0.005 -46"><span class='ocrx_word' id='word_1_490' title='bbox 2147 3323 2322 3376; x_wconf 80' lang='grc' dir='ltr'>Εῐωθε</span> <span class='ocrx_word' id='word_1_491' title='bbox 2373 3322 2431 3376; x_wconf 85' lang='grc' dir='ltr'>δὲ</span> <span class='ocrx_word' id='word_1_492' title='bbox 2477 3324 2628 3378; x_wconf 84' lang='grc' dir='ltr'>πᾶσα</span> <span class='ocrx_word' id='word_1_493' title='bbox 2668 3324 2844 3396; x_wconf 84' lang='grc' dir='ltr'>φαύλη</span> <span class='ocrx_word' id='word_1_494' title='bbox 2891 3324 3030 3397; x_wconf 84' lang='grc' dir='ltr'>γυνὴ</span> <span class='ocrx_word' id='word_1_495' title='bbox 3073 3324 3204 3389; x_wconf 82' lang='grc' dir='ltr'>τοὺς</span> <span class='ocrx_word' id='word_1_496' title='bbox 3258 3324 3422 3380; x_wconf 86' lang='grc' dir='ltr'>αὑτοῦ</span> <span class='ocrx_word' id='word_1_497' title='bbox 3495 3322 3696 3422; x_wconf 49' lang='grc' dir='ltr'>τρόξωξς</span> 
     </span>
    </p>
   </div>
   <div class='ocr_carea' id='block_1_65' title="bbox 459 3409 2036 3518">
    <p class='ocr_par' dir='ltr' id='par_1_65' title="bbox 459 3409 2036 3496">
     <span class='ocr_line' id='line_1_65' title="bbox 459 3409 2036 3496; baseline 0.011 -33"><span class='ocrx_word' id='word_1_498' title='bbox 459 3409 561 3466; x_wconf 90' lang='lat' dir='ltr'><strong>lier</strong></span> <span class='ocrx_word' id='word_1_499' title='bbox 582 3413 894 3468; x_wconf 86' lang='lat' dir='ltr'><strong>convicium</strong></span> <span class='ocrx_word' id='word_1_500' title='bbox 924 3424 1274 3473; x_wconf 67' lang='lat' dir='ltr'><strong>antevertens</strong></span> <span class='ocrx_word' id='word_1_501' title='bbox 1310 3434 1493 3475; x_wconf 90' lang='lat' dir='ltr'><strong>mores</strong></span> <span class='ocrx_word' id='word_1_502' title='bbox 1532 3436 1664 3477; x_wconf 88' lang='lat' dir='ltr'><strong>suos</strong></span> <span class='ocrx_word' id='word_1_503' title='bbox 1696 3423 1819 3479; x_wconf 91' lang='lat' dir='ltr'><strong>aliis</strong></span> <span class='ocrx_word' id='word_1_504' title='bbox 1852 3440 2036 3496; x_wconf 80' lang='lat' dir='ltr'><strong>expro-</strong></span> 
     </span>
    </p>
   </div>
   <div class='ocr_carea' id='block_1_66' title="bbox 2118 3409 3695 3518">
    <p class='ocr_par' dir='ltr' id='par_1_66' title="bbox 2148 3411 3695 3518">
     <span class='ocr_line' id='line_1_66' title="bbox 2148 3411 3695 3518; baseline -0.003 -50"><span class='ocrx_word' id='word_1_505' title='bbox 2148 3414 2330 3480; x_wconf 85' lang='grc' dir='ltr'>ἄλλοις</span> <span class='ocrx_word' id='word_1_506' title='bbox 2372 3415 2778 3488; x_wconf 78' lang='grc' dir='ltr'>προλαμϐάνειν</span> <span class='ocrx_word' id='word_1_507' title='bbox 2808 3433 2866 3470; x_wconf 91' lang='grc' dir='ltr'><strong>τε</strong></span> <span class='ocrx_word' id='word_1_508' title='bbox 2907 3415 3003 3471; x_wconf 73' lang='grc' dir='ltr'><strong>καὶ</strong></span> <span class='ocrx_word' id='word_1_509' title='bbox 3029 3417 3408 3488; x_wconf 78' lang='grc' dir='ltr'>ἐπιφημίζειν.</span> <span class='ocrx_word' id='word_1_510' title='bbox 3441 3417 3546 3483; x_wconf 78' lang='grc' dir='ltr'><strong>Ουχ</strong></span> <span class='ocrx_word' id='word_1_511' title='bbox 3575 3411 3695 3518; x_wconf 73' lang='grc' dir='ltr'>ὁρῶν</span> 
     </span>
    </p>
   </div>
   <div class='ocr_carea' id='block_1_67' title="bbox 458 3502 2035 3584">
    <p class='ocr_par' dir='ltr' id='par_1_67' title="bbox 458 3502 2035 3584">
     <span class='ocr_line' id='line_1_67' title="bbox 458 3502 2035 3584; baseline 0.011 -28"><span class='ocrx_word' id='word_1_512' title='bbox 458 3505 642 3558; x_wconf 89' lang='lat' dir='ltr'><strong>hrare.</strong></span> <span class='ocrx_word' id='word_1_513' title='bbox 675 3502 768 3560; x_wconf 92' lang='lat' dir='ltr'><strong>Sic</strong></span> <span class='ocrx_word' id='word_1_514' title='bbox 791 3506 984 3572; x_wconf 82' lang='lat' dir='ltr'><strong>Aetius</strong></span> <span class='ocrx_word' id='word_1_515' title='bbox 1017 3509 1314 3579; x_wconf 89' lang='lat' dir='ltr'><strong>impietatis</strong></span> <span class='ocrx_word' id='word_1_516' title='bbox 1345 3526 1459 3566; x_wconf 66' lang='lat' dir='ltr'><strong>sua:</strong></span> <span class='ocrx_word' id='word_1_517' title='bbox 1481 3513 1911 3584; x_wconf 81' lang='lat' dir='ltr'><strong>magnitudinem</strong></span> <span class='ocrx_word' id='word_1_518' title='bbox 1934 3533 2035 3573; x_wconf 75' lang='lat' dir='ltr'><strong>non</strong></span> 
     </span>
    </p>
   </div>
   <div class='ocr_carea' id='block_1_68' title="bbox 2116 3502 3693 3584">
    <p class='ocr_par' dir='ltr' id='par_1_68' title="bbox 2145 3503 3693 3579">
     <span class='ocr_line' id='line_1_68' title="bbox 2145 3503 3693 3579; baseline 0.002 -19"><span class='ocrx_word' id='word_1_519' title='bbox 2145 3507 2254 3579; x_wconf 84' lang='grc' dir='ltr'>γὰρ</span> <span class='ocrx_word' id='word_1_520' title='bbox 2288 3509 2367 3571; x_wconf 82' lang='grc' dir='ltr'><strong>εἰς</strong></span> <span class='ocrx_word' id='word_1_521' title='bbox 2405 3508 2506 3561; x_wconf 83' lang='grc' dir='ltr'>ὅσα</span> <span class='ocrx_word' id='word_1_522' title='bbox 2547 3507 2853 3578; x_wconf 74' lang='grc' dir='ltr'>ἠσέϐησεν,</span> <span class='ocrx_word' id='word_1_523' title='bbox 2885 3509 3078 3563; x_wconf 76' lang='grc' dir='ltr'>ἑαυτὸν</span> <span class='ocrx_word' id='word_1_524' title='bbox 3116 3509 3321 3578; x_wconf 77' lang='grc' dir='ltr'>εὐσεϐῆ</span> <span class='ocrx_word' id='word_1_525' title='bbox 3368 3507 3595 3576; x_wconf 78' lang='grc' dir='ltr'>νομίζει’</span> <span class='ocrx_word' id='word_1_526' title='bbox 3631 3503 3693 3563; x_wconf 84' lang='grc' dir='ltr'><strong>ὡς</strong></span> 
     </span>
    </p>
   </div>
   <div class='ocr_carea' id='block_1_69' title="bbox 459 3595 2036 3697">
    <p class='ocr_par' dir='ltr' id='par_1_69' title="bbox 459 3595 2036 3674">
     <span class='ocr_line' id='line_1_69' title="bbox 459 3595 2036 3674; baseline 0.01 -25"><span class='ocrx_word' id='word_1_527' title='bbox 459 3595 727 3662; x_wconf 88' lang='lat' dir='ltr'><strong>sentiens,</strong></span> <span class='ocrx_word' id='word_1_528' title='bbox 768 3597 918 3666; x_wconf 90' lang='lat' dir='ltr'><strong>pium</strong></span> <span class='ocrx_word' id='word_1_529' title='bbox 964 3613 1088 3655; x_wconf 87' lang='lat' dir='ltr'><strong>esse</strong></span> <span class='ocrx_word' id='word_1_530' title='bbox 1130 3615 1190 3655; x_wconf 90' lang='lat' dir='ltr'><strong>se</strong></span> <span class='ocrx_word' id='word_1_531' title='bbox 1223 3615 1287 3656; x_wconf 92' lang='lat' dir='ltr'><strong>ac</strong></span> <span class='ocrx_word' id='word_1_532' title='bbox 1327 3603 1645 3674; x_wconf 89' lang='lat' dir='ltr'><strong>religiosum</strong></span> <span class='ocrx_word' id='word_1_533' title='bbox 1697 3607 2036 3666; x_wconf 88' lang='lat' dir='ltr'><strong>arbitratur:</strong></span> 
     </span>
    </p>
   </div>
   <div class='ocr_carea' id='block_1_70' title="bbox 2114 3595 3691 3697">
    <p class='ocr_par' dir='ltr' id='par_1_70' title="bbox 2145 3596 3691 3697">
     <span class='ocr_line' id='line_1_70' title="bbox 2145 3596 3691 3697; baseline -0.005 -44"><span class='ocrx_word' id='word_1_534' title='bbox 2145 3600 2193 3653; x_wconf 87' lang='grc' dir='ltr'>οἱ</span> <span class='ocrx_word' id='word_1_535' title='bbox 2225 3600 2325 3670; x_wconf 81' lang='grc' dir='ltr'><strong>τὴν</strong></span> <span class='ocrx_word' id='word_1_536' title='bbox 2369 3601 2755 3673; x_wconf 81' lang='grc' dir='ltr'>παραπληξίαν</span> <span class='ocrx_word' id='word_1_537' title='bbox 2785 3604 3113 3674; x_wconf 80' lang='grc' dir='ltr'>κεκτημένοι</span> <span class='ocrx_word' id='word_1_538' title='bbox 3151 3603 3434 3675; x_wconf 77' lang='grc' dir='ltr'>νομίζουσι</span> <span class='ocrx_word' id='word_1_539' title='bbox 3473 3599 3562 3670; x_wconf 85' lang='grc' dir='ltr'>μὲν</span> <span class='ocrx_word' id='word_1_540' title='bbox 3585 3596 3691 3697; x_wconf 61' lang='grc' dir='ltr'>ἑαυ-</span> 
     </span>
    </p>
   </div>
   <div class='ocr_carea' id='block_1_71' title="bbox 455 3685 2032 3770">
    <p class='ocr_par' dir='ltr' id='par_1_71' title="bbox 455 3685 2032 3770">
     <span class='ocr_line' id='line_1_71' title="bbox 455 3685 2032 3770; baseline 0.011 -32"><span class='ocrx_word' id='word_1_541' title='bbox 455 3693 520 3740; x_wconf 90' lang='lat' dir='ltr'><strong>ut</strong></span> <span class='ocrx_word' id='word_1_542' title='bbox 561 3685 656 3756; x_wconf 92' lang='lat' dir='ltr'><strong>qui</strong></span> <span class='ocrx_word' id='word_1_543' title='bbox 687 3687 856 3742; x_wconf 89' lang='lat' dir='ltr'><strong>animi</strong></span> <span class='ocrx_word' id='word_1_544' title='bbox 891 3689 1086 3752; x_wconf 75' lang='lat' dir='ltr'><strong>delirio</strong></span> <span class='ocrx_word' id='word_1_545' title='bbox 1120 3691 1374 3748; x_wconf 87' lang='lat' dir='ltr'><strong>laborant</strong></span> <span class='ocrx_word' id='word_1_546' title='bbox 1405 3695 1516 3760; x_wconf 91' lang='lat' dir='ltr'><strong>sui,</strong></span> <span class='ocrx_word' id='word_1_547' title='bbox 1544 3712 1602 3752; x_wconf 89' lang='lat' dir='ltr'><strong>se</strong></span> <span class='ocrx_word' id='word_1_548' title='bbox 1655 3709 1941 3770; x_wconf 88' lang='lat' dir='ltr'><strong>compotes</strong></span> <span class='ocrx_word' id='word_1_549' title='bbox 1979 3717 2032 3756; x_wconf 75' lang='lat' dir='ltr'><strong>at</strong></span> 
     </span>
    </p>
   </div>
   <div class='ocr_carea' id='block_1_72' title="bbox 2112 3685 3689 3770">
    <p class='ocr_par' dir='ltr' id='par_1_72' title="bbox 2142 3686 3689 3765">
     <span class='ocr_line' id='line_1_72' title="bbox 2142 3686 3689 3765; baseline -0.011 -10"><span class='ocrx_word' id='word_1_550' title='bbox 2142 3692 2269 3754; x_wconf 76' lang='grc' dir='ltr'>τοὺς</span> <span class='ocrx_word' id='word_1_551' title='bbox 2318 3694 2376 3746; x_wconf 82' lang='grc' dir='ltr'>ὲν</span> <span class='ocrx_word' id='word_1_552' title='bbox 2414 3695 2672 3765; x_wconf 83' lang='grc' dir='ltr'>φρονήσει</span> <span class='ocrx_word' id='word_1_553' title='bbox 2718 3690 2879 3759; x_wconf 85' lang='grc' dir='ltr'>εἷναι,</span> <span class='ocrx_word' id='word_1_554' title='bbox 2912 3695 3038 3759; x_wconf 82' lang='grc' dir='ltr'>τοὺς</span> <span class='ocrx_word' id='word_1_555' title='bbox 3078 3695 3136 3749; x_wconf 83' lang='grc' dir='ltr'>δὲ</span> <span class='ocrx_word' id='word_1_556' title='bbox 3165 3695 3362 3757; x_wconf 77' lang='grc' dir='ltr'>ἄλλους</span> <span class='ocrx_word' id='word_1_557' title='bbox 3393 3686 3689 3763; x_wconf 83' lang='grc' dir='ltr'>φρενητιῶν-</span> 
     </span>
    </p>
   </div>
   <div class='ocr_carea' id='block_1_73' title="bbox 455 3778 2032 3886">
    <p class='ocr_par' dir='ltr' id='par_1_73' title="bbox 455 3778 2032 3886">
     <span class='ocr_line' id='line_1_73' title="bbox 455 3778 2032 3855; baseline 0.011 -26"><span class='ocrx_word' id='word_1_558' title='bbox 455 3778 780 3848; x_wconf 82' lang='lat' dir='ltr'><strong>prudentes.</strong></span> <span class='ocrx_word' id='word_1_559' title='bbox 815 3786 1045 3837; x_wconf 68' lang='lat' dir='ltr'><strong>caeteros</strong></span> <span class='ocrx_word' id='word_1_560' title='bbox 1091 3791 1276 3838; x_wconf 89' lang='lat' dir='ltr'><strong>mente</strong></span> <span class='ocrx_word' id='word_1_561' title='bbox 1302 3795 1495 3855; x_wconf 89' lang='lat' dir='ltr'><strong>captos</strong></span> <span class='ocrx_word' id='word_1_562' title='bbox 1523 3786 1861 3844; x_wconf 80' lang='lat' dir='ltr'><strong>existimant.</strong></span> <span class='ocrx_word' id='word_1_563' title='bbox 1895 3789 2032 3847; x_wconf 82' lang='lat' dir='ltr'><strong>Idem</strong></span> 
     </span>
     <span class='ocr_line' id='line_1_74' title="bbox 456 3864 1789 3886; baseline 0.004 -6"><span class='ocrx_word' id='word_1_564' title='bbox 456 3877 624 3886; x_wconf 51' lang='grc' dir='ltr'><strong>,μυ</strong></span> <span class='ocrx_word' id='word_1_565' title='bbox 847 3864 898 3886; x_wconf 78' lang='lat'><strong>.__</strong></span> <span class='ocrx_word' id='word_1_566' title='bbox 1098 3878 1110 3886; x_wconf 82' lang='lat'>_</span> <span class='ocrx_word' id='word_1_567' title='bbox 1187 3867 1209 3886; x_wconf 81' lang='grc'>,</span> <span class='ocrx_word' id='word_1_568' title='bbox 1575 3883 1586 3886; x_wconf 93' lang='lat'>_</span> <span class='ocrx_word' id='word_1_569' title='bbox 1646 3875 1679 3886; x_wconf 73' lang='lat'><em>_</em></span> <span class='ocrx_word' id='word_1_570' title='bbox 1781 3878 1789 3886; x_wconf 93' lang='lat'><strong>.</strong></span> 
     </span>
    </p>
   </div>
   <div class='ocr_carea' id='block_1_74' title="bbox 2114 3778 3691 3886">
    <p class='ocr_par' dir='ltr' id='par_1_74' title="bbox 2143 3778 3691 3886">
     <span class='ocr_line' id='line_1_75' title="bbox 2143 3778 3691 3886; baseline 0.001 -51"><span class='ocrx_word' id='word_1_571' title='bbox 2143 3799 2265 3846; x_wconf 90' lang='grc' dir='ltr'>τας.</span> <span class='ocrx_word' id='word_1_572' title='bbox 2307 3782 2569 3838; x_wconf 86' lang='grc' dir='ltr'>Ἐνταῦθα</span> <span class='ocrx_word' id='word_1_573' title='bbox 2599 3784 2655 3838; x_wconf 80' lang='grc' dir='ltr'>δὲ</span> <span class='ocrx_word' id='word_1_574' title='bbox 2684 3786 2753 3840; x_wconf 86' lang='grc' dir='ltr'><strong>ἐν</strong></span> <span class='ocrx_word' id='word_1_575' title='bbox 2772 3785 3003 3856; x_wconf 81' lang='grc' dir='ltr'>Χριστῷ</span> <span class='ocrx_word' id='word_1_576' title='bbox 3035 3787 3253 3855; x_wconf 82' lang='grc' dir='ltr'>Ἰησοῦ,</span> <span class='ocrx_word' id='word_1_577' title='bbox 3284 3785 3404 3841; x_wconf 78' lang='grc' dir='ltr'>οὐδὲ</span> <span class='ocrx_word' id='word_1_578' title='bbox 3427 3778 3691 3886; x_wconf 35' lang='grc' dir='ltr'>τῷοΚυρίίς</span> 
     </span>
    </p>
   </div>
   <div class='ocr_carea' id='block_1_75' title="bbox 456 3864 2033 3950">
    <p class='ocr_par' dir='ltr' id='par_1_75' title="bbox 456 3864 2033 3940">
     <span class='ocr_line' id='line_1_76' title="bbox 456 3864 2033 3940; baseline 0.011 -24"><span class='ocrx_word' id='word_1_579' title='bbox 456 3877 628 3932; x_wconf 88' lang='lat' dir='ltr'><strong>porro</strong></span> <span class='ocrx_word' id='word_1_580' title='bbox 655 3879 803 3932; x_wconf 91' lang='lat' dir='ltr'><strong>cum,</strong></span> <span class='ocrx_word' id='word_1_581' title='bbox 835 3864 902 3920; x_wconf 86' lang='lat' dir='ltr'><strong>In</strong></span> <span class='ocrx_word' id='word_1_582' title='bbox 934 3866 1144 3922; x_wconf 80' lang='lat' dir='ltr'><strong>Christo</strong></span> <span class='ocrx_word' id='word_1_583' title='bbox 1173 3867 1326 3935; x_wconf 81' lang='lat' dir='ltr'><strong>Jesu,</strong></span> <span class='ocrx_word' id='word_1_584' title='bbox 1361 3872 1614 3940; x_wconf 79' lang='lat' dir='ltr'><strong>dixisset,</strong></span> <span class='ocrx_word' id='word_1_585' title='bbox 1633 3875 1920 3932; x_wconf 84' lang='lat' dir='ltr'><strong>Dominum</strong></span> <span class='ocrx_word' id='word_1_586' title='bbox 1948 3896 2033 3933; x_wconf 85' lang='lat' dir='ltr'><strong>no-</strong></span> 
     </span>
    </p>
   </div>
   <div class='ocr_carea' id='block_1_76' title="bbox 2113 3864 3690 3950">
    <p class='ocr_par' dir='ltr' id='par_1_76' title="bbox 2143 3865 3690 3950">
     <span class='ocr_line' id='line_1_77' title="bbox 2143 3865 3690 3950; baseline 0.005 -24"><span class='ocrx_word' id='word_1_587' title='bbox 2143 3873 2314 3942; x_wconf 77' lang='grc' dir='ltr'>ἡμῶν</span> <span class='ocrx_word' id='word_1_588' title='bbox 2363 3875 2661 3947; x_wconf 77' lang='grc' dir='ltr'>ἐτόλμησεν</span> <span class='ocrx_word' id='word_1_589' title='bbox 2718 3878 3042 3934; x_wconf 84' lang='grc' dir='ltr'>ἀποδοῦναι·</span> <span class='ocrx_word' id='word_1_590' title='bbox 3094 3878 3212 3932; x_wconf 81' lang='grc' dir='ltr'>ἀλλ’</span> <span class='ocrx_word' id='word_1_591' title='bbox 3270 3872 3586 3950; x_wconf 73' lang='grc' dir='ltr'>εἰρωνικῶς,</span> <span class='ocrx_word' id='word_1_592' title='bbox 3620 3865 3690 3933; x_wconf 66' lang='grc' dir='ltr'><strong>τῷ</strong></span> 
     </span>
    </p>
   </div>
   <div class='ocr_carea' id='block_1_77' title="bbox 453 3955 2030 4043">
    <p class='ocr_par' dir='ltr' id='par_1_77' title="bbox 453 3955 2030 4035">
     <span class='ocr_line' id='line_1_78' title="bbox 453 3955 2030 4035; baseline 0.013 -30"><span class='ocrx_word' id='word_1_593' title='bbox 453 3962 627 4006; x_wconf 84' lang='lat' dir='ltr'><strong>strum</strong></span> <span class='ocrx_word' id='word_1_594' title='bbox 662 3955 904 4025; x_wconf 89' lang='lat' dir='ltr'><strong>adjicere</strong></span> <span class='ocrx_word' id='word_1_595' title='bbox 928 3974 1037 4013; x_wconf 90' lang='lat' dir='ltr'><strong>non</strong></span> <span class='ocrx_word' id='word_1_596' title='bbox 1084 3968 1170 4015; x_wconf 85' lang='lat' dir='ltr'><strong>est</strong></span> <span class='ocrx_word' id='word_1_597' title='bbox 1202 3977 1395 4032; x_wconf 89' lang='lat' dir='ltr'><strong>ausus,</strong></span> <span class='ocrx_word' id='word_1_598' title='bbox 1428 3965 1523 4020; x_wconf 86' lang='lat' dir='ltr'><strong>sed</strong></span> <span class='ocrx_word' id='word_1_599' title='bbox 1555 3967 1880 4035; x_wconf 92' lang='lat' dir='ltr'><strong>cavillando,</strong></span> <span class='ocrx_word' id='word_1_600' title='bbox 1924 3970 2030 4026; x_wconf 79' lang='lat' dir='ltr'><strong>Sal-</strong></span> 
     </span>
    </p>
   </div>
   <div class='ocr_carea' id='block_1_78' title="bbox 2112 3955 3689 4043">
    <p class='ocr_par' dir='ltr' id='par_1_78' title="bbox 2141 3960 3689 4043">
     <span class='ocr_line' id='line_1_79' title="bbox 2141 3960 3689 4043; baseline 0.005 -26"><span class='ocrx_word' id='word_1_601' title='bbox 2141 3965 2366 4034; x_wconf 78' lang='grc' dir='ltr'>Σωτῆρι</span> <span class='ocrx_word' id='word_1_602' title='bbox 2421 3968 2626 4037; x_wconf 78' lang='grc' dir='ltr'>ἡμῶν,</span> <span class='ocrx_word' id='word_1_603' title='bbox 2675 3968 2894 4042; x_wconf 72' lang='grc' dir='ltr'>ἔφησεν.</span> <span class='ocrx_word' id='word_1_604' title='bbox 2941 3971 3052 4026; x_wconf 86' lang='grc' dir='ltr'>Καί</span> <span class='ocrx_word' id='word_1_605' title='bbox 3106 3989 3276 4043; x_wconf 80' lang='grc' dir='ltr'>φησιο</span> <span class='ocrx_word' id='word_1_606' title='bbox 3311 3970 3390 4025; x_wconf 85' lang='grc' dir='ltr'><strong>Δι’</strong></span> <span class='ocrx_word' id='word_1_607' title='bbox 3435 3962 3504 4024; x_wconf 76' lang='grc' dir='ltr'>αὖ</span> <span class='ocrx_word' id='word_1_608' title='bbox 3545 3960 3689 4018; x_wconf 69' lang='grc' dir='ltr'><strong>πᾶσα</strong></span> 
     </span>
    </p>
   </div>
   <div class='ocr_carea' id='block_1_79' title="bbox 453 4046 2030 4129">
    <p class='ocr_par' dir='ltr' id='par_1_79' title="bbox 453 4046 2030 4126">
     <span class='ocr_line' id='line_1_80' title="bbox 453 4046 2030 4126; baseline 0.011 -29"><span class='ocrx_word' id='word_1_609' title='bbox 453 4053 634 4098; x_wconf 81' lang='lat' dir='ltr'><strong>vatore</strong></span> <span class='ocrx_word' id='word_1_610' title='bbox 666 4055 850 4102; x_wconf 82' lang='lat' dir='ltr'><strong>nostra</strong></span> <span class='ocrx_word' id='word_1_611' title='bbox 871 4046 1032 4105; x_wconf 81' lang='lat' dir='ltr'><strong>dixit.</strong></span> <span class='ocrx_word' id='word_1_612' title='bbox 1067 4049 1172 4104; x_wconf 81' lang='lat' dir='ltr'><strong>Per</strong></span> <span class='ocrx_word' id='word_1_613' title='bbox 1201 4069 1355 4122; x_wconf 84' lang='lat' dir='ltr'><strong>quem</strong></span> <span class='ocrx_word' id='word_1_614' title='bbox 1378 4054 1553 4126; x_wconf 79' lang='lat' dir='ltr'><strong>gloria</strong></span> <span class='ocrx_word' id='word_1_615' title='bbox 1581 4059 1753 4113; x_wconf 83' lang='lat' dir='ltr'><strong>omnis</strong></span> <span class='ocrx_word' id='word_1_616' title='bbox 1788 4059 1965 4125; x_wconf 83' lang='lat' dir='ltr'><strong>Patri,</strong></span> <span class='ocrx_word' id='word_1_617' title='bbox 1989 4073 2030 4116; x_wconf 90' lang='lat' dir='ltr'><strong>et</strong></span> 
     </span>
    </p>
   </div>
   <div class='ocr_carea' id='block_1_80' title="bbox 2104 4046 3681 4129">
    <p class='ocr_par' dir='ltr' id='par_1_80' title="bbox 2139 4055 3681 4129">
     <span class='ocr_line' id='line_1_81' title="bbox 2139 4055 3681 4129; baseline 0.003 -20"><span class='ocrx_word' id='word_1_618' title='bbox 2139 4055 2291 4121; x_wconf 82' lang='grc' dir='ltr'>δόξα</span> <span class='ocrx_word' id='word_1_619' title='bbox 2320 4056 2400 4123; x_wconf 84' lang='grc' dir='ltr'>τῷ</span> <span class='ocrx_word' id='word_1_620' title='bbox 2428 4058 2634 4127; x_wconf 81' lang='grc' dir='ltr'>Πατρί,</span> <span class='ocrx_word' id='word_1_621' title='bbox 2667 4059 2767 4113; x_wconf 79' lang='grc' dir='ltr'>καὶ</span> <span class='ocrx_word' id='word_1_622' title='bbox 2791 4061 2928 4126; x_wconf 74' lang='grc' dir='ltr'>νῦν,</span> <span class='ocrx_word' id='word_1_623' title='bbox 2965 4061 3064 4116; x_wconf 80' lang='grc' dir='ltr'>καὶ</span> <span class='ocrx_word' id='word_1_624' title='bbox 3100 4062 3194 4117; x_wconf 78' lang='grc' dir='ltr'>ἀεὶ</span> <span class='ocrx_word' id='word_1_625' title='bbox 3225 4064 3315 4129; x_wconf 80' lang='grc' dir='ltr'>εἰς</span> <span class='ocrx_word' id='word_1_626' title='bbox 3338 4060 3476 4124; x_wconf 86' lang='grc' dir='ltr'>τοὺς</span> <span class='ocrx_word' id='word_1_627' title='bbox 3492 4055 3681 4114; x_wconf 69' lang='grc' dir='ltr'>αἰῶνας</span> 
     </span>
    </p>
   </div>
   <div class='ocr_carea' id='block_1_81' title="bbox 450 4141 2027 4222">
    <p class='ocr_par' dir='ltr' id='par_1_81' title="bbox 450 4141 2027 4209">
     <span class='ocr_line' id='line_1_82' title="bbox 450 4141 2027 4209; baseline 0.013 -21"><span class='ocrx_word' id='word_1_628' title='bbox 450 4151 612 4202; x_wconf 81' lang='lat' dir='ltr'><strong>nunc,</strong></span> <span class='ocrx_word' id='word_1_629' title='bbox 641 4146 690 4191; x_wconf 91' lang='lat' dir='ltr'><strong>et</strong></span> <span class='ocrx_word' id='word_1_630' title='bbox 727 4154 951 4209; x_wconf 84' lang='lat' dir='ltr'><strong>semper,</strong></span> <span class='ocrx_word' id='word_1_631' title='bbox 995 4141 1050 4194; x_wconf 84' lang='lat' dir='ltr'><strong>in</strong></span> <span class='ocrx_word' id='word_1_632' title='bbox 1090 4145 1292 4198; x_wconf 77' lang='lat' dir='ltr'><strong>swcula</strong></span> <span class='ocrx_word' id='word_1_633' title='bbox 1322 4147 1664 4204; x_wconf 65' lang='lat' dir='ltr'><strong>«sculorum.</strong></span> <span class='ocrx_word' id='word_1_634' title='bbox 1704 4149 1893 4206; x_wconf 80' lang='lat' dir='ltr'><strong>Amen.</strong></span> <span class='ocrx_word' id='word_1_635' title='bbox 1934 4151 2027 4208; x_wconf 68' lang='lat' dir='ltr'><strong>l‘bi</strong></span> 
     </span>
    </p>
   </div>
   <div class='ocr_carea' id='block_1_82' title="bbox 2110 4141 3687 4222">
    <p class='ocr_par' dir='ltr' id='par_1_82' title="bbox 2139 4142 3687 4222">
     <span class='ocr_line' id='line_1_83' title="bbox 2139 4142 3687 4222; baseline -0.003 -20"><span class='ocrx_word' id='word_1_636' title='bbox 2139 4149 2260 4203; x_wconf 77' lang='grc' dir='ltr'>τῶν</span> <span class='ocrx_word' id='word_1_637' title='bbox 2297 4149 2546 4205; x_wconf 75' lang='grc' dir='ltr'>αἰώνων.</span> <span class='ocrx_word' id='word_1_638' title='bbox 2583 4152 2788 4222; x_wconf 77' lang='grc' dir='ltr'>Ἀμήν.</span> <span class='ocrx_word' id='word_1_639' title='bbox 2834 4153 2944 4206; x_wconf 83' lang='grc' dir='ltr'><strong>Καὶ</strong></span> <span class='ocrx_word' id='word_1_640' title='bbox 2974 4153 3106 4208; x_wconf 87' lang='grc' dir='ltr'>αὑτὸ</span> <span class='ocrx_word' id='word_1_641' title='bbox 3131 4155 3188 4208; x_wconf 81' lang='grc' dir='ltr'>δὲ</span> <span class='ocrx_word' id='word_1_642' title='bbox 3225 4155 3290 4208; x_wconf 85' lang='grc' dir='ltr'><strong>τὸ</strong></span> <span class='ocrx_word' id='word_1_643' title='bbox 3329 4153 3514 4213; x_wconf 80' lang='grc' dir='ltr'>εἰπεῖν,</span> <span class='ocrx_word' id='word_1_644' title='bbox 3542 4142 3687 4199; x_wconf 75' lang='grc' dir='ltr'>πᾶσα</span> 
     </span>
    </p>
   </div>
   <div class='ocr_carea' id='block_1_83' title="bbox 451 4220 2028 4318">
    <p class='ocr_par' dir='ltr' id='par_1_83' title="bbox 451 4220 2028 4307">
     <span class='ocr_line' id='line_1_84' title="bbox 451 4220 2028 4307; baseline 0.011 -27"><span class='ocrx_word' id='word_1_645' title='bbox 451 4227 623 4296; x_wconf 89' lang='lat' dir='ltr'><strong>quod,</strong></span> <span class='ocrx_word' id='word_1_646' title='bbox 657 4232 830 4284; x_wconf 81' lang='lat' dir='ltr'><strong>omnis</strong></span> <span class='ocrx_word' id='word_1_647' title='bbox 857 4220 1052 4302; x_wconf 79' lang='lat' dir='ltr'><strong>gloria,</strong></span> <span class='ocrx_word' id='word_1_648' title='bbox 1083 4235 1332 4305; x_wconf 87' lang='lat' dir='ltr'><strong>scripsit,</strong></span> <span class='ocrx_word' id='word_1_649' title='bbox 1361 4237 1416 4292; x_wconf 89' lang='lat' dir='ltr'><strong>id</strong></span> <span class='ocrx_word' id='word_1_650' title='bbox 1443 4253 1510 4293; x_wconf 93' lang='lat' dir='ltr'><strong>eo</strong></span> <span class='ocrx_word' id='word_1_651' title='bbox 1537 4241 1774 4295; x_wconf 92' lang='lat' dir='ltr'><strong>consilio</strong></span> <span class='ocrx_word' id='word_1_652' title='bbox 1800 4241 1949 4307; x_wconf 83' lang='lat' dir='ltr'><strong>fecit,</strong></span> <span class='ocrx_word' id='word_1_653' title='bbox 1980 4253 2028 4298; x_wconf 92' lang='lat' dir='ltr'><strong>ul</strong></span> 
     </span>
    </p>
   </div>
   <div class='ocr_carea' id='block_1_84' title="bbox 2108 4220 3685 4318">
    <p class='ocr_par' dir='ltr' id='par_1_84' title="bbox 2139 4220 3685 4318">
     <span class='ocr_line' id='line_1_85' title="bbox 2139 4220 3685 4318; baseline -0.006 -23"><span class='ocrx_word' id='word_1_654' title='bbox 2139 4241 2308 4308; x_wconf 78' lang='grc' dir='ltr'>δόξα,</span> <span class='ocrx_word' id='word_1_655' title='bbox 2338 4242 2486 4308; x_wconf 87' lang='grc' dir='ltr'>ὅπως</span> <span class='ocrx_word' id='word_1_656' title='bbox 2518 4220 2772 4316; x_wconf 16' lang='grc' dir='ltr'>περιήάροι</span> <span class='ocrx_word' id='word_1_657' title='bbox 2803 4245 2895 4299; x_wconf 88' lang='grc' dir='ltr'><strong>τὸν</strong></span> <span class='ocrx_word' id='word_1_658' title='bbox 2927 4245 3056 4299; x_wconf 88' lang='grc' dir='ltr'>Υίὸν</span> <span class='ocrx_word' id='word_1_659' title='bbox 3084 4246 3192 4300; x_wconf 81' lang='grc' dir='ltr'><strong>ἀπὸ</strong></span> <span class='ocrx_word' id='word_1_660' title='bbox 3220 4247 3322 4318; x_wconf 88' lang='grc' dir='ltr'><strong>τῆς</strong></span> <span class='ocrx_word' id='word_1_661' title='bbox 3347 4243 3508 4316; x_wconf 84' lang='grc' dir='ltr'>τιμῆς</span> <span class='ocrx_word' id='word_1_662' title='bbox 3527 4255 3579 4292; x_wconf 90' lang='grc' dir='ltr'><strong>τε</strong></span> <span class='ocrx_word' id='word_1_663' title='bbox 3604 4231 3685 4289; x_wconf 79' lang='grc' dir='ltr'>καὶ</span> 
     </span>
    </p>
   </div>
   <div class='ocr_carea' id='block_1_85' title="bbox 451 4319 2028 4404">
    <p class='ocr_par' dir='ltr' id='par_1_85' title="bbox 451 4319 2028 4399">
     <span class='ocr_line' id='line_1_86' title="bbox 451 4319 2028 4399; baseline 0.011 -27"><span class='ocrx_word' id='word_1_664' title='bbox 451 4319 523 4374; x_wconf 88' lang='lat' dir='ltr'><strong>ab</strong></span> <span class='ocrx_word' id='word_1_665' title='bbox 559 4334 625 4374; x_wconf 90' lang='lat' dir='ltr'><strong>eo</strong></span> <span class='ocrx_word' id='word_1_666' title='bbox 663 4321 870 4378; x_wconf 87' lang='lat' dir='ltr'><strong>honore</strong></span> <span class='ocrx_word' id='word_1_667' title='bbox 919 4338 984 4378; x_wconf 91' lang='lat' dir='ltr'><strong>ac</strong></span> <span class='ocrx_word' id='word_1_668' title='bbox 1034 4326 1207 4396; x_wconf 78' lang='lat' dir='ltr'><strong>gloria</strong></span> <span class='ocrx_word' id='word_1_669' title='bbox 1252 4327 1448 4384; x_wconf 88' lang='lat' dir='ltr'><strong>Filium</strong></span> <span class='ocrx_word' id='word_1_670' title='bbox 1499 4330 1836 4387; x_wconf 80' lang='lat' dir='ltr'><strong>excluderet.</strong></span> <span class='ocrx_word' id='word_1_671' title='bbox 1877 4333 2028 4399; x_wconf 85' lang='lat' dir='ltr'><strong>Quod</strong></span> 
     </span>
    </p>
   </div>
   <div class='ocr_carea' id='block_1_86' title="bbox 2106 4319 3683 4404">
    <p class='ocr_par' dir='ltr' id='par_1_86' title="bbox 2139 4325 3683 4404">
     <span class='ocr_line' id='line_1_87' title="bbox 2139 4325 3683 4404; baseline -0.006 -18"><span class='ocrx_word' id='word_1_672' title='bbox 2139 4332 2298 4404; x_wconf 78' lang='grc' dir='ltr'>δόξης</span> <span class='ocrx_word' id='word_1_673' title='bbox 2317 4351 2331 4364; x_wconf 89' lang='grc'><strong>·</strong></span> <span class='ocrx_word' id='word_1_674' title='bbox 2367 4327 2428 4386; x_wconf 81' lang='grc' dir='ltr'><strong>οῦ</strong></span> <span class='ocrx_word' id='word_1_675' title='bbox 2465 4333 2640 4399; x_wconf 81' lang='grc' dir='ltr'>οὐδεὶς</span> <span class='ocrx_word' id='word_1_676' title='bbox 2672 4334 2913 4400; x_wconf 85' lang='grc' dir='ltr'>ἀνέξοιτό</span> <span class='ocrx_word' id='word_1_677' title='bbox 2944 4353 3077 4390; x_wconf 87' lang='grc' dir='ltr'>ποτε</span> <span class='ocrx_word' id='word_1_678' title='bbox 3112 4335 3218 4389; x_wconf 89' lang='grc' dir='ltr'><strong>τῶν</strong></span> <span class='ocrx_word' id='word_1_679' title='bbox 3252 4332 3490 4389; x_wconf 77' lang='grc' dir='ltr'>εὐσεϐῶν</span> <span class='ocrx_word' id='word_1_680' title='bbox 3515 4327 3599 4382; x_wconf 81' lang='grc' dir='ltr'><strong>καὶ</strong></span> <span class='ocrx_word' id='word_1_681' title='bbox 3627 4325 3683 4376; x_wconf 78' lang='grc' dir='ltr'>ἐκ</span> 
     </span>
    </p>
   </div>
   <div class='ocr_carea' id='block_1_87' title="bbox 448 4411 2025 4498">
    <p class='ocr_par' dir='ltr' id='par_1_87' title="bbox 448 4411 2025 4496">
     <span class='ocr_line' id='line_1_88' title="bbox 448 4411 2025 4496; baseline 0.012 -33"><span class='ocrx_word' id='word_1_682' title='bbox 448 4411 671 4478; x_wconf 87' lang='lat' dir='ltr'><strong>quidem</strong></span> <span class='ocrx_word' id='word_1_683' title='bbox 708 4428 870 4468; x_wconf 91' lang='lat' dir='ltr'><strong>nemo</strong></span> <span class='ocrx_word' id='word_1_684' title='bbox 902 4416 1025 4484; x_wconf 89' lang='lat' dir='ltr'><strong>pius</strong></span> <span class='ocrx_word' id='word_1_685' title='bbox 1055 4432 1120 4473; x_wconf 90' lang='lat' dir='ltr'><strong>ac</strong></span> <span class='ocrx_word' id='word_1_686' title='bbox 1153 4435 1334 4474; x_wconf 88' lang='lat' dir='ltr'><strong>veram</strong></span> <span class='ocrx_word' id='word_1_687' title='bbox 1386 4422 1546 4477; x_wconf 86' lang='lat' dir='ltr'><strong>ﬁdem</strong></span> <span class='ocrx_word' id='word_1_688' title='bbox 1582 4425 1761 4478; x_wconf 83' lang='lat' dir='ltr'><strong>sancti</strong></span> <span class='ocrx_word' id='word_1_689' title='bbox 1793 4422 2025 4496; x_wconf 81' lang='lat' dir='ltr'><strong>Spiritus</strong></span> 
     </span>
    </p>
   </div>
   <div class='ocr_carea' id='block_1_88' title="bbox 2104 4411 3681 4498">
    <p class='ocr_par' dir='ltr' id='par_1_88' title="bbox 2104 4421 3681 4498">
     <span class='ocr_line' id='line_1_89' title="bbox 2104 4421 3681 4498; baseline -0.001 -22"><span class='ocrx_word' id='word_1_690' title='bbox 2104 4442 2110 4476; x_wconf 75' lang='grc' dir='ltr'><strong>ι</strong></span> <span class='ocrx_word' id='word_1_691' title='bbox 2140 4424 2460 4496; x_wconf 86' lang='grc' dir='ltr'>Πνεύματος</span> <span class='ocrx_word' id='word_1_692' title='bbox 2491 4427 2647 4496; x_wconf 86' lang='grc' dir='ltr'>ἁγίου</span> <span class='ocrx_word' id='word_1_693' title='bbox 2685 4426 2784 4498; x_wconf 84' lang='grc' dir='ltr'>τὴν</span> <span class='ocrx_word' id='word_1_694' title='bbox 2820 4427 3029 4498; x_wconf 77' lang='grc' dir='ltr'>δωρεὰν</span> <span class='ocrx_word' id='word_1_695' title='bbox 3059 4427 3160 4498; x_wconf 86' lang='grc' dir='ltr'><strong>τῆς</strong></span> <span class='ocrx_word' id='word_1_696' title='bbox 3197 4427 3454 4498; x_wconf 79' lang='grc' dir='ltr'>ἀληθινῆς</span> <span class='ocrx_word' id='word_1_697' title='bbox 3478 4421 3681 4476; x_wconf 81' lang='grc' dir='ltr'>πίστεως</span> 
     </span>
    </p>
   </div>
   <div class='ocr_carea' id='block_1_89' title="bbox 449 4501 2026 4590">
    <p class='ocr_par' dir='ltr' id='par_1_89' title="bbox 449 4501 1378 4572">
     <span class='ocr_line' id='line_1_90' title="bbox 449 4501 1378 4572; baseline 0.01 -15"><span class='ocrx_word' id='word_1_698' title='bbox 449 4501 718 4558; x_wconf 78' lang='lat' dir='ltr'><strong>beneﬁcio</strong></span> <span class='ocrx_word' id='word_1_699' title='bbox 741 4515 1075 4564; x_wconf 90' lang='lat' dir='ltr'><strong>consecutus</strong></span> <span class='ocrx_word' id='word_1_700' title='bbox 1104 4510 1378 4572; x_wconf 79' lang='lat' dir='ltr'><strong>admittet.</strong></span> 
     </span>
    </p>
   </div>
   <div class='ocr_carea' id='block_1_90' title="bbox 877 4501 2454 4590">
    <p class='ocr_par' dir='ltr' id='par_1_90' title="bbox 879 4510 2454 4590">
     <span class='ocr_line' id='line_1_91' title="bbox 879 4510 2454 4590; baseline 0.008 -30"><span class='ocrx_word' id='word_1_701' title='bbox 879 4515 1075 4564; x_wconf 88' lang='lat' dir='ltr'><strong>ecutus</strong></span> <span class='ocrx_word' id='word_1_702' title='bbox 1104 4510 1378 4572; x_wconf 76' lang='lat' dir='ltr'><strong>admittet.</strong></span> <span class='ocrx_word' id='word_1_703' title='bbox 2138 4519 2454 4590; x_wconf 82' lang='grc' dir='ltr'>εἰληφότων.</span> 
     </span>
    </p>
   </div>
   <div class='ocr_carea' id='block_1_91' title="bbox 520 4590 2097 4678">
    <p class='ocr_par' dir='ltr' id='par_1_91' title="bbox 520 4590 2030 4678">
     <span class='ocr_line' id='line_1_92' title="bbox 520 4590 2030 4678; baseline 0.013 -34"><span class='ocrx_word' id='word_1_704' title='bbox 520 4590 615 4646; x_wconf 92' lang='lat' dir='ltr'><strong>lll.</strong></span> <span class='ocrx_word' id='word_1_705' title='bbox 656 4592 783 4649; x_wconf 63' lang='lat' dir='ltr'><strong>llaec</strong></span> <span class='ocrx_word' id='word_1_706' title='bbox 809 4596 1076 4656; x_wconf 86' lang='lat' dir='ltr'><strong>adversus</strong></span> <span class='ocrx_word' id='word_1_707' title='bbox 1108 4600 1250 4656; x_wconf 86' lang='lat' dir='ltr'><strong>Aetii</strong></span> <span class='ocrx_word' id='word_1_708' title='bbox 1286 4603 1540 4672; x_wconf 85' lang='lat' dir='ltr'><strong>dogmata</strong></span> <span class='ocrx_word' id='word_1_709' title='bbox 1571 4605 1900 4675; x_wconf 81' lang='lat' dir='ltr'><strong>disputanda</strong></span> <span class='ocrx_word' id='word_1_710' title='bbox 1929 4623 2030 4678; x_wconf 85' lang='lat' dir='ltr'><strong>pu-</strong></span> 
     </span>
    </p>
   </div>
   <div class='ocr_carea' id='block_1_92' title="bbox 2100 4590 3677 4678">
    <p class='ocr_par' dir='ltr' id='par_1_92' title="bbox 2208 4601 3677 4677">
     <span class='ocr_line' id='line_1_93' title="bbox 2208 4601 3677 4677; baseline -0.005 -13"><span class='ocrx_word' id='word_1_711' title='bbox 2208 4612 2282 4664; x_wconf 68' lang='grc' dir='ltr'>Ρ.</span> <span class='ocrx_word' id='word_1_712' title='bbox 2333 4610 2518 4665; x_wconf 89' lang='grc' dir='ltr'>Ταῦτα</span> <span class='ocrx_word' id='word_1_713' title='bbox 2556 4611 2614 4665; x_wconf 85' lang='grc' dir='ltr'>δὲ</span> <span class='ocrx_word' id='word_1_714' title='bbox 2662 4612 2838 4666; x_wconf 84' lang='grc' dir='ltr'>πάντα</span> <span class='ocrx_word' id='word_1_715' title='bbox 2885 4611 3230 4677; x_wconf 76' lang='grc' dir='ltr'>διαλαϐόντες</span> <span class='ocrx_word' id='word_1_716' title='bbox 3267 4611 3336 4665; x_wconf 82' lang='grc' dir='ltr'>τὰ</span> <span class='ocrx_word' id='word_1_717' title='bbox 3377 4608 3476 4663; x_wconf 85' lang='grc' dir='ltr'><strong>ὑπὸ</strong></span> <span class='ocrx_word' id='word_1_718' title='bbox 3515 4601 3677 4657; x_wconf 82' lang='grc' dir='ltr'>τούτου</span> 
     </span>
    </p>
   </div>
   <div class='ocr_carea' id='block_1_93' title="bbox 448 4682 2025 4774">
    <p class='ocr_par' dir='ltr' id='par_1_93' title="bbox 448 4682 2025 4769">
     <span class='ocr_line' id='line_1_94' title="bbox 448 4682 2025 4769; baseline 0.011 -32"><span class='ocrx_word' id='word_1_719' title='bbox 448 4682 688 4739; x_wconf 87' lang='lat' dir='ltr'><strong>tavimus</strong></span> <span class='ocrx_word' id='word_1_720' title='bbox 719 4701 878 4756; x_wconf 67' lang='lat' dir='ltr'><strong>:quaz</strong></span> <span class='ocrx_word' id='word_1_721' title='bbox 908 4688 999 4745; x_wconf 90' lang='lat' dir='ltr'><strong>ille</strong></span> <span class='ocrx_word' id='word_1_722' title='bbox 1025 4690 1312 4746; x_wconf 90' lang='lat' dir='ltr'><strong>dialectica</strong></span> <span class='ocrx_word' id='word_1_723' title='bbox 1342 4693 1624 4759; x_wconf 81' lang='lat' dir='ltr'><strong>facultate,</strong></span> <span class='ocrx_word' id='word_1_724' title='bbox 1653 4704 1710 4752; x_wconf 84' lang='lat' dir='ltr'><strong>et</strong></span> <span class='ocrx_word' id='word_1_725' title='bbox 1740 4713 2025 4769; x_wconf 87' lang='lat' dir='ltr'><strong>argumen-</strong></span> 
     </span>
    </p>
   </div>
   <div class='ocr_carea' id='block_1_94' title="bbox 2099 4682 3676 4774">
    <p class='ocr_par' dir='ltr' id='par_1_94' title="bbox 2135 4690 3676 4774">
     <span class='ocr_line' id='line_1_95' title="bbox 2135 4690 3676 4774; baseline -0.003 -20"><span class='ocrx_word' id='word_1_726' title='bbox 2135 4701 2232 4754; x_wconf 89' lang='grc' dir='ltr'><strong>τοῦ</strong></span> <span class='ocrx_word' id='word_1_727' title='bbox 2269 4701 2477 4755; x_wconf 86' lang='grc' dir='ltr'>Ἀετίου</span> <span class='ocrx_word' id='word_1_728' title='bbox 2525 4702 2794 4772; x_wconf 83' lang='grc' dir='ltr'>εἰρημένα</span> <span class='ocrx_word' id='word_1_729' title='bbox 2835 4704 2892 4755; x_wconf 78' lang='grc' dir='ltr'>ἐν</span> <span class='ocrx_word' id='word_1_730' title='bbox 2930 4702 3240 4774; x_wconf 84' lang='grc' dir='ltr'>διαλεκτικῇ</span> <span class='ocrx_word' id='word_1_731' title='bbox 3280 4720 3385 4756; x_wconf 86' lang='grc' dir='ltr'>τινι</span> <span class='ocrx_word' id='word_1_732' title='bbox 3425 4699 3574 4767; x_wconf 82' lang='grc' dir='ltr'>τέχνῃ</span> <span class='ocrx_word' id='word_1_733' title='bbox 3597 4690 3676 4744; x_wconf 74' lang='grc' dir='ltr'>καὶ</span> 
     </span>
    </p>
   </div>
   <div class='ocr_carea' id='block_1_95' title="bbox 450 4775 2027 4865">
    <p class='ocr_par' dir='ltr' id='par_1_95' title="bbox 450 4775 2027 4855">
     <span class='ocr_line' id='line_1_96' title="bbox 450 4775 2027 4855; baseline 0.01 -26"><span class='ocrx_word' id='word_1_734' title='bbox 450 4775 601 4831; x_wconf 90' lang='lat' dir='ltr'><strong>tandi</strong></span> <span class='ocrx_word' id='word_1_735' title='bbox 622 4777 942 4848; x_wconf 87' lang='lat' dir='ltr'><strong>subtilitate,</strong></span> <span class='ocrx_word' id='word_1_736' title='bbox 971 4781 1338 4853; x_wconf 89' lang='lat' dir='ltr'><strong>humanisque</strong></span> <span class='ocrx_word' id='word_1_737' title='bbox 1367 4784 1658 4855; x_wconf 68' lang='lat' dir='ltr'><strong>praestigiis</strong></span> <span class='ocrx_word' id='word_1_738' title='bbox 1700 4785 1896 4855; x_wconf 81' lang='lat' dir='ltr'><strong>fretus,</strong></span> <span class='ocrx_word' id='word_1_739' title='bbox 1931 4804 2027 4845; x_wconf 89' lang='lat' dir='ltr'><strong>ca-</strong></span> 
     </span>
    </p>
   </div>
   <div class='ocr_carea' id='block_1_96' title="bbox 2099 4775 3676 4865">
    <p class='ocr_par' dir='ltr' id='par_1_96' title="bbox 2140 4781 3676 4865">
     <span class='ocr_line' id='line_1_97' title="bbox 2140 4781 3676 4865; baseline 0.003 -20"><span class='ocrx_word' id='word_1_740' title='bbox 2140 4792 2520 4863; x_wconf 78' lang='grc' dir='ltr'>συλλογιστικῇ</span> <span class='ocrx_word' id='word_1_741' title='bbox 2566 4793 2790 4865; x_wconf 84' lang='grc' dir='ltr'>ὑπονοίᾳ</span> <span class='ocrx_word' id='word_1_742' title='bbox 2840 4793 3185 4865; x_wconf 86' lang='grc' dir='ltr'>ἀνθρωπίνης</span> <span class='ocrx_word' id='word_1_743' title='bbox 3228 4789 3579 4864; x_wconf 71' lang='grc' dir='ltr'>μαγγανείας,</span> <span class='ocrx_word' id='word_1_744' title='bbox 3627 4781 3676 4832; x_wconf 65' lang='grc' dir='ltr'><strong>έν</strong></span> 
     </span>
    </p>
   </div>
   <div class='ocr_carea' id='block_1_97' title="bbox 449 4869 2026 4957">
    <p class='ocr_par' dir='ltr' id='par_1_97' title="bbox 449 4869 2026 4945">
     <span class='ocr_line' id='line_1_98' title="bbox 449 4869 2026 4945; baseline 0.01 -23"><span class='ocrx_word' id='word_1_745' title='bbox 449 4869 658 4938; x_wconf 87' lang='lat' dir='ltr'><strong>pitibus</strong></span> <span class='ocrx_word' id='word_1_746' title='bbox 689 4879 897 4941; x_wconf 87' lang='lat' dir='ltr'><strong>septem</strong></span> <span class='ocrx_word' id='word_1_747' title='bbox 936 4887 1002 4926; x_wconf 90' lang='lat' dir='ltr'><strong>ac</strong></span> <span class='ocrx_word' id='word_1_748' title='bbox 1040 4873 1260 4945; x_wconf 89' lang='lat' dir='ltr'><strong>triginta</strong></span> <span class='ocrx_word' id='word_1_749' title='bbox 1313 4877 1595 4934; x_wconf 89' lang='lat' dir='ltr'><strong>disseruit.</strong></span> <span class='ocrx_word' id='word_1_750' title='bbox 1631 4880 1706 4934; x_wconf 89' lang='lat' dir='ltr'><strong>Ea</strong></span> <span class='ocrx_word' id='word_1_751' title='bbox 1741 4896 1871 4936; x_wconf 86' lang='lat' dir='ltr'><strong>vero</strong></span> <span class='ocrx_word' id='word_1_752' title='bbox 1903 4897 2026 4938; x_wconf 89' lang='lat' dir='ltr'><strong>cum</strong></span> 
     </span>
    </p>
   </div>
   <div class='ocr_carea' id='block_1_98' title="bbox 2096 4869 3673 4957">
    <p class='ocr_par' dir='ltr' id='par_1_98' title="bbox 2139 4880 3673 4957">
     <span class='ocr_line' id='line_1_99' title="bbox 2139 4880 3673 4957; baseline -0.003 -18"><span class='ocrx_word' id='word_1_753' title='bbox 2139 4884 2451 4954; x_wconf 84' lang='grc' dir='ltr'>κεφαλαίοις</span> <span class='ocrx_word' id='word_1_754' title='bbox 2477 4883 2551 4950; x_wconf 76' lang='grc' dir='ltr'><strong>λζ’</strong></span> <span class='ocrx_word' id='word_1_755' title='bbox 2569 4903 2582 4916; x_wconf 91' lang='grc'><strong>·</strong></span> <span class='ocrx_word' id='word_1_756' title='bbox 2606 4880 2688 4950; x_wconf 80' lang='grc' dir='ltr'><strong>οἷς</strong></span> <span class='ocrx_word' id='word_1_757' title='bbox 2725 4886 2990 4957; x_wconf 85' lang='grc' dir='ltr'>νουνεχῶς</span> <span class='ocrx_word' id='word_1_758' title='bbox 3019 4887 3175 4956; x_wconf 81' lang='grc' dir='ltr'>ὑμᾶς</span> <span class='ocrx_word' id='word_1_759' title='bbox 3193 4887 3428 4956; x_wconf 77' lang='grc' dir='ltr'>ἐντυχεῖν</span> <span class='ocrx_word' id='word_1_760' title='bbox 3457 4888 3673 4947; x_wconf 74' lang='grc' dir='ltr'>παρακα·</span> 
     </span>
    </p>
   </div>
   <div class='ocr_carea' id='block_1_99' title="bbox 447 4957 2024 5064">
    <p class='ocr_par' dir='ltr' id='par_1_99' title="bbox 447 4957 2024 5040">
     <span class='ocr_line' id='line_1_100' title="bbox 447 4957 2024 5040; baseline 0.011 -29"><span class='ocrx_word' id='word_1_761' title='bbox 447 4957 738 5028; x_wconf 86' lang='lat' dir='ltr'><strong>prudentia</strong></span> <span class='ocrx_word' id='word_1_762' title='bbox 767 4968 828 5014; x_wconf 91' lang='lat' dir='ltr'><strong>ut</strong></span> <span class='ocrx_word' id='word_1_763' title='bbox 858 4961 1052 5032; x_wconf 88' lang='lat' dir='ltr'><strong>legatis</strong></span> <span class='ocrx_word' id='word_1_764' title='bbox 1077 4965 1316 5033; x_wconf 92' lang='lat' dir='ltr'><strong>postulo.</strong></span> <span class='ocrx_word' id='word_1_765' title='bbox 1348 4964 1427 5021; x_wconf 90' lang='lat' dir='ltr'><strong>lta</strong></span> <span class='ocrx_word' id='word_1_766' title='bbox 1456 4969 1624 5034; x_wconf 90' lang='lat' dir='ltr'><strong>enim,</strong></span> <span class='ocrx_word' id='word_1_767' title='bbox 1650 4985 1682 5025; x_wconf 93' lang='grc' dir='ltr'><strong>ο</strong></span> <span class='ocrx_word' id='word_1_768' title='bbox 1706 4971 2024 5040; x_wconf 83' lang='lat' dir='ltr'><strong>Christiani,</strong></span> 
     </span>
    </p>
   </div>
   <div class='ocr_carea' id='block_1_100' title="bbox 2094 4957 3671 5064">
    <p class='ocr_par' dir='ltr' id='par_1_100' title="bbox 2135 4965 3671 5064">
     <span class='ocr_line' id='line_1_101' title="bbox 2135 4965 3671 5064; baseline -0.005 -36"><span class='ocrx_word' id='word_1_769' title='bbox 2135 4974 2356 5046; x_wconf 85' lang='grc' dir='ltr'>λοῦμεν,</span> <span class='ocrx_word' id='word_1_770' title='bbox 2382 4976 2477 5030; x_wconf 78' lang='grc' dir='ltr'><strong>καὶ</strong></span> <span class='ocrx_word' id='word_1_771' title='bbox 2500 4976 2663 5041; x_wconf 77' lang='grc' dir='ltr'>εὐθὺς</span> <span class='ocrx_word' id='word_1_772' title='bbox 2691 4977 2790 5048; x_wconf 82' lang='grc' dir='ltr'>μὲν</span> <span class='ocrx_word' id='word_1_773' title='bbox 2812 4976 3044 5044; x_wconf 74' lang='grc' dir='ltr'>εἴσεσθε,</span> <span class='ocrx_word' id='word_1_774' title='bbox 3061 4970 3106 5030; x_wconf 83' lang='grc' dir='ltr'><strong>ὧ</strong></span> <span class='ocrx_word' id='word_1_775' title='bbox 3135 4973 3469 5046; x_wconf 84' lang='grc' dir='ltr'>Χριστιανῶν</span> <span class='ocrx_word' id='word_1_776' title='bbox 3490 4965 3671 5064; x_wconf 56' lang='grc' dir='ltr'>παῖδεξι</span> 
     </span>
    </p>
   </div>
   <div class='ocr_carea' id='block_1_101' title="bbox 445 5047 2022 5157">
    <p class='ocr_par' dir='ltr' id='par_1_101' title="bbox 445 5047 2022 5128">
     <span class='ocr_line' id='line_1_102' title="bbox 445 5047 2022 5128; baseline 0.009 -25"><span class='ocrx_word' id='word_1_777' title='bbox 445 5063 513 5104; x_wconf 91' lang='lat' dir='ltr'><strong>ac</strong></span> <span class='ocrx_word' id='word_1_778' title='bbox 537 5047 745 5107; x_wconf 88' lang='lat' dir='ltr'><strong>Christi</strong></span> <span class='ocrx_word' id='word_1_779' title='bbox 772 5051 942 5118; x_wconf 84' lang='lat' dir='ltr'><strong>servi,</strong></span> <span class='ocrx_word' id='word_1_780' title='bbox 971 5053 1334 5125; x_wconf 85' lang='lat' dir='ltr'><strong>veritatisque</strong></span> <span class='ocrx_word' id='word_1_781' title='bbox 1366 5057 1485 5123; x_wconf 84' lang='lat' dir='ltr'><strong>ﬁlii,</strong></span> <span class='ocrx_word' id='word_1_782' title='bbox 1515 5067 1812 5128; x_wconf 86' lang='lat' dir='ltr'><strong>terrenam,</strong></span> <span class='ocrx_word' id='word_1_783' title='bbox 1850 5077 1914 5116; x_wconf 91' lang='lat' dir='ltr'><strong>ac</strong></span> <span class='ocrx_word' id='word_1_784' title='bbox 1941 5077 2022 5116; x_wconf 90' lang='lat' dir='ltr'><strong>va-</strong></span> 
     </span>
    </p>
   </div>
   <div class='ocr_carea' id='block_1_102' title="bbox 2092 5047 3669 5157">
    <p class='ocr_par' dir='ltr' id='par_1_102' title="bbox 2134 5052 3669 5157">
     <span class='ocr_line' id='line_1_103' title="bbox 2134 5052 3669 5157; baseline -0.021 -37"><span class='ocrx_word' id='word_1_785' title='bbox 2134 5067 2228 5120; x_wconf 76' lang='grc' dir='ltr'><strong>καὶ</strong></span> <span class='ocrx_word' id='word_1_786' title='bbox 2257 5065 2433 5119; x_wconf 87' lang='grc' dir='ltr'>δοῦλοι</span> <span class='ocrx_word' id='word_1_787' title='bbox 2461 5066 2721 5139; x_wconf 80' lang='grc' dir='ltr'>Χριστοῦ,</span> <span class='ocrx_word' id='word_1_788' title='bbox 2746 5069 2840 5122; x_wconf 76' lang='grc' dir='ltr'>καὶ</span> <span class='ocrx_word' id='word_1_789' title='bbox 2875 5068 2982 5121; x_wconf 77' lang='grc' dir='ltr'>υἱοὶ</span> <span class='ocrx_word' id='word_1_790' title='bbox 3009 5068 3107 5138; x_wconf 87' lang='grc' dir='ltr'><strong>τῆς</strong></span> <span class='ocrx_word' id='word_1_791' title='bbox 3150 5067 3424 5139; x_wconf 55' lang='grc' dir='ltr'>ἀληθείας,</span> <span class='ocrx_word' id='word_1_792' title='bbox 3455 5061 3561 5157; x_wconf 55' lang='grc' dir='ltr'><strong>τὴῖ</strong></span> <span class='ocrx_word' id='word_1_793' title='bbox 3581 5052 3669 5157; x_wconf 42' lang='grc' dir='ltr'><strong>πῆ-</strong></span> 
     </span>
    </p>
   </div>
   <div class='ocr_carea' id='block_1_103' title="bbox 444 5143 2021 5248">
    <p class='ocr_par' dir='ltr' id='par_1_103' title="bbox 444 5143 2021 5226">
     <span class='ocr_line' id='line_1_104' title="bbox 444 5143 2021 5226; baseline 0.008 -28"><span class='ocrx_word' id='word_1_794' title='bbox 444 5143 731 5200; x_wconf 88' lang='lat' dir='ltr'><strong>nissimam</strong></span> <span class='ocrx_word' id='word_1_795' title='bbox 782 5145 930 5202; x_wconf 89' lang='lat' dir='ltr'><strong>illius</strong></span> <span class='ocrx_word' id='word_1_796' title='bbox 954 5145 1124 5218; x_wconf 80' lang='lat'><strong>989</strong></span> <span class='ocrx_word' id='word_1_797' title='bbox 1147 5148 1478 5215; x_wconf 89' lang='lat' dir='ltr'><strong>doctrinam,</strong></span> <span class='ocrx_word' id='word_1_798' title='bbox 1528 5163 1692 5224; x_wconf 90' lang='lat' dir='ltr'><strong>atque</strong></span> <span class='ocrx_word' id='word_1_799' title='bbox 1734 5169 1765 5208; x_wconf 90' lang='lat' dir='ltr'><strong>a</strong></span> <span class='ocrx_word' id='word_1_800' title='bbox 1819 5155 2021 5226; x_wconf 89' lang='lat' dir='ltr'><strong>Spiritu</strong></span> 
     </span>
    </p>
   </div>
   <div class='ocr_carea' id='block_1_104' title="bbox 2092 5143 3669 5248">
    <p class='ocr_par' dir='ltr' id='par_1_104' title="bbox 2138 5143 3669 5248">
     <span class='ocr_line' id='line_1_105' title="bbox 2138 5143 3669 5248; baseline 0 -37"><span class='ocrx_word' id='word_1_801' title='bbox 2138 5174 2239 5212; x_wconf 92' lang='grc' dir='ltr'><strong>σαν</strong></span> <span class='ocrx_word' id='word_1_802' title='bbox 2269 5158 2435 5212; x_wconf 86' lang='grc' dir='ltr'>αὑτοῦ</span> <span class='ocrx_word' id='word_1_803' title='bbox 2473 5159 2666 5231; x_wconf 76' lang='grc' dir='ltr'>γηϊνην</span> <span class='ocrx_word' id='word_1_804' title='bbox 2709 5159 3059 5229; x_wconf 86' lang='grc' dir='ltr'>κενοφωνίαν,</span> <span class='ocrx_word' id='word_1_805' title='bbox 3098 5158 3193 5212; x_wconf 73' lang='grc' dir='ltr'>καὶ</span> <span class='ocrx_word' id='word_1_806' title='bbox 3224 5157 3497 5230; x_wconf 79' lang='grc' dir='ltr'>ἀλλοτρίαν</span> <span class='ocrx_word' id='word_1_807' title='bbox 3521 5143 3669 5248; x_wconf 57' lang='grc' dir='ltr'><strong>Πνεξδσ</strong></span> 
     </span>
    </p>
   </div>
   <div class='ocr_carea' id='block_1_105' title="bbox 444 5237 2021 5320">
    <p class='ocr_par' dir='ltr' id='par_1_105' title="bbox 444 5237 2021 5314">
     <span class='ocr_line' id='line_1_106' title="bbox 444 5237 2021 5314; baseline 0.01 -26"><span class='ocrx_word' id='word_1_808' title='bbox 444 5241 638 5288; x_wconf 84' lang='lat' dir='ltr'><strong>sancto</strong></span> <span class='ocrx_word' id='word_1_809' title='bbox 671 5249 904 5304; x_wconf 89' lang='lat' dir='ltr'><strong>prorsus</strong></span> <span class='ocrx_word' id='word_1_810' title='bbox 929 5237 1316 5294; x_wconf 87' lang='lat' dir='ltr'><strong>abhorrentem</strong></span> <span class='ocrx_word' id='word_1_811' title='bbox 1357 5256 1482 5297; x_wconf 91' lang='lat' dir='ltr'><strong>esse</strong></span> <span class='ocrx_word' id='word_1_812' title='bbox 1515 5247 1879 5314; x_wconf 86' lang='lat' dir='ltr'><strong>cognoscetis.</strong></span> <span class='ocrx_word' id='word_1_813' title='bbox 1920 5247 2021 5314; x_wconf 87' lang='lat' dir='ltr'><strong>Qui</strong></span> 
     </span>
    </p>
   </div>
   <div class='ocr_carea' id='block_1_106' title="bbox 2089 5237 3666 5320">
    <p class='ocr_par' dir='ltr' id='par_1_106' title="bbox 2137 5237 3666 5320">
     <span class='ocr_line' id='line_1_107' title="bbox 2137 5237 3666 5320; baseline -0.02 -2"><span class='ocrx_word' id='word_1_814' title='bbox 2137 5266 2304 5320; x_wconf 83' lang='grc' dir='ltr'>ματος</span> <span class='ocrx_word' id='word_1_815' title='bbox 2363 5251 2518 5320; x_wconf 75' lang='grc' dir='ltr'>ἁγίου</span> <span class='ocrx_word' id='word_1_816' title='bbox 2579 5251 2946 5306; x_wconf 81' lang='grc' dir='ltr'>διδασκαλίαν.</span> <span class='ocrx_word' id='word_1_817' title='bbox 2995 5254 3092 5316; x_wconf 90' lang='grc' dir='ltr'>Ὃς</span> <span class='ocrx_word' id='word_1_818' title='bbox 3134 5252 3234 5305; x_wconf 88' lang='grc' dir='ltr'><strong>οὑκ</strong></span> <span class='ocrx_word' id='word_1_819' title='bbox 3280 5251 3529 5320; x_wconf 79' lang='grc' dir='ltr'>ἐτόλμησε</span> <span class='ocrx_word' id='word_1_820' title='bbox 3579 5237 3666 5288; x_wconf 82' lang='grc' dir='ltr'>κᾶν</span> 
     </span>
    </p>
   </div>
   <div class='ocr_carea' id='block_1_107' title="bbox 443 5324 2020 5413">
    <p class='ocr_par' dir='ltr' id='par_1_107' title="bbox 443 5324 2020 5404">
     <span class='ocr_line' id='line_1_108' title="bbox 443 5324 2020 5404; baseline 0.011 -26"><span class='ocrx_word' id='word_1_821' title='bbox 443 5324 614 5381; x_wconf 86' lang='lat' dir='ltr'><strong>divini</strong></span> <span class='ocrx_word' id='word_1_822' title='bbox 644 5328 797 5384; x_wconf 88' lang='lat' dir='ltr'><strong>verbi</strong></span> <span class='ocrx_word' id='word_1_823' title='bbox 824 5344 894 5385; x_wconf 90' lang='lat' dir='ltr'><strong>ne</strong></span> <span class='ocrx_word' id='word_1_824' title='bbox 919 5345 1028 5385; x_wconf 92' lang='lat' dir='ltr'><strong>una</strong></span> <span class='ocrx_word' id='word_1_825' title='bbox 1063 5332 1284 5404; x_wconf 90' lang='lat' dir='ltr'><strong>quidem</strong></span> <span class='ocrx_word' id='word_1_826' title='bbox 1319 5334 1499 5390; x_wconf 89' lang='lat' dir='ltr'><strong>littera</strong></span> <span class='ocrx_word' id='word_1_827' title='bbox 1536 5337 1869 5393; x_wconf 86' lang='lat' dir='ltr'><strong>mentionem</strong></span> <span class='ocrx_word' id='word_1_828' title='bbox 1897 5341 2020 5395; x_wconf 85' lang='lat' dir='ltr'><strong>atti-</strong></span> 
     </span>
    </p>
   </div>
   <div class='ocr_carea' id='block_1_108' title="bbox 2088 5324 3665 5413">
    <p class='ocr_par' dir='ltr' id='par_1_108' title="bbox 2134 5331 3665 5413">
     <span class='ocr_line' id='line_1_109' title="bbox 2134 5331 3665 5413; baseline -0.013 -8"><span class='ocrx_word' id='word_1_829' title='bbox 2134 5339 2194 5391; x_wconf 68' lang='grc' dir='ltr'><strong>ὲν</strong></span> <span class='ocrx_word' id='word_1_830' title='bbox 2227 5341 2326 5411; x_wconf 81' lang='grc' dir='ltr'>μιᾷ</span> <span class='ocrx_word' id='word_1_831' title='bbox 2358 5341 2500 5408; x_wconf 81' lang='grc' dir='ltr'>λέξει</span> <span class='ocrx_word' id='word_1_832' title='bbox 2537 5341 2842 5413; x_wconf 86' lang='grc' dir='ltr'>μνησθῆναι</span> <span class='ocrx_word' id='word_1_833' title='bbox 2881 5341 3025 5395; x_wconf 91' lang='grc' dir='ltr'>θείου</span> <span class='ocrx_word' id='word_1_834' title='bbox 3069 5342 3250 5412; x_wconf 82' lang='grc' dir='ltr'>λόγου,</span> <span class='ocrx_word' id='word_1_835' title='bbox 3287 5341 3320 5413; x_wconf 87' lang='grc' dir='ltr'>ἢ</span> <span class='ocrx_word' id='word_1_836' title='bbox 3368 5331 3518 5412; x_wconf 80' lang='grc' dir='ltr'>ῥητοῦ</span> <span class='ocrx_word' id='word_1_837' title='bbox 3545 5335 3665 5386; x_wconf 72' lang='grc' dir='ltr'>τινος</span> 
     </span>
    </p>
   </div>
   <div class='ocr_carea' id='block_1_109' title="bbox 442 5415 2019 5506">
    <p class='ocr_par' dir='ltr' id='par_1_109' title="bbox 442 5415 2019 5485">
     <span class='ocr_line' id='line_1_110' title="bbox 442 5415 2019 5485; baseline 0.011 -17"><span class='ocrx_word' id='word_1_838' title='bbox 442 5415 540 5484; x_wconf 82' lang='lat' dir='ltr'><strong>git,</strong></span> <span class='ocrx_word' id='word_1_839' title='bbox 575 5432 677 5473; x_wconf 91' lang='lat' dir='ltr'><strong>nec</strong></span> <span class='ocrx_word' id='word_1_840' title='bbox 715 5419 887 5474; x_wconf 79' lang='lat' dir='ltr'><strong>ullum</strong></span> <span class='ocrx_word' id='word_1_841' title='bbox 917 5419 1134 5478; x_wconf 81' lang='lat' dir='ltr'><strong>Veteris</strong></span> <span class='ocrx_word' id='word_1_842' title='bbox 1163 5432 1258 5478; x_wconf 89' lang='lat' dir='ltr'><strong>aut</strong></span> <span class='ocrx_word' id='word_1_843' title='bbox 1307 5423 1445 5479; x_wconf 87' lang='lat' dir='ltr'><strong>Novi</strong></span> <span class='ocrx_word' id='word_1_844' title='bbox 1474 5423 1811 5484; x_wconf 90' lang='lat' dir='ltr'><strong>Testamenti</strong></span> <span class='ocrx_word' id='word_1_845' title='bbox 1844 5429 2019 5485; x_wconf 90' lang='lat' dir='ltr'><strong>locum</strong></span> 
     </span>
    </p>
   </div>
   <div class='ocr_carea' id='block_1_110' title="bbox 2082 5415 3659 5506">
    <p class='ocr_par' dir='ltr' id='par_1_110' title="bbox 2134 5422 3659 5506">
     <span class='ocr_line' id='line_1_111' title="bbox 2134 5422 3659 5506; baseline 0.013 -24"><span class='ocrx_word' id='word_1_846' title='bbox 2134 5428 2419 5498; x_wconf 79' lang='grc' dir='ltr'>Παλαιᾶς,</span> <span class='ocrx_word' id='word_1_847' title='bbox 2482 5432 2516 5504; x_wconf 82' lang='grc' dir='ltr'>ἢ</span> <span class='ocrx_word' id='word_1_848' title='bbox 2571 5434 2782 5505; x_wconf 79' lang='grc' dir='ltr'>Καινῆς</span> <span class='ocrx_word' id='word_1_849' title='bbox 2847 5433 3301 5506; x_wconf 51' lang='lat' dir='ltr'><strong>mammam</strong></span> <span class='ocrx_word' id='word_1_850' title='bbox 3351 5429 3450 5486; x_wconf 78' lang='grc' dir='ltr'><strong>ἀπὸ</strong></span> <span class='ocrx_word' id='word_1_851' title='bbox 3499 5422 3659 5506; x_wconf 63' lang='grc' dir='ltr'><strong>νόμουξ</strong></span> 
     </span>
    </p>
   </div>
   <div class='ocr_carea' id='block_1_111' title="bbox 445 5502 2022 5602">
    <p class='ocr_par' dir='ltr' id='par_1_111' title="bbox 445 5505 2020 5587">
     <span class='ocr_line' id='line_1_112' title="bbox 445 5505 2020 5587; baseline 0.011 -31"><span class='ocrx_word' id='word_1_852' title='bbox 445 5505 688 5572; x_wconf 91' lang='lat' dir='ltr'><strong>protulit,</strong></span> <span class='ocrx_word' id='word_1_853' title='bbox 736 5508 874 5564; x_wconf 89' lang='lat' dir='ltr'><strong>nihil</strong></span> <span class='ocrx_word' id='word_1_854' title='bbox 915 5524 982 5565; x_wconf 77' lang='lat' dir='ltr'><strong>ex</strong></span> <span class='ocrx_word' id='word_1_855' title='bbox 1009 5511 1148 5582; x_wconf 88' lang='lat' dir='ltr'><strong>lege,</strong></span> <span class='ocrx_word' id='word_1_856' title='bbox 1187 5513 1387 5570; x_wconf 89' lang='lat' dir='ltr'><strong>nihile</strong></span> <span class='ocrx_word' id='word_1_857' title='bbox 1428 5517 1734 5587; x_wconf 87' lang='lat' dir='ltr'><strong>prophetis,</strong></span> <span class='ocrx_word' id='word_1_858' title='bbox 1775 5518 1910 5572; x_wconf 89' lang='lat' dir='ltr'><strong>nihil</strong></span> <span class='ocrx_word' id='word_1_859' title='bbox 1952 5535 2020 5574; x_wconf 83' lang='lat' dir='ltr'><strong>ex</strong></span> 
     </span>
    </p>
   </div>
   <div class='ocr_carea' id='block_1_112' title="bbox 2086 5502 3663 5602">
    <p class='ocr_par' dir='ltr' id='par_1_112' title="bbox 2132 5502 3663 5602">
     <span class='ocr_line' id='line_1_113' title="bbox 2132 5502 3663 5602; baseline 0.001 -26"><span class='ocrx_word' id='word_1_860' title='bbox 2132 5523 2234 5576; x_wconf 84' lang='grc' dir='ltr'><strong>οὐκ</strong></span> <span class='ocrx_word' id='word_1_861' title='bbox 2259 5523 2368 5578; x_wconf 85' lang='grc' dir='ltr'><strong>ἀπὸ</strong></span> <span class='ocrx_word' id='word_1_862' title='bbox 2389 5502 2712 5597; x_wconf 82' lang='grc' dir='ltr'>προφητῶν,</span> <span class='ocrx_word' id='word_1_863' title='bbox 2739 5502 2864 5581; x_wconf 62' lang='grc' dir='ltr'><strong>⁷οὑκ</strong></span> <span class='ocrx_word' id='word_1_864' title='bbox 2903 5502 3014 5581; x_wconf 74' lang='grc' dir='ltr'><strong>ἀπὸ</strong></span> <span class='ocrx_word' id='word_1_865' title='bbox 3045 5502 3407 5597; x_wconf 69' lang='grc' dir='ltr'>Εὑαγγελίων,</span> <span class='ocrx_word' id='word_1_866' title='bbox 3441 5519 3530 5602; x_wconf 77' lang='grc' dir='ltr'>οὐκ</span> <span class='ocrx_word' id='word_1_867' title='bbox 3572 5502 3663 5564; x_wconf 75' lang='grc' dir='ltr'><strong>ἀπδ</strong></span> 
     </span>
    </p>
   </div>
   <div class='ocr_carea' id='block_1_113' title="bbox 517 5656 2066 5740">
    <p class='ocr_par' dir='ltr' id='par_1_113' title="bbox 517 5656 2066 5740">
     <span class='ocr_line' id='line_1_114' title="bbox 517 5656 2066 5740; baseline 0.014 -30"><span class='ocrx_word' id='word_1_868' title='bbox 517 5658 533 5688; x_wconf 74' lang='grc'><strong>⁸</strong></span> <span class='ocrx_word' id='word_1_869' title='bbox 575 5656 592 5710; x_wconf 90' lang='grc' dir='ltr'><strong>ι</strong></span> <span class='ocrx_word' id='word_1_870' title='bbox 628 5657 782 5714; x_wconf 80' lang='lat' dir='ltr'><strong>Joan.</strong></span> <span class='ocrx_word' id='word_1_871' title='bbox 817 5678 869 5727; x_wconf 84' lang='lat' dir='ltr'><strong>v,</strong></span> <span class='ocrx_word' id='word_1_872' title='bbox 894 5662 984 5718; x_wconf 74' lang='grc'>20.</span> <span class='ocrx_word' id='word_1_873' title='bbox 1063 5665 1082 5697; x_wconf 76' lang='grc'>⁸</span> <span class='ocrx_word' id='word_1_874' title='bbox 1107 5663 1263 5721; x_wconf 82' lang='lat' dir='ltr'><strong>Joan.</strong></span> <span class='ocrx_word' id='word_1_875' title='bbox 1303 5683 1416 5732; x_wconf 74' lang='lat' dir='ltr'><strong>xvi,</strong></span> <span class='ocrx_word' id='word_1_876' title='bbox 1457 5669 1539 5724; x_wconf 79' lang='lat' dir='ltr'><strong>l5.</strong></span> <span class='ocrx_word' id='word_1_877' title='bbox 1621 5671 1639 5702; x_wconf 89' lang='grc'><strong>³</strong></span> <span class='ocrx_word' id='word_1_878' title='bbox 1676 5669 1834 5727; x_wconf 71' lang='lat' dir='ltr'><strong>Boni.</strong></span> <span class='ocrx_word' id='word_1_879' title='bbox 1870 5689 1946 5740; x_wconf 71' lang='grc' dir='ltr'>ιι,</span> <span class='ocrx_word' id='word_1_880' title='bbox 1979 5673 2066 5732; x_wconf 76' lang='grc'><strong>55.</strong></span> 
     </span>
    </p>
   </div>
  </div>
