  <div class='ocr_page' id='page_1' title='image "/cluster/home/n/w/nwhite01/storage/ocr_20150623/42/mdp.39015052824052/336.png"; bbox 0 0 3994 6224; ppageno 0'>
   <div class='ocr_carea' id='block_1_1' title="bbox 280 314 409 372">
    <p class='ocr_par' dir='ltr' id='par_1_1' title="bbox 280 314 409 372">
     <span class='ocr_line' id='line_1_1' title="bbox 280 314 409 372; baseline 0 0"><span class='ocrx_word' id='word_1_1' title='bbox 280 314 409 372; x_wconf 74' lang='lat'><strong>653</strong></span> 
     </span>
    </p>
   </div>
   <div class='ocr_carea' id='block_1_2' title="bbox 997 315 1901 381">
    <p class='ocr_par' dir='ltr' id='par_1_2' title="bbox 997 315 1901 380">
     <span class='ocr_line' id='line_1_2' title="bbox 997 315 1901 380; baseline 0.007 -7"><span class='ocrx_word' id='word_1_2' title='bbox 997 315 1366 377; x_wconf 69' lang='lat' dir='ltr'><strong>ADVERSUS</strong></span> <span class='ocrx_word' id='word_1_3' title='bbox 1398 321 1742 380; x_wconf 79' lang='lat' dir='ltr'><strong>ll/ERESES</strong></span> <span class='ocrx_word' id='word_1_4' title='bbox 1781 323 1901 379; x_wconf 82' lang='lat' dir='ltr'><strong>LIB.</strong></span> 
     </span>
    </p>
   </div>
   <div class='ocr_carea' id='block_1_3' title="bbox 2002 315 2920 381">
    <p class='ocr_par' dir='ltr' id='par_1_3' title="bbox 2002 322 2920 381">
     <span class='ocr_line' id='line_1_3' title="bbox 2002 322 2920 381; baseline 0.002 -2"><span class='ocrx_word' id='word_1_5' title='bbox 2002 324 2033 381; x_wconf 88' lang='grc' dir='ltr'><strong>Ι.</strong></span> <span class='ocrx_word' id='word_1_6' title='bbox 2076 323 2241 381; x_wconf 78' lang='grc' dir='ltr'><strong>ΤΟΜ.</strong></span> <span class='ocrx_word' id='word_1_7' title='bbox 2281 325 2324 380; x_wconf 88' lang='grc'><strong>1.</strong></span> <span class='ocrx_word' id='word_1_8' title='bbox 2367 322 2641 380; x_wconf 71' lang='grc' dir='ltr'><strong>ΗΛΞΒΕδ.</strong></span> <span class='ocrx_word' id='word_1_9' title='bbox 2685 323 2920 381; x_wconf 79' lang='lat' dir='ltr'><strong>LXXVI.</strong></span> 
     </span>
    </p>
   </div>
   <div class='ocr_carea' id='block_1_4' title="bbox 3463 323 3567 375">
    <p class='ocr_par' dir='ltr' id='par_1_4' title="bbox 3463 323 3567 375">
     <span class='ocr_line' id='line_1_4' title="bbox 3463 323 3567 375; baseline -0.019 0"><span class='ocrx_word' id='word_1_10' title='bbox 3463 323 3567 375; x_wconf 67' lang='grc'><strong>654</strong></span> 
     </span>
    </p>
   </div>
   <div class='ocr_carea' id='block_1_5' title="bbox 281 432 1901 515">
    <p class='ocr_par' dir='ltr' id='par_1_5' title="bbox 281 432 1886 515">
     <span class='ocr_line' id='line_1_5' title="bbox 281 432 1886 515; baseline 0.007 -30"><span class='ocrx_word' id='word_1_11' title='bbox 281 432 649 499; x_wconf 74' lang='grc' dir='ltr'><strong>ἀποστόλων,</strong></span> <span class='ocrx_word' id='word_1_12' title='bbox 707 432 769 486; x_wconf 80' lang='grc' dir='ltr'>οὔ</span> <span class='ocrx_word' id='word_1_13' title='bbox 796 450 938 499; x_wconf 88' lang='grc' dir='ltr'>τινος</span> <span class='ocrx_word' id='word_1_14' title='bbox 1003 434 1110 489; x_wconf 90' lang='grc' dir='ltr'><strong>τῶν</strong></span> <span class='ocrx_word' id='word_1_15' title='bbox 1162 439 1517 511; x_wconf 84' lang='grc' dir='ltr'>πατριαρχῶν</span> <span class='ocrx_word' id='word_1_16' title='bbox 1580 442 1886 515; x_wconf 81' lang='grc' dir='ltr'>μαρτυρίαν</span> 
     </span>
    </p>
   </div>
   <div class='ocr_carea' id='block_1_6' title="bbox 2002 432 3569 515">
    <p class='ocr_par' dir='ltr' id='par_1_6' title="bbox 2002 440 3569 513">
     <span class='ocr_line' id='line_1_6' title="bbox 2002 440 3569 513; baseline -0.001 -18"><span class='ocrx_word' id='word_1_17' title='bbox 2002 440 2321 513; x_wconf 80' lang='lat' dir='ltr'><strong>Evangeliis,</strong></span> <span class='ocrx_word' id='word_1_18' title='bbox 2366 442 2505 497; x_wconf 85' lang='lat' dir='ltr'><strong>nihil</strong></span> <span class='ocrx_word' id='word_1_19' title='bbox 2548 459 2613 497; x_wconf 78' lang='lat' dir='ltr'><strong>ex</strong></span> <span class='ocrx_word' id='word_1_20' title='bbox 2666 443 2953 513; x_wconf 84' lang='lat' dir='ltr'><strong>apostolis,</strong></span> <span class='ocrx_word' id='word_1_21' title='bbox 2994 441 3130 497; x_wconf 83' lang='lat' dir='ltr'><strong>nihil</strong></span> <span class='ocrx_word' id='word_1_22' title='bbox 3170 457 3200 497; x_wconf 90' lang='lat' dir='ltr'><strong>e</strong></span> <span class='ocrx_word' id='word_1_23' title='bbox 3238 441 3569 512; x_wconf 82' lang='lat' dir='ltr'><strong>patriarcha-</strong></span> 
     </span>
    </p>
   </div>
   <div class='ocr_carea' id='block_1_7' title="bbox 284 524 1887 606">
    <p class='ocr_par' dir='ltr' id='par_1_7' title="bbox 284 524 1887 606">
     <span class='ocr_line' id='line_1_7' title="bbox 284 524 1887 606; baseline 0.005 -29"><span class='ocrx_word' id='word_1_24' title='bbox 284 525 676 597; x_wconf 79' lang='grc' dir='ltr'>παρενέγκαι,</span> <span class='ocrx_word' id='word_1_25' title='bbox 712 524 825 579; x_wconf 75' lang='grc' dir='ltr'>οὔτ’</span> <span class='ocrx_word' id='word_1_26' title='bbox 879 527 1043 581; x_wconf 81' lang='grc' dir='ltr'>αὐτοῦ</span> <span class='ocrx_word' id='word_1_27' title='bbox 1080 529 1175 582; x_wconf 90' lang='grc' dir='ltr'><strong>τοῦ</strong></span> <span class='ocrx_word' id='word_1_28' title='bbox 1232 530 1512 602; x_wconf 78' lang='grc' dir='ltr'><strong>Σωτῆρος,</strong></span> <span class='ocrx_word' id='word_1_29' title='bbox 1566 534 1628 586; x_wconf 79' lang='grc' dir='ltr'><strong>οὐ</strong></span> <span class='ocrx_word' id='word_1_30' title='bbox 1673 534 1887 606; x_wconf 77' lang='grc' dir='ltr'>Πατρὸς</span> 
     </span>
    </p>
   </div>
   <div class='ocr_carea' id='block_1_8' title="bbox 285 615 1888 693">
    <p class='ocr_par' dir='ltr' id='par_1_8' title="bbox 285 615 1888 693">
     <span class='ocr_line' id='line_1_8' title="bbox 285 615 1888 693; baseline 0.005 -25"><span class='ocrx_word' id='word_1_31' title='bbox 285 615 560 681; x_wconf 81' lang='grc' dir='ltr'>πώποτε,</span> <span class='ocrx_word' id='word_1_32' title='bbox 600 618 699 688; x_wconf 69' lang='grc' dir='ltr'><strong>οὐχ</strong></span> <span class='ocrx_word' id='word_1_33' title='bbox 757 617 914 687; x_wconf 82' lang='grc' dir='ltr'>ἁγίου</span> <span class='ocrx_word' id='word_1_34' title='bbox 974 619 1289 691; x_wconf 83' lang='grc' dir='ltr'>Πνεύματος</span> <span class='ocrx_word' id='word_1_35' title='bbox 1347 623 1497 693; x_wconf 79' lang='grc' dir='ltr'>ῥῆμα</span> <span class='ocrx_word' id='word_1_36' title='bbox 1545 624 1611 678; x_wconf 90' lang='grc' dir='ltr'>δι’</span> <span class='ocrx_word' id='word_1_37' title='bbox 1660 624 1888 678; x_wconf 82' lang='grc' dir='ltr'>ἀποστό-</span> 
     </span>
    </p>
   </div>
   <div class='ocr_carea' id='block_1_9' title="bbox 284 709 1889 784">
    <p class='ocr_par' dir='ltr' id='par_1_9' title="bbox 284 709 1889 784">
     <span class='ocr_line' id='line_1_9' title="bbox 284 709 1889 784; baseline 0.003 -23"><span class='ocrx_word' id='word_1_38' title='bbox 284 709 409 761; x_wconf 81' lang='grc' dir='ltr'><strong>λων</strong></span> <span class='ocrx_word' id='word_1_39' title='bbox 466 710 791 779; x_wconf 78' lang='grc' dir='ltr'><strong>εἰρημένον,</strong></span> <span class='ocrx_word' id='word_1_40' title='bbox 852 711 885 781; x_wconf 81' lang='grc' dir='ltr'>ἢ</span> <span class='ocrx_word' id='word_1_41' title='bbox 938 710 1025 765; x_wconf 88' lang='grc' dir='ltr'><strong>διά</strong></span> <span class='ocrx_word' id='word_1_42' title='bbox 1076 714 1405 784; x_wconf 80' lang='grc' dir='ltr'><strong>προφητῶν·</strong></span> <span class='ocrx_word' id='word_1_43' title='bbox 1470 717 1556 769; x_wconf 82' lang='grc' dir='ltr'><strong>ἵνα</strong></span> <span class='ocrx_word' id='word_1_44' title='bbox 1613 715 1889 778; x_wconf 76' lang='grc' dir='ltr'>παντελῶς</span> 
     </span>
    </p>
   </div>
   <div class='ocr_carea' id='block_1_10' title="bbox 286 798 1890 877">
    <p class='ocr_par' dir='ltr' id='par_1_10' title="bbox 286 798 1890 877">
     <span class='ocr_line' id='line_1_10' title="bbox 286 798 1890 877; baseline 0.002 -24"><span class='ocrx_word' id='word_1_45' title='bbox 286 798 691 870; x_wconf 78' lang='grc' dir='ltr'>αὐτοφώρατος</span> <span class='ocrx_word' id='word_1_46' title='bbox 720 800 948 872; x_wconf 88' lang='grc' dir='ltr'>γένηται</span> <span class='ocrx_word' id='word_1_47' title='bbox 987 805 1100 866; x_wconf 85' lang='grc' dir='ltr'>τοῖς</span> <span class='ocrx_word' id='word_1_48' title='bbox 1143 804 1316 873; x_wconf 80' lang='grc' dir='ltr'>φίλοις</span> <span class='ocrx_word' id='word_1_49' title='bbox 1359 807 1457 877; x_wconf 82' lang='grc' dir='ltr'>τῆς</span> <span class='ocrx_word' id='word_1_50' title='bbox 1500 806 1775 876; x_wconf 87' lang='grc' dir='ltr'>ἀληθείας,</span> <span class='ocrx_word' id='word_1_51' title='bbox 1808 806 1890 858; x_wconf 82' lang='grc' dir='ltr'><strong>ὅτι</strong></span> 
     </span>
    </p>
   </div>
   <div class='ocr_carea' id='block_1_11' title="bbox 288 889 1890 965">
    <p class='ocr_par' dir='ltr' id='par_1_11' title="bbox 288 889 1890 965">
     <span class='ocr_line' id='line_1_11' title="bbox 288 889 1890 965; baseline 0.004 -26"><span class='ocrx_word' id='word_1_52' title='bbox 288 889 655 941; x_wconf 82' lang='grc' dir='ltr'>παντάπασιν</span> <span class='ocrx_word' id='word_1_53' title='bbox 678 889 955 961; x_wconf 78' lang='grc' dir='ltr'><strong>ἀλλότριος</strong></span> <span class='ocrx_word' id='word_1_54' title='bbox 997 892 1254 962; x_wconf 84' lang='grc' dir='ltr'>τυγχάνει</span> <span class='ocrx_word' id='word_1_55' title='bbox 1300 894 1435 947; x_wconf 86' lang='grc' dir='ltr'>Θεοῦ</span> <span class='ocrx_word' id='word_1_56' title='bbox 1464 896 1556 948; x_wconf 74' lang='grc' dir='ltr'>καὶ</span> <span class='ocrx_word' id='word_1_57' title='bbox 1585 896 1684 965; x_wconf 80' lang='grc' dir='ltr'>τῆς</span> <span class='ocrx_word' id='word_1_58' title='bbox 1726 893 1890 947; x_wconf 83' lang='grc' dir='ltr'>αὑτοῦ</span> 
     </span>
    </p>
   </div>
   <div class='ocr_carea' id='block_1_12' title="bbox 291 978 1893 1057">
    <p class='ocr_par' dir='ltr' id='par_1_12' title="bbox 291 978 1893 1057">
     <span class='ocr_line' id='line_1_12' title="bbox 291 978 1893 1057; baseline 0.006 -28"><span class='ocrx_word' id='word_1_59' title='bbox 291 978 563 1043; x_wconf 78' lang='grc' dir='ltr'>πίστεως.</span> <span class='ocrx_word' id='word_1_60' title='bbox 613 981 836 1051; x_wconf 73' lang='grc' dir='ltr'>Νομίζω</span> <span class='ocrx_word' id='word_1_61' title='bbox 879 982 936 1036; x_wconf 77' lang='grc' dir='ltr'>δὲ</span> <span class='ocrx_word' id='word_1_62' title='bbox 996 985 1090 1036; x_wconf 82' lang='grc' dir='ltr'>καὶ</span> <span class='ocrx_word' id='word_1_63' title='bbox 1149 986 1347 1049; x_wconf 83' lang='grc' dir='ltr'><strong>ἱκανῶς</strong></span> <span class='ocrx_word' id='word_1_64' title='bbox 1395 988 1546 1057; x_wconf 75' lang='grc' dir='ltr'>ἡμᾶς</span> <span class='ocrx_word' id='word_1_65' title='bbox 1595 985 1732 1057; x_wconf 88' lang='grc' dir='ltr'>πρὸς</span> <span class='ocrx_word' id='word_1_66' title='bbox 1793 986 1893 1049; x_wconf 77' lang='grc' dir='ltr'>τὰς</span> 
     </span>
    </p>
   </div>
   <div class='ocr_carea' id='block_1_13' title="bbox 292 1069 1890 1147">
    <p class='ocr_par' dir='ltr' id='par_1_13' title="bbox 292 1069 1890 1147">
     <span class='ocr_line' id='line_1_13' title="bbox 292 1069 1890 1147; baseline 0.004 -25"><span class='ocrx_word' id='word_1_67' title='bbox 292 1069 472 1123; x_wconf 81' lang='grc' dir='ltr'>αὐτοῦ</span> <span class='ocrx_word' id='word_1_68' title='bbox 520 1072 814 1141; x_wconf 75' lang='grc' dir='ltr'>προτάσεις</span> <span class='ocrx_word' id='word_1_69' title='bbox 863 1074 1006 1126; x_wconf 89' lang='grc' dir='ltr'><strong>κατά</strong></span> <span class='ocrx_word' id='word_1_70' title='bbox 1044 1074 1105 1127; x_wconf 91' lang='grc' dir='ltr'><strong>τὸ</strong></span> <span class='ocrx_word' id='word_1_71' title='bbox 1158 1074 1377 1129; x_wconf 86' lang='grc' dir='ltr'>δυνατὸν</span> <span class='ocrx_word' id='word_1_72' title='bbox 1425 1076 1676 1147; x_wconf 81' lang='grc' dir='ltr'>ἰδιωτικῷ</span> <span class='ocrx_word' id='word_1_73' title='bbox 1727 1076 1890 1146; x_wconf 82' lang='grc' dir='ltr'>λόγῳ,</span> 
     </span>
    </p>
   </div>
   <div class='ocr_carea' id='block_1_14' title="bbox 296 1161 1892 1238">
    <p class='ocr_par' dir='ltr' id='par_1_14' title="bbox 296 1161 1892 1238">
     <span class='ocr_line' id='line_1_14' title="bbox 296 1161 1892 1238; baseline 0.004 -26"><span class='ocrx_word' id='word_1_74' title='bbox 296 1162 569 1214; x_wconf 83' lang='grc' dir='ltr'><strong>συστάσει</strong></span> <span class='ocrx_word' id='word_1_75' title='bbox 601 1161 660 1213; x_wconf 82' lang='grc' dir='ltr'>δὲ</span> <span class='ocrx_word' id='word_1_76' title='bbox 701 1161 809 1214; x_wconf 89' lang='grc' dir='ltr'><strong>τῶν</strong></span> <span class='ocrx_word' id='word_1_77' title='bbox 839 1162 946 1215; x_wconf 91' lang='grc' dir='ltr'><strong>ἀπὸ</strong></span> <span class='ocrx_word' id='word_1_78' title='bbox 972 1163 1080 1216; x_wconf 90' lang='grc' dir='ltr'><strong>τῶν</strong></span> <span class='ocrx_word' id='word_1_79' title='bbox 1125 1164 1283 1220; x_wconf 84' lang='grc' dir='ltr'>θείων</span> <span class='ocrx_word' id='word_1_80' title='bbox 1311 1166 1566 1238; x_wconf 85' lang='grc' dir='ltr'>Γραφῶν,</span> <span class='ocrx_word' id='word_1_81' title='bbox 1593 1168 1687 1221; x_wconf 78' lang='grc' dir='ltr'><strong>καὶ</strong></span> <span class='ocrx_word' id='word_1_82' title='bbox 1730 1166 1892 1222; x_wconf 85' lang='grc' dir='ltr'>αὐτοῦ</span> 
     </span>
    </p>
   </div>
   <div class='ocr_carea' id='block_1_15' title="bbox 290 1251 1896 1331">
    <p class='ocr_par' dir='ltr' id='par_1_15' title="bbox 290 1251 1896 1331">
     <span class='ocr_line' id='line_1_15' title="bbox 290 1251 1896 1331; baseline 0.005 -28"><span class='ocrx_word' id='word_1_83' title='bbox 290 1251 400 1304; x_wconf 82' lang='grc' dir='ltr'><strong>τοῦ</strong></span> <span class='ocrx_word' id='word_1_84' title='bbox 426 1252 681 1315; x_wconf 84' lang='grc' dir='ltr'>εὐσεϐοῦς</span> <span class='ocrx_word' id='word_1_85' title='bbox 707 1253 970 1325; x_wconf 80' lang='grc' dir='ltr'>λογισμοῦ</span> <span class='ocrx_word' id='word_1_86' title='bbox 1012 1256 1148 1326; x_wconf 87' lang='grc' dir='ltr'>πρὸς</span> <span class='ocrx_word' id='word_1_87' title='bbox 1171 1258 1333 1313; x_wconf 83' lang='grc' dir='ltr'>αὐτὸν</span> <span class='ocrx_word' id='word_1_88' title='bbox 1359 1260 1753 1331; x_wconf 80' lang='grc' dir='ltr'>ἀπηντηκέναι.</span> <span class='ocrx_word' id='word_1_89' title='bbox 1786 1259 1896 1312; x_wconf 76' lang='grc' dir='ltr'><strong>Καὶ</strong></span> 
     </span>
    </p>
   </div>
   <div class='ocr_carea' id='block_1_16' title="bbox 293 1346 1896 1424">
    <p class='ocr_par' dir='ltr' id='par_1_16' title="bbox 293 1346 1896 1424">
     <span class='ocr_line' id='line_1_16' title="bbox 293 1346 1896 1424; baseline 0.006 -28"><span class='ocrx_word' id='word_1_90' title='bbox 293 1346 497 1416; x_wconf 76' lang='grc' dir='ltr'>ἐπειδὴ</span> <span class='ocrx_word' id='word_1_91' title='bbox 530 1346 728 1410; x_wconf 80' lang='grc' dir='ltr'><strong>ἱκανῶς</strong></span> <span class='ocrx_word' id='word_1_92' title='bbox 766 1348 824 1401; x_wconf 82' lang='grc' dir='ltr'>ὲν</span> <span class='ocrx_word' id='word_1_93' title='bbox 855 1350 977 1413; x_wconf 82' lang='grc' dir='ltr'>ταῖς</span> <span class='ocrx_word' id='word_1_94' title='bbox 1011 1350 1147 1421; x_wconf 85' lang='grc' dir='ltr'>πρὸς</span> <span class='ocrx_word' id='word_1_95' title='bbox 1182 1352 1345 1405; x_wconf 81' lang='grc' dir='ltr'>αὐτὸν</span> <span class='ocrx_word' id='word_1_96' title='bbox 1383 1354 1717 1424; x_wconf 86' lang='grc' dir='ltr'>ἀνατροπαῖς</span> <span class='ocrx_word' id='word_1_97' title='bbox 1767 1353 1896 1424; x_wconf 80' lang='grc' dir='ltr'>περὶ</span> 
     </span>
    </p>
   </div>
   <div class='ocr_carea' id='block_1_17' title="bbox 296 1434 1897 1518">
    <p class='ocr_par' dir='ltr' id='par_1_17' title="bbox 296 1434 1897 1518">
     <span class='ocr_line' id='line_1_17' title="bbox 296 1434 1897 1518; baseline 0.009 -31"><span class='ocrx_word' id='word_1_98' title='bbox 296 1434 545 1500; x_wconf 84' lang='grc' dir='ltr'>πίστεως</span> <span class='ocrx_word' id='word_1_99' title='bbox 569 1438 754 1507; x_wconf 88' lang='grc' dir='ltr'>σαφῶς</span> <span class='ocrx_word' id='word_1_100' title='bbox 779 1439 1151 1512; x_wconf 82' lang='grc' dir='ltr'><strong>διελέχθημεν,</strong></span> <span class='ocrx_word' id='word_1_101' title='bbox 1177 1445 1426 1515; x_wconf 88' lang='grc' dir='ltr'>ἀρκετῶς</span> <span class='ocrx_word' id='word_1_102' title='bbox 1458 1447 1739 1518; x_wconf 79' lang='grc' dir='ltr'>ἡγούμεθα</span> <span class='ocrx_word' id='word_1_103' title='bbox 1758 1465 1771 1480; x_wconf 90' lang='grc'><strong>·</strong></span> <span class='ocrx_word' id='word_1_104' title='bbox 1808 1448 1897 1501; x_wconf 81' lang='grc' dir='ltr'>ἵνα</span> 
     </span>
    </p>
   </div>
   <div class='ocr_carea' id='block_1_18' title="bbox 301 1529 1896 1610">
    <p class='ocr_par' dir='ltr' id='par_1_18' title="bbox 301 1529 1896 1610">
     <span class='ocr_line' id='line_1_18' title="bbox 301 1529 1896 1610; baseline 0.008 -29"><span class='ocrx_word' id='word_1_105' title='bbox 301 1529 387 1600; x_wconf 81' lang='grc' dir='ltr'>μὴ</span> <span class='ocrx_word' id='word_1_106' title='bbox 435 1529 767 1600; x_wconf 86' lang='grc' dir='ltr'>προσθέντες</span> <span class='ocrx_word' id='word_1_107' title='bbox 795 1532 1115 1603; x_wconf 86' lang='grc' dir='ltr'>δυσχέρειάν</span> <span class='ocrx_word' id='word_1_108' title='bbox 1149 1553 1271 1589; x_wconf 91' lang='grc' dir='ltr'>τινα</span> <span class='ocrx_word' id='word_1_109' title='bbox 1300 1539 1429 1610; x_wconf 78' lang='grc' dir='ltr'>περὶ</span> <span class='ocrx_word' id='word_1_110' title='bbox 1460 1539 1559 1608; x_wconf 82' lang='grc' dir='ltr'>τὴν</span> <span class='ocrx_word' id='word_1_111' title='bbox 1588 1539 1896 1608; x_wconf 85' lang='grc' dir='ltr'>ἀνάγνωσιν</span> 
     </span>
    </p>
   </div>
   <div class='ocr_carea' id='block_1_19' title="bbox 299 1624 1895 1701">
    <p class='ocr_par' dir='ltr' id='par_1_19' title="bbox 299 1624 1895 1701">
     <span class='ocr_line' id='line_1_19' title="bbox 299 1624 1895 1701; baseline 0.008 -27"><span class='ocrx_word' id='word_1_112' title='bbox 299 1624 711 1697; x_wconf 81' lang='grc' dir='ltr'>περισσοτέραν</span> <span class='ocrx_word' id='word_1_113' title='bbox 765 1627 1150 1700; x_wconf 76' lang='grc' dir='ltr'>ἐργασώμεθά.</span> <span class='ocrx_word' id='word_1_114' title='bbox 1204 1631 1389 1701; x_wconf 77' lang='grc' dir='ltr'>Ὀλίγα</span> <span class='ocrx_word' id='word_1_115' title='bbox 1418 1632 1474 1686; x_wconf 81' lang='grc' dir='ltr'>δὲ</span> <span class='ocrx_word' id='word_1_116' title='bbox 1513 1633 1673 1687; x_wconf 90' lang='grc' dir='ltr'>πάλιν</span> <span class='ocrx_word' id='word_1_117' title='bbox 1722 1634 1779 1700; x_wconf 79' lang='grc' dir='ltr'>ἐξ</span> <span class='ocrx_word' id='word_1_118' title='bbox 1820 1631 1895 1687; x_wconf 81' lang='grc' dir='ltr'>ὧν</span> 
     </span>
    </p>
   </div>
   <div class='ocr_carea' id='block_1_20' title="bbox 297 1714 1892 1796">
    <p class='ocr_par' dir='ltr' id='par_1_20' title="bbox 297 1714 1892 1796">
     <span class='ocr_line' id='line_1_20' title="bbox 297 1714 1892 1796; baseline 0.007 -30"><span class='ocrx_word' id='word_1_119' title='bbox 297 1715 472 1779; x_wconf 83' lang='grc' dir='ltr'>αὐτὸς</span> <span class='ocrx_word' id='word_1_120' title='bbox 497 1714 684 1788; x_wconf 76' lang='grc' dir='ltr'>ἀρθεὶς</span> <span class='ocrx_word' id='word_1_121' title='bbox 715 1718 814 1790; x_wconf 81' lang='grc' dir='ltr'><strong>τὴν</strong></span> <span class='ocrx_word' id='word_1_122' title='bbox 842 1719 1076 1775; x_wconf 86' lang='grc' dir='ltr'>διάνοιαν</span> <span class='ocrx_word' id='word_1_123' title='bbox 1106 1723 1243 1793; x_wconf 81' lang='grc' dir='ltr'>μετὰ</span> <span class='ocrx_word' id='word_1_124' title='bbox 1274 1723 1370 1796; x_wconf 77' lang='grc' dir='ltr'>τὴν</span> <span class='ocrx_word' id='word_1_125' title='bbox 1406 1725 1695 1779; x_wconf 87' lang='grc' dir='ltr'>ἀλλόκοτον</span> <span class='ocrx_word' id='word_1_126' title='bbox 1726 1724 1892 1778; x_wconf 84' lang='grc' dir='ltr'>αὐτοῦ</span> 
     </span>
    </p>
   </div>
   <div class='ocr_carea' id='block_1_21' title="bbox 298 1807 1895 1886">
    <p class='ocr_par' dir='ltr' id='par_1_21' title="bbox 298 1807 1895 1886">
     <span class='ocr_line' id='line_1_21' title="bbox 298 1807 1895 1886; baseline 0.006 -27"><span class='ocrx_word' id='word_1_127' title='bbox 298 1807 525 1870; x_wconf 86' lang='grc' dir='ltr'>πίστιν,</span> <span class='ocrx_word' id='word_1_128' title='bbox 579 1810 674 1863; x_wconf 66' lang='grc' dir='ltr'>καὶ</span> <span class='ocrx_word' id='word_1_129' title='bbox 725 1813 806 1874; x_wconf 86' lang='grc' dir='ltr'>εἰς</span> <span class='ocrx_word' id='word_1_130' title='bbox 855 1813 1129 1882; x_wconf 85' lang='grc' dir='ltr'>Χριστὸν,</span> <span class='ocrx_word' id='word_1_131' title='bbox 1184 1816 1280 1869; x_wconf 74' lang='grc' dir='ltr'><strong>καὶ</strong></span> <span class='ocrx_word' id='word_1_132' title='bbox 1308 1818 1387 1880; x_wconf 76' lang='grc' dir='ltr'><strong>εἰς</strong></span> <span class='ocrx_word' id='word_1_133' title='bbox 1444 1817 1505 1871; x_wconf 82' lang='grc' dir='ltr'><strong>τὸ</strong></span> <span class='ocrx_word' id='word_1_134' title='bbox 1548 1819 1700 1886; x_wconf 80' lang='grc' dir='ltr'>ἅγιον</span> <span class='ocrx_word' id='word_1_135' title='bbox 1732 1815 1895 1870; x_wconf 78' lang='grc' dir='ltr'>αὑτοῦ</span> 
     </span>
    </p>
   </div>
   <div class='ocr_carea' id='block_1_22' title="bbox 299 1895 1897 1976">
    <p class='ocr_par' dir='ltr' id='par_1_22' title="bbox 299 1895 1897 1976">
     <span class='ocr_line' id='line_1_22' title="bbox 299 1895 1897 1976; baseline 0.007 -27"><span class='ocrx_word' id='word_1_136' title='bbox 299 1895 536 1968; x_wconf 82' lang='grc' dir='ltr'>Πνεῦμα</span> <span class='ocrx_word' id='word_1_137' title='bbox 569 1897 883 1968; x_wconf 83' lang='grc' dir='ltr'>ἀπέχθειαν,</span> <span class='ocrx_word' id='word_1_138' title='bbox 918 1902 1018 1954; x_wconf 86' lang='grc' dir='ltr'>ὅσα</span> <span class='ocrx_word' id='word_1_139' title='bbox 1068 1903 1334 1974; x_wconf 74' lang='grc' dir='ltr'>ἐτόλμησε</span> <span class='ocrx_word' id='word_1_140' title='bbox 1369 1905 1431 1958; x_wconf 90' lang='grc' dir='ltr'><strong>τὸ</strong></span> <span class='ocrx_word' id='word_1_141' title='bbox 1489 1906 1652 1959; x_wconf 84' lang='grc' dir='ltr'>αὐτοῦ</span> <span class='ocrx_word' id='word_1_142' title='bbox 1694 1907 1897 1976; x_wconf 85' lang='grc' dir='ltr'>στόμα,</span> 
     </span>
    </p>
   </div>
   <div class='ocr_carea' id='block_1_23' title="bbox 301 1987 1900 2068">
    <p class='ocr_par' dir='ltr' id='par_1_23' title="bbox 301 1987 1900 2068">
     <span class='ocr_line' id='line_1_23' title="bbox 301 1987 1900 2068; baseline 0.006 -29"><span class='ocrx_word' id='word_1_143' title='bbox 301 1987 408 2040; x_wconf 83' lang='grc' dir='ltr'><strong>καὶ</strong></span> <span class='ocrx_word' id='word_1_144' title='bbox 449 1988 559 2042; x_wconf 88' lang='grc' dir='ltr'><strong>τῶν</strong></span> <span class='ocrx_word' id='word_1_145' title='bbox 592 1989 684 2041; x_wconf 82' lang='grc' dir='ltr'><strong>ὑπ’</strong></span> <span class='ocrx_word' id='word_1_146' title='bbox 714 1990 879 2044; x_wconf 80' lang='grc' dir='ltr'>αὑτοῦ</span> <span class='ocrx_word' id='word_1_147' title='bbox 914 1993 1447 2065; x_wconf 87' lang='grc' dir='ltr'>μεμαθητευμένων,</span> <span class='ocrx_word' id='word_1_148' title='bbox 1484 1998 1578 2050; x_wconf 76' lang='grc' dir='ltr'>καὶ</span> <span class='ocrx_word' id='word_1_149' title='bbox 1615 1999 1672 2050; x_wconf 80' lang='grc' dir='ltr'>ὲν</span> <span class='ocrx_word' id='word_1_150' title='bbox 1711 1997 1900 2068; x_wconf 88' lang='grc' dir='ltr'>θράσει</span> 
     </span>
    </p>
   </div>
   <div class='ocr_carea' id='block_1_24' title="bbox 300 2076 1901 2159">
    <p class='ocr_par' dir='ltr' id='par_1_24' title="bbox 300 2076 1901 2159">
     <span class='ocr_line' id='line_1_24' title="bbox 300 2076 1901 2159; baseline 0.009 -31"><span class='ocrx_word' id='word_1_151' title='bbox 300 2078 391 2140; x_wconf 87' lang='grc' dir='ltr'><strong>είς</strong></span> <span class='ocrx_word' id='word_1_152' title='bbox 439 2077 571 2148; x_wconf 77' lang='grc' dir='ltr'>ὕψος</span> <span class='ocrx_word' id='word_1_153' title='bbox 604 2076 737 2151; x_wconf 83' lang='grc' dir='ltr'>ἆραι</span> <span class='ocrx_word' id='word_1_154' title='bbox 780 2082 879 2151; x_wconf 80' lang='grc' dir='ltr'>τὴν</span> <span class='ocrx_word' id='word_1_155' title='bbox 906 2081 1166 2147; x_wconf 87' lang='grc' dir='ltr'>διάνοιαν,</span> <span class='ocrx_word' id='word_1_156' title='bbox 1204 2086 1295 2138; x_wconf 78' lang='grc' dir='ltr'>καὶ</span> <span class='ocrx_word' id='word_1_157' title='bbox 1340 2086 1625 2159; x_wconf 83' lang='grc' dir='ltr'>ὑπέρογκα</span> <span class='ocrx_word' id='word_1_158' title='bbox 1659 2086 1901 2157; x_wconf 71' lang='grc' dir='ltr'>βλασφη-</span> 
     </span>
    </p>
   </div>
   <div class='ocr_carea' id='block_1_25' title="bbox 304 2166 1610 2247">
    <p class='ocr_par' dir='ltr' id='par_1_25' title="bbox 304 2166 1610 2247">
     <span class='ocr_line' id='line_1_25' title="bbox 304 2166 1610 2247; baseline 0.006 -25"><span class='ocrx_word' id='word_1_159' title='bbox 304 2170 503 2240; x_wconf 82' lang='grc' dir='ltr'>μῆσαι,</span> <span class='ocrx_word' id='word_1_160' title='bbox 539 2166 698 2234; x_wconf 78' lang='grc' dir='ltr'>αὖθις</span> <span class='ocrx_word' id='word_1_161' title='bbox 728 2172 1118 2243; x_wconf 82' lang='grc' dir='ltr'>ἐπιλαϐόμενος</span> <span class='ocrx_word' id='word_1_162' title='bbox 1149 2176 1427 2247; x_wconf 80' lang='grc' dir='ltr'>συντόμως</span> <span class='ocrx_word' id='word_1_163' title='bbox 1456 2178 1610 2245; x_wconf 80' lang='grc' dir='ltr'>λέξω.</span> 
     </span>
    </p>
   </div>
   <div class='ocr_carea' id='block_1_26' title="bbox 1991 533 3569 603">
    <p class='ocr_par' dir='ltr' id='par_1_26' title="bbox 1991 533 3569 603">
     <span class='ocr_line' id='line_1_26' title="bbox 1991 533 3569 603; baseline 0.001 -16"><span class='ocrx_word' id='word_1_164' title='bbox 1991 549 2112 587; x_wconf 90' lang='lat' dir='ltr'><strong>rum</strong></span> <span class='ocrx_word' id='word_1_165' title='bbox 2164 533 2498 589; x_wconf 92' lang='lat' dir='ltr'><strong>testimoniis</strong></span> <span class='ocrx_word' id='word_1_166' title='bbox 2536 534 2590 586; x_wconf 92' lang='lat' dir='ltr'><strong>in</strong></span> <span class='ocrx_word' id='word_1_167' title='bbox 2640 533 2879 588; x_wconf 90' lang='lat' dir='ltr'><strong>medium</strong></span> <span class='ocrx_word' id='word_1_168' title='bbox 2939 533 3198 599; x_wconf 78' lang='lat' dir='ltr'><strong>adduxit;</strong></span> <span class='ocrx_word' id='word_1_169' title='bbox 3244 548 3351 587; x_wconf 91' lang='lat' dir='ltr'><strong>non</strong></span> <span class='ocrx_word' id='word_1_170' title='bbox 3397 533 3569 603; x_wconf 76' lang='lat' dir='ltr'><strong>ipsius</strong></span> 
     </span>
    </p>
   </div>
   <div class='ocr_carea' id='block_1_27' title="bbox 1995 622 3568 692">
    <p class='ocr_par' dir='ltr' id='par_1_27' title="bbox 1995 622 3568 692">
     <span class='ocr_line' id='line_1_27' title="bbox 1995 622 3568 692; baseline 0.001 -15"><span class='ocrx_word' id='word_1_171' title='bbox 1995 623 2295 678; x_wconf 85' lang='lat' dir='ltr'><strong>Salvatoris</strong></span> <span class='ocrx_word' id='word_1_172' title='bbox 2338 623 2664 677; x_wconf 83' lang='lat' dir='ltr'><strong>sententiam</strong></span> <span class='ocrx_word' id='word_1_173' title='bbox 2701 624 2889 687; x_wconf 86' lang='lat' dir='ltr'><strong>ullam,</strong></span> <span class='ocrx_word' id='word_1_174' title='bbox 2921 640 3033 678; x_wconf 91' lang='lat' dir='ltr'><strong>non</strong></span> <span class='ocrx_word' id='word_1_175' title='bbox 3066 622 3266 687; x_wconf 88' lang='lat' dir='ltr'><strong>Patris,</strong></span> <span class='ocrx_word' id='word_1_176' title='bbox 3302 622 3568 692; x_wconf 88' lang='lat' dir='ltr'><strong>Spiritus-</strong></span> 
     </span>
    </p>
   </div>
   <div class='ocr_carea' id='block_1_28' title="bbox 1990 711 3570 782">
    <p class='ocr_par' dir='ltr' id='par_1_28' title="bbox 1990 711 3570 782">
     <span class='ocr_line' id='line_1_28' title="bbox 1990 711 3570 782; baseline 0 -16"><span class='ocrx_word' id='word_1_177' title='bbox 1990 728 2096 782; x_wconf 92' lang='lat' dir='ltr'><strong>que</strong></span> <span class='ocrx_word' id='word_1_178' title='bbox 2132 713 2309 766; x_wconf 81' lang='lat' dir='ltr'><strong>sancti</strong></span> <span class='ocrx_word' id='word_1_179' title='bbox 2349 712 2557 765; x_wconf 90' lang='lat' dir='ltr'><strong>dictum</strong></span> <span class='ocrx_word' id='word_1_180' title='bbox 2612 711 2831 780; x_wconf 81' lang='lat' dir='ltr'><strong>aliquod</strong></span> <span class='ocrx_word' id='word_1_181' title='bbox 2872 711 2940 765; x_wconf 89' lang='lat' dir='ltr'><strong>ab</strong></span> <span class='ocrx_word' id='word_1_182' title='bbox 2988 712 3274 781; x_wconf 79' lang='lat' dir='ltr'><strong>apostolis,</strong></span> <span class='ocrx_word' id='word_1_183' title='bbox 3317 712 3402 765; x_wconf 95' lang='lat' dir='ltr'><strong>vel</strong></span> <span class='ocrx_word' id='word_1_184' title='bbox 3440 728 3570 780; x_wconf 86' lang='lat' dir='ltr'><strong>pro-</strong></span> 
     </span>
    </p>
   </div>
   <div class='ocr_carea' id='block_1_29' title="bbox 1992 802 3571 873">
    <p class='ocr_par' dir='ltr' id='par_1_29' title="bbox 1992 802 3571 873">
     <span class='ocr_line' id='line_1_29' title="bbox 1992 802 3571 873; baseline -0.001 -17"><span class='ocrx_word' id='word_1_185' title='bbox 1992 803 2173 873; x_wconf 79' lang='lat' dir='ltr'><strong>phetis</strong></span> <span class='ocrx_word' id='word_1_186' title='bbox 2214 810 2702 857; x_wconf 86' lang='lat' dir='ltr'><strong>commemoratum</strong></span> <span class='ocrx_word' id='word_1_187' title='bbox 2743 802 3037 871; x_wconf 85' lang='lat' dir='ltr'><strong>proposuit</strong></span> <span class='ocrx_word' id='word_1_188' title='bbox 3066 821 3079 856; x_wconf 92' lang='lat'><strong>:</strong></span> <span class='ocrx_word' id='word_1_189' title='bbox 3106 818 3214 872; x_wconf 92' lang='lat' dir='ltr'><strong>quo</strong></span> <span class='ocrx_word' id='word_1_190' title='bbox 3248 802 3381 856; x_wconf 87' lang='lat' dir='ltr'><strong>illud</strong></span> <span class='ocrx_word' id='word_1_191' title='bbox 3428 804 3571 857; x_wconf 88' lang='lat' dir='ltr'><strong>veri-</strong></span> 
     </span>
    </p>
   </div>
   <div class='ocr_carea' id='block_1_30' title="bbox 1993 894 3573 964">
    <p class='ocr_par' dir='ltr' id='par_1_30' title="bbox 1993 894 3573 964">
     <span class='ocr_line' id='line_1_30' title="bbox 1993 894 3573 964; baseline 0.001 -16"><span class='ocrx_word' id='word_1_192' title='bbox 1993 896 2120 950; x_wconf 85' lang='lat' dir='ltr'><strong>tatis</strong></span> <span class='ocrx_word' id='word_1_193' title='bbox 2169 903 2416 949; x_wconf 80' lang='lat' dir='ltr'><strong>amantes</strong></span> <span class='ocrx_word' id='word_1_194' title='bbox 2457 894 2786 964; x_wconf 89' lang='lat' dir='ltr'><strong>intelligant,</strong></span> <span class='ocrx_word' id='word_1_195' title='bbox 2822 895 2981 964; x_wconf 82' lang='lat' dir='ltr'><strong>plane</strong></span> <span class='ocrx_word' id='word_1_196' title='bbox 3016 895 3165 947; x_wconf 86' lang='lat' dir='ltr'><strong>illum</strong></span> <span class='ocrx_word' id='word_1_197' title='bbox 3214 910 3244 947; x_wconf 92' lang='lat' dir='ltr'><strong>a</strong></span> <span class='ocrx_word' id='word_1_198' title='bbox 3298 894 3408 949; x_wconf 86' lang='lat' dir='ltr'><strong>Deo</strong></span> <span class='ocrx_word' id='word_1_199' title='bbox 3449 911 3573 949; x_wconf 75' lang='lat' dir='ltr'><strong>esse</strong></span> 
     </span>
    </p>
   </div>
   <div class='ocr_carea' id='block_1_31' title="bbox 1993 986 3572 1057">
    <p class='ocr_par' dir='ltr' id='par_1_31' title="bbox 1993 986 3572 1057">
     <span class='ocr_line' id='line_1_31' title="bbox 1993 986 3572 1057; baseline -0.004 -13"><span class='ocrx_word' id='word_1_200' title='bbox 1993 999 2047 1044; x_wconf 91' lang='lat' dir='ltr'><strong>et</strong></span> <span class='ocrx_word' id='word_1_201' title='bbox 2083 1003 2115 1042; x_wconf 90' lang='lat' dir='ltr'><strong>a</strong></span> <span class='ocrx_word' id='word_1_202' title='bbox 2151 987 2254 1042; x_wconf 84' lang='lat' dir='ltr'><strong>lide</strong></span> <span class='ocrx_word' id='word_1_203' title='bbox 2285 988 2458 1057; x_wconf 87' lang='lat' dir='ltr'><strong>ipsius</strong></span> <span class='ocrx_word' id='word_1_204' title='bbox 2492 988 2753 1041; x_wconf 90' lang='lat' dir='ltr'><strong>alienum.</strong></span> <span class='ocrx_word' id='word_1_205' title='bbox 2783 986 2989 1041; x_wconf 88' lang='lat' dir='ltr'><strong>Contra</strong></span> <span class='ocrx_word' id='word_1_206' title='bbox 3024 987 3138 1040; x_wconf 62' lang='lat' dir='ltr'><strong>hac</strong></span> <span class='ocrx_word' id='word_1_207' title='bbox 3180 987 3326 1041; x_wconf 90' lang='lat' dir='ltr'><strong>illius</strong></span> <span class='ocrx_word' id='word_1_208' title='bbox 3354 988 3572 1041; x_wconf 85' lang='lat' dir='ltr'><strong>decreta</strong></span> 
     </span>
    </p>
   </div>
   <div class='ocr_carea' id='block_1_32' title="bbox 1993 1077 3571 1147">
    <p class='ocr_par' dir='ltr' id='par_1_32' title="bbox 1993 1077 3571 1147">
     <span class='ocr_line' id='line_1_32' title="bbox 1993 1077 3571 1147; baseline -0.004 -12"><span class='ocrx_word' id='word_1_209' title='bbox 1993 1080 2212 1136; x_wconf 85' lang='lat' dir='ltr'><strong>abunde</strong></span> <span class='ocrx_word' id='word_1_210' title='bbox 2257 1095 2287 1133; x_wconf 90' lang='lat' dir='ltr'><strong>a</strong></span> <span class='ocrx_word' id='word_1_211' title='bbox 2324 1080 2485 1135; x_wconf 92' lang='lat' dir='ltr'><strong>nobis</strong></span> <span class='ocrx_word' id='word_1_212' title='bbox 2528 1080 2795 1133; x_wconf 79' lang='lat' dir='ltr'><strong>hactenus</strong></span> <span class='ocrx_word' id='word_1_213' title='bbox 2838 1093 2939 1147; x_wconf 90' lang='lat' dir='ltr'><strong>pro</strong></span> <span class='ocrx_word' id='word_1_214' title='bbox 2986 1077 3195 1131; x_wconf 71' lang='lat' dir='ltr'><strong>viribus</strong></span> <span class='ocrx_word' id='word_1_215' title='bbox 3236 1078 3571 1145; x_wconf 83' lang='lat' dir='ltr'><strong>disputatum</strong></span> 
     </span>
    </p>
   </div>
   <div class='ocr_carea' id='block_1_33' title="bbox 1996 1168 3573 1239">
    <p class='ocr_par' dir='ltr' id='par_1_33' title="bbox 1996 1168 3573 1239">
     <span class='ocr_line' id='line_1_33' title="bbox 1996 1168 3573 1239; baseline -0.007 -12"><span class='ocrx_word' id='word_1_216' title='bbox 1996 1173 2251 1234; x_wconf 86' lang='lat' dir='ltr'><strong>arbitror,</strong></span> <span class='ocrx_word' id='word_1_217' title='bbox 2277 1186 2340 1226; x_wconf 91' lang='lat' dir='ltr'><strong>ac</strong></span> <span class='ocrx_word' id='word_1_218' title='bbox 2364 1170 2483 1225; x_wconf 90' lang='lat' dir='ltr'><strong>rudi</strong></span> <span class='ocrx_word' id='word_1_219' title='bbox 2528 1170 2747 1239; x_wconf 86' lang='lat' dir='ltr'><strong>quidem</strong></span> <span class='ocrx_word' id='word_1_220' title='bbox 2774 1178 2828 1223; x_wconf 88' lang='lat' dir='ltr'><strong>et</strong></span> <span class='ocrx_word' id='word_1_221' title='bbox 2852 1168 3089 1239; x_wconf 86' lang='lat' dir='ltr'><strong>simplici</strong></span> <span class='ocrx_word' id='word_1_222' title='bbox 3117 1168 3387 1222; x_wconf 89' lang='lat' dir='ltr'><strong>orationis</strong></span> <span class='ocrx_word' id='word_1_223' title='bbox 3411 1168 3573 1237; x_wconf 81' lang='lat' dir='ltr'><strong>stylo,</strong></span> 
     </span>
    </p>
   </div>
   <div class='ocr_carea' id='block_1_34' title="bbox 1997 1261 3577 1321">
    <p class='ocr_par' dir='ltr' id='par_1_34' title="bbox 1997 1261 3577 1321">
     <span class='ocr_line' id='line_1_34' title="bbox 1997 1261 3577 1321; baseline -0.006 0"><span class='ocrx_word' id='word_1_224' title='bbox 1997 1265 2090 1321; x_wconf 90' lang='lat' dir='ltr'><strong>sed</strong></span> <span class='ocrx_word' id='word_1_225' title='bbox 2123 1265 2305 1319; x_wconf 84' lang='lat' dir='ltr'><strong>allatis</strong></span> <span class='ocrx_word' id='word_1_226' title='bbox 2348 1279 2631 1318; x_wconf 89' lang='lat' dir='ltr'><strong>sacrarum</strong></span> <span class='ocrx_word' id='word_1_227' title='bbox 2669 1262 2999 1317; x_wconf 73' lang='lat' dir='ltr'><strong>Litterarum</strong></span> <span class='ocrx_word' id='word_1_228' title='bbox 3042 1261 3483 1320; x_wconf 85' lang='lat' dir='ltr'><strong>auctoritatibus.</strong></span> <span class='ocrx_word' id='word_1_229' title='bbox 3512 1274 3577 1312; x_wconf 88' lang='lat' dir='ltr'><strong>ac</strong></span> 
     </span>
    </p>
   </div>
   <div class='ocr_carea' id='block_1_35' title="bbox 1998 1348 3577 1425">
    <p class='ocr_par' dir='ltr' id='par_1_35' title="bbox 1998 1348 3577 1425">
     <span class='ocr_line' id='line_1_35' title="bbox 1998 1348 3577 1425; baseline -0.004 -17"><span class='ocrx_word' id='word_1_230' title='bbox 1998 1353 2333 1425; x_wconf 86' lang='lat' dir='ltr'><strong>depromptis</strong></span> <span class='ocrx_word' id='word_1_231' title='bbox 2373 1369 2439 1407; x_wconf 82' lang='lat' dir='ltr'><strong>ex</strong></span> <span class='ocrx_word' id='word_1_232' title='bbox 2474 1353 2727 1421; x_wconf 83' lang='lat' dir='ltr'><strong>religioso</strong></span> <span class='ocrx_word' id='word_1_233' title='bbox 2753 1351 2923 1404; x_wconf 88' lang='lat' dir='ltr'><strong>animi</strong></span> <span class='ocrx_word' id='word_1_234' title='bbox 2970 1366 3132 1405; x_wconf 88' lang='lat' dir='ltr'><strong>sensu</strong></span> <span class='ocrx_word' id='word_1_235' title='bbox 3175 1349 3482 1403; x_wconf 85' lang='lat' dir='ltr'><strong>rationibus</strong></span> <span class='ocrx_word' id='word_1_236' title='bbox 3520 1348 3577 1401; x_wconf 85' lang='lat' dir='ltr'><strong>il-</strong></span> 
     </span>
    </p>
   </div>
   <div class='ocr_carea' id='block_1_36' title="bbox 1997 1441 3578 1513">
    <p class='ocr_par' dir='ltr' id='par_1_36' title="bbox 1997 1441 3578 1513">
     <span class='ocr_line' id='line_1_36' title="bbox 1997 1441 3578 1513; baseline -0.004 -14"><span class='ocrx_word' id='word_1_237' title='bbox 1997 1446 2105 1499; x_wconf 90' lang='lat' dir='ltr'><strong>lius</strong></span> <span class='ocrx_word' id='word_1_238' title='bbox 2149 1445 2382 1513; x_wconf 87' lang='lat' dir='ltr'><strong>impetus</strong></span> <span class='ocrx_word' id='word_1_239' title='bbox 2415 1459 2538 1499; x_wconf 89' lang='lat' dir='ltr'><strong>esse</strong></span> <span class='ocrx_word' id='word_1_240' title='bbox 2572 1444 2877 1498; x_wconf 76' lang='lat' dir='ltr'><strong>discussos.</strong></span> <span class='ocrx_word' id='word_1_241' title='bbox 2925 1444 3112 1512; x_wconf 84' lang='lat' dir='ltr'><strong>Itaque</strong></span> <span class='ocrx_word' id='word_1_242' title='bbox 3152 1459 3275 1497; x_wconf 91' lang='lat' dir='ltr'><strong>cum</strong></span> <span class='ocrx_word' id='word_1_243' title='bbox 3327 1443 3380 1496; x_wconf 88' lang='lat' dir='ltr'><strong>in</strong></span> <span class='ocrx_word' id='word_1_244' title='bbox 3430 1441 3578 1495; x_wconf 87' lang='lat' dir='ltr'><strong>illius</strong></span> 
     </span>
    </p>
   </div>
   <div class='ocr_carea' id='block_1_37' title="bbox 1998 1533 3573 1603">
    <p class='ocr_par' dir='ltr' id='par_1_37' title="bbox 1998 1533 3573 1603">
     <span class='ocr_line' id='line_1_37' title="bbox 1998 1533 3573 1603; baseline -0.002 -13"><span class='ocrx_word' id='word_1_245' title='bbox 1998 1534 2465 1590; x_wconf 81' lang='lat' dir='ltr'><strong>conlutationibus</strong></span> <span class='ocrx_word' id='word_1_246' title='bbox 2492 1534 2559 1588; x_wconf 92' lang='lat' dir='ltr'><strong>de</strong></span> <span class='ocrx_word' id='word_1_247' title='bbox 2590 1534 2693 1588; x_wconf 82' lang='lat' dir='ltr'><strong>ﬁde</strong></span> <span class='ocrx_word' id='word_1_248' title='bbox 2727 1535 2861 1589; x_wconf 87' lang='lat' dir='ltr'><strong>satis</strong></span> <span class='ocrx_word' id='word_1_249' title='bbox 2901 1542 3087 1603; x_wconf 82' lang='lat' dir='ltr'><strong>aperte</strong></span> <span class='ocrx_word' id='word_1_250' title='bbox 3126 1533 3573 1595; x_wconf 86' lang='lat' dir='ltr'><strong>disseruerimus,</strong></span> 
     </span>
    </p>
   </div>
   <div class='ocr_carea' id='block_1_38' title="bbox 1999 1623 3572 1694">
    <p class='ocr_par' dir='ltr' id='par_1_38' title="bbox 1999 1623 3572 1694">
     <span class='ocr_line' id='line_1_38' title="bbox 1999 1623 3572 1694; baseline -0.004 -12"><span class='ocrx_word' id='word_1_251' title='bbox 1999 1625 2245 1682; x_wconf 77' lang='lat' dir='ltr'><strong>sullicere</strong></span> <span class='ocrx_word' id='word_1_252' title='bbox 2271 1624 2416 1679; x_wconf 90' lang='lat' dir='ltr'><strong>istud</strong></span> <span class='ocrx_word' id='word_1_253' title='bbox 2436 1626 2791 1687; x_wconf 83' lang='lat' dir='ltr'><strong>arbitramur,</strong></span> <span class='ocrx_word' id='word_1_254' title='bbox 2819 1640 2887 1678; x_wconf 93' lang='lat' dir='ltr'><strong>ne</strong></span> <span class='ocrx_word' id='word_1_255' title='bbox 2920 1625 2967 1678; x_wconf 89' lang='lat' dir='ltr'><strong>si</strong></span> <span class='ocrx_word' id='word_1_256' title='bbox 2995 1626 3231 1694; x_wconf 88' lang='lat' dir='ltr'><strong>amplius</strong></span> <span class='ocrx_word' id='word_1_257' title='bbox 3255 1623 3460 1693; x_wconf 90' lang='lat' dir='ltr'><strong>aliquid</strong></span> <span class='ocrx_word' id='word_1_258' title='bbox 3483 1623 3572 1677; x_wconf 81' lang='lat' dir='ltr'><strong>ad-</strong></span> 
     </span>
    </p>
   </div>
   <div class='ocr_carea' id='block_1_39' title="bbox 1999 1717 3582 1787">
    <p class='ocr_par' dir='ltr' id='par_1_39' title="bbox 1999 1717 3582 1787">
     <span class='ocr_line' id='line_1_39' title="bbox 1999 1717 3582 1787; baseline -0.003 -14"><span class='ocrx_word' id='word_1_259' title='bbox 1999 1720 2216 1781; x_wconf 86' lang='lat' dir='ltr'><strong>damus,</strong></span> <span class='ocrx_word' id='word_1_260' title='bbox 2252 1718 2616 1771; x_wconf 84' lang='lat' dir='ltr'><strong>molestiorem</strong></span> <span class='ocrx_word' id='word_1_261' title='bbox 2639 1718 2821 1787; x_wconf 89' lang='lat' dir='ltr'><strong>operis</strong></span> <span class='ocrx_word' id='word_1_262' title='bbox 2862 1717 3023 1785; x_wconf 90' lang='lat' dir='ltr'><strong>hujus</strong></span> <span class='ocrx_word' id='word_1_263' title='bbox 3060 1718 3345 1771; x_wconf 80' lang='lat' dir='ltr'><strong>lectionem</strong></span> <span class='ocrx_word' id='word_1_264' title='bbox 3392 1732 3582 1786; x_wconf 76' lang='lat' dir='ltr'><strong>supcr-</strong></span> 
     </span>
    </p>
   </div>
   <div class='ocr_carea' id='block_1_40' title="bbox 1998 1807 3575 1879">
    <p class='ocr_par' dir='ltr' id='par_1_40' title="bbox 1998 1807 3575 1879">
     <span class='ocr_line' id='line_1_40' title="bbox 1998 1807 3575 1879; baseline -0.003 -15"><span class='ocrx_word' id='word_1_265' title='bbox 1998 1826 2237 1864; x_wconf 78' lang='lat' dir='ltr'><strong>vacanea</strong></span> <span class='ocrx_word' id='word_1_266' title='bbox 2284 1809 2624 1879; x_wconf 82' lang='lat' dir='ltr'><strong>longitudine</strong></span> <span class='ocrx_word' id='word_1_267' title='bbox 2660 1808 2945 1862; x_wconf 86' lang='lat' dir='ltr'><strong>faciamus.</strong></span> <span class='ocrx_word' id='word_1_268' title='bbox 2992 1807 3097 1863; x_wconf 89' lang='lat' dir='ltr'><strong>Sed</strong></span> <span class='ocrx_word' id='word_1_269' title='bbox 3129 1824 3299 1879; x_wconf 89' lang='lat' dir='ltr'><strong>pauca</strong></span> <span class='ocrx_word' id='word_1_270' title='bbox 3328 1808 3575 1879; x_wconf 77' lang='lat' dir='ltr'><strong>quzedam</strong></span> 
     </span>
    </p>
   </div>
   <div class='ocr_carea' id='block_1_41' title="bbox 1998 1898 3578 1968">
    <p class='ocr_par' dir='ltr' id='par_1_41' title="bbox 1998 1898 3578 1968">
     <span class='ocr_line' id='line_1_41' title="bbox 1998 1898 3578 1968; baseline -0.004 -11"><span class='ocrx_word' id='word_1_271' title='bbox 1998 1902 2359 1957; x_wconf 90' lang='lat' dir='ltr'><strong>nihilominus</strong></span> <span class='ocrx_word' id='word_1_272' title='bbox 2415 1898 2758 1954; x_wconf 74' lang='lat' dir='ltr'><strong>retractanda</strong></span> <span class='ocrx_word' id='word_1_273' title='bbox 2829 1914 2894 1953; x_wconf 89' lang='lat' dir='ltr'><strong>ac</strong></span> <span class='ocrx_word' id='word_1_274' title='bbox 2972 1900 3211 1953; x_wconf 78' lang='lat' dir='ltr'><strong>breviter</strong></span> <span class='ocrx_word' id='word_1_275' title='bbox 3258 1899 3578 1968; x_wconf 76' lang='lat' dir='ltr'><strong>exponenda</strong></span> 
     </span>
    </p>
   </div>
   <div class='ocr_carea' id='block_1_42' title="bbox 1999 1991 3581 2060">
    <p class='ocr_par' dir='ltr' id='par_1_42' title="bbox 1999 1991 3581 2060">
     <span class='ocr_line' id='line_1_42' title="bbox 1999 1991 3581 2060; baseline -0.004 -10"><span class='ocrx_word' id='word_1_276' title='bbox 1999 2002 2127 2050; x_wconf 87' lang='lat' dir='ltr'><strong>sunt</strong></span> <span class='ocrx_word' id='word_1_277' title='bbox 2172 2009 2238 2047; x_wconf 79' lang='lat' dir='ltr'><strong>ex</strong></span> <span class='ocrx_word' id='word_1_278' title='bbox 2283 1993 2350 2046; x_wconf 92' lang='lat' dir='ltr'><strong>iis</strong></span> <span class='ocrx_word' id='word_1_279' title='bbox 2396 2008 2537 2060; x_wconf 64' lang='grc' dir='ltr'>(μία),</span> <span class='ocrx_word' id='word_1_280' title='bbox 2595 1998 2716 2060; x_wconf 89' lang='lat' dir='ltr'><strong>post</strong></span> <span class='ocrx_word' id='word_1_281' title='bbox 2757 1992 3066 2059; x_wconf 89' lang='lat' dir='ltr'><strong>importuna</strong></span> <span class='ocrx_word' id='word_1_282' title='bbox 3118 1991 3204 2043; x_wconf 86' lang='lat' dir='ltr'><strong>illa</strong></span> <span class='ocrx_word' id='word_1_283' title='bbox 3235 1991 3581 2059; x_wconf 71' lang='lat' dir='ltr'><strong>absurd-aque</strong></span> 
     </span>
    </p>
   </div>
   <div class='ocr_carea' id='block_1_43' title="bbox 1998 2080 3579 2153">
    <p class='ocr_par' dir='ltr' id='par_1_43' title="bbox 1998 2080 3579 2153">
     <span class='ocr_line' id='line_1_43' title="bbox 1998 2080 3579 2153; baseline -0.003 -16"><span class='ocrx_word' id='word_1_284' title='bbox 1998 2083 2252 2153; x_wconf 80' lang='lat' dir='ltr'><strong>dogmata</strong></span> <span class='ocrx_word' id='word_1_285' title='bbox 2298 2080 2630 2135; x_wconf 88' lang='lat' dir='ltr'><strong>insolentius</strong></span> <span class='ocrx_word' id='word_1_286' title='bbox 2671 2080 2849 2134; x_wconf 84' lang='lat' dir='ltr'><strong>elatus</strong></span> <span class='ocrx_word' id='word_1_287' title='bbox 2901 2080 2953 2133; x_wconf 93' lang='lat' dir='ltr'><strong>in</strong></span> <span class='ocrx_word' id='word_1_288' title='bbox 3020 2080 3302 2135; x_wconf 78' lang='lat' dir='ltr'><strong>Christum</strong></span> <span class='ocrx_word' id='word_1_289' title='bbox 3348 2083 3579 2149; x_wconf 83' lang='lat' dir='ltr'><strong>ejusque</strong></span> 
     </span>
    </p>
   </div>
   <div class='ocr_carea' id='block_1_44' title="bbox 2002 2172 3582 2244">
    <p class='ocr_par' dir='ltr' id='par_1_44' title="bbox 2002 2172 3582 2244">
     <span class='ocr_line' id='line_1_44' title="bbox 2002 2172 3582 2244; baseline -0.002 -17"><span class='ocrx_word' id='word_1_290' title='bbox 2002 2174 2263 2244; x_wconf 87' lang='lat' dir='ltr'><strong>Spiritum</strong></span> <span class='ocrx_word' id='word_1_291' title='bbox 2295 2186 2571 2234; x_wconf 87' lang='lat' dir='ltr'><strong>sanctum,</strong></span> <span class='ocrx_word' id='word_1_292' title='bbox 2608 2187 2716 2241; x_wconf 67' lang='lat' dir='ltr'><strong>pra:</strong></span> <span class='ocrx_word' id='word_1_293' title='bbox 2747 2172 3035 2241; x_wconf 89' lang='lat' dir='ltr'><strong>utriusque</strong></span> <span class='ocrx_word' id='word_1_294' title='bbox 3066 2174 3191 2226; x_wconf 90' lang='lat' dir='ltr'><strong>odio</strong></span> <span class='ocrx_word' id='word_1_295' title='bbox 3219 2174 3424 2228; x_wconf 80' lang='lat' dir='ltr'><strong>nefarie</strong></span> <span class='ocrx_word' id='word_1_296' title='bbox 3450 2188 3582 2225; x_wconf 91' lang='lat' dir='ltr'><strong>con-</strong></span> 
     </span>
    </p>
   </div>
   <div class='ocr_carea' id='block_1_45' title="bbox 304 2262 3580 2339">
    <p class='ocr_par' dir='ltr' id='par_1_45' title="bbox 304 2262 3580 2339">
     <span class='ocr_line' id='line_1_45' title="bbox 304 2262 3580 2339; baseline 0.001 -23"><span class='ocrx_word' id='word_1_297' title='bbox 304 2262 468 2328; x_wconf 90' lang='lat' dir='ltr'><strong>tulit;</strong></span> <span class='ocrx_word' id='word_1_298' title='bbox 497 2277 724 2333; x_wconf 67' lang='lat' dir='ltr'><strong>quaeque</strong></span> <span class='ocrx_word' id='word_1_299' title='bbox 761 2264 829 2318; x_wconf 91' lang='lat' dir='ltr'><strong>ab</strong></span> <span class='ocrx_word' id='word_1_300' title='bbox 869 2266 1169 2335; x_wconf 90' lang='lat' dir='ltr'><strong>impudenti</strong></span> <span class='ocrx_word' id='word_1_301' title='bbox 1205 2268 1349 2324; x_wconf 79' lang='lat' dir='ltr'><strong>illitis</strong></span> <span class='ocrx_word' id='word_1_302' title='bbox 1404 2284 1467 2322; x_wconf 89' lang='lat' dir='ltr'><strong>ac</strong></span> <span class='ocrx_word' id='word_1_303' title='bbox 1499 2270 1895 2339; x_wconf 84' lang='lat' dir='ltr'><strong>discipulorum</strong></span> <span class='ocrx_word' id='word_1_304' title='bbox 1937 2269 2113 2339; x_wconf 86' lang='lat' dir='ltr'><strong>ipsius</strong></span> <span class='ocrx_word' id='word_1_305' title='bbox 2139 2281 2233 2321; x_wconf 90' lang='lat' dir='ltr'><strong>ore</strong></span> <span class='ocrx_word' id='word_1_306' title='bbox 2262 2264 2503 2336; x_wconf 80' lang='lat' dir='ltr'><strong>profecta</strong></span> <span class='ocrx_word' id='word_1_307' title='bbox 2534 2273 2586 2319; x_wconf 92' lang='lat' dir='ltr'><strong>et</strong></span> <span class='ocrx_word' id='word_1_308' title='bbox 2611 2264 2858 2318; x_wconf 89' lang='lat' dir='ltr'><strong>inaudito</strong></span> <span class='ocrx_word' id='word_1_309' title='bbox 2907 2266 3145 2336; x_wconf 88' lang='lat' dir='ltr'><strong>quodam</strong></span> <span class='ocrx_word' id='word_1_310' title='bbox 3206 2268 3374 2319; x_wconf 85' lang='lat' dir='ltr'><strong>animi</strong></span> <span class='ocrx_word' id='word_1_311' title='bbox 3439 2265 3580 2320; x_wconf 76' lang='lat' dir='ltr'><strong>fastu</strong></span> 
     </span>
    </p>
   </div>
   <div class='ocr_carea' id='block_1_46' title="bbox 302 2357 2202 2433">
    <p class='ocr_par' dir='ltr' id='par_1_46' title="bbox 302 2357 2202 2433">
     <span class='ocr_line' id='line_1_46' title="bbox 302 2357 2202 2433; baseline 0.002 -22"><span class='ocrx_word' id='word_1_312' title='bbox 302 2357 734 2426; x_wconf 85' lang='lat' dir='ltr'><strong>arrogantiaque</strong></span> <span class='ocrx_word' id='word_1_313' title='bbox 800 2358 856 2411; x_wconf 91' lang='lat' dir='ltr'><strong>in</strong></span> <span class='ocrx_word' id='word_1_314' title='bbox 910 2359 1082 2413; x_wconf 90' lang='lat' dir='ltr'><strong>Deum</strong></span> <span class='ocrx_word' id='word_1_315' title='bbox 1141 2363 1700 2419; x_wconf 82' lang='lat' dir='ltr'><strong>contumeliosissime</strong></span> <span class='ocrx_word' id='word_1_316' title='bbox 1768 2375 1898 2420; x_wconf 89' lang='lat' dir='ltr'><strong>sunt</strong></span> <span class='ocrx_word' id='word_1_317' title='bbox 1932 2363 2202 2433; x_wconf 88' lang='lat' dir='ltr'><strong>conjecta.</strong></span> 
     </span>
    </p>
   </div>
   <div class='ocr_carea' id='block_1_47' title="bbox 383 2443 1895 2531">
    <p class='ocr_par' dir='ltr' id='par_1_47' title="bbox 383 2443 1895 2531">
     <span class='ocr_line' id='line_1_47' title="bbox 383 2443 1895 2531; baseline 0.007 -30"><span class='ocrx_word' id='word_1_318' title='bbox 383 2450 456 2501; x_wconf 83' lang='lat' dir='ltr'><strong>A&#39;.</strong></span> <span class='ocrx_word' id='word_1_319' title='bbox 509 2443 678 2513; x_wconf 76' lang='grc' dir='ltr'>Οὗτος</span> <span class='ocrx_word' id='word_1_320' title='bbox 711 2450 819 2525; x_wconf 85' lang='grc' dir='ltr'><strong>γὰρ</strong></span> <span class='ocrx_word' id='word_1_321' title='bbox 858 2453 1191 2525; x_wconf 83' lang='grc' dir='ltr'>ὲφαντάσθη,</span> <span class='ocrx_word' id='word_1_322' title='bbox 1225 2456 1318 2508; x_wconf 68' lang='grc' dir='ltr'><strong>καὶ</strong></span> <span class='ocrx_word' id='word_1_323' title='bbox 1341 2458 1388 2509; x_wconf 87' lang='grc' dir='ltr'>οἱ</span> <span class='ocrx_word' id='word_1_324' title='bbox 1414 2458 1508 2509; x_wconf 85' lang='grc' dir='ltr'>ἀπ’</span> <span class='ocrx_word' id='word_1_325' title='bbox 1536 2458 1723 2522; x_wconf 77' lang='grc' dir='ltr'>αὑτοῦ,</span> <span class='ocrx_word' id='word_1_326' title='bbox 1757 2460 1895 2531; x_wconf 79' lang='grc' dir='ltr'>ὑπὲρ</span> 
     </span>
    </p>
   </div>
   <div class='ocr_carea' id='block_1_48' title="bbox 304 2540 1898 2616">
    <p class='ocr_par' dir='ltr' id='par_1_48' title="bbox 304 2540 1898 2616">
     <span class='ocr_line' id='line_1_48' title="bbox 304 2540 1898 2616; baseline 0.006 -22"><span class='ocrx_word' id='word_1_327' title='bbox 304 2540 489 2594; x_wconf 83' lang='grc' dir='ltr'>πάντα</span> <span class='ocrx_word' id='word_1_328' title='bbox 517 2540 822 2612; x_wconf 78' lang='grc' dir='ltr'>ἄνθρωπον,</span> <span class='ocrx_word' id='word_1_329' title='bbox 865 2544 963 2597; x_wconf 82' lang='grc' dir='ltr'><strong>οὐκ</strong></span> <span class='ocrx_word' id='word_1_330' title='bbox 1000 2546 1091 2597; x_wconf 74' lang='grc' dir='ltr'>ἐπὶ</span> <span class='ocrx_word' id='word_1_331' title='bbox 1124 2546 1202 2616; x_wconf 85' lang='grc' dir='ltr'><strong>τῷ</strong></span> <span class='ocrx_word' id='word_1_332' title='bbox 1233 2548 1431 2601; x_wconf 79' lang='grc' dir='ltr'>εἰδέναι</span> <span class='ocrx_word' id='word_1_333' title='bbox 1460 2550 1549 2601; x_wconf 83' lang='grc' dir='ltr'><strong>τὸν</strong></span> <span class='ocrx_word' id='word_1_334' title='bbox 1584 2550 1716 2602; x_wconf 89' lang='grc' dir='ltr'>Θεὸν</span> <span class='ocrx_word' id='word_1_335' title='bbox 1758 2553 1898 2603; x_wconf 86' lang='grc' dir='ltr'><strong>κατά</strong></span> 
     </span>
    </p>
   </div>
   <div class='ocr_carea' id='block_1_49' title="bbox 306 2632 1898 2708">
    <p class='ocr_par' dir='ltr' id='par_1_49' title="bbox 306 2632 1898 2708">
     <span class='ocr_line' id='line_1_49' title="bbox 306 2632 1898 2708; baseline 0.006 -23"><span class='ocrx_word' id='word_1_336' title='bbox 306 2632 513 2700; x_wconf 87' lang='grc' dir='ltr'>πίστιν,</span> <span class='ocrx_word' id='word_1_337' title='bbox 542 2633 679 2686; x_wconf 90' lang='grc' dir='ltr'><strong>ἀλλά</strong></span> <span class='ocrx_word' id='word_1_338' title='bbox 716 2635 875 2703; x_wconf 80' lang='grc' dir='ltr'>φύσει</span> <span class='ocrx_word' id='word_1_339' title='bbox 926 2636 1067 2689; x_wconf 86' lang='grc' dir='ltr'><strong>κατά</strong></span> <span class='ocrx_word' id='word_1_340' title='bbox 1107 2638 1331 2708; x_wconf 81' lang='grc' dir='ltr'>είδησιν.</span> <span class='ocrx_word' id='word_1_341' title='bbox 1401 2640 1487 2705; x_wconf 83' lang='grc' dir='ltr'>Ὧς</span> <span class='ocrx_word' id='word_1_342' title='bbox 1521 2641 1615 2694; x_wconf 74' lang='grc' dir='ltr'><strong>καὶ</strong></span> <span class='ocrx_word' id='word_1_343' title='bbox 1657 2642 1769 2696; x_wconf 85' lang='grc' dir='ltr'><strong>ἀνω</strong></span> <span class='ocrx_word' id='word_1_344' title='bbox 1796 2660 1898 2695; x_wconf 87' lang='grc' dir='ltr'><strong>που</strong></span> 
     </span>
    </p>
   </div>
   <div class='ocr_carea' id='block_1_50' title="bbox 307 2722 1900 2802">
    <p class='ocr_par' dir='ltr' id='par_1_50' title="bbox 307 2722 1900 2802">
     <span class='ocr_line' id='line_1_50' title="bbox 307 2722 1900 2802; baseline 0.007 -27"><span class='ocrx_word' id='word_1_345' title='bbox 307 2722 602 2796; x_wconf 82' lang='grc' dir='ltr'>ὑπέμνησα</span> <span class='ocrx_word' id='word_1_346' title='bbox 646 2728 966 2795; x_wconf 81' lang='grc' dir='ltr'>φασκόντων</span> <span class='ocrx_word' id='word_1_347' title='bbox 997 2731 1176 2784; x_wconf 79' lang='grc' dir='ltr'>αὐτῶν</span> <span class='ocrx_word' id='word_1_348' title='bbox 1218 2732 1317 2802; x_wconf 81' lang='grc' dir='ltr'><strong>οὐχ</strong></span> <span class='ocrx_word' id='word_1_349' title='bbox 1347 2732 1532 2796; x_wconf 89' lang='grc' dir='ltr'>ἀπλῶς</span> <span class='ocrx_word' id='word_1_350' title='bbox 1577 2734 1773 2787; x_wconf 85' lang='grc' dir='ltr'>εἰδέναι</span> <span class='ocrx_word' id='word_1_351' title='bbox 1810 2734 1900 2786; x_wconf 86' lang='grc' dir='ltr'><strong>τὸν</strong></span> 
     </span>
    </p>
   </div>
   <div class='ocr_carea' id='block_1_51' title="bbox 305 2810 1899 2897">
    <p class='ocr_par' dir='ltr' id='par_1_51' title="bbox 305 2810 1899 2897">
     <span class='ocr_line' id='line_1_51' title="bbox 305 2810 1899 2897; baseline 0.007 -30"><span class='ocrx_word' id='word_1_352' title='bbox 305 2813 445 2868; x_wconf 84' lang='grc' dir='ltr'>Θεὸν</span> <span class='ocrx_word' id='word_1_353' title='bbox 489 2816 548 2869; x_wconf 81' lang='grc' dir='ltr'>ὲν</span> <span class='ocrx_word' id='word_1_354' title='bbox 585 2810 783 2885; x_wconf 82' lang='grc' dir='ltr'>γνῶσει</span> <span class='ocrx_word' id='word_1_355' title='bbox 830 2819 1089 2886; x_wconf 86' lang='grc' dir='ltr'>πίστεως,</span> <span class='ocrx_word' id='word_1_356' title='bbox 1137 2821 1251 2875; x_wconf 79' lang='grc' dir='ltr'>ἀλλ’</span> <span class='ocrx_word' id='word_1_357' title='bbox 1301 2823 1376 2887; x_wconf 82' lang='grc' dir='ltr'>ὡς</span> <span class='ocrx_word' id='word_1_358' title='bbox 1416 2825 1510 2876; x_wconf 73' lang='grc' dir='ltr'>ἐὰν</span> <span class='ocrx_word' id='word_1_359' title='bbox 1543 2824 1788 2897; x_wconf 83' lang='grc' dir='ltr'>γινώσκῃ</span> <span class='ocrx_word' id='word_1_360' title='bbox 1817 2842 1899 2889; x_wconf 88' lang='grc' dir='ltr'><strong>τις</strong></span> 
     </span>
    </p>
   </div>
   <div class='ocr_carea' id='block_1_52' title="bbox 311 2907 1905 2985">
    <p class='ocr_par' dir='ltr' id='par_1_52' title="bbox 311 2907 1905 2985">
     <span class='ocr_line' id='line_1_52' title="bbox 311 2907 1905 2985; baseline 0.006 -26"><span class='ocrx_word' id='word_1_361' title='bbox 311 2907 425 2959; x_wconf 70' lang='grc' dir='ltr'>’πᾶν</span> <span class='ocrx_word' id='word_1_362' title='bbox 454 2908 669 2978; x_wconf 84' lang='grc' dir='ltr'>ὁρατὸν,</span> <span class='ocrx_word' id='word_1_363' title='bbox 716 2911 811 2963; x_wconf 79' lang='grc' dir='ltr'>καὶ</span> <span class='ocrx_word' id='word_1_364' title='bbox 843 2913 1031 2984; x_wconf 72' lang='grc' dir='ltr'>χερσὶν</span> <span class='ocrx_word' id='word_1_365' title='bbox 1063 2913 1228 2967; x_wconf 81' lang='grc' dir='ltr'>αὑτοῦ</span> <span class='ocrx_word' id='word_1_366' title='bbox 1263 2913 1663 2985; x_wconf 75' lang='grc' dir='ltr'>ψηλαφιῦμενον</span> <span class='ocrx_word' id='word_1_367' title='bbox 1689 2933 1703 2947; x_wconf 90' lang='grc'><strong>·</strong></span> <span class='ocrx_word' id='word_1_368' title='bbox 1746 2917 1820 2980; x_wconf 83' lang='grc' dir='ltr'>ὡς</span> <span class='ocrx_word' id='word_1_369' title='bbox 1850 2916 1905 2968; x_wconf 80' lang='grc' dir='ltr'>εἴ</span> 
     </span>
    </p>
   </div>
   <div class='ocr_carea' id='block_1_53' title="bbox 311 2997 1900 3079">
    <p class='ocr_par' dir='ltr' id='par_1_53' title="bbox 311 2997 1900 3079">
     <span class='ocr_line' id='line_1_53' title="bbox 311 2997 1900 3079; baseline 0.008 -29"><span class='ocrx_word' id='word_1_370' title='bbox 311 3014 401 3061; x_wconf 85' lang='grc' dir='ltr'><strong>τις</strong></span> <span class='ocrx_word' id='word_1_371' title='bbox 426 2997 579 3053; x_wconf 87' lang='grc' dir='ltr'>λάϐοι</span> <span class='ocrx_word' id='word_1_372' title='bbox 617 3002 755 3071; x_wconf 84' lang='grc' dir='ltr'><strong>μετά</strong></span> <span class='ocrx_word' id='word_1_373' title='bbox 798 3006 988 3073; x_wconf 87' lang='grc' dir='ltr'>χεῖρας</span> <span class='ocrx_word' id='word_1_374' title='bbox 1021 3004 1190 3072; x_wconf 87' lang='grc' dir='ltr'>λίθον,</span> <span class='ocrx_word' id='word_1_375' title='bbox 1226 3006 1259 3075; x_wconf 77' lang='grc' dir='ltr'>ἢ</span> <span class='ocrx_word' id='word_1_376' title='bbox 1295 3005 1470 3072; x_wconf 78' lang='grc' dir='ltr'>ξύλον,</span> <span class='ocrx_word' id='word_1_377' title='bbox 1502 3007 1725 3079; x_wconf 80' lang='grc' dir='ltr'>ἢάλλης</span> <span class='ocrx_word' id='word_1_378' title='bbox 1755 3008 1900 3071; x_wconf 86' lang='grc' dir='ltr'>τινὸς</span> 
     </span>
    </p>
   </div>
   <div class='ocr_carea' id='block_1_54' title="bbox 2072 2450 3566 2520">
    <p class='ocr_par' dir='ltr' id='par_1_54' title="bbox 2072 2450 3566 2520">
     <span class='ocr_line' id='line_1_54' title="bbox 2072 2450 3566 2520; baseline -0.004 -10"><span class='ocrx_word' id='word_1_379' title='bbox 2072 2454 2161 2510; x_wconf 71' lang='grc' dir='ltr'><strong>ιγ.</strong></span> <span class='ocrx_word' id='word_1_380' title='bbox 2202 2451 2301 2507; x_wconf 85' lang='lat' dir='ltr'><strong>Hic</strong></span> <span class='ocrx_word' id='word_1_381' title='bbox 2341 2452 2485 2507; x_wconf 91' lang='lat' dir='ltr'><strong>enim</strong></span> <span class='ocrx_word' id='word_1_382' title='bbox 2542 2450 2657 2520; x_wconf 89' lang='lat' dir='ltr'><strong>ipse</strong></span> <span class='ocrx_word' id='word_1_383' title='bbox 2707 2465 2831 2503; x_wconf 87' lang='lat' dir='ltr'><strong>cum</strong></span> <span class='ocrx_word' id='word_1_384' title='bbox 2888 2450 3003 2506; x_wconf 90' lang='lat' dir='ltr'><strong>suis</strong></span> <span class='ocrx_word' id='word_1_385' title='bbox 3055 2451 3106 2503; x_wconf 89' lang='lat' dir='ltr'><strong>iu</strong></span> <span class='ocrx_word' id='word_1_386' title='bbox 3151 2466 3269 2504; x_wconf 85' lang='lat' dir='ltr'><strong>eam</strong></span> <span class='ocrx_word' id='word_1_387' title='bbox 3311 2450 3566 2504; x_wconf 84' lang='lat' dir='ltr'><strong>vanitatis</strong></span> 
     </span>
    </p>
   </div>
   <div class='ocr_carea' id='block_1_55' title="bbox 2003 2538 3581 2609">
    <p class='ocr_par' dir='ltr' id='par_1_55' title="bbox 2003 2538 3581 2609">
     <span class='ocr_line' id='line_1_55' title="bbox 2003 2538 3581 2609; baseline -0.007 -9"><span class='ocrx_word' id='word_1_388' title='bbox 2003 2544 2295 2599; x_wconf 89' lang='lat' dir='ltr'><strong>amentiam</strong></span> <span class='ocrx_word' id='word_1_389' title='bbox 2350 2541 2563 2605; x_wconf 71' lang='lat' dir='ltr'><strong>incidit,</strong></span> <span class='ocrx_word' id='word_1_390' title='bbox 2600 2548 2658 2593; x_wconf 92' lang='lat' dir='ltr'><strong>ut</strong></span> <span class='ocrx_word' id='word_1_391' title='bbox 2697 2555 2859 2609; x_wconf 80' lang='lat' dir='ltr'><strong>Supra</strong></span> <span class='ocrx_word' id='word_1_392' title='bbox 2908 2542 3166 2595; x_wconf 87' lang='lat' dir='ltr'><strong>mortales</strong></span> <span class='ocrx_word' id='word_1_393' title='bbox 3194 2556 3384 2592; x_wconf 82' lang='lat' dir='ltr'><strong>omnes</strong></span> <span class='ocrx_word' id='word_1_394' title='bbox 3416 2538 3581 2590; x_wconf 85' lang='lat' dir='ltr'><strong>Deum</strong></span> 
     </span>
    </p>
   </div>
   <div class='ocr_carea' id='block_1_56' title="bbox 2003 2630 3583 2699">
    <p class='ocr_par' dir='ltr' id='par_1_56' title="bbox 2003 2630 3583 2699">
     <span class='ocr_line' id='line_1_56' title="bbox 2003 2630 3583 2699; baseline -0.006 -10"><span class='ocrx_word' id='word_1_395' title='bbox 2003 2651 2061 2690; x_wconf 90' lang='lat' dir='ltr'><strong>se</strong></span> <span class='ocrx_word' id='word_1_396' title='bbox 2094 2650 2199 2688; x_wconf 90' lang='lat' dir='ltr'><strong>non</strong></span> <span class='ocrx_word' id='word_1_397' title='bbox 2236 2633 2338 2686; x_wconf 86' lang='lat' dir='ltr'><strong>lide</strong></span> <span class='ocrx_word' id='word_1_398' title='bbox 2367 2631 2507 2693; x_wconf 86' lang='lat' dir='ltr'><strong>sola,</strong></span> <span class='ocrx_word' id='word_1_399' title='bbox 2538 2630 2632 2684; x_wconf 90' lang='lat' dir='ltr'><strong>sed</strong></span> <span class='ocrx_word' id='word_1_400' title='bbox 2664 2631 2883 2699; x_wconf 89' lang='lat' dir='ltr'><strong>propria</strong></span> <span class='ocrx_word' id='word_1_401' title='bbox 2903 2631 3136 2699; x_wconf 89' lang='lat' dir='ltr'><strong>quadam</strong></span> <span class='ocrx_word' id='word_1_402' title='bbox 3165 2631 3394 2683; x_wconf 85' lang='lat' dir='ltr'><strong>scicntia</strong></span> <span class='ocrx_word' id='word_1_403' title='bbox 3430 2644 3583 2682; x_wconf 89' lang='lat' dir='ltr'><strong>com-</strong></span> 
     </span>
    </p>
   </div>
   <div class='ocr_carea' id='block_1_57' title="bbox 2006 2724 3586 2799">
    <p class='ocr_par' dir='ltr' id='par_1_57' title="bbox 2006 2724 3586 2799">
     <span class='ocr_line' id='line_1_57' title="bbox 2006 2724 3586 2799; baseline -0.002 -17"><span class='ocrx_word' id='word_1_404' title='bbox 2006 2727 2346 2799; x_wconf 88' lang='lat' dir='ltr'><strong>prehendere</strong></span> <span class='ocrx_word' id='word_1_405' title='bbox 2388 2726 2645 2796; x_wconf 80' lang='lat' dir='ltr'><strong>jactaret.</strong></span> <span class='ocrx_word' id='word_1_406' title='bbox 2715 2724 3187 2790; x_wconf 81' lang='lat' dir='ltr'><strong>Quemadmodum</strong></span> <span class='ocrx_word' id='word_1_407' title='bbox 3244 2725 3405 2795; x_wconf 91' lang='lat' dir='ltr'><strong>paulo</strong></span> <span class='ocrx_word' id='word_1_408' title='bbox 3459 2733 3586 2779; x_wconf 86' lang='lat' dir='ltr'><strong>ante</strong></span> 
     </span>
    </p>
   </div>
   <div class='ocr_carea' id='block_1_58' title="bbox 2007 2815 3586 2886">
    <p class='ocr_par' dir='ltr' id='par_1_58' title="bbox 2007 2815 3586 2886">
     <span class='ocr_line' id='line_1_58' title="bbox 2007 2815 3586 2886; baseline -0.001 -13"><span class='ocrx_word' id='word_1_409' title='bbox 2007 2819 2227 2873; x_wconf 88' lang='lat' dir='ltr'><strong>memini</strong></span> <span class='ocrx_word' id='word_1_410' title='bbox 2283 2818 2386 2872; x_wconf 91' lang='lat' dir='ltr'><strong>hoc</strong></span> <span class='ocrx_word' id='word_1_411' title='bbox 2438 2817 2508 2871; x_wconf 90' lang='lat' dir='ltr'><strong>ab</strong></span> <span class='ocrx_word' id='word_1_412' title='bbox 2562 2816 2670 2871; x_wconf 91' lang='lat' dir='ltr'><strong>illis</strong></span> <span class='ocrx_word' id='word_1_413' title='bbox 2713 2817 2968 2886; x_wconf 90' lang='lat' dir='ltr'><strong>usurpari</strong></span> <span class='ocrx_word' id='word_1_414' title='bbox 3024 2817 3242 2872; x_wconf 88' lang='lat' dir='ltr'><strong>solitum</strong></span> <span class='ocrx_word' id='word_1_415' title='bbox 3279 2815 3488 2871; x_wconf 89' lang='lat' dir='ltr'><strong>:Deum</strong></span> <span class='ocrx_word' id='word_1_416' title='bbox 3527 2832 3586 2872; x_wconf 83' lang='lat' dir='ltr'><strong>se</strong></span> 
     </span>
    </p>
   </div>
   <div class='ocr_carea' id='block_1_59' title="bbox 2004 2908 3587 2977">
    <p class='ocr_par' dir='ltr' id='par_1_59' title="bbox 2004 2908 3587 2977">
     <span class='ocr_line' id='line_1_59' title="bbox 2004 2908 3587 2977; baseline -0.004 -13"><span class='ocrx_word' id='word_1_417' title='bbox 2004 2926 2114 2964; x_wconf 89' lang='lat' dir='ltr'><strong>nou</strong></span> <span class='ocrx_word' id='word_1_418' title='bbox 2159 2909 2281 2964; x_wconf 87' lang='lat' dir='ltr'><strong>lidei</strong></span> <span class='ocrx_word' id='word_1_419' title='bbox 2342 2908 2504 2963; x_wconf 90' lang='lat' dir='ltr'><strong>modo</strong></span> <span class='ocrx_word' id='word_1_420' title='bbox 2556 2908 2952 2977; x_wconf 83' lang='lat' dir='ltr'><strong>intelligentia,</strong></span> <span class='ocrx_word' id='word_1_421' title='bbox 3005 2908 3098 2962; x_wconf 90' lang='lat' dir='ltr'><strong>sed</strong></span> <span class='ocrx_word' id='word_1_422' title='bbox 3149 2908 3372 2977; x_wconf 89' lang='lat' dir='ltr'><strong>perinde</strong></span> <span class='ocrx_word' id='word_1_423' title='bbox 3404 2908 3587 2960; x_wconf 90' lang='lat' dir='ltr'><strong>animo</strong></span> 
     </span>
    </p>
   </div>
   <div class='ocr_carea' id='block_1_60' title="bbox 2005 2999 3585 3071">
    <p class='ocr_par' dir='ltr' id='par_1_60' title="bbox 2005 2999 3585 3071">
     <span class='ocr_line' id='line_1_60' title="bbox 2005 2999 3585 3071; baseline -0.001 -17"><span class='ocrx_word' id='word_1_424' title='bbox 2005 3002 2290 3071; x_wconf 89' lang='lat' dir='ltr'><strong>concipere</strong></span> <span class='ocrx_word' id='word_1_425' title='bbox 2336 3016 2401 3055; x_wconf 91' lang='lat' dir='ltr'><strong>ac</strong></span> <span class='ocrx_word' id='word_1_426' title='bbox 2450 2999 2678 3071; x_wconf 85' lang='lat' dir='ltr'><strong>quilibet</strong></span> <span class='ocrx_word' id='word_1_427' title='bbox 2763 3000 3116 3068; x_wconf 77' lang='lat' dir='ltr'><strong>aSpectabilia</strong></span> <span class='ocrx_word' id='word_1_428' title='bbox 3171 3000 3275 3053; x_wconf 90' lang='lat' dir='ltr'><strong>ista</strong></span> <span class='ocrx_word' id='word_1_429' title='bbox 3355 3014 3419 3053; x_wconf 91' lang='lat' dir='ltr'><strong>ac</strong></span> <span class='ocrx_word' id='word_1_430' title='bbox 3466 3007 3585 3052; x_wconf 72' lang='lat' dir='ltr'><strong>trao</strong></span> 
     </span>
    </p>
   </div>
   <div class='ocr_carea' id='block_1_61' title="bbox 313 3079 1901 3171">
    <p class='ocr_par' dir='ltr' id='par_1_61' title="bbox 313 3092 1901 3171">
     <span class='ocr_line' id='line_1_61' title="bbox 313 3092 1901 3171; baseline 0.006 -26"><span class='ocrx_word' id='word_1_431' title='bbox 313 3093 450 3165; x_wconf 81' lang='grc' dir='ltr'>ὖλης</span> <span class='ocrx_word' id='word_1_432' title='bbox 472 3095 752 3166; x_wconf 63' lang='grc' dir='ltr'>ἐργαλεῖον</span> <span class='ocrx_word' id='word_1_433' title='bbox 777 3113 790 3127; x_wconf 89' lang='grc'><strong>·</strong></span> <span class='ocrx_word' id='word_1_434' title='bbox 819 3096 990 3161; x_wconf 76' lang='grc' dir='ltr'>οὕτως</span> <span class='ocrx_word' id='word_1_435' title='bbox 1017 3098 1117 3171; x_wconf 77' lang='grc' dir='ltr'>ἔφη</span> <span class='ocrx_word' id='word_1_436' title='bbox 1183 3101 1276 3153; x_wconf 78' lang='grc' dir='ltr'><strong>καὶ</strong></span> <span class='ocrx_word' id='word_1_437' title='bbox 1299 3092 1453 3165; x_wconf 75' lang='grc' dir='ltr'>οὗτος</span> <span class='ocrx_word' id='word_1_438' title='bbox 1476 3103 1504 3154; x_wconf 85' lang='grc' dir='ltr'>ὁ</span> <span class='ocrx_word' id='word_1_439' title='bbox 1522 3102 1801 3170; x_wconf 85' lang='grc' dir='ltr'>γεννάδας,</span> <span class='ocrx_word' id='word_1_440' title='bbox 1820 3103 1901 3155; x_wconf 85' lang='grc' dir='ltr'><strong>ὄτι</strong></span> 
     </span>
    </p>
   </div>
   <div class='ocr_carea' id='block_1_62' title="bbox 2002 3079 3587 3171">
    <p class='ocr_par' dir='ltr' id='par_1_62' title="bbox 2007 3094 3587 3166">
     <span class='ocr_line' id='line_1_62' title="bbox 2007 3094 3587 3166; baseline 0 -18"><span class='ocrx_word' id='word_1_441' title='bbox 2007 3095 2227 3149; x_wconf 89' lang='lat' dir='ltr'><strong>ctabilia</strong></span> <span class='ocrx_word' id='word_1_442' title='bbox 2274 3095 2560 3165; x_wconf 78' lang='lat' dir='ltr'><strong>cognoscit</strong></span> <span class='ocrx_word' id='word_1_443' title='bbox 2596 3115 2608 3151; x_wconf 89' lang='lat'><strong>:</strong></span> <span class='ocrx_word' id='word_1_444' title='bbox 2644 3103 2836 3166; x_wconf 89' lang='lat' dir='ltr'><strong>utputa</strong></span> <span class='ocrx_word' id='word_1_445' title='bbox 2902 3095 2948 3150; x_wconf 87' lang='lat' dir='ltr'><strong>si</strong></span> <span class='ocrx_word' id='word_1_446' title='bbox 3006 3095 3130 3165; x_wconf 91' lang='lat' dir='ltr'><strong>quis</strong></span> <span class='ocrx_word' id='word_1_447' title='bbox 3187 3094 3440 3164; x_wconf 88' lang='lat' dir='ltr'><strong>lapidem,</strong></span> <span class='ocrx_word' id='word_1_448' title='bbox 3492 3101 3587 3148; x_wconf 89' lang='lat' dir='ltr'><strong>aut</strong></span> 
     </span>
    </p>
   </div>
   <div class='ocr_carea' id='block_1_63' title="bbox 313 3182 1905 3263">
    <p class='ocr_par' dir='ltr' id='par_1_63' title="bbox 313 3182 1905 3263">
     <span class='ocr_line' id='line_1_63' title="bbox 313 3182 1905 3263; baseline 0.004 -24"><span class='ocrx_word' id='word_1_449' title='bbox 313 3185 506 3251; x_wconf 78' lang='grc' dir='ltr'>Οὕτως</span> <span class='ocrx_word' id='word_1_450' title='bbox 527 3182 643 3241; x_wconf 78' lang='grc' dir='ltr'>οἶδα</span> <span class='ocrx_word' id='word_1_451' title='bbox 664 3189 755 3241; x_wconf 91' lang='grc' dir='ltr'><strong>τὸν</strong></span> <span class='ocrx_word' id='word_1_452' title='bbox 780 3188 932 3255; x_wconf 85' lang='grc' dir='ltr'>Θεὸν,</span> <span class='ocrx_word' id='word_1_453' title='bbox 950 3189 1139 3261; x_wconf 85' lang='grc' dir='ltr'>ὥσπερ</span> <span class='ocrx_word' id='word_1_454' title='bbox 1162 3192 1186 3243; x_wconf 85' lang='grc' dir='ltr'>ὲ</span> <span class='ocrx_word' id='word_1_455' title='bbox 1195 3192 1418 3263; x_wconf 83' lang='grc' dir='ltr'>μαυτὸν,</span> <span class='ocrx_word' id='word_1_456' title='bbox 1449 3192 1544 3247; x_wconf 74' lang='grc' dir='ltr'>καὶ</span> <span class='ocrx_word' id='word_1_457' title='bbox 1566 3193 1627 3246; x_wconf 82' lang='grc' dir='ltr'><strong>οὐ</strong></span> <span class='ocrx_word' id='word_1_458' title='bbox 1651 3191 1905 3246; x_wconf 90' lang='grc' dir='ltr'>τοσοῦτον</span> 
     </span>
    </p>
   </div>
   <div class='ocr_carea' id='block_1_64' title="bbox 317 3275 1906 3356">
    <p class='ocr_par' dir='ltr' id='par_1_64' title="bbox 317 3275 1906 3356">
     <span class='ocr_line' id='line_1_64' title="bbox 317 3275 1906 3356; baseline 0.005 -26"><span class='ocrx_word' id='word_1_459' title='bbox 317 3275 437 3331; x_wconf 79' lang='grc' dir='ltr'>οἶδα</span> <span class='ocrx_word' id='word_1_460' title='bbox 458 3278 713 3347; x_wconf 77' lang='grc' dir='ltr'>ἐμαυτὸν,</span> <span class='ocrx_word' id='word_1_461' title='bbox 726 3279 800 3341; x_wconf 84' lang='grc' dir='ltr'>ὡς</span> <span class='ocrx_word' id='word_1_462' title='bbox 810 3279 902 3332; x_wconf 86' lang='grc' dir='ltr'><strong>τὸν</strong></span> <span class='ocrx_word' id='word_1_463' title='bbox 915 3281 1066 3334; x_wconf 82' lang='grc' dir='ltr'>Θεόν.</span> <span class='ocrx_word' id='word_1_464' title='bbox 1083 3281 1281 3336; x_wconf 81' lang='grc' dir='ltr'>Λοιπὸν</span> <span class='ocrx_word' id='word_1_465' title='bbox 1292 3283 1427 3337; x_wconf 87' lang='grc' dir='ltr'><strong>δὲτά</strong></span> <span class='ocrx_word' id='word_1_466' title='bbox 1447 3284 1607 3356; x_wconf 91' lang='grc' dir='ltr'><strong>μωρά</strong></span> <span class='ocrx_word' id='word_1_467' title='bbox 1620 3284 1796 3353; x_wconf 88' lang='grc' dir='ltr'>λέγειν</span> <span class='ocrx_word' id='word_1_468' title='bbox 1812 3285 1906 3338; x_wconf 79' lang='grc' dir='ltr'><strong>καὶ</strong></span> 
     </span>
    </p>
   </div>
   <div class='ocr_carea' id='block_1_65' title="bbox 320 3366 1906 3445">
    <p class='ocr_par' dir='ltr' id='par_1_65' title="bbox 320 3366 1906 3445">
     <span class='ocr_line' id='line_1_65' title="bbox 320 3366 1906 3445; baseline 0.005 -24"><span class='ocrx_word' id='word_1_469' title='bbox 320 3366 542 3423; x_wconf 78' lang='grc' dir='ltr'>ἀκούειν</span> <span class='ocrx_word' id='word_1_470' title='bbox 558 3368 769 3433; x_wconf 85' lang='grc' dir='ltr'>πολλοῖς</span> <span class='ocrx_word' id='word_1_471' title='bbox 795 3370 893 3441; x_wconf 82' lang='grc' dir='ltr'><strong>μὲν</strong></span> <span class='ocrx_word' id='word_1_472' title='bbox 920 3370 1069 3425; x_wconf 76' lang='grc' dir='ltr'>ἐστιν</span> <span class='ocrx_word' id='word_1_473' title='bbox 1089 3374 1167 3436; x_wconf 88' lang='grc' dir='ltr'><strong>είς</strong></span> <span class='ocrx_word' id='word_1_474' title='bbox 1188 3374 1426 3445; x_wconf 88' lang='grc' dir='ltr'>ἀπάτην,</span> <span class='ocrx_word' id='word_1_475' title='bbox 1448 3378 1561 3438; x_wconf 84' lang='grc' dir='ltr'>τοῖς</span> <span class='ocrx_word' id='word_1_476' title='bbox 1579 3376 1637 3429; x_wconf 79' lang='grc' dir='ltr'>δὲ</span> <span class='ocrx_word' id='word_1_477' title='bbox 1667 3378 1906 3440; x_wconf 84' lang='grc' dir='ltr'>συνετοῖς</span> 
     </span>
    </p>
   </div>
   <div class='ocr_carea' id='block_1_66' title="bbox 318 3461 1906 3542">
    <p class='ocr_par' dir='ltr' id='par_1_66' title="bbox 318 3461 1906 3542">
     <span class='ocr_line' id='line_1_66' title="bbox 318 3461 1906 3542; baseline 0.006 -30"><span class='ocrx_word' id='word_1_478' title='bbox 318 3464 401 3524; x_wconf 81' lang='grc' dir='ltr'>εἰς</span> <span class='ocrx_word' id='word_1_479' title='bbox 415 3461 632 3532; x_wconf 85' lang='grc' dir='ltr'>χλεύην.</span> <span class='ocrx_word' id='word_1_480' title='bbox 658 3462 754 3527; x_wconf 85' lang='grc' dir='ltr'><strong>Τίς</strong></span> <span class='ocrx_word' id='word_1_481' title='bbox 773 3462 881 3533; x_wconf 83' lang='grc' dir='ltr'>γὰρ</span> <span class='ocrx_word' id='word_1_482' title='bbox 900 3463 1005 3516; x_wconf 88' lang='grc' dir='ltr'><strong>τῶν</strong></span> <span class='ocrx_word' id='word_1_483' title='bbox 1022 3465 1442 3536; x_wconf 79' lang='grc' dir='ltr'>φρενοϐλάϐειαν</span> <span class='ocrx_word' id='word_1_484' title='bbox 1467 3468 1676 3542; x_wconf 77' lang='grc' dir='ltr'>ἑαυτοῖς</span> <span class='ocrx_word' id='word_1_485' title='bbox 1704 3486 1906 3538; x_wconf 89' lang='grc' dir='ltr'>κεκτη-</span> 
     </span>
    </p>
   </div>
   <div class='ocr_carea' id='block_1_67' title="bbox 321 3552 1905 3632">
    <p class='ocr_par' dir='ltr' id='par_1_67' title="bbox 321 3552 1905 3632">
     <span class='ocr_line' id='line_1_67' title="bbox 321 3552 1905 3632; baseline 0.004 -27"><span class='ocrx_word' id='word_1_486' title='bbox 321 3552 500 3622; x_wconf 83' lang='grc' dir='ltr'>μένων</span> <span class='ocrx_word' id='word_1_487' title='bbox 528 3554 620 3607; x_wconf 74' lang='grc' dir='ltr'><strong>καὶ</strong></span> <span class='ocrx_word' id='word_1_488' title='bbox 651 3556 974 3625; x_wconf 85' lang='grc' dir='ltr'>μεμηνότων</span> <span class='ocrx_word' id='word_1_489' title='bbox 1006 3558 1069 3610; x_wconf 82' lang='grc' dir='ltr'><strong>οὐ</strong></span> <span class='ocrx_word' id='word_1_490' title='bbox 1102 3557 1323 3612; x_wconf 83' lang='grc' dir='ltr'>δύναται</span> <span class='ocrx_word' id='word_1_491' title='bbox 1354 3561 1449 3613; x_wconf 82' lang='grc' dir='ltr'><strong>καὶ</strong></span> <span class='ocrx_word' id='word_1_492' title='bbox 1481 3560 1676 3625; x_wconf 82' lang='grc' dir='ltr'>ἄλλους</span> <span class='ocrx_word' id='word_1_493' title='bbox 1706 3561 1905 3632; x_wconf 78' lang='grc' dir='ltr'>ἐκμαί-</span> 
     </span>
    </p>
   </div>
   <div class='ocr_carea' id='block_1_68' title="bbox 319 3646 1907 3721">
    <p class='ocr_par' dir='ltr' id='par_1_68' title="bbox 319 3646 1907 3721">
     <span class='ocr_line' id='line_1_68' title="bbox 319 3646 1907 3721; baseline 0.007 -26"><span class='ocrx_word' id='word_1_494' title='bbox 319 3660 455 3710; x_wconf 90' lang='grc' dir='ltr'>νειν,</span> <span class='ocrx_word' id='word_1_495' title='bbox 486 3646 581 3698; x_wconf 77' lang='grc' dir='ltr'>καὶ</span> <span class='ocrx_word' id='word_1_496' title='bbox 620 3646 855 3716; x_wconf 86' lang='grc' dir='ltr'>μάλιστα</span> <span class='ocrx_word' id='word_1_497' title='bbox 883 3649 1010 3712; x_wconf 86' lang='grc' dir='ltr'>τοὺς</span> <span class='ocrx_word' id='word_1_498' title='bbox 1039 3652 1441 3721; x_wconf 89' lang='grc' dir='ltr'>συνεπομένους</span> <span class='ocrx_word' id='word_1_499' title='bbox 1486 3653 1580 3706; x_wconf 76' lang='grc' dir='ltr'>καὶ</span> <span class='ocrx_word' id='word_1_500' title='bbox 1607 3651 1907 3706; x_wconf 84' lang='grc' dir='ltr'>ὑπακούον-</span> 
     </span>
    </p>
   </div>
   <div class='ocr_carea' id='block_1_69' title="bbox 318 3737 1902 3811">
    <p class='ocr_par' dir='ltr' id='par_1_69' title="bbox 318 3737 1902 3811">
     <span class='ocr_line' id='line_1_69' title="bbox 318 3737 1902 3811; baseline 0.006 -24"><span class='ocrx_word' id='word_1_501' title='bbox 318 3752 452 3802; x_wconf 87' lang='grc' dir='ltr'>τας;</span> <span class='ocrx_word' id='word_1_502' title='bbox 475 3737 537 3790; x_wconf 83' lang='grc' dir='ltr'><strong>Εἰ</strong></span> <span class='ocrx_word' id='word_1_503' title='bbox 562 3739 673 3808; x_wconf 84' lang='grc' dir='ltr'><strong>γάρ</strong></span> <span class='ocrx_word' id='word_1_504' title='bbox 700 3756 784 3802; x_wconf 90' lang='grc' dir='ltr'><strong>τις</strong></span> <span class='ocrx_word' id='word_1_505' title='bbox 811 3740 1096 3811; x_wconf 71' lang='grc' dir='ltr'>ἠρώτησεν</span> <span class='ocrx_word' id='word_1_506' title='bbox 1120 3743 1281 3796; x_wconf 82' lang='grc' dir='ltr'>αὐτὸν</span> <span class='ocrx_word' id='word_1_507' title='bbox 1309 3744 1404 3797; x_wconf 76' lang='grc' dir='ltr'>καὶ</span> <span class='ocrx_word' id='word_1_508' title='bbox 1429 3745 1558 3808; x_wconf 86' lang='grc' dir='ltr'>τοὺς</span> <span class='ocrx_word' id='word_1_509' title='bbox 1585 3746 1678 3798; x_wconf 89' lang='grc' dir='ltr'>ἀπ’</span> <span class='ocrx_word' id='word_1_510' title='bbox 1705 3743 1869 3798; x_wconf 85' lang='grc' dir='ltr'>αὐτοῦ</span> <span class='ocrx_word' id='word_1_511' title='bbox 1888 3761 1902 3775; x_wconf 76' lang='grc' dir='ltr'><strong><em>ο</em></strong></span> 
     </span>
    </p>
   </div>
   <div class='ocr_carea' id='block_1_70' title="bbox 320 3827 1908 3909">
    <p class='ocr_par' dir='ltr' id='par_1_70' title="bbox 320 3827 1908 3909">
     <span class='ocr_line' id='line_1_70' title="bbox 320 3827 1908 3909; baseline 0.006 -28"><span class='ocrx_word' id='word_1_512' title='bbox 320 3827 410 3899; x_wconf 73' lang='grc' dir='ltr'><strong>Μή</strong></span> <span class='ocrx_word' id='word_1_513' title='bbox 455 3846 545 3899; x_wconf 88' lang='grc' dir='ltr'><strong>μοι</strong></span> <span class='ocrx_word' id='word_1_514' title='bbox 584 3830 843 3902; x_wconf 85' lang='grc' dir='ltr'>διήγησαι</span> <span class='ocrx_word' id='word_1_515' title='bbox 890 3832 1023 3885; x_wconf 88' lang='grc' dir='ltr'>Θεὸν</span> <span class='ocrx_word' id='word_1_516' title='bbox 1066 3834 1266 3888; x_wconf 74' lang='grc' dir='ltr'>εἰδέναι</span> <span class='ocrx_word' id='word_1_517' title='bbox 1307 3835 1399 3888; x_wconf 90' lang='grc' dir='ltr'><strong>τὸν</strong></span> <span class='ocrx_word' id='word_1_518' title='bbox 1447 3837 1775 3909; x_wconf 88' lang='grc' dir='ltr'>ἀσύγκριτον</span> <span class='ocrx_word' id='word_1_519' title='bbox 1813 3837 1908 3889; x_wconf 72' lang='grc' dir='ltr'>καὶ</span> 
     </span>
    </p>
   </div>
   <div class='ocr_carea' id='block_1_71' title="bbox 320 3919 1907 3999">
    <p class='ocr_par' dir='ltr' id='par_1_71' title="bbox 320 3919 1907 3999">
     <span class='ocr_line' id='line_1_71' title="bbox 320 3919 1907 3999; baseline 0.006 -27"><span class='ocrx_word' id='word_1_520' title='bbox 320 3919 727 3993; x_wconf 88' lang='grc' dir='ltr'>ἀκατάληπτον,</span> <span class='ocrx_word' id='word_1_521' title='bbox 758 3922 850 3975; x_wconf 86' lang='grc' dir='ltr'><strong>τὸν</strong></span> <span class='ocrx_word' id='word_1_522' title='bbox 882 3923 1024 3977; x_wconf 83' lang='grc' dir='ltr'>κατὰ</span> <span class='ocrx_word' id='word_1_523' title='bbox 1051 3926 1112 3977; x_wconf 90' lang='grc' dir='ltr'><strong>τὸ</strong></span> <span class='ocrx_word' id='word_1_524' title='bbox 1150 3922 1288 3989; x_wconf 79' lang='grc' dir='ltr'>εἶδος</span> <span class='ocrx_word' id='word_1_525' title='bbox 1317 3926 1416 3997; x_wconf 81' lang='grc' dir='ltr'><strong>μὲν</strong></span> <span class='ocrx_word' id='word_1_526' title='bbox 1451 3927 1525 3998; x_wconf 82' lang='grc' dir='ltr'>μὴ</span> <span class='ocrx_word' id='word_1_527' title='bbox 1549 3928 1907 3999; x_wconf 88' lang='grc' dir='ltr'>καταλαμϐα-</span> 
     </span>
    </p>
   </div>
   <div class='ocr_carea' id='block_1_72' title="bbox 320 4010 1903 4086">
    <p class='ocr_par' dir='ltr' id='par_1_72' title="bbox 320 4010 1903 4086">
     <span class='ocr_line' id='line_1_72' title="bbox 320 4010 1903 4086; baseline 0.006 -23"><span class='ocrx_word' id='word_1_528' title='bbox 320 4010 568 4081; x_wconf 79' lang='grc' dir='ltr'>νόμενον,</span> <span class='ocrx_word' id='word_1_529' title='bbox 591 4012 771 4067; x_wconf 89' lang='grc' dir='ltr'>πίστει</span> <span class='ocrx_word' id='word_1_530' title='bbox 805 4013 861 4066; x_wconf 88' lang='grc' dir='ltr'>δὲ</span> <span class='ocrx_word' id='word_1_531' title='bbox 891 4016 1291 4086; x_wconf 81' lang='grc' dir='ltr'>γινωσκόμενον</span> <span class='ocrx_word' id='word_1_532' title='bbox 1325 4020 1438 4080; x_wconf 88' lang='grc' dir='ltr'>τοῖς</span> <span class='ocrx_word' id='word_1_533' title='bbox 1471 4018 1640 4071; x_wconf 87' lang='grc' dir='ltr'>αὑτοῦ</span> <span class='ocrx_word' id='word_1_534' title='bbox 1665 4018 1870 4082; x_wconf 87' lang='grc' dir='ltr'>δούλοις</span> <span class='ocrx_word' id='word_1_535' title='bbox 1888 4035 1903 4050; x_wconf 88' lang='grc'><strong>·</strong></span> 
     </span>
    </p>
   </div>
   <div class='ocr_carea' id='block_1_73' title="bbox 322 4099 1909 4177">
    <p class='ocr_par' dir='ltr' id='par_1_73' title="bbox 322 4099 1909 4177">
     <span class='ocr_line' id='line_1_73' title="bbox 322 4099 1909 4177; baseline 0.004 -24"><span class='ocrx_word' id='word_1_536' title='bbox 322 4099 461 4153; x_wconf 89' lang='grc' dir='ltr'><strong>ἀλλά</strong></span> <span class='ocrx_word' id='word_1_537' title='bbox 496 4099 755 4172; x_wconf 81' lang='grc' dir='ltr'>διήγησαι</span> <span class='ocrx_word' id='word_1_538' title='bbox 806 4118 897 4173; x_wconf 61' lang='grc' dir='ltr'>μοι.</span> <span class='ocrx_word' id='word_1_539' title='bbox 937 4102 1067 4166; x_wconf 84' lang='grc' dir='ltr'>τοὺς</span> <span class='ocrx_word' id='word_1_540' title='bbox 1108 4104 1389 4175; x_wconf 86' lang='grc' dir='ltr'>πυθμένας</span> <span class='ocrx_word' id='word_1_541' title='bbox 1427 4106 1526 4176; x_wconf 83' lang='grc' dir='ltr'><strong>τῆς</strong></span> <span class='ocrx_word' id='word_1_542' title='bbox 1568 4107 1691 4177; x_wconf 83' lang='grc' dir='ltr'>γῆς,</span> <span class='ocrx_word' id='word_1_543' title='bbox 1716 4107 1783 4161; x_wconf 83' lang='grc' dir='ltr'><strong>τά</strong></span> <span class='ocrx_word' id='word_1_544' title='bbox 1811 4124 1909 4159; x_wconf 90' lang='grc' dir='ltr'>τα-</span> 
     </span>
    </p>
   </div>
   <div class='ocr_carea' id='block_1_74' title="bbox 325 4193 1905 4273">
    <p class='ocr_par' dir='ltr' id='par_1_74' title="bbox 325 4193 1905 4273">
     <span class='ocr_line' id='line_1_74' title="bbox 325 4193 1905 4273; baseline 0.004 -28"><span class='ocrx_word' id='word_1_545' title='bbox 325 4195 478 4263; x_wconf 85' lang='grc' dir='ltr'>μιεῖα</span> <span class='ocrx_word' id='word_1_546' title='bbox 503 4194 603 4264; x_wconf 86' lang='grc' dir='ltr'>τῆς</span> <span class='ocrx_word' id='word_1_547' title='bbox 638 4193 900 4261; x_wconf 88' lang='grc' dir='ltr'>ἀϐύσσου,</span> <span class='ocrx_word' id='word_1_548' title='bbox 936 4196 1034 4259; x_wconf 85' lang='grc' dir='ltr'><strong>τάς</strong></span> <span class='ocrx_word' id='word_1_549' title='bbox 1077 4196 1284 4267; x_wconf 86' lang='grc' dir='ltr'>φλέϐας</span> <span class='ocrx_word' id='word_1_550' title='bbox 1310 4201 1409 4271; x_wconf 82' lang='grc' dir='ltr'>τῆς</span> <span class='ocrx_word' id='word_1_551' title='bbox 1445 4201 1743 4273; x_wconf 86' lang='grc' dir='ltr'>θαλάσσης,</span> <span class='ocrx_word' id='word_1_552' title='bbox 1775 4200 1905 4271; x_wconf 75' lang='grc' dir='ltr'>ᾅδου</span> 
     </span>
    </p>
   </div>
   <div class='ocr_carea' id='block_1_75' title="bbox 321 4284 1908 4361">
    <p class='ocr_par' dir='ltr' id='par_1_75' title="bbox 321 4284 1908 4361">
     <span class='ocr_line' id='line_1_75' title="bbox 321 4284 1908 4361; baseline 0.005 -26"><span class='ocrx_word' id='word_1_553' title='bbox 321 4284 415 4335; x_wconf 85' lang='grc' dir='ltr'><strong>τὸν</strong></span> <span class='ocrx_word' id='word_1_554' title='bbox 446 4284 633 4349; x_wconf 89' lang='grc' dir='ltr'>τόπον,</span> <span class='ocrx_word' id='word_1_555' title='bbox 666 4286 828 4357; x_wconf 86' lang='grc' dir='ltr'>ἀέρος</span> <span class='ocrx_word' id='word_1_556' title='bbox 858 4286 926 4340; x_wconf 88' lang='grc' dir='ltr'><strong>τά</strong></span> <span class='ocrx_word' id='word_1_557' title='bbox 959 4289 1161 4359; x_wconf 89' lang='grc' dir='ltr'>μέτρα,</span> <span class='ocrx_word' id='word_1_558' title='bbox 1180 4290 1425 4361; x_wconf 80' lang='grc' dir='ltr'>οὐρανῶν</span> <span class='ocrx_word' id='word_1_559' title='bbox 1454 4290 1518 4343; x_wconf 90' lang='grc' dir='ltr'><strong>τὸ</strong></span> <span class='ocrx_word' id='word_1_560' title='bbox 1544 4287 1683 4353; x_wconf 79' lang='grc' dir='ltr'>εἶδος</span> <span class='ocrx_word' id='word_1_561' title='bbox 1711 4291 1806 4343; x_wconf 75' lang='grc' dir='ltr'><strong>καὶ</strong></span> <span class='ocrx_word' id='word_1_562' title='bbox 1838 4289 1908 4343; x_wconf 86' lang='grc' dir='ltr'><strong>τά</strong></span> 
     </span>
    </p>
   </div>
   <div class='ocr_carea' id='block_1_76' title="bbox 322 4372 1903 4451">
    <p class='ocr_par' dir='ltr' id='par_1_76' title="bbox 322 4372 1903 4451">
     <span class='ocr_line' id='line_1_76' title="bbox 322 4372 1903 4451; baseline 0.006 -26"><span class='ocrx_word' id='word_1_563' title='bbox 322 4372 496 4445; x_wconf 85' lang='grc' dir='ltr'>πάχη,</span> <span class='ocrx_word' id='word_1_564' title='bbox 543 4374 597 4427; x_wconf 91' lang='grc' dir='ltr'>τί</span> <span class='ocrx_word' id='word_1_565' title='bbox 618 4375 679 4428; x_wconf 90' lang='grc' dir='ltr'><strong>τὸ</strong></span> <span class='ocrx_word' id='word_1_566' title='bbox 710 4376 876 4446; x_wconf 84' lang='grc' dir='ltr'>ἄκρον</span> <span class='ocrx_word' id='word_1_567' title='bbox 907 4377 1015 4430; x_wconf 90' lang='grc' dir='ltr'><strong>τῶν</strong></span> <span class='ocrx_word' id='word_1_568' title='bbox 1048 4378 1179 4437; x_wconf 87' lang='grc' dir='ltr'>ἀνω,</span> <span class='ocrx_word' id='word_1_569' title='bbox 1212 4379 1264 4431; x_wconf 90' lang='grc' dir='ltr'><strong>τί</strong></span> <span class='ocrx_word' id='word_1_570' title='bbox 1299 4379 1357 4433; x_wconf 90' lang='grc' dir='ltr'><strong>τὸ</strong></span> <span class='ocrx_word' id='word_1_571' title='bbox 1384 4380 1567 4451; x_wconf 88' lang='grc' dir='ltr'>τέρμα</span> <span class='ocrx_word' id='word_1_572' title='bbox 1593 4381 1701 4435; x_wconf 75' lang='grc' dir='ltr'><strong>τῶν</strong></span> <span class='ocrx_word' id='word_1_573' title='bbox 1732 4380 1903 4446; x_wconf 86' lang='grc' dir='ltr'>κάτω,</span> 
     </span>
    </p>
   </div>
   <div class='ocr_carea' id='block_1_77' title="bbox 1875 4430 1981 4484">
    <p class='ocr_par' dir='ltr' id='par_1_77' title="bbox 1875 4430 1981 4484">
     <span class='ocr_line' id='line_1_77' title="bbox 1875 4430 1981 4484; baseline 0.019 -2"><span class='ocrx_word' id='word_1_574' title='bbox 1875 4430 1981 4484; x_wconf 66' lang='grc' dir='ltr'><strong>ΣΙ)</strong></span> 
     </span>
    </p>
   </div>
   <div class='ocr_carea' id='block_1_78' title="bbox 2007 3186 3585 3257">
    <p class='ocr_par' dir='ltr' id='par_1_78' title="bbox 2007 3186 3585 3257">
     <span class='ocr_line' id='line_1_78' title="bbox 2007 3186 3585 3257; baseline 0.001 -19"><span class='ocrx_word' id='word_1_575' title='bbox 2007 3188 2247 3257; x_wconf 77' lang='lat' dir='ltr'><strong>lignum,</strong></span> <span class='ocrx_word' id='word_1_576' title='bbox 2307 3186 2392 3240; x_wconf 86' lang='lat' dir='ltr'><strong>vel</strong></span> <span class='ocrx_word' id='word_1_577' title='bbox 2462 3186 2688 3240; x_wconf 90' lang='lat' dir='ltr'><strong>alterius</strong></span> <span class='ocrx_word' id='word_1_578' title='bbox 2733 3186 2975 3241; x_wconf 66' lang='lat' dir='ltr'><strong>materia:</strong></span> <span class='ocrx_word' id='word_1_579' title='bbox 3010 3186 3435 3239; x_wconf 88' lang='lat' dir='ltr'><strong>instrumentum</strong></span> <span class='ocrx_word' id='word_1_580' title='bbox 3493 3202 3585 3240; x_wconf 89' lang='lat' dir='ltr'><strong>ca-</strong></span> 
     </span>
    </p>
   </div>
   <div class='ocr_carea' id='block_1_79' title="bbox 2006 3278 3587 3347">
    <p class='ocr_par' dir='ltr' id='par_1_79' title="bbox 2006 3278 3587 3347">
     <span class='ocr_line' id='line_1_79' title="bbox 2006 3278 3587 3347; baseline 0.001 -16"><span class='ocrx_word' id='word_1_581' title='bbox 2006 3280 2116 3347; x_wconf 90' lang='lat' dir='ltr'><strong>piat</strong></span> <span class='ocrx_word' id='word_1_582' title='bbox 2155 3280 2270 3332; x_wconf 89' lang='lat' dir='ltr'><strong>:ita</strong></span> <span class='ocrx_word' id='word_1_583' title='bbox 2336 3278 2553 3347; x_wconf 86' lang='lat' dir='ltr'><strong>quidem</strong></span> <span class='ocrx_word' id='word_1_584' title='bbox 2614 3278 2793 3333; x_wconf 75' lang='lat' dir='ltr'><strong>audax</strong></span> <span class='ocrx_word' id='word_1_585' title='bbox 2844 3279 2933 3334; x_wconf 93' lang='lat' dir='ltr'><strong>ille</strong></span> <span class='ocrx_word' id='word_1_586' title='bbox 2997 3292 3060 3331; x_wconf 90' lang='lat' dir='ltr'><strong>ac</strong></span> <span class='ocrx_word' id='word_1_587' title='bbox 3127 3278 3451 3334; x_wconf 87' lang='lat' dir='ltr'><strong>temerarius</strong></span> <span class='ocrx_word' id='word_1_588' title='bbox 3506 3280 3587 3333; x_wconf 87' lang='lat' dir='ltr'><strong>lo-</strong></span> 
     </span>
    </p>
   </div>
   <div class='ocr_carea' id='block_1_80' title="bbox 2006 3367 3583 3441">
    <p class='ocr_par' dir='ltr' id='par_1_80' title="bbox 2006 3367 3583 3441">
     <span class='ocr_line' id='line_1_80' title="bbox 2006 3367 3583 3441; baseline 0.002 -21"><span class='ocrx_word' id='word_1_589' title='bbox 2006 3369 2194 3438; x_wconf 90' lang='lat' dir='ltr'><strong>quitur</strong></span> <span class='ocrx_word' id='word_1_590' title='bbox 2223 3387 2237 3423; x_wconf 86' lang='lat'><strong>:</strong></span> <span class='ocrx_word' id='word_1_591' title='bbox 2270 3367 2403 3422; x_wconf 88' lang='lat' dir='ltr'><strong>Tam</strong></span> <span class='ocrx_word' id='word_1_592' title='bbox 2462 3368 2629 3423; x_wconf 87' lang='lat' dir='ltr'><strong>Deum</strong></span> <span class='ocrx_word' id='word_1_593' title='bbox 2699 3369 2980 3440; x_wconf 78' lang='lat' dir='ltr'><strong>intelligo,</strong></span> <span class='ocrx_word' id='word_1_594' title='bbox 3046 3386 3208 3440; x_wconf 91' lang='lat' dir='ltr'><strong>quam</strong></span> <span class='ocrx_word' id='word_1_595' title='bbox 3256 3386 3343 3425; x_wconf 84' lang='lat' dir='ltr'><strong>me</strong></span> <span class='ocrx_word' id='word_1_596' title='bbox 3375 3372 3583 3441; x_wconf 87' lang='lat' dir='ltr'><strong>ipsum;</strong></span> 
     </span>
    </p>
   </div>
   <div class='ocr_carea' id='block_1_81' title="bbox 2004 3458 3587 3529">
    <p class='ocr_par' dir='ltr' id='par_1_81' title="bbox 2004 3458 3587 3529">
     <span class='ocr_line' id='line_1_81' title="bbox 2004 3458 3587 3529; baseline 0.002 -16"><span class='ocrx_word' id='word_1_597' title='bbox 2004 3459 2136 3523; x_wconf 87' lang='lat' dir='ltr'><strong>imo,</strong></span> <span class='ocrx_word' id='word_1_598' title='bbox 2173 3466 2281 3511; x_wconf 88' lang='lat' dir='ltr'><strong>tam</strong></span> <span class='ocrx_word' id='word_1_599' title='bbox 2313 3474 2397 3511; x_wconf 92' lang='lat' dir='ltr'><strong>me</strong></span> <span class='ocrx_word' id='word_1_600' title='bbox 2429 3459 2606 3527; x_wconf 91' lang='lat' dir='ltr'><strong>ipsum</strong></span> <span class='ocrx_word' id='word_1_601' title='bbox 2656 3473 2765 3513; x_wconf 91' lang='lat' dir='ltr'><strong>non</strong></span> <span class='ocrx_word' id='word_1_602' title='bbox 2811 3459 2978 3523; x_wconf 90' lang='lat' dir='ltr'><strong>novi,</strong></span> <span class='ocrx_word' id='word_1_603' title='bbox 3027 3475 3191 3529; x_wconf 89' lang='lat' dir='ltr'><strong>quam</strong></span> <span class='ocrx_word' id='word_1_604' title='bbox 3247 3458 3436 3513; x_wconf 90' lang='lat' dir='ltr'><strong>Deum.</strong></span> <span class='ocrx_word' id='word_1_605' title='bbox 3486 3460 3587 3515; x_wconf 83' lang='lat' dir='ltr'><strong>Ve-</strong></span> 
     </span>
    </p>
   </div>
   <div class='ocr_carea' id='block_1_82' title="bbox 2006 3549 3587 3619">
    <p class='ocr_par' dir='ltr' id='par_1_82' title="bbox 2006 3549 3587 3619">
     <span class='ocr_line' id='line_1_82' title="bbox 2006 3549 3587 3619; baseline 0.002 -17"><span class='ocrx_word' id='word_1_606' title='bbox 2006 3564 2127 3603; x_wconf 86' lang='lat' dir='ltr'><strong>rum</strong></span> <span class='ocrx_word' id='word_1_607' title='bbox 2192 3563 2367 3617; x_wconf 86' lang='lat' dir='ltr'><strong>nugas</strong></span> <span class='ocrx_word' id='word_1_608' title='bbox 2417 3549 2553 3603; x_wconf 90' lang='lat' dir='ltr'><strong>istas</strong></span> <span class='ocrx_word' id='word_1_609' title='bbox 2629 3549 2770 3603; x_wconf 90' lang='lat' dir='ltr'><strong>ultra</strong></span> <span class='ocrx_word' id='word_1_610' title='bbox 2846 3550 3111 3606; x_wconf 85' lang='lat' dir='ltr'><strong>discendo</strong></span> <span class='ocrx_word' id='word_1_611' title='bbox 3173 3552 3463 3619; x_wconf 83' lang='lat' dir='ltr'><strong>persequi,</strong></span> <span class='ocrx_word' id='word_1_612' title='bbox 3501 3550 3587 3605; x_wconf 88' lang='lat' dir='ltr'><strong>vel</strong></span> 
     </span>
    </p>
   </div>
   <div class='ocr_carea' id='block_1_83' title="bbox 2008 3640 3587 3710">
    <p class='ocr_par' dir='ltr' id='par_1_83' title="bbox 2008 3640 3587 3710">
     <span class='ocr_line' id='line_1_83' title="bbox 2008 3640 3587 3710; baseline 0.002 -18"><span class='ocrx_word' id='word_1_613' title='bbox 2008 3640 2216 3703; x_wconf 87' lang='lat' dir='ltr'><strong>audire,</strong></span> <span class='ocrx_word' id='word_1_614' title='bbox 2270 3641 2347 3693; x_wconf 93' lang='lat' dir='ltr'><strong>uti</strong></span> <span class='ocrx_word' id='word_1_615' title='bbox 2414 3640 2668 3709; x_wconf 91' lang='lat' dir='ltr'><strong>pluribus</strong></span> <span class='ocrx_word' id='word_1_616' title='bbox 2738 3640 2981 3695; x_wconf 80' lang='lat' dir='ltr'><strong>fraudem</strong></span> <span class='ocrx_word' id='word_1_617' title='bbox 3028 3656 3091 3695; x_wconf 88' lang='lat' dir='ltr'><strong>ac</strong></span> <span class='ocrx_word' id='word_1_618' title='bbox 3136 3641 3452 3710; x_wconf 81' lang='lat' dir='ltr'><strong>perniciem,</strong></span> <span class='ocrx_word' id='word_1_619' title='bbox 3512 3640 3587 3695; x_wconf 84' lang='lat' dir='ltr'><strong>ita</strong></span> 
     </span>
    </p>
   </div>
   <div class='ocr_carea' id='block_1_84' title="bbox 2008 3731 3588 3802">
    <p class='ocr_par' dir='ltr' id='par_1_84' title="bbox 2008 3731 3588 3802">
     <span class='ocr_line' id='line_1_84' title="bbox 2008 3731 3588 3802; baseline 0 -17"><span class='ocrx_word' id='word_1_620' title='bbox 2008 3732 2345 3801; x_wconf 87' lang='lat' dir='ltr'><strong>sapientibus</strong></span> <span class='ocrx_word' id='word_1_621' title='bbox 2376 3731 2546 3786; x_wconf 87' lang='lat' dir='ltr'><strong>risum</strong></span> <span class='ocrx_word' id='word_1_622' title='bbox 2588 3747 2652 3785; x_wconf 92' lang='lat' dir='ltr'><strong>ac</strong></span> <span class='ocrx_word' id='word_1_623' title='bbox 2685 3732 2978 3787; x_wconf 89' lang='lat' dir='ltr'><strong>ludibrium</strong></span> <span class='ocrx_word' id='word_1_624' title='bbox 3031 3733 3356 3788; x_wconf 88' lang='lat' dir='ltr'><strong>consciscet.</strong></span> <span class='ocrx_word' id='word_1_625' title='bbox 3390 3734 3588 3802; x_wconf 91' lang='lat' dir='ltr'><strong>Ecquis</strong></span> 
     </span>
    </p>
   </div>
   <div class='ocr_carea' id='block_1_85' title="bbox 2007 3824 3586 3894">
    <p class='ocr_par' dir='ltr' id='par_1_85' title="bbox 2007 3824 3586 3894">
     <span class='ocr_line' id='line_1_85' title="bbox 2007 3824 3586 3894; baseline -0.001 -15"><span class='ocrx_word' id='word_1_626' title='bbox 2007 3825 2151 3879; x_wconf 87' lang='lat' dir='ltr'><strong>enim</strong></span> <span class='ocrx_word' id='word_1_627' title='bbox 2188 3825 2387 3880; x_wconf 89' lang='lat' dir='ltr'><strong>mentis</strong></span> <span class='ocrx_word' id='word_1_628' title='bbox 2438 3824 2690 3880; x_wconf 81' lang='lat' dir='ltr'><strong>vecordia</strong></span> <span class='ocrx_word' id='word_1_629' title='bbox 2763 3839 2829 3879; x_wconf 91' lang='lat' dir='ltr'><strong>ac</strong></span> <span class='ocrx_word' id='word_1_630' title='bbox 2876 3825 3059 3879; x_wconf 83' lang='lat' dir='ltr'><strong>lurore</strong></span> <span class='ocrx_word' id='word_1_631' title='bbox 3093 3826 3335 3894; x_wconf 88' lang='lat' dir='ltr'><strong>percitus</strong></span> <span class='ocrx_word' id='word_1_632' title='bbox 3362 3825 3499 3879; x_wconf 89' lang='lat' dir='ltr'><strong>alios</strong></span> <span class='ocrx_word' id='word_1_633' title='bbox 3531 3825 3586 3878; x_wconf 92' lang='lat' dir='ltr'><strong>iu</strong></span> 
     </span>
    </p>
   </div>
   <div class='ocr_carea' id='block_1_86' title="bbox 2007 3915 3589 3985">
    <p class='ocr_par' dir='ltr' id='par_1_86' title="bbox 2007 3915 3589 3985">
     <span class='ocr_line' id='line_1_86' title="bbox 2007 3915 3589 3985; baseline 0.001 -16"><span class='ocrx_word' id='word_1_634' title='bbox 2007 3916 2255 3969; x_wconf 88' lang='lat' dir='ltr'><strong>eamdem</strong></span> <span class='ocrx_word' id='word_1_635' title='bbox 2292 3915 2563 3970; x_wconf 88' lang='lat' dir='ltr'><strong>insaniam</strong></span> <span class='ocrx_word' id='word_1_636' title='bbox 2603 3915 2843 3980; x_wconf 87' lang='lat' dir='ltr'><strong>trahere,</strong></span> <span class='ocrx_word' id='word_1_637' title='bbox 2885 3916 3188 3984; x_wconf 72' lang='lat' dir='ltr'><strong>praesertim</strong></span> <span class='ocrx_word' id='word_1_638' title='bbox 3221 3917 3589 3985; x_wconf 79' lang='lat' dir='ltr'><strong>obsequentes</strong></span> 
     </span>
    </p>
   </div>
   <div class='ocr_carea' id='block_1_87' title="bbox 2008 4005 3588 4076">
    <p class='ocr_par' dir='ltr' id='par_1_87' title="bbox 2008 4005 3588 4076">
     <span class='ocr_line' id='line_1_87' title="bbox 2008 4005 3588 4076; baseline 0.001 -16"><span class='ocrx_word' id='word_1_639' title='bbox 2008 4007 2113 4061; x_wconf 80' lang='lat' dir='ltr'><strong>sibi</strong></span> <span class='ocrx_word' id='word_1_640' title='bbox 2140 4022 2203 4061; x_wconf 90' lang='lat' dir='ltr'><strong>ac</strong></span> <span class='ocrx_word' id='word_1_641' title='bbox 2239 4007 2387 4061; x_wconf 91' lang='lat' dir='ltr'><strong>dicto</strong></span> <span class='ocrx_word' id='word_1_642' title='bbox 2436 4007 2752 4071; x_wconf 88' lang='lat' dir='ltr'><strong>audientes,</strong></span> <span class='ocrx_word' id='word_1_643' title='bbox 2788 4022 2896 4061; x_wconf 92' lang='lat' dir='ltr'><strong>non</strong></span> <span class='ocrx_word' id='word_1_644' title='bbox 2935 4006 3150 4076; x_wconf 85' lang='lat' dir='ltr'><strong>possit?</strong></span> <span class='ocrx_word' id='word_1_645' title='bbox 3190 4005 3342 4072; x_wconf 89' lang='lat' dir='ltr'><strong>Quod</strong></span> <span class='ocrx_word' id='word_1_646' title='bbox 3378 4008 3423 4061; x_wconf 91' lang='lat' dir='ltr'><strong>si</strong></span> <span class='ocrx_word' id='word_1_647' title='bbox 3463 4006 3588 4075; x_wconf 86' lang='lat' dir='ltr'><strong>quis</strong></span> 
     </span>
    </p>
   </div>
   <div class='ocr_carea' id='block_1_88' title="bbox 2010 4096 3701 4169">
    <p class='ocr_par' dir='ltr' id='par_1_88' title="bbox 2010 4096 3701 4169">
     <span class='ocr_line' id='line_1_88' title="bbox 2010 4096 3701 4169; baseline 0 -18"><span class='ocrx_word' id='word_1_648' title='bbox 2010 4098 2184 4162; x_wconf 93' lang='lat' dir='ltr'><strong>illum,</strong></span> <span class='ocrx_word' id='word_1_649' title='bbox 2232 4098 2315 4152; x_wconf 80' lang='lat' dir='ltr'><strong>vel</strong></span> <span class='ocrx_word' id='word_1_650' title='bbox 2353 4098 2520 4169; x_wconf 82' lang='lat'><strong>990</strong></span> <span class='ocrx_word' id='word_1_651' title='bbox 2566 4097 2869 4167; x_wconf 91' lang='lat' dir='ltr'><strong>discipulos</strong></span> <span class='ocrx_word' id='word_1_652' title='bbox 2922 4105 3179 4167; x_wconf 82' lang='lat' dir='ltr'><strong>rogaret:</strong></span> <span class='ocrx_word' id='word_1_653' title='bbox 3218 4096 3296 4152; x_wconf 88' lang='lat' dir='ltr'><strong>Ne</strong></span> <span class='ocrx_word' id='word_1_654' title='bbox 3338 4105 3395 4151; x_wconf 91' lang='lat' dir='ltr'><strong>tu</strong></span> <span class='ocrx_word' id='word_1_655' title='bbox 3455 4097 3587 4151; x_wconf 88' lang='lat' dir='ltr'><strong>mihi</strong></span> <span class='ocrx_word' id='word_1_656' title='bbox 3686 4121 3701 4138; x_wconf 81' lang='grc' dir='ltr'><strong>ο</strong></span> 
     </span>
    </p>
   </div>
   <div class='ocr_carea' id='block_1_89' title="bbox 2009 4186 3587 4260">
    <p class='ocr_par' dir='ltr' id='par_1_89' title="bbox 2009 4186 3587 4260">
     <span class='ocr_line' id='line_1_89' title="bbox 2009 4186 3587 4260; baseline -0.003 -17"><span class='ocrx_word' id='word_1_657' title='bbox 2009 4189 2452 4259; x_wconf 86' lang='lat' dir='ltr'><strong>incomparabilis</strong></span> <span class='ocrx_word' id='word_1_658' title='bbox 2473 4198 2527 4242; x_wconf 91' lang='lat' dir='ltr'><strong>et</strong></span> <span class='ocrx_word' id='word_1_659' title='bbox 2549 4189 3125 4260; x_wconf 89' lang='lat' dir='ltr'><strong>incomprehensibilis</strong></span> <span class='ocrx_word' id='word_1_660' title='bbox 3178 4186 3270 4242; x_wconf 89' lang='lat' dir='ltr'><strong>Dei</strong></span> <span class='ocrx_word' id='word_1_661' title='bbox 3301 4187 3587 4243; x_wconf 89' lang='lat' dir='ltr'><strong>scientiam</strong></span> 
     </span>
    </p>
   </div>
   <div class='ocr_carea' id='block_1_90' title="bbox 2004 4279 3590 4351">
    <p class='ocr_par' dir='ltr' id='par_1_90' title="bbox 2004 4279 3590 4351">
     <span class='ocr_line' id='line_1_90' title="bbox 2004 4279 3590 4351; baseline 0 -18"><span class='ocrx_word' id='word_1_662' title='bbox 2004 4280 2245 4351; x_wconf 90' lang='lat' dir='ltr'><strong>jactites,</strong></span> <span class='ocrx_word' id='word_1_663' title='bbox 2288 4280 2450 4349; x_wconf 89' lang='lat' dir='ltr'><strong>cujus</strong></span> <span class='ocrx_word' id='word_1_664' title='bbox 2516 4279 2750 4334; x_wconf 80' lang='lat' dir='ltr'><strong>formam</strong></span> <span class='ocrx_word' id='word_1_665' title='bbox 2799 4280 3018 4350; x_wconf 91' lang='lat' dir='ltr'><strong>quidem</strong></span> <span class='ocrx_word' id='word_1_666' title='bbox 3054 4294 3118 4333; x_wconf 89' lang='lat' dir='ltr'><strong>ac</strong></span> <span class='ocrx_word' id='word_1_667' title='bbox 3150 4290 3400 4334; x_wconf 85' lang='lat' dir='ltr'><strong>naturam</strong></span> <span class='ocrx_word' id='word_1_668' title='bbox 3440 4294 3590 4333; x_wconf 79' lang='lat' dir='ltr'><strong>asse-</strong></span> 
     </span>
    </p>
   </div>
   <div class='ocr_carea' id='block_1_91' title="bbox 2009 4370 3592 4442">
    <p class='ocr_par' dir='ltr' id='par_1_91' title="bbox 2009 4370 3592 4442">
     <span class='ocr_line' id='line_1_91' title="bbox 2009 4370 3592 4442; baseline -0.001 -18"><span class='ocrx_word' id='word_1_669' title='bbox 2009 4372 2099 4442; x_wconf 89' lang='lat' dir='ltr'><strong>qui</strong></span> <span class='ocrx_word' id='word_1_670' title='bbox 2132 4386 2291 4425; x_wconf 88' lang='lat' dir='ltr'><strong>nemo</strong></span> <span class='ocrx_word' id='word_1_671' title='bbox 2322 4378 2522 4440; x_wconf 91' lang='lat' dir='ltr'><strong>potest,</strong></span> <span class='ocrx_word' id='word_1_672' title='bbox 2557 4371 2661 4425; x_wconf 78' lang='lat' dir='ltr'><strong>[ide</strong></span> <span class='ocrx_word' id='word_1_673' title='bbox 2693 4386 2823 4426; x_wconf 88' lang='lat' dir='ltr'><strong>vero</strong></span> <span class='ocrx_word' id='word_1_674' title='bbox 2848 4371 2916 4425; x_wconf 92' lang='lat' dir='ltr'><strong>ab</strong></span> <span class='ocrx_word' id='word_1_675' title='bbox 2960 4370 3139 4441; x_wconf 91' lang='lat' dir='ltr'><strong>ipsius</strong></span> <span class='ocrx_word' id='word_1_676' title='bbox 3177 4371 3353 4426; x_wconf 87' lang='lat' dir='ltr'><strong>servis</strong></span> <span class='ocrx_word' id='word_1_677' title='bbox 3401 4378 3592 4424; x_wconf 87' lang='lat' dir='ltr'><strong>utcun-</strong></span> 
     </span>
    </p>
   </div>
   <div class='ocr_carea' id='block_1_92' title="bbox 321 4463 1901 4540">
    <p class='ocr_par' dir='ltr' id='par_1_92' title="bbox 321 4464 1901 4540">
     <span class='ocr_line' id='line_1_92' title="bbox 321 4464 1901 4540; baseline 0.006 -24"><span class='ocrx_word' id='word_1_678' title='bbox 321 4464 378 4517; x_wconf 88' lang='grc' dir='ltr'><strong>τί</strong></span> <span class='ocrx_word' id='word_1_679' title='bbox 411 4468 468 4517; x_wconf 82' lang='grc' dir='ltr'>ὲν</span> <span class='ocrx_word' id='word_1_680' title='bbox 499 4465 667 4536; x_wconf 79' lang='grc' dir='ltr'>δεξιᾷ,</span> <span class='ocrx_word' id='word_1_681' title='bbox 688 4466 741 4518; x_wconf 93' lang='grc' dir='ltr'>τί</span> <span class='ocrx_word' id='word_1_682' title='bbox 766 4468 823 4521; x_wconf 85' lang='grc' dir='ltr'><strong>ἐν</strong></span> <span class='ocrx_word' id='word_1_683' title='bbox 853 4467 1184 4539; x_wconf 73' lang='grc' dir='ltr'>εὐωνύμοις·</span> <span class='ocrx_word' id='word_1_684' title='bbox 1204 4469 1303 4539; x_wconf 80' lang='grc' dir='ltr'>τῆς</span> <span class='ocrx_word' id='word_1_685' title='bbox 1337 4469 1901 4540; x_wconf 81' lang='grc' dir='ltr'>κτίσεως,τῆςέαυτοῦ</span> 
     </span>
    </p>
   </div>
   <div class='ocr_carea' id='block_1_93' title="bbox 2002 4463 3585 4540">
    <p class='ocr_par' dir='ltr' id='par_1_93' title="bbox 2010 4463 3585 4534">
     <span class='ocr_line' id='line_1_93' title="bbox 2010 4463 3585 4534; baseline 0.001 -20"><span class='ocrx_word' id='word_1_686' title='bbox 2010 4479 2113 4533; x_wconf 87' lang='lat' dir='ltr'><strong>que</strong></span> <span class='ocrx_word' id='word_1_687' title='bbox 2128 4464 2383 4534; x_wconf 80' lang='lat' dir='ltr'><strong>cognosci</strong></span> <span class='ocrx_word' id='word_1_688' title='bbox 2416 4470 2597 4533; x_wconf 87' lang='lat' dir='ltr'><strong>potest</strong></span> <span class='ocrx_word' id='word_1_689' title='bbox 2618 4480 2632 4529; x_wconf 90' lang='lat'><strong>;</strong></span> <span class='ocrx_word' id='word_1_690' title='bbox 2652 4463 2748 4518; x_wconf 91' lang='lat' dir='ltr'><strong>sed</strong></span> <span class='ocrx_word' id='word_1_691' title='bbox 2772 4463 2875 4518; x_wconf 92' lang='lat' dir='ltr'><strong>hoc</strong></span> <span class='ocrx_word' id='word_1_692' title='bbox 2902 4464 3063 4518; x_wconf 90' lang='lat' dir='ltr'><strong>velim</strong></span> <span class='ocrx_word' id='word_1_693' title='bbox 3089 4464 3247 4519; x_wconf 88' lang='lat' dir='ltr'><strong>nobis</strong></span> <span class='ocrx_word' id='word_1_694' title='bbox 3280 4464 3585 4519; x_wconf 86' lang='lat' dir='ltr'><strong>edisseras:</strong></span> 
     </span>
    </p>
   </div>
   <div class='ocr_carea' id='block_1_94' title="bbox 324 4556 1911 4634">
    <p class='ocr_par' dir='ltr' id='par_1_94' title="bbox 324 4556 1911 4634">
     <span class='ocr_line' id='line_1_94' title="bbox 324 4556 1911 4634; baseline 0.006 -26"><span class='ocrx_word' id='word_1_695' title='bbox 324 4556 577 4621; x_wconf 79' lang='grc' dir='ltr'>πλάσεως</span> <span class='ocrx_word' id='word_1_696' title='bbox 606 4558 666 4611; x_wconf 89' lang='grc' dir='ltr'><strong>τὸ</strong></span> <span class='ocrx_word' id='word_1_697' title='bbox 690 4558 955 4631; x_wconf 86' lang='grc' dir='ltr'>διήγημα,</span> <span class='ocrx_word' id='word_1_698' title='bbox 986 4560 1093 4613; x_wconf 90' lang='grc' dir='ltr'><strong>τῶν</strong></span> <span class='ocrx_word' id='word_1_699' title='bbox 1116 4562 1207 4613; x_wconf 77' lang='grc' dir='ltr'>ἐπὶ</span> <span class='ocrx_word' id='word_1_700' title='bbox 1239 4561 1338 4633; x_wconf 83' lang='grc' dir='ltr'><strong>τῆς</strong></span> <span class='ocrx_word' id='word_1_701' title='bbox 1364 4564 1465 4633; x_wconf 81' lang='grc' dir='ltr'><strong>γῆς</strong></span> <span class='ocrx_word' id='word_1_702' title='bbox 1493 4561 1791 4634; x_wconf 83' lang='grc' dir='ltr'>ἀμυθήτων</span> <span class='ocrx_word' id='word_1_703' title='bbox 1816 4564 1911 4617; x_wconf 92' lang='grc' dir='ltr'><strong>τὸν</strong></span> 
     </span>
    </p>
   </div>
   <div class='ocr_carea' id='block_1_95' title="bbox 321 4649 1911 4725">
    <p class='ocr_par' dir='ltr' id='par_1_95' title="bbox 321 4649 1911 4725">
     <span class='ocr_line' id='line_1_95' title="bbox 321 4649 1911 4725; baseline 0.005 -24"><span class='ocrx_word' id='word_1_704' title='bbox 321 4649 556 4720; x_wconf 86' lang='grc' dir='ltr'>ἀριθμὸν</span> <span class='ocrx_word' id='word_1_705' title='bbox 590 4651 683 4704; x_wconf 73' lang='grc' dir='ltr'>καὶ</span> <span class='ocrx_word' id='word_1_706' title='bbox 714 4652 782 4705; x_wconf 91' lang='grc' dir='ltr'><strong>τά</strong></span> <span class='ocrx_word' id='word_1_707' title='bbox 818 4652 990 4724; x_wconf 88' lang='grc' dir='ltr'>μέτρα</span> <span class='ocrx_word' id='word_1_708' title='bbox 1015 4670 1028 4683; x_wconf 87' lang='grc'>·</span> <span class='ocrx_word' id='word_1_709' title='bbox 1066 4652 1253 4707; x_wconf 90' lang='grc' dir='ltr'>λοιπὸν</span> <span class='ocrx_word' id='word_1_710' title='bbox 1286 4654 1460 4708; x_wconf 90' lang='grc' dir='ltr'>ταῦτα</span> <span class='ocrx_word' id='word_1_711' title='bbox 1485 4655 1724 4725; x_wconf 77' lang='grc' dir='ltr'>ἥκουσαν</span> <span class='ocrx_word' id='word_1_712' title='bbox 1748 4656 1789 4720; x_wconf 91' lang='grc'><strong>¹,</strong></span> <span class='ocrx_word' id='word_1_713' title='bbox 1834 4655 1911 4720; x_wconf 83' lang='grc' dir='ltr'>ὼς</span> 
     </span>
    </p>
   </div>
   <div class='ocr_carea' id='block_1_96' title="bbox 322 4738 1912 4815">
    <p class='ocr_par' dir='ltr' id='par_1_96' title="bbox 322 4738 1912 4815">
     <span class='ocr_line' id='line_1_96' title="bbox 322 4738 1912 4815; baseline 0.005 -24"><span class='ocrx_word' id='word_1_714' title='bbox 322 4738 640 4810; x_wconf 69' lang='grc' dir='ltr'>ἠκούσαμεν</span> <span class='ocrx_word' id='word_1_715' title='bbox 670 4740 813 4812; x_wconf 83' lang='grc' dir='ltr'><strong>παρά</strong></span> <span class='ocrx_word' id='word_1_716' title='bbox 835 4742 944 4794; x_wconf 91' lang='grc' dir='ltr'><strong>τῶν</strong></span> <span class='ocrx_word' id='word_1_717' title='bbox 973 4741 1065 4795; x_wconf 83' lang='grc' dir='ltr'><strong>ὑπ’</strong></span> <span class='ocrx_word' id='word_1_718' title='bbox 1098 4740 1264 4795; x_wconf 78' lang='grc' dir='ltr'>αὐτοῦ</span> <span class='ocrx_word' id='word_1_719' title='bbox 1288 4745 1473 4815; x_wconf 79' lang='grc' dir='ltr'>ὴπατη</span> <span class='ocrx_word' id='word_1_720' title='bbox 1484 4744 1683 4815; x_wconf 90' lang='grc' dir='ltr'>μένων,</span> <span class='ocrx_word' id='word_1_721' title='bbox 1716 4746 1795 4808; x_wconf 78' lang='grc' dir='ltr'>εἰς</span> <span class='ocrx_word' id='word_1_722' title='bbox 1824 4763 1912 4799; x_wconf 86' lang='grc' dir='ltr'>σο-</span> 
     </span>
    </p>
   </div>
   <div class='ocr_carea' id='block_1_97' title="bbox 323 4829 1909 4906">
    <p class='ocr_par' dir='ltr' id='par_1_97' title="bbox 323 4829 1909 4906">
     <span class='ocr_line' id='line_1_97' title="bbox 323 4829 1909 4906; baseline 0.004 -23"><span class='ocrx_word' id='word_1_723' title='bbox 323 4829 581 4895; x_wconf 77' lang='grc' dir='ltr'>φιστικὰς</span> <span class='ocrx_word' id='word_1_724' title='bbox 596 4832 898 4902; x_wconf 84' lang='grc' dir='ltr'>προφάσεις</span> <span class='ocrx_word' id='word_1_725' title='bbox 919 4832 1386 4903; x_wconf 87' lang='grc' dir='ltr'>παρεκκλίναντες</span> <span class='ocrx_word' id='word_1_726' title='bbox 1415 4835 1691 4906; x_wconf 76' lang='grc' dir='ltr'>εἰρωνείᾳ,</span> <span class='ocrx_word' id='word_1_727' title='bbox 1724 4836 1909 4890; x_wconf 88' lang='grc' dir='ltr'>λοιπὸν</span> 
     </span>
    </p>
   </div>
   <div class='ocr_carea' id='block_1_98' title="bbox 322 4912 1910 4996">
    <p class='ocr_par' dir='ltr' id='par_1_98' title="bbox 322 4912 1910 4996">
     <span class='ocr_line' id='line_1_98' title="bbox 322 4912 1910 4996; baseline 0.006 -23"><span class='ocrx_word' id='word_1_728' title='bbox 322 4920 575 4990; x_wconf 82' lang='grc' dir='ltr'>λέγουσιν</span> <span class='ocrx_word' id='word_1_729' title='bbox 603 4923 698 4975; x_wconf 88' lang='grc' dir='ltr'>ἀπ’</span> <span class='ocrx_word' id='word_1_730' title='bbox 723 4922 933 4977; x_wconf 79' lang='grc' dir='ltr'>ἐκείνου</span> <span class='ocrx_word' id='word_1_731' title='bbox 975 4912 1375 4996; x_wconf 25' lang='grc' dir='ltr'>μεμαθηκότεςχ,</span> <span class='ocrx_word' id='word_1_732' title='bbox 1396 4926 1477 4980; x_wconf 80' lang='grc' dir='ltr'>ὅτι</span> <span class='ocrx_word' id='word_1_733' title='bbox 1518 4928 1703 4982; x_wconf 86' lang='grc' dir='ltr'>Πάντα</span> <span class='ocrx_word' id='word_1_734' title='bbox 1736 4929 1910 4982; x_wconf 87' lang='grc' dir='ltr'>ταῦτα</span> 
     </span>
    </p>
   </div>
   <div class='ocr_carea' id='block_1_99' title="bbox 324 5013 1909 5087">
    <p class='ocr_par' dir='ltr' id='par_1_99' title="bbox 324 5013 1909 5087">
     <span class='ocr_line' id='line_1_99' title="bbox 324 5013 1909 5087; baseline 0.006 -23"><span class='ocrx_word' id='word_1_735' title='bbox 324 5013 393 5066; x_wconf 84' lang='grc' dir='ltr'><strong>τά</strong></span> <span class='ocrx_word' id='word_1_736' title='bbox 416 5014 704 5085; x_wconf 87' lang='grc' dir='ltr'>σωματικά</span> <span class='ocrx_word' id='word_1_737' title='bbox 723 5016 861 5079; x_wconf 82' lang='grc' dir='ltr'>ἐστι,</span> <span class='ocrx_word' id='word_1_738' title='bbox 891 5017 987 5069; x_wconf 56' lang='grc' dir='ltr'><strong>καὶ⁹</strong></span> <span class='ocrx_word' id='word_1_739' title='bbox 1012 5016 1073 5069; x_wconf 83' lang='grc' dir='ltr'><strong>ού</strong></span> <span class='ocrx_word' id='word_1_740' title='bbox 1094 5017 1370 5087; x_wconf 89' lang='grc' dir='ltr'>δυνάμεθα</span> <span class='ocrx_word' id='word_1_741' title='bbox 1397 5017 1615 5073; x_wconf 74' lang='grc' dir='ltr'>εἰδέναι.</span> <span class='ocrx_word' id='word_1_742' title='bbox 1647 5019 1751 5072; x_wconf 89' lang='grc' dir='ltr'>Τὸν</span> <span class='ocrx_word' id='word_1_743' title='bbox 1776 5019 1909 5074; x_wconf 87' lang='grc' dir='ltr'>Θεὸν</span> 
     </span>
    </p>
   </div>
   <div class='ocr_carea' id='block_1_100' title="bbox 322 5103 1908 5178">
    <p class='ocr_par' dir='ltr' id='par_1_100' title="bbox 322 5103 1908 5178">
     <span class='ocr_line' id='line_1_100' title="bbox 322 5103 1908 5178; baseline 0.004 -22"><span class='ocrx_word' id='word_1_744' title='bbox 322 5103 382 5157; x_wconf 82' lang='grc' dir='ltr'><strong>δὲ</strong></span> <span class='ocrx_word' id='word_1_745' title='bbox 438 5104 531 5157; x_wconf 91' lang='grc' dir='ltr'><strong>τὸν</strong></span> <span class='ocrx_word' id='word_1_746' title='bbox 580 5104 719 5158; x_wconf 84' lang='grc' dir='ltr'><strong>αύτά</strong></span> <span class='ocrx_word' id='word_1_747' title='bbox 760 5107 1099 5177; x_wconf 84' lang='grc' dir='ltr'>πεποιηκότα</span> <span class='ocrx_word' id='word_1_748' title='bbox 1155 5107 1379 5178; x_wconf 74' lang='grc' dir='ltr'>οἴδαμεν</span> <span class='ocrx_word' id='word_1_749' title='bbox 1432 5107 1619 5176; x_wconf 81' lang='grc' dir='ltr'>σαφῶς</span> <span class='ocrx_word' id='word_1_750' title='bbox 1665 5110 1908 5174; x_wconf 87' lang='grc' dir='ltr'>ποταπός</span> 
     </span>
    </p>
   </div>
   <div class='ocr_carea' id='block_1_101' title="bbox 323 5192 1903 5264">
    <p class='ocr_par' dir='ltr' id='par_1_101' title="bbox 323 5192 1903 5264">
     <span class='ocr_line' id='line_1_101' title="bbox 323 5192 1903 5264; baseline 0.006 -19"><span class='ocrx_word' id='word_1_751' title='bbox 323 5195 479 5260; x_wconf 81' lang='grc' dir='ltr'>ἐστι,</span> <span class='ocrx_word' id='word_1_752' title='bbox 512 5195 609 5249; x_wconf 74' lang='grc' dir='ltr'>καὶ</span> <span class='ocrx_word' id='word_1_753' title='bbox 657 5194 773 5259; x_wconf 90' lang='grc' dir='ltr'><strong>πῶς</strong></span> <span class='ocrx_word' id='word_1_754' title='bbox 822 5198 968 5260; x_wconf 77' lang='grc' dir='ltr'>ἐστι,</span> <span class='ocrx_word' id='word_1_755' title='bbox 1011 5198 1105 5251; x_wconf 76' lang='grc' dir='ltr'>καὶ</span> <span class='ocrx_word' id='word_1_756' title='bbox 1136 5192 1248 5261; x_wconf 77' lang='grc' dir='ltr'>οἷός</span> <span class='ocrx_word' id='word_1_757' title='bbox 1282 5200 1427 5262; x_wconf 77' lang='grc' dir='ltr'>ἐστι,</span> <span class='ocrx_word' id='word_1_758' title='bbox 1476 5200 1571 5253; x_wconf 75' lang='grc' dir='ltr'>καὶ</span> <span class='ocrx_word' id='word_1_759' title='bbox 1617 5200 1703 5264; x_wconf 88' lang='grc' dir='ltr'><strong>τίς</strong></span> <span class='ocrx_word' id='word_1_760' title='bbox 1769 5202 1903 5255; x_wconf 81' lang='grc' dir='ltr'>ἐστι.</span> 
     </span>
    </p>
   </div>
   <div class='ocr_carea' id='block_1_102' title="bbox 324 5286 1904 5358">
    <p class='ocr_par' dir='ltr' id='par_1_102' title="bbox 324 5286 1904 5358">
     <span class='ocr_line' id='line_1_102' title="bbox 324 5286 1904 5358; baseline 0.004 -20"><span class='ocrx_word' id='word_1_761' title='bbox 324 5287 425 5350; x_wconf 74' lang='grc' dir='ltr'><strong>Τίς</strong></span> <span class='ocrx_word' id='word_1_762' title='bbox 450 5286 508 5339; x_wconf 81' lang='grc' dir='ltr'><strong>δὲ</strong></span> <span class='ocrx_word' id='word_1_763' title='bbox 546 5286 786 5350; x_wconf 86' lang='grc' dir='ltr'>ἀκούσας</span> <span class='ocrx_word' id='word_1_764' title='bbox 812 5286 987 5341; x_wconf 90' lang='grc' dir='ltr'>ταῦτα</span> <span class='ocrx_word' id='word_1_765' title='bbox 1015 5290 1115 5342; x_wconf 84' lang='grc' dir='ltr'><strong>οὐκ</strong></span> <span class='ocrx_word' id='word_1_766' title='bbox 1159 5289 1226 5343; x_wconf 86' lang='grc' dir='ltr'><strong>ἂν</strong></span> <span class='ocrx_word' id='word_1_767' title='bbox 1263 5290 1685 5358; x_wconf 88' lang='grc' dir='ltr'>καταγελάσειεν</span> <span class='ocrx_word' id='word_1_768' title='bbox 1714 5291 1904 5357; x_wconf 82' lang='grc' dir='ltr'>εὐθύς;</span> 
     </span>
    </p>
   </div>
   <div class='ocr_carea' id='block_1_103' title="bbox 326 5376 1909 5452">
    <p class='ocr_par' dir='ltr' id='par_1_103' title="bbox 326 5376 1909 5452">
     <span class='ocr_line' id='line_1_103' title="bbox 326 5376 1909 5452; baseline 0.003 -23"><span class='ocrx_word' id='word_1_769' title='bbox 326 5376 533 5447; x_wconf 79' lang='grc' dir='ltr'>Εῠηθες</span> <span class='ocrx_word' id='word_1_770' title='bbox 565 5378 674 5449; x_wconf 89' lang='grc' dir='ltr'><strong>γάρ</strong></span> <span class='ocrx_word' id='word_1_771' title='bbox 702 5379 820 5430; x_wconf 80' lang='grc' dir='ltr'>ἐστι</span> <span class='ocrx_word' id='word_1_772' title='bbox 847 5378 908 5431; x_wconf 86' lang='grc' dir='ltr'><strong>τὸ</strong></span> <span class='ocrx_word' id='word_1_773' title='bbox 937 5378 1078 5443; x_wconf 78' lang='grc' dir='ltr'>ὅλον,</span> <span class='ocrx_word' id='word_1_774' title='bbox 1100 5380 1183 5432; x_wconf 86' lang='grc' dir='ltr'>ὅτι</span> <span class='ocrx_word' id='word_1_775' title='bbox 1208 5380 1299 5433; x_wconf 89' lang='grc' dir='ltr'><strong>τὸν</strong></span> <span class='ocrx_word' id='word_1_776' title='bbox 1332 5382 1601 5452; x_wconf 89' lang='grc' dir='ltr'>τεχνίτην,</span> <span class='ocrx_word' id='word_1_777' title='bbox 1627 5382 1719 5434; x_wconf 73' lang='grc' dir='ltr'>καὶ</span> <span class='ocrx_word' id='word_1_778' title='bbox 1745 5383 1909 5451; x_wconf 85' lang='grc' dir='ltr'>ἀσύγ-</span> 
     </span>
    </p>
   </div>
   <div class='ocr_carea' id='block_1_104' title="bbox 325 5468 1908 5544">
    <p class='ocr_par' dir='ltr' id='par_1_104' title="bbox 325 5468 1908 5544">
     <span class='ocr_line' id='line_1_104' title="bbox 325 5468 1908 5544; baseline 0.004 -24"><span class='ocrx_word' id='word_1_779' title='bbox 325 5485 534 5539; x_wconf 88' lang='grc' dir='ltr'>κριτον,</span> <span class='ocrx_word' id='word_1_780' title='bbox 571 5470 667 5522; x_wconf 73' lang='grc' dir='ltr'><strong>καὶ</strong></span> <span class='ocrx_word' id='word_1_781' title='bbox 699 5468 1090 5540; x_wconf 84' lang='grc' dir='ltr'>ἀνεκδιήγητον</span> <span class='ocrx_word' id='word_1_782' title='bbox 1120 5469 1269 5537; x_wconf 89' lang='grc' dir='ltr'>λέγει</span> <span class='ocrx_word' id='word_1_783' title='bbox 1295 5470 1513 5535; x_wconf 74' lang='grc' dir='ltr'>εἰδέναι,</span> <span class='ocrx_word' id='word_1_784' title='bbox 1542 5473 1637 5525; x_wconf 78' lang='grc' dir='ltr'>καὶ</span> <span class='ocrx_word' id='word_1_785' title='bbox 1666 5473 1908 5544; x_wconf 74' lang='grc' dir='ltr'>ἡκριϐω·</span> 
     </span>
    </p>
   </div>
   <div class='ocr_carea' id='block_1_105' title="bbox 328 5558 1906 5638">
    <p class='ocr_par' dir='ltr' id='par_1_105' title="bbox 328 5558 1906 5638">
     <span class='ocr_line' id='line_1_105' title="bbox 328 5558 1906 5638; baseline 0.004 -24"><span class='ocrx_word' id='word_1_786' title='bbox 328 5558 502 5616; x_wconf 79' lang='grc' dir='ltr'>κέναι·</span> <span class='ocrx_word' id='word_1_787' title='bbox 528 5563 654 5632; x_wconf 55' lang='grc' dir='ltr'><strong>(καὶ¹</strong></span> <span class='ocrx_word' id='word_1_788' title='bbox 699 5561 811 5615; x_wconf 75' lang='grc' dir='ltr'>εἴθε</span> <span class='ocrx_word' id='word_1_789' title='bbox 833 5560 988 5629; x_wconf 71' lang='grc' dir='ltr'>ἔλεγε</span> <span class='ocrx_word' id='word_1_790' title='bbox 1012 5563 1078 5633; x_wconf 79' lang='grc' dir='ltr'>τῇ</span> <span class='ocrx_word' id='word_1_791' title='bbox 1107 5561 1287 5615; x_wconf 85' lang='grc' dir='ltr'>πίστει</span> <span class='ocrx_word' id='word_1_792' title='bbox 1315 5561 1512 5616; x_wconf 76' lang='grc' dir='ltr'>εἰδέναι</span> <span class='ocrx_word' id='word_1_793' title='bbox 1541 5564 1634 5616; x_wconf 72' lang='grc' dir='ltr'>καὶ</span> <span class='ocrx_word' id='word_1_794' title='bbox 1663 5566 1906 5638; x_wconf 66' lang='grc' dir='ltr'>ἠκριϐω-</span> 
     </span>
    </p>
   </div>
   <div class='ocr_carea' id='block_1_106' title="bbox 423 5714 1656 5791">
    <p class='ocr_par' dir='ltr' id='par_1_106' title="bbox 423 5714 1656 5791">
     <span class='ocr_line' id='line_1_106' title="bbox 423 5714 1656 5791; baseline 0.006 -22"><span class='ocrx_word' id='word_1_795' title='bbox 423 5715 439 5747; x_wconf 80' lang='grc'>¹</span> <span class='ocrx_word' id='word_1_796' title='bbox 469 5714 603 5787; x_wconf 70' lang='lat' dir='ltr'><strong>Reg.</strong></span> <span class='ocrx_word' id='word_1_797' title='bbox 628 5718 882 5786; x_wconf 78' lang='grc' dir='ltr'>ἡκουσας.</span> <span class='ocrx_word' id='word_1_798' title='bbox 914 5716 1077 5773; x_wconf 79' lang='lat' dir='ltr'><strong>Forte</strong></span> <span class='ocrx_word' id='word_1_799' title='bbox 1111 5717 1186 5780; x_wconf 79' lang='grc' dir='ltr'>ὡς</span> <span class='ocrx_word' id='word_1_800' title='bbox 1199 5718 1368 5773; x_wconf 80' lang='grc' dir='ltr'>ταῦτα</span> <span class='ocrx_word' id='word_1_801' title='bbox 1399 5720 1656 5791; x_wconf 60' lang='grc' dir='ltr'>ηκουσαν.</span> 
     </span>
    </p>
   </div>
   <div class='ocr_carea' id='block_1_107' title="bbox 2005 4555 3589 4627">
    <p class='ocr_par' dir='ltr' id='par_1_107' title="bbox 2005 4555 3589 4627">
     <span class='ocr_line' id='line_1_107' title="bbox 2005 4555 3589 4627; baseline 0.001 -19"><span class='ocrx_word' id='word_1_802' title='bbox 2005 4555 2359 4610; x_wconf 80' lang='lat' dir='ltr'><strong>fundamenta</strong></span> <span class='ocrx_word' id='word_1_803' title='bbox 2392 4564 2553 4611; x_wconf 70' lang='lat' dir='ltr'><strong>terrae</strong></span> <span class='ocrx_word' id='word_1_804' title='bbox 2592 4571 2713 4625; x_wconf 70' lang='lat' dir='ltr'><strong>qua:</strong></span> <span class='ocrx_word' id='word_1_805' title='bbox 2764 4555 2899 4620; x_wconf 91' lang='lat' dir='ltr'><strong>sint,</strong></span> <span class='ocrx_word' id='word_1_806' title='bbox 2949 4571 3180 4626; x_wconf 72' lang='lat' dir='ltr'><strong>quaeque</strong></span> <span class='ocrx_word' id='word_1_807' title='bbox 3213 4557 3393 4627; x_wconf 88' lang='lat' dir='ltr'><strong>abyssi</strong></span> <span class='ocrx_word' id='word_1_808' title='bbox 3433 4555 3589 4625; x_wconf 87' lang='lat' dir='ltr'><strong>peni-</strong></span> 
     </span>
    </p>
   </div>
   <div class='ocr_carea' id='block_1_108' title="bbox 2006 4648 3589 4717">
    <p class='ocr_par' dir='ltr' id='par_1_108' title="bbox 2006 4648 3589 4717">
     <span class='ocr_line' id='line_1_108' title="bbox 2006 4648 3589 4717; baseline -0.001 -15"><span class='ocrx_word' id='word_1_809' title='bbox 2006 4649 2147 4703; x_wconf 90' lang='lat' dir='ltr'><strong>tiora</strong></span> <span class='ocrx_word' id='word_1_810' title='bbox 2185 4648 2560 4717; x_wconf 87' lang='lat' dir='ltr'><strong>receptacula;</strong></span> <span class='ocrx_word' id='word_1_811' title='bbox 2598 4648 2766 4704; x_wconf 88' lang='lat' dir='ltr'><strong>maris</strong></span> <span class='ocrx_word' id='word_1_812' title='bbox 2792 4663 2988 4715; x_wconf 89' lang='lat' dir='ltr'><strong>venas,</strong></span> <span class='ocrx_word' id='word_1_813' title='bbox 3024 4650 3328 4705; x_wconf 79' lang='lat' dir='ltr'><strong>inferorum</strong></span> <span class='ocrx_word' id='word_1_814' title='bbox 3357 4648 3589 4703; x_wconf 82' lang='lat' dir='ltr'><strong>domici-</strong></span> 
     </span>
    </p>
   </div>
   <div class='ocr_carea' id='block_1_109' title="bbox 2007 4738 3588 4803">
    <p class='ocr_par' dir='ltr' id='par_1_109' title="bbox 2007 4738 3588 4803">
     <span class='ocr_line' id='line_1_109' title="bbox 2007 4738 3588 4803; baseline -0.001 -10"><span class='ocrx_word' id='word_1_815' title='bbox 2007 4739 2138 4793; x_wconf 90' lang='lat' dir='ltr'><strong>lium</strong></span> <span class='ocrx_word' id='word_1_816' title='bbox 2168 4778 2183 4803; x_wconf 96' lang='lat'><strong>,</strong></span> <span class='ocrx_word' id='word_1_817' title='bbox 2230 4738 2373 4793; x_wconf 90' lang='lat' dir='ltr'><strong>aeris</strong></span> <span class='ocrx_word' id='word_1_818' title='bbox 2409 4753 2722 4803; x_wconf 89' lang='lat' dir='ltr'><strong>mensuras,</strong></span> <span class='ocrx_word' id='word_1_819' title='bbox 2763 4740 3070 4795; x_wconf 72' lang='lat' dir='ltr'><strong>cmlestium</strong></span> <span class='ocrx_word' id='word_1_820' title='bbox 3104 4740 3318 4795; x_wconf 85' lang='lat' dir='ltr'><strong>orbium</strong></span> <span class='ocrx_word' id='word_1_821' title='bbox 3360 4739 3588 4793; x_wconf 78' lang='lat' dir='ltr'><strong>formam</strong></span> 
     </span>
    </p>
   </div>
   <div class='ocr_carea' id='block_1_110' title="bbox 2006 4830 3587 4902">
    <p class='ocr_par' dir='ltr' id='par_1_110' title="bbox 2006 4830 3587 4902">
     <span class='ocr_line' id='line_1_110' title="bbox 2006 4830 3587 4902; baseline -0.001 -17"><span class='ocrx_word' id='word_1_822' title='bbox 2006 4846 2071 4885; x_wconf 90' lang='lat' dir='ltr'><strong>ac</strong></span> <span class='ocrx_word' id='word_1_823' title='bbox 2100 4830 2565 4897; x_wconf 88' lang='lat' dir='ltr'><strong>crassitudinem;</strong></span> <span class='ocrx_word' id='word_1_824' title='bbox 2599 4831 2876 4901; x_wconf 87' lang='lat' dir='ltr'><strong>quodnam</strong></span> <span class='ocrx_word' id='word_1_825' title='bbox 2926 4849 3200 4888; x_wconf 90' lang='lat' dir='ltr'><strong>summum</strong></span> <span class='ocrx_word' id='word_1_826' title='bbox 3234 4848 3398 4902; x_wconf 89' lang='lat' dir='ltr'><strong>supra</strong></span> <span class='ocrx_word' id='word_1_827' title='bbox 3440 4830 3587 4901; x_wconf 88' lang='lat' dir='ltr'><strong>quod</strong></span> 
     </span>
    </p>
   </div>
   <div class='ocr_carea' id='block_1_111' title="bbox 2010 4920 3586 4994">
    <p class='ocr_par' dir='ltr' id='par_1_111' title="bbox 2010 4920 3586 4994">
     <span class='ocr_line' id='line_1_111' title="bbox 2010 4920 3586 4994; baseline 0 -19"><span class='ocrx_word' id='word_1_828' title='bbox 2010 4921 2153 4977; x_wconf 87' lang='lat' dir='ltr'><strong>infra</strong></span> <span class='ocrx_word' id='word_1_829' title='bbox 2184 4924 2256 4980; x_wconf 92' lang='lat' dir='ltr'><strong>sit</strong></span> <span class='ocrx_word' id='word_1_830' title='bbox 2324 4925 2592 4989; x_wconf 83' lang='lat' dir='ltr'><strong>inﬁmum,</strong></span> <span class='ocrx_word' id='word_1_831' title='bbox 2627 4923 2759 4993; x_wconf 91' lang='lat' dir='ltr'><strong>quid</strong></span> <span class='ocrx_word' id='word_1_832' title='bbox 2792 4925 2860 4979; x_wconf 90' lang='lat' dir='ltr'><strong>ad</strong></span> <span class='ocrx_word' id='word_1_833' title='bbox 2885 4926 3162 4980; x_wconf 84' lang='lat' dir='ltr'><strong>dexteram</strong></span> <span class='ocrx_word' id='word_1_834' title='bbox 3210 4926 3299 4986; x_wconf 87' lang='lat' dir='ltr'><strong>sit.</strong></span> <span class='ocrx_word' id='word_1_835' title='bbox 3335 4923 3466 4994; x_wconf 91' lang='lat' dir='ltr'><strong>quid</strong></span> <span class='ocrx_word' id='word_1_836' title='bbox 3517 4920 3586 4975; x_wconf 93' lang='lat' dir='ltr'><strong>ad</strong></span> 
     </span>
    </p>
   </div>
   <div class='ocr_carea' id='block_1_112' title="bbox 2008 5014 3587 5079">
    <p class='ocr_par' dir='ltr' id='par_1_112' title="bbox 2008 5014 3587 5079">
     <span class='ocr_line' id='line_1_112' title="bbox 2008 5014 3587 5079; baseline -0.003 -10"><span class='ocrx_word' id='word_1_837' title='bbox 2008 5015 2311 5070; x_wconf 89' lang='lat' dir='ltr'><strong>sinistram.</strong></span> <span class='ocrx_word' id='word_1_838' title='bbox 2343 5014 2428 5071; x_wconf 89' lang='lat' dir='ltr'><strong>Ad</strong></span> <span class='ocrx_word' id='word_1_839' title='bbox 2477 5016 2591 5071; x_wconf 83' lang='lat' dir='ltr'><strong>haec</strong></span> <span class='ocrx_word' id='word_1_840' title='bbox 2614 5024 2923 5072; x_wconf 88' lang='lat' dir='ltr'><strong>creatarum</strong></span> <span class='ocrx_word' id='word_1_841' title='bbox 2959 5032 3139 5071; x_wconf 88' lang='lat' dir='ltr'><strong>rerum</strong></span> <span class='ocrx_word' id='word_1_842' title='bbox 3175 5023 3448 5079; x_wconf 86' lang='lat' dir='ltr'><strong>naturam,</strong></span> <span class='ocrx_word' id='word_1_843' title='bbox 3479 5014 3587 5067; x_wconf 89' lang='lat' dir='ltr'><strong>tui-</strong></span> 
     </span>
    </p>
   </div>
   <div class='ocr_carea' id='block_1_113' title="bbox 2010 5105 3583 5178">
    <p class='ocr_par' dir='ltr' id='par_1_113' title="bbox 2010 5105 3583 5178">
     <span class='ocr_line' id='line_1_113' title="bbox 2010 5105 3583 5178; baseline 0 -18"><span class='ocrx_word' id='word_1_844' title='bbox 2010 5123 2116 5176; x_wconf 84' lang='lat' dir='ltr'><strong>que</strong></span> <span class='ocrx_word' id='word_1_845' title='bbox 2153 5108 2290 5162; x_wconf 84' lang='lat' dir='ltr'><strong>adeo</strong></span> <span class='ocrx_word' id='word_1_846' title='bbox 2320 5108 2660 5163; x_wconf 90' lang='lat' dir='ltr'><strong>molitionem</strong></span> <span class='ocrx_word' id='word_1_847' title='bbox 2688 5109 2953 5178; x_wconf 81' lang='lat' dir='ltr'><strong>explices,</strong></span> <span class='ocrx_word' id='word_1_848' title='bbox 2990 5116 3105 5162; x_wconf 89' lang='lat' dir='ltr'><strong>tum</strong></span> <span class='ocrx_word' id='word_1_849' title='bbox 3127 5122 3316 5162; x_wconf 89' lang='lat' dir='ltr'><strong>eorum</strong></span> <span class='ocrx_word' id='word_1_850' title='bbox 3338 5105 3583 5160; x_wconf 91' lang='lat' dir='ltr'><strong>omnium</strong></span> 
     </span>
    </p>
   </div>
   <div class='ocr_carea' id='block_1_114' title="bbox 2010 5196 3585 5269">
    <p class='ocr_par' dir='ltr' id='par_1_114' title="bbox 2010 5196 3585 5269">
     <span class='ocr_line' id='line_1_114' title="bbox 2010 5196 3585 5269; baseline -0.003 -17"><span class='ocrx_word' id='word_1_851' title='bbox 2010 5214 2299 5253; x_wconf 87' lang='lat' dir='ltr'><strong>numerum</strong></span> <span class='ocrx_word' id='word_1_852' title='bbox 2332 5197 2653 5268; x_wconf 90' lang='lat' dir='ltr'><strong>modosque,</strong></span> <span class='ocrx_word' id='word_1_853' title='bbox 2694 5214 2817 5269; x_wconf 69' lang='lat' dir='ltr'><strong>quae</strong></span> <span class='ocrx_word' id='word_1_854' title='bbox 2865 5199 3026 5254; x_wconf 90' lang='lat' dir='ltr'><strong>terris</strong></span> <span class='ocrx_word' id='word_1_855' title='bbox 3059 5196 3267 5251; x_wconf 82' lang='lat' dir='ltr'><strong>inﬁnita</strong></span> <span class='ocrx_word' id='word_1_856' title='bbox 3297 5196 3585 5250; x_wconf 73' lang='lat' dir='ltr'><strong>contineri--</strong></span> 
     </span>
    </p>
   </div>
   <div class='ocr_carea' id='block_1_115' title="bbox 2008 5287 3586 5360">
    <p class='ocr_par' dir='ltr' id='par_1_115' title="bbox 2008 5287 3586 5360">
     <span class='ocr_line' id='line_1_115' title="bbox 2008 5287 3586 5360; baseline -0.003 -17"><span class='ocrx_word' id='word_1_857' title='bbox 2008 5298 2116 5345; x_wconf 90' lang='lat' dir='ltr'><strong>tur.</strong></span> <span class='ocrx_word' id='word_1_858' title='bbox 2156 5288 2282 5344; x_wconf 67' lang='lat' dir='ltr'><strong>Hrec</strong></span> <span class='ocrx_word' id='word_1_859' title='bbox 2321 5304 2446 5345; x_wconf 92' lang='lat' dir='ltr'><strong>cum</strong></span> <span class='ocrx_word' id='word_1_860' title='bbox 2491 5290 2601 5346; x_wconf 91' lang='lat' dir='ltr'><strong>illis</strong></span> <span class='ocrx_word' id='word_1_861' title='bbox 2634 5289 2993 5360; x_wconf 86' lang='lat' dir='ltr'><strong>objiciuntur,</strong></span> <span class='ocrx_word' id='word_1_862' title='bbox 3027 5298 3087 5343; x_wconf 92' lang='lat' dir='ltr'><strong>ut</strong></span> <span class='ocrx_word' id='word_1_863' title='bbox 3117 5288 3184 5341; x_wconf 85' lang='lat' dir='ltr'><strong>ab</strong></span> <span class='ocrx_word' id='word_1_864' title='bbox 3210 5287 3357 5342; x_wconf 86' lang='lat' dir='ltr'><strong>illius</strong></span> <span class='ocrx_word' id='word_1_865' title='bbox 3410 5294 3586 5344; x_wconf 85' lang='lat' dir='ltr'><strong>secta-</strong></span> 
     </span>
    </p>
   </div>
   <div class='ocr_carea' id='block_1_116' title="bbox 2007 5378 3585 5450">
    <p class='ocr_par' dir='ltr' id='par_1_116' title="bbox 2007 5378 3585 5450">
     <span class='ocr_line' id='line_1_116' title="bbox 2007 5378 3585 5450; baseline -0.004 -13"><span class='ocrx_word' id='word_1_866' title='bbox 2007 5382 2218 5438; x_wconf 88' lang='lat' dir='ltr'><strong>toribus</strong></span> <span class='ocrx_word' id='word_1_867' title='bbox 2240 5382 2431 5437; x_wconf 89' lang='lat' dir='ltr'><strong>audire</strong></span> <span class='ocrx_word' id='word_1_868' title='bbox 2458 5380 2703 5444; x_wconf 91' lang='lat' dir='ltr'><strong>memini,</strong></span> <span class='ocrx_word' id='word_1_869' title='bbox 2738 5379 2805 5434; x_wconf 90' lang='lat' dir='ltr'><strong>ad</strong></span> <span class='ocrx_word' id='word_1_870' title='bbox 2830 5378 3128 5450; x_wconf 89' lang='lat' dir='ltr'><strong>sophistica</strong></span> <span class='ocrx_word' id='word_1_871' title='bbox 3160 5378 3406 5447; x_wconf 74' lang='lat' dir='ltr'><strong>quaedam</strong></span> <span class='ocrx_word' id='word_1_872' title='bbox 3441 5392 3585 5431; x_wconf 81' lang='lat' dir='ltr'><strong>eom-</strong></span> 
     </span>
    </p>
   </div>
   <div class='ocr_carea' id='block_1_117' title="bbox 2007 5473 3585 5542">
    <p class='ocr_par' dir='ltr' id='par_1_117' title="bbox 2007 5473 3585 5542">
     <span class='ocr_line' id='line_1_117' title="bbox 2007 5473 3585 5542; baseline -0.004 -13"><span class='ocrx_word' id='word_1_873' title='bbox 2007 5482 2189 5531; x_wconf 89' lang='lat' dir='ltr'><strong>menta</strong></span> <span class='ocrx_word' id='word_1_874' title='bbox 2239 5473 2726 5542; x_wconf 84' lang='lat' dir='ltr'><strong>eavillationesque</strong></span> <span class='ocrx_word' id='word_1_875' title='bbox 2780 5485 2904 5525; x_wconf 87' lang='lat' dir='ltr'><strong>sese</strong></span> <span class='ocrx_word' id='word_1_876' title='bbox 2974 5476 3345 5535; x_wconf 85' lang='lat' dir='ltr'><strong>convertunt,</strong></span> <span class='ocrx_word' id='word_1_877' title='bbox 3412 5476 3466 5522; x_wconf 89' lang='lat' dir='ltr'><strong>et</strong></span> <span class='ocrx_word' id='word_1_878' title='bbox 3516 5483 3585 5523; x_wconf 76' lang='lat' dir='ltr'><strong>ex</strong></span> 
     </span>
    </p>
   </div>
   <div class='ocr_carea' id='block_1_118' title="bbox 2006 5558 3581 5639">
    <p class='ocr_par' dir='ltr' id='par_1_118' title="bbox 2006 5558 3581 5639">
     <span class='ocr_line' id='line_1_118' title="bbox 2006 5558 3581 5639; baseline -0.006 -18"><span class='ocrx_word' id='word_1_879' title='bbox 2006 5566 2154 5623; x_wconf 91' lang='lat' dir='ltr'><strong>illius</strong></span> <span class='ocrx_word' id='word_1_880' title='bbox 2185 5564 2504 5639; x_wconf 68' lang='lat' dir='ltr'><strong>prmscripto</strong></span> <span class='ocrx_word' id='word_1_881' title='bbox 2544 5564 2619 5618; x_wconf 87' lang='lat' dir='ltr'><strong>ita</strong></span> <span class='ocrx_word' id='word_1_882' title='bbox 2661 5561 2993 5632; x_wconf 84' lang='lat' dir='ltr'><strong>respondent</strong></span> <span class='ocrx_word' id='word_1_883' title='bbox 3028 5579 3040 5617; x_wconf 93' lang='lat'>:</span> <span class='ocrx_word' id='word_1_884' title='bbox 3074 5558 3199 5615; x_wconf 71' lang='lat' dir='ltr'><strong>llaec</strong></span> <span class='ocrx_word' id='word_1_885' title='bbox 3230 5561 3413 5615; x_wconf 86' lang='lat' dir='ltr'><strong>omnia</strong></span> <span class='ocrx_word' id='word_1_886' title='bbox 3454 5573 3581 5637; x_wconf 46' lang='lat' dir='ltr'><strong>core</strong></span> 
     </span>
    </p>
   </div>
  </div>
