3994 6224
361 283 470 343 655

1745 284 1802 338 Β.
1844 278 2184 336 EPIPIIANII

3503 277 3618 334 656

363 411 530 468 porca
580 405 728 464 sunt,
761 413 860 454 nec
903 413 936 452 a
987 397 1146 455 nobis
1197 396 1404 470 percipi
1454 403 1704 468 possunt.
1757 394 1960 452 Deum,

2069 393 2182 446 έναι
2203 409 2214 420 ·
2241 391 2376 446 ἀλλᾶ
2395 391 2468 462 μὴ
2491 391 2628 446 κατὰ
2651 391 2853 461 εἴδησίν
2873 407 2996 444 τινα
3011 389 3374 460 ψηλαφήσεως
3388 389 3618 459 ἐτόλμα,

367 509 520 558 vero,
547 495 640 563 qui
689 494 804 548 luce
846 493 963 562 ipsa
1003 491 1268 554 condidit,
1301 491 1586 544 manifeste
1617 485 1932 558 hujusmodi

368 582 464 648 sit,
496 597 670 651 quove
700 581 880 645 modo,
904 597 968 636 ac
995 581 1196 654 qualis,
1233 581 1423 650 quisve
1464 581 1535 634 sit
1561 577 1934 648 intelligimus.

369 673 505 738 Quis
535 671 646 725 haec
681 671 799 726 sine
853 674 969 728 risu
1006 673 1180 742 possit
1202 670 1426 725 audire?
1463 669 1552 726 Est
1600 668 1745 722 enim
1778 667 1940 736 longe

371 761 500 816 illud
544 776 676 816 sane
731 764 1120 818 stultissimum
1159 763 1488 816 :Summum
1541 761 1694 818 illum
1756 768 1810 815 et
1849 762 1934 814 in-

369 854 790 921 comparabilem
839 854 1112 924 0piﬁcem,
1156 856 1248 924 qui
1291 855 1440 908 nullo
1476 868 1726 909 sermone
1753 853 1936 908 decla-

371 943 483 994 rari
537 950 734 1012 potest,
800 944 942 998 seire
997 959 1076 1007 se,
1142 951 1302 1014 atque
1337 949 1588 996 accurate
1633 942 1942 1012 percepisse

369 1031 636 1098 proﬁteri.
689 1033 888 1100 (Atque
943 1033 1148 1087 utinam
1201 1033 1302 1086 lidc
1340 1033 1533 1087 saltem
1577 1031 1727 1085 illum
1759 1031 1940 1102 ipsum

373 1115 517 1170 scire
550 1131 631 1182 se,
667 1132 776 1172 non
813 1119 960 1173 velut
1011 1127 1352 1175 contrectare
1407 1120 1657 1176 manibus
1699 1118 1938 1174 incredi-

375 1205 470 1258 bili
499 1208 726 1262 audacia
759 1211 1116 1280 przedicarent
1143 1212 1181 1282 l)
1228 1211 1442 1264 Interim
1473 1225 1601 1266 vero
1631 1219 1843 1266 creatas
1873 1209 1939 1264 ab

2036 481 2130 534 καὶ
2168 479 2404 550 τολμῶσι
2437 475 2728 546 λέγεινί)τὰ
2754 479 2810 532 δὲ
2847 477 2936 532 ὑπ’
2983 477 3148 532 αὑτοῦ
3213 478 3480 548 γενόμενα
3517 477 3622 530 τοῦ

2042 572 2394 642 ἀσυγκρίτου,
2447 571 2536 624 διὰ
2574 570 2635 622 τὸ
2676 569 2818 622 κατά
2869 569 2928 621 τὺ
2967 565 3104 634 εἶδος
3145 567 3422 638 δυνάμενα
3464 572 3628 638 παρά

2041 665 2148 718 τῶν
2189 661 2435 736 ὁρώντων
2483 661 3026 733 ὑπερθαυμάςεσθαι,
3083 661 3312 728 φάσκειν
3355 659 3521 712 αὐτόν
3559 675 3626 714 τε

2042 757 2136 810 καὶ
2183 757 2309 820 τοὺς
2359 753 2526 808 αὑτοῦ
2572 753 2648 824 μὴ
2695 753 2931 806 εἰδέναι·
2992 752 3225 822 μάλιστα
3283 751 3460 822 πάντη
3509 749 3628 802 τῶν

2043 848 2202 900 θείων
2247 845 2477 918 Γραφῶν
2523 843 2709 914 σαφῶς
2771 845 2898 916 περὶ
2939 843 3076 896 Θεοῦ
3130 842 3512 914 κηρυττουσιῖνι
3561 840 3629 892 τὸ

2043 939 2272 1010 ἀόρατον
2305 936 2464 990 αὐτὸν
2513 931 2686 1001 εἷναι,
2729 935 2822 988 καὶ
2851 934 3262 1002 ἀκατάληπτον,
3303 933 3396 986 καὶ
3421 933 3626 1000 inept—

2043 1030 2264 1098 νόητον,
2322 1028 2482 1098 μόνον
2527 1026 2584 1082 δὲ
2625 1027 2804 1079 πίστει
2848 1027 2907 1079 ἐν
2934 1025 3162 1096 ἀληθείᾳ
3194 1024 3628 1093 γινωσκόμενον,

2042 1121 2122 1174 ὅτι
2167 1118 2310 1186 ἐστι,
2367 1117 2461 1171 καὶ
2504 1119 2614 1182 τοῖς
2661 1115 2949 1185 ἀγαπῶσιν
3003 1116 3166 1170 αὐτὸν
3219 1114 3630 1186 μισθαποδότης

2044 1211 2270 1278 γίνεται.

375 1300 788 1370 incomparabili
846 1305 938 1358 illo
991 1320 1076 1362 res
1105 1319 1316 1366 omnes,
1359 1319 1479 1374 «tum
1514 1305 1568 1358 in
1603 1317 1701 1358 sua
1732 1317 1946 1374 quaque
1984 1302 2164 1372 specie
2211 1299 2570 1358 consideratae
2615 1307 2950 1370 spectatores
2991 1297 3140 1368 ipsos
3179 1297 3265 1352 sui
3327 1297 3380 1350 in
3432 1293 3612 1352 admi-

379 1391 646 1444 rationem
687 1394 902 1452 trahere
961 1403 1212 1464 possunt,
1248 1411 1443 1466 negare
1475 1395 1627 1448 illum
1668 1409 1789 1446 cum
1831 1393 1948 1448 suis
1981 1407 2011 1447 a
2049 1409 2108 1448 se
2137 1391 2415 1462 cognosci.
2439 1389 2746 1446 Pmsertim
2775 1403 2898 1442 cum
2921 1387 3124 1458 ubique
3169 1401 3339 1442 sacrae
3393 1382 3624 1440 Littera:

379 1481 447 1534 de
477 1479 583 1535 Deo
615 1489 903 1546 testentur,
975 1499 1152 1554 neque
1197 1485 1370 1538 oculis
1408 1485 1583 1552 ipsum
1635 1483 1863 1551 percipi,
1918 1498 2092 1550 neque
2147 1479 2558 1550 comprehendi,
2608 1493 2710 1532 nec
2756 1476 2936 1534 animo
2969 1473 3198 1544 cogitari
3245 1488 3450 1542 posse;
3513 1471 3614 1526 sed

377 1571 434 1628 id
468 1589 632 1627 unum
660 1574 726 1628 de
758 1574 848 1628 illo
876 1590 942 1630 ex
973 1575 1050 1630 rei
1097 1577 1320 1630 veritate
1375 1575 1578 1650 percipi
1617 1593 1630 1628 :
1669 1575 1822 1640 Quod
1859 1575 1948 1632 sit.
1992 1571 2250 1644 quodque
2277 1571 2569 1642 diligentes
2596 1585 2656 1626 se
2687 1573 3065 1623 remuneretur
3089 1566 3128 1618 ¹.

449 1659 514 1715 ν.
541 1661 658 1715 Jam
697 1678 825 1716 vero
881 1664 1095 1733 quoties
1145 1678 1332 1720 eorum
1376 1664 1593 1733 aliquis,
1625 1664 1718 1734 qui
1753 1661 1819 1716 de
1849 1661 1942 1716 Dei

2121 1660 2194 1714 E'.
2234 1662 2401 1716 Ὅταν
2430 1661 2486 1714 δέ
2507 1678 2592 1724 τις
2623 1660 2805 1721 αὐτοῖς
2835 1657 2976 1725 ἐῐπῃ
3002 1654 3107 1707 τῶν
3137 1653 3312 1726 ὀρθῶς
3339 1653 3468 1726 περὶ
3487 1651 3630 1706 Θεοῦ

379 1749 577 1818 gloria,
613 1749 738 1810 ﬁde,
769 1750 1034 1804 eharitate
1071 1759 1124 1806 et
1169 1753 1704 1821 incmnpreheusibili
1749 1759 1942 1804 natura

2065 1749 2222 1819 ῖόξης,
2253 1747 2484 1810 πίστεώς
2513 1765 2593 1811 τε,
2623 1747 2718 1801 καὶ
2745 1745 2984 1815 ἀγάπης,
3009 1744 3102 1796 καὶ
3127 1741 3506 1810 ἀκαταληψίας
3537 1743 3630 1795 διο-

379 1847 531 1893 recte
559 1841 822 1906 sentiunt,
853 1842 955 1894 hoc
976 1841 1081 1896 illis
1103 1842 1297 1910 objicit
1323 1861 1334 1895 :
1367 1841 1628 1898 Novimus
1647 1845 1946 1910 incompre-

379 1929 706 1986 hensibilem
741 1930 929 1998 Deum,
967 1934 1058 2001 qui
1093 1949 1192 1988 nec
1225 1935 1399 1988 oculis
1431 1934 1619 1997 videri,
1651 1950 1752 1988 nec
1775 1933 1946 2002 expli—

381 2019 494 2071 cari
554 2034 805 2074 sermone
867 2029 1080 2089 potest;
1125 2037 1248 2076 eum
1311 2037 1429 2081 nos.
1471 2023 1716 2093 inquam,
1757 2036 1944 2078 revera

383 2113 788 2182 cognoscimus,
844 2113 938 2169 sed
993 2131 1089 2170 nec
1129 2117 1513 2185 aspectabilem
1548 2125 1601 2172 et
1633 2119 1943 2188 incompre-

383 2200 705 2258 hensibilem
748 2220 869 2260 esse
918 2207 1143 2260 scimus.
1187 2208 1264 2261 Ad
1301 2209 1413 2262 haec
1449 2224 1598 2264 novae
1638 2209 1740 2263 iste
1779 2208 1947 2264 diale-

383 2293 539 2346 ctica:
575 2294 904 2350 architectus
927 2295 1223 2359 illudeudo,
1253 2313 1315 2350 ac
1345 2298 1642 2352 deridendo
1681 2299 1826 2353 velut
1870 2296 1947 2350 l‘a-

382 2379 567 2433 bulam
597 2383 890 2450 quamdam
950 2387 1247 2440 contexuit.
1285 2386 1512 2440 Cuinam
1555 2402 1685 2458 ergo
1721 2403 1818 2441 vos
1851 2403 1944 2440 ve-

385 2475 661 2539 stramque
707 2469 863 2526 ﬁdem
925 2475 1177 2538 similem,
1245 2475 1441 2544 inquit,
1489 2491 1610 2531 esse
1666 2475 1950 2529 dixerim?

384 2557 652 2611 Nimirum
678 2561 896 2626 vitiatae,
931 2577 994 2616 ac
1025 2578 1200 2627 czecze,
1219 2565 1398 2618 surdae
1428 2573 1696 2634 mutaeque
1717 2564 1908 2634 virgini
1932 2579 1944 2614 :

387 2647 476 2700 cui
507 2649 722 2716 quidem
774 2649 932 2719 991
978 2652 1218 2705 oblatum
1247 2667 1366 2707 esse
1399 2660 1644 2722 stuprum
1690 2655 1782 2722 q-ui
1828 2669 1947 2706 eam

387 2745 593 2791 norunt
642 2752 832 2792 omnes
869 2739 1196 2809 intelligunt.
1239 2744 1307 2793 At
1361 2741 1408 2794 si
1445 2743 1568 2810 quis
1613 2741 1702 2794 ille
1734 2743 1952 2794 vitiator

390 2825 554 2880 fuerit
605 2825 928 2896 interroges,
981 2843 1323 2898 nequaquam
1365 2828 1578 2892 audiat;
1637 2845 1813 2897 neque
1859 2837 1953 2882 aut

390 2915 542 2968 illum
577 2925 794 2986 preptcr
817 2919 1114 2976 caecitatem
1147 2921 1326 2974 videre
1347 2921 1541 2988 potuit,
1565 2929 1659 2972 aut
1691 2920 1950 2986 indicare,

395 3006 539 3073 quod
571 3017 716 3060 muta
739 3009 830 3071 sit,
855 3017 1052 3078 potest.
1078 3008 1264 3064 Merito
1291 3010 1454 3079 igitur
1484 3010 1536 3062 in
1559 3010 1736 3079 ipsum
1761 3011 1956 3079 ipsius-

2051 1840 2350 1905 ξαζόντων,
2421 1839 2501 1890 ὅτι
2537 1838 2724 1907 Ἡμεῖς
2771 1836 2991 1906 οἴδαμεν
3035 1835 3168 1888 Θεὸν
3219 1833 3628 1904 ἀκατάληπτον,

2049 1929 2182 1982 Θεὸν
2204 1930 2452 1998 ἀόρατον,
2475 1929 2861 1998 άνεκδιήγητον
2881 1944 2894 1956 ·
2921 1926 3142 1996 οἴδαμεν
3164 1925 3218 1978 δὲ
3241 1925 3401 1978 αὑτὸν
3429 1925 3628 1990 ὄντως,

2049 2020 2176 2074 ὄντα
2205 2021 2258 2073 δὲ
2288 2021 2519 2091 ἀόρατον
2547 2019 2641 2072 καὶ
2668 2019 3054 2087 ἀκατάληπτον
3074 2034 3086 2046 ·
3119 2015 3628 2086 ὲπισκωμματικῶς

2052 2111 2144 2164 καὶ
2166 2111 2408 2174 κωτίλως
2434 2110 2618 2163 λοιπὸν
2645 2110 2718 2172 ὡς
2753 2109 2918 2179 μῦθόν
2951 2127 3072 2162 τινα
3097 2108 3454 2180 διηγούμενος
3483 2107 3631 2160 ἐτόλ-

2055 2218 2224 2271 μησεν
2265 2195 2416 2270 οὗτος
2449 2201 2476 2252 ὁ
2505 2200 2600 2272 τὴν
2646 2199 2836 2270 καινὴν
2870 2197 3210 2268 διαλεκτικὴν
3245 2199 3376 2268 ἡμῖν
3403 2197 3622 2268 φέρων·

2051 2293 2170 2345 Τίνι
2217 2287 2310 2344 οῦν
2361 2292 2594 2356 ἐοίκατε,
2654 2291 2749 2343 καὶ
2797 2291 2832 2360 ἡ
2887 2287 3040 2360 ὑμῶν
3099 2289 3316 2353 alarm;
3367 2286 3622 2358 παρθένῳ

2053 2383 2350 2455 φθαρείσῃ,
2392 2381 2528 2455 οὒσῃ
2570 2381 2624 2434 δὲ
2667 2381 2860 2451 τυφλῇ,
2900 2379 2995 2432 καὶ
3027 2381 3220 2450 κωφῇ,
3267 2377 3360 2431 καὶ
3400 2375 3618 2445 άλάλῳ·

2052 2475 2207 2544 ἥτις,
2251 2473 2330 2526 ὄτι
2383 2472 2482 2542 μὲν
2522 2471 2823 2542 ἔφθαρται,
2871 2471 3003 2526 πᾶσι
3038 2470 3244 2540 πέφηνε
3291 2472 3403 2532 τοῖς
3453 2469 3622 2538 αὐτὴν

2055 2561 2446 2632 γινώσκουσινο
2506 2561 2832 2632 ἐρωτωμένη
2884 2561 2940 2613 δὲ
2999 2560 3083 2624 τίς
3130 2563 3160 2613 ὁ
3204 2559 3472 2630 φθορεὺς,
3527 2561 3625 2612 οὐκ

2055 2654 2268 2717 ἀκούει,
2305 2655 2392 2714 ἵνα
2430 2653 2608 2724 μάθῃ·
2655 2653 2750 2706 καὶ
2788 2649 2910 2705 οὕτε
2948 2649 3158 2720 ἑώρακε
3182 2651 3272 2703 τὸν
3316 2650 3622 2721 φθείροντα,

2055 2747 2144 2800 διὰ
2187 2745 2248 2798 τὸ
2270 2743 2668 2814 τετυφλῶσθαι,
2705 2743 2828 2797 οὔτε
2852 2744 3182 2818 ἀπαγγεῖλαι
3210 2742 3542 2812 δύναται,διὰ
3569 2742 3628 2794 τὸ

2058 2835 2269 2890 ἄλαλον.
2325 2835 2411 2897 Ὠς
2464 2831 2602 2888 εἶναι
2649 2833 3018 2906 ἀντιστρόφως
3061 2834 3197 2904 πρὸς
3227 2835 3390 2887 αὑτὸν
3423 2834 3631 2886 καὶτὸν

2066 2927 2226 2980 αὐτοῦ
2261 2926 2448 3002 μῦθον,
2484 2925 2626 2980 κατά
2656 2925 2716 2978 τὸ
2737 2926 3116 2998 γεγραμμένον
3141 2943 3154 2956 ·
3185 2925 3572 2992 Ἐπιστρέψαι
3599 2929 3630 2976 ό

2062 3021 2248 3084 πόνος
2269 3017 2456 3071 αὐτοῦ
2486 3019 2573 3082 εἰς
2603 3016 2880 3085 κεφαλὴν
2911 3015 3118 3072 αὐτοῦ.
3159 3017 3266 3069 Καὶ
3292 3015 3632 3085 ἐμπεσεῖται

393 3113 500 3166 que
551 3112 857 3153 sermonem
891 3099 1020 3154 illud
1055 3115 1086 3154 ο
1117 3101 1399 3170 Scriptura
1441 3109 1759 3171 retorquere
1801 3101 1955 3156 licet:

2065 3111 2148 3175 εὶς
2171 3082 2400 3177 ,βόθρον
2436 3105 2510 3160 ὃν
2552 3082 2906 3176 εἰργάσατο·
2957 3107 3053 3160 καὶ
3090 3107 3162 3160 τά
3203 3082 3410 3172 τούτοις
3452 3108 3630 3174 ὃμοια.

395 3185 742 3241 Couvertatur
776 3188 926 3241 labor
948 3189 1061 3258 ejus
1105 3190 1155 3242 in
1201 3199 1357 3258 caput
1395 3191 1583 3257 ipsius,
1607 3200 1656 3245 et
1687 3190 1876 3245 incidet
1907 3193 1960 3246 in

397 3277 600 3344 foveam
627 3293 786 3340 quam
823 3277 946 3346 fecit
968 3279 1010 3342 ⁸,
1064 3297 1126 3333 ae
1158 3287 1352 3333 (αξιοι-ο
1383 3279 1438 3332 id
1469 3293 1659 3348 genus.
1685 3279 1783 3334 Hic
1815 3279 1960 3334 enim

397 3366 528 3418 caeci
575 3367 769 3421 similis
793 3376 898 3429 est,
941 3367 1032 3436 qui
1068 3383 1192 3420 cum
1243 3383 1307 3422 ea
1339 3367 1648 3424 calamitate
1689 3379 1851 3424 natus
1885 3370 1966 3424 lo-

399 3466 600 3527 quatur
623 3459 917 3528 audiatque
950 3476 1114 3529 quam
1166 3462 1420 3529 plurima,
1466 3476 1531 3516 ac
1571 3462 1696 3516 licet
1729 3463 1860 3529 albi,
1901 3478 1966 3518 ac

400 3551 565 3619 nigri,
615 3551 857 3613 caerulei,
905 3551 1134 3620 prasini,
1203 3551 1327 3615 ruﬁ,
1377 3569 1440 3607 ae
1492 3563 1809 3608 caaterorum
1847 3569 1878 3608 a
1908 3570 1968 3610 se

403 3637 830 3706 discrepantium
878 3639 1147 3700 colorum,
1179 3653 1390 3692 necnon
1419 3645 1474 3693 et
1518 3639 1656 3698 lucis
1712 3655 1775 3694 ac
1815 3649 1965 3693 tene-

402 3727 628 3781 ltrarum
656 3727 919 3781 vocabula
955 3735 1288 3796 pronuntiet,
1320 3744 1440 3798 quae
1461 3729 1738 3785 auditione
1764 3731 1970 3785 didice-

401 3819 517 3882 rit,
565 3820 758 3873 horum
819 3829 998 3873 tamen
1049 3821 1274 3890 ﬁguram
1333 3835 1397 3874 ae
1443 3823 1677 3889 speciem
1749 3825 1972 3878 minime

406 3909 708 3979 cognoscit,
747 3925 846 3964 nec
874 3911 1180 3980 cujusmodi
1209 3911 1280 3965 sit
1299 3911 1572 3979 explicare
1603 3919 1800 3980 potest,
1827 3913 1972 3980 quod

409 4001 478 4054 ab
510 4011 666 4055 utero
698 4002 889 4056 matris
931 4017 1108 4056 caecus
1148 4001 1432 4072 prodierit,
1477 4016 1541 4055 ac
1579 4003 1808 4071 proinde
1859 4003 1968 4058 siu-

410 4091 664 4160 gulorum
695 4093 1033 4160 qualitatem.
1078 4092 1399 4147 discrimina
1458 4091 1727 4162 ﬁgurasve
1764 4093 1974 4148 discer-

409 4197 540 4236 nere
569 4191 826 4252 nequeat.
891 4183 1184 4249 Quodlibet
1235 4187 1377 4239 enim
1421 4185 1650 4240 istorqu
1692 4188 1976 4240 nominum

411 4289 672 4330 sensuum
744 4278 1074 4344 perceptioni
1151 4278 1606 4347 experientiteque
1687 4288 1980 4333 consenta-

2061 3199 2238 3264 Αὐτὸς
2285 3199 2396 3271 γὰρ
2444 3199 2589 3252 ἔοικε
2615 3198 2800 3268 τυφλῷ
2841 3200 2902 3252 ὲκ
2953 3199 3177 3270 γενετῆς
3207 3197 3350 3251 οὕτω
3380 3215 3637 3268 γεγεννη-

2067 3293 2236 3365 μένῳ,
2264 3290 2515 3344 λαλοῦντι
2541 3289 2618 3354 δὲ,
2647 3289 2741 3344 καὶ
2772 3289 2941 3342 πολλὰ
2964 3289 3212 3344 λαλοῦντι
3242 3291 3336 3344 καὶ
3365 3289 3634 3354 ἀκούοντι,

2065 3383 2161 3438 καὶ
2186 3382 2348 3437 εἰδότι
2373 3382 2471 3452 μὲν
2502 3379 2693 3433 λευκοῦ
2721 3379 2786 3433 τὸ.
2807 3379 2994 3450 ὄνομα,
3031 3381 3126 3436 καὶ
3161 3381 3407 3450 μέλανος,
3439 3380 3636 3433 κυανοῦ

2066 3489 2146 3538 τε,
2203 3471 2297 3525 καὶ⁷
2330 3471 2590 3543 πρασίνου
2610 3510 2625 3536 ,
2662 3471 2757 3524 καὶ
2793 3471 3023 3542 πυῤῥοῦ,
3061 3472 3156 3524 καὶ
3183 3471 3292 3523 τῶν
3323 3472 3496 3525 ἄλλων
3524 3473 3638 3525 Biar

2069 3561 2248 3631 φόρων
2280 3560 2578 3631 ὀνομάτων,
2625 3559 2803 3629 φωτός
2833 3575 2893 3612 τε
2927 3561 3021 3612 καὶ
3062 3560 3304 3623 σκότους,
3336 3553 3411 3611 ὧν
3443 3560 3541 3630 μὲν
3573 3559 3640 3612 τὰ

2068 3653 2306 3722 ὀνόματα
2335 3653 2629 3722 ὲνηχεϊται,
2675 3650 2736 3703 οὐ
2769 3650 2876 3721 μὴν
2911 3651 2968 3703 δὲ
2997 3648 3256 3718 γινώσκει
3295 3650 3346 3703 τί
3375 3651 3436 3702 τὸ
3469 3647 3638 3712 εἶδος·

2069 3743 2178 3796 οὐδ’
2199 3743 2334 3806 ὅλως
2360 3742 2580 3795 δύναται
2619 3741 2749 3796 αὐτὸ
2778 3741 3132 3812 ἑρμηνεῦσαι,
3171 3741 3260 3793 διὰ
3290 3741 3352 3794 τὸ
3390 3742 3642 3812 ἀπαρχῆς

2071 3833 2233 3887 αὐτὸν
2273 3833 2469 3901 τυφλὸν
2513 3833 2859 3904 γεννηθῆναι,
2896 3832 2991 3885 καὶ
3036 3832 3137 3902 τὴν
3179 3831 3480 3901 ἐναλλαγὴν
3517 3831 3644 3883 ἑκά-

2075 3942 2204 3996 στης
2239 3926 2525 3996 ποιότητος
2569 3925 2876 3996 χρωμάτων
2926 3925 3140 3992 ἀγνοεῖν
3159 3965 3172 3988 ,
3227 3925 3323 3976 καὶ
3379 3924 3442 3976 τὸ
3488 3919 3642 3986 εἶδος.

2077 4015 2344 4070 Ἕκαστον
2381 4015 2489 4086 γὰρ
2533 4015 2710 4069 αὐτῶν
2749 4015 2860 4068 τῶν
2891 4015 3168 4086 ὀνομάτων
3217 4015 3276 4067 τὸ
3317 4013 3647 4086 κατάλληλον

2075 4107 2176 4176 τῆς
2201 4105 2520 4177 διακρίσεως
2548 4105 2870 4178 διορατικῶν
2893 4105 2913 4137 ³
2941 4106 3245 4175 αἰσθήσεων
3270 4105 3384 4176 ἔχει
3407 4105 3506 4176 τὴν
3534 4105 3646 4158 πεῖ-

2081 4215 2200 4269 ραν,
2217 4199 2275 4251 οὐ
2302 4199 2407 4268 μὴν
2424 4197 2480 4250 δὲ
2493 4197 2579 4251 διὰ
2601 4199 2853 4267 φράσεως
2869 4197 2944 4268 τῷ
2965 4197 3040 4268 μὴ
3060 4197 3377 4264 γινώσκοντι
3395 4197 3646 4266 ἀπαρχῆς

2079 4289 2138 4342 τὸ
2169 4285 2329 4352 εἶδος,
2354 4288 2475 4341 οὗτε
2523 4289 2611 4343 διὰ
2645 4289 3008 4359 ψηλαφήσεως
3063 4287 3156 4341 καὶ
3185 4289 3326 4358 ἁφῆς
3356 4288 3647 4356 δυνάμενον

412 4381 570 4420 neam
605 4369 842 4436 speciem
877 4370 1152 4437 exprimit,
1185 4371 1278 4424 sed
1324 4385 1386 4423 ea
1417 4385 1672 4424 sermone
1709 4371 1958 4424 declarar

2080 4379 2488 4451 δοκιμασθῆναι.
2515 4381 2685 4433 Ὅταν
2711 4379 2839 4448 γοῦν
2868 4381 2916 4432 oi
2937 4379 3042 4432 άπὸ
3067 4379 3291 4447 γενετῆς
3314 4379 3504 4447 τυφλοὶ
3525 4377 3649 4447 περὶ

413 4456 462 4508 ei
498 4457 588 4524 qui
617 4474 722 4510 non
759 4459 903 4510 illam
933 4461 1110 4514 oeulis
1136 4462 1436 4529 usurparit,
1472 4477 1646 4530 neque
1673 4469 1819 4514 tactu
1852 4477 1978 4530 pro-

415 4546 532 4600 bari
589 4548 945 4616 dijudirarive
1007 4559 1204 4619 potest.
1237 4553 1416 4615 Quare
1449 4568 1574 4606 cum
1627 4555 1754 4606 caeci
1811 4555 1887 4606 illi
1913 4553 1981 4610 de

417 4639 550 4694 iisce
586 4641 863 4694 coloribus
913 4643 1268 4704 disserentes,
1311 4645 1404 4713 qui
1451 4659 1574 4697 cum
1608 4647 1763 4713 nigro
1786 4645 1979 4699 candi-

417 4729 568 4794 dum,
593 4735 822 4790 viridem
837 4753 960 4792 eum
979 4737 1230 4800 caeruleo,
1268 4743 1379 4786 tum
1425 4750 1778 4803 purpureum,
1803 4737 1979 4790 cocci-

421 4837 696 4888 neum,ac
729 4833 954 4876 caeteros
1012 4825 1151 4876 inter
1197 4839 1256 4877 se
1309 4825 1479 4892 perite
1526 4835 1864 4894 comparant,
1913 4828 1981 4881 de

419 4913 686 4980 cujusque
711 4913 922 4982 generis
949 4929 1013 4965 ac
1038 4914 1239 4968 coloris
1265 4915 1527 4981 qualitate
1561 4931 1591 4968 a
1624 4918 1781 4972 nobis
1816 4919 1984 4972 inter-

419 5015 701 5072 rogantur,
755 5019 854 5057 nee
915 5003 1060 5058 istud
1110 5005 1312 5073 eloqui,
1362 5020 1461 5060 nec
1491 5019 1522 5058 a
1559 5007 1716 5062 nobis
1768 5007 1984 5063 edoceri

419 5105 671 5165 possunt,
719 5098 812 5150 sed
865 5111 996 5150 voce
1043 5105 1202 5152 tenus
1254 5097 1498 5166 sibiipsis
1537 5099 1900 5167 persuadent;
1929 5107 1984 5155 et

425 5187 768 5242 auditoribus
797 5187 1100 5256 imponunt,
1127 5195 1185 5241 ut
1229 5187 1442 5241 illorum
1481 5189 1776 5245 discrimen
1811 5191 1986 5261 perfe-

423 5278 670 5332 ctissime
732 5279 930 5332 callere
973 5277 1283 5341 videantur,
1341 5281 1558 5335 tametsi
1611 5281 1747 5334 nihil
1792 5289 1987 5351 prteter

423 5370 566 5421 nuda
594 5369 756 5424 verba
803 5378 1020 5424 teneant
1068 5385 1256 5430 earum
1311 5385 1512 5435 rerum,
1545 5387 1800 5442 quarum,
1839 5374 1984 5444 quod

423 5474 516 5514 eas
571 5461 792 5515 minime
845 5464 1304 5533 comprehendere
1365 5465 1597 5532 possint,
1659 5479 1874 5522 summa
1931 5465 1985 5518 in

2081 4468 2284 4522 τούτων
2301 4469 2686 4538 διαλεγόμενοι,
2707 4469 2798 4520 καὶ
2819 4467 3017 4529 είδότες
3034 4464 3649 4536 ἀντιπαρακατατιθέναι

2078 4560 2138 4612 τὺ
2164 4559 2328 4629 μέλαν
2354 4561 2489 4630 πρὸς
2517 4559 2580 4612 τὸ
2606 4558 2818 4622 λευκὸν,
2849 4559 2942 4610 καὶ
2970 4557 3030 4610 τὸ
3052 4556 3257 4627 χλωρὸν
3281 4557 3414 4626 πρὸς
3437 4555 3496 4607 τὸ
3523 4555 3650 4607 κυά-

2080 4666 2224 4713 νεον,
2257 4649 2352 4701 καὶ
2389 4647 2692 4718 πορφύρεόν
2727 4645 2856 4718 [es],
2885 4646 3155 4715 κοκκηρόν
3191 4663 3271 4708 τε,
3302 4646 3394 4697 καὶ
3419 4644 3487 4696 τά
3521 4643 3650 4696 ἄλλα

2082 4740 2367 4811 χρώματα,
2393 4739 2707 4810 ἐρωτηθῶσι
2746 4739 2803 4790 δὲ
2846 4739 2938 4806 ἀφ’
2965 4735 3121 4806 ὴμῶν
3149 4737 3245 4807 τὴν
3273 4737 3534 4804 ποιότητα
3559 4735 3652 4788 τοῦ

2084 4833 2275 4893 εἴδους,
2300 4831 2393 4883 καὶ
2421 4831 2482 4882 τὸ
2509 4831 2703 4900 χρῶμα
2730 4831 2964 4898 ἑκάστης
2991 4829 3290 4898 ποιότητος,
3319 4827 3443 4880 οὔτε
3471 4827 3654 4879 δύναν-

2083 4940 2176 4975 ται
2208 4923 2400 4986 εἰπεῖν,
2446 4921 2568 4973 οὔτε
2603 4922 2696 4989 ἀφ’
2729 4920 2886 4990 ἡμῶν
2923 4921 3254 4990 διδαχθῆναι,
3287 4919 3448 4988 μόνον
3483 4919 3538 4971 δὲ
3571 4917 3654 4970 διά

2086 5012 2244 5081 λόγου
2283 5013 2540 5067 πείθωσιν
2571 5011 2592 5042 ⁸
2626 5011 2832 5063 ἑαυτῶν
2869 5011 2968 5081 τὴν
3006 5011 3261 5072 διάνοιαν,
3306 5008 3555 5062 ἀπατῶσι
3599 5007 3654 5059 δὲ

2085 5105 2211 5166 τοὺς
2250 5101 2544 5165 ἀκούοντας
2563 5141 2577 5164 ,
2621 5101 2696 5163 ὡς
2723 5101 2926 5162 εἰδότες
2949 5099 3148 5152 τέλειον
3173 5098 3301 5168 περὶ
3331 5098 3430 5166 τῆς
3451 5097 3656 5166 διακρί-

2091 5210 2244 5256 σεως,
2275 5193 2378 5246 κᾶν
2405 5209 2464 5244 τε
2495 5191 2571 5260 τῷ
2607 5191 2749 5260 λόγῳ
2775 5189 2991 5257 λέγωσι,
3020 5190 3119 5258 τὴν
3149 5189 3421 5254 ἀγνωσίαν
3451 5187 3536 5238 διὰ
3559 5185 3656 5256 τῆς

2091 5283 2468 5353 ἀκαταληψίας
2497 5281 2859 5352 κεκτημένοι·
2897 5280 3037 5332 οὕτω
3070 5281 3164 5332 καὶ
3191 5273 3346 5340 οὗτος
3367 5279 3490 5348 ἥκει
3527 5279 3656 5348 ἡμῖν

2092 5373 2262 5441 λέγων
2284 5376 2413 5444 περὶ
2434 5373 2566 5425 Θεοῦ
2583 5388 2598 5403 ·
2629 5374 2720 5426 καὶ
2741 5371 3058 5442 ὲπιφημίζει
3083 5371 3179 5439 μὲν
3205 5369 3536 5441 σκωπτηλῶς
3559 5367 3656 5435 τῆς

2091 5463 2310 5525 ἀλάλου.
2339 5465 2432 5517 καὶ
2455 5465 2661 5536 κωφῆς,
2685 5465 2778 5518 καὶ
2798 5466 3002 5536 τυφλῆς
3027 5463 3292 5535 παρθένου
3315 5463 3411 5536 τὴν
3433 5459 3658 5532 φθορὰν,

511 5615 528 5647 ι
569 5613 733 5672 llebr.
775 5633 852 5676 xi.
882 5619 933 5672 6.
1011 5622 1030 5650 '
1066 5617 1211 5674 Psal.
1244 5637 1340 5686 νη,
1377 5621 1572 5687 16,Γ1.
1651 5623 1672 5653 ³
1699 5620 1756 5674 F.
1791 5620 1856 5673 δι’
1886 5622 1960 5691 opt

2119 5621 2140 5652 ⁸
2173 5619 2234 5675 F.
2276 5621 2570 5675 πείθουσιν.
