3994 6224
408 316 516 373 637

1051 318 1416 377 ADVERSUS
1457 320 1809 406 ΙΙᾹΣΙΗΞΞΕΞ⁸
1849 320 1969 378 LIB.

2074 322 2108 376 l.
2152 321 2312 378 TOM.
2355 324 2487 378 l.—
2525 322 2797 378 llAERES.
2836 323 3064 381 LXXVI.

3551 321 3654 380 658

405 428 572 493 αὑτὸς
608 427 746 483 κατά
778 428 875 501 τὴν
905 430 1070 484 αὐτοῦ
1107 431 1456 503 βλασφημίαν
1489 434 1826 505 ἐφθαρμένος
1858 435 1969 504 μάλ.

2099 435 2438 506 ignoratione
2467 444 2773 491 versantur.
2814 435 2894 490 Ad
2926 437 3069 491 hunc
3100 437 3424 492 moelttmille
3459 435 3525 492 de
3550 435 3658 490 Deo

405 521 536 582 λον,
577 521 673 575 καὶ
708 521 805 592 τὴν
844 523 1150 590 ἀγνωσίαν,
1197 525 1271 587 ὡς
1311 525 1420 578 ἀπὸ
1457 527 1682 596 γενετῆς
1717 526 1988 595 τύφλωσιν

405 611 764 681 κεκτημένος,
807 614 980 682 λέγων
1031 616 1127 684 μὲν
1172 617 1300 687 περὶ
1344 616 1500 681 Θεοῦ,
1543 617 1719 683 λόγοις
1747 617 1802 670 δὲ
1828 620 1983 672 ἀπει-

403 701 612 764 κάζων.

2095 542 2402 587 Sermonem
2449 526 2706 591 instituit,
2766 535 2822 584 et
2870 536 3183 597 corruptam
3247 530 3432 584 nescio
3491 541 3657 596 quam

2095 618 2276 684 nobis,
2311 626 2538 682 mutam,
2573 633 2636 672 ac
2684 618 2904 676 surdam
2943 634 3253 689 caecamque
3273 619 3534 692 virginem
3561 630 3658 688 per

2092 712 2387 768 ludibrium
2418 712 2623 780 objicit.
2661 727 2761 782 pro
2782 725 2877 763 sua
2904 709 2958 762 in
2991 711 3233 764 divinum
3270 726 3468 765 numen
3503 719 3658 779 petu-

403 791 578 845 lantia
627 800 917 860 corruptus
972 794 1106 863 ipse,
1161 803 1215 850 et
1264 795 1572 866 ignorantia
1605 798 1752 853 velut
1808 800 1876 853 ab
1939 801 2150 870 origine
2197 814 2483 858 contracta
2533 803 2778 855 caecitate
2812 800 3090 856 laborans.
3132 801 3238 867 Qui
3303 802 3378 857 ita
3429 802 3495 858 de
3541 799 3652 854 Deo

400 884 670 953 disputat,
701 896 760 938 ut
793 884 860 939 de
887 886 1005 954 ejus
1042 894 1234 940 natura
1269 891 1686 944 scrmoeinaudo
1737 891 2008 960 conjicere
2049 909 2112 948 ac
2147 896 2394 950 divinare
2425 897 2659 950 studeat.

477 974 569 1041 ς’.
603 974 799 1029 Λοιπὸν
832 973 887 1026 δὲ
922 976 1015 1027 καὶ
1044 978 1122 1038 είς
1149 977 1530 1046 ἀναισχυντίαν
1556 980 1679 1041 τοὺς
1704 981 1794 1033 ὑπ’
1818 981 1981 1034 αὑτοῦ

406 1067 926 1136 μεμαθητευμένους
973 1069 1422 1138 παρασκευάσας.
1470 1071 1632 1125 Οὐδὲν
1663 1074 1769 1142 γὰρ
1800 1073 1981 1138 αὐτοῖς

401 1157 724 1230 ἀτόλμητον.
754 1159 1140 1231 Βλασφημοῦσι
1169 1162 1266 1232 μὲν
1291 1158 1384 1215 οὖν
1406 1164 1699 1234 προφητῶν
1719 1165 1979 1234 ὀνόματα,

401 1250 501 1302 καὶ
522 1250 834 1304 ἀποστόλων
853 1267 866 1282 ·
900 1253 1027 1305 ὅταν
1049 1251 1396 1324 ἐλεγχόμενοι
1421 1255 1526 1308 ὑπό
1546 1272 1705 1311 τινων
1734 1257 1982 1314 ὑπωπιά-

400 1337 604 1405 ζωνται
625 1341 664 1405 ¹,
701 1343 860 1406 εὐθὺς
880 1344 1287 1414 ὑποτρέχοντες,
1325 1346 1419 1399 καὶ
1450 1348 1852 1418 ἀποπηδῶντες,
1886 1349 1980 1402 καὶ

403 1431 656 1500 λέγοντες
681 1451 694 1464 ·
742 1434 910 1487 Τοῦτο
949 1437 978 1488 ό
1015 1436 1335 1500 Ἀπόστολος
1379 1437 1455 1501 ὡς
1506 1439 1790 1509 ἄνθρωπος
1839 1440 1974 1511 ἔφη·

397 1522 586 1576 ἄλλοτε
606 1523 685 1587 δὲ,
710 1524 774 1576 Τί
801 1542 890 1594 μοι
933 1525 1119 1596 φέρεις
1169 1529 1236 1580 τὰ
1267 1528 1365 1597 τῆς
1412 1529 1652 1592 Παλαιᾶς
1674 1530 1974 1602 Διαθήκηςς

397 1614 514 1665 Οὐκ
551 1613 666 1666 ἔστι
704 1614 761 1666 δὲ
790 1615 1096 1685 θαυμαστὸν
1143 1620 1283 1672 κατὰ
1330 1621 1396 1673 τὰ
1445 1621 1549 1673 ὑπὸ
1587 1621 1682 1674 τοῦ
1729 1624 1977 1694 Σωτῆρος

2165 982 2251 1039 Vl.
2284 983 2568 1040 Postremo
2602 985 2899 1055 discipulos
2931 999 3062 1040 suos
3107 982 3172 1036 ad
3202 989 3500 1035 extremam
3557 982 3640 1035 im,

2091 1075 2402 1144 pudentiam
2439 1078 2710 1146 perduxit.
2761 1075 2903 1129 Nihil
2945 1074 3088 1128 enim
3131 1081 3216 1127 est
3256 1086 3364 1141 quo
3393 1087 3499 1124 non
3532 1072 3645 1124 illo~

2088 1182 2210 1219 rum
2240 1167 2512 1236 pertintgat
2557 1167 2804 1221 audacia.
2837 1165 3230 1235 Prophetarum
3266 1163 3655 1232 apostolorum-

2087 1274 2192 1328 (μω
2218 1259 2436 1315 nomina
2472 1259 2819 1316 contumeliis
2855 1259 3164 1316 incessunt.
3193 1252 3440 1324 Cumque
3473 1253 3654 1320 urgeri

2087 1350 2361 1405 rationum
2389 1350 2466 1413 vi,
2507 1364 2570 1403 ac
2611 1350 2752 1409 male
2771 1349 2936 1422 m2
2976 1346 3157 1402 haberi
3207 1344 3492 1414 coeperint,
3523 1343 3656 1397 ea"...

2086 1443 2239 1511 giunt
2303 1441 2532 1496 subinde
2582 1455 2645 1494 ar
2709 1442 3030 1512 prosiliunt;
3087 1447 3162 1504 et,
3199 1437 3325 1500 lsta,
3376 1437 3651 1508 inquiunt,

2084 1533 2418 1602 Apostolus,
2487 1541 2743 1602 tanquam
2804 1531 2986 1596 homo,
3045 1531 3201 1584 dixit.
3249 1529 3396 1583 Alias
3459 1526 3653 1593 :Quid

2087 1635 2140 1678 tu
2183 1625 2314 1678 mihi
2345 1623 2534 1687 Vetus,
2567 1624 2740 1686 aiunt,
2787 1621 3194 1682 Testamentum
3232 1619 3464 1689 objicis?
3494 1618 3651 1684 Quod

395 1698 694 1774 εἰρημένα,
755 1707 835 1758 ὅτι
891 1709 959 1760 Ei
1005 1709 1112 1761 τὸν
1149 1710 1584 1779 οἰκοδεσπότην
1623 1712 1969 1774 Βεελζεϐοὺνί

2082 1714 2299 1784 quidem
2351 1714 2573 1768 minime
2617 1714 2814 1767 mirmn
2855 1721 2959 1777 est,
2995 1712 3038 1767 si
3085 1713 3291 1766 dictum
3329 1709 3460 1764 illud
3533 1709 3655 1763 Sal-

391 1796 724 1858 ἐκάλεσαν,
762 1801 931 1866 πόσῳ
951 1800 1193 1868 μᾶλλον
1222 1803 1362 1870 τοὺς
1396 1806 1727 1871 οὶκειακοὺς
1750 1805 1974 1870 aurai};

391 1889 462 1948 Εἰ
495 1890 625 1958 γοῦν
652 1891 814 1944 αὐτὸν
852 1893 942 1945 τὸν
977 1892 1202 1964 Κύριον,
1236 1895 1330 1948 καὶ
1373 1896 1472 1966 τὴν
1512 1896 1770 1967 ἀληθινὴν
1811 1897 1976 1952 αὑτοῦ

389 1983 554 2048 δόξαν
595 1983 902 2056 ἀρνοῦνται,
951 1987 1102 2056 πόσῳ
1141 2003 1204 2054 γε
1241 1987 1438 2057 μᾶλλον
1479 1990 1763 2060 προφήτας
1786 1989 1972 2053 αὐτοῦ,

392 2077 491 2129 καὶ
515 2077 844 2141 ἀποστόλους
863 2076 1080 2143 ςἜτιδὲ
1115 2079 1194 2140 είς
1226 2080 1619 2150 περισσοτέραν
1649 2081 1845 2150 μανίαν
1875 2082 1975 2152 ἁρ-

392 2163 579 2227 θέντες
611 2166 660 2216 οἱ
697 2167 791 2218 ἀπ’
823 2164 985 2219 αὐτοῦ
1025 2167 1520 2238 μεμαθητευμένοι,
1561 2171 1652 2222 καὶ
1701 2172 1729 2222 ό
1771 2170 1976 2223 τούτων

392 2253 636 2324 διάδοχος
661 2254 923 2327 Εὐνόμιός
953 2274 1036 2320 τις
1076 2257 1443 2330 ψευδωνύμως
1483 2259 1814 2330 καλούμενος
1840 2302 1858 2328 ι
1894 2261 1975 2314 ἔτι

393 2347 490 2400 καὶ
515 2347 672 2419 δεῦρο
703 2348 903 2419 περιὼν
944 2348 1024 2418 τῷ
1067 2349 1186 2420 βίῳ,
1241 2351 1382 2420 μέγα
1427 2353 1636 2408 κακὸνι
1676 2352 1932 2425 τόλμημα
1957 2372 1970 2384 ·

389 2439 749 2504 ἀναὸαπτίζει
763 2440 869 2511 γὰρ
887 2441 1012 2504 τοὺς
1032 2443 1130 2513 ἤδη
1157 2442 1568 2512 βαπτισθέντας,
1590 2445 1649 2498 οὐ
1676 2445 1834 2514 μόνον
1849 2446 1974 2508 τοὺς

387 2531 500 2583 ἀπὸ
525 2529 820 2602 ὀρθοδόξων
845 2531 982 2602 πρὸς
1007 2533 1166 2586 αὑτὸν
1206 2533 1534 2604 ἐρχομένους
1563 2537 1657 2588 καὶ
1689 2535 1970 2606 αἱρέσεων,

389 2622 525 2676 ἀλλά
546 2623 637 2678 καὶ
663 2624 788 2685 τοὺς
813 2624 906 2676 ἀπ’
929 2623 1111 2678 αὐτῶν
1133 2623 1240 2679 τῶν
1257 2625 1569 2695 Ἀρειανῶν.
1591 2625 1862 2686 Ἀναίῗαπτ
1872 2628 1970 2694 ίζει

388 2713 446 2766 δὲ
469 2714 664 2776 αὐτοὺς
693 2717 770 2778 είς
788 2715 958 2786 ὄνομα
979 2715 1113 2770 Θεοῦ
1138 2717 1412 2779 ἀκτίστου,
1434 2717 1532 2774 καὶ
1549 2717 1626 2780 εἰς
1655 2716 1827 2786 ὄνομα.
1846 2715 1978 2768 Tia?)

391 2807 769 2876 κεκτισ-μένου,
807 2807 902 2860 καὶ
948 2809 1029 2870 είς
1067 2807 1240 2879 ὄνομα
1274 2809 1592 2879 Πνεῦματος
1628 2807 1970 2875 ἀγιαστικοῦ.

390 2895 485 2947 καὶ
500 2895 603 2947 ὑπὸ
642 2895 735 2948 τοῦ
771 2897 1124 2966 κεκτισμένου
1151 2897 1280 2951 Υίοῦ
1322 2897 1651 2962 κτισθέντος.
1679 2898 1794 2951 Ἵνα
1827 2897 1883 2950 δὲ
1914 2897 1974 2950 τὸ

390 2987 499 3039 πᾶν
536 2986 778 3050 κυϐείας,
809 2989 904 3042 καὶ
926 2988 1182 3060 θυμέλης,
1198 2991 1292 3042 καὶ
1306 2990 1584 3061 σκηνῆςτὸ
1613 2991 1972 3060 ἐργαστήριον

389 3077 569 3130 αὐτῶν
581 3078 790 3148 ὀφθείη,
811 3081 1086 3133 ὄτιούκέτι
1101 3081 1327 3152 πίστιςὴ
1348 3082 1440 3134 ἀπ’
1470 3081 1648 3133 αὐτῶν
1667 3081 1970 3149 καταγγελ-

389 3168 613 3241 λομένη,
629 3170 977 3242 ἀλλὰ,σχεδὸν
993 3175 1184 3238 εἰπεῖν,
1207 3173 1388 3243 μίμων
1401 3173 1646 3244 ’ἐργαστή
1656 3189 1785 3244 ρ.ιον’
1802 3172 1974 3226 διεδε-

390 3259 696 3320 6αιώσαντό
716 3279 878 3328 τινες,
906 3264 987 3316 ὅτι
1017 3263 1158 3318 κατὰ
1191 3264 1430 3335 κεφαλῆς
1455 3266 1580 3328 τοὺς
1603 3262 1969 3327 ἀναϐαπτιζον

394 3353 590 3423 μένους
607 3353 878 3423 βαπτίζει,
907 3357 1000 3408 καὶ
1016 3358 1140 3419 τοὺς
1164 3357 1324 3420 πόδας
1352 3357 1486 3421 ἄνω,
1500 3357 1593 3410 καὶ
1613 3357 1710 3428 τὴν
1729 3356 1970 3428 κεφαλὴν

390 3441 558 3497 κάτω·
580 3441 860 3508 καὶοῦτως
877 3445 1161 3515 ἐνωμότως
1183 3445 1425 3514 βιάζεται
1447 3447 1644 3509 αὐτοὺς
1659 3446 1874 3517 ὀμόσαι,
1893 3446 1967 3516 μὴ

389 3532 744 3603 ἀποπηδῆσαι
772 3534 872 3604 τῆς
901 3535 1000 3587 ἀπ’
1027 3535 1191 3588 αὐτοῦ
1219 3537 1681 3608 μεμηχανημένης
1710 3536 1965 3606 τοιαύτης

390 3623 671 3694 αἱρέσεως.
706 3625 842 3682 Φασὶ
875 3625 932 3681 δὲ
957 3627 1049 3680 τὸν
1071 3627 1231 3680 αὑτὸν
1267 3628 1466 3680 Ἀέτιον
1495 3629 1632 3699 μετά
1661 3629 1757 3699 τὴν
1785 3628 1965 3681 τελευ-

389 3713 488 3782 τὴν
528 3714 906 3768 Κωνσταντίου
945 3715 1049 3768 ὑπὸ
1086 3715 1369 3769 Ἰουλιανοῦ
1411 3715 1505 3770 τοῦ
1552 3716 1966 3787 βασιλεύσαντος

389 3805 767 3878 ἀνακληθέντα
801 3807 902 3877 τῆς
939 3807 1174 3878 ἐξορίας,
1212 3807 1291 3861 ἔτι
1321 3808 1450 3861 ὅντα
1479 3808 1722 3862 διάκονον
1745 3809 1845 3877 τῆς
1872 3809 1969 3861 αὐ-

387 3896 484 3950 τοῦ
510 3897 792 3970 αἱρέσεως,
824 3898 930 3952 ὑπὸ
950 3898 1050 3970 τῆς
1079 3899 1244 3954 αὑτοῦ
1277 3899 1544 3972 αἱρέσεως
1565 3900 1862 3954 ἐπισκόπου
1884 3902 1965 3964 είς

389 3987 696 4060 ἐπισκοπὴν
724 3990 1014 4062 προῆχθαι.

2076 1807 2279 1860 vatoris
2335 1804 2714 1861 consideretur
2769 1823 2782 1858 :
2842 1805 2902 1860 Si
2948 1803 3162 1857 Patrem
3201 1801 3436 1871 familias
3493 1800 3646 1854 Beel—

2079 1897 2238 1951 zebub
2272 1908 2602 1963 vocaverunt,
2635 1903 2828 1965 quanto
2855 1895 3020 1964 magis
3059 1893 3371 1947 domesticos
3401 1891 3548 1945 illius
3579 1890 3649 1944 '?

2085 1988 2141 2043 Si
2168 1987 2452 2042 Dominum
2507 1987 2705 2057 ipsum,
2735 2001 2798 2041 ac
2849 2001 3038 2041 verum
3068 1984 3188 2052 ejus
3214 1984 3404 2045 decus,
3451 1990 3506 2036 et
3535 1981 3651 2051 glo-

2078 2081 2213 2133 riam
2251 2081 2520 2150 abnegare
2552 2094 2660 2132 non
2684 2078 2960 2142 dubitant,
2990 2085 3198 2147 quanto
3223 2075 3392 2145 magis
3419 2072 3652 2143 propltc—
3707 2101 3712 2110 ι

2077 2184 2160 2230 tas
2221 2174 2389 2239 illius,
2443 2181 2498 2228 et
2527 2174 2803 2244 apostolos
2852 2171 3166 2242 negabunt?
3213 2168 3482 2222 Praeterea
3522 2181 3651 2218 vero

2077 2267 2282 2336 majore
2337 2266 2571 2334 quadam
2629 2265 2842 2320 insania
2881 2279 2946 2317 ac
2989 2263 3174 2316 furore
3217 2261 3451 2329 correpti
3503 2257 3647 2312 Aetii

2076 2353 2350 2421 discipuli,
2384 2369 2508 2406 cum
2574 2351 2768 2406 horum
2825 2365 3163 2414 successore,
3205 2349 3294 2419 qui
3349 2347 3652 2402 Eunomius

2082 2444 2220 2500 falso
2249 2445 2656 2506 nominatur,et
2684 2443 2750 2497 ad
2783 2443 2894 2498 haec
2921 2451 3162 2510 tempora
3197 2446 3469 2509 superest,
3501 2435 3648 2490 aliud

2075 2534 2336 2603 quiddam
2407 2535 2730 2590 sceleratum
2796 2548 2859 2587 ac
2914 2531 3182 2587 nefarium
3230 2530 3576 2584 committunt
3629 2546 3644 2581 :

2076 2627 2342 2694 siquidem
2403 2642 2500 2681 eos
2556 2625 2648 2693 qui
2705 2625 2964 2695 baptizati
3017 2624 3128 2692 jam
3186 2623 3406 2683 fuerint,
3455 2621 3647 2672 iterum

2077 2717 2315 2786 baptizat
2354 2716 2674 2777 Eunomius,
2735 2731 2844 2769 non
2906 2716 3066 2768 modo
3117 2714 3207 2783 qui
3261 2728 3290 2765 a
3328 2711 3648 2777 Catliolicis,

2077 2818 2167 2864 aut
2195 2810 2263 2866 ab
2289 2809 2412 2862 aliis
2444 2808 2746 2862 Itatresibus
2773 2849 2788 2874 ,
2824 2807 2916 2862 sed
2954 2823 3046 2862 eos
3074 2807 3236 2860 etiam
3274 2804 3362 2873 qui
3396 2803 3462 2856 ab
3484 2802 3649 2870 ipsis~

2075 2908 2186 2960 met
2215 2899 2433 2956 Arianis
2456 2899 2736 2956 deﬁciunt.
2768 2897 2999 2966 Repetiti
3025 2911 3188 2966 porro
3219 2896 3364 2948 illius
3391 2892 3648 2960 baptismi

2075 3007 2138 3052 ea
2168 2990 2398 3048 formula
2429 2999 2515 3050 est
2543 3007 2556 3042 :
2587 2991 2641 3044 ln
2677 2990 2897 3044 nomine
2935 2987 3022 3042 Dei
3062 2987 3308 3049 increati,
3344 2992 3398 3039 et
3437 2985 3492 3037 in
3540 2999 3640 3036 no-

2077 3085 2224 3139 mine
2283 3083 2405 3137 Filii
2451 3083 2642 3146 creati,
2682 3091 2730 3135 et
2769 3083 2822 3134 in
2866 3079 3086 3136 nomine
3121 3077 3356 3148 Spiritus
3387 3073 3633 3132 sanctiﬁ-

2077 3177 2254 3231 cautis
2295 3182 2349 3230 ct
2395 3189 2424 3226 a
2469 3181 2653 3228 creato
2692 3169 2829 3224 Filio
2863 3169 3153 3242 procreati.
3202 3169 3376 3237 Atque
3415 3175 3471 3218 ut
3511 3170 3655 3218 tota

2075 3266 2290 3319 illorum
2343 3262 2511 3326 fraus,
2548 3277 2612 3315 ac
2660 3260 2889 3317 scenica:
2911 3259 3056 3312 velut
3094 3267 3258 3321 artes,
3309 3262 3364 3310 et
3408 3252 3639 3306 fallaciae

2037 3345 2296 3427 penitus
2345 3358 2679 3424 appareant;
2731 3358 2786 3406 et
2835 3349 2888 3403 id
2952 3347 3178 3403 omnino
3230 3350 3469 3405 constet,
3537 3354 3650 3395 non

2075 3445 2235 3499 ﬁdem
2272 3443 2584 3513 essequod
2633 3440 2722 3496 isti
2782 3437 3100 3510 pradicant,
3163 3434 3258 3490 sed
3313 3432 3653 3511 histrionum

2069 3536 2341 3590 oliicinam
2376 3553 2390 3601 ;
2430 3543 2558 3588 sunt
2592 3532 2686 3604 qui
2721 3536 2965 3594 narrent,
3005 3534 3275 3598 quotquot
3331 3524 3398 3578 ab
3447 3523 3516 3576 iis
3553 3520 3646 3574 de-

2069 3644 2178 3681 nuo
2236 3627 2615 3697 baptizantur,
2663 3624 2719 3678 in
2783 3629 2946 3693 caput
2992 3619 3254 3690 demergi,
3299 3617 3528 3688 pedibus
3591 3612 3646 3668 in

2069 3719 2300 3774 sublime
2329 3717 2632 3789 porrectis;
2665 3716 2848 3784 itaque
2869 3711 3258 3783 jusjurandum
3289 3709 3432 3778 adigi
3465 3705 3646 3762 :Nun—

2069 3823 2230 3878 quam
2279 3823 2339 3862 se
2392 3808 2462 3860 ab
2508 3806 2655 3859 illius
2695 3819 2884 3859 errore
2928 3812 3092 3873 atque
3136 3801 3330 3854 haeresi
3368 3800 3642 3852 discessu-

2070 3915 2184 3954 ros.
2234 3898 2438 3958 Ferunt
2466 3898 2690 3965 insuper
2710 3896 2922 3950 Aetium
2955 3895 3134 3964 ipsum
3171 3900 3293 3961 post
3338 3885 3644 3944 Constantii

2071 3989 2280 4044 obitum
2333 4004 2364 4041 a
2425 3986 2642 4042 Juliano
2678 3987 3004 4055 imperatore
3068 3991 3378 4038 revocatum
3425 3980 3494 4033 ab
3543 3995 3642 4034 cx-

389 4080 558 4146 silio,
615 4095 739 4134 cum
801 4089 965 4136 sectae
1041 4096 1155 4136 suae
1199 4080 1464 4137 diaconus
1513 4088 1692 4148 esset,
1748 4081 1820 4136 ab
1883 4079 2127 4152 ejusdem
2191 4088 2354 4143 secta:
2405 4079 2663 4148 episcopo
2714 4077 2780 4137 ad
2831 4073 3076 4146 episcopi
3141 4074 3458 4144 dignitatem
3517 4082 3642 4126 esse

389 4178 727 4240 provectmn.

460 4259 647 4312 Ταῦτα
673 4259 730 4312 δὲ
762 4235 844 4321 et:
865 4260 1012 4330 ἡμᾶς
1038 4261 1260 4314 ἐλθόντα
1287 4262 1516 4325 ’Δετίου,
1549 4262 1644 4315 και
1666 4261 1776 4319 τῶν
1801 4261 1966 4316 αὑτοῦ

2144 4253 2271 4310 llaec
2305 4258 2453 4316 sunt,
2478 4265 2598 4318 qua?
2627 4249 2692 4302 de
2719 4247 2875 4302 Aetio
2891 4245 3142 4315 Aetiique
3169 4243 3452 4314 discipulis
3479 4246 3639 4302 inve—

391 4347 661 4416 μαθητῶν.
720 4344 930 4402 Οἷστισί
968 4366 1115 4413 τινες
1162 4351 1471 4422 Ἀνομοίους
1497 4351 1750 4408 ἐπέθεντο
1770 4354 1961 4421 δνομα,

385 4439 475 4492 διὰ
514 4440 577 4492 τὸ
607 4439 686 4492 ἔτι
718 4441 1106 4513 περισσότερον
1141 4441 1242 4512 τῆς
1267 4443 1360 4496 τοῦ
1395 4443 1604 4515 Ἀρείου
1628 4443 1964 4515 πεφρονηκέ-

385 4549 475 4585 ναι
502 4533 662 4585 αὺτδν
690 4533 954 4604 αἱρέσεως
980 4531 1294 4603 δεινοτέρως
1315 4551 1328 4566 ο
1367 4534 1525 4588 ἆτινα
1554 4535 1696 4592 κατά
1722 4534 1784 4594 τὸ
1806 4535 1964 4589 δυνα-

384 4624 477 4677 τὸν
508 4623 860 4695 λεπτομερῶς
899 4625 957 4677 ἐν
988 4623 1108 4695 Θεῷ
1145 4624 1522 4691 διεξελθόντες,
1565 4625 1754 4699 ὥσπερ
1794 4627 1962 4680 πολύ-

385 4730 520 4766 πουν
551 4713 970 4786 σκολόπενδραν,
1002 4716 1097 4768 καὶ
1131 4713 1304 4768 ἴουλον
1333 4714 1398 4768 τὸ
1429 4716 1762 4789 καλούμενον
1794 4720 1962 4790 ἕρπε-.-

383 4805 476 4859 τδν
497 4805 576 4876 τῷ
611 4807 710 4877 τῆς
748 4807 1008 4877 ἀληθείας
1053 4809 1176 4860 ποδὶ
1210 4811 1720 4880 καταπατήσαντες,
1761 4813 1854 4866 καὶ
1893 4815 1959 4883 τῇ

383 4893 479 4945 τοῦ
540 4894 878 4962 Μονογενοῦς
935 4894 1166 4966 ἀληθινῇ
1229 4896 1489 4968 ὁμολογίᾳ
1543 4899 1959 4970 συντρίψαντες,

387 4983 632 5055 συνήθως
673 4983 795 5054 Θεῷ
849 4983 1324 5054 εὐχαριστοῦντες,
1376 4986 1477 5056 τὴν
1518 4989 1684 5046 αὐτοῦ
1735 4988 1960 5060 δύναμιν

385 5075 716 5144 ἐπαγόμενοι
757 5076 835 5138 είς
881 5074 1131 5147 βοήθειαν
1173 5075 1273 5145 τῆς
1325 5077 1595 5149 ἡμετέρας
1653 5079 1956 5147 ἀσθενείας,

385 5165 479 5216 ἐπὶ
504 5165 604 5228 τὰς
637 5165 762 5235 ἑξῆς
800 5165 1214 5234 ὑπολειφθείσας
1251 5167 1393 5219 κατά
1424 5168 1524 5238 τὴν
1552 5167 1779 5239 δύναμιν
1801 5172 1959 5241 ἡμῶν

386 5255 479 5306 καὶ
517 5255 818 5324 κατάληψιν
866 5256 1024 5326 ἡμῶν
1055 5259 1252 5329 ἴωμεν,
1304 5253 1349 5311 ὦ
1395 5259 1747 5330 ἐπιπόθητοι,
1796 5261 1958 5315 αὐτὸν

385 5345 833 5418 ἐπικαλούμενοι,
867 5349 941 5412 ὡς
965 5349 1131 5421 ἔφην,
1173 5352 1263 5406 τὸν
1289 5351 1563 5423 Δεσπότην
1592 5355 1959 5424 συμπαρεῖναι

383 5437 516 5505 ἡμῖν
543 5439 680 5508 πρὸς
703 5438 802 5509 τὴν
828 5441 1053 5494 ἐκείνων
1074 5442 1341 5508 ὑπόδειξιν
1365 5444 1458 5498 καὶ
1479 5443 1577 5514 τὴν
1600 5444 1735 5512 πρὸς
1762 5445 1956 5508 αὐτοὺς

384 5526 717 5598 ἀνατροπὴν·
735 5531 821 5582 ἵνα
842 5532 900 5584 ἐν
925 5533 991 5602 τῇ
1014 5533 1177 5586 αὐτοῦ
1198 5533 1422 5605 δυνάμει
1446 5534 1804 5606 δυνηθείημεν
1821 5535 1956 5606 πλη-

463 5683 480 5714 ¹
519 5681 580 5737 Ε.
611 5684 1009 5750 ὕποπιέζονται.
1087 5691 1106 5720 ²
1136 5689 1192 5743 F.
1226 5689 1427 5744 κακῶν.
1505 5692 1524 5721 ³
1554 5689 1741 5745 Matth.
1772 5705 1862 5756 xx,
1886 5689 1975 5744 25.

2066 4347 2268 4418 stigare
2319 4342 2615 4413 potuimus.
2666 4339 2814 4406 Quos
2880 4335 3128 4391 nonnulli
3176 4333 3494 4399 Anomteos,
3539 4337 3638 4394 boc

2068 4447 2152 4494 est
2195 4434 2506 4498 dissimiles,
2559 4431 2845 4486 nominant
2879 4425 3060 4498 :quod
3107 4426 3366 4479 Arianam
3408 4428 3642 4484 haeresi"

2075 4527 2328 4584 uberiore
2361 4523 2596 4596 quadam
2649 4536 2713 4574 ac
2751 4521 2923 4592 magis
2955 4516 3291 4573 exsecranda
3325 4515 3639 4588 dogmatum

2070 4618 2348 4688 impietate
2385 4619 2735 4682 superarunt.
2786 4610 2860 4664 De
2892 4610 3089 4680 quibus
3121 4615 3472 4676 posteaquam
3524 4609 3640 4662 sin-

2069 4710 2296 4784 gillatim
2323 4723 2423 4784 pro
2457 4708 2688 4770 viribus,
2741 4704 2920 4762 divina
2958 4704 3259 4773 opitulante
3296 4703 3490 4774 gratia,
3519 4702 3635 4757 dis-

2071 4803 2380 4876 putavimus
2408 4837 2422 4864 ,
2463 4815 2526 4853 ac
2568 4800 2716 4854 velut
2768 4795 3115 4865 multipedem
3164 4795 3577 4864 scolopendram
3604 4831 3620 4856 ,

2065 4895 2208 4966 quod
2264 4892 2458 4948 insecti
2491 4907 2663 4964 genus
2682 4889 2873 4961 jiulum
2918 4897 3134 4953 vocant,
3192 4889 3436 4942 veritatis
3496 4885 3632 4954 pede

2063 4987 2520 5059 proculcavimus,
2548 4996 2604 5038 et
2633 4982 2778 5036 unici
2827 4981 2919 5036 Dei
2971 4979 3091 5035 Filii
3127 4994 3250 5034 vera
3287 4977 3634 5030 confessione

2063 5079 2441 5141 contrivimus,
2478 5076 2672 5147 gratiis
2713 5074 2820 5129 Deo
2876 5087 3027 5127 more
3072 5077 3262 5125 nostro
3310 5067 3624 5138 persolutis,

2062 5169 2226 5240 993
2263 5170 2493 5238 ejusque
2523 5167 2590 5220 ad
2636 5161 3024 5218 imbecillitatis
3077 5167 3281 5215 nostra:
3315 5156 3628 5228 praesidium

2061 5262 2347 5332 implorata
2396 5261 2616 5322 virtute,
2675 5255 2740 5308 ad
2790 5253 3028 5321 reliquas
3080 5251 3313 5303 hareses
3343 5263 3440 5318 pro
3467 5256 3632 5316 captu

2057 5354 2256 5413 virium
2289 5359 2598 5405 nostrarum
2631 5344 3104 5414 intelligentiaeque
3150 5349 3510 5392 transeamus.
3541 5337 3618 5388 Ac

2060 5442 2273 5497 Domini
2306 5442 2359 5495 in
2385 5438 2575 5510 primis
2601 5451 2778 5506 opem,
2803 5443 2861 5487 ut
2882 5431 3138 5494 diximus.
3156 5429 3530 5500 implorcmus,
3558 5433 3616 5477 ut

2059 5535 2105 5590 is
2140 5535 2204 5588 ad
2241 5534 2361 5588 illas
2407 5526 2755 5600 explicandas
2786 5539 2849 5580 ac
2890 5521 3203 5580 rcfutandas
3235 5525 3434 5590 praesto
3458 5515 3622 5571 nobis
