3994 6224
421 344 527 400 639
1811 341 1867 396 8.
1903 337 2001 393 EPI

2068 339 2243 395 llANll
3553 343 3654 399 ϐω

418 479 541 518 csse
574 462 702 518 velit
735 479 749 514 :
781 474 890 530 quo
936 458 1079 514 illius
1119 457 1328 515 viribus
1385 471 1450 512 ac
1501 464 1771 528 potestate
1839 455 1988 524 freti,

2096 459 2268 531 ρῶσαι
2313 461 2376 514 τὺ
2425 460 2748 532 ἐπάγγελμα
2800 459 2899 530 τῆς
2961 457 3116 530 ἡμῶν
3163 455 3518 531 σμικρότητος
3565 459 3650 511 καὶ

417 554 562 623 quod
617 551 854 607 tenuitas
905 549 1362 620 medioeritasque
1406 557 1595 606 nostra
1634 549 1879 621 suscepit
1915 549 1985 604 ad

2095 549 2449 622 βραχύτητος.

415 646 619 700 exitum
646 642 941 713 perducere
981 643 1276 714 possimus.

1293 983 1476 1038 1.443
1509 983 1787 1037 εΝεΣπ
1822 979 1958 1036 ΚΑΙ
1989 983 2093 1036 EN
2131 983 2215 1053 Τρ
2251 983 2585 1052 ΔΕΥΤΕΡῼ
2641 983 2823 1052 mue

1529 1144 1668 1198 ΤΟΥ
1712 1144 1944 1198 ΑΥΤΟΥ
1981 1142 2236 1197 ΤΡΙΤΟΥ
2271 1141 2572 1208 ΒΙΒΛΙΟΥ,

495 1305 747 1378 Ἑϐδόμῳ
792 1307 862 1362 δὲ
898 1307 1024 1362 ὄντι
1076 1309 1203 1366 καθ’
1255 1308 1338 1376 ἣν
1366 1308 1615 1377 εἶπομεν
1656 1307 1776 1362 τῶν
1823 1308 2018 1376 τόμων
2046 1309 2158 1363 τοῦ
2197 1310 2451 1378 ἀριθμοῦ
2487 1309 2781 1377 But/psam
2801 1325 2813 1338 ·
2853 1306 2918 1378 ὅ(
2951 1307 3079 1360 ἐστι
3107 1305 3283 1376 τόμος
3311 1306 3586 1377 ἕϐδομος,

887 1378 986 1432 καὶ
1029 1379 1205 1446 τέλος
1246 1373 1358 1448 τῆς
1393 1373 1792 1448 πραγματείας
1838 1373 2073 1446 πᾶσης·
2103 1379 2174 1433 ἐν
2216 1373 2265 1448 ᾧ
2309 1373 2469 1433 εἰσιν
2503 1373 2767 1448 αἱρέσεις
2801 1377 3112 1445 τέσσαρες.

1132 1636 1535 1698 INDICULUS
1575 1637 1842 1698 EORUM
1895 1637 2066 1709 QUIE
2118 1635 2198 1696 IN
2243 1636 2452 1696 LIBRI
2497 1636 2581 1697 III
2623 1635 2829 1697 TOMO
2871 1637 2929 1696 II

1797 1813 2171 1854 CONTINENTUR
2196 1815 2210 1852 2

396 1962 512 2038 Qui
561 1967 656 2025 est
697 1979 772 2023 ex
811 1961 1093 2024 instituta
1129 1959 1432 2022 hactenus
1465 1964 1780 2020 tomorum
1822 1955 2265 2095 {iistributionel
2291 1957 2427 2095 lVVII,
2469 1955 2766 2034 idemque
2799 1955 2989 2017 totius
3019 1954 3227 2034 cperis
3255 1953 3548 2027 ultimus;
3595 1954 3652 2016 in

1659 2053 1786 2095 nuo
1843 2051 2093 2094 liDI‘CSCS
2121 2051 2237 2095 sun
2378 2082 2392 2095 .

1659 2053 1786 2114 QUO
1822 2051 2093 2094 IliDI'CSCS
2121 2051 2265 2095 Slllll
2291 2051 2358 2095 ιν
2378 2082 2392 2095 .

464 2302 505 2359 1.
541 2304 956 2376 Dimwriue,qui
979 2305 1271 2376 perfectam
1293 2304 1498 2359 Christi
1527 2303 1960 2359 incarnationem
1992 2293 2001 2346 1

2139 2315 2220 2365 A'.
2261 2310 2597 2380 Διμοιρῖται,
2624 2310 2674 2362 οί
2719 2307 2795 2380 μὴ
2826 2307 3039 2361 τελείαν
3084 2306 3184 2377 τὴν
3215 2307 3452 2378 Χριστοῦ
3499 2308 3652 2360 ἐναν-

389 2397 615 2452 minime
655 2397 988 2452 confitentur
1023 2416 1036 2452 :
1081 2412 1320 2467 quorum
1374 2397 1466 2450 alii
1497 2396 1966 2451 consubstantiale

2068 2401 2346 2471 ὓρώπησιν
2368 2399 2782 2471 ὁμολογοῦντες·
2810 2392 2884 2452 ὧν
2909 2415 3054 2460 τινες
3089 2397 3374 2467 ὁμοούσιον
3402 2397 3467 2450 τὸ
3493 2397 3653 2466 σῶμα

391 2488 667 2542 divinitati
700 2504 904 2559 corpus
935 2504 1181 2544 asserere
1223 2489 1344 2543 ausi
1383 2496 1539 2554 sunt;
1582 2489 1670 2542 alii
1706 2505 1835 2544 vero
1878 2504 1966 2543 as-

390 2587 664 2649 sumptam
700 2595 825 2635 esse
851 2581 919 2634 ab
939 2579 1131 2636 eodem
1162 2579 1399 2633 animam
1425 2589 1724 2649 negarunt;
1746 2581 1964 2649 quidam

389 2669 476 2723 his
504 2669 788 2738 Evangelii
835 2671 1036 2736 verbis,
1117 2669 1339 2724 Verbum
1380 2687 1506 2725 caro
1556 2671 1757 2740 factum
1795 2681 1871 2726 est
1911 2675 1962 2738 ι,

396 2749 641 2826 freti,’ex
686 2771 872 2817 creata
918 2778 1106 2827 carne,
1145 2764 1250 2817 hoc
1297 2771 1382 2819 est
1420 2762 1611 2828 Maria,
1645 2778 1864 2818 carnem
1898 2765 1966 2820 ab

393 2852 488 2907 illo
518 2863 828 2923 susceptam
869 2870 990 2910 esse
1023 2856 1334 2919 voluerunt,
1371 2855 1467 2910 sed
1514 2855 1692 2910 solum
1730 2855 1963 2911 Verbum

388 2960 610 3000 carnem
640 2962 762 3003 esse
793 2947 996 3003 factum
1041 2949 1395 3018 pertinaciter
1426 2949 1788 3005 defenderunt
1819 2970 1833 3006 :
1869 2967 1967 3022 po-

387 3041 504 3088 stea
532 3051 682 3100 vero,
718 3052 881 3106 quam
915 3037 987 3092 ob
1024 3054 1247 3094 causam
1280 3039 1490 3106 nescio,
1530 3049 1764 3096 mentem
1813 3042 1964 3096 illum

387 3139 496 3179 non
537 3128 906 3198 assumpsisse
929 3129 1204 3185 dixerunt.

459 3236 523 3292 ll.
558 3239 1132 3306 Antidicomarianitw,
1166 3243 1402 3308 beatam,
1430 3258 1756 3316 semperque
1789 3243 1967 3316 Virgi-

387 3344 511 3383 nem
543 3328 766 3383 Mariam
796 3340 920 3400 post
948 3332 1158 3386 editum
1207 3331 1546 3391 Salvatorem
1575 3351 1698 3390 cum
1725 3334 1965 3406 Josepho

385 3420 738 3475 consuevisse
759 3429 974 3491 putant.

459 3531 546 3587 ιιι.
592 3533 985 3602 Collyridiani,
1034 3534 1127 3604 qui
1176 3535 1228 3588 in
1263 3533 1509 3605 ejusdem
1541 3535 1724 3590 Mariae
1765 3551 1963 3590 nomen

2066 2496 2131 2564 τῇ
2165 2492 2378 2562 Θεότητί
2430 2507 2561 2545 ποτε
2614 2491 2919 2560 ἐτόλμησαν
2957 2489 3134 2557 λέγειν
3156 2507 3170 2520 ·
3219 2489 3362 2552 τινὲς
3409 2488 3470 2540 δέ
3522 2505 3653 2540 ποτε

2065 2584 2242 2656 ψυχὴν
2274 2584 2438 2639 αὑτὸν
2486 2582 2770 2654 εἰληφέναι
2812 2581 3106 2652 ἠρνοῦντο·
3149 2580 3290 2642 τινὲς
3321 2580 3379 2632 δὲ
3429 2579 3524 2632 διὰ
3557 2579 3649 2631 τοῦ

2065 2675 2224 2745 λόγου
2271 2675 2387 2740 τοῦ,
2437 2675 2494 2727 '0
2524 2675 2715 2744 Λόγος
2741 2673 2899 2742 σὰρξ
2943 2671 3199 2743 ἐγένετο,
3245 2671 3650 2743 ὲπερειδόμενοι

2065 2765 2416 2838 ὴρνοῦντστδ
2457 2764 2566 2818 ἀπὸ
2598 2765 2822 2836 κτιστῆς
2848 2763 3070 2836 σαρκὸς,
3111 2763 3359 2818 τουτέστι
3402 2762 3650 2832 Μαρίας,

2064 2859 2126 2912 τὸ
2156 2859 2298 2914 κατὰ
2339 2857 2520 2929 σάρκα
2563 2857 2726 2912 αὑτὸν
2773 2856 3048 2927 εἰληφέναι
3065 2873 3078 2888 ·
3114 2856 3273 2927 μόνον
3312 2855 3369 2910 δὲ
3415 2854 3651 2924 φιλονεί-

2065 2967 2179 3014 κως
2207 2949 2391 3018 ἔλεγον
2417 2948 2510 3002 τὸν
2531 2947 2703 3015 Λόγον
2733 2945 2913 3020 σάρκα
2933 2946 3261 3017 γεγενῆσθαι
3287 2961 3299 2976 ·
3329 2944 3649 3018 είσύστερον

2065 3038 2123 3092 δὲ
2152 3038 2205 3092 τί
2224 3036 2590 3109 διανοούμενοι
2612 3036 2710 3090 οὐκ
2732 3032 2847 3090 οἶδα
2880 3035 3178 3106 εἰληφέναι.

2136 3236 2212 3290 B'.
2240 3235 2880 3306 Ἀντιδιιιομαριανῖται,
2905 3236 2953 3288 οί
2981 3236 3082 3305 τὴν
3118 3233 3283 3301 ἁγίαν
3308 3233 3527 3302 Μαρίαν
3542 3233 3647 3302 τὴν

2079 3329 2482 3400 Ἀειπάρθενον,
2505 3329 2641 3399 μετὰ
2669 3329 2730 3383 τὸ
2763 3329 2853 3382 τὸν
2876 3328 3105 3398 Σωτῆρα
3130 3325 3537 3397 γεγεννηκέναι,
3567 3323 3647 3394 τῷ

2077 3420 2276 3492 Ἰωσὴφ
2304 3421 2571 3490 συνῆφθαι
2602 3420 2870 3488 λέγοντες.

2135 3532 2209 3586 Γ’.
2231 3531 2683 3600 Κολλυριδιανοὶ
2699 3533 2742 3598 ⁸,
2760 3533 2810 3585 οἰ
2837 3532 2916 3595 εἰς
2943 3530 3112 3600 ὄνομα
3130 3528 3228 3598 τῆς
3242 3527 3411 3598 αὐτῆς
3423 3525 3644 3597 Μαρίας

387 3633 530 3679 stato
556 3625 682 3678 anni
707 3624 794 3678 die
811 3624 1126 3695 collyridem
1154 3625 1390 3681 offerunt
1415 3643 1583 3698 :quos
1614 3627 1820 3684 idcirco
1835 3629 1965 3684 σοι-
1991 3626 2001 3672 l

2068 3624 2124 3677 ὲν
2176 3623 2359 3696 ἡμέρᾳ
2409 3624 2514 3677 τινὶ
2557 3623 2651 3678 τοῦ
2696 3623 2848 3686 ἔτους
2894 3621 3306 3692 ἀποτεταγμένη
3357 3617 3644 3689 κολλυρίδα

391 3714 691 3785 lyridianos
724 3715 1149 3773 nominavimus.

453 3911 618 3985 994l
643 3911 734 3999 Ν.
771 3912 1109 3979 Massaliam’,
1127 3928 1268 3985 quos
1299 3913 1644 3985 interpretari
1663 3930 1958 3986 possumus

383 4015 673 4071 precantes.
701 4003 796 4061 llis
829 4005 1199 4077 adiunguntur
1220 4023 1250 4062 e
1284 4007 1566 4078 gentilium
1595 4008 1782 4072 sectis.
1817 4023 1958 4078 quos

383 4093 828 4165 Euphemitas,et
875 4097 1262 4170 Martyrianos,
1307 4105 1363 4154 et
1405 4097 1733 4155 Satanianos
1775 4101 1956 4171 appel‘

381 4190 514 4244 lant.

451 4301 674 4357 Summa
700 4301 814 4358 haec
845 4310 930 4357 est
961 4302 1095 4357 tomi
1127 4301 1366 4372 septimi,
1409 4317 1472 4357 ac
1504 4311 1666 4358 trium
1693 4303 1956 4359 librorum

383 4392 527 4448 linis.
579 4393 925 4465 Colliguntur
964 4396 1198 4451 hwreses
1247 4411 1413 4450 Lxxx.
1448 4393 1565 4451 Sub
1615 4397 1774 4452 ﬁnem
1808 4399 1954 4452 tertii

381 4484 527 4547 libri,
547 4486 877 4555 septimique
904 4488 1057 4551 tomi,
1082 4486 1310 4542 formula
1345 4486 1491 4554 ﬁdei,
1514 4502 1676 4558 quam
1711 4487 1955 4544 Ecclesia

381 4576 651 4632 catholica
697 4578 1002 4646 proﬁtetur,
1051 4579 1301 4648 subjecta
1355 4587 1462 4643 est,
1497 4594 1561 4632 ac
1591 4581 1837 4637 veritatis
1863 4581 1957 4638 de-

381 4666 580 4730 fensio,
620 4677 674 4725 et
706 4669 982 4743 Evangelii
1016 4672 1219 4728 Christi
1252 4669 1589 4744 praedicatio,
1623 4685 1687 4727 ac
1721 4672 1955 4745 denique

379 4761 662 4816 catholica:
691 4765 1108 4837 apostolicmque
1141 4768 1399 4827 Ecclesia:
1429 4773 1622 4839 forma,
1667 4792 1788 4847 qua:
1828 4793 1953 4832 cum

382 4851 452 4906 ab
477 4862 682 4909 aeterno
705 4853 887 4923 fuerit,
921 4860 1272 4917 successione
1295 4871 1597 4935 temporum
1622 4878 1745 4938 post
1774 4869 1955 4926 incar-

385 4945 661 5000 nationem
691 4945 898 5006 Cbristi
923 4950 1332 5011 evidentissime
1369 4957 1642 5026 patefacta
1676 4969 1780 5016 est.

2060 3715 2182 3770 τινὰ
2212 3716 2630 3787 προσφέρόντες,
2661 3713 2742 3780 οἷς
2770 3713 3078 3784 ὲπεθέμεθα
3107 3712 3279 3781 όνομα
3292 3709 3642 3781 Κολλυριδια-

2061 3805 2190 3860 νῶν.

2131 3921 2203 3974 A'.
2247 3919 2664 3975 Μασσαλιανοὶ
2711 3919 2766 3986 ³,
2821 3916 3249 3990 ὲρμηνευόμενοι
3303 3915 3633 3984 εὐχόμενοι.

2059 4015 2427 4068 Συνάπτονται
2467 4014 2524 4067 δὲ
2567 4013 2778 4075 τούτοις
2809 4013 2903 4067 καὶ
2935 4011 3044 4066 τῶν
3075 4010 3182 4065 ἀπὸ
3223 4010 3491 4080 Ἑλλήνων
3519 4009 3640 4060 ἐπι-

2057 4107 2461 4178 τετηδευμένων
2499 4105 2767 4177 αἱρέσεων
2812 4097 2990 4167 οὗτοι,
3036 4105 3086 4157 οί
3135 4103 3416 4173 λεγόμενοι
3456 4102 3638 4170 E63913-

2062 4202 2230 4271 μῖται,
2261 4199 2354 4253 καὶ
2386 4199 2774 4271 Μαρτυριανοὶ,
2803 4198 2897 4250 καὶ
2929 4195 3266 4249 Σατανιανοι,

2127 4309 2274 4380 Αὕτη
2310 4310 2402 4363 καὶ
2433 4311 2467 4379 ή
2501 4307 2594 4364 τοῦ
2649 4309 2874 4380 ἑϐδόμου
2920 4309 3084 4378 τόμου
3131 4304 3624 4374 ἀνακεφαλαίωσις,

2057 4399 2151 4453 καὶ
2181 4399 2330 4460 τέλος
2361 4397 2470 4451 τῶν
2503 4399 2668 4468 τριῶν
2701 4397 2938 4468 βιϐλίων,
2972 4395 3106 4467 ὁμοῦ
3137 4397 3193 4448 δὲ
3240 4397 3296 4449 ai
3348 4396 3519 4448 πᾶσαι
3547 4395 3628 4446 αἱ-

2060 4491 2236 4562 ρέσεις
2270 4497 2344 4543 π’.
2393 4491 2482 4542 Ἐν
2513 4489 2660 4560 αὐτῷ
2689 4489 2747 4541 δὲ
2780 4487 2858 4558 τῷ
2897 4487 3043 4540 τέλει
3069 4486 3162 4540 τοῦ
3187 4486 3370 4557 τρίτου
3405 4483 3629 4555 βιϐλίου,

2059 4582 2285 4653 ἑϐδόμου
2319 4580 2376 4634 δὲ
2415 4582 2606 4651 τόμου,
2644 4582 2702 4632 ἐν
2733 4579 2945 4648 ὑστέρῳ
2974 4579 3007 4647 ἡ
3047 4577 3228 4639 πίστις
3270 4576 3369 4645 τῆς
3418 4573 3631 4626 καθολι-

2056 4674 2162 4744 κῆς
2199 4671 2546 4742 Ἐκκλησίας,
2594 4669 2689 4723 καὶ
2721 4669 2982 4738 ἀπολογία
3025 4669 3165 4740 ὑπὲρ
3217 4667 3494 4738 ἀληθείας,
3538 4669 3629 4731 καὶ

2057 4767 2314 4837 κήρυγμα
2361 4762 2458 4816 τοῦ
2513 4760 2848 4829 Εὐαγγελίου
2897 4759 3158 4832 Χριστοῦ,
3210 4760 3302 4812 καὶ
3349 4759 3630 4831 χαρακτὴρ

2055 4857 2152 4928 τῆς
2182 4853 2473 4922 καθολικῆς
2506 4852 2601 4904 καὶ
2642 4852 3000 4921 ἁποστολικῆς
3036 4849 3378 4920 Ἑκκλησίας,
3410 4851 3508 4922 τῆς
3537 4850 3628 4904 ἀπ’

1989 4956 2033 5011 D
2062 4948 2257 5010 αἰῶνος
2293 4945 2480 5013 οὔσης,
2511 4943 2650 4996 κατὰ
2682 4943 2740 4997 δὲ
2767 4942 3015 5013 διαδοχὴν
3043 4941 3248 5012 χρόνων
3277 4942 3628 5013 φανερώτατα

2061 5043 2119 5094 ἐν
2164 5041 2231 5110 τῇ
2286 5036 2380 5090 τοῦ
2436 5034 2672 5108 Χριστοῦ
2725 5034 2976 5107 ὲνσάρκῳ
3031 5034 3304 5107 παρουσίᾳ
3358 5031 3626 5088 ἀποκαλυ-

2059 5130 2274 5199 φθείσα.

461 5358 658 5420 ‘Joan.
696 5381 735 5436 ι,
768 5367 852 5424 l-i.
930 5372 950 5400 ²
979 5367 1114 5440 Reg.
1153 5369 1612 5442 Κολλουριδιανοί.
1686 5373 1709 5405 ³
1738 5391 1828 5445 π).
1856 5374 2240 5432 Πασσαλιανοί.
