3994 6224
989 290 1360 347 ADVERSUS
1392 288 1733 347 llA‘lRESES
1771 288 1897 347 LIB.
1942 290 2026 349 Ill.
2064 291 2228 349 TOM.
2258 293 2323 349 Il.
2366 323 2433 339 -—
2467 294 2744 354 IIERES.
2786 297 3046 357 LXXVII.
3517 304 3625 359 ('43

894 675 1283 765 ΤΟΜΟΣ.
1323 675 1886 766 ΔΕΥΤΕΡΟΣ
1923 681 2151 769 ΤΟΥ
2185 684 2589 771 ΤΡΙΤΟΥ
2626 683 3098 771 ΒΙΒΛΙΟΥ.

1205 1009 1718 1123 θθειῐοιιι
1798 1034 1942 1123 111
2018 1030 2421 1125 TOMUS
2494 1032 2626 1120 II.

815 1358 1003 1413 KATA
1042 1360 1441 1415 ΔῐΜΟΙΡΙΤΩΝ
1456 1400 1472 1425 ,

2444 1354 2726 1411 CONTRA
2768 1354 3201 1419 DIMOERITAS,

351 1466 479 1521 Τῶν
505 1469 637 1545 ﬁxo"
654 1486 833 1545 τινων
853 1472 1229 1545 κληθέντων,
1271 1474 1357 1543 μὴ
1396 1475 1634 1529 τελείαν
1660 1476 1776 1544 τὴν
1807 1479 1935 1545 Χρι-

418 1538 575 1615 στοῦ
598 1538 1092 1615 ,ἐξανθρώᾳτησινᾷ
1108 1538 1563 1615 ὁμολογούντων
1580 1584 1595 1605 ,
1640 1538 1827 1615 πεῶτη
1834 1538 1934 1601 αἰο-

417 1607 539 1676 στὴ
584 1607 826 1680 ἑϐδόμη,
858 1612 897 1679 ὴ
941 1607 1041 1666 καὶ
1068 1607 1412 1683 ἐπὶακοὸντὴ
1453 1614 1693 1685 ἑϐδόμη.

418 1722 499 1774 A'.
542 1722 791 1794 Καθεξῆς
842 1724 900 1776 δὲ
944 1724 1157 1788 τούτοις
1198 1725 1359 1780 πάλιν
1405 1728 1663 1791 ἐπίπονος
1711 1729 1842 1800 ἡμῖν
1876 1733 1934 1784 ἐν

346 1808 622 1880 προλήψει
653 1810 732 1881 τῷ
784 1810 883 1883 βίῳ
922 1814 1094 1885 ὲῤῥύη
1128 1831 1214 1877 τις
1261 1815 1519 1887 ἀλλοτρία
1559 1818 1660 1888 τῆς
1701 1819 1935 1885 πίστεως

343 1899 523 1967 λέξιςο
554 1905 618 1955 ἐκ
663 1902 825 1965 ποίας
856 1904 1037 1968 αἰτίας
1064 1906 1164 1958 οὐκ
1206 1905 1314 1976 ἔχω
1340 1906 1521 1975 λέγειν
1546 1924 1561 1940 ο
1592 1909 1707 1962 ἀλλ’
1742 1911 1828 1964 ἵνα
1857 1912 1932 1982 μὴ

342 1994 485 2065 ἐάσῃ
535 1995 566 2047 6
610 1994 698 2047 ἀεὶ
748 1994 1036 2066 ταράσσων
1077 1996 1179 2067 τὴν
1229 1998 1575 2069 ἀνθρωπείαν
1624 2000 1803 2070 φύσιν,
1841 2003 1933 2056 καὶ

341 2084 620 2156 πολεμιῖιν,
674 2085 751 2148 ὼς
801 2088 1000 2152 εἰπεῖν,
1051 2087 1321 2155 διάϐολος,
1362 2090 1644 2160 ἐμϐάλλων
1674 2094 1836 2147 αὑτοῦ
1864 2094 1933 2149 τὰ

340 2177 518 2248 πικρὰ
552 2177 853 2249 δηλητήρια
897 2179 955 2231 ἐν
999 2182 1113 2243 τοῖς
1159 2180 1481 2252 θαυμασίοις
1514 2183 1795 2256 ἐδέσμασι,
1836 2188 1931 2240 καὶ

340 2263 422 2327 ὡς
451 2266 510 2317 ἐν
558 2264 733 2334 μέλιτι
766 2264 1125 2336 παραϐάλλων
1150 2267 1249 2338 τὴν
1278 2269 1526 2339 πικρίαν,
1563 2272 1706 2325 οὕτω
1734 2274 1824 2327 διά
1852 2293 1929 2328 τι-

341 2372 453 2407 νων
508 2354 617 2407 τῶν
675 2355 763 2407 ἐπ’
820 2356 988 2425 ἄκρον
1040 2356 1152 2427 βίου
1208 2358 1670 2432 θαυμαζομένων,
1723 2367 1818 2419 καὶ
1870 2367 1929 2420 ἐν

338 2445 590 2507 ἐπαίνοις
640 2445 950 2516 ὀρθοδοξίας
992 2448 1077 2501 ἀεὶ
1106 2449 1646 2522 καταγγελλομένων.
1684 2456 1793 2509 Καὶ
1820 2458 1928 2528 γὰρ

336 2535 500 2589 τοῦτό
531 2537 647 2588 ἐστι
678 2537 739 2589 τὸ
771 2536 931 2607 ἔργον
972 2536 1160 2602 αὑτοῦ,
1202 2540 1297 2593 τοῦ
1330 2541 1696 2613 φθονήσαντος
1747 2547 1928 2618 ἀπαρ-

336 2625 443 2694 χῆς
485 2624 563 2694 τῷ
623 2624 786 2697 πατρὶ
818 2624 974 2695 ἡμῶν
1016 2625 1207 2696 Ἀδὰμ,
1262 2628 1357 2681 καὶ
1406 2631 1572 2683 πᾶσιν
1620 2631 1927 2702 ἀνθρώποις

2045 1470 2113 1526 Ut
2149 1470 2391 1526 nonnulli
2407 1479 2613 1530 vocant,
2646 1471 2735 1539 qui
2756 1470 3040 1539 perfectam
3069 1470 3274 1524 Christi
3296 1471 3613 1528 incarnatio-

2074 1559 2190 1597 nem
2209 1541 2487 1611 abnegant,
2504 1556 2621 1609 qua:
2637 1550 2712 1593 est
2729 1539 2942 1594 haeresis
2957 1539 3001 1593 L
3018 1539 3119 1593 VH
3130 1582 3143 1603 ,
3163 1541 3268 1595 sive
3283 1540 3433 1595 LXX
3450 1542 3553 1597 VII
3563 1586 3575 1599 .

2109 1719 2148 1774 Ι.
2178 1719 2309 1776 Post
2350 1717 2818 1789 superioresillos
2851 1732 2990 1771 nova
3021 1718 3267 1787 quaedam
3308 1733 3371 1772 ac
3421 1717 3613 1773 ditllci-

2036 1812 2103 1867 lis
2157 1818 2212 1866 et
2253 1825 2282 1865 a
2315 1817 2464 1865 recta
2494 1808 2598 1863 ﬁde
2624 1807 2925 1863 abhorrens
2954 1808 3178 1863 haeresis
3216 1823 3280 1862 ex
3318 1806 3613 1877 anticipata

2034 1904 2394 1972 quorumdam
2438 1899 2694 1971 opinione
2732 1900 2786 1953 in
2818 1900 3116 1953 humanum
3153 1913 3325 1968 genus
3359 1897 3561 1968 prodiit
3595 1915 3609 1952 :

2034 2007 2211 2063 neque
2243 2004 2466 2045 causam
2500 2005 2600 2045 cur
2623 1990 2699 2043 ita
2726 1988 3021 2060 contigerit
3046 1987 3183 2043 satis
3211 1986 3473 2057 intelligo,
3499 1987 3605 2041 nisi

2034 2084 2177 2153 quod
2202 2082 2254 2137 id
2287 2096 2454 2135 unum
2477 2080 2731 2135 humanae
2744 2090 2953 2135 naturae
2970 2080 3317 2151 perturbator
3344 2088 3399 2135 et
3437 2080 3613 2135 hostis

2032 2174 2283 2229 diabolus
2297 2172 2502 2237 studet,
2534 2188 2816 2241 nunquam
2849 2179 2909 2225 ut
2931 2171 2998 2225 ab
3025 2170 3352 2227 infestandis
3377 2172 3614 2225 homini-

2033 2263 2135 2318 bus
2168 2272 2379 2326 cesset;
2409 2262 2501 2331 qui
2535 2259 2879 2314 amarissimo
2920 2273 3022 2313 suo
3058 2272 3269 2312 veneno
3309 2258 3612 2327 exquisitos

2032 2355 2185 2410 cibos
2233 2352 2428 2416 inlicit,
2459 2365 2524 2405 ac
2569 2350 2713 2405 melli
2749 2348 2821 2403 fel
2866 2348 3161 2413 admiscet;
3196 2348 3359 2417 idque
3387 2348 3611 2417 potissi—

2029 2462 2177 2501 mum
2200 2446 2416 2500 illorum
2442 2458 2613 2515 opera
2644 2443 2889 2507 molitur,
2916 2443 3009 2513 qui
3040 2442 3349 2497 admirabili
3377 2444 3501 2497 vitae
3528 2444 3611 2497 in-

2030 2540 2224 2593 stituto
2244 2537 2616 2599 celebrantur,
2631 2542 2685 2591 et
2713 2543 2934 2606 prepter
2958 2535 3187 2589 sincerae
3206 2532 3327 2589 ﬁdei
3368 2535 3609 2589 studium

2029 2631 2389 2699 ardoremque
2418 2626 2894 2683 commendantur.
2934 2625 3049 2681 Hoc
3080 2627 3226 2680 enim
3268 2628 3489 2683 unicum
3538 2626 3611 2680 il-

336 2717 747 2788 ἐχθραίνοντος⁹
794 2717 871 2781 ὡς
922 2716 1016 2771 καί
1058 2734 1160 2771 που
1206 2721 1367 2774 τινῶν
1407 2722 1422 2752 ⁸
1454 2722 1632 2792 σοφῶν
1689 2701 1920 2796 είρηται,

2029 2720 2132 2775 lius
2169 2735 2308 2791 opus
2346 2729 2453 2789 est,
2494 2721 2588 2792 qui
2623 2728 2678 2777 et
2716 2722 2979 2778 adversus
3026 2732 3306 2794 parentem
3354 2735 3610 2780 nostrum

337 2807 422 2860 ὅτι
456 2808 683 2873 Φθόνος
721 2808 813 2862 ἀεὶ
868 2809 1000 2876 ταῖς
1033 2809 1324 2880 μεγάλαις
1374 2814 1722 2883 εὐπραγίαις
1762 2817 1926 2871 ἀντί-

335 2901 557 2963 παλος.
623 2899 780 2953 Οὕτω
840 2901 936 2955 καὶ
991 2902 1078 2956 διὰ
1136 2903 1244 2957 τῶν
1305 2905 1566 2975 μειζόνων
1619 2908 1925 2979 προσώπων

338 2988 502 3042 ἔϐαλέ
533 3008 684 3053 τινας
710 2993 1032 3061 προφάσεις,
1066 2994 1154 3048 ἵνα
1179 2997 1328 3066 ἡμᾶς
1371 2997 1465 3050 καὶ
1496 2997 1595 3069 τὴν
1628 2999 1787 3068 ἁγίαν
1831 3000 1922 3055 τοῦ

337 3080 475 3134 Θεοῦ
516 3081 843 3153 Ἐκκλησίαν
888 3082 1092 3138 ἄλυπον
1123 3085 1198 3155 μὴ
1250 3086 1412 3158 ἐάσῃ,
1446 3089 1584 3143 ἀλλὰ
1624 3091 1711 3145 ἀεὶ
1761 3092 1922 3165 θορυ-

338 3172 611 3243 ϐουμένην
655 3191 715 3227 τε
777 3174 873 3227 καὶ
937 3174 1370 3247 πολεμουμένην.
1410 3181 1596 3247 Ἔδοξε
1650 3182 1754 3256 γάρ
1813 3201 1924 3238 τισι

340 3264 574 3328 καὶτοῖς
601 3264 662 3330 ἐξ
701 3265 861 3337 ήμῶν
896 3268 1257 3338 ὁρμωμένοις,
1304 3271 1398 3325 καὶ
1453 3273 1512 3325 ἐν
1559 3274 1771 3348 μεγάλῃ
1808 3275 1924 3329 δια-

340 3354 486 3408 θέσει
510 3356 864 3426 ὑπάρχουσιν,
896 3356 958 3411 ὲν
984 3358 1228 3422 ἐπαίνοις
1279 3358 1336 3412 δὲ
1364 3361 1450 3413 ἀεὶ
1487 3363 1616 3432 παρ’
1656 3364 1786 3433 ἡμῖν
1829 3367 1923 3420 καὶ

341 3446 494 3517 παρὰ
527 3448 691 3499 πᾶσιν
715 3446 1016 3518 ὀρθοδόξοις
1043 3448 1496 3521 ἐκθειαζομένοις,
1522 3456 1921 3525 παρεκϐάλλειν

337 3539 429 3591 τὸν
463 3537 589 3592 νοῦν
620 3539 728 3592 ἀπὸ
760 3540 862 3610 τῆς
892 3539 987 3594 τοῦ
1028 3541 1265 3613 Χριστοῦ
1298 3545 1564 3616 ἐνσάρκου
1593 3549 1918 3619 παρουσίας,

340 3630 437 3682 καὶ
487 3629 689 3697 λέγειν,
744 3631 825 3685 ὅτι
877 3633 1054 3703 σάρκα
1099 3634 1291 3689 ἐλαϐεν
1335 3637 1364 3688 6
1414 3638 1646 3708 Χριστὸς
1678 3639 1847 3694 ἐλθὼν
1892 3643 1921 3695 6

338 3720 544 3791 Κύριος
570 3721 745 3791 ἡμῶν,
782 3723 876 3776 καὶ
910 3722 1111 3794 ψυχὴν,
1151 3724 1275 3778 νοῦν
1323 3725 1378 3778 δὲ
1404 3727 1504 3779 οὐκ
1544 3727 1723 3796 ἔλαϐε,
1761 3748 1918 3784 τουτ-

338 3808 454 3863 ἐστι
496 3810 698 3864 τέλειον
728 3810 1048 3882 ἄνθρωπον·
1102 3814 1153 3867 τί
1187 3816 1251 3868 ἐκ
1300 3814 1490 3868 τούτου
1530 3817 1608 3887 τῷ
1650 3818 1749 3890 βίῳ
1791 3839 1919 3873 συν-

338 3902 779 3973 εισενεγκάμενοι
808 3904 990 3971 ἀγνοῶ
1023 3903 1221 3973 λέγειν,
1252 3906 1285 3976 ἢ
1318 3908 1465 3979 παρὰ
1492 3908 1651 3963 τίνων
1675 3911 1783 3963 τῶν
1814 3914 1920 3984 πρὸ

2025 2811 2294 2867 Adamum
2346 2812 2550 2868 invidia
2599 2813 2860 2883 primum,
2916 2821 2970 2870 et
3009 2813 3273 2871 adversus
3308 2816 3609 2873 humanum

2030 2918 2191 2959 omne
2223 2920 2397 2975 genus
2446 2903 2588 2959 odiis
2633 2903 2906 2960 etl‘erbuit.
2957 2904 3129 2970 Quam
3166 2906 3234 2960 ad
3278 2908 3606 2962 sententiam

2026 2992 2286 3061 praeclare
2305 2993 2524 3062 sapiens
2546 2992 2767 3062 quidam
2795 2991 2953 3059 dixit,
2977 2991 3241 3047 Invidiam
3261 2997 3464 3065 magnis
3488 3012 3607 3064 per-

2022 3093 2175 3150 petuo
2196 3082 2700 3154 9968uccessibus
2735 3083 3028 3139 adversari.
3061 3083 3152 3140 Sic
3172 3085 3341 3157 igitur
3368 3101 3466 3156 per
3487 3101 3574 3139 ma

2024 3192 2162 3245 gnos
2189 3191 2436 3247 quosque
2449 3177 2599 3233 viros
2615 3192 2833 3232 errores
2857 3176 3180 3244 introduxit,
3198 3179 3273 3234 uti
3298 3193 3399 3234 nos
3431 3186 3595 3248 atque

2024 3267 2271 3324 Ecclesia
2298 3269 2393 3324 Dei
2414 3270 2691 3339 perpetuis
2733 3269 3000 3325 molestiis
3059 3284 3124 3324 ac
3148 3270 3470 3326 tumultibus
3491 3273 3605 3325 bet-

2024 3362 2201 3432 lisque
2255 3361 2655 3417 contlictemur.
2691 3360 2909 3416 Etenim
2964 3363 3248 3418 nonnullis
3289 3370 3601 3417 nostrorum

2024 3453 2249 3523 placuit,
2277 3460 2331 3507 et
2361 3452 2579 3522 quidem
2614 3452 2913 3522 primariis,
2967 3461 3131 3523 atque
3178 3467 3208 3506 a
3255 3453 3413 3508 nobis
3453 3461 3507 3508 et
3533 3455 3604 3507 ab

2021 3545 2278 3599 omnibus
2312 3543 2635 3598 orthodoxis
2679 3543 2881 3598 divinis
2936 3544 3333 3613 propemodum
3379 3542 3601 3598 honori-

2023 3636 2126 3691 bus
2148 3635 2382 3700 a‘ﬂ‘ectis,
2418 3643 2654 3690 mentem
2694 3637 2762 3688 ab
2791 3633 2996 3690 Christi
3023 3635 3401 3689 incarnatione
3425 3634 3602 3689 dimo-

2020 3743 2165 3794 vere,
2193 3727 2555 3796 eumdemque
2590 3742 2810 3781 carnem
2837 3742 2962 3781 cum
2995 3726 3173 3781 anima
3190 3725 3456 3780 duntaxat
3478 3739 3602 3779 sus-

2020 3817 2248 3885 cepisse,
2286 3823 2518 3871 meutem
2559 3830 2687 3870 vero
2756 3830 3126 3885 nequaquam,
3162 3828 3409 3871 asserere
3444 3829 3457 3864 :
3498 3814 3601 3868 hoc

2020 3912 2104 3961 est
2134 3920 2244 3960 non
2274 3904 2579 3975 perfectum
2613 3904 2887 3959 hominem
2918 3903 3188 3959 induisse.
3223 3901 3412 3972 Neque
3441 3902 3599 3956 video

334 3994 514 4047 αὐτῶν
555 3995 952 4067 μεμαθηκότες,
999 3996 1032 4066 ἢ
1064 3996 1117 4049 τί
1155 3997 1428 4071 ὠφέλιμον
1460 4002 1525 4055 ἐκ
1567 4001 1757 4056 τούτου
1791 4022 1914 4075 κερο

2025 3994 2150 4064 quid
2179 3994 2281 4048 hac
2317 3994 2577 4065 opinione
2619 3992 2861 4048 humano
2885 3994 3066 4065 generi
3110 3992 3463 4060 contulerint,
3503 4003 3598 4047 aut

332 4084 614 4155 δήσαντες,
648 4086 682 4157 ἦ
725 4086 1086 4158 χαρισάμενοι
1121 4089 1255 4158 ἡμῖν
1279 4107 1337 4142 τε
1376 4092 1470 4145 καὶ
1500 4093 1612 4156 τοῖς
1636 4093 1915 4159 ἀκούουσι,

333 4176 430 4227 καὶ
457 4179 523 4247 τῇ
556 4177 686 4247 ἁγίᾳ
713 4178 807 4230 τοῦ
849 4178 984 4231 Θεοῦ
1032 4179 1363 4251 Ἐκκλησίᾳο
1397 4182 1549 4236 οὐδὲν
1581 4183 1720 4256 πλὴν
1747 4185 1780 4254 ἢ
1820 4202 1918 4239 τα·

334 4267 504 4339 ραχὴν
536 4269 630 4321 καὶ
660 4269 921 4340 διαίρεσιν
965 4271 1046 4334 είς
1086 4272 1244 4345 ἡμᾶς.
1272 4273 1656 4345 ἐργασάμενοι,
1688 4277 1781 4330 καὶ
1822 4277 1916 4331 λύ-

333 4375 465 4427 πην,
500 4359 594 4412 καὶ
642 4354 843 4430 ζημίαν
892 4360 990 4430 τῆς
1020 4363 1115 4415 ἀπ’
1166 4362 1411 4435 ἀλλήλων
1443 4365 1778 4438 γλυκύτητος
1820 4369 1913 4422 καὶ

332 4450 575 4519 ἀγάπης.
626 4443 737 4521 Τὴν
782 4451 891 4521 γὰρ
937 4454 1048 4506 τῶν
1094 4452 1254 4509 θείων
1297 4457 1529 4528 Γραφῶν
1569 4459 1907 4529 ἀκολουθίαν,

330 4540 427 4593 καὶ
468 4540 759 4613 εὐθύτητα,
808 4544 904 4597 καὶ
939 4545 1175 4610 ἀκακίας
1206 4548 1516 4619 ὁμολογίαν,
1563 4553 1909 4624 προφητικήν

327 4647 390 4683 τε
425 4630 521 4684 καὶ
548 4632 927 4706 εὐαγγελικὴν,
968 4637 1063 4690 καὶ
1103 4638 1467 4710 άποστολικὴν
1492 4640 1674 4695 πίστιν
1704 4642 1906 4713 παρέν-

327 4735 443 4783 τες,
486 4721 803 4789 σοφιστικὴν
832 4723 964 4793 ἡμῖν
1007 4723 1149 4790 λέξιν
1174 4726 1266 4780 καὶ
1298 4728 1516 4801 μυθώδη
1568 4732 1907 4802 παρεισήγα-

327 4826 445 4879 γον,
483 4811 599 4881 μεθ’
632 4806 700 4883 ἧς
732 4813 827 4866 καὶ
881 4814 1090 4870 πολλῶν
1135 4818 1322 4872 δεινῶν
1372 4822 1714 4889 ἀκολουθίαν,
1766 4825 1905 4896 πλη-

331 4899 552 4971 ροῦντες
582 4903 640 4955 ἐν
671 4903 882 4968 ἐαυτοῖς
927 4906 988 4958 τὸ
1021 4908 1445 4978 εἰρημένον,νίὸτι
1497 4913 1906 4981 Ἀποστήσον-

325 4992 425 5045 ταί
458 5009 616 5060 τινες
660 4995 770 5064 τῆς
819 5000 1205 5067 ὑγιαινούσης
1254 4999 1672 5072 διδασκαλίας,
1716 5020 1902 5075 προσ-

269 5107 277 5114 ·
323 5081 569 5151 έχοντες
597 5089 810 5155 μύθοις
840 5090 940 5144 καὶ
967 5093 1380 5161 κενοφωνίαις.

2019 4095 2048 4134 a
2075 4081 2406 4151 quibusnam
2440 4080 2752 4137 istiusmodi
2785 4081 2981 4152 dogma
3028 4081 3323 4137 didicerint
3357 4083 3597 4153 :quidve

2018 4183 2113 4227 aut
2155 4188 2221 4227 ex
2252 4188 2315 4228 ea
2350 4188 2409 4228 re
2447 4173 2799 4228 emolumenti
2833 4174 2937 4243 ipsi
2983 4173 3251 4244 ceperint,
3300 4182 3396 4229 aut
3436 4175 3545 4229 nob
3569 4192 3596 4229 s

2017 4264 2182 4334 ipsis,
2214 4275 2375 4335 atque
2402 4264 2751 4321 auditoribus
2779 4265 3059 4329 omnibus,
3104 4265 3351 4336 adeoque
3388 4275 3594 4323 sancta:

2014 4354 2111 4411 Dei
2138 4355 2399 4413 Ecclesiae
2428 4355 2643 4411 fructus
2664 4356 2965 4421 attulerint,
2997 4356 3102 4410 nisi
3128 4365 3187 4410 ut
3210 4357 3479 4412 tumultus
3527 4373 3594 4412 ac

2014 4446 2322 4504 simultates
2354 4456 2409 4504 et
2466 4448 2686 4503 dolores
2719 4448 2863 4503 inter
2890 4462 2991 4502 nos
3018 4446 3333 4512 excitarint,
3366 4456 3596 4507 mutua:-

2012 4554 2118 4609 que
2149 4538 2456 4595 concordia:
2472 4538 2867 4611 charitatisque
2893 4539 3217 4596 suavitatem
3241 4542 3592 4596 extorserint.

2010 4629 2223 4700 Quippe
2266 4629 2576 4685 divinarum
2607 4628 3016 4702 Scripturarum
3039 4630 3471 4689 consentientem
3528 4647 3591 4687 ac

2011 4728 2222 4776 rectum
2268 4722 2540 4787 ordinem,
2580 4730 2635 4779 et
2690 4723 3017 4779 innocentia:
3062 4722 3483 4794 professionem,
3529 4739 3592 4779 ac

2008 4804 2417 4883 prOpheticam,
2462 4814 2832 4886 evangelicam
2896 4823 2951 4873 et
2995 4815 3352 4886 apostolicam
3428 4813 3587 4870 ﬁdem

2007 4904 2363 4975 negligentes,
2395 4905 2726 4976 sophisticas
2761 4906 2923 4962 nobis
2980 4906 3224 4977 argutias
3266 4920 3329 4959 ac
3374 4905 3585 4959 fabulas

2006 4996 2392 5061 obtruserunt;
2454 4997 2654 5067 quibus
2721 4997 2962 5052 inﬁnitas
3023 4998 3183 5052 nobis
3247 4997 3585 5052 calamitates

2004 5088 2323 5152 attulerunt,
2360 5097 2524 5159 atque
2568 5089 2622 5142 in
2673 5090 2870 5161 seipsis
2909 5088 3156 5160 Apostoli
3202 5087 3406 5141 dictum
3453 5087 3584 5142 illud

2004 5178 2374 5249 impleverunt
2409 5198 2422 5235 :
2453 5179 2709 5250 Deﬁcient
2736 5183 2951 5250 quidam
2978 5198 3011 5233 a
3049 5197 3183 5234 sana
3206 5178 3469 5245 doctrina,
3501 5190 3584 5233 at-

2004 5265 2265 5321 tendentes
2290 5266 2487 5335 fabulis
2527 5277 2577 5323 et
2608 5269 2850 5324 inanibus
2882 5270 3033 5338 nugis
3065 5269 3106 5322 ¹.

396 5342 470 5398 B’.
498 5344 556 5397 ⁹0
574 5345 883 5416 πρεσϐύτης
904 5347 998 5401 καὶ⁴
1032 5350 1435 5423 σεμνοπρεπὴς,
1452 5354 1480 5405 6
1496 5353 1582 5406 ἀεὶ
1607 5355 1738 5425 ἡμῖν
1765 5358 1905 5426 ἀγα-

2082 5356 2143 5411 ΙΙ.
2171 5357 2434 5430 Egregius
2484 5359 2574 5415 ille
2606 5375 2669 5414 ac
2695 5359 3022 5415 venerabilis
3043 5374 3230 5421 senex,
3263 5374 3423 5428 quem
3458 5375 3580 5425 nos,

326 5434 513 5506 πητὸς,
548 5436 641 5489 καὶ
670 5435 750 5506 τῷ
787 5439 1063 5510 μακαρίτῃ
1098 5439 1258 5512 πάπα
1302 5442 1621 5517 Ἀθανασίῳ,
1668 5448 1761 5502 καὶ
1794 5450 1901 5502 πᾶ-

326 5539 410 5577 σιν
465 5523 795 5594 ὀρθοδόξοις,
856 5525 1260 5601 Ἀπολλινάριος
1308 5531 1336 5583 ὁ
1391 5532 1496 5589 ἀπὸ
1555 5536 1899 5604 Λαοδικείας,

401 5680 417 5711 ί
446 5678 503 5735 F.
542 5679 647 5735 ὑπὸ
665 5700 846 5738 τινων.
924 5684 944 5714 ²
979 5682 1020 5736 ll
1051 5681 1189 5737 Tim.
1236 5698 1308 5740 tv.
1349 5685 1401 5740 5.

2006 5458 2059 5504 et
2090 5449 2258 5504 beata:
2297 5450 2572 5505 memoria:
2602 5465 2738 5520 papa
2782 5449 3139 5512 Athanasius,
3174 5449 3283 5503 imo
3313 5464 3441 5504 vero
3473 5449 3579 5504 Ca-

2009 5540 2197 5598 tholici
2235 5556 2424 5598 omnes
2462 5541 2620 5597 unice
2649 5540 2962 5607 dileximus,
2999 5539 3333 5611 Apollinaris
3378 5539 3579 5597 Laodi—
3696 5564 3699 5569 ε
