3994 6224
447 323 554 377 643

1871 313 1924 368 S.
1972 305 2311 366 El’lPllANll

3633 289 3722 348 (ill

449 451 637 497 cenus,
663 432 826 502 hujus
846 430 1116 502 dogmatis
1141 437 1334 484 auctor
1361 443 1425 482 ac
1448 437 1775 500 propagator
1793 427 2021 483 exstitit.

2149 419 2280 490 ιῦτος
2309 419 2377 496 ἦν
2411 425 2440 477 ὁ
2467 425 2525 477 ἑν
2563 423 2706 495 ἀρχῇ
2739 422 2897 477 τοῦτο
2923 422 2984 477 τὺ
3015 424 3174 494 ῥῆμα
3201 422 3521 494 ἐπινοήσας
3559 439 3616 475 τε
3645 429 3728 478 καί

448 527 527 579 Ac
552 525 816 595 principio
844 524 1062 593 quidem
1094 538 1221 576 cum
1254 522 1308 577 id
1336 523 1496 577 nobis
1530 520 1778 576 nonnulli
1813 535 1881 576 ex
1905 519 2026 588 ejus

449 614 735 684 discipulis
759 623 1067 678 narrarent,
1113 615 1270 669 [idem
1312 629 1418 668 non
1449 613 1805 677 habebamus,
1850 627 2028 680 neque

448 706 744 761 verisimile
770 707 1095 777 putabamus
1111 718 1141 759 a
1171 713 1322 760 tanto
1341 703 1460 760 viro
1481 713 1722 760 errorem
1755 702 2027 774 ejusmodi

451 797 769 866 profectum.
812 797 994 867 Itaque
1013 797 1273 850 nonnulla
1299 797 1478 850 adhuc
1514 796 1799 850 meliorum
1829 809 1924 864 spe
1941 809 2028 864 pa.

456 887 653 942 tienter
681 887 1142 956 exspectavimus,
1174 887 1347 941 donec
1381 902 1492 941 rem
1525 901 1740 940 omnem
1773 895 2031 942 accurate

453 979 832 1048 cognovimus.
859 977 970 1032 lloc
991 978 1134 1032 enim
1157 977 1505 1032 dicebamus:
1527 977 1836 1048 Discipulos
1860 977 2028 1042 illius,

455 1072 550 1140 qui
585 1071 650 1124 ad
683 1085 781 1124 nos
809 1069 1168 1132 ventilabam,
1213 1084 1336 1123 cum
1372 1085 1435 1124 ea
1477 1069 1702 1123 minime
1747 1075 2028 1137 caperent,

458 1174 580 1228 quae
623 1159 692 1212 ab
752 1159 968 1212 erudito
1019 1160 1110 1213 illo
1153 1174 1216 1213 ac
1260 1159 1490 1226 sapienti
1530 1159 1648 1211 viro
1695 1167 2034 1228 praaceptorc

457 1265 558 1302 suo
595 1249 872 1312 abstrusa,
902 1263 965 1302 ac
1009 1247 1289 1302 recondita
1327 1246 1722 1315 proferrentur,
1763 1244 2033 1313 ejusmodi

457 1341 704 1410 quaedam
742 1340 961 1394 tinxisse
991 1341 1120 1397 sibi.
1151 1354 1272 1409 qua?
1311 1339 1380 1392 ab
1430 1339 1523 1392 illo
1567 1351 1845 1407 nunquam
1889 1336 2033 1391 didi-

458 1441 667 1495 cerant,
704 1435 1004 1502 praesertim
1053 1447 1178 1486 cum
1225 1435 1390 1485 multa
1433 1430 1577 1484 inter
1619 1430 1762 1494 illos,
1796 1429 1887 1497 qui
1935 1444 2035 1483 nos

453 1509 702 1590 adibant,
732 1524 1050 1593 opinionum
1079 1520 1322 1577 varietas
1347 1531 1514 1576 esset.
1542 1519 1754 1590 Quippe
1782 1519 2036 1573 nonnulli

457 1628 521 1668 co
546 1615 819 1684 progressi
845 1623 992 1678 sunt,
1031 1621 1089 1668 ut
1114 1612 1391 1668 Christum
1421 1625 1623 1680 corpus
1657 1625 1687 1665 e
1716 1610 1856 1664 cmlo
1879 1608 2039 1664 detu-

457 1704 590 1759 lisse
610 1704 857 1758 dicerent
894 1721 908 1757 :
940 1719 1061 1772 quae
1092 1701 1329 1757 absurda
1381 1699 1776 1770 peregrinaque
1805 1698 2039 1754 commi-

2127 511 2524 584 προαγόμενος.
2575 511 2688 564 Καὶ
2717 512 2786 564 τὰ
2830 511 3025 582 πρῶτα
3069 513 3176 582 μὲν
3219 511 3591 582 ὲνηχούμενοι
3635 511 3726 568 ἀπό

2127 621 2289 657 τινων
2319 603 2429 656 τῶν
2463 603 2554 655 ὑπ’
2585 601 2752 656 αὐτοῦ
2791 601 3342 674 μεμαθητευμένων,
3375 602 3726 672 ἠπιστοῦμεν,

2127 696 2178 748 εί
2209 694 2316 766 ἄρα
2343 695 2371 748 6
2399 694 2542 766 ἀνὴρ
2567 687 2808 759 τοιοῦτος
2838 696 3122 765 τυγχάνων
3155 693 3334 749 τοῦτο
3366 697 3728 765 παρεισήγαγε

2127 787 2205 858 τῷ
2257 787 2356 859 βίῳ
2399 787 2459 841 τὺ
2509 788 2680 860 ῥῆμα,
2713 787 2793 840 ἔτι
2826 788 2884 840 ὲν
2930 787 3244 859 προσδοκίᾳ
3288 786 3515 849 ἐλπίδος
3545 804 3730 857 μακρο-

2130 879 2446 952 θυμοῦντες,
2472 879 2577 940 ἕως
2608 879 2864 949 τάκριϐὲς
2893 877 3238 949 ἐπιγνῶμεν.
3303 877 3605 947 Ἐλέγομεν
3637 879 3730 952 γὰρ

2129 971 2254 1034 τοὺς
2289 970 2484 1033 παῖδας
2527 971 2652 1034 τοὺς
2695 969 2787 1023 ὑπ’
2827 969 3021 1035 αὐτοῦ,
3070 971 3218 1042 πρὸς
3268 970 3433 1040 ἡμᾶς
3484 971 3729 1040 ἀφικομέ-

2128 1079 2273 1126 νους,
2325 1062 2400 1133 μὴ
2434 1062 2688 1126 νοοῦντας
2730 1061 2798 1115 τά
2836 1055 3050 1131 ’βαθέως
3078 1062 3190 1115 ὑπὸ
3233 1061 3340 1114 τοῦ
3373 1061 3618 1114 τοιούτου
3658 1062 3731 1116 λο-

2131 1153 2250 1222 γίου
2286 1152 2500 1224 ἀνδρὸς,
2537 1153 2631 1206 καὶ
2665 1152 2910 1219 συνετοῦ,
2957 1153 3052 1206 καὶ
3093 1152 3470 1216 διδασκάλου,
3503 1154 3594 1221 ἀφ’
3624 1155 3730 1208 ἑαυ-

2131 1244 2239 1298 τῶν
2285 1245 2458 1298 ταῦτα
2504 1245 2782 1310 πλάττειν,
2823 1245 2896 1316 μὴ
2949 1246 3046 1298 ἀπ’
3091 1244 3270 1299 αὐτοῦ
3327 1245 3727 1316 μεμαθηκότας.

2134 1337 2312 1390 Πολλὰ
2342 1337 2452 1408 γὰρ
2498 1333 2590 1408 ἦν,
2625 1336 2661 1391 ἃ
2692 1338 2751 1390 ὲν
2801 1340 2985 1400 αὐτοῖς
3040 1338 3180 1409 πρὸς
3216 1339 3384 1408 ἡμᾶς
3432 1337 3730 1408 ἐρχομένοις

2134 1429 2529 1500 ἡμφιὸάλλετο.
2578 1431 2736 1494 Τινὲς
2790 1431 2887 1500 μὲν
2922 1430 3030 1502 γὰρ
3064 1430 3256 1485 αὐτῶν
3308 1431 3624 1501 ἐτόλμησαν
3661 1432 3733 1484 λέ-

2137 1537 2252 1589 γειν
2282 1520 2486 1574 ἄνωθεν
2535 1522 2626 1575 τὸν
2675 1523 2911 1593 Χριστὸν
2956 1523 3018 1575 τὸ
3051 1522 3217 1594 σῶμα
3271 1523 3725 1593 κατενηνοχένιι·

2137 1611 2470 1682 ἐπιμένουσα
2503 1611 2560 1666 δὲ
2592 1615 2651 1666 ὲν
2695 1617 2763 1685 τῇ
2810 1616 2926 1668 τῶν
2965 1611 3283 1686 ἀνθρώπων
3323 1615 3518 1685 ἐννοίᾳ
3546 1619 3578 1684 ἡ
3607 1616 3733 1680 ξενο-

2139 1702 2294 1770 λογία
2321 1703 2414 1757 ἐπὶ
2445 1703 2542 1776 τὴν
2566 1705 2853 1778 δεινότητα
2879 1707 3163 1778 προκοπὴν
3197 1705 3531 1777 εἰργάζετο.
3572 1707 3729 1762 Ἄλλοι

459 1792 706 1847 niscendi
743 1792 982 1857 licentia,
1009 1791 1294 1845 hominum
1336 1789 1502 1843 seniel
1522 1788 1720 1844 animis
1763 1787 2027 1850 incidens,

2149 1794 2192 1847 ss
2221 1794 2280 1860 ἐξ
2313 1795 2494 1856 αὐτῶν
2541 1795 2634 1849 καὶ
2682 1796 2742 1850 τὸ
2787 1796 2970 1868 ψυχὴν
3013 1797 3310 1867 εἰληφέναι
3364 1797 3463 1850 τὸν
3519 1798 3732 1868 Χριστὸν

459 1883 527 1936 ad
556 1884 805 1951 graviora
837 1881 1232 1950 acerbioraque
1257 1878 1420 1949 997
1443 1878 1736 1948 processit.
1773 1877 1877 1931 Alii
1906 1890 2035 1932 vero

459 1974 740 2028 Christum
763 1973 1004 2028 animam
1026 1974 1394 2041 assumpsisse
1421 1977 1775 2041 negaverunt.
1806 1969 2038 2037 Quidam

459 2066 706 2136 ejusdem
750 2065 959 2120 Christi
993 2081 1197 2134 corpus
1237 2063 1515 2118 divinitati
1567 2062 2041 2118 consubstantiale

461 2175 570 2214 non
607 2158 926 2212 dubitarunt
973 2172 1240 2211 asserere.
1278 2155 1490 2221 Quibus
1531 2154 1851 2224 opinionum
1901 2169 2029 2224 por-

463 2253 629 2308 tentis
658 2250 938 2306 Orientem
979 2263 1309 2320 mag-nopere
1351 2248 1774 2319 perturbarunt:
1819 2254 2043 2316 propter

458 2361 600 2414 quos
635 2343 859 2398 conﬂari
908 2342 1182 2414 synodum
1234 2355 1462 2396 necesse
1509 2339 1634 2402 fuit,
1684 2338 2044 2408 ejusdemque

457 2436 681 2491 decreto
715 2434 1090 2490 condemnari.
1120 2431 1267 2499 Quin
1297 2431 1463 2487 etiam
1498 2429 1881 2486 commentarii
1921 2429 2045 2498 qui-

461 2527 584 2582 dem
628 2526 936 2596 praescripti
972 2534 1122 2587 sunt,
1165 2538 1406 2594 quorum
1457 2521 1707 2591 exempla
1758 2520 1826 2574 ad
1871 2518 1931 2572 Β.
1967 2518 2040 2573 Μ.

462 2633 656 2688 papam
697 2617 1058 2672 Athanasium
1104 2615 1273 2670 missa
1315 2621 1479 2669 sunt:
1527 2613 1726 2682 quibus
1770 2612 1861 2666 ille
1898 2627 2046 2666 com-

463 2709 749 2765 mentariis
778 2708 1048 2763 adductus
1074 2715 1178 2771 est,
1213 2713 1273 2760 ut
1305 2706 1566 2760 adversus
1592 2704 1905 2775 dogmatum
1931 2704 2048 2758 illo-

463 2817 587 2856 rum
639 2808 942 2856 assertores
991 2813 1238 2854 minaces
1288 2797 1501 2852 litteras
1551 2797 1617 2851 ad
1677 2795 2044 2851 venerabilem

464 2895 782 2963 episcopum
815 2891 1117 2961 Epictetqu
1154 2890 1443 2952 scriberet,
1482 2903 1512 2941 a
1549 2905 1660 2958 quo
1685 2897 1909 2958 rogatus
1931 2887 2048 2944 fue-

466 2994 574 3049 rat,
629 2993 690 3038 ut
718 2983 1066 3052 tempestatis
1115 2981 1260 3036 illius
1302 2995 1371 3034 ac
1424 2980 1691 3034 tumultus
1729 2979 2046 3034 auctoribus

2143 1886 2464 1956 ἠρνήσαντο.
2503 1888 2663 1952 Τινὲς
2713 1888 2772 1942 δὲ
2828 1891 2926 1948 καὶ.
2975 1890 3275 1961 ὁμοούσιον
3334 1890 3402 1944 τὸ
3453 1889 3612 1962 σῶμα
3651 1889 3729 1944 τοῦ

2144 1975 2380 2046 Χριστοῦ
2413 1980 2476 2048 τῇ
2515 1977 2728 2050 θεότητι
2760 1979 2942 2050 λέγειν
2969 1982 3316 2054 ἐτόλμησαν,
3358 1983 3464 2036 καὶ
3505 1982 3574 2035 τὰ
3612 1984 3719 2036 ἀνω

2143 2066 2335 2136 τερικά
2382 2067 2521 2139 μέρη
2568 2070 2652 2133 εἰς
2702 2070 2903 2143 πολλὴν
2938 2075 3185 2145 ταραχὴν
3237 2073 3632 2144 κατέστησαν·
3674 2073 3730 2126 δι’

2143 2156 2236 2218 οὓς
2276 2158 2490 2229 ἀνάγκη
2522 2160 2713 2228 γέγονε
2739 2161 2853 2232 (92)
2886 2163 3102 2218 σύνοδον
3127 2164 3608 2236 ’συγκροτηθῆναμ
3651 2166 3731 2217 καὶ

2144 2247 2542 2318 άναθεματίσαι
2595 2251 2722 2316 τοὺς
2778 2253 3072 2319 τοιούτους.
3133 2256 3310 2310 Ἀλλὰ
3355 2255 3461 2308 καὶ
3509 2255 3730 2326 timavi)-

2147 2356 2295 2409 ματα
2327 2339 2664 2412 πέπρακται,
2691 2336 2774 2397 ὧν
2813 2347 3124 2418 ἀντίγραφα
3147 2347 3229 2418 τῷ
3267 2349 3557 2420 μακαρίτῃ
3590 2349 3729 2419 «una

2160 2431 2461 2503 Ἀθανασίῳ
2493 2435 2806 2508 ἀπεστάλη·
2855 2439 2922 2492 δι’
2953 2440 3021 2510 ἢν
3063 2441 3246 2494 αἰτίαν
3273 2441 3394 2494 τῶν
3425 2441 3730 2510 ὑπομνημὰ-

2147 2542 2255 2579 των
2313 2526 2407 2578 καὶ
2462 2527 2630 2591 αὐτὸς
2684 2531 2714 2582 ὁ
2769 2532 3083 2602 μακαρίτης
3142 2531 3482 2602 ἠναγκάσθη
3542 2531 3726 2601 γράψαι

2141 2615 2436 2687 ἐπιστολὴν
2483 2619 2624 2673 κατὰ
2677 2620 2784 2674 τῶν
2840 2623 2908 2677 τά
2956 2623 3184 2678 τοιαῦτα
3236 2623 3552 2693 λεγόντων,
3611 2625 3728 2693 μετὰ

2147 2705 2518 2778 ἀπειλητικῶν
2538 2710 2714 2778 λόγων
2739 2714 3192 2785 ἐπιπεμψάμενος
3216 2717 3300 2788 τῷ
3329 2717 3725 2788 αἱδεσιμωτάτῳ

2153 2799 2438 2870 ὲπισκόπῳ
2507 2801 2838 2875 Ἐπικτήτῳ,
2889 2806 2970 2858 ὅτι
3019 2807 3334 2876 κατηξίωσε
3377 2811 3508 2880 περὶ
3555 2808 3726 2860 τούτου

2142 2886 2251 2942 κᾶν
2281 2890 2572 2962 ἀπόκρισιν
2598 2896 2711 2956 τοῖς
2748 2895 3016 2966 ταράξασι
3044 2897 3253 2953 δοῦναι.
3306 2899 3506 2968 Σαφῶς
3535 2900 3589 2951 δὲ
3613 2899 3725 2968 περὶ

2145 2981 2246 3050 τῆς
2278 2981 2515 3046 πίστεως
2555 2985 2771 3053 γράψας
2801 2987 2831 3038 ὁ
2880 2988 3041 3053 αὐτὸς
3078 2991 3400 3063 μακαρίτης
3438 2993 3498 3044 ἐν
3542 2987 3724 3056 ταυτῷο

465 3075 840 3146 reSpouderet.
880 3072 1246 3140 Quamobrem
1283 3072 1338 3125 in
1368 3070 1564 3126 eadem
1583 3071 1822 3140 epistola
1847 3069 1916 3124 de
1944 3068 2047 3123 ﬁde

2150 3073 2245 3126 κα).
2289 3075 2417 3136 τοὺς
2460 3075 2600 3130 αὐτὰ
2649 3077 2956 3145 φάσκοντας
2982 3081 3084 3134 καὶ
3119 3085 3496 3154 ταράττοντας
3538 3081 3724 3151 ἀπεκή-

466 3169 754 3237 pcrspicue
782 3176 1151 3234 accurateque
1179 3164 1374 3219 beatus
1404 3162 1495 3217 ille
1519 3161 1810 3225 disseruit,
1837 3167 1892 3215 et
1921 3160 2046 3216 illos

2149 3162 2331 3234 ρυξεν.
2377 3157 2485 3229 Ἦς
2517 3167 2808 3238 ἐπιστολῆς
2833 3169 2896 3224 τὺ
2928 3148 3265 3243 ἀντίγραεέον
3299 3173 3538 3227 ἐνταῦθα
3570 3148 3725 3243 παρα-

469 3271 732 3310 novorum
763 3254 1077 3322 dagmatum
1104 3263 1500 3323 propagatores
1529 3250 2050 3320 perturbatoresque

2150 3255 2338 3310 θέσθαι
2376 3256 2554 3311 διόλου
2583 3261 2881 3328 ἀναγκαῖον
2926 3264 3245 3336 ἡγησάμην,
3289 3268 3405 3320 Καὶ
3444 3266 3556 3318 ἐστι
3598 3262 3721 3316 τάδε’

472 3346 811 3415 proscripsit.
839 3345 1014 3415 Cujus
1043 3344 1291 3415 epistolae
1315 3345 1589 3414 integrum
1639 3342 1946 3413 exemplum
1981 3343 2070 3398 hic
2111 3347 2389 3405 ascribere
2448 3355 2822 3408 necessarium
2863 3371 2988 3412 esse
3023 3359 3176 3414 duxi.
3221 3359 3321 3415 Est
3355 3369 3535 3415 autem
3589 3355 3726 3426 ejus-

471 3440 616 3493 modi
660 3456 674 3491 :

472 3557 799 3610 Athanasius
823 3556 1092 3626 episcopus
1119 3553 1463 3636 Alexandria:
1491 3542 2053 3623 Epictetoforinthio»

1056 3641 1172 3678 rum
1202 3639 1462 3694 episcopo.

548 3736 634 3791 Ill.
687 3735 949 3806 Equidem
993 3736 1304 3791 arbitrabar
1343 3736 1749 3800 haereticorum,
1785 3746 2057 3808 quotquot

475 3844 714 3901 unquam
746 3829 985 3892 fuerunt,
1011 3828 1260 3882 omnium
1298 3842 1488 3882 vanam
1531 3827 1940 3900 absurdamque
1971 3829 2058 3883 lo-

475 3924 806 3994 quacitatem
846 3921 915 3976 ab
953 3919 1172 3975 Nicaena
1221 3919 1434 3991 synodo
1479 3920 1698 3990 penitus
1735 3934 1859 3975 esse
1903 3934 2058 3974 com-

473 4028 738 4084 pressam.
777 4010 912 4078 Qua:
958 4012 1105 4067 enim
1155 4009 1268 4065 illic
1309 4025 1339 4065 a
1379 4008 1635 4066 Patribus
1675 4027 1741 4067 ex
1776 4025 2058 4066 sacrarum

476 4109 804 4163 auctoritate
844 4105 1171 4161 Litterarum
1212 4105 1495 4176 proposita
1525 4103 1650 4160 ﬁdei
1681 4103 1919 4160 formula
1949 4113 2057 4169 est,

475 4216 601 4255 cum
635 4200 704 4254 ad
729 4215 891 4256 omne
915 4215 1088 4271 genus
1115 4199 1409 4269 impietatis
1435 4197 1810 4263 e'vertendum,
1843 4207 1956 4252 tum
1987 4195 2056 4252 ad

475 4293 783 4363 religiosam
815 4293 870 4346 in
914 4291 1136 4347 Christo
1184 4291 1345 4346 ﬁdem
1389 4289 1762 4344 aﬂirmandam
1808 4289 2059 4346 sufficere

475 4387 713 4441 videtur.
744 4385 1110 4450 Quamobrem
1140 4399 1262 4438 cum
1287 4397 1385 4454 per
1413 4383 1666 4447 Galliam,
1706 4382 2055 4453 Hispaniam,

2169 3559 2514 3628 Ἆθανάσιος
2543 3563 2880 3630 ἐπίσκοπος
2929 3566 3384 3636 Ἀλεξανὸζρεῑας
3409 3567 3555 3636 πρὸς
3587 3565 3724 3621 Ἐ’πί-

2458 3650 2680 3700 κτητον
2713 3636 3056 3690 ἐπίσκοπον
3090 3641 3446 3706 Κορινθίων.

2231 3743 2305 3798 I".
2363 3743 2505 3813 Ἐγὼ
2539 3746 2638 3816 μὲν
2679 3747 2930 3818 ἐνόμιζον
2962 3751 3144 3803 πᾶσαν
3187 3752 3575 3822 ματαιολογίαν
3605 3749 3721 3804 πάν-

2155 3851 2284 3899 των,
2310 3836 2423 3889 ὅσοι
2449 3835 2714 3908 δηποτοῦν
2737 3841 2874 3892 εἰσιν
2897 3842 3185 3912 αἱρετικοὶ,
3217 3842 3533 3898 πεπαῦσθαι
3553 3843 3613 3895 ἐκ
3631 3839 3719 3910 τῆς

2153 3926 2455 3998 γενομένης
2497 3928 2554 3981 ἐν
2586 3929 2790 4002 Notata
2823 3931 3063 3988 συνόδου.
3109 3933 3173 3986 Ἡ
3199 3936 3315 4006 γὰρ
3343 3938 3402 3989 ὲν
3431 3933 3560 4003 αὐτῇ
3588 3929 3719 3999 παρὰ

2155 4015 2265 4070 τῶν
2291 4018 2554 4090 Πατέρων
2579 4021 2722 4075 κατὰ
2751 4020 2852 4086 τὰς
2898 4023 3059 4088 θιγίας
3098 4025 3326 4097 Γραφάς
3354 4021 3716 4098 όμολογηθεῖσα

2157 4107 2340 4170 πίστις
2387 4108 2668 4182 αὐτάρκης
2717 4110 2833 4164 ἐστὶ
2875 4112 3014 4182 πρὸς
3061 4113 3378 4186 ἀνατροπὴν
3428 4114 3523 4186 μὲν
3559 4111 3718 4179 πάσης

2163 4198 2439 4266 ἀσεϐείας,
2475 4200 2735 4255 σύστασιν
2767 4203 2826 4256 δὲ
2866 4203 2966 4274 τῆς
3009 4205 3069 4257 ὲν
3106 4205 3330 4278 Χριστῷ
3370 4202 3614 4265 εὐσεϐοῦς
3642 4199 3718 4252 πί-

2165 4307 2352 4353 στεως.
2393 4291 2492 4345 Διὰ
2522 4291 2678 4345 τοῦτο
2711 4291 2844 4362 γοῦν
2871 4295 2964 4348 καὶ
3003 4294 3099 4348 νῦν
3126 4295 3403 4368 διαφόρων
3439 4289 3714 4365 γενομένων

2166 4381 2420 4447 συνόδων,
2449 4382 2505 4436 έν
2531 4399 2590 4437 τε
2615 4385 2682 4455 τῇ
2706 4381 2908 4455 Γαλλίᾳ
2931 4385 3025 4439 καὶ
3053 4387 3286 4459 Σπανίᾳ,
3317 4390 3413 4442 καὶ
3439 4388 3502 4456 τῇ
3531 4379 3713 4455 μεγάλῃ

480 4475 938 4546 Bonnaque-adeo
968 4474 1276 4545 frequentia
1305 4475 1409 4529 hoc
1431 4483 1676 4546 tempore
1697 4477 1929 4531 concilia
1964 4490 2047 4532 ce-

2171 4472 2379 4546 Ῥώμῃ,
2411 4476 2612 4540 πάντες
2646 4480 2696 4531 οἱ
2743 4479 3087 4544 συνελθόντες
3113 4480 3239 4544 τοὺς
3267 4481 3378 4553 ’μὲν
3413 4480 3711 4549 ἐπικρυπτο-

481 4571 686 4625 Iebrata
719 4571 846 4631 sint,
880 4576 1151 4642 quotquot
1191 4570 1247 4622 in
1279 4568 1388 4623 illis
1417 4568 1738 4639 congregati
1773 4579 1924 4634 sunt,
1960 4584 2060 4624 oc-

480 4662 659 4716 cultos
687 4661 802 4714 Arii
833 4659 1097 4726 fautores,
1138 4660 1469 4714 Auxentium
1517 4660 1642 4715 dico
1687 4658 2062 4716 Mediolanen-

482 4768 619 4817 sem,
661 4763 714 4808 et
760 4749 1066 4816 U‘rsatium,
1127 4765 1193 4804 ac
1248 4747 1555 4814 Valentem,
1594 4749 1788 4806 Caium
1842 4765 2061 4823 quoque

482 4846 846 4910 Pannonium,
889 4845 1037 4898 Velut
1079 4843 1242 4899 unius
1272 4841 1454 4898 a‘ﬂlatu
1491 4840 1743 4912 spiritus,
1784 4847 2063 4901 communi

483 4937 742 5009 sull'ragio
766 4935 1226 4999 condemnarunt,
1259 4943 1313 4991 et
1339 4935 1646 5006 encyclicas
1679 4937 1890 4994 litteras
1926 4937 2066 4992 scri-

484 5040 710 5102 pserunt
742 5049 754 5085 :
780 5028 1001 5100 quibus,
1025 5027 1169 5099 quod
1194 5029 1284 5084 isti
1311 5027 1646 5100 synodorum
1669 5026 1804 5084 falsa
1837 5030 2062 5083 nomina

478 5129 768 5194 jactarent,
795 5124 958 5178 ullam
986 5124 1040 5177 in
1067 5120 1307 5177 Ecclesia
1335 5122 1606 5176 catholica
1627 5121 1899 5193 synodum
1925 5137 2064 5193 pra:-

481 5229 567 5274 ter
597 5216 867 5271 Niczenam
898 5213 1168 5270 nominari
1193 5220 1518 5270 vetuerunt:
1549 5227 1669 5284 quae
1699 5229 1826 5268 cum
1855 5213 1923 5268 de
1953 5228 2061 5268 cae-

483 5308 616 5363 teris
656 5308 933 5373 omnibus,
971 5314 1085 5360 tum
1125 5304 1194 5359 de
1230 5304 1432 5372 Ariana
1472 5303 1826 5374 potissimum
1867 5303 2061 5360 haeresi

557 5463 667 5534 (9'3)
699 5464 776 5517 Δι’
819 5461 926 5528 οὓς
958 5461 1189 5530 ἀνάγκη
1221 5459 1453 5534 γέγονε.
1486 5458 1696 5529 Duplex
1723 5458 2060 5534 illistempof

487 5528 852 5590 ribus’habita
893 5528 1134 5603 synodus
1163 5528 1278 5603 est,
1301 5528 1366 5584 in
1393 5545 1508 5603 qua
1535 5528 1690 5603 error
1725 5528 2059 5603 ‘Apollinarii

488 5606 778 5660 damnatus
808 5597 940 5658 est!
969 5602 1139 5670 prima
1165 5597 1509 5670 Alexandria;
1541 5600 1610 5653 ab
1650 5597 1973 5661 Athanasio,
2008 5606 2062 5653 et

493 5672 728 5728 Eusebio
755 5668 1088 5727 Vercellensi
1117 5709 1131 5733 ,
1161 5680 1449 5740 postquam
1475 5668 1694 5725 Juliano
1731 5670 2057 5740 imperante,

495 5743 730 5812 Georgio
761 5743 828 5796 ab
865 5740 1247 5796 Alexandrinis
1279 5741 1500 5807 occiso,
1537 5740 1653 5798 sedi
1686 5755 1800 5799 suae
1836 5741 2062 5796 restitu-

2165 4562 2379 4635 μένους,
2421 4564 2518 4618 καὶ
2556 4566 2897 4636 φρονοῦντας
2938 4569 3006 4622 τὰ
3059 4569 3296 4640 Ἀρείου,
3348 4569 3619 4634 Αὐξέντιον
3659 4559 3712 4630 δὴ

2161 4653 2309 4724 λέγω
2347 4655 2440 4709 τὸν
2479 4656 2538 4709 ἐν
2584 4658 2919 4731 Μεδιολάνῳ,
2966 4661 3060 4714 καὶ
3102 4661 3428 4733 Οὖρσάκιον,
3472 4658 3561 4713 καὶ
3593 4651 3709 4708 0ύά-

2164 4745 2346 4812 λεντα,
2379 4746 2538 4802 Γάϊον
2571 4749 2677 4803 ἀπὸ
2718 4749 2818 4822 τῆς
2859 4752 3175 4820 Παννονίας,
3221 4752 3502 4824 παμψηφὶ,
3529 4749 3597 4810 ὡς
3621 4743 3711 4798 ἀπὺ

2165 4836 2286 4900 ἑνὸς
2320 4838 2634 4911 πνεύματος
2675 4841 3004 4913 κινούμενοι,
3052 4844 3464 4916 ἀνεθεμάτισαν·
3494 4835 3706 4909 ἔγραψαν

2167 4928 2226 4982 δὲ
2251 4931 2548 5002 πανταχοῦ,
2585 4933 2675 4986 διὰ
2714 4933 2774 4985 τὺ
2807 4935 2934 4998 τοὺς
2966 4934 3240 5000 τοιούτους
3273 4937 3500 4991 ἐπινοεῖν
3526 4926 3707 4986 ἑαυτοῖς

2167 5019 2407 5091 ὀνόματα
2445 5024 2697 5088 συνόδων,
2738 5025 3008 5096 μηδεμίαν
3041 5029 3099 5080 ὲν
3124 5031 3189 5099 τῇ
3216 5029 3471 5098 καθολικῇ
3513 5017 3704 5085 Ἐκκλη“

2170 5113 2261 5184 σία
2291 5114 2508 5170 σύνοδον
2529 5117 2913 5188 ὀνομάζεσθαι,
2947 5120 2996 5172 εί
3036 5119 3111 5192 μὴ
3141 5121 3302 5192 μόνον
3329 5122 3423 5192 τὴν
3450 5121 3504 5171 ἐν
3530 5109 3704 5179 Nimia

2168 5210 2486 5282 γενομένην,
2521 5210 2781 5280 τρόπαιον
2812 5210 2914 5280 μὲν
2938 5206 3104 5264 οὖσαν
3142 5212 3323 5284 πάσης
3345 5211 3605 5284 αἱρέσεως.
3632 5199 3702 5264 έξο

2167 5303 2397 5374 αιρέτως
2422 5302 2478 5356 δὲ
2495 5301 2597 5373 τῆς
2633 5302 2940 5374 Ἀρειανῆς,
2972 5302 3040 5356 δι’
3067 5304 3133 5375 ῆν
3167 5305 3398 5376 μάλιστα
3425 5303 3511 5358 καὶ
3540 5302 3568 5370 ἡ
3595 5293 3699 5349 613v-

2165 5467 2256 5514 tus
2284 5467 2367 5513 est
2395 5458 2734 5516 Athanasius
2762 5498 2778 5523 ,
2830 5474 2977 5514 anno
3011 5459 3220 5515 Christi
3252 5461 3397 5528 562;
3429 5459 3578 5528 altera
3609 5449 3696 5528 Βρ-

2167 5543 2270 5583 mae
2298 5531 2401 5584 sub
2433 5528 2667 5585 Damaso
2696 5569 2711 5593 ,
2744 5519 2890 5584 anno
2928 5530 3132 5586 Christi
3175 5533 3302 5588 573.
3345 5519 3467 5585 Vide
3498 5519 3696 5582 Annam

2167 5599 2352 5671 ecclés.
2388 5598 2463 5653 De
2515 5600 2618 5653 hoc
2671 5602 2964 5671 posteriori
3003 5605 3275 5667 concilio,
3327 5604 3479 5671 cujus
3539 5600 3694 5648 recens

2167 5683 2291 5724 cum
2324 5670 2739 5741 lima-scriberet
2769 5670 3104 5741 Epiphanius
3135 5670 3402 5731 memoria
3416 5674 3538 5733 erat,
3568 5671 3695 5717 eunte

2169 5741 2290 5797 dem
2317 5740 2728 5812 intelligendum
2761 5740 3035 5798 existimo.
