3994 6224
384 333 494 387 Μῒὶ

993 331 1357 388 ADVERSUS
1404 332 1743 388 llAiRESES
1775 332 1905 389 LIB.
1944 333 2029 390 Ill.
2075 335 2239 391 ΤΟΜ.
2273 337 2343 392 'll.
2388 371 2452 380 -—-
2488 339 2760 396 ll/EIiES.
2791 341 3044 400 LXXVII.

3555 348 3586 401 Β
3598 349 3656 404 ⁸-6

382 447 507 508 οδος
546 443 668 496 τότε
717 445 978 517 συνήχθη.
1032 445 1156 508 Πῶς
1199 445 1378 498 τοίνυν
1425 444 1505 498 ἔτι
1555 445 1690 515 μετὰ
1745 446 1967 501 τοσαῦτα

2087 449 2458 520 triumphavit,
2489 451 2650 520 cujus
2679 454 2842 509 unius
2870 457 3047 524 gratia
3075 456 3418 526 potissimum
3438 469 3518 516 est
3543 465 3658 515 col-

384 538 762 610 ἀμφισόητεῖν
784 555 931 601 τινες
959 539 991 608 ἢ
1023 538 1208 609 ζητεῖν
1237 537 1644 608 ἐπιχειροῦσινς
1682 538 1744 590 Ei
1772 537 1870 608 μὲν
1889 533 1982 590 οὖν

383 632 459 684 ὲκ
485 629 594 683 τῶν
636 630 691 682 Ἀ
704 629 931 701 ρειανῶν
959 631 1116 691 εἰσιν,
1141 629 1294 682 οὐδὲν
1320 628 1652 698 θαυμαστὸν,
1680 629 1728 680 εί
1757 627 1824 680 τὰ
1850 627 1970 681 καθ’

383 721 599 774 ἑαυτῶν
627 721 907 793 γραφέντα
939 720 1338 776 διαϐάλλουσιν·
1377 720 1568 790 ὥσπερ
1596 721 1690 774 καὶ
1720 719 1982 791 Ἕλληνες

383 811 673 866 ἁκούουσι-
707 813 783 865 Τὰ
803 812 1026 867 εἴδωλα
1047 812 1167 865 τῶν
1191 811 1382 866 ἐθνῶν
1402 812 1708 880 ἀργύριον,
1727 811 1824 864 καί
1846 829 1984 880 χρυο

384 905 554 970 olor,
597 904 776 973 ἔργον
817 904 1031 973 χειρῶν
1070 902 1418 972 ἀνθρώπων,
1467 903 1676 973 μωρίαν
1719 903 1977 972 ἡγοῦνται

384 995 488 1066 τὴν
515 996 642 1065 περὶ
671 996 765 1048 τοῦ
791 996 947 1062 ἁγίου
971 995 1288 1066 ΙΙνεύματος
1311 994 1677 1049 διδασκαλίαν.
1706 995 1767 1046 Ei
1791 995 1848 1048 δὲ
1869 994 1977 1047 τῶν

386 1085 694 1140 δοκούντων
732 1086 909 1158 ὀρθῶς
952 1086 1257 1153 πιστεύειν,
1306 1087 1401 1139 καὶ
1449 1086 1674 1156 ἀγαπᾷν
1703 1084 1772 1137 τὰ
1805 1085 1979 1156 δηλω-

387 1178 555 1232 θέντα
585 1179 734 1250 παρά
765 1180 870 1232 τῶν
891 1179 1150 1251 ΙΙατέρων
1177 1178 1315 1232 είσὶν
1336 1181 1384 1231 oi
1405 1177 1493 1231 διὰ
1515 1177 1608 1231 τοῦ
1643 1178 1823 1247 ζητεῖν
1849 1180 1979 1232 ἀνα-

391 1269 684 1333 σκευάζειν
700 1270 994 1334 ἐθέλοντες,
1015 1270 1168 1324 οὐδὲν
1195 1270 1381 1339 ἕτερον
1410 1269 1679 1332 ποιοῦσιν,
1703 1270 1734 1340 ἢ
1758 1269 1896 1322 κατὰ
1917 1269 1977 1321 τὸ

389 1363 796 1432 γεγραμμένον·
819 1361 922 1414 Τὸν
955 1363 1051 1433 μὲν
1079 1361 1305 1432 πλησίον
1332 1361 1646 1426 ποτίζουσιν
1667 1361 1978 1431 ἀνατροπὴν

391 1452 642 1521 θολερὰν,
691 1453 1057 1524 λογομαχοῦσι
1105 1453 1162 1507 δὲ
1207 1455 1266 1506 ἐν
1311 1452 1489 1506 οὐδενὶ
1531 1450 1856 1524 χρησίμωῆ
1887 1452 1979 1504 ἐπὶ

390 1549 744 1617 καταστροφῇ
783 1546 891 1599 τῶν
923 1545 1217 1618 ἀκεραίων.

2084 541 2243 595 lecta.
2274 538 2406 596 Post
2430 557 2494 596 ea
2526 557 2653 596 vero
2677 553 2756 598 tot
2782 553 3062 615 lautaque,
3089 547 3218 617 quid
3245 557 3328 604 est
3354 549 3494 619 quod
3519 567 3655 606 non-

2083 631 2216 685 nulli
2252 633 2684 687 controversiam
2733 633 2915 688 facere
2961 652 3024 690 ac
3063 642 3396 707 quaestiones
3449 642 3658 710 agitare

2082 721 2392 775 conamur?
2431 720 2535 787 Qui
2588 723 2633 775 si
2676 737 2738 776 ex
2779 724 2980 777 Ariana
3024 724 3260 782 factione
3305 736 3456 793 sunt,
3489 725 3658 802 998

2081 809 2218 864 nihil
2261 810 2456 864 mirum
2502 819 2585 866 est
2634 811 2756 867 illos
2801 828 2922 882 quae
2965 825 3158 869 contra
3188 833 3249 871 se
3277 828 3403 874 sunt
3432 820 3656 887 scripta,

2081 900 2384 955 criminari.
2427 901 2898 967 Quemadmodum
2934 913 2987 959 et
3025 907 3252 976 gentiles
3291 924 3413 963 cum
3446 927 3476 966 e
3505 909 3660 966 Psal-

2081 990 2187 1045 mis
2219 989 2364 1045 istud
2410 992 2638 1046 audiunt
2665 1011 2676 1046 :
2703 991 3007 1048 Simulacra
3027 997 3255 1065 gentium
3287 1007 3576 1068 argentum,
3608 1009 3657 1053 et

2082 1097 2295 1145 aurum,
2353 1097 2480 1151 opus
2527 1100 2783 1137 manuum
2839 1084 3168 1150 hominum’,
3219 1087 3363 1140 illam
3420 1086 3658 1158 Spiritus

2082 1177 2257 1228 sancti
2288 1176 2594 1230 decu-inani
2643 1191 2850 1231 meram
2897 1193 3020 1234 esse
3063 1180 3351 1235 stultitiam
3387 1181 3660 1234 arbitran-

2081 1273 2190 1320 tur.
2225 1265 2318 1320 Sin
2349 1283 2412 1321 ex
2446 1282 2636 1321 eorum
2673 1284 2906 1323 numero
2936 1277 3084 1336 sunt,
3121 1271 3213 1340 qui
3261 1286 3394 1326 sana
3437 1285 3501 1324 ac
3543 1271 3660 1324 siu-

2083 1371 2207 1413 cera
2235 1358 2336 1412 ﬁde
2367 1359 2576 1428 praediti
2608 1360 2885 1422 videntur,
2909 1371 2961 1416 et
2991 1362 3044 1416 in
3077 1363 3168 1426 iis,
3193 1376 3312 1432 quae
3347 1376 3375 1414 a
3403 1358 3659 1416 Patribus

2083 1449 2302 1503 decreta
2331 1454 2481 1514 sunt,
2515 1449 2886 1518 acquiescere,
2924 1465 2988 1504 ac
3022 1450 3381 1506 nihilominus
3415 1451 3532 1505 suis
3554 1451 3659 1506 illis

2083 1540 2479 1610 quaestionibus
2512 1547 2758 1595 evertere
2795 1541 2977 1595 omnia
3018 1551 3308 1608 conantur,
3342 1542 3475 1596 nihil
3510 1543 3660 1597 aliud

389 1638 654 1706 clm-iuet,
697 1641 801 1694 nisi
819 1641 971 1710 quod
1008 1643 1273 1712 scriptum
1305 1649 1433 1698 est:
1465 1639 1723 1695 Proximo
1752 1635 1971 1709 quidem
2041 1637 2316 1690 turbidam
2390 1637 2734 1690 eversionem
2782 1637 3075 1706 propinant
3097 1635 3150 1703 ’ς
3195 1643 3250 1691 et
3287 1637 3493 1691 otiosas
3529 1649 3658 1690 ver-

390 1732 586 1787 borum
627 1735 1010 1790 contentiones
1045 1745 1265 1790 movent
1284 1735 1330 1800 ",
1357 1747 1482 1805 quae
1526 1734 1593 1789 ad
1623 1731 1778 1788 aliud
1816 1731 1973 1797 nihil,
2013 1745 2177 1800 quam
2209 1729 2276 1783 ad
2301 1728 2585 1784 rudiorum
2617 1728 2912 1798 perniciem
2969 1736 3134 1800 atque
3201 1728 3427 1784 exitium
3487 1726 3659 1798 perti-

389 1838 545 1882 nent.

462 1921 536 1973 A'.
574 1918 758 1972 Ταῦτα
779 1919 836 1972 δὲ
861 1919 1034 1984 οὕτως
1053 1920 1271 1990 γράφω,
1299 1920 1542 1992 ἐντυχὼν
1560 1923 1673 1984 τοῖς
1692 1919 1844 1992 παρὰ
1875 1918 1967 1986 τῆς

2145 1909 2234 1964 IV.
2263 1909 2391 1965 viii-ec
2431 1910 2640 1964 idcirco
2672 1909 2878 1973 scribo,
2917 1909 3061 1979 quod
3093 1909 3483 1964 commentaria
3509 1923 3660 1980 qua:-

391 2011 497 2081 σῆς
521 2012 830 2075 θεοσεϐείας
871 2013 1257 2082 προσαχθεῖσιν
1283 2015 1298 2045 ¹
1333 2013 1740 2084 ὑπομνήμασιν·
1770 2012 1806 2066 ἃ
1839 2011 1974 2082 μηδὲ

385 2103 667 2174 γραφῆναι
684 2102 910 2172 ὤφελον,
931 2103 1019 2156 ἵνα
1037 2104 1170 2174 μηδέ
1189 2105 1376 2174 μνήμη
1394 2117 1477 2167 τις
1491 2103 1694 2157 τούτων
1709 2105 1820 2166 τοῖς
1839 2102 1976 2173 μετὰ

385 2194 562 2249 ταῦτα
593 2195 840 2266 γένηται.
873 2195 970 2258 Τίς
995 2195 1104 2266 γὰρ
1137 2195 1337 2266 ἤκουσε
1371 2195 1600 2250 τοιαῦτά.
1621 2211 1780 2258 ποτε;
1817 2193 1974 2257 τίςδὲ

386 2285 419 2336 ὁ
454 2285 693 2350 διδάξας,
733 2285 767 2355 ἢ
801 2283 1022 2355 pawn;
1064 2285 1159 2338 Ἐκ
1199 2285 1299 2355 μὲν
1324 2284 1434 2356 γὰρ
1465 2283 1603 2336 Σιὼν
1631 2282 1974 2348 ἐξελεύσεται

397 2372 564 2444 λόγος
596 2378 818 2446 Κυρίου,
853 2377 949 2430 καὶ
976 2376 1139 2446 νόμος
1157 2376 1294 2430 Θεοῦ
1325 2377 1384 2441 ἐξ
1422 2376 1798 2447 Ἰερουσαλήμ.
1827 2374 1973 2428 Ταῦ-

391 2486 461 2522 τα
486 2469 542 2521 δὲ
564 2467 726 2521 πόθεν
747 2467 969 2538 ἐξῆλθες
995 2469 1154 2530 Ποῖος
1172 2467 1304 2538 ᾅδης
1325 2465 1665 2546 ἐξηρεύξατο,
1691 2463 1973 2536 ὀμοούσιον

392 2562 569 2613 εἰπεῖν
596 2561 658 2612 ἐκ
682 2559 900 2631 Μαρίας
928 2559 1088 2630 σῶμα
1115 2561 1182 2630 τῇ
1213 2558 1307 2612 τοῦ
1337 2561 1512 2627 Λόγου
1545 2557 1792 2628 θεότητι;
1827 2555 1859 2626 ἢ
1889 2557 1972 2608 ὅτι

391 2655 422 2706 ὁ
452 2652 622 2721 Λόγος
661 2653 740 2715 είς
772 2652 970 2720 σάρκα,
1017 2652 1110 2704 καὶ
1140 2652 1293 2712 ὀστᾶ,
1341 2653 1436 2703 καὶ
1467 2650 1678 2719 τρίχας,
1719 2650 1812 2702 καὶ
1852 2647 1972 2701 ὅλον

396 2743 556 2814 σῶμα
596 2741 1018 2812 μταῦέὸληται,
1062 2742 1156 2804 καὶ
1193 2741 1403 2812 ἠλλάγη
1433 2742 1528 2811 τῆς
1558 2741 1692 2802 ἰδίας
1721 2739 1969 2810 φύσεωςς

395 2834 493 2896 Τίς
515 2833 652 2896 ὅλως
675 2834 876 2904 ἢκουσε
903 2831 1055 2902 παρὰ
1089 2831 1447 2903 Χριστιανῶν,
1477 2832 1559 2884 ὅτι
1587 2831 1756 2896 θέσει,
1790 2832 1885 2884 καὶ
1909 2831 1970 2884 οὐ

395 2925 556 2994 φύσει
587 2923 745 2994 σῶμα
777 2925 1086 2994 πεφόρηκεν
1117 2924 1146 2975 ὁ
1171 2923 1329 2986 Υἱός;
1351 2924 1420 2974 Ἢ
1455 2923 1538 2985 τίς
1567 2921 1819 2975 τοσοῦτον
1844 2919 1972 2990 ὴσέ-

394 3015 737 3087 6ησεν,ὤστε
769 3018 940 3070 εἰπεῖν
988 3015 1104 3087 ἅμα
1135 3015 1230 3069 καὶ
1267 3018 1502 3085 φρονεῖν,
1543 3015 1624 3066 ὅτι
1663 3013 1854 3084 θεότης
1877 3012 1972 3065 αύ-

391 3107 488 3161 τοῢ
516 3110 548 3178 ἠ
571 3109 852 3179 ὁμοούσιος
880 3107 956 3178 τῷ
983 3109 1158 3178 Πατρὶ
1185 3107 1322 3179 αὑτὴ
1347 3107 1707 3179 περιετμήθη,
1732 3105 1826 3159 καὶ
1847 3105 1971 3159 ἁτε-

393 3198 494 3270 λὴς
525 3201 586 3251 ἐκ
629 3197 836 3250 τελείου
877 3199 1096 3266 γέγονε;
1127 3199 1306 3251 καὶτὸ
1335 3201 1391 3250 ὲν
1429 3197 1508 3268 τῷ
1543 3197 1682 3268 ξύλῳ
1704 3196 1969 3266 καθηλού-

2079 2004 2203 2057 dam
2233 2003 2338 2074 legi
2383 2018 2413 2056 a
2453 2002 2651 2071 pietate
2681 2010 2773 2055 tua
2823 2002 2979 2057 nobis
3027 2001 3230 2056 oblata.
3275 2000 3410 2069 Qum
3451 2003 3658 2058 utinam

2077 2097 2278 2164 scripta
2326 2109 2606 2164 nunquam
2656 2093 2911 2158 fuissent,
2962 2109 3030 2148 ne
3081 2094 3166 2148 vel
3211 2095 3536 2149 tenuissima
3588 2094 3659 2148 ad

2074 2196 2326 2257 posteros
2378 2187 2593 2241 illorum
2645 2187 2907 2241 memoria
2943 2187 3282 2256 perveniret!
3328 2184 3467 2251 Quis
3507 2187 3658 2240 enim

2077 2280 2191 2334 haec
2228 2293 2468 2349 unquam
2496 2277 2704 2331 audiit?
2743 2277 3083 2347 quis'docuit
3118 2276 3413 2331 didicitve?
3464 2275 3658 2332 Name

2076 2369 2208 2425 Sion
2239 2369 2517 2440 egreditur
2549 2368 2774 2423 verbum
2805 2368 3044 2435 Domini,
3083 2379 3136 2423 et
3181 2369 3266 2421 lex
3301 2366 3397 2422 Dei
3426 2384 3490 2422 ex
3525 2367 3654 2422 Hie.-

2074 2461 2374 2516 r~usalem".
2408 2461 2477 2514 At
2505 2461 2624 2514 haec
2655 2460 2802 2514 unde
2841 2461 3204 2531 prodierunt?
3232 2461 3465 2528 Quinam
3495 2461 3657 2517 inferi

2071 2553 2210 2608 illud
2253 2559 2602 2617 eructant-nt,
2651 2553 3125 2609 consubstantiale
3173 2555 3450 2609 divinitati
3489 2553 3657 2609 Verbi

2079 2660 2286 2715 corpus
2331 2645 2464 2698 illud
2503 2661 2646 2709 esse,
2695 2647 2840 2716 quod
2875 2661 2905 2698 a
2940 2646 3107 2701 Maria
3143 2647 3386 2718 genitum
3417 2646 3539 2702 est?
3561 2651 3656 2701 aut

2082 2733 2324 2791 Verbum
2361 2738 2540 2806 ipsum
2575 2737 2630 2790 in
2660 2751 2905 2806 carnem,
2935 2753 3084 2803 ossa,
3111 2739 3360 2810 capillos,
3393 2753 3457 2793 ac
3480 2746 3653 2794 totum

2072 2826 2308 2898 denique
2345 2843 2548 2897 corpus
2593 2843 2718 2884 esse
2749 2844 3100 2897 conversum,
3145 2840 3198 2885 et
3252 2846 3282 2884 a
3321 2839 3511 2900 suapte
3552 2845 3654 2884 na-

2073 2920 2198 2966 tura
2230 2915 2540 2968 m-utat-um?
2567 2915 2702 2981 Quis
2745 2917 2969 2972 omnino
3009 2918 3078 2973 de
3115 2917 3450 2974 Christianis
3479 2920 3656 2976 audiit

2072 3002 2270 3057 Filium
2300 3005 2390 3060 Dei
2433 3007 2617 3074 specie
2649 3019 2712 3060 ac
2740 3007 2960 3062 ilclione
2989 3008 3104 3061 sola
3135 3023 3360 3079 corpus,
3403 3025 3512 3063 non
3545 3021 3652 3064 ria-

2080 3099 2202 3147 tura
2234 3096 2511 3165 gessisse?
2537 3095 2674 3162 Quis
2722 3106 2831 3150 tam
2878 3099 3080 3167 impius
3122 3099 3242 3163 fuit,
3277 3108 3337 3153 ut
3365 3101 3655 3170 ipsammet

2071 3186 2316 3256 ejusdem
2334 3187 2672 3243 divinitatem
2689 3189 3072 3245 circumcisam
3098 3207 3243 3256 esse,
3267 3201 3429 3263 atque
3452 3193 3654 3263 imper-

397 3304 558 3358 μενον
594 3287 694 3341 οὐκ
729 3283 796 3359 ἦν
823 3288 884 3341 τὸ
918 3287 1096 3358 σῶμα,
1133 3287 1268 3342 ἀλλὰ
1295 3287 1431 3359 αὐτὴ
1458 3291 1490 3359 ἡ
1520 3287 1848 3358 δημιουργὸς
1872 3287 1962 3338 ού-

2070 3276 2269 3331 iectam
2301 3293 2333 3332 e
2365 3278 2608 3348 perfecta
2648 3279 2920 3334 redditam
2960 3280 3132 3338 fuisse
3159 3285 3391 3340 sentiret
3415 3301 3478 3339 ac
3509 3285 3654 3340 dice-

393 3381 485 3433 σία
516 3380 614 3451 τῆς
642 3379 884 3450 φύσεως;
923 3381 1007 3444 τίς
1041 3381 1097 3434 δέ
1135 3379 1366 3443 ἀκούων,
1400 3382 1480 3434 ὅτι
1510 3381 1609 3433 οὐκ
1646 3381 1708 3432 ἐκ
1727 3379 1963 3449 Μαρίας,

391 3469 509 3524 ἀλλ’
544 3473 608 3524 ἐκ
633 3471 734 3540 τῆς
773 3470 938 3524 αὑτοῦ
978 3471 1165 3534 οὐσίας
1213 3470 1566 3542 μετεποίησεν
1602 3468 1778 3539 ἐαυτῷ
1806 3467 1964 3538 σῶμα

395 3559 634 3631 παθητὸν
661 3562 691 3614 ό
721 3560 914 3629 Λόγος,
956 3559 1100 3614 εἴποι
1146 3561 1212 3614 ἂν
1242 3560 1565 3633 Χριστιανὸν
1603 3561 1693 3616 τὸν
1739 3559 1966 3629 λέγοντα

391 3653 594 3718 causa;
629 3653 725 3717 Τίς
765 3653 820 3707 δὲ
857 3652 954 3723 τὴν
995 3653 1251 3724 ἀθέμιτον
1289 3654 1490 3724 ταύτην
1519 3653 1808 3724 ἐπενόησεν
1839 3652 1966 3706 ἀσέ-

393 3743 566 3807 ϐειαν,
598 3743 738 3797 ὥστε
765 3743 868 3797 κᾶν
893 3745 972 3808 είς
1002 3743 1298 3815 ἐνθύμησιν
1323 3744 1518 3805 ἐλθεῖν,
1545 3744 1642 3796 καὶ
1664 3745 1858 3806 εἰπεῖν,
1882 3743 1964 3796 ὅτι

393 3837 422 3885 ὁ
447 3833 617 3902 λέγων
646 3836 710 3888 ἐκ
750 3833 972 3904 Μαρίας
1015 3829 1241 3888 εἶναιτὸ
1271 3834 1546 3907 Κυριακὺν
1582 3834 1768 3904 σῶμα,
1781 3833 1965 3887 οὐκέτι

394 3922 623 3993 Τριὰδα,
658 3922 793 3978 ἀλλὰ
821 3922 1054 3994 τετράδα
1082 3925 1141 3977 ἐν
1169 3927 1236 3996 τῇ
1269 3924 1481 3995 θεότητι
1515 3926 1732 3995 φρονεί;
1769 3922 1845 3988 ὡς
1876 3923 1966 3977 διὰ

392 4013 554 4067 τοῦτο
579 4013 706 4078 τοὺς
725 4013 867 4068 οὕτω
891 4014 1266 4086 διακειμένους
1293 4015 1391 4086 τῆς
1415 4015 1600 4079 οὐσίας
1618 4016 1716 4086 τῆς
1737 4014 1965 4087 Τριάδος

394 4105 572 4171 λέγειν
597 4105 696 4175 τὴν
725 4105 926 4177 σάρκα,
951 4107 1018 4178 ἢν
1043 4107 1329 4161 ἐνεδύσατο
1357 4109 1421 4160 ὲκ
1451 4107 1668 4177 Μαρίας
1691 4107 1720 4159 ὁ
1750 4108 1962 4178 Σωτήρ.

396 4195 563 4248 Πόθεν
601 4196 661 4249 δέ
699 4196 862 4250 πάλιν
899 4197 1196 4269 ὴρεύξαντό
1237 4214 1380 4263 τινες
1417 4199 1541 4269 τσην
1577 4198 1830 4252 ἀσέϐειαν
1852 4202 1965 4262 τοῖς

394 4285 832 4357 προειρημένοις,
881 4288 1021 4343 ὥστε
1063 4291 1236 4343 εἰπεῖν
1284 4290 1360 4362 μὴ
1407 4289 1670 4361 νεώτερον
1719 4285 1858 4344 εἶναι
1903 4290 1966 4344 τὸ

395 4376 553 4447 σῶμα
577 4378 679 4448 τῆς
707 4379 801 4432 τοῦ
830 4380 1004 4448 Λόγου
1035 4380 1308 4451 θεότητος,
1351 4381 1489 4436 ἀλλὰ
1523 4381 1788 4435 ωναῖδιον
1815 4379 1966 4452 αύτῷ

392 4466 680 4530 διαπαντὸς
699 4467 1046 4537 γεγενῆσθαι,
1075 4470 1259 4540 ἐπειδὴ
1287 4471 1350 4523 ἐκ
1368 4468 1467 4540 τῆς
1487 4469 1681 4538 σοφίας
1703 4468 1962 4538 συνέστη;

393 4558 516 4622 Πῶς
539 4559 596 4612 δὲ
616 4560 710 4615 καὶ
735 4561 1094 4630 ἀμφιϐάλλειν
1122 4563 1426 4634 ἐτόλμησαν
1445 4564 1493 4615 οἱ
1521 4561 1805 4632 λεγόμενοι
1828 4562 1961 4632 Χριι

395 4649 618 4711 στιανοὶ,
653 4651 701 4702 εἰ
726 4651 755 4703 ό
782 4651 846 4703 ἐκ
878 4651 1096 4721 Μαρίας
1126 4651 1401 4722 προελθὼν
1426 4651 1652 4723 Κύριος,
1695 4650 1825 4715 Υίὺς
1861 4651 1960 4721 μὲν

391 4739 456 4806 τῇ
503 4737 660 4808 οὐσία
705 4739 798 4791 καὶ
848 4742 914 4810 τῇ
959 4740 1118 4806 φύσει
1155 4740 1250 4793 τοῦ
1293 4739 1427 4794 Θεοῦ
1455 4743 1595 4805 ἐστι,
1628 4739 1690 4794 τὸ
1726 4739 1784 4794 δὲ
1817 4740 1959 4794 κατὰ

394 4825 570 4894 σάρκα
593 4829 656 4880 ἐκ
687 4828 998 4899 σπέρματος
1028 4829 1190 4883 Δαὸίδ
1208 4832 1345 4898 ἐστι,
1375 4831 1575 4900 σαρκὸς
1595 4831 1650 4884 δὲ
1676 4831 1774 4900 τῆς
1796 4831 1957 4898 ἁγίας

391 4916 639 4986 Μαρίας;
667 4916 822 4982 Τίνες
864 4919 972 4990 ἄρα
1015 4920 1156 4973 οὕτω
1184 4921 1445 4992 τολμηροὶ
1473 4922 1779 4990 γεγόνασιν,
1815 4921 1957 4974 ὥστε

389 5007 559 5059 είπεῖν
584 5008 674 5061 τὸν
698 5009 928 5080 Χριστὸν
957 5012 1048 5064 τὸν
1078 5014 1238 5084 σαρκὶ
1268 5014 1528 5079 παθόντα,
1563 5015 1659 5068 καὶ
1681 5017 1957 5084 ἐσταυρω-

393 5096 574 5166 μένον,
614 5098 688 5168 μὴ
717 5095 857 5152 εἶναι
889 5102 1114 5172 Κύριον,
1149 5103 1243 5156 καὶ
1269 5105 1514 5176 Σωτῆρα,
1554 5105 1647 5158 καὶ
1673 5105 1827 5168 Θεὸν,
1860 5106 1955 5158 καὶ

391 5187 516 5241 Υἱδν
543 5189 637 5242 τοῦ
663 5191 902 5262 Πατρός;
933 5195 1000 5246 Ἢ
1022 5195 1137 5258 πῶς
1159 5197 1474 5266 Χριστιανοὶ
1497 5196 1738 5250 θέλωσιν
1758 5198 1956 5268 ὀνομά-

388 5276 576 5341 ζεσθαι
605 5280 654 5332 οί
688 5279 936 5350 λέγοντες
979 5286 1058 5348 εἰς
1097 5285 1382 5357 ἄνθρωπον
1423 5287 1595 5355 ἅγιον,
1625 5289 1702 5352 ὡς
1738 5289 1829 5342 ἐπὶ
1859 5289 1956 5344 ἕνα

385 5368 492 5422 τῶν
519 5371 836 5443 προφητῶν,
873 5374 1184 5445 ἐληλυθέναι
1210 5377 1299 5430 τὸν
1329 5379 1522 5446 Λόγον,
1562 5380 1655 5433 καὶ
1687 5380 1761 5451 μὴ
1792 5380 1954 5434 αὑτὸν

383 5459 667 5530 ἄνθρωπον
695 5463 997 5532 γεγονέναι,
1043 5466 1274 5520 λαϐόντα
1319 5470 1386 5521 ἐκ
1426 5470 1641 5540 Μαρίας
1675 5469 1736 5522 τὸ
1773 5468 1953 5540 σῶμα,

385 5549 498 5604 αλλ’
521 5551 705 5624 ἕτερον
731 5548 870 5610 εἶναι
892 5555 983 5608 τὸν
1003 5557 1254 5628 Χριστὸν,
1287 5560 1377 5612 καὶ
1403 5559 1559 5614 ἄλλον
1583 5552 1673 5614 τὸν
1699 5561 1792 5614 τοῦ
1817 5560 1952 5614 Θεοῦ

2059 3369 2193 3423 .ret?
2225 3369 2355 3424 item
2386 3371 2518 3424 illud
2547 3371 2748 3442 ipsum,
2784 3373 2935 3443 quod
2983 3374 3037 3429 in
3079 3375 3226 3446 ligno
3261 3377 3512 3432 suiIixum
3544 3389 3648 3447 est,

2065 3472 2174 3511 non
2211 3472 2413 3528 corpus
2445 3461 2754 3526 exstitisse,
2796 3461 2895 3518 sed
2935 3463 3298 3519 substantiam
3350 3467 3523 3535 ipsam
3555 3483 3652 3522 na~

2064 3558 2202 3605 tura}
2230 3553 2400 3609 totius
2427 3553 2712 3623 Opiﬁcem?
2740 3554 2875 3622 Quis
2905 3571 3030 3611 cum
3062 3557 3209 3612 istud
3244 3557 3452 3624 audiat,
3485 3575 3592 3614 non
3619 3575 3652 3617 ο

2066 3643 2258 3709 Maria,
2309 3644 2405 3700 sed
2447 3661 2514 3701 ex
2554 3647 2776 3718 propria
2801 3649 3108 3705 substantia
3140 3649 3236 3707 Dei
3275 3649 3512 3708 Verbum
3550 3653 3652 3710 οιι-

2067 3736 2287 3790 noxium
2321 3739 2564 3807 passioni
2594 3739 2700 3793 sibi
2717 3753 2926 3811 corpus
2945 3741 3241 3808 eﬂinxisse,
3269 3743 3648 3800 Christianum

2064 3827 2158 3898 qui
2190 3828 2304 3883 haec
2326 3828 2526 3885 dixerit
2559 3830 2897 3887 arbitretur?
2928 3831 3064 3899 Quis
3111 3837 3461 3891 exsecranda:
3498 3837 3648 3894 illius

2057 3916 2360 3987 impietatis
2403 3929 2596 3974 auctor
2637 3931 2742 3984 εει,
2778 3929 2839 3975 ιιι
2871 3923 3142 3991 ejusmodi
3175 3925 3424 3996 quaedam
3461 3926 3647 3982 animo

2063 4006 2370 4077 concipere,
2392 4009 2680 4080 auteloqui
2695 4011 2917 4065 minime
2937 4011 3267 4070 formidaret.
3282 4029 3409 4068 eum
3428 4017 3520 4085 qui
3536 4014 3647 4070 Do.

2065 4095 2328 4150 miuicum
2355 4114 2385 4153 e
2413 4099 2581 4154 Maria
2613 4115 2815 4170 corpus
2863 4119 2985 4159 esse
3029 4115 3218 4160 natum
3256 4117 3491 4173 asserat,
3533 4127 3644 4166 non

2066 4186 2410 4254 Trinitatem,
2449 4191 2542 4245 sed
2591 4195 3014 4262 quaternitatem
3059 4197 3329 4253 divinitati
3368 4200 3643 4256 tribuere?

2063 4277 2215 4334 Adeo
2246 4289 2302 4333 ut
2329 4282 2518 4350 quiitu
2550 4284 2812 4349 sentiunt,
2850 4300 3071 4342 carnem
3116 4289 3285 4354 illam,
3323 4306 3484 4361 quam
3523 4291 3643 4348 Sab-

2065 4378 2222 4427 vator
2245 4388 2278 4428 e
2310 4372 2478 4429 Maria
2509 4374 2738 4447 Virgine
2768 4382 3035 4450 suscepit,
3069 4397 3134 4437 ex
3167 4383 3283 4452 ipsa
3325 4385 3639 4443 substantia

2065 4461 2350 4520 Trinitatis
2376 4480 2500 4522 esse
2533 4467 2826 4524 fateantur.
2851 4469 2972 4525 Jam
2994 4486 3125 4528 vero
3153 4476 3426 4531 undenam
3452 4493 3639 4549 parem

2068 4553 2196 4609 huic
2225 4568 2291 4609 ac
2319 4572 2636 4627 germanam
2661 4562 2995 4631 impietatem
3017 4579 3270 4622 evomere
3302 4568 3391 4622 alii
3416 4569 3640 4640 quidam

2062 4645 2121 4699 in
2152 4647 2394 4701 animum
2428 4649 2785 4718 induxerunt,
2821 4655 2900 4709 uti
2925 4670 3124 4726 corpus
3159 4658 3337 4729 ipsum
3365 4676 3476 4716 non
3499 4662 3640 4717 divi-

2064 4737 2234 4793 nitate
2263 4738 2428 4794 Verbi
2457 4743 2752 4808 recentius,
2781 4745 2876 4800 sed
2899 4755 3232 4803 coteternum
3265 4766 3326 4806 ac
3373 4760 3638 4823 perpetuo

2061 4845 2186 4885 cum
2205 4831 2299 4887 illo
2315 4833 2669 4902 conjunctum
2685 4837 3438 4911 exstitisse999deilniant,
3460 4861 3637 4914 quarta

2063 4924 2354 4994 doquident
2409 4927 2482 4981 ab
2517 4927 2632 4998 ipsa
2678 4931 2944 4999 sapientia
2988 4935 3348 4990 constitutum
3391 4938 3508 4991 est?
3533 4935 3636 4994 Po-

2067 5015 2247 5069 tuitne
2273 5014 2603 5072 Christianis
2637 5018 2706 5072 ab
2739 5020 3054 5078 hominibus
3087 5023 3141 5077 in
3170 5024 3395 5078 dubium
3427 5026 3632 5091 vocari,

2062 5111 2380 5160 utrumnam
2412 5105 2678 5166 Dominus
2707 5121 2896 5168 noster
2925 5114 2994 5168 de
3022 5112 3194 5168 Maria
3218 5113 3439 5185 Virgine
3468 5125 3632 5174 natus

2061 5197 2368 5254 substantia
2407 5209 2712 5274 naturaque
2742 5203 2837 5261 Dei
2872 5204 3051 5262 Filius
3085 5207 3386 5273 exstiterit,
3434 5223 3636 5266 secun-

2061 5289 2190 5343 dum
2221 5305 2440 5348 carnem
2471 5309 2602 5350 vero
2632 5311 2664 5350 e
2691 5294 2912 5351 Davidis
2947 5298 3138 5366 stirpe,
3169 5312 3235 5352 ac
3268 5310 3634 5358 sacrosancta:

2064 5378 2301 5450 Virginis
2325 5397 2502 5439 Icanne
2533 5387 2861 5456 susceptus?
2900 5388 3132 5453 Quinam
3175 5404 3343 5459 porro
3382 5397 3532 5444 tanta
3551 5403 3634 5447 te-

2058 5473 2311 5529 meritete
2344 5482 2400 5530 et
2427 5477 2658 5532 audacia
2677 5477 2922 5544 luem,
2957 5487 3017 5533 ut
3039 5481 3316 5536 Christum
3353 5482 3504 5537 iHum
3541 5497 3632 5538 as-

2057 5573 2320 5633 sererent,
2353 5569 2446 5638 qui
2473 5568 2532 5622 in
2563 5583 2729 5624 eam
2759 5585 2977 5640 passus,
3018 5581 3071 5626 et
3106 5573 3159 5626 in
3203 5587 3422 5629 erucem
3471 5583 3629 5631 actus

455 5711 471 5741 '
504 5727 591 5779 η).
623 5711 960 5782 πραχθεῖσιν.
1041 5715 1060 5745 ³
1091 5713 1234 5770 Psal.
1258 5729 1416 5774 cxiii.
1445 5715 1513 5776 ις
1541 5730 1762 5781 cxxxlv,
1795 5716 1880 5770 15.
1957 5719 1967 5750 ³

2070 5720 2216 5777 ιὶιειε.
2249 5739 2313 5791 ιι,
2346 5723 2434 5779 15.
2510 5724 2532 5754 ⁸
2561 5722 2582 5778 Ι
2610 5721 2748 5779 Tim.
2788 5739 2862 5790 vr,
2893 5727 2947 5782 4.
3024 5725 3044 5757 ⁸
3069 5725 3176 5784 lsa.
3209 5743 3269 5794 It,
3291 5731 3344 5784 ὅ.
