3994 6224
379 312 479 367 ΓΠ
1773 302 1832 360 S.
1873 298 2216 357 ΕΡΙΡΠΛΝΙΙ
3582 288 3688 342 613

372 437 480 492 est,
515 441 621 481 non
653 440 774 482 esse
815 422 1130 487 Dominum,
1173 435 1238 476 ac
1278 419 1644 483 Sa'lvatorem.
1676 427 1730 473 et
1764 418 1955 481 Deum,

2084 415 2215 480 Γίὸν,
2243 414 2336 468 τὸν
2372 413 2478 485 πρὸ
2505 410 2725 483 Μαρίας
2754 408 2850 467 καὶ
2883 409 2991 483 πρὸ
3014 408 3224 464 αἰώνων
3247 407 3386 462 Υἱὸτ
3420 404 3571 458 ὅντα
3595 399 3695 453 τοῦ

374 515 660 585 Patrisque
683 514 920 568 Filium?
951 513 1200 580 Quonam
1227 520 1386 582 pacto
1407 509 1754 566 Christianos
1773 511 1957 580 appel-

2084 509 2313 581 1ατρός;
2350 511 2420 562 Ἢ
2461 507 2578 572 πῶς
2619 506 2939 577 Χριστιανοὶ
2971 501 3110 558 εἶναι
3134 505 3186 557 οἱ
3215 502 3493 572 λέγοντες
3529 493 3699 549 ἄλλον

374 604 478 658 lari
505 619 564 659 se
591 603 802 666 volunt,
841 601 936 672 qui
977 601 1033 655 in
1075 611 1328 656 sanctum
1379 598 1680 663 hominem,
1732 599 1956 668 perinde

2084 607 2155 657 :0v
2179 603 2310 656 Θεὸν
2342 597 2502 663 εἶναι,
2533 601 2628 654 καὶ
2657 599 2816 654 ἄλλον
2840 592 2980 652 εἶναι
3009 597 3099 651 τὸν
3127 596 3222 650 τοῦ
3252 592 3401 648 Θεοῦ
3431 591 3662 657 Λόγον;

375 705 435 753 ut
475 714 528 752 in
561 698 797 767 aliquem
827 697 895 752 de
924 696 1317 766 pr0phctarum
1366 709 1618 758 numero,
1665 693 1954 764 delapsum
1993 711 2117 754 esse
2147 696 2410 765 Verbum,
2456 711 2568 752 non
2602 695 2901 766 ipsummet
2941 692 3223 748 hominem
3275 688 3516 744 factum
3568 694 3702 738 esse

374 788 727 860 proﬁtentur,
775 803 899 843 cum
942 803 1006 841 ex
1052 787 1226 841 Maria
1274 801 1478 856 corpus
1526 785 1821 850 induisset,
1887 788 1984 842 sed
2043 791 2276 846 alterum
2327 805 2452 846 esse
2504 789 2808 853 Christum,
2853 786 3087 842 alterum
3132 783 3227 840 Dei
3281 781 3542 841 Filium,
3603 775 3701 844 qui

375 890 503 935 ante
533 880 782 944 Mariam,
817 888 872 934 et
901 887 1030 934 ante
1053 879 1254 933 saecula
1284 877 1469 933 omnia
1529 876 1704 932 Filius
1755 895 1821 933 ex
1873 877 2036 935 Patre
2073 882 2375 952 prodierit?
2421 886 2506 936 An
2556 894 2686 935 vero
2727 877 3035 934 Christiani
3081 890 3206 932 esse
3259 876 3549 946 possunt,
3603 865 3699 936 qui

374 972 544 1026 alium
579 985 702 1024 esse
741 968 936 1032 Deum,
989 968 1134 1022 aliud
1187 975 1241 1022 et
1294 969 1364 1022 ab
1411 967 1504 1022 illo
1544 967 1820 1023 diversum
1863 969 1958 1024 Dei
2001 971 2234 1028 Verbum
2265 971 2603 1043 praedicant?

448 1063 511 1118 V.
558 1061 683 1117 llaec
715 1062 770 1115 in
806 1061 916 1115 illis
949 1061 1360 1115 commentariis
1384 1062 1808 1117 continebantur
1840 1077 1966 1132 pro-

376 1156 632 1210 nuntiata
669 1154 908 1219 diverse,
946 1153 1040 1208 sed
1079 1168 1312 1224 quorum
1336 1169 1445 1208 una
1474 1155 1778 1225 eademque
1810 1170 1965 1211 mens

378 1258 526 1305 esset
563 1262 689 1302 cum
731 1247 1012 1316 impietate
1053 1246 1369 1316 conjuncta.
1397 1245 1696 1318 Propterea
1732 1247 1966 1302 disside-

382 1341 516 1396 bant
549 1354 578 1393 a
608 1355 667 1394 se
694 1340 949 1406 invicem,
983 1354 1048 1394 ac
1075 1341 1391 1410 pugnabant
1414 1340 1449 1393 ii
1473 1340 1567 1411 qui
1601 1356 1658 1395 se
1691 1340 1814 1395 ﬁdei
1839 1355 1968 1411 pro-

383 1431 624 1487 fessione
659 1445 687 1484 a
727 1429 988 1486 Patribus
1019 1431 1074 1484 in
1107 1429 1325 1486 Nic-aena
1361 1432 1573 1502 synodo
1602 1433 1821 1503 prodita
1851 1434 1969 1504 glo-

383 1525 618 1578 riantur.
649 1522 761 1594 Ego
799 1537 928 1577 vero
960 1523 1218 1592 pietatem
1258 1531 1408 1578 tuam
1443 1540 1772 1596 magnopere
1794 1525 1968 1581 demi.

381 1624 537 1671 ratus
582 1631 726 1680 sum,
777 1615 924 1685 quod
967 1615 1104 1671 istos
1146 1616 1396 1672 homines
1431 1618 1666 1674 tolerare
1703 1619 1962 1688 potuerit,

385 1722 566 1777 neque
619 1707 749 1760 talia
804 1707 1144 1776 jactantibus
1195 1709 1476 1764 silentium
1517 1710 1864 1779 imposuerit,
1907 1724 1972 1764 ac
2003 1703 2043 1757 Β

384 1800 529 1869 piam
566 1799 950 1870 sinceramque
979 1799 1102 1856 ﬁdei
1126 1801 1369 1870 regulam
1399 1801 1689 1868 obtulerit;
1724 1815 1830 1871 qua
1851 1802 1975 1872 qui-

383 1890 510 1945 dem
545 1890 730 1945 audita
771 1891 854 1946 vel
889 1891 1343 1961 acquiescerent,
1385 1891 1490 1957 vel,
1521 1892 1568 1948 si
1596 1891 1977 1948 contradicere

384 1983 632 2046 mallent,
689 1982 935 2038 haeretici
985 1983 1428 2039 nominarentur.
1484 1982 1621 2037 Nam
1679 1998 1802 2052 qua:
1847 1991 1976 2038 ante

385 2080 816 2127 commemorata
860 2081 1011 2136 sunt,
1052 2089 1230 2144 neque
1281 2073 1537 2143 proferri,
1580 2090 1759 2145 neque
1795 2074 1976 2129 audiri

385 2165 530 2233 apud
561 2163 908 2218 Christianos
942 2170 1197 2232 possunt,
1231 2163 1329 2218 sed
1361 2165 1432 2218 ab
1471 2164 1773 2234 apostolica
1801 2162 1975 2218 disci-

383 2254 532 2325 plina
568 2255 786 2324 penitus
831 2254 1152 2309 abhorrent.
1198 2254 1468 2320 Quocirca
1509 2255 1833 2310 eorumdem
1873 2270 1976 2326 ego

385 2344 664 2416 dogmata,
720 2345 1031 2415 cujusmodi
1089 2353 1220 2401 ante
1273 2347 1550 2416 proposita
1616 2353 1768 2411 sunt,
1826 2347 1976 2404 nude

385 2437 514 2493 huic
552 2439 797 2509 epistolae
827 2438 1122 2494 attexenda
1153 2440 1367 2502 curavi,
1406 2445 1467 2493 ut
1498 2439 1592 2510 qui
1629 2439 1746 2495 haec
1786 2441 1970 2496 solum

385 2531 642 2596 audierit,
671 2532 890 2586 illorum
915 2531 1201 2586 infamiam
1239 2531 1691 2602 impietatemque
1727 2541 1979 2587 contem-

384 2625 589 2694 ptetur.
621 2625 700 2678 Ac
733 2624 953 2678 tametsi
983 2637 1200 2688 eorum,
1233 2637 1264 2676 a
1284 2622 1486 2692 quibus
1513 2622 1824 2693 excogitata
1871 2622 1977 2678 ista

387 2723 536 2779 sunt,
563 2715 847 2786 turpitudo
875 2715 1126 2786 pluribus
1150 2714 1487 2776 accusanda,
1515 2728 1580 2768 ac
1603 2713 1978 2786 redarguenda

387 2805 658 2872 videatur,
693 2806 1056 2862 nihilominus
1083 2807 1201 2861 haec
1230 2805 1297 2860 ad
1322 2805 1571 2876 epistolae
1593 2804 1816 2860 modum
1842 2807 1978 2862 satis

386 2911 536 2963 esse,
585 2913 768 2968 neque
816 2897 1044 2956 uberius
1076 2896 1428 2953 scribendum
1468 2897 1806 2953 existimavi.
1839 2895 1978 2952 Nam

387 3005 511 3061 qua:
557 2999 667 3044 tam
713 2999 904 3060 aperta
952 2990 1199 3061 nequitia
1248 2989 1526 3060 implicata
1571 2997 1723 3053 sunt,
1771 2989 1979 3060 agitare

386 3080 786 3146 vehementius,
822 3095 887 3135 ac
917 3081 1197 3136 curiosius
1227 3080 1569 3150 perscrutari
1591 3094 1702 3134 non
1737 3088 1977 3150 oportet,

386 3188 460 3242 ne
486 3187 516 3226 a
543 3171 903 3227 contentiosis
935 3171 1252 3226 hominibus
1288 3185 1391 3241 pro
1419 3171 1606 3226 dubiis
1630 3179 1684 3225 et
1705 3169 1982 3240 ambiguis

390 3262 712 3322 habeantur.
762 3262 946 3328 Quare
976 3264 1029 3318 id
1062 3279 1233 3317 unum
1269 3263 1539 3318 adversus
1572 3262 1845 3331 ejusmodi
1881 3278 1981 3316 ex-

2142 1068 2218 1119 E’.
2252 1064 2439 1120 Ταῦτα
2467 1059 2537 1135 ἦν
2560 1066 2619 1117 ὲν
2641 1064 2754 1126 τοῖς
2787 1061 3179 1132 ὑπομνήμασιν
3205 1057 3511 1126 διαφόρως
3539 1052 3558 1082 ¹
3600 1050 3704 1121 μὶν

2072 1158 2354 1229 εἰρημένα,
2391 1157 2520 1228 μίαν
2549 1155 2607 1208 δὲ
2627 1155 2726 1229 τὴν
2749 1154 2987 1207 διάνοιαν
3019 1153 3112 1206 καὶ
3137 1150 3236 1222 τὴν
3265 1148 3458 1218 αὐτὴν
3491 1145 3705 1205 ἔχοντα

2074 1252 2212 1322 πρὸς
2234 1250 2489 1304 ἀσέϐειαν
2516 1248 2842 1319 βλέπουσαν.
2873 1244 2974 1298 Διὰ
2993 1243 3166 1297 ταῦτα
3188 1242 3579 1313 διεκρίνοντο,
3604 1237 3704 1290 καὶ

2073 1343 2393 1415 διεμάχοντο
2420 1341 2557 1413 πρὸς
2591 1339 2854 1410 ἀλλήλους
2893 1339 2943 1390 οἱ
2989 1334 3282 1405 αὐχοῦντες
3311 1332 3414 1385 ἐπὶ
3453 1332 3535 1400 τῇ
3565 1329 3703 1398 ὁμο-

2073 1435 2234 1506 λογίᾳ
2275 1435 2384 1488 τῶν
2412 1434 2672 1505 Πατέρων
2705 1431 2812 1485 τῶν
2843 1432 2902 1484 ὲν
2936 1429 3143 1500 Νικαίᾳ
3170 1426 3482 1498 γενομένῃ.
3554 1420 3706 1488 Ἐγὼ

2073 1529 2131 1583 δὲ
2169 1528 2268 1599 τὴν
2303 1526 2401 1599 σὴν
2440 1525 2732 1598 ἐθαύμασα
2777 1522 3090 1577 θεοσέϐειαν
3128 1518 3561 1590 ἀνασχομένην,
3607 1515 3704 1567 καὶ

2074 1621 2156 1675 ὃτι
2197 1619 2273 1692 μὴ
2309 1619 2534 1682 τούτους
2573 1617 2676 1689 μὲν
2719 1616 2926 1670 ἔπαυσε
2957 1612 3132 1668 ταῦτα
3162 1612 3456 1680 λέγοντας,
3495 1607 3611 1678 τὴν
3642 1606 3704 1659 δὲ

2073 1713 2275 1784 εὐσεϐῆ
2316 1712 2500 1766 πίστιν
2538 1709 2852 1782 παρέθηκεν
2883 1708 3091 1771 αὐτοῖς.
3134 1705 3223 1758 ἵνα
3258 1703 3292 1775 ἢ
3330 1699 3703 1762 ἀκούσαντες

2071 1804 2451 1876 ἡρεμήσωσιν,
2484 1801 2518 1873 ἢ
2546 1800 2922 1869 ἀντιλέγοντες
2950 1798 3027 1861 ὼς
3057 1794 3327 1867 αἱρετικοὶ
3347 1789 3703 1862 ὀνομασθῶ⁴

2075 1897 2151 1946 σι.
2177 1890 2260 1945 Τά
2287 1890 2398 1962 γὰρ
2441 1889 2822 1963 προειρημένα
2869 1886 2993 1941 οὔτε
3044 1884 3214 1940 λεκτὰ
3258 1883 3386 1937 οὕτε
3427 1881 3704 1936 ἀκουστὰ

2074 1982 2228 2055 παρὰ
2260 1982 2632 2054 Χριστιανοῖς,
2659 1981 2796 2035 ἀλλὰ
2821 1979 3079 2051 ἀλλότρια
3101 1976 3246 2032 κατὰ
3266 1977 3455 2031 πάντα
3479 1972 3701 2046 τρόπον

2073 2075 2174 2146 τῆς
2217 2072 2582 2144 ἀποστολικῆς
2617 2070 2970 2135 διδασκαλίας
3013 2068 3152 2124 ὲστί.
3202 2067 3300 2122 Διὰ
3335 2066 3520 2121 τοῦτο
3560 2063 3701 2133 γοῦν

2075 2166 2232 2236 κάγὼ
2251 2167 2318 2222 τὰ
2345 2168 2477 2238 παρ’
2504 2165 2749 2231 ἐκείνων,
2779 2165 2856 2228 ὡς
2879 2163 3118 2235 εἴρηται,
3141 2162 3368 2233 γυμνῶς
3390 2159 3699 2228 πεποίηκα

2076 2259 2423 2331 ἐγγραφῆναι
2471 2261 2539 2330 τῇ
2590 2257 2874 2329 ἐπιστολῇ,
2919 2257 3010 2310 ἵνα
3049 2257 3144 2309 καὶ
3185 2256 3345 2326 μόνον
3384 2257 3417 2308 ὁ
3463 2251 3698 2306 ἁκούων

2079 2347 2258 2419 θεωρῇ
2286 2347 2384 2418 τὴν
2414 2348 2472 2400 ὲν
2510 2345 2696 2410 αὐτοῖς
2730 2345 2995 2418 αἰσχύνην
3023 2345 3120 2399 καὶ
3151 2343 3432 2398 ἀσέϐειαν.
3484 2343 3610 2395 Καὶ
3643 2343 3694 2393 εί

2076 2439 2172 2494 καὶ
2199 2440 2306 2494 ἔδει
2331 2438 2421 2492 διὰ
2455 2437 2718 2492 πλειόνων
2751 2439 3100 2509 κατηγορεῖν,
3135 2436 3232 2490 καὶ
3253 2434 3572 2504 διελέγχειν
3590 2433 3695 2505 τὴν

2076 2531 2186 2587 τῶν
2211 2531 2386 2585 ταῦτα
2414 2528 2806 2601 διανοηθέντων
2845 2528 3131 2600 αἰσχύνην,
3158 2527 3295 2580 ἀλλὰ
3332 2526 3483 2599 [καὶ]
3516 2526 3692 2580 καλὸν

2075 2621 2182 2682 ἓως
2213 2619 2419 2674 τούτων
2449 2614 2587 2673 εἶναι
2635 2619 2736 2690 τὴν
2781 2617 3091 2689 ἐπιστολὴν,
3141 2617 3238 2670 καὶ
3287 2617 3461 2688 μηδὲν
3514 2617 3692 2670 πλέον

2077 2713 2332 2784 γράφειν.
2365 2712 2447 2765 Τὰ
2475 2711 2584 2783 γὰρ
2618 2710 2798 2775 οὕτως
2837 2710 3092 2780 φανερῶς
3129 2711 3463 2782 δεικνύμενα
3496 2708 3688 2779 φαῦλα

2077 2801 2378 2876 γυμνάζειν
2411 2803 2689 2868 ὲπιπλέον,
2731 2803 2825 2858 καὶ
2868 2802 3328 2876 περιεργάζεσθαι
3360 2803 3427 2856 οὗ
3456 2803 3568 2868 δεῖ,
3597 2803 3689 2854 ἵνα

2083 2895 2158 2968 μὴ
2189 2898 2304 2960 τοῖς
2345 2895 2746 2966 φιλονεικοῦσιν
2785 2896 2861 2960 ὡς
2895 2897 3176 2967 ἀμφίϐολα
3213 2895 3472 2967 νομισθῇ.
3506 2894 3687 2948 Τοῦτο

2085 2987 2246 3058 μόνον
2272 2987 2676 3059 ἀποκρίνασθαι
2706 2988 2844 3059 πρὸς
2871 2987 2941 3041 τὰ
2973 2987 3200 3041 τοιαῦτα
3253 2988 3346 3041 καὶ
3375 2989 3561 3041 εἰπεῖν
3585 2988 3686 3058 ἀρ-

2085 3081 2192 3142 κεῖ,
2228 3079 2310 3133 ὅτι
2339 3080 2440 3132 οὐκ
2479 3079 2595 3133 ἔστι
2625 3079 2800 3134 ταῦτα
2840 3081 2941 3151 τῆς
2985 3078 3279 3150 καθολικῆς
3321 3078 3682 3149 Ἐκκλησίας,

2086 3169 2207 3224 οὐδὲ
2233 3170 2408 3224 ταῦτα
2436 3171 2484 3224 οἱ
2514 3171 2758 3243 Πατέρες
2785 3171 3111 3241 ἐφρόνησαν.
3145 3171 3264 3226 Ἵνα
3293 3172 3349 3224 δὲ
3385 3172 3464 3242 μὴ
3492 3174 3561 3225 ἐκ
3583 3174 3684 3241 τῆς

2085 3259 2270 3312 τέλεον
2306 3262 2518 3330 σιωπῆς
2545 3260 2820 3332 πρόφασιν
2848 3261 3206 3332 ἀναίσχυντον
3236 3262 3453 3324 ἑαυτοῖς
3486 3265 3538 3315 oi
3569 3261 3686 3315 τῶν

390 3357 576 3425 cipere
629 3370 694 3409 ac
721 3354 1059 3424 respondere
1083 3353 1280 3409 sufﬁcit
1301 3373 1314 3409 :
1338 3370 1448 3408 non
1477 3367 1602 3408 esse
1625 3353 1739 3407 haec
1770 3353 1976 3423 1000

2089 3352 2276 3406 κακῶν
2316 3354 2609 3424 ὲφευρεταὶ
2643 3353 3001 3424 πορίσωνται,
3048 3353 3212 3409 καλὸν
3257 3357 3322 3408 ὲκ
3359 3354 3473 3409 τῶν
3517 3355 3682 3409 θείων

391 3445 652 3502 Ecclesia:
699 3447 986 3500 catholica:
1034 3445 1311 3517 dogmata,
1367 3460 1548 3516 neque
1584 3446 1729 3500 hunc
1761 3445 1976 3498 Patrum

2090 3442 2324 3514 Γραφῶν
2367 3443 2564 3511 ὀλίγων
2609 3442 3001 3514 μνημονεῦσαι.
3039 3443 3191 3515 Τάχα
3223 3442 3331 3516 γὰρ
3369 3444 3478 3498 κᾶν
3505 3443 3682 3506 οὕτως

390 3543 710 3591 nostrorum
737 3550 960 3591 sensum
988 3535 1292 3589 exstitisse.
1320 3533 1522 3589 Verum
1553 3549 1644 3602 ne,
1677 3534 1723 3590 si
1750 3533 1976 3588 omnino

2084 3535 2425 3600 αἰδεσθέντες
2489 3530 2787 3591 παύσονται
2840 3536 2948 3591 ἀπὸ
2990 3535 3098 3590 τῶν
3149 3537 3412 3609 ῥυπαρῶν
3465 3537 3680 3590 τούτων

392 3629 832 3694 dissimulavero,
863 3627 1301 3697 perniciosorum
1325 3627 1641 3697 dogmatum
1664 3627 1976 3682 inventores

2083 3629 2355 3684 ἐπινοιῶν.

394 3721 486 3777 isti
517 3721 868 3790 impudentiae
894 3737 1008 3778 suae
1033 3722 1326 3777 honestum
1349 3722 1585 3791 aliquem
1608 3721 1848 3776 colorem
1880 3721 2141 3788 habeant,
2178 3735 2354 3791 pauca
2399 3736 2430 3776 e
2481 3720 2660 3777 sacris
2698 3719 2924 3776 Litteris
2963 3719 3336 3790 expromenda
3395 3721 3683 3781 videntur,

391 3830 456 3870 ex
493 3815 694 3884 quibus
721 3814 931 3884 pudore
963 3814 1195 3886 forsitan
1227 3813 1406 3869 aﬁ'ecti
1441 3815 1510 3869 ab
1545 3814 1947 3870 sordidissimis
1979 3815 2089 3873 illis
2119 3817 2360 3871 inventis
2390 3815 2686 3885 aliquando
2722 3815 3056 3870 desciscent.

465 3902 555 3960 Vl.
594 3903 881 3961 Uudenam
924 3907 1093 3978 igitur
1117 3921 1388 3977 usurpare
1413 3907 1560 3962 istud
1585 3908 1744 3964 vobis
1775 3908 1830 3962 in
1862 3910 1983 3962 ani-

393 4011 545 4052 mum
573 3997 790 4062 incidit,
828 4013 1031 4068 corpus
1071 3997 1347 4054 divinitati
1387 3997 1551 4056 Verbi
1589 4016 1712 4057 esse
1751 4002 1977 4057 consub-

395 4091 694 4148 stantiale?
729 4089 869 4146 Hinc
905 4092 1052 4147 enim
1105 4093 1456 4163 potissimum
1505 4094 1752 4150 exordiri
1797 4095 1978 4165 juvat,

395 4190 476 4247 ut,
512 4198 578 4238 eo
605 4184 872 4240 convulso
909 4200 975 4239 ac
1006 4185 1360 4255 labefactato,
1389 4197 1589 4243 caetera
1621 4187 1849 4258 perinde
1878 4188 1982 4242 iui-

393 4273 591 4328 becilla
618 4283 1026 4330 monstrentur.
1054 4276 1191 4331 Nam
1222 4293 1253 4333 e
1287 4279 1464 4335 sacris
1495 4278 1718 4349 quidem
1752 4277 1980 4336 Litteris

393 4363 666 4432 ejusmodi
700 4367 838 4420 nihil
869 4368 993 4422 elici
1029 4376 1366 4441 potest,qua2
1386 4370 1627 4425 humano
1661 4371 1716 4425 in
1749 4386 1983 4441 corpore

397 4454 567 4511 Deum
603 4458 890 4514 exstitisse
922 4461 1248 4530 praedicant.
1283 4462 1354 4516 At
1376 4478 1507 4517 vero
1529 4462 1724 4518 Patres
1750 4463 1852 4528 illi,
1883 4464 1978 4534 qui

393 4545 592 4603 Nicaea:
625 4559 1020 4616 convenerant,
1051 4569 1160 4608 non
1191 4569 1418 4625 corpus,
1444 4556 1541 4612 sed
1561 4554 1759 4611 Filium
1791 4555 1974 4626 ipsum

395 4636 547 4692 Patri
579 4641 1107 4698 consubstantialem
1154 4660 1278 4701 esse
1315 4646 1598 4712 dixerunt,
1643 4662 1881 4716 eumque
1913 4647 1982 4704 de

395 4725 583 4784 Patris
615 4733 889 4801 prodiisse
921 4735 1255 4801 substantia,
1304 4752 1508 4808 corpus
1555 4753 1688 4794 vero
1734 4754 1764 4793 e
1809 4738 1980 4793 Maria

396 4832 720 4892 susceptum
751 4839 818 4879 ex
850 4840 1136 4882 sacrarum
1169 4827 1505 4884 Litterarum
1534 4831 1863 4886 auctoritate
1886 4831 1983 4886 de—

396 4922 609 4968 cretum
636 4921 742 4969 est.
768 4913 952 4981 Quare
973 4917 1057 4972 vel
1081 4916 1356 4974 Nicaenam
1382 4920 1653 4992 synodum
1680 4921 1979 4991 ejuratote,

396 5019 462 5058 ac
494 5011 758 5076 tanquam
801 5007 1048 5062 haeretici
1085 5009 1342 5081 dogmata
1387 5012 1492 5067 ista
1535 5012 1772 5083 jactate;
1807 5021 1902 5067 aut
1932 5011 1982 5068 si

397 5095 621 5152 Patrum
654 5115 777 5155 esse
810 5099 904 5154 ﬁlii
935 5101 1124 5166 vultis,
1155 5103 1294 5158 nihil
1323 5112 1526 5176 praeter
1555 5105 1672 5172 illa,
1703 5120 1826 5176 qua:
1846 5105 1984 5160 scri-

399 5198 650 5258 pserunt,
704 5191 806 5260 ipsi
843 5193 1193 5249 sentiendum
1239 5205 1510 5267 putatote.
1557 5196 1769 5253 Etenim
1813 5211 1979 5268 quam

397 5283 532 5337 illud
579 5285 878 5341 absurdum
920 5288 1014 5353 sit,
1050 5288 1136 5345 vel
1184 5291 1315 5346 hinc
1357 5291 1682 5347 existimare
1721 5290 1979 5361 potestis.

399 5371 456 5426 Si
483 5373 627 5428 enim
651 5373 890 5432 Verbum
916 5382 1160 5449 corpori,
1189 5381 1350 5451 cujus
1381 5390 1578 5437 natura
1609 5381 1679 5436 de
1706 5388 1859 5437 terra
1886 5379 1982 5435 de.

399 5461 564 5517 libata
589 5472 694 5533 est,
725 5468 1208 5528 consubstantiale
1231 5472 1326 5539 sit,
1356 5487 1482 5528 cum
1505 5487 1570 5527 ex
1601 5469 1828 5527 Patrum
1853 5485 1983 5525 con-

400 5551 640 5611 t'essione
671 5558 899 5626 perinde
927 5561 1003 5616 sit
1031 5561 1184 5620 Patri
1218 5562 1694 5622 consubstantiale
1713 5561 1978 5629 Verbum,

473 5707 493 5740 ³
539 5724 629 5776 γρ.
673 5708 1000 5781 ἀδιαφόρως.

2155 3911 2247 3977 ς’.
2279 3909 2450 3963 Πόθεν
2474 3910 2608 3980 ἡμῖν
2629 3907 2863 3979 ἐπῆλθεν
2895 3911 3091 3973 εἰπεῖν,
3119 3901 3166 3962 ὧ
3187 3903 3353 3972 οὗτοι,
3382 3908 3444 3962 τὸ
3473 3907 3672 3980 ὁμοού-

2089 4019 2204 4057 σιον
2230 3997 2372 4055 εἶναι
2417 4001 2479 4054 τὸ
2527 3999 2688 4071 σῶμα
2723 4000 2827 4071 τῆς
2859 3999 2954 4053 τοῦ
2995 4000 3169 4069 Λόγου
3213 3999 3500 4072 θεότητος;
3538 3999 3674 4053 Ἀπὸ

2087 4094 2196 4166 γὰρ
2223 4093 2415 4148 τούτου
2446 4093 2610 4147 καλὸν
2637 4091 2928 4160 ἄρξασθαι,
2955 4092 3063 4154 ἴνα.
3092 4092 3284 4146 τούτου
3314 4093 3669 4164 δεικνυμένου
3777 4083 3781 4087 ’

2089 4187 2312 4259 σαθροῦ,
2335 4187 2431 4240 καὶ
2456 4186 2636 4242 πάντα
2661 4185 2732 4240 τὰ
2755 4185 2892 4240 ἄλλα
2915 4186 3137 4240 τοιαῦτα
3157 4187 3363 4258 δειχθῇ.
3408 4186 3539 4240 Ἀπὸ
3571 4185 3672 4257 μὲν

2085 4273 2180 4331 οὖν
2211 4278 2321 4331 τῶν
2353 4277 2586 4348 Γραφῶν
2624 4278 2725 4332 οὐκ
2763 4277 2910 4332 ἐστιν
2949 4279 3151 4349 εὑρεῖν.
3194 4277 3326 4332 Θεὸν
3352 4279 3460 4350 γὰρ
3488 4281 3551 4332 ὲν
3578 4281 3669 4332 άν-

2089 4370 2347 4442 θρωπίνῳ
2384 4370 2597 4442 σώματι
2635 4371 2916 4440 γεγονέναι
2945 4371 3215 4439 λέγουσιν.
3252 4371 3412 4424 Ἀελλὰ
3436 4372 3546 4442 γὰρ
3578 4371 3668 4424 καὶ

2085 4464 2135 4516 οἱ
2161 4463 2404 4535 Πατέρες
2425 4464 2475 4516 οί
2499 4466 2558 4516 ὲν
2581 4463 2629 4516 Ν
2636 4463 2788 4534 ικαία
2816 4463 3163 4528 συνελθόντες
3184 4465 3245 4517 ού
3261 4463 3323 4516 τὸ
3349 4462 3528 4534 σῶμα,
3553 4461 3666 4515 ἀλλ’

2085 4555 2248 4609 αὐτὸν
2278 4555 2370 4609 τὸν
2405 4555 2535 4608 Υἱὸν
2563 4556 2852 4626 εἰρήκασιν
2883 4555 3167 4627 ὁμοούσιον
3191 4555 3286 4609 τοῦ
3309 4556 3542 4627 Πατρός·
3576 4555 3668 4608 καὶ

2085 4645 2274 4700 τοῦτον
2302 4646 2401 4716 μὲν
2432 4647 2494 4698 ὲκ
2515 4645 2618 4715 τῆς
2642 4646 2830 4710 οὐσίας
2853 4647 2951 4700 τοῦ
2981 4646 3215 4719 Πατρὸς,
3250 4646 3311 4699 τὸ
3339 4647 3396 4699 δὲ
3421 4647 3581 4716 σῶμα
3607 4647 3668 4698 ἐκ

2085 4737 2305 4810 Μαρίας
2344 4738 2689 4809 ὡμολόγηται
2729 4734 2871 4793 εἶναι
2913 4739 3076 4795 πάλιν
3111 4741 3254 4794 κατὰ
3289 4740 3387 4803 τὰς
3425 4739 3665 4812 Γραφάς.

2091 4830 2164 4883 ’Ἡ
2196 4829 2372 4884 τοίνυν
2410 4829 2721 4902 άρνήσασθε
2748 4831 2849 4901 τὴν
2877 4831 2936 4884 ἐν
2969 4832 3176 4904 Νικαίᾳ
3205 4831 3438 4896 σύνοδον,
3473 4832 3568 4884 καὶ
3595 4831 3668 4893 ὡς

2087 4922 2358 4995 αίρετικοὶ
2402 4925 2802 4995 παρεισφέρετε
2847 4924 3040 4979 ταῦτα·
3081 4925 3114 4992 ἢ
3151 4926 3198 4977 εί
3225 4922 3478 4994 βούλεσθε
3506 4922 3668 4976 τέκνα

2085 5011 2194 5066 τῶν
2222 5013 2480 5084 Πατέρων
2509 5011 2669 5082 εἶναι,
2715 5014 2789 5086 μὴ
2835 5018 3081 5087 φρονεῖτε
3125 5017 3256 5085 παρ’
3279 5016 3485 5074 ἐκεῖνα,
3528 5013 3666 5077 άπερ

2088 5103 2333 5176 ἔγραψαν
2361 5106 2534 5160 αύτοί.
2567 5107 2678 5160 Καὶ
2696 5107 2804 5178 γὰρ
2825 5109 2890 5160 ὲκ
2916 5106 3106 5160 τούτου
3137 5105 3196 5159 τὸ
3218 5105 3420 5160 ἄτοπον
3445 5105 3666 5175 θεωρεῖν

2087 5195 2236 5266 ἡμᾶς
2259 5195 2484 5262 ἔξεστιν.
2513 5198 2575 5250 Et
2595 5198 2879 5268 ὁμοούσιος
2901 5199 2930 5250 ὁ
2954 5199 3126 5267 Λόγος
3144 5197 3222 5268 τῷ
3243 5197 3459 5268 σώματι
3484 5198 3548 5249 ὲκ
3569 5196 3664 5264 γῆς

2087 5285 2264 5356 ἔχοντι
2280 5288 2380 5359 τὴν
2399 5287 2582 5358 φύσιν,
2599 5289 2884 5361 ὁμοούσιος
2903 5291 2958 5344 δὲ
2975 5291 3004 5343 ὁ
3020 5291 3191 5359 Λόγος
3211 5289 3290 5360 τῷ
3313 5291 3509 5360 Πατρὶ,
3529 5289 3660 5342 κατὰ

2087 5376 2186 5448 τὴν
2212 5378 2320 5431 τῶν
2343 5380 2601 5450 Πατέρων
2626 5381 2935 5452 ὁμολογίανο
2961 5379 3248 5452 ὁμοούσιος
3270 5378 3425 5432 ἐσται
3457 5379 3551 5431 καὶ
3574 5378 3660 5430 αύ-

2087 5469 2179 5533 τὸς
2204 5470 2233 5522 ὁ
2255 5471 2444 5544 Πατὴρ
2474 5471 2554 5543 τῷ
2589 5472 2802 5544 σώματι
2825 5473 2905 5544 τῷ
2928 5475 2992 5526 ὲκ
3019 5472 3126 5543 γῆς
3153 5469 3452 5542 γενομένῳ.
3483 5467 3595 5521 Καὶ
3614 5465 3666 5520 τί

2088 5561 2168 5616 ἔτι
2208 5564 2484 5634 μέμφεσθε
2517 5567 2630 5629 τοῖς
2669 5567 2968 5639 ’Λρειανοῖς
2997 5565 3216 5635 λέγουσι
3253 5562 3346 5617 τὸν
3380 5559 3508 5615 Υίὸν
3548 5555 3664 5614 ni-
