3994 6224
255 420 367 478 649
414 460 417 463 ν

830 410 1195 473 ΜΝΕΒδΙΙΞ
1234 413 1577 469 ΗίΕίζΕΞΕδ
1614 413 1739 467 LIB.
1783 411 1845 466 lll

1948 411 2080 468 'OM.
2122 409 2187 466 ll.
2227 442 2295 450 —
2338 408 2612 466 ll/EllES.
2656 408 2920 465 LXXVII.

3416 408 3521 467 650

265 548 395 602 ομα,
427 528 680 598 λέγωθτες
714 529 808 582 καὶ
830 530 983 582 αὐτοὶ
1021 530 1112 583 τὸν
1136 528 1356 601 Πατέρα
1403 528 1685 599 ὁμοούσιον
1726 531 1839 592 τοῖς

1948 526 2105 580 Pater
2156 526 2273 595 ipse
2322 533 2539 580 terreno
2594 526 2812 595 corpori
2867 522 3353 580 consubstantialis
3394 527 3522 581 erit.

256 622 546 693 κτίσμασι,
601 622 697 675 καὶ
747 624 826 685 εἰς
874 621 1070 691 ἑτέραν
1124 621 1381 675 ἀσέϐειαν
1431 620 1841 691 μετερχόμενοι,

253 714 565 783 φάσκοντες
618 714 698 776 είς
777 713 955 782 σάρκα
1035 712 1130 765 καὶ
1174 710 1336 763 όστέα
1382 710 1475 763 καὶ¹
1526 709 1718 781 τρίχας
1752 711 1844 762 καὶ

252 803 455 875 νεῦρα,
496 803 588 857 καὶ
618 803 740 856 ὅλον
774 802 931 872 σῶμα
965 798 1403 872 μεταϐεϐλῆσθαι
1423 799 1514 852 τὸν
1534 800 1724 868 Λόγον.
1754 800 1846 853 καὶ

254 893 527 965 ἠλλάχθαι
561 893 661 963 τῆς
697 892 832 955 ἰδίας
872 891 1118 961 φύσεως;
1158 891 1299 959 Ὥρα
1344 889 1452 960 γὰρ
1494 891 1668 943 εἰπεῖν
1700 892 1847 961 ἡμᾶς

255 985 513 1056 φανερῶς
554 985 618 1037 ὲκ
648 983 753 1054 γῆς
796 983 957 1036 αὐτὸν
993 983 1343 1055 γεγενῆσθαι.
1401 985 1495 1037 Ἐκ
1528 985 1632 1054 γῆς
1669 982 1841 1053 γὰρὴ

252 1077 369 1129 τῶν
410 1076 615 1130 ὀστέων
656 1076 751 1128 καὶ
782 1074 906 1128 ὅλου
934 1075 1028 1128 τοῦ
1070 1073 1324 1145 σώματος
1355 1075 1535 1145 φύσις.
1567 1075 1663 1138 Τίς
1691 1070 1785 1127 οὖν
1811 1076 1845 1145 ἡ

251 1166 500 1238 τοσαύτη
538 1166 959 1239 παραφροσύνη,
988 1166 1077 1220 ἵνα
1106 1167 1201 1219 καλ⁸
1227 1166 1363 1237 πρὸς
1394 1167 1620 1231 ἑαυτοὺς
1648 1166 1847 1238 διαμά-

253 1259 462 1330 χησοε;
500 1259 818 1330 Ὀμοούσιον
842 1259 941 1329 μὲν
963 1258 1214 1327 λέγοντες
1232 1259 1324 1312 τὸν
1337 1259 1509 1327 Λόγον
1536 1259 1619 1330 τῷ
1661 1257 1848 1330 σώμα-

254 1369 334 1417 τι,
362 1354 554 1423 ⁹έτερον
596 1352 731 1423 πρὸς
779 1352 967 1422 ἕτερον
997 1351 1314 1422 σημαίνετε·
1356 1351 1419 1404 τὸ
1458 1352 1515 1405 δὲ
1551 1353 1631 1417 είς
1666 1353 1844 1423 σάρκα

258 1444 725 1515 μεταϐεϐλῆσθαι,
746 1443 911 1499 αὑτοῦ
932 1444 1107 1513 Λόγου
1127 1444 1336 1515 τροπὴν
1353 1442 1711 1514 φαντάζεσθε.
1736 1443 1847 1498 Καὶ

251 1536 345 1600 τίς
374 1536 458 1589 ἔτι
485 1536 671 1591 λοιπὸν
699 1537 856 1607 ἡμῶν
876 1533 1123 1601 ἀνέξεται
1152 1534 1326 1589 ταῦτα
1357 1535 1452 1589 καὶ
1487 1535 1651 1606 μόνον
1680 1535 1848 1605 φθεγ-

253 1625 543 1697 γομένων;
584 1627 772 1697 Πάσης
806 1625 916 1697 γὰρ
961 1625 1226 1695 αἱρέσεως
1270 1624 1431 1678 πλέον
1471 1626 1551 1689 είς
1590 1625 1845 1680 ἀσέϐειαν

258 1714 596 1781 ὲξεκλίνατε.
638 1715 699 1767 Εἰ
745 1714 854 1785 γὰρ
900 1714 1184 1784 όμοούσιος
1227 1716 1256 1767 6
1293 1714 1466 1783 Λόγος
1498 1714 1578 1785 τῷ
1609 1713 1843 1786 σώματι,

256 1807 494 1877 περιττὴ
522 1807 623 1875 τῆς
657 1807 877 1877 Μαρίας
909 1809 941 1877 ἡ
977 1806 1167 1877 μνήμη
1208 1806 1359 1877 καὶὴ
1406 1806 1586 1877 χρεία,
1610 1806 1845 1877 δυναμέ-

1945 619 2065 685 Quo
2093 619 2313 689 quidem
2349 617 2674 679 constituto,
2705 617 2839 688 quid
2896 624 2980 673 est
3011 616 3155 685 quod
3179 616 3412 672 Arianos
3437 618 3524 673 in-

1945 711 2175 773 cusetis,
2209 710 2300 780 qui
2333 707 2533 763 Filium
2563 715 2871 762 creaturam
2903 724 3028 764 esse
3055 711 3377 773 detendunt,
3402 724 3526 765 cum

1944 818 2044 858 vos
2083 803 2187 872 ipsi
2235 802 2456 856 Patrem
2506 801 2778 856 creaturis
2827 803 3359 858 consubstantialem
3401 818 3527 859 esse

1945 892 2166 954 dicatis,
2198 900 2252 946 ct
2279 891 2346 944 ad
2378 891 2524 945 aliud
2556 890 2853 961 impietatis
2884 906 3057 962 genus
3086 892 3446 958 declinantes,
3472 894 3525 947 in

1944 998 2189 1047 carnem,
2221 998 2369 1044 ossa,
2404 984 2567 1052 pilos,
2603 998 2820 1046 nervos,
2856 989 3030 1035 totum
3067 983 3302 1054 denique
3324 1001 3528 1056 corpus

1945 1085 2272 1125 eunversum
2297 1087 2418 1126 esse
2440 1070 2681 1126 Verbum
2717 1078 2771 1125 et
2805 1085 2833 1124 a
2856 1078 3051 1124 natura
3079 1087 3176 1126 sua
3228 1074 3529 1131 descivisse

1948 1178 2270 1233 persuasum
2325 1164 2615 1219 habeatis?
2671 1162 2935 1234 Superest
2988 1165 3189 1233 itaque,
3225 1173 3284 1219 ut
3315 1183 3344 1222 e
3382 1177 3526 1223 terra

1947 1255 2276 1325 productum
2312 1272 2437 1311 esse
2472 1256 2712 1312 Verbum
2744 1257 2861 1311 sine
2894 1256 3350 1327 tergiversatione
3378 1258 3530 1313 dica-

1946 1346 2039 1401 tis.
2069 1344 2206 1400 Nam
2234 1361 2264 1401 e
2293 1355 2438 1401 terra
2471 1348 2678 1403 ossium
2714 1347 2997 1417 totiusque
3053 1348 3303 1417 corporis
3332 1358 3527 1403 natura

1946 1436 2336 1507 proﬁciscitur.
2378 1438 2639 1504 Quaenam
2679 1448 2764 1494 est
2800 1440 2915 1493 hac
2958 1446 3111 1491 tanta
3140 1438 3438 1504 dementia,
3472 1449 3528 1494 ut

1946 1529 2234 1584 vobiscum
2278 1529 2383 1600 ipsi
2431 1529 2723 1601 pugnetis?
2768 1529 3051 1601 Siquidem
3098 1544 3220 1585 cum
3286 1529 3530 1586 Verbum

1946 1620 2170 1691 corpori
2215 1622 2693 1677 consubstantiale
2738 1637 2862 1677 esse
2896 1622 3100 1684 dicitis,
3139 1621 3370 1677 alterum
3406 1638 3530 1678 cum

1948 1714 2124 1769 altero
2162 1714 2313 1769 velut
2351 1715 2632 1770 diversum
2668 1714 2980 1785 comparari
3012 1714 3354 1785 signiﬁcatis.
3392 1716 3528 1771 Cum

1948 1813 2131 1861 autem
2172 1806 2228 1860 in
2260 1821 2481 1861 carnem
2517 1822 2639 1863 esse
2673 1821 3002 1862 conversum
3040 1808 3313 1871 asseritis,
3351 1808 3531 1864 eidem

254 1917 354 1951 νου
389 1898 485 1952 τοῦ
518 1898 770 1970 σώματος
806 1897 903 1951 κα)⁸
941 1897 1048 1969 πρὸ
1078 1898 1175 1968 τῆς
1213 1898 1433 1969 Μαρίας
1467 1893 1607 1950 εἶναι
1637 1897 1841 1960 ἀῖδίως·

1952 1895 2136 1952 Verbo
2166 1898 2527 1953 mutationem
2563 1897 2838 1968 aﬁingitis.
2887 1897 3023 1965 Quis
3074 1899 3241 1969 igitur
3269 1901 3533 1970 deinceps

253 1990 452 2062 ὥσπερ
488 1986 582 2044 οὖν
618 1993 735 2044 ἐστι
775 1992 869 2045 καὶ
910 1990 1073 2075 αὐτὸς
1109 1992 1138 2043 ὁ
1176 1991 1370 2059 Λόγος,
1403 1990 1518 2057 εἴγε
1553 1990 1673 2043 καθ’
1701 1991 1846 2060 ὑμᾶς

253 2084 551 2154 ὁμοούσιός
576 2084 693 2137 ἐστι
717 2082 795 2153 τῷ
838 2082 1073 2153 σώματι.
1110 2082 1207 2145 Τίς
1245 2082 1303 2135 δὲ
1335 2081 1428 2135 καὶ
1473 2083 1505 2152 ἡ
1549 2081 1708 2153 χρεία
1745 2082 1846 2151 τῆς

1954 1986 2071 2041 lucc
2106 2003 2135 2041 a
2170 1988 2326 2043 vobis
2364 1989 2447 2042 vel
2479 2004 2613 2044 voce
2649 1997 2810 2044 tenus
2845 1991 3196 2060 pronuntiari
3226 1992 3535 2047 sustineat?

1956 2079 2066 2135 Vos
2114 2081 2261 2134 enim
2302 2081 2555 2136 haeresim
2599 2096 2819 2137 onmem
2867 2081 3149 2151 impietate
3201 2084 3530 2153 superastis.

256 2172 560 2243 ἐπιδημίας
588 2171 681 2225 τοῦ
714 2172 910 2241 Λόγου,
948 2172 1036 2225 ἵνα
1062 2171 1095 2243 ἢ
1121 2173 1183 2224 τὸ
1215 2170 1408 2225 ἑαυτοῦ
1442 2171 1725 2243 ὁμοούσιον
1760 2174 1846 2227 ὲν-

254 2264 557 2336 δύσηται,ἦ
587 2264 817 2336 τραπεὶς
841 2263 949 2319 ἀπὸ
978 2264 1078 2333 τῆς
1107 2264 1240 2327 ίδίας
1253 2262 1467 2332 φύσεως
1496 2263 1654 2335 σῶμα
1680 2264 1845 2335 γένη-

256 2372 384 2421 ται;
428 2355 501 2409 Οὐ
538 2355 648 2426 γὰρ
692 2354 831 2426 αὑτὴ
864 2355 1068 2426 ἑαυτῆς
1098 2355 1131 2426 ή
1160 2354 1353 2425 θεότης
1388 2353 1844 2426 ἐπιλαμϐάνεται,

1949 2370 2077 2410 cum
2129 2363 2256 2409 ante
2292 2354 2440 2408 illam
2494 2355 2657 2410 etiam
2709 2356 3104 2424 sempiternum
3160 2374 3363 2429 corpus
3412 2375 3535 2414 esse

256 2448 350 2502 ἴνα
374 2449 472 2503 καὶ
496 2447 559 2499 τὸ
575 2446 862 2515 ὁμοούσιον
888 2445 1063 2516 αὐτῆς
1084 2445 1393 2516 ἐνδύσηται.
1436 2445 1575 2499 Ἀλλ’
1598 2446 1719 2500 οὐδὲ
1738 2447 1845 2518 γὰρ

1950 2448 2207 2517 pctuerit,
2253 2446 2718 2517 quemadmodum
2756 2456 2809 2503 et
2840 2447 3078 2504 Verbum
3126 2451 3327 2521 ipsum,
3371 2451 3438 2517 si,
3478 2462 3535 2505 ut

257 2540 510 2611 ἥμαρτεν
541 2540 571 2591 6
604 2537 704 2600 τὰς
730 2538 907 2592 ἄλλων
948 2537 1224 2608 ἁμαρτίας
1262 2536 1627 2609 λυτρούμενος
1651 2538 1845 2606 Λόγος,

1952 2538 2232 2604 asseritis,
2275 2537 2495 2607 corpori
2540 2538 3013 2595 consubstantiale
3046 2540 3136 2596 sit.
3179 2540 3319 2607 Quid
3353 2548 3531 2595 autem

258 2632 351 2685 ἵνα
382 2630 611 2702 τραπεὶς
656 2630 737 2693 είς
789 2628 950 2700 σῶμα
984 2629 1175 2683 ἑαυτὸν
1223 2630 1365 2701 ὑπὲρ
1408 2629 1604 2683 ἑαυτοῦ
1653 2628 1845 2684 θυσίαν

1950 2629 2195 2685 Verbum
2222 2630 2328 2683 huc
2356 2630 2619 2686 advenire
2663 2647 2891 2687 necesse
2919 2631 3043 2696 fuit,
3071 2641 3129 2687 ut
3164 2635 3244 2688 vel
3278 2632 3353 2697 id,
3387 2634 3533 2703 quod

258 2721 611 2794 προσενέγκῃ
645 2722 738 2774 καὶ
769 2720 961 2774 ἑαυτὸν
995 2718 1364 2792 λυτρώσηται.

1948 2723 2057 2792 jam
2086 2722 2564 2778 consubstantiale
2595 2722 2699 2778 sibi
2733 2733 2874 2790 erat,
2914 2725 3189 2791 indueret,
3224 2727 3307 2780 vel
3340 2736 3532 2780 natura

256 2828 363 2868 sua
392 2821 685 2877 mutatum,
720 2828 926 2885 corpus
954 2812 1296 2869 efliccretur?
1321 2812 1438 2868 Non
1466 2814 1611 2869 enim
1639 2814 1994 2884 semetipsam
2032 2816 2295 2870 divinitas
2350 2816 2607 2881 assumit,
2666 2824 2724 2871 ut
2779 2818 2926 2889 quod
2984 2819 3089 2874 sibi
3167 2821 3535 2875 consubstan-

256 2909 393 2962 tiale
420 2915 505 2963 est
536 2908 755 2974 induat;
805 2923 980 2979 neque
1017 2907 1281 2973 Verbum,
1328 2909 1473 2980 quod
1504 2910 1680 2964 aliena
1710 2920 1937 2979 peccata
1992 2912 2196 2979 expiat,
2239 2921 2526 2982 peccatum
2560 2912 2731 2965 ullum
2792 2913 3036 2979 admisit,
3103 2923 3160 2968 ut
3226 2914 3283 2970 in
3333 2928 3535 2983 corpus

254 3013 587 3053 conversum
621 3000 861 3067 seipsum
888 3014 984 3068 pro
1010 3014 1069 3055 se
1097 3001 1353 3055 sacrificii
1394 3002 1570 3055 instar
1598 3002 1821 3057 offerret
1853 3018 1918 3057 ac
1950 3004 2307 3073 semetipsum
2341 3004 2657 3058 redimeret.

331 3088 406 3145 Z'.
460 3091 595 3144 Ἀλλ’
625 3092 725 3144 οὐκ
771 3092 919 3144 ἐστιν
949 3092 1144 3157 οὕτως,
1180 3094 1254 3164 μὴ
1298 3094 1540 3162 γένοιτ-οε
1575 3094 1845 3165 Σπέρμα-

2030 3094 2142 3149 Vll.
2186 3094 2368 3162 Quare
2401 3096 2561 3166 longe
2589 3095 2746 3149 aliter
2770 3111 2892 3152 sese
2922 3110 3010 3151 res
3037 3096 3199 3151 habet
3226 3114 3238 3150 :
3265 3094 3331 3149 Et
3359 3095 3533 3149 Abra-

256 3198 364 3249 τος
394 3182 505 3256 γὰρ
540 3184 788 3253 Ἀϐραὰμ
825 3184 1309 3255 ἑπμέαμϐάνεται,
1338 3187 1412 3252 ὡς
1446 3184 1598 3240 εἶπεν
1628 3190 1656 3241 6
1690 3188 1845 3240 ’Λπόε

1957 3180 2103 3234 hami
2150 3198 2321 3235 semen
2356 3181 2734 3251 apprehendit,
2767 3191 2826 3237 ut
2878 3184 3117 3255 loquitur
3162 3184 3464 3255 Apostolus
3492 3186 3531 3241 ³.

1952 2170 2160 2239 Quodsi
2197 2171 2436 2227 Verbum
2464 2175 2681 2244 corpori
2708 2174 3183 2229 consubstantiale
3203 2176 3295 2243 sit,
3324 2176 3529 2247 1001

1953 2277 2359 2331 supervacanea
2383 2271 2467 2318 est
2493 2263 2963 2319 Mariaamemoria
2988 2268 3168 2322 omnis
3213 2282 3276 2322 ac
3301 2266 3530 2329 functio,

258 3275 470 3337 στολος.
530 3275 694 3329 Ὅθεν
746 3275 946 3345 ὤφειλε
1000 3277 1143 3330 κατὰ
1200 3278 1378 3332 πάντα
1433 3282 1548 3342 τοῖς
1598 3280 1848 3349 ἀδελφοῖς

255 3366 618 3437 ὁμοιωθῆναι,
648 3368 744 3421 καὶ
768 3368 953 3421 λαϐεῖν
979 3371 1166 3439 ὅμοιον
1197 3372 1330 3441 ἡμῖν
1360 3369 1540 3441 σῶμα.
1568 3370 1668 3425 Διὰ
1691 3372 1850 3425 τοῦτο

258 3457 394 3526 γοῦν
438 3458 532 3510 καὶ
567 3459 854 3513 ὑπόκειται
883 3459 1101 3531 ἀληθῶς
1129 3463 1161 3532 ἡ
1211 3461 1421 3533 Μαρία,
1473 3462 1558 3515 ἵνα
1593 3462 1651 3529 ἐξ
1680 3463 1849 3533 αὐτῆς

255 3547 420 3601 τοῦτο
439 3548 598 3620 λάϐῃ,
621 3549 715 3603 καὶ
738 3549 812 3613 ὼς
831 3550 962 3603 ἴδιον
986 3551 1127 3623 ὑπὲρ
1148 3553 1180 3622 ἡ
1189 3552 1304 3622 μῶν
1324 3552 1458 3605 αὐτὸ
1481 3553 1845 3626 προσενέγκῃ.

256 3640 592 3712 Καὶταύτην
616 3644 644 3694 6
671 3641 769 3712 μὲν
806 3642 1030 3705 Ἡσαΐας
1064 3642 1422 3714 προφητεύων
1455 3643 1693 3697 ἐδείκνυε
1715 3685 1729 3710 ,
1762 3644 1850 3696 λέ-

256 3748 401 3800 γων’
431 3732 584 3787 Ἰδοὺ
610 3735 645 3802 ἡ
668 3734 964 3801 παρθένος
984 3735 1053 3787 ἐν
1074 3735 1286 3805 γαστρὶ
1308 3734 1446 3799 ἕξει.
1463 3736 1562 3789 καὶ
1587 3735 1817 3800 τέξεται
1832 3755 1845 3767 ·

256 3825 287 3875 ό
324 3823 380 3875 δὲ
420 3823 661 3895 Γαϐριὴλ
701 3824 1090 3878 ἀποστέλλεται
1131 3826 1267 3895 πρὸς
1302 3826 1492 3897 αὐτὴν,
1529 3827 1626 3896 οὐχ
1662 3827 1849 3891 ἁπλῶς

256 3914 399 3983 πρὸς
440 3915 727 3986 παρθένον,
749 3917 884 3971 ἀλλὰ
907 3916 1041 3987 πρὸς
1066 3918 1331 3989 παρθένον
1360 3936 1425 3989 με
1434 3919 1848 3990 μνηστευμένην

258 4007 437 4077 ἀνδρὶ,
482 4008 548 4060 ἵν’
578 4010 644 4060 ἐκ
674 4007 769 4061 τοῦ
803 4009 1115 4079 μνηστῆρος
1146 4009 1295 4082 δείξῃ
1329 4010 1429 4082 τὴν
1462 4010 1684 4081 Μαρίαν
1715 4011 1849 4082 ἀλη-

257 4097 370 4161 θῶς
405 4097 692 4169 ἄνθρωπον
725 4096 910 4153 οὖσαν.
941 4102 1052 4154 Καὶ
1090 4101 1180 4154 τοῦ
1212 4101 1420 4155 τίκτειν
1453 4100 1784 4173 μνημονεύει
1813 4104 1846 4174 ἡ

254 4192 475 4264 Γραφὴ,
521 4194 615 4246 καί
664 4210 861 4264 φησιν·
906 4194 1404 4264 Ἐσπαρτάνωσεν
1438 4195 1531 4248 καὶ
1577 4196 1847 4266 ἐμακαρί-

255 4284 415 4347 ζοντο
466 4284 661 4353 μαστοὶ
704 4283 796 4348 οὓς
845 4283 1099 4356 ὲθήλασε.
1141 4287 1251 4338 Καὶ
1295 4285 1644 4357 προσηνέχθη
1685 4285 1846 4339 θυσία

254 4376 333 4438 ὼς
357 4375 723 4443 διανοίξαντος
742 4377 836 4430 τοῦ
863 4377 1146 4448 τεχθέντος
1175 4378 1275 4447 τὴν
1313 4380 1546 4449 μήτραν.
1577 4378 1762 4432 Ταῦτα
1788 4378 1846 4431 δὲ

254 4465 438 4520 πάντα
476 4467 767 4539 τικτούσης
810 4465 877 4539 ἦν
923 4469 1200 4540 Παρθένου
1246 4471 1623 4542 γνωρίσματα.
1660 4471 1771 4525 Καὶ
1818 4474 1846 4525 6

1952 3271 2108 3328 Unde
2141 3274 2370 3329 fratrum
2423 3290 2646 3329 suorum
2684 3276 2880 3331 similis
2914 3276 2967 3329 in
3000 3277 3255 3330 omnibus
3288 3293 3408 3332 esse
3440 3277 3535 3332 dc-

1953 3363 2127 3427 buit’,
2155 3379 2259 3417 nec
2287 3363 2566 3419 diversum
2595 3380 2623 3417 a
2658 3365 2817 3420 nobis
2850 3381 3051 3436 corpus
3079 3381 3381 3422 assumere.
3402 3366 3534 3421 Pro-

1951 3455 2075 3510 inde
2102 3464 2156 3509 et
2182 3454 2351 3509 Maria
2380 3455 2558 3526 reipsa
2590 3472 2689 3513 nec
2715 3457 2967 3512 simulate
2999 3457 3297 3529 profertur,
3334 3475 3396 3514 ex
3428 3474 3533 3529 qua

1952 3560 2156 3616 corpus
2188 3547 2321 3599 illud
2350 3557 2610 3610 sumeret,
2642 3563 2706 3603 ac
2736 3559 2997 3619 tanquam
3024 3552 3301 3621 peculiare
3328 3560 3380 3605 et
3410 3566 3533 3624 pro.

1951 3637 2130 3707 prium
2159 3654 2258 3708 pro
2280 3639 2439 3694 nobis
2459 3640 2700 3696 offerret.
2730 3640 2985 3696 Eamdcm
3013 3644 3155 3697 illam
3181 3660 3343 3714 porro
3364 3643 3536 3701 Isaias

1951 3730 2223 3801 ejusmodi
2262 3731 2526 3786 vaticinio
2572 3733 2984 3788 demonstrabat
3017 3754 3029 3788 :
3073 3735 3207 3789 Ecce
3236 3738 3377 3807 virgo
3409 3753 3536 3790 con-

1951 3823 2126 3891 cipiet,
2152 3832 2201 3875 et
2225 3824 2395 3891 pariet
2416 3825 2469 3891 ³;
2498 3833 2609 3877 tum
2644 3824 2861 3880 Gabriel
2892 3826 2958 3880 ad
2990 3843 3108 3881 eam
3139 3829 3393 3894 mittitur,
3424 3844 3532 3882 non

1950 3914 2276 3985 simpliciter
2307 3916 2371 3969 ad
2405 3917 2697 3987 virginem,
2726 3919 2818 3973 sed
2852 3919 2917 3972 ad
2944 3934 3063 3972 eam
3094 3920 3381 3991 virginem,
3413 3936 3534 3989 qua:

1946 4005 2058 4075 jam
2090 4007 2209 4060 viro
2241 4006 2513 4077 desponsa
2554 4009 2729 4063 fuerat
2748 4010 2791 4075 ⁸,
2822 4018 2881 4065 ut
2918 4011 3033 4081 ipsa
3067 4012 3252 4081 sponsi
3290 4027 3533 4068 conme-

1950 4100 2259 4156 moratione
2306 4099 2534 4154 Mariam
2582 4118 2707 4157 vere
2740 4102 3015 4158 hominem
3061 4104 3231 4160 fuisse
3271 4104 3530 4166 declaret.

1949 4189 2089 4245 Hinc
2109 4199 2162 4245 et
2187 4193 2429 4261 pariendi
2458 4195 2661 4248 mentio
2687 4194 2739 4247 in
2769 4193 3053 4265 Scriptura
3083 4197 3247 4260 facta,
3267 4204 3321 4251 et
3346 4196 3533 4251 fasciis

1950 4283 2248 4339 invulvisse
2300 4285 2532 4349 dicitur,
2594 4293 2645 4341 et
2698 4287 2856 4341 beata
2907 4288 3275 4358 praedicantur
3340 4288 3532 4357 ubera,

1948 4392 2069 4446 qua:
2110 4376 2387 4431 lactarunt
2417 4378 2458 4432 ⁸.
2517 4378 2596 4432 Ac
2637 4378 2871 4449 denique
2907 4380 3235 4435 sacriﬁcium
3288 4382 3530 4437 ob'atum

1948 4472 2208 4535 tanquam
2242 4466 2320 4533 id,
2362 4469 2506 4537 quod
2553 4478 2739 4522 natum
2767 4480 2904 4534 erat,
2948 4472 3164 4525 vulvam
3203 4474 3529 4542 aperuisset.

255 4559 503 4631 Γαϐριὴλ
534 4560 591 4613 δὲ
644 4538 899 4629 ἁσιραλῶς
933 4538 1317 4633 εὐηγγελίζετο
1358 4538 1495 4633 αὐτῇ
1538 4562 1715 4631 λέγων
1746 4564 1845 4634 οὐχ

1952 4557 2083 4622 Qua:
2142 4558 2324 4611 omnia
2402 4560 2667 4629 parientis
2714 4559 2955 4632 Virginis
3022 4538 3253 4617 indicia-
3286 4564 3529 4620 fuerunt.

260 4651 468 4715 ἁπλῶς,
493 4650 563 4707 Τὸ
589 4651 965 4721 γεννώμενον
986 4654 1056 4706 ἐν
1074 4654 1197 4719 σοὶ,
1220 4654 1305 4707 ἵνα
1321 4654 1395 4725 μὴ
1426 4653 1625 4718 ἔξωθεν
1656 4656 1843 4708 ἐπεισ-

262 4743 532 4815 αγόμενον
562 4745 701 4817 αὐτῇ
740 4744 901 4816 σῶμα
958 4745 1267 4817 νομισθείη,
1299 4745 1415 4799 ἀλλ’
1469 4746 1539 4799 ἐκ
1586 4746 1723 4809 σοῦ,
1756 4746 1844 4800 ἵνα

262 4834 426 4903 φύσει
458 4836 519 4888 τὸ
547 4836 886 4908 γεννώμενον
917 4836 977 4903 ἐξ
1009 4836 1179 4906 αὐτῆς
1210 4832 1348 4891 εἶναι
1391 4836 1702 4911 πιστευθείη
1742 4855 1844 4907 φα-

254 4926 433 4999 νερῶς
453 4943 466 4956 ·
496 4931 590 4982 καὶ
624 4928 780 4982 τοῦτο
804 4930 902 5001 τῆς
940 4929 1156 4999 φύσεως
1188 4929 1562 5000 δεικνυούσης,
1606 4932 1682 4994 ώς
1710 4929 1841 4985 ἀδύ-

255 5034 416 5071 νατον
440 5018 600 5088 σῶμα
628 5018 903 5090 παρθένου
938 5018 1123 5089 φέρειν
1152 5020 1295 5088 γάλα
1321 5019 1395 5090 μὴ
1428 5018 1713 5090 τεκούσης,
1747 5023 1843 5077 καὶ

256 5110 521 5166 ἀδύνατον
563 5112 794 5180 γάλακτι
840 5115 1117 5185 τραφῆναι
1156 5113 1337 5183 σῶμα,
1385 5113 1479 5166 καὶ
1519 5128 1844 5184 σπαργανώ-

259 5204 442 5273 θῆναι,
483 5204 557 5275 μὴ
603 5207 870 5276 πρότερον
919 5209 1080 5275 φύσει
1138 5204 1348 5275 τεχθέν.
1393 5203 1564 5257 Τοῦτό
1611 5205 1729 5255 ὲστι
1781 5203 1844 5255 τὸ

257 5296 597 5369 περιτμηθὲν
628 5297 971 5369 όκταήμερον
995 5315 1008 5328 ·
1046 5297 1201 5350 τοῦτο
1231 5296 1456 5367 Συμεὼν
1487 5298 1565 5357 είς
1598 5295 1844 5365 ἀγκάλας

256 5388 507 5455 ἐδέξατοο
556 5387 716 5443 τοῦτο
766 5390 956 5458 γέγονε
1008 5388 1255 5452 παιδίον,
1298 5388 1393 5440 καὶ
1451 5386 1694 5458 ηὔξησε,
1749 5386 1845 5439 καὶ

252 5482 519 5553 δεκαέτης
548 5482 861 5551 γενόμενος,
893 5480 988 5535 καὶ
1017 5482 1097 5543 είς
1118 5480 1207 5533 τὸν
1236 5480 1559 5552 τριακοστὸν
1598 5478 1844 5531 ἐνιαυτὸν

253 5570 436 5643 ἦλθεν.
478 5574 554 5626 Οὐ
595 5573 723 5644 γὰρ,
760 5572 836 5637 ὥς
873 5589 1019 5635 τινες
1055 5571 1386 5643 ὑπενόησαν,
1419 5573 1451 5641 ἡ
1501 5570 1657 5623 οὐσία
1706 5569 1844 5639 αὑτὴ

251 5665 347 5718 τοῦ
391 5665 567 5735 Λόγου
596 5667 866 5737 τραπείσα
904 5663 1273 5735 περιετμήθη,
1316 5660 1672 5726 ἀναλλοίωτος
1709 5656 1845 5714 οὖσα

335 5856 350 5886 ³
382 5854 543 5911 llcbr.
570 5869 630 5921 ιι,
672 5853 757 5908 16.
836 5856 856 5886 ³
891 5852 1023 5909 ibid.
1058 5854 1139 5907 l7.

578 5952 847 6011 ΡΑτιιοι..
882 5950 999 6009 Gn.
1034 5949 1161 6010 XLI
1176 5950 1219 6009 1.

1948 4644 2031 4699 Ad
2080 4646 2195 4701 lucc
2235 4645 2455 4702 Gabriel
2494 4650 2611 4719 ipse
2644 4661 2803 4705 caute
2833 4667 2896 4706 ac
2937 4652 3235 4722 prudenter
3281 4655 3335 4708 in
3385 4654 3529 4709 felici

1946 4738 2041 4793 illo
2078 4739 2271 4795 nuntio
2338 4742 2668 4810 perferendo
2719 4744 2935 4799 locutus
2981 4754 3087 4801 est.
3144 4745 3331 4817 Neque
3380 4750 3527 4804 enim

1944 4830 2082 4885 dixit
2115 4851 2127 4886 :
2168 4832 2322 4899 Quod
2359 4843 2607 4888 nascetur
2642 4836 2697 4888 in
2727 4844 2795 4901 te,
2830 4852 2896 4891 ne
2924 4838 3269 4894 extrinsecus
3299 4841 3353 4895 in
3380 4842 3529 4895 illam

1942 4923 2227 4979 inductum
2250 4940 2453 4995 corpus
2501 4942 2626 4983 esse
2680 4936 2997 4998 putaretur;
3041 4931 3133 4986 sed
3160 4946 3224 4985 ea:
3253 4941 3301 4985 te
3323 4932 3528 4997 dixit“,

1948 5024 2008 5069 ut
2060 5015 2205 5084 quod
2259 5028 2618 5084 nasceretur,
2655 5035 2720 5074 ex
2762 5020 2879 5091 ipsa
2930 5022 3203 5092 prodiisse
3237 5025 3531 5080 manifeste

1948 5109 2285 5166 crederetur.
2321 5110 2632 5167 Praesertim
2667 5128 2791 5167 cum
2852 5114 2904 5169 id
2956 5125 3151 5171 natura
3210 5119 3375 5172 etiam
3411 5117 3529 5188 ipsa

1947 5199 2309 5265 demonstret,
2344 5218 2454 5257 non
2504 5218 2667 5275 posse
2706 5206 2937 5276 virginis
2974 5223 3193 5279 corpus,
3226 5226 3348 5278 qua:
3386 5225 3526 5265 non-

1947 5290 2076 5344 dum
2129 5295 2425 5363 pepererit,
2479 5295 2565 5350 lac
2615 5298 2941 5367 concipere;
2988 5309 3100 5354 tum
3142 5300 3314 5356 nihilo
3356 5306 3527 5375 magis

1948 5384 2063 5438 ﬁeri
2114 5400 2316 5455 posse,
2358 5396 2417 5441 ut
2457 5388 2598 5443 lacte
2636 5391 2940 5456 nutriatur,
2983 5401 3077 5444 aut
3112 5391 3299 5448 fasciis
3336 5395 3527 5450 obvol-

1946 5482 2107 5529 vatur
2136 5492 2337 5547 corpus
2373 5478 2530 5544 illud,
2561 5480 2707 5551 quod
2760 5481 2997 5535 naturali
3054 5491 3209 5551 partu
3256 5495 3381 5540 ante
3418 5502 3523 5541 non

1949 5568 2021 5621 sit
2068 5568 2123 5622 in
2178 5571 2351 5626 lucem
2384 5573 2613 5627 editum.
2647 5571 2791 5642 Ergo
2842 5573 2975 5628 illud
3026 5574 3205 5643 ipsum
3239 5586 3345 5637 est,
3383 5583 3521 5647 quod

1948 5670 2144 5716 octavo
2174 5661 2261 5717 die
2304 5658 2906 5728 circumciditur;idem
2938 5680 2968 5719 a
2998 5663 3255 5719 Simeone
3279 5662 3333 5717 in
3367 5665 3523 5722 ulnas

1222 5853 1241 5884 ³
1268 5850 1374 5909 lsa.
1400 5866 1493 5917 νιι,
1528 5848 1612 5906 14.
1696 5850 1716 5883 ⁸
1740 5847 1845 5905 Luc

1948 5896 1949 5903 η
1979 5848 2081 5918 27;
2116 5848 2246 5902 Luc.
2280 5862 2340 5913 ιι,
2376 5844 2431 5901 7.
2510 5842 2530 5874 ⁵
2556 5840 2694 5898 Luc.
2734 5854 2812 5908 χι,
2845 5840 2938 5897 27.
3017 5843 3037 5874 ⁸
3070 5840 3206 5897 Luc.
3235 5858 3274 5911 I,
3310 5845 3398 5901 55.

3170 5936 3252 5998 21
