3994 6224
511 365 622 426 (iiii

1896 361 1955 420 S.
1999 363 2090 418 ΕΡ]

2194 365 2336 420 ANII
3663 387 3744 442 δε),

527 489 848 552 exceptum;
894 483 1036 539 idem
1081 498 1220 554 puer
1261 481 1438 538 lactus
1492 489 1611 549 est,
1651 491 1705 540 et
1743 484 2012 549 adolevit.
2043 495 2090 543 et

2202 489 2293 542 καὶ
2329 488 2628 560 ἄτρεπτος·
2681 487 2934 558 λέγοντος
2985 487 3084 558 μὲν
3141 485 3314 540 αὑτοῦ
3355 487 3450 540 τοῦ
3497 487 3731 562 Σωτῆρος-

523 575 782 632 decennis
825 576 1034 640 evasit,
1069 583 1124 630 et
1158 575 1224 631 ad
1275 576 1617 630 tricesimum
1673 590 1878 631 annum
1925 593 2101 648 usque

525 667 769 736 pervenit
795 666 846 720 ¹.
883 664 1002 721 Non
1039 666 1212 730 enim,
1251 675 1313 720 ut
1349 665 1598 720 nonnulli
1643 667 1906 736 suspicati
1949 676 2098 734 sunt,

521 759 690 813 divini
715 755 880 812 Verbi
915 757 1224 812 substantia
1250 757 1370 827 ipsa
1397 763 1611 810 mutata
1637 757 1966 812 circumcisa
1993 767 2098 824 est,

517 866 640 922 quae
687 851 886 906 mutari
941 849 1303 920 convertique
1343 856 1612 920 nequeat,
1663 864 1788 905 cum
1849 849 2101 906 Salvator

519 942 636 1010 ipse
661 941 808 996 dicat
837 959 850 996 :
899 940 1109 1010 1002
1146 937 1343 996 Videte
1377 952 1485 1004 me,
1525 941 1784 1012 quoniam
1815 955 1915 1011 ego
1951 955 2096 1006 sum,

519 1039 576 1086 et
614 1045 724 1084 non
780 1044 904 1083 sum
959 1037 1200 1084 mutatus
1225 1031 1268 1085 ².
1302 1027 1508 1086 Paulus
1541 1045 1667 1084 vero
1708 1030 1782 1084 ita
1829 1029 2090 1100 scripsit:

518 1122 676 1178 Jesus
702 1122 945 1180 Christus
968 1124 1080 1178 lteri
1100 1133 1150 1178 et
1178 1124 1352 1188 hodie,
1375 1123 1512 1179 idem
1541 1125 1595 1179 in
1620 1124 1818 1180 sarcula
1835 1125 1876 1178 ³.
1894 1124 2094 1180 Verum

519 1216 576 1270 in
611 1230 677 1270 eo
710 1229 960 1286 corpore,
995 1215 1143 1286 quod
1182 1224 1236 1272 et
1273 1217 1664 1272 circumcisum
1697 1224 1782 1272 est
1819 1223 1873 1272 et
1914 1228 2096 1288 gesta-

521 1313 658 1367 tum,
688 1303 834 1373 quod
861 1304 1099 1358 comedit
1121 1310 1176 1358 et
1209 1302 1495 1374 fatigatum
1523 1311 1630 1370 est,
1663 1303 1720 1358 in
1751 1319 1916 1360 cruce
1946 1304 2096 1360 sulli-

2207 578 2372 632 Ἴδετέ
2409 595 2498 649 με,
2533 579 2614 632 ὅτι
2643 577 2754 648 ἐγώ
2781 579 2918 649 εἰμι,
2941 579 3036 633 καὶ
3077 580 3184 632 οὐκ
3235 577 3560 650 ὴλλοίωμαι·
3595 583 3676 636 τοῦ
3701 582 3745 637 ἃ

2207 671 2423 726 Παύλου
2490 671 2830 743 γράφοντος·
2891 672 3124 740 Ἰησοῦς
3191 670 3450 740 Χριστὸς
3509 673 3637 739 χθὲς
3671 679 3747 730 καί

2202 763 2488 832 σήμερον,
2519 766 2551 818 ὁ
2577 763 2766 830 αὐτὸς
2803 763 2900 820 καὶ
2941 766 3030 831 εὶς
3059 764 3208 830 τοὺς
3261 762 3499 830 αἰῶνας.
3540 765 3678 818 Ἀλλὰ
3703 769 3748 821 ἐν

2201 854 2281 924 τῷ
2308 855 2704 927 περιτμηθὲντι
2741 853 2976 925 σώματι,
3013 857 3108 910 καὶ
3151 855 3511 926 βασταχθέντι
3561 857 3646 909 καὶ
3669 875 3748 927 φα-

2201 946 2350 1016 γόντι
2401 949 2494 1001 καὶ
2537 949 2766 1019 καμόντι
2801 950 2896 1004 καὶ
2955 950 3016 1003 ὲν
3055 948 3230 1019 ,ξύλῳ
3273 946 3628 1017 καθηλωθέντι
3669 953 3740 1006 καί

2202 1035 2429 1091 παθόντι
2457 1033 2525 1108 ἦν
2557 1038 2588 1090 6
2616 1039 2834 1110 ἀπαθὴς
2859 1040 2953 1094 καὶ
2989 1038 3289 1110 ἀσώματος
3317 1037 3413 1090 τοῦ
3441 1037 3568 1090 Θεοῦ
3589 1039 3744 1108 Λόγος.

2201 1125 2372 1180 Τοῦτο
2397 1123 2466 1198 ἦν
2497 1129 2556 1182 ἐν
2585 1128 2664 1200 τῷ
2701 1130 2950 1200 μνημείῳ
2995 1128 3178 1193 τεθὲν,
3211 1128 3308 1181 ὅτε
3335 1125 3498 1190 αὐτὸς
3523 1128 3746 1202 ἐπορεύθη

2199 1219 2435 1292 κηρύξαι
2464 1220 2560 1276 καὶ
2587 1223 2702 1286 τοῖς
2739 1223 2798 1276 ὲν
2827 1222 3044 1293 φυλακῇ
3079 1220 3418 1291 πνεύμασιν,
3455 1220 3528 1284 ὡς
3565 1216 3694 1274 εἶπεν
3723 1224 3748 1276 ὁ

2204 1310 2428 1382 Πέτρος.

519 1412 647 1450 xum
679 1405 844 1468 atque
876 1413 1122 1467 passum,
1185 1396 1278 1452 Dei
1315 1397 1550 1452 Verbum
1598 1399 1794 1466 inerat,
1853 1400 2000 1469 quod
2065 1403 2343 1471 passionis
2401 1404 2626 1475 perinde
2685 1415 2848 1476 atque
2899 1403 3150 1474 corporis
3201 1411 3294 1458 est
3347 1417 3561 1472 expers.
3625 1401 3742 1460 Idem

517 1505 718 1560 corpus
745 1491 798 1544 in
833 1501 1184 1546 monumento
1209 1491 1518 1560 depositum
1552 1499 1671 1558 est;
1709 1509 1821 1562 quo
1855 1501 2098 1563 tempore
2136 1497 2370 1564 scilicet,
2402 1508 2464 1554 ut
2521 1499 2808 1570 spiritibus
2843 1499 2974 1564 illis,
3007 1497 3104 1568 qui
3171 1497 3232 1550 in
3273 1493 3528 1550 custodia
3563 1495 3740 1552 detines

517 1588 742 1650 bantur,
777 1586 1122 1657 prmdicaret,
1151 1588 1217 1641 ad
1249 1603 1346 1644 eos
1389 1590 1646 1655 accessit,
1680 1590 1756 1644 uti
1789 1589 1983 1646 Petrus
2015 1599 2246 1648 testatur
2266 1597 2308 1648 ⁸.
3341 1599 3344 1601 Α

587 1680 728 1738 Vlll.
763 1681 841 1736 Ex
879 1697 990 1752 quo
1024 1683 1240 1737 illorum
1277 1682 1623 1752 potissimum
1665 1683 1980 1740 declaratur
2007 1685 2095 1740 in-

514 1777 692 1840 sauia,
723 1776 816 1846 qui
849 1775 1088 1830 Verbum
1126 1773 1218 1830 Dei
1250 1775 1306 1828 in
1330 1789 1458 1830 ossa
1491 1790 1822 1847 carnemque
1849 1792 2094 1832 commu-

2273 1687 2352 1746 ﬂ'.
2391 1691 2457 1743 '0
2495 1689 2728 1760 μάλιστα
2757 1688 2995 1742 δείκνυσι
3019 1686 3118 1758 τὴν
3149 1681 3342 1738 ἄνοιαν
3366 1681 3475 1736 τῶν
3501 1683 3743 1751 λεγόντων,

2199 1783 2282 1846 είς
2315 1781 2476 1836 ὀστέα
2515 1784 2610 1836 καὶ
2647 1783 2828 1854 σάρκα
2869 1779 3172 1854 τετράφθαι
3205 1778 3302 1833 τὸν
3339 1777 3532 1846 Λόγον.
3575 1779 3628 1832 Et
3659 1778 3743 1849 γὰρ

515 1877 690 1922 tatum
743 1876 1022 1922 asserunt.
1064 1864 1200 1920 Nam
1238 1867 1286 1923 si
1333 1866 1409 1921 ita
1443 1867 1786 1939 contigisset,
1828 1885 2090 1940 superva-

2194 1875 2348 1929 τοῦτο
2377 1871 2468 1946 ἦν,
2491 1876 2591 1928 οὐκ
2620 1871 2688 1945 ἦν
2723 1873 2882 1945 χρεία
2914 1873 3184 1945 μνημείου
3206 1887 3222 1903 ο
3253 1873 3392 1926 αὐτὸ
3411 1871 3520 1942 γὰρ
3557 1869 3618 1924 ἂν
3641 1871 3742 1925 ἐπο-

511 1973 746 2014 eaneum
801 1965 1216 2013 monumentum
1308 1957 1441 2012 illud
1500 1957 1695 2014 fuisset
1749 1975 1764 2012 :
1823 1959 2094 2028 siquidem

515 2049 695 2119 ipsum
727 2064 825 2119 per
870 2063 994 2104 sese
1044 2063 1248 2120 corpus
1295 2047 1627 2118 praedicandi
1681 2048 1854 2119 gratia
1899 2049 1964 2102 ad
2000 2064 2094 2105 eos

513 2143 747 2212 spiritus
803 2141 1129 2204 accederet,
1189 2141 1283 2211 qui
1341 2141 1396 2194 in
1450 2139 1644 2195 inferis
1713 2139 2091 2194 versabantur.

515 2232 672 2286 Nunc
711 2239 891 2286 autem
947 2230 1284 2302 praedicandi
1321 2230 1439 2300 ipse
1469 2229 1646 2300 gratia
1689 2229 1757 2282 ad
1797 2243 1896 2284 eos
1940 2228 2093 2294 adiit,

513 2337 719 2392 corpus
751 2329 939 2376 autem
973 2320 1206 2376 sindone
1236 2320 1556 2374 obvolutum
1585 2317 1858 2388 Josepbus
1884 2318 1936 2372 in
1967 2315 2095 2372 Gol-

515 2414 680 2484 gotha
709 2413 963 2482 deposuit
993 2413 1013 2444 ⁸
1043 2431 1056 2466 :
1093 2419 1286 2480 estque
1338 2412 1514 2481 palam
1563 2411 1694 2464 illud
1729 2409 1986 2470 omnibus
2019 2409 2096 2462 fa-

517 2513 688 2569 ctum,
721 2502 960 2560 Verbum
998 2505 1178 2572 ipsum
1215 2517 1562 2571 nequaquam
1597 2517 1719 2557 esse
1746 2515 1968 2570 corpus,
1999 2501 2094 2556 sed

517 2595 585 2652 ad
625 2595 867 2651 Verbum
923 2609 1125 2664 corpus
1163 2594 1518 2664 pertinuisse.
1553 2591 1820 2648 Praeterea
1853 2591 2094 2648 Thomas

518 2687 652 2741 illud
699 2687 875 2756 ipsum
920 2700 1157 2754 corpus,
1199 2693 1554 2754 posteaquam
1599 2699 1629 2738 a
1679 2683 1909 2738 mortuis
1947 2684 2094 2738 exci-

513 2789 688 2834 tntum
729 2788 835 2844 est,
873 2779 1125 2834 manibus
1159 2780 1502 2842 attrectavit,
1533 2788 1588 2833 et
1631 2779 1684 2832 in
1718 2793 1782 2832 eo
1811 2779 2091 2833 clavorum

507 2870 798 2926 cicatrices
834 2874 1068 2940 aspexit,
1113 2883 1276 2939 quos,
1319 2885 1442 2923 cum
1473 2870 1528 2923 in
1556 2883 1784 2939 corpore
1810 2885 1910 2924 suo
1942 2869 2094 2925 sulli-

513 2975 612 3014 xus
640 2959 889 3024 vidisset,
929 2967 1128 3029 sponte
1174 2958 1461 3025 sustinuit,
1505 2975 1680 3029 neque
1729 2975 1854 3012 cum
1904 2969 2094 3031 posset

513 3052 803 3122 prohibete
839 3051 1048 3116 voluit;
1087 3051 1196 3105 imo
1230 3065 1357 3106 vero
1409 3051 1660 3121 proprias
1711 3051 1794 3106 sui
1840 3055 2091 3122 corporis

516 3142 835 3198 :itl‘t-ctiones
885 3143 1034 3197 velut
1085 3143 1170 3196 sui
1222 3141 1433 3213 ipsius,
1481 3143 1534 3195 in
1586 3156 1707 3197 sese
1744 3143 2088 3197 transtulit“.

2197 1966 2363 2039 ρεύθη
2393 1966 2462 2020 δι’
2503 1965 2699 2020 ἑαυτοῦ
2731 1965 2794 2018 τὸ
2837 1965 2998 2036 σῶμα
3045 1963 3288 2036 κηρύξαι
3317 1967 3430 2028 τοῖς
3473 1965 3531 2016 ὲν
3569 1963 3639 2032 τῷ
3661 1962 3740 2036 ᾄδῃ

2195 2056 2488 2128 πνεύμασι.
2529 2054 2645 2110 Νῦν
2687 2055 2744 2110 δὲ
2791 2055 2954 2118 αὐτὸς
2989 2055 3266 2127 ἐπορεύθη
3311 2053 3578 2125 κηρύξαι·
3616 2053 3670 2106 τὸ
3699 2053 3742 2106 δὲ

2198 2149 2356 2220 σῶμα
2385 2148 2567 2215 ἑλίξας
2615 2147 2814 2219 Ἰωσὴφ
2841 2145 3040 2200 σινδόνι
3057 2187 3073 2210 ,
3105 2147 3354 2200 ἀπέθετο
3381 2147 3440 2198 ὲν
3479 2145 3553 2214 τῷ
3581 2141 3738 2212 Γολγοι

2196 2238 2290 2309 θᾷ·
2327 2238 2422 2291 καὶ
2447 2235 2714 2290 δέδεικται
2745 2237 2910 2290 πᾶσιν
2931 2273 2946 2300 ,
2994 2235 3077 2288 ὅτι
3113 2235 3189 2306 μὴ
3233 2233 3302 2287 τὸ
3337 2231 3494 2302 σῶμα
3519 2228 3583 2302 ἦν
3613 2233 3640 2284 6
3663 2229 3740 2284 Λό-

2195 2345 2310 2399 γος,
2359 2327 2495 2382 ἀλλὰ
2536 2328 2695 2398 σῶμα
2737 2323 2806 2398 ἦν
2843 2327 2938 2381 τοῦ
2991 2325 3190 2396 Λόγου.
3229 2325 3345 2380 Καὶ
3377 2323 3530 2378 τοῦτο
3575 2323 3740 2394 Θωμᾶς

2197 2419 2432 2474 ἀναστὰν
2477 2421 2541 2471 ἐκ
2573 2417 2780 2490 νεκρῶν
2833 2417 3192 2488 ὲψηλάφησε,
3225 2416 3324 2470 καὶ
3367 2409 3501 2467 εἶδεν
3543 2415 3596 2466 ὲν
3621 2412 3740 2480 αὐτῷ

2194 2515 2322 2578 τοὺς
2346 2512 2550 2576 τύπους
2577 2511 2687 2566 τῶν
2716 2510 2883 2582 ἥλων,
2913 2509 3006 2573 οὓς
3041 2509 3342 2577 ὑπέμεινεν
3373 2504 3532 2569 αὐτὸς
3549 2506 3576 2558 6
3599 2503 3740 2572 Λόγος

2193 2603 2335 2678 ὁρῶν
2389 2601 2830 2676 καθηλουμένους
2880 2602 2938 2654 ὲν
2983 2598 3060 2670 τῷ
3111 2597 3334 2668 σώματι
3363 2597 3442 2666 τῷ
3477 2593 3618 2665 ἰδίῳ,
3664 2593 3738 2646 καὶ

2193 2696 2487 2768 δυνάμενος
2526 2693 2756 2748 κωλύειν
2815 2693 2916 2746 οὐκ
2959 2690 3272 2754 ἐκώλυσεν,
3315 2688 3451 2743 ἀλλὰ
3493 2687 3580 2742 καὶ
3637 2685 3738 2738 ίδιο-

2195 2789 2399 2841 ποιείτο
2417 2785 2487 2839 τὰ
2509 2783 2602 2838 τοῦ
2631 2782 2880 2855 σώματος
2903 2783 3009 2836 ῐδια
3051 2781 3126 2844 ὡς
3155 2778 3383 2846 ἑαυτοῦ,
3406 2780 3434 2832 6
3463 2775 3732 2846 ἀσώματος.

2206 2878 2420 2948 ’Λμέλει
2471 2876 2562 2931 τοῦ
2607 2875 2875 2947 ¹σώματος
2920 2873 3266 2943 τυπτομένου
3319 2869 3470 2942 παρὰ
3511 2866 3598 2920 τοῦ
3653 2865 3734 2918 ὐπ-

2193 2971 2409 3042 ηρέτου,
2443 2969 2518 3033 ὡς
2550 2968 2710 3032 αὐτὸς
2738 2968 2964 3036 πάσχων
3005 2965 3179 3034 ἔλεγε·
3223 2965 3286 3019 Tl
3323 2979 3402 3033 με
3431 2962 3640 3029 δέρεις
3662 2956 3738 3010 καὶ

2193 3062 2468 3130 ἄᾲαυστος
2495 3059 2570 3113 ὢν
2599 3061 2664 3130 τῇ
2695 3057 2876 3128 φύσει,
2911 3059 3061 3127 ὅμως
3081 3056 3240 3124 ἔλεγε
3257 3073 3272 3086 ·
3317 3053 3428 3109 Τὸν
3447 3051 3624 3105 νῶτόν
3638 3065 3736 3118 μου

2193 3153 2388 3206 ἔδωκα
2421 3154 2510 3216 εἰς
2541 3150 2860 3221 μάστιγας,
2887 3148 2984 3202 καί
3023 3146 3090 3200 τὸ
3135 3147 3468 3216 πρόσωπόν
3503 3159 3614 3213 μου
3644 3140 3734 3193 οὐκ

499 3236 877 3302 Quamobrem
933 3251 1056 3290 cum
1103 3239 1210 3289 boc
1239 3249 1270 3288 a
1322 3234 1555 3289 satellite
1585 3235 1901 3304 vapularet,
1934 3237 2089 3304 quasi

2194 3244 2544 3312 ἀπέστρεψα
2579 3241 2700 3296 ἀπὸ
2735 3239 3196 3311 ἐμπτυσμάτων.
3232 3240 3302 3292 ’Δ
3341 3237 3448 3308 γὰρ
3479 3234 3537 3287 τδ
3563 3229 3737 3302 ἀνθρὼ-

501 3327 628 3396 ipse
657 3335 938 3397 pateretur
965 3365 980 3392 ,
1019 3325 1158 3392 Quid
1205 3343 1307 3388 nte,
1342 3327 1542 3398 inquit,
1575 3327 1734 3380 ca'dis
1755 3327 1776 3359 "
1801 3328 1824 3381 *ἒ
1853 3343 2090 3399 cumque

501 3421 659 3488 ungi
689 3428 881 3472 natura
909 3433 1018 3472 non
1047 3424 1255 3487 posset,
1277 3416 1632 3474 nihilominus
1653 3417 1790 3473 dixit
1821 3437 1832 3472 :
1857 3418 2088 3474 Dorsum

512 3527 681 3562 meum
709 3509 830 3564 dedi
853 3511 906 3562 in
935 3510 1172 3580 ﬂagella,
1206 3519 1254 3562 et
1280 3509 1469 3576 faciem
1504 3525 1676 3562 meam
1719 3527 1822 3563 non
1855 3513 2020 3565 averti
2055 3529 2088 3565 a

511 3598 683 3663 sputis
705 3597 754 3652 '.
810 3596 942 3663 Qua:
987 3598 1132 3650 enim
1179 3596 1418 3650 humana
1468 3595 1636 3652 Verbi
1678 3607 1870 3654 natura
1915 3601 2088 3669 patie-

503 3688 708 3752 Lbatur,
743 3687 860 3743 bace
911 3689 1202 3758 ipsummet
1237 3687 1474 3743 Verbum
1523 3689 1580 3744 in
1629 3705 1752 3746 sese
1789 3691 2089 3748 transferre

513 3781 728 3845 voluit,
781 3789 838 3834 ut
891 3795 992 3834 nos
1046 3779 1351 3835 divinitatis
1407 3777 1567 3835 Verbi
1626 3773 2089 3852 participes‘csse

501 3887 818 3943 possemus.
843 3871 964 3938 Qua
998 3871 1052 3926 in
1093 3887 1152 3927 re
1187 3872 1463 3942 singulare
1510 3872 1642 3926 illud
1683 3871 1902 3939 accidit,
1945 3873 2086 3929 idem

505 3975 572 4020 ut
604 3968 817 4037 patiens
844 3972 994 4020 esset
1038 3972 1092 4018 et
1127 3963 1260 4018 nihil
1293 3963 1506 4033 patiens
1536 3983 1548 4018 :
1587 3963 1802 4034 patiens
1837 3965 2085 4034 quidem,

497 4059 654 4126 «quod
685 4057 966 4128 proprium
992 4057 1112 4125 ejus
1139 4065 1419 4127 pateretur
1440 4071 1644 4126 corpus
1675 4066 1728 4111 et
1755 4055 1809 4110 in
1847 4055 2087 4126 patiente

507 4151 627 4221 ipso
663 4151 953 4214 resideret;
988 4149 1120 4204 nihil
1170 4151 1383 4221 patiens
1432 4163 1582 4214 vero,
1621 4147 1766 4218 quod
1797 4163 1922 4203 cum
1951 4147 2088 4203 Ver-

511 4244 638 4296 bum
669 4250 864 4296 natura
899 4241 1042 4299 Deus
1071 4243 1164 4306 sit,
1193 4242 1262 4298 ab
1284 4242 1432 4297 omni
1485 4239 1728 4312 patiendi
1772 4239 2086 4297 conditione

507 4333 578 4384 sit
617 4333 878 4386 immune.
913 4331 1183 4397 Quocirca
1227 4331 1465 4387 Verbttm
1523 4331 1741 4402 quidem
1802 4331 1981 4400 ipsum
2030 4332 2084 4386 in

507 4425 718 4494 patibili
751 4440 978 4492 corpore
1035 4425 1426 4494 incorporeum
1476 4423 1614 4489 fuit;
1657 4437 1860 4492 corpus
1900 4431 2082 4478 autem
2129 4442 2138 4451 ·

499 4517 810 4587 impatibile
845 4517 1078 4570 Verbum
1123 4517 1314 4570 habuit
1357 4517 1408 4569 in
1465 4529 1608 4580 sese,
1642 4514 1785 4584 quod
1833 4513 1918 4570 sui
1959 4527 2086 4568 cor-

2198 3353 2348 3390 πινον
2373 3336 2578 3406 ἔπασχε
2605 3333 2698 3387 τοῦ
2727 3333 2924 3400 Λόγου,
2953 3330 3124 3386 ταῦτα
3141 3329 3323 3384 συνὼν
3349 3325 3495 3396 αύτῷ
3513 3325 3542 3378 6
3572 3321 3734 3389 Λόγος.

2195 3429 2274 3491 είς
2307 3425 2496 3480 ἑαυτὸν
2519 3425 2802 3496 ἀνέφερεν,
2830 3424 2916 3476 ἵνα
2937 3424 3099 3493 ἡμεῖς
3125 3421 3230 3492 τῆς
3261 3418 3358 3473 τοῦ
3389 3417 3555 3484 Λόγου
3581 3411 3736 3479 θεότη-

2194 3535 2286 3581 τος
2315 3517 2632 3588 δυνηθῶμεν
2683 3516 2996 3586 μετασχεῖν.
3051 3513 3162 3566 Καὶ
3209 3506 3285 3584 ἦν
3329 3503 3640 3580 παράδοξον,
3665 3501 3732 3554 ὅτι

2195 3607 2355 3670 αὐτὸς
2399 3603 2467 3678 ἦν
2509 3608 2538 3660 6
2595 3607 2819 3676 πάσχων
2859 3603 2954 3657 καὶ
2989 3601 3064 3674 μὴ
3100 3602 3361 3672 πάσχων·
3394 3598 3604 3667 πάσχων
3635 3589 3733 3663 μὲν,

2195 3700 2278 3753 ὅτι
2317 3699 2377 3753 τὸ
2421 3698 2548 3753 ἴδιον
2593 3696 2758 3750 αὐτοῦ
2814 3695 3016 3766 ἔπασχε
3075 3694 3237 3766 σῶμα
3279 3691 3373 3746 καὶ
3411 3691 3468 3742 ὲν
3513 3683 3645 3752 αὐτῷ
3669 3679 3734 3750 τῷ

2195 3790 2456 3860 πάσχοντι
2477 3785 2544 3860 ἦν
2568 3805 2580 3818 ·
2613 3787 2688 3859 μὴ
2718 3786 2942 3856 πάσχων
2967 3786 3045 3846 δὲ,
3073 3785 3156 3838 ὅτι
3193 3785 3261 3854 τῇ
3293 3781 3451 3850 φύσει
3477 3775 3598 3838 Θεὸς
3610 3771 3686 3860 tiri
3707 3769 3732 3821 6

2194 3859 2364 3950 Λόγος
2397 3859 2614 3950 ἀπαθής
2641 3880 2782 3931 ἐστι.
2825 3876 2927 3930 Καὶ
2957 3876 3122 3938 αὐτὸς
3153 3874 3257 3945 μὲν
3295 3870 3574 3942 ἀσώματος
3601 3859 3660 3934 ἦν
3685 3861 3732 3950 έν

2193 3949 2522 4044 τῷίπαθητῷ
2547 3949 2758 4042 σώματι
2780 3985 2796 4000 ο
2823 3969 2884 4021 τὸ
2907 3967 2962 4020 δὲ
2999 3967 3156 4038 σῶμα
3191 3965 3351 4038 ἔσχεν
3381 3963 3439 4016 ὲν
3481 3953 3638 4024 ἑαυτῷ
3657 3949 3732 4044 τὸν

2192 4063 2379 4134 ἀπαθῆ
2413 4063 2583 4131 Λόγον
2629 4039 2961 4130 άφανίζοντα
3003 4057 3104 4122 τὰς
3147 4055 3434 4118 ἀσθενείας
3469 4044 3619 4106 αὐτοῦ
3653 4039 3730 4134 τοῦ

2195 4133 2462 4225 σώματος.
2514 4153 2718 4206 Ἐποίει
2764 4151 2821 4204 δὲ
2861 4149 3020 4203 τοῦτο
3075 4149 3168 4202 καὶ
3206 4148 3417 4216 ἐγίνετο
3447 4139 3622 4203 οὕτως,
3659 4133 3730 4185 ἵνα

2190 4247 2259 4302 τά
2314 4246 2474 4318 ἡμῶν
2519 4245 2681 4308 αὐτὸς
2709 4244 3020 4314 δεχόμενος
3093 4242 3187 4296 καὶ
3243 4230 3611 4313 προσενεγκὼν
3664 4225 3730 4284 εἰς

2193 4339 2404 4403 Θυσίαν,
2453 4335 2786 4408 ὲξαφανίσῃ,
2823 4335 2915 4389 καὶ
2959 4333 3173 4398 λοιπὸν,
3218 4335 3333 4395 τοῖς
3374 4321 3556 4382 ἑαυτοῦ
3597 4331 3726 4408 “fl”:

2193 4425 2371 4480 ϐαλὼν
2395 4402 2576 4495 ἡμᾶς,
2607 4402 2812 4494 ποιήσῃ
2843 4423 2936 4476 τὸν
2985 4423 3306 4476 Ἀπόστολον
3341 4417 3534 4471 εἰπεῖν’
3557 4406 3646 4463 Δεῖ
3669 4402 3725 4495 τύ

2191 4491 2461 4585 φθαρτὸν.
2501 4514 2676 4568 τοῦτο
2711 4491 3082 4568 ἐνδύσασθαι
3131 4509 3472 4582 ἀφθαρσίαν
3493 4543 3510 4570 ,
3553 4495 3640 4554 καὶ
3667 4491 3722 4547 τὸ

503 4609 656 4678 poris
713 4609 1118 4666 imbecillitates
1171 4610 1565 4680 exstingueret.
1622 4607 1798 4677 Atque
1848 4608 1951 4663 hoc
2007 4621 2075 4663 eo

2194 4607 2401 4674 imrdr
2431 4605 2610 4660 τοῦτο
2639 4604 3013 4660 ἐνδύσασθαι
3047 4603 3409 4658 ἀθανασίαν.

507 4703 740 4756 consilio
793 4701 1046 4766 faciebat,
1104 4703 1286 4772 itaque
1342 4718 1400 4758 se
1454 4701 1658 4756 habere
1697 4700 1983 4763 voluerat,
2047 4707 2107 4754 ut
2163 4709 2351 4755 nostra
2388 4697 2720 4768 suscipiens,
2770 4707 2826 4750 et
2867 4697 2921 4750 in
2965 4695 3296 4752 sacrificium
3338 4689 3580 4746 oﬂ'ereus,
3617 4677 3718 4778 Ῐιξξν

506 4792 657 4848 ditus
704 4792 942 4858 deleret,
988 4809 1052 4847 ac
1099 4793 1316 4848 demum
1367 4793 1484 4848 suis
1531 4807 1634 4847 nos
1672 4790 2084 4861 quodammodo
2125 4791 2385 4855 vestiens,
2411 4791 2758 4846 occasionem
2789 4789 3054 4860 Apostolo
3083 4788 3240 4842 daret
3291 4787 3394 4840 ista
3446 4768 3716 4834 scribendi!

509 4889 720 4960 1003
791 4887 1006 4958 Oportet
1076 4888 1418 4959 corruptibile
1489 4888 1586 4944 hoc
1659 4886 1878 4940 induere
1949 4887 2440 4958 incorruptionem,
2498 4895 2550 4940 et
2609 4885 2834 4939 mortale
2921 4885 3016 4938 hoc
3099 4881 3311 4938 induere
3381 4865 3716 4931 immortalita—

503 5001 606 5040 tem
628 4988 672 5039 ⁹.

569 5081 662 5137 1X.
693 5081 826 5148 Qure
847 5078 1029 5135 omnia
1057 5091 1166 5132 non
1197 5077 1318 5133 ﬁcte
1353 5091 1418 5132 ac
1442 5076 1695 5134 simulate
1721 5083 1870 5145 gesta
1900 5085 2065 5130 sunt:

497 5174 721 5230 minimc
753 5173 992 5244 quidem,
1023 5181 1082 5226 ut
1113 5169 1360 5226 nonnulli
1391 5182 1674 5238 perperam
1715 5165 2073 5222 arbitrantur.

495 5266 606 5322 Sed
644 5281 768 5321 cum
818 5265 1068 5320 Salvator
1125 5277 1316 5320 verum
1356 5276 1416 5318 se
1473 5259 1695 5314 iecisset
1757 5258 2070 5322 hominem,

497 5358 671 5412 totius
702 5363 786 5412 est
825 5355 1062 5410 hominis
1105 5353 1256 5408 salus
1283 5359 1600 5407 consecuta.
1633 5347 1772 5403 Nam
1811 5349 1858 5404 si
1895 5349 2072 5404 simu-

499 5449 702 5504 latione
755 5450 870 5504 sola
925 5447 1200 5510 Verbum,
1233 5455 1292 5500 ut
1351 5443 1426 5497 illi
1487 5443 1766 5507 sentiunt,
1809 5447 1957 5495 esset
2011 5439 2067 5494 in

495 5555 751 5611 corpore,
783 5539 928 5610 quod
969 5549 1146 5593 autem
1177 5537 1524 5596 simulatione
1561 5549 1683 5590 esse
1713 5533 1828 5590 sola
1863 5531 2069 5588 dicitur

575 5695 592 5724 ¹
626 5691 758 5748 an.
788 5710 848 5756 It,
885 5693 948 5747 9.1
980 5708 1100 5762 sqq.

2247 5073 2324 5129 8’.
2357 5075 2432 5126 υύ
2451 5072 2595 5127 θέσει
2613 5073 2672 5128 δὲ
2693 5071 2867 5126 ταῦτα
2887 5072 3118 5140 ἐγίνετο,
3143 5069 3218 5142 μὴ
3239 5067 3471 5138 γένοιτοῐ
3506 5058 3575 5121 ὣς
3596 5063 3715 5112 τινες

2182 5165 2343 5220 πάλιν
2370 5165 2656 5219 ὑπέλαϐον.
2689 5163 2852 5218 Ἀλλὰ
2875 5165 3026 5228 ὄντος
3050 5163 3335 5234 ἀνθρώπου
3359 5151 3570 5225 ἀληθείᾳ
3588 5157 3713 5234 76V?-

2184 5255 2346 5325 μένου
2367 5255 2461 5308 τοῦ
2493 5255 2763 5326 Σωτῆρος,
2781 5255 2902 5308 ὅλου
2931 5253 3024 5307 τοῦ
3048 5230 3334 5324 ἀνθρώπου
3359 5241 3581 5314 σωτηρία
3613 5230 3712 5326 ἑτέ

2177 5321 2318 5399 vero.
2335 5345 2397 5398 Ei
2419 5345 2527 5416 γὰρ
2543 5321 2690 5398 θέσει
2709 5339 2778 5414 ἦν
2801 5345 2858 5396 έν
2879 5343 2958 5414 τῷ
2989 5321 3200 5413 σώματι
3220 5343 3247 5395 6
3266 5341 3431 5407 Λόγος
3450 5331 3559 5388 κατ’
3587 5321 3706 5379 ἐκεί·

2177 5453 2301 5500 νους
2315 5453 2328 5466 ⁸
2347 5436 2406 5488 τὸ
2421 5436 2474 5490 δὲ
2496 5435 2640 5489 θέσει
2657 5435 2947 5505 λεγόμενον
2967 5433 3238 5503 φαντασία
3253 5431 3394 5486 ἐστίν
3408 5445 3421 5458 ·
3435 5422 3704 5496 εὑρίσκεται

2175 5529 2392 5594 δοκήσει
2411 5529 2508 5581 καὶ
2537 5531 2570 5598 ὴ
2605 5527 2846 5600 σωτηρία
2871 5526 2967 5581 καὶ
2992 5527 3026 5598 ἡ
3055 5524 3349 5585 ἀνάστασις
3395 5517 3496 5574 τῶν
3519 5505 3704 5579 ἀνθρώ·

1188 5691 1208 5722 ²
1234 5689 1370 5745 Luc.
1405 5706 1554 5754 xxrv,
1591 5689 1680 5743 59.
1759 5687 1778 5719 ³
1813 5685 1975 5741 llebr.
2013 5700 2087 5737 xu

2194 5684 2231 5737 ς.
2310 5684 2370 5738 ⁸1
2408 5681 2550 5737 Petr.
2596 5699 2676 5746 ut,
2715 5683 2799 5739 19.
2879 5683 2899 5714 ⁵
2933 5679 3090 5737 Joan.
3123 5699 3238 5747 xrx,
3271 5679 3354 5736 '58.
3427 5670 3688 5728 ‘Joanﬁ,

497 5763 574 5819 94
597 5778 724 5830 sqq.
795 5764 815 5795 ⁷
853 5755 1200 5826 λοιμιϊνιιι,
1232 5760 1320 5815 25.
1397 5761 1418 5792 ⁸
1461 5759 1559 5815 lsa.
1595 5776 1647 5825 ι,
1681 5759 1734 5813 6.
1813 5759 1833 5789 θ
1865 5757 1881 5809 Ι
1908 5759 2035 5810 (lor.
2068 5771 2154 5820 xv,
