3994 6224
294 412 401 467 655

896 405 1270 465 δῖΝΙΞΒὸΠὸ
1304 400 1647 463 H/ERESES
1676 406 1803 462 LIB.
1842 406 1896 462 lll

2009 406 2125 463 ΟΜ.
2166 405 2599 464 ll.-—ll/ERES.
2641 405 2909 467 LXXVII,

3471 416 3573 475 65‘
3600 456 3611 465 -

298 550 420 584 των
472 529 779 601 λεγομένη,
832 529 976 583 κατά
1018 529 1112 583 τὸν
1141 529 1507 584 ἀσεϐέστατον
1565 530 1885 599 λίανιχαῖον.

2002 529 2379 601 imaginarium
2428 537 2553 594 est,
2608 544 2956 601 consequens
3003 541 3172 598 esset,
3207 540 3266 588 ut
3322 543 3374 590 et
3426 537 3573 591 salus

307 623 473 679 ’Λλλά
519 625 625 695 μὴν
661 624 723 677 οὐ
765 623 1039 694 φαντασίᾳ.
1078 623 1112 693 ἡ
1153 622 1397 693 σωτηρία
1441 621 1667 690 γέγονεν
1707 621 1886 691 ἡμῶν,

291 716 420 770 οὐδὲ
448 727 700 787 σωματος
732 715 916 786 μόνου,
950 714 1065 767 ἀλλ’
1096 714 1219 768 ὅλου
1246 714 1339 768 τοῦ
1376 712 1686 786 ἀνθρώπου,
1710 713 1890 783 ψυχῆς

293 813 395 864 καὶ
426 809 678 881 σώματος
715 809 933 879 ἀληθῶς
969 809 1027 862 ἐν
1076 806 1224 879 αὐτῷ
1273 808 1307 879 ἡ
1361 805 1607 877 σωτηρία
1645 802 1888 875 γέγονεν.

310 901 681 974 Ἀνθρώπινον
724 901 832 973 ἄρα
882 899 1045 969 φύσει
1097 898 1262 952 τὸ”ὲκ
1322 894 1563 971 Μαρίας,
1601 898 1742 951 κατά
1792 897 1893 960 τὰς

295 988 454 1055 θείας
501 990 765 1063 Γραφάς,
801 988 893 1043 καὶ
941 985 1194 1058 ἀληθινὸν
1259 986 1420 1058 σῶμα
1472 986 1568 1039 τοῦ
1618 985 1891 1056 Σωτῆρος.

312 1082 595 1156 ’Λληθινὸν
629 1085 687 1137 δὲ
723 1079 814 1154 ἦν,
848 1079 1038 1151 ἔπειδὴ
1057 1078 1254 1134 ταυτὸν
1278 1073 1345 1149 ἦν
1378 1076 1482 1150 [ὲν]
1514 1077 1592 1149 τῷ
1617 1076 1891 1148 ἡμετέρῳ.

312 1173 545 1244 Ἀδελφὴ
574 1173 683 1244 γάρ
710 1170 869 1243 ἡμῶν
901 1170 936 1242 ἡ
962 1169 1172 1241 Μαρία,
1203 1168 1327 1222 ἐπεὶ
1357 1166 1450 1221 καὶ
1473 1168 1674 1230 πάντες
1706 1167 1772 1220 ὲκ
1798 1164 1891 1219 τοῦ

315 1266 487 1337 ’Δδάμ
518 1267 709 1335 ἐσμεν.
742 1264 851 1317 Καὶ
878 1262 1039 1316 τοῦτο
1068 1261 1169 1315 οὐκ
1198 1260 1265 1315 ἄν
1289 1278 1373 1325 τις
1403 1259 1724 1331 ἀμφιϐάλοι,
1760 1276 1895 1330 μνη-

305 1359 455 1422 σθεὶς
487 1350 562 1412 ὧν
591 1356 828 1429 ἔγραψεν
861 1358 889 1409 ὁ
926 1354 1160 1417 Λουκᾶς.
1195 1351 1353 1407 Μετὰ.
1378 1352 1486 1423 γὰρ
1508 1351 1569 1404 τὸ
1595 1349 1893 1421 ἀναστῆναι

299 1449 366 1502 ὲκ
395 1447 507 1502 τῶν
534 1445 769 1518 νεκρῶν,
788 1443 1088 1499 δοκούντων
1114 1442 1275 1496 τινῶν
1298 1441 1373 1513 μὴ
1409 1443 1467 1495 ὲν
1489 1440 1567 1512 τῷ
1595 1441 1659 1494 ὲκ
1679 1439 1895 1513 Μαρίας

303 1541 519 1611 σώματι
554 1538 776 1609 βλέπειν
802 1537 893 1590 τὸν
917 1534 1144 1607 Κύριον,
1168 1534 1283 1588 ἀλλ’
1304 1533 1425 1587 ἀντὶ
1454 1532 1647 1587 τούτου
1676 1531 1895 1603 πνεῦμα

302 1630 552 1702 θεωρεῖν,
585 1629 804 1699 ἔλεγενο
851 1627 1032 1682 Ἴδετε
1061 1626 1170 1693 τὰς
1210 1625 1412 1696 χεῖράς
1455 1641 1575 1695 μου
1614 1622 1714 1677 καί
1752 1622 1896 1688 τοὺς

302 1724 496 1789 πόδας
515 1739 661 1792 μου,
702 1721 803 1777 καὶ
830 1720 975 1787 τοὺς
1004 1720 1234 1786 τύπους
1278 1717 1400 1771 τῶν
1440 1717 1627 1786 ἥλων,
1661 1717 1750 1770 ὅτι
1782 1715 1897 1787 ἐγώ

301 1818 421 1886 ειμι
460 1815 664 1881 αὐτός.
702 1812 1115 1884 Ψηλαφήσατε
1172 1810 1271 1866 καὶ
1312 1811 1498 1874 ἴδετε,
1536 1809 1626 1863 ὅτι
1658 1808 1896 1878 πνεῦμα

301 1908 504 1977 σάρκα
551 1907 652 1962 καὶ
694 1906 878 1962 ὀστέα
916 1909 1029 1963 οὐκ
1076 1905 1223 1975 ἔχει,
1262 1903 1459 1971 καθὼς
1488 1902 1594 1974 ἐμὲ
1629 1902 1897 1971 θεωρεῖτε

299 2004 541 2073 ἔχοντα.
587 2002 699 2056 Καὶ
741 2001 918 2056 τοῦτο
947 2001 1156 2065 εἰπὼν,
1184 1998 1501 2063 ὑπέδειξεν
1543 1995 1750 2063 αὐτοῖς
1785 1996 1892 2063 τὰς

304 2092 509 2161 χεῖρας
564 2091 664 2147 καί
712 2090 855 2159 τοὺς
896 2090 1109 2157 πόδας.
1163 2089 1257 2155 Ἐξ
1296 2082 1371 2144 ὧν
1417 2089 1510 2143 καὶ
1571 2087 1892 2158 ἐλέγχεσθαι

301 2186 467 2240 πάλιν
495 2184 749 2238 δύνανται
771 2186 819 2237 οί
851 2183 1224 2255 τολμήσαντες
1261 2182 1435 2235 εἰπεῖν
1464 2182 1544 2245 είς
1579 2180 1760 2252 σάρκα
1796 2179 1894 2233 καὶ

300 2277 468 2331 ὀστέα
497 2276 827 2347 ἠλλοιῶσθαι
854 2275 944 2330 τὸν
975 2275 1201 2349 Κύριον.
1234 2275 1309 2328 Οὐ
1354 2275 1464 2346 γάρ
1497 2269 1617 2327 εἷπε
1641 2290 1655 2304 ο
1684 2273 1892 2338 Καθὼς

300 2369 409 2438 ἐμὲ
446 2368 712 2438 θεωρεῖτε
740 2368 940 2436 σάρκα
968 2367 1066 2422 και
1100 2367 1284 2421 ὀστέα
1311 2366 1461 2432 ὄντα,
1504 2366 1619 2419 ἀλλ’
1644 2364 1888 2436 ἔχοντα,

302 2463 394 2515 ἵνα
430 2462 505 2532 μὴ
555 2461 718 2524 αὐτὸς
748 2461 777 2512 ὁ
810 2459 982 2528 Λόγος
1013 2460 1095 2523 εἰς
1138 2457 1311 2511 ταῦτα
1360 2456 1591 2528 τραπεὶς
1623 2457 1854 2529 νομισθῇ
1875 2498 1891 2522 ,

303 2553 422 2607 ἀλλ’
464 2551 627 2615 αὐτὸς
677 2550 818 2622 έχων
851 2549 1046 2617 ταῦτα,
1078 2551 1173 2603 καὶ
1222 2548 1329 2621 πρὸ
1366 2548 1460 2602 τοῦ
1492 2548 1758 2617 θανάτου,
1799 2549 1896 2602 καὶ

304 2642 450 2712 μετά
480 2643 582 2713 τὴν
615 2641 913 2695 ἀνάστασιν
942 2634 1081 2692 εἶναι
1108 2638 1394 2709 πιστευθῇ.

1996 620 2279 675 hominum
2330 636 2395 675 ac
2452 623 2787 678 resurrectio
2838 624 3071 694 imagine
3120 625 3236 681 sola
3279 635 3331 680 et
3381 627 3573 683 adum-

1995 712 2246 767 bratione
2302 711 2417 768 fieri
2457 713 2771 778 diceretur,
2812 730 2932 785 quas
2971 726 3055 771 est
3090 716 3242 789 impii
3291 718 3575 775 Manicltzci

1993 804 2284 859 sententia.
2316 804 2481 875 Atqui
2514 820 2623 859 non
2666 807 2783 861 sola
2824 808 3006 877 specie
3047 822 3363 881 comparata
3414 813 3576 869 nobis

1995 894 2144 948 salus
2178 901 2284 958 est,
2326 901 2421 948 aut
2465 894 2569 949 soli
2610 895 2814 950 tributa
2861 899 3102 967 corpori,
3151 901 3246 955 sed
3278 903 3373 956 toti
3418 903 3574 959 vidc-

1996 989 2123 1044 licet
2157 988 2385 1050 homini.
2436 988 2652 1053 animaa,
2698 989 2943 1061 inquam,
2975 999 3029 1045 et
3059 993 3273 1061 corpori
3311 994 3460 1050 salus
3487 1002 3578 1051 est

1997 1082 2176 1151 reipsa
2224 1082 2535 1137 conciliata.
2593 1081 2778 1152 Itaque
2826 1097 3027 1153 corpus
3062 1084 3195 1138 illud
3250 1083 3575 1156 Salvatoris,

1996 1174 2165 1244 quod,
2201 1182 2261 1229 ut
2307 1190 2478 1230 sacrae
2521 1174 2743 1231 Littera:
2772 1183 3068 1241 testantur,
3099 1193 3129 1233 e
3159 1177 3328 1232 Maria
3358 1180 3580 1236 desum-

1997 1275 2148 1337 ptum
2189 1274 2311 1335 est,
2359 1267 2656 1323 humanum
2730 1284 2794 1323 ac
2839 1285 3027 1325 verum
3083 1271 3311 1328 exstitit.
3353 1273 3576 1339 Verum,

1998 1357 2244 1427 inquam,
2280 1367 2590 1429 propterea,
2626 1359 2772 1429 quod
2806 1360 2948 1415 idem
2980 1364 3206 1417 omnino
3229 1380 3353 1418 cum
3386 1374 3581 1421 nostro

2000 1446 2122 1502 fuit.
2150 1446 2317 1502 Maria
2344 1449 2544 1519 quippe
2572 1465 2731 1505 soror
2764 1461 2952 1506 nostra
2980 1450 3098 1515 fuit,
3125 1468 3248 1508 cum
3279 1454 3350 1509 ab
3371 1454 3580 1511 Adamo

1996 1539 2265 1610 originem
2314 1554 2508 1596 omnes
2567 1542 2963 1611 acceperimus.
3019 1541 3206 1614 Neque
3257 1559 3385 1600 vero
3418 1546 3581 1602 dubi-

1997 1631 2222 1685 tandum
2255 1645 2317 1685 ea
2351 1632 2416 1686 de
2450 1646 2506 1685 re
2539 1632 2771 1701 putabit,
2807 1632 2852 1688 si
2886 1633 3009 1702 quis
3038 1649 3099 1688 ea
3124 1636 3432 1692 meminerit
3456 1652 3579 1705 quae

1997 1728 2127 1776 sunt
2166 1735 2195 1774 a
2219 1718 2367 1775 Luca
2398 1720 2627 1790 scripta.
2665 1719 2800 1773 Cum
2853 1722 2995 1775 enim
3043 1731 3164 1791 post
3196 1724 3342 1779 illius
3394 1740 3582 1779 resur-

1997 1815 2299 1870 rectionem
2344 1814 2595 1868 nonnulli
2648 1814 3085 1883 suspicarentur,
3136 1832 3242 1870 non
3299 1816 3353 1870 in
3387 1816 3579 1872 eodem

1930 1899 1969 1955 Β
2002 1906 2097 1960 illo
2136 1919 2391 1976 corpore,
2428 1906 2572 1974 quod
2608 1919 2930 1975 expressum
2963 1923 2994 1963 e
3034 1906 3203 1961 Maria
3249 1909 3443 1971 fuerat,
3477 1909 3583 1963 Do-

1999 1997 2212 2051 minum
2281 2011 2402 2052 sese
2459 1999 2752 2063 contueri,
2802 1999 2897 2053 sed
2964 2000 3087 2068 ejus
3152 2001 3272 2054 loco
3327 2001 3579 2070 spiritum

1998 2089 2206 2155 oﬂerri,
2226 2089 2306 2145 sic
2340 2103 2436 2143 eos
2459 2088 2730 2145 allocutus
2759 2096 2845 2145 est
2883 2108 2895 2144 :
2930 2089 3109 2144 Videte
3133 2107 3321 2144 manus
3351 2100 3399 2145 et
3425 2092 3580 2160 pedes

1998 2196 2164 2244 meos,
2194 2188 2244 2235 et
2286 2182 2502 2250 vestigia
2542 2180 2830 2247 clavorum,
2871 2182 3118 2252 quoniam
3151 2198 3243 2252 ego
3281 2198 3397 2236 sum
3432 2183 3580 2251 ipse;

1995 2272 2208 2343 palpate
2248 2282 2296 2327 et
2332 2272 2517 2336 videte,
2588 2275 2837 2343 quoniam
2878 2274 3096 2342 spiritus
3130 2290 3345 2328 carnem
3380 2285 3428 2328 et
3459 2291 3580 2329 ossa

2000 2383 2105 2420 non
2141 2367 2332 2429 habet,
2384 2367 2521 2419 sicut
2568 2380 2648 2421 me
2693 2366 2878 2421 videtis
2921 2367 3129 2421 habere.
3174 2366 3377 2433 Quibus
3423 2367 3581 2422 dictis

2003 2457 2236 2512 ostendit
2276 2459 2384 2513 illis
2433 2474 2624 2513 manus
2651 2467 2699 2513 et
2730 2458 2948 2528 pedes'.
3001 2458 3079 2513 Ex
3132 2475 3240 2529 quo
3272 2459 3347 2513 illi
3394 2459 3583 2514 redar-

2000 2557 2263 2621 guuntur,
2301 2550 2394 2621 qui
2442 2550 2728 2606 Dominum
2756 2552 2807 2605 in
2831 2566 3050 2606 carnem
3078 2559 3132 2606 et
3162 2567 3288 2607 ossa
3314 2559 3581 2606 nmtatnm

2003 2655 2127 2697 esse
2174 2640 2446 2696 atlirmare
2493 2657 2602 2697 non
2653 2642 2925 2696 dubitant.
2972 2641 3157 2711 Neque
3213 2642 3358 2697 enim
3401 2641 3581 2698 dixit:

303 2737 767 2805 Quemadmodum
792 2753 871 2792 me
900 2752 1117 2791 carnem
1159 2744 1208 2790 et
1244 2752 1368 2790 ossa
1405 2735 1590 2791 videtis
1625 2750 1771 2799 esse,
1814 2735 1909 2791 sed
1948 2736 2159 2802 habere,
2209 2754 2277 2795 ne
2340 2737 2577 2794 fortasse
2637 2736 2873 2793 Verbum
2926 2737 3103 2808 ipsum
3156 2737 3210 2792 in
3270 2737 3584 2793 istiusmodi

302 2850 634 2891 conversum
668 2849 793 2892 esse
824 2842 1130 2905 putaretur,
1162 2831 1259 2888 sed
1289 2840 1351 2887 ut
1396 2846 1463 2911 ea.
1509 2832 1778 2887 duntaxat
1825 2840 1882 2888 et
1942 2841 2070 2890 ante
2102 2844 2331 2892 mortem
2362 2843 2416 2891 et
2459 2844 2583 2905 post
2638 2834 3101 2890 resurrectionem
3157 2833 3416 2888 habuisse
3466 2847 3588 2887 crc-

343 2940 488 2982 atur.

302 2928 488 2983 datur.

376 3023 434 3078 1'.
476 3019 695 3074 Τούτων
727 3020 785 3073 δὲ
831 3017 1006 3082 οὕτως
1036 3017 1268 3088 ἑχόντων
1299 3016 1399 3089 τὴν
1445 3015 1721 3081 ἀπόδειξιν
1743 3056 1761 3082 ,
1791 3033 1893 3070 πε-

307 3113 490 3185 ριττὸν
537 3112 619 3165 ἐτι
664 3110 772 3164 τῶν
814 3110 989 3165 ἀλλων
1043 3110 1312 3165 ἅπτεσθαι
1345 3110 1440 3163 καὶ
1480 3109 1779 3180 γυμνάζειν
1843 3128 1899 3164 τι

2075 3011 2144 3067 Χ.
2197 3011 2292 3068 His
2338 3011 2409 3066 ad
2460 3027 2586 3068 eum
2628 3012 2849 3067 modum
2901 3014 3293 3084 comprobatis,
3339 3016 3407 3071 de
3462 3016 3587 3073 aliis

2012 3103 2200 3159 dicere
2226 3118 2691 3172 supervacaneum
2718 3110 2826 3165 est,
2851 3113 2944 3157 aut
2973 3104 3182 3175 agitare
3213 3105 3544 3176 disputando
3564 3145 3583 3175 ,

304 3205 438 3278 περὶ
465 3203 676 3259 αὐτῶν·
728 3204 822 3257 τοῦ
877 3202 989 3275 γὰρ
1028 3202 1311 3273 σώματος,
1347 3204 1406 3256 ὲν
1451 3195 1496 3271 ᾧ
1541 3198 1609 3273 ἦν
1647 3204 1677 3255 ὁ
1707 3202 1896 3272 Λόγος,

2005 3209 2131 3250 ειιηι
2200 3209 2402 3265 corpus
2472 3194 2528 3249 in
2593 3209 2704 3265 quo
2758 3194 2998 3251 Verbum
3065 3196 3264 3263 inerat,
3312 3197 3583 3253 divinitati

310 3299 388 3370 μὴ
419 3298 571 3361 ὄντος
609 3297 898 3369 ὁμοουσίου
949 3296 1051 3368 τῆς
1090 3296 1366 3367 θεότητος,
1419 3295 1535 3350 ἀλλ’
1569 3298 1635 3350 ὲκ
1676 3296 1899 3369 Μαρίας

306 3387 526 3459 ἀληθῶς
548 3387 865 3459 τεχθέντος·
894 3388 992 3442 καὶ
1033 3385 1199 3441 αὐτοῦ
1226 3386 1285 3440 δὲ
1317 3385 1414 3442 τοῦ
1453 3386 1628 3457 Λόγου
1661 3387 1735 3460 μὴ
1766 3404 1901 3460 τρα-

308 3479 506 3543 πέντος
545 3480 626 3543 είς
656 3478 823 3549 ὀστέα
854 3477 950 3532 καὶ
983 3477 1197 3551 σάρκα,
1228 3477 1343 3532 ἀλλ’
1378 3478 1439 3531 ὲν
1470 3478 1636 3549 σαρκὶ
1672 3477 1901 3550 γενομέ-

308 3586 424 3624 νου.
455 3570 529 3623 Τὸ
560 3569 669 3641 γὰρ
702 3569 849 3642 παρά
879 3568 958 3641 τῷ
995 3570 1214 3642 Ἰωάννῃ
1243 3570 1537 3641 λεγόμενον
1561 3609 1576 3635 ,
1619 3569 1684 3623 '0
1710 3571 1901 3640 Λόγος

308 3662 469 3733 σὰρξ
502 3662 760 3733 ἐγένετο,
802 3661 1008 3734 ταύτην
1044 3662 1154 3733 ἔχει
1176 3663 1276 3734 τὴν
1301 3663 1561 3727 διάνοιαν,
1590 3660 1774 3726 καθὼς
1806 3661 1903 3715 καὶ

310 3758 377 3810 ὲκ
406 3754 503 3810 τοῦ
533 3754 720 3826 ὁμοίου
749 3755 908 3809 τοῦτο
936 3754 1158 3809 δυνατὸν
1189 3756 1391 3826 εὑρεῖν.
1434 3754 1754 3826 Γέγραπται
1790 3753 1901 3827 γὰρ

313 3851 371 3903 ὲν
398 3847 477 3919 τῷ
502 3848 729 3920 Παύλῳο
760 3848 1016 3918 Χριστὸς
1042 3849 1196 3917 ὑπὲρ
1218 3846 1389 3918 ἡμῶν
1411 3848 1619 3919 γέγονε
1649 3848 1898 3917 κατάρα.

312 3941 425 3995 Καὶ
464 3939 655 4012 ὥσπερ
685 3941 784 3994 οὐκ
813 3939 973 4004 αὐτὸς
1017 3940 1232 4011 κατάρα
1261 3938 1504 4009 γέγονεν,
1544 3940 1659 3994 ἀλλ’
1688 3939 1770 3994 ὃτι
1800 3941 1903 4011 τὴν

314 4031 456 4099 ὑπὲρ
485 4029 643 4102 ἡμῶν
676 4027 963 4095 ἀνεδέξατο
991 4031 1261 4101 κατάραν,
1292 4030 1506 4101 εἴρηται
1537 4028 1755 4099 κατάρα
1804 4044 1897 4097 γε-

311 4121 567 4189 γονέναι’
601 4118 745 4172 οὕτω
796 4120 889 4173 καὶ
937 4118 1073 4190 σάρξ
1130 4118 1377 4187 ἐγένετο,
1421 4119 1481 4172 οὐ
1535 4118 1769 4191 τραπείς
1821 4120 1902 4183 εἰς

321 4209 535 4282 σάρκα,
580 4211 696 4266 ἀλλ’
744 4212 826 4265 ὅτι
874 4213 1053 4282 σάρκα
1108 4211 1247 4282 ὑπὲρ
1313 4209 1472 4281 ήμῶν
1516 4209 1743 4265 ἀνέλαϐε
1808 4210 1903 4263 καὶ

311 4304 540 4372 γέγονεν
582 4302 889 4375 ἄνθρωπος.
935 4302 1047 4357 Καὶ
1095 4302 1204 4375 γὰρ
1241 4302 1306 4355 τὸ
1356 4303 1551 4356 εἰπεῖν.
1597 4303 1660 4354 '0
1708 4302 1902 4371 Λόγος

298 4394 473 4465 σὰρξ
498 4395 756 4466 ἐγένετο,
784 4395 900 4450 ἴσον
933 4395 1047 4449 ἔστι
1073 4394 1236 4448 πάλιν
1269 4395 1466 4457 εἰπεῖν,
1488 4392 1896 4464 ὃτιἊνθρωπος

313 4488 528 4557 γέγονε,
567 4488 709 4541 κατά
755 4487 815 4540 τὸ
862 4486 1152 4558 εἰρημένον
1203 4487 1262 4538 ὲν
1304 4485 1382 4557 τῷ
1442 4486 1632 4555 Ἰωήλ·
1677 4479 1902 4553 Ἐκχεῶ

311 4556 432 4633 ἀπὸ
468 4579 574 4634 τοῦ
622 4556 962 4649 πνεύματός
995 4556 1124 4647 pou
1169 4576 1269 4631 ἐπὶ
1313 4574 1522 4631 πᾶσαν
1567 4574 1784 4644 σάρκα.
1822 4574 1898 4628 Οὐ
1932 4556 1976 4611 Ῑ)

233 4720 253 4737 ,
312 4671 425 4726 τῶν
468 4671 679 4741 ἀλόγων
724 4667 792 4743 ἧν
841 4672 874 4741 ἡ
924 4669 1261 4739 ἐπαγγελία,
1298 4668 1410 4721 ἀλλ’
1451 4670 1530 4732 εἰς
1576 4666 1900 4739 ἀνθρώπους

313 4765 491 4827 ἐστὶν,
537 4758 612 4819 ὧν
644 4763 810 4817 ἕνεκα
852 4763 953 4843 καὶ
1006 4761 1292 4835 ἄνθρωπος
1332 4761 1555 4830 γέγονεν
1592 4761 1620 4813 ό
1672 4758 1896 4831 Κύριος.

314 4850 521 4903 Τούτου
566 4851 625 4903 δὲ
671 4849 765 4904 τοῦ
818 4849 982 4922 ῥητοῦ
1017 4849 1221 4919 ταύτην
1252 4848 1466 4919 ἔχοντος
1496 4849 1598 4921 τὴν
1636 4848 1895 4915 διάνοιαν,

314 4944 541 5004 εἰκότως
563 4943 1004 5013 καταγνώσονται
1029 4943 1239 4998 ἑαυτῶν
1264 4942 1480 5005 πάντως
1499 4944 1547 4995 οἱ
1578 4942 1898 5012 νομίσαντες

315 5030 457 5088 εἶναι
489 5034 600 5103 πρὸ
627 5036 727 5104 τῆς
766 5035 986 5107 Μαρίας
1021 5035 1120 5107 τὴν
1146 5035 1203 5102 ἐξ
1236 5036 1407 5105 αὐτῆς
1440 5034 1639 5104 σάρκα,
1676 5036 1769 5089 καὶ
1794 5034 1903 5105 πρὸ

313 5124 520 5193 ταύτης
558 5125 850 5196 ὲσχηκέναι
885 5125 1062 5198 ψυχὴν
1090 5125 1439 5198 ἀνθρωπίνην
1470 5125 1560 5178 τὸν
1585 5126 1778 5195 Λόγον,
1805 5126 1900 5179 καὶ

315 5218 374 5268 ἐν
409 5219 547 5289 αὐτῇ
598 5218 705 5289 πρὸ
736 5219 835 5290 τῆς
886 5219 1180 5289 ἐπιδημίας
1227 5219 1315 5272 ἀεὶ
1353 5220 1702 5291 γεγενῆσθαι.
1753 5219 1903 5273 Παύ-

318 5326 502 5361 σονται
535 5309 591 5361 δὲ
628 5310 724 5362 καὶ
753 5312 801 5364 οἱ
829 5311 1075 5374 εἰπόντες
1121 5309 1195 5381 μὴ
1222 5307 1359 5365 εἷναι
1387 5310 1640 5381 δεκτικὴν
1667 5310 1900 5365 θανάτου

312 5399 414 5469 τὴν
446 5402 646 5472 σάρκα,
674 5402 809 5455 ἀλλὰ
836 5403 934 5473 τῆς
955 5402 1221 5456 ἀθανάτου
1259 5403 1473 5473 φύσεως
1504 5398 1641 5457 εἶναι
1674 5404 1898 5475 ταύτην.

318 5494 383 5547 Εἰ
407 5494 515 5566 γάρ
542 5495 615 5566 μὴ
639 5496 900 5561 ἀπέθανε,
933 5495 1050 5559 πῶς
1078 5496 1107 5546 ὁ
1137 5495 1347 5560 Παῦλος
1381 5496 1670 5569 παρεδίδου
1705 5498 1902 5567 Κοριν-

318 5584 476 5649 θίοις,
506 5586 534 5638 ὃ
567 5588 661 5640 καὶ
703 5587 1030 5659 παρέλαϐεν,
1067 5587 1146 5641 ὃτι
1172 5587 1906 5658 Χριστὸςάπέθανενύπὲρ

317 5672 437 5729 τῶν
451 5674 750 5745 ἁμαρτιῶν
764 5677 954 5746 ἡμῶν,
974 5679 1125 5733 κατὰ
1150 5682 1256 5746 τὰς
1268 5680 1513 5749 Γραφάς
1533 5699 1549 5747 ;
1578 5681 1702 5744 Πῶς
1730 5680 1787 5733 δὲ
1811 5683 1907 5736 καὶ

2002 3287 2477 3343 consubstantiale
2519 3287 2746 3344 minime
2796 3288 2980 3354 fuerit,
3019 3289 3116 3346 sed
3146 3306 3214 3346 ex
3258 3290 3429 3346 Maria
3460 3290 3592 3348 Vir»

2001 3380 2128 3451 gine
2156 3395 2346 3436 revera
2375 3390 2590 3447 natum,
2622 3394 2859 3452 eumque
2889 3381 3128 3439 Verbum
3165 3385 3344 3455 ipsum
3380 3400 3488 3441 non
3531 3386 3588 3442 in

2000 3487 2129 3528 ossa
2176 3487 2511 3543 carnemque
2553 3481 2825 3527 mutatum
2876 3474 2970 3538 sit,
3009 3475 3104 3531 sed
3153 3476 3207 3529 in
3238 3490 3406 3531 carne
3436 3492 3590 3535 rese-

2001 3562 2162 3619 derit.
2198 3562 2353 3630 Quod
2384 3564 2530 3619 enim
2566 3578 2596 3622 α
2636 3562 2847 3620 Joanne
2906 3566 3175 3636 scriptum
3218 3576 3325 3632 est,
3362 3566 3590 3623 Verbum

2002 3670 2125 3709 caro
2151 3655 2446 3727 factumest
2471 3656 2514 3720 ³,
2549 3654 2697 3709 hunc
2738 3656 2906 3711 habet
2949 3673 3196 3720 sensum,
3223 3668 3282 3713 ut
3311 3673 3376 3715 ex
3422 3658 3589 3716 simili

2003 3747 2261 3817 loquendi
2307 3748 2522 3803 ratione
2566 3749 2750 3819 colligi
2788 3757 2987 3820 potest.
3032 3749 3142 3806 Est.
3162 3753 3305 3805 enim
3340 3767 3369 3806 a
3419 3751 3589 3808 Paulo

2004 3841 2316 3911 scriptum:
2372 3840 2619 3897 Christus
2666 3858 2762 3911 pro
2812 3842 2962 3898 nobis
3009 3843 3183 3912 factus
3237 3854 3316 3899 est
3368 3845 3631 3900 maledi-v

2003 3942 2150 3987 ctum
2175 3933 2217 3990 ³.
2261 3931 2333 3988 Ut
2380 3934 2549 4005 igitur
2585 3933 2931 3990 maledictum
2974 3934 3188 4008 1004
3227 3937 3314 3991 ille
3367 3938 3590 4007 proprie

2005 4041 2117 4081 non
2151 4024 2274 4090 fuit,
2308 4026 2405 4082 sed
2438 4026 2560 4082 ideo
2594 4026 2765 4083 fuisse
2797 4027 3023 4095 dicitur,
3056 4030 3201 4099 quod
3234 4028 3366 4084 illud
3400 4038 3588 4086 nostra

2006 4134 2175 4175 causa
2201 4120 2507 4189 susceperit
2538 4138 2549 4173 :
2584 4120 2666 4175 sic
2695 4127 2751 4174 et
2783 4134 2911 4175 caro
2936 4119 3139 4175 factum
3168 4132 3270 4186 cst,
3304 4138 3417 4177 non
3442 4121 3589 4194 quod

2006 4211 2063 4266 in
2110 4225 2333 4266 carnem
2370 4219 2765 4266 commutatum
2817 4210 3004 4278 fuerit,
3037 4213 3133 4269 sed
3168 4215 3313 4284 quod
3366 4230 3588 4270 carnem

2006 4316 2105 4373 pro
2136 4302 2297 4357 nobis
2338 4302 2726 4372 assumpserit,
2758 4312 2812 4359 et
2841 4303 3009 4358 homo
3044 4303 3222 4361 factus
3255 4306 3346 4361 sit.
3373 4306 3587 4361 Etenim

2007 4395 2112 4449 hoc
2148 4395 2349 4466 ipsum,
2400 4393 2622 4449 Verbum
2651 4412 2775 4450 caro
2814 4395 3017 4465 factum
3054 4407 3154 4461 est,
3184 4398 3433 4453 eamdem
3477 4400 3586 4453 vim

2006 4488 2172 4543 habet
2210 4503 2274 4543 ae
2326 4488 2373 4542 si
2409 4488 2704 4554 diceretur,
2756 4489 2928 4544 Homo
2982 4489 3187 4545 factum
3227 4500 3353 4556 est,
3397 4490 3591 4561 cujus‘

2010 4583 2156 4638 modi
2187 4590 2272 4639 est
2297 4582 2429 4638 illud
2463 4599 2492 4637 a
2522 4580 2675 4640 Joele
2704 4583 2911 4641 dictum
2943 4603 2956 4640 :
2982 4576 3275 4655 E/fundam
3306 4584 3369 4640 de
3397 4586 3591 4656 spiritu

2010 4692 2124 4729 meo
2169 4691 2324 4745 super
2370 4693 2571 4730 omnem
2623 4675 2897 4730 carnem".
2939 4676 3074 4744 Quae
3121 4678 3340 4749 quidem
3377 4680 3593 4735 denuna

2009 4767 2167 4821 tiatio
2226 4781 2290 4822 ac
2329 4767 2629 4836 promissio
2682 4784 2792 4823 non
2834 4767 2907 4822 ad
2937 4770 3211 4840 pecudes,
3247 4773 3342 4827 sed
3384 4773 3450 4827 ad
3497 4774 3595 4828 Ιιοο

2010 4856 2189 4911 mines
2221 4858 2478 4925 pertinet,
2514 4872 2751 4927 quorum
2787 4858 2963 4927 gratia
3006 4857 3272 4917 Dominus
3314 4869 3399 4916 est
3427 4862 3595 4917 homo

2011 4946 2209 5004 factus.
2266 4949 2398 5016 Qua:
2448 4966 2573 5010 eum
2624 4951 2695 5005 ita
2744 4950 2893 5017 sint,
2949 4968 3126 5024 eaque
3169 4954 3244 5010 sit
3294 4954 3593 5010 verborum

2012 5040 2231 5095 illorum
2271 5042 2543 5097 sententia
2578 5062 2592 5098 :
2622 5044 2708 5099 vel
2738 5046 2952 5116 seipsos
2978 5047 3105 5117 jure
3133 5048 3584 5103 condemnabunt

2010 5132 2048 5187 ii
2073 5133 2168 5204 qui
2202 5132 2375 5188 Maria
2406 5135 2645 5204 priorem
2673 5152 2797 5193 esse
2820 5154 3045 5195 carnem
3070 5140 3217 5194 illam
3246 5140 3588 5205 existimant,

2010 5240 2133 5296 quae
2172 5224 2242 5282 de
2291 5225 2461 5281 Maria
2510 5238 2732 5300 sumpta
2770 5231 2870 5293 sit,
2921 5240 2973 5286 et
3004 5240 3131 5287 ante
3162 5232 3307 5286 illam
3346 5231 3587 5287 humana

2011 5318 2301 5388 praeditum
2329 5320 2510 5373 anima
2538 5320 2707 5376 fuisse
2733 5320 2994 5387 Verbum,
3028 5336 3260 5391 eamque
3294 5329 3592 5393 antequam

2012 5407 2120 5463 huc
2171 5408 2456 5465 adveniret
2508 5410 2789 5465 habuisse.
2832 5411 2939 5464 Sed
2984 5420 3039 5466 et
3081 5411 3160 5465 illi
3204 5414 3401 5483 nugari
3448 5412 3593 5468 desi-

2008 5508 2160 5563 nent,
2194 5499 2288 5570 qui
2335 5515 2558 5555 carnem
2590 5501 2786 5556 mortis
2829 5516 2952 5556 esse
2985 5516 3244 5571 capacem
3279 5512 3502 5574 negant,
3537 5511 3590 5560 et

2010 5591 2079 5646 ad
2103 5592 2429 5650 immortalis
2450 5600 2660 5648 natura:
2680 5601 2881 5648 sortem
2906 5594 3383 5669 conditionemque
3410 5609 3592 5657 trans-

2012 5684 2284 5741 scribunt.
2316 5683 2451 5739 Nam
2488 5685 2535 5742 si
2582 5696 2831 5744 mortuus
2864 5703 2976 5745 non
3006 5696 3111 5757 est,
3137 5691 3415 5760 quomodo
3450 5692 3589 5751 Pau-

392 5830 415 5864 ί
463 5831 598 5888 Luc.
637 5850 786 5900 ιιιν,
823 5837 911 5901 '59,
952 5838 1040 5892 40.
1120 5839 1139 5869 ²
1170 5836 1330 5894 Juan.
1367 5855 1404 5903 t,
1448 5839 1532 5895 14.
1612 5841 1632 5873 ³
1673 5838 1791 5897 Gal.
1828 5856 1887 5896 ιιι

2002 5842 2028 5897 ἱ.
2104 5843 2126 5875 ⁵
2162 5841 2279 5900 Jocl
2331 5859 2394 5911 ιι,
2433 5843 2528 5900 9.8.
