3994 6224
437 465 446 474 .
483 398 586 454 855

1903 383 1939 435 8
2003 381 2060 436 ἔξ]

2165 383 2336 437 “AN”
3637 391 3721 450 ὁδε

483 520 568 572 lus
611 514 826 570 tradere
879 511 980 564 hoe
1019 507 1328 564 Corinthiis
1371 503 1570 576 potuit,
1615 501 1761 572 quod
1801 517 1858 556 se
1901 517 2057 554 acre-

2165 502 2296 566 ῧλως
2343 503 2574 573 ἁνέστη,
2617 505 2666 557 εἰ
2719 501 2792 574 μὴ
2843 503 3256 576 προαπέθανεν;
3319 503 3638 576 Ἐρυθριῶσι
3677 509 3725 562 δὲ

483 611 628 679 pisse
681 605 897 659 dicebat
923 605 934 633 '
959 641 975 666 ,
1003 601 1268 668 Quoniam
1302 597 1549 652 Christus
1583 605 1821 650 mortuus
1856 606 1932 648 est
1963 610 2058 662 pro

478 700 706 770 peccatis
745 696 940 750 nostris
964 733 979 758 ,
1015 691 1300 748 secundum
1344 687 1727 758 Scripturas’?
1749 687 2058 756 lli-surgere

482 809 608 848 vero
643 791 733 861 qui
779 789 979 862 potuit,
1015 788 1120 842 nisi
1174 795 1428 840 mortuus
1465 793 1622 838 antea
1681 781 1910 838 fuisset?
1945 778 2058 832 Ma-

478 887 632 940 ximo
669 899 802 938 vero
849 880 1059 952 pudore
1105 877 1511 949 perfunduntur
1541 875 1576 928 ii
1615 874 1706 944 qui
1738 874 2056 944 quaternio.

480 995 602 1036 nem
643 995 740 1048 pro
772 975 1044 1028 Trinitate
1073 970 1334 1026 constitui
1377 983 1698 1040 persuasum
1737 967 1970 1028 habent,
2011 965 2058 1022 si

480 1087 686 1140 corpus
720 1083 750 1122 e
783 1066 952 1120 Maria
999 1071 1188 1118 natum
1231 1077 1355 1118 esse
1399 1063 1630 1116 dicatur.
1667 1057 1801 1114 Nam
1849 1058 1894 1112 si
1928 1073 2059 1111 con-

483 1159 848 1218 sulislantiale
899 1157 1077 1212 Verbo
1127 1171 1331 1226 corpus
1381 1153 1750 1216 arbitremur,
1817 1151 2062 1206 Trinitas

481 1252 840 1308 nihilominus
898 1249 1142 1304 Trinitas
1181 1255 1492 1318 permanet,
1543 1259 1668 1298 cum
1713 1242 2062 1314 peregrinum

481 1348 692 1402 nullum
726 1344 964 1400 Verbum
1008 1343 1063 1396 in
1113 1341 1258 1394 illam
1298 1338 1608 1393 invehatur.
1653 1336 1721 1389 At
1767 1336 1812 1390 si
1863 1349 2066 1404 corpus

2166 593 2416 664 μεγάλως
2448 596 2497 648 οἱ
2546 594 2681 658 ὅλως
2730 596 3126 667 ἐνθυμηθέντες
3175 596 3442 649 δύνασθαι
3487 597 3602 650 ἀντὶ
3645 601 3727 670 τῆς

2162 686 2392 756 Τριάδος
2440 688 2684 756 γίνεσθαι
2733 690 3006 760 τετράδα,
3054 691 3104 742 εί
3153 689 3370 758 λέγοιτο
3417 692 3482 744 ἐκ
3535 691 3726 762 Μαρίας

2161 773 2298 832 εἶναι
2338 779 2401 832 τὸ
2434 780 2612 852 σῶμα.
2651 781 2966 851 Ὀμοούσιον
3007 781 3104 852 μὲν
3131 781 3240 852 γὰρ
3287 781 3388 834 ἐὰν
3427 782 3656 853 εἴπωμεν
3679 787 3730 838 τὸ

2161 871 2320 941 σῶμα
2353 872 2432 942 τῷ
2459 873 2636 942 Λόγω,
2673 873 2822 943 μένει
2853 875 2886 945 ἡ
2919 873 3089 946 Τριὰς
3120 872 3318 944 Τριὰς,
3351 873 3562 934 οὐδενὸς
3594 875 3725 940 ξένον

2161 963 2382 1031 ὲπεισφε
2393 965 2620 1036 ρομένου
2645 969 2728 1030 εἰς
2750 967 2920 1037 αὐτὴν
2945 966 3040 1020 τοῦ
3077 967 3251 1034 Λόγου
3275 983 3290 996 ·
3329 965 3428 1018 ἐὰν
3463 966 3520 1018 δὲ
3543 966 3726 1040 ἄνθρω-

2163 1073 2263 1110 πον
2286 1057 2527 1128 εἴπωμεν
2558 1060 2619 1112 τὸ
2641 1062 2705 1112 ὲκ
2731 1059 2949 1131 Μαρίας
2973 1059 3153 1132 σῶμα,
3177 1061 3401 1132 ἀνάγκῃ
3429 1059 3575 1124 ξένου
3602 1061 3730 1123 liv-.0;

2163 1150 2282 1202 κατ’
2313 1150 2502 1204 οὐσίαν
2540 1150 2633 1204 τοῦ
2689 1151 2974 1222 σώματος,
3015 1152 3110 1206 καὶ
3153 1151 3308 1215 ὄντος
3359 1153 3422 1203 ὲν
3469 1149 3612 1220 αὐτῷ
3652 1149 3728 1203 τοῦ

2163 1241 2358 1310 Λόγου,
2391 1243 2590 1315 τετρὰς
2620 1243 2740 1298 ἀντὶ
2773 1243 3001 1315 Τριάδος
3027 1236 3236 1313 γίνεται
3265 1242 3359 1296 διὰ
3399 1242 3498 1310 τὴν
3527 1242 3614 1295 τοῦ
3645 1243 3728 1294 σὼ-

2169 1352 2338 1405 ματος
2369 1335 2708 1408 προσθήκην.

481 1441 613 1496 illud
643 1441 784 1494 idem
813 1454 878 1494 ex
909 1439 1082 1492 Maria
1105 1445 1293 1490 natum
1323 1434 1600 1487 hominem
1631 1445 1755 1486 esse
1779 1429 2054 1494 dicamus,
2097 1447 2324 1486 necesse
2355 1441 2462 1494 est,
2505 1448 2631 1486 cum
2694 1445 2898 1502 corpus
2965 1439 3162 1486 natura
3209 1431 3564 1502 peregrinum
3621 1431 3726 1484 alie-

481 1547 718 1602 numque
759 1530 848 1592 sit,
884 1540 940 1582 ut
969 1529 1020 1580 in
1045 1523 1686 1596 ipso\’crt-.uuiinsideat,
1715 1521 2130 1593 quaternioncm
2163 1538 2260 1592 pro
2291 1522 2558 1578 Trinitate
2583 1540 2937 1596 consurgere,
2969 1539 3200 1593 corpore
3231 1523 3490 1577 videlicet
3519 1521 3725 1592 adjecto.

549 1620 639 1674 ΧΙ.
687 1619 808 1674 llaec
850 1619 926 1672 illi
960 1619 1091 1672 dum
1137 1617 1204 1672 ad
1248 1629 1374 1670 eum
1415 1613 1636 1668 modum
1673 1613 2054 1683 pronuntiant,

2235 1617 2336 1669 IA'.
2377 1615 2564 1670 Ταῦτα
2599 1617 2770 1680 οὕτως
2803 1617 3052 1686 λέγοντες
3079 1617 3140 1668 οὐ
3179 1615 3417 1676 νοοῦσιν,
3461 1614 3602 1676 ὅπως
3625 1616 3728 1666 ἑαυ-

481 1730 588 1769 ιιοιι
613 1711 1073 1768 animadvertunt,
1097 1715 1433 1778 quantopere
1457 1719 1642 1760 secum
1667 1703 1768 1774 ipsi
1795 1709 2052 1774 lpugnent.

2165 1710 2274 1772 τοῖς
2311 1709 2724 1780 περιπίπτουσι.
2765 1709 2874 1761 Καὶ
2903 1709 3012 1778 γὰρ
3045 1706 3149 1762 κᾶν
3187 1707 3262 1778 μὴ
3299 1708 3368 1759 ὲκ
3401 1705 3617 1773 Μαρίας
3655 1705 3728 1756 λέ-

483 1808 632 1861 Licet
661 1806 806 1859 enim
859 1818 926 1856 ex
983 1797 1154 1854 Maria
1207 1797 1512 1869 profectum
1553 1811 1756 1867 corpus
1786 1811 1908 1852 esse
1949 1811 2058 1850 non

479 1901 690 1962 dicant,
730 1895 826 1951 sed
873 1890 1348 1956 consubstantiale
1383 1889 2052 1957 Verbodttntaxamiiliilo-

489 1997 668 2052 minus
703 2003 910 2054 tamen,
949 1987 1098 2057 quod
1163 1997 1234 2039 ne
1265 1981 1469 2038 sentire
1493 1979 1830 2042 viderentur,
1867 1977 2042 2032 vereri

481 2097 540 2135 se
575 2079 936 2142 simulabant,
973 2079 1026 2132 in
1058 2083 1162 2130 hoc
1192 2074 1395 2147 ipsum,
1421 2087 1544 2144 qua:
1573 2081 1657 2128 est
1692 2071 1906 2126 illorum
1941 2079 2059 2126 sto-

483 2172 692 2237 liditas,
721 2171 975 2226 oratione
1015 2183 1116 2225 sua
1169 2167 1348 2238 palam
1395 2166 1721 2228 incurrunt,
1753 2171 1808 2218 et
1839 2171 2059 2232 quater-

481 2265 702 2318 nionem
761 2264 913 2316 illiilli
965 2262 1282 2316 admittunt.
1317 2258 1530 2312 Etenim
1579 2258 1656 2310 uti
1703 2254 1910 2322 Filius,
1965 2255 2060 2326 qui

481 2357 698 2410 illorum
749 2355 1025 2410 sententia
1068 2353 1216 2407 Patri
1269 2349 1763 2405 consubstantialis
1807 2357 1914 2412 est,
1951 2348 2056 2402 mi-

480 2447 626 2500 nime
661 2447 751 2501 illc
789 2448 1009 2517 quidem
1063 2445 1222 2499 Pater
1255 2452 1362 2508 est,
1397 2444 1490 2498 sed
1531 2443 1704 2500 Filius
1736 2442 1884 2496 Patri
1927 2458 2059 2496 con—

481 2537 869 2592 substantialis
901 2535 1211 2606 appellatur
1237 2553 1251 2589 :
1279 2535 1355 2588 ita
1381 2533 1856 2588 cunsubstantiale
1885 2531 2062 2586 Verbo

482 2645 686 2698 corpus
721 2645 832 2682 non
869 2629 1048 2698 ipsum
1081 2625 1320 2683 Verbum
1355 2634 1460 2690 est,
1488 2625 1580 2680 sed
1614 2625 1762 2678 aliud
1801 2624 2061 2696 quiddam

483 2737 512 2773 ιι
573 2719 752 2774 Verbo
795 2720 1140 2774 distinctum.
1187 2717 1396 2784 Quodsi
1465 2716 1612 2770 aliud
1663 2723 1770 2778 est,
1841 2717 2059 2770 illorum

479 2814 726 2868 Trinitas
779 2813 833 2867 in
863 2811 1280 2884 quaternionem
1325 2809 1620 2880 redigetur.
1673 2808 1826 2863 Vera:
1861 2808 2062 2878 quippe

481 2915 538 2960 ct
575 2907 757 2976 reipsa
785 2905 1043 2975 perfectae.
1071 2911 1126 2958 et
1155 2901 1404 2956 indivisze
1438 2900 1694 2955 Trinitati
1751 2902 1898 2954 nulla
1947 2899 2062 2953 lieii

483 3007 662 3070 potest
695 2997 968 3060 accessio,
997 2993 1208 3066 1005
1235 3003 1435 3066 praeter
1462 3009 1626 3064 quam
1655 3006 1939 3063 perperam
1967 2988 2060 3046 i-sti

2163 1820 2302 1872 γωσι
2335 1804 2396 1856 τὸ
2428 1803 2609 1874 σῶμα,
2643 1804 2778 1858 ἀλλὰ
2816 1803 3104 1876 ὁμοούσιον
3131 1803 3266 1856 αὐτὸ
3292 1801 3374 1872 τῷ
3399 1800 3574 1870 Λόγῳ,
3599 1799 3728 1852 οὐδὲν

2161 1891 2345 1968 ἦττον,
2374 1898 2510 1968 ὅπερ
2530 1898 2906 1968 ὑπεκρίνοντο,
2951 1897 3026 1968 μὴ
3061 1897 3170 1966 ἄρα
3195 1895 3274 1958 ὡς
3304 1892 3630 1965 φρονοῦντες
3653 1907 3728 1944 vo-

2167 1987 2402 2058 μισθῶσι
2433 1987 2610 2050 τοῦτο,
2645 1985 2789 2042 κατὰ
2817 1985 2917 2058 τὴν
2947 1985 3128 2040 αὐτῶν
3159 1985 3352 2038 ἄνοιαν
3383 1982 3728 2053 δειχθήσονται

2161 2081 2407 2150 λέγοντες
2453 2081 2708 2154 τετράδα.
2763 2082 2848 2144 Ὠς
2907 2079 3017 2151 γὰρ
3079 2078 3205 2140 Υἱὸς
3259 2075 3340 2128 ὢν
3391 2075 3510 2128 κατ’
3559 2072 3726 2130 αὐτοὺς

2162 2172 2444 2240 όμοούσιος
2473 2170 2551 2241 τῷ
2597 2171 2790 2242 ιΙατρὶ,
2821 2170 2922 2222 οὐκ
2961 2168 3110 2221 ἔστιν
3155 2167 3323 2230 αὐτὸς
3365 2163 3576 2234 Πατὴρ,
3611 2159 3726 2214 ἀλλὰ

2167 2263 2292 2326 Υἱὸς
2347 2263 2485 2334 πρὸς
2536 2261 2756 2332 Πατέρα
2807 2261 3025 2330 λέγεται
3081 2259 3412 2330 όμοούσιος·
3458 2253 3622 2316 οὕτως
3677 2252 3728 2303 τὸ

2161 2351 2444 2424 ὁμοούσιον
2475 2353 2636 2422 σῶμα
2663 2351 2756 2404 τοῦ
2791 2353 2965 2420 Λόγου
2996 2351 3096 2404 οὐκ
3121 2351 3268 2402 ἔστιν
3297 2348 3466 2410 αὐτὸς
3503 2349 3532 2399 ὁ
3559 2345 3721 2412 Λόγος.

2165 2445 2277 2500 ἀλλ’
2313 2446 2497 2516 ἕτερον
2528 2445 2666 2516 πρὸς
2689 2445 2779 2497 τὸν
2809 2445 3004 2512 Λόγον.
3044 2443 3262 2512 Ἐτέρου
3303 2441 3366 2494 δὲ
3401 2439 3570 2500 ὄντος,
3597 2437 3724 2488 ἔσται

2164 2541 2284 2592 κατ’
2313 2539 2509 2602 αὐτοὺς
2543 2541 2576 2608 ἡ
2613 2538 2794 2592 αὐτῶν
2839 2537 3008 2607 Τριὰς
3037 2536 3254 2606 τετράς.
3285 2534 3366 2586 Οὐ
3401 2531 3510 2603 γὰρ
3555 2532 3586 2596 ἡ
3615 2529 3724 2596 ἁλιε-

2163 2633 2283 2704 θινὴ
2313 2631 2408 2684 καὶ
2430 2631 2597 2694 ὅντως
2625 2631 2804 2684 τελεία
2834 2630 2929 2683 καὶ
2973 2629 3275 2698 ἀδιαίρετος
3327 2624 3500 2696 Τριὰς
3539 2620 3722 2689 δέχεται

2163 2725 2508 2797 προσθήκην,
2538 2724 2652 2778 ἀλλ’
2685 2726 2718 2794 ἡ
2755 2723 2906 2795 ποιρὰ
2940 2722 3146 2775 τούτων
3188 2715 3602 2788 ὲπινενοημὲνη.
3633 2713 3724 2766 Καὶ

2165 2818 2284 2882 πῶς
2315 2819 2394 2870 ἔτι
2426 2817 2744 2889 Χριστιανοὶ
2787 2817 2973 2886 ἕτερον
3011 2813 3165 2885 παρὰ
3193 2813 3288 2866 τὸν
3319 2813 3450 2864 ὄντα
3477 2811 3600 2862 Θεὶν
3625 2809 3722 2858 ἐπι-

2165 2911 2446 2975 νοοῦντεςς
2480 2911 2648 2964 Πάλιν
2688 2909 2795 2980 γὰρ
2823 2909 2916 2962 καὶ
2948 2909 3006 2960 ὲν
3037 2907 3208 2976 ἑτέρῳ
3239 2902 3426 2957 αὐτῶν
3459 2901 3722 2969 σοφίσματι

2163 3003 2262 3074 τὴν
2299 3003 2612 3074 ἀφροσύνην
2638 3001 2846 3066 ἔξεστιν
2875 3000 3028 3071 όρᾷν.
3057 2999 3120 3050 Εἰ
3152 2998 3208 3050 δὲ
3235 2996 3326 3049 διὰ
3383 2995 3442 3047 τὺ
3472 2989 3601 3046 εἶναι
3645 2989 3720 3040 καὶ

477 3093 780 3148 commenti
817 3100 964 3148 sunt.
989 3091 1172 3158 Quare
1199 3088 1504 3146 Christiani
1527 3103 1650 3143 esse
1675 3088 1768 3156 qui
1803 3092 2056 3155 possunt,

2165 3093 2420 3164 λέγεσθαι
2451 3096 2508 3148 ὲν
2537 3095 2656 3158 ταῖς
2701 3093 2948 3162 Γραφαῖς
2979 3093 3043 3143 ὲκ
3079 3089 3300 3160 Μαρίας
3337 3082 3478 3140 εἶναι
3529 3081 3616 3136 καὶ
3647 3082 3722 3133 ἀί.-

479 3186 576 3256 qui
617 3187 849 3241 alterum
883 3183 953 3238 ab
985 3199 1072 3249 eo,
1110 3182 1202 3254 qui
1233 3195 1424 3236 revera
1457 3179 1601 3236 Deus
1630 3187 1734 3242 est,
1769 3177 1906 3232 falsa
1957 3177 2062 3232 sibi

479 3276 838 3348 persuasione
867 3275 1184 3329 ﬁnxerunt?
1219 3271 1434 3330 Rursus
1473 3272 1618 3328 enim
1645 3271 1700 3324 in
1725 3271 1894 3324 altera
1926 3285 2064 3339 qua-

479 3368 608 3422 dam
657 3355 888 3422 istorum
919 3366 1292 3430 cavillatione,
1322 3379 1526 3434 quan-ta
1573 3363 1645 3416 sit
1681 3377 1872 3416 eorum
1909 3363 2064 3416 stoli-

479 3461 653 3522 ditas,
685 3467 936 3529 apparet.
969 3457 1104 3511 Nam
1131 3457 1175 3512 si
1211 3473 1308 3526 pro
1333 3473 1398 3510 eo
1415 3455 1558 3525 quod
1611 3448 1818 3508 Christi
1861 3467 2064 3522 corpus

493 3571 560 3610 ex
591 3551 764 3605 Maria
833 3556 1112 3614 natunt,et
1155 3549 1454 3602 humanum
1495 3553 1784 3614 cst,alque
1819 3549 1872 3598 in
1915 3543 2066 3598 Scri-

492 3644 672 3718 pturis
703 3658 826 3698 cs5c
858 3641 1083 3700 dicitur,
1113 3648 1294 3709 quate:
1311 3638 1529 3692 nionem
1561 3637 1768 3690 idcirco
1807 3653 1904 3706 pro
1942 3635 2064 3688 Tri-

487 3738 656 3794 nitate
691 3732 952 3789 constitui
989 3739 1202 3802 putant,
1251 3746 1316 3784 eo
1351 3729 1496 3800 quod
1526 3729 1776 3798 quzedam
1825 3727 1940 3782 ﬁeri
1985 3728 2058 3782 vi.

481 3831 682 3884 deatur
725 3825 977 3896 corporis
1030 3821 1278 3877 accessio
1313 3821 1700 3876 :vclzcmcnter
1741 3827 1928 3876 errant
1969 3819 2062 3889 qui

475 3919 752 3979 conditori
805 3917 1088 3989 Opiﬁcium
1148 3931 1308 3971 suum
1345 3915 1560 3982 aequale
1613 3913 1854 3976 faciunt,
1897 3919 1954 3967 ct
1995 3911 2063 3965 ad

480 4014 827 4072 divinitatem
857 4011 1122 4066 accedere
1147 4023 1309 4079 posse
1335 4005 1538 4076 aliquid
1565 4007 1937 4072 arbitrantur;
1962 4019 2064 4058 nec

481 4109 617 4164 illud
645 4105 980 4176 intelligunt,
1017 4117 1126 4156 non
1159 4101 1228 4155 ad
1257 4100 1422 4154 ullam
1468 4099 1654 4154 carnis
1689 4097 2062 4153 accessionem

479 4200 720 4257 Verbum
757 4213 977 4254 carnem
1009 4213 1132 4252 esse
1168 4193 1393 4257 factum,
1421 4193 1515 4250 sed
1555 4199 1614 4247 ut
1660 4207 1789 4248 caro
1821 4192 1936 4261 ipsa
1969 4205 2054 4244 re-

481 4301 764 4365 surgeret;
787 4307 963 4362 neqne
987 4287 1252 4352 Verbum,
1275 4301 1384 4356 quo
1413 4284 1484 4338 ad
1515 4285 1796 4340 meliorem
1821 4284 2062 4354 aliquam

481 4381 858 4440 conditionem
890 4381 1313 4446 transferretur,
1339 4396 1404 4434 ex
1439 4378 1611 4432 Maria
1646 4375 1940 4447 prodiisse,
1966 4375 2060 4430 sed

481 4485 544 4531 ut
583 4477 866 4530 hominum
905 4491 1080 4545 genus
1119 4473 1432 4528 redimeret.
1468 4469 1586 4524 Jam
1621 4484 1751 4524 vero
1785 4467 2060 4538 quomodo

483 4569 599 4623 ﬁeri
643 4577 846 4638 potest,
891 4582 1092 4637 corpus
1131 4575 1186 4618 ut
1233 4564 1366 4618 illud
1400 4563 1546 4634 quod
1579 4577 1674 4632 per
1707 4559 1942 4616 Verbum
1973 4575 2062 4616 re-

480 4663 764 4731 demptum
817 4675 883 4714 ac
933 4660 1042 4712 vita
1081 4657 1350 4712 donatum
1411 4663 1538 4720 est,
1590 4657 1638 4708 ci
1677 4669 1707 4706 a
1757 4668 1867 4723 quo
1895 4651 2062 4706 vitam

481 4753 725 4824 accepit,
765 4753 932 4806 ullam
968 4750 1279 4806 divinitatis
1331 4748 1710 4803 accessionem
1755 4746 1934 4814 possit
1985 4743 2068 4796 al-

483 4847 668 4905 fcrre?
713 4845 850 4900 Nam
895 4860 925 4900 e
965 4843 1248 4898 contrario
1281 4840 1558 4896 uberrima
1607 4839 1696 4892 illa
1736 4837 1956 4907 quidem
1997 4835 2068 4888 ad

483 4933 786 4998 humanum
845 4953 1052 5009 corpus
1102 4953 1166 4992 ex
1239 4933 1412 4991 divini
1461 4931 1622 4987 Verbi
1677 4929 2068 4986 communione

2167 3187 2436 3258 θρώπινον
2481 3186 2546 3240 τὸ
2595 3185 2756 3257 σῶμα
2799 3184 2892 3238 τοῦ
2941 3183 3231 3256 Σωτῆρος,
3281 3179 3587 3252 νομίζουσιν
3621 3173 3721 3227 ἀντὶ

2167 3279 2393 3350 Τριάδος
2424 3279 2657 3350 τετράδα
2694 3277 2968 3347 λέγεσθαι,
3000 3275 3076 3340 ὡς
3105 3274 3428 3347 προσθήκης
3455 3266 3721 3338 λεγομένης

2165 3373 2226 3424 τὸ
2255 3370 2413 3442 σῶμα
2431 3387 2445 3402 ο
2475 3370 2610 3424 πολὺ
2647 3367 2980 3432 πλανῶνται,
3010 3367 3072 3420 τὸ
3101 3365 3314 3436 ποίημα
3345 3355 3718 3425 συνεξισοῦντες

2165 3462 2244 3533 τῷ
2271 3464 2505 3534 ποιητῇ,
2553 3465 2649 3515 καὶ
2679 3459 3036 3522 ὑπονοοῦντες
3079 3456 3340 3510 δύνασθαι
3396 3453 3492 3524 τὴν
3525 3449 3722 3514 θεότητα

2167 3554 2486 3624 προσθήκην
2530 3552 2858 3624 λαμϐάνειν·
2917 3551 3008 3604 καὶ
3049 3549 3360 3620 ἠγνόησαν,
3423 3548 3502 3600 ὅτι
3545 3541 3600 3594 οὐ
3649 3538 3722 3590 riu

2168 3647 2486 3717 προσθήκην
2518 3645 2770 3715 θεότητος
2803 3643 2995 3712 γέγονε
3033 3642 3168 3713 σὰρξ
3211 3643 3239 3694 ὁ
3283 3639 3478 3707 Λόγος,
3512 3633 3616 3688 ἀλλ’
3649 3632 3720 3682 ἵνα

2165 3741 2198 3809 ἡ
2229 3739 2366 3811 σὰρξ
2397 3740 2602 3810 ἀναστῇ
2627 3755 2639 3768 ’
2672 3737 2780 3790 οὐδ’
2815 3737 2902 3790 ἵνα
2939 3735 3200 3806 βελτιωθῇ
3231 3735 3259 3787 ὁ
3286 3733 3456 3801 Λόγος
3485 3725 3720 3799 προῆλθεν

2166 3835 2229 3885 ἐκ
2259 3832 2500 3902 Μαρίας,
2519 3830 2631 3883 ἀλλ’
2657 3831 2743 3883 ἵνα
2766 3828 2828 3881 τὸ
2851 3827 3190 3898 ἀνθρώπινον
3211 3827 3365 3893 γένος
3387 3821 3716 3893 λυτρώσηται.

2167 3923 2292 3986 Πῶς
2324 3918 2418 3976 οὖν
2463 3915 2572 3974 οἷόν
2604 3938 2662 3974 τε
2712 3919 2772 3973 τὸ
2809 3919 2896 3974 διὰ
2941 3918 3036 3972 τοῦ
3067 3918 3240 3984 Λόγου
3287 3913 3557 3985 λυτρωθὲν
3586 3907 3718 3974 σῶμα

2167 4017 2259 4068 καὶ
2291 4013 2642 4084 ζωοποιηθὲν,
2671 4013 2987 4083 προσθήκην
3017 4011 3094 4072 εἰς
3119 4009 3348 4080 θεότητα
3379 4007 3459 4078 τῷ
3490 3999 3720 4070 ζωοποιή-

2168 4123 2319 4159 σαντι
2364 4104 2523 4176 Λόγῳ
2567 4107 2776 4168 ποιεῖν;
2829 4103 3044 4156 Μᾶλλον
3085 4101 3194 4173 γὰρ
3227 4099 3378 4171 αὐτῷ
3427 4094 3718 4168 ἀνθρωπίνη)

2166 4195 2452 4268 προσθήκη
2499 4195 2708 4266 μεγάλη
2755 4193 2978 4264 γέγονεν
3021 4196 3086 4248 ὲκ
3125 4194 3226 4264 τῆς
3273 4193 3368 4246 τοῦ
3413 4191 3578 4258 Λόγον
3605 4183 3717 4254 πρὸξ

2166 4289 2298 4341 αὐτὸ
2323 4287 2608 4351 κοινωνίας
2631 4304 2692 4340 τε
2723 4285 2815 4339 καὶ
2843 4285 3106 4349 ἐνὼσεως.
3141 4285 3274 4338 Ἀπὸ
3303 4281 3500 4355 θνητοῦ
3527 4277 3718 4349 γέγονεν

2169 4380 2458 4444 ἀθάνατον,
2492 4381 2587 4432 καὶ
2616 4379 2846 4449 ψυχικὸν
2878 4378 2938 4431 ὃν
2975 4379 3164 4447 γέγονε
3215 4373 3604 4445 πνευματικὸν,
3637 4363 3716 4418 καὶ

2168 4475 2230 4523 ὲκ
2280 4472 2384 4540 γῆς
2431 4471 2721 4540 γενόμενον
2775 4471 2872 4534 τὰς
2917 4470 3205 4540 οὐρανίους
3251 4468 3406 4538 διέϐη
3457 4463 3630 4523 πύλας.
3663 4453 3713 4506 Ἠ

2173 4563 2355 4630 μέντοι
2405 4561 2606 4631 Τριὰς,
2639 4561 2733 4613 καὶ
2776 4561 3032 4622 λαϐόντος
3077 4561 3143 4612 ἐκ
3185 4557 3404 4629 Μαρίας
3449 4553 3596 4624 σῶμα
3636 4541 3711 4597 τοῦ

2170 4655 2365 4721 Λόγου,
2409 4653 2578 4724 Τριὰς
2608 4654 2786 4714 ἐστιν,
2835 4653 2896 4705 οὐ
2937 4651 3202 4722 δεχομένη
3243 4649 3576 4720 προσθήκην.
3615 4634 3716 4691 οὐδὲ

2170 4745 2482 4814 ἀφαίρεσιν,
2525 4745 2662 4798 ἀλλὰ
2691 4747 2778 4798 ἀεὶ
2811 4744 2990 4799 τελεία
3054 4744 3172 4797 ἐστὶ
3219 4743 3310 4796 καὶ
3343 4743 3402 4794 ὲν
3432 4735 3607 4811 Τριάδι
3635 4728 3714 4799 μία

2171 4835 2358 4904 θεότης
2393 4835 2750 4904 γινώσκεταιο
2789 4837 2884 4889 καὶ
2917 4835 3091 4898 οὕτως
3127 4837 3184 4888 ἐν
3212 4837 3278 4906 τῇ
3318 4827 3602 4901 Ἐκκλησίᾳ
3633 4837 3714 4888 κη·

2175 4926 2427 4998 ρύττεται
2463 4923 2542 4990 εἷς
2571 4927 2700 4990 Θεὸς
2729 4929 2757 4980 ὁ
2783 4926 2876 4980 τοῦ
2907 4927 3082 4996 Λόγου
3116 4928 3327 4997 Πατήρ.

481 5038 985 5106 commistioneque
1039 5032 1184 5087 facta
1233 5039 1318 5087 est
1355 5027 1624 5084 accessio.
1689 5025 1974 5096 Siquidem
2025 5039 2091 5078 ex
2133 5022 2353 5077 mortali
2402 5023 2737 5086 immortale,
2779 5037 2844 5078 ex
2886 5021 3110 5076 animali
3183 5019 3432 5092 spiritale
3473 5009 3708 5072 redditum

481 5143 588 5199 est,
611 5141 776 5203 atque
802 5147 832 5186 e
861 5138 1011 5184 terra
1043 5125 1352 5199 profectum
1377 5125 1502 5179 CG)“
1529 5130 1716 5192 portas
1739 5119 2068 5190 penetravit.
2109 5117 2382 5172 Caeterum
2421 5115 2662 5172 Trinitas
2725 5117 2864 5186 ipsa,
2917 5115 3173 5187 quamvis
3235 5111 3470 5168 Verbum
3508 5123 3536 5164 e
3571 5097 3710 5158 Maria

484 5196 1014 5294 corpus-acceperit,
1045 5196 1292 5270 Trinitas
1335 5221 1438 5276 est,
1476 5212 1564 5266 cui
1599 5226 1700 5266 nec
1737 5209 1860 5264 addi
1895 5220 2075 5279 potest
2114 5209 2420 5279 quidpiam,
2455 5224 2633 5279 neque
2665 5208 2902 5272 detrahi,
2955 5207 3050 5262 sed
3089 5205 3330 5276 perfecta
3385 5213 3590 5272 semper
3643 5196 3712 5246 εει

483 5325 540 5370 et
589 5313 656 5366 in
709 5310 985 5365 Trinitate
1038 5305 1346 5377 singularis
1393 5303 1654 5358 divinitas
1707 5300 2070 5370 agnoscitur;
2112 5311 2274 5372 atque
2311 5301 2386 5356 ita
2421 5301 2638 5356 demum
2674 5315 2817 5353 unus
2855 5299 3000 5354 Deus
3037 5297 3202 5353 Verbi
3227 5295 3390 5353 Pater
3455 5297 3510 5352 in
3555 5285 3710 5343 Eccle-

485 5411 566 5464 sia
607 5406 957 5480 praedicatur.

547 5501 664 5560 Xll.
695 5501 896 5555 Eadem
935 5511 1102 5568 porro
1142 5496 1352 5549 ratione
1423 5501 1478 5547 et
1525 5506 1588 5544 os
1655 5489 1762 5544 illis
1801 5487 2060 5544 occlude-

482 5605 570 5652 tur
600 5597 694 5668 qui
715 5596 898 5650 dicere
924 5590 1218 5661 aliquando
1256 5587 1376 5642 ausi
1399 5593 1548 5644 sunt,
1577 5597 1703 5638 eum
1732 5581 1826 5651 qui
1853 5596 1920 5635 cx
1951 5578 2063 5633 Ma-

477 5691 562 5744 ria
607 5687 898 5758 processit,
933 5699 1042 5738 non
1089 5685 1263 5752 ipsum
1294 5695 1414 5738 esse
1457 5677 1740 5734 Christum
1771 5689 1838 5728 ac
1880 5671 2064 5726 Domi-

567 5849 582 5875 '
617 5843 792 5899 liior.
827 5857 913 5904 xv,
947 5843 998 5896 5.
1075 5841 1094 5870 ²
1123 5839 1253 5893 ibid.

2243 5485 2340 5538 lB'.
2387 5485 2480 5537 Ἐκ
2515 5483 2574 5537 δὲ
2607 5481 2798 5536 τούτου
2831 5481 3168 5552 σιωπήσονσι
3197 5478 3384 5532 λοιπὸν
3421 5477 3514 5530 καὶ
3533 5473 3577 5527 oi
3607 5463 3712 5520 ποτὲ

2171 5577 2416 5640 εἰπόντες
2445 5577 2537 5630 τὸν
2575 5578 2640 5630 ὲκ
2683 5575 2901 5644 Μαρίας
2939 5574 3268 5646 προελθόντα
3301 5571 3376 5645 μὴ
3423 5567 3552 5624 εἶναι
3580 5559 3710 5618 αὐτὸν

2173 5669 2264 5722 τὸν
2297 5667 2526 5740 Χριστὸν
2565 5667 2656 5722 καὶ
2687 5667 2891 5738 Κύριον
2929 5667 3022 5720 καὶ
3063 5665 3216 5720 Θεόν.
3279 5665 3342 5720 Εἰ
3375 5664 3484 5737 γὰρ
3515 5658 3582 5734 μὴ
3603 5647 3711 5708 Θεὸς
