3994 6224
288 343 395 399 (57

832 348 1201 404 AltVEllSUS
1242 350 1585 406 ll.Iilil".‘cBliS
1623 351 1750 407 LIB.
1793 349 1874 406 Ill.

1978 349 2096 405 OM.
2129 347 2191 404 ll.
2232 375 2302 388 -—-
2342 344 2616 402 HASRES.
2661 341 2916 399 LXXVII.

3455 346 3556 398 653

288 455 359 530 ἦν
385 461 445 512 ἐν
470 459 548 530 τῷ
578 461 810 531 σώματι,
843 465 958 530 πῶς
1004 467 1163 531 εὐθὺς
1203 469 1478 540 προελθὼν
1510 471 1618 525 ἀπὸ
1655 471 1873 541 Μαρίας

1979 485 2108 524 num
2139 475 2193 524 et
2220 467 2410 523 Deum.
2447 464 2562 522 Nisi
2599 465 2743 521 enim
2783 464 2836 517 in
2882 476 3111 532 corpore
3141 459 3282 517 Deus
3314 465 3557 517 exstitis-

285 550 498 621 ἐκλήθη
530 551 898 625 Ἐμμανουήλ,
938 556 966 608 ὅ
997 557 1109 609 ἐστι
1145 559 1701 632 μεθερμηνευόμενον,
1731 566 1868 618 Μεθ’

289 641 464 712 ἡμῶν
495 646 529 696 o'
568 646 750 711 6869;
778 645 901 710 Πῶς
931 647 987 700 δὲ
1017 649 1112 702 καὶ⁵
1141 649 1371 716 Παῦλος,
1392 652 1440 706 εί
1465 652 1539 725 μὴ
1569 655 1782 724 όΛόγος
1803 651 1871 727 ἦν

245 790 252 802 .
288 733 350 782 ἐν
394 732 578 799 σαρκὶ,
626 732 918 804 Ῥωμαίοις
961 736 1234 808 ἔγραφεν,
1282 741 1384 807 Ἐξ
1422 737 1510 797 ὧν
1556 745 1588 799 ὀ
1620 747 1873 815 Χριστὸς

288 823 359 874 τὸ
395 823 548 877 κατὰ
579 824 794 893 σάρκα,
832 829 866 880 ό
896 828 982 882 ὢν
1010 830 1108 884 ἐπὶ
1156 832 1398 888 πάντων
1427 837 1569 904 Θεὸς
1617 842 1871 912 εὐλογη-

286 914 395 980 τὸς
426 918 508 978 εὶς
531 917 672 983 τοὺς
713 919 954 987 αἰῶνας.
1001 923 1228 995 Ἀμήν;
1261 928 1468 982 Ούκοῦν
1512 931 1873 1002 όμολογείτω-

292 1023 393 1059 σαν
425 1009 476 1060 οἱ
509 1009 774 1082 πρότερον
803 1013 1124 1086 ἀρνούμενοι
1166 1018 1256 1072 τὸν
1289 1023 1706 1094 ἐσταυρωμένον
1735 1024 1874 1083 εἶναι

286 1099 423 1150 Θεὸν
437 1100 720 1169 ἐσφάλθαι,
737 1105 1044 1164 πειθόμενοι
1068 1110 1265 1176 πάσαις
1285 1116 1403 1178 ταῖς
1423 1115 1592 1181 θείαις
1612 1119 1873 1190 Γραφαῖς,

291 1189 530 1278 μάλιστα
556 1191 613 1245 δὲ
637 1193 714 1264 τῷ
737 1195 927 1268 Θωμᾷ,
960 1198 1018 1262 ὃς
1050 1201 1189 1270 μετὰ
1240 1203 1301 1256 τὸ
1334 1207 1460 1260 ἰδεῖν
1486 1209 1543 1261 ἐν
1572 1189 1720 1281 αὐτῷ
1739 1189 1876 1278 τοὺς

293 1282 400 1335 τῶν
424 1283 569 1354 ἥλων
598 1285 800 1352 τύπους
854 1291 1172 1364 ἀνεϐόησεν·
1213 1295 1274 1348 '0
1303 1299 1517 1368 Κύριός
1551 1320 1672 1371 μου
1701 1307 1798 1360 καὶ
1844 1311 1876 1362 ὀ

289 1375 437 1476 ςεός
452 1393 592 1476 μοτέ
625 1377 889 1476 θεδςγὰρ
921 1384 1014 1436 καὶ
1055 1385 1258 1457 Κύριος
1287 1389 1388 1459 τῆς
1430 1390 1589 1465 δόξης
1620 1393 1716 1460 ὢν,
1750 1397 1876 1464 Υἱὸς

287 1466 358 1561 ἠν
405 1466 464 1517 ἐν
522 1467 602 1536 τῷ
650 1468 852 1534 ἀδόξως
908 1474 1299 1550 καθηλουμένῳ
1348 1483 1442 1536 καὶ
1491 1484 1878 1561 ἀτιμαζομένῳ

287 1555 526 1654 orbitati.
561 1561 634 1613 Τὸ
670 1561 728 1614 δὲ
761 1564 921 1634 σῶμα
949 1567 1155 1641 ἔπασχε
1192 1570 1291 1640 μὲν
1335 1555 1659 1648 νυττόμενον
1705 1555 1764 1636 ἐν
1799 1555 1878 1654 τῶ

287 1649 455 1746 ξύλῳ,
489 1654 582 1707 καὶ
615 1655 802 1726 ἔρρεεν
831 1661 939 1714 ἀπὸ
977 1663 1075 1734 τῆς
1113 1666 1301 1720 τούτου
1334 1669 1571 1742 πλευρᾶς
1616 1671 1755 1746 αἷμα
1786 1649 1880 1732 καὶ

287 1743 472 1840 ξδωρῌ·
522 1748 648 1840 ναδς
684 1749 740 1803 δὲ
779 1751 873 1805 τοῦ
917 1753 1094 1823 Λόγου
1134 1761 1398 1831 τυγχάνον
1445 1743 1875 1840 πεπληρωμένος

392 1837 491 1934 τῇς
519 1838 787 1934 θεότητος.
821 1843 918 1896 Διὰ
943 1822 1100 1901 τούτο
1328 1855 1468 1924 ὁρῶν
1493 1856 1584 1912 τὸν
1607 1822 1871 1934 δημίουρῖ
1907 1822 1948 1876 Β

286 1929 386 2023 γδν
415 1929 610 2023 ἐαυτοῦ
657 1935 714 1986 ἐν
761 1934 839 2006 τῷ
886 1936 1230 2013 ὑϐριζομένῳ
1270 1943 1482 2016 σώματι
1527 1929 1871 2023 ἀνεχόμενόν,

285 2019 406 2115 τάς⁸
434 2021 660 2115 ἀσιτῖνας
714 2026 1017 2082 συνέστειλε
1075 2033 1169 2085 καὶ
1214 2034 1474 2091 ἐσκότασε
1513 2039 1530 2070 ¹
1596 2019 1704 2113 τῆν
1739 2045 1870 2115 γῆν·

287 2110 421 2164 αὐτὸ
463 2111 520 2166 δὲ
561 2113 720 2185 σῶμα
755 2115 916 2184 φύσιν
966 2117 1088 2190 ἔχον
1133 2120 1332 2195 θνητὴν
1377 2126 1516 2198 ὑπὲρ
1548 2110 1873 2200 τὴν-ἑαυτοῦ

285 2205 472 2275 φύσιν,
500 2210 698 2282 ἀνέστη
726 2212 814 2266 διὰ
844 2215 932 2268 τὸν
968 2217 1026 2269 ἐν
1055 2218 1204 2289 αὐτῷ
1232 2221 1423 2290 Λόγον,
1470 2225 1564 2278 καὶ
1598 2226 1872 2283 πέπαυται

289 2301 392 2369 μέν
433 2302 533 2373 τῆς
569 2304 711 2358 κατὰ
736 2305 897 2374 φύσιν
922 2308 1128 2381 φθορᾶς
1157 2312 1197 2378 ⁸,
1234 2310 1437 2384 ἔνδυμα
1475 2315 1533 2369 δὲ
1561 2317 1749 2386 γέγονε
1780 2320 1872 2373 τοῦ

285 2392 498 2460 Λόγου·
531 2394 892 2467 ὲνδυσάμενον
925 2398 983 2452 δὲ
1026 2400 1118 2454 τὸν
1158 2403 1300 2474 ὑπὲρ
1349 2404 1632 2477 ἄνθρωπον
1679 2409 1871 2478 Λόγον,

286 2484 512 2553 γέγονεν
543 2485 838 2558 ἄφθαρτον.
874 2491 1006 2562 Περὶ
1053 2492 1109 2545 δέ
1165 2496 1260 2548 τοῦ
1314 2499 1679 2566 φαντάζεσθαι
1724 2521 1874 2568 τινας

286 2577 383 2629 καὶ
428 2576 626 2646 λέγειν,
663 2580 764 2644 ὅτι,
810 2581 1000 2654 ὥσπερ
1041 2585 1126 2654 ἐφ’
1169 2587 1401 2642 ἕκαστον
1445 2591 1554 2644 τῶν
1581 2596 1874 2666 προφητῶν

285 2667 506 2736 ἐγένετο
532 2670 724 2738 Λόγος,
751 2671 895 2726 οὕτω
927 2675 1020 2727 καὶ
1051 2675 1144 2729 ἐπὶ
1178 2675 1275 2729 ἕνα
1325 2679 1446 2733 τινὰ
1487 2680 1772 2755 ἄνθρωπον
1810 2687 1876 2739 ἐκ

285 2759 509 2829 Μαρίας
535 2757 697 2831 ἦλθεν
725 2765 753 2817 6
778 2765 970 2834 Λόγος,
999 2769 1253 2838 περιττόν
1279 2770 1395 2824 ἐστι
1424 2773 1743 2843 γυμνάζειν,
1772 2796 1875 2848 φα-

285 2851 451 2923 νερὰν
496 2853 728 2926 ἐχούσης
769 2858 866 2928 τῆς
919 2859 1105 2923 ἀνοίας
1150 2861 1328 2917 αὐτῶν
1363 2863 1462 2934 τὴν
1511 2868 1871 2937 κατάγνωσιν.

287 2943 356 2997 Et
391 2945 501 3016 γὰρ
528 2945 701 3012 οὕτως
738 2944 892 3020 ἦλθε,
921 2950 1010 3004 διὰ
1050 2952 1103 3006 τί
1135 2946 1291 3018 οὗτος
1345 2957 1410 3009 ἐκ
1463 2959 1734 3030 παρθένου
1780 2965 1875 3018 καὶ

221 3052 232 3060 λ
292 3035 370 3106 μὴ
399 3036 494 3088 καὶ
523 3037 686 3102 αὐτὸς
713 3039 770 3104 ἐξ
800 3041 988 3115 ἀνδρὸς
1013 3044 1105 3098 καὶ
1136 3048 1426 3116 γυναικός;
1459 3049 1616 3105 Οὕτω
1644 3053 1752 3126 γὰρ
1781 3057 1875 3110 καὶ

1973 571 2075 625 set,
2111 577 2210 616 cur
2241 561 2426 618 statim
2480 568 2640 629 atque
2691 559 2757 612 de
2805 555 2975 610 Maria
3019 554 3553 625 proccssit.Emma-

1973 653 2098 707 nuel
2125 663 2347 709 vocatus
2385 659 2488 714 est,
2518 649 2663 720 quod
2684 657 2765 704 est
2803 650 3239 720 interpretatum,
3269 645 3555 700 Nobiscum

1973 742 2113 798 Deus
2134 744 2190 797 8‘l
2221 743 2420 798 Paulus
2449 757 2594 806 vero,
2625 739 2730 795 nisi
2748 738 2985 793 Verbum
3018 738 3071 791 in
3102 752 3267 791 carne
3296 735 3453 800 foret,
3489 736 3555 790 ad

1974 835 2249 892 Romanos
2281 835 2522 890 scribere
2555 834 2658 888 ista
2682 831 2772 902 qui
2804 831 3013 902 potuit,
3059 829 3140 882 Ex
3179 828 3368 900 quibus
3403 827 3549 883 Chri—

1974 935 2088 981 stus
2121 925 2495 981 estsecundum
2527 940 2760 989 carnem,
2799 923 2887 995 qui
2921 931 2996 976 est
3022 937 3176 991 super
3209 923 3385 977 omnia
3418 921 3556 975 Deus

1977 1020 2270 1074 benedictus
2329 1021 2384 1073 in
2441 1019 2657 1074 swcula.
2722 1017 2886 1070 Amen
2925 1015 2987 1069 δῖ)
3048 1013 3410 1082 Quamobrem
3463 1015 3555 1084 qui.

1977 1119 2134 1166 antea
2159 1121 2493 1181 negaverunt
2513 1126 2636 1166 cum
2659 1110 2749 1181 qui
2772 1108 3072 1166 cruciﬁxus
3097 1114 3204 1172 est,
3224 1123 3346 1162 esse
3364 1107 3557 1172 Deum,

1976 1218 2216 1258 errorem
2243 1217 2404 1257 suum
2453 1211 2749 1272 agnoscant
2792 1217 2855 1255 ac
2901 1199 3102 1255 divinis
3157 1198 3414 1252 omnibus
3448 1197 3557 1249 Lit-

1979 1296 2110 1350 teris
2157 1295 2314 1349 ﬁdem
2361 1293 2677 1358 adhibeant,
2719 1293 2812 1348 sed
2847 1291 3070 1347 Thema:
3097 1280 3431 1360 ‘przcsertim,
3465 1289 3556 1357 qui

1978 1404 2102 1444 cum
2140 1389 2194 1444 in
2224 1387 2442 1443 Christo
2467 1386 2742 1441 clavorum
2778 1385 3007 1455 vestigia
3048 1381 3560 1439 vidissetcxciama-

1978 1481 2056 1535 vit
2090 1500 2103 1535 :
2143 1479 2398 1534 Dominus
2451 1494 2597 1532 meus
2650 1485 2698 1531 et
2753 1475 2890 1530 Deus
2940 1491 3083 1529 meus
3115 1479 3156 1528 ⁸.
3199 1473 3369 1529 Filius
3413 1472 3561 1528 enim

1980 1573 2230 1644 idemque
2267 1570 2412 1626 Deus
2467 1586 2531 1625 ac
2565 1569 2749 1641 gloriae
2803 1567 3070 1622 Dominus
3107 1567 3160 1620 in
3201 1583 3266 1621 eo
3310 1581 3556 1636 corpore.

1979 1664 2122 1737 quod
2152 1681 2248 1735 per
2280 1669 2549 1720 Summam
2590 1661 2943 1733 ignominiam
2977 1661 3146 1715 clavis
3190 1660 3463 1713 conﬁxum
3496 1673 3575 1712 ac

1981 1756 2399 1812 dehonestatum
2451 1752 2668 1817 fuerat,
2730 1751 2956 1806 omnino
3007 1752 3295 1806 residebat.
3345 1752 3559 1820 Corpus

1981 1848 2192 1918 1006
2221 1848 2397 1918 ipsum
2431 1861 2558 1900 vero
2599 1845 2653 1899 in
2679 1860 2843 1900 cruce
2884 1846 3214 1914 perforatum
3253 1844 3438 1912 utique
3467 1859 3560 1912 pa-

1977 1942 2236 2004 tiebatur,
2279 1948 2332 1994 et
2361 1955 2424 1994 ex
2456 1939 2576 2008 ejus
2630 1939 2796 1993 latere
2846 1937 3068 2008 sanguis
3114 1952 3236 1989 cum
3279 1952 3417 2006 aqua
3458 1937 3562 1988 dif-

1976 2030 2216 2085 ﬂuebat:
2249 2045 2436 2084 verum
2490 2043 2613 2082 cum
2664 2027 2830 2082 divini
2866 2024 3025 2080 Verbi
3076 2026 3334 2096 templum
3391 2031 3560 2080 esset.

1974 2129 2092 2177 erat
2134 2121 2417 2176 divinitate
2460 2119 2858 2190 plenissimum.
2889 2118 3059 2183 Quam
3106 2119 3174 2172 ob
3213 2131 3434 2171 causam
3478 2115 3561 2170 sol

1976 2215 2114 2284 ipse,
2155 2228 2281 2268 cum
2327 2221 2604 2268 auctorem
2652 2227 2811 2267 suum
2869 2220 2975 2265 tam
3020 2225 3213 2280 graves
3259 2209 3312 2262 in
3360 2207 3562 2262 misero

1975 2323 2204 2380 corpore
2254 2308 2613 2362 contumelias
2656 2307 2974 2360 tolerantem
3017 2305 3242 2368 videret,
3291 2302 3457 2356 radiis
3496 2318 3589 2356 ee-

1977 2401 2096 2456 luee
2150 2414 2476 2470 suppressa,
2522 2409 2720 2454 terram
2771 2398 3010 2453 tenebris
3063 2395 3323 2461 obduxit;
3359 2411 3563 2464 corpus

1977 2501 2156 2547 autem
2190 2493 2403 2547 mortali
2432 2501 2626 2548 natura
2661 2491 2943 2560 prrcditum
2986 2504 3149 2559 supra
3191 2495 3400 2542 natura:
3446 2503 3556 2542 sua:

1976 2584 2344 2641 conditionem
2383 2591 2600 2654 prepter
2628 2581 2888 2645 Verbum,
2916 2581 3058 2650 quod
3105 2581 3158 2633 in
3203 2578 3322 2649 ipso
3349 2588 3484 2641 erat,
3528 2594 3558 2631 a

1977 2680 2208 2734 mortuis
2238 2679 2532 2732 excitatum
2557 2685 2661 2740 est,
2687 2684 2739 2731 et
2783 2691 2810 2728 a
2855 2673 3090 2728 naturali
3115 2673 3468 2742 corruptione
3496 2671 3561 2725 li-

1977 2770 2248 2831 beratum,
2285 2767 2446 2824 Verbi
2489 2767 2758 2838 quoddam
2794 2767 2939 2820 velut
2975 2764 3350 2819 indumentum
3369 2771 3450 2817 est
3482 2763 3563 2817 fa-

1976 2867 2122 2915 ctum
2152 2876 2166 2925 ;
2197 2874 2430 2930 cumque
2467 2858 2662 2924 Verbo,
2699 2858 2841 2928 quod
2879 2859 3170 2912 humanam
3195 2857 3556 2912 conditionem

1977 2961 2217 3022 superat,
2272 2955 2418 3008 velut
2466 2953 2662 3006 amictu
2721 2951 2956 3021 quodam
3018 2949 3336 3004 obvolutum
3393 2955 3556 3012 esset,

1977 3047 2346 3116 corruptionis
2380 3055 2460 3099 est
2481 3061 2674 3114 expers
2714 3045 2980 3098 redditum
3006 3044 3044 3093 ⁸.
3076 3043 3229 3109 Quod
3269 3049 3446 3096 autem
3492 3040 3559 3094 ad

285 3128 518 3192 ἕκαστος
548 3130 657 3184 τῶν
692 3132 862 3200 ἁγίων
900 3136 1184 3208 ἐγεννήθη.
1222 3141 1290 3192 Ἢ
1328 3141 1415 3194 διὰ
1456 3141 1528 3208 τί,
1574 3143 1747 3210 οὕτως
1791 3147 1874 3200 ἐλ-

1982 3137 2365 3216 nonnullorum
2409 3135 2600 3190 inanes
2639 3151 2810 3205 nugas
2859 3144 2912 3189 et
2955 3140 3262 3188 commenta
3305 3133 3559 3202 pertinet,

287 3219 474 3284 θόντος
510 3222 602 3276 τοῦ
657 3225 853 3293 Λόγου,
891 3228 990 3298 οὐχ
1036 3231 1065 3282 6
1118 3229 1351 3285 ἑκάστου
1397 3235 1624 3302 θάνατος
1658 3238 1876 3308 λέγεται

287 3311 430 3382 ὑπὲρ
455 3315 614 3384 ἡμῶν
645 3317 994 3387 γεγενῆσθαι,
1026 3321 1139 3374 ἀλλ’
1173 3325 1201 3375 ό
1240 3325 1427 3378 τούτου
1465 3328 1622 3398 μόνος
1648 3347 1662 3394 ;
1698 3330 1799 3384 Διὰ
1825 3331 1878 3384 τί

285 3404 345 3457 δὲ
370 3406 492 3457 καθ’
519 3407 748 3461 ἕκαστον
774 3409 882 3462 τῶν
902 3413 1207 3482 ’προφητῶν
1241 3416 1634 3487 ἐπιδημοῦντος
1658 3420 1751 3474 τοῦ
1782 3424 1878 3475 Λό-

287 3513 410 3562 γου,
439 3496 654 3565 λέγεται
681 3499 774 3551 ἐπὶ
806 3501 968 3570 μόνου
999 3501 1093 3555 τοῦ
1126 3507 1188 3556 ἐκ
1219 3507 1458 3578 Μαρίας,
1488 3509 1562 3573 ὡς
1595 3511 1742 3576 ἅπαξ
1784 3515 1874 3566 ἐπὶ

289 3589 568 3661 συντελείᾳ
619 3591 728 3644 τῶν
787 3593 999 3647 αἰώνων
1053 3597 1524 3670 ἐπιδημήσαντος;
1568 3606 1637 3656 "ll
1687 3604 1772 3659 διὰ
1799 3607 1872 3672 τί,

285 3681 459 3745 οὕτως
489 3682 734 3747 ἐλθόντος
761 3685 960 3751 αὐτοῦ,
1004 3687 1080 3751 ὡς
1119 3685 1282 3760 ἦλθεν
1329 3694 1386 3744 ἐν
1416 3697 1528 3758 τοῖς
1568 3696 1876 3769 ἔμπροσθεν

289 3771 486 3840 ἁγίοις.
521 3775 571 3826 οί
609 3775 710 3844 μὲν
747 3776 893 3830 ἄλλοι
945 3779 1142 3843 πάντες
1193 3782 1554 3850 ἀποθανόντες
1602 3789 1754 3842 οὔπω
1785 3792 1878 3846 ἀν-

287 3855 546 3926 έστησαν,
589 3861 618 3912 6
659 3859 717 3912 δὲ
760 3862 824 3913 ἐκ
854 3863 1070 3933 Μαρίας
1113 3865 1272 3935 μόνος
1318 3869 1636 3942 ἁνέστη;Ἦ
1673 3874 1761 3929 διὰ
1799 3878 1873 3940 τί,

287 3948 488 4017 ὁμοίως
514 3953 626 4015 τοῖς
654 3951 834 4016 ἄλλοις
855 3953 1099 4020 ἐλθόντος
1132 3957 1225 4010 τοῦ
1253 3960 1448 4028 Λόγου,
1475 3963 1687 4032 λέγεται
1716 3968 1876 4038 μόνος

284 4040 314 4091 ό
331 4041 399 4094 ἐκ
414 4042 634 4114 Μαρίας
659 4044 1024 4118 Ἐμμανουὴλ,
1051 4048 1126 4112 ὼς
1153 4049 1402 4120 σώματος
1443 4055 1874 4129 πεπληρωμένου

235 4193 242 4198 ἢ
286 4133 540 4205 θεότητος
579 4136 673 4189 καὶ
719 4137 1000 4208 τεχθέντος
1041 4141 1101 4205 ἐξ
1156 4143 1358 4213 αύτῆς;
1401 4145 1474 4198 Τὸ
1518 4149 1628 4219 γὰρ
1667 4151 1878 4223 Ἐμμα-

285 4225 450 4296 voqu
496 4227 878 4298 ἑρμηνεύεται,
912 4231 1050 4286 Μεθ’
1073 4233 1244 4301 ἡμῶν
1274 4237 1307 4289 ὁ
1356 4237 1517 4303 Θεός.
1554 4240 1623 4292 Ἦ
1667 4243 1755 4297 διὰ
1799 4247 1874 4310 τί,

287 4317 450 4389 εἴπερ
477 4317 650 4384 οὕτως
671 4315 856 4392 ἦλθεν,
889 4321 1161 4390 ἐσθίοντος
1191 4326 1422 4381 ἑκάστου
1447 4329 1555 4383 τῶν
1591 4315 1761 4402 ἁγίων
1784 4340 1878 4393 καὶ

287 4409 534 4474 πίνοντος
589 4413 683 4466 καὶ
722 4413 1022 4481 κοπιῶντος
1072 4419 1164 4471 καὶ
1199 4418 1654 4492 ἀποθνήσκοντος,
1689 4426 1750 4480 ού
1786 4427 1876 4480 λέν

1980 3231 2071 3300 qui
2106 3239 2164 3284 ut
2196 3230 2249 3284 in
2283 3230 2525 3299 reliquos
2555 3228 2848 3298 prophetas
2870 3241 3082 3292 omnes,
3120 3226 3192 3279 ita
3223 3233 3276 3280 et
3303 3226 3354 3278 in
3393 3241 3571 3278 unum-

1981 3324 2129 3378 illum
2179 3339 2209 3378 c
2253 3321 2420 3376 Maria
2472 3330 2659 3376 natum
2709 3321 2980 3375 hominem
3032 3318 3274 3373 divinum
3325 3316 3562 3372 Verbum

1980 3416 2232 3485 illapsum
2269 3429 2392 3469 esse
2421 3413 2662 3468 sentiunt
2693 3429 2704 3464 :
2734 3411 2979 3482 pluribus
3020 3424 3082 3465 ea
3109 3408 3176 3463 de
3202 3423 3259 3464 re
3284 3409 3564 3477 disputare

1980 3520 2440 3575 supervacaneum
2470 3509 2591 3571 est,
2630 3503 2823 3556 horum
2863 3502 3057 3572 quippe
3089 3500 3252 3554 stulta
3291 3507 3343 3553 et
3383 3499 3564 3567 inepta

1979 3598 2260 3668 persuasio
2283 3595 2567 3653 manifeste
2587 3611 2649 3651 ac
2667 3595 2784 3651 sine
2814 3595 2924 3650 ullo
2956 3593 3171 3664 negotio
3195 3592 3560 3646 convincitur.

1981 3689 2112 3743 Nam
2146 3691 2190 3746 si
2223 3689 2288 3744 ad
2321 3705 2447 3744 eum
2484 3688 2703 3742 modum
2736 3688 2826 3741 ille
2848 3685 3149 3750 descendit,
3177 3700 3276 3739 cur
3297 3699 3326 3739 e
3355 3683 3564 3754 virgine

1983 3789 2162 3841 natus.
2191 3796 2296 3835 non
2328 3797 2391 3836 ex
2429 3781 2547 3835 viro
2578 3779 2888 3850 feminaque
2926 3785 3216 3848 susceptus
3243 3784 3347 3840 est,
3372 3792 3563 3846 quem-

1981 3875 2270 3928 admodum
2290 3873 2464 3929 sancti
2488 3888 2679 3928 omnes
2710 3872 2765 3926 in
2792 3873 2966 3928 lucem
2988 3871 3118 3927 editi
3151 3868 3406 3925 fuerunt?
3429 3869 3560 3931 Cur,

1980 3985 2102 4023 eum
2156 3968 2228 4021 ita
2259 3966 2493 4021 Verbum
2542 3967 2794 4036 illapsum
2845 3965 2938 4030 sit,
2989 3979 3099 4018 non
3129 3963 3292 4018 etiam
3335 3970 3562 4016 cmtero—

1983 4074 2099 4111 rmn
2138 4057 2570 4125 uniuscujusque
2612 4069 2757 4108 mors
2805 4065 2992 4108 thlra
3026 4067 3190 4108 causa
3226 4051 3450 4106 tolerata
3477 4049 3561 4102 di-

1980 4152 2145 4214 eitur,
2179 4150 2273 4205 sed
2303 4149 2463 4217 hujus
2486 4149 2749 4202 duntaxat
2791 4146 3001 4200 unius?‘
3032 4145 3164 4208 Cur,
3200 4158 3322 4198 cum
3355 4142 3408 4195 in
3450 4141 3562 4196 sin-

1979 4243 2136 4313 gulos
2171 4245 2463 4312 prophetas
2513 4238 2756 4293 divinum
2797 4255 2854 4293 se
2896 4236 3132 4292 Verbum
3180 4235 3561 4294 insinuaverit.

1981 4335 2035 4388 in
2069 4349 2134 4388 eo
2173 4333 2310 4395 solo,
2347 4331 2438 4400 qui
2478 4346 2508 4386 e
2553 4329 2721 4384 Maria
2771 4338 2933 4385 natus
2958 4337 3063 4392 est,
3111 4330 3164 4382 in
3215 4341 3563 4382 consumma-

1981 4427 2128 4480 tione
2169 4425 2492 4480 saeculorum
2543 4423 2707 4478 semel
2765 4423 3050 4478 advenisse
3103 4420 3384 4476 dicitur“?
3427 4420 3560 4482 Cur,

289 4518 448 4570 γεται
477 4503 740 4570 ὡσαύτως
797 4508 994 4562 ἐσθίων
1047 4512 1142 4565 καὶ
1185 4514 1392 4568 κοπιῶν
1435 4517 1528 4569 καὶ
1565 4519 1872 4585 ἀποθανὼν,

1983 4536 2106 4574 eum
2131 4519 2322 4572 eodem
2355 4517 2514 4571 modo
2541 4531 2599 4571 se
2625 4515 2679 4569 in
2708 4516 2856 4569 illum
2884 4515 3164 4579 infuderit,
3198 4530 3306 4584 quo
3337 4513 3391 4567 in
3417 4513 3563 4582 prio-

288 4593 406 4646 ἀλλ’
443 4595 534 4647 ἐπὶ
561 4596 723 4666 μόνου
749 4596 842 4651 τοῦ
873 4601 936 4653 ἐκ
963 4601 1182 4672 Μαρίας
1202 4621 1216 4671 ;
1240 4605 1305 4656 Ἀ
1341 4605 1449 4678 γὰρ
1481 4606 1687 4680 ἔπασχε
1718 4611 1876 4666 τοῦτο

289 4683 352 4735 τὺ
377 4683 556 4756 σῶμα,
580 4687 751 4742 ταῦτα
794 4690 870 4753 ὼς
917 4693 1083 4746 αὑτοῦ
1129 4696 1428 4766 πάσχοντος
1485 4701 1713 4772 εἴρηται.
1764 4705 1874 4758 Καὶ

288 4775 398 4829 τῶν
436 4777 610 4833 ἄλλων
640 4781 696 4834 δέ
733 4782 950 4836 πάντων
987 4785 1292 4856 λεγομένων
1324 4790 1501 4859 μόνον,
1527 4793 1612 4846 ὅτι
1650 4794 1875 4866 ἐτέχθη-

291 4884 412 4932 σαν,
454 4869 546 4923 καὶ
584 4873 970 4946 ἐγεννήθησαν,
1005 4877 1098 4930 ἐπὶ
1127 4877 1220 4932 τοῦ
1267 4880 1331 4932 ἐκ
1362 4881 1579 4954 Μαρίας
1608 4883 1768 4954 μόνου
1797 4886 1875 4939 εί-

294 4975 488 5029 ρηταιο
519 4963 630 5017 Καὶ
669 4967 702 5018 ό
730 4966 920 5035 Λόγος
947 4967 1104 5037 σὰρξ
1137 4968 1393 5039 ἐγένετο.

1985 4627 2072 4667 res
2103 4625 2294 4666 omnes
2322 4616 2542 4664 sanctos
2568 4607 2948 4675 descenderat,
2980 4606 3174 4676 reliqui
3199 4622 3389 4661 omnes
3420 4621 3560 4660 non-

1981 4701 2110 4756 dum
2141 4707 2263 4770 post
2297 4707 2523 4754 mortem
2553 4704 2938 4766 surrexerunt;
2970 4697 3122 4753 solus
3170 4697 3259 4752 ille
3301 4710 3427 4751 vero
3467 4695 3562 4765 qui

1979 4808 2010 4848 e
2038 4789 2204 4845 Maria
2237 4789 2451 4862 genitus
2482 4797 2586 4854 est,
2621 4788 2779 4844 tertia
2810 4788 2899 4842 die
2944 4787 3221 4844 surrexit?
3255 4787 3388 4852 Cur,
3435 4800 3564 4840 cum

1979 4883 2167 4939 eadem
2203 4897 2309 4952 qua
2351 4881 2405 4936 in
2439 4890 2666 4937 caeteros
2720 4881 2931 4937 ratione
2988 4880 3234 4936 divinum
3261 4878 3391 4934 illud
3425 4876 3564 4931 νοτ-

1982 4977 2110 5032 bum
2133 4976 2414 5046 delapsum
2441 4974 2534 5038 sit,
2570 4989 2712 5030 unus
2741 4973 2831 5030 ille
2853 4989 2918 5029 ex
2951 4973 3120 5028 Maria
3152 4979 3313 5027 natus
3342 4969 3562 5024 Emma-

295 5055 422 5152 ξ’ξιθι
458 5057 782 5152 ερρθιμξιιιιτ,
818 5063 973 5152 quasi
1009 5078 1211 5134 corpus
1256 5067 1433 5136 ipsum
1499 5069 1784 5130 divinitate
1830 5078 2118 5148 repletum,
2171 5085 2225 5130 et
2259 5075 2326 5130 ab
2355 5089 2419 5129 ea
2457 5081 2646 5128 natum
2680 5072 2990 5128 exstiterit?
3043 5069 3179 5124 Nam
3239 5066 3558 5121 Emmanuel

293 5142 437 5198 Idem
481 5145 753 5215 signiﬁcat
814 5163 878 5204 ae
907 5149 1197 5208 Nobiscum
1249 5155 1408 5211 Deus.
1446 5158 1576 5224 Cur,
1613 5163 1659 5217 si
1697 5165 1761 5218 ad
1801 5142 1923 5220 eum
1966 5165 2185 5221 modum
2211 5165 2535 5229 accesserit,
2566 5179 2690 5218 cum
2735 5171 2959 5219 sanctus
2994 5160 3220 5232 quilibet
3262 5156 3561 5211 manduca-

293 5245 376 5290 ret
419 5251 484 5294 ac
546 5237 798 5309 biberet,
864 5257 1076 5299 necnon
1142 5246 1459 5318 fatigaretur
1521 5267 1586 5308 ac
1629 5267 1950 5323 moreretur,
1997 5259 2052 5313 in
2104 5259 2253 5314 nullo
2314 5268 2492 5313 tamen
2544 5256 2776 5312 Verbum
2848 5258 3027 5326 ipsum
3084 5250 3407 5314 comedisse,
3477 5251 3559 5306 la—

295 5330 540 5396 borasse,
576 5341 804 5388 mortem
840 5334 1075 5406 denique
1121 5337 1358 5394 subiisse
1401 5341 1623 5407 dicitur,
1663 5346 1765 5400 nisi
1816 5347 1868 5401 in
1909 5364 1974 5402 eo
2003 5348 2139 5414 solo,
2167 5364 2326 5418 quem
2363 5347 2529 5401 Maria
2559 5346 2724 5417 Virgo
2757 5345 3004 5416 peperit?
3052 5342 3183 5408 Quae
3226 5344 3368 5396 enim
3435 5357 3558 5396 cor-

298 5442 399 5497 pus
431 5429 610 5498 ipsum
665 5446 983 5502 perpessum
1031 5442 1135 5499 est,
1179 5435 1291 5490 haec
1340 5438 1414 5490 illi
1473 5441 1696 5508 perinde
1737 5459 1801 5498 ac
1849 5445 1892 5500 si
1956 5461 2178 5516 passum
2225 5455 2370 5501 esset
2410 5445 2744 5498 tribuuntur.
2804 5441 2996 5501 Porro,
3035 5453 3160 5492 cum
3216 5439 3282 5493 de
3343 5439 3559 5494 caeteris

301 5541 480 5685 unqu
511 5526 640 5580 illud
676 5527 876 5648 jactzri
908 5530 1101 5597 soleat,
1145 5533 1437 5600 productos
1472 5536 1592 5590 illos
1637 5553 1698 5592 ac
1733 5541 1945 5609 genitos
1976 5542 2170 5606 fuisse,
2203 5542 2270 5596 de
2323 5541 2439 5597 solo
2497 5539 2678 5593 Mariae
2721 5537 2830 5590 ﬁlio
2878 5535 3079 5589 dicitur
3130 5552 3142 5588 :
3222 5533 3289 5586 Et
3336 5533 3558 5588 Verbum

301 5633 423 5670 caro
477 5627 654 5670 actum
683 5628 759 5670 est
826 5657 838 5670 .

297 5633 423 5670 caro
453 5627 654 5670 tactum
683 5628 759 5670 est
797 5627 838 5670 ⁵.

371 5752 387 5782 ¹
418 5769 507 5827 π).
537 5752 799 5827 ἐσκότισε.
878 5755 896 5782 ³
939 5753 1274 5827 .-\hsunlh_mc
1297 5757 1364 5811 ab
1390 5758 1625 5812 editione
1651 5757 1874 5812 Athana:

2032 5762 2050 5792 ³
2082 5761 2184 5818 lsa.
2218 5763 2271 5826 '7,
2303 5760 2401 5827 l4;
2441 5757 2629 5814 Matth.
2668 5774 2705 5824 ι,
2728 5758 2817 5812 ‘25.

371 5757 387 5782 '
537 5757 799 5844 ἐσκότισε.
878 5757 896 5782 ⁵
939 5757 1364 5844 Alisltnthlmeab
1390 5758 1625 5844 editione
1647 5757 1874 5844 ﬁlthaua:

1999 5762 2050 5844 ,³
2082 5761 2184 5818 lsa.
2218 5763 2271 5826 '7,
2303 5760 2401 5827 l4;
2441 5757 2629 5814 Matth.
2668 5774 2705 5824 ι,
2728 5758 2817 5812 ‘25.
2897 5757 2914 5788 ³
2946 5757 3099 5814 Rom.
3122 5774 3197 5826 Ix,
3354 5762 3373 5794 ⁵
3400 5761 3557 5818 Joan.

281 5839 393 5894 με,
418 5823 508 5875 28.
586 5822 604 5851 ⁸
634 5821 764 5878 Luc.
799 5839 950 5888 mn,
974 5825 1062 5879 45.
1137 5826 1155 5855 ⁷
1188 5825 1345 5882 llebr.
1388 5831 1567 5893 1:326.
1645 5829 1666 5859 ⁸
1693 5828 1849 5885 Joan.
1881 5847 1916 5895 ι,
1955 5832 2039 5886 14.
