3994 6224
394 299 500 356 (ὥς)

1815 303 1874 363 S.
1916 303 2260 362 EPlPllANll

3569 309 3684 367 660

471 425 681 497 1007
723 399 857 482 Xlll.
919 424 998 502 Ex
1048 424 1248 498 quibus
1309 424 1594 484 evidenter
1653 425 1981 491 ostenditur,

2155 427 2258 480 Il".
2287 424 2380 492 Ἐξ
2425 417 2502 481 ὧν
2546 425 2838 494 δείκνυται,
2865 425 2949 482 ὅτι
2993 425 3131 502 πρὸς
3175 425 3277 498 μὲν
3314 426 3442 491 τοὺς
3481 426 3684 490 ἄλλους

400 532 521 571 eum
557 520 610 572 in
641 519 882 588 reliquos
914 501 1254 574 Vaticinandi
1299 519 1477 574 solum
1514 519 1688 590 gratia
1729 533 1852 576 sese
1893 515 1988 574 Dei

2107 517 2300 582 πάντας
2326 518 2548 588 γέγονεν
2581 521 2610 570 ὁ
2643 520 2814 590 Λόγος
2849 521 2944 574 τοῦ
2985 501 3350 592 προφητεύειν
3389 518 3574 590 χάριν,
3615 521 3685 573 ἐκ

402 610 632 666 Verbum
669 609 948 676 infuderit,
983 611 1124 667 idem
1167 611 1346 682 ipsum
1375 625 1407 668 c
1449 610 1620 666 Maria
1663 625 1829 666 carne
1867 625 1988 666 sus-

395 711 552 772 cepta
584 702 855 759 hominem
881 704 1167 774 prodiisse.
1203 704 1313 772 Qui
1341 716 1396 760 et
1425 712 1622 761 natura
1645 704 1988 760 substantia-

397 809 502 866 que
535 791 626 850 Dei
661 793 892 850 \‘erbum
921 804 1060 863 erat,
1090 803 1166 862 et,
1193 795 1338 867 quod
1367 798 1433 850 ad
1469 812 1689 852 carnem
1719 797 1931 860 attinet,
1959 811 1990 852 e

401 885 620 940 Davidis
673 889 865 958 stirpe.
917 887 1210 960 uariatque
1259 902 1426 944 carne
1469 898 1630 944 natus
1677 899 1761 946 est
1799 888 1986 954 homo,

398 977 856 1047 quemadmodum
904 978 1144 1036 declarat
1175 980 1468 1052 Apostolus
1493 981 1532 1034 ⁸.
1581 979 1736 1036 lluuc
1769 981 1825 1036 in
1867 978 1990 1036 Jor—

397 1069 575 1125 dane'
604 1079 766 1142 atque
799 1073 852 1126 in
891 1072 1106 1130 monle‘
1147 1071 1308 1128 Pater
1339 1073 1732 1128 demonstravit
1759 1073 1841 1128 his
1865 1089 1990 1130 ver-

403 1161 489 1218 bis
525 1179 538 1216 :
575 1161 678 1216 Hic
709 1173 788 1218 est
821 1162 999 1220 Filius
1034 1181 1179 1220 meus
1209 1165 1450 1232 dilectus,
1483 1167 1538 1222 in
1567 1181 1667 1236 quo
1693 1166 1822 1220 mihi
1847 1181 1990 1220 com-

400 1253 602 1322 μιαραὶ.
634 1253 790 1310 llunc
821 1256 1008 1312 Ariani
1047 1265 1266 1328 negant,
1301 1272 1403 1313 nos
1432 1257 1722 1314 adorantes
1745 1257 1989 1328 agnosci-

402 1360 548 1408 mus,
586 1361 763 1417 neque
795 1346 991 1404 Filium
1023 1363 1053 1404 a
1093 1347 1272 1406 Verbo
1312 1363 1666 1424 separamus;
1711 1350 1806 1406 sed
1855 1348 1992 1406 Ver-

2090 609 2309 681 Μαρίας
2337 609 2499 675 αὐτὸς
2535 613 2564 665 ὁ
2587 611 2761 682 Λόγος
2793 612 2973 684 σάρκα
3017 611 3198 682 ἐαυτῷ
3233 610 3433 666 λαϐὼν.
3473 609 3690 680 προῆλ-

2092 706 2184 761 θεν
2207 706 2512 780 ἄνθρωπος,
2541 709 2608 780 τῇ
2639 708 2739 780 μὲν
2769 709 2929 779 φύσει
2957 709 3050 764 καὶ
3081 711 3152 780 τῇ
3193 708 3352 779 οὐσία
3388 708 3566 775 Λόγος
3607 705 3688 760 ὣν

2088 799 2184 854 τοῦ
2238 799 2392 866 Θεοῦ,
2421 800 2562 854 κατὰ
2597 801 2656 856 δὲ
2699 800 2877 873 σάρκα
2919 801 2989 854 ἐκ
3021 801 3334 873 σπέρματος
3363 799 3552 860 Δασὶδ,
3587 799 3690 853 καὶ

2087 891 2188 962 τῆς
2207 891 2408 964 σαρκὸς
2440 891 2658 964 Μαρίας
2685 893 2980 963 γενόμενος
3009 891 3316 963 ἄνθρωπος,
3341 891 3420 955 ὡς
3453 888 3614 944 εἶπεν
3657 893 3690 946 ὁ

2091 982 2320 1049 Παῦλος.
2353 983 2556 1039 Τοῦτον
2586 985 2682 1039 καὶ
2727 987 2756 1040 6
2787 987 2978 1057 Πατὴρ
3009 975 3286 1039 ἐδείκνυεν
3331 986 3390 1038 ἐν
3431 984 3516 1055 τῷ
3545 985 3688 1054 Ἰορ-

2089 1076 2224 1152 δάνῃ
2277 1077 2371 1131 καὶ
2401 1079 2458 1131 ὲν
2495 1077 2577 1148 τῷ
2617 1077 2756 1150 lipsi,
2807 1076 2982 1148 λέγων
3001 1094 3016 1110 ⁸
3061 1073 3251 1144 Οὗτός
3279 1077 3454 1131 ἐστιν
3485 1079 3522 1131 d
3551 1077 3690 1142 Υἱός

2083 1185 2204 1238 μου
2237 1170 2270 1222 ὁ
2308 1169 2636 1238 ἀγαπητὸς,
2676 1169 2746 1223 ἐν
2789 1161 2837 1236 ᾧ
2875 1168 3212 1238 ηὐδόκησα.
3265 1167 3474 1223 Τοῦτον
3499 1169 3553 1221 οί
3583 1169 3690 1238 μὲν

2103 1259 2369 1329 ’Λρειανοὶ
2397 1260 2728 1331 ἠρνήσαντο,
2759 1261 2917 1330 ἡμεῖς
2947 1260 3004 1313 δὲ
3043 1259 3484 1332 ὲπιγινώσκομεν
3511 1277 3692 1332 προσ-

2091 1349 2397 1416 κυνοῦντες·
2415 1352 2477 1406 οὐ
2495 1351 2828 1424 διαιροῦντες
2851 1353 2941 1406 τὸν
2965 1352 3086 1408 Υίὸν
3109 1355 3205 1407 καὶ
3229 1353 3322 1407 τὸν
3349 1353 3546 1422 Λόγον,
3569 1350 3688 1406 ἀλλ’

404 1437 532 1492 bum
567 1439 744 1510 ipsum
769 1439 964 1496 Filium
992 1457 1115 1498 esse
1143 1443 1774 1516 contitemur,perquem
1805 1443 1985 1498 omnia

2107 1445 2252 1499 ιὺτὸν
2271 1444 2362 1500 τὸν
2383 1445 2558 1516 Λόγον
2577 1445 2778 1510 εἰδότες
2801 1441 2940 1500 εἶναι
2967 1445 3060 1500 τὸν
3079 1445 3226 1510 Υίὺν,
3243 1445 3310 1499 δι’
3325 1441 3386 1499 οὗ
3407 1445 3479 1499 τά
3503 1445 3690 1500 πάντα

404 1527 548 1584 facta
595 1539 746 1596 sunt,
796 1548 1006 1603 nosque
1049 1532 1186 1588 adeo
1241 1533 1344 1606 ipsi
1379 1533 1610 1590 liberati.
1663 1533 1816 1589 Unde
1855 1533 1987 1588 illud

2107 1536 2279 1606 Γέγονε
2330 1537 2426 1592 καὶ
2455 1540 2617 1611 ἡμεῖς
2639 1537 3112 1610 ἠλευθερώθημεν.
3140 1540 3231 1592 Διὸ
3259 1538 3350 1592 καὶ
3367 1538 3692 1610 ἐθαυμάσα-

405 1635 734 1693 magnopere
765 1623 1017 1679 demirati
1056 1640 1269 1688 sumus,
1299 1625 1576 1698 quomodo
1601 1627 1684 1681 vel
1710 1625 1987 1682 levissima

2107 1647 2215 1698 1.5",
2256 1631 2373 1694 πῶς
2407 1630 2544 1695 ὅλως
2592 1632 2651 1686 ὲν
2707 1632 2839 1702 ἡμῖν
2865 1631 2996 1703 περὶ
3047 1631 3254 1686 τούτων
3289 1631 3464 1696 οὕτως
3491 1630 3690 1700 γέγονε

405 1710 549 1766 inter
571 1725 672 1769 nos
697 1727 762 1768 ea
785 1713 852 1770 de
889 1730 946 1770 re
973 1716 1345 1772 controversia
1376 1716 1577 1772 moveri
1605 1717 1864 1788 potuerit.
1893 1715 1990 1772 Ve-

2093 1723 2408 1790 φιλονεικία.
2457 1721 2616 1778 Ἀλλὰ
2659 1723 2819 1796 χάρις
2857 1724 2935 1795 τῷ
2981 1723 3122 1795 Θεῷ,
3169 1725 3293 1778 ὅσον
3333 1723 3692 1795 ὲλυπήθημεν

407 1820 528 1860 rum
573 1805 836 1862 habendae
881 1805 989 1863 Deo
1019 1810 1208 1879 gratia:
1240 1817 1388 1876 sunt,
1429 1809 1596 1880 quod,
1629 1817 1892 1880 quantum
1921 1825 1988 1864 ex

2107 1813 2510 1885 ιντυγχάνοντες
2537 1818 2649 1880 τοῖς
2692 1817 3068 1888 ὑπομνήμασι,
3111 1815 3364 1870 τοσοῦτον
3399 1815 3690 1886 ἐχάρημεν

407 1897 626 1952 illorum
647 1901 1164 1957 commentariorum
1190 1903 1422 1958 lectione
1448 1902 1700 1960 mteroris
1719 1901 1986 1971 cepimus,

406 1999 621 2046 tantum
667 1992 828 2050 nobis
863 1995 1177 2051 eorumdem
1223 1994 1346 2050 ﬁnis
1393 1995 1688 2065 voluptatis
1727 1995 1989 2050 attulerit.

407 2082 690 2154 Siquidem
725 2093 914 2140 mutua
939 2101 1062 2142 cum
1101 2087 1394 2143 concordia
1424 2087 1818 2152 discesserunt,
1841 2102 1991 2142 eam-

407 2173 642 2248 demque
675 2177 798 2233 ﬁdei
827 2178 1200 2236 sinceritatem
1241 2195 1306 2236 ac
1337 2179 1591 2252 pietatem
1629 2179 1862 2252 professi
1895 2195 1994 2250 pa-

409 2281 528 2326 cem
557 2269 918 2326 retinuerunt.
945 2269 1078 2338 Quae
1105 2287 1192 2327 me
1222 2286 1311 2328 res
1337 2270 1682 2342 potissimum
1713 2278 1836 2342 post
1864 2271 1991 2326 diu—

411 2369 626 2415 lernam
659 2360 1109 2419 deliberationem
1141 2362 1375 2436 impulit,
1412 2373 1468 2418 ut
1519 2362 1633 2418 haec
1669 2377 1842 2434 pauca
1872 2378 1993 2433 per-

409 2451 742 2520 scriberem;
785 2454 1013 2511 verebar
1054 2454 1221 2524 enim,
1264 2469 1334 2512 ne
1376 2455 1470 2527 qui
1521 2455 1681 2511 nobis
1724 2455 1995 2526 gaudendi

409 2544 696 2600 materiam
741 2547 1109 2606 consensione
1145 2562 1249 2604 sua
1301 2547 1686 2618 praebuissent,
1727 2548 1796 2604 iis
1825 2547 1995 2604 silen-

411 2636 548 2690 tium
603 2647 851 2694 nostrum
911 2655 1011 2710 pro
1061 2639 1248 2694 laetitia
1303 2638 1548 2694 dolorem
1599 2639 1992 2696 conscisceret.

413 2725 776 2794 Quamobrem
823 2744 948 2784 cum
993 2743 1024 2783 a
1065 2735 1119 2783 te
1155 2729 1320 2784 etiam
1361 2739 1522 2800 atque
1557 2727 1992 2800 etiam'postulo,

413 2826 530 2872 tum
567 2834 662 2876 eos
689 2819 779 2890 qui
823 2820 938 2876 hinc
964 2819 1187 2876 audient
1225 2828 1446 2892 rogatos
1481 2821 1770 2876 admodum
1806 2823 1992 2894 cupio,

415 2917 556 2966 utea
585 2911 800 2967 sincera
825 2927 947 2968 cum
972 2912 1307 2968 conscientia
1337 2913 1658 2984 percipiant.
1685 2915 1762 2970 Ac
1785 2915 1830 2972 si
1859 2917 1992 2988 quid

414 3001 479 3056 ad
505 3003 759 3072 pietatem
793 3003 967 3069 deest,
995 3003 1290 3061 emendare
1327 3018 1391 3060 ac
1418 3005 1728 3076 signiﬁcare
1763 3009 1894 3063 mihi
1923 3025 1993 3068 ne

2095 1907 2188 1960 ἐπὶ
2215 1905 2292 1978 τῷ
2329 1906 2471 1962 τέλει
2503 1907 2728 1962 τούτων.
2777 1909 2936 1962 Μετὰ
2961 1908 3072 1982 γὰρ
3109 1907 3430 1980 συμφωνίας
3475 1905 3688 1977 ἀνεχώ-

2100 2016 2292 2070 ρησαν,
2329 2000 2424 2054 καὶ
2451 2001 2772 2072 είρήνευσαν
2804 2002 2896 2054 ἐπὶ
2915 2004 2984 2072 τῇ
3011 2001 3272 2073 ὁμολογίᾳ
3293 2001 3394 2072 τῆς
3425 2000 3686 2065 εὐσεϐοῦς

2097 2093 2192 2146 καὶ
2216 2091 2496 2164 όρθοδόξου
2528 2093 2782 2158 πίστεως.
2814 2093 2985 2148 Τοῦτο
3009 2093 3140 2164 γοῦν
3177 2095 3325 2165 κάμὲ
3357 2092 3532 2147 πολλὰ
3559 2094 3693 2164 πρό-

2098 2201 2254 2256 τερον
2280 2185 2620 2258 σκεψάμενον
2670 2187 2938 2258 πεποίηκε
2961 2187 3168 2259 γράψαι
3199 2186 3270 2242 τά
3305 2186 3464 2256 ὀλίγα
3489 2186 3690 2251 ταῦτα,

2095 2277 2473 2350 λογισάμενον,
2507 2279 2586 2352 μὴ
2613 2278 2721 2351 ἄρα
2749 2280 2816 2333 ὲκ
2829 2279 2934 2350 τῆς
2955 2279 3166 2349 σιωπῆς
3190 2279 3314 2334 ἀντὶ
3337 2278 3518 2349 χαράς
3543 2277 3690 2348 λύπη

2097 2368 2320 2440 γένηται
2361 2371 2474 2438 τοῖς
2507 2369 2578 2425 ὲκ
2619 2371 2718 2442 τῆς
2769 2371 3090 2442 συμφωνίας
3119 2370 3394 2442 πρόφασιν
3433 2367 3530 2422 τοῦ
3565 2367 3690 2438 χαί-

2099 2477 2213 2531 ρειν
2241 2461 2616 2534 παρασχοῦσιν
2645 2463 2796 2534 ἡμῖν.
2836 2461 3000 2528 Ἀξιῶ
3031 2461 3213 2516 τοίνυν
3259 2461 3694 2533 προηγουμένως

2095 2551 2196 2623 τὴν
2223 2553 2322 2624 σὴν
2337 2553 2646 2619 εὐλάϐειαν,
2661 2555 2762 2609 καὶ
2779 2553 3032 2626 δεύτερον
3051 2555 3178 2620 τοὺς
3203 2553 3504 2617 ἀκούοντας
3552 2551 3696 2623 μετὰ

2102 2645 2460 2720 συνειδήσεως
2503 2647 2720 2718 ἀγαθῆς
2773 2647 2947 2704 ταῦτα
2993 2646 3290 2712 δέξασθαι,
3345 2646 3442 2700 καὶ
3485 2646 3540 2698 εί
3593 2643 3696 2714 μὲν

2101 2737 2236 2809 πρὸς
2267 2739 2548 2794 εὐσέϐειαν
2587 2740 2760 2795 λείπει
2801 2740 2978 2806 τοῦτο,
3021 2736 3418 2812 διορθώσασθαι
3475 2731 3570 2792 καὶ
3593 2737 3697 2806 δην

2099 2830 2270 2884 λῶσαί
2319 2849 2438 2903 μοι’
2483 2833 2532 2886 εί
2576 2833 2635 2887 δὲ
2681 2834 2760 2897 ὼς
2787 2835 2939 2906 παρὰ
2989 2833 3200 2888 ἰδιώτου
3245 2830 3510 2902 τῷλόγῳ,
3557 2829 3698 2901 μηδὲ

2101 2923 2222 2980 κατ’
2248 2925 2426 2992 ἀξίαν,
2443 2926 2581 2997 μηδὲ
2603 2927 2828 2992 τελείως
2857 2926 3189 2998 γέγραπται,
3221 2924 3530 2994 συγγνῶναι
3555 2923 3698 2977 πάν-

2099 3033 2196 3080 τας
2233 3019 2300 3090 τῇ
2338 3018 2586 3091 ἡμετέρᾳ
2629 3021 2758 3090 περὶ
2789 3019 2850 3074 τὸ
2871 3019 3052 3090 λέγειν
3079 3017 3356 3088 ἀσθενείᾳ.
3387 3016 3694 3088 Ἔρρωσθε.

414 3105 750 3164 graventur:
781 3098 926 3166 quod
959 3098 1007 3154 si
1066 3098 1250 3156 minus
1317 3114 1417 3170 pro
1459 3099 1536 3156 rei
1583 3100 1850 3172 dignitate
1902 3106 2164 3176 perfecta,
2201 3119 2394 3184 utpote
2421 3113 2575 3170 t'udis
2611 3123 2778 3183 atque
2828 3113 3068 3184 imperiti
3133 3102 3699 3183 horninis,'videatur

413 3188 630 3251 oratio,
687 3187 925 3260 idipsum
983 3187 1230 3246 infantiae
1283 3189 1756 3262 imbecillitatique
1807 3195 2014 3254 nostra:
2041 3200 2460 3256 condonandum
2487 3203 2827 3262 existiment.
2861 3202 3070 3262 Valete.

487 3278 765 3336 Hactenus
793 3280 1078 3338 Athanasii
1119 3282 1372 3352 cpiStola.

486 3369 627 3426 XIV.
663 3371 798 3428 Cum
833 3375 997 3444 igitur
1035 3373 1150 3430 bmc
1191 3389 1220 3430 a
1267 3375 1429 3432 nobis
1471 3375 1735 3448 producta
1774 3378 1846 3434 sit
1893 3379 2009 3450 epi-

419 3465 588 3530 stola,
623 3479 686 3519 ac
731 3480 836 3522 non
884 3467 1049 3522 modo
1095 3483 1162 3524 ex
1199 3466 1269 3524 iis
1313 3482 1434 3540 qure
1479 3467 1562 3522 vel
1596 3468 1664 3522 ab
1695 3469 1802 3526 illis
1831 3472 1910 3526 vel
1939 3470 2009 3526 ab

421 3556 543 3614 aliis
571 3557 900 3622 audivimus,
935 3559 1273 3616 utadversus
1299 3574 1394 3614 eos
1423 3560 1811 3626 scriberemus,
1849 3562 2008 3616 indu-

420 3649 492 3704 cti
523 3649 697 3704 simus
719 3691 733 3712 .
767 3650 860 3706 sed
901 3657 956 3706 et
1000 3650 1224 3706 aliunde
1247 3650 1464 3722 planum
1507 3652 1709 3708 factum
1751 3653 1842 3719 sit,
1874 3654 2008 3709 nihil

422 3757 524 3800 nos
559 3743 612 3797 in
645 3744 792 3810 ipsos
832 3743 1172 3800 calumniose
1216 3744 1518 3802 contulisse
1551 3763 1563 3800 :
1591 3746 1848 3816 deinceps
1887 3763 2010 3804 sus-

423 3845 636 3906 ceptam
685 3837 739 3892 in
779 3837 903 3894 illos
943 3835 1372 3906 disputationem
1411 3845 1675 3908 repetam,
1710 3855 1778 3894 ne
1815 3839 1898 3894 vel
1929 3851 2008 3894 tc-

423 3927 745 3986 nuissimam
781 3929 848 3984 de
889 3927 1050 3984 nobis
1097 3928 1388 3984 calumnia:
1430 3936 1621 3984 contra
1670 3927 1865 3986 fratres
1913 3946 2010 3986 no-

325 4051 330 4058 ι
422 4029 569 4084 stros
601 4021 968 4092 suspicionem
1016 4021 1342 4094 relinquam.
1392 4021 1715 4093 Quanquam
1755 4025 2007 4094 equidem

423 4113 526 4168 hoc
567 4114 808 4184 ipsorum
857 4129 1025 4174 causa
1081 4117 1379 4173 etiamnum
1439 4135 1652 4190 precor,
1693 4121 1908 4192 1008
1951 4130 2009 4176 ut

421 4207 831 4278 quannolcstia-
860 4209 1108 4266 nonnihil
1159 4210 1319 4266 nobis
1367 4213 1669 4278 attulerint,
1717 4213 2010 4282 aliquando

424 4298 724 4370 corrigam,
767 4313 836 4356 ne
875 4311 927 4356 et
967 4301 1044 4356 illi
1103 4302 1280 4359 nostri
1327 4311 1381 4358 et
1420 4304 1639 4360 illorum
1687 4320 1788 4362 nos
1831 4307 2011 4376 jactu-

425 4405 543 4450 ram
581 4390 866 4448 iaciamus.
919 4391 1030 4450 Hoc
1073 4395 1220 4450 enim
1267 4410 1643 4466 smpcnumero
1669 4412 1766 4468 per
1803 4397 2008 4468 legatos

2034 3294 2079 3354 C
2179 3292 2571 3364 Πεπλήρωται.

2179 3385 2277 3440 1Δ’.
2325 3385 2479 3440 Ἐπεὶ
2503 3382 2596 3440 οὖν
2631 3387 2780 3458 καὶὴ
2807 3386 3066 3459 ἐπιστολὴ
3095 3387 3329 3458 ὲνετάγη
3347 3427 3364 3452 ,
3397 3388 3496 3443 καὶ
3519 3387 3580 3442 οὐ
3609 3389 3698 3459 μό-

2108 3491 2198 3530 νον
2255 3476 2315 3544 ὲξ
2361 3469 2438 3532 ὧν
2471 3479 2598 3550 παρ’
2631 3477 2811 3533 αὐτῶν
2845 3478 3178 3551 ἠκούσαμεν,
3209 3479 3243 3551 ἢ
3296 3483 3430 3553 παρ’
3473 3481 3696 3553 ἑτέρων,

2109 3569 2250 3623 κατὰ
2293 3569 2402 3624 τῶν
2439 3570 2748 3642 λεγομένων
2789 3572 3132 3644 ὡρμήσαμεν
3154 3573 3364 3644 γράψαι
3388 3613 3402 3640 ,
3433 3573 3569 3627 ἀλλὰ
3605 3573 3701 3626 καὶ

2110 3663 2244 3715 πᾶσι
2274 3662 2506 3733 φανερὸν
2531 3663 2790 3735 κατέστη.
2817 3665 2900 3720 ὅτι
2928 3665 3120 3720 οὐδένα
3145 3667 3696 3736 ὲσυκοφαντήσαμενν

2109 3753 2238 3821 ἑξῆς
2277 3753 2336 3807 δὲ
2381 3754 2714 3826 ἐπιλήψομαι
2743 3757 2843 3828 τῆς
2881 3757 3004 3812 κατ’
3033 3757 3214 3812 αὐτῶν
3251 3757 3582 3822 ὑποθέσεως,
3611 3757 3698 3810 ἵνα

2110 3847 2176 3900 ἐκ
2201 3846 2534 3918 πανταχόθεν
2579 3848 2654 3920 μὴ
2677 3849 3082 3922 ὑποληφθῶμέν
3119 3867 3264 3904 τισιν
3309 3851 3390 3915 ὡς
3435 3866 3700 3919 συκοφαν-

2110 3937 2327 4003 τοῦντες
2353 3941 2480 4003 τοὺς
2508 3939 2813 4012 ἡμετέρους
2845 3941 3128 4012 ἀδελφούς.
3167 3942 3359 3996 Καίτοι
3389 3959 3452 4012 γε
3475 3943 3698 4014 εὐχόμε-

2109 4049 2198 4096 νος
2229 4033 2412 4098 αὐτοῖς
2437 4033 2532 4086 καὶ
2561 4033 2640 4097 είς
2671 4032 2828 4104 δεῦρο
2855 4033 3146 4106 διορθῶσαι
3175 4039 3244 4090 τά
3271 4033 3533 4090 δοκοῦντα
3555 4037 3698 4106 ἡμᾶς

2110 4123 2320 4190 λυπεῖν,
2357 4126 2444 4180 ἵνα
2476 4125 2552 4198 μὴ
2599 4125 2756 4179 αὐτοὶ
2789 4127 2938 4198 ἡμᾶς
2983 4127 3324 4199 ζημιωθῶσι,
3375 4127 3512 4199 μηδὲ
3541 4129 3698 4199 ἡμεῖς

2111 4216 2330 4282 αὐτούς.
2386 4218 2654 4284 Πολλάκις
2700 4219 2810 4290 γάρ
2857 4218 3016 4273 τοῦτο
3071 4219 3554 4291 ἐπρεσϐεύσαμεν,
3605 4219 3698 4272 καὶ

2112 4308 2588 4381 παρεκαλέσαμεν,
2631 4310 2727 4364 καὶ
2769 4309 2850 4362 ἔτι
2888 4309 3224 4381 ὲπιμένομεν
3255 4307 3696 4381 παρακαλοῦντες

2113 4394 2242 4470 ἆραι
2271 4399 2369 4472 τὴν
2399 4401 2752 4470 φιλονεικίαν,
2780 4401 2876 4456 καὶ
2911 4400 3276 4473 ἀκολουθῆσαι
3318 4401 3398 4474 τῷ
3429 4401 3536 4455 τῶν
3559 4401 3696 4454 ἁπο-

426 4479 496 4534 ab
522 4479 590 4536 iis
626 4483 1024 4554 postulavimus
1056 4484 1368 4558 hortatique
1398 4503 1609 4554 sumus,
1641 4496 1695 4544 et
1735 4487 1878 4544 idem
1906 4489 2000 4542 im~

2111 4491 2331 4558 στόλων,
2360 4495 2452 4548 καὶ
2481 4495 2902 4564 εὐαγγελιστῶν,
2937 4497 3032 4550 καὶ
3056 4495 3316 4566 Πατέρων
3341 4496 3472 4565 θείῳ
3492 4493 3697 4564 θεσμῷ,

429 4581 642 4640 petrare
679 4575 842 4631 modo
873 4576 1179 4646 studemus,
1209 4589 1286 4644 ut,
1315 4581 1461 4638 omni
1497 4581 1851 4638 contentione
1881 4582 2012 4638 sub-

429 4665 559 4732 lata,
591 4667 985 4736 apostolorum,
1011 4671 1468 4746 evangelistarum
1517 4687 1581 4730 ac
1609 4670 1836 4728 Patrum
1865 4673 2010 4732 divi-

2119 4584 2213 4638 καὶ
2259 4586 2521 4659 ὁμολογίᾳ
2570 4587 2672 4658 τῆς
2721 4588 2957 4653 πίστεως
3019 4589 3120 4659 τῆς
3183 4587 3556 4658 άπεριέργου,
3612 4587 3696 4638 καὶ

2117 4675 2360 4747 ἑδραίας,
2387 4678 2482 4732 καὶ
2501 4679 2926 4750 ἁμετακινήτου,
2952 4680 3044 4733 καὶ
3064 4680 3408 4748 δικαιοτάτης
3436 4679 3494 4731 ἐν
3519 4681 3700 4733 πᾶσιν.

431 4760 518 4816 nis
571 4763 948 4820 sanctionibus
1003 4765 1284 4834 insistant.
1333 4783 1398 4826 ac
1441 4769 1690 4836 δίωτοι-ιο,
1733 4769 1944 4836 solidae,
2010 4769 2352 4831 inconcussa:
2398 4782 2450 4832 et
2527 4775 2887 4848 undecunque
2944 4776 3266 4848 justissima:
3311 4775 3434 4830 ﬁdei
3490 4771 3700 4845 profes-

431 4853 642 4910 sionem
675 4863 1024 4915 conservent.

501 4945 768 5002 Caeterum
811 4947 1035 5004 memini
1081 4949 1186 5006 hoc
1231 4965 1264 5008 ιι
1316 4951 1646 5024 quibusdam
1685 4969 1750 5012 ex
1799 4954 2015 5012 illorum

431 5053 592 5110 grege
621 5038 805 5094 minus
831 5053 954 5096 esse
979 5051 1262 5102 narratum
1293 5062 1306 5100 :
1339 5063 1359 5095 ι
1397 5043 1698 5110 Christum
1724 5045 2012 5102 Dominum

433 5147 542 5190 non
571 5131 714 5187 hanc
741 5139 987 5189 nostram
1015 5134 1382 5206 assumpsisse
1406 5151 1650 5202 carnem.
1682 5137 1779 5194 sed
1811 5137 2014 5194 diversi

432 5225 646 5298 generis
683 5225 868 5282 aliam.
907 5243 926 5278 ι
953 5225 1109 5293 Quod
1164 5228 1373 5283 utinam
1423 5243 1486 5285 ex
1517 5229 1709 5286 aﬂ'cctu
1759 5231 2014 5285 laudandi

435 5315 850 5386 honorandique
873 5315 1166 5386 iactarent.
1197 5315 1331 5372 Nam
1371 5328 1425 5374 et
1467 5335 1567 5375 nos
1599 5328 1851 5376 sanctum
1880 5318 2014 5374 illud

434 5421 557 5461 esse
599 5421 800 5478 corpus
855 5407 1234 5482 illibatumque
1287 5409 1560 5477 dicimus,
1621 5412 1821 5484 quippe
1867 5409 2014 5480 quod

435 5497 644 5556 nullum
690 5513 934 5572 unquam
983 5510 1268 5573 peccatum
1297 5503 1608 5570 commisit,
1657 5519 1758 5560 nec
1803 5503 1858 5558 in
1896 5501 2016 5576 ejus

513 5742 531 5782 ¹
569 5741 722 5804 Rom.
762 5761 802 5810 ι,
829 5743 883 5798 5.
961 5749 978 5777 ³
1005 5745 1197 5804 Matth.
1235 5764 1316 5812 ιιι,
1353 5749 1436 5804 l‘l.
1534 5751 1549 5781 ³
1575 5748 1768 5804 Μιιιιιι.
1810 5765 1918 5803 xvi.
1943 5755 1996 5809 5.

2196 4952 2379 5006 Ἄλλοι
2405 4951 2464 5008 δὲ
2491 4953 2570 5014 εἰς
2601 4935 2760 5022 ἡμῶν
2803 4944 2920 5006 ὦτα
2957 4951 3266 5024 εἰρήκασιν,
3300 4951 3382 5006 ὅτι
3415 4969 3432 5003 ι
3469 4953 3547 5006 οὗ
3573 4955 3700 5008 ταὺ-

2122 5061 2220 5114 την
2251 5043 2349 5114 τὴν
2387 5041 2662 5113 ἡμετέραν
2707 5042 2906 5112 σάρκα,
2951 5040 3073 5093 οὐδὲ
3109 5039 3304 5107 ὁμοίαν
3341 5038 3502 5110 ήμῶν
3538 5039 3705 5093 ἐλθὼν

2123 5135 2312 5188 ἔλαϐεν
2339 5137 2368 5188 ὁ
2397 5134 2620 5205 Κύριος,
2642 5133 2777 5188 ἀλλὰ
2805 5132 2972 5202 ἄλλην
3005 5131 3160 5202 παρὰ
3191 5131 3295 5203 τὴν
3319 5132 3498 5202 ἡμῶν.
3542 5151 3561 5182 ι
3601 5133 3704 5186 Καὶ

2123 5226 2234 5282 εἴθε
2265 5227 2404 5281 κατὰ
2433 5227 2744 5294 δοξολογίαν
2785 5225 2970 5293 ἔλεγον
3007 5223 3102 5276 καὶ
3143 5223 3285 5277 κατὰ
3319 5223 3563 5278 ἔπαινον.
3601 5226 3704 5278 Καὶ

2123 5319 2278 5374 αὐτοὶ
2299 5319 2406 5390 γάρ
2439 5336 2622 5390 φαμεν
2651 5317 2805 5388 ἅγιον
2827 5313 2968 5371 εἶναι
2999 5318 3060 5370 τὸ
3089 5315 3250 5388 σῶμα
3283 5317 3377 5370 καὶ
3408 5317 3700 5389 ἄχραντον·

2123 5409 2398 5481 ἁμαρτίαν
2437 5409 2544 5480 γὰρ
2593 5409 2694 5462 οὐκ
2741 5407 2996 5478 ἐποίησεν
3020 5424 3033 5438 ο
3083 5405 3204 5460 οὐδὲ
3239 5405 3437 5478 εὑρέθη
3472 5405 3620 5469 δόλος
3652 5409 3706 5458 ἐν

2129 5502 2354 5576 στόματι
2385 5501 2569 5560 αὑτοῦ.
2599 5502 2710 5560 Καὶ
2751 5499 2913 5558 παντί
2965 5515 3043 5571 τῳ
3091 5497 3251 5572 δῆλόν
3299 5499 3415 5552 ἐστι
3448 5497 3608 5552 τοῦτο
3635 5495 3704 5568 τῷ
