3994 6224
271 304 373 360 661

884 307 1254 367 ADVERSUS
1292 310 1637 370 ΙΙΑΞῐῖΕὸῘΞΞ
1680 314 1807 370 LIB.

1981 315 2147 374 TOM.
2186 318 2249 373 ll.
2277 348 2344 360 υ·-
2374 319 2645 376 ΙΙᾹΞΒΕΞ.
2686 322 2944 379 LXXVII.

3441 334 3547 392 662

255 426 505 491 εὐσεϐῶς
538 429 662 499 περὶ
695 428 930 499 Χριστοῦ
964 429 1174 498 λέγοντι
1216 432 1311 486 καὶ
1349 432 1576 491 νοοῦντι.
1604 437 1619 466 ¹
1659 436 1848 509 Ἡμεῖς

1956 455 2049 495 ore
2074 440 2235 498 dolus
2265 440 2521 496 inventus
2552 450 2638 499 est
2666 444 2727 499 3:
2759 445 2906 517 quod
2953 446 3176 518 quidem
3228 464 3387 507 nemo
3431 469 3541 510 non

255 520 315 574 δέ
352 522 402 574 εί
434 520 532 574 καὶ
558 520 693 574 αὐτὸ
718 520 781 573 τὸ
828 519 991 591 σῶμα
1021 520 1274 593 λέγομεν,
1311 524 1449 597 ὅπερ
1482 525 1578 579 καί⁹
1635 527 1766 580 αὐτὸ
1804 527 1848 580 τε

1960 534 2233 605 intelligit,
2262 535 2355 605 qui
2386 536 2453 591 dc
2496 534 2714 592 Christo
2748 539 2833 609 pic
2878 540 3197 611 proﬁteatur
3226 558 3290 600 ac
3323 547 3540 602 sentiat-

263 614 424 686 ἡμῶν
446 614 635 685 εἴληφε
661 615 793 686 παρ’
823 613 972 683 αὐτῷ
1001 615 1062 669 τὸ
1090 615 1360 686 ἄχραντον
1384 618 1548 672 αὐτοῦ
1578 619 1757 691 σῶμα,
1793 622 1851 675 ἐν

1961 624 2159 680 Verum
2192 626 2296 681 etsi
2330 641 2527 696 purum
2571 628 2952 701 integrumque
2991 648 3191 705 corpus
3219 636 3365 694 illius
3398 640 3540 707 quod

259 711 397 779 ἡμῖν
421 710 535 772 τοῖς
557 706 1107 777 πεπλημμεληκόσιν,
1131 708 1191 760 ού
1213 708 1302 760 διὰ
1325 707 1387 761 τὸ
1415 707 1694 780 ἀλλότριον
1720 708 1848 767 εἶναι

1957 717 2277 787 assumpsit,
2312 716 2453 772 idem
2480 732 2603 773 esse
2628 733 2752 773 cum
2780 729 2973 777 nostro
3007 722 3293 794 fateamur,
3324 706 3542 782 esthoc

256 800 322 853 τὸ
356 799 539 870 σῶμα,
566 797 660 850 καὶ
688 795 975 851 ἀλλόκοτον
1022 798 1083 850 τὸ
1133 798 1355 862 ύποδεές
1405 799 1498 853 καὶ
1538 799 1854 872 ἠλαττωμέ-

257 908 374 953 νον,
414 888 551 944 ἀλλὰ
581 887 669 942 διὰ
713 888 782 942 τὰ
816 888 972 959 ἡμῶν
1006 889 1377 960 ἁμαρτήματα
1421 890 1515 943 καὶ
1548 894 1850 964 παραπτώ-

258 1000 433 1051 ματα,
459 980 649 1035 τούτου
694 980 876 1034 ἕνεκα.
935 980 1008 1034 Ού
1049 980 1157 1052 γάρ
1210 980 1337 1033 ἄλλο
1362 981 1520 1051 σῶμα
1564 985 1592 1036 6
1645 984 1849 1055 Κύριος

254 1070 445 1137 ἔλαϐε,
472 1071 565 1124 καὶ
592 1068 723 1123 ἄλλο
752 1071 915 1141 ἡμεῖς
952 1069 1169 1141 ἔχομεν,
1193 1070 1306 1124 ἀλλ’
1338 1072 1469 1126 αὐτὸ
1505 1072 1565 1126 τὸ
1608 1074 1766 1145 σῶμα
1792 1077 1850 1130 ὲν

253 1163 412 1234 αὐτῷ
438 1161 851 1232 πεφυλαγμένον
881 1163 975 1216 καὶ
1003 1164 1271 1234 ἄχραντον
1295 1163 1776 1236 διατετηρημένον.

1951 805 2129 875 ipsum
2177 816 2359 864 tamen
2410 808 2465 863 in
2523 809 2703 877 nobis,
2749 811 2842 881 qui
2889 814 3113 884 quidem
3169 818 3540 886 peccavimus,

1952 899 2266 956 conditione
2295 915 2358 955 ac
2399 901 2668 973 dignitate
2702 904 2934 960 multum
2967 906 3220 976 inferius,
3261 925 3371 965 non
3398 909 3543 983 quod

1954 990 2190 1047 alienum
2217 993 2285 1048 ab
2317 993 2412 1049 illo
2442 995 2515 1051 sit
2556 1006 2610 1051 et
2652 995 2979 1061 abhorrens,
3006 998 3101 1054 scd
3142 1000 3285 1070 quod
3321 1009 3543 1071 peccata

1953 1090 2084 1137 sunt
2130 1097 2161 1137 a
2214 1085 2371 1140 nobis
2418 1087 2726 1158 delictaque
2775 1090 3173 1160 quamplurima
3224 1094 3538 1148 commissa.

1953 1172 2136 1240 Quare
2158 1191 2267 1231 non
2296 1177 2445 1233 aliud
2479 1193 2543 1234 ac
2572 1195 2674 1235 nos
2717 1179 2983 1237 habemus
3014 1196 3045 1235 a
3092 1181 3315 1238 Christo
3341 1198 3542 1252 corpus

253 1264 603 1326 assumptum
628 1261 711 1310 εει
736 1269 752 1319 ;
781 1253 875 1308 5εά
912 1253 1053 1309 idem
1089 1255 1541 1327 Olllllinoﬁorpus
1566 1265 1672 1316 est.
1704 1259 1849 1329 quod
1890 1262 1942 1319 in
1987 1266 2079 1322 illo
2114 1277 2394 1325 servatum
2456 1280 2511 1327 et
2544 1270 2613 1326 ab
2646 1272 2797 1327 Omni
2827 1273 3150 1344 contagione
3207 1274 3542 1331 vindicatum

330 1445 435 1500 lE’.
470 1444 651 1501 Ἄλλοι
688 1445 746 1501 δὲ
784 1443 844 1510 ἐξ
876 1442 1055 1497 αὐτῶν
1094 1444 1189 1497 καὶ
1218 1444 1345 1515 ἄχρι
1384 1444 1485 1515 τῆς
1513 1444 1674 1517 δεῦρο
1705 1446 1855 1516 φιλο-

251 1539 441 1610 νεικίᾳ
499 1539 606 1593 τινὶ
637 1538 963 1609 φερόμενοι,
1002 1538 1282 1601 ὑπονοίαις
1334 1537 1645 1610 ἀλλοτρίαις
1683 1556 1849 1611 προσ-

248 1632 535 1702 αχθέντες,
573 1632 635 1684 οῦ
687 1630 827 1685 κατὰ
879 1631 980 1701 τὴν
1010 1630 1229 1701 διδαχὴν
1275 1630 1383 1686 τῶν
1421 1632 1702 1703 Πατέρων,
1733 1631 1853 1686 οὐδὲ

2031 1447 2146 1504 XV.
2176 1448 2443 1506 Praeterea
2488 1459 2617 1507 sunt
2657 1452 2799 1508 inter
2844 1454 2965 1510 illos
2999 1454 3185 1525 aliqui,
3215 1456 3309 1527 qui
3343 1457 3411 1511 ad
3437 1458 3541 1513 hoc

1961 1555 2136 1611 usque
2182 1548 2397 1612 tempus
2442 1544 2809 1601 contentionis
2856 1545 3022 1613 avidi,
3075 1560 3140 1601 ac
3186 1548 3542 1617 perabsurdis

1961 1632 2313 1703 opinionibus
2362 1634 2593 1700 irretiti,
2640 1650 2745 1689 non
2788 1635 3051 1711 doctrinae
3095 1636 3319 1695 Patrum
3372 1640 3539 1696 inita)-

249 1726 578 1795 κατέχοντες
611 1724 710 1795 τὴν
743 1724 983 1795 κεφαλὴν
1021 1725 1121 1795 τῆς
1162 1724 1427 1788 πίστεως·
1465 1724 1525 1790 ἐξ
1552 1718 1613 1779 οὗ
1645 1727 1754 1780 πᾶν
1785 1726 1844 1780 τὸ

1959 1733 2163 1790 rentes,
2191 1742 2366 1798 neque
2402 1726 2524 1782 ﬁdei
2567 1739 2729 1799 caput
2765 1729 3101 1799 retinentes;
3146 1740 3212 1787 et
3237 1748 3348 1803 quo
3376 1748 3543 1789 omne

250 1817 419 1888 σῶμα
454 1817 541 1870 διὰ
583 1818 691 1872 τῶν
732 1818 883 1887 ἁφῶν
929 1817 1022 1870 καὶ
1072 1817 1179 1871 τῶν
1228 1817 1540 1888 συνδέσμων
1582 1818 1842 1890 ἐπιχορη-

247 1912 521 1981 γούμενον
582 1911 678 1963 καὶ
730 1909 1198 1981 συμϐιϐαζόμενον
1252 1907 1406 1974 αῦξει
1458 1908 1557 1981 τὴν
1612 1908 1845 1980 αὔξησιν

246 2004 344 2056 τοῦ
377 2004 534 2069 Θεοῦ,
560 2004 635 2067 ὡς
667 2006 695 2057 6
725 2004 1046 2066 Ἀπόστολος
1070 2002 1254 2071 λέγει’
1291 2001 1428 2056 ἀλλὰ
1460 2004 1600 2074 τάχα
1627 2002 1702 2067 ὼς
1737 2002 1843 2056 ὑπὸ

248 2094 551 2166 ἀλλοτρίων
596 2093 759 2148 τινῶν
807 2094 1133 2157 θολωθέντες
1173 2092 1273 2157 τὰς
1309 2093 1481 2157 ἀκοὰς
1528 2093 1844 2164 πλησιαιτέ-

254 2205 367 2257 pm;
400 2186 771 2256 Οὑαλεντίνῳ,
802 2186 899 2239 καὶ
938 2184 1248 2254 Μαρκίωνι,
1274 2184 1369 2238 καὶ
1408 2184 1713 2255 Μανιχαίῳ,
1748 2186 1844 2238 καὶ

251 2279 413 2333 αὐτοὶ
446 2278 606 2349 δῆθεν
639 2281 720 2342 είς
751 2277 915 2349 τιμὴν
952 2276 1191 2349 Χριστοῦ
1238 2276 1599 2346 φαντάζονται
1646 2276 1844 2348 μᾶλλον

253 2372 402 2442 ἢπερ
430 2371 805 2441 ἀληθεύουσιν.
852 2368 1020 2424 Ἐπὰν
1066 2368 1343 2424 ἀκούσωσι
1382 2371 1512 2441 παρ’
1545 2368 1722 2441 ἡμῶν,
1760 2371 1844 2423 ὅτι

254 2464 383 2534 ἔσχε
424 2462 658 2535 Χριστὸς
715 2461 874 2531 σῶμα
928 2461 990 2515 τὸ
1041 2461 1331 2533 ἡμέτερον,
1387 2462 1550 2524 εὐθὺς
1591 2464 1670 2525 είς
1718 2462 1844 2526 τοὺς

256 2556 464 2627 μύθους
504 2556 798 2625 τρέπονται
848 2555 973 2617 τοὺς
1023 2553 1185 2618 ἰδίους
1233 2555 1332 2624 τῆς
1376 2553 1730 2623 φιλονεικίας,
1761 2554 1846 2607 λέ-

255 2665 447 2717 γοντες
477 2647 676 2718 ὄνυχας
708 2647 867 2700 αὐτὸν
897 2646 1209 2716 ἐσχηκέναι,
1240 2648 1335 2699 καὶ
1373 2646 1571 2717 σάρκα,
1604 2646 1700 2700 καὶ
1732 2646 1847 2717 τρί-

255 2757 377 2808 χας,
402 2738 497 2792 καὶ
532 2740 584 2792 εἴ
607 2756 659 2792 τι
690 2739 902 2809 ἕτερον·
935 2738 995 2791 ού
1030 2736 1303 2802 τοιούτους
1352 2738 1407 2792 δὲ
1436 2738 1658 2801 ὁποίους
1683 2740 1847 2809 ἡμεῖς

252 2828 473 2899 ἔχομεν,
504 2828 639 2883 ἀλλὰ
668 2829 859 2893 ἄλλους
886 2829 1083 2899 ὄνυχας
1133 2830 1446 2900 ἐσχηκέναι,
1494 2832 1589 2884 καὶ
1637 2830 1847 2901 σάρκας

251 2920 448 2987 ἄλλας,
476 2920 571 2973 καὶ
608 2918 677 2972 τὰ
713 2918 850 2974 ἄλλα
882 2919 1061 2974 πάντα
1103 2920 1201 2990 οὐχ
1238 2922 1397 2974 ὁποῖα
1424 2922 1586 2991 ἡμεῖς
1627 2920 1845 2991 ἔχομεν,

251 3013 396 3068 ἀλλὰ
428 3013 612 3065 ἀλλοῖα
642 3010 796 3083 παρὰ
830 3009 898 3064 τὰ
943 3010 1223 3081 ἡμέτερα”
1265 3013 1425 3082 δῆθεν
1462 3012 1622 3068 πάλιν
1673 3012 1848 3082 βουλό-

1944 1834 2143 1890 corpus
2204 1834 2300 1889 per
2338 1835 2627 1891 compages
2673 1828 2728 1878 et
2774 1822 2989 1877 vincula
3032 1824 3436 1894 suppeditatum
3486 1841 3539 1884 et

1943 1918 2381 1983 coagmentatum
2430 1924 2661 1984 augetur
2701 1914 3041 1972 incremento
3095 1916 3232 1983 Dei,
3290 1924 3351 1971 ut
3376 1916 3528 1987 Apo-

1946 2004 2070 2061 stoli
2099 2004 2280 2061 verbis
2311 2005 2503 2071 ut‘ar‘;
2537 2005 2635 2062 sed
2666 2022 2826 2063 aures
2850 2022 2980 2063 suas
3012 2008 3316 2063 alienorum
3354 2008 3535 2063 homi-

1945 2112 2076 2152 num
2108 2096 2519 2155 narrationibus
2559 2098 2870 2169 pcrturbari
2903 2098 3193 2169 patientes,
3228 2113 3336 2153 non
3369 2096 3533 2154 dissi-

1944 2185 2059 2240 mili
2091 2201 2156 2241 ac
2191 2184 2537 2253 Valentinus,
2566 2186 2770 2243 Marcio
2818 2186 3260 2258 Manichacusque
3300 2188 3537 2255 ratione,

1945 2278 2178 2333 conﬁcta
2202 2278 2471 2347 quaedam,
2503 2278 2559 2333 in
2593 2279 2854 2335 honorem
2883 2278 3091 2335 scilicet
3122 2278 3352 2344 Christi,
3382 2294 3533 2335 men-

1945 2369 2099 2425 dacia
2132 2385 2230 2440 pro
2268 2371 2411 2427 veris
2447 2371 2792 2441 dogmatibus
2822 2370 3139 2427 obtrudunt.
3165 2372 3303 2426 Cum
3322 2372 3468 2427 enim
3498 2386 3530 2426 a

1946 2464 2106 2520 nobis
2121 2464 2368 2529 audiunt,
2385 2464 2661 2518 Christum
2693 2471 2882 2519 nostro
2901 2463 3069 2521 fuisse
3098 2478 3327 2533 corpore
3345 2463 3536 2533 prtetlic

1946 2564 2083 2620 tum,
2117 2556 2298 2611 statim
2330 2555 2397 2610 ad
2429 2556 2618 2612 inanes
2646 2571 2709 2611 ac
2746 2556 3060 2627 pertinacia:
3091 2572 3203 2613 suae
3240 2566 3502 2612 conscnta
3524 2585 3537 2596 ν

1947 2665 2078 2705 neas
2117 2664 2238 2706 sese
2266 2649 2477 2704 fabulas
2506 2648 2860 2706 transferunt.
2894 2647 3031 2703 Nam
3060 2665 3270 2720 ungues
3299 2649 3451 2703 illum
3482 2658 3541 2705 et

1946 2757 2168 2799 carnem
2200 2756 2264 2797 ac
2288 2742 2512 2812 capillos
2546 2750 2849 2811 czetcraquc
2883 2740 3067 2796 omnia
3106 2756 3215 2795 non
3243 2739 3533 2809 ejusmodi.

1947 2834 2131 2905 qualia
2178 2835 2234 2889 in
2285 2834 2441 2889 nobis
2492 2833 2701 2900 insunt,
2751 2833 3011 2889 habuisse
3060 2832 3392 2903 pradicant,
3441 2832 3544 2887 sed

1948 2940 2159 2995 ungues
2209 2939 2240 2979 a
2289 2925 2494 2979 nostris
2536 2923 2803 2986 diversos,
2852 2923 3146 2992 itidemque
3195 2937 3416 2977 carnem
3475 2936 3541 2977 ac

1950 3018 2159 3088 reliqua
2188 3016 2240 3071 id
2270 3033 2441 3087 genus
2482 3031 2590 3071 non
2630 3016 2829 3070 similia
2860 3022 3196 3079 nostrorum,
3237 3014 3332 3070 sed
3372 3015 3439 3067 ab
3471 3014 3540 3068 iis

256 3123 415 3175 μενοι
445 3103 771 3173 σοφιστικῶς
807 3101 886 3173 τῷ
934 3101 1156 3172 Χριστῷ
1191 3104 1540 3175 χαρίσασθαι,
1585 3103 1726 3159 κατὰ
1756 3103 1847 3158 τὸν

1956 3109 2112 3178 longe
2143 3107 2533 3178 discrepantia.
2574 3107 2787 3178 1009
2831 3106 3097 3161 Nimirum
3151 3114 3212 3160 ut
3270 3104 3540 3160 Valentini

254 3197 609 3251 Οὐαλεντῖνον
641 3199 736 3250 καὶ
772 3196 871 3262 τὰς
913 3196 1214 3266 εἰρημένας
1264 3199 1526 3268 αἱρέσεις,
1566 3199 1692 3261 τοὺς
1743 3214 1849 3267 μα-

255 3291 445 3350 ταίους
485 3291 694 3359 λόγους.
744 3290 977 3360 Λέγουσι
1027 3295 1164 3362 γὰρ,
1264 3292 1392 3345 ὅταν
1437 3288 1673 3360 Χριστοῦ
1723 3290 1852 3358 ὁμο-

256 3385 583 3455 λογήσωμεν
630 3384 849 3449 τελείως
899 3385 968 3440 τὰ
1020 3384 1220 3449 πάντα,
1282 3382 1614 3457 περιέργως,
1650 3382 1853 3454 γέγρα-

260 3493 396 3530 πται
427 3477 447 3506 ¹
479 3475 609 3547 περὶ
636 3474 745 3529 τῶν
774 3475 1034 3529 τοιούτων
1061 3474 1170 3529 τῶν
1192 3472 1726 3546 περιεργαζομένων,
1758 3473 1853 3526 καὶ

264 3567 432 3637 μηδὲν
483 3566 895 3637 ἐργαζομένων·
945 3566 1243 3637 πτύροντες
1296 3566 1405 3636 γὰρ
1460 3566 1562 3635 τὴν
1613 3564 1853 3619 διάνοιαν

260 3657 373 3711 τῶν
406 3658 829 3729 ἀκεραιοτέρων,
891 3658 1053 3720 εὐθὺς
1082 3657 1359 3725 λέγουσιν·
1416 3655 1624 3709 Οὐκοῦν
1668 3655 1854 3726 χρείαν

261 3749 392 3820 ἔσχε
436 3749 547 3817 (93)
599 3748 708 3803 τῶν
756 3748 896 3803 κατὰ
942 3749 1043 3820 τῆς
1092 3748 1292 3820 σαρκὸς
1360 3748 1669 3819 συνήθειαν,
1711 3748 1745 3819 ἢ
1784 3746 1853 3801 τὰ

263 3842 402 3912 πρὸς
437 3843 788 3914 ἐκτοπισμὸν,
824 3842 857 3913 ἢ
896 3841 968 3896 τὰ
1007 3842 1145 3914 πρὸς
1193 3841 1499 3912 ἀφεδρῶνα,
1533 3841 1567 3910 ἢ
1601 3840 1669 3894 τὰ
1697 3839 1853 3905 ἄλλα,

264 3936 477 4006 ὅσαπερ
521 3935 668 3989 δοκεῖ
703 3931 842 3989 εἶναι
887 3936 1047 4004 σοφὰ,
1097 3933 1245 3988 δεινὰ
1286 3934 1343 3987 δὲ
1380 3933 1714 4003 τυγχάνοντα
1761 3932 1854 3986 καὶ

263 4024 483 4096 ληρώδη
536 4026 755 4096 μᾶλλον,
806 4024 881 4090 ὥς
931 4040 1097 4093 φησιν
1152 4024 1181 4077 6
1234 4024 1548 4094 προφήτηςο
1603 4024 1697 4089 Τίς
1744 4024 1856 4093 γὰρ

264 4116 515 4184 ἐζήτησε
547 4116 734 4170 ταῦτα
773 4117 843 4171 ἐκ
880 4116 998 4171 τῶν
1034 4115 1248 4186 χειρῶν
1281 4114 1493 4184 ύμῶν;
1538 4115 1674 4185 Περὶ
1712 4114 1854 4178 τίνος

266 4204 376 4274 γὰρ
404 4203 514 4256 τῶν
544 4202 736 4271 ἁγίων,
763 4204 938 4256 καίτοι
964 4220 1029 4271 γε
1058 4202 1360 4275 ἀνθρώπων
1389 4203 1557 4258 ὄντων
1582 4205 1692 4257 τῶν
1716 4221 1854 4274 προ-

265 4290 477 4361 φητῶν,
511 4292 605 4344 καὶ
636 4292 696 4344 ού
728 4291 884 4353 θεῶν,
928 4295 1023 4347 καὶ
1061 4293 1482 4362 εύαγγελιστῶν,
1520 4294 1615 4348 καὶ
1654 4293 1856 4348 λοιπῶν

210 4371 214 4377 ’
264 4385 378 4439 τῶν
410 4388 474 4440 ἐκ
502 4386 683 4457 ψυχῆς
716 4388 810 4441 καὶ
851 4388 1052 4459 σαρκὸς
1095 4387 1284 4452 ὄντων,
1326 4388 1448 4445 καθ’
1490 4388 1638 4458 ἡμᾶς
1672 4388 1729 4441 δὲ
1765 4388 1853 4441 δν-

166 4504 183 4513 ι
264 4494 411 4541 των,
463 4480 558 4532 καὶ
618 4480 691 4551 μὴ
744 4480 1267 4551 ἀμφιδαλλομένων,
1314 4481 1527 4551 ἐγράφη
1575 4481 1705 4552 περὶ
1744 4482 1853 4536 τῶν

267 4569 523 4622 τοιούτων
562 4572 936 4641 πραγμάτων;
970 4571 1079 4625 Ποῦ
1124 4573 1182 4624 δὲ
1234 4572 1354 4642 οὐχὶ
1405 4572 1603 4642 μᾶλλον
1648 4572 1717 4626 τὰ
1764 4590 1851 4627 σε·

271 4660 507 4731 μνότερα
532 4662 950 4733 ἐπεμαρτύρησε
987 4665 1098 4727 τοῖς
1129 4663 1302 4731 ἁγίοις
1333 4666 1366 4734 ἡ
1395 4663 1587 4735 Γραφὴ
1618 4665 1749 4735 μήτι
1787 4682 1851 4734 γε

271 4753 462 4823 Κυρίῳ
496 4756 713 4825 Χριστῷ
739 4773 752 4821 ;

1952 3214 2018 3257 ac
2045 3210 2386 3264 czetcrarum,
2416 3213 2554 3269 quas
2582 3207 2741 3254 antea
2771 3197 3341 3261 commemoravimus,
3372 3197 3540 3251 haere-

1954 3308 2084 3349 scon
2151 3308 2322 3359 more,
2376 3291 2711 3345 cavillatoria
2768 3290 3002 3360 quadam
3059 3290 3269 3360 argutia
3320 3288 3545 3343 Christo

1954 3383 2245 3454 gratificari
2279 3382 2584 3437 videantur.
2621 3379 2774 3436 Unde
2814 3396 2937 3434 cum
2969 3394 3032 3435 ea
3072 3381 3252 3435 omnia
3289 3395 3409 3449 quae
3453 3379 3541 3433 in~

1955 3483 2084 3531 sunt
2116 3476 2168 3528 in
2202 3474 2443 3537 Christo,
2485 3472 2727 3542 perfecte
2776 3472 3129 3542 absolutoque
3167 3472 3543 3541 proﬁtcamur,

1955 3567 2123 3621 multa
2166 3566 2244 3619 illi
2294 3564 2361 3621 de
2406 3565 2595 3620 eodem
2641 3564 2877 3619 absurde
2905 3578 2970 3617 ac
3005 3564 3222 3619 curiose
3260 3562 3547 3633 disputare

1956 3661 2150 3714 solent.
2196 3658 2268 3714 De
2301 3673 2410 3729 quo
2433 3658 2712 3712 hominum
2760 3674 2979 3729 genere,
3025 3657 3118 3728 qui
3172 3671 3295 3712 cum
3346 3657 3543 3712 multa-

1956 3768 2075 3806 rum
2116 3766 2297 3807 rerum
2332 3760 2599 3821 satagaut.
2629 3751 2761 3805 nihil
2811 3758 2990 3804 tamen
3040 3756 3226 3818 agunt,
3262 3747 3540 3819 Scriptura

1958 3842 2224 3897 meminit.
2285 3841 2495 3897 Etenim
2551 3856 2660 3912 quo
2715 3841 2995 3895 rudiorum
3048 3841 3260 3895 animos
3304 3838 3542 3908 quodam

1959 3936 2102 3990 velut
2128 3936 2355 3991 horrore
2376 3935 2724 4007 perfundant,
2763 3934 2877 3988 haec
2912 3932 3203 3988 identidem
3230 3931 3497 4000 objiciunt
3526 3948 3543 3983 :

1958 4026 2097 4096 Ergo
2143 4026 2450 4081 istiusmodi
2514 4025 2763 4095 corporis
2818 4023 3241 4079 necessitatibus
3269 4060 3285 4086 ,
3333 4037 3456 4092 quae
3490 4022 3548 4076 ei

1957 4119 2251 4174 familiares
2313 4126 2463 4181 sunt,
2507 4117 2805 4171 obstrictus
2853 4115 2977 4179 fuit,
3009 4115 3188 4185 qualis
3225 4116 3432 4185 egestio
3458 4124 3539 4170 est

1956 4226 2021 4266 ac
2052 4209 2347 4267 secessus?
2380 4208 2601 4263 Addunt
2647 4215 2702 4262 et
2746 4208 2852 4261 alia
2886 4207 3162 4277 pleraque,
3194 4221 3316 4275 qua:
3347 4205 3543 4261 callida

1956 4316 2021 4356 ac
2057 4300 2275 4357 subtilia
2307 4299 2558 4355 videntur
2584 4336 2600 4362 ,
2654 4296 2752 4352 sed
2792 4296 3063 4351 horrenda
3106 4295 3409 4351 otiosorum
3446 4295 3540 4350 ho-

1956 4393 2165 4447 minum
2217 4392 2426 4447 ludicra
2476 4400 2624 4445 sunt.
2672 4388 2832 4454 Nam,
2885 4395 2943 4442 ut
2978 4387 3053 4443 ait
3098 4387 3381 4457 propheta,
3411 4386 3542 4454 Quis

1958 4485 2069 4539 hac
2104 4501 2131 4539 θ
2160 4483 2400 4538 manibus
2445 4483 2628 4536 vestris
2673 4482 2911 4551 requisiit
2937 4480 2998 4534 ‘?
3034 4479 3107 4535 De
3145 4495 3381 4551 quonam
3416 4494 3542 4535 vero

1959 4592 2024 4632 cx
2054 4575 2309 4631 omnibus
2353 4575 2595 4638 sanctis,
2648 4573 2863 4626 tametsi
2909 4572 3157 4627 homines
3201 4581 3386 4626 essent
3416 4586 3540 4641 pro-

1959 4668 2153 4738 phetze,
2192 4683 2298 4721 non
2326 4666 2422 4731 dii,
2465 4674 2522 4719 ιιι
2551 4672 2605 4721 et
2634 4664 2981 4736 evangelista:
3008 4664 3321 4733 cabteriquc,
3353 4662 3445 4734 qui
3476 4679 3539 4717 cx

1958 4759 2140 4813 anima
2175 4767 2229 4814 et
2255 4773 2419 4814 carne
2452 4756 2801 4821 con‘stabanl,
2832 4771 2895 4810 ac
2925 4757 3042 4811 sine
3070 4755 3179 4811 ulla
3205 4754 3539 4809 dubitatione

272 4850 444 4905 nostri
478 4852 681 4907 similes
709 4861 900 4921 erant;
935 4853 1058 4924 quis
1083 4854 1299 4919 horum,
1340 4855 1584 4926 inquam,
1618 4856 1849 4918 exstitit,
1889 4858 1955 4912 de
1978 4873 2088 4927 quo
2113 4855 2385 4925 ejusmodi
2434 4854 2679 4925 quaedam
2731 4853 3043 4922 conscripta
3096 4850 3329 4907 fuerint?
3354 4848 3539 4904 Nonne

271 4945 454 5014 potius
488 4946 871 5003 honestissima
900 4964 1130 5019 qumque
1173 4950 1241 5005 dc
1287 4953 1518 5015 sanctis,
1544 4952 1743 5007 nedum
1787 4953 1856 5007 de
1892 4951 2112 5007 Christo
2139 4951 2391 5013 Domino,
2422 4949 2703 5020 Scriptura
2732 4948 3003 5003 testatur?

345 5041 461 5107 ις’.
491 5041 814 5110 Λεγέτωσαν
857 5044 915 5098 δὲ
947 5047 1078 5116 ἡμῖν
1107 5047 1155 5099 οἱ
1189 5046 1531 5119 ἐκθαμϐητα)⁸
1577 5048 1685 5101 τῶν
1720 5066 1851 5119 προ-

273 5130 453 5184 ϐάτων
477 5171 492 5195 ,
536 5133 631 5184 καὶ
663 5132 899 5204 πτύρται
928 5135 1036 5189 τῶν
1074 5136 1437 5207 περιστερῶν,
1490 5137 1584 5191 καὶ
1628 5136 1854 5207 σοϐηταὶ

271 5221 381 5276 τῶν
409 5222 504 5277 τοῦ
537 5224 770 5295 Χριστοῦ
803 5226 1004 5296 ἀρνίων
1036 5240 1096 5277 τε
1113 5224 1206 5279 καὶ
1222 5223 1571 5297 θρεμμάτων,
1594 5222 1697 5277 ποῦ
1717 5246 1858 5300 παρ-

344 5360 361 5391 ί
389 5358 588 5439 Vitium
630 5362 1141 5439 subestlntic‘loco.
1221 5367 1333 5439 ’VF.
1361 5366 1489 5439 περὶ
1519 5368 1753 5438 Χριστοῦ
1793 5370 1848 5439 δι

1993 5368 2230 5431 τελείως,
2258 5368 2326 5421 τὰ
2355 5368 2534 5422 πάντα
2555 5367 2840 5437 περίεργα,
2864 5366 2939 5429 ὡς
2966 5363 3124 5433 γέγρ.

271 5428 359 5483 22.
439 5430 461 5462 ⁸
491 5431 689 5501 Ephes.
722 5448 796 5499 tv,
826 5434 913 5488 16.
989 5437 1010 5467 ⁵
1043 5435 1146 5491 lsa.
1178 5452 1215 5502 ι,
1244 5438 1334 5490 12.

345 5552 458 5633 ςθᾷ)
494 5558 731 5633 Ορκοῦν
768 5559 975 5626 χρείαν
1016 5559 1182 5633 ἕᾳχε.
1209 5558 1361 5633 __Fuit
1411 5559 1526 5614 hmc
1576 5558 1846 5633 Valentini

274 5625 482 5692 opinio,
523 5625 811 5699 Christum
856 5637 1002 5682 tanta
1053 5625 1360 5699 frugalitate
1408 5645 1470 5683 ac
1512 5630 1847 5699 parcimonia

279 5708 438 5747 usum
465 5712 605 5767 esse,
637 5698 766 5750 nihil
801 5707 858 5752 ut
890 5697 1158 5765 cgererct.
1187 5697 1440 5754 Testatur
1467 5697 1700 5767 idipsuut
1731 5702 1847 5753 Cle-

278 5776 436 5822 mens
462 5765 758 5824 Alexantlr.
786 5784 844 5825 tu
878 5766 1076 5824 Slrom.
1119 5769 1212 5835 qui
1245 5785 1311 5828 ex
1342 5765 1581 5826 htct‘ctici
1610 5771 1753 5826 illius
1778 5771 1846 5823 ad

2033 5046 2169 5101 XVI.
2212 5046 2407 5103 Dicant
2454 5047 2612 5102 nobis
2658 5046 2693 5101 ii
2740 5045 2833 5114 qui
2869 5052 2923 5100 et
2956 5058 3083 5100 oves
3123 5042 3538 5103 absterrent,et

1963 5137 2246 5191 columbas
2285 5136 2530 5206 abigunt,
2572 5144 2627 5189 et
2664 5134 2868 5189 Christi
2905 5147 3074 5203 agnos
3112 5146 3177 5185 ac
3214 5142 3409 5199 pecora
3454 5125 3541 5190 fu—

1967 5237 2115 5299 gant,
2152 5228 2377 5283 ubinam
2419 5227 2633 5298 Moyses
2662 5226 2794 5281 totis
2816 5225 2922 5280 illis
2950 5221 3312 5295 quadraginta
3346 5218 3544 5275 diebus

3212 5361 3232 5393 ⁸
3258 5359 3276 5413 l
3302 5358 3447 5415 Petr.
3477 5372 3542 5425 tt,

1956 5559 2347 5634 ﬁgatltoppdcm
2384 5555 2789 5634 cpistolft‘ista
2832 5549 3077 5634 ‘plloft'll‘l:
3151 5537 3393 5631 'lluOtev,
3447 5548 3540 5634 καὶ

1957 5620 2139 5683 ἔτῖινεν
2163 5620 2315 5692 ⁷ἰδίως
2346 5620 2445 5681 οὐκ
2475 5626 2757 5685 ἀποδιδοὺς
2787 5620 2859 5674 "cdt
2890 5620 3152 5692 βρώματα
3178 5638 3191 5649 ·
3223 5620 3440 5692 τοιαύτη
3473 5620 3542 5687 ἦν

1958 5700 2106 5769 αὐτῷ
2149 5689 2477 5768 ἐγκρατείας
2511 5696 2758 5765 δύναμις,
2792 5689 2934 5746 ὥστε
2976 5690 3246 5761 φθαρῆναι
3280 5689 3379 5757 τὴν
3417 5704 3540 5752 τρο-

1959 5769 2063 5841 φὴν
2096 5772 2152 5822 ἐν
2180 5768 2347 5837 αὐτῷ.
