3994 6224
399 312 506 365 tias

1824 301 1877 357 S.
1924 295 2263 354 EPIPIIANII

3563 276 3675 333 6H

401 439 588 486 cenus,
614 421 778 490 hujus
797 419 1068 490 dogmatis
1093 427 1286 473 auctor
1314 431 1377 472 ac
1400 425 1728 488 propagator
1746 415 1973 472 exstitit.

2103 407 2232 478 ὦτος
2262 407 2330 484 ἦν
2364 415 2392 466 ὁ
2420 414 2478 466 tv
2517 412 2659 484 ἀρχῇ
2691 411 2849 465 τοῦτο
2875 410 2936 465 τὸ
2967 411 3119 482 ῥῆμα
3143 412 3436 484 ἐπινοήσας
3476 427 3541 464 τε
3577 414 3682 462 καί.

401 515 478 568 Ac
504 513 768 584 principio
796 512 1014 582 quidem
1047 527 1174 565 cum
1207 511 1260 566 id
1289 511 1448 565 nobis
1483 509 1730 565 nonnulli
1766 524 1833 564 ex
1857 507 1980 576 ejus

401 603 687 672 discipulis
711 613 1020 674 narrarent,
1066 603 1223 658 [idem
1264 617 1371 656 non
1401 602 1758 666 habebamus,
1803 616 1980 668 neque

401 695 696 750 verisimile
722 696 1047 765 putabamus
1064 707 1094 748 a
1123 701 1276 749 tanto
1293 691 1413 749 viro
1433 702 1675 748 errorem
1708 691 1980 762 ejusmodi

403 785 721 855 profectum.
764 785 946 856 Itaque
965 786 1225 839 nonnulla
1251 785 1430 839 adhuc
1467 784 1752 838 meliorum
1781 798 1877 852 spe
1893 796 1981 852 pa-

408 876 605 930 tienter
634 877 1094 945 exspectavimus,
1127 875 1300 930 donec
1333 891 1445 930 rem
1478 889 1692 928 omnem
1726 882 1983 930 accurate

406 967 785 1037 cognovimus.
811 965 923 1021 lloc
943 967 1086 1020 enim
1109 965 1424 1021 dicebamus
1445 981 1458 1017 :
1479 965 1788 1036 Discipulos
1813 965 1981 1031 illius,

407 1060 502 1129 qui
537 1059 603 1112 ad
635 1074 734 1113 nos
762 1059 1120 1120 ventilabam,
1165 1072 1288 1111 cum
1325 1073 1387 1112 ea
1431 1058 1654 1112 minime
1701 1065 1980 1126 caperem,

410 1162 532 1216 quae
576 1147 644 1200 ab
705 1148 922 1202 erudito
971 1148 1062 1202 illo
1105 1163 1168 1201 ac
1212 1147 1442 1215 sapienti
1483 1148 1601 1200 viro
1648 1155 1986 1216 praeceptore

410 1254 511 1291 suo
549 1238 825 1299 abstrusa,
854 1251 917 1290 ac
962 1235 1242 1290 recciidita
1279 1234 1675 1304 proferrentur,
1715 1232 1986 1301 ejusmodi

410 1329 657 1399 quaedam
695 1328 914 1383 finxisse
945 1329 1072 1385 sibi.
1103 1343 1224 1398 qua?
1263 1328 1332 1380 ab
1383 1328 1476 1380 illo
1519 1340 1798 1396 nunquam
1841 1325 1985 1379 didi-

410 1429 620 1485 cerant,
657 1423 957 1490 praesertim
1006 1435 1130 1474 cum
1177 1422 1343 1473 multa
1385 1419 1529 1473 inter
1572 1418 1714 1483 illos,
1749 1417 1840 1486 qui
1888 1433 1988 1472 nos

411 1511 654 1578 adibant,
685 1512 1003 1581 opinionum
1032 1509 1274 1565 varietas
1299 1521 1466 1565 esset.
1494 1507 1706 1578 Quippe
1734 1508 1987 1562 nonnulli

410 1617 474 1656 eo
499 1603 772 1672 progressi
797 1611 945 1667 sunt,
983 1609 1042 1656 ut
1067 1601 1344 1656 Christum
1374 1614 1576 1668 corpus
1609 1614 1640 1654 e
1669 1598 1808 1653 caelo
1831 1597 1991 1652 detu-

409 1692 542 1747 lisse
562 1692 810 1746 dicerent
847 1709 860 1746 :
892 1707 1014 1761 qua:
1045 1689 1282 1745 absurda
1333 1689 1729 1758 peregrinaque
1758 1686 1991 1742 commi-

2079 501 2477 573 προαγόμενος.
2528 500 2640 553 Καὶ
2669 499 2740 553 τὰ
2782 500 2977 570 πρῶτα
3022 500 3120 570 μὲν
3158 501 3511 572 ὲνηχούμενοι
3564 498 3680 553 ἀπό

2079 609 2241 645 τινων
2272 591 2382 645 τῶν
2415 592 2506 644 ὑπ’
2538 589 2704 645 αὐτοῦ
2743 590 3268 662 μεμαθητευ-μένων,
3297 590 3678 661 ήπιστοῦμεν,

2079 685 2130 736 εἰ
2161 682 2268 754 ἇλρα
2296 685 2324 737 ό
2356 683 2494 754 ἀνὴρ
2520 673 2760 747 τοιοῦτος
2791 684 3076 754 τυγχάνων
3103 683 3260 738 τοῦτο
3290 686 3682 753 παρεισήγαγε

2079 776 2158 846 τῷ
2209 775 2308 848 βίῳ
2350 776 2412 830 τὸ
2461 777 2633 848 ῥῆμα,
2665 775 2746 828 ἔτι
2779 776 2836 829 tv
2883 775 3181 848 προσδοκίᾳ
3220 775 3431 838 ἐλπίδος
3461 791 3685 844 μακρο-

2082 868 2399 940 θυμοῦντες,
2425 867 2530 929 ἕως
2560 867 2817 937 τάκριϐὲς
2845 865 3177 937 ὲπιγνῶμεν.
3233 866 3524 937 Ἐλέγομεν
3564 864 3684 937 γὰρ

2082 959 2207 1023 τοὺς
2242 958 2436 1021 παῖδας
2479 959 2604 1022 τοὺς
2647 958 2739 1010 ὑπ’
2779 957 2974 1023 αὐτοῦ,
3022 959 3160 1029 πρὸς
3203 961 3352 1029 ἡμᾶς
3399 957 3684 1028 ἀφικομέ-

2081 1067 2226 1115 νους,
2278 1050 2352 1122 μὴ
2386 1050 2640 1114 νοοῦντας
2682 1049 2751 1103 τά
2789 1045 3002 1119 βαθέως
3030 1050 3137 1103 ὑπὸ
3173 1050 3268 1103 τοῦ
3296 1050 3542 1104 τοιούτου
3590 1049 3686 1102 λο-

2083 1142 2203 1210 γίου
2238 1141 2452 1212 ἀνδρὸς,
2489 1142 2583 1194 καὶ
2617 1141 2862 1207 συνετοῦ,
2909 1141 3005 1194 καί
3045 1140 3388 1206 διδασκάλου,
3419 1142 3513 1210 ἀφ’
3549 1143 3685 1195 ἐαυ-

2084 1233 2192 1287 τῶν
2238 1233 2410 1286 ταῦτα
2457 1233 2735 1298 πλάττειν,
2775 1233 2849 1304 μὴ
2901 1234 2999 1286 ἀπ’
3043 1234 3207 1288 αὐτοῦ
3257 1234 3681 1306 μεμαθηκότας.

2086 1325 2264 1378 Πολλὰ
2294 1325 2404 1397 γὰρ
2451 1322 2542 1397 ἦν,
2577 1325 2613 1380 ἃ
2644 1327 2704 1379 tv
2754 1327 2936 1389 αὐτοῖς
2993 1326 3129 1397 πρὸς
3159 1327 3307 1397 ἡμᾶς
3354 1325 3685 1397 ἐρχομένοις

2087 1418 2482 1489 ἡμφιδάλλετοο
2531 1419 2688 1483 Τινὲς
2743 1420 2840 1488 μὲν
2875 1419 2983 1490 γὰρ
3016 1419 3196 1473 αὐτῶν
3241 1420 3551 1491 ἐτόλμησαν
3596 1419 3688 1472 λέν-

2089 1526 2205 1577 γειν
2235 1509 2438 1564 ἄνωθεν
2487 1510 2579 1563 τὸν
2627 1511 2863 1580 Χριστὸν
2907 1511 2970 1563 τὸ
3003 1511 3164 1582 σῶμα
3209 1512 3641 1582 κατενηνοχέναι
3666 1528 3682 1542 ο

2091 1600 2423 1669 ἐπιμένουσα
2455 1600 2512 1654 δὲ
2543 1603 2603 1654 ἐν
2648 1605 2716 1673 τῇ
2763 1604 2878 1656 τῶν
2918 1601 3221 1674 ἀνθρώπιον
3257 1604 3439 1674 ἐννοίᾳ
3467 1607 3499 1673 ἡ
3532 1605 3688 1670 ξενο-

2091 1691 2246 1760 λογία
2273 1691 2367 1745 ἐπὶ
2397 1692 2494 1764 τὴν
2518 1693 2805 1766 δεινότητα
2831 1695 3115 1767 προκοπὴν
3147 1694 3454 1766 εἰργάζετο.
3493 1695 3686 1749 ’Δλλοι

412 1781 659 1836 nisceudi
688 1781 934 1845 licentia,
961 1779 1247 1833 hominum:
1288 1777 1455 1832 serrtel
1475 1777 1673 1833 animis
1715 1775 1979 1839 incidens,

2103 1783 2145 1836 5t
2173 1783 2232 1848 ἐξ
2266 1783 2446 1836 αὐτῶν
2492 1782 2587 1837 καὶ
2634 1784 2694 1838 τὺ
2741 1784 2921 1856 ψυχὴν
2965 1785 3246 1856 εἰληφέναι
3294 1786 3388 1839 τὸν
3442 1786 3687 1858 Χριστὸν

413 1871 479 1925 ad
509 1873 758 1940 graviora
789 1869 1185 1939 acerbioraque
1210 1866 1373 1937 997
1395 1866 1689 1935 processit.
1725 1865 1829 1919 Alii
1859 1879 1987 1920 vero

412 1962 692 2017 Christum
715 1962 956 2016 animum
979 1962 1347 2030 assumpsisse
1374 1967 1728 2030 negaverunt.
1758 1957 1990 2025 Quidam

411 2054 659 2124 ejusdem
701 2053 912 2109 Christi
946 2069 1150 2122 corpus
1189 2052 1468 2106 divinitati
1519 2050 1994 2106 consubstantialc

414 2163 523 2202 non
559 2147 879 2200 dubitarunt
925 2160 1193 2200 asserere.
1231 2143 1442 2210 Quibus
1483 2143 1804 2212 opinionum
1853 2157 1982 2212 por-

416 2241 582 2296 tentis
610 2239 891 2294 Orientem
931 2253 1262 2308 magnopere
1304 2235 1727 2308 perturbarunt:
1771 2242 1996 2304 propter

411 2348 553 2402 quos
587 2331 812 2386 conflari
861 2330 1135 2402 synodum
1186 2343 1414 2384 necesse
1463 2328 1586 2391 fuit,
1637 2326 1997 2396 ejusdemque

409 2423 634 2479 decreto
668 2422 1043 2478 condemnari.
1073 2420 1219 2488 Quin
1249 2420 1416 2475 etiam
1449 2417 1834 2474 commentarii
1874 2417 1998 2486 qni-

413 2515 538 2571 dem
582 2515 890 2584 praescripti
925 2522 1075 2576 sunt,
1121 2526 1358 2582 quorum
1410 2509 1659 2579 exempla
1710 2508 1778 2562 ad
1823 2506 1884 2560 B.
1920 2506 1992 2562 Μ.

415 2622 609 2676 papam
651 2606 1012 2661 Athanasium
1057 2603 1225 2658 missa
1267 2610 1431 2657 sunt:
1479 2601 1678 2670 quibus
1723 2600 1814 2654 ille
1850 2615 1998 2654 com-

417 2697 702 2753 mentariis
730 2696 1000 2751 adductus
1026 2704 1130 2759 est,
1166 2701 1226 2749 ut
1257 2694 1518 2748 adversus
1544 2692 1858 2764 dogmatum
1884 2692 2000 2746 illo-

417 2806 539 2845 rum
591 2797 894 2844 assertores
944 2801 1191 2842 minaces
1241 2785 1454 2840 litteras
1503 2784 1569 2838 ad
1629 2783 1997 2839 venerabilem

417 2882 735 2950 episcopum
767 2879 1069 2949 Epictetum
1107 2878 1396 2940 scriberet,
1435 2891 1465 2929 a
1502 2892 1612 2946 quo
1637 2886 1861 2946 rogatus
1885 2876 2001 2931 fue-

419 2982 528 3036 rat,
581 2981 642 3026 ut
670 2971 1019 3040 tempestatis
1068 2969 1213 3024 illius
1254 2983 1324 3023 ac
1377 2968 1644 3022 tumultus
1681 2967 1999 3022 auctoribus

2095 1875 2416 1944 ἠρνήσαντο.
2456 1876 2615 1940 Τινὲς
2665 1876 2724 1930 δὲ
2781 1878 2879 1936 καὶ
2929 1878 3216 1950 όμοούσιον
3267 1879 3329 1932 τὸ
3377 1879 3544 1950 σῶμα
3589 1876 3688 1931 τοῦ

2096 1963 2332 2035 Χριστοῦ
2365 1968 2429 2037 τῇ
2467 1966 2680 2038 θεότητι
2712 1967 2894 2038 λέγειν
2923 1970 3253 2042 ἐτόλμησαν,
3292 1973 3390 2025 καὶ
3430 1971 3502 2024 τὰ
3544 1972 3674 2024 ἀνω

2095 2054 2288 2124 τερικὰ
2333 2055 2474 2127 μέρη
2520 2058 2604 2120 εις
2654 2059 2856 2130 πολλὴν
2890 2064 3136 2133 ταραχὴν
3183 2062 3568 2133 κατέστησανο
3617 2062 3689 2115 δι’

2096 2144 2189 2206 οὓς
2229 2146 2442 2217 ἀνάγκη
2475 2148 2666 2216 γέγονε
2692 2149 2806 2221 (92)
2837 2151 3054 2205 σύνοδον
3079 2152 3543 2223 «συγκρστηθῆναι.
3593 2155 3692 2206 καὶ

2097 2235 2494 2306 ἁναθεματὲσαι
2547 2239 2674 2303 τοὺς
2730 2242 3023 2306 τοιούτους.
3085 2243 3250 2298 Ἀλλὰ
3290 2245 3389 2297 καὶ
3437 2245 3690 2315 ὑπομνή-

2101 2344 2248 2397 ματα
2279 2327 2616 2411 πέπρακται,
2642 2325 2725 2386 ὧν
2766 2334 3076 2406 ἀντίγραφα
3099 2335 3178 2406 τῷ
3212 2338 3491 2408 μακαρίτῃ
3525 2338 3691 2410 ma.

2113 2419 2414 2492 Ἀθανασίῳ
2446 2423 2758 2496 ἀπεστάλη·
2807 2426 2875 2480 δι’
2905 2428 2974 2498 ἢν
3017 2429 3194 2482 αἰτίαν
3219 2429 3327 2482 τῶν
3357 2431 3692 2500 ὑπόμνημά.

2099 2530 2207 2567 των
2265 2514 2360 2566 καὶ
2414 2515 2582 2580 αὐτὸς
2637 2519 2666 2570 ὁ
2721 2519 3034 2589 μακαρίτης
3094 2520 3415 2591 ἠναγκάσθη
3477 2521 3690 2591 γράψαι

2093 2603 2388 2675 ἐπιστολὴν
2436 2607 2576 2661 κατὰ
2628 2609 2736 2662 τῶν
2791 2611 2860 2665 τὰ
2908 2611 3136 2666 τοιαῦτα
3185 2611 3489 2681 λεγόντων,
3553 2616 3694 2684 μετὰ

2099 2694 2470 2766 ἀπειλητικῶν
2491 2698 2666 2766 λόγων
2691 2702 3144 2773 ἐπιπεμψάμενος
3166 2705 3244 2776 τῷ
3272 2707 3692 2777 αἱδεσιμωτάτῳ

2105 2787 2391 2859 ὲπισκόπῳ
2459 2789 2791 2862 Ἐπικτήτῳ,
2841 2794 2922 2846 ὅτι
2971 2795 3276 2864 κατηξίωσε
3316 2801 3443 2869 περὶ
3494 2799 3691 2851 τούτου

2099 2875 2203 2930 κᾶν
2233 2878 2524 2950 ἀπόκρισιν
2550 2883 2663 2943 τοῖς
2700 2883 2968 2954 ταράξασι
2996 2884 3202 2940 δοῦναι.
3250 2889 3444 2956 Σαφῶς
3476 2889 3534 2942 δὲ
3562 2891 3694 2960 περὶ

2097 2968 2198 3038 τῆς
2230 2969 2467 3034 πίστεως
2507 2972 2723 3041 γράψας
2753 2975 2783 3026 ὁ
2832 2975 2992 3040 αὐτὸς
3031 2979 3339 3051 μακαρίτης
3377 2982 3434 3034 tv
3483 2980 3692 3049 ταυτῷ,

419 3062 796 3133 responderet.
832 3061 1198 3127 Quamobrem
1235 3060 1290 3114 iu
1321 3058 1518 3113 eadem
1541 3058 1774 3126 epistota
1800 3057 1868 3112 de
1896 3056 1999 3111 fide

2103 3061 2197 3114 καὶ
2241 3063 2369 3124 τοὺς
2411 3064 2552 3118 αὐτὰ
2601 3065 2908 3133 φάσκοντας
2939 3069 3036 3122 καὶ
3071 3073 3435 3141 ταράττοντας
3481 3073 3697 3144 ἀπεκή-

419 3156 706 3224 perspicue
735 3163 1103 3222 accurateque
1131 3153 1326 3207 beatus
1356 3150 1448 3205 ille
1470 3149 1762 3212 disseruit,
1790 3156 1844 3203 et
1874 3147 1998 3203 illos

2103 3151 2284 3222 ρυξεν.
2329 3145 2438 3216 Ἦς
2469 3155 2760 3226 ἐπιστολῆς
2785 3157 2849 3212 τὸ
2880 3136 3214 3231 άντίγραςέον
3245 3163 3481 3216 ἐνταῦθα
3515 3136 3696 3235 παρα-

421 3258 685 3298 novorum
715 3241 1030 3310 dogmatum
1057 3251 1452 3311 ,propagatores
1481 3238 2003 3308 perturbatoresque

2102 3243 2290 3298 θέσθαι
2330 3245 2505 3299 διόλου
2535 3249 2834 3316 ἀναγκαῖον
2878 3252 3196 3325 ἡγησάμην.
3237 3256 3348 3308 Καὶ
3386 3255 3504 3310 ἐστι
3549 3255 3692 3309 τόδεο

424 3334 764 3403 proscripsit.
791 3333 966 3403 Cujus
996 3333 1244 3403 epistolas
1268 3332 1542 3402 integrum
1590 3330 1899 3400 exemplum
1933 3330 2022 3386 hic
2063 3335 2341 3393 ascribere
2400 3342 2774 3396 necessarium
2815 3358 2940 3400 esse
2977 3347 3129 3401 duxi.
3172 3347 3266 3402 Est
3299 3359 3479 3404 autem
3538 3349 3698 3419 ejusn

423 3428 568 3480 modi
612 3444 626 3480 :

424 3545 751 3598 Athanasius
775 3544 1044 3614 episcopus
1071 3542 1416 3624 Alexandriae
1444 3529 2006 3611 Epictetoi'C‘orimhios

1009 3629 1124 3666 rum
1155 3627 1415 3682 eptscopo.

501 3725 586 3779 111.
641 3723 900 3794 Equidem
945 3724 1256 3780 arbitrabar
1296 3724 1702 3788 haereticorum,
1737 3733 2009 3796 quotquot

427 3833 666 3888 unquam
698 3817 936 3880 fuerunt,
964 3816 1212 3871 omnium
1251 3830 1441 3870 vanam
1483 3815 1892 3887 absurdamque
1924 3817 2010 3871 lo-

428 3913 758 3982 quacitatem
799 3909 867 3964 ab
905 3908 1124 3964 Nicaena
1172 3907 1386 3979 synodo
1432 3908 1650 3978 penitus
1688 3922 1812 3963 esse
1857 3922 2010 3963 com-

427 4017 691 4072 pressam.
729 3999 865 4066 Quae
910 4001 1056 4056 enim
1107 3998 1220 4053 illic
1261 4013 1292 4053 a
1331 3996 1587 4054 Patribus
1627 4014 1694 4055 ex
1729 4013 2011 4054 sacrarum

429 4098 756 4152 auctoritate
797 4094 1123 4150 Litterarum
1164 4093 1448 4165 proposita
1477 4091 1602 4149 ﬁdei
1634 4091 1871 4148 formula
1901 4101 2010 4158 est,

428 4204 553 4243 cum
587 4189 657 4243 ad
682 4203 844 4244 oume
867 4204 1040 4260 genus
1067 4187 1361 4258 impietatis
1387 4185 1762 4252 e’vertendum,
1796 4196 1908 4240 tum
1939 4184 2008 4240 ad

428 4282 735 4352 religiosam
768 4282 822 4335 in
867 4280 1088 4336 Christo
1136 4280 1296 4335 fidem
1341 4278 1715 4332 aﬂirmandam
1760 4277 2011 4334 sufficere

427 4375 666 4430 videtur.
697 4373 1062 4438 Quamobrem
1092 4387 1215 4426 eum
1240 4386 1337 4442 per
1365 4371 1619 4436 Galliam,
1658 4371 2007 4442 Hispaniam,

2121 3546 2466 3616 Ἄθανάσιος
2495 3551 2833 3626 ἐπίσκοπος
2882 3555 3328 3624 Ἀλεξανὸῃείας
3352 3558 3502 3626 πρὸς
3537 3560 3698 3616 Ἐ’πί-

2410 3638 2632 3688 κτητον
2665 3624 3008 3678 ἐπίσκοπον
3043 3628 3388 3694 Κορινθίων.

2183 3731 2257 3786 l".
2315 3731 2457 3801 Ἐγὼ
2492 3733 2590 3804 μὲν
2631 3735 2882 3806 ἐνόμιζον
2915 3739 3097 3790 πᾶσαν
3139 3741 3528 3810 ματαιολογίαν
3560 3744 3697 3799 πάν-

2107 3839 2237 3886 των,
2262 3823 2376 3877 ὅσοι
2402 3823 2666 3896 δηποτοῦν
2689 3829 2827 3880 εἰσιν
2849 3829 3137 3899 αἰρετικοὶ,
3169 3831 3484 3887 πεπαῦσθαι
3506 3835 3572 3888 ὲκ
3592 3835 3698 3907 τῆς

2107 3914 2407 3986 γενομένης
2449 3917 2508 3969 tv
2538 3915 2742 3990 Νικαία
2775 3919 3016 3976 συνόδου.
3062 3921 3126 3973 Ἥ
3152 3923 3264 3994 γὰρ
3291 3925 3349 3978 tv
3377 3924 3514 3995 αὐτῇ
3544 3926 3698 3996 παρὰ

2108 4003 2218 4058 τῶν
2244 4005 2506 4077 Πατέρων
2532 4008 2674 4063 κατὰ
2704 4009 2805 4074 τὰς
2851 4010 3012 4076 ἁγίας
3051 4013 3275 4085 Γραφάς
3303 4015 3697 4088 ὁμολογηθεῖσα

2109 4095 2293 4158 πίστις
2339 4096 2620 4170 αὐτάρκης
2670 4098 2786 4152 ἐστὶ
2828 4099 2967 4170 πρδς
3013 4101 3327 4174 ἀνατροπὴν
3377 4105 3476 4176 μὲν
3517 4106 3701 4177 πάσης

2115 4185 2391 4254 ἀσεϐείας,
2426 4188 2688 4243 σύστασιν
2720 4190 2778 4244 δὲ
2818 4191 2918 4261 τῆς
2961 4193 3022 4246 tv
3058 4193 3281 4265 Χριστῷ
3319 4195 3577 4260 εὐσεϐοῦς
3610 4198 3700 4250 πί-

2119 4294 2305 4341 στεως.
2345 4279 2444 4333 Διὰ
2474 4279 2630 4333 τοῦτο
2664 4279 2796 4349 γοῦν
2823 4282 2916 4335 καὶ
2955 4282 3052 4337 νῦν
3079 4283 3352 4356 διαφόρων
3390 4285 3700 4358 γενομένων

2119 4369 2372 4436 συνόδων,
2401 4371 2458 4424 ἐν
2483 4388 2542 4424 τε
2567 4373 2634 4442 τῇ
2658 4369 2860 4443 Γαλλίᾳ
2882 4373 2978 4426 καὶ
3005 4375 3239 4447 Σπανίᾳ,
3271 4378 3364 4430 καὶ
3389 4379 3456 4449 τῇ
3487 4378 3699 4450 μεγάλῃ

432 4464 726 4534 Romaeque
755 4463 890 4518 adeo
920 4462 1229 4534 frequentia
1257 4463 1362 4517 hoc
1383 4472 1629 4534 tempore
1649 4464 1881 4519 concilia
1917 4479 1999 4519 ce-

2123 4460 2331 4534 Ῥὼμῃ,
2364 4463 2564 4528 πάντες
2599 4467 2648 4518 oi
2697 4466 3040 4532 συνελθόντες
3065 4468 3192 4532 τοὺς
3229 4469 3329 4541 μὲν
3365 4447 3700 4542 ἐπικίρτπτοξ

432 4559 639 4613 Iebrata
671 4559 798 4619 sint,
833 4565 1103 4630 quotquot
1144 4558 1199 4610 in
1231 4556 1340 4611 illis
1369 4556 1690 4628 congregati
1725 4566 1876 4622 sunt,
1913 4571 2013 4611 oc-

433 4651 612 4703 cultos
640 4648 754 4702 Arii
785 4647 1050 4713 fautores,
1091 4648 1421 4702 Auxentium
1470 4647 1594 4702 dico
1639 4646 2014 4703 Mediolanen-

435 4755 572 4804 sem,
614 4751 667 4796 et
712 4737 1018 4803 Ursatium,
1080 4753 1145 4792 ac
1200 4734 1507 4802 Valentem,
1545 4735 1741 4792 Caium
1794 4752 2014 4809 quoque

435 4833 798 4898 Pannonium,
843 4831 989 4885 velut
1032 4831 1194 4886 unius
1225 4829 1406 4884 afflatu
1444 4826 1695 4900 spiritus,
1737 4833 2015 4887 communi

436 4925 696 4997 sull'ragio
718 4923 1179 4986 condemnarunt,
1212 4929 1266 4978 et
1291 4922 1599 4994 encyclicas
1632 4923 1842 4981 litteras
1878 4923 2018 4979 scri-

437 5028 662 5090 pserunt
694 5037 706 5072 :
733 5015 954 5087 quibus,
977 5015 1122 5086 quod
1147 5015 1237 5071 isti
1263 5014 1598 5087 synodorum
1621 5013 1757 5071 falsa
1789 5017 2013 5071 nomina

432 5117 721 5182 jactarent,
747 5111 912 5166 ullam
939 5110 994 5164 in
1019 5107 1259 5164 Ecclesia
1287 5109 1558 5163 catholica
1579 5109 1850 5180 synodum
1877 5123 2016 5180 prte-

435 5217 520 5263 ter
549 5204 820 5259 Niczenam
851 5199 1122 5257 nominari
1145 5207 1471 5257 vetuerunt:
1501 5215 1622 5271 quae
1651 5215 1777 5256 cum
1807 5200 1874 5255 de
1905 5215 2013 5255 cae-

436 5296 570 5351 teris
609 5295 886 5360 omnibus,
923 5301 1039 5347 tum
1079 5291 1147 5346 de
1183 5291 1384 5358 Ariana
1424 5290 1778 5361 potissimum
1818 5289 2012 5346 haeresi

509 5450 621 5521 (92)
651 5452 729 5505 Δι’
772 5449 880 5514 οὓς
911 5448 1143 5517 ἀνάγκη
1175 5446 1406 5521 γέγονε.
1438 5443 1648 5515 Duplex
1675 5444 1786 5521 illis
1803 5453 2011 5521 tempe:-

439 5514 806 5578 rib'us'habita
845 5514 1087 5590 synodus
1117 5514 1232 5590 est,
1254 5514 1319 5570 in
1345 5530 1460 5590 qua
1487 5514 1642 5590 error
1676 5514 2009 5590 ‘Apollinarii

441 5593 731 5648 damnatus
761 5585 892 5645 est!
921 5589 1092 5658 prima
1118 5585 1462 5658 Alexandria}
1493 5586 1562 5658 ab
1603 5585 1924 5658 Athanasio,
1959 5593 2012 5640 et

445 5661 680 5715 Eusebio
708 5653 1040 5714 Vercellensi
1069 5695 1084 5719 ,
1114 5667 1401 5726 postquam
1428 5653 1646 5711 Juliano
1683 5656 2008 5726 imperante,

449 5731 682 5799 Georgio
713 5730 780 5784 ab
818 5727 1200 5782 Alexandrinis
1232 5727 1452 5793 occiso,
1489 5726 1604 5784 sedi
1638 5741 1751 5785 suae
1787 5727 2013 5783 restitu-

2118 4550 2331 4622 μένους,
2375 4552 2470 4605 καὶ
2507 4554 2848 4623 φρονοῦντας
2889 4557 2959 4610 τὰ
3011 4558 3248 4628 Ἀρείου,
3300 4559 3590 4625 Ᾱύξέντιον
3637 4560 3701 4632 δὴ

2114 4640 2262 4712 λέγω
2300 4642 2394 4696 τὸν
2431 4643 2490 4696 tv
2537 4645 2871 4718 Μεδιολάνῳ,
2919 4647 3012 4701 καὶ
3054 4649 3382 4721 Ούρσάκιον,
3428 4652 3526 4705 καὶ
3562 4652 3702 4706 Οὐά-

2116 4732 2298 4798 λεντα,
2331 4733 2490 4789 Γάϊον
2523 4737 2629 4790 ἀπὸ
2671 4737 2770 4810 τῆς
2812 4741 3127 4808 Παννονίας,
3174 4741 3461 4814 παμψηφὶ,
3490 4743 3567 4806 ὡς
3595 4744 3704 4797 ἀπὸ

2118 4824 2239 4888 ἑνὸς
2273 4825 2587 4898 πνεύματος
2627 4829 2956 4900 κινούμενοι,
3004 4832 3421 4903 ἀνεθεμάτισανο
3453 4833 3703 4905 ἔγραψαν

2121 4915 2179 4969 δὲ
2204 4918 2501 4989 πανταχοῦ,
2538 4919 2627 4973 διὰ
2666 4921 2727 4973 τὺ
2759 4923 2886 4985 τοὺς
2918 4922 3193 4988 τοιούτους
3225 4926 3461 4978 ἐπινοεῖν
3488 4927 3702 4990 ἑαυτοῖς

2120 5007 2359 5078 ὀνόματα
2397 5010 2649 5076 συνόδων,
2690 5012 2960 5084 μηδεμίαν
2993 5016 3051 5067 tv
3076 5019 3141 5086 τῇ
3169 5017 3430 5089 καθολικῇ
3475 5016 3704 5090 Ἐκκλη-

2122 5100 2213 5171 σία
2244 5100 2460 5156 σύνοδον
2481 5104 2865 5174 ὀνομάζεσθαι,
2900 5107 2948 5159 εί
2988 5106 3063 5179 μὴ
3094 5108 3254 5179 μόνον
3281 5109 3379 5180 τὴν
3408 5111 3467 5163 tv
3495 5111 3703 5183 Νικαίᾳ

2119 5197 2439 5267 γενομένην,
2473 5197 2733 5268 τρόπαιον
2764 5197 2866 5266 μὲν
2890 5193 3056 5252 οὖσαν
3095 5200 3276 5271 πάσης
3298 5201 3586 5273 αἱρέσεως,
3619 5203 3703 5268 ἐξ·

2119 5290 2349 5362 αιρέτως
2374 5289 2430 5343 δὲ
2447 5289 2549 5360 τῆς
2585 5289 2893 5362 Ἀρειανῆς,
2924 5289 2992 5343 δι’
3019 5291 3085 5363 ἣν
3118 5292 3353 5363 μάλιστα
3381 5295 3476 5350 καὶ
3509 5298 3542 5367 ἠ
3574 5296 3700 5349 σύν-

2116 5455 2208 5502 tus
2235 5454 2319 5501 est
2348 5445 2686 5517 Athanasius
2714 5486 2730 5510 ,
2783 5461 2929 5502 anno
2963 5447 3172 5503 Christi
3204 5449 3351 5517 362;
3386 5451 3557 5504 altera
3593 5450 3701 5505 ﬂo-

2118 5532 2221 5571 mze
2249 5519 2354 5572 sub
2385 5516 2618 5572 Damaso
2649 5557 2664 5579 ,
2695 5533 2842 5572 anno
2880 5517 3085 5574 Christi
3127 5521 3254 5576 573.
3297 5516 3429 5575 Vide
3463 5521 3700 5575 Annales

2118 5587 2304 5660 ecclés.
2341 5586 2415 5641 De
2467 5588 2570 5660 hoc
2624 5589 2916 5660 posteriori
2955 5592 3226 5660 concilio,
3279 5593 3442 5660 cujus
3510 5607 3701 5646 recens

2118 5672 2243 5712 cum
2276 5658 2691 5729 lucc-scriberet
2721 5657 3056 5729 Epiphanius
3087 5657 3360 5718 memoria
3373 5669 3511 5729 erat,
3547 5676 3702 5717 eum-

2120 5729 2242 5785 dem
2268 5728 2680 5799 intelligendum
2713 5728 2987 5784 exiStimo.
