3994 6224
389 333 497 386 Μῖὶ

996 329 1360 387 ADVERSUS
1407 331 1746 387 HERESES
1778 331 1908 388 LIB.
1947 335 1962 388 I

2078 333 2242 390 ΤΟΜ.
2276 336 2346 392 ‘ll.
2391 370 2455 378 —
2491 338 2764 394 lilEllES.
2793 340 3047 399 LXXVII.

3558 346 3660 402 ϐω

388 445 510 507 οδος
549 443 672 495 τότε
720 444 981 516 συνήχθη.
1035 444 1159 507 Πῶς
1202 444 1381 496 τοίνυν
1429 443 1508 496 ἔτι
1559 444 1693 514 μετὰ
1749 445 1971 499 τοσαῦτα

2089 448 2460 518 triumphavit,
2493 449 2653 519 cujus
2681 453 2845 507 unius
2873 455 3050 522 gratia
3077 455 3420 524 potissimum
3441 465 3521 515 cst
3546 463 3661 514 col-

391 537 765 608 ἀμφισϐητεῖν
787 554 934 600 τινες
962 538 994 607 ἢ
1026 537 1210 608 ζητεῖν
1241 535 1648 607 ἐπιχειροῦσιν,
1685 537 1747 589 Ei
1775 536 1873 607 μὲν
1892 532 1985 589 οὖν

389 631 462 682 ὲκ
487 628 598 682 τῶν
639 629 694 680 Ἀ
707 627 934 699 ρειανῶν
962 630 1120 690 είσιν,
1145 627 1298 680 οὐδὲν
1323 627 1654 697 θαυμαστὸν,
1683 628 1731 679 εί
1760 625 1828 680 τὰ
1852 626 1974 680 καθ’

390 720 602 773 ἑαυτῶν
630 721 910 792 γραφέντα
942 719 1342 774 διαϐάλλουσιν·
1381 719 1571 789 ὥσπερ
1599 719 1694 774 καὶ
1723 718 1985 790 ’Έλληνες

389 810 676 864 ἀκούουσι·
710 811 786 864 Τὰ
805 811 1029 865 εἴδωλα
1050 811 1170 864 τῶν
1194 810 1386 864 ἐθνῶν
1405 811 1712 879 ἀργύριον,
1731 810 1827 863 καί
1849 828 1986 879 χρυ-

390 903 557 969 σίον,
600 903 778 972 ἔργον
821 903 1034 972 χειρῶν
1073 901 1422 971 ἀνθρώπων,
1469 901 1678 972 μωρίαν
1723 902 1980 971 ἡγοῦνται

390 993 491 1064 τὴν
518 995 646 1064 περὶ¹
673 995 768 1048 τοῦ
794 995 950 1062 ἁγίου
974 995 1291 1064 Πνεύμοιτος
1313 993 1680 1048 διδασκαλίαν.
1709 993 1770 1045 Et
1795 993 1852 1046 δὲ
1872 992 1980 1046 τῶν

391 1085 697 1139 δοκούντων
735 1085 912 1157 ὀρθῶς
955 1085 1260 1151 πιστεύειν,
1310 1085 1405 1138 καὶ
1453 1085 1677 1154 ἀγαπᾷν
1706 1083 1776 1136 τὰ
1808 1084 1982 1155 δηλω-

392 1177 558 1231 θέντα
588 1178 738 1249 παρὰ
768 1179 874 1231 τῶν
894 1178 1154 1250 Πατέρων
1180 1177 1318 1230 είσὶν
1340 1179 1388 1230 οἱ
1409 1177 1496 1230 διὰ
1518 1176 1612 1230 τοῦ
1646 1177 1826 1246 ζητεῖν
1852 1179 1982 1230 ἀνα-

395 1267 688 1332 σκευάζειν
703 1268 998 1333 ἐθέλοντες.
1019 1269 1171 1322 οὐδὲν
1198 1269 1284 1321 ἒτε
1294 1285 1384 1338 ρον
1413 1267 1682 1330 ποιοῦσιν,
1706 1268 1738 1340 ἢ
1761 1268 1899 1321 κατὰ
1920 1267 1980 1320 τὸ

393 1362 800 1432 γεγραμμένον·
821 1360 926 1413 Τὸν
959 1363 1054 1431 μὲν
1083 1360 1308 1431 πλησίον
1335 1359 1649 1424 ποτίζουσιν
1670 1359 1981 1430 ἀνατροπὴν

394 1451 645 1520 θολερὰν,
695 1452 1060 1524 λογομαχοῦσι
1108 1452 1166 1506 δὲ
1211 1454 1269 1506 ὲν
1313 1451 1492 1506 οὐδενὶ
1534 1449 1859 1523 χρησίμιρῆ
1890 1451 1982 1503 ἐπὶ

393 1548 746 1616 καταστροφῇ
786 1545 894 1598 τῶν
927 1545 1221 1616 ἀκεραίων.

2086 539 2246 594 lecta.
2277 537 2409 594 Post
2433 555 2497 595 ea
2529 557 2657 595 vero
2680 551 2759 596 tot
2785 551 3065 614 tantaque,
3092 547 3222 616 quid
3248 556 3332 602 est
3357 548 3497 618 quod
3521 565 3658 605 non-

2087 630 2218 684 nulli
2255 633 2686 686 controversiam
2737 631 2918 688 facere
2964 651 3026 689 ac
3066 641 3399 706 qumstiones
3452 641 3660 710 agitare

2086 721 2396 774 conamur?
2433 719 2538 786 Qui
2591 722 2636 774 si
2679 735 2742 775 ex
2782 723 2984 776 Ariana
3027 723 3262 781 factione
3307 735 3458 792 sunt,
3492 724 3662 800 998

2084 808 2222 863 nihil
2263 809 2460 863 mirum
2505 817 2588 864 est
2638 810 2759 866 illos
2805 823 2925 880 quae
2969 823 3160 868 contra
3192 831 3252 871 se
3279 826 3406 873 sunt
3435 820 3659 886 scripta.

2084 899 2386 954 criminari.
2430 899 2901 966 Quemadmodum
2937 912 2991 958 et
3028 906 3255 974 gentiles
3294 923 3416 962 cum
3449 925 3479 965 e
3508 909 3662 965 Psal-

2085 989 2191 1044 mis
2223 989 2366 1044 istud
2413 991 2640 1045 audiunt
2669 1011 2680 1044 :
2706 989 3010 1046 Simulacra
3030 995 3258 1063 gentium
3289 1006 3579 1067 argentum,
3611 1007 3660 1052 et

2085 1097 2298 1144 aurum,
2356 1097 2483 1150 opus
2531 1099 2787 1135 manuum
2843 1083 3171 1148 hominum’,
3222 1085 3366 1139 illam
3423 1085 3661 1157 Spiritus

2086 1176 2260 1228 sancti
2291 1175 2598 1229 doetrinam
2646 1189 2852 1230 meram
2900 1192 3024 1232 esse
3066 1179 3354 1234 stultitiam
3390 1181 3663 1233 arbitran-

2085 1272 2194 1319 tur.
2229 1263 2322 1318 Sin
2352 1281 2416 1320 ex
2449 1281 2639 1320 eorum
2676 1282 2909 1322 numero
2939 1276 3088 1335 sunt,
3125 1270 3217 1339 qui
3264 1285 3397 1325 sana
3441 1284 3505 1324 ac
3547 1270 3663 1324 sin-

2086 1371 2211 1412 cera
2239 1357 2339 1410 ﬁde
2371 1357 2580 1427 praediti
2611 1359 2888 1421 videntur,
2912 1367 2965 1414 et
2994 1361 3048 1414 in
3082 1361 3170 1425 iis,
3196 1375 3316 1430 quae
3349 1375 3378 1413 a
3407 1357 3662 1415 Patrihus

2087 1448 2306 1501 decreta
2335 1453 2484 1513 sunt,
2517 1447 2890 1516 acquiescere,
2927 1464 2991 1502 ac
3026 1449 3384 1505 nihilominus
3418 1449 3535 1504 suis
3557 1449 3662 1505 illis

2087 1538 2482 1608 quaestionibus
2515 1547 2761 1594 evertere
2798 1541 2980 1594 omnia
3021 1549 3312 1606 conantur,
3345 1541 3478 1595 nihil
3513 1541 3663 1595 aliud

391 1637 657 1705 cilicium,
701 1641 804 1693 nisi
823 1641 974 1709 quod
1012 1642 1278 1711 scriptum
1311 1648 1436 1696 est:
1468 1638 1726 1693 Proximo
1755 1634 1974 1708 quidem
2045 1634 2318 1688 turbidam
2393 1635 2737 1689 eversionem
2787 1635 3078 1705 propinant
3100 1635 3154 1701 ³;
3199 1642 3253 1690 ει
3290 1636 3496 1689 otiosas
3532 1648 3660 1688 vcr-

392 1731 589 1786 horum
631 1735 1014 1789 contentiones
1049 1734 1333 1798 movent",
1361 1747 1485 1804 quae
1529 1733 1596 1787 ad
1627 1729 1782 1786 aliud
1819 1729 1977 1796 nihil,
2017 1744 2180 1799 quam
2213 1728 2279 1782 ad
2305 1727 2588 1782 rudiorum
2621 1726 2915 1797 perniciem
2973 1734 3138 1798 atque
3204 1727 3430 1783 exitium
3490 1725 3662 1796 perti-

392 1836 548 1881 nent.

466 1919 540 1972 A'.
577 1917 623 1970 Τ
625 1917 761 1971 αὔτα
782 1917 839 1971 δὲ
864 1917 1037 1982 οὕτως
1055 1919 1274 1989 γράφω,
1303 1919 1545 1991 ἐντυχὼν
1563 1921 1676 1982 τοῖς
1695 1918 1847 1990 παρὰ
1878 1917 1971 1984 τῆς

2149 1908 2238 1963 lV.
2271 1908 2395 1963 Haec
2433 1909 2644 1963 idcirco
2675 1908 2882 1972 scribo,
2920 1908 3065 1978 quod
3097 1908 3486 1963 commentaria
3512 1923 3664 1979 quaa-

397 2009 500 2080 σῆς
525 2010 833 2074 θεοσεϐείας
875 2011 1261 2081 προσαχθεῖσιν
1287 2014 1302 2044 ί
1337 2012 1743 2083 ὑπομνήμασιν·
1773 2010 1809 2064 ἃ
1842 2009 1978 2080 μηδὲ

391 2101 671 2172 γραφῆναι
688 2100 914 2171 ὤφελον,
935 2102 1022 2155 ἵνα
1040 2103 1173 2173 μηδὲ
1193 2103 1380 2173 μνήμη
1397 2115 1480 2166 τις
1494 2102 1698 2156 τούτων
1712 2104 1823 2164 τοῖς
1842 2100 1980 2171 μετὰ

391 2192 565 2247 ταῦτα
597 2194 843 2265 γένηται.
875 2193 973 2256 Τίς
999 2193 1107 2266 γὰρ
1140 2195 1340 2265 ἤκουσε
1375 2193 1602 2248 τοιαῦτά
1624 2209 1783 2257 ποτε;
1820 2191 1978 2256 τίςδὲ

390 2283 424 2334 ό
457 2283 697 2348 διδάξας,
805 2282 1026 2354 μαθών;
1067 2284 1162 2336 Ἐκ
1204 2284 1302 2354 μὲν
1327 2282 1438 2354 γὰρ
1468 2282 1607 2335 Σιὼν
1633 2281 1977 2347 ἐξελεύσεται

401 2371 568 2443 λόγος
599 2376 823 2444 Κυρίου,
856 2375 952 2428 καὶ
979 2375 1142 2445 νόμος
1159 2374 1298 2428 Θεοῦ
1329 2375 1388 2440 ἐξ
1425 2375 1802 2446 Ἰερουσαλήμ.
1830 2372 1977 2427 Ταῦ-

396 2484 464 2522 τα
489 2467 545 2520 δὲ
568 2465 730 2519 πόθεν
751 2466 972 2536 ὲξῆλθε;
998 2467 1156 2528 Ποῖος
1175 2465 1308 2536 ᾅδης
1327 2465 1668 2544 ἐξηρεύξατο,
1694 2462 1977 2534 ὁμοούσιον

397 2560 572 2611 εἰπεῖν
599 2559 662 2611 ὲκ
687 2558 904 2630 Μαρίας
931 2557 1092 2629 σῶμα
1119 2559 1186 2629 τῇ
1216 2557 1310 2611 τοῦ
1340 2559 1516 2626 Λόγου
1549 2555 1796 2626 θεότητι;
1831 2554 1863 2625 ἢ
1893 2555 1976 2607 ὅτι

395 2653 425 2704 ὁ
456 2651 626 2719 Λόγος
665 2652 744 2713 είς
776 2650 972 2719 σάρκα,
1020 2650 1114 2703 καὶ
1143 2650 1297 2710 ὀστᾶ,
1345 2651 1440 2702 καὶ
1471 2649 1681 2718 τρίχας,
1723 2649 1816 2700 καὶ
1856 2647 1975 2700 ὅλον

399 2741 560 2812 σῶμα
600 2740 1021 2811 μεταϐέϐληται,
1065 2741 1160 2803 καὶ
1197 2739 1406 2811 ἠλλάγη
1436 2740 1532 2810 τῆς
1561 2739 1694 2800 ἰδίας
1725 2737 1973 2808 φύσεωςς

398 2833 495 2895 Τίς
518 2831 655 2894 ὅλως
679 2833 879 2902 ἢκουσε
907 2830 1058 2900 παρὰ
1091 2829 1451 2902 Χριστιανῶν,
1481 2831 1563 2882 ὅτι
1590 2829 1759 2894 θέσει,
1793 2830 1888 2883 καὶ⁵
1913 2829 1973 2882 οὐ

399 2924 560 2992 φύσει
590 2922 749 2993 σῶμα
781 2923 1089 2992 πεφόρηκεν
1121 2923 1150 2973 ό
1174 2921 1424 2985 Υἱός;Ἦ
1457 2921 1542 2984 τίς
1571 2920 1823 2974 τοσοῦτον
1848 2918 1976 2989 ἠσέ-

398 3014 740 3085 ϐησεν,ὥστε
773 3016 944 3068 εἰπεῖν
992 3014 1107 3085 ἆμα
1139 3013 1234 3067 καὶ
1271 3016 1506 3084 φρονεῖν,
1547 3013 1628 3065 ὅτι
1667 3011 1858 3082 θεότης
1881 3011 1975 3063 αὑ-

395 3106 491 3160 τοῦ
519 3108 552 3177 ἡ
575 3107 856 3178 ὁμοούσιος
883 3106 960 3177 τῷ
987 3108 1162 3177 Πατρὶ
1189 3107 1326 3178 αὐτὴ
1351 3106 1712 3177 περιετμήθη,
1736 3104 1830 3157 καὶ
1850 3104 1975 3157 ἀτε-

397 3197 497 3268 λὴς
528 3199 590 3250 ὲκ
633 3195 840 3249 τελείου
880 3197 1100 3265 γέγονε;
1131 3197 1309 3250 καὶτὸ
1338 3200 1395 3249 ὲν
1433 3195 1512 3266 τῷ
1546 3195 1686 3266 ξύλῳ
1708 3195 1972 3265 καθηλού-

2081 2003 2207 2056 dam
2237 2003 2342 2072 legi
2387 2017 2416 2055 a
2457 2001 2654 2071 pietate
2685 2009 2776 2054 tua
2826 2001 2982 2055 nobis
3032 2000 3234 2055 oblata.
3279 1999 3413 2067 Quae
3454 2002 3661 2056 utinam

2081 2095 2282 2164 scripta
2330 2108 2610 2162 nunquam
2659 2092 2914 2156 fuissent,
2966 2107 3034 2146 ne
3084 2093 3170 2146 vel
3215 2093 3540 2147 tenuissima
3591 2092 3662 2146 ad

2079 2195 2330 2256 posteros
2381 2185 2596 2239 illorum
2649 2186 2910 2239 memoria
2947 2185 3286 2254 perveniret!
3333 2183 3470 2250 Quis
3509 2185 3661 2239 enim

2080 2279 2194 2332 haec
2232 2291 2472 2347 unquam
2500 2275 2708 2330 audiit?
2747 2276 2871 2345 quis
2889 2277 3087 2330 docuit
3121 2275 3416 2329 didicitve?
3468 2273 3662 2331 Name

2079 2367 2212 2423 Sion
2243 2367 2520 2438 egreditur
2552 2367 2778 2422 verbum
2809 2366 3048 2434 Domini,
3082 2376 3140 2422 et
3185 2367 3269 2420 lex
3305 2365 3401 2421 Dei
3429 2382 3494 2420 ex
3529 2365 3658 2420 Hic-

2078 2459 2378 2514 rusalem".
2411 2460 2480 2513 At
2509 2459 2628 2513 haec
2659 2459 2806 2513 unde
2843 2459 3206 2530 prodierunt?
3235 2459 3468 2526 Quinam
3499 2457 3660 2515 inferi

2075 2552 2213 2606 illud
2257 2557 2605 2615 cructaru-nt,
2655 2553 3129 2607 consubstantiale
3177 2553 3454 2607 divinitati
3493 2551 3660 2608 Verbi

2082 2659 2290 2714 corpus
2334 2643 2466 2697 illud
2507 2659 2651 2708 esse,
2699 2645 2842 2714 quod
2879 2659 2908 2697 a
2945 2644 3111 2699 Maria
3147 2646 3390 2716 genitum
3421 2645 3542 2700 est?
3565 2649 3659 2700 aut

2086 2732 2328 2788 Verbum
2365 2736 2543 2804 ipsum
2578 2735 2633 2789 in
2663 2750 2908 2804 carnem,
2939 2751 3088 2802 ossa,
3114 2737 3365 2808 capillos,
3397 2751 3460 2791 ac
3483 2745 3656 2792 totum

2076 2825 2312 2896 denique
2349 2841 2551 2895 corpus
2597 2842 2721 2882 esse
2753 2842 3104 2894 conversum,
3149 2839 3202 2883 et
3256 2843 3285 2882 a
3325 2837 3515 2898 suapte
3556 2843 3657 2883 na-

2077 2918 2202 2964 tura
2233 2913 2543 2966 mutat-um?
2569 2913 2706 2979 Quis
2749 2916 2973 2970 omnino
3014 2916 3082 2972 de
3118 2915 3454 2972 Christiania
3483 2918 3659 2974 audiit

2077 3000 2273 3056 Filium
2303 3002 2394 3058 Dei
2436 3005 2620 3073 specie
2652 3017 2716 3058 ac
2743 3005 2964 3060 ﬁctione
2993 3006 3108 3060 sola
3139 3021 3364 3077 corpus,
3407 3023 3515 3061 non
3548 3019 3654 3062 na.

2084 3097 2206 3145 tura
2238 3094 2514 3163 gessisse?
2541 3094 2676 3160 Quis
2726 3103 2835 3149 tam
2882 3097 3084 3166 impius
3125 3097 3246 3161 fuit,
3281 3106 3340 3151 ut
3369 3099 3658 3168 ipsammet

2074 3184 2320 3254 ejusdem
2337 3185 2676 3242 divinitatem
2692 3187 3076 3243 circumcisam
3101 3205 3246 3254 esse,
3271 3199 3433 3261 atque
3456 3191 3658 3260 imper-

401 3303 562 3358 μενον
597 3286 697 3340 οὐκ
733 3282 799 3357 ἦν
827 3286 888 3340 τὸ
922 3287 1100 3356 σῶμα,
1137 3286 1271 3340 ἀλλὰ
1299 3286 1435 3358 αὐτὴ
1462 3290 1494 3358 η
1524 3286 1851 3356 δημιουργὸς
1876 3285 1967 3338 ού-

2074 3275 2272 3330 iectam
2305 3291 2336 3331 ε
2369 3276 2611 3346 perfecta
2651 3277 2923 3333 redditam
2965 3278 3135 3336 fuisse
3162 3284 3394 3338 sentiret
3418 3298 3481 3336 ac
3513 3282 3657 3338 dico-

397 3379 488 3432 σια
519 3379 618 3449 τῆς
647 3378 887 3448 φύσεως;
927 3379 1010 3442 τίς
1045 3379 1101 3432 δὲ
1138 3378 1370 3442 ἁκούων,
1403 3381 1483 3432 ὅτι
1513 3379 1612 3431 οὐκ
1650 3380 1712 3430 ὲκ
1730 3377 1967 3448 Μαρίας,

395 3468 513 3523 ἀλλ’
547 3472 611 3522 ὲκ
637 3469 737 3539 τῆς
777 3468 942 3522 αὑτοῦ
982 3469 1169 3533 οὐσίας
1216 3468 1570 3540 μετεποίησεν
1606 3467 1782 3537 ἑαυτῷ
1810 3467 1968 3537 σῶμα

398 3558 638 3629 παθητὸν
665 3560 694 3612 ὁ
724 3558 918 3628 Λόγος,
961 3557 1104 3612 εἴποι
1149 3559 1216 3614 ἂν
1245 3559 1569 3632 Χριστιανὸν
1607 3560 1697 3613 τὸν
1744 3558 1970 3627 λέγοντα

395 3652 598 3717 ταῦτα;
632 3651 728 3715 Τίς
767 3651 824 3705 δὲ
861 3651 958 3722 τὴν
999 3651 1254 3723 ἀθέμιτον
1292 3653 1494 3722 ταύτην
1523 3651 1812 3723 ἐπενόησεν
1845 3650 1970 3705 ἀσέ-

396 3741 570 3806 ϐειαν,
602 3741 741 3795 ὥστε
768 3741 872 3796 κᾶν
897 3743 976 3807 είς
1006 3741 1302 3813 ἐνθύμησιν
1327 3743 1522 3804 ἐλθεῖν,
1549 3743 1646 3795 καὶ
1667 3743 1862 3805 εἰπεῖν,
1886 3741 1968 3795 ὅτι

396 3836 425 3883 ό
450 3832 621 3900 λέγων
650 3834 714 3886 ἐκ
754 3832 975 3903 Μαρίας
1018 3828 1244 3886 εἶναιτὸ
1275 3832 1548 3905 Κυριακδν
1586 3832 1968 3902 σῶμα,οὺκέτι

398 3920 626 3992 Τριάδα,
662 3920 797 3975 ἀλλὰ
825 3921 1058 3993 τετράδα
1085 3923 1144 3976 ὲν
1173 3927 1240 3994 τῇ
1273 3923 1484 3994 θεότητι
1519 3923 1735 3994 φρονεῖ;
1773 3921 1849 3986 ὡς
1881 3921 1970 3976 διὰ

397 4013 557 4066 τοῦτο
583 4013 709 4077 τοὺς
729 4011 870 4066 οὕτω
895 4013 1270 4085 διακειμένους
1296 4014 1396 4084 τῆς
1418 4014 1604 4078 οὐσίας
1622 4015 1720 4084 τῆς
1741 4012 1968 4086 Τριάδος

397 4104 575 4170 λέγειν
602 4104 700 4173 τὴν
729 4104 930 4176 σάρκα,
955 4105 1022 4176 ἢν
1046 4105 1332 4160 ἐνεδύσατο
1361 4107 1425 4159 ὲκ
1455 4105 1671 4176 Μαρίας
1694 4106 1724 4158 ὁ
1754 4107 1966 4176 Σωτήρ.

400 4194 566 4246 Πόθεν
605 4195 664 4247 δὲ
703 4194 866 4248 πάλιν
903 4196 1200 4267 ἡρεύξαντό
1241 4213 1383 4261 τινες
1421 4197 1545 4268 τσην
1581 4197 1833 4251 ἀσέϐειαν
1857 4201 1968 4261 τοῖς

398 4283 836 4355 προειρημένοις,
885 4286 1025 4341 ὥστε
1067 4290 1240 4342 εἰπεῖν
1288 4289 1364 4361 μὴ
1412 4288 1674 4359 νεώτερον
1722 4284 1863 4343 εἶναι
1907 4288 1969 4342 τὸ

398 4375 557 4446 σῶμα
580 4376 682 4446 τῆς
711 4377 805 4430 τοῦ
833 4378 1008 4447 Λόγου
1039 4379 1312 4450 θεότητος,
1355 4380 1492 4435 ἀλλὰ
1526 4380 1792 4434 συναῖδιον
1819 4379 1970 4450 αὐτῷ

395 4465 684 4528 διαπαντὸς
703 4466 1050 4536 γεγενῆσθαι,
1079 4468 1263 4538 ἐπειδὴ
1290 4470 1353 4521 ὲκ
1373 4467 1470 4539 τῆς
1492 4467 1684 4536 σοφίας
1708 4467 1966 4536 συνέστη;

396 4557 519 4619 Πῶς
543 4557 599 4611 δὲ
620 4559 714 4612 καὶ
737 4559 1098 4629 ἀμφιϐάλλειν
1126 4561 1430 4632 ἐτόλμησαν
1449 4562 1498 4613 oi
1525 4560 1809 4632 λεγόμενοι
1832 4561 1965 4630 Χρι-

398 4647 622 4709 στιανοὶ,
657 4649 705 4700 εί
729 4649 758 4701 ό
785 4649 849 4701 ὲκ
882 4649 1100 4719 Μαρίας
1129 4649 1405 4720 προελθὼν
1432 4650 1656 4722 Κύριος,
1699 4649 1829 4714 Υίὸς
1865 4649 1964 4720 μὲν

395 4737 460 4804 τῇ
506 4735 664 4806 οὐσίᾳ
709 4737 800 4790 καὶ
852 4740 918 4808 τῇ
963 4738 1123 4804 φύσει
1159 4739 1254 4792 τοῦ
1297 4738 1430 4792 Θεοῦ
1459 4742 1599 4804 ἐστι,
1632 4738 1694 4792 τὸ
1731 4738 1788 4792 δὲ
1820 4739 1963 4793 κατὰ

398 4823 574 4893 σάρκα
596 4828 658 4877 ἐκ
691 4826 1002 4897 σπέρματος
1032 4828 1194 4881 Δαϐίδ
1212 4831 1349 4896 ἐστι,
1379 4829 1579 4898 σαρκὸς
1599 4829 1655 4883 δὲ
1680 4830 1778 4900 τῆς
1800 4829 1960 4897 ἁγίας

393 4915 642 4985 Μαρίας;
671 4915 826 4980 Τίνες
867 4917 976 4988 ἄρα
1019 4919 1160 4972 οὕτω
1188 4920 1449 4990 τολμηροὶ
1477 4920 1783 4988 γεγόνασιν,
1818 4919 1961 4973 ὥστε

392 5007 562 5058 εἰπεῖν
587 5007 678 5060 τὸν
701 5009 931 5079 Χριστὸν
961 5011 1051 5063 τὸν
1081 5013 1242 5082 σαρκὶ
1272 5013 1532 5077 παθόντα,
1567 5013 1663 5066 καὶ
1684 5015 1962 5083 ’ἐσταυρω-

397 5095 577 5165 μένον,
618 5096 692 5166 μὴ
721 5093 860 5151 εἶναι
892 5101 1118 5170 Κύριον,
1154 5102 1247 5156 καὶ
1273 5104 1518 5174 Σωτῆρα,
1557 5104 1651 5156 καὶ
1679 5103 1830 5167 Θεὸν,
1864 5103 1959 5157 καὶ

395 5187 520 5240 Υἱδν
547 5188 640 5241 τοῦ
666 5190 905 5262 Πατρός;
937 5194 1004 5245 ’Ἡ
1025 5193 1141 5256 πῶς
1163 5195 1478 5265 Χριστιανοὶ
1501 5195 1741 5249 θέλουσιν
1761 5197 1960 5265 ὀνομά-

392 5275 579 5340 ζεσθαι
608 5279 657 5331 oi
691 5278 939 5348 λέγοντες
983 5285 1062 5346 είς
1101 5284 1386 5356 ἄνθρωπον
1427 5286 1598 5355 ἅγιον,
1627 5287 1704 5351 ὡς
1741 5288 1833 5340 ἐπὶ
1863 5288 1959 5342 ἕνα

389 5367 496 5420 τῶν
523 5371 839 5441 προφητῶν,
876 5373 1189 5445 ἐληλυθέναι
1214 5377 1302 5429 τὸν
1333 5378 1526 5445 Λόγον,
1565 5379 1658 5432 καὶ
1690 5378 1764 5450 μὴ
1795 5379 1957 5433 αὑτὸν

387 5457 670 5529 ἄνθρωπον
699 5462 1001 5531 γεγονέναι,
1046 5466 1277 5520 λαϐόντα
1323 5469 1389 5520 ἐκ
1429 5469 1644 5539 Μαρίας
1678 5468 1738 5521 τὸ
1777 5467 1957 5539 σῶμα,

389 5548 501 5602 ἀλλ’
525 5551 709 5622 ἕτερον
734 5547 874 5609 εἶναι
896 5555 986 5608 τὸν
1007 5557 1258 5628 Χριστὸν,
1290 5559 1380 5611 καὶ
1406 5558 1563 5612 ἄλλον
1586 5551 1676 5613 τὸν
1703 5559 1796 5612 τοῦ
1821 5559 1957 5614 Θεοῦ

2062 3367 2196 3422 iret?
2228 3368 2358 3423 item
2389 3369 2522 3422 illud
2551 3370 2752 3440 ipsum,
2787 3371 2938 3442 quod
2986 3372 3040 3427 in
3083 3373 3229 3444 ligno
3264 3375 3516 3430 sufﬁxum
3547 3387 3651 3444 est,

2069 3471 2178 3510 non
2215 3470 2416 3527 corpus
2449 3459 2758 3524 exstitisse,
2796 3460 2898 3516 sed
2939 3461 3302 3517 substantiam
3353 3465 3526 3533 ipsam
3559 3481 3656 3521 na-

2069 3557 2206 3604 tura:
2235 3551 2403 3607 totius
2431 3551 2716 3622 opiﬁcem?
2744 3552 2879 3620 Quis
2909 3569 3034 3609 cum
3065 3555 3213 3611 istud
3248 3556 3456 3622 audiat,
3489 3573 3596 3612 non
3623 3571 3655 3614 e

2070 3641 2261 3706 Maria,
2313 3643 2410 3698 sed
2451 3659 2517 3699 ex
2558 3646 2780 3716 propria
2804 3647 3112 3703 substantia
3143 3648 3239 3706 Dei
3279 3647 3516 3706 Verbum
3554 3651 3655 3708 oh.

2071 3735 2290 3788 noxium
2324 3737 2567 3805 passioni
2597 3737 2704 3792 sibi
2720 3751 2929 3809 corpus
2949 3739 3244 3806 eﬂlnxisse,
3273 3741 3652 3798 Christianum

2068 3825 2162 3896 qui
2189 3826 2309 3881 haec
2329 3826 2530 3888 dixerit
2562 3829 2900 3884 arbitretur?
2931 3829 3068 3897 Quis
3114 3836 3465 3890 exsecranda:
3501 3835 3652 3892 illius

2062 3914 2364 3986 impietatis
2406 3926 2599 3972 auctor
2641 3929 2745 3983 est,
2783 3927 2842 3974 ut
2875 3921 3145 3990 ejusmodi
3179 3923 3427 3994 quaedam
3465 3924 3651 3981 animo

2066 4004 2373 4075 concipere,
2395 4014 2488 4060 aut
2504 4007 2684 4078 eloqui
2699 4010 2921 4064 minime
2940 4009 3412 4068 fomiidaret.-eum
3431 4014 3524 4083 qui
3547 4013 3651 4068 Do—

2068 4094 2331 4149 minicum
2358 4112 2388 4152 e
2418 4097 2584 4152 Maria
2615 4114 2819 4169 corpus
2866 4117 2988 4157 esse
3033 4113 3222 4158 natum
3260 4115 3494 4172 asserat,
3537 4125 3648 4164 non

2070 4185 2413 4252 Trinitatem,
2452 4190 2546 4244 sed
2595 4193 3018 4260 quaternitatem
3062 4195 3333 4251 divinitati
3371 4199 3647 4253 tribuere?

2067 4276 2218 4332 Adeo
2249 4288 2305 4331 ut
2331 4280 2426 4349 qui
2449 4281 2521 4334 ita
2553 4283 2816 4348 sentiunt,
2853 4297 3074 4340 carnem
3119 4287 3289 4352 illam,
3326 4304 3488 4359 quam
3527 4289 3646 4346 Sal-

2071 4377 2226 4425 vator
2250 4386 2282 4427 e
2314 4370 2483 4428 Maria
2513 4373 2740 4446 Virgine
2770 4379 3038 4448 suscepit,
3072 4395 3138 4435 ex
3169 4381 3287 4450 ipsa
3329 4383 3644 4441 substantia

2069 4458 2354 4518 Trinitatis
2379 4479 2504 4520 esse
2537 4467 2828 4522 fateantur.
2855 4468 2975 4524 Jam
2998 4484 3129 4526 vero
3157 4474 3430 4529 undenam
3457 4490 3642 4546 parem

2072 4551 2200 4607 huic
2231 4567 2295 4607 ac
2323 4570 2640 4626 germanam
2665 4560 2998 4629 impietatem
3021 4577 3274 4620 evomere
3306 4566 3395 4620 alii
3413 4567 3643 4638 quidam

2067 4643 2125 4698 in
2156 4646 2398 4700 animum
2432 4648 2788 4717 induxerunt,
2824 4653 2904 4707 uti
2929 4669 3128 4724 corpus
3163 4657 3341 4727 ipsum
3371 4673 3480 4714 non
3503 4660 3644 4715 divi-

2068 4735 2238 4792 nitate
2268 4737 2431 4793 Verbi
2461 4741 2755 4806 recentius,
2784 4743 2880 4799 sed
2902 4753 3236 4802 coaeternum
3269 4764 3330 4804 ac
3377 4759 3641 4821 perpetuo

2065 4843 2190 4883 cum
2209 4829 2303 4885 illo
2320 4831 2672 4900 conjunctum
2688 4836 3442 4909 exstitisse999deiiniant,
3464 4859 3640 4912 quam-

2067 4922 2359 4993 doquidem
2414 4925 2486 4979 ab
2521 4924 2636 4996 ipsa
2681 4930 2948 4998 sapientia
2992 4933 3353 4988 constitutum
3395 4935 3512 4989 est?
3537 4933 3640 4991 Po.

2071 5013 2251 5067 totone
2277 5012 2607 5071 Christianis
2641 5017 2710 5071 ab
2742 5018 3058 5076 hominibus
3090 5021 3145 5075 in
3174 5022 3400 5076 dubium
3430 5024 3636 5089 vocari,

2067 5109 2384 5159 utrumnam
2416 5103 2682 5164 Dominus
2711 5119 2900 5167 uoster
2929 5113 2997 5167 de
3027 5110 3198 5166 Maria
3221 5111 3443 5184 Virgine
3471 5122 3637 5172 natus

2066 5195 2373 5252 substantia
2412 5207 2717 5272 naturaque
2742 5202 2841 5259 Dei
2875 5203 3055 5260 Filius
3089 5205 3389 5271 exstiterit,
3438 5221 3640 5264 secun-

2065 5287 2193 5341 dum
2225 5303 2444 5346 carnem
2476 5307 2606 5348 vero
2636 5293 2915 5349 e-Davidis
2950 5296 3142 5364 stirpe,
3173 5311 3238 5350 ac
3271 5307 3638 5356 sacrosancue

2067 5376 2305 5448 Virginis
2330 5394 2506 5438 'cettne
2537 5385 2864 5454 susceptus?
2903 5386 3136 5451 Quinam
3181 5402 3346 5457 porro
3386 5395 3536 5442 tanta
3563 5400 3639 5446 te-

2063 5471 2314 5527 meritate
2348 5481 2404 5529 et
2431 5476 2662 5530 audacia
2681 5476 2926 5542 tuomet,
2961 5485 3021 5531 ut
3041 5479 3319 5534 Christum
3355 5480 3507 5535 ilium
3545 5495 3637 5536 as-

2061 5572 2324 5631 sererem,
2356 5567 2451 5637 qui
2477 5567 2536 5621 in
2567 5581 2732 5622 carne
2763 5583 2980 5638 passus,
3021 5580 3075 5624 et
3110 5571 3163 5624 in
3207 5583 3426 5626 crucem
3475 5582 3634 5630 actus

458 5709 474 5740 ¹
507 5726 594 5777 π).
626 5669 964 5782 πραγθεῖσιν.
1044 5714 1064 5745 ²
1094 5713 1238 5769 Psal.
1262 5728 1419 5772 cxut.
1448 5714 1516 5775 ὃς
1545 5729 1766 5780 cxxxtv,
1799 5715 1883 5769 15.
1962 5717 1971 5749 ²

2074 5719 2220 5776 abac.
2253 5737 2316 5790 tt,
2349 5721 2437 5776 15.
2513 5721 2535 5752 ⁸
2565 5720 2586 5775 Ι
2613 5719 2752 5776 Tim.
2791 5736 2866 5787 vt,
2896 5724 2951 5780 4.
3028 5724 3049 5755 ⁸
3071 5723 3179 5781 lsa.
3211 5740 3271 5790 tt,
3295 5728 3347 5781 3.
