3994 6224
393 301 491 355 ΓΠ
1787 290 1846 348 S.
1888 287 2230 345 EPIPHANII
3620 275 3712 329 (ΗΒ

385 426 494 481 est,
528 429 634 470 non
667 428 787 470 esse
828 411 1143 476 Dominum,
1186 424 1251 464 ac
1291 408 1657 471 salvatorem,
1689 415 1744 462 et
1777 405 1968 470 Deum,

2099 403 2229 467 Γίὸν,
2257 402 2350 456 τὸν
2385 401 2491 473 πρὸ
2517 399 2739 472 Μαρίας
2769 397 2862 454 καί
2895 397 3017 471 πρὸ
3045 391 3289 450 αἰώνων
3317 387 3455 442 Υἱδτ
3485 385 3717 481 ὄντατώ

387 480 674 574 Patrisque
697 503 934 557 Filium?
963 502 1213 568 Quonam
1240 508 1399 571 pacto
1421 498 1767 554 Christianos
1786 499 1970 568 appel-

2099 498 2326 569 Ῑατρός;
2363 499 2433 550 Ἢ
2474 495 2592 560 πῶς
2633 495 2952 566 Χριστιανοὶ
2991 487 3158 544 εἶναι
3185 487 3244 540 οἰ
3279 482 3546 553 λέγοντες
3575 480 3720 535 ἄλλον

388 593 491 647 lari
519 607 578 648 se
604 591 815 655 volunt,
855 590 948 661 qui
990 590 1046 644 in
1089 600 1342 644 sanctum
1392 587 1693 652 hominem,
1745 588 1970 655 perinde

2099 595 2168 645 τὸν
2192 591 2324 644 Θεὸν
2355 585 2515 652 εἶναι,
2546 589 2640 642 καὶ
2670 587 2829 642 ἄλλον
2853 581 2999 640 εἶναι
3035 583 3142 636 τὸν
3175 579 3284 633 τοῦ
3319 575 3468 630 Θεοῦ
3493 575 3687 642 Λόγον;

388 694 449 742 ut
488 703 542 741 ιιι
575 687 810 756 aliquem
841 686 909 741 de
937 684 1330 756 prophetarum
1379 697 1632 746 numero,
1678 681 1967 752 delapsum
2006 699 2131 742 esse
2160 684 2423 753 Verbum,
2470 699 2581 740 non
2616 684 2914 754 ipsummet
2953 677 3284 735 hominem
3344 670 3563 726 factum
3608 683 3720 726 esse

388 777 741 848 proﬁtentur,
789 792 912 831 cum
955 791 1020 830 ex
1066 775 1239 830 Maria
1287 789 1492 844 corpus
1538 774 1834 838 induisset,
1901 776 1997 831 sed
2057 779 2289 834 alterum
2340 793 2466 834 esse
2517 777 2821 840 Christum,
2866 774 3125 830 alterum
3178 767 3287 824 Dei
3347 764 3585 824 Filium,
3636 763 3720 830 qui

389 878 516 924 ante
547 869 796 932 Mariam,
831 877 885 923 et
915 876 1043 923 ante
1066 867 1268 922 saecula
1297 865 1483 921 omnia
1542 865 1717 921 Filius
1769 883 1834 921 ex
1886 865 2050 923 Patre
2086 870 2388 940 prodierit?
2435 873 2519 924 An
2570 882 2700 923 vero
2739 864 3060 921 Christiani
3116 875 3261 917 esse
3323 861 3590 930 possunt,
3636 853 3717 924 qui

388 961 557 1014 alium
593 973 716 1014 esse
755 956 949 1021 Deum,
1003 957 1148 1010 aliud
1199 963 1254 1010 et
1307 957 1377 1011 ab
1423 956 1517 1010 illo
1558 954 1834 1011 diversum
1877 957 1972 1012 Dei
2014 959 2247 1016 Verbum
2278 959 2617 1031 praedicant?

461 1051 525 1106 V.
572 1050 697 1105 llaec
729 1051 784 1104 in
819 1049 930 1104 illis
962 1050 1374 1104 commentariis
1397 1051 1822 1106 continebantur
1853 1065 1979 1120 pro-

2155 1056 2231 1107 E'.
2265 1052 2452 1107 Ταῦτα
2481 1048 2550 1124 ἦν
2574 1053 2632 1105 ὲν
2654 1052 2768 1114 τοῖς
2801 1049 3228 1120 ὑπομνήμασιν
3259 1039 3557 1109 διαφόρως
3581 1037 3597 1068 ¹
3631 1037 3720 1110 μιν

389 1144 645 1199 nuntiata
683 1143 922 1208 diverse,
959 1142 1054 1197 sed
1093 1156 1325 1212 quorum
1349 1156 1458 1197 una
1487 1143 1792 1213 eademque
1824 1158 1978 1199 mens

2099 1146 2368 1217 εἰρημένα,
2405 1145 2534 1216 μίαν
2562 1143 2619 1196 δὲ
2640 1143 2739 1216 τὴν
2762 1142 3000 1195 διάνοιαν
3037 1138 3148 1193 καὶ
3176 1135 3291 1207 τὴν
3325 1132 3512 1201 αὐτὴν
3540 1131 3720 1191 ἐγοντα

392 1246 539 1293 esset
577 1251 702 1290 cum
744 1236 1026 1305 impietate
1066 1235 1382 1304 conjuncta.
1411 1234 1708 1306 Propterea
1745 1235 1981 1291 disside-

2099 1240 2224 1310 πρὸς
2247 1237 2503 1292 ἀσέϐειαν
2529 1236 2856 1307 βλέπουσαν.
2886 1232 2987 1286 Διὰ
3006 1230 3210 1284 ταῦτα
3235 1226 3612 1296 διεκρίνοντο,
3634 1224 3718 1276 καὶ

397 1330 530 1384 bant
562 1343 592 1382 a
622 1343 681 1383 se
708 1329 962 1393 invicem,
996 1343 1061 1382 ac
1087 1329 1404 1399 pugnabant
1428 1329 1462 1382 ii
1486 1329 1581 1399 qui
1613 1344 1672 1384 se
1704 1328 1826 1384 ﬁdei
1852 1343 1981 1399 pro.

2099 1332 2406 1403 διεμάχοντο
2434 1329 2571 1401 πρὸς
2603 1327 2868 1398 ἀλλήλους
2907 1326 2955 1378 οἰ
3003 1319 3342 1392 αὐχοῦντες
3374 1316 3475 1370 ἐπὶ
3506 1318 3575 1385 τῇ
3601 1317 3718 1384 ὁμο-

396 1420 638 1476 fessione
672 1435 701 1472 a
740 1417 1002 1474 Patribus
1032 1420 1087 1473 in
1121 1418 1338 1473 Nic-aena
1375 1420 1586 1490 synodo
1616 1421 1833 1490 prodita
1865 1422 1982 1492 glo-

2099 1425 2248 1495 λογίᾳ
2288 1423 2397 1476 τῶν
2425 1422 2685 1493 Πατέρων
2717 1419 2824 1474 τῶν
2857 1420 2915 1472 ὲν
2949 1415 3178 1487 Νικαίᾳ
3211 1410 3531 1483 γενομένῃ.
3591 1407 3719 1476 Ἐγὼ

396 1513 631 1566 riantur.
662 1510 774 1583 Ego
812 1526 942 1565 vero
974 1512 1231 1580 pietatem
1271 1519 1422 1566 tuam
1456 1528 1786 1584 magnopere
1807 1513 1982 1568 demi-

2099 1517 2144 1571 Βὲ
2183 1516 2282 1588 τὴν
2316 1514 2414 1587 σὴν
2453 1513 2745 1586 ἐθαύμασα
2790 1510 3115 1566 θεοσέϐειαν
3159 1503 3595 1575 ἅνασχομένην,
3634 1502 3717 1554 καὶ

393 1613 550 1660 ratus
595 1620 740 1668 sum,
790 1603 938 1674 quod
980 1603 1118 1660 istos
1160 1605 1410 1660 homines
1445 1606 1679 1662 tolerare
1716 1607 1976 1676 potuerit,

2099 1609 2170 1663 5τι
2211 1607 2286 1681 μὴ
2323 1607 2547 1671 τούτους
2586 1605 2689 1678 μὲν
2732 1604 2940 1658 ἔπαυσε
2971 1600 3162 1655 ταῦτα
3198 1597 3508 1666 λέγοντας,
3540 1593 3638 1664 τὴν
3665 1592 3716 1646 δὲ

399 1711 579 1766 neque
631 1695 761 1749 talia
817 1695 1158 1765 jactantibus
1209 1697 1489 1752 silentium
1531 1698 1877 1768 imposuerit,
1920 1713 1985 1752 ac

2099 1701 2288 1773 εύσεϐἧ
2329 1699 2514 1754 πίστιν
2552 1697 2866 1770 παρέθηκεν
2896 1696 3113 1758 αὐτοῖς,
3163 1691 3266 1744 ἴνα
3307 1689 3344 1760 ἦ
3387 1685 3714 1749 ἀκούσαντες

397 1789 542 1858 piam
579 1789 964 1858 sinceramque
993 1787 1116 1844 ﬁdei
1139 1789 1382 1858 regulam
1413 1789 1702 1856 obtulerit;
1738 1803 1843 1860 qua
1864 1791 1988 1860 qui-

2099 1793 2465 1864 ἡρεμήσωσιν,
2498 1789 2532 1861 ἢ
2559 1788 2936 1857 ἀντιλέγοντες
2964 1786 3042 1849 ὡς
3072 1779 3382 1854 αἰρετικοὶ
3405 1776 3716 1848 ὸνομασθῶ⁴

397 1879 522 1934 dem
558 1879 744 1934 audita
783 1879 868 1934 vel
903 1879 1356 1949 acquiescerent,
1399 1879 1504 1945 vel,
1535 1880 1581 1936 si
1609 1880 1989 1936 contradicere

2099 1897 2164 1934 τι.
2190 1879 2273 1933 Τὰ
2301 1878 2412 1950 γὰρ
2454 1877 2836 1950 προειρημένα
2882 1873 3008 1929 οὔτε
3059 1871 3253 1928 λεκτὰ
3303 1868 3442 1923 οὔτε
3480 1867 3713 1922 ἀκουστά

397 1971 645 2035 mallent,
704 1970 948 2026 haeretici
998 1971 1442 2027 nominarentur.
1497 1970 1635 2026 Nam
1693 1986 1816 2041 qua:
1860 1979 1990 2026 ante

2099 1970 2241 2043 παρὰ
2273 1970 2645 2042 Χριστιανοῖς,
2672 1969 2810 2023 ἀλλὰ
2835 1967 3094 2039 ἀλλότρια
3120 1962 3287 2019 κατὰ
3311 1962 3504 2016 πάντα
3524 1959 3714 2031 τρόπον

397 2068 830 2115 commemorata
873 2069 1025 2124 sunt,
1066 2076 1243 2131 neque
1295 2061 1551 2131 proferri,
1593 2077 1772 2133 neque
1807 2062 1989 2117 audiri

2099 2063 2187 2133 τῆς
2231 2060 2595 2132 ἀποπολικῆς
2630 2058 2984 2122 διδασκαλίας
3029 2055 3179 2112 ἐστί.
3235 2053 3349 2108 Διὰ
3387 2051 3556 2106 τοῦτο
3591 2049 3710 2119 γοῦν

398 2153 544 2221 apud
575 2151 921 2206 Christianos
955 2157 1210 2220 possunt,
1246 2151 1342 2206 sed
1374 2153 1446 2206 ab
1484 2152 1786 2222 apostolica
1815 2150 1988 2207 disci-

2099 2154 2246 2224 κάγὼ
2263 2155 2332 2210 τὰ
2357 2156 2490 2226 παρ’
2517 2154 2762 2218 ἐκείνων,
2792 2153 2870 2216 ὡς
2892 2151 3136 2223 εἴρηται,
3163 2166 3244 2219 γυ
3252 2148 3419 2220 μνῶς
3441 2145 3711 2214 πεποίηκα

397 2242 546 2313 plina
581 2243 800 2312 penitus
844 2242 1165 2297 abhorrent.
1211 2242 1482 2308 Quocirca
1523 2243 1846 2300 eorumdem
1887 2258 1990 2314 ego

398 2332 679 2404 dogmata,
733 2333 1045 2403 cujusmodi
1102 2341 1233 2389 ante
1287 2335 1565 2404 proposita
1629 2341 1781 2400 sunt,
1840 2336 1990 2392 nude

397 2425 527 2481 huic
565 2427 811 2496 epistolae
841 2426 1135 2481 attexenda
1166 2427 1380 2490 curavi,
1420 2433 1480 2482 ut
1511 2428 1605 2498 qui
1642 2427 1760 2483 haec
1799 2429 1983 2484 solum

398 2519 656 2584 audierit,
685 2520 904 2574 illorum
930 2519 1215 2575 infamiam
1252 2519 1704 2590 impietatemque
1739 2529 1992 2575 contem-

398 2613 602 2682 pietur.
635 2613 714 2666 Ac
747 2612 967 2666 tametsi
997 2625 1214 2676 eorum,
1247 2625 1278 2664 a
1298 2609 1500 2680 quibus
1526 2611 1837 2681 excogitata
1884 2610 1991 2666 ista

400 2711 548 2767 sunt,
576 2703 861 2773 turpitudo
888 2704 1140 2774 pluribus
1164 2702 1500 2763 accusanda.
1528 2715 1593 2756 ac
1617 2701 1990 2773 redarguenda

400 2793 673 2860 videatur,
707 2794 1069 2850 nihilominus
1097 2795 1214 2850 haec
1243 2793 1311 2848 ad
1336 2792 1584 2864 epistolae
1607 2793 1829 2848 modum
1855 2795 1992 2850 satis

399 2899 550 2952 esse,
599 2901 781 2956 neque
830 2885 1058 2943 uberius
1090 2884 1442 2941 scribendum
1482 2885 1820 2940 existimavi.
1853 2883 1991 2940 Nam

401 2993 524 3050 qure
571 2987 681 3033 tam
726 2987 917 3049 aperta
965 2978 1212 3048 nequitia
1261 2976 1539 3047 implicata
1584 2985 1737 3040 sunt,
1784 2977 1993 3048 agitare

400 3068 800 3134 vehementius,
836 3083 901 3123 ac
931 3069 1210 3124 curiosius
1240 3068 1583 3138 perscrutari
1605 3081 1716 3122 non
1751 3076 1990 3138 oportet,

399 3175 473 3231 ne
500 3175 530 3214 a
557 3159 916 3214 contentiosis
949 3158 1266 3214 hominibus
1302 3174 1405 3229 pro
1433 3158 1620 3214 dubiis
1643 3167 1698 3212 et
1719 3158 1995 3228 ambiguis

2090 2247 2436 2319 ἐγγραφῆναι
2484 2249 2552 2318 τῇ
2603 2245 2886 2317 ἐπιστολῇ,
2932 2245 3023 2298 ἵνα
3064 2244 3167 2297 καὶ
3214 2242 3394 2314 μόνον
3435 2242 3466 2293 ὁ
3507 2236 3707 2292 ἀκούων

2091 2335 2271 2408 θεωρῇ
2299 2335 2397 2406 τὴν
2427 2336 2485 2388 ὲν
2524 2334 2708 2398 αὐτοῖς
2743 2333 3009 2406 αἰσχύνην
3037 2333 3137 2387 καὶ
3173 2330 3478 2386 ἀσέϐειαν.
3524 2328 3632 2380 Καὶ
3661 2327 3705 2378 εἰ

2089 2429 2186 2482 καὶ
2212 2427 2320 2481 ἔδει
2344 2426 2434 2480 διὰ
2469 2426 2731 2480 πλειόνων
2763 2427 3116 2496 κατηγορεῖν,
3154 2423 3263 2478 καὶ
3288 2419 3599 2489 διελέγχειν
3614 2417 3704 2490 τὴν

2089 2519 2199 2576 τῶν
2224 2519 2399 2573 ταῦτα
2427 2516 2819 2589 διανοηθέντων
2857 2516 3148 2587 αἰσχύνην,
3178 2513 3334 2568 ἀλλὰ
3373 2511 3522 2585 [καὶ]
3549 2510 3702 2564 καλὸν

2089 2609 2195 2670 ἕως
2227 2607 2432 2662 τούτων
2463 2603 2601 2661 εἶναι
2648 2607 2749 2678 τὴν
2794 2605 3104 2676 ἐπιστολὴν,
3159 2604 3268 2658 καὶ
3322 2602 3501 2675 μηδὲν
3549 2600 3700 2654 πλέον

2090 2701 2346 2772 γράφειν.
2379 2699 2460 2754 Τὰ
2488 2699 2598 2771 γὰρ
2631 2698 2810 2763 οὕτως
2850 2698 3105 2769 φανερῶς
3145 2697 3500 2768 δεικνύμενα
3530 2692 3697 2763 φαῦλα

2091 2790 2392 2864 γυμνάζειν
2424 2791 2702 2856 ὲπιπλέον,
2744 2791 2838 2846 καὶ
2881 2789 3364 2863 περιεργάζεσθαι
3397 2789 3465 2842 οὑ
3493 2787 3592 2850 δεῖ,
3619 2786 3696 2838 Eva

2096 2884 2172 2956 μὴ
2202 2887 2316 2948 τοῖς
2358 2883 2759 2954 φιλονεικοῦσιν
2797 2883 2874 2948 ὡς
2908 2884 3193 2955 ἀμφίϐολα
3237 2881 3505 2953 νομισθῇ.
3536 2877 3695 2932 Τοῦτο

2099 2975 2260 3046 μόνον
2285 2975 2689 3048 ἀποκρίνασθαι
2719 2977 2856 3047 πρὸς
2884 2975 2953 3028 τὰ
2986 2975 3218 3029 τοιαῦτα
3278 2974 3379 3028 καὶ
3410 2974 3585 3026 εἰπεῖν
3606 2971 3694 3040 ἀρ-

2099 3069 2204 3130 κεῖ,
2241 3067 2324 3120 δτι
2352 3068 2454 3120 ούκ
2491 3067 2608 3122 ἐστι
2637 3067 2813 3122 ταῦτα
2853 3069 2954 3139 τῆς
2997 3066 3306 3138 καθολικῆς
3352 3061 3690 3132 Ἐκκλησίας,

2099 3157 2220 3211 οὐδὲ
2247 3157 2420 3212 ταῦτα
2448 3159 2497 3212 οἰ
2527 3159 2771 3231 Πατέρες
2798 3159 3124 3230 ἐφρόνησαν.
3161 3160 3288 3214 Ἵνα
3319 3159 3380 3212 δὲ
3418 3157 3496 3228 μὴ
3521 3158 3583 3209 ὲκ
3603 3157 3692 3222 τῆς

404 3250 726 3310 habeantur,
776 3250 960 3316 Quare
989 3252 1042 3306 id
1075 3267 1246 3305 unum
1283 3251 1553 3305 adversus
1585 3249 1858 3319 ejusmodi
1895 3265 1992 3304 ex-

2099 3247 2283 3301 τέλεον
2319 3250 2531 3318 σιωπῆς
2558 3248 2833 3320 πρόφασιν
2861 3249 3224 3319 ἀναίσχυντον
3257 3249 3482 3309 ἑαυτοῖς
3512 3248 3560 3298 οἰ
3587 3243 3690 3298 τῶν

403 3345 591 3413 cipere
644 3357 709 3397 ac
735 3341 1072 3412 respondere
1097 3341 1294 3397 sufﬁcit
1315 3361 1327 3396 :
1352 3357 1461 3396 non
1491 3355 1616 3396 esse
1639 3341 1753 3394 haec
1783 3340 1992 3411 1000

2103 3341 2290 3394 κακῶν
2330 3342 2622 3412 ἐφευρεταὶ
2656 3341 3014 3412 πορίσωνται,
3062 3342 3230 3397 καλὸν
3279 3345 3350 3396 ὲκ
3387 3340 3500 3394 τῶν
3541 3338 3689 3392 θείων

405 3433 666 3489 Ecclesia:
713 3435 1000 3488 catholica:
1048 3433 1325 3504 dogmata,
1380 3448 1562 3503 neque
1597 3433 1743 3487 hunc
1774 3432 1992 3485 Patrum

2104 3430 2337 3502 Γραφῶν
2381 3431 2577 3500 ὀλίγων
2623 3430 3014 3503 μνημονεῦσαι.
3052 3432 3204 3503 Τάχα
3241 3431 3358 3503 γὰρ
3397 3430 3502 3483 κᾶν
3527 3426 3685 3488 οὕτως

404 3532 723 3578 nostrorum
750 3538 974 3579 sensum
1001 3523 1305 3577 exstitisse.
1333 3519 1536 3576 Verum
1566 3536 1657 3588 ne,
1691 3522 1737 3577 si
1763 3521 1990 3576 omnino

406 3617 845 3682 dissimulavero,
876 3614 1314 3685 perniciosorum
1339 3614 1654 3685 dogmatum
1677 3615 1990 3669 inventores

2097 3523 2437 3587 αἰδεσθέντες
2502 3518 2800 3578 παύσονται
2853 3525 2961 3579 ἀπὸ
3003 3523 3111 3578 τῶν
3162 3523 3438 3597 ῥυπαρῶν
3491 3519 3684 3574 τούτων

2096 3617 2368 3671 ἐπινοιῶν.

407 3709 500 3765 isti
531 3709 882 3778 impudentiae
907 3725 1021 3766 suae
1047 3709 1339 3764 honestum
1363 3710 1599 3779 aliquem
1622 3709 1861 3763 colorem
1893 3708 2155 3775 habeant,
2191 3723 2368 3778 pauca
2412 3724 2444 3764 e
2495 3708 2673 3764 sacris
2711 3707 2937 3763 Litteris
2977 3707 3357 3777 expromenda
3418 3705 3686 3762 videntur.

405 3817 469 3857 ex
506 3802 708 3871 quibus
735 3802 945 3872 pudore
977 3801 1208 3875 forsitan
1240 3801 1420 3857 aﬁ‘ecti
1454 3803 1523 3856 ab
1559 3801 1960 3858 sordidissimis
1992 3802 2102 3860 illis
2133 3804 2373 3858 inventis
2404 3802 2699 3873 aliquando
2735 3802 3068 3857 desciscent.

477 3890 569 3949 Vl.
608 3891 894 3948 Undenam
937 3895 1106 3966 igitur
1131 3910 1402 3965 usurpare
1427 3895 1573 3950 istud
1600 3896 1758 3953 vobis
1789 3896 1843 3950 in
1875 3897 1962 3950 ani
1983 3925 1996 3937 -

407 3999 558 4039 mum
587 3985 804 4049 incidit,
841 4000 1045 4056 corpus
1085 3986 1361 4041 divinitati
1401 3985 1565 4044 Verbi
1602 4005 1726 4046 esse
1764 3990 1990 4045 consub-

408 4078 708 4136 stantiale?
742 4077 882 4134 Hinc
918 4080 1066 4135 enim
1118 4081 1471 4151 potissimum
1518 4082 1766 4137 exordiri
1810 4083 1992 4153 juvat,

409 4177 490 4236 ut,
525 4186 591 4227 eo
618 4173 886 4228 convulso
922 4188 988 4227 ac
1020 4173 1374 4243 labelactato,
1403 4185 1602 4231 czetera
1633 4176 1862 4246 perinde
1891 4177 1994 4230 im-

407 4261 604 4316 becilla
632 4272 1039 4318 monstrentur.
1068 4263 1204 4319 Nam
1235 4281 1266 4321 c
1300 4267 1478 4322 sacris
1507 4267 1731 4337 quidem
1765 4265 1993 4324 Litteris

406 4351 679 4421 ejusmodi
713 4355 851 4409 nihil
882 4356 1008 4412 elici
1042 4365 1379 4430 potest,qu2e
1400 4359 1640 4413 humano
1675 4359 1730 4414 in
1763 4375 1996 4430 corpore

408 4443 580 4500 Deum
617 4446 904 4502 exstitisse
936 4449 1261 4518 praedicant.
1297 4451 1367 4504 At
1390 4465 1520 4505 vero
1543 4450 1738 4507 Patres
1763 4451 1866 4516 illi,
1896 4451 1991 4522 qui

407 4535 605 4591 Nicaea:
637 4547 1034 4604 convenerant,
1065 4557 1174 4596 non
1205 4557 1432 4613 corpus,
1457 4543 1554 4598 sed
1575 4542 1772 4598 Filium
1804 4543 1987 4615 ipsum

409 4625 561 4681 Patri
593 4630 1120 4687 consubstantialem
1167 4647 1292 4688 esse
1329 4633 1612 4699 dixerunt,
1656 4649 1894 4704 eumque
1926 4635 1995 4690 de

409 4713 596 4772 Patris
628 4721 902 4788 prodiisse
936 4722 1268 4786 substantia,
1318 4739 1521 4794 corpus
1569 4739 1702 4780 vero
1747 4741 1779 4780 e
1822 4725 1994 4780 Maria

410 4819 733 4880 susceptum
764 4827 832 4866 ex
864 4827 1150 4869 sacrarum
1183 4813 1518 4870 Litterarum
1547 4817 1876 4873 auctoritate
1900 4817 1996 4873 de-

410 4909 622 4956 cretum
649 4907 756 4956 est.
783 4901 966 4968 Quare
985 4905 1071 4958 vel
1095 4903 1370 4960 Niczenam
1396 4905 1666 4977 synodum
1693 4907 1992 4976 ejuratote,

409 5007 475 5047 ac
508 4998 772 5064 tanquam
815 4993 1062 5050 haeretici
1099 4995 1355 5068 dogmata
1400 4998 1506 5054 ista
1549 4997 1786 5068 jactate;
1821 5007 1916 5054 aut
1945 4997 1994 5055 si

410 5083 635 5140 Patrum
668 5103 791 5142 esse
823 5086 918 5142 ﬁlii
949 5088 1138 5153 vultis,
1169 5089 1308 5145 nihil
1337 5098 1540 5162 praeter
1569 5091 1685 5158 illa,
1717 5106 1839 5162 quae
1859 5091 1997 5147 scri-

412 5185 664 5246 pserunt,
718 5178 820 5249 ipsi
857 5180 1207 5236 sentiendum
1253 5191 1524 5254 putatote.
1571 5182 1783 5240 Etenim
1826 5199 1992 5254 quam

410 5272 545 5326 illud
593 5273 892 5329 absurdum
934 5276 1028 5341 sit,
1064 5275 1150 5332 vel
1198 5277 1329 5332 hinc
1371 5276 1695 5333 existimare
1734 5277 1992 5348 potestis.

413 5359 470 5414 Si
497 5361 642 5416 enim
665 5361 905 5420 Verbum
930 5369 1174 5436 corpori,
1203 5367 1364 5438 cujus
1395 5377 1592 5423 natura
1623 5367 1692 5423 de
1720 5375 1871 5423 terra
1899 5367 1996 5422 de-

412 5450 579 5506 libata
602 5460 708 5522 est,
739 5456 1222 5515 consubstantiale
1245 5458 1340 5526 sit,
1369 5473 1495 5514 cum
1519 5473 1583 5514 ex
1615 5456 1840 5515 Patrum
1865 5473 1996 5513 con-

413 5540 654 5600 fessione
684 5547 912 5615 perinde
940 5549 1016 5605 sit
1044 5549 1198 5607 Patri
1232 5549 1707 5609 consubstantiale
1725 5548 1991 5618 Verbum,

487 5695 507 5729 ⁸
552 5713 642 5765 7p.
686 5697 1013 5771 ἀδιαφόρως.

2169 3898 2260 3964 εἶ’.
2292 3896 2463 3951 Πόθεν
2487 3897 2621 3968 ἡμῖν
2642 3895 2876 3966 ἐπῆλθεν
2909 3898 3104 3961 εἰπεῖν,
3132 3888 3179 3949 ὧ
3201 3891 3373 3958 οὗτοι,
3403 3895 3464 3946 τὸ
3492 3887 3674 3963 όμοού-

2102 4006 2216 4044 σιον
2243 3985 2386 4043 εἶναι
2431 3989 2492 4042 τὸ
2540 3987 2701 4058 σῶμα
2737 3987 2840 4058 τῆς
2872 3987 2968 4040 τοῦ
3008 3988 3182 4056 Λόγου
3227 3987 3518 4058 θεότητος;
3555 3979 3674 4034 Ἀπὸ
3767 4060 3770 4064 .

2099 4081 2209 4154 γὰρ
2237 4081 2428 4136 τούτου
2460 4080 2623 4135 καλὸν
2650 4078 2941 4146 ἄρξασθαι,
2968 4079 3076 4141 ἵνα,
3105 4079 3299 4134 τούτου
3331 4073 3669 4146 δεικνυμένου

2102 4175 2325 4246 σαθροῦ,
2348 4175 2444 4228 καὶ
2470 4174 2649 4229 πάντα
2673 4173 2744 4227 τὰ
2769 4173 2905 4227 ἄλλα
2928 4173 3150 4227 τοιαῦτα
3170 4174 3380 4245 δειχθῇ.
3426 4169 3552 4224 Ἀπὸ
3579 4165 3671 4237 μὲν

2099 4261 2194 4320 οὖν
2225 4266 2335 4319 τῶν
2365 4265 2600 4335 Γραφῶν
2637 4265 2739 4333 ούικ
2776 4265 2922 4319 ἐστιν
2961 4265 3164 4336 εὑρεῖν.
3207 4266 3342 4320 Θεὸν
3367 4265 3474 4335 γὰρ
3501 4265 3560 4315 ὲν
3583 4261 3666 4313 ἀν-

2102 4358 2360 4430 θρωπίνῳ
2397 4358 2610 4430 σώματι
2648 4359 2929 4428 γεγονέναι
2959 4358 3228 4426 λέγουσιν.
3266 4358 3426 4412 ama:
3451 4356 3555 4424 γάρ
3584 4350 3666 4404 καὶ

2098 4452 2148 4504 οἰ
2175 4451 2417 4523 Πατέρες
2438 4452 2488 4504 οἰ
2512 4453 2571 4504 ὲν
2594 4451 2643 4504 Ν
2649 4451 2802 4522 ικαίᾳ.
2829 4451 3176 4515 συνελθόντες
3197 4453 3258 4505 ού
3275 4451 3338 4503 τὸ
3363 4449 3539 4519 σῶμα,
3559 4440 3660 4496 ἀλλ’

2099 4543 2261 4597 αὐτὸν
2291 4542 2384 4597 τὸν
2419 4543 2548 4596 Υίὸν
2577 4544 2864 4613 εἰρήκασιν
2896 4543 3180 4614 όμοούσιον
3203 4543 3299 4597 τοῦ
3323 4539 3549 4612 Πατρός·
3580 4533 3664 4588 καὶ

2098 4631 2287 4687 τοῦτον
2316 4633 2414 4704 μὲν
2445 4635 2508 4686 ὲκ
2529 4633 2631 4703 τῆς
2655 4634 2844 4697 οὐσίας
2867 4633 2964 4687 τοῦ
2994 4635 3228 4707 Πατρὸς,
3263 4635 3324 4687 τὸ
3353 4634 3408 4686 δὲ
3433 4631 3582 4700 σῶμα
3604 4625 3660 4675 ἐκ

2099 4725 2318 4798 Μαρίας
2358 4725 2702 4796 ὡμολόγηται
2742 4721 2884 4780 εἶναι
2927 4727 3089 4782 πάλιν
3124 4728 3266 4782 κατὰ
3301 4727 3400 4791 τὰς
3436 4725 3474 4777 Γ
3479 4718 3658 4795 ραφάς·

2105 4817 2176 4870 Ἦ
2209 4817 2386 4871 τοίνυν
2424 4816 2735 4889 ἀρνήσασθε
2761 4818 2862 4888 τὴν
2891 4819 2949 4871 ἐν
2981 4819 3188 4892 Νικαίᾳ
3218 4819 3448 4882 σύνοδον,
3481 4813 3567 4867 καὶ
3591 4808 3656 4869 ὡς

2100 4909 2371 4982 αἰρετικοὶ
2415 4912 2814 4982 παρεισφέρετε
2859 4911 3052 4966 ταῦτα·
3093 4911 3126 4980 ἢ
3164 4913 3210 4964 εἰ
3238 4907 3486 4982 βούλεσθε
3510 4902 3658 4957 τέκνα

2099 4999 2208 5054 τῶν
2235 5000 2494 5071 Πατέρων
2523 4998 2682 5069 εἶναι,
2728 5001 2802 5073 μὴ
2848 5006 3094 5074 φρονεῖτε
3137 5004 3270 5072 παρ’
3292 5003 3491 5058 ὲκεῖνα,
3528 4994 3652 5053 ἅπερ

2101 5091 2346 5163 ἔγραψαν
2374 5093 2548 5148 αὐτοί.
2581 5095 2690 5147 Καὶ
2709 5094 2818 5165 γὰρ
2839 5096 2903 5147 ὲκ
2929 5093 3118 5148 τούτου
3149 5093 3210 5146 τὺ
3231 5093 3429 5148 ἄτοπον
3453 5083 3653 5155 θεωρεῖν

2100 5183 2249 5253 ἡμᾶς
2273 5181 2497 5249 ἔξεστιν.
2526 5185 2588 5237 Εἰ
2608 5185 2892 5255 όμοούσιος
2914 5186 2943 5238 ὁ
2967 5186 3139 5255 Λόγος
3157 5184 3236 5256 τῷ
3256 5185 3466 5256 σώματι
3489 5181 3546 5232 ὲκ
3565 5173 3651 5242 γῆς

2100 5273 2277 5343 ἔχοντι
2293 5275 2392 5346 τὴν
2413 5275 2595 5346 φύσιν,
2613 5277 2896 5348 ὀμοούσιος
2915 5277 2971 5332 δὲ
2987 5279 3017 5331 ό
3032 5278 3204 5347 Λόγος
3224 5277 3303 5348 τῷ
3325 5278 3510 5346 Πατρὶ,
3528 5265 3644 5321 κατὰ

2099 5363 2199 5436 τὴν
2225 5366 2333 5418 τῶν
2355 5367 2614 5438 Πατέρων
2639 5368 2947 5439 ὁμολογίαν·
2973 5367 3261 5439 όμοοῦσιος
3283 5366 3434 5420 ἔσται
3464 5360 3548 5416 καὶ
3568 5354 3644 5408 αὖ·

2099 5457 2192 5522 τὸς
2217 5459 2245 5510 ὁ
2267 5459 2457 5532 Πατὴρ
2487 5459 2567 5531 τῷ
2603 5459 2815 5532 σώματι
2838 5460 2918 5531 τῷ
2941 5462 3005 5513 ὲκ
3031 5459 3139 5530 γῆς
3165 5458 3460 5529 γενομένῳ,
3487 5446 3584 5505 Καὶ
3601 5439 3647 5495 τί

2101 5549 2182 5605 ἔτι
2220 5553 2497 5623 μέμφεσθε
2530 5555 2644 5617 τοῖς
2683 5553 2980 5626 ’Λρειανοῖς
3011 5553 3229 5622 λέγουσι
3265 5550 3358 5604 τὸν
3392 5545 3510 5603 Υίδν
3544 5532 3646 5594 xtl-
