3994 6224
254 419 363 476 669
410 456 414 460 α

826 407 1191 470 ᾹὌΥΕΒΞΗΞ
1231 409 1573 465 ΗιΕΒΕΞΕδ
1611 408 1736 463 LIB.
1779 407 1843 461 111

1951 406 2076 463 ΟΜ.
2119 404 2184 460 11.
2224 436 2292 445 --
2334 402 2609 459 ll/EllES.
2653 401 2916 459 LXXVII.

3412 401 3518 460 650

263 546 392 599 ομα,
424 526 677 596 λέγοντες
712 526 805 579 καὶ
826 526 979 579 αὐτοῖ¹
1018 527 1109 579 τὸν
1132 524 1353 597 Πατέρα
1400 524 1681 595 ὑμοούσιον
1723 526 1835 587 τοῖς

1951 521 2102 575 Pater
2153 520 2270 589 ipse
2319 528 2536 573 terreno
2591 518 2809 589 corpori
2863 514 3350 573 consubstantialis
3390 520 3519 574 erit.

254 620 543 691 κτίσμασι,
598 620 694 673 καὶ
744 621 823 682 εἰς
870 618 1067 687 ἑτέραν
1121 618 1378 671 ἀσέϐειαν
1428 616 1838 687 μετερχόμενοι,

253 713 562 781 φάσκοντες
615 712 695 773 είς
774 710 952 780 σάρκα
1032 709 1127 762 καὶ
1171 706 1334 759 ὀστέα
1379 707 1472 759 καὶ
1523 705 1715 777 τρίχας
1749 706 1841 757 καὶ

252 802 453 873 νεῦρα,
494 801 586 854 καὶ
616 800 737 853 ὅλον
771 798 928 869 σῶμα
962 795 1400 869 μεταϐεϐλῆσθαι
1420 795 1511 847 τὸν
1532 795 1721 863 Λόγον.
1750 795 1844 848 καὶ

253 892 525 963 ἠλλάχθαι
560 890 659 960 τῆς
694 889 829 951 ιδίας
868 888 1115 958 φύσεως
1155 888 1297 956 Ὥρα
1341 885 1450 955 γὰρ
1492 887 1666 938 εἰπεῖν
1697 888 1845 957 ἡμᾶς

256 983 510 1054 φανερῶς
552 983 616 1035 ἐκ
646 981 750 1051 γῆς
794 980 955 1033 αὑτὸν
991 980 1341 1051 γεγενῆσθαι.
1398 981 1493 1033 Ἐκ
1526 981 1630 1050 γῆς
1667 977 1778 1049 γὰρ
1806 980 1839 1048 ή

253 1075 368 1128 τῶν
408 1074 613 1128 ὀστέων
654 1074 749 1127 καὶ
780 1072 903 1125 ὅλου
932 1072 1025 1125 τοῦ
1068 1070 1322 1142 σώματος
1353 1071 1533 1141 φύσις.
1564 1071 1661 1133 Τίς
1689 1066 1783 1123 οὖν
1809 1071 1843 1141 ἡ

253 1164 499 1236 τοσαύτη
536 1163 957 1236 παραφροσύνη,
986 1163 1075 1217 ἵνα
1105 1163 1198 1216 καὶ
1225 1163 1360 1234 πρὸς
1392 1163 1618 1227 ἑαυτοὺς
1646 1162 1844 1233 διαμάο

254 1257 462 1329 χησθε;
499 1256 816 1328 Ὀμοούσιον
840 1256 939 1327 μὲν
961 1255 1211 1324 λέγοντες
1230 1255 1321 1308 τὸν
1336 1256 1507 1323 Λόγον
1535 1254 1617 1326 τῷ
1659 1252 1846 1325 σώμα-

256 1368 335 1415 τι,
363 1351 553 1421 ἕτερον
595 1350 730 1421 πρὸς
777 1349 965 1419 ἕτερον
995 1348 1312 1419 σημαίνετε’
1354 1348 1417 1401 τὸ
1457 1348 1513 1402 δὲ
1550 1349 1629 1412 είς
1665 1349 1842 1418 σάρκα

260 1442 724 1513 μεταϐεϐλῆσθαι,
746 1440 909 1496 αὑτοῦ
931 1441 1105 1510 Λόγου
1125 1440 1334 1511 τροπὴν
1351 1438 1709 1510 φαντάζεσθε.
1734 1439 1845 1494 Ka‘t

254 1535 345 1598 τίς
375 1533 457 1588 ἔτι
485 1534 670 1588 λοιπὸν
697 1533 854 1604 ἡμῶν
874 1530 1121 1597 ἀνέξεται
1151 1530 1324 1585 ταῦτα
1356 1532 1451 1585 καὶ
1486 1532 1649 1602 μόνον
1678 1531 1846 1601 φθεγ-

256 1624 542 1694 γομένων;
582 1624 771 1694 Πάσης
805 1622 915 1693 γὰρ
960 1622 1225 1692 αἱρέσεως
1269 1621 1430 1673 πλέον
1470 1623 1549 1684 είς
1590 1621 1844 1675 ἀσέϐειαν

262 1712 595 1779 ὲξεκλίνατε.
636 1712 698 1765 Ei
744 1711 853 1783 γὰρ
898 1710 1183 1781 όμοούσιος
1226 1712 1255 1763 6
1293 1710 1465 1779 Λόγος
1498 1710 1577 1781 τῷ
1608 1710 1842 1782 σώματι,

261 1805 493 1875 περιττὴ
521 1805 623 1873 τῆς
656 1804 875 1874 Μαρίας
908 1806 940 1874 ἡ
976 1804 1165 1874 μνήμη
1206 1803 1358 1873 καὶὴ
1405 1802 1586 1874 χρεία,
1610 1802 1844 1873 δυναμέ-

1941 614 2062 680 Quo
2090 614 2311 684 quidem
2346 611 2671 672 constituto,
2703 610 2835 681 quid
2893 618 2977 666 est
3008 608 3152 678 quod
3176 609 3409 665 Arianos
3434 611 3522 665 in-

1942 706 2172 767 cusetis,
2206 705 2298 774 qui
2331 702 2530 757 Filium
2560 709 2869 756 creaturam
2901 717 3025 757 esse
3052 704 3374 765 detendunt,
3399 717 3523 757 cum

1942 814 2041 853 vos
2080 799 2185 867 ipsi
2232 797 2453 851 Patrem
2503 795 2775 850 creaturis
2824 796 3355 851 consubstantialem
3398 810 3525 851 esse

1943 887 2164 949 dicatis,
2196 895 2250 941 et
2277 886 2343 939 ad
2375 885 2522 938 aliud
2553 884 2851 955 impietatis
2882 900 3054 955 genus
3083 885 3444 950 declinantes,
3469 886 3523 940 in

1942 994 2187 1042 carnem,
2219 993 2367 1039 ossa,
2401 978 2565 1046 pilos,
2600 991 2818 1039 nervos,
2853 983 3027 1028 totum
3065 976 3299 1047 denique
3321 993 3526 1048 corpus

1943 1080 2269 1120 cimversum
2295 1081 2416 1121 esse
2438 1065 2679 1121 Verbum
2715 1072 2769 1119 et
2803 1078 2831 1117 a
2854 1070 3049 1118 natura
3077 1080 3174 1119 sua
3226 1066 3527 1123 descivisse

1944 1172 2268 1228 persuasum
2322 1158 2613 1213 trabeatis?
2669 1157 2933 1228 Superest
2986 1158 3187 1227 itaque,
3224 1165 3282 1212 ut
3313 1175 3343 1215 e
3380 1169 3524 1215 terra

1944 1251 2274 1320 productum
2310 1267 2435 1306 esse
2470 1250 2710 1306 Verbum
2743 1251 2860 1305 sine
2892 1249 3348 1321 tergiversatione
3377 1251 3528 1306 dica-

1944 1340 2037 1396 tis.
2067 1339 2205 1394 Nam
2233 1356 2263 1396 e
2291 1348 2436 1396 terra
2469 1342 2676 1397 ossium
2712 1340 2996 1411 totiusque
3051 1341 3301 1410 corporis
3331 1349 3525 1395 natura

1944 1431 2334 1503 proﬁciscitur.
2377 1432 2637 1498 Quaenam
2677 1441 2762 1487 est
2799 1434 2913 1486 haec
2956 1438 3108 1485 tanta
3138 1431 3436 1496 dementia,
3471 1441 3526 1487 ut

1944 1524 2233 1579 vobiscum
2277 1524 2381 1594 ipsi
2430 1524 2722 1595 pugnetis?
2767 1523 3049 1594 Siquidem
3096 1538 3219 1578 cum
3284 1521 3529 1578 Verbum

1945 1616 2169 1686 corpori
2213 1616 2692 1671 consubstantiale
2736 1630 2860 1670 esse
2895 1614 3099 1677 dicitis,
3138 1614 3369 1669 alterum
3404 1631 3529 1671 cum

1947 1709 2123 1764 altero
2160 1709 2311 1764 velut
2350 1709 2631 1764 diversum
2667 1707 2979 1778 comparari
3011 1707 3353 1778 signiﬁcatis.
3391 1708 3528 1764 Cum

1947 1808 2130 1856 autem
2172 1801 2228 1855 in
2258 1816 2480 1855 carnem
2515 1816 2638 1857 esse
2672 1814 3001 1855 conversum
3040 1801 3311 1863 asseritis,
3350 1800 3530 1856 eidem

259 1915 356 1949 νου
389 1896 484 1950 τοῦ
517 1895 769 1967 σώματος
806 1894 903 1948 καὶ
941 1894 1047 1966 πρὸ
1077 1895 1173 1965 τῆς
1212 1894 1432 1965 Μαρίας
1467 1889 1606 1946 εἶναι
1636 1893 1841 1956 ἀῖδίως’

1951 1890 2135 1947 Verbo
2165 1893 2526 1948 mutationem
2563 1891 2837 1963 aﬁingitis.
2886 1891 3023 1958 Quis
3073 1892 3240 1962 igitur
3268 1894 3533 1963 deinceps

258 1989 452 2060 ὥσπερ
488 1984 582 2042 οὖν
618 1991 734 2042 ἐστι
774 1989 868 2042 καὶ
910 1987 1072 2050 αὐτὸς
1109 1988 1137 2039 6
1176 1988 1370 2055 Λόγος,
1403 1986 1517 2054 εἴγε
1552 1985 1672 2039 καθ’
1701 1987 1845 2056 ὑμᾶς

259 2082 551 2152 δμοούσιός
576 2082 692 2135 ἐστι
716 2079 795 2151 τῷ
839 2064 1073 2150 σώματι.
1110 2079 1206 2142 Τίς
1244 2078 1303 2131 δὲ
1335 2077 1428 2130 καὶ
1472 2079 1505 2148 ἡ
1549 2077 1707 2148 χρεία
1744 2078 1845 2147 τῆς

261 2170 559 2240 ἐπιδημίας
588 2168 681 2222 τοῦ
713 2169 910 2238 Λόγου,
948 2169 1035 2221 ἵνα
1062 2167 1095 2239 ἢ
1122 2170 1182 2221 τὸ
1215 2167 1408 2221 ἑαυτοῦ
1442 2167 1725 2238 όμοούσιον
1760 2170 1846 2222 ὲν-

259 2262 557 2334 eameam,
587 2261 817 2333 τραπεὶς
841 2260 949 2316 ἀπὸ
978 2261 1078 2329 τῆς
1107 2260 1240 2323 ιδίας
1254 2258 1467 2328 φύσεως
1496 2259 1654 2330 σῶμα
1680 2260 1844 2330 γένη-

259 2370 385 2420 ται;
428 2353 502 2408 Οὑ
538 2353 648 2424 γὰρ
692 2352 831 2423 αὐτὴ
865 2352 1068 2422 ἑαυτῆς
1098 2352 1131 2422 ἡ
1159 2351 1353 2421 θεότης
1388 2350 1844 2421 ἐπιλαμϐάνεται,

259 2447 352 2500 ⁴ἕνα
375 2446 473 2500 καὶ
497 2444 560 2498 τὸ
576 2444 862 2513 ὁμοούσιον
888 2442 1063 2513 αὐτῆς
1084 2442 1393 2512 ἐνδύσηται.
1436 2442 1575 2495 Ἀλλ’
1598 2442 1719 2495 οὐδὲ
1739 2442 1847 2513 γὰρ

258 2539 511 2609 ἥμαρτεν
541 2538 572 2589 6
604 2535 705 2598 τὰς
731 2534 907 2589 ἄλλων
948 2534 1224 2605 ἁμαρτίας
1262 2532 1627 2604 λυτρούμενος
1652 2533 1845 2601 Λόγος,

260 2630 353 2683 ῐνα
382 2628 612 2700 τραπεὶς
657 2628 738 2690 είς
789 2625 949 2697 σῶμα
984 2626 1175 2679 ἑαυτὸν
1224 2627 1365 2697 ὑπὲρ
1408 2625 1605 2679 ἑαυτοῦ
1654 2624 1847 2679 θυσίαν

261 2719 612 2792 προσενέγκῃ
646 2720 739 2772 καὶ
770 2717 961 2772 ἑαυτὸν
996 2716 1364 2789 λυτρώσηται.

1954 1981 2070 2036 haec
2105 1997 2135 2036 a
2170 1983 2326 2038 vobis
2363 1983 2447 2037 vel
2479 1998 2613 2038 voce
2648 1992 2810 2038 tenus
2844 1984 3195 2054 pronuntiari
3226 1985 3534 2039 sustineat?

1955 2074 2066 2129 Vos
2114 2075 2261 2129 enim
2302 2076 2555 2130 haeresim
2598 2090 2819 2130 onmem
2866 2075 3148 2144 impietate
3200 2077 3530 2146 superastis.

1952 2165 2161 2234 Quodsi
2196 2166 2435 2221 Verbum
2463 2169 2682 2239 corpori
2708 2168 3183 2223 consubstantiale
3203 2170 3295 2235 sit,
3324 2169 3528 2240 1001

1952 2272 2359 2326 supervacanea
2382 2266 2467 2313 est
2493 2256 2962 2312 Marizememoria
2987 2261 3168 2316 oninis
3213 2275 3276 2315 ac
3301 2260 3530 2321 functio,

1950 2365 2078 2405 cum
2129 2357 2256 2403 ante
2293 2348 2441 2402 illam
2494 2348 2657 2403 etiam
2709 2350 3105 2418 sempiternum
3159 2368 3364 2422 corpus
3412 2367 3535 2407 esse

1951 2442 2208 2512 potuerit,
2253 2440 2719 2511 quemadmodum
2756 2450 2809 2496 et
2840 2441 3079 2498 Verbum
3127 2444 3328 2514 ipsum,
3371 2444 3438 2509 si,
3478 2454 3535 2498 ut

1953 2532 2233 2598 asseritis,
2276 2531 2495 2601 corpori
2540 2532 3013 2589 consubstantiale
3046 2533 3137 2589 sit.
3179 2534 3319 2600 Quid
3353 2541 3531 2587 autem

1951 2624 2195 2680 Verbum
2223 2624 2329 2677 huc
2358 2623 2619 2680 advenire
2664 2640 2891 2681 necesse
2920 2624 3044 2689 fuit,
3072 2634 3131 2681 ut
3164 2628 3245 2681 vel
3279 2625 3353 2689 id,
3387 2627 3533 2696 quod

1946 2718 2057 2788 jam
2087 2716 2566 2772 consubstantiale
2596 2717 2700 2771 sibi
2734 2725 2875 2783 erat,
2915 2718 3190 2784 indueret,
3225 2720 3308 2773 vel
3341 2729 3533 2772 natura

261 2827 365 2865 sua
393 2818 686 2875 mutatmn,
721 2825 927 2882 corpus
955 2809 1297 2865 eﬁiceretur?
1322 2809 1439 2864 Non
1467 2810 1612 2865 cnim
1639 2809 1996 2879 semetipsam
2033 2810 2296 2865 divinitas
2351 2810 2608 2874 assumit,
2667 2818 2724 2865 ut
2781 2812 2927 2882 quod
2985 2812 3090 2867 sibi
3169 2814 3537 2868 consubstan-

261 2907 395 2960 tiale
423 2912 507 2961 est
538 2905 757 2972 induat;
806 2920 981 2976 neque
1018 2903 1282 2970 Verbum,
1329 2906 1474 2975 quod
1505 2906 1680 2959 aliena
1712 2915 1938 2974 peccata
1992 2907 2198 2973 expiat,
2241 2915 2528 2976 peccatum
2562 2905 2732 2959 ullum
2794 2906 3038 2972 admisit,
3104 2916 3161 2961 ut
3226 2906 3283 2962 in
3334 2920 3536 2976 corpus

258 3011 589 3051 conversum
623 2998 862 3065 seipsum
889 3011 985 3065 pro
1011 3012 1070 3051 se
1099 2998 1355 3051 sacriﬁcii
1395 2998 1571 3051 instar
1600 2998 1821 3053 oﬁ‘erret
1855 3013 1918 3052 ac
1952 2999 2307 3067 semetipsum
2343 2997 2658 3052 redimeret.

335 3086 410 3143 Z'.
462 3089 596 3141 Ἀλλ’
626 3090 726 3142 οὐκ
773 3089 920 3141 ἔστιν
951 3089 1145 3153 οὕτως,
1182 3091 1255 3161 μὴ
1299 3091 1541 3159 γένοιτοί
1577 3090 1848 3160 Σπέρμα·

2030 3089 2144 3145 Vll.
2187 3088 2370 3156 Quare
2402 3090 2562 3160 longe
2591 3089 2748 3143 aliter
2772 3104 2894 3145 sese
2924 3105 3012 3144 res
3040 3089 3201 3144 habet
3227 3108 3240 3143 :
3268 3087 3333 3141 Et
3362 3088 3534 3142 Abra-

259 3197 366 3246 τος
398 3181 508 3254 γὰρ
543 3182 790 3251 Ἀϐραὰμ
826 3182 1311 3251 ἐπιλαμϐάνεται,
1340 3184 1414 3248 ὼς
1448 3180 1599 3236 εἶπεν
1629 3186 1657 3237 6
1692 3183 1846 3237 ’Λπό-

1959 3176 2105 3229 hami
2151 3193 2323 3231 semen
2358 3176 2736 3245 apprehendit,
2769 3185 2827 3231 ut
2879 3178 3119 3248 loquitur
3163 3178 3466 3248 Apostolus
3494 3179 3533 3233 ⁸.

262 3273 473 3336 στολος.
532 3273 696 3327 Ὅθεν
748 3272 947 3343 ὤφειλε
1002 3274 1145 3327 κατά
1202 3275 1379 3328 πάντα
1434 3278 1550 3338 τοῖς
1600 3276 1849 3345 ἀδελφοῖς

260 3365 620 3434 ὁμοιωθῆναι,
650 3366 747 3419 καὶ
770 3366 955 3419 λαϐεῖν
981 3368 1168 3436 ὅμοιον
1199 3369 1332 3437 ἡμῖν
1362 3366 1541 3437 σῶμα.
1570 3367 1669 3420 Διά
1693 3368 1851 3421 τοῦτο

263 3455 396 3524 γοῦν
440 3456 534 3508 κα)⁵
569 3457 857 3510 ὑπόκειται
886 3456 1163 3528 ἀληθῶςή
1213 3458 1423 3530 Μαρία,
1475 3459 1560 3511 ἵνα
1595 3458 1652 3524 ἐξ
1682 3459 1851 3529 αὐτῆς

260 3546 422 3599 τοῦτο
441 3546 600 3618 λάϐῃ,
623 3548 717 3601 καὶ
740 3548 815 3611 ὼς
834 3547 964 3600 ἴδιον
989 3548 1129 3620 ὑπὲρ
1150 3549 1306 3619 ἡμῶν
1327 3549 1459 3601 αὐτὸ
1484 3548 1847 3621 προσενέγκῃ.

262 3638 594 3710 Καὶταύτην
619 3642 647 3692 6
674 3638 772 3709 μὲν
809 3640 1033 3702 Ἡσαΐας,
1067 3639 1424 3711 προφητεύων
1458 3640 1695 3693 ἐδείκνυε
1717 3682 1731 3705 ,
1764 3640 1852 3692 λέ-

261 3746 404 3797 γων’
434 3730 587 3784 Ἰδοὺ
613 3734 648 3799 ἡ
671 3731 967 3799 παρθένος
986 3732 1056 3783 ἐν
1077 3732 1287 3801 γαστρὶ
1311 3732 1431 3795 ἕξει
1467 3733 1565 3784 καὶ
1590 3731 1847 3795 τέξεται·

260 3823 292 3873 6
327 3821 383 3873 δὲ
424 3821 664 3893 Γαϐριὴλ
704 3822 1093 3875 ἀποστέλλεται
1134 3822 1270 3892 πρὸς
1305 3823 1495 3893 αὐτὴν,
1532 3823 1628 3892 οὐχ
1664 3822 1851 3886 ἁπλῶς

262 3912 402 3983 7:96;
443 3912 730 3984 παρθένον,
752 3914 887 3968 ἀλλά
910 3914 1044 3984 πρὸς
1070 3914 1334 3985 παρθένον
1363 3915 1851 3985 μεμνηστευμένην

264 4005 441 4075 ἀνδρὶ,
486 4005 551 4058 ἵν’
582 4008 648 4058 ὲκ
678 4004 772 4059 τοῦ
806 4006 1118 4076 μνηστῆρος
1149 4006 1298 4078 δείξῃ
1332 4006 1431 4078 τὴν
1465 4006 1686 4077 Μαρίαν
1719 4007 1851 4077 ἀλη-

262 4096 374 4159 θῶς
408 4096 696 4167 ἄνθρωπον
728 4093 913 4151 οὖσαν.
944 4099 1055 4150 Καὶ
1093 4097 1183 4151 τοῦ
1216 4098 1423 4151 τίκτειν
1456 4096 1787 4169 μνημονεύει
1817 4100 1849 4169 ἡ

260 4189 479 4262 Γραφὴ,
525 4192 619 4244 καί
668 4208 864 4261 φησιν·
910 4190 1407 4261 Ἐσπαρτάνωσεο
1441 4192 1534 4244 καὶ
1581 4191 1851 4262 ἐμακαρί-

260 4282 419 4345 ζοντο
470 4282 664 4352 μαστοὶ
707 4281 800 4345 οὓς
849 4281 1102 4353 ὲθήλασε.
1145 4284 1254 4335 Καὶ
1298 4281 1647 4353 προσηνέχθη
1689 4281 1849 4334 θυσία

260 4373 337 4436 ὼς
362 4373 727 4441 διανοίξαντος
746 4374 840 4427 τοῦ
867 4373 1149 4445 τεχθέντος
1179 4374 1279 4444 τὴν
1316 4376 1550 4445 μήτραν.
1580 4374 1765 4428 Ταῦτα
1792 4374 1849 4427 δὲ

260 4463 442 4518 πάντα
480 4465 771 4536 τικτούσης
814 4462 881 4536 ῆν
926 4466 1204 4537 Παρθένου
1250 4468 1626 4538 γνωρίσματα.
1665 4468 1774 4520 Καὶ
1822 4470 1850 4520 6

1953 3267 2109 3323 Unde
2143 3269 2372 3323 fratrum
2424 3284 2649 3323 suorum
2686 3269 2882 3324 similis
2916 3270 2969 3323 in
3002 3270 3257 3323 omnibus
3290 3286 3409 3325 esse
3442 3270 3537 3325 dc-

1955 3358 2129 3421 buit',
2158 3375 2260 3412 nec
2289 3358 2568 3413 diversum
2598 3374 2625 3411 a
2660 3359 2819 3413 nobis
2852 3374 3053 3429 corpus
3082 3374 3382 3415 assumere.
3403 3358 3535 3413 Pro-

1953 3450 2077 3504 inde
2104 3459 2158 3505 et
2184 3449 2353 3504 Maria
2382 3450 2561 3520 reipsa
2592 3466 2691 3506 nec
2717 3451 2969 3506 simulate
3002 3450 3299 3522 profertur,
3336 3468 3398 3507 ex
3429 3467 3535 3522 qua

1954 3556 2158 3611 corpus
2190 3542 2323 3595 illud
2352 3551 2613 3604 sumeret,
2645 3558 2708 3596 ac
2738 3553 2999 3613 tanquam
3027 3544 3304 3614 peculiare
3331 3554 3382 3598 et
3413 3559 3535 3616 pro-

1954 3633 2133 3703 prium
2163 3648 2260 3703 pro
2282 3634 2442 3689 nobis
2462 3634 2703 3690 oiTerret.
2732 3634 2988 3689 Eamdem
3015 3636 3158 3690 illam
3184 3652 3346 3707 porro
3368 3636 3538 3693 Isaias

1954 3725 2225 3795 ejusmodi
2264 3726 2529 3781 vaticinio
2574 3727 2987 3781 demonstrabat
3020 3748 3031 3781 :
3076 3728 3209 3783 Ecce
3240 3730 3379 3799 virgo
3412 3746 3539 3783 con-

1954 3818 2129 3885 cipiet,
2155 3827 2204 3870 et
2227 3818 2397 3886 pariet
2420 3819 2472 3885 ³;
2501 3827 2612 3871 tum
2646 3818 2864 3874 Gabriel
2895 3819 2961 3873 ad
2993 3836 3111 3873 eam
3143 3822 3397 3887 mittitur,
3427 3836 3536 3875 non

1953 3909 2278 3980 simpliciter
2309 3910 2374 3964 ad
2408 3910 2699 3982 virginem,
2729 3913 2822 3966 sed
2854 3912 2920 3966 ad
2947 3928 3066 3966 eam
3097 3912 3384 3983 virginem,
3416 3928 3538 3983 qua:

1949 4000 2061 4070 jam
2093 4003 2211 4054 viro
2243 4001 2516 4072 desponsa
2558 4003 2733 4057 fuerat
2752 4004 2795 4069 ⁸,
2826 4013 2884 4058 ut
2921 4005 3036 4075 ipsa
3070 4006 3255 4075 sponsi
3293 4020 3537 4061 conme-

1954 4095 2262 4150 moratione
2310 4094 2537 4148 Mariam
2585 4111 2711 4151 vere
2744 4096 3019 4151 hominem
3065 4097 3235 4153 fuisse
3274 4097 3533 4159 declaret.

1953 4184 2091 4240 Hinc
2112 4194 2165 4240 et
2190 4186 2432 4255 pariendi
2461 4188 2665 4241 mentio
2691 4188 2743 4241 in
2772 4187 3057 4259 Scriptura
3086 4190 3250 4252 facta,
3270 4197 3323 4245 et
3349 4188 3536 4244 fasciis

1954 4278 2251 4334 involvisse
2303 4280 2536 4344 dicitur,
2597 4287 2649 4335 et
2703 4281 2859 4335 beata
2911 4282 3278 4351 pradicanlur
3344 4282 3535 4350 ubera,

1952 4387 2073 4441 qua:
2113 4371 2391 4426 lactarunt
2421 4372 2462 4426 ⁵.
2521 4372 2599 4426 Ac
2641 4372 2875 4443 denique
2910 4374 3239 4429 sacriﬁcium
3292 4375 3534 4429 oblatum

1952 4468 2212 4531 tanquam
2246 4461 2324 4528 id,
2366 4464 2510 4533 quod
2556 4472 2742 4516 natum
2771 4474 2909 4528 erat,
2952 4465 3168 4519 vulvam
3207 4466 3533 4536 aperuisSet.

261 4557 507 4629 Γαϐριὴλ
539 4557 595 4611 δὲ
648 4534 903 4627 ἀσέραλῶς
937 4534 1321 4630 εὐηγγελίζετο
1362 4534 1499 4630 αὐτῆ
1542 4559 1719 4627 λέγων
1750 4560 1846 4630 οὐχ

1956 4552 2087 4618 Qua:
2145 4554 2328 4606 omnia
2406 4554 2671 4623 parientis
2718 4553 2958 4626 Virginis
3026 4534 3253 4611 indicia‘
3291 4557 3533 4613 fuerunt.

267 4649 472 4713 ἁπλῶς,
498 4648 567 4705 Τὸ
594 4649 968 4718 γεννώμενον
990 4650 1060 4703 ἐν
1079 4651 1202 4715 σοί,
1224 4650 1309 4703 ἵνα
1326 4651 1399 4721 μὴ
1430 4650 1629 4715 ἔξωθεν
1660 4652 1847 4703 ἐπεισ-

267 4741 536 4813 αγόμενον
567 4743 705 4815 αὐτῇ
745 4742 906 4813 σῶμα
962 4742 1271 4813 νομισθείη,
1303 4742 1420 4795 ἀλλ’
1473 4742 1543 4795 ἐκ
1591 4742 1727 4804 σοῦ.
1761 4742 1849 4796 ἵνα

238 4822 241 4829 ⁴
268 4832 431 4902 φύσει
463 4833 525 4885 τὸ
552 4833 891 4905 γεννώμενον
921 4833 982 4899 ἐξ
1014 4833 1183 4903 αὐτῆς
1214 4828 1353 4888 εἶναι
1395 4832 1707 4906 πιστευθείη
1747 4851 1849 4903 φα-

261 4925 470 4996 νερῶς·
501 4928 594 4980 καὶ
628 4926 785 4980 τοῦτο
808 4928 907 4998 τῆς
944 4926 1160 4995 φύσεως
1192 4926 1567 4996 δεικνυούσης,
1611 4927 1686 4990 ὡς
1715 4925 1845 4981 ἁδύ-

261 5032 421 5069 νατον
446 5016 604 5086 σῶμα
633 5015 907 5087 παρθένου
943 5015 1128 5087 φέρειν
1157 5016 1301 5085 γάλα
1326 5016 1399 5087 μὴ
1432 5014 1719 5086 τεκούσης,
1752 5019 1848 5071 καὶ

262 5108 525 5163 ἀδύνατον
567 5110 798 5178 γάλακτι
845 5112 1121 5182 τραφῆναι
1161 5110 1341 5180 σῶμα,
1390 5109 1483 5163 καὶ
1524 5124 1849 5180 σπαργανως

264 5202 446 5271 θῆναι,
488 5203 562 5273 μὴ
607 5204 875 5273 πρότερον
924 5206 1085 5271 φύσει
1144 5201 1352 5271 τεχθέν.
1399 5200 1569 5253 Τοῦτό
1617 5201 1735 5251 ἐστι
1786 5199 1849 5250 τὸ

262 5294 602 5367 περιτμηθὲν
634 5295 977 5365 ὀκταήμερον
1000 5311 1013 5325 °
1051 5294 1207 5347 τοῦτο
1236 5292 1461 5364 Συμεὼν
1492 5294 1570 5353 είς
1604 5290 1849 5361 ἀγκάλας

261 5387 512 5453 ὲδέξατο’
561 5386 721 5440 τοῦτο
771 5388 961 5456 γέγονε
1014 5385 1261 5448 παιδίον,
1304 5385 1398 5437 καὶ
1457 5382 1699 5454 ηύξησε,
1755 5382 1851 5435 καὶ

258 5480 525 5551 δεκαέτης
554 5480 867 5549 γενόμενος,
898 5477 993 5531 καὶ
1022 5480 1103 5539 εἰς
1124 5477 1213 5529 τὸν
1242 5476 1565 5549 τριακοστὸν
1604 5474 1850 5527 ἐνιαυτὸν

259 5569 442 5641 ἦλθεν.
484 5571 560 5624 οὐ
600 5571 728 5642 γὰρ,
765 5570 842 5634 ὣς
878 5586 1025 5632 τινες
1061 5568 1391 5639 ὑπενόησαν,
1425 5570 1456 5637 ἡ
1507 5566 1663 5619 οὐσία
1712 5564 1850 5634 αὑτὴ

257 5663 353 5716 τοῦ
398 5663 573 5731 Λόγου
602 5665 871 5735 τραπεῖσα
910 5659 1280 5731 περιετμήθη,
1322 5657 1678 5721 ἀναλλοίωτος
1716 5652 1851 5710 οὖσα

343 5854 357 5884 ¹
389 5852 550 5908 llebr.
576 5867 636 5918 tt,
679 5850 763 5905 lﬁ.
842 5853 862 5883 ¹
898 5849 1029 5906 ibid.
1064 5850 1145 5903 l7.

585 5949 854 6009 ΡΑτιιοι..
888 5946 1005 6006 Gn.
1040 5945 1167 6007 XLI
1182 5947 1226 6005 1.

1952 4639 2035 4695 Ad
2084 4642 2199 4696 bazc
2239 4640 2460 4697 Gabriel
2498 4644 2616 4714 ipse
2648 4656 2807 4699 caute
2836 4661 2901 4700 ac
2941 4647 3240 4716 prudenter
3286 4649 3339 4701 in
3390 4647 3534 4702 felici

1950 4734 2045 4789 illo
2082 4735 2276 4790 nuntio
2342 4737 2672 4806 perferendo
2724 4739 2939 4793 locutus
2985 4748 3091 4795 est.
3149 4738 3336 4810 Neque
3385 4743 3532 4797 enim

1948 4826 2087 4881 dixit
2119 4846 2132 4881 :
2173 4827 2327 4894 Quod
2363 4838 2612 4883 nascetur
2646 4831 2701 4883 in
2731 4839 2799 4896 te,
2834 4846 2900 4885 ne
2928 4832 3275 4888 extrinsecus
3304 4834 3359 4888 in
3384 4835 3533 4889 illam

1948 4918 2232 4974 inductum
2254 4936 2458 4990 corpus
2506 4937 2630 4978 esse
2685 4930 3002 4993 putaretur;
3045 4925 3138 4979 sed
3164 4940 3229 4979 ex
3258 4935 3305 4978 te
3327 4926 3533 4990 dixit“,

1952 5018 2013 5065 ut
2065 5010 2210 5079 quod
2264 5022 2623 5078 nasceretur,
2660 5030 2725 5069 ex
2767 5014 2884 5085 ipsa
2935 5016 3207 5085 prodiisse
3243 5018 3536 5073 manileste

1953 5104 2290 5160 crederetur.
2325 5104 2637 5161 Praesertim
2672 5122 2796 5162 cum
2856 5109 2909 5163 id
2960 5118 3156 5164 natura
3215 5112 3380 5166 etiam
3417 5112 3534 5181 ipsa

1952 5195 2314 5260 demonstret,
2350 5214 2459 5251 non
2510 5214 2673 5269 posse
2711 5200 2942 5270 virginis
2979 5217 3198 5272 corpus,
3232 5220 3353 5273 qua:
3392 5219 3531 5259 non-

1952 5286 2082 5339 dum
2136 5289 2431 5357 pepererit,
2485 5290 2571 5344 lac
2621 5293 2946 5361 concipere;
2992 5302 3105 5347 tum
3148 5294 3319 5350 nibilo
3361 5300 3532 5368 magis

1954 5379 2069 5434 ﬁeri
2120 5395 2285 5450 posse
2309 5422 2322 5444 ,
2364 5391 2423 5436 ut
2462 5382 2603 5438 lacte
2641 5384 2946 5450 nutriatur,
2988 5395 3082 5439 aut
3118 5386 3305 5443 fasciis
3342 5390 3533 5443 obvol-

1952 5477 2114 5524 vatur
2142 5486 2343 5543 corpus
2379 5473 2536 5539 iliud,
2567 5474 2713 5546 quod
2767 5475 3003 5529 naturali
3060 5486 3215 5546 partu
3261 5490 3386 5533 ante
3424 5496 3529 5535 non

1956 5564 2027 5617 sit
2075 5563 2130 5617 in
2184 5567 2357 5621 lucem
2390 5568 2619 5623 editum.
2654 5566 2798 5638 Ergo
2849 5568 2981 5623 illud
3032 5569 3211 5639 ipsum
3245 5580 3351 5631 est,
3389 5576 3527 5641 quod

1955 5665 2150 5711 octavo
2180 5656 2267 5712 die
2311 5654 2914 5724 circumciditur;idem
2946 5676 2975 5715 a
3006 5659 3261 5714 Simeone
3284 5656 3339 5711 in
3372 5658 3528 5715 ulnas

1228 5849 1248 5881 ³
1275 5847 1380 5906 lsa.
1406 5863 1499 5914 vn,
1534 5844 1618 5902 14.
1702 5846 1723 5878 ⁸
1747 5843 1846 5901 ιιι(

1951 5885 1956 5909 ,
1985 5844 2087 5913 27;
2123 5843 2253 5897 Luc.
2287 5857 2347 5908 tl,
2382 5839 2438 5896 7.
2517 5838 2537 5869 "
2562 5835 2700 5892 Luc.
2741 5849 2819 5903 χι,
2853 5836 2945 5892 27.
3025 5840 3044 5871 ⁸
3079 5837 3212 5894 Luc.
3241 5853 3279 5905 l,
3315 5838 3403 5894 55.

3173 5932 3253 5993 21
