3994 6224
496 363 607 422 (iiii

1881 359 1940 417 S.
1983 359 2080 416 EPI

2186 361 2321 417 ΛΝΙΙ
2595 389 2598 392 ~
3651 383 3736 438 δῦ,

511 488 833 550 exceptum;
878 481 1021 536 idem
1066 496 1204 551 puer
1245 479 1423 536 factus
1477 487 1596 546 est,
1637 489 1690 537 et
1728 482 1996 546 adolevit.
2028 491 2080 540 et

2187 486 2278 539 καὶ
2315 485 2614 556 ἄτρεπτοςο
2665 484 2918 554 λέγοντος
2969 483 3068 556 μὲν
3123 483 3300 538 αὐτοῦ
3341 484 3437 538 τοῦ
3483 485 3722 559 Σωτῆρος.

508 573 768 630 decennis
811 574 1020 638 evasit,
1055 581 1109 628 ct
1144 573 1210 628 ad
1261 573 1602 628 tricesimum
1658 587 1862 628 annum
1911 591 2086 645 usque

509 664 830 734 pervenit’.
869 662 987 718 Νοιι
1025 663 1198 728 enim,
1237 673 1297 718 ut
1335 663 1583 718 nonnulli
1628 663 1890 733 suspicati
1933 673 2083 730 sunt,

506 757 674 812 divini
699 753 866 810 Verbi
899 754 1208 810 subStantia
1235 754 1355 824 ipsa
1382 761 1595 808 mutata
1621 755 1950 810 circumcisa
1977 763 2083 820 est,

503 863 626 920 quae
673 849 871 903 mutari
927 847 1288 916 convertique
1329 853 1597 917 nequeat,
1649 861 1772 902 cum
1834 846 2086 904 Salvator

505 939 621 1008 ipse
647 938 836 992 dicat:
883 938 1094 1008 1002
1131 934 1328 993 Videte
1362 950 1470 1001 me,
1509 938 1769 1009 quoniam
1801 952 1900 1008 ego
1937 953 2080 1004 sum,

504 1036 561 1083 et
599 1043 710 1081 non
765 1042 888 1082 sum
945 1035 1186 1082 mutatus
1211 1028 1252 1082 '.
1287 1025 1493 1082 Paulus
1526 1041 1652 1081 vero
1693 1027 1766 1082 ita
1815 1027 2075 1096 scripsit:

503 1120 660 1176 Jesus
687 1119 930 1178 Christus
953 1121 1064 1175 lteri
1085 1131 1136 1175 et
1164 1121 1336 1186 hodie,
1359 1121 1498 1176 idem
1525 1121 1579 1176 in
1605 1121 1803 1178 smcula
1820 1121 1860 1176 ³.
1878 1121 2080 1178 Verum

505 1214 560 1267 in
596 1227 662 1268 eo
695 1227 946 1283 corpore,
980 1213 1128 1284 quod
1167 1221 1222 1268 et
1258 1213 1648 1269 circumcisum
1681 1221 1767 1269 est
1803 1221 1858 1269 et
1899 1225 2082 1285 gesta-

507 1311 642 1364 tum,
673 1300 818 1370 quod
847 1301 1084 1356 comedit
1105 1307 1162 1356 et
1194 1299 1480 1372 fatigatum
1508 1309 1612 1367 est,
1649 1301 1704 1355 in
1736 1317 1901 1357 cruce
1931 1301 2081 1358 suffi-

2192 575 2357 628 ’Ίδετέ
2395 593 2482 647 με,
2517 576 2599 628 ὅτι
2628 575 2739 644 ἐγώ
2767 577 2904 646 εἰμι,
2925 575 3020 630 καὶ
3061 577 3168 629 οὐκ
3219 574 3548 647 ἠλλοίωμαι·
3585 579 3666 632 τοῦ
3691 579 3736 634 εδ

2193 667 2408 722 Παύλου
2475 669 2780 740 γράφοντος
2800 685 2814 699 ·
2877 669 3108 737 Ἰησοῦς
3175 667 3436 737 Χριστὸς
3497 671 3626 736 χθὲς
3659 676 3737 726 καί

2187 759 2472 829 σήμερον,
2503 762 2536 814 ό
2563 760 2750 827 αὐτὸς
2787 759 2886 816 καὶ
2927 763 3014 827 είς
3043 761 3191 827 τοὺς
3245 759 3485 826 αἰῶνας.
3527 761 3668 816 aut
3693 766 3740 818 ἐν

2185 851 2266 922 τῷ
2293 851 2688 924 περιτμηθέντι
2726 850 2960 922 σώματι,
2997 853 3092 906 καὶ
3134 851 3497 921 βασταχθέντι
3548 853 3634 906 καὶ
3657 871 3738 922 φα-

2185 943 2335 1013 γόντι
2385 945 2480 998 καὶ
2521 946 2752 1016 καμόντι
2787 947 2881 1000 καὶ
2939 947 3000 1000 ὲν
3039 945 3214 1016 ,ξύλῳ
3257 943 3616 1013 καθηλωθὲντι
3657 948 3730 1002 καὶ

2187 1033 2414 1088 παθόντι
2441 1029 2510 1105 ἦν
2541 1035 2572 1086 6
2601 1035 2817 1107 ἀπαθὴς
2845 1037 2938 1090 καὶ
2973 1035 3274 1106 ἀσώματος
3302 1034 3398 1088 τοῦ
3427 1034 3556 1087 Θεοῦ
3577 1037 3736 1105 Λόγος.

2186 1122 2356 1177 Τοῦτο
2383 1119 2451 1194 ἦν
2481 1126 2540 1178 ἐν
2569 1125 2650 1196 τῷ
2685 1127 2936 1197 μνημείῳ
2979 1125 3161 1190 τεθὲν,
3195 1125 3292 1178 ὅτε
3319 1123 3484 1186 αὐτὸς
3509 1125 3738 1198 ἐπορεύθη

2185 1216 2420 1288 κηρύξαι
2449 1217 2546 1272 καὶ
2573 1221 2688 1282 τοῖς
2723 1220 2782 1273 ὲν
2813 1219 3028 1290 φυλακῇ
3063 1217 3402 1288 πνεύμασιν,
3441 1217 3516 1281 ὡς
3552 1213 3683 1272 εἶπεν
3713 1221 3738 1272 6

2189 1307 2412 1379 Πέτρος.

505 1409 632 1448 xum
665 1403 828 1464 atque
861 1409 1108 1464 passum,
1169 1393 1263 1450 Dei
1299 1394 1534 1450 Verbum
1583 1395 1778 1462 inerat,
1838 1397 1984 1466 quod
2051 1400 2328 1468 passionis
2385 1401 2611 1472 perinde
2670 1409 2834 1473 atque
2885 1400 3135 1471 corporis
3187 1408 3280 1454 est
3331 1414 3548 1468 expers.
3613 1397 3732 1456 Idem

502 1503 704 1558 corpus
730 1488 784 1542 in
817 1499 1169 1543 monumento
1193 1488 1504 1558 depositum
1537 1497 1657 1555 est;
1695 1505 1806 1560 quo
1839 1498 2084 1560 tempore
2121 1494 2354 1559 scilicet,
2388 1505 2448 1551 ut
2505 1495 2793 1566 spiritibus
2827 1495 2960 1560 illis,
2993 1493 3088 1565 qui
3155 1493 3216 1547 in
3257 1490 3516 1547 custodia
3551 1492 3730 1548 detine-

501 1585 727 1648 bantur,
761 1584 1107 1654 prardicarct,
1136 1585 1202 1638 ad
1233 1600 1331 1640 eos
1374 1588 1630 1651 accessit,
1665 1587 1742 1642 uti
1775 1586 1968 1643 Petrus
1999 1597 2231 1645 testatur
2251 1593 2294 1644 δ.

573 1677 712 1736 Vill.
749 1679 826 1734 Ex
865 1695 975 1749 quo
1009 1680 1226 1734 illorum
1263 1679 1608 1750 potissimum
1651 1681 1964 1737 declaratur
1992 1683 2080 1737 in-

499 1775 676 1838 sania,
709 1773 802 1843 qui
835 1772 1074 1828 Verbum
1111 1771 1202 1827 Dei
1235 1772 1290 1826 in
1315 1787 1442 1828 ossa
1475 1787 1808 1844 carnemque
1834 1789 2079 1829 commu-

2257 1683 2337 1742 ﬂ'.
2377 1687 2442 1739 Ὀ
2479 1686 2714 1756 μάλιστα
2741 1685 2980 1738 δείκνυσι
3004 1683 3104 1754 τὴν
3133 1677 3328 1735 ἄνοιαν
3351 1677 3462 1733 τῶν
3486 1680 3732 1748 λεγόντων,

2185 1781 2266 1842 είς
2300 1779 2462 1833 ὀστέα
2500 1780 2596 1833 καὶ
2631 1779 2813 1851 σάρκα
2855 1776 3156 1850 τετράφθαι
3189 1775 3288 1830 τὸν
3325 1773 3518 1843 Λόγον.
3561 1773 3616 1828 El
3647 1773 3732 1845 γὰρ

500 1874 676 1920 tntum
729 1875 1008 1920 asserunt.
1049 1862 1184 1917 Nam
1224 1864 1271 1920 si
1319 1864 1394 1918 ita
1429 1865 1772 1936 contigisset,
1813 1881 2076 1936 superva-

2180 1872 2334 1926 τοῦτο
2362 1867 2453 1943 ἦν,
2477 1872 2576 1924 οὐκ
2605 1867 2674 1942 ἦν
2707 1869 2867 1942 χρεία
2899 1888 3002 1941 μνη
3013 1870 3170 1940 μείου
3191 1885 3206 1900 ·
3239 1869 3377 1922 αὐτὸ
3397 1868 3506 1939 γὰρ
3543 1866 3606 1921 ἂν
3629 1867 3732 1920 ἑπο-

497 1970 730 2011 caneum
787 1963 1200 2010 monumentum
1293 1954 1426 2010 illud
1485 1953 1680 2010 fuisset
1735 1973 1749 2009 :
1807 1956 2080 2026 siquidem

499 2047 680 2116 ipsum
713 2061 811 2116 per
855 2061 980 2102 sese
1029 2060 1234 2116 corpus
1279 2044 1612 2116 praedicandi
1666 2045 1838 2116 gratia
1885 2045 1950 2099 ad
1985 2061 2080 2102 eos

499 2141 732 2210 spiritus
788 2138 1116 2201 accederet,
1175 2138 1269 2208 qui
1327 2137 1382 2192 in
1435 2135 1629 2192 inferis
1699 2137 2076 2190 versabantur.

500 2230 658 2284 Nunc
696 2236 877 2284 autem
931 2227 1270 2298 praedicandi
1307 2227 1426 2298 ipse
1455 2226 1632 2297 gratia
1674 2225 1742 2280 ad
1783 2240 1881 2280 eos
1925 2225 2078 2290 adiit,

497 2334 704 2389 corpus
737 2326 924 2373 autem
959 2317 1191 2372 sindone
1221 2316 1542 2372 obvolutum
1572 2314 1844 2385 Iosephus
1869 2315 1921 2368 in
1953 2313 2081 2368 Gol-

501 2412 664 2482 gotha
695 2410 948 2479 deposuit
979 2411 999 2441 ⁵
1029 2428 1041 2464 :
1079 2416 1272 2477 estque
1324 2410 1500 2478 palam
1548 2407 1678 2460 illud
1713 2406 1972 2466 omnibus
2004 2405 2081 2459 fa-

497 2510 674 2566 ctum,
705 2499 946 2556 Verbum
984 2501 1162 2570 ipsum
1201 2514 1548 2568 nequaquam
1582 2514 1704 2554 esse
1731 2513 1952 2567 corpus,
1985 2498 2079 2552 sed

502 2593 570 2648 ad
612 2592 853 2648 Verbum
909 2607 1111 2661 corpus
1148 2591 1503 2661 pertinuisse.
1539 2589 1806 2644 Praeterea
1839 2588 2080 2644 Thomas

504 2685 638 2739 illud
683 2685 860 2753 ipsum
905 2697 1143 2751 corpus,
1185 2690 1540 2750 posteaquam
1584 2695 1616 2734 a
1665 2681 1896 2735 mortuis
1933 2680 2080 2734 exci-

499 2785 674 2832 tntum
715 2785 820 2842 est,
858 2777 1111 2830 inanibus
1145 2777 1488 2839 attrectavit,
1519 2785 1574 2830 et
1617 2776 1670 2829 in
1703 2790 1768 2830 eo
1797 2775 2078 2829 clavorum

493 2868 783 2923 cicatrices
819 2871 1054 2938 aspexit,
1099 2881 1261 2936 quos,
1305 2881 1428 2920 cum
1460 2866 1513 2920 in
1541 2880 1770 2936 corpore
1796 2881 1896 2922 suo
1928 2866 2080 2922 suill-

499 2972 598 3012 ms
625 2957 875 3021 vidisset,
915 2963 1114 3026 sponte
1161 2955 1447 3022 sustinuit,
1491 2971 1666 3026 neque
1715 2970 1840 3010 cum
1890 2965 2079 3027 posset

499 3049 789 3119 prohibere
825 3048 1034 3113 voluit;
1073 3049 1181 3102 imo
1216 3062 1343 3102 vero
1395 3047 1646 3118 proprias
1697 3048 1780 3102 sui
1825 3051 2076 3118 corporis

501 3140 822 3195 alli-ctiones
871 3140 1020 3194 velut
1071 3140 1156 3193 sui
1207 3139 1419 3209 ipsius,
1467 3139 1520 3191 in
1572 3153 1693 3193 sese
1731 3139 2074 3194 transtulit‘.

2183 1963 2349 2036 ρεύθη
2379 1963 2446 2016 δι’
2489 1961 2684 2016 ἑαυτοῦ
2717 1961 2779 2015 τὸ
2823 1961 2982 2033 σῶμα
3031 1959 3274 2033 κηρύξαι
3302 1963 3416 2024 τοῖς
3459 1961 3518 2013 ἐν
3555 1959 3730 2032 τῷᾷδῃ

2181 2053 2472 2124 πνεύμασι.
2514 2051 2630 2106 Νῦν
2671 2052 2728 2106 δὲ
2777 2051 2940 2115 αὐτὸς
2975 2051 3251 2122 ἐπορεύθη
3295 2049 3565 2122 κηρύξαι’
3603 2049 3658 2103 τὸ
3687 2049 3732 2102 δὲ

2183 2146 2342 2216 σῶμα
2371 2145 2552 2211 ἑλίξας
2601 2143 2800 2215 Ἰωσὴφ
2827 2141 3024 2196 σινδόνι
3043 2183 3058 2207 ,
3091 2143 3340 2197 ἀπέθετο
3368 2143 3426 2195 ὲν
3465 2141 3542 2211 τῷ
3567 2137 3728 2208 Γολγο-

2181 2235 2276 2306 θᾷ·
2313 2233 2406 2287 καὶ
2432 2231 2699 2287 δέδεικται
2729 2234 2896 2286 πᾶσιν
2917 2271 2931 2295 ,
2979 2232 3062 2285 ὅτι
3099 2232 3175 2302 μὴ
3219 2229 3286 2284 τὸ
3321 2228 3480 2300 σῶμα
3505 2225 3568 2299 ἦν
3601 2230 3627 2281 6
3651 2225 3730 2280 Λό-

2180 2343 2295 2396 γος,
2343 2324 2480 2378 ἀλλὰ
2521 2325 2680 2394 σῶμα
2723 2319 2792 2395 ἦν
2828 2323 2923 2378 τοῦ
2976 2321 3176 2392 Λόγου.
3214 2321 3330 2376 Καὶ
3361 2320 3516 2373 τοῦτο
3563 2319 3730 2390 Θωμᾶς

2182 2415 2418 2472 ἀναστὰν
2463 2417 2527 2468 ἐκ
2558 2414 2766 2486 νεκρῶν
2818 2414 3140 2484 ὲψηλάφησε
3161 2453 3178 2476 ,
3209 2413 3309 2466 καὶ
3353 2406 3488 2464 εἶδεν
3529 2412 3582 2463 ὲν
3607 2407 3729 2478 αὐτῷ

2179 2512 2308 2574 τοὺς
2331 2509 2536 2574 τύπους
2563 2507 2674 2562 τῶν
2701 2507 2869 2578 ἥλων,
2897 2505 2992 2570 οὓς
3026 2505 3328 2575 ὑπέμεινεν
3359 2501 3517 2564 αὐτὸς
3537 2503 3563 2554 6
3587 2499 3730 2567 Λόγος

2179 2600 2320 2674 ὁρῶν
2375 2597 2815 2672 καθηλουμένους
2865 2598 2924 2650 ὲν
2969 2594 3046 2666 τῷ
3097 2594 3320 2665 σώματι
3347 2593 3426 2663 τῷ
3463 2591 3604 2661 ἰδίῳ,
3651 2590 3727 2642 καὶ

2178 2693 2473 2764 δυνάμενος
2511 2689 2742 2744 κωλύειν
2801 2689 2902 2742 οὐκ
2945 2687 3257 2751 ἐκώλυσεν,
3300 2685 3437 2741 ἀλλὰ
3479 2684 3568 2738 καὶ
3625 2682 3727 2734 ίδιο-

2181 2785 2384 2838 ποιεῖτο
2403 2781 2473 2835 τὰ
2494 2780 2587 2834 τοῦ
2615 2779 2866 2852 σώματος
2889 2779 2994 2832 ῐδια
3037 2777 3112 2840 ὡς
3141 2775 3368 2842 ἑαυτοῦ,
3391 2777 3420 2828 6
3449 2772 3720 2842 ἀσώματος.

2191 2875 2406 2944 ’Λμέλει
2456 2873 2548 2927 τοῦ
2591 2871 2862 2944 ’σώματος
2905 2869 3252 2940 τυπτομένου
3305 2865 3456 2938 παρὰ
3497 2863 3584 2917 τοῦ
3640 2863 3724 2914 ὐπ-

2179 2968 2395 3038 ηρέτου,
2429 2967 2504 3029 ὡς
2535 2965 2696 3028 αὐτὸς
2725 2965 2950 3033 πάσχων
2991 2962 3164 3029 ἔλεγε·
3209 2961 3272 3016 Τί
3310 2976 3388 3030 με
3417 2958 3628 3025 dapem;
3649 2952 3727 3008 καὶ

2179 3059 2454 3127 ἇᾷαυστος
2481 3055 2556 3110 ὢν
2585 3058 2650 3126 τῇ
2681 3055 2862 3124 φύσει,
2897 3055 3046 3124 ὅμως
3067 3053 3226 3120 ἔλεγε
3243 3069 3258 3082 ·
3302 3050 3414 3105 Τὸν
3431 3048 3612 3102 νῶτόν
3626 3061 3725 3114 μου

2179 3150 2374 3204 ἔδωκα
2407 3150 2496 3213 εἰς
2527 3147 2846 3217 μάστιγας,
2873 3145 2971 3199 καὶ
3008 3143 3075 3197 τὸ
3122 3143 3455 3212 πρόσωπόν
3489 3157 3600 3209 μου
3631 3137 3722 3189 οὐκ

485 3233 863 3299 Quamobrem
919 3249 1042 3286 cum
1089 3235 1196 3286 hoc
1226 3246 1257 3284 a
1308 3230 1542 3286 satellite
1571 3231 1888 3300 vapularet,
1920 3233 2074 3301 quasi

2180 3241 2530 3309 ἀπέστρεψά
2565 3236 2686 3292 ἀπὸ
2721 3236 3182 3307 ἑμπτυσμὰτων.
3217 3237 3286 3288 ’Λ
3325 3233 3434 3304 γὰρ
3463 3231 3522 3284 τδ
3549 3225 3724 3298 ἀνθρώο

487 3323 614 3393 «ipse
643 3333 924 3394 pateretur
951 3363 966 3388 ,
1004 3323 1144 3389 Quid
1191 3340 1293 3385 me,
1329 3323 1527 3394 inquit,
1562 3323 1722 3376 credis
1741 3325 1762 3355 ⁷
1787 3325 1810 3377 ?
1839 3339 2076 3396 cumque

487 3417 645 3484 1angi
675 3424 867 3468 natura
895 3430 1004 3468 non
1032 3421 1241 3484 posset,
1263 3412 1618 3470 nihilominus
1640 3413 1776 3469 dixit
1806 3433 1818 3469 :
1843 3414 2074 3470 Dorsum

499 3523 668 3559 meum
695 3506 816 3560 dedi
839 3507 892 3558 in
921 3507 1158 3576 ﬂagella,
1192 3515 1240 3559 et
1266 3505 1456 3574 [aciem
1491 3521 1662 3559 meam
1705 3523 1808 3559 non
1841 3509 2006 3561 averti
2041 3525 2074 3560 a

497 3595 669 3662 sputis
691 3593 740 3648 ⁸.
796 3593 928 3659 Qua:
973 3595 1118 3648 enim
1165 3593 1404 3648 humana
1457 3591 1621 3649 Verbi
1665 3603 1857 3650 natura
1901 3597 2075 3665 patie-

490 3685 694 3749 ‘batur,
730 3683 846 3740 lucc
897 3686 1190 3756 ipsummct
1223 3685 1460 3740 Verbum
1510 3685 1566 3740 in
1616 3701 1738 3742 sese
1775 3687 2075 3744 transferre

499 3779 714 3843 voluit,
767 3787 824 3832 ut
877 3792 978 3832 nos
1033 3776 1336 3832 divinitatis
1393 3773 1554 3831 Verbi
1612 3767 2074 3848 partieipes‘esse

488 3885 804 3941 possemus.
831 3868 950 3936 Qua
986 3869 1038 3922 in
1081 3884 1139 3923 re
1173 3868 1450 3939 singulare
1497 3869 1629 3922 illud
1670 3868 1887 3936 accidit,
1931 3869 2072 3925 idem

491 3973 558 4018 ut
591 3965 803 4034 patiens
830 3969 980 4018 esset
1025 3969 1079 4015 et
1113 3959 1246 4014 nihil
1279 3960 1493 4030 patiens
1523 3979 1534 4014 :
1573 3959 1790 4030 patiens
1823 3961 2072 4030 quidem,

483 4056 640 4124 quod
673 4055 952 4126 proprium
979 4054 1098 4122 ejus
1125 4061 1406 4124 pateretur
1427 4067 1630 4122 corpus
1661 4063 1714 4108 et
1741 4053 1796 4106 in
1833 4053 2073 4122 patiente

493 4148 613 4219 ipso
649 4148 940 4211 resideret;
975 4146 1108 4200 nihil
1156 4148 1370 4218 patiens
1419 4159 1570 4210 vero,
1607 4143 1752 4216 quod
1783 4160 1908 4199 cum
1937 4144 2074 4200 Ver-

497 4241 624 4292 itum
655 4248 850 4294 natura
885 4239 1028 4296 Deus
1057 4241 1150 4303 sit,
1179 4239 1249 4294 ab
1270 4239 1418 4294 onmi
1471 4236 1714 4309 patiendi
1759 4237 2072 4294 conditione

493 4329 564 4381 sit
603 4330 865 4383 immune.
899 4329 1169 4395 Quocirca
1213 4329 1452 4384 Verbum
1509 4329 1728 4400 quidem
1789 4328 1967 4396 ipsum
2015 4329 2070 4382 in

493 4422 704 4490 patibili
737 4437 964 4490 corpore
1023 4422 1413 4490 incorporeum
1463 4420 1601 4486 fuit;
1643 4435 1847 4488 corpus
1887 4427 2069 4475 autem
2116 4439 2125 4448 ·

487 4513 796 4584 -ὶηιρτιιὶιιίιο
830 4513 1065 4567 Verbum
1111 4513 1300 4566 habuit
1343 4514 1396 4566 in
1451 4527 1595 4578 sese,
1628 4511 1772 4580 quod
1820 4509 1905 4566 sui
1945 4525 2072 4566 cor-

2184 3349 2334 3386 πινον
2359 3333 2564 3402 ἔπασχε
2590 3329 2683 3383 τοῦ
2714 3329 2910 3397 Λόγου,
2939 3327 3110 3383 ταῦτα
3127 3326 3307 3380 συνὼν
3333 3321 3480 3393 αύτῷ
3497 3323 3526 3374 6
3557 3318 3720 3386 Λόγος.

2181 3425 2260 3487 εἰς
2293 3422 2482 3476 ἑαυτὸν
2505 3421 2788 3493 ἀνέφερεν,
2817 3421 2902 3472 ἵνα
2923 3420 3086 3490 ἡμεῖς
3111 3417 3214 3488 τῆς
3245 3415 3344 3470 τοῦ
3375 3413 3542 3482 Λόγου
3567 3407 3725 3475 θεότη-

2180 3531 2272 3578 τος
2300 3513 2618 3585 δυνηθῶμεν
2669 3513 2981 3582 μετασχεῖν.
3037 3509 3148 3563 Καὶ
3195 3503 3272 3580 ἦν
3317 3500 3630 3576 παράδοξον,
3655 3497 3722 3550 ὅτι

2181 3604 2342 3667 αὐτὸς
2384 3600 2453 3674 ἦν
2496 3605 2524 3656 6
2581 3603 2805 3672 πάσχων
2845 3600 2941 3654 καὶ
2975 3598 3050 3670 μὴ
3086 3599 3348 3669 πάσχων·
3381 3595 3592 3664 πάσχων
3622 3587 3722 3660 μὲν,

2180 3697 2263 3749 ὅτι
2304 3695 2363 3749 τὸ
2406 3695 2534 3750 ἴδιον
2579 3693 2744 3748 αὐτοῦ
2799 3691 3004 3764 ἔπασχε
3061 3691 3220 3762 σῶμα
3265 3687 3360 3742 καὶ
3399 3688 3455 3738 ὲν
3501 3679 3635 3750 αὐτῷ
3660 3675 3724 3746 τῷ

2181 3787 2442 3856 πάσχοντι
2463 3781 2530 3856 ἦν
2553 3801 2567 3815 ·
2599 3783 2674 3855 μὴ
2704 3783 2927 3853 πάσχων
2954 3783 3030 3844 δὲ,
3059 3782 3142 3834 ὅτι
3179 3781 3246 3850 τῇ
3279 3777 3438 3849 φύσει
3464 3771 3586 3836 Θεὸς
3609 3768 3676 3821 ὢν
3697 3765 3722 3817 6

2180 3879 2350 3947 Λόγος
2384 3875 2600 3947 ἀπαθής
2627 3877 2767 3928 ἐστι.
2811 3873 2913 3928 Καὶ
2943 3873 3108 3935 αὐτὸς
3139 3871 3242 3943 μὲν
3283 3868 3563 3939 ἀσώματος
3589 3856 3650 3930 ἦν
3674 3858 3722 3909 ὲν

2179 3971 2258 4041 τῷ
2281 3967 2507 4039 παθητῷ
2533 3966 2744 4038 σώματι
2766 3981 2781 3996 ·
2810 3965 2870 4018 τὸ
2893 3965 2949 4017 δὲ
2985 3963 3142 4034 σῶμα
3177 3963 3338 4034 ἔσχεν
3368 3960 3425 4012 ἐν
3467 3949 3626 4041 ἑαυτῷ
3645 3947 3720 4041 τδξ

2178 4035 2364 4130 ἀπαθῆ
2399 4035 2569 4128 Λόγον
2615 4035 2948 4127 ἀφανίζοντα
2990 4055 3090 4118 τὰς
3133 4052 3419 4116 ἀσθενείας
3455 4040 3608 4103 αὐτοῦ
3641 4035 3719 4130 τοῦ

2181 4129 2448 4222 σώματος.
2499 4149 2704 4204 Ἐποίει
2749 4147 2806 4200 δὲ
2847 4146 3006 4200 τοῦτο
3061 4145 3154 4198 καὶ
3192 4145 3404 4212 ἐγίνετο
3433 4137 3610 4200 οὕτως,
3646 4129 3718 4222 ἵνα

2177 4221 2274 4299 τάί
2299 4243 2460 4315 ἡμῶν
2504 4241 2666 4305 αὐτὸς
2721 4241 3006 4311 δεχόμενος
3079 4239 3172 4292 καὶ
3228 4227 3598 4310 προσενεγκὼν
3651 4221 3718 4281 εἰς

2179 4336 2390 4399 θυσίαν,
2439 4331 2772 4405 ὲξαφανίσῃ,
2808 4332 2901 4386 καὶ
2945 4330 3160 4396 λοιπὸν,
3204 4331 3319 4392 τοῖς
3360 4318 3542 4379 ἑαυτοῦ
3585 4327 3714 4405 περις

2179 4421 2358 4476 ϐαλὼν
2393 4399 2562 4491 ἡμᾶς,
2593 4399 2798 4491 ποιήσῃ
2829 4419 2922 4473 τὸν
2970 4419 3292 4472 ’Δπόστολον
3327 4414 3521 4469 εἰπεῖν·
3543 4403 3634 4460 Δεῖ
3657 4399 3714 4491 τό

2177 4487 2447 4581 φθαρτὸῦ
2486 4511 2662 4564 τοῦτο
2697 4487 3068 4564 ἐνδύσασθαι
3116 4507 3459 4579 ἀφθαρσίαν
3480 4540 3498 4566 ,
3541 4493 3628 4552 καὶ
3657 4487 3712 4544 τὸ

491 4605 644 4674 poris
701 4607 1105 4662 imbecillitates
1158 4607 1552 4676 exstingueret.
1609 4604 1784 4673 Atque
1834 4605 1938 4658 hoc
1993 4617 2061 4659 eo

2180 4603 2388 4671 ἳνητὸν
2417 4602 2596 4656 τοῦτο
2624 4602 2999 4657 ἐνδύσασθαι
3033 4601 3396 4655 ἀθανασίαν.

495 4698 727 4752 consilio
779 4698 1033 4762 faciebat,
1091 4699 1274 4767 itaque
1329 4674 1387 4752 se
1441 4697 1644 4750 habere
1683 4695 1970 4759 voluerat,
2033 4703 2094 4749 ut
2149 4704 2338 4750 nostra
2375 4693 2706 4763 suscipiens,
2756 4704 2812 4748 et
2853 4694 2907 4747 in
2951 4693 3282 4748 sacrificium
3325 4687 3568 4744 oll'erens.
3605 4674 3708 4767 ΠΨ·

495 4787 644 4844 ditus
691 4787 928 4854 deleret,
975 4804 1038 4842 ac
1085 4764 1304 4843 demum
1355 4789 1472 4842 suis
1518 4803 1620 4842 nos
1659 4785 2071 4856 quodammodo
2111 4787 2372 4850 vestiens,
2397 4787 2744 4842 occasionem
2775 4786 3040 4856 Apostolo
3069 4785 3226 4839 daret
3277 4785 3380 4838 ista
3432 4764 3704 4832 scribendi:

495 4885 708 4957 1003
778 4883 992 4952 Oportet
1063 4883 1406 4953 corruptibile
1477 4881 1572 4936 hoc
1646 4880 1864 4935 induere
1937 4881 2427 4952 incorruptionem,
2485 4891 2536 4936 et
2595 4881 2820 4936 mortale
2907 4882 3002 4935 hoc
3085 4879 3297 4935 induere
3369 4863 3706 4930 immortalita-

491 4998 592 5036 tem
615 4984 658 5035 9.

557 5077 650 5133 ιχ.
681 5077 813 5144 Quae
834 5073 1016 5130 omnia
1045 5085 1152 5126 non
1185 5071 1306 5126 ficte
1341 5085 1406 5126 ac
1429 5071 1682 5127 simulate
1709 5077 1858 5140 gesta
1886 5079 2052 5125 sunt:

485 5171 710 5226 minime
741 5168 980 5239 quidem,
1011 5175 1070 5220 ut
1100 5164 1348 5220 nonnulli
1377 5177 1660 5234 perperam
1702 5161 2060 5216 arbitrantur.

483 5263 592 5320 Sed
631 5279 756 5318 cum
805 5261 1056 5315 Salvator
1113 5271 1303 5314 verum
1343 5271 1404 5312 se
1459 5255 1682 5310 fecisset
1743 5252 2056 5316 hominem,

483 5357 658 5409 totius
689 5360 774 5408 est
811 5349 1050 5406 hominis
1092 5347 1244 5403 salus
1270 5354 1587 5402 consecuta.
1620 5343 1759 5398 Nam
1797 5344 1844 5399 si
1881 5344 2058 5398 simu-

485 5447 690 5502 latione
742 5447 856 5500 sola
912 5443 1187 5506 Verbum,
1219 5450 1279 5495 ut
1336 5439 1412 5492 illi
1473 5437 1752 5502 sentiunt,
1795 5442 1944 5490 esset
1997 5434 2054 5488 in

483 5553 738 5608 corpore,
769 5535 914 5607 quod
956 5547 1132 5590 autem
1163 5534 1511 5592 simulatione
1547 5543 1670 5584 esse
1699 5528 1815 5584 sola
1849 5525 2054 5584 dicitur

561 5691 592 5735 ι.
610 5689 744 5767 μισ.
775 5690 934 5767 i_i,_2l
967 5705 1086 5759 stlti-

2233 5067 2312 5124 6’.
2343 5069 2418 5122 υύ
2437 5067 2581 5123 θέσει
2599 5069 2658 5123 δὲ
2679 5068 2852 5122 ταῦτα
2871 5069 3104 5136 ἐγίνετο,
3129 5067 3206 5138 μὴ
3226 5065 3459 5135 γένοιτοί
3494 5055 3564 5118 ὣς
3585 5060 3706 5110 τινες

2169 5161 2329 5214 πάλιν
2356 5160 2642 5215 ὑπέλαϐον.
2675 5160 2838 5214 Ἀλλὰ
2861 5161 3012 5224 ὄντος
3035 5160 3322 5231 ἀνθρώπου
3345 5149 3558 5222 ἀληθείᾳ
3576 5155 3703 5231 γενο-

2170 5251 2332 5319 μένου
2353 5249 2447 5302 τοῦ
2479 5251 2749 5322 Σωτῆρος,
2766 5251 2888 5305 ὅλου
2916 5249 3010 5304 τοῦ
3034 5228 3321 5321 ἀνθρώπου
3345 5238 3571 5311 σωτηρία
3603 5228 3702 5322 έγέ

2164 5357 2304 5393 νετο.
2321 5340 2382 5392 Ei
2404 5339 2512 5411 γὰρ
2529 5319 2674 5394 θέσει
2695 5335 2762 5410 ἦν
2786 5341 2844 5392 έν
2863 5339 2944 5410 τῷ
2974 5319 3186 5411 σώματι
3205 5341 3234 5393 ὁ
3253 5339 3418 5405 Λόγος
3437 5329 3547 5386 κατ’
3575 5319 3696 5376 ὲκεί-

2163 5448 2286 5494 νους
2301 5447 2313 5460 ·
2333 5431 2393 5484 τὸ
2407 5431 2460 5484 δὲ
2482 5431 2626 5484 θέσει
2643 5431 2934 5501 λεγόμενον
2951 5430 3224 5501 φαντασία
3239 5429 3380 5483 ἐστίν
3396 5443 3409 5456 ·
3423 5420 3696 5494 εὑρίσκεται

2161 5524 2378 5589 δοκήσει
2397 5523 2494 5576 καὶ
2523 5526 2555 5594 ἡ
2589 5524 2831 5597 σωτηρία
2855 5524 2952 5578 καὶ
2977 5524 3010 5594 ὴ
3041 5521 3336 5583 ἀνάστασις
3383 5515 3484 5572 τῶν
3507 5502 3694 5576 ἀνθρώ-

1173 5689 1194 5720 ²
1221 5687 1356 5742 Luc.
1389 5702 1541 5751 xxrv,
1577 5683 1666 5738 59.
1745 5681 1763 5714 ³
1798 5681 1960 5736 Hebr.
1999 5695 2072 5733 xu

2180 5679 2216 5751 ς.
2297 5679 2356 5733 ⁸1
2394 5677 2537 5734 Pctr.
2581 5695 2661 5744 ιιι,
2703 5679 2785 5736 19.
2864 5680 2885 5712 ⁵
2918 5675 3076 5734 Joan.
3109 5695 3224 5745 xix,
3257 5677 3341 5734 58.
3415 5668 3679 5726 ⁶Ιοειιι.κιι

657 5775 686 5800 ει
781 5750 1186 5824 τ’]οοιιδὲιηη,
1217 5757 1306 5812 25.
1383 5757 1404 5788 ⁸
1447 5750 1545 5812 lsa.
1581 5771 1633 5822 1.,
1667 5755 1720 5809 6.
1799 5755 1818 5785 ⁹
1851 5752 2020 5806 lCor.
2053 5767 2140 5818 xv,
2178 5750 2265 5819 55.
