3994 6224
310 406 417 461 655

912 398 1285 459 aDVERSUS
1319 394 1662 456 ΗΑΞΒΕΒΕΞ
1691 400 1817 456 LIB.
1856 401 1910 456 ll]

2023 400 2139 457 ΟΜ.
2180 399 2613 459 IL—ll/ERES.
2656 399 2921 459 LXXVII.

3485 411 3588 470 656
3614 452 3623 461 -

315 543 434 577 των
487 522 793 594 λεγομένη,
846 522 990 577 κατὰ
1032 523 1126 577 τὸν
1156 522 1521 578 ἀσεϐέστατον
1580 524 1899 593 Μανιχαίον.

2017 523 2393 594 imaginarium
2443 532 2567 588 est,
2622 539 2970 596 consequens
3018 535 3187 592 esset,
3222 535 3280 583 ut
3336 538 3388 585 et
3440 532 3587 587 salus

323 617 487 672 ’Λλλά
534 618 640 689 μὴν
676 618 737 670 οὐ
780 617 1053 687 φαντασίᾳ
1092 618 1126 687 ἡ
1168 616 1412 686 σωτηρία
1456 615 1681 684 γέγονεν
1722 615 1901 685 ἡμῶν,

307 709 435 764 οὐδὲ
463 720 715 781 σωματος
747 709 930 779 μόνου,
964 708 1078 761 ἀλλ’
1111 708 1234 761 ὅλου
1261 707 1353 761 τοῦ
1390 706 1701 779 ἀνθρώπου,
1724 706 1904 777 ψυχῆς

309 806 409 858 καὶ
441 803 692 874 σώματος
729 802 948 872 ἀληθῶς
984 802 1041 855 ἐν
1090 800 1239 872 αὐτῷ
1287 803 1321 873 ὴ
1375 798 1621 871 σωτηρία
1659 797 1903 869 γέγονεν.

325 894 695 968 Ἀνθρώπινον
738 895 847 966 ἄρα
896 894 1059 962 φύσει
1111 893 1276 947 τοὲκ
1337 890 1577 965 Μαρίας,
1615 891 1756 945 κατά
1808 890 1907 954 τὰς

311 981 468 1049 θείας
515 984 740 1056 Γραφάς
765 1020 779 1047 ,
815 982 907 1037 καὶ
955 979 1209 1052 ἀληθινὸν
1273 980 1435 1052 σῶμα
1486 980 1582 1034 τοῦ
1633 979 1906 1050 Σωτῆρος.

326 1075 609 1149 ’Δληθινδν
644 1078 701 1131 δὲ
736 1073 827 1148 ἦν,
862 1072 1052 1145 ἐπειδὴ
1072 1072 1268 1128 ταυτὸν
1293 1067 1360 1144 ἦν
1392 1071 1497 1145 [ἐν]
1528 1070 1606 1143 τῷ
1631 1070 1905 1142 ἡμετέρῳ.

327 1167 559 1237 ’Λδελιρὴ
588 1167 697 1238 γὰρ
724 1164 883 1236 ἡμῶν
915 1165 949 1235 ἡ
975 1162 1186 1235 Μαρία,
1217 1162 1342 1215 ἐπεὶ
1370 1161 1464 1215 καὶ
1487 1162 1688 1225 πάντες
1720 1161 1786 1214 ἐκ
1812 1158 1906 1213 τοῦ

329 1259 501 1330 Ἀδάμ
532 1261 721 1329 ἐσμεν.
756 1258 865 1311 Καὶ
893 1256 1053 1310 τοῦτο
1082 1255 1183 1308 οὑκ
1212 1254 1279 1308 ἄν
1303 1272 1387 1319 τις
1418 1253 1738 1324 άμφιϐόιλοι,
1774 1270 1909 1324 μνη-

320 1353 469 1415 σθεὶς
501 1344 576 1406 ὧν
604 1349 842 1422 ἔγραψεν
874 1351 903 1402 6
939 1348 1174 1411 Λουκᾶς.
1209 1345 1368 1401 Μετά
1392 1346 1500 1417 γάρ
1522 1345 1583 1398 τὸ
1609 1343 1907 1415 ἀναστῆναι

314 1443 380 1495 ἐκ
409 1441 521 1495 τῶν
546 1439 782 1512 νεκρῶν,
801 1437 1102 1492 δοκούντων
1128 1435 1289 1490 τινῶν
1312 1435 1388 1506 μὴ
1423 1437 1481 1489 ὲν
1503 1434 1581 1506 τῷ
1608 1436 1673 1488 ὲκ
1693 1433 1909 1507 Μαρίας

317 1534 532 1604 σώματι
567 1532 789 1603 βλέπειν
816 1530 908 1584 τὸν
930 1528 1157 1601 Κύριον,
1182 1527 1297 1581 ἀλλ’
1317 1527 1439 1581 άντί
1469 1527 1661 1581 τούτου
1690 1525 1910 1597 πνεῦμα

315 1623 565 1695 θεωρεῖν,
599 1622 818 1693 Ξλεγενο
865 1620 1046 1676 Ἴδετε
1076 1620 1183 1687 τὰς
1224 1619 1426 1690 χεῖράς
1469 1636 1589 1688 μου
1628 1616 1728 1671 καὶ
1767 1617 1909 1682 τοὺς

316 1717 509 1782 πόδας
528 1732 674 1786 μου,
716 1715 817 1770 καὶ
844 1714 988 1781 τοὺς
1019 1714 1248 1779 τύπους
1292 1711 1414 1766 τῶν
1454 1710 1642 1780 ἥλων,
1675 1711 1764 1764 ὅτι
1796 1709 1911 1780 ἐγώ

315 1811 435 1879 εἰμι
474 1808 677 1874 αὐτός.
716 1806 1129 1877 Ψηλαφήσατε
1186 1805 1285 1860 καὶ
1326 1805 1512 1867 ἴδετε.
1550 1803 1640 1858 ὅτι
1673 1802 1910 1873 πνεῦμα

2010 615 2293 669 hominum
2344 630 2409 669 ac
2468 618 2803 673 resurrectio
2852 618 3086 689 imagine
3135 620 3250 675 sola
3292 631 3346 676 et
3396 622 3587 678 adum-

2009 707 2261 761 bratione
2316 706 2431 762 ﬁeri
2471 707 2785 773 diceretur,
2826 724 2946 780 quae
2985 720 3069 766 est
3105 712 3256 784 impii
3306 714 3589 770 Manicluei

2007 798 2298 853 sententia.
2331 800 2495 870 Atqui
2529 815 2637 854 non
2680 802 2797 856 sola
2838 802 3021 872 specie
3062 816 3376 875 comparata
3428 808 3590 863 nobis

2009 889 2159 942 salus
2192 895 2299 952 est,
2341 896 2435 943 aut
2480 889 2583 944 soli
2624 890 2829 945 tributa
2874 893 3117 962 corpori,
3165 895 3259 950 sed
3292 898 3387 951 toti
3432 897 3588 953 vide-

2010 983 2137 1038 licet
2171 982 2400 1045 homini,
2450 983 2666 1048 animae,
2711 983 2957 1055 inquam,
2990 994 3043 1039 et
3073 987 3287 1056 corpori
3325 988 3475 1045 salus
3501 997 3592 1046 est

2010 1076 2190 1146 reipsa
2239 1076 2550 1132 conciliata.
2608 1075 2793 1147 Itaque
2839 1091 3041 1147 corpus
3077 1079 3209 1133 illud
3265 1078 3589 1151 Salvatoris,

2010 1168 2180 1237 quod,
2216 1176 2275 1223 ut
2321 1184 2492 1224 sacrae
2535 1168 2757 1225 Litterae
2787 1177 3081 1236 testantur,
3113 1188 3143 1227 e
3174 1171 3342 1227 Maria
3373 1174 3594 1230 desum-

2011 1268 2161 1331 ptum
2203 1268 2325 1328 est,
2373 1262 2671 1317 humanum
2744 1279 2808 1318 ac
2853 1279 3041 1319 verum
3097 1266 3325 1322 exstitit.
3367 1267 3590 1334 Verum,

2012 1350 2257 1421 inquam,
2293 1362 2605 1423 propterea,
2640 1354 2786 1424 quod
2819 1354 2962 1410 idem
2994 1358 3220 1411 omnino
3243 1375 3367 1413 cum
3400 1369 3595 1415 nostro

2014 1440 2136 1496 fuit.
2163 1441 2330 1496 Maria
2358 1444 2558 1514 quippe
2586 1459 2744 1500 soror
2778 1456 2967 1501 nostra
2994 1445 3112 1509 fuit.
3138 1463 3262 1503 cum
3293 1449 3364 1503 ab
3383 1448 3594 1505 Adatno

2010 1534 2279 1604 originem
2328 1548 2523 1590 omnes
2581 1536 2977 1606 acceperimus.
3033 1536 3220 1608 Neque
3271 1554 3398 1595 vero
3432 1540 3595 1596 dubi-

2011 1625 2236 1679 tandum
2268 1640 2331 1679 ea
2365 1626 2431 1680 de
2465 1640 2520 1679 re
2554 1626 2785 1695 putabit,
2821 1627 2866 1683 si
2900 1628 3022 1696 quis
3052 1644 3113 1683 ea
3138 1631 3445 1686 meminerit
3470 1648 3592 1700 qua:

2011 1722 2141 1770 sunt
2180 1729 2209 1769 a
2234 1713 2380 1769 Luca
2412 1714 2641 1785 scripta.
2679 1714 2814 1768 Cum
2866 1717 3009 1770 enim
3057 1725 3177 1786 post
3209 1719 3354 1773 illius
3407 1734 3595 1774 resur-

2011 1809 2312 1865 rectionem
2358 1808 2609 1862 nonnulli
2662 1809 3098 1878 suspicarentur,
3148 1826 3255 1865 non
3313 1811 3366 1865 in
3400 1811 3592 1867 eodem

314 1901 517 1970 σάρκα
564 1900 666 1955 καὶ
708 1900 892 1955 ὀστέα
930 1902 1044 1957 οὐκ
1090 1899 1236 1969 ἔχει,
1276 1897 1473 1965 καθὼς
1502 1896 1608 1967 ἐμὲ
1643 1896 1910 1965 θεωρεῖτε

2017 1900 2111 1954 illo
2150 1913 2405 1969 corpore,
2441 1900 2586 1968 quod
2622 1914 2943 1970 expressum
2977 1918 3008 1957 e
3046 1900 3217 1955 Maria
3262 1904 3457 1965 fuerat,
3490 1903 3597 1958 Do-

313 1997 554 2067 ἔχοντα.
600 1996 712 2050 Καὶ
755 1995 932 2050 τοῦτο
959 1995 1171 2059 εἰπὼν,
1198 1992 1515 2057 ὑπέδειξεν
1556 1990 1764 2057 αὐτοῖς
1798 1990 1906 2056 τὰς

2017 1991 2226 2045 minum
2295 2005 2415 2046 sese
2473 1993 2765 2057 contueri,
2816 1994 2911 2047 sed
2977 1994 3101 2062 ejus
3166 1996 3285 2048 loco
3340 1996 3592 2065 spiritum

319 2085 523 2154 χεῖρας
577 2086 677 2141 καὶ
726 2084 869 2152 τοὺς
910 2084 1123 2152 πόδας.
1177 2083 1271 2149 Ἐξ
1310 2076 1385 2138 ὧν
1431 2084 1524 2137 καὶ
1584 2081 1905 2152 ἐλέγχεσθαι

2017 2083 2219 2149 oilerri,
2240 2082 2319 2139 sic
2354 2098 2449 2137 eos
2473 2083 2744 2139 allocutus
2773 2090 2858 2139 est
2896 2102 2908 2138 :
2944 2084 3123 2138 Videte
3147 2101 3335 2139 manus
3364 2095 3413 2140 et
3438 2086 3594 2154 pedes

316 2179 481 2233 πάλιν
509 2178 833 2232 δύνανταιοί
865 2177 1239 2248 τολμήσαντες
1275 2176 1448 2229 εἰπεῖν
1477 2176 1557 2238 εἰς
1593 2173 1773 2245 σάρκα
1810 2173 1907 2227 καὶ

315 2271 482 2325 ὀστέα
511 2270 842 2341 ἠλλοιῶσθαι
867 2269 958 2324 τὸν
988 2269 1214 2343 Κύριον.
1248 2269 1323 2322 Οὐ
1368 2268 1478 2340 γὰρ
1510 2263 1631 2321 εἷπε
1655 2284 1669 2298 ο
1698 2267 1905 2332 Καθὼς

315 2363 423 2432 ἐμὲ
460 2362 726 2431 θεωρεῖτε
754 2361 953 2430 σάρκα
981 2361 1080 2416 καὶ
1114 2361 1297 2415 ὀστέα
1324 2361 1474 2426 ὄντα,
1517 2359 1633 2414 ἀλλ’
1658 2359 1902 2430 ἔχοντα,

317 2456 407 2509 ἵνα
445 2456 519 2526 μὴ
568 2454 731 2518 αὐτὸς
762 2455 791 2506 6
824 2452 996 2522 Λόγος
1026 2454 1108 2518 εἰς
1151 2451 1324 2505 ταῦτα
1373 2450 1605 2522 τραπεὶς
1637 2450 1867 2522 νομισθῇ
1888 2492 1905 2516 ,

318 2546 437 2601 ἀλλ’
477 2545 640 2609 αὐτὸς
691 2545 831 2616 ἔχων
864 2543 1060 2611 ταῦτα,
1091 2545 1187 2597 καὶ
1235 2542 1342 2614 πρὸ
1379 2542 1474 2596 τοῦ
1506 2543 1771 2611 θανάτου,
1812 2544 1909 2596 καὶ

320 2636 464 2705 μετὰ
495 2636 596 2707 τὴν
629 2634 926 2689 ἀνάστασιν
955 2628 1094 2686 εἶναι
1121 2632 1408 2703 πιστευθῇ.

2011 2191 2178 2238 meos,
2208 2182 2259 2229 et
2300 2175 2516 2244 vestigia
2556 2174 2844 2242 clavorum,
2885 2177 3131 2247 quoniam
3164 2193 3256 2246 ego
3295 2192 3411 2231 sum
3446 2178 3593 2245 ipse;

2008 2266 2222 2337 palpate
2262 2276 2310 2321 et
2346 2266 2531 2330 videte,
2602 2268 2851 2337 quoniam
2892 2269 3110 2337 spiritus
3143 2285 3358 2323 carnem
3393 2280 3441 2323 et
3472 2286 3593 2323 ossa

2014 2377 2119 2414 non
2155 2360 2345 2424 habet,
2398 2361 2534 2413 sicut
2581 2373 2662 2415 me
2707 2360 2892 2415 videtis
2934 2361 3143 2415 habere.
3188 2361 3390 2428 Quibus
3436 2362 3594 2417 dictis

2016 2452 2249 2507 ostendit
2289 2453 2398 2507 illis
2447 2469 2636 2507 manus
2664 2462 2712 2508 et
2743 2452 2960 2522 pede‘s’.
3015 2452 3092 2508 Ex
3145 2469 3254 2523 quo
3286 2454 3361 2507 illi
3407 2454 3597 2509 redar-

2014 2551 2277 2615 guuntur,
2315 2545 2408 2615 qui
2455 2544 2741 2600 Dominum
2770 2546 2821 2600 in
2845 2561 3063 2601 carnem
3092 2553 3145 2601 ct
3176 2562 3301 2601 ossa
3327 2554 3595 2601 mutatum

2016 2648 2140 2691 esse
2187 2634 2459 2691 allirmare
2506 2651 2616 2691 non
2667 2636 2938 2690 dubitant.
2984 2635 3170 2706 Neque
3226 2637 3371 2692 enim
3414 2636 3594 2693 dixit:

318 2730 780 2799 Quemadmodum
805 2747 885 2786 me
913 2746 1131 2784 carnem
1173 2738 1222 2784 et
1257 2746 1382 2784 assa
1419 2729 1603 2784 videtis
1639 2743 1785 2793 esse,
1827 2728 1923 2785 sed
1962 2729 2173 2797 habere,
2223 2748 2291 2789 ne
2353 2731 2591 2788 fortasse
2650 2730 2887 2787 Verbum
2940 2732 3117 2803 ipsum
3168 2733 3223 2787 in
3283 2732 3597 2788 istiusmodi

317 2843 647 2885 conversum
681 2843 807 2885 esse
837 2835 1143 2898 putaretur,
1175 2825 1272 2882 sed
1303 2834 1364 2880 ut
1409 2840 1477 2905 ea,
1521 2826 1792 2881 duntaxat
1838 2834 1896 2882 et
1955 2836 2083 2884 ante
2115 2839 2344 2887 mortem
2376 2838 2429 2885 et
2472 2838 2596 2900 post
2651 2828 3114 2884 resurrectionem
3170 2828 3429 2883 habuisse
3479 2842 3601 2882 cre-

393 2932 502 2975 tur.

358 2932 502 2976 atur.

316 2921 354 2977 d
389 3016 448 3071 Γ.
490 3012 708 3068 Τούτων
741 3013 799 3067 δὲ
844 3010 1019 3075 οὓτως
1049 3011 1281 3082 ἐχόντων
1313 3010 1411 3083 τὴν
1458 3009 1734 3075 ἀπόδειξιν
1757 3050 1774 3076 ,
1805 3026 1906 3064 πε-

321 3106 503 3178 ριττὸν
551 3105 632 3159 ἐτι
676 3104 785 3158 τῶν
828 3104 1003 3159 ἄλλων
1056 3104 1325 3159 ἅπτεσθαι
1358 3104 1453 3157 καὶ
1494 3103 1792 3173 γυμνάζειν
1856 3122 1913 3158 τι

2088 3006 2157 3062 Χ.
2210 3005 2306 3062 liis
2352 3006 2421 3061 ad
2473 3022 2598 3063 eum
2642 3007 2863 3061 modum
2914 3009 3306 3078 comprobatis,
3352 3010 3420 3066 de
3475 3011 3599 3067 aliis

2025 3097 2213 3153 dicere
2239 3110 2705 3167 supervacaneum
2732 3105 2839 3159 est,
2864 3108 2957 3152 aut
2986 3097 3195 3170 agitare
3226 3099 3557 3170 disputando
3578 3140 3596 3169 ,

320 3198 452 3271 περὶ
479 3197 689 3253 αὐτῶν·
741 3197 836 3251 τοῦ
890 3196 1002 3269 γὰρ
1041 3196 1324 3267 σώματος,
1360 3198 1419 3250 ὲν
1464 3189 1509 3265 ᾧ
1554 3191 1622 3267 ἦν
1660 3197 1690 3249 6
1719 3196 1910 3265 Λόγος,

2019 3203 2145 3243 cum
2213 3204 2415 3259 corpus
2484 3189 2541 3243 in
2606 3204 2717 3259 quo
2773 3188 3011 3245 Verbum
3078 3190 3277 3257 inerat,
3325 3192 3597 3248 divinitati

325 3292 402 3364 μὴ
433 3292 585 3355 ὄντος
622 3291 911 3362 ὁμοουσίου
962 3290 1064 3362 τῆς
1103 3290 1379 3361 θεότητος,
1432 3288 1548 3344 ἀλλ’
1582 3292 1647 3345 ὲκ
1689 3290 1912 3363 Μαρίας

320 3380 539 3452 ἀληθῶς
561 3380 878 3453 τεχθέντος*
907 3381 1005 3435 καὶ
1046 3379 1212 3435 αὐτοῦ
1239 3380 1298 3435 δὲ
1330 3379 1428 3435 τοῦ
1466 3381 1641 3451 Λόγου
1674 3381 1748 3454 μὴ
1778 3398 1914 3454 τραο

322 3472 519 3536 πέντος
559 3474 640 3536 εἰς
670 3471 836 3542 ὀστέα
867 3471 963 3526 καὶ
996 3470 1210 3544 σάρκα,
1242 3470 1356 3526 ἀλλ’
1390 3472 1451 3525 ὲν
1483 3472 1649 3543 σαρκί
1685 3471 1914 3544 γενομέ-

323 3579 437 3618 νου.
469 3563 542 3616 Τὸ
573 3562 682 3635 γάρ
714 3562 863 3635 παρά
893 3562 971 3635 τῷ
1008 3564 1227 3637 Ἰωάννῃ
1256 3563 1551 3635 λεγόμενον
1575 3603 1589 3628 ,
1632 3564 1697 3616 '0
1723 3565 1915 3634 Λόγος

322 3655 483 3726 σὰρξ
514 3656 773 3727 ἐγένετο,
815 3654 1021 3728 ταύτην
1057 3655 1167 3727 ἔχει
1189 3657 1288 3728 τὴν
1314 3656 1573 3721 διάνοιαν,
1603 3654 1787 3721 καθὼς
1819 3655 1915 3709 καὶ

322 3751 390 3804 ὲκ
419 3747 516 3803 τοῦ
546 3747 733 3819 ὁμοίου
762 3748 921 3802 τοῦτο
950 3747 1171 3803 δυνατὸν
1202 3749 1404 3821 εὑρεῖν.
1447 3748 1767 3819 Γέγραπται
1804 3747 1914 3820 γὰρ

325 3845 384 3897 ὲν
411 3840 491 3913 τῷ
515 3841 741 3914 Παύλῳ·
773 3842 1029 3911 Χριστὸς
1056 3842 1209 3910 ὑπὲρ
1231 3840 1401 3911 ἡμῶν
1424 3841 1632 3913 γέγονε
1662 3842 1911 3911 κατάρα.

324 3935 438 3989 Καὶ
478 3933 667 4006 ὥσπερ
697 3934 796 3987 οὐκ
826 3933 986 3997 αὐτὸς
1030 3933 1245 4005 κατάρα
1274 3932 1517 4003 γέγονεν,
1557 3933 1672 3989 ἀλλ’
1701 3934 1783 3988 ὅτι
1813 3934 1915 4005 τὴν

326 4025 469 4092 ὑπὲρ
497 4022 656 4095 ἡμῶν
689 4020 976 4088 ἀνεδέξατο
1004 4024 1273 4095 κατάραν,
1305 4023 1518 4095 εἰρηται
1550 4022 1767 4093 κατάρα
1817 4039 1910 4091 γε·

323 4115 579 4183 γονέναι·
614 4110 757 4166 οὕτω
810 4113 902 4166 καὶ
950 4111 1085 4183 σὰρξ
1142 4112 1391 4181 ἐγένετο,
1434 4113 1494 4165 ού
1547 4112 1781 4185 τραπεὶς
1834 4114 1914 4176 εἰς

333 4202 546 4275 σάρκα,
592 4204 709 4260 ἀλλ’
757 4205 838 4258 ὅτι
887 4207 1065 4276 σάρκα
1121 4204 1260 4276 ὑπὲρ
1325 4203 1484 4275 ὴμῶν
1529 4203 1756 4259 ἀνέλαϐε
1820 4204 1916 4257 καὶ

323 4297 553 4365 γέγονεν
594 4296 902 4369 ἄνθρωπος.
947 4297 1059 4350 Καὶ
1108 4296 1217 4369 γὰρ
1254 4295 1319 4350 τὸ
1368 4297 1565 4350 εἰπεῖν.
1610 4296 1673 4349 '0
1721 4297 1915 4365 Λόγος

328 4388 485 4459 σὰρξ
511 4389 769 4460 ἐγένετο,
797 4389 913 4443 ἴσον
946 4388 1060 4442 ἔστι
1086 4388 1250 4441 πάλιν
1282 4388 1479 4452 εἰπεῖν,
1501 4386 1908 4457 ὃτιἋνθρωπος

324 4481 541 4550 γέγονε,
579 4482 721 4535 κατά
768 4481 828 4534 τὸ
874 4480 1165 4552 εἰρημένον
1216 4481 1274 4532 ὲν
1317 4478 1395 4549 τῷ
1455 4480 1645 4550 ’1ωήλ’
1690 4474 1915 4547 Ἐκχεῶ

323 4574 444 4627 ἀπὸ
480 4572 586 4627 τοῦ
635 4551 975 4642 πνεύματός
1009 4551 1137 4641 νμου
1181 4570 1282 4624 ἐπὶ
1326 4569 1535 4625 πᾶσαν
1580 4568 1797 4638 σάρκα.
1834 4568 1910 4622 Οὐ
1944 4551 1988 4605 Ῑ)

246 4714 266 4731 ,
325 4664 437 4719 τῶν
479 4664 691 4734 ἀλόγων
737 4660 805 4737 ἦν
854 4666 887 4734 ὴ
937 4663 1274 4732 ἐπαγγελία,
1310 4662 1423 4716 ἀλλ’
1463 4664 1543 4727 εἰς
1590 4660 1913 4732 ἀνθρώπους

325 4759 504 4821 ἐστὶν,
550 4751 625 4813 ὧν
657 4757 823 4811 ἓνεκα
866 4756 966 4835 ,καὶ
1019 4755 1304 4828 ἄνθρωπος
1345 4755 1568 4824 γέγονεν
1604 4755 1632 4807 ό
1685 4752 1908 4824 Κύριος.

327 4843 533 4897 Τούτου
579 4844 637 4897 δὲ
684 4843 777 4897 τοῦ
830 4842 995 4915 ῥητοῦ
1029 4843 1234 4913 ταύτην
1264 4842 1478 4914 ἔχοντος
1509 4843 1611 4916 τὴν
1649 4842 1907 4908 διάνοιαν,

326 4938 552 4998 εἰκότως
576 4936 1016 5005 καταγνώσονται
1041 4938 1252 4991 ἑαυτῶν
1276 4936 1493 4999 πάντως
1512 4939 1559 4989 οἰ
1590 4937 1911 5006 νομίσαντες

328 5023 469 5081 εἶναι
502 5027 612 5096 πρὸ
639 5029 739 5098 τῆς
778 5029 998 5101 Μαρίας
1034 5029 1131 5101 τὴν
1158 5029 1216 5096 ἐξ
1248 5030 1420 5100 αὐτῆς
1453 5028 1651 5098 σάρκα,
1689 5030 1782 5082 καὶ
1807 5028 1915 5099 πρὸ

325 5118 534 5186 ταύτης
570 5120 862 5189 ἐσχηκέναι
897 5119 1075 5192 ψυχὴν
1103 5119 1451 5192 ἀνθρωπίνην
1482 5118 1573 5172 τὸν
1597 5120 1791 5188 Λόγον,
1818 5119 1912 5173 καὶ

327 5212 385 5262 ὲν
421 5212 560 5282 αὐτῇ
611 5212 717 5283 πρὸ
749 5213 847 5283 τῆς
899 5213 1192 5284 ἐπιδημίας
1240 5213 1327 5267 ἀεὶ
1365 5214 1714 5285 γεγενῆσθαι.
1766 5213 1914 5269 Παύ-

330 5320 514 5355 σονται
547 5302 604 5355 δὲ
641 5304 736 5357 καὶ
766 5306 814 5357 οἱ
841 5304 1087 5367 εἰπόντες
1134 5303 1208 5375 μὴ
1234 5302 1371 5358 εἶναι
1399 5304 1651 5375 δεκτικὴν
1679 5304 1912 5359 θανάτου

325 5393 426 5463 τὴν
457 5395 658 5465 σάρκα,
686 5395 821 5449 ἀλλά
848 5397 946 5466 τῆς
966 5396 1234 5449 ἀθανάτου
1271 5397 1486 5467 φύσεως
1516 5393 1653 5451 εἶναι
1686 5398 1910 5469 ταύτην.

331 5488 395 5540 Ei
419 5487 527 5559 γάρ
554 5488 627 5560 μὴ
651 5489 913 5555 ἀπέθανε,
945 5488 1061 5553 πῶς
1090 5490 1119 5541 ὁ
1149 5489 1359 5555 Παῦλος
1393 5491 1682 5562 παρεδίδου
1718 5492 1914 5562 Κοριν-

330 5578 489 5643 θίοις,
518 5579 546 5632 ὃ
579 5582 673 5634 καὶ
715 5581 1042 5653 παρέλαὸεν,
1080 5582 1159 5635 ὅτι
1184 5582 1749 5650 Χριστὸςὰπέθανεν
1764 5582 1918 5652 ὑπὲρ

331 5666 451 5723 τῶν
463 5668 761 5739 ἀρωρτιᾶγν
775 5670 966 5740 ἡμῶν,
985 5672 1137 5727 κατὰ
1163 5676 1268 5740 τὰς
1280 5674 1525 5744 Γραφάς
1544 5693 1562 5742 ;
1590 5675 1714 5739 Πῶς
1742 5674 1798 5727 δὲ
1824 5678 1919 5730 καὶ

2015 3282 2489 3337 οοιιειιίιειιιιιιίειιο
2533 3282 2759 3338 minime
2809 3282 2993 3348 fuerit,
3032 3283 3128 3341 sed
3160 3300 3227 3341 ex
3271 3285 3441 3341 Maria
3474 3285 3605 3343 Vir»

2014 3374 2141 3445 gine
2169 3389 2359 3430 revera
2388 3384 2603 3441 natum,
2636 3389 2872 3446 cumque
2903 3375 3142 3434 Verbum
3178 3379 3357 3450 ipsum
3392 3394 3501 3435 non
3544 3381 3601 3437 in

2013 3480 2142 3522 ossa
2189 3482 2524 3537 carnemque
2566 3476 2837 3521 mutatum
2889 3468 2983 3532 sit,
3022 3470 3116 3525 sed
3166 3470 3220 3524 in
3251 3485 3419 3525 carne
3450 3488 3603 3529 rese-

2014 3557 2175 3613 derit.
2211 3556 2366 3624 Quod
2397 3559 2542 3613 enim
2578 3572 2609 3617 a
2649 3556 2859 3614 Joanne
2919 3561 3188 3630 scriptum
3231 3571 3337 3627 est,
3375 3561 3603 3617 Verbum

2015 3665 2137 3703 caro
2163 3649 2363 3721 factum
2384 3660 2459 3703 est
2484 3651 2527 3714 ⁸,
2562 3649 2709 3705 hunc
2751 3650 2919 3706 habet
2962 3668 3208 3715 sensum,
3236 3663 3295 3707 ut
3324 3669 3388 3709 ex
3435 3652 3602 3710 simili

2016 3741 2274 3811 loquendi
2320 3743 2534 3797 ratione
2579 3744 2763 3814 colligi
2800 3752 3000 3814 potest.
3045 3744 3155 3801 Est.
3174 3747 3319 3800 enim
3352 3761 3381 3800 a
3432 3746 3602 3803 Paulo

2017 3836 2328 3905 scriptum:
2385 3835 2632 3891 Christus
2678 3852 2774 3906 pro
2826 3837 2974 3892 nobis
3021 3838 3196 3907 factus
3250 3848 3329 3893 est
3380 3840 3645 3894 maledi»

2016 3936 2162 3981 ctum
2188 3926 2230 3985 ³.
2274 3925 2345 3982 Ut
2393 3929 2562 3999 igitur
2598 3928 2944 3984 maledictum
2986 3928 3202 4002 ιοοά,
3239 3931 3327 3985 ille
3380 3933 3603 4002 proprie

2018 4035 2130 4075 non
2164 4018 2286 4084 fuit,
2320 4020 2418 4076 sed
2450 4021 2573 4076 ideo
2606 4020 2777 4078 fuisse
2810 4022 3036 4089 dicitur,
3069 4024 3214 4093 quod
3246 4022 3378 4079 illud
3413 4032 3601 4081 nostra

2019 4128 2188 4170 causa
2213 4114 2519 4183 susceperit
2551 4132 2562 4168 :
2597 4114 2679 4169 sic
2708 4120 2764 4169 et
2795 4129 2923 4169 caro
2948 4114 3152 4170 factum
3181 4127 3282 4180 est,
3317 4132 3429 4171 non
3455 4115 3603 4188 quod

2020 4206 2076 4261 in
2123 4219 2345 4260 carnem
2382 4214 2778 4260 commutatum
2830 4204 3016 4272 fuerit,
3050 4207 3145 4263 sed
3180 4209 3325 4279 quod
3379 4224 3600 4265 carnem

2019 4310 2117 4367 pro
2149 4296 2310 4352 nobis
2351 4296 2738 4367 assumpserit,
2771 4306 2825 4354 et
2855 4297 3021 4353 homo
3057 4298 3235 4355 factus
3267 4300 3359 4355 sit.
3385 4301 3600 4355 Etenim

2020 4390 2124 4443 hoc
2160 4390 2361 4460 ipsum,
2413 4388 2635 4443 Verbum
2664 4406 2787 4444 caro
2827 4389 3030 4460 factum
3066 4401 3167 4456 est,
3196 4392 3445 4448 eamdem
3489 4394 3599 4447 vim

2019 4482 2184 4538 habet
2222 4497 2286 4537 ac
2338 4482 2385 4536 si
2422 4483 2717 4549 diceretur,
2768 4483 2941 4539 Homo
2994 4485 3199 4539 factum
3240 4495 3325 4540 est
3352 4525 3365 4549 ,
3409 4486 3603 4555 cujus’

2023 4577 2169 4632 modi
2200 4585 2284 4634 est
2310 4577 2442 4632 illud
2476 4593 2505 4631 a
2534 4575 2687 4634 Joele
2716 4578 2924 4636 dictum
2956 4598 2968 4635 :
2995 4571 3287 4649 E/fundam
3318 4578 3382 4635 de
3410 4581 3603 4651 spiritu

2022 4686 2136 4723 meo
2181 4685 2336 4739 super
2382 4687 2583 4724 onmem
2635 4670 2910 4725 carnem‘.
2951 4670 3086 4738 Quae
3134 4673 3353 4743 quidem
3388 4675 3605 4730 denum-

2022 4760 2180 4815 tiatio
2239 4775 2302 4816 ac
2342 4761 2642 4831 promissio
2694 4778 2805 4817 non
2847 4762 2919 4817 ad
2949 4764 3223 4834 pecudes,
3260 4766 3354 4821 sed
3396 4768 3462 4821 ad
3508 4769 3607 4823 ho-

2023 4849 2201 4905 mines
2233 4852 2491 4919 pertinet,
2526 4867 2763 4922 quorum
2800 4853 2975 4922 gratia
3018 4852 3284 4911 Dominus
3326 4864 3411 4911 est
3440 4856 3606 4911 homo

2023 4941 2221 4999 factus.
2278 4943 2411 5010 Qua:
2461 4960 2585 4999 cum
2638 4946 2707 4999 ita
2757 4946 2906 5012 sint,
2961 4962 3138 5018 eaque
3181 4948 3255 5004 sit
3306 4949 3605 5004 verborum

2024 5035 2243 5090 illorum
2283 5036 2557 5092 sententia
2590 5055 2604 5093 :
2636 5038 2721 5092 vel
2750 5040 2964 5110 seipsos
2990 5041 3117 5111 jure
3145 5042 3596 5097 condemnahunt

2023 5127 2060 5181 ii
2085 5127 2180 5197 qui
2214 5126 2387 5182 Maria
2419 5129 2658 5198 priorem
2685 5145 2809 5187 esse
2832 5148 3057 5188 carnem
3082 5134 3229 5188 illam
3258 5134 3600 5199 existimant,

2022 5233 2145 5290 quae
2184 5219 2255 5276 de
2304 5219 2473 5275 Maria
2522 5232 2744 5294 sumpta
2782 5225 2882 5288 sit,
2934 5234 2987 5281 et
3016 5234 3143 5283 ante
3175 5226 3320 5282 illam
3358 5227 3600 5282 humana

2023 5312 2313 5383 prteditum
2342 5314 2522 5367 anima
2549 5313 2720 5371 fuisse
2745 5314 3007 5383 Verbum,
3041 5332 3273 5388 eamque
3308 5326 3605 5389 antequam

2023 5402 2132 5457 huc
2183 5402 2468 5459 adveniret
2520 5404 2801 5459 habuisse.
2845 5406 2952 5459 Sed
2997 5415 3052 5462 et
3094 5408 3173 5461 illi
3217 5411 3415 5480 nugari
3461 5408 3606 5464 desi-

2021 5502 2172 5557 nent,
2206 5493 2301 5564 qui
2347 5509 2571 5549 carnem
2602 5496 2799 5551 mortis
2842 5511 2965 5552 esse
2998 5512 3257 5568 capacem
3293 5509 3516 5570 negant,
3551 5507 3603 5557 et

2022 5585 2091 5640 ad
2115 5586 2441 5643 immortalis
2462 5594 2673 5643 natura:
2692 5596 2894 5644 sortem
2919 5590 3396 5665 conditionemque
3423 5605 3605 5654 trans-

2024 5678 2296 5735 scribunt.
2327 5677 2463 5734 Nam
2501 5679 2547 5737 si
2595 5692 2844 5739 mortuus
2878 5698 2988 5740 non
3019 5692 3124 5754 est,
3149 5686 3427 5756 quomodo
3463 5687 3603 5745 Patr

405 5823 428 5857 ί
476 5824 611 5882 Luc.
648 5844 796 5895 ntv,
835 5832 922 5896 59,
964 5832 1052 5887 40.
1132 5833 1151 5863 ³
1184 5830 1342 5889 Joan.
1380 5849 1416 5897 ι,
1463 5834 1545 5889 14.
1624 5836 1645 5867 ³
1685 5833 1803 5891 Gal.
1840 5851 1910 5903 tu,

2017 5836 2040 5891 ι.
2116 5837 2138 5869 δ
2174 5836 2292 5895 Joel
2343 5854 2406 5907 ιι,
2446 5839 2541 5896 28.
