3994 6224
436 415 588 493 ,εδδ
1904 402 2013 456 s:

2131 404 2337 458 ‘iHNH
3626 415 3708 474 ὅδε

482 537 569 591 lus
610 532 826 588 tradere
878 529 980 583 hoc
1020 525 1328 583 Corinthiis
1371 522 1571 595 potuit,
1616 522 1763 593 quod
1802 537 1860 576 se
1902 537 2058 576 acce-

2162 523 2296 587 ὅλως
2344 524 2575 595 ἀνέστη,
2617 527 2667 580 εἰ
2720 524 2794 597 μή
2843 525 3261 599 προαπέθανενς
3322 526 3629 599 Ἐρυθρεῶσι
3666 533 3712 586 δι

482 628 630 697 pisse
681 622 897 677 diccbat
922 624 935 651 ¹
959 660 975 684 ,
1003 620 1269 687 Quoniam
1302 617 1551 673 Christus
1584 626 1822 670 mortuus
1856 626 1932 668 cst
1964 630 2059 683 pro

2166 614 2417 685 μεγάλως
2448 618 2498 669 ot
2546 616 2681 681 ὅλως
2730 618 3129 689 ἐνθυμηθέντες
3178 617 3438 673 δύνασθαι
3481 620 3594 674 ἀντὶ
3633 624 3713 693 τῆς

477 718 706 788 peccatis
745 714 941 769 nostris
964 752 979 778 ,
1014 710 1301 767 secundum
1344 708 1654 779 Scriptura;
1669 707 1728 760 ’Ἰ
1750 706 2054 777 lli-surgere

2162 707 2392 778 Τριάδος
2439 710 2685 779 γίνεσθαι
2733 712 3006 783 τετράδα,
3052 714 3104 765 εί
3155 711 3371 781 λέγοιτο
3415 714 3478 766 ἐκ
3528 715 3714 786 Μαρίας

481 826 610 867 vero
642 810 734 879 qui
779 807 979 880 potuit,
1014 806 1120 861 nisi
1174 814 1428 859 mortuus
1464 811 1622 858 antea
1680 801 1911 857 fuisset?
1945 799 2058 854 Ma-

2161 792 2297 869 εἷναι
2338 800 2400 854 τὸ
2434 802 2612 873 σῶμα.
2651 802 2967 874 Ὀμοούσιον
3006 804 3105 875 μὲν
3132 803 3247 874 γάρ
3291 803 3388 857 ὲάν
3424 805 3645 877 εἴπωμεν
3668 809 3717 863 τὸ

477 905 633 958 ximo
668 917 802 957 vero
847 899 1059 970 pudore
1104 895 1511 969 perfunduntur
1541 894 1576 949 ii
1615 894 1706 965 qui
1738 894 2054 964 quaternio-

2161 891 2320 962 σῶμα
2353 892 2431 964 τῷ
2458 894 2636 964 Λόγω,
2672 895 2823 965 μένει
2852 898 2886 967 ή
2919 896 3087 969 Τριάς
3120 895 3321 967 Τριά’ς,
3350 896 3556 959 οὐδενος
3585 898 3712 964 ξένου

478 1013 602 1054 nem
642 1012 740 1067 pro
771 993 1043 1047 Trinitate
1073 988 1333 1046 constitui
1376 1003 1699 1059 persuasum
1738 987 1970 1049 habent,
2010 985 2055 1042 si

2160 983 2619 1057 ὲπεισφερομένου
2645 990 2727 1053 είς
2749 989 2919 1060 αὐτὴν
2945 989 3039 1043 τοῦ
3075 989 3258 1057 Λόγου
3280 1004 3295 1019 °
3331 987 3425 1042 ἐὰν
3458 989 3513 1043 δὲ
3535 990 3714 1064 ἀνθρω-

479 1104 686 1159 Curpus
719 1101 750 1141 e
782 1084 953 1139 Maria
999 1090 1187 1138 natum
1231 1096 1354 1137 esse
1397 1081 1631 1136 dicatur.
1665 1077 1801 1134 Nam
1848 1078 1894 1133 si
1928 1093 2056 1132 con.

2162 1094 2263 1132 πον
2285 1078 2527 1150 εἴπωμεν
2557 1081 2618 1135 τὸ
2641 1083 2704 1135 ὲκ
2729 1082 2948 1154 Μαρίας
2971 1082 3154 1154 σῶμα,
3180 1082 3400 1155 ἀνάγκῃ
3424 1082 3567 1147 ξένου
3593 1084 3717 1147 (mo;

481 1177 847 1236 substantialc
897 1175 1076 1231 Verbo
1127 1190 1330 1245 corpus
1379 1173 1751 1237 arbitremur,
1817 1170 2058 1227 Trinitas

2161 1170 2282 1223 κατ’
2313 1172 2502 1226 οὐσίαν
2539 1171 2633 1227 τοῦ
2687 1172 2973 1244 σώματος,
3013 1175 3110 1228 καὶ
3153 1174 3311 1238 ὄντος
3360 1175 3421 1227 ἐν
3464 1173 3603 1244 αὐτῷ
3640 1173 3716 1228 τοῦ

478 1270 839 1326 nihilominus
897 1266 1142 1323 Trinitas
1179 1274 1492 1337 permanet,
1542 1278 1667 1318 cum
1713 1262 2055 1334 peregrinum

2161 1261 2357 1331 Λόγου,
2391 1264 2590 1337 τετρὰς
2619 1265 2739 1320 ἀντὶ
2771 1266 3000 1338 Τριάδος
3023 1259 3241 1336 γίνεται
3269 1264 3360 1319 διὰ
3396 1264 3493 1334 τήν
3519 1265 3606 1319 τοῦ
3634 1267 3714 1318 σὼ⁴

480 1365 691 1420 nullum
724 1362 964 1418 Verbum
1007 1362 1062 1415 in
1111 1360 1257 1415 illam
1297 1357 1607 1413 invehatur.
1650 1355 1720 1410 At
1764 1357 1811 1410 si
1862 1369 2057 1425 corpus

1132 1360 1257 1413 llam
1297 1357 1607 1413 invehatur.
1650 1355 1720 1410 At
1764 1357 1811 1410 si
1862 1369 2066 1425 corpus
2167 1372 2337 1426 ματος
2367 1357 2706 1429 προσθήκην.

479 1458 612 1514 illud
641 1458 783 1513 idem
811 1472 877 1512 ex
907 1456 1081 1510 Maria
1104 1463 1292 1507 natum
1323 1453 1599 1507 hominem
1629 1465 1754 1506 esse
1777 1448 2054 1515 dicamus,
2095 1467 2323 1508 necesse
2353 1461 2461 1515 est,
2503 1470 2630 1509 cum
2692 1468 2897 1525 corpus
2962 1462 3162 1510 natura
3213 1454 3556 1526 peregrinum
3611 1454 3715 1508 alie.

480 1564 717 1620 numque
756 1548 847 1610 sit,
883 1558 940 1601 ut
968 1547 1019 1600 in
1043 1545 1162 1615 ipso
1175 1543 1410 1600 Verbum
1430 1543 1684 1605 insideat,
1714 1541 2129 1613 quaternionem
2161 1559 2259 1613 pro
2289 1542 2556 1599 Trinitate
2581 1562 2935 1618 consurgere,
2966 1561 3204 1616 corpore
3234 1545 3485 1601 videlicet
3513 1545 3713 1616 adjecto.

547 1637 638 1691 XI.
685 1637 808 1693 llrec
848 1637 925 1691 illi
958 1637 1090 1690 dum
1135 1636 1202 1691 ad
1245 1649 1372 1690 eum
1413 1633 1634 1688 inodum
1672 1632 2052 1703 pronuntiant,

2232 1636 2334 1691 IA’.
2375 1635 2563 1692 Ταῦτα
2597 1638 2768 1703 οὕτως
2800 1639 3049 1708 λέγοντες
3077 1638 3140 1691 οὐ
3179 1637 3416 1701 νοοῦσιν,
3456 1637 3593 1701 ὅπως
3614 1640 3717 1691 eau-

478 1747 587 1787 non
610 1729 1071 1788 animadvertunt.
1095 1734 1432 1797 quantopere
1455 1738 1640 1779 secum
1665 1723 1767 1794 ipsi
1793 1729 2052 1794 pugnent.

2160 1731 2273 1794 τοῖς
2310 1730 2721 1802 περιπίπτουσι.
2763 1730 2872 1784 Καὶ
2900 1730 3010 1801 γάρ
3042 1728 3148 1784 κᾶν
3187 1730 3265 1801 μὴ
3302 1731 3368 1782 ὲκ
3400 1728 3608 1797 Μαρίας
3644 1728 3714 1781 λέ-

481 1825 631 1879 Licet
659 1823 805 1877 enim
857 1836 925 1875 ex
982 1816 1152 1873 Maria
1205 1816 1510 1888 profectum
1551 1831 1754 1887 corpus
1783 1831 1907 1872 esse
1947 1830 2056 1871 non

2161 1841 2300 1892 γωσι
2333 1825 2394 1877 τὸ
2426 1824 2607 1896 σῶμα,
2641 1825 2777 1880 ἀλλά
2813 1825 3103 1897 όμοούσιον
3128 1824 3268 1879 αὐτὸ
3294 1823 3373 1895 τῷ
3397 1823 3566 1894 Λόγῳ,
3591 1822 3716 1875 οὐδὲν

476 1918 689 1980 dicant,
728 1913 824 1969 sed
871 1909 1345 1973 consubstantiale
1382 1909 2050 1977 Verboduntaxagniliilo-

2159 1911 2343 1990 ἦττον,
2371 1919 2509 1989 ὅπερ
2527 1920 2904 1990 ὑπεκρίνοντο,
2948 1918 3023 1991 μὴ
3057 1919 3171 1988 ἄρα
3196 1917 3277 1981 ὡς
3306 1915 3619 1988 φρονοῦντες
3644 1931 3716 1968 νο-

487 2014 667 2070 ininus
700 2021 909 2073 tamen,
947 2005 1097 2075 quod
1160 2016 1232 2058 ne
1262 1999 1467 2057 sentire
1490 1998 1828 2063 viderentur,
1863 1997 2040 2063 vereri

2164 2008 2400 2080 μισθῶσι
2430 2008 2609 2072 τοῦτο,
2642 2007 2786 2064 κατά
2814 2007 2914 2080 τὴν
2944 2008 3126 2063 αὐτῶν
3158 2006 3352 2061 ἄνοιαν
3381 2004 3716 2077 δειχθήσονται

478 2113 538 2153 se
573 2096 933 2161 simulabant,
970 2097 1023 2151 in
1055 2101 1160 2150 hoc
1188 2092 1393 2166 ipsum,
1418 2106 1542 2163 qua:
1570 2100 1655 2147 est
1689 2091 1904 2146 illorum
1932 2100 2055 2146 sto-

2158 2101 2404 2172 λέγοντες
2449 2102 2705 2175 τετράδα.
2759 2103 2847 2166 Ὠς
2904 2101 3015 2173 γὰρ
3075 2100 3207 2163 Υἱὸς
3263 2097 3341 2151 ὢν
3390 2097 3505 2151 κατ’
3550 2095 3716 2155 αὐτοὺς

479 2189 689 2255 liditas,
718 2189 973 2244 oratione
1011 2201 1113 2244 sua
1166 2186 1346 2257 palam
1392 2184 1719 2248 incurrunt,
1750 2190 1805 2238 et
1835 2190 2056 2252 quater-

2159 2192 2442 2262 ὁμοούσιος
2470 2191 2549 2263 τῷ
2594 2192 2788 2264 lla-:91,
2818 2191 2920 2245 οὐκ
2958 2191 3107 2243 ἔστιν
3153 2188 3324 2253 αὐτὸς
3364 2186 3568 2258 Πατήρ,
3602 2183 3715 2239 ἀλλὰ

478 2281 700 2336 nionem
758 2280 911 2335 illum
961 2280 1280 2335 admittunt.
1314 2276 1528 2332 Etenim
1576 2277 1654 2330 uti
1700 2273 1908 2343 Filius,
1963 2275 2055 2346 qui

2163 2284 2290 2347 Υἱὸς
2344 2284 2483 2356 πρὸς
2532 2282 2754 2354 Πατέρα
2804 2282 3023 2352 λέγεται
3077 2281 3409 2352 ὁμοούσιος’
3452 2277 3612 2340 οὕτως
3667 2275 3716 2327 τὸ

478 2374 695 2426 itlurum
747 2373 1023 2429 sententia
1064 2370 1213 2425 Patri
1266 2369 1761 2424 consubstantialis
1805 2376 1911 2432 est,
1946 2368 2054 2423 mi-

2157 2372 2441 2445 όμοούσιον
2471 2373 2633 2444 σῶμα
2659 2373 2752 2427 τοῦ
2787 2373 2962 2442 Λόγου
2992 2374 3092 2426 οὐκ
3118 2373 3271 2426 ἔστιν
3298 2370 3461 2434 αὐτὸς
3496 2371 3524 2423 6
3550 2368 3711 2434 Λόγος.

477 2465 623 2518 nime
657 2464 748 2519 ille
786 2465 1006 2535 quidem
1058 2463 1219 2518 Pater
1253 2471 1359 2527 est,
1393 2463 1488 2518 sed
1527 2462 1701 2519 Filius
1732 2461 1882 2517 Patri
1923 2478 2054 2517 con-

2161 2466 2274 2521 ἀλλ’
2309 2466 2494 2537 ἕτερον
2524 2466 2663 2538 πρὸς
2684 2467 2776 2519 τὸν
2806 2467 3001 2535 Λόγον.
3040 2464 3265 2536 Ἐτέρου
3304 2464 3363 2517 δὲ
3398 2462 3564 2524 ὄντος,
3588 2461 3714 2512 ἔσται

477 2554 867 2610 substantialis
898 2554 1208 2625 appellatur
1234 2571 1248 2608 :
1276 2553 1352 2606 ita
1378 2552 1853 2607 consubstantiaie
1882 2550 2054 2607 Verbo

2160 2562 2281 2614 κατ’
2309 2560 2506 2623 αὐτοὺς
2539 2562 2573 2630 ή
2610 2559 2791 2613 αὐτῶν
2834 2559 3004 2630 Τριάς
3033 2558 3256 2629 τετράς.
3287 2557 3365 2609 Οὐ
3398 2555 3504 2627 γὰρ
3548 2555 3577 2620 ή
3605 2552 3712 2621 άλη-

478 2661 683 2715 corpus
717 2662 828 2700 non
865 2646 1044 2716 ipsum
1075 2644 1316 2701 Verbum
1351 2652 1456 2709 est,
1483 2644 1577 2699 sed
1610 2644 1758 2698 aliud
1797 2644 2055 2715 quiddam

2159 2653 2280 2726 θινὴ
2310 2652 2405 2706 καὶ
2426 2652 2593 2716 ὅντως
2621 2653 2801 2705 τελεία
2830 2652 2925 2706 καί¹
2969 2651 3277 2721 ἀδιαίρετος
3326 2648 3494 2719 Τριάς
3532 2643 3712 2713 δέχεται

480 2753 510 2790 a
568 2736 748 2792 Verbo
791 2737 1137 2793 distinctum.
1183 2736 1392 2803 Quodsi
1461 2735 1609 2790 aliud
1658 2743 1766 2799 est,
1838 2736 2056 2790 illorum

2160 2745 2504 2818 προσθήκην,
2534 2745 2649 2799 ἀλλ’
2680 2747 2713 2816 ή
2751 2745 2901 2818 παρὰ
2935 2743 3142 2797 τούτων
3186 2739 3594 2811 ὲπινενοημένη.
3624 2737 3713 2790 Καὶ

476 2830 722 2886 Trinitas
775 2830 830 2885 in
858 2828 1277 2901 quateruionem
1320 2827 1616 2899 redigetur.
1668 2827 1822 2883 Vera:
1857 2828 2053 2898 quippe

2161 2838 2280 2903 πῶς
2311 2840 2391 2892 ἔτι
2421 2838 2741 2910 Χριστιανοὶ
2782 2838 2969 2909 ἕτερον
3006 2836 3161 2908 παρὰ
3190 2835 3288 2889 τὸν
3318 2835 3446 2888 ὄντα
3470 2833 3593 2885 Salv
3616 2833 3713 2882 ἑπι-

477 2932 534 2977 et
571 2924 754 2993 reipsa
782 2921 1039 2994 perfectae
1067 2930 1123 2976 et
1151 2920 1400 2976 indivisa:
1433 2919 1689 2975 Trinitati
1747 2921 1895 2973 nulla
1941 2918 2054 2973 tieii

2160 2931 2443 2997 νοούντεςς
2476 2931 2644 2985 Πάλιν
2683 2930 2792 3002 γὰρ
2819 2930 2911 2983 καὶ
2943 2931 3002 2982 ὲν
3031 2930 3206 2999 ἑτέρῳ
3238 2924 3421 2980 αὐτῶν
3454 2923 3712 2993 σοφίσματι

478 3023 658 3086 νοίοει
691 3014 964 3079 πεοδείον
993 3012 1205 3084 1005
1231 3021 1431 3085 P"alter
1457 3028 1622 3084 quam
1650 3026 1935 3083 PerP‘imm
1962 3007 2057 3066 ίδιί
2159 3024 2258 3094 τὴν
2294 3023 2607 3095 ἀφροσύνην
2633 3022 2842 3088 ἔξεστιν
2870 3022 3023 3092 ὁρᾷν.
3051 3021 3116 3073 Εἰ
3146 3021 3206 3073 δὲ
3232 3018 3325 3072 διά
3379 3016 3438 3069 τὸ
3466 3011 3595 3070 εἶναι
3636 3013 3713 3065 καὶ

472 3109 776 3166 commenti
812 3118 959 3165 sunt.
984 3109 1168 3176 Quare
1194 3107 1499 3164 Christiani
1522 3121 1646 3162 esse
1670 3107 1763 3177 qui
1798 3111 2049 3175 possunt,

2159 3114 2416 3185 λέγεσθαι
2446 3117 2503 3169 ὲν
2533 3116 2651 3179 ταῖς
2696 3114 2943 3184 Γραφαῖς
2973 3114 3038 3165 ὲκ
3073 3112 3300 3182 Μαρίας
3335 3104 3472 3162 εἶναι
3522 3105 3608 3159 καὶ
3637 3106 3713 3157 ἀει-

473 3202 571 3274 qui
612 3204 844 3258 alterum
879 3201 948 3257 ab
978 3216 1067 3267 eo,
1105 3200 1198 3272 qui
1228 3214 1421 3255 revera
1452 3198 1596 3255 Deus
1625 3207 1730 3261 est,
1763 3196 1902 3252 falsa
1952 3197 2050 3252 sibi

2162 3207 2431 3278 θρώπινον
2476 3207 2542 3260 τὸ
2590 3207 2751 3278 σῶμα
2794 3206 2888 3260 τοῦ
2936 3205 3228 3278 Σωτῆρος,
3281 3202 3580 3275 νομίζουσιν
3613 3196 3713 3251 ἀντὶ

474 3293 834 3365 persuasione
861 3293 1180 3347 ﬁnxerunt?
1214 3290 1430 3348 Rursus
1468 3291 1614 3346 enim
1640 3290 1695 3344 in
1719 3290 1890 3344 altera
1920 3305 2051 3359 qua-

2161 3300 2389 3371 Τριάδος
2419 3300 2652 3371 τετράδα
2688 3298 2964 3368 λέγεσθαι,
2994 3297 3070 3362 ὡς
3101 3296 3424 3370 προσθήκης
3450 3289 3713 3361 λεγομένης

474 3385 603 3440 dam
651 3373 884 3441 istorum
913 3384 1287 3449 cavillatione,
1317 3397 1523 3453 quanta
1569 3383 1640 3437 sit
1676 3397 1867 3436 eorum
1904 3382 2051 3436 stoli-

2159 3394 2222 3445 τὸ
2249 3390 2440 3463 σῶμα·
2469 3391 2605 3445 πολὺ
2642 3389 2975 3453 πλανῶνται,
3004 3388 3067 3442 τὸ
3096 3387 3315 3458 ποίημα
3343 3379 3712 3448 συνεξισοῦντες

474 3478 648 3541 ditas,
680 3485 931 3547 apparet.
965 3475 1099 3530 Nam
1126 3476 1171 3531 si
1205 3491 1304 3546 pro
1328 3490 1393 3529 eo
1409 3474 1553 3545 quod
1605 3468 1814 3528 Christi
1857 3488 2051 3543 corpus

2160 3482 2238 3554 τῷ
2265 3485 2500 3555 ποιητῇ,
2548 3486 2644 3536 καὶ
2673 3479 3032 3543 ὑπονοοῦντες
3073 3478 3339 3533 δύνασθαι
3390 3476 3487 3547 τὴν
3517 3472 3713 3539 θεότητα

487 3588 555 3628 ex
587 3568 759 3623 Maria
828 3574 1107 3632 natuni,et
1149 3566 1449 3620 humanum
1488 3572 1595 3626 est,
1615 3573 1778 3633 atque
1813 3568 1867 3618 in
1909 3562 2060 3618 Seri-

2161 3574 2481 3645 προσθήκην
2524 3573 2852 3645 λαμϐάνειν·
2910 3573 3003 3627 καὶ
3043 3572 3361 3642 ἠγνόησαν,
3415 3570 3494 3622 ὅτι
3537 3565 3592 3618 ού
3641 3561 3712 3614 ὄιι

486 3661 667 3736 pturis
696 3676 821 3716 CSSt:
852 3658 1078 3720 dicitur,
1108 3667 1289 3728 quate:
1305 3657 1523 3711 nionem
1556 3656 1762 3710 idcirco
1801 3672 1899 3726 pro
1936 3656 1979 3708 Τ
1986 3654 2060 3708 ri-

2162 3666 2481 3738 προσθήκην
2511 3666 2764 3737 θεότητος
2797 3665 2990 3735 γέγονε
3026 3664 3163 3736 σὰρξ
3204 3666 3233 3717 ό
3282 3662 3471 3731 Λόγος,
3503 3656 3608 3711 ἀλλ’
3640 3655 3711 3706 ἵνα

480 3755 651 3811 nitate
684 3751 947 3821 constitui
983 3758 1197 3820 putant,
1245 3764 1311 3803 eo
1344 3748 1490 3819 quod
1520 3747 1771 3818 quaedam
1819 3747 1933 3802 ﬁeri
1978 3748 2050 3803 vi-

2160 3762 2192 3830 ή
2223 3759 2362 3832 σὰρξ
2390 3760 2596 3831 ἀναστῇ
2621 3776 2633 3789 ·
2666 3759 2775 3813 οὐδ’
2810 3759 2897 3813 ἵνα
2932 3758 3195 3829 βελτιωθῇ
3225 3758 3255 3810 6
3283 3756 3449 3824 Λόγος
3476 3749 3711 3823 προῆλθεν

474 3847 676 3902 deatur
719 3843 971 3914 corporis
1024 3840 1273 3896 accessio
1307 3840 1695 3896 :vehemcnter
1734 3846 1923 3897 errant
1962 3839 2051 3910 qui

2159 3854 2224 3906 ἐκ
2253 3852 2494 3923 Μαρίας,
2512 3850 2625 3904 ἀλλ’
2650 3852 2737 3905 ἵνα
2760 3850 2823 3903 τὸ
2844 3849 2941 3903 ἀνθ
2951 3848 3185 3921 ρώπινον
3206 3850 3363 3916 γένος
3384 3842 3707 3916 λυτρώσηται.

468 3937 747 3997 conditori
799 3935 1082 4007 opiﬁcium
1141 3949 1302 3990 suum
1338 3934 1554 4003 aequale
1607 3932 1847 3996 faciunt,
1889 3940 1947 3988 et
1988 3931 2045 3986 ad

2161 3944 2285 4007 Πῶς
2318 3938 2411 3997 οὖν
2457 3936 2567 3996 οἷόν
2598 3959 2656 3996 τε
2705 3941 2767 3995 τὸ
2802 3941 2890 3995 διὰ
2935 3940 3030 3994 τοῦ
3061 3940 3235 4007 Λόγου
3284 3935 3548 4008 λυτρωθὲν
3576 3930 3709 3999 σῶμα

474 4032 821 4089 divinitatem
851 4028 1116 4084 accedere
1140 4042 1303 4099 posse
1328 4026 1533 4096 aliquid
1557 4026 1930 4092 arbitrantur;
1955 4039 2051 4080 nec

2160 4037 2253 4089 καὶ
2285 4033 2635 4105 ζωοποιηθὲν,
2665 4034 2981 4105 προσθήκην
3009 4034 3086 4095 εἰς
3112 4031 3345 4103 θεότητα
3373 4029 3451 4100 τῷ
3481 4023 3710 4092 ζωοποιή-

474 4125 610 4181 illud
638 4123 974 4195 intelligunt,
1010 4135 1120 4175 non
1151 4119 1221 4174 ad
1249 4119 1416 4174 ullam
1461 4118 1647 4174 carnis
1681 4118 2051 4174 accessionem

2161 4143 2313 4180 σαντί
2357 4125 2517 4197 Λόγῳ
2560 4128 2770 4191 ποιείν;
2821 4124 3038 4179 Μᾶλλον
3078 4124 3189 4196 γὰρ
3221 4122 3375 4195 αὐτῷ
3419 4116 3709 4190 ἀνθρωπίνῳ

473 4217 714 4275 Verbum
750 4231 971 4273 carnem
1002 4231 1126 4270 esse
1161 4212 1386 4276 factum,
1414 4212 1508 4269 sed
1547 4219 1607 4267 ut
1653 4227 1782 4268 caro
1813 4212 1929 4281 ipsa
1961 4225 2047 4265 re-

2159 4216 2446 4289 προσθήκη
2492 4216 2701 4288 μεγάλη
2747 4215 2972 4286 γέγονεν
3013 4218 3079 4270 ὲκ
3117 4216 3219 4287 τῆς
3266 4215 3363 4270 τοῦ
3404 4213 3569 4280 Λόγου
3595 4205 3709 4278 πρὸς

474 4318 758 4383 surgeret;
779 4325 957 4381 neque
980 4306 1245 4371 Verbum,
1268 4320 1378 4376 quo
1406 4304 1476 4359 ad
1508 4304 1788 4361 meliorem
1814 4304 2051 4374 aliquam

2159 4310 2291 4363 αὐτὸ
2316 4308 2601 4373 κοινωνίας
2624 4325 2685 4361 τε
2715 4307 2808 4361 καὶ
2835 4306 3100 4371 ὲνὼσεως.
3134 4308 3268 4361 Ἀπὸ
3298 4303 3491 4378 θνητοῦ
3518 4300 3709 4371 γέγονεν

474 4398 851 4459 conditionem
883 4400 1306 4466 transferretur,
1333 4415 1398 4454 ex
1432 4397 1605 4452 Maria
1638 4395 1933 4468 prodiisse,
1958 4396 2051 4451 sed

2162 4400 2451 4467 ἀθάνατον,
2484 4402 2580 4455 καὶ
2608 4401 2840 4472 ψυχικὸν
2871 4400 2931 4454 ὃν
2967 4401 3158 4469 γέγονε
3208 4395 3595 4469 πνευματικὸν,
3629 4387 3709 4501 x1}

474 4502 537 4549 ut
576 4494 860 4548 hominum
897 4509 1072 4563 genus
1112 4492 1426 4547 redimeret.
1460 4488 1580 4544 Jam
1613 4504 1744 4544 vero
1777 4488 2051 4558 quomodo

2128 4477 2223 4544 ’ἐκ
2273 4492 2377 4561 γῆς
2424 4492 2714 4562 γενόμενον
2767 4493 2866 4556 τὰς
2909 4492 3198 4563 οὐρανίους
3243 4491 3398 4561 διέϐη
3446 4485 3621 4545 πύλας.
3654 4477 3705 4529 Ἠ

476 4586 591 4640 ﬁeri
635 4594 838 4656 potest,
883 4600 1085 4655 corpus
1122 4593 1179 4637 ut
1226 4583 1359 4638 illud
1392 4582 1539 4653 quod
1570 4596 1667 4652 per
1699 4579 1935 4635 Verbum
1965 4595 2053 4635 re-

2165 4582 2347 4651 μέντοι
2398 4581 2599 4652 Τριάς,
2631 4582 2727 4635 καὶ
2769 4582 3024 4644 λαϐόντος
3070 4583 3136 4634 ὲκ
3176 4580 3396 4652 Μαρίας
3439 4575 3587 4646 σῶμα
3627 4565 3704 4621 τοῦ

472 4681 758 4749 demptum
809 4692 875 4732 ac
925 4678 1035 4730 vita
1074 4676 1341 4731 donatum
1403 4681 1530 4739 est,
1582 4675 1631 4727 ci
1669 4687 1700 4725 a
1749 4686 1860 4741 quo
1888 4669 2049 4726 vitam

2162 4674 2358 4741 Λόγου,
2402 4674 2571 4745 Τριάς
2600 4675 2778 4735 ἐστιν,
2827 4675 2889 4727 οὐ
2928 4673 3195 4745 δεχομένη
3235 4670 3566 4742 προσθήκην,
3606 4656 3707 4714 οὐδὲ

473 4771 718 4841 accepit,
756 4770 925 4824 ullam
960 4769 1272 4825 divinitatis
1323 4766 1703 4822 accessionem
1748 4764 1927 4832 possit
1978 4761 2050 4815 al-

2162 4765 2475 4834 ἁφαίρεσιν,
2517 4765 2654 4819 ἀλλά
2684 4767 2770 4819 ἀεὶ
2802 4766 2983 4821 τελεία
3045 4766 3164 4819 ἐστὶ
3211 4766 3302 4819 καὶ
3335 4766 3393 4817 ὲν
3421 4756 3598 4832 Τριάδι
3626 4751 3706 4822 μία

474 4864 660 4922 ferre?
704 4862 842 4918 Nam
886 4877 917 4918 e
956 4861 1241 4916 contrario
1273 4858 1550 4914 uberrima
1599 4857 1689 4911 illa
1729 4855 1949 4926 quidem
1990 4853 2051 4909 ad

2163 4854 2351 4925 θεότης
2384 4855 2742 4924 γινώσκεται·
2780 4858 2876 4911 καὶ
2909 4856 3083 4921 οὕτως
3118 4859 3175 4910 ἐν
3203 4860 3270 4929 τῇ
3309 4848 3592 4922 Ἐκκλησίίι
3624 4860 3706 4912 κη·

476 4950 778 5015 humanum
836 4970 1045 5028 corpus
1093 4970 1160 5010 ex
1231 4952 1404 5009 divini
1453 4949 1616 5006 Verbi
1669 4947 2053 5005 communione

1741 4947 2060 5004 mmunione
2167 4945 2419 5018 ρύττεται
2454 4943 2535 5011 εἷς
2561 4948 2692 5012 Θεὸς
2720 4950 2749 5002 6
2775 4948 2868 5003 τοῦ
2898 4949 3074 5018 Λόγου
3106 4950 3318 5020 Πατήρ.

473 5054 977 5124 commistioneque
1030 5049 1176 5105 facta
1224 5056 1310 5106 est
1347 5045 1617 5103 accessio.
1681 5043 1966 5115 Siquidem
2016 5057 2083 5099 ex
2125 5043 2344 5098 mortali
2393 5043 2728 5109 immortale,
2769 5058 2837 5099 ex
2877 5043 3102 5099 animali
3173 5041 3421 5115 spiritale
3460 5031 3702 5093 redditum

473 5159 580 5216 est,
602 5159 768 5221 atque
793 5119 1003 5204 eterra
1034 5143 1344 5217 profectum
1369 5143 1493 5198 cadi
1519 5148 1707 5211 portas
1730 5137 2061 5210 penetravit.
2100 5136 2373 5193 Creterum
2412 5135 2654 5194 Trinitas
2716 5138 2854 5209 ipsa,
2908 5137 3164 5209 quamvis
3226 5134 3458 5191 Verbum
3494 5144 3524 5185 e
3560 5119 3702 5180 Maria

420 5234 423 5245 ’
475 5219 697 5312 corpus
713 5236 1007 5309 acceperit,
1040 5233 1284 5289 Trinitas
1326 5240 1431 5295 est,
1466 5231 1556 5286 cui
1590 5244 1691 5285 nec
1728 5228 1852 5283 addi
1886 5239 2066 5299 potest
2105 5228 2411 5300 quidpiam,
2445 5245 2624 5301 neque
2655 5230 2893 5295 detrahi,
2946 5229 3041 5285 sed
3080 5227 3321 5299 perfecta
3374 5234 3578 5292 seraper
3632 5219 3705 5268 est

475 5342 531 5387 et
575 5305 648 5385 fin
700 5305 976 5383 Trinitate
1030 5323 1337 5396 singularis
1384 5320 1646 5376 divinitas
1698 5319 2061 5391 agnoscitur;
2102 5332 2265 5391 atque
2301 5322 2376 5377 ita
2411 5322 2630 5377 demum
2664 5337 2807 5376 unus
2846 5321 2991 5376 Deus
3028 5319 3192 5377 Verbi
3217 5318 3379 5376 Pater
3440 5318 3494 5372 in
3540 5305 3701 5364 Eccle-

475 5428 557 5483 sia
598 5424 949 5498 praedicatur.

537 5519 655 5579 XII.
687 5518 887 5575 Eadem
926 5529 1094 5587 porro
1132 5513 1344 5568 ratione
1414 5520 1469 5566 et
1515 5525 1579 5564 os
1645 5508 1753 5564 illis
1790 5506 2051 5563 occlude-

2231 5504 2331 5558 ]B’.
2376 5505 2470 5558 Ἐκ
2505 5504 2564 5558 δὲ
2596 5502 2788 5557 τούτου
2819 5503 3159 5573 σιωπήσουσι
3186 5500 3372 5555 λοιπὸν
3407 5496 3496 5551 καὶ
3516 5493 3561 5547 oi

472 5623 562 5670 tur
590 5615 684 5686 qui
704 5614 889 5669 dicere
914 5608 1209 5680 aliquando
1247 5606 1366 5662 ausi
1390 5612 1539 5663 sunt.
1568 5617 1693 5658 eum
1722 5600 1816 5671 qui
1844 5615 1910 5654 ex
1940 5597 2049 5652 Ma-

2161 5596 2406 5660 είπόντες
2435 5596 2527 5651 τὸν
2564 5599 2630 5651 ἐκ
2672 5596 2891 5665 Μαρίας
2928 5596 3259 5668 προελθόντα
3289 5594 3365 5668 μὴ
3408 5588 3536 5645 εἶναι
3564 5579 3700 5686 αύτξν

467 5708 553 5762 ria
598 5706 888 5776 processit,
922 5718 1032 5758 non
1079 5704 1254 5771 ipsum
1285 5715 1404 5757 esse
1447 5695 1730 5753 Christum
1761 5707 1829 5747 ac
1869 5690 2044 5746 Domi-

2162 5688 2253 5742 τὸν
2286 5687 2516 5760 Χριστὸν
2553 5688 2645 5743 καὶ
2676 5688 2881 5759 Κύριον
2918 5688 3013 5743 καὶ
3052 5688 3206 5743 Θεόν.
3268 5688 3331 5743 Εἰ
3363 5685 3467 5757 γὰρ
3495 5678 3565 5753 μὴ
3589 5669 3700 5731 θεὸς

555 5864 572 5893 ⁸
606 5861 782 5918 Hier.
814 5876 903 5924 xv,
936 5862 988 5914 '5.
1065 5860 1085 5889 ’
1111 5858 1244 5912 ibid.
