3994 6224
446 290 551 346 059

1868 295 1926 353 S.
1969 294 2312 352 EPIPHANII

3601 303 3692 362 660

523 415 734 487 1007
775 390 909 472 Xlll.
972 414 1050 492 Ex
1101 414 1301 488 quibus
1361 414 1647 473 evidenter
1705 416 2033 481 ostenditur,

2209 417 2310 470 ll".
2341 415 2433 482 Ἐξ
2478 407 2556 471 ὧν
2599 415 2892 483 δείκνυται,
2918 417 3000 471 δτι
3044 415 3188 491 πρὸς
3233 415 3335 488 μὲν
3372 417 3491 482 τοὺς
3527 419 3693 486 ἄλλους

452 523 573 562 cum
609 510 662 563 in
693 509 934 578 reliquos
967 491 1307 564 vaticinandi
1352 509 1530 565 solum
1567 509 1741 580 gratia
1781 524 1904 566 sese
1947 505 2040 564 Dei

455 600 685 656 Verbum
722 600 1001 664 iiduderit,
1036 601 1176 658 idem
1220 601 1398 672 ipsum
1429 616 1459 658 c
1502 601 1673 656 Maria
1715 615 1882 656 carne
1919 616 2042 656 sus-

448 701 603 762 cepta
637 693 908 748 hominem
934 694 1219 764 prodiisse.
1256 695 1365 762 Qui
1393 706 1448 751 et
1478 703 1675 751 natura
1699 695 2041 750 substantia-

450 800 554 856 que
589 782 678 840 Dei
714 784 946 841 l'erhum
973 795 1113 854 erat,
1143 795 1219 852 et,
1247 786 1390 858 quod
1421 788 1486 840 ad
1521 802 1741 844 carnem
1771 786 1984 851 attinet,
2011 801 2043 842 e

454 876 672 932 Davidis
727 879 918 949 stirpe,
969 878 1263 950 Mariaeque
1312 892 1479 934 carne
1522 888 1682 934 natus
1729 889 1813 935 est
1852 877 2039 946 homo,

451 968 909 1038 quemadmodum
957 969 1197 1026 declarat
1227 971 1520 1042 Apostolus
1547 971 1585 1024 ¹.
1635 969 1788 1026 lluuc
1823 971 1878 1026 in
1920 969 2043 1026 Jor-

451 1059 628 1116 dane'
657 1070 819 1133 atque
851 1063 904 1117 in
944 1062 1158 1120 monte‘
1201 1062 1361 1118 Pater
1391 1063 1786 1118 demonstravit
1811 1063 1894 1117 his
1918 1079 2042 1120 vcr-

456 1152 543 1208 liis
578 1171 591 1207 :
629 1152 732 1206 llic
763 1165 841 1209 est
876 1153 1052 1210 Filius
1087 1172 1232 1211 meus
1261 1155 1502 1221 dilectus,
1537 1158 1592 1210 in
1621 1172 1720 1227 quo
1747 1156 1876 1210 mihi
1901 1172 2042 1210 com-

453 1244 656 1313 placui.
687 1245 843 1301 llune
874 1247 1062 1303 Ariani
1100 1255 1319 1319 negant,
1354 1263 1455 1303 nos
1486 1248 1775 1304 adorantes
1799 1247 2042 1318 agnosci-

456 1351 600 1400 mus,
639 1353 816 1408 neque
849 1337 1044 1394 Filium
1077 1354 1106 1394 a
1146 1337 1325 1396 Verbo
1365 1354 1720 1413 separamus;
1765 1340 1858 1396 sed
1907 1339 2046 1395 Ver-

457 1429 584 1483 bum
620 1429 796 1501 ipsum
822 1430 1018 1487 Filium
1045 1447 1168 1488 esse
1195 1433 1539 1499 conﬁtemur,
1556 1445 1652 1504 per
1667 1448 1827 1504 quem
1858 1433 2039 1487 omnia

456 1518 601 1575 facta
647 1529 798 1588 sunt,
849 1539 1060 1594 nosque
1102 1522 1239 1578 adeo
1294 1523 1397 1596 ipsi
1433 1523 1664 1580 liberati.
1717 1523 1870 1579 Unde
1909 1524 2040 1578 illud

457 1626 786 1684 magnopere
818 1613 1070 1670 demirati
1109 1630 1322 1678 sumus,
1353 1614 1629 1688 quomodo
1654 1617 1736 1671 vel
1763 1615 2040 1671 levissima

457 1701 601 1757 inter
623 1717 723 1760 nos
749 1718 814 1760 ea
838 1703 905 1760 de
943 1720 1000 1760 re
1027 1706 1398 1761 controversia
1429 1707 1631 1762 moveri
1659 1707 1917 1778 potuerit.
1946 1705 2042 1762 Ve-

2145 507 2353 572 πάντας
2379 509 2600 579 γέγονεν
2634 511 2662 560 ὁ
2695 510 2867 580 Λόγος
2902 511 2996 564 τοῦ
3036 508 3407 582 προφητεύειν
3444 509 3608 581 χάριν,
3642 515 3695 568 ὲκ

2143 600 2362 671 Μαρίας
2390 599 2552 665 αὐτὸς
2589 603 2617 655 ὁ
2641 601 2814 672 Λόγος
2845 602 3024 674 σάρκα
3068 600 3256 671 ἑαυτῷ
3291 599 3486 657 λαϐὼν.
3522 604 3698 673 πήλ-

2145 696 2236 751 οεν
2259 696 2564 770 ἄνθρωπος,
2593 701 2660 770 τῇ
2691 699 2792 769 μὲν
2823 699 2982 769 φύσει
3010 700 3103 753 καὶ
3137 701 3210 770 τῇ
3252 697 3409 769 οὐσία
3444 699 3602 766 Λόγος
3638 699 3698 755 ὢν

2141 788 2237 844 τοῦ
2291 789 2444 857 Θεοῦ,
2474 791 2614 845 κατὰ
2651 791 2709 846 δὲ
2751 791 2930 863 σάρκα
2971 791 3040 845 ἐκ
3073 790 3393 864 σπέρματος
3421 791 3591 852 dum,
3621 794 3699 846 καὶ

2141 881 2241 952 τῆς
2260 881 2461 953 σαρκὸς
2493 881 2712 954 Μαρίας
2738 883 3031 953 γενόμενος
3061 880 3375 953 ἄνθρωπος.
3401 881 3475 945 ὡς
3506 878 3644 936 εἶπεν
3676 887 3700 939 ὁ

2143 972 2373 1039 Παῦλος.
2407 973 2609 1029 Τοῦτον
2638 975 2734 1030 καὶ
2781 977 2809 1030 ὁ
2841 977 3030 1046 Πατὴρ
3061 965 3346 1029 ἐδείκνυεν
3390 975 3448 1028 ἐν
3486 974 3562 1045 τῷ
3587 977 3699 1046 Ἰορ-

2142 1065 2276 1142 δάνῃ
2329 1067 2424 1121 καὶ
2454 1069 2511 1120 ἐν
2549 1067 2630 1139 τῷ
2669 1068 2809 1140 δρει,
2860 1066 3067 1138 λέγων·
3115 1063 3312 1132 Οὗτός
3340 1067 3506 1120 ἐστιν
3535 1070 3566 1122 ό
3590 1070 3700 1134 Υἱός

2136 1176 2256 1228 μου
2290 1160 2324 1213 ὁ
2361 1159 2688 1228 ἀγαπητὸς,
2729 1159 2798 1212 ἐν
2842 1151 2890 1226 ᾧ
2929 1158 3272 1228 ηηὺδόκησα.
3324 1157 3523 1214 Τοῦτον
3548 1159 3700 1231 οἱμὲν

2156 1248 2423 1319 Ἀρειανοὶ
2451 1250 2780 1320 ἠρνήσαντο,
2811 1250 2970 1321 ἡμεῖς
2999 1249 3056 1303 δὲ
3095 1249 3534 1320 ἑπιγινώσκομεν
3559 1269 3702 1322 προσο

2143 1340 2450 1406 κυνοῦντες·
2470 1342 2530 1396 οὐ
2549 1342 2881 1414 διαιροῦντες
2903 1342 2992 1396 τὸν
3018 1342 3141 1396 Υίὸν
3165 1343 3264 1396 καί⁹
3290 1343 3383 1396 τὸν
3409 1343 3587 1412 Λόγον,
3607 1342 3701 1398 ἀλλ’

2142 1435 2305 1490 αὑτὸν
2324 1434 2416 1489 τὸν
2436 1435 2610 1505 Λόγον
2631 1435 2830 1500 εἰδότες
2853 1431 2992 1490 εἶναι
3020 1435 3112 1489 τὸν
3132 1435 3285 1499 Υίὺν,
3303 1435 3371 1488 δι’
3387 1429 3445 1489 οὗ
3466 1435 3530 1488 τὰ
3552 1435 3703 1492 πάντα

2142 1527 2332 1597 γέγονε
2383 1528 2479 1582 καὶ
2508 1529 2670 1600 ἡμεῖς
2693 1527 3166 1600 ἠλευθερώθημεν.
3197 1529 3291 1582 Διὸ
3319 1527 3410 1582 καὶ
3427 1527 3704 1600 ἐθαυμάσαο

2147 1637 2268 1691 μεν,
2309 1620 2426 1684 πῶς
2460 1620 2597 1685 ὅλως
2645 1621 2704 1675 ὲν
2759 1622 2892 1692 ἡμῖν
2917 1621 3048 1693 περὶ
3100 1620 3314 1674 τούτων
3349 1620 3516 1685 οὕτως
3541 1621 3704 1690 γέγονε

2146 1713 2461 1779 φιλονεικία.
2510 1712 2668 1768 Ἀλλὰ
2711 1713 2872 1785 χάρις
2911 1714 2987 1785 τῷ
3033 1713 3177 1784 Θεῷ,
3227 1714 3354 1768 ὅσον
3392 1712 3706 1784 ἐλυπήθημιν

459 1811 580 1852 rum
626 1796 888 1853 habenda:
934 1795 1042 1853 Deo
1072 1800 1261 1869 gratia:
1294 1807 1440 1865 sunt,
1483 1799 1649 1870 quod,
1683 1807 1944 1870 quantum
1975 1815 2041 1855 ex

2155 1803 2564 1875 ἐντυγχάνοντες
2589 1808 2702 1869 τοῖς
2745 1807 3122 1877 ὑπομνήμασι,
3167 1805 3422 1860 τοσοῦτον
3456 1803 3705 1875 ἐχάρημεν

461 1888 678 1944 illorum
699 1891 1217 1947 commentariorum
1243 1893 1476 1948 lectione
1501 1892 1754 1949 maeroris
1772 1891 2039 1961 cepimus,

461 1989 674 2037 tantum
719 1983 882 2040 nobis
917 1985 1230 2042 earumdem
1276 1985 1399 2041 ﬁnis
1446 1985 1742 2054 voluptatis
1781 1985 2042 2041 attulerit.

461 2073 743 2144 Siquidem
778 2083 966 2130 mutua
991 2091 1116 2132 cum
1153 2077 1447 2134 concordia
1477 2077 1871 2141 discesserunt,
1895 2092 2044 2132 eam-

461 2163 694 2238 demque
729 2168 851 2224 lidei
881 2168 1253 2226 sinceritatem
1294 2185 1360 2226 ac
1391 2169 1644 2242 pietatem
1682 2169 1916 2242 professi
1950 2185 2047 2240 pa-

463 2271 582 2314 cem
610 2260 972 2315 retinnerunt.
999 2260 1131 2329 Quae
1159 2277 1246 2317 me
1275 2277 1364 2318 res
1391 2260 1735 2332 potissimum
1767 2269 1890 2332 post
1917 2261 2044 2316 diu-

464 2359 679 2405 turnam
712 2351 1162 2409 deliberationem
1194 2353 1428 2425 impulit,
1465 2363 1520 2407 ut
1572 2352 1685 2408 haec
1722 2367 1896 2423 pauca
1925 2368 2048 2423 per-

462 2441 795 2511 scriberem;
839 2445 1066 2501 verebar
1106 2444 1274 2514 enim,
1317 2459 1387 2501 ne
1429 2444 1524 2517 qui
1574 2444 1734 2501 nobis
1777 2445 2047 2517 gaudendi

463 2535 749 2590 materiam
795 2538 1162 2594 consensione
1199 2552 1302 2594 sua
1354 2537 1738 2608 praebuissent,
1781 2539 1849 2594 iis
1879 2537 2047 2594 silen-

465 2626 601 2680 tium
656 2637 904 2684 nostrum
964 2645 1063 2700 pro
1115 2629 1302 2684 lmlitiu
1357 2628 1601 2685 dolorem
1653 2630 2046 2686 conscisceret.

467 2715 829 2783 Quamobrem
877 2734 1001 2774 cum
1046 2733 1076 2774 a
1119 2726 1172 2774 te
1208 2719 1372 2774 etiam
1413 2730 1575 2790 atque
1611 2717 1775 2774 etiam
1808 2719 2044 2790 postulo,

466 2816 583 2862 tum
620 2824 714 2866 cos
742 2809 832 2879 qui
877 2810 991 2866 haec
1017 2809 1240 2866 audient
1280 2818 1498 2882 rogatos
1534 2811 1823 2867 admodum
1859 2814 2044 2884 cupio,

469 2908 526 2953 ut
547 2916 609 2956 ea
639 2901 854 2957 sincera
879 2917 1000 2958 cum
1025 2902 1360 2959 conscientia
1391 2904 1712 2974 percipiant.
1739 2905 1815 2960 Ac
1838 2906 1883 2961 si
1913 2907 2045 2978 quid

467 2991 532 3047 ad
560 2993 812 3062 pietatem
846 2993 1020 3059 deest,
1050 2993 1343 3051 emendare
1381 3009 1444 3052 ac
1471 2996 1782 3066 signiﬁcare
1816 2999 1946 3053 mihi
1977 3016 2046 3058 ne

2148 1897 2241 1950 ἐπὶ
2269 1895 2346 1968 τῷ
2381 1896 2524 1951 τέλει
2555 1897 2781 1952 τούτων.
2828 1899 2988 1952 Μετὰ
3013 1898 3126 1970 γὰρ
3163 1896 3486 1969 συμφωνίας
3528 1895 3704 1966 ἀνεχώ-

2153 2006 2346 2060 ρησαν,
2382 1989 2477 2043 καὶ
2505 1991 2823 2062 είρήνευσαν
2857 1992 2948 2044 ἐπὶ
2968 1993 3036 2062 τῇ
3063 1991 3331 2062 ὁμολογίᾳ
3353 1990 3450 2061 τῆς
3481 1989 3702 2054 εὐσεϐοῦς

2151 2083 2244 2136 καὶ
2269 2081 2549 2154 ὁρθοδόξου
2581 2083 2835 2146 πίστεως.
2867 2082 3038 2138 Τοῦτο
3061 2082 3197 2154 γοῦν
3235 2084 3384 2154 κάμὲ
3415 2081 3576 2136 πολλὰ
3599 2083 3708 2152 πρὸ-

2151 2191 2307 2247 τερον
2333 2174 2672 2248 σκεψάμενον
2723 2177 2992 2248 πεποίηκε
3012 2177 3226 2248 γράψαι
3257 2175 3330 2231 τὰ
3365 2175 3515 2244 ὀλίγα
3537 2174 3706 2238 ταῦτα,

2148 2267 2526 2339 λογισάμενον,
2560 2269 2639 2342 μὴ
2665 2268 2773 2341 ἄρα
2801 2270 2868 2322 ὲκ
2882 2269 2987 2340 τῆς
3007 2269 3224 2340 σιωπῆς
3249 2268 3374 2322 ἀντὶ
3395 2267 3564 2337 χαράς
3586 2264 3706 2335 λύπη

2150 2359 2374 2431 γένηται
2414 2361 2526 2426 τοῖς
2560 2360 2630 2414 ὲκ
2673 2361 2771 2432 τῆς
2823 2360 3144 2432 συμφωνίας
3174 2359 3450 2431 πρόφασιν
3486 2355 3573 2411 τοῦ
3604 2356 3705 2426 χαί-

2152 2467 2266 2521 ρειν
2295 2451 2669 2522 παρασχοῦσιν
2698 2453 2848 2524 ἡμῖν.
2889 2451 3053 2518 Ἀξιῶ
3084 2451 3272 2505 τοίνυν
3319 2447 3708 2522 προηγουμένως

2149 2541 2248 2613 τὴν
2276 2542 2375 2615 σὴν
2391 2543 2699 2608 εὐλάϐειαν,
2715 2544 2810 2599 καὶ
2831 2543 3085 2616 δεύτερον
3104 2545 3235 2610 τοὺς
3261 2541 3551 2604 ἀκούοντας
3592 2539 3708 2610 μετὰ

2155 2636 2513 2709 συνειδήσεως
2557 2636 2773 2708 ἀγαθῆς
2827 2637 3000 2694 ταῦτα
3047 2636 3350 2702 δέξασθαι,
3404 2635 3494 2688 καὶ
3535 2633 3582 2686 εί
3628 2629 3709 2700 μὲν

2154 2729 2289 2800 πρὸς
2320 2729 2601 2784 εὐσέϐειαν
2640 2730 2813 2784 λείπει
2854 2730 3031 2795 τοῦτο,
3073 2725 3471 2802 διορθώσασθαι
3523 2718 3708 2790 mle-

2153 2819 2323 2874 λῶσαί
2372 2838 2490 2893 μοι·
2536 2823 2585 2875 εἰ
2629 2823 2688 2876 δὲ
2735 2824 2813 2888 ὼς
2840 2824 2992 2896 παρὰ
3041 2823 3257 2877 ἰδιώτου
3303 2820 3382 2890 τῷ
3402 2818 3555 2888 λόγῳ,
3596 2813 3709 2886 μηδὲ

2153 2913 2274 2970 κατ’
2301 2915 2478 2982 ἀξίαν,
2497 2916 2634 2987 μηδὲ
2657 2917 2881 2981 τελείως
2911 2916 3246 2988 γέγραπται,
3279 2911 3572 2983 συγγνῶναι
3595 2908 3709 2962 πάν-

2151 3023 2250 3071 τας
2285 3010 2352 3079 τῇ
2391 3008 2638 3080 ἡμετέρᾳ
2682 3010 2811 3080 περὶ
2841 3009 2903 3063 τὸ
2925 3009 3106 3079 λέγειν
3132 3005 3412 3076 ἀσθενείᾳ.
3443 3001 3706 3074 Ἔρρωσθε.

468 3094 763 3154 graventur
791 3107 803 3141 :
834 3088 978 3157 quod
1013 3088 1061 3144 si
1120 3088 1304 3146 minus
1370 3105 1470 3161 pro
1513 3089 1590 3145 rei
1637 3091 1903 3163 dignitate
1955 3096 2218 3166 perfecta,
2254 3109 2446 3174 utpote
2475 3103 2628 3158 rudis
2665 3112 2831 3173 atque
2881 3103 3121 3174 imperiti
3187 3089 3710 3171 hominisfvidcaltll'

467 3178 683 3241 oratio,
741 3178 979 3249 idipsum
1037 3177 1283 3236 infantiae
1336 3179 1810 3253 imbt-cillitatique
1862 3185 2066 3243 nostra:
2094 3190 2513 3246 eondonandum
2541 3193 2880 3251 existiment.
2915 3192 3124 3253 Valete.

539 3269 819 3325 Hactenus
847 3270 1132 3327 Athanasii
1173 3272 1426 3342 cpistola.

539 3359 681 3416 XIV.
716 3361 852 3416 Cum
887 3365 1051 3434 igitur
1089 3365 1203 3420 hanc
1244 3380 1275 3421 a
1322 3365 1482 3420 nobis
1525 3364 1788 3438 producta
1828 3368 1899 3423 sit
1946 3369 2062 3439 epi-

473 3456 642 3520 stola,
676 3469 740 3509 ac
785 3471 891 3510 non
939 3457 1102 3512 modo
1149 3471 1216 3512 ex
1254 3456 1323 3513 iis
1367 3472 1488 3529 qum
1532 3457 1616 3512 vel
1650 3458 1718 3512 ab
1748 3459 1855 3516 illis
1884 3462 1964 3515 vel
1993 3461 2062 3516 ab

474 3546 596 3604 aliis
624 3547 954 3612 audivimus,
989 3549 1326 3606 utadversus
1353 3564 1448 3604 eos
1477 3550 1865 3616 scriberemus,
1903 3551 2061 3606 indu-

474 3639 546 3694 cti
577 3639 750 3694 simus
774 3680 788 3702 .
821 3640 914 3695 sed
955 3648 1010 3696 et
1055 3640 1277 3696 aliunde
1300 3640 1518 3712 planum
1563 3641 1763 3697 factum
1804 3643 1896 3708 sit,
1928 3644 2062 3698 nihil

476 3747 578 3789 nos
612 3733 666 3788 in
698 3735 847 3800 ipsos
885 3733 1226 3790 calumniose
1270 3734 1572 3792 contulisse
1604 3753 1617 3790 :
1645 3735 1901 3806 deinceps
1941 3753 2064 3793 sus-

476 3835 689 3897 ceptam
739 3826 792 3882 in
833 3827 957 3883 illos
996 3825 1425 3896 disputationem
1465 3834 1729 3898 repetam,
1764 3844 1833 3883 nc
1868 3829 1950 3883 vel
1983 3841 2062 3884 te-

475 3919 800 3976 nuissimam
835 3919 902 3974 de
944 3918 1104 3974 nobis
1151 3918 1441 3973 calumniae
1484 3926 1675 3973 contra
1725 3917 1918 3976 fratres
1967 3936 2064 3976 no-

380 4043 383 4049 ‹
476 4019 622 4074 stros
655 4012 1021 4081 suspicionem
1070 4010 1395 4083 relinquam.
1446 4012 1768 4084 Quanquam
1809 4015 2060 4084 equidem

477 4103 580 4158 hoc
620 4103 863 4174 ipsorum
911 4120 1078 4162 causa
1135 4107 1433 4163 etiamnum
1494 4125 1706 4179 precor,
1746 4110 1962 4182 1008
2003 4119 2063 4165 ut

475 4211 598 4268 qua:
624 4198 885 4253 molestiae
915 4199 1162 4256 nonnihil
1213 4200 1373 4256 nobis
1421 4203 1722 4268 attulerint,
1770 4204 2064 4272 aliquando

477 4289 777 4360 corrigam,
820 4303 890 4345 ne
929 4301 980 4346 et
1021 4291 1098 4346 illi
1157 4292 1334 4348 nostri
1381 4300 1436 4348 et
1474 4294 1692 4349 illorum
1741 4309 1842 4351 nos
1885 4297 2065 4366 jactu-

2087 3284 2132 3345 C
2235 3282 2624 3355 Πεπλήρωται.

2233 3374 2330 3430 ΙΔ’.
2379 3376 2532 3431 Ἐπεὶ
2557 3372 2650 3430 οὖν
2684 3378 2832 3448 καὶὴ
2860 3377 3119 3449 ἐπιστολὴ
3149 3377 3386 3447 ἑνετάγη
3403 3415 3418 3440 ,
3450 3374 3540 3430 καὶ
3561 3371 3614 3426 οὐ
3640 3370 3711 3441 μό-

2161 3481 2250 3519 νον
2309 3466 2368 3534 ὲξ
2415 3460 2490 3522 ὧν
2523 3469 2652 3539 παρ’
2685 3468 2865 3523 αὐτῶν
2899 3469 3231 3542 ἠκούσαμεν,
3267 3469 3302 3542 ἢ
3355 3469 3482 3541 παρ’
3520 3464 3709 3536 ἑτέρων,

2162 3559 2304 3613 κατὰ
2347 3560 2456 3614 τῶν
2493 3561 2801 3632 λεγομένων
2843 3562 3184 3634 ὡρμήσαμεν
3207 3562 3455 3633 γράψαι,
3485 3557 3605 3613 ἀλλὰ
3637 3553 3714 3608 καὶ

2163 3652 2297 3704 πᾶσι
2327 3652 2558 3723 φανερὸν
2584 3653 2844 3725 κατέστη.
2871 3655 2954 3710 ὅτι
2981 3655 3173 3711 οὐδένα
3199 3653 3710 3725 ἐσυκοφάντησαμεν“

2163 3742 2290 3811 ἑξῆς
2331 3743 2389 3797 δὲ
2435 3744 2767 3816 ἐπιλήψομαι
2796 3747 2896 3817 τῆς
2935 3747 3057 3802 κατ’
3087 3748 3272 3802 αὐτῶν
3309 3745 3615 3804 ὑποθέσεως,
3641 3738 3712 3790 ἵνα

2163 3837 2229 3890 ὲκ
2254 3837 2586 3908 πανταχόθεν
2633 3838 2707 3909 μὴ
2731 3838 3136 3912 ὑπληφθῶμέν
3173 3857 3322 3894 τισιν
3367 3839 3442 3902 ὡς
3484 3845 3712 3900 συκοφαν-

2163 3927 2381 3992 τοῦντες
2406 3931 2534 3994 τοὺς
2561 3929 2866 4002 ἡμετέρους
2899 3931 3182 4002 ἀδελφούς.
3219 3933 3412 3987 Καίτοι
3441 3945 3499 3998 γε
3521 3925 3710 3996 εὐχόμε-

2163 4038 2252 4087 νος
2282 4022 2466 4087 αὐτοῖς
2491 4023 2585 4076 καὶ
2615 4023 2694 4086 εἰς
2725 4022 2882 4094 δεῦρο
2909 4023 3200 4095 διορθῶσαι
3229 4029 3301 4080 τά
3326 4021 3572 4080 δοκοῦντα
3590 4014 3712 4086 ἡμᾶς

2164 4114 2374 4180 λυπεῖν,
2411 4116 2497 4170 ἵνα
2530 4115 2606 4188 μὴ
2653 4115 2810 4169 αὐτοὶ
2841 4117 2992 4188 ἡμᾶς
3037 4117 3379 4189 ζημιωοῶσι,
3429 4111 3553 4186 μηδὲ
3578 4107 3710 4180 ἡμεῖς

2165 4207 2384 4272 αὐτούς.
2441 4208 2707 4274 Πολλάκις
2753 4208 2863 4280 γὰρ
2911 4209 3069 4263 τοῦτο
3124 4209 3589 4280 ἐπρεσϐεύσαμεν,
3633 4194 3711 4248 καὶ

2165 4298 2642 4370 παρεκαλέσαμεν,
2685 4300 2781 4354 καὶ
2824 4299 2903 4352 ἔτι
2942 4299 3278 4371 ὲπιμένομεν
3312 4287 3708 4369 παρακαλοῦντες

479 4395 597 4439 ratu
634 4381 920 4438 iaciamus.
972 4381 1084 4440 Hoc
1127 4385 1274 4440 enim
1321 4400 1697 4456 saepenumero
1723 4401 1820 4457 per
1858 4387 2051 4458 legatos

2166 4384 2296 4460 ἆραι
2324 4389 2423 4462 τὴν
2452 4391 2805 4460 φιλονεικίαν,
2834 4391 2929 4446 καὶ
2965 4391 3330 4463 ἀκολουθῆσαι
3373 4389 3448 4460 τῷ
3477 4385 3572 4439 τῶν
3593 4380 3708 4434 ἁπο-

481 4469 550 4525 ab
576 4471 644 4526 iis
681 4473 1078 4543 postulavimus
1110 4474 1422 4548 hortatique
1452 4492 1663 4543 sumus,
1694 4485 1749 4532 et
1789 4476 1932 4532 idem
1960 4479 2051 4532 ἰηι-

2165 4481 2384 4548 στόλων,
2415 4484 2506 4538 καὶ
2535 4485 2956 4553 εὐαγγελιστῶν,
2991 4486 3085 4540 καὶ
3111 4484 3254 4539 Πατέ
3263 4501 3371 4556 ρων
3395 4483 3514 4549 θείῳ
3534 4467 3707 4540 θεσμῷ.

483 4571 696 4630 petrare
733 4565 896 4621 modo
928 4565 1232 4635 studemus,
1263 4579 1340 4634 ut,
1369 4571 1515 4626 omni
1553 4569 1904 4628 contentione
1935 4571 2051 4627 sub-

2172 4573 2267 4627 καὶ
2313 4576 2574 4648 ὁμολογίᾳ
2623 4577 2725 4647 τῆς
2775 4579 3010 4643 πίστεως
3071 4578 3173 4649 τῆς
3237 4574 3589 4647 άπεριὲργου,
3637 4559 3707 4614 καί

483 4655 613 4722 lata,
645 4657 1040 4724 apostolorum,
1065 4662 1523 4735 evangelistarum
1571 4675 1635 4718 ac
1664 4659 1889 4717 Patrum
1919 4662 2051 4720 divi-

2171 4665 2414 4737 ἑδραίας,
2441 4667 2534 4721 καὶ
2555 4669 2978 4740 ἀμετακινήτου,
3005 4669 3098 4722 καὶ
3117 4669 3456 4735 δικαιοτάτης
3483 4662 3534 4714 ὲν
3558 4658 3709 4711 πᾶσιν·

485 4749 572 4807 nis
625 4753 1002 4810 sanctionibus
1056 4755 1339 4823 insistant,
1386 4773 1451 4815 ac
1495 4759 1744 4825 sincerrc,
1788 4758 1998 4826 solidae,
2063 4759 2405 4819 inconcussa:
2452 4771 2504 4821 et
2581 4764 2941 4838 undecunque
2998 4766 3319 4838 justissima:
3363 4759 3480 4819 lidci
3531 4746 3709 4826 proles-

485 4843 696 4903 sionem
729 4853 1078 4904 conservent.

553 4934 821 4991 Creterum
865 4937 1089 4994 memini
1135 4939 1240 4996 hoc
1285 4955 1318 4998 ιι
1370 4942 1698 5014 quihusdam
1738 4961 1803 5002 ex
1852 4945 2069 5001 illorum

485 5043 646 5101 grege
675 5028 858 5085 minus
884 5044 1007 5086 esse
1032 5041 1315 5094 narratum
1346 5052 1359 5089 :
1393 5053 1412 5085 σ
1449 5035 1750 5101 Οιιτὶειιιιη,
1777 5035 2066 5092 Dominum

486 5138 596 5180 non
625 5121 767 5177 hanc
795 5129 1040 5179 nostram
1068 5125 1435 5196 assumpsisse
1459 5142 1703 5191 carnem,
1735 5128 1832 5184 sed
1864 5127 2066 5184 diversi

485 5215 700 5287 generis
737 5215 922 5275 aliam.
961 5234 979 5269 ι
1007 5216 1162 5282 Quod
1218 5219 1426 5273 utinam
1477 5235 1540 5275 ex
1570 5220 1762 5275 achctu
1812 5221 2067 5275 laudandi

489 5305 903 5377 honorandique
927 5305 1218 5378 jactarent.
1249 5306 1385 5363 Nam
1424 5318 1478 5364 et
1520 5325 1620 5365 nos
1651 5319 1904 5366 sanctum
1933 5309 2066 5364 illud

487 5412 610 5452 esse
653 5412 854 5468 corpus
908 5398 1288 5471 illibatumquc
1341 5398 1614 5467 dicimus,
1674 5402 1875 5474 quippe
1919 5401 2067 5471 quod

487 5488 698 5546 nullum
743 5505 988 5562 unquam
1036 5501 1321 5564 peccatum
1350 5493 1661 5560 commisit,
1711 5509 1811 5550 nec
1857 5494 1912 5549 in
1949 5492 2069 5566 ejus

2249 4941 2432 4994 ’Ἄλλοι
2459 4940 2518 4995 δὲ
2545 4941 2624 5002 εἰς
2654 4924 2813 5010 ἡμῶν
2858 4933 2973 4995 ὦτα
3011 4940 3319 5012 εἰρήκασιν,
3353 4940 3430 4994 ὅτι
3461 4953 3478 4987 ι
3511 4932 3579 4987 Οὐ
3603 4925 3709 4981 ταύ-

2176 5050 2274 5104 την
2305 5031 2402 5103 τὴν
2441 5030 2715 5102 ἡμετέραν
2761 5031 2959 5101 σάρκα,
3004 5030 3127 5083 οὐδὲ
3164 5028 3356 5096 ὁμοίαν
3392 5021 3541 5096 ἡμῶν
3573 5012 3713 5104 ἐλθὼν

2177 5101 2369 5178 ἔλαϐεν
2393 5126 2421 5178 ὁ
2451 5101 2674 5194 Κύριος,
2695 5122 2831 5177 am
2859 5121 3026 5192 ἄλλην
3059 5120 3213 5192 παρὰ
3245 5121 3348 5193 τὴν
3371 5115 3535 5190 ἡμῶν.
3574 5128 3590 5160 ι
3624 5101 3710 5158 Καὶ

2177 5216 2287 5272 εἴθε
2318 5217 2457 5270 κατὰ
2486 5215 2796 5283 δοξολογίαν
2838 5214 3022 5281 ἔλεγον
3060 5213 3155 5266 καὶ
3197 5213 3338 5267 κατὰ
3371 5211 3591 5264 ἔπαινον.
3624 5195 3712 5251 Καὶ

2176 5309 2331 5364 αὐτοὶ
2352 5309 2460 5380 γάρ
2492 5325 2674 5379 φαμεν
2703 5307 2858 5376 ἆγιον
2879 5302 3021 5360 εἶναι
3052 5308 3113 5360 τὸ
3144 5305 3303 5377 σῶμα
3335 5305 3424 5358 καὶ
3453 5301 3706 5388 ἄχρφθτο⁴ς’

2176 5399 2451 5471 ἁμαρτίαν
2490 5399 2597 5468 γὰρ
2647 5399 2748 5451 οὐκ
2794 5397 3050 5468 ἐποίησεν
3074 5414 3086 5427 ⁸
3137 5395 3257 5449 οὐδὲ
3291 5392 3480 5467 εὑρέθη
3511 5382 3639 5441 δόλος
3666 5382 3712 5472 ἐξ

2181 5492 2408 5567 στόματι
2437 5491 2622 5549 αὑτοῦ.
2653 5490 2763 5550 Καὶ
2805 5490 2966 5546 παντί
3018 5506 3096 5561 τῳ
3144 5487 3304 5562 δῆλόν
3351 5489 3460 5541 ἐστι
3490 5475 3627 5534 τοῦτο
3649 5479 3709 5533 τῳ

567 5733 585 5772 ί
624 5731 777 5790 Itoni.
815 5751 855 5799 ι,
883 5733 936 5788 3.

1014 5738 1031 5767 '
1059 5736 1250 5794 Matth.
1288 5755 1370 5802 ut,
1406 5739 1490 5793 17.
1587 5742 1602 5772 ³
1627 5739 1821 5794 Mattl'.
1864 5755 1970 5793 xw.
1997 5744 2049 5797 5.
