  <div class='ocr_page' id='page_1' title='image "/cluster/home/n/w/nwhite01/storage/ocr_20150623/42/mdp.39015052824052/360.png"; bbox 0 0 3994 6224; ppageno 0'>
   <div class='ocr_carea' id='block_1_1' title="bbox 287 298 387 355">
    <p class='ocr_par' dir='ltr' id='par_1_1' title="bbox 287 298 387 355">
     <span class='ocr_line' id='line_1_1' title="bbox 287 298 387 355; baseline 0.01 -1"><span class='ocrx_word' id='word_1_1' title='bbox 287 298 387 355; x_wconf 77' lang='lat'><strong>661</strong></span> 
     </span>
    </p>
   </div>
   <div class='ocr_carea' id='block_1_2' title="bbox 898 300 2959 371">
    <p class='ocr_par' dir='ltr' id='par_1_2' title="bbox 898 300 2959 371">
     <span class='ocr_line' id='line_1_2' title="bbox 898 300 2959 371; baseline 0.007 -15"><span class='ocrx_word' id='word_1_2' title='bbox 898 300 1269 359; x_wconf 72' lang='lat' dir='ltr'><strong>ADVLRSUS</strong></span> <span class='ocrx_word' id='word_1_3' title='bbox 1306 304 1652 363; x_wconf 69' lang='lat' dir='ltr'><strong>HASRESES</strong></span> <span class='ocrx_word' id='word_1_4' title='bbox 1695 306 1823 362; x_wconf 80' lang='lat' dir='ltr'><strong>LIB.</strong></span> <span class='ocrx_word' id='word_1_5' title='bbox 1867 308 1951 365; x_wconf 88' lang='lat' dir='ltr'><strong>Ill.</strong></span> <span class='ocrx_word' id='word_1_6' title='bbox 1996 308 2162 367; x_wconf 79' lang='lat' dir='ltr'><strong>TOM.</strong></span> <span class='ocrx_word' id='word_1_7' title='bbox 2202 310 2264 366; x_wconf 87' lang='lat' dir='ltr'><strong>ll.</strong></span> <span class='ocrx_word' id='word_1_8' title='bbox 2292 341 2359 353; x_wconf 85' lang='lat'><strong>-—</strong></span> <span class='ocrx_word' id='word_1_9' title='bbox 2389 312 2660 369; x_wconf 68' lang='lat' dir='ltr'><strong>llrERES.</strong></span> <span class='ocrx_word' id='word_1_10' title='bbox 2702 314 2959 371; x_wconf 79' lang='lat' dir='ltr'><strong>LXXVII.</strong></span> 
     </span>
    </p>
   </div>
   <div class='ocr_carea' id='block_1_3' title="bbox 3456 325 3562 383">
    <p class='ocr_par' dir='ltr' id='par_1_3' title="bbox 3456 325 3562 383">
     <span class='ocr_line' id='line_1_3' title="bbox 3456 325 3562 383; baseline 0 0"><span class='ocrx_word' id='word_1_11' title='bbox 3456 325 3562 383; x_wconf 72' lang='lat'><strong>662</strong></span> 
     </span>
    </p>
   </div>
   <div class='ocr_carea' id='block_1_4' title="bbox 274 420 1866 509">
    <p class='ocr_par' dir='ltr' id='par_1_4' title="bbox 274 420 1862 502">
     <span class='ocr_line' id='line_1_4' title="bbox 274 420 1862 502; baseline 0.004 -24"><span class='ocrx_word' id='word_1_12' title='bbox 274 420 520 484; x_wconf 82' lang='grc' dir='ltr'>εύσε6ῶς</span> <span class='ocrx_word' id='word_1_13' title='bbox 551 423 678 493; x_wconf 82' lang='grc' dir='ltr'>περὶ</span> <span class='ocrx_word' id='word_1_14' title='bbox 709 421 945 493; x_wconf 81' lang='grc' dir='ltr'><strong>Χριστοῦ</strong></span> <span class='ocrx_word' id='word_1_15' title='bbox 979 422 1190 491; x_wconf 86' lang='grc' dir='ltr'>λέγοντι</span> <span class='ocrx_word' id='word_1_16' title='bbox 1232 425 1325 479; x_wconf 71' lang='grc' dir='ltr'><strong>καὶ</strong></span> <span class='ocrx_word' id='word_1_17' title='bbox 1364 425 1591 483; x_wconf 80' lang='grc' dir='ltr'><strong>νοοῦντι.</strong></span> <span class='ocrx_word' id='word_1_18' title='bbox 1619 430 1635 460; x_wconf 90' lang='grc'>¹</span> <span class='ocrx_word' id='word_1_19' title='bbox 1674 429 1862 502; x_wconf 81' lang='grc' dir='ltr'>Ἡμεῖς</span> 
     </span>
    </p>
   </div>
   <div class='ocr_carea' id='block_1_5' title="bbox 1975 420 3556 509">
    <p class='ocr_par' dir='ltr' id='par_1_5' title="bbox 1975 432 3556 509">
     <span class='ocr_line' id='line_1_5' title="bbox 1975 432 3556 509; baseline 0.008 -21"><span class='ocrx_word' id='word_1_20' title='bbox 1975 447 2063 488; x_wconf 84' lang='lat' dir='ltr'><strong>ore</strong></span> <span class='ocrx_word' id='word_1_21' title='bbox 2089 432 2250 490; x_wconf 89' lang='lat' dir='ltr'><strong>dolus</strong></span> <span class='ocrx_word' id='word_1_22' title='bbox 2280 433 2536 489; x_wconf 89' lang='lat' dir='ltr'><strong>inventus</strong></span> <span class='ocrx_word' id='word_1_23' title='bbox 2567 442 2652 491; x_wconf 89' lang='lat' dir='ltr'><strong>est</strong></span> <span class='ocrx_word' id='word_1_24' title='bbox 2681 435 2702 468; x_wconf 84' lang='grc'>³</span> <span class='ocrx_word' id='word_1_25' title='bbox 2728 453 2742 491; x_wconf 90' lang='lat'><strong>:</strong></span> <span class='ocrx_word' id='word_1_26' title='bbox 2775 436 2921 508; x_wconf 89' lang='lat' dir='ltr'><strong>quod</strong></span> <span class='ocrx_word' id='word_1_27' title='bbox 2968 438 3191 509; x_wconf 82' lang='lat' dir='ltr'><strong>quidem</strong></span> <span class='ocrx_word' id='word_1_28' title='bbox 3243 456 3403 498; x_wconf 91' lang='lat' dir='ltr'><strong>nemo</strong></span> <span class='ocrx_word' id='word_1_29' title='bbox 3446 460 3556 501; x_wconf 88' lang='lat' dir='ltr'><strong>non</strong></span> 
     </span>
    </p>
   </div>
   <div class='ocr_carea' id='block_1_6' title="bbox 273 513 1866 603">
    <p class='ocr_par' dir='ltr' id='par_1_6' title="bbox 273 513 1866 590">
     <span class='ocr_line' id='line_1_6' title="bbox 273 513 1866 590; baseline 0.004 -23"><span class='ocrx_word' id='word_1_30' title='bbox 273 514 332 569; x_wconf 83' lang='grc' dir='ltr'>δὲ</span> <span class='ocrx_word' id='word_1_31' title='bbox 367 516 417 568; x_wconf 86' lang='grc' dir='ltr'><strong>εί</strong></span> <span class='ocrx_word' id='word_1_32' title='bbox 449 514 546 568; x_wconf 79' lang='grc' dir='ltr'>καὶ</span> <span class='ocrx_word' id='word_1_33' title='bbox 573 514 707 568; x_wconf 78' lang='grc' dir='ltr'>αὐτὸ</span> <span class='ocrx_word' id='word_1_34' title='bbox 734 514 796 567; x_wconf 80' lang='grc' dir='ltr'><strong>τὸ</strong></span> <span class='ocrx_word' id='word_1_35' title='bbox 843 513 1006 585; x_wconf 85' lang='grc' dir='ltr'>σῶμα</span> <span class='ocrx_word' id='word_1_36' title='bbox 1036 513 1289 586; x_wconf 85' lang='grc' dir='ltr'>λέγομεν,</span> <span class='ocrx_word' id='word_1_37' title='bbox 1326 517 1463 590; x_wconf 84' lang='grc' dir='ltr'>ὅπερ</span> <span class='ocrx_word' id='word_1_38' title='bbox 1497 518 1593 572; x_wconf 76' lang='grc' dir='ltr'>καὶ</span> <span class='ocrx_word' id='word_1_39' title='bbox 1650 520 1782 573; x_wconf 83' lang='grc' dir='ltr'>αὐτὸ</span> <span class='ocrx_word' id='word_1_40' title='bbox 1819 520 1866 574; x_wconf 70' lang='grc' dir='ltr'><strong>τί</strong></span> 
     </span>
    </p>
   </div>
   <div class='ocr_carea' id='block_1_7' title="bbox 1975 513 3555 603">
    <p class='ocr_par' dir='ltr' id='par_1_7' title="bbox 1975 526 3555 603">
     <span class='ocr_line' id='line_1_7' title="bbox 1975 526 3555 603; baseline 0.007 -20"><span class='ocrx_word' id='word_1_41' title='bbox 1975 526 2249 598; x_wconf 72' lang='lat' dir='ltr'><strong>intelligit,</strong></span> <span class='ocrx_word' id='word_1_42' title='bbox 2277 527 2370 597; x_wconf 85' lang='lat' dir='ltr'><strong>qui</strong></span> <span class='ocrx_word' id='word_1_43' title='bbox 2401 528 2469 582; x_wconf 87' lang='lat' dir='ltr'><strong>de</strong></span> <span class='ocrx_word' id='word_1_44' title='bbox 2511 527 2729 585; x_wconf 75' lang='lat' dir='ltr'><strong>Christo</strong></span> <span class='ocrx_word' id='word_1_45' title='bbox 2763 531 2848 600; x_wconf 86' lang='lat' dir='ltr'><strong>pie</strong></span> <span class='ocrx_word' id='word_1_46' title='bbox 2893 532 3212 603; x_wconf 88' lang='lat' dir='ltr'><strong>proﬁteatur</strong></span> <span class='ocrx_word' id='word_1_47' title='bbox 3241 549 3306 591; x_wconf 91' lang='lat' dir='ltr'><strong>ac</strong></span> <span class='ocrx_word' id='word_1_48' title='bbox 3338 538 3555 593; x_wconf 82' lang='lat' dir='ltr'><strong>sentiat-</strong></span> 
     </span>
    </p>
   </div>
   <div class='ocr_carea' id='block_1_8' title="bbox 279 607 1866 684">
    <p class='ocr_par' dir='ltr' id='par_1_8' title="bbox 279 607 1866 684">
     <span class='ocr_line' id='line_1_8' title="bbox 279 607 1866 684; baseline 0.003 -21"><span class='ocrx_word' id='word_1_49' title='bbox 279 608 439 680; x_wconf 71' lang='grc' dir='ltr'>ἡμῶν</span> <span class='ocrx_word' id='word_1_50' title='bbox 460 608 651 679; x_wconf 75' lang='grc' dir='ltr'>εἴληφε</span> <span class='ocrx_word' id='word_1_51' title='bbox 676 609 808 680; x_wconf 82' lang='grc' dir='ltr'>παρ’</span> <span class='ocrx_word' id='word_1_52' title='bbox 838 607 987 676; x_wconf 78' lang='grc' dir='ltr'>αὐτῷ</span> <span class='ocrx_word' id='word_1_53' title='bbox 1016 609 1078 663; x_wconf 81' lang='grc' dir='ltr'>τὸ</span> <span class='ocrx_word' id='word_1_54' title='bbox 1105 608 1375 680; x_wconf 75' lang='grc' dir='ltr'>ἄχραντον</span> <span class='ocrx_word' id='word_1_55' title='bbox 1399 611 1563 665; x_wconf 87' lang='grc' dir='ltr'>αὐτοῦ</span> <span class='ocrx_word' id='word_1_56' title='bbox 1593 612 1773 684; x_wconf 86' lang='grc' dir='ltr'>σῶμα,</span> <span class='ocrx_word' id='word_1_57' title='bbox 1809 614 1866 669; x_wconf 82' lang='grc' dir='ltr'><strong>ἐν</strong></span> 
     </span>
    </p>
   </div>
   <div class='ocr_carea' id='block_1_9' title="bbox 275 699 1873 773">
    <p class='ocr_par' dir='ltr' id='par_1_9' title="bbox 275 699 1873 773">
     <span class='ocr_line' id='line_1_9' title="bbox 275 699 1873 773; baseline 0.002 -17"><span class='ocrx_word' id='word_1_58' title='bbox 275 705 412 773; x_wconf 81' lang='grc' dir='ltr'>ἡμῖν</span> <span class='ocrx_word' id='word_1_59' title='bbox 437 704 550 766; x_wconf 87' lang='grc' dir='ltr'>τοῖς</span> <span class='ocrx_word' id='word_1_60' title='bbox 572 699 1123 770; x_wconf 84' lang='grc' dir='ltr'>πεπλημμεληκόσιν,</span> <span class='ocrx_word' id='word_1_61' title='bbox 1146 701 1206 754; x_wconf 79' lang='grc' dir='ltr'><strong>ού</strong></span> <span class='ocrx_word' id='word_1_62' title='bbox 1228 700 1317 754; x_wconf 81' lang='grc' dir='ltr'>διὰ</span> <span class='ocrx_word' id='word_1_63' title='bbox 1341 701 1402 755; x_wconf 86' lang='grc' dir='ltr'><strong>τὸ</strong></span> <span class='ocrx_word' id='word_1_64' title='bbox 1430 700 1710 773; x_wconf 85' lang='grc' dir='ltr'>ἀλλότριον</span> <span class='ocrx_word' id='word_1_65' title='bbox 1735 700 1873 760; x_wconf 81' lang='grc' dir='ltr'>εἶναι</span> 
     </span>
    </p>
   </div>
   <div class='ocr_carea' id='block_1_10' title="bbox 272 789 1870 865">
    <p class='ocr_par' dir='ltr' id='par_1_10' title="bbox 272 789 1870 865">
     <span class='ocr_line' id='line_1_10' title="bbox 272 789 1870 865; baseline -0.001 -17"><span class='ocrx_word' id='word_1_66' title='bbox 272 794 339 848; x_wconf 81' lang='grc' dir='ltr'><strong>τὸ</strong></span> <span class='ocrx_word' id='word_1_67' title='bbox 372 793 555 864; x_wconf 83' lang='grc' dir='ltr'>σῶμα,</span> <span class='ocrx_word' id='word_1_68' title='bbox 582 792 675 844; x_wconf 77' lang='grc' dir='ltr'>καὶ</span> <span class='ocrx_word' id='word_1_69' title='bbox 703 789 991 845; x_wconf 85' lang='grc' dir='ltr'>ἀλλόκοτον</span> <span class='ocrx_word' id='word_1_70' title='bbox 1038 791 1099 843; x_wconf 82' lang='grc' dir='ltr'>τὸ</span> <span class='ocrx_word' id='word_1_71' title='bbox 1149 791 1370 856; x_wconf 84' lang='grc' dir='ltr'>ὑποδεὲς</span> <span class='ocrx_word' id='word_1_72' title='bbox 1420 792 1513 846; x_wconf 75' lang='grc' dir='ltr'><strong>καὶ</strong></span> <span class='ocrx_word' id='word_1_73' title='bbox 1553 792 1870 865; x_wconf 68' lang='grc' dir='ltr'>ἠλαττωμέ-</span> 
     </span>
    </p>
   </div>
   <div class='ocr_carea' id='block_1_11' title="bbox 273 881 1866 957">
    <p class='ocr_par' dir='ltr' id='par_1_11' title="bbox 273 881 1866 957">
     <span class='ocr_line' id='line_1_11' title="bbox 273 881 1866 957; baseline 0 -18"><span class='ocrx_word' id='word_1_74' title='bbox 273 902 391 947; x_wconf 88' lang='grc' dir='ltr'>νον,</span> <span class='ocrx_word' id='word_1_75' title='bbox 430 883 566 938; x_wconf 89' lang='grc' dir='ltr'><strong>ἀλλά</strong></span> <span class='ocrx_word' id='word_1_76' title='bbox 597 881 685 936; x_wconf 85' lang='grc' dir='ltr'>διὰ</span> <span class='ocrx_word' id='word_1_77' title='bbox 728 881 797 936; x_wconf 76' lang='grc' dir='ltr'>τὰ</span> <span class='ocrx_word' id='word_1_78' title='bbox 831 882 987 953; x_wconf 81' lang='grc' dir='ltr'>ἡμῶν</span> <span class='ocrx_word' id='word_1_79' title='bbox 1022 882 1392 954; x_wconf 83' lang='grc' dir='ltr'>ἁμαρτήματα</span> <span class='ocrx_word' id='word_1_80' title='bbox 1437 883 1531 936; x_wconf 75' lang='grc' dir='ltr'>καὶ</span> <span class='ocrx_word' id='word_1_81' title='bbox 1563 887 1866 957; x_wconf 85' lang='grc' dir='ltr'>παραπτώ-</span> 
     </span>
    </p>
   </div>
   <div class='ocr_carea' id='block_1_12' title="bbox 276 973 1865 1047">
    <p class='ocr_par' dir='ltr' id='par_1_12' title="bbox 276 973 1865 1047">
     <span class='ocr_line' id='line_1_12' title="bbox 276 973 1865 1047; baseline 0.001 -18"><span class='ocrx_word' id='word_1_82' title='bbox 276 994 450 1046; x_wconf 88' lang='grc' dir='ltr'>ματα,</span> <span class='ocrx_word' id='word_1_83' title='bbox 475 974 665 1029; x_wconf 89' lang='grc' dir='ltr'>τούτου</span> <span class='ocrx_word' id='word_1_84' title='bbox 709 974 892 1028; x_wconf 74' lang='grc' dir='ltr'>ἕνεκα.</span> <span class='ocrx_word' id='word_1_85' title='bbox 951 974 1024 1027; x_wconf 77' lang='grc' dir='ltr'><strong>Οὐ</strong></span> <span class='ocrx_word' id='word_1_86' title='bbox 1064 974 1173 1045; x_wconf 80' lang='grc' dir='ltr'><strong>γὰρ</strong></span> <span class='ocrx_word' id='word_1_87' title='bbox 1226 973 1353 1027; x_wconf 78' lang='grc' dir='ltr'>ἄλλο</span> <span class='ocrx_word' id='word_1_88' title='bbox 1377 974 1536 1045; x_wconf 85' lang='grc' dir='ltr'>σῶμα</span> <span class='ocrx_word' id='word_1_89' title='bbox 1580 978 1608 1029; x_wconf 83' lang='grc' dir='ltr'>ὁ</span> <span class='ocrx_word' id='word_1_90' title='bbox 1661 977 1865 1047; x_wconf 86' lang='grc' dir='ltr'>Κύριος</span> 
     </span>
    </p>
   </div>
   <div class='ocr_carea' id='block_1_13' title="bbox 271 1062 1866 1138">
    <p class='ocr_par' dir='ltr' id='par_1_13' title="bbox 271 1062 1866 1138">
     <span class='ocr_line' id='line_1_13' title="bbox 271 1062 1866 1138; baseline -0.001 -19"><span class='ocrx_word' id='word_1_91' title='bbox 271 1065 461 1130; x_wconf 77' lang='grc' dir='ltr'>ἔλαϐε,</span> <span class='ocrx_word' id='word_1_92' title='bbox 487 1065 581 1118; x_wconf 77' lang='grc' dir='ltr'>καὶ</span> <span class='ocrx_word' id='word_1_93' title='bbox 607 1062 739 1117; x_wconf 81' lang='grc' dir='ltr'>ἄλλο</span> <span class='ocrx_word' id='word_1_94' title='bbox 768 1065 930 1135; x_wconf 79' lang='grc' dir='ltr'>ἡμεῖς</span> <span class='ocrx_word' id='word_1_95' title='bbox 968 1063 1185 1134; x_wconf 77' lang='grc' dir='ltr'>ἔχομεν,</span> <span class='ocrx_word' id='word_1_96' title='bbox 1209 1064 1321 1117; x_wconf 82' lang='grc' dir='ltr'>ἀλλ’</span> <span class='ocrx_word' id='word_1_97' title='bbox 1354 1065 1485 1119; x_wconf 80' lang='grc' dir='ltr'>αὐτὸ</span> <span class='ocrx_word' id='word_1_98' title='bbox 1520 1065 1582 1119; x_wconf 83' lang='grc' dir='ltr'>τὸ</span> <span class='ocrx_word' id='word_1_99' title='bbox 1624 1067 1783 1138; x_wconf 86' lang='grc' dir='ltr'>σῶμα</span> <span class='ocrx_word' id='word_1_100' title='bbox 1808 1070 1866 1122; x_wconf 79' lang='grc' dir='ltr'><strong>ὲν</strong></span> 
     </span>
    </p>
   </div>
   <div class='ocr_carea' id='block_1_14' title="bbox 270 1155 1792 1229">
    <p class='ocr_par' dir='ltr' id='par_1_14' title="bbox 270 1155 1792 1229">
     <span class='ocr_line' id='line_1_14' title="bbox 270 1155 1792 1229; baseline 0.001 -17"><span class='ocrx_word' id='word_1_101' title='bbox 270 1158 428 1228; x_wconf 80' lang='grc' dir='ltr'>αὐτῷ</span> <span class='ocrx_word' id='word_1_102' title='bbox 452 1155 867 1227; x_wconf 79' lang='grc' dir='ltr'>πεφυλαγμένον</span> <span class='ocrx_word' id='word_1_103' title='bbox 896 1156 991 1210; x_wconf 72' lang='grc' dir='ltr'><strong>καὶ</strong></span> <span class='ocrx_word' id='word_1_104' title='bbox 1020 1157 1287 1226; x_wconf 77' lang='grc' dir='ltr'>ἄχραντον</span> <span class='ocrx_word' id='word_1_105' title='bbox 1312 1156 1792 1229; x_wconf 83' lang='grc' dir='ltr'>διατετηρημένον.</span> 
     </span>
    </p>
   </div>
   <div class='ocr_carea' id='block_1_15' title="bbox 1976 616 3556 698">
    <p class='ocr_par' dir='ltr' id='par_1_15' title="bbox 1976 616 3556 698">
     <span class='ocr_line' id='line_1_15' title="bbox 1976 616 3556 698; baseline 0.009 -27"><span class='ocrx_word' id='word_1_106' title='bbox 1976 616 2175 672; x_wconf 79' lang='lat' dir='ltr'><strong>Verum</strong></span> <span class='ocrx_word' id='word_1_107' title='bbox 2207 618 2312 674; x_wconf 87' lang='lat' dir='ltr'><strong>etsi</strong></span> <span class='ocrx_word' id='word_1_108' title='bbox 2345 634 2542 688; x_wconf 87' lang='lat' dir='ltr'><strong>purum</strong></span> <span class='ocrx_word' id='word_1_109' title='bbox 2586 620 2967 693; x_wconf 85' lang='lat' dir='ltr'><strong>integrumque</strong></span> <span class='ocrx_word' id='word_1_110' title='bbox 3006 639 3207 696; x_wconf 87' lang='lat' dir='ltr'><strong>corpus</strong></span> <span class='ocrx_word' id='word_1_111' title='bbox 3235 627 3380 685; x_wconf 88' lang='lat' dir='ltr'><strong>illius</strong></span> <span class='ocrx_word' id='word_1_112' title='bbox 3414 631 3556 698; x_wconf 90' lang='lat' dir='ltr'><strong>quod</strong></span> 
     </span>
    </p>
   </div>
   <div class='ocr_carea' id='block_1_16' title="bbox 1972 708 3557 785">
    <p class='ocr_par' dir='ltr' id='par_1_16' title="bbox 1972 708 3557 785">
     <span class='ocr_line' id='line_1_16' title="bbox 1972 708 3557 785; baseline 0.008 -24"><span class='ocrx_word' id='word_1_113' title='bbox 1972 710 2293 779; x_wconf 78' lang='lat' dir='ltr'><strong>assumpsit,</strong></span> <span class='ocrx_word' id='word_1_114' title='bbox 2328 708 2469 765; x_wconf 89' lang='lat' dir='ltr'><strong>idem</strong></span> <span class='ocrx_word' id='word_1_115' title='bbox 2495 725 2618 765; x_wconf 88' lang='lat' dir='ltr'><strong>esse</strong></span> <span class='ocrx_word' id='word_1_116' title='bbox 2644 725 2767 765; x_wconf 92' lang='lat' dir='ltr'><strong>cum</strong></span> <span class='ocrx_word' id='word_1_117' title='bbox 2796 720 2987 769; x_wconf 90' lang='lat' dir='ltr'><strong>nostro</strong></span> <span class='ocrx_word' id='word_1_118' title='bbox 3022 714 3309 785; x_wconf 81' lang='lat' dir='ltr'><strong>fateamur,</strong></span> <span class='ocrx_word' id='word_1_119' title='bbox 3340 725 3425 773; x_wconf 92' lang='lat' dir='ltr'><strong>est</strong></span> <span class='ocrx_word' id='word_1_120' title='bbox 3452 718 3557 773; x_wconf 88' lang='lat' dir='ltr'><strong>hoc</strong></span> 
     </span>
    </p>
   </div>
   <div class='ocr_carea' id='block_1_17' title="bbox 1967 797 3555 878">
    <p class='ocr_par' dir='ltr' id='par_1_17' title="bbox 1967 797 3555 878">
     <span class='ocr_line' id='line_1_17' title="bbox 1967 797 3555 878; baseline 0.007 -26"><span class='ocrx_word' id='word_1_121' title='bbox 1967 797 2145 868; x_wconf 90' lang='lat' dir='ltr'><strong>ipsum</strong></span> <span class='ocrx_word' id='word_1_122' title='bbox 2193 808 2374 856; x_wconf 90' lang='lat' dir='ltr'><strong>tamen</strong></span> <span class='ocrx_word' id='word_1_123' title='bbox 2425 800 2481 855; x_wconf 90' lang='lat' dir='ltr'><strong>in</strong></span> <span class='ocrx_word' id='word_1_124' title='bbox 2538 802 2718 869; x_wconf 89' lang='lat' dir='ltr'><strong>nobis,</strong></span> <span class='ocrx_word' id='word_1_125' title='bbox 2765 803 2857 873; x_wconf 91' lang='lat' dir='ltr'><strong>qui</strong></span> <span class='ocrx_word' id='word_1_126' title='bbox 2904 805 3128 875; x_wconf 78' lang='lat' dir='ltr'><strong>quidem</strong></span> <span class='ocrx_word' id='word_1_127' title='bbox 3183 809 3555 878; x_wconf 81' lang='lat' dir='ltr'><strong>peccavimus,</strong></span> 
     </span>
    </p>
   </div>
   <div class='ocr_carea' id='block_1_18' title="bbox 1968 892 3557 974">
    <p class='ocr_par' dir='ltr' id='par_1_18' title="bbox 1968 892 3557 974">
     <span class='ocr_line' id='line_1_18' title="bbox 1968 892 3557 974; baseline 0.005 -28"><span class='ocrx_word' id='word_1_128' title='bbox 1968 892 2282 949; x_wconf 86' lang='lat' dir='ltr'><strong>conditione</strong></span> <span class='ocrx_word' id='word_1_129' title='bbox 2311 908 2374 948; x_wconf 91' lang='lat' dir='ltr'><strong>ac</strong></span> <span class='ocrx_word' id='word_1_130' title='bbox 2415 893 2683 964; x_wconf 82' lang='lat' dir='ltr'><strong>dignitate</strong></span> <span class='ocrx_word' id='word_1_131' title='bbox 2718 896 2949 952; x_wconf 88' lang='lat' dir='ltr'><strong>multum</strong></span> <span class='ocrx_word' id='word_1_132' title='bbox 2982 897 3236 967; x_wconf 87' lang='lat' dir='ltr'><strong>inferius,</strong></span> <span class='ocrx_word' id='word_1_133' title='bbox 3276 916 3386 955; x_wconf 88' lang='lat' dir='ltr'><strong>non</strong></span> <span class='ocrx_word' id='word_1_134' title='bbox 3413 900 3557 974; x_wconf 87' lang='lat' dir='ltr'><strong>quod</strong></span> 
     </span>
    </p>
   </div>
   <div class='ocr_carea' id='block_1_19' title="bbox 1970 983 3558 1063">
    <p class='ocr_par' dir='ltr' id='par_1_19' title="bbox 1970 983 3558 1063">
     <span class='ocr_line' id='line_1_19' title="bbox 1970 983 3558 1063; baseline 0.007 -27"><span class='ocrx_word' id='word_1_135' title='bbox 1970 983 2207 1039; x_wconf 86' lang='lat' dir='ltr'><strong>alienum</strong></span> <span class='ocrx_word' id='word_1_136' title='bbox 2233 985 2301 1041; x_wconf 91' lang='lat' dir='ltr'><strong>ab</strong></span> <span class='ocrx_word' id='word_1_137' title='bbox 2333 986 2427 1041; x_wconf 92' lang='lat' dir='ltr'><strong>illo</strong></span> <span class='ocrx_word' id='word_1_138' title='bbox 2457 986 2530 1043; x_wconf 86' lang='lat' dir='ltr'><strong>sit</strong></span> <span class='ocrx_word' id='word_1_139' title='bbox 2571 998 2625 1042; x_wconf 88' lang='lat' dir='ltr'><strong>et</strong></span> <span class='ocrx_word' id='word_1_140' title='bbox 2668 987 2995 1053; x_wconf 89' lang='lat' dir='ltr'><strong>abhorrens,</strong></span> <span class='ocrx_word' id='word_1_141' title='bbox 3022 990 3116 1045; x_wconf 90' lang='lat' dir='ltr'><strong>sed</strong></span> <span class='ocrx_word' id='word_1_142' title='bbox 3157 992 3301 1061; x_wconf 90' lang='lat' dir='ltr'><strong>quod</strong></span> <span class='ocrx_word' id='word_1_143' title='bbox 3336 1000 3558 1063; x_wconf 83' lang='lat' dir='ltr'><strong>peccata</strong></span> 
     </span>
    </p>
   </div>
   <div class='ocr_carea' id='block_1_20' title="bbox 1969 1077 3554 1151">
    <p class='ocr_par' dir='ltr' id='par_1_20' title="bbox 1969 1077 3554 1151">
     <span class='ocr_line' id='line_1_20' title="bbox 1969 1077 3554 1151; baseline 0.007 -23"><span class='ocrx_word' id='word_1_144' title='bbox 1969 1083 2100 1129; x_wconf 89' lang='lat' dir='ltr'><strong>sunt</strong></span> <span class='ocrx_word' id='word_1_145' title='bbox 2146 1089 2177 1129; x_wconf 90' lang='lat' dir='ltr'><strong>a</strong></span> <span class='ocrx_word' id='word_1_146' title='bbox 2230 1077 2386 1132; x_wconf 90' lang='lat' dir='ltr'><strong>nobis</strong></span> <span class='ocrx_word' id='word_1_147' title='bbox 2434 1079 2742 1150; x_wconf 83' lang='lat' dir='ltr'><strong>delictaque</strong></span> <span class='ocrx_word' id='word_1_148' title='bbox 2791 1081 3189 1151; x_wconf 88' lang='lat' dir='ltr'><strong>quamplurima</strong></span> <span class='ocrx_word' id='word_1_149' title='bbox 3239 1084 3554 1139; x_wconf 89' lang='lat' dir='ltr'><strong>commissa.</strong></span> 
     </span>
    </p>
   </div>
   <div class='ocr_carea' id='block_1_21' title="bbox 1969 1165 3557 1243">
    <p class='ocr_par' dir='ltr' id='par_1_21' title="bbox 1969 1165 3557 1243">
     <span class='ocr_line' id='line_1_21' title="bbox 1969 1165 3557 1243; baseline 0.006 -23"><span class='ocrx_word' id='word_1_150' title='bbox 1969 1165 2152 1233; x_wconf 86' lang='lat' dir='ltr'><strong>Quare</strong></span> <span class='ocrx_word' id='word_1_151' title='bbox 2174 1183 2283 1223; x_wconf 88' lang='lat' dir='ltr'><strong>non</strong></span> <span class='ocrx_word' id='word_1_152' title='bbox 2312 1169 2460 1225; x_wconf 86' lang='lat' dir='ltr'><strong>aliud</strong></span> <span class='ocrx_word' id='word_1_153' title='bbox 2494 1185 2559 1226; x_wconf 89' lang='lat' dir='ltr'><strong>ac</strong></span> <span class='ocrx_word' id='word_1_154' title='bbox 2588 1187 2690 1227; x_wconf 91' lang='lat' dir='ltr'><strong>nos</strong></span> <span class='ocrx_word' id='word_1_155' title='bbox 2733 1171 2998 1229; x_wconf 77' lang='lat' dir='ltr'><strong>habemus</strong></span> <span class='ocrx_word' id='word_1_156' title='bbox 3029 1187 3060 1227; x_wconf 89' lang='lat' dir='ltr'><strong>a</strong></span> <span class='ocrx_word' id='word_1_157' title='bbox 3108 1172 3330 1229; x_wconf 89' lang='lat' dir='ltr'><strong>Christo</strong></span> <span class='ocrx_word' id='word_1_158' title='bbox 3356 1189 3557 1243; x_wconf 86' lang='lat' dir='ltr'><strong>corpus</strong></span> 
     </span>
    </p>
   </div>
   <div class='ocr_carea' id='block_1_22' title="bbox 270 1247 3557 1336">
    <p class='ocr_par' dir='ltr' id='par_1_22' title="bbox 270 1247 3557 1336">
     <span class='ocr_line' id='line_1_22' title="bbox 270 1247 3557 1336; baseline -0 -16"><span class='ocrx_word' id='word_1_159' title='bbox 270 1258 619 1320; x_wconf 71' lang='lat' dir='ltr'><strong>assumptum</strong></span> <span class='ocrx_word' id='word_1_160' title='bbox 644 1255 727 1304; x_wconf 67' lang='grc' dir='ltr'><strong>εει</strong></span> <span class='ocrx_word' id='word_1_161' title='bbox 753 1263 768 1313; x_wconf 70' lang='grc' dir='ltr'><strong>ἱ</strong></span> <span class='ocrx_word' id='word_1_162' title='bbox 797 1247 891 1303; x_wconf 70' lang='lat' dir='ltr'><strong>sed</strong></span> <span class='ocrx_word' id='word_1_163' title='bbox 928 1247 1069 1302; x_wconf 68' lang='lat' dir='ltr'><strong>idem</strong></span> <span class='ocrx_word' id='word_1_164' title='bbox 1105 1248 1557 1320; x_wconf 69' lang='grc' dir='ltr'><strong>οιιιηίηοοοοτρυε</strong></span> <span class='ocrx_word' id='word_1_165' title='bbox 1582 1258 1688 1310; x_wconf 71' lang='grc' dir='ltr'><strong>θειο</strong></span> <span class='ocrx_word' id='word_1_166' title='bbox 1720 1252 1865 1322; x_wconf 74' lang='grc' dir='ltr'><strong>ειυοά</strong></span> <span class='ocrx_word' id='word_1_167' title='bbox 1906 1255 1959 1311; x_wconf 88' lang='lat' dir='ltr'><strong>in</strong></span> <span class='ocrx_word' id='word_1_168' title='bbox 2003 1258 2095 1315; x_wconf 89' lang='lat' dir='ltr'><strong>illo</strong></span> <span class='ocrx_word' id='word_1_169' title='bbox 2130 1269 2409 1317; x_wconf 87' lang='lat' dir='ltr'><strong>servatum</strong></span> <span class='ocrx_word' id='word_1_170' title='bbox 2472 1272 2525 1319; x_wconf 91' lang='lat' dir='ltr'><strong>et</strong></span> <span class='ocrx_word' id='word_1_171' title='bbox 2560 1263 2629 1318; x_wconf 90' lang='lat' dir='ltr'><strong>ab</strong></span> <span class='ocrx_word' id='word_1_172' title='bbox 2663 1264 2813 1318; x_wconf 84' lang='lat' dir='ltr'><strong>Omni</strong></span> <span class='ocrx_word' id='word_1_173' title='bbox 2843 1265 3167 1336; x_wconf 82' lang='lat' dir='ltr'><strong>contagione</strong></span> <span class='ocrx_word' id='word_1_174' title='bbox 3223 1265 3557 1323; x_wconf 89' lang='lat' dir='ltr'><strong>vindicatum</strong></span> 
     </span>
    </p>
   </div>
   <div class='ocr_carea' id='block_1_23' title="bbox 269 1354 379 1401">
    <p class='ocr_par' dir='ltr' id='par_1_23' title="bbox 269 1354 379 1401">
     <span class='ocr_line' id='line_1_23' title="bbox 269 1354 379 1401; baseline -0.018 0"><span class='ocrx_word' id='word_1_175' title='bbox 269 1354 379 1401; x_wconf 85' lang='lat' dir='ltr'><strong>cst.</strong></span> 
     </span>
    </p>
   </div>
   <div class='ocr_carea' id='block_1_24' title="bbox 348 1436 1871 1510">
    <p class='ocr_par' dir='ltr' id='par_1_24' title="bbox 348 1436 1871 1510">
     <span class='ocr_line' id='line_1_24' title="bbox 348 1436 1871 1510; baseline -0.001 -16"><span class='ocrx_word' id='word_1_176' title='bbox 348 1439 451 1495; x_wconf 86' lang='lat' dir='ltr'><strong>IE&#39;.</strong></span> <span class='ocrx_word' id='word_1_177' title='bbox 487 1439 668 1495; x_wconf 73' lang='grc' dir='ltr'>Ἄλλοι</span> <span class='ocrx_word' id='word_1_178' title='bbox 704 1439 762 1494; x_wconf 81' lang='grc' dir='ltr'>δὲ</span> <span class='ocrx_word' id='word_1_179' title='bbox 801 1437 861 1503; x_wconf 76' lang='grc' dir='ltr'>ἐξ</span> <span class='ocrx_word' id='word_1_180' title='bbox 893 1436 1071 1491; x_wconf 83' lang='grc' dir='ltr'>αὐτῶν</span> <span class='ocrx_word' id='word_1_181' title='bbox 1110 1437 1206 1490; x_wconf 77' lang='grc' dir='ltr'>καὶ</span> <span class='ocrx_word' id='word_1_182' title='bbox 1235 1437 1361 1508; x_wconf 82' lang='grc' dir='ltr'>ἄχρι</span> <span class='ocrx_word' id='word_1_183' title='bbox 1401 1436 1501 1508; x_wconf 83' lang='grc' dir='ltr'>τῆς</span> <span class='ocrx_word' id='word_1_184' title='bbox 1530 1437 1691 1510; x_wconf 88' lang='grc' dir='ltr'>δεῦρο</span> <span class='ocrx_word' id='word_1_185' title='bbox 1722 1439 1871 1509; x_wconf 81' lang='grc' dir='ltr'>φιλο-</span> 
     </span>
    </p>
   </div>
   <div class='ocr_carea' id='block_1_25' title="bbox 269 1530 1866 1604">
    <p class='ocr_par' dir='ltr' id='par_1_25' title="bbox 269 1530 1866 1604">
     <span class='ocr_line' id='line_1_25' title="bbox 269 1530 1866 1604; baseline -0.004 -13"><span class='ocrx_word' id='word_1_186' title='bbox 269 1534 458 1604; x_wconf 73' lang='grc' dir='ltr'>νεικίᾳ.</span> <span class='ocrx_word' id='word_1_187' title='bbox 516 1533 623 1586; x_wconf 71' lang='grc' dir='ltr'>τινὶ</span> <span class='ocrx_word' id='word_1_188' title='bbox 654 1531 979 1603; x_wconf 81' lang='grc' dir='ltr'>φερόμενοι,</span> <span class='ocrx_word' id='word_1_189' title='bbox 1018 1532 1299 1594; x_wconf 78' lang='grc' dir='ltr'>ὑπονοίαις</span> <span class='ocrx_word' id='word_1_190' title='bbox 1351 1530 1662 1603; x_wconf 84' lang='grc' dir='ltr'>ἀλλοτρίαις</span> <span class='ocrx_word' id='word_1_191' title='bbox 1699 1549 1866 1603; x_wconf 87' lang='grc' dir='ltr'>προσ-</span> 
     </span>
    </p>
   </div>
   <div class='ocr_carea' id='block_1_26' title="bbox 267 1623 1869 1696">
    <p class='ocr_par' dir='ltr' id='par_1_26' title="bbox 267 1623 1869 1696">
     <span class='ocr_line' id='line_1_26' title="bbox 267 1623 1869 1696; baseline -0.002 -16"><span class='ocrx_word' id='word_1_192' title='bbox 267 1626 552 1696; x_wconf 79' lang='grc' dir='ltr'>αχθέντες,</span> <span class='ocrx_word' id='word_1_193' title='bbox 590 1626 651 1679; x_wconf 84' lang='grc' dir='ltr'><strong>οὐ</strong></span> <span class='ocrx_word' id='word_1_194' title='bbox 704 1624 843 1679; x_wconf 82' lang='grc' dir='ltr'>κατὰ</span> <span class='ocrx_word' id='word_1_195' title='bbox 896 1624 996 1695; x_wconf 86' lang='grc' dir='ltr'>τὴν</span> <span class='ocrx_word' id='word_1_196' title='bbox 1026 1623 1245 1694; x_wconf 81' lang='grc' dir='ltr'>διδαχὴν</span> <span class='ocrx_word' id='word_1_197' title='bbox 1291 1623 1399 1679; x_wconf 88' lang='grc' dir='ltr'><strong>τῶν</strong></span> <span class='ocrx_word' id='word_1_198' title='bbox 1438 1625 1719 1696; x_wconf 85' lang='grc' dir='ltr'>Πατέρων,</span> <span class='ocrx_word' id='word_1_199' title='bbox 1750 1624 1869 1679; x_wconf 86' lang='grc' dir='ltr'>οὐδὲ</span> 
     </span>
    </p>
   </div>
   <div class='ocr_carea' id='block_1_27' title="bbox 2047 1439 3559 1518">
    <p class='ocr_par' dir='ltr' id='par_1_27' title="bbox 2047 1439 3559 1518">
     <span class='ocr_line' id='line_1_27' title="bbox 2047 1439 3559 1518; baseline 0.006 -23"><span class='ocrx_word' id='word_1_200' title='bbox 2047 1439 2162 1497; x_wconf 82' lang='lat' dir='ltr'><strong>XV.</strong></span> <span class='ocrx_word' id='word_1_201' title='bbox 2192 1440 2460 1498; x_wconf 70' lang='lat' dir='ltr'><strong>Prazterea</strong></span> <span class='ocrx_word' id='word_1_202' title='bbox 2504 1450 2633 1499; x_wconf 90' lang='lat' dir='ltr'><strong>sunt</strong></span> <span class='ocrx_word' id='word_1_203' title='bbox 2673 1444 2815 1500; x_wconf 86' lang='lat' dir='ltr'><strong>inter</strong></span> <span class='ocrx_word' id='word_1_204' title='bbox 2859 1445 2981 1502; x_wconf 88' lang='lat' dir='ltr'><strong>illos</strong></span> <span class='ocrx_word' id='word_1_205' title='bbox 3015 1446 3201 1516; x_wconf 87' lang='lat' dir='ltr'><strong>aliqui,</strong></span> <span class='ocrx_word' id='word_1_206' title='bbox 3230 1447 3325 1518; x_wconf 88' lang='lat' dir='ltr'><strong>qui</strong></span> <span class='ocrx_word' id='word_1_207' title='bbox 3360 1447 3427 1503; x_wconf 92' lang='lat' dir='ltr'><strong>ad</strong></span> <span class='ocrx_word' id='word_1_208' title='bbox 3453 1449 3559 1504; x_wconf 88' lang='lat' dir='ltr'><strong>hoc</strong></span> 
     </span>
    </p>
   </div>
   <div class='ocr_carea' id='block_1_28' title="bbox 1977 1536 3558 1609">
    <p class='ocr_par' dir='ltr' id='par_1_28' title="bbox 1977 1536 3558 1609">
     <span class='ocr_line' id='line_1_28' title="bbox 1977 1536 3558 1609; baseline 0.005 -22"><span class='ocrx_word' id='word_1_209' title='bbox 1977 1548 2152 1603; x_wconf 88' lang='lat' dir='ltr'><strong>usque</strong></span> <span class='ocrx_word' id='word_1_210' title='bbox 2199 1539 2413 1604; x_wconf 89' lang='lat' dir='ltr'><strong>tempus</strong></span> <span class='ocrx_word' id='word_1_211' title='bbox 2458 1536 2825 1593; x_wconf 86' lang='lat' dir='ltr'><strong>contentionis</strong></span> <span class='ocrx_word' id='word_1_212' title='bbox 2873 1536 3038 1603; x_wconf 86' lang='lat' dir='ltr'><strong>avidi,</strong></span> <span class='ocrx_word' id='word_1_213' title='bbox 3091 1552 3156 1593; x_wconf 89' lang='lat' dir='ltr'><strong>ac</strong></span> <span class='ocrx_word' id='word_1_214' title='bbox 3202 1539 3558 1609; x_wconf 87' lang='lat' dir='ltr'><strong>perabsurdis</strong></span> 
     </span>
    </p>
   </div>
   <div class='ocr_carea' id='block_1_29' title="bbox 1977 1625 3556 1696">
    <p class='ocr_par' dir='ltr' id='par_1_29' title="bbox 1977 1625 3556 1696">
     <span class='ocr_line' id='line_1_29' title="bbox 1977 1625 3556 1696; baseline 0.004 -16"><span class='ocrx_word' id='word_1_215' title='bbox 1977 1625 2329 1696; x_wconf 82' lang='lat' dir='ltr'><strong>opinionibus</strong></span> <span class='ocrx_word' id='word_1_216' title='bbox 2378 1626 2609 1692; x_wconf 84' lang='lat' dir='ltr'><strong>irrctiti,</strong></span> <span class='ocrx_word' id='word_1_217' title='bbox 2656 1641 2762 1680; x_wconf 91' lang='lat' dir='ltr'><strong>non</strong></span> <span class='ocrx_word' id='word_1_218' title='bbox 2804 1627 3067 1685; x_wconf 61' lang='lat' dir='ltr'><strong>doctrina:</strong></span> <span class='ocrx_word' id='word_1_219' title='bbox 3111 1628 3334 1685; x_wconf 84' lang='lat' dir='ltr'><strong>Patrum</strong></span> <span class='ocrx_word' id='word_1_220' title='bbox 3388 1631 3556 1686; x_wconf 65' lang='lat' dir='ltr'><strong>inhae-</strong></span> 
     </span>
    </p>
   </div>
   <div class='ocr_carea' id='block_1_30' title="bbox 269 1711 1866 1802">
    <p class='ocr_par' dir='ltr' id='par_1_30' title="bbox 269 1711 1861 1790">
     <span class='ocr_line' id='line_1_30' title="bbox 269 1711 1861 1790; baseline 0 -18"><span class='ocrx_word' id='word_1_221' title='bbox 269 1721 595 1790; x_wconf 79' lang='grc' dir='ltr'>κατέχοντες</span> <span class='ocrx_word' id='word_1_222' title='bbox 627 1718 727 1790; x_wconf 81' lang='grc' dir='ltr'>τὴν</span> <span class='ocrx_word' id='word_1_223' title='bbox 759 1717 999 1789; x_wconf 87' lang='grc' dir='ltr'>κεφαλὴν</span> <span class='ocrx_word' id='word_1_224' title='bbox 1037 1718 1138 1788; x_wconf 77' lang='grc' dir='ltr'>τῆς</span> <span class='ocrx_word' id='word_1_225' title='bbox 1178 1718 1444 1781; x_wconf 72' lang='grc' dir='ltr'>πίστεως*</span> <span class='ocrx_word' id='word_1_226' title='bbox 1481 1717 1542 1784; x_wconf 77' lang='grc' dir='ltr'><strong>ἐξ</strong></span> <span class='ocrx_word' id='word_1_227' title='bbox 1569 1711 1629 1772; x_wconf 76' lang='grc' dir='ltr'>οὗ</span> <span class='ocrx_word' id='word_1_228' title='bbox 1662 1720 1771 1773; x_wconf 82' lang='grc' dir='ltr'>πᾶν</span> <span class='ocrx_word' id='word_1_229' title='bbox 1802 1719 1861 1772; x_wconf 82' lang='grc' dir='ltr'><strong>τὸ</strong></span> 
     </span>
    </p>
   </div>
   <div class='ocr_carea' id='block_1_31' title="bbox 1975 1711 3560 1802">
    <p class='ocr_par' dir='ltr' id='par_1_31' title="bbox 1976 1718 3560 1794">
     <span class='ocr_line' id='line_1_31' title="bbox 1976 1718 3560 1794; baseline 0.005 -22"><span class='ocrx_word' id='word_1_230' title='bbox 1976 1726 2180 1782; x_wconf 84' lang='lat' dir='ltr'><strong>rentes,</strong></span> <span class='ocrx_word' id='word_1_231' title='bbox 2207 1734 2382 1790; x_wconf 88' lang='lat' dir='ltr'><strong>neque</strong></span> <span class='ocrx_word' id='word_1_232' title='bbox 2420 1718 2540 1774; x_wconf 82' lang='lat' dir='ltr'><strong>ﬁdei</strong></span> <span class='ocrx_word' id='word_1_233' title='bbox 2583 1730 2746 1791; x_wconf 89' lang='lat' dir='ltr'><strong>caput</strong></span> <span class='ocrx_word' id='word_1_234' title='bbox 2782 1720 3117 1790; x_wconf 88' lang='lat' dir='ltr'><strong>retinentes;</strong></span> <span class='ocrx_word' id='word_1_235' title='bbox 3163 1731 3228 1779; x_wconf 69' lang='lat' dir='ltr'><strong>ex</strong></span> <span class='ocrx_word' id='word_1_236' title='bbox 3253 1739 3363 1794; x_wconf 89' lang='lat' dir='ltr'><strong>quo</strong></span> <span class='ocrx_word' id='word_1_237' title='bbox 3392 1739 3560 1780; x_wconf 83' lang='lat' dir='ltr'><strong>omne</strong></span> 
     </span>
    </p>
   </div>
   <div class='ocr_carea' id='block_1_32' title="bbox 269 1809 1859 1883">
    <p class='ocr_par' dir='ltr' id='par_1_32' title="bbox 269 1809 1859 1883">
     <span class='ocr_line' id='line_1_32' title="bbox 269 1809 1859 1883; baseline 0 -20"><span class='ocrx_word' id='word_1_238' title='bbox 269 1812 437 1882; x_wconf 78' lang='grc' dir='ltr'>σῶμα</span> <span class='ocrx_word' id='word_1_239' title='bbox 472 1812 559 1864; x_wconf 77' lang='grc' dir='ltr'>διὰ</span> <span class='ocrx_word' id='word_1_240' title='bbox 600 1812 708 1866; x_wconf 88' lang='grc' dir='ltr'><strong>τῶν</strong></span> <span class='ocrx_word' id='word_1_241' title='bbox 748 1811 900 1881; x_wconf 85' lang='grc' dir='ltr'>ἁφῶν</span> <span class='ocrx_word' id='word_1_242' title='bbox 946 1811 1039 1864; x_wconf 71' lang='grc' dir='ltr'><strong>καὶ</strong></span> <span class='ocrx_word' id='word_1_243' title='bbox 1088 1810 1196 1864; x_wconf 89' lang='grc' dir='ltr'><strong>τῶν</strong></span> <span class='ocrx_word' id='word_1_244' title='bbox 1246 1809 1557 1881; x_wconf 78' lang='grc' dir='ltr'>συνδέσμων</span> <span class='ocrx_word' id='word_1_245' title='bbox 1599 1811 1859 1883; x_wconf 79' lang='grc' dir='ltr'>ἐπιχορη-</span> 
     </span>
    </p>
   </div>
   <div class='ocr_carea' id='block_1_33' title="bbox 266 1900 1862 1976">
    <p class='ocr_par' dir='ltr' id='par_1_33' title="bbox 266 1900 1862 1976">
     <span class='ocr_line' id='line_1_33' title="bbox 266 1900 1862 1976; baseline -0.002 -17"><span class='ocrx_word' id='word_1_246' title='bbox 266 1906 538 1976; x_wconf 75' lang='grc' dir='ltr'>γούμενον</span> <span class='ocrx_word' id='word_1_247' title='bbox 600 1905 695 1958; x_wconf 79' lang='grc' dir='ltr'>καὶ</span> <span class='ocrx_word' id='word_1_248' title='bbox 746 1903 1215 1974; x_wconf 74' lang='grc' dir='ltr'>συμϐιϐαξόμενον</span> <span class='ocrx_word' id='word_1_249' title='bbox 1269 1900 1423 1967; x_wconf 76' lang='grc' dir='ltr'>αὔξει</span> <span class='ocrx_word' id='word_1_250' title='bbox 1475 1901 1574 1973; x_wconf 81' lang='grc' dir='ltr'><strong>τὴν</strong></span> <span class='ocrx_word' id='word_1_251' title='bbox 1630 1901 1862 1973; x_wconf 76' lang='grc' dir='ltr'>αὔξησιν</span> 
     </span>
    </p>
   </div>
   <div class='ocr_carea' id='block_1_34' title="bbox 266 1995 1860 2067">
    <p class='ocr_par' dir='ltr' id='par_1_34' title="bbox 266 1995 1860 2067">
     <span class='ocr_line' id='line_1_34' title="bbox 266 1995 1860 2067; baseline -0.001 -16"><span class='ocrx_word' id='word_1_252' title='bbox 266 1998 363 2051; x_wconf 83' lang='grc' dir='ltr'><strong>τοῦ</strong></span> <span class='ocrx_word' id='word_1_253' title='bbox 395 1998 552 2063; x_wconf 82' lang='grc' dir='ltr'>Θεοῦ,</span> <span class='ocrx_word' id='word_1_254' title='bbox 577 1998 653 2061; x_wconf 81' lang='grc' dir='ltr'>ὡς</span> <span class='ocrx_word' id='word_1_255' title='bbox 684 2000 713 2051; x_wconf 87' lang='grc' dir='ltr'><strong>ὁ</strong></span> <span class='ocrx_word' id='word_1_256' title='bbox 742 1997 1062 2060; x_wconf 82' lang='grc' dir='ltr'>Ἀπόστολος</span> <span class='ocrx_word' id='word_1_257' title='bbox 1086 1996 1271 2064; x_wconf 80' lang='grc' dir='ltr'>λέγει’</span> <span class='ocrx_word' id='word_1_258' title='bbox 1308 1995 1445 2051; x_wconf 79' lang='grc' dir='ltr'>ἀλλὰ</span> <span class='ocrx_word' id='word_1_259' title='bbox 1477 1996 1617 2067; x_wconf 86' lang='grc' dir='ltr'><strong>τάχα</strong></span> <span class='ocrx_word' id='word_1_260' title='bbox 1644 1995 1720 2059; x_wconf 87' lang='grc' dir='ltr'><strong>ὡς</strong></span> <span class='ocrx_word' id='word_1_261' title='bbox 1754 1995 1860 2049; x_wconf 83' lang='grc' dir='ltr'>ὑπὸ</span> 
     </span>
    </p>
   </div>
   <div class='ocr_carea' id='block_1_35' title="bbox 268 2085 1861 2161">
    <p class='ocr_par' dir='ltr' id='par_1_35' title="bbox 268 2085 1861 2161">
     <span class='ocr_line' id='line_1_35' title="bbox 268 2085 1861 2161; baseline -0.002 -18"><span class='ocrx_word' id='word_1_262' title='bbox 268 2089 567 2161; x_wconf 80' lang='grc' dir='ltr'>ἀλλοτρίων</span> <span class='ocrx_word' id='word_1_263' title='bbox 613 2088 776 2141; x_wconf 84' lang='grc' dir='ltr'>τινῶν</span> <span class='ocrx_word' id='word_1_264' title='bbox 825 2087 1150 2151; x_wconf 83' lang='grc' dir='ltr'>θολωθέντες</span> <span class='ocrx_word' id='word_1_265' title='bbox 1190 2085 1290 2150; x_wconf 83' lang='grc' dir='ltr'>τὰς</span> <span class='ocrx_word' id='word_1_266' title='bbox 1326 2086 1497 2149; x_wconf 85' lang='grc' dir='ltr'>ἀκοὰς</span> <span class='ocrx_word' id='word_1_267' title='bbox 1546 2086 1861 2157; x_wconf 85' lang='grc' dir='ltr'>πλησιαιτέ-</span> 
     </span>
    </p>
   </div>
   <div class='ocr_carea' id='block_1_36' title="bbox 273 2178 1861 2252">
    <p class='ocr_par' dir='ltr' id='par_1_36' title="bbox 273 2178 1861 2252">
     <span class='ocr_line' id='line_1_36' title="bbox 273 2178 1861 2252; baseline -0.003 -17"><span class='ocrx_word' id='word_1_268' title='bbox 273 2200 384 2252; x_wconf 87' lang='grc' dir='ltr'><strong>ρως</strong></span> <span class='ocrx_word' id='word_1_269' title='bbox 417 2180 753 2250; x_wconf 79' lang='grc' dir='ltr'>Οὐαλεντίνῳ</span> <span class='ocrx_word' id='word_1_270' title='bbox 773 2220 788 2245; x_wconf 92' lang='grc'><strong>,</strong></span> <span class='ocrx_word' id='word_1_271' title='bbox 820 2180 916 2233; x_wconf 67' lang='grc' dir='ltr'>καὶ</span> <span class='ocrx_word' id='word_1_272' title='bbox 954 2179 1265 2248; x_wconf 85' lang='grc' dir='ltr'>Μαρκίωνι,</span> <span class='ocrx_word' id='word_1_273' title='bbox 1291 2178 1386 2232; x_wconf 80' lang='grc' dir='ltr'>καὶ</span> <span class='ocrx_word' id='word_1_274' title='bbox 1424 2178 1730 2249; x_wconf 86' lang='grc' dir='ltr'>Μανιχαίῳ,</span> <span class='ocrx_word' id='word_1_275' title='bbox 1766 2178 1861 2231; x_wconf 74' lang='grc' dir='ltr'>καὶ</span> 
     </span>
    </p>
   </div>
   <div class='ocr_carea' id='block_1_37' title="bbox 271 2268 1861 2343">
    <p class='ocr_par' dir='ltr' id='par_1_37' title="bbox 271 2268 1861 2343">
     <span class='ocr_line' id='line_1_37' title="bbox 271 2268 1861 2343; baseline -0.001 -17"><span class='ocrx_word' id='word_1_276' title='bbox 271 2274 430 2327; x_wconf 77' lang='grc' dir='ltr'>αὐτοὶ</span> <span class='ocrx_word' id='word_1_277' title='bbox 463 2272 623 2343; x_wconf 83' lang='grc' dir='ltr'>δῆθεν</span> <span class='ocrx_word' id='word_1_278' title='bbox 656 2274 737 2335; x_wconf 82' lang='grc' dir='ltr'><strong>εἰς</strong></span> <span class='ocrx_word' id='word_1_279' title='bbox 768 2271 933 2342; x_wconf 81' lang='grc' dir='ltr'>τιμὴν</span> <span class='ocrx_word' id='word_1_280' title='bbox 969 2269 1209 2342; x_wconf 83' lang='grc' dir='ltr'>Χριστοῦ</span> <span class='ocrx_word' id='word_1_281' title='bbox 1255 2268 1617 2339; x_wconf 78' lang='grc' dir='ltr'>φαντάζονται</span> <span class='ocrx_word' id='word_1_282' title='bbox 1663 2269 1861 2340; x_wconf 79' lang='grc' dir='ltr'>μᾶλλον</span> 
     </span>
    </p>
   </div>
   <div class='ocr_carea' id='block_1_38' title="bbox 271 2362 1861 2436">
    <p class='ocr_par' dir='ltr' id='par_1_38' title="bbox 271 2362 1861 2436">
     <span class='ocr_line' id='line_1_38' title="bbox 271 2362 1861 2436; baseline -0.003 -17"><span class='ocrx_word' id='word_1_283' title='bbox 271 2367 419 2436; x_wconf 71' lang='grc' dir='ltr'>ἢπερ</span> <span class='ocrx_word' id='word_1_284' title='bbox 447 2365 823 2435; x_wconf 84' lang='grc' dir='ltr'>ἀληθεύουσιν.</span> <span class='ocrx_word' id='word_1_285' title='bbox 868 2362 1038 2417; x_wconf 81' lang='grc' dir='ltr'>Ἐπάν</span> <span class='ocrx_word' id='word_1_286' title='bbox 1084 2362 1360 2417; x_wconf 79' lang='grc' dir='ltr'>ἀκούσωσι</span> <span class='ocrx_word' id='word_1_287' title='bbox 1400 2364 1530 2434; x_wconf 85' lang='grc' dir='ltr'>παρ’</span> <span class='ocrx_word' id='word_1_288' title='bbox 1563 2362 1740 2434; x_wconf 79' lang='grc' dir='ltr'>ἡμῶν,</span> <span class='ocrx_word' id='word_1_289' title='bbox 1778 2363 1861 2416; x_wconf 86' lang='grc' dir='ltr'><strong>ὅτι</strong></span> 
     </span>
    </p>
   </div>
   <div class='ocr_carea' id='block_1_39' title="bbox 270 2454 1861 2529">
    <p class='ocr_par' dir='ltr' id='par_1_39' title="bbox 270 2454 1861 2529">
     <span class='ocr_line' id='line_1_39' title="bbox 270 2454 1861 2529; baseline -0.003 -18"><span class='ocrx_word' id='word_1_290' title='bbox 270 2458 401 2529; x_wconf 77' lang='grc' dir='ltr'>ἔσχε</span> <span class='ocrx_word' id='word_1_291' title='bbox 442 2457 675 2528; x_wconf 70' lang='grc' dir='ltr'>Χριστὸς</span> <span class='ocrx_word' id='word_1_292' title='bbox 732 2455 892 2524; x_wconf 82' lang='grc' dir='ltr'>σῶμα</span> <span class='ocrx_word' id='word_1_293' title='bbox 946 2454 1008 2509; x_wconf 81' lang='grc' dir='ltr'><strong>τὸ</strong></span> <span class='ocrx_word' id='word_1_294' title='bbox 1059 2454 1348 2526; x_wconf 79' lang='grc' dir='ltr'>ἡμέτερον,</span> <span class='ocrx_word' id='word_1_295' title='bbox 1405 2456 1568 2517; x_wconf 78' lang='grc' dir='ltr'>εὐθὺς</span> <span class='ocrx_word' id='word_1_296' title='bbox 1609 2457 1687 2518; x_wconf 83' lang='grc' dir='ltr'><strong>είς</strong></span> <span class='ocrx_word' id='word_1_297' title='bbox 1736 2455 1861 2518; x_wconf 80' lang='grc' dir='ltr'>τοὺς</span> 
     </span>
    </p>
   </div>
   <div class='ocr_carea' id='block_1_40' title="bbox 272 2546 1864 2621">
    <p class='ocr_par' dir='ltr' id='par_1_40' title="bbox 272 2546 1864 2621">
     <span class='ocr_line' id='line_1_40' title="bbox 272 2546 1864 2621; baseline -0.003 -17"><span class='ocrx_word' id='word_1_298' title='bbox 272 2551 482 2621; x_wconf 79' lang='grc' dir='ltr'>μύθους</span> <span class='ocrx_word' id='word_1_299' title='bbox 523 2550 815 2620; x_wconf 87' lang='grc' dir='ltr'>τρέπονται</span> <span class='ocrx_word' id='word_1_300' title='bbox 865 2549 991 2610; x_wconf 79' lang='grc' dir='ltr'>τοὺς</span> <span class='ocrx_word' id='word_1_301' title='bbox 1041 2547 1203 2611; x_wconf 79' lang='grc' dir='ltr'>ἰδίους</span> <span class='ocrx_word' id='word_1_302' title='bbox 1251 2548 1350 2617; x_wconf 83' lang='grc' dir='ltr'><strong>τῆς</strong></span> <span class='ocrx_word' id='word_1_303' title='bbox 1394 2546 1748 2616; x_wconf 80' lang='grc' dir='ltr'>φιλονεικίας,</span> <span class='ocrx_word' id='word_1_304' title='bbox 1778 2546 1864 2600; x_wconf 86' lang='grc' dir='ltr'><strong>λέ-</strong></span> 
     </span>
    </p>
   </div>
   <div class='ocr_carea' id='block_1_41' title="bbox 270 2638 1865 2712">
    <p class='ocr_par' dir='ltr' id='par_1_41' title="bbox 270 2638 1865 2712">
     <span class='ocr_line' id='line_1_41' title="bbox 270 2638 1865 2712; baseline -0.003 -16"><span class='ocrx_word' id='word_1_305' title='bbox 270 2660 464 2711; x_wconf 85' lang='grc' dir='ltr'>γοντες</span> <span class='ocrx_word' id='word_1_306' title='bbox 495 2641 693 2712; x_wconf 76' lang='grc' dir='ltr'>ὄνυχας</span> <span class='ocrx_word' id='word_1_307' title='bbox 725 2641 885 2694; x_wconf 81' lang='grc' dir='ltr'>αὑτὸν</span> <span class='ocrx_word' id='word_1_308' title='bbox 915 2640 1226 2709; x_wconf 76' lang='grc' dir='ltr'>ἐσχηκέναι,</span> <span class='ocrx_word' id='word_1_309' title='bbox 1257 2641 1353 2693; x_wconf 73' lang='grc' dir='ltr'>καὶ</span> <span class='ocrx_word' id='word_1_310' title='bbox 1391 2639 1589 2710; x_wconf 82' lang='grc' dir='ltr'>σάρκα,</span> <span class='ocrx_word' id='word_1_311' title='bbox 1622 2638 1717 2693; x_wconf 73' lang='grc' dir='ltr'><strong>καὶ</strong></span> <span class='ocrx_word' id='word_1_312' title='bbox 1749 2638 1865 2711; x_wconf 89' lang='grc' dir='ltr'>τρί-</span> 
     </span>
    </p>
   </div>
   <div class='ocr_carea' id='block_1_42' title="bbox 270 2730 1864 2804">
    <p class='ocr_par' dir='ltr' id='par_1_42' title="bbox 270 2730 1864 2804">
     <span class='ocr_line' id='line_1_42' title="bbox 270 2730 1864 2804; baseline -0.002 -18"><span class='ocrx_word' id='word_1_313' title='bbox 270 2751 395 2804; x_wconf 84' lang='grc' dir='ltr'>χας,</span> <span class='ocrx_word' id='word_1_314' title='bbox 421 2732 516 2786; x_wconf 77' lang='grc' dir='ltr'><strong>καὶ</strong></span> <span class='ocrx_word' id='word_1_315' title='bbox 550 2734 602 2786; x_wconf 86' lang='grc' dir='ltr'><strong>εί</strong></span> <span class='ocrx_word' id='word_1_316' title='bbox 625 2750 676 2785; x_wconf 85' lang='grc' dir='ltr'><strong>τι</strong></span> <span class='ocrx_word' id='word_1_317' title='bbox 707 2732 920 2803; x_wconf 71' lang='grc' dir='ltr'>ἕτερον’</span> <span class='ocrx_word' id='word_1_318' title='bbox 953 2732 1013 2785; x_wconf 82' lang='grc' dir='ltr'><strong>οὐ</strong></span> <span class='ocrx_word' id='word_1_319' title='bbox 1048 2730 1320 2795; x_wconf 88' lang='grc' dir='ltr'>τοιούτους</span> <span class='ocrx_word' id='word_1_320' title='bbox 1369 2732 1425 2784; x_wconf 84' lang='grc' dir='ltr'><strong>δὲ</strong></span> <span class='ocrx_word' id='word_1_321' title='bbox 1454 2731 1675 2794; x_wconf 83' lang='grc' dir='ltr'>ὁποίους.</span> <span class='ocrx_word' id='word_1_322' title='bbox 1701 2732 1864 2802; x_wconf 83' lang='grc' dir='ltr'>ἡμεῖς</span> 
     </span>
    </p>
   </div>
   <div class='ocr_carea' id='block_1_43' title="bbox 269 2821 1865 2894">
    <p class='ocr_par' dir='ltr' id='par_1_43' title="bbox 269 2821 1865 2894">
     <span class='ocr_line' id='line_1_43' title="bbox 269 2821 1865 2894; baseline 0.002 -20"><span class='ocrx_word' id='word_1_323' title='bbox 269 2822 492 2893; x_wconf 73' lang='grc' dir='ltr'>ἔχομεν,</span> <span class='ocrx_word' id='word_1_324' title='bbox 522 2821 656 2876; x_wconf 83' lang='grc' dir='ltr'>ἀλλὰ</span> <span class='ocrx_word' id='word_1_325' title='bbox 686 2822 876 2886; x_wconf 87' lang='grc' dir='ltr'>ἄλλους</span> <span class='ocrx_word' id='word_1_326' title='bbox 904 2822 1101 2892; x_wconf 75' lang='grc' dir='ltr'>ὄνυχας</span> <span class='ocrx_word' id='word_1_327' title='bbox 1151 2823 1464 2894; x_wconf 77' lang='grc' dir='ltr'>ἐσχηκέναι,</span> <span class='ocrx_word' id='word_1_328' title='bbox 1512 2824 1607 2877; x_wconf 74' lang='grc' dir='ltr'>καὶ</span> <span class='ocrx_word' id='word_1_329' title='bbox 1655 2823 1865 2893; x_wconf 84' lang='grc' dir='ltr'>σάρκας</span> 
     </span>
    </p>
   </div>
   <div class='ocr_carea' id='block_1_44' title="bbox 271 2912 1863 2984">
    <p class='ocr_par' dir='ltr' id='par_1_44' title="bbox 271 2912 1863 2984">
     <span class='ocr_line' id='line_1_44' title="bbox 271 2912 1863 2984; baseline -0.001 -16"><span class='ocrx_word' id='word_1_330' title='bbox 271 2914 467 2980; x_wconf 79' lang='grc' dir='ltr'>ἄλλοις,</span> <span class='ocrx_word' id='word_1_331' title='bbox 494 2913 589 2966; x_wconf 75' lang='grc' dir='ltr'>καὶ</span> <span class='ocrx_word' id='word_1_332' title='bbox 625 2913 695 2966; x_wconf 75' lang='grc' dir='ltr'>τὰ</span> <span class='ocrx_word' id='word_1_333' title='bbox 732 2912 868 2968; x_wconf 82' lang='grc' dir='ltr'>ἄλλα</span> <span class='ocrx_word' id='word_1_334' title='bbox 900 2913 1078 2968; x_wconf 85' lang='grc' dir='ltr'>πάντα</span> <span class='ocrx_word' id='word_1_335' title='bbox 1121 2912 1219 2983; x_wconf 83' lang='grc' dir='ltr'><strong>οὐχ</strong></span> <span class='ocrx_word' id='word_1_336' title='bbox 1256 2915 1414 2967; x_wconf 78' lang='grc' dir='ltr'>ὁποῖα</span> <span class='ocrx_word' id='word_1_337' title='bbox 1443 2915 1604 2984; x_wconf 84' lang='grc' dir='ltr'>ἡμεῖς</span> <span class='ocrx_word' id='word_1_338' title='bbox 1645 2913 1863 2984; x_wconf 77' lang='grc' dir='ltr'>ἔχομεν,</span> 
     </span>
    </p>
   </div>
   <div class='ocr_carea' id='block_1_45' title="bbox 1960 1814 3555 1885">
    <p class='ocr_par' dir='ltr' id='par_1_45' title="bbox 1960 1814 3555 1885">
     <span class='ocr_line' id='line_1_45' title="bbox 1960 1814 3555 1885; baseline 0.004 -18"><span class='ocrx_word' id='word_1_339' title='bbox 1960 1826 2160 1883; x_wconf 88' lang='lat' dir='ltr'><strong>corpus</strong></span> <span class='ocrx_word' id='word_1_340' title='bbox 2220 1827 2317 1881; x_wconf 90' lang='lat' dir='ltr'><strong>per</strong></span> <span class='ocrx_word' id='word_1_341' title='bbox 2355 1827 2643 1883; x_wconf 89' lang='lat' dir='ltr'><strong>compages</strong></span> <span class='ocrx_word' id='word_1_342' title='bbox 2690 1821 2745 1869; x_wconf 89' lang='lat' dir='ltr'><strong>et</strong></span> <span class='ocrx_word' id='word_1_343' title='bbox 2791 1814 3006 1869; x_wconf 90' lang='lat' dir='ltr'><strong>vincula</strong></span> <span class='ocrx_word' id='word_1_344' title='bbox 3048 1815 3452 1885; x_wconf 87' lang='lat' dir='ltr'><strong>suppeditatum</strong></span> <span class='ocrx_word' id='word_1_345' title='bbox 3502 1832 3555 1874; x_wconf 90' lang='lat' dir='ltr'><strong>et</strong></span> 
     </span>
    </p>
   </div>
   <div class='ocr_carea' id='block_1_46' title="bbox 1961 1906 3544 1978">
    <p class='ocr_par' dir='ltr' id='par_1_46' title="bbox 1961 1906 3544 1978">
     <span class='ocr_line' id='line_1_46' title="bbox 1961 1906 3544 1978; baseline 0 -17"><span class='ocrx_word' id='word_1_346' title='bbox 1961 1910 2398 1975; x_wconf 85' lang='lat' dir='ltr'><strong>coagmentatum</strong></span> <span class='ocrx_word' id='word_1_347' title='bbox 2447 1915 2678 1976; x_wconf 85' lang='lat' dir='ltr'><strong>augetur</strong></span> <span class='ocrx_word' id='word_1_348' title='bbox 2718 1906 3057 1964; x_wconf 90' lang='lat' dir='ltr'><strong>incremento</strong></span> <span class='ocrx_word' id='word_1_349' title='bbox 3112 1907 3248 1973; x_wconf 87' lang='lat' dir='ltr'><strong>Dei,</strong></span> <span class='ocrx_word' id='word_1_350' title='bbox 3307 1916 3367 1962; x_wconf 91' lang='lat' dir='ltr'><strong>ut</strong></span> <span class='ocrx_word' id='word_1_351' title='bbox 3393 1907 3544 1978; x_wconf 85' lang='lat' dir='ltr'><strong>Apo-</strong></span> 
     </span>
    </p>
   </div>
   <div class='ocr_carea' id='block_1_47' title="bbox 1962 1997 3551 2063">
    <p class='ocr_par' dir='ltr' id='par_1_47' title="bbox 1962 1997 3551 2063">
     <span class='ocr_line' id='line_1_47' title="bbox 1962 1997 3551 2063; baseline 0.001 -12"><span class='ocrx_word' id='word_1_352' title='bbox 1962 1997 2087 2053; x_wconf 86' lang='lat' dir='ltr'><strong>stoli</strong></span> <span class='ocrx_word' id='word_1_353' title='bbox 2116 1997 2296 2054; x_wconf 87' lang='lat' dir='ltr'><strong>verbis</strong></span> <span class='ocrx_word' id='word_1_354' title='bbox 2328 1997 2520 2063; x_wconf 64' lang='lat' dir='ltr'><strong>ut‘ar‘;</strong></span> <span class='ocrx_word' id='word_1_355' title='bbox 2554 1997 2652 2054; x_wconf 92' lang='lat' dir='ltr'><strong>sed</strong></span> <span class='ocrx_word' id='word_1_356' title='bbox 2682 2013 2842 2054; x_wconf 87' lang='lat' dir='ltr'><strong>aures</strong></span> <span class='ocrx_word' id='word_1_357' title='bbox 2867 2014 2996 2054; x_wconf 89' lang='lat' dir='ltr'><strong>suas</strong></span> <span class='ocrx_word' id='word_1_358' title='bbox 3029 1999 3332 2054; x_wconf 84' lang='lat' dir='ltr'><strong>alienorum</strong></span> <span class='ocrx_word' id='word_1_359' title='bbox 3370 1999 3551 2054; x_wconf 87' lang='lat' dir='ltr'><strong>homi-</strong></span> 
     </span>
    </p>
   </div>
   <div class='ocr_carea' id='block_1_48' title="bbox 1962 2088 3551 2161">
    <p class='ocr_par' dir='ltr' id='par_1_48' title="bbox 1962 2088 3551 2161">
     <span class='ocr_line' id='line_1_48' title="bbox 1962 2088 3551 2161; baseline -0.001 -17"><span class='ocrx_word' id='word_1_360' title='bbox 1962 2104 2093 2144; x_wconf 90' lang='lat' dir='ltr'><strong>num</strong></span> <span class='ocrx_word' id='word_1_361' title='bbox 2125 2088 2536 2146; x_wconf 88' lang='lat' dir='ltr'><strong>narrationibus</strong></span> <span class='ocrx_word' id='word_1_362' title='bbox 2577 2090 2887 2161; x_wconf 88' lang='lat' dir='ltr'><strong>perturbari</strong></span> <span class='ocrx_word' id='word_1_363' title='bbox 2919 2090 3210 2160; x_wconf 85' lang='lat' dir='ltr'><strong>patientes,</strong></span> <span class='ocrx_word' id='word_1_364' title='bbox 3245 2104 3353 2143; x_wconf 92' lang='lat' dir='ltr'><strong>non</strong></span> <span class='ocrx_word' id='word_1_365' title='bbox 3386 2088 3551 2145; x_wconf 90' lang='lat' dir='ltr'><strong>dissi-</strong></span> 
     </span>
    </p>
   </div>
   <div class='ocr_carea' id='block_1_49' title="bbox 1961 2176 3553 2249">
    <p class='ocr_par' dir='ltr' id='par_1_49' title="bbox 1961 2176 3553 2249">
     <span class='ocr_line' id='line_1_49' title="bbox 1961 2176 3553 2249; baseline 0.002 -17"><span class='ocrx_word' id='word_1_366' title='bbox 1961 2178 2076 2232; x_wconf 88' lang='lat' dir='ltr'><strong>mili</strong></span> <span class='ocrx_word' id='word_1_367' title='bbox 2108 2193 2173 2233; x_wconf 90' lang='lat' dir='ltr'><strong>ae</strong></span> <span class='ocrx_word' id='word_1_368' title='bbox 2208 2176 2554 2245; x_wconf 82' lang='lat' dir='ltr'><strong>Valentinus,</strong></span> <span class='ocrx_word' id='word_1_369' title='bbox 2583 2178 2787 2235; x_wconf 87' lang='lat' dir='ltr'><strong>Marcio</strong></span> <span class='ocrx_word' id='word_1_370' title='bbox 2835 2177 3278 2249; x_wconf 75' lang='lat' dir='ltr'><strong>Manichacusque</strong></span> <span class='ocrx_word' id='word_1_371' title='bbox 3318 2179 3553 2246; x_wconf 86' lang='lat' dir='ltr'><strong>ratione,</strong></span> 
     </span>
    </p>
   </div>
   <div class='ocr_carea' id='block_1_50' title="bbox 1962 2269 3551 2339">
    <p class='ocr_par' dir='ltr' id='par_1_50' title="bbox 1962 2269 3551 2339">
     <span class='ocr_line' id='line_1_50' title="bbox 1962 2269 3551 2339; baseline -0.001 -13"><span class='ocrx_word' id='word_1_372' title='bbox 1962 2270 2196 2326; x_wconf 89' lang='lat' dir='ltr'><strong>conﬁcta</strong></span> <span class='ocrx_word' id='word_1_373' title='bbox 2220 2270 2488 2339; x_wconf 66' lang='lat' dir='ltr'><strong>quaedam,</strong></span> <span class='ocrx_word' id='word_1_374' title='bbox 2520 2270 2575 2325; x_wconf 90' lang='lat' dir='ltr'><strong>in</strong></span> <span class='ocrx_word' id='word_1_375' title='bbox 2610 2270 2870 2327; x_wconf 89' lang='lat' dir='ltr'><strong>honorem</strong></span> <span class='ocrx_word' id='word_1_376' title='bbox 2900 2270 3108 2326; x_wconf 87' lang='lat' dir='ltr'><strong>scilicet</strong></span> <span class='ocrx_word' id='word_1_377' title='bbox 3139 2269 3369 2335; x_wconf 88' lang='lat' dir='ltr'><strong>Christi,</strong></span> <span class='ocrx_word' id='word_1_378' title='bbox 3399 2286 3551 2325; x_wconf 84' lang='lat' dir='ltr'><strong>men-</strong></span> 
     </span>
    </p>
   </div>
   <div class='ocr_carea' id='block_1_51' title="bbox 1962 2361 3548 2433">
    <p class='ocr_par' dir='ltr' id='par_1_51' title="bbox 1962 2361 3548 2433">
     <span class='ocr_line' id='line_1_51' title="bbox 1962 2361 3548 2433; baseline 0 -16"><span class='ocrx_word' id='word_1_379' title='bbox 1962 2361 2117 2417; x_wconf 88' lang='lat' dir='ltr'><strong>dacia</strong></span> <span class='ocrx_word' id='word_1_380' title='bbox 2149 2377 2247 2433; x_wconf 89' lang='lat' dir='ltr'><strong>pro</strong></span> <span class='ocrx_word' id='word_1_381' title='bbox 2286 2363 2428 2418; x_wconf 88' lang='lat' dir='ltr'><strong>veris</strong></span> <span class='ocrx_word' id='word_1_382' title='bbox 2465 2362 2809 2433; x_wconf 84' lang='lat' dir='ltr'><strong>dogmatibus</strong></span> <span class='ocrx_word' id='word_1_383' title='bbox 2838 2362 3156 2418; x_wconf 86' lang='lat' dir='ltr'><strong>obtrudunt.</strong></span> <span class='ocrx_word' id='word_1_384' title='bbox 3182 2362 3320 2417; x_wconf 89' lang='lat' dir='ltr'><strong>Cum</strong></span> <span class='ocrx_word' id='word_1_385' title='bbox 3339 2363 3485 2418; x_wconf 86' lang='lat' dir='ltr'><strong>enim</strong></span> <span class='ocrx_word' id='word_1_386' title='bbox 3515 2377 3548 2417; x_wconf 86' lang='lat' dir='ltr'><strong>a</strong></span> 
     </span>
    </p>
   </div>
   <div class='ocr_carea' id='block_1_52' title="bbox 1964 2454 3554 2524">
    <p class='ocr_par' dir='ltr' id='par_1_52' title="bbox 1964 2454 3554 2524">
     <span class='ocr_line' id='line_1_52' title="bbox 1964 2454 3554 2524; baseline -0.004 -12"><span class='ocrx_word' id='word_1_387' title='bbox 1964 2456 2123 2512; x_wconf 90' lang='lat' dir='ltr'><strong>nobis</strong></span> <span class='ocrx_word' id='word_1_388' title='bbox 2139 2455 2385 2521; x_wconf 89' lang='lat' dir='ltr'><strong>audiunt,</strong></span> <span class='ocrx_word' id='word_1_389' title='bbox 2403 2455 2678 2510; x_wconf 88' lang='lat' dir='ltr'><strong>Christum</strong></span> <span class='ocrx_word' id='word_1_390' title='bbox 2710 2463 2900 2510; x_wconf 88' lang='lat' dir='ltr'><strong>nostro</strong></span> <span class='ocrx_word' id='word_1_391' title='bbox 2919 2454 3086 2511; x_wconf 87' lang='lat' dir='ltr'><strong>fuisse</strong></span> <span class='ocrx_word' id='word_1_392' title='bbox 3116 2469 3344 2524; x_wconf 86' lang='lat' dir='ltr'><strong>corpore</strong></span> <span class='ocrx_word' id='word_1_393' title='bbox 3362 2454 3554 2523; x_wconf 69' lang='lat' dir='ltr'><strong>praedi-</strong></span> 
     </span>
    </p>
   </div>
   <div class='ocr_carea' id='block_1_53' title="bbox 1964 2547 3554 2618">
    <p class='ocr_par' dir='ltr' id='par_1_53' title="bbox 1964 2547 3554 2618">
     <span class='ocr_line' id='line_1_53' title="bbox 1964 2547 3554 2618; baseline -0.003 -15"><span class='ocrx_word' id='word_1_394' title='bbox 1964 2557 2100 2613; x_wconf 86' lang='lat' dir='ltr'><strong>tum,</strong></span> <span class='ocrx_word' id='word_1_395' title='bbox 2134 2548 2315 2603; x_wconf 85' lang='lat' dir='ltr'><strong>statim</strong></span> <span class='ocrx_word' id='word_1_396' title='bbox 2348 2547 2415 2602; x_wconf 88' lang='lat' dir='ltr'><strong>ad</strong></span> <span class='ocrx_word' id='word_1_397' title='bbox 2447 2547 2635 2603; x_wconf 90' lang='lat' dir='ltr'><strong>inanes</strong></span> <span class='ocrx_word' id='word_1_398' title='bbox 2663 2562 2727 2603; x_wconf 90' lang='lat' dir='ltr'><strong>ae</strong></span> <span class='ocrx_word' id='word_1_399' title='bbox 2764 2547 3077 2618; x_wconf 80' lang='lat' dir='ltr'><strong>pertinacia:</strong></span> <span class='ocrx_word' id='word_1_400' title='bbox 3108 2562 3221 2607; x_wconf 71' lang='lat' dir='ltr'><strong>suae</strong></span> <span class='ocrx_word' id='word_1_401' title='bbox 3257 2556 3519 2602; x_wconf 87' lang='lat' dir='ltr'><strong>eonsenta</strong></span> <span class='ocrx_word' id='word_1_402' title='bbox 3542 2575 3554 2587; x_wconf 70' lang='grc' dir='ltr'><strong><em>ο</em></strong></span> 
     </span>
    </p>
   </div>
   <div class='ocr_carea' id='block_1_54' title="bbox 1964 2638 3558 2711">
    <p class='ocr_par' dir='ltr' id='par_1_54' title="bbox 1964 2638 3558 2711">
     <span class='ocr_line' id='line_1_54' title="bbox 1964 2638 3558 2711; baseline -0.002 -14"><span class='ocrx_word' id='word_1_403' title='bbox 1964 2657 2096 2697; x_wconf 90' lang='lat' dir='ltr'><strong>neas</strong></span> <span class='ocrx_word' id='word_1_404' title='bbox 2135 2656 2256 2698; x_wconf 88' lang='lat' dir='ltr'><strong>sese</strong></span> <span class='ocrx_word' id='word_1_405' title='bbox 2283 2641 2495 2696; x_wconf 84' lang='lat' dir='ltr'><strong>fabulas</strong></span> <span class='ocrx_word' id='word_1_406' title='bbox 2523 2640 2878 2697; x_wconf 85' lang='lat' dir='ltr'><strong>transferunt.</strong></span> <span class='ocrx_word' id='word_1_407' title='bbox 2911 2638 3047 2695; x_wconf 82' lang='lat' dir='ltr'><strong>Nam</strong></span> <span class='ocrx_word' id='word_1_408' title='bbox 3078 2655 3287 2711; x_wconf 86' lang='lat' dir='ltr'><strong>ungues</strong></span> <span class='ocrx_word' id='word_1_409' title='bbox 3317 2639 3468 2693; x_wconf 89' lang='lat' dir='ltr'><strong>illum</strong></span> <span class='ocrx_word' id='word_1_410' title='bbox 3499 2649 3558 2695; x_wconf 77' lang='lat' dir='ltr'><strong>et</strong></span> 
     </span>
    </p>
   </div>
   <div class='ocr_carea' id='block_1_55' title="bbox 1964 2730 3550 2804">
    <p class='ocr_par' dir='ltr' id='par_1_55' title="bbox 1964 2730 3550 2804">
     <span class='ocr_line' id='line_1_55' title="bbox 1964 2730 3550 2804; baseline -0.003 -15"><span class='ocrx_word' id='word_1_411' title='bbox 1964 2749 2186 2791; x_wconf 90' lang='lat' dir='ltr'><strong>carnem</strong></span> <span class='ocrx_word' id='word_1_412' title='bbox 2218 2749 2281 2789; x_wconf 87' lang='lat' dir='ltr'><strong>ac</strong></span> <span class='ocrx_word' id='word_1_413' title='bbox 2307 2735 2530 2804; x_wconf 89' lang='lat' dir='ltr'><strong>capillos</strong></span> <span class='ocrx_word' id='word_1_414' title='bbox 2563 2742 2866 2802; x_wconf 80' lang='lat' dir='ltr'><strong>caeteraque</strong></span> <span class='ocrx_word' id='word_1_415' title='bbox 2900 2732 3084 2787; x_wconf 90' lang='lat' dir='ltr'><strong>omnia</strong></span> <span class='ocrx_word' id='word_1_416' title='bbox 3123 2747 3232 2786; x_wconf 91' lang='lat' dir='ltr'><strong>non</strong></span> <span class='ocrx_word' id='word_1_417' title='bbox 3260 2730 3550 2800; x_wconf 81' lang='lat' dir='ltr'><strong>ejusmodi,</strong></span> 
     </span>
    </p>
   </div>
   <div class='ocr_carea' id='block_1_56' title="bbox 1965 2823 3562 2898">
    <p class='ocr_par' dir='ltr' id='par_1_56' title="bbox 1965 2823 3562 2898">
     <span class='ocr_line' id='line_1_56' title="bbox 1965 2823 3562 2898; baseline -0.003 -17"><span class='ocrx_word' id='word_1_418' title='bbox 1965 2826 2148 2898; x_wconf 91' lang='lat' dir='ltr'><strong>qualia</strong></span> <span class='ocrx_word' id='word_1_419' title='bbox 2196 2827 2252 2881; x_wconf 88' lang='lat' dir='ltr'><strong>in</strong></span> <span class='ocrx_word' id='word_1_420' title='bbox 2303 2826 2459 2881; x_wconf 90' lang='lat' dir='ltr'><strong>nobis</strong></span> <span class='ocrx_word' id='word_1_421' title='bbox 2509 2825 2719 2892; x_wconf 84' lang='lat' dir='ltr'><strong>insunt,</strong></span> <span class='ocrx_word' id='word_1_422' title='bbox 2768 2825 3028 2881; x_wconf 87' lang='lat' dir='ltr'><strong>habuisse</strong></span> <span class='ocrx_word' id='word_1_423' title='bbox 3078 2823 3409 2895; x_wconf 60' lang='lat' dir='ltr'><strong>praedicant,</strong></span> <span class='ocrx_word' id='word_1_424' title='bbox 3459 2823 3562 2878; x_wconf 81' lang='lat' dir='ltr'><strong>sed</strong></span> 
     </span>
    </p>
   </div>
   <div class='ocr_carea' id='block_1_57' title="bbox 1966 2914 3558 2988">
    <p class='ocr_par' dir='ltr' id='par_1_57' title="bbox 1966 2914 3558 2988">
     <span class='ocr_line' id='line_1_57' title="bbox 1966 2914 3558 2988; baseline -0.004 -15"><span class='ocrx_word' id='word_1_425' title='bbox 1966 2932 2177 2988; x_wconf 87' lang='lat' dir='ltr'><strong>ungues</strong></span> <span class='ocrx_word' id='word_1_426' title='bbox 2227 2931 2258 2971; x_wconf 91' lang='lat' dir='ltr'><strong>a</strong></span> <span class='ocrx_word' id='word_1_427' title='bbox 2307 2916 2511 2971; x_wconf 90' lang='lat' dir='ltr'><strong>nostris</strong></span> <span class='ocrx_word' id='word_1_428' title='bbox 2554 2915 2821 2977; x_wconf 88' lang='lat' dir='ltr'><strong>diversos,</strong></span> <span class='ocrx_word' id='word_1_429' title='bbox 2869 2914 3164 2984; x_wconf 76' lang='lat' dir='ltr'><strong>itidemque</strong></span> <span class='ocrx_word' id='word_1_430' title='bbox 3213 2928 3434 2968; x_wconf 86' lang='lat' dir='ltr'><strong>carnem</strong></span> <span class='ocrx_word' id='word_1_431' title='bbox 3492 2928 3558 2967; x_wconf 91' lang='lat' dir='ltr'><strong>ac</strong></span> 
     </span>
    </p>
   </div>
   <div class='ocr_carea' id='block_1_58' title="bbox 271 3004 1866 3081">
    <p class='ocr_par' dir='ltr' id='par_1_58' title="bbox 271 3004 1866 3077">
     <span class='ocr_line' id='line_1_58' title="bbox 271 3004 1866 3077; baseline -0.004 -15"><span class='ocrx_word' id='word_1_432' title='bbox 271 3007 415 3062; x_wconf 84' lang='grc' dir='ltr'><strong>ἀλλά</strong></span> <span class='ocrx_word' id='word_1_433' title='bbox 446 3006 630 3060; x_wconf 84' lang='grc' dir='ltr'>ἀλλοῖα</span> <span class='ocrx_word' id='word_1_434' title='bbox 660 3004 814 3077; x_wconf 63' lang='grc' dir='ltr'>παρὰ</span> <span class='ocrx_word' id='word_1_435' title='bbox 848 3004 916 3058; x_wconf 83' lang='grc' dir='ltr'>τὰ</span> <span class='ocrx_word' id='word_1_436' title='bbox 960 3004 1241 3075; x_wconf 80' lang='grc' dir='ltr'>ἡμέτερα·</span> <span class='ocrx_word' id='word_1_437' title='bbox 1283 3006 1443 3076; x_wconf 77' lang='grc' dir='ltr'>δῆθεν</span> <span class='ocrx_word' id='word_1_438' title='bbox 1480 3005 1641 3061; x_wconf 86' lang='grc' dir='ltr'>πάλιν</span> <span class='ocrx_word' id='word_1_439' title='bbox 1690 3005 1866 3074; x_wconf 87' lang='grc' dir='ltr'>βουλό-</span> 
     </span>
    </p>
   </div>
   <div class='ocr_carea' id='block_1_59' title="bbox 1975 3004 3558 3081">
    <p class='ocr_par' dir='ltr' id='par_1_59' title="bbox 1975 3004 3558 3081">
     <span class='ocr_line' id='line_1_59' title="bbox 1975 3004 3558 3081; baseline -0.004 -16"><span class='ocrx_word' id='word_1_440' title='bbox 1975 3010 2177 3081; x_wconf 90' lang='lat' dir='ltr'><strong>reliqua</strong></span> <span class='ocrx_word' id='word_1_441' title='bbox 2205 3008 2259 3063; x_wconf 90' lang='lat' dir='ltr'><strong>id</strong></span> <span class='ocrx_word' id='word_1_442' title='bbox 2288 3025 2460 3079; x_wconf 88' lang='lat' dir='ltr'><strong>genus</strong></span> <span class='ocrx_word' id='word_1_443' title='bbox 2499 3023 2607 3063; x_wconf 91' lang='lat' dir='ltr'><strong>non</strong></span> <span class='ocrx_word' id='word_1_444' title='bbox 2648 3008 2846 3062; x_wconf 90' lang='lat' dir='ltr'><strong>similia</strong></span> <span class='ocrx_word' id='word_1_445' title='bbox 2878 3013 3214 3070; x_wconf 89' lang='lat' dir='ltr'><strong>nostrorum,</strong></span> <span class='ocrx_word' id='word_1_446' title='bbox 3255 3006 3349 3061; x_wconf 85' lang='lat' dir='ltr'><strong>sed</strong></span> <span class='ocrx_word' id='word_1_447' title='bbox 3390 3005 3457 3058; x_wconf 89' lang='lat' dir='ltr'><strong>ab</strong></span> <span class='ocrx_word' id='word_1_448' title='bbox 3490 3004 3558 3059; x_wconf 92' lang='lat' dir='ltr'><strong>iis</strong></span> 
     </span>
    </p>
   </div>
   <div class='ocr_carea' id='block_1_60' title="bbox 276 3084 1866 3170">
    <p class='ocr_par' dir='ltr' id='par_1_60' title="bbox 276 3095 1866 3170">
     <span class='ocr_line' id='line_1_60' title="bbox 276 3095 1866 3170; baseline -0.002 -18"><span class='ocrx_word' id='word_1_449' title='bbox 276 3117 433 3170; x_wconf 88' lang='grc' dir='ltr'>μενοι</span> <span class='ocrx_word' id='word_1_450' title='bbox 463 3097 790 3167; x_wconf 81' lang='grc' dir='ltr'>σοφιστικῶς</span> <span class='ocrx_word' id='word_1_451' title='bbox 826 3095 904 3167; x_wconf 82' lang='grc' dir='ltr'><strong>τῷ</strong></span> <span class='ocrx_word' id='word_1_452' title='bbox 951 3095 1174 3165; x_wconf 85' lang='grc' dir='ltr'>Χριστῷ</span> <span class='ocrx_word' id='word_1_453' title='bbox 1209 3097 1557 3168; x_wconf 85' lang='grc' dir='ltr'>χαρίσασθαι,</span> <span class='ocrx_word' id='word_1_454' title='bbox 1603 3096 1745 3152; x_wconf 74' lang='grc' dir='ltr'>κατὰ</span> <span class='ocrx_word' id='word_1_455' title='bbox 1774 3096 1866 3151; x_wconf 75' lang='grc' dir='ltr'><strong>τὸν</strong></span> 
     </span>
    </p>
   </div>
   <div class='ocr_carea' id='block_1_61' title="bbox 1975 3084 3557 3170">
    <p class='ocr_par' dir='ltr' id='par_1_61' title="bbox 1975 3095 3557 3170">
     <span class='ocr_line' id='line_1_61' title="bbox 1975 3095 3557 3170; baseline -0.004 -15"><span class='ocrx_word' id='word_1_456' title='bbox 1975 3102 2130 3170; x_wconf 90' lang='lat' dir='ltr'><strong>longe</strong></span> <span class='ocrx_word' id='word_1_457' title='bbox 2161 3099 2551 3170; x_wconf 82' lang='lat' dir='ltr'><strong>discrepantia.</strong></span> <span class='ocrx_word' id='word_1_458' title='bbox 2592 3098 2806 3169; x_wconf 79' lang='lat'><strong>1009</strong></span> <span class='ocrx_word' id='word_1_459' title='bbox 2849 3097 3115 3153; x_wconf 89' lang='lat' dir='ltr'><strong>Nimirum</strong></span> <span class='ocrx_word' id='word_1_460' title='bbox 3168 3105 3230 3152; x_wconf 91' lang='lat' dir='ltr'><strong>ut</strong></span> <span class='ocrx_word' id='word_1_461' title='bbox 3287 3095 3557 3151; x_wconf 83' lang='lat' dir='ltr'><strong>Valentini</strong></span> 
     </span>
    </p>
   </div>
   <div class='ocr_carea' id='block_1_62' title="bbox 274 3188 1866 3261">
    <p class='ocr_par' dir='ltr' id='par_1_62' title="bbox 274 3189 1866 3261">
     <span class='ocr_line' id='line_1_62' title="bbox 274 3189 1866 3261; baseline -0.001 -16"><span class='ocrx_word' id='word_1_462' title='bbox 274 3192 627 3245; x_wconf 79' lang='grc' dir='ltr'>Ούαλεντῖνον</span> <span class='ocrx_word' id='word_1_463' title='bbox 660 3193 754 3244; x_wconf 77' lang='grc' dir='ltr'><strong>καὶ</strong></span> <span class='ocrx_word' id='word_1_464' title='bbox 791 3190 890 3255; x_wconf 80' lang='grc' dir='ltr'>τὰς</span> <span class='ocrx_word' id='word_1_465' title='bbox 931 3189 1232 3259; x_wconf 74' lang='grc' dir='ltr'>εἰρημένας</span> <span class='ocrx_word' id='word_1_466' title='bbox 1282 3192 1545 3261; x_wconf 77' lang='grc' dir='ltr'>αἱρέσεις,</span> <span class='ocrx_word' id='word_1_467' title='bbox 1585 3192 1711 3253; x_wconf 77' lang='grc' dir='ltr'>τοὺς</span> <span class='ocrx_word' id='word_1_468' title='bbox 1761 3206 1866 3259; x_wconf 84' lang='grc' dir='ltr'>μα-</span> 
     </span>
    </p>
   </div>
   <div class='ocr_carea' id='block_1_63' title="bbox 1975 3188 3557 3261">
    <p class='ocr_par' dir='ltr' id='par_1_63' title="bbox 1975 3188 3557 3261">
     <span class='ocr_line' id='line_1_63' title="bbox 1975 3188 3557 3261; baseline -0.004 -13"><span class='ocrx_word' id='word_1_469' title='bbox 1975 3207 2036 3249; x_wconf 89' lang='lat' dir='ltr'><strong>ac</strong></span> <span class='ocrx_word' id='word_1_470' title='bbox 2064 3202 2404 3256; x_wconf 67' lang='lat' dir='ltr'><strong>caatcrarum,</strong></span> <span class='ocrx_word' id='word_1_471' title='bbox 2434 3205 2573 3261; x_wconf 86' lang='lat' dir='ltr'><strong>quas</strong></span> <span class='ocrx_word' id='word_1_472' title='bbox 2601 3198 2759 3246; x_wconf 89' lang='lat' dir='ltr'><strong>antea</strong></span> <span class='ocrx_word' id='word_1_473' title='bbox 2789 3188 3359 3253; x_wconf 84' lang='lat' dir='ltr'><strong>commemoravimus,</strong></span> <span class='ocrx_word' id='word_1_474' title='bbox 3390 3188 3557 3242; x_wconf 82' lang='lat' dir='ltr'><strong>haere-</strong></span> 
     </span>
    </p>
   </div>
   <div class='ocr_carea' id='block_1_64' title="bbox 274 3281 1871 3355">
    <p class='ocr_par' dir='ltr' id='par_1_64' title="bbox 274 3281 1871 3355">
     <span class='ocr_line' id='line_1_64' title="bbox 274 3281 1871 3355; baseline -0.002 -18"><span class='ocrx_word' id='word_1_475' title='bbox 274 3285 464 3338; x_wconf 78' lang='grc' dir='ltr'>ταίους</span> <span class='ocrx_word' id='word_1_476' title='bbox 504 3284 712 3352; x_wconf 86' lang='grc' dir='ltr'>λόγους.</span> <span class='ocrx_word' id='word_1_477' title='bbox 762 3283 995 3354; x_wconf 86' lang='grc' dir='ltr'>Λέγουσι</span> <span class='ocrx_word' id='word_1_478' title='bbox 1045 3288 1183 3355; x_wconf 82' lang='grc' dir='ltr'>γὰρ,</span> <span class='ocrx_word' id='word_1_479' title='bbox 1282 3285 1410 3339; x_wconf 81' lang='grc' dir='ltr'>ὅταν</span> <span class='ocrx_word' id='word_1_480' title='bbox 1455 3281 1691 3353; x_wconf 82' lang='grc' dir='ltr'>Χριστοῦ</span> <span class='ocrx_word' id='word_1_481' title='bbox 1741 3283 1871 3350; x_wconf 82' lang='grc' dir='ltr'>ὁμο-</span> 
     </span>
    </p>
   </div>
   <div class='ocr_carea' id='block_1_65' title="bbox 276 3374 1871 3450">
    <p class='ocr_par' dir='ltr' id='par_1_65' title="bbox 276 3374 1871 3450">
     <span class='ocr_line' id='line_1_65' title="bbox 276 3374 1871 3450; baseline -0.002 -20"><span class='ocrx_word' id='word_1_482' title='bbox 276 3379 602 3449; x_wconf 84' lang='grc' dir='ltr'>λογήσωμεν</span> <span class='ocrx_word' id='word_1_483' title='bbox 648 3377 869 3442; x_wconf 82' lang='grc' dir='ltr'>τελείως</span> <span class='ocrx_word' id='word_1_484' title='bbox 917 3378 987 3433; x_wconf 83' lang='grc' dir='ltr'><strong>τά</strong></span> <span class='ocrx_word' id='word_1_485' title='bbox 1039 3378 1239 3441; x_wconf 83' lang='grc' dir='ltr'>πάντα,</span> <span class='ocrx_word' id='word_1_486' title='bbox 1301 3374 1633 3450; x_wconf 70' lang='grc' dir='ltr'>περιέργως,</span> <span class='ocrx_word' id='word_1_487' title='bbox 1669 3374 1871 3446; x_wconf 81' lang='grc' dir='ltr'>γέγρα-</span> 
     </span>
    </p>
   </div>
   <div class='ocr_carea' id='block_1_66' title="bbox 280 3464 1872 3540">
    <p class='ocr_par' dir='ltr' id='par_1_66' title="bbox 280 3464 1872 3540">
     <span class='ocr_line' id='line_1_66' title="bbox 280 3464 1872 3540; baseline -0.003 -17"><span class='ocrx_word' id='word_1_488' title='bbox 280 3487 415 3524; x_wconf 82' lang='grc' dir='ltr'>πται</span> <span class='ocrx_word' id='word_1_489' title='bbox 446 3471 466 3500; x_wconf 86' lang='grc'>¹</span> <span class='ocrx_word' id='word_1_490' title='bbox 498 3469 628 3540; x_wconf 79' lang='grc' dir='ltr'>περὶ</span> <span class='ocrx_word' id='word_1_491' title='bbox 655 3468 763 3521; x_wconf 85' lang='grc' dir='ltr'><strong>τῶν</strong></span> <span class='ocrx_word' id='word_1_492' title='bbox 792 3468 1052 3522; x_wconf 89' lang='grc' dir='ltr'>τοιούτων</span> <span class='ocrx_word' id='word_1_493' title='bbox 1080 3468 1188 3523; x_wconf 87' lang='grc' dir='ltr'><strong>τῶν</strong></span> <span class='ocrx_word' id='word_1_494' title='bbox 1211 3464 1744 3539; x_wconf 72' lang='grc' dir='ltr'>περιεργαζομένων,</span> <span class='ocrx_word' id='word_1_495' title='bbox 1777 3465 1872 3519; x_wconf 75' lang='grc' dir='ltr'>καὶ</span> 
     </span>
    </p>
   </div>
   <div class='ocr_carea' id='block_1_67' title="bbox 283 3556 1872 3631">
    <p class='ocr_par' dir='ltr' id='par_1_67' title="bbox 283 3556 1872 3631">
     <span class='ocr_line' id='line_1_67' title="bbox 283 3556 1872 3631; baseline -0.003 -18"><span class='ocrx_word' id='word_1_496' title='bbox 283 3561 451 3631; x_wconf 87' lang='grc' dir='ltr'>μηδὲν</span> <span class='ocrx_word' id='word_1_497' title='bbox 501 3560 914 3630; x_wconf 67' lang='grc' dir='ltr'><strong>ἐργαζομένων⁹</strong></span> <span class='ocrx_word' id='word_1_498' title='bbox 964 3559 1262 3630; x_wconf 87' lang='grc' dir='ltr'>πτύροντες</span> <span class='ocrx_word' id='word_1_499' title='bbox 1315 3559 1424 3629; x_wconf 77' lang='grc' dir='ltr'><strong>γὰρ</strong></span> <span class='ocrx_word' id='word_1_500' title='bbox 1479 3558 1581 3629; x_wconf 80' lang='grc' dir='ltr'>τὴν</span> <span class='ocrx_word' id='word_1_501' title='bbox 1631 3556 1872 3612; x_wconf 83' lang='grc' dir='ltr'>διάνοιαν</span> 
     </span>
    </p>
   </div>
   <div class='ocr_carea' id='block_1_68' title="bbox 279 3648 1873 3723">
    <p class='ocr_par' dir='ltr' id='par_1_68' title="bbox 279 3648 1873 3723">
     <span class='ocr_line' id='line_1_68' title="bbox 279 3648 1873 3723; baseline -0.002 -19"><span class='ocrx_word' id='word_1_502' title='bbox 279 3651 393 3706; x_wconf 88' lang='grc' dir='ltr'><strong>τῶν</strong></span> <span class='ocrx_word' id='word_1_503' title='bbox 425 3652 848 3723; x_wconf 83' lang='grc' dir='ltr'>ἀκεραιοτέρων,</span> <span class='ocrx_word' id='word_1_504' title='bbox 910 3651 1072 3714; x_wconf 78' lang='grc' dir='ltr'>εὐθὺς</span> <span class='ocrx_word' id='word_1_505' title='bbox 1101 3651 1377 3719; x_wconf 80' lang='grc' dir='ltr'>λέγουσιν’</span> <span class='ocrx_word' id='word_1_506' title='bbox 1434 3648 1643 3702; x_wconf 84' lang='grc' dir='ltr'>Ούκοῦν</span> <span class='ocrx_word' id='word_1_507' title='bbox 1687 3648 1873 3719; x_wconf 88' lang='grc' dir='ltr'>χρείαν</span> 
     </span>
    </p>
   </div>
   <div class='ocr_carea' id='block_1_69' title="bbox 281 3739 1873 3814">
    <p class='ocr_par' dir='ltr' id='par_1_69' title="bbox 281 3739 1873 3814">
     <span class='ocr_line' id='line_1_69' title="bbox 281 3739 1873 3814; baseline -0.001 -19"><span class='ocrx_word' id='word_1_508' title='bbox 281 3743 411 3814; x_wconf 77' lang='grc' dir='ltr'>ἔσχε</span> <span class='ocrx_word' id='word_1_509' title='bbox 455 3744 566 3811; x_wconf 78' lang='grc'><strong>(95)</strong></span> <span class='ocrx_word' id='word_1_510' title='bbox 619 3742 727 3796; x_wconf 86' lang='grc' dir='ltr'><strong>τῶν</strong></span> <span class='ocrx_word' id='word_1_511' title='bbox 774 3743 915 3796; x_wconf 85' lang='grc' dir='ltr'>κατὰ</span> <span class='ocrx_word' id='word_1_512' title='bbox 961 3742 1062 3814; x_wconf 87' lang='grc' dir='ltr'>τῆς</span> <span class='ocrx_word' id='word_1_513' title='bbox 1112 3742 1311 3813; x_wconf 85' lang='grc' dir='ltr'>σαρκὸς</span> <span class='ocrx_word' id='word_1_514' title='bbox 1379 3741 1688 3812; x_wconf 86' lang='grc' dir='ltr'>συνήθειαν,</span> <span class='ocrx_word' id='word_1_515' title='bbox 1730 3741 1763 3811; x_wconf 83' lang='grc' dir='ltr'>ἢ</span> <span class='ocrx_word' id='word_1_516' title='bbox 1804 3739 1873 3793; x_wconf 83' lang='grc' dir='ltr'>τὰ</span> 
     </span>
    </p>
   </div>
   <div class='ocr_carea' id='block_1_70' title="bbox 282 3832 1872 3907">
    <p class='ocr_par' dir='ltr' id='par_1_70' title="bbox 282 3832 1872 3907">
     <span class='ocr_line' id='line_1_70' title="bbox 282 3832 1872 3907; baseline -0.002 -18"><span class='ocrx_word' id='word_1_517' title='bbox 282 3836 421 3906; x_wconf 82' lang='grc' dir='ltr'>πρὸς</span> <span class='ocrx_word' id='word_1_518' title='bbox 456 3838 807 3907; x_wconf 81' lang='grc' dir='ltr'>ὲκτοπισμὸν,</span> <span class='ocrx_word' id='word_1_519' title='bbox 842 3836 877 3907; x_wconf 82' lang='grc' dir='ltr'>ἢ</span> <span class='ocrx_word' id='word_1_520' title='bbox 915 3835 988 3889; x_wconf 87' lang='grc' dir='ltr'>τὰ</span> <span class='ocrx_word' id='word_1_521' title='bbox 1027 3835 1164 3907; x_wconf 79' lang='grc' dir='ltr'>πρὸς</span> <span class='ocrx_word' id='word_1_522' title='bbox 1212 3834 1518 3905; x_wconf 77' lang='grc' dir='ltr'>ἀφεδρῶνα,</span> <span class='ocrx_word' id='word_1_523' title='bbox 1552 3834 1586 3903; x_wconf 86' lang='grc' dir='ltr'>ἢ</span> <span class='ocrx_word' id='word_1_524' title='bbox 1619 3832 1688 3887; x_wconf 81' lang='grc' dir='ltr'>τὰ</span> <span class='ocrx_word' id='word_1_525' title='bbox 1716 3832 1872 3897; x_wconf 83' lang='grc' dir='ltr'>ἄλλα,</span> 
     </span>
    </p>
   </div>
   <div class='ocr_carea' id='block_1_71' title="bbox 284 3925 1873 4000">
    <p class='ocr_par' dir='ltr' id='par_1_71' title="bbox 284 3925 1873 4000">
     <span class='ocr_line' id='line_1_71' title="bbox 284 3925 1873 4000; baseline -0.003 -17"><span class='ocrx_word' id='word_1_526' title='bbox 284 3931 496 4000; x_wconf 82' lang='grc' dir='ltr'>ὅσαπερ</span> <span class='ocrx_word' id='word_1_527' title='bbox 540 3929 687 3982; x_wconf 86' lang='grc' dir='ltr'>δοκεῖ</span> <span class='ocrx_word' id='word_1_528' title='bbox 722 3926 861 3983; x_wconf 76' lang='grc' dir='ltr'>εἶναι</span> <span class='ocrx_word' id='word_1_529' title='bbox 907 3929 1066 3997; x_wconf 68' lang='grc' dir='ltr'>σοφὰ,</span> <span class='ocrx_word' id='word_1_530' title='bbox 1116 3926 1265 3981; x_wconf 85' lang='grc' dir='ltr'>δεινά</span> <span class='ocrx_word' id='word_1_531' title='bbox 1306 3927 1361 3979; x_wconf 79' lang='grc' dir='ltr'><strong>δὲ</strong></span> <span class='ocrx_word' id='word_1_532' title='bbox 1399 3926 1733 3997; x_wconf 85' lang='grc' dir='ltr'>τυγχάνοντα</span> <span class='ocrx_word' id='word_1_533' title='bbox 1781 3925 1873 3979; x_wconf 76' lang='grc' dir='ltr'>καὶ</span> 
     </span>
    </p>
   </div>
   <div class='ocr_carea' id='block_1_72' title="bbox 283 4016 1875 4091">
    <p class='ocr_par' dir='ltr' id='par_1_72' title="bbox 283 4016 1875 4091">
     <span class='ocr_line' id='line_1_72' title="bbox 283 4016 1875 4091; baseline -0.003 -19"><span class='ocrx_word' id='word_1_534' title='bbox 283 4018 502 4091; x_wconf 76' lang='grc' dir='ltr'>ληρώδη</span> <span class='ocrx_word' id='word_1_535' title='bbox 555 4019 775 4089; x_wconf 85' lang='grc' dir='ltr'>μᾶλλον,</span> <span class='ocrx_word' id='word_1_536' title='bbox 825 4018 900 4084; x_wconf 83' lang='grc' dir='ltr'>ὥς</span> <span class='ocrx_word' id='word_1_537' title='bbox 950 4033 1116 4087; x_wconf 81' lang='grc' dir='ltr'>φησιν</span> <span class='ocrx_word' id='word_1_538' title='bbox 1171 4017 1200 4070; x_wconf 84' lang='grc' dir='ltr'>ὁ</span> <span class='ocrx_word' id='word_1_539' title='bbox 1253 4017 1567 4087; x_wconf 84' lang='grc' dir='ltr'>προφήτης·</span> <span class='ocrx_word' id='word_1_540' title='bbox 1622 4016 1717 4082; x_wconf 83' lang='grc' dir='ltr'>Τίς</span> <span class='ocrx_word' id='word_1_541' title='bbox 1763 4017 1875 4085; x_wconf 78' lang='grc' dir='ltr'>γὰρ</span> 
     </span>
    </p>
   </div>
   <div class='ocr_carea' id='block_1_73' title="bbox 284 4106 1874 4179">
    <p class='ocr_par' dir='ltr' id='par_1_73' title="bbox 284 4106 1874 4179">
     <span class='ocr_line' id='line_1_73' title="bbox 284 4106 1874 4179; baseline -0.004 -14"><span class='ocrx_word' id='word_1_542' title='bbox 284 4110 535 4177; x_wconf 73' lang='grc' dir='ltr'>ἐζήτησε</span> <span class='ocrx_word' id='word_1_543' title='bbox 566 4110 753 4164; x_wconf 83' lang='grc' dir='ltr'>ταῦτα</span> <span class='ocrx_word' id='word_1_544' title='bbox 793 4110 862 4164; x_wconf 80' lang='grc' dir='ltr'>ἐκ</span> <span class='ocrx_word' id='word_1_545' title='bbox 899 4109 1017 4164; x_wconf 76' lang='grc' dir='ltr'><strong>τῶν</strong></span> <span class='ocrx_word' id='word_1_546' title='bbox 1054 4108 1268 4179; x_wconf 79' lang='grc' dir='ltr'>χειρῶν</span> <span class='ocrx_word' id='word_1_547' title='bbox 1300 4106 1513 4177; x_wconf 56' lang='lat' dir='ltr'><strong>eger,-</strong></span> <span class='ocrx_word' id='word_1_548' title='bbox 1558 4107 1693 4178; x_wconf 76' lang='grc' dir='ltr'>Περὶ</span> <span class='ocrx_word' id='word_1_549' title='bbox 1731 4106 1874 4171; x_wconf 86' lang='grc' dir='ltr'>τίνος</span> 
     </span>
    </p>
   </div>
   <div class='ocr_carea' id='block_1_74' title="bbox 285 4196 1873 4268">
    <p class='ocr_par' dir='ltr' id='par_1_74' title="bbox 285 4196 1873 4268">
     <span class='ocr_line' id='line_1_74' title="bbox 285 4196 1873 4268; baseline -0.001 -18"><span class='ocrx_word' id='word_1_550' title='bbox 285 4197 395 4268; x_wconf 79' lang='grc' dir='ltr'>γὰρ</span> <span class='ocrx_word' id='word_1_551' title='bbox 424 4197 533 4251; x_wconf 84' lang='grc' dir='ltr'><strong>τῶν</strong></span> <span class='ocrx_word' id='word_1_552' title='bbox 563 4196 757 4265; x_wconf 84' lang='grc' dir='ltr'>ἁγίων,</span> <span class='ocrx_word' id='word_1_553' title='bbox 782 4196 958 4250; x_wconf 85' lang='grc' dir='ltr'>καίτοι</span> <span class='ocrx_word' id='word_1_554' title='bbox 983 4213 1049 4265; x_wconf 89' lang='grc' dir='ltr'><strong>γε</strong></span> <span class='ocrx_word' id='word_1_555' title='bbox 1077 4196 1380 4268; x_wconf 84' lang='grc' dir='ltr'>ἀνθρώπων</span> <span class='ocrx_word' id='word_1_556' title='bbox 1408 4196 1576 4251; x_wconf 80' lang='grc' dir='ltr'>ὅντων</span> <span class='ocrx_word' id='word_1_557' title='bbox 1602 4197 1712 4250; x_wconf 86' lang='grc' dir='ltr'><strong>τῶν</strong></span> <span class='ocrx_word' id='word_1_558' title='bbox 1736 4214 1873 4267; x_wconf 88' lang='grc' dir='ltr'>προ-</span> 
     </span>
    </p>
   </div>
   <div class='ocr_carea' id='block_1_75' title="bbox 284 4285 1875 4355">
    <p class='ocr_par' dir='ltr' id='par_1_75' title="bbox 284 4285 1875 4355">
     <span class='ocr_line' id='line_1_75' title="bbox 284 4285 1875 4355; baseline 0.001 -18"><span class='ocrx_word' id='word_1_559' title='bbox 284 4285 496 4355; x_wconf 81' lang='grc' dir='ltr'>φητῶν,</span> <span class='ocrx_word' id='word_1_560' title='bbox 530 4286 625 4338; x_wconf 73' lang='grc' dir='ltr'><strong>καὶ</strong></span> <span class='ocrx_word' id='word_1_561' title='bbox 655 4286 716 4338; x_wconf 82' lang='grc' dir='ltr'><strong>οὐ</strong></span> <span class='ocrx_word' id='word_1_562' title='bbox 748 4285 904 4347; x_wconf 88' lang='grc' dir='ltr'>θεῶν,</span> <span class='ocrx_word' id='word_1_563' title='bbox 947 4288 1043 4341; x_wconf 74' lang='grc' dir='ltr'>καὶ</span> <span class='ocrx_word' id='word_1_564' title='bbox 1081 4285 1502 4355; x_wconf 86' lang='grc' dir='ltr'>εύαγγελιστῶν,</span> <span class='ocrx_word' id='word_1_565' title='bbox 1540 4286 1634 4340; x_wconf 69' lang='grc' dir='ltr'><strong>κα)⁵</strong></span> <span class='ocrx_word' id='word_1_566' title='bbox 1673 4286 1875 4340; x_wconf 87' lang='grc' dir='ltr'>λοιπῶν</span> 
     </span>
    </p>
   </div>
   <div class='ocr_carea' id='block_1_76' title="bbox 228 4368 1872 4453">
    <p class='ocr_par' dir='ltr' id='par_1_76' title="bbox 228 4368 1872 4453">
     <span class='ocr_line' id='line_1_76' title="bbox 228 4368 1872 4453; baseline 0 -20"><span class='ocrx_word' id='word_1_567' title='bbox 228 4368 233 4371; x_wconf 19' lang='grc' dir='ltr'><strong>Δ</strong></span> <span class='ocrx_word' id='word_1_568' title='bbox 283 4380 397 4433; x_wconf 88' lang='grc' dir='ltr'><strong>τῶν</strong></span> <span class='ocrx_word' id='word_1_569' title='bbox 430 4382 493 4434; x_wconf 77' lang='grc' dir='ltr'><strong>ἐκ</strong></span> <span class='ocrx_word' id='word_1_570' title='bbox 522 4380 702 4451; x_wconf 73' lang='grc' dir='ltr'>ψυχῆς</span> <span class='ocrx_word' id='word_1_571' title='bbox 736 4382 830 4434; x_wconf 79' lang='grc' dir='ltr'><strong>καὶ</strong></span> <span class='ocrx_word' id='word_1_572' title='bbox 870 4382 1072 4453; x_wconf 82' lang='grc' dir='ltr'>σαρκὸς</span> <span class='ocrx_word' id='word_1_573' title='bbox 1114 4381 1304 4445; x_wconf 76' lang='grc' dir='ltr'>ὄντων,</span> <span class='ocrx_word' id='word_1_574' title='bbox 1345 4381 1467 4435; x_wconf 83' lang='grc' dir='ltr'>καθ’</span> <span class='ocrx_word' id='word_1_575' title='bbox 1509 4382 1658 4451; x_wconf 80' lang='grc' dir='ltr'>ἡμᾶς</span> <span class='ocrx_word' id='word_1_576' title='bbox 1691 4379 1748 4434; x_wconf 82' lang='grc' dir='ltr'><strong>δὲ</strong></span> <span class='ocrx_word' id='word_1_577' title='bbox 1785 4380 1872 4433; x_wconf 81' lang='grc' dir='ltr'><strong>ὅν-</strong></span> 
     </span>
    </p>
   </div>
   <div class='ocr_carea' id='block_1_77' title="bbox 186 4473 1872 4545">
    <p class='ocr_par' dir='ltr' id='par_1_77' title="bbox 186 4473 1872 4545">
     <span class='ocr_line' id='line_1_77' title="bbox 186 4473 1872 4545; baseline 0.002 -20"><span class='ocrx_word' id='word_1_578' title='bbox 186 4498 203 4507; x_wconf 83' lang='lat'>—</span> <span class='ocrx_word' id='word_1_579' title='bbox 283 4490 431 4535; x_wconf 87' lang='grc' dir='ltr'>των,</span> <span class='ocrx_word' id='word_1_580' title='bbox 483 4474 578 4526; x_wconf 72' lang='grc' dir='ltr'>καὶ</span> <span class='ocrx_word' id='word_1_581' title='bbox 637 4474 711 4545; x_wconf 84' lang='grc' dir='ltr'>μὴ</span> <span class='ocrx_word' id='word_1_582' title='bbox 763 4474 1286 4544; x_wconf 81' lang='grc' dir='ltr'>ἀμφιδαλλομένων,</span> <span class='ocrx_word' id='word_1_583' title='bbox 1333 4474 1547 4545; x_wconf 81' lang='grc' dir='ltr'>ἐγράφη</span> <span class='ocrx_word' id='word_1_584' title='bbox 1595 4473 1724 4545; x_wconf 78' lang='grc' dir='ltr'>περὶ</span> <span class='ocrx_word' id='word_1_585' title='bbox 1764 4474 1872 4529; x_wconf 87' lang='grc' dir='ltr'><strong>τῶν</strong></span> 
     </span>
    </p>
   </div>
   <div class='ocr_carea' id='block_1_78' title="bbox 286 4564 1870 4636">
    <p class='ocr_par' dir='ltr' id='par_1_78' title="bbox 286 4564 1870 4636">
     <span class='ocr_line' id='line_1_78' title="bbox 286 4564 1870 4636; baseline 0.003 -21"><span class='ocrx_word' id='word_1_586' title='bbox 286 4564 543 4616; x_wconf 85' lang='grc' dir='ltr'>τοιούτων</span> <span class='ocrx_word' id='word_1_587' title='bbox 582 4566 955 4636; x_wconf 85' lang='grc' dir='ltr'>πραγμάτων;</span> <span class='ocrx_word' id='word_1_588' title='bbox 990 4565 1099 4619; x_wconf 89' lang='grc' dir='ltr'>Ποῦ</span> <span class='ocrx_word' id='word_1_589' title='bbox 1144 4566 1202 4618; x_wconf 84' lang='grc' dir='ltr'>δὲ</span> <span class='ocrx_word' id='word_1_590' title='bbox 1254 4565 1374 4635; x_wconf 78' lang='grc' dir='ltr'>οὐχὶ</span> <span class='ocrx_word' id='word_1_591' title='bbox 1424 4566 1623 4635; x_wconf 81' lang='grc' dir='ltr'>μᾶλλον</span> <span class='ocrx_word' id='word_1_592' title='bbox 1668 4564 1737 4619; x_wconf 80' lang='grc' dir='ltr'>τὰ</span> <span class='ocrx_word' id='word_1_593' title='bbox 1784 4583 1870 4619; x_wconf 80' lang='grc' dir='ltr'>σε·</span> 
     </span>
    </p>
   </div>
   <div class='ocr_carea' id='block_1_79' title="bbox 290 4654 1871 4728">
    <p class='ocr_par' dir='ltr' id='par_1_79' title="bbox 290 4654 1871 4728">
     <span class='ocr_line' id='line_1_79' title="bbox 290 4654 1871 4728; baseline 0.003 -23"><span class='ocrx_word' id='word_1_594' title='bbox 290 4654 526 4725; x_wconf 82' lang='grc' dir='ltr'>μνότερα</span> <span class='ocrx_word' id='word_1_595' title='bbox 552 4656 970 4727; x_wconf 79' lang='grc' dir='ltr'>ἐπεμαρτύρησε</span> <span class='ocrx_word' id='word_1_596' title='bbox 1007 4658 1118 4721; x_wconf 87' lang='grc' dir='ltr'>τοῖς</span> <span class='ocrx_word' id='word_1_597' title='bbox 1149 4656 1321 4725; x_wconf 84' lang='grc' dir='ltr'>ἁγίοις</span> <span class='ocrx_word' id='word_1_598' title='bbox 1353 4659 1386 4727; x_wconf 76' lang='grc' dir='ltr'>ἡ</span> <span class='ocrx_word' id='word_1_599' title='bbox 1415 4656 1607 4728; x_wconf 81' lang='grc' dir='ltr'>Γραφὴ</span> <span class='ocrx_word' id='word_1_600' title='bbox 1638 4658 1769 4728; x_wconf 87' lang='grc' dir='ltr'>μήτι</span> <span class='ocrx_word' id='word_1_601' title='bbox 1807 4675 1871 4726; x_wconf 89' lang='grc' dir='ltr'><strong>γε</strong></span> 
     </span>
    </p>
   </div>
   <div class='ocr_carea' id='block_1_80' title="bbox 290 4748 773 4820">
    <p class='ocr_par' dir='ltr' id='par_1_80' title="bbox 290 4748 773 4820">
     <span class='ocr_line' id='line_1_80' title="bbox 290 4748 773 4820; baseline 0.004 -20"><span class='ocrx_word' id='word_1_602' title='bbox 290 4748 482 4817; x_wconf 82' lang='grc' dir='ltr'>Κυρίῳ</span> <span class='ocrx_word' id='word_1_603' title='bbox 515 4750 557 4800; x_wconf 88' lang='grc' dir='ltr'><strong>Χ</strong></span> <span class='ocrx_word' id='word_1_604' title='bbox 568 4750 732 4820; x_wconf 83' lang='grc' dir='ltr'>ριστῴ</span> <span class='ocrx_word' id='word_1_605' title='bbox 758 4766 773 4814; x_wconf 89' lang='grc'>;</span> 
     </span>
    </p>
   </div>
   <div class='ocr_carea' id='block_1_81' title="bbox 1972 3278 3563 3352">
    <p class='ocr_par' dir='ltr' id='par_1_81' title="bbox 1972 3278 3563 3352">
     <span class='ocr_line' id='line_1_81' title="bbox 1972 3278 3563 3352; baseline -0.004 -13"><span class='ocrx_word' id='word_1_606' title='bbox 1972 3300 2103 3341; x_wconf 88' lang='lat' dir='ltr'><strong>seon</strong></span> <span class='ocrx_word' id='word_1_607' title='bbox 2169 3300 2341 3351; x_wconf 85' lang='lat' dir='ltr'><strong>more,</strong></span> <span class='ocrx_word' id='word_1_608' title='bbox 2394 3282 2729 3337; x_wconf 88' lang='lat' dir='ltr'><strong>eavillatoria</strong></span> <span class='ocrx_word' id='word_1_609' title='bbox 2786 3282 3020 3351; x_wconf 88' lang='lat' dir='ltr'><strong>quadam</strong></span> <span class='ocrx_word' id='word_1_610' title='bbox 3078 3281 3287 3352; x_wconf 85' lang='lat' dir='ltr'><strong>argutia</strong></span> <span class='ocrx_word' id='word_1_611' title='bbox 3338 3278 3563 3335; x_wconf 82' lang='lat' dir='ltr'><strong>Christo</strong></span> 
     </span>
    </p>
   </div>
   <div class='ocr_carea' id='block_1_82' title="bbox 1973 3370 3559 3447">
    <p class='ocr_par' dir='ltr' id='par_1_82' title="bbox 1973 3370 3559 3447">
     <span class='ocr_line' id='line_1_82' title="bbox 1973 3370 3559 3447; baseline -0.004 -18"><span class='ocrx_word' id='word_1_612' title='bbox 1973 3375 2264 3447; x_wconf 79' lang='lat' dir='ltr'><strong>gratificari</strong></span> <span class='ocrx_word' id='word_1_613' title='bbox 2298 3374 2602 3429; x_wconf 87' lang='lat' dir='ltr'><strong>videantur.</strong></span> <span class='ocrx_word' id='word_1_614' title='bbox 2640 3371 2793 3427; x_wconf 89' lang='lat' dir='ltr'><strong>Unde</strong></span> <span class='ocrx_word' id='word_1_615' title='bbox 2832 3387 2955 3426; x_wconf 90' lang='lat' dir='ltr'><strong>cum</strong></span> <span class='ocrx_word' id='word_1_616' title='bbox 2987 3386 3051 3426; x_wconf 91' lang='lat' dir='ltr'><strong>ea</strong></span> <span class='ocrx_word' id='word_1_617' title='bbox 3090 3371 3271 3426; x_wconf 89' lang='lat' dir='ltr'><strong>omnia</strong></span> <span class='ocrx_word' id='word_1_618' title='bbox 3307 3386 3427 3440; x_wconf 67' lang='lat' dir='ltr'><strong>quas</strong></span> <span class='ocrx_word' id='word_1_619' title='bbox 3471 3370 3559 3424; x_wconf 77' lang='lat' dir='ltr'><strong>in-</strong></span> 
     </span>
    </p>
   </div>
   <div class='ocr_carea' id='block_1_83' title="bbox 1973 3462 3561 3534">
    <p class='ocr_par' dir='ltr' id='par_1_83' title="bbox 1973 3462 3561 3534">
     <span class='ocr_line' id='line_1_83' title="bbox 1973 3462 3561 3534; baseline -0.003 -12"><span class='ocrx_word' id='word_1_620' title='bbox 1973 3476 2102 3524; x_wconf 90' lang='lat' dir='ltr'><strong>sunt</strong></span> <span class='ocrx_word' id='word_1_621' title='bbox 2134 3468 2187 3520; x_wconf 92' lang='lat' dir='ltr'><strong>in</strong></span> <span class='ocrx_word' id='word_1_622' title='bbox 2221 3466 2463 3528; x_wconf 83' lang='lat' dir='ltr'><strong>Christo,</strong></span> <span class='ocrx_word' id='word_1_623' title='bbox 2504 3464 2745 3534; x_wconf 79' lang='lat' dir='ltr'><strong>perfecte</strong></span> <span class='ocrx_word' id='word_1_624' title='bbox 2794 3464 3148 3533; x_wconf 81' lang='lat' dir='ltr'><strong>absolutoque</strong></span> <span class='ocrx_word' id='word_1_625' title='bbox 3187 3462 3561 3532; x_wconf 85' lang='lat' dir='ltr'><strong>proﬁteamur,</strong></span> 
     </span>
    </p>
   </div>
   <div class='ocr_carea' id='block_1_84' title="bbox 1973 3553 3567 3623">
    <p class='ocr_par' dir='ltr' id='par_1_84' title="bbox 1973 3553 3567 3623">
     <span class='ocr_line' id='line_1_84' title="bbox 1973 3553 3567 3623; baseline -0.001 -11"><span class='ocrx_word' id='word_1_626' title='bbox 1973 3559 2142 3613; x_wconf 89' lang='lat' dir='ltr'><strong>multa</strong></span> <span class='ocrx_word' id='word_1_627' title='bbox 2185 3558 2262 3611; x_wconf 92' lang='lat' dir='ltr'><strong>illi</strong></span> <span class='ocrx_word' id='word_1_628' title='bbox 2312 3557 2379 3613; x_wconf 89' lang='lat' dir='ltr'><strong>de</strong></span> <span class='ocrx_word' id='word_1_629' title='bbox 2425 3556 2614 3612; x_wconf 79' lang='lat' dir='ltr'><strong>eodem</strong></span> <span class='ocrx_word' id='word_1_630' title='bbox 2659 3555 2895 3611; x_wconf 82' lang='lat' dir='ltr'><strong>absurde</strong></span> <span class='ocrx_word' id='word_1_631' title='bbox 2924 3570 2988 3609; x_wconf 86' lang='lat' dir='ltr'><strong>ac</strong></span> <span class='ocrx_word' id='word_1_632' title='bbox 3024 3556 3241 3611; x_wconf 88' lang='lat' dir='ltr'><strong>curiose</strong></span> <span class='ocrx_word' id='word_1_633' title='bbox 3279 3553 3567 3623; x_wconf 84' lang='lat' dir='ltr'><strong>disputare</strong></span> 
     </span>
    </p>
   </div>
   <div class='ocr_carea' id='block_1_85' title="bbox 1975 3648 3563 3721">
    <p class='ocr_par' dir='ltr' id='par_1_85' title="bbox 1975 3648 3563 3721">
     <span class='ocr_line' id='line_1_85' title="bbox 1975 3648 3563 3721; baseline -0.003 -15"><span class='ocrx_word' id='word_1_634' title='bbox 1975 3654 2170 3707; x_wconf 73' lang='lat' dir='ltr'><strong>solent.</strong></span> <span class='ocrx_word' id='word_1_635' title='bbox 2213 3650 2287 3706; x_wconf 88' lang='lat' dir='ltr'><strong>De</strong></span> <span class='ocrx_word' id='word_1_636' title='bbox 2319 3665 2429 3720; x_wconf 89' lang='lat' dir='ltr'><strong>quo</strong></span> <span class='ocrx_word' id='word_1_637' title='bbox 2451 3650 2731 3704; x_wconf 89' lang='lat' dir='ltr'><strong>hominum</strong></span> <span class='ocrx_word' id='word_1_638' title='bbox 2779 3665 2997 3721; x_wconf 86' lang='lat' dir='ltr'><strong>genere,</strong></span> <span class='ocrx_word' id='word_1_639' title='bbox 3044 3648 3137 3720; x_wconf 89' lang='lat' dir='ltr'><strong>qui</strong></span> <span class='ocrx_word' id='word_1_640' title='bbox 3191 3663 3315 3703; x_wconf 91' lang='lat' dir='ltr'><strong>cum</strong></span> <span class='ocrx_word' id='word_1_641' title='bbox 3365 3648 3563 3702; x_wconf 76' lang='lat' dir='ltr'><strong>multa~</strong></span> 
     </span>
    </p>
   </div>
   <div class='ocr_carea' id='block_1_86' title="bbox 1975 3738 3559 3812">
    <p class='ocr_par' dir='ltr' id='par_1_86' title="bbox 1975 3738 3559 3812">
     <span class='ocr_line' id='line_1_86' title="bbox 1975 3738 3559 3812; baseline -0.004 -13"><span class='ocrx_word' id='word_1_642' title='bbox 1975 3760 2094 3799; x_wconf 87' lang='lat' dir='ltr'><strong>rum</strong></span> <span class='ocrx_word' id='word_1_643' title='bbox 2134 3758 2315 3798; x_wconf 89' lang='lat' dir='ltr'><strong>rerum</strong></span> <span class='ocrx_word' id='word_1_644' title='bbox 2350 3752 2618 3812; x_wconf 85' lang='lat' dir='ltr'><strong>satagant.</strong></span> <span class='ocrx_word' id='word_1_645' title='bbox 2648 3742 2780 3796; x_wconf 88' lang='lat' dir='ltr'><strong>nihil</strong></span> <span class='ocrx_word' id='word_1_646' title='bbox 2830 3750 3009 3795; x_wconf 91' lang='lat' dir='ltr'><strong>tamen</strong></span> <span class='ocrx_word' id='word_1_647' title='bbox 3059 3748 3245 3809; x_wconf 89' lang='lat' dir='ltr'><strong>agunt,</strong></span> <span class='ocrx_word' id='word_1_648' title='bbox 3281 3738 3559 3810; x_wconf 77' lang='lat' dir='ltr'><strong>Scriptura</strong></span> 
     </span>
    </p>
   </div>
   <div class='ocr_carea' id='block_1_87' title="bbox 1976 3829 3561 3903">
    <p class='ocr_par' dir='ltr' id='par_1_87' title="bbox 1976 3829 3561 3903">
     <span class='ocr_line' id='line_1_87' title="bbox 1976 3829 3561 3903; baseline -0.004 -14"><span class='ocrx_word' id='word_1_649' title='bbox 1976 3834 2243 3889; x_wconf 89' lang='lat' dir='ltr'><strong>meminit.</strong></span> <span class='ocrx_word' id='word_1_650' title='bbox 2304 3833 2514 3888; x_wconf 85' lang='lat' dir='ltr'><strong>Etenim</strong></span> <span class='ocrx_word' id='word_1_651' title='bbox 2570 3848 2679 3903; x_wconf 93' lang='lat' dir='ltr'><strong>quo</strong></span> <span class='ocrx_word' id='word_1_652' title='bbox 2734 3832 3014 3887; x_wconf 89' lang='lat' dir='ltr'><strong>rudiorum</strong></span> <span class='ocrx_word' id='word_1_653' title='bbox 3067 3832 3279 3886; x_wconf 91' lang='lat' dir='ltr'><strong>animos</strong></span> <span class='ocrx_word' id='word_1_654' title='bbox 3324 3829 3561 3899; x_wconf 87' lang='lat' dir='ltr'><strong>quodam</strong></span> 
     </span>
    </p>
   </div>
   <div class='ocr_carea' id='block_1_88' title="bbox 1978 3922 3563 3998">
    <p class='ocr_par' dir='ltr' id='par_1_88' title="bbox 1978 3922 3563 3998">
     <span class='ocr_line' id='line_1_88' title="bbox 1978 3922 3563 3998; baseline -0.005 -16"><span class='ocrx_word' id='word_1_655' title='bbox 1978 3928 2121 3983; x_wconf 87' lang='lat' dir='ltr'><strong>velut</strong></span> <span class='ocrx_word' id='word_1_656' title='bbox 2146 3928 2374 3982; x_wconf 87' lang='lat' dir='ltr'><strong>horrore</strong></span> <span class='ocrx_word' id='word_1_657' title='bbox 2395 3926 2744 3998; x_wconf 85' lang='lat' dir='ltr'><strong>perfundant,</strong></span> <span class='ocrx_word' id='word_1_658' title='bbox 2783 3926 2897 3980; x_wconf 73' lang='lat' dir='ltr'><strong>haec</strong></span> <span class='ocrx_word' id='word_1_659' title='bbox 2932 3923 3222 3979; x_wconf 83' lang='lat' dir='ltr'><strong>identidem</strong></span> <span class='ocrx_word' id='word_1_660' title='bbox 3250 3922 3517 3991; x_wconf 87' lang='lat' dir='ltr'><strong>objiciunt</strong></span> <span class='ocrx_word' id='word_1_661' title='bbox 3546 3939 3563 3974; x_wconf 83' lang='lat'><strong>:</strong></span> 
     </span>
    </p>
   </div>
   <div class='ocr_carea' id='block_1_89' title="bbox 1977 4012 3568 4088">
    <p class='ocr_par' dir='ltr' id='par_1_89' title="bbox 1977 4012 3568 4088">
     <span class='ocr_line' id='line_1_89' title="bbox 1977 4012 3568 4088; baseline -0.003 -17"><span class='ocrx_word' id='word_1_662' title='bbox 1977 4018 2116 4088; x_wconf 85' lang='lat' dir='ltr'><strong>Ergo</strong></span> <span class='ocrx_word' id='word_1_663' title='bbox 2161 4018 2469 4073; x_wconf 90' lang='lat' dir='ltr'><strong>istiusmodi</strong></span> <span class='ocrx_word' id='word_1_664' title='bbox 2534 4017 2781 4086; x_wconf 88' lang='lat' dir='ltr'><strong>corporis</strong></span> <span class='ocrx_word' id='word_1_665' title='bbox 2838 4014 3260 4070; x_wconf 86' lang='lat' dir='ltr'><strong>necessitatibus</strong></span> <span class='ocrx_word' id='word_1_666' title='bbox 3289 4051 3305 4077; x_wconf 94' lang='lat'><strong>,</strong></span> <span class='ocrx_word' id='word_1_667' title='bbox 3352 4028 3475 4082; x_wconf 74' lang='lat' dir='ltr'><strong>qute</strong></span> <span class='ocrx_word' id='word_1_668' title='bbox 3510 4012 3568 4067; x_wconf 75' lang='lat' dir='ltr'><strong>ei</strong></span> 
     </span>
    </p>
   </div>
   <div class='ocr_carea' id='block_1_90' title="bbox 1976 4106 3558 4176">
    <p class='ocr_par' dir='ltr' id='par_1_90' title="bbox 1976 4106 3558 4176">
     <span class='ocr_line' id='line_1_90' title="bbox 1976 4106 3558 4176; baseline -0.005 -11"><span class='ocrx_word' id='word_1_669' title='bbox 1976 4111 2270 4166; x_wconf 78' lang='lat' dir='ltr'><strong>familiares</strong></span> <span class='ocrx_word' id='word_1_670' title='bbox 2333 4118 2482 4173; x_wconf 86' lang='lat' dir='ltr'><strong>sunt,</strong></span> <span class='ocrx_word' id='word_1_671' title='bbox 2526 4109 2824 4163; x_wconf 87' lang='lat' dir='ltr'><strong>obstrictus</strong></span> <span class='ocrx_word' id='word_1_672' title='bbox 2872 4107 2996 4171; x_wconf 91' lang='lat' dir='ltr'><strong>fuit,</strong></span> <span class='ocrx_word' id='word_1_673' title='bbox 3028 4106 3208 4176; x_wconf 90' lang='lat' dir='ltr'><strong>qualis</strong></span> <span class='ocrx_word' id='word_1_674' title='bbox 3245 4106 3451 4176; x_wconf 89' lang='lat' dir='ltr'><strong>cgestio</strong></span> <span class='ocrx_word' id='word_1_675' title='bbox 3478 4115 3558 4160; x_wconf 83' lang='lat' dir='ltr'><strong>est</strong></span> 
     </span>
    </p>
   </div>
   <div class='ocr_carea' id='block_1_91' title="bbox 1975 4196 3562 4268">
    <p class='ocr_par' dir='ltr' id='par_1_91' title="bbox 1975 4196 3562 4268">
     <span class='ocr_line' id='line_1_91' title="bbox 1975 4196 3562 4268; baseline -0.004 -11"><span class='ocrx_word' id='word_1_676' title='bbox 1975 4219 2041 4258; x_wconf 91' lang='lat' dir='ltr'><strong>ac</strong></span> <span class='ocrx_word' id='word_1_677' title='bbox 2071 4201 2367 4259; x_wconf 85' lang='lat' dir='ltr'><strong>secessus?</strong></span> <span class='ocrx_word' id='word_1_678' title='bbox 2400 4200 2621 4255; x_wconf 87' lang='lat' dir='ltr'><strong>Addunt</strong></span> <span class='ocrx_word' id='word_1_679' title='bbox 2666 4207 2721 4254; x_wconf 90' lang='lat' dir='ltr'><strong>et</strong></span> <span class='ocrx_word' id='word_1_680' title='bbox 2765 4199 2871 4252; x_wconf 89' lang='lat' dir='ltr'><strong>alia</strong></span> <span class='ocrx_word' id='word_1_681' title='bbox 2906 4199 3181 4268; x_wconf 85' lang='lat' dir='ltr'><strong>pleraque,</strong></span> <span class='ocrx_word' id='word_1_682' title='bbox 3214 4212 3336 4266; x_wconf 75' lang='lat' dir='ltr'><strong>qua:</strong></span> <span class='ocrx_word' id='word_1_683' title='bbox 3367 4196 3562 4251; x_wconf 86' lang='lat' dir='ltr'><strong>callida</strong></span> 
     </span>
    </p>
   </div>
   <div class='ocr_carea' id='block_1_92' title="bbox 1975 4286 3559 4353">
    <p class='ocr_par' dir='ltr' id='par_1_92' title="bbox 1975 4286 3559 4353">
     <span class='ocr_line' id='line_1_92' title="bbox 1975 4286 3559 4353; baseline -0.006 -4"><span class='ocrx_word' id='word_1_684' title='bbox 1975 4308 2040 4349; x_wconf 89' lang='lat' dir='ltr'><strong>ac</strong></span> <span class='ocrx_word' id='word_1_685' title='bbox 2077 4293 2295 4349; x_wconf 90' lang='lat' dir='ltr'><strong>subtilia</strong></span> <span class='ocrx_word' id='word_1_686' title='bbox 2327 4291 2578 4345; x_wconf 89' lang='lat' dir='ltr'><strong>videntur</strong></span> <span class='ocrx_word' id='word_1_687' title='bbox 2603 4327 2619 4353; x_wconf 89' lang='lat'><strong>,</strong></span> <span class='ocrx_word' id='word_1_688' title='bbox 2674 4288 2771 4343; x_wconf 89' lang='lat' dir='ltr'><strong>sed</strong></span> <span class='ocrx_word' id='word_1_689' title='bbox 2812 4287 3084 4343; x_wconf 90' lang='lat' dir='ltr'><strong>horrenda</strong></span> <span class='ocrx_word' id='word_1_690' title='bbox 3125 4287 3429 4342; x_wconf 89' lang='lat' dir='ltr'><strong>otiosorum</strong></span> <span class='ocrx_word' id='word_1_691' title='bbox 3466 4286 3559 4340; x_wconf 82' lang='lat' dir='ltr'><strong>ho-</strong></span> 
     </span>
    </p>
   </div>
   <div class='ocr_carea' id='block_1_93' title="bbox 1976 4376 3562 4448">
    <p class='ocr_par' dir='ltr' id='par_1_93' title="bbox 1976 4376 3562 4448">
     <span class='ocr_line' id='line_1_93' title="bbox 1976 4376 3562 4448; baseline -0.005 -9"><span class='ocrx_word' id='word_1_692' title='bbox 1976 4386 2184 4439; x_wconf 89' lang='lat' dir='ltr'><strong>minum</strong></span> <span class='ocrx_word' id='word_1_693' title='bbox 2235 4384 2444 4438; x_wconf 90' lang='lat' dir='ltr'><strong>ludicra</strong></span> <span class='ocrx_word' id='word_1_694' title='bbox 2496 4392 2644 4437; x_wconf 86' lang='lat' dir='ltr'><strong>sunt.</strong></span> <span class='ocrx_word' id='word_1_695' title='bbox 2692 4380 2851 4446; x_wconf 85' lang='lat' dir='ltr'><strong>Nam,</strong></span> <span class='ocrx_word' id='word_1_696' title='bbox 2905 4387 2962 4433; x_wconf 92' lang='lat' dir='ltr'><strong>ut</strong></span> <span class='ocrx_word' id='word_1_697' title='bbox 2998 4378 3073 4433; x_wconf 88' lang='lat' dir='ltr'><strong>ait</strong></span> <span class='ocrx_word' id='word_1_698' title='bbox 3117 4378 3401 4448; x_wconf 87' lang='lat' dir='ltr'><strong>propheta,</strong></span> <span class='ocrx_word' id='word_1_699' title='bbox 3431 4376 3562 4445; x_wconf 72' lang='lat' dir='ltr'><strong>Quis</strong></span> 
     </span>
    </p>
   </div>
   <div class='ocr_carea' id='block_1_94' title="bbox 1978 4470 3562 4543">
    <p class='ocr_par' dir='ltr' id='par_1_94' title="bbox 1978 4470 3562 4543">
     <span class='ocr_line' id='line_1_94' title="bbox 1978 4470 3562 4543; baseline -0.002 -14"><span class='ocrx_word' id='word_1_700' title='bbox 1978 4478 2089 4531; x_wconf 69' lang='lat' dir='ltr'><strong>hac</strong></span> <span class='ocrx_word' id='word_1_701' title='bbox 2124 4494 2151 4531; x_wconf 87' lang='lat' dir='ltr'><strong>e</strong></span> <span class='ocrx_word' id='word_1_702' title='bbox 2178 4475 2419 4530; x_wconf 81' lang='lat' dir='ltr'><strong>manibus</strong></span> <span class='ocrx_word' id='word_1_703' title='bbox 2464 4475 2648 4528; x_wconf 78' lang='lat' dir='ltr'><strong>vestris</strong></span> <span class='ocrx_word' id='word_1_704' title='bbox 2693 4473 2931 4543; x_wconf 82' lang='lat' dir='ltr'><strong>requisiit</strong></span> <span class='ocrx_word' id='word_1_705' title='bbox 2957 4472 3018 4525; x_wconf 67' lang='grc'><strong>⁵⁸1</strong></span> <span class='ocrx_word' id='word_1_706' title='bbox 3053 4470 3127 4526; x_wconf 92' lang='lat' dir='ltr'><strong>De</strong></span> <span class='ocrx_word' id='word_1_707' title='bbox 3165 4486 3402 4542; x_wconf 86' lang='lat' dir='ltr'><strong>quonam</strong></span> <span class='ocrx_word' id='word_1_708' title='bbox 3436 4485 3562 4526; x_wconf 86' lang='lat' dir='ltr'><strong>vero</strong></span> 
     </span>
    </p>
   </div>
   <div class='ocr_carea' id='block_1_95' title="bbox 1978 4564 3560 4631">
    <p class='ocr_par' dir='ltr' id='par_1_95' title="bbox 1978 4564 3560 4631">
     <span class='ocr_line' id='line_1_95' title="bbox 1978 4564 3560 4631; baseline -0.005 -8"><span class='ocrx_word' id='word_1_709' title='bbox 1978 4585 2044 4623; x_wconf 80' lang='lat' dir='ltr'><strong>ex</strong></span> <span class='ocrx_word' id='word_1_710' title='bbox 2073 4567 2329 4623; x_wconf 86' lang='lat' dir='ltr'><strong>omnibus</strong></span> <span class='ocrx_word' id='word_1_711' title='bbox 2372 4566 2615 4629; x_wconf 88' lang='lat' dir='ltr'><strong>sanctis,</strong></span> <span class='ocrx_word' id='word_1_712' title='bbox 2668 4565 2882 4618; x_wconf 79' lang='lat' dir='ltr'><strong>tametsi</strong></span> <span class='ocrx_word' id='word_1_713' title='bbox 2928 4564 3177 4618; x_wconf 85' lang='lat' dir='ltr'><strong>homines</strong></span> <span class='ocrx_word' id='word_1_714' title='bbox 3222 4572 3406 4618; x_wconf 89' lang='lat' dir='ltr'><strong>essent</strong></span> <span class='ocrx_word' id='word_1_715' title='bbox 3436 4577 3560 4631; x_wconf 78' lang='lat' dir='ltr'><strong>pro-</strong></span> 
     </span>
    </p>
   </div>
   <div class='ocr_carea' id='block_1_96' title="bbox 1978 4653 3560 4730">
    <p class='ocr_par' dir='ltr' id='par_1_96' title="bbox 1978 4653 3560 4730">
     <span class='ocr_line' id='line_1_96' title="bbox 1978 4653 3560 4730; baseline -0.003 -18"><span class='ocrx_word' id='word_1_716' title='bbox 1978 4660 2173 4730; x_wconf 74' lang='lat' dir='ltr'><strong>phetze,</strong></span> <span class='ocrx_word' id='word_1_717' title='bbox 2212 4675 2318 4713; x_wconf 92' lang='lat' dir='ltr'><strong>non</strong></span> <span class='ocrx_word' id='word_1_718' title='bbox 2346 4658 2441 4721; x_wconf 91' lang='lat' dir='ltr'><strong>dii,</strong></span> <span class='ocrx_word' id='word_1_719' title='bbox 2484 4665 2541 4710; x_wconf 88' lang='lat' dir='ltr'><strong>ut</strong></span> <span class='ocrx_word' id='word_1_720' title='bbox 2570 4663 2625 4712; x_wconf 92' lang='lat' dir='ltr'><strong>et</strong></span> <span class='ocrx_word' id='word_1_721' title='bbox 2653 4656 3001 4727; x_wconf 68' lang='lat' dir='ltr'><strong>evangelista:</strong></span> <span class='ocrx_word' id='word_1_722' title='bbox 3028 4655 3341 4724; x_wconf 57' lang='lat' dir='ltr'><strong>exterique,</strong></span> <span class='ocrx_word' id='word_1_723' title='bbox 3373 4653 3466 4724; x_wconf 90' lang='lat' dir='ltr'><strong>qui</strong></span> <span class='ocrx_word' id='word_1_724' title='bbox 3496 4671 3560 4708; x_wconf 79' lang='lat' dir='ltr'><strong>ex</strong></span> 
     </span>
    </p>
   </div>
   <div class='ocr_carea' id='block_1_97' title="bbox 1978 4745 3560 4813">
    <p class='ocr_par' dir='ltr' id='par_1_97' title="bbox 1978 4745 3560 4813">
     <span class='ocr_line' id='line_1_97' title="bbox 1978 4745 3560 4813; baseline -0.004 -8"><span class='ocrx_word' id='word_1_725' title='bbox 1978 4751 2160 4805; x_wconf 90' lang='lat' dir='ltr'><strong>anima</strong></span> <span class='ocrx_word' id='word_1_726' title='bbox 2195 4758 2248 4805; x_wconf 87' lang='lat' dir='ltr'><strong>et</strong></span> <span class='ocrx_word' id='word_1_727' title='bbox 2274 4765 2439 4806; x_wconf 89' lang='lat' dir='ltr'><strong>carne</strong></span> <span class='ocrx_word' id='word_1_728' title='bbox 2472 4748 2822 4813; x_wconf 87' lang='lat' dir='ltr'><strong>con‘stabant,</strong></span> <span class='ocrx_word' id='word_1_729' title='bbox 2853 4762 2915 4801; x_wconf 89' lang='lat' dir='ltr'><strong>ac</strong></span> <span class='ocrx_word' id='word_1_730' title='bbox 2946 4748 3063 4802; x_wconf 91' lang='lat' dir='ltr'><strong>sine</strong></span> <span class='ocrx_word' id='word_1_731' title='bbox 3090 4747 3199 4801; x_wconf 91' lang='lat' dir='ltr'><strong>ulla</strong></span> <span class='ocrx_word' id='word_1_732' title='bbox 3226 4745 3560 4800; x_wconf 77' lang='lat' dir='ltr'><strong>dubitatione</strong></span> 
     </span>
    </p>
   </div>
   <div class='ocr_carea' id='block_1_98' title="bbox 291 4839 3561 4920">
    <p class='ocr_par' dir='ltr' id='par_1_98' title="bbox 291 4839 3561 4920">
     <span class='ocr_line' id='line_1_98' title="bbox 291 4839 3561 4920; baseline -0.001 -24"><span class='ocrx_word' id='word_1_733' title='bbox 291 4844 463 4899; x_wconf 88' lang='lat' dir='ltr'><strong>nostri</strong></span> <span class='ocrx_word' id='word_1_734' title='bbox 498 4846 701 4902; x_wconf 88' lang='lat' dir='ltr'><strong>similes</strong></span> <span class='ocrx_word' id='word_1_735' title='bbox 729 4854 920 4915; x_wconf 87' lang='lat' dir='ltr'><strong>erant;</strong></span> <span class='ocrx_word' id='word_1_736' title='bbox 956 4846 1079 4918; x_wconf 91' lang='lat' dir='ltr'><strong>quis</strong></span> <span class='ocrx_word' id='word_1_737' title='bbox 1104 4847 1319 4913; x_wconf 88' lang='lat' dir='ltr'><strong>horum,</strong></span> <span class='ocrx_word' id='word_1_738' title='bbox 1360 4849 1605 4919; x_wconf 88' lang='lat' dir='ltr'><strong>inquam,</strong></span> <span class='ocrx_word' id='word_1_739' title='bbox 1638 4849 1868 4911; x_wconf 78' lang='lat' dir='ltr'><strong>exstitit,</strong></span> <span class='ocrx_word' id='word_1_740' title='bbox 1909 4849 1974 4904; x_wconf 86' lang='lat' dir='ltr'><strong>de</strong></span> <span class='ocrx_word' id='word_1_741' title='bbox 1998 4865 2108 4920; x_wconf 90' lang='lat' dir='ltr'><strong>quo</strong></span> <span class='ocrx_word' id='word_1_742' title='bbox 2133 4846 2405 4917; x_wconf 80' lang='lat' dir='ltr'><strong>ejusmodi</strong></span> <span class='ocrx_word' id='word_1_743' title='bbox 2454 4846 2699 4916; x_wconf 60' lang='lat' dir='ltr'><strong>quasdam</strong></span> <span class='ocrx_word' id='word_1_744' title='bbox 2751 4844 3064 4913; x_wconf 82' lang='lat' dir='ltr'><strong>conscripta</strong></span> <span class='ocrx_word' id='word_1_745' title='bbox 3115 4841 3348 4898; x_wconf 79' lang='lat' dir='ltr'><strong>fuerint?</strong></span> <span class='ocrx_word' id='word_1_746' title='bbox 3375 4839 3561 4895; x_wconf 87' lang='lat' dir='ltr'><strong>Nonne</strong></span> 
     </span>
    </p>
   </div>
   <div class='ocr_carea' id='block_1_99' title="bbox 290 4939 3023 5013">
    <p class='ocr_par' dir='ltr' id='par_1_99' title="bbox 290 4939 3023 5013">
     <span class='ocr_line' id='line_1_99' title="bbox 290 4939 3023 5013; baseline 0 -21"><span class='ocrx_word' id='word_1_747' title='bbox 290 4939 474 5008; x_wconf 89' lang='lat' dir='ltr'><strong>potius</strong></span> <span class='ocrx_word' id='word_1_748' title='bbox 507 4940 892 4997; x_wconf 85' lang='lat' dir='ltr'><strong>honestissima</strong></span> <span class='ocrx_word' id='word_1_749' title='bbox 920 4958 1150 5013; x_wconf 69' lang='lat' dir='ltr'><strong>qumque</strong></span> <span class='ocrx_word' id='word_1_750' title='bbox 1193 4943 1261 4998; x_wconf 93' lang='lat' dir='ltr'><strong>de</strong></span> <span class='ocrx_word' id='word_1_751' title='bbox 1307 4945 1539 5008; x_wconf 88' lang='lat' dir='ltr'><strong>sanctis,</strong></span> <span class='ocrx_word' id='word_1_752' title='bbox 1565 4945 1763 5000; x_wconf 89' lang='lat' dir='ltr'><strong>nedum</strong></span> <span class='ocrx_word' id='word_1_753' title='bbox 1808 4945 1877 5000; x_wconf 93' lang='lat' dir='ltr'><strong>de</strong></span> <span class='ocrx_word' id='word_1_754' title='bbox 1912 4944 2133 4999; x_wconf 91' lang='lat' dir='ltr'><strong>Christo</strong></span> <span class='ocrx_word' id='word_1_755' title='bbox 2160 4943 2411 5005; x_wconf 88' lang='lat' dir='ltr'><strong>Domino,</strong></span> <span class='ocrx_word' id='word_1_756' title='bbox 2442 4941 2722 5011; x_wconf 89' lang='lat' dir='ltr'><strong>Scriptura</strong></span> <span class='ocrx_word' id='word_1_757' title='bbox 2752 4939 3023 4996; x_wconf 84' lang='lat' dir='ltr'><strong>testatur?</strong></span> 
     </span>
    </p>
   </div>
   <div class='ocr_carea' id='block_1_100' title="bbox 364 5036 1871 5112">
    <p class='ocr_par' dir='ltr' id='par_1_100' title="bbox 364 5036 1871 5112">
     <span class='ocr_line' id='line_1_100' title="bbox 364 5036 1871 5112; baseline 0.004 -25"><span class='ocrx_word' id='word_1_758' title='bbox 364 5036 481 5102; x_wconf 70' lang='grc' dir='ltr'>ις’.</span> <span class='ocrx_word' id='word_1_759' title='bbox 511 5036 835 5104; x_wconf 88' lang='grc' dir='ltr'>Λεγέτωσαν</span> <span class='ocrx_word' id='word_1_760' title='bbox 878 5038 936 5092; x_wconf 83' lang='grc' dir='ltr'><strong>δὲ</strong></span> <span class='ocrx_word' id='word_1_761' title='bbox 968 5041 1099 5109; x_wconf 79' lang='grc' dir='ltr'>ἡμῖν</span> <span class='ocrx_word' id='word_1_762' title='bbox 1127 5040 1175 5093; x_wconf 88' lang='grc' dir='ltr'>οἱ</span> <span class='ocrx_word' id='word_1_763' title='bbox 1209 5039 1551 5112; x_wconf 75' lang='grc' dir='ltr'>ἐκθαμϐηταὶ</span> <span class='ocrx_word' id='word_1_764' title='bbox 1597 5041 1705 5094; x_wconf 88' lang='grc' dir='ltr'><strong>τῶν</strong></span> <span class='ocrx_word' id='word_1_765' title='bbox 1740 5058 1871 5112; x_wconf 91' lang='grc' dir='ltr'>προ-</span> 
     </span>
    </p>
   </div>
   <div class='ocr_carea' id='block_1_101' title="bbox 292 5124 1875 5200">
    <p class='ocr_par' dir='ltr' id='par_1_101' title="bbox 292 5124 1875 5200">
     <span class='ocr_line' id='line_1_101' title="bbox 292 5124 1875 5200; baseline 0.003 -23"><span class='ocrx_word' id='word_1_766' title='bbox 292 5124 474 5179; x_wconf 76' lang='grc' dir='ltr'>ϐάτων</span> <span class='ocrx_word' id='word_1_767' title='bbox 497 5165 512 5189; x_wconf 93' lang='grc'><strong>,</strong></span> <span class='ocrx_word' id='word_1_768' title='bbox 556 5128 651 5179; x_wconf 81' lang='grc' dir='ltr'>καὶ</span> <span class='ocrx_word' id='word_1_769' title='bbox 683 5126 919 5198; x_wconf 87' lang='grc' dir='ltr'>πτύρται</span> <span class='ocrx_word' id='word_1_770' title='bbox 948 5129 1056 5182; x_wconf 87' lang='grc' dir='ltr'><strong>τῶν</strong></span> <span class='ocrx_word' id='word_1_771' title='bbox 1094 5129 1457 5200; x_wconf 83' lang='grc' dir='ltr'>περιστερῶν,</span> <span class='ocrx_word' id='word_1_772' title='bbox 1510 5129 1604 5183; x_wconf 81' lang='grc' dir='ltr'><strong>καὶ</strong></span> <span class='ocrx_word' id='word_1_773' title='bbox 1648 5129 1875 5200; x_wconf 78' lang='grc' dir='ltr'>σοϐηταὶ</span> 
     </span>
    </p>
   </div>
   <div class='ocr_carea' id='block_1_102' title="bbox 290 5214 1878 5292">
    <p class='ocr_par' dir='ltr' id='par_1_102' title="bbox 290 5214 1878 5292">
     <span class='ocr_line' id='line_1_102' title="bbox 290 5214 1878 5292; baseline 0.004 -23"><span class='ocrx_word' id='word_1_774' title='bbox 290 5216 401 5270; x_wconf 84' lang='grc' dir='ltr'><strong>τῶν</strong></span> <span class='ocrx_word' id='word_1_775' title='bbox 430 5217 525 5271; x_wconf 89' lang='grc' dir='ltr'><strong>τοῦ</strong></span> <span class='ocrx_word' id='word_1_776' title='bbox 557 5218 790 5290; x_wconf 87' lang='grc' dir='ltr'>Χριστοῦ</span> <span class='ocrx_word' id='word_1_777' title='bbox 824 5220 1025 5290; x_wconf 87' lang='grc' dir='ltr'>ἀρνίων</span> <span class='ocrx_word' id='word_1_778' title='bbox 1056 5233 1116 5271; x_wconf 92' lang='grc' dir='ltr'><strong>τε</strong></span> <span class='ocrx_word' id='word_1_779' title='bbox 1134 5217 1226 5272; x_wconf 82' lang='grc' dir='ltr'>καὶ</span> <span class='ocrx_word' id='word_1_780' title='bbox 1243 5216 1592 5291; x_wconf 85' lang='grc' dir='ltr'>θρεμμάτων,</span> <span class='ocrx_word' id='word_1_781' title='bbox 1615 5214 1717 5270; x_wconf 89' lang='grc' dir='ltr'><strong>ποῦ</strong></span> <span class='ocrx_word' id='word_1_782' title='bbox 1738 5239 1878 5292; x_wconf 87' lang='grc' dir='ltr'>παρ-</span> 
     </span>
    </p>
   </div>
   <div class='ocr_carea' id='block_1_103' title="bbox 365 5353 1866 5432">
    <p class='ocr_par' dir='ltr' id='par_1_103' title="bbox 365 5353 1866 5432">
     <span class='ocr_line' id='line_1_103' title="bbox 365 5353 1866 5432; baseline 0.005 -27"><span class='ocrx_word' id='word_1_783' title='bbox 365 5355 382 5385; x_wconf 84' lang='grc'>¹</span> <span class='ocrx_word' id='word_1_784' title='bbox 410 5353 609 5432; x_wconf 59' lang='grc' dir='ltr'>Ἵίιῑειῐη</span> <span class='ocrx_word' id='word_1_785' title='bbox 650 5356 1161 5432; x_wconf 22' lang='grc' dir='ltr'>ειιικεῑ-Ιιιιίογιορο.</span> <span class='ocrx_word' id='word_1_786' title='bbox 1242 5361 1354 5432; x_wconf 87' lang='lat' dir='ltr'><strong>’F.</strong></span> <span class='ocrx_word' id='word_1_787' title='bbox 1381 5360 1509 5432; x_wconf 74' lang='grc' dir='ltr'>περὶ</span> <span class='ocrx_word' id='word_1_788' title='bbox 1539 5361 1774 5431; x_wconf 85' lang='grc' dir='ltr'>Χριστοῦ</span> <span class='ocrx_word' id='word_1_789' title='bbox 1814 5363 1866 5431; x_wconf 55' lang='grc' dir='ltr'><strong>ὁι</strong></span> 
     </span>
    </p>
   </div>
   <div class='ocr_carea' id='block_1_104' title="bbox 1975 5353 3144 5432">
    <p class='ocr_par' dir='ltr' id='par_1_104' title="bbox 2013 5354 3144 5429">
     <span class='ocr_line' id='line_1_104' title="bbox 2013 5354 3144 5429; baseline -0.003 -16"><span class='ocrx_word' id='word_1_790' title='bbox 2013 5360 2251 5424; x_wconf 86' lang='grc' dir='ltr'>τελείως,</span> <span class='ocrx_word' id='word_1_791' title='bbox 2280 5360 2347 5414; x_wconf 87' lang='grc' dir='ltr'>τὰ</span> <span class='ocrx_word' id='word_1_792' title='bbox 2376 5360 2555 5413; x_wconf 86' lang='grc' dir='ltr'>πάντα</span> <span class='ocrx_word' id='word_1_793' title='bbox 2576 5358 2861 5429; x_wconf 84' lang='grc' dir='ltr'>περίεργα,</span> <span class='ocrx_word' id='word_1_794' title='bbox 2884 5357 2960 5419; x_wconf 82' lang='grc' dir='ltr'>ὠς</span> <span class='ocrx_word' id='word_1_795' title='bbox 2987 5354 3144 5425; x_wconf 85' lang='grc' dir='ltr'>γέγρ.</span> 
     </span>
    </p>
   </div>
   <div class='ocr_carea' id='block_1_105' title="bbox 292 5422 1354 5496">
    <p class='ocr_par' dir='ltr' id='par_1_105' title="bbox 292 5422 1354 5496">
     <span class='ocr_line' id='line_1_105' title="bbox 292 5422 1354 5496; baseline 0.008 -21"><span class='ocrx_word' id='word_1_796' title='bbox 292 5422 380 5477; x_wconf 77' lang='grc'><strong>22.</strong></span> <span class='ocrx_word' id='word_1_797' title='bbox 459 5426 482 5457; x_wconf 70' lang='grc'><strong>⁸</strong></span> <span class='ocrx_word' id='word_1_798' title='bbox 512 5425 709 5495; x_wconf 85' lang='lat' dir='ltr'><strong>Ephes.</strong></span> <span class='ocrx_word' id='word_1_799' title='bbox 743 5443 817 5493; x_wconf 85' lang='grc' dir='ltr'><strong>ιν,</strong></span> <span class='ocrx_word' id='word_1_800' title='bbox 847 5428 934 5481; x_wconf 81' lang='grc'><strong>16.</strong></span> <span class='ocrx_word' id='word_1_801' title='bbox 1009 5431 1030 5461; x_wconf 77' lang='grc'>⁸</span> <span class='ocrx_word' id='word_1_802' title='bbox 1064 5429 1166 5485; x_wconf 89' lang='lat' dir='ltr'><strong>lsa.</strong></span> <span class='ocrx_word' id='word_1_803' title='bbox 1198 5446 1236 5496; x_wconf 83' lang='grc' dir='ltr'><strong>ι,</strong></span> <span class='ocrx_word' id='word_1_804' title='bbox 1264 5431 1354 5484; x_wconf 67' lang='grc'><strong>12.</strong></span> 
     </span>
    </p>
   </div>
   <div class='ocr_carea' id='block_1_106' title="bbox 366 5546 1867 5627">
    <p class='ocr_par' dir='ltr' id='par_1_106' title="bbox 366 5546 1867 5627">
     <span class='ocr_line' id='line_1_106' title="bbox 366 5546 1867 5627; baseline 0.004 -26"><span class='ocrx_word' id='word_1_805' title='bbox 366 5546 479 5627; x_wconf 63' lang='grc' dir='ltr'><strong>ςθᾷ)</strong></span> <span class='ocrx_word' id='word_1_806' title='bbox 515 5552 752 5627; x_wconf 44' lang='grc' dir='ltr'>Ορκοῦν</span> <span class='ocrx_word' id='word_1_807' title='bbox 788 5553 995 5619; x_wconf 79' lang='grc' dir='ltr'>χρείαν</span> <span class='ocrx_word' id='word_1_808' title='bbox 1037 5552 1202 5627; x_wconf 68' lang='grc' dir='ltr'>ἔᾳχε.</span> <span class='ocrx_word' id='word_1_809' title='bbox 1230 5551 1382 5627; x_wconf 84' lang='lat' dir='ltr'><strong>__Fuit</strong></span> <span class='ocrx_word' id='word_1_810' title='bbox 1432 5552 1547 5607; x_wconf 74' lang='lat' dir='ltr'><strong>lucc</strong></span> <span class='ocrx_word' id='word_1_811' title='bbox 1598 5551 1867 5627; x_wconf 76' lang='lat' dir='ltr'><strong>Valentini</strong></span> 
     </span>
    </p>
   </div>
   <div class='ocr_carea' id='block_1_107' title="bbox 296 5619 1869 5691">
    <p class='ocr_par' dir='ltr' id='par_1_107' title="bbox 296 5619 1869 5691">
     <span class='ocr_line' id='line_1_107' title="bbox 296 5619 1869 5691; baseline 0.003 -20"><span class='ocrx_word' id='word_1_812' title='bbox 296 5619 503 5686; x_wconf 88' lang='lat' dir='ltr'><strong>opinio,</strong></span> <span class='ocrx_word' id='word_1_813' title='bbox 544 5619 822 5675; x_wconf 89' lang='lat' dir='ltr'><strong>Christum</strong></span> <span class='ocrx_word' id='word_1_814' title='bbox 878 5630 1023 5675; x_wconf 88' lang='lat' dir='ltr'><strong>tanta</strong></span> <span class='ocrx_word' id='word_1_815' title='bbox 1073 5619 1381 5691; x_wconf 79' lang='lat' dir='ltr'><strong>frugalitate</strong></span> <span class='ocrx_word' id='word_1_816' title='bbox 1429 5638 1491 5675; x_wconf 89' lang='lat' dir='ltr'><strong>ac</strong></span> <span class='ocrx_word' id='word_1_817' title='bbox 1533 5623 1869 5691; x_wconf 87' lang='lat' dir='ltr'><strong>parcimonia</strong></span> 
     </span>
    </p>
   </div>
   <div class='ocr_carea' id='block_1_108' title="bbox 300 5639 1868 5761">
    <p class='ocr_par' dir='ltr' id='par_1_108' title="bbox 300 5639 1868 5761">
     <span class='ocr_line' id='line_1_108' title="bbox 300 5639 1868 5691; baseline 0.003 -20"><span class='ocrx_word' id='word_1_818' title='bbox 300 5639 503 5686; x_wconf 84' lang='lat' dir='ltr'><strong>opuno,</strong></span> <span class='ocrx_word' id='word_1_819' title='bbox 544 5639 822 5675; x_wconf 72' lang='lat' dir='ltr'><strong>umsrum</strong></span> <span class='ocrx_word' id='word_1_820' title='bbox 878 5639 1023 5675; x_wconf 82' lang='lat' dir='ltr'><strong>tanta</strong></span> <span class='ocrx_word' id='word_1_821' title='bbox 1073 5639 1381 5691; x_wconf 82' lang='lat' dir='ltr'><strong>Irugantate</strong></span> <span class='ocrx_word' id='word_1_822' title='bbox 1429 5639 1491 5675; x_wconf 90' lang='lat' dir='ltr'><strong>ac</strong></span> <span class='ocrx_word' id='word_1_823' title='bbox 1570 5639 1868 5676; x_wconf 79' lang='lat' dir='ltr'><strong>arclmoma</strong></span> 
     </span>
     <span class='ocr_line' id='line_1_109' title="bbox 300 5639 1868 5761; baseline 0.004 -21"><span class='ocrx_word' id='word_1_824' title='bbox 300 5702 460 5741; x_wconf 90' lang='lat' dir='ltr'><strong>usum</strong></span> <span class='ocrx_word' id='word_1_825' title='bbox 485 5705 626 5761; x_wconf 79' lang='lat' dir='ltr'><strong>esse,</strong></span> <span class='ocrx_word' id='word_1_826' title='bbox 658 5691 788 5744; x_wconf 90' lang='lat' dir='ltr'><strong>nihil</strong></span> <span class='ocrx_word' id='word_1_827' title='bbox 822 5701 879 5745; x_wconf 91' lang='lat' dir='ltr'><strong>ut</strong></span> <span class='ocrx_word' id='word_1_828' title='bbox 911 5702 1175 5759; x_wconf 75' lang='lat' dir='ltr'><strong>egereret.</strong></span> <span class='ocrx_word' id='word_1_829' title='bbox 1208 5690 1461 5748; x_wconf 90' lang='lat' dir='ltr'><strong>Testatur</strong></span> <span class='ocrx_word' id='word_1_830' title='bbox 1489 5639 1722 5761; x_wconf 65' lang='lat' dir='ltr'><strong>icilipsum</strong></span> <span class='ocrx_word' id='word_1_831' title='bbox 1752 5695 1868 5746; x_wconf 84' lang='lat' dir='ltr'><strong>Cle-</strong></span> 
     </span>
    </p>
   </div>
   <div class='ocr_carea' id='block_1_109' title="bbox 299 5758 1868 5827">
    <p class='ocr_par' dir='ltr' id='par_1_109' title="bbox 299 5758 1868 5827">
     <span class='ocr_line' id='line_1_110' title="bbox 299 5758 1868 5827; baseline 0.002 -15"><span class='ocrx_word' id='word_1_832' title='bbox 299 5770 457 5816; x_wconf 83' lang='lat' dir='ltr'><strong>mens</strong></span> <span class='ocrx_word' id='word_1_833' title='bbox 484 5758 780 5816; x_wconf 80' lang='lat' dir='ltr'><strong>Alexandr.</strong></span> <span class='ocrx_word' id='word_1_834' title='bbox 807 5777 866 5818; x_wconf 84' lang='grc' dir='ltr'><strong>ιιι</strong></span> <span class='ocrx_word' id='word_1_835' title='bbox 900 5758 1097 5817; x_wconf 87' lang='lat' dir='ltr'><strong>Strom.</strong></span> <span class='ocrx_word' id='word_1_836' title='bbox 1140 5762 1233 5827; x_wconf 90' lang='lat' dir='ltr'><strong>qui</strong></span> <span class='ocrx_word' id='word_1_837' title='bbox 1266 5778 1332 5820; x_wconf 82' lang='lat' dir='ltr'><strong>ex</strong></span> <span class='ocrx_word' id='word_1_838' title='bbox 1363 5758 1602 5819; x_wconf 72' lang='lat' dir='ltr'><strong>lucretici</strong></span> <span class='ocrx_word' id='word_1_839' title='bbox 1631 5763 1775 5819; x_wconf 90' lang='lat' dir='ltr'><strong>illius</strong></span> <span class='ocrx_word' id='word_1_840' title='bbox 1799 5764 1868 5816; x_wconf 84' lang='lat' dir='ltr'><strong>ad</strong></span> 
     </span>
    </p>
   </div>
   <div class='ocr_carea' id='block_1_110' title="bbox 2054 5033 3560 5107">
    <p class='ocr_par' dir='ltr' id='par_1_110' title="bbox 2054 5033 3560 5107">
     <span class='ocr_line' id='line_1_111' title="bbox 2054 5033 3560 5107; baseline -0.007 -14"><span class='ocrx_word' id='word_1_841' title='bbox 2054 5039 2190 5094; x_wconf 79' lang='lat' dir='ltr'><strong>XVI.</strong></span> <span class='ocrx_word' id='word_1_842' title='bbox 2233 5039 2427 5095; x_wconf 90' lang='lat' dir='ltr'><strong>Dieant</strong></span> <span class='ocrx_word' id='word_1_843' title='bbox 2473 5039 2632 5093; x_wconf 90' lang='lat' dir='ltr'><strong>nobis</strong></span> <span class='ocrx_word' id='word_1_844' title='bbox 2678 5037 2714 5093; x_wconf 91' lang='lat' dir='ltr'><strong>ii</strong></span> <span class='ocrx_word' id='word_1_845' title='bbox 2760 5038 2854 5107; x_wconf 87' lang='lat' dir='ltr'><strong>qui</strong></span> <span class='ocrx_word' id='word_1_846' title='bbox 2889 5043 2943 5092; x_wconf 86' lang='lat' dir='ltr'><strong>et</strong></span> <span class='ocrx_word' id='word_1_847' title='bbox 2976 5050 3104 5091; x_wconf 90' lang='lat' dir='ltr'><strong>oves</strong></span> <span class='ocrx_word' id='word_1_848' title='bbox 3143 5033 3560 5093; x_wconf 84' lang='lat' dir='ltr'><strong>absterrent,et</strong></span> 
     </span>
    </p>
   </div>
   <div class='ocr_carea' id='block_1_111' title="bbox 1983 5116 3562 5198">
    <p class='ocr_par' dir='ltr' id='par_1_111' title="bbox 1983 5116 3562 5198">
     <span class='ocr_line' id='line_1_112' title="bbox 1983 5116 3562 5198; baseline -0.009 -14"><span class='ocrx_word' id='word_1_849' title='bbox 1983 5129 2267 5184; x_wconf 88' lang='lat' dir='ltr'><strong>columbas</strong></span> <span class='ocrx_word' id='word_1_850' title='bbox 2305 5128 2551 5198; x_wconf 89' lang='lat' dir='ltr'><strong>abigunt,</strong></span> <span class='ocrx_word' id='word_1_851' title='bbox 2592 5136 2647 5181; x_wconf 94' lang='lat' dir='ltr'><strong>et</strong></span> <span class='ocrx_word' id='word_1_852' title='bbox 2684 5126 2889 5181; x_wconf 86' lang='lat' dir='ltr'><strong>Christi</strong></span> <span class='ocrx_word' id='word_1_853' title='bbox 2926 5138 3095 5195; x_wconf 86' lang='lat' dir='ltr'><strong>agnos</strong></span> <span class='ocrx_word' id='word_1_854' title='bbox 3132 5137 3197 5176; x_wconf 90' lang='lat' dir='ltr'><strong>ac</strong></span> <span class='ocrx_word' id='word_1_855' title='bbox 3234 5133 3431 5190; x_wconf 88' lang='lat' dir='ltr'><strong>pecora</strong></span> <span class='ocrx_word' id='word_1_856' title='bbox 3475 5116 3562 5181; x_wconf 81' lang='lat' dir='ltr'><strong>fu-</strong></span> 
     </span>
    </p>
   </div>
   <div class='ocr_carea' id='block_1_112' title="bbox 1987 5209 3565 5292">
    <p class='ocr_par' dir='ltr' id='par_1_112' title="bbox 1987 5209 3565 5292">
     <span class='ocr_line' id='line_1_113' title="bbox 1987 5209 3565 5292; baseline -0.006 -18"><span class='ocrx_word' id='word_1_857' title='bbox 1987 5229 2136 5292; x_wconf 92' lang='lat' dir='ltr'><strong>gant,</strong></span> <span class='ocrx_word' id='word_1_858' title='bbox 2173 5220 2397 5274; x_wconf 90' lang='lat' dir='ltr'><strong>ubinam</strong></span> <span class='ocrx_word' id='word_1_859' title='bbox 2439 5219 2654 5290; x_wconf 81' lang='lat' dir='ltr'><strong>Moyses</strong></span> <span class='ocrx_word' id='word_1_860' title='bbox 2683 5218 2815 5273; x_wconf 90' lang='lat' dir='ltr'><strong>totis</strong></span> <span class='ocrx_word' id='word_1_861' title='bbox 2837 5216 2943 5272; x_wconf 92' lang='lat' dir='ltr'><strong>illis</strong></span> <span class='ocrx_word' id='word_1_862' title='bbox 2970 5213 3333 5286; x_wconf 87' lang='lat' dir='ltr'><strong>quadraginta</strong></span> <span class='ocrx_word' id='word_1_863' title='bbox 3367 5209 3565 5266; x_wconf 86' lang='lat' dir='ltr'><strong>diebus</strong></span> 
     </span>
    </p>
   </div>
   <div class='ocr_carea' id='block_1_113' title="bbox 3233 5350 3564 5417">
    <p class='ocr_par' dir='ltr' id='par_1_113' title="bbox 3233 5350 3564 5417">
     <span class='ocr_line' id='line_1_114' title="bbox 3233 5350 3564 5417; baseline -0.003 -12"><span class='ocrx_word' id='word_1_864' title='bbox 3233 5352 3253 5384; x_wconf 84' lang='grc'><strong><em>³</em></strong></span> <span class='ocrx_word' id='word_1_865' title='bbox 3279 5351 3297 5405; x_wconf 93' lang='lat' dir='ltr'><strong>l</strong></span> <span class='ocrx_word' id='word_1_866' title='bbox 3324 5350 3468 5406; x_wconf 87' lang='lat' dir='ltr'><strong>Petr.</strong></span> <span class='ocrx_word' id='word_1_867' title='bbox 3498 5363 3564 5417; x_wconf 82' lang='lat' dir='ltr'><strong>tt,</strong></span> 
     </span>
    </p>
   </div>
   <div class='ocr_carea' id='block_1_114' title="bbox 1977 5530 3562 5625">
    <p class='ocr_par' dir='ltr' id='par_1_114' title="bbox 1977 5530 3562 5625">
     <span class='ocr_line' id='line_1_115' title="bbox 1977 5530 3562 5625; baseline -0.009 -18"><span class='ocrx_word' id='word_1_868' title='bbox 1977 5552 2368 5625; x_wconf 71' lang='lat' dir='ltr'><strong>Agathopodcm</strong></span> <span class='ocrx_word' id='word_1_869' title='bbox 2405 5547 2812 5625; x_wconf 32' lang='grc' dir='ltr'><strong>Δερὶτςιοίίιλίεῑει</strong></span> <span class='ocrx_word' id='word_1_870' title='bbox 2854 5540 3098 5625; x_wconf 42' lang='lat' dir='ltr'><strong>Iptofert:</strong></span> <span class='ocrx_word' id='word_1_871' title='bbox 3171 5530 3414 5623; x_wconf 73' lang='grc' dir='ltr'>Ἠσθιεν,</span> <span class='ocrx_word' id='word_1_872' title='bbox 3469 5539 3562 5625; x_wconf 64' lang='grc' dir='ltr'>κμὶ</span> 
     </span>
    </p>
   </div>
   <div class='ocr_carea' id='block_1_115' title="bbox 1978 5612 3564 5684">
    <p class='ocr_par' dir='ltr' id='par_1_115' title="bbox 1978 5612 3564 5684">
     <span class='ocr_line' id='line_1_116' title="bbox 1978 5612 3564 5684; baseline -0.009 -9"><span class='ocrx_word' id='word_1_873' title='bbox 1978 5612 2160 5675; x_wconf 66' lang='grc' dir='ltr'>ἕτῖινεν</span> <span class='ocrx_word' id='word_1_874' title='bbox 2184 5612 2336 5684; x_wconf 43' lang='grc' dir='ltr'><strong>Ἴἰδίως</strong></span> <span class='ocrx_word' id='word_1_875' title='bbox 2367 5612 2465 5673; x_wconf 73' lang='grc' dir='ltr'><strong>οὐκ</strong></span> <span class='ocrx_word' id='word_1_876' title='bbox 2496 5618 2779 5678; x_wconf 72' lang='grc' dir='ltr'>ἀποδιδοὺς</span> <span class='ocrx_word' id='word_1_877' title='bbox 2808 5612 2881 5666; x_wconf 60' lang='lat' dir='ltr'><strong>“cdt</strong></span> <span class='ocrx_word' id='word_1_878' title='bbox 2911 5612 3173 5684; x_wconf 71' lang='grc' dir='ltr'>βρώματα</span> <span class='ocrx_word' id='word_1_879' title='bbox 3199 5629 3212 5641; x_wconf 80' lang='grc'><em>’</em></span> <span class='ocrx_word' id='word_1_880' title='bbox 3244 5612 3462 5684; x_wconf 84' lang='grc' dir='ltr'>τοιαύτη</span> <span class='ocrx_word' id='word_1_881' title='bbox 3495 5612 3564 5679; x_wconf 75' lang='grc' dir='ltr'>ἦν</span> 
     </span>
    </p>
   </div>
   <div class='ocr_carea' id='block_1_116' title="bbox 1979 5681 3562 5834">
    <p class='ocr_par' dir='ltr' id='par_1_116' title="bbox 1979 5681 3562 5834">
     <span class='ocr_line' id='line_1_117' title="bbox 1979 5681 3562 5761; baseline -0.008 -16"><span class='ocrx_word' id='word_1_882' title='bbox 1979 5692 2127 5761; x_wconf 83' lang='grc' dir='ltr'>αὐτῴ</span> <span class='ocrx_word' id='word_1_883' title='bbox 2170 5681 2497 5761; x_wconf 72' lang='grc' dir='ltr'>ἐγκρατείας</span> <span class='ocrx_word' id='word_1_884' title='bbox 2532 5688 2780 5758; x_wconf 80' lang='grc' dir='ltr'>δύναμις,</span> <span class='ocrx_word' id='word_1_885' title='bbox 2814 5681 2955 5738; x_wconf 77' lang='grc' dir='ltr'>ὥστε</span> <span class='ocrx_word' id='word_1_886' title='bbox 2998 5681 3267 5754; x_wconf 77' lang='grc' dir='ltr'>φθαρῆναι</span> <span class='ocrx_word' id='word_1_887' title='bbox 3302 5681 3401 5749; x_wconf 84' lang='grc' dir='ltr'><strong>τὴν</strong></span> <span class='ocrx_word' id='word_1_888' title='bbox 3438 5695 3562 5744; x_wconf 74' lang='grc' dir='ltr'>τρο-</span> 
     </span>
     <span class='ocr_line' id='line_1_118' title="bbox 1980 5761 2368 5834; baseline 0 -19"><span class='ocrx_word' id='word_1_889' title='bbox 1980 5761 2083 5834; x_wconf 81' lang='grc' dir='ltr'>φὴν</span> <span class='ocrx_word' id='word_1_890' title='bbox 2116 5765 2173 5815; x_wconf 76' lang='grc' dir='ltr'><strong>ὲν</strong></span> <span class='ocrx_word' id='word_1_891' title='bbox 2202 5761 2368 5830; x_wconf 82' lang='grc' dir='ltr'>αὐτῷ.</span> 
     </span>
    </p>
   </div>
   <div class='ocr_carea' id='block_1_117' title="bbox 1980 5781 2368 5831">
    <p class='ocr_par' dir='ltr' id='par_1_117' title="bbox 1980 5781 2368 5831">
     <span class='ocr_line' id='line_1_119' title="bbox 1980 5781 2368 5831; baseline 0 -16"><span class='ocrx_word' id='word_1_892' title='bbox 1980 5781 2083 5831; x_wconf 80' lang='grc' dir='ltr'><strong>φην</strong></span> <span class='ocrx_word' id='word_1_893' title='bbox 2116 5781 2173 5815; x_wconf 79' lang='grc' dir='ltr'><strong>εν</strong></span> <span class='ocrx_word' id='word_1_894' title='bbox 2202 5781 2368 5830; x_wconf 85' lang='grc' dir='ltr'>αυτῳ.</span> 
     </span>
    </p>
   </div>
  </div>
