3994 6224
516 324 622 384 863
1937 323 1997 380 S.
2039 321 2081 378 Ε

2185 323 2380 380 ἨΛΝΙΙ
3533 349 3540 360 ·
3651 328 3733 388 6ῦῦ

511 450 760 498 ventrem
783 437 1164 495 exoneraverit
1184 436 1474 504 ?Quonam
1505 436 1572 507 ad
1595 450 1876 493 secessum
1904 438 2083 493 abierit

2203 440 2508 512 εσκευάσθη
2579 439 2816 510 Μωῦσῆς
2861 438 2960 512 τὴν
3000 438 3602 512 τεσσαρακονθήμερονς
3647 449 3733 503 Ποῦ

514 535 662 590 Elias
692 533 760 588 ad
788 538 1085 587 torrentem
1117 529 1347 594 Chorra,
1377 544 1502 584 cum
1531 529 1790 584 mandato
1822 529 1938 596 Dei,
1975 545 2083 600 qua

2201 533 2270 587 τὰ
2319 533 2452 606 πρὸς
2479 532 2667 604 χρείαν
2695 533 2928 586 ἐποιεῖτο
2955 532 3145 595 Ἠλίας
3178 533 3235 584 ἐν
3257 531 3334 600 τῷ
3354 532 3532 604 Χορρᾷ
3551 541 3736 614 χειμάρ

515 642 546 681 a
587 623 770 680 corvis
819 621 1150 677 aﬂ‘crehatur
1226 621 1472 683 cibaria,
1521 620 1626 676 hoc
1669 631 1774 686 est,
1827 623 2083 677 matutint

2203 626 2281 696 ρῳ
2308 663 2321 688 ,
2354 624 2592 694 ὁπηνίκα
2620 623 2784 694 ἄρτον
2820 622 2918 694 μὲν
2951 622 3012 675 τὸ
3060 621 3300 693 πρωῖνὸν
3337 621 3517 692 ἤσθιε,
3552 629 3670 698 κρέα
3693 633 3735 686 δὲ

511 725 754 786 tempore
788 729 1005 784 panem,
1037 727 1264 782 vespere
1295 727 1493 768 carnes
1521 713 1834 768 comederet
1856 713 1902 765 ‘?
1930 712 2083 767 Nimi-

2198 717 2259 770 τὸ
2289 715 2516 770 δειλινὸν
2561 715 2669 770 ἀπὸ
2703 717 2803 787 τῆς
2853 715 2960 770 τῶν
2993 716 3250 786 κοράκων
3293 720 3648 788 παρακομιδῆς
3669 725 3736 780 ad

512 823 633 862 rum
678 808 906 862 stultum
937 814 1056 860 erat
1090 805 1206 865 hac
1248 820 1279 859 a
1329 803 1614 876 Scriptura
1648 807 2083 869 commemorari,

2197 809 2333 863 Θεοῦ
2366 809 2820 880 προστάγματοςς
2875 807 3110 861 Ἠλίθιον
3163 808 3276 878 γὰρ
3312 802 3379 877 ἦν
3421 809 3478 861 τὸ
3507 809 3597 880 τὴν
3623 813 3734 882 Γρα.

511 899 970 970 quemadmodum
1015 906 1070 953 et
1116 898 1240 954 illos
1265 897 1428 953 modo
1476 897 1814 969 perscrutari
1865 898 2083 952 stultum

2199 900 2306 971 φὴν
2335 900 2464 972 περὶ
2502 899 2708 953 τούτων
2735 898 2918 967 λέγειν
2941 939 2955 962 ,
2999 897 3075 960 ὡς
3104 897 3202 950 νῦν
3244 897 3452 959 τούτοις
3480 899 3662 969 ἠλίθιον
3690 904 3737 957 τὸ

508 995 614 1043 est.
655 986 788 1052 Quae
829 987 972 1042 enim
1009 1002 1078 1042 ex
1111 986 1180 1042 iis
1209 985 1418 1042 utilitas
1458 987 1666 1057 percipi
1707 987 1929 1057 potest?
1971 989 2083 1057 quis

2197 992 2492 1058 ἐξετάζειν.
2527 992 2624 1056 Τίς
2655 991 2764 1060 γὰρ
2810 989 3045 1059 ὠφέλεια
3075 990 3135 1042 ἐν
3179 991 3296 1052 τοῖς
3345 989 3615 1056 τοιούτοις
3641 994 3668 1063 ἦ
3696 996 3737 1047 τί

511 1079 678 1134 animi
711 1078 959 1134 fructus?
987 1093 1110 1150 quae
1143 1095 1209 1134 eo
1240 1087 1454 1135 tantum
1487 1087 1720 1148 spectat,
1752 1088 1834 1145 ut,
1863 1080 1931 1135 ad
1959 1095 2083 1151 pra:-

2195 1085 2256 1139 τὸ
2275 1086 2582 1157 χρήσιμονς
2613 1083 2730 1138 ἀλλ’
2758 1083 2791 1154 ἢ
2839 1084 3002 1153 μόνον
3036 1083 3116 1146 είς
3151 1080 3414 1135 ἀπιστίαν
3452 1083 3546 1150 τῆς
3573 1085 3736 1155 προλή-

511 1179 744 1243 sumptae
779 1172 1066 1241 cujusdam
1107 1172 1387 1243 opinionis
1432 1173 1808 1229 infidelitatem
1848 1183 2083 1228 astruen<

2193 1170 2340 1241 ψεως
2391 1170 2696 1242 προφάσεις
2747 1169 2838 1224 διὰ
2891 1170 3266 1243 ψυχρολογίας
3324 1169 3420 1222 καὶ
3471 1171 3736 1245 ἀνατροπῆς

512 1264 661 1331 dam,
695 1265 1051 1321 inanissimas
1091 1262 1414 1320 occasiones
1454 1263 1670 1336 frigidis
1709 1265 1816 1320 illis
1847 1265 2006 1334 nugis
2041 1272 2083 1320 el

2195 1263 2433 1334 ματαίας
2470 1264 2613 1335 ἔχον.
2650 1264 2974 1333 Λεγέτωσαν
3005 1263 3063 1318 δὲ
3088 1262 3256 1318 πάλιν
3285 1264 3442 1334 ἡμῖν,
3464 1262 3564 1316 τίνι
3584 1264 3650 1334 τῷ
3670 1265 3738 1318 λό-

510 1357 579 1413 ad
611 1357 917 1413 animorum
948 1359 1288 1414 eversionem
1315 1357 1528 1431 idoneis
1552 1357 1884 1428 suppeditet.
1917 1357 2083 1414 Velim

2192 1370 2306 1425 γῳ,
2340 1355 2430 1409 ὅτε
2458 1354 2724 1428 ⁴ἠθέλησεν
2750 1357 2778 1409 ό
2803 1355 2956 1420 Θεὸς,
2996 1353 3226 1425 ἐποίησε
3266 1353 3374 1407 τῶν
3407 1352 3533 1408 υίῶν
3561 1354 3735 1428 Ἰσραὴλ

509 1455 564 1505 et
605 1449 709 1505 hoc
759 1463 924 1520 porro
971 1448 1130 1504 nobis
1181 1449 1492 1505 edisserant
1529 1467 1542 1503 :
1576 1449 1823 1516 Quanam
1879 1449 2083 1506 ratione

2191 1443 2250 1496 ἐν
2294 1446 2705 1516 τεσσαράκοντα
2749 1445 2894 1500 ἔτεσι
2952 1447 3093 1519 μήτε
3144 1446 3247 1512 τὰς
3287 1447 3480 1520 τρίχας
3515 1450 3733 1520 κομάσαι,

509 1537 675 1604 Deus,
711 1555 836 1595 cum
871 1540 1065 1607 voluit,
1108 1539 1161 1594 id
1203 1541 1398 1612 egerit,
1433 1549 1493 1596 ut
1530 1542 1900 1598 lsraelitarum
1943 1551 2083 1600 totos

2193 1537 2332 1608 μήτε
2362 1536 2434 1591 τὰ
2473 1537 2800 1609 ὑποδήματα
2859 1539 3270 1610 παλαιωθῆναι,
3310 1542 3448 1612 μήτε
3480 1541 3544 1595 τὰ
3582 1543 3735 1612 ἱμάτια

506 1632 866 1701 quadraginta
897 1647 1072 1688 annos
1105 1647 1282 1703 neque
1314 1633 1408 1704 pili
1435 1641 1767 1699 crescerent,
1803 1650 1905 1690 nec
1937 1636 2090 1692 inve-

508 1736 753 1784 terarent
779 1727 972 1793 calcei,
1005 1743 1184 1799 neque
1213 1735 1396 1785 vestes
1427 1738 1798 1785 attererentur
1830 1738 1924 1785 aut
1963 1746 2079 1788 sor-

2190 1629 2606 1702 κατατριϐῆναι,
2640 1631 2675 1702 ἢ
2709 1631 3051 1704 ρυπανθῆναι
3077 1649 3091 1699 ;
3122 1632 3219 1703 Μὴ
3250 1631 3362 1704 ἄρα
3397 1635 3488 1687 καὶ
3515 1629 3641 1690 οὗτοι
3659 1635 3732 1688 ἀπ’

2190 1719 2422 1791 οὐρανοῦ
2451 1720 2842 1792 ἐληλύθεισαν;
2882 1723 2958 1794 μὴ
2990 1722 3105 1777 θεοὶ
3140 1725 3191 1778 οί
3229 1723 3462 1778 τοιοῦτοι
3490 1725 3733 1797 ὑπῆρχονς

505 1819 671 1875 dibus
708 1821 1161 1876 obsolescerent?
1189 1821 1271 1875 An
1312 1831 1365 1876 et
1401 1821 1491 1876 isti
1524 1822 1591 1878 de
1617 1823 1759 1878 crelo
1788 1823 2083 1880 descende-

2193 1810 2369 1864 καίτοι
2419 1827 2483 1880 γε
2542 1811 2643 1866 οὐκ
2713 1815 2772 1866 ἐν
2833 1813 3078 1877 ἐπαίνοις
3131 1814 3506 1886 ὑπάρχοντες,
3555 1815 3656 1870 ἀλλ’
3689 1817 3734 1872 ἐν

507 1909 664 1963 rant?
705 1917 800 1964 aut
833 1909 909 1964 dii
957 1909 1170 1966 scilicet
1213 1918 1372 1966 erant
1420 1911 1626 1983 aliqui?
1671 1912 1833 1984 Atqui
1870 1930 1939 1969 ne
1973 1915 2090 1968 lau-

505 2001 709 2056 dantur
733 2002 810 2057 illi
850 2002 1071 2073 quidem
1101 2021 1115 2067 ;
1149 2002 1246 2060 sed
1277 2003 1523 2058 divinum
1564 2020 1763 2061 numen
1806 2006 1860 2060 in
1894 2007 2088 2076 pleris-

504 2107 613 2162 que
645 2103 1034 2163 provocarunt.
1076 2097 1277 2151 Annon
1308 2096 1473 2166 igitur
1493 2095 1685 2151 iisdem
1715 2107 1873 2153 erant
1902 2100 2090 2154 nobis-

2193 1905 2410 1970 πολλοῖς
2437 1907 2577 1962 Θεὸν
2611 1907 3142 1981 παραζηλώσαντες,
3184 1910 3260 1981 μὴ
3295 1910 3396 1964 οὐκ
3427 1905 3558 1982 ἦσαν
3594 1911 3735 1982 ὁμοιο-

2191 1997 2385 2062 παθεῖς
2419 1999 2581 2069 nutu;
2635 1999 2773 2052 Ἀλλ’
2811 1999 2904 2054 ἵνα
2943 2000 3090 2075 δείξῃ
3117 2003 3148 2055 ὁ
3181 2001 3318 2066 Θεὸς
3341 2043 3356 2066 ,
3387 2003 3468 2055 ὅτι
3509 2001 3572 2056 τὰ
3592 2003 3734 2057 πάντα

2191 2092 2248 2144 ἐν
2277 2090 2427 2162 αὑτῷ
2453 2090 2678 2145 δύναται
2705 2131 2720 2156 ,
2761 2092 2856 2146 καὶ
2888 2093 3126 2164 ἐγχωρεῖ
3155 2092 3437 2163 γίνεσθαι,
3471 2094 3560 2146 καὶ
3582 2093 3646 2164 μὴ
3669 2095 3735 2162 γίο

2189 2183 2398 2238 νεσθαι.
2445 2184 2561 2237 Ἵνα
2590 2184 2701 2255 γὰρ
2737 2185 2810 2256 μή
2853 2201 2999 2248 τινες
3025 2186 3103 2250 είς
3138 2187 3391 2250 ἐκείνους
3429 2186 3581 2240 πάλιν
3614 2187 3731 2254 λογί-

2189 2292 2388 2330 σωνται
2426 2274 2494 2328 τὰ
2542 2275 2683 2346 ὑπὲρ
2721 2275 2883 2346 φύσιν
2924 2276 3015 2331 διὰ
3065 2277 3126 2330 τὰ
3153 2279 3340 2341 αὐτοῖς
3377 2278 3435 2330 ἐν
3468 2276 3735 2348 θαυμασμῷ

2186 2366 2448 2437 γινόμενα
2473 2365 2626 2436 παρὰ
2648 2366 2786 2420 Θεοῦ
2807 2407 2823 2433 ,
2866 2368 3152 2421 τουτέστιν
3173 2368 3258 2422 ὅτι
3299 2368 3481 2439 τρίχες
3522 2369 3612 2422 οὐκ
3635 2368 3730 2420 ἐκό·

2189 2474 2327 2527 μων,
2361 2456 2552 2526 ίμὰτια
2581 2455 2684 2508 οὐκ
2712 2456 3076 2510 ἐπαλαιοῦντο
3102 2498 3118 2524 ,
3143 2458 3241 2512 καὶ
3274 2458 3346 2512 τὰ
3367 2457 3496 2512 ἄλλα
3515 2498 3529 2522 ,
3557 2459 3640 2512 καὶ
3667 2459 3732 2510 ὅτι

2185 2547 2351 2618 ἄρτον
2393 2548 2644 2617 ἀγγέλων
2687 2548 2889 2617 ἔφαγεν
2926 2549 3217 2621 ἄνθρωπος
3246 2571 3260 2583 ·
3315 2553 3395 2616 εἰς
3421 2552 3566 2624 ἡμῶν
3601 2552 3729 2622 χάριν

2186 2639 2625 2711 ἀσςξαλισάμενον
2653 2643 2714 2697 τὸ
2747 2644 2889 2699 θεῖον
2909 2648 3150 2719 Γράμμα
3178 2651 3317 2722 φησί
3344 2668 3357 2681 ·
3381 2650 3600 2705 Λαὸέτω
3623 2651 3730 2702 ἕκα-

2185 2746 2334 2798 στος
2358 2732 2689 2789 πάσσαλον
2715 2737 3010 2804 σιδηροῦν
3041 2741 3112 2794 ἐν
3138 2740 3214 2809 τῇ
3244 2742 3393 2811 ζώνῃ
3418 2741 3634 2806 ἑαυτοῦ,
3651 2741 3728 2804 ἵν’,

2185 2823 2332 2878 ὅταν
2352 2825 2439 2890 εἰς
2478 2828 2665 2880 τόπον
2699 2828 2979 2898 καθιζὶίνῃ
3005 2870 3020 2893 ,
3053 2830 3273 2900 σκάφη
3316 2833 3416 2886 καὶ
3467 2831 3618 2900 χώσῃ
3641 2830 3731 2898 τὴν

2186 2913 2346 2968 ἰδίαν
2373 2916 2619 2982 κόπρον.
2655 2917 2775 2970 Ὀτι
2805 2919 2955 2986 λαὸς
2985 2923 3354 2991 ἡγιασμένος
3369 2922 3522 2985 ἐστὲ,
3545 2921 3731 2975 milia

2179 3023 2308 3073 ριος
2329 3005 2573 3076 ἐνδημεῖ
2582 3009 2670 3074 εὶς
2679 3009 2876 3078 μέσον
2894 3009 3003 3079 τῆς
3018 3012 3421 3083 παρεμϐολῆς.
3443 3015 3529 3077 El;
3539 3012 3728 3067 τοῦτοδὲ

2188 3099 2284 3152 καὶ
2341 3101 2582 3172 ἱστορίαν
2623 3103 2812 3167 παῖδες
2873 3105 3141 3176 Ἐϐραίων
3192 3110 3622 3180 παραφέρουσιν,
3663 3107 3728 3160 ὃτι

2185 3188 2469 3262 διήρκεσεν
2501 3194 2685 3258 αὐτοῖς
2729 3196 2757 3248 ό
2807 3193 2976 3259 τύπος
3019 3198 3147 3268 ἄχρι
3187 3201 3338 3264 τινὸς
3383 3197 3598 3270 καιροῦ,
3643 3197 3728 3258 ἕως

2184 3281 2307 3336 ὅτου
2339 3285 2367 3337 ό
2387 3284 2519 3349 Θεὸς
2545 3285 2779 3358 ἠθέλησε
2809 3286 2978 3352 δεῖξαι
3020 3290 3082 3343 ἐν
3108 3291 3300 3356 αὐτοῖς
3338 3291 3491 3344 τοῦτο
3529 3289 3584 3342 τὸ
3623 3287 3728 3340 θαῦ-

2189 3391 2298 3444 μαο
2325 3375 2502 3430 καίτοι
2534 3393 2598 3446 γε
2622 3378 2804 3431 αὐτῶν
2839 3379 3128 3436 ἐσθιόντων
3168 3384 3266 3438 καὶ
3294 3383 3430 3456 κρέα
3480 3381 3566 3435 καὶ
3597 3380 3726 3451 ὀρτυ-

2184 3466 2490 3538 γομήτραν,
2522 3467 2936 3542 συμϐεϐηκέναι
2959 3471 3159 3537 αὐτοὺς
3186 3475 3328 3545 μήτε
3361 3471 3547 3529 τούτου
3569 3468 3728 3542 χρείαν

2182 3554 2350 3626 ἔχειν.

503 2198 629 2237 cum
663 2183 1042 2242 affectionibus
1077 2187 1342 2242 obnoxii?
1374 2187 1577 2243 Verum
1605 2191 1789 2244 omnia
1829 2207 1889 2247 se
1926 2208 2088 2262 posse

505 2289 602 2345 per
633 2290 776 2338 sese,
803 2276 1030 2346 fierique
1067 2279 1282 2348 1010
1321 2279 1496 2349 ipsius
1526 2288 1682 2343 nutu,
1711 2282 1794 2338 vel
1829 2299 1936 2338 non
1972 2283 2085 2340 ﬁeri

502 2382 669 2435 posse
707 2368 851 2425 Deus
877 2369 1172 2426 ostendere
1201 2372 1486 2428 voluit.Ac
1504 2387 1572 2428 ne
1597 2373 1852 2431 fortassis
1881 2377 2084 2446 aliquis

500 2459 572 2514 ob
602 2462 869 2532 stupenda
919 2462 1009 2516 illa
1050 2464 1316 2536 prodigia,
1354 2481 1476 2535 qua:
1510 2466 1564 2520 in
1596 2467 1814 2523 illorum
1849 2473 2083 2540 gratiam

499 2565 532 2605 ιι
583 2550 693 2607 Deo
749 2551 892 2608 facta
947 2552 1203 2620 fuerant,
1249 2555 1484 2627 amplius
1532 2558 1789 2623 quiddam
1845 2559 2082 2615 humana

499 2641 818 2697 conditione
847 2644 901 2697 in
943 2643 1050 2700 illis
1081 2645 1360 2701 exstitisse
1405 2647 1672 2714 crederet,
1719 2659 1775 2703 ut
1821 2651 1948 2705 huic
1995 2667 2087 2705 cr-

500 2729 614 2783 rori
649 2741 836 2786 nostra
866 2746 1032 2787 causa
1081 2735 1416 2797 consuleret,
1465 2735 1749 2805 Scriptura
1799 2753 1956 2792 sacra
2000 2739 2081 2794 sic

501 2822 750 2893 praecipit
780 2843 793 2878 :
833 2823 1039 2878 Habeat
1069 2827 1426 2896 unusquisque
1453 2828 1715 2895 paxillum
1751 2828 1982 2899 ferreum
2028 2831 2083 2884 in

499 2929 635 2970 tona
663 2931 782 2982 sua,
819 2927 897 2981 ut,
924 2933 1042 2970 cum
1076 2919 1129 2972 in
1152 2919 1331 2989 aliqua
1366 2919 1481 2975 loco
1508 2921 1788 2982 desederit.
1821 2923 2009 2992 fodiat,
2033 2933 2082 2976 et

497 3016 697 3062 stercus
716 3025 870 3063 suum
899 3011 1122 3078 aperiat.
1156 3012 1407 3080 quoniam
1438 3013 1660 3081 populus
1685 3024 1902 3069 sanctus
1933 3015 2080 3080 estis,

496 3107 547 3153 et
580 3098 842 3154 Dominus
873 3099 1079 3154 habitat
1112 3103 1168 3155 in
1202 3102 1371 3161 medio
1421 3113 1719 3159 castrorum
1741 3107 1783 3160 ‘.
1815 3103 1990 3171 Quam
2026 3106 2078 3160 in

499 3207 611 3248 rem
665 3191 875 3248 Hebraei
925 3194 1220 3264 quamdam
1270 3195 1553 3250 historiam
1604 3205 2080 3253 commemorant:

500 3283 728 3353 ﬁguram
759 3285 907 3339 illam
943 3301 1009 3340 ac
1041 3295 1228 3357 typum
1262 3287 1547 3358 aliquanto
1593 3289 1856 3359 temporis
1905 3291 2084 3360 spatio

500 3389 902 3444 perseverasse,
946 3377 1190 3448 quandiu
1224 3377 1366 3435 Deus
1413 3380 1466 3433 in
1511 3379 1596 3436 his
1637 3380 1743 3435 hoc
1776 3381 2083 3452 prodigium

499 3464 712 3520 allicere
775 3466 970 3521 voluit.
1008 3467 1085 3520 Ac
1120 3467 1248 3523 licet
1292 3469 1554 3523 carnibus
1611 3478 1665 3523 ct
1705 3472 2084 3528 coturnicibus

499 3563 874 3623 vescerentur,
901 3573 1182 3628 nunquam
1208 3567 1386 3614 tamen
1416 3574 1512 3629 per
1538 3560 1670 3615 illud
1699 3568 1917 3633 tempus
1939 3564 2084 3634 ejus-

497 3649 644 3704 modi
681 3661 890 3706 naturae
941 3651 1302 3708 necessitates
1335 3661 1592 3723 expertos
1617 3654 1739 3709 illos
1771 3655 1960 3712 fuisse.

571 3737 734 3796 XVII.
770 3740 891 3795 Jam
922 3756 1052 3796 vero
1086 3741 1134 3795 si
1164 3757 1194 3795 a
1219 3740 1425 3798 Iudaeis
1456 3743 1522 3797 ad
1556 3744 1827 3812 majorum
1855 3761 2082 3801 suorum

495 3837 664 3894 decus
695 3844 750 3892 et
783 3833 1011 3904 gloriam
1045 3833 1129 3888 vel
1159 3833 1226 3888 ad
1256 3833 1489 3904 gratiam
1523 3835 1628 3889 ista
1659 3836 1960 3906 finguntur,
1994 3837 2082 3892 vel

493 3943 560 3982 ex
615 3926 693 3982 rei
739 3924 970 3980 veritate
1010 3923 1382 3996 praedicantur
1441 3927 1776 3995 (quanquam
1829 3927 2082 3984 homines

495 4017 620 4073 illos
663 4015 855 4080 fuisse,
902 4030 1138 4085 quorum
1167 4013 1449 4086 dignitatis
1481 4017 1843 4086 patrocinium
1889 4033 2081 4075 susce-

493 4117 711 4180 perunt,
761 4118 815 4166 et
848 4106 1258 4183 corruptibiles,
1310 4121 1419 4162 non
1463 4108 1620 4171 deos,
1663 4109 1758 4164 sed
1803 4125 1869 4165 ex
1913 4127 2081 4169 carne

493 4201 762 4272 sanguine
795 4199 1086 4271 animaque
1123 4200 1461 4270 compositos
1499 4202 1779 4258 exstitisse
1825 4219 1934 4258 non
1976 4203 2080 4259 du-

492 4294 770 4363 bitemus);
809 4293 932 4364 quis
964 4304 1076 4347 tam
1106 4291 1312 4347 atrocia
1353 4299 1407 4346 et
1445 4292 1717 4349 horrenda
1741 4293 1810 4350 de
1833 4293 2076 4364 Christo,

2185 4290 2384 4345 τούτων
2446 4292 2698 4360 ἀνέξεται
2748 4293 2966 4348 ἀκούων
3019 4293 3092 4348 τὰ
3141 4295 3244 4348 οὐκ
3301 4293 3567 4364 ἀτόλμητα
3616 4279 3721 4352 περὶ

492 4379 695 4451 Deique
729 4378 906 4434 Verbo
932 4380 1152 4436 caelitus
1195 4379 1419 4452 allapso,
1437 4395 1501 4435 ac
1551 4383 1619 4436 de
1653 4383 1890 4452 gloriosa
1923 4400 2078 4440 vera-

2185 4385 2419 4456 Χριστοῦ
2465 4385 2561 4440 τοῦ
2599 4385 2808 4442 ἄνωθεν
2865 4386 3111 4450 ἐλθόντος
3147 4385 3289 4441 Θεοῦ
3320 4387 3489 4454 Λόγου
3533 4379 3616 4434 καὶ
3640 4374 3720 4444 τῆς

491 4484 599 4540 que
644 4470 818 4539 ipsius
864 4470 1244 4526 incarnatione
1289 4470 1491 4541 jactari
1528 4471 1597 4526 ab
1639 4473 1748 4530 illis
1801 4475 2075 4545 patienter

2185 4476 2344 4531 αὑτοῦ
2375 4477 2433 4530 ἐν
2453 4477 2653 4530 ἅπασιν
2669 4475 2880 4543 ἐνδόξου
2905 4479 2998 4532 καὶ
3026 4479 3285 4550 ἀληθινῆς
3317 4477 3569 4547 ἐνσάρκου
3600 4480 3717 4534 παρ-

491 4559 714 4614 audiat?
763 4559 881 4628 Qua
933 4563 1153 4632 quidem
1200 4561 1254 4616 in
1284 4563 1666 4621 incarnatione
1713 4566 1871 4631 illud,
1924 4570 2075 4640 quod

2185 4568 2400 4633 ουσίας;
2471 4566 2535 4622 ἐν
2655 4570 2940 4642 ἐπλήρωσε
2985 4572 3047 4624 τὸ
3090 4573 3381 4644 εἰρημένον
3414 4588 3428 4602 '
3475 4571 3716 4627 Πεπειρίν

487 4650 693 4706 dictum
719 4661 827 4715 est,
860 4653 1103 4723 implevit
1138 4671 1152 4708 :
1183 4653 1438 4713 Teutalus
1464 4673 1557 4726 per
1593 4658 1772 4712 omnia
1803 4669 1858 4712 ut
1897 4660 2072 4728 homo,

2185 4660 2354 4728 μένος
2381 4659 2533 4714 κατὰ
2559 4661 2758 4718 πάντα
2789 4665 2868 4731 ὡς
2895 4665 3207 4734 ἄνθρωπος
3241 4666 3419 4735 χωρὶς
3445 4653 3713 4730 ἁμαρτίας·

488 4741 682 4813 absque
719 4752 931 4811 peccato
961 4744 1000 4796 ³.
1037 4743 1271 4810 Etenim,
1312 4745 1438 4801 licet
1464 4755 1653 4802 nostra
1683 4764 1844 4804 carne
1875 4753 2075 4821 praedi-

2189 4752 2346 4822 Ἐξῆν
2375 4752 2483 4825 γὰρ
2526 4754 2674 4825 αὑτῷ
2719 4754 2947 4827 ἀληθεία
2983 4755 3166 4826 ἔχοντι
3222 4756 3402 4826 σάρκα
3430 4753 3522 4821 τὴν
3548 4739 3715 4816 ήμετὲο

488 4840 577 4888 tus
603 4832 760 4901 foret,
791 4844 1001 4904 poterat
1033 4834 1396 4890 nihilominus
1425 4835 1514 4890 illa
1555 4838 1672 4908 ipsa
1701 4854 1825 4910 qua:
1851 4856 1882 4894 a
1912 4843 2073 4900 nobis

2185 4862 2278 4915 ραν
2301 4885 2316 4906 ,
2360 4845 2435 4917 μὴ
2489 4846 2750 4918 πράττειν
2787 4847 2856 4900 τὰ
2904 4848 3166 4903 δοκοῦντα
3219 4849 3350 4920 ἡμῖν
3395 4839 3600 4908 εὐτελῆ.
3638 4829 3713 4885 καὶ

489 4925 761 4981 habentur
784 4926 932 4991 vilia,
957 4927 1396 4997 praetermittere,
1423 4945 1595 5000 eaque
1612 4943 1875 4999 praestare
1893 4935 2070 4990 solmn

2185 4935 2438 5007 πράττειν
2465 4938 2627 4991 ὁποῖα
2665 4937 2839 5009 σεμνὰ
2871 4937 3160 5010 ἐτύγχανε,
3201 4940 3296 4992 καὶ
3324 4937 3582 5009 πρέποντα
3606 4927 3712 4979 ἀνα-

485 5034 606 5089 qua:
639 5019 956 5075 honestiora
987 5034 1052 5075 ac
1083 5019 1281 5075 divina:
1317 5021 1588 5092 majestati
1630 5039 1874 5096 congrua
1923 5028 2073 5085 vide-

2185 5029 2346 5097 λόγως
2390 5033 2454 5101 τῇ
2505 5029 2750 5101 θεότητι·
2794 5031 2861 5085 δι’
2905 5026 2965 5086 οὗ
3023 5033 3114 5084 καὶ
3164 5033 3214 5086 οἱ
3259 5033 3364 5084 υἱοὶ
3402 5022 3596 5097 Ἰσραὴλ
3633 5015 3712 5069 οὐκ

486 5107 682 5167 bantur
709 5129 722 5166 :
749 5119 934 5181 utpote
960 5125 1056 5180 per
1085 5125 1246 5181 quem
1273 5118 1326 5165 et
1349 5110 1717 5169 lsraelitarum
1751 5118 1932 5187 capilli
1960 5135 2070 5176 non

2185 5121 2470 5194 ἐκόμησαν,
2500 5124 2594 5178 καὶ
2627 5125 2694 5176 τὰ
2729 5125 2920 5195 ἱμάτια
2946 5123 3125 5178 αὐτῶν
3159 5125 3260 5177 οὐκ
3309 5116 3596 5195 ὲρυπάνθη·
3637 5106 3711 5160 καίὶ

482 5203 850 5268 excreverint,
882 5219 984 5259 nec
1027 5220 1220 5263 eorum
1267 5207 1592 5264 vestimenta
1624 5207 1814 5265 sordes
1843 5220 2068 5266 contra-

2185 5213 2341 5267 ταῦτα
2380 5215 2522 5269 κατὰ
2573 5216 2870 5287 παράδοσιν
2909 5216 3093 5279 αὐτοῖς
3133 5216 3492 5287 συμϐέϐηκεν.
3526 5207 3634 5259 Ὅτι
3666 5197 3710 5252 δὲ

483 5296 696 5361 xerint,
729 5311 852 5367 quae
879 5297 1086 5360 omnia,
1119 5297 1166 5352 si
1203 5297 1483 5352 traditioni
1514 5299 1812 5367 credimus,
1843 5303 1953 5358 illis
1981 5319 2070 5359 ac-

2185 5307 2268 5359 καὶ
2325 5307 2515 5376 ἱμάτια
2569 5303 2714 5378 εἶχεν
2775 5307 2834 5374 ἐξ
2891 5306 3196 5378 ἀνθρώπων
3251 5293 3706 5387 κατεσκευασμένῳ

483 5386 753 5442 ciderunt.
805 5385 962 5454 Quod
1007 5397 1190 5443 autem
1241 5396 1423 5444 vestes
1477 5389 1760 5446 hominum
1812 5395 2066 5451 manibus

2185 5395 2565 5465 Ξιναμφίϐολον.
2613 5398 3006 5470 Διεμερίσαντο
3060 5398 3169 5469 γὰρ
3223 5398 3293 5451 τὰ
3348 5397 3523 5468 ἱμάτια
3552 5386 3707 5480 αὐτου,

484 5485 769 5534 contextus
801 5479 1072 5534 Christus-
1100 5480 1374 5544 habuerit,
1411 5492 1567 5535 cxtra
1597 5498 1815 5538 omnem
1843 5496 2066 5540 contro-

2185 5487 2269 5540 καὶ
2298 5489 2392 5539 ἑπί
2442 5488 2532 5540 τὸν
2565 5490 2860 5560 ἱματισμὸν
2911 5489 3074 5542 αὑτοῦ
3120 5489 3312 5543 ἔϐαλον
3343 5489 3547 5557 κλῆρον.
3578 5475 3631 5528 Εἰ

483 5573 715 5628 versiam
745 5579 850 5627 cst.
887 5571 1075 5627 Partiti
1109 5579 1239 5630 sunt
1281 5575 1428 5629 enim
1472 5576 1798 5632 vestimenta
1825 5578 1967 5648 ejus,
2013 5589 2070 5634 et

2185 5581 2392 5654 ἱμάτιον
2426 5581 2484 5648 ἐξ
2507 5582 2808 5656 ἀνθρώπων
2835 5623 2848 5650 ,
2879 5581 3120 5654 δηλονότι
3176 5582 3233 5648 ἐξ
3263 5581 3420 5654 ἐρέας
3452 5573 3512 5648 ἦν
3549 5565 3629 5625 καὶ
3656 5574 3704 5616 εκ

2255 3735 2353 3794 lZ’.
2385 3737 2492 3794 Καὶ
2515 3739 2565 3794 εί
2592 3738 2746 3810 παρὰ
2774 3741 2887 3805 τοῖς
2927 3739 3202 3813 Ἑϐραίοις
3228 3740 3320 3795 διὰ
3347 3739 3442 3814 τὴν
3470 3736 3593 3809 πρὸς
3618 3732 3724 3796 τοὺς

2183 3833 2428 3904 πατέρας
2459 3831 2639 3887 αὐτῶν
2664 3833 2823 3900 δόξαν
2845 3874 2861 3900 ,
2903 3835 3023 3906 ἦτοι
3070 3834 3214 3890 κατὰ
3243 3834 3528 3907 πρόσθεσιν
3549 3873 3563 3896 ,
3594 3843 3722 3898 χαρι-

2183 3923 2405 3988 πικῶς,
2455 3924 2576 3996 ἦτοι
2632 3923 2773 3978 κατὰ
2821 3925 3082 3996 ἀλήθειαν
3124 3924 3286 3979 τοῦτο
3331 3925 3505 3996 ᾄδεται
3555 3917 3722 3980 (καίτοι

2180 4032 2246 4085 γε
2297 4015 2477 4070 αὐτῶν
2521 4016 2740 4071 εἰδότων
2763 4057 2778 4082 ,
2815 4018 2898 4072 ὅτι
2941 4019 3036 4073 καὶ
3073 4018 3353 4092 ἄνθρωποι
3383 4013 3514 4088 ἦσαν
3539 4013 3583 4066 οἱ
3613 4007 3722 4080 πρὸς

2181 4105 2362 4160 αὐτῶν
2415 4111 2875 4179 συνηγορούμενοι
2923 4109 3018 4164 καὶ
3069 4109 3304 4182 φθαρτοὶ
3377 4108 3467 4161 καὶ
3519 4104 3576 4157 οὐ
3631 4096 3722 4152 θεοὶ

2173 4199 2278 4263 ,καὶ
2312 4201 2377 4253 ἐκ
2420 4201 2624 4271 σαρκὸς
2670 4201 2765 4255 καὶ
2803 4202 3039 4272 αἵματος
3084 4203 3180 4256 καὶ
3231 4202 3454 4274 ψυχῆςγ
3494 4197 3570 4259 τίς
3598 4189 3722 4260 παρά

561 5724 579 5758 ί
609 5724 680 5787 ιιι
703 5724 837 5796 Reg.
876 5743 1004 5796 xm,
1045 5731 1095 5785 6.
1191 5690 1396 5794 'Dcut.
1431 5751 1586 5802 χχιιι,
1629 5735 1710 5792 15.
1790 5735 1810 5766 ³
1852 5732 2015 5790 llcbr.
2054 5750 2127 5803 tv,
2165 5737 2246 5793 15.
