  <div class='ocr_page' id='page_1' title='image "/cluster/home/n/w/nwhite01/storage/ocr_20150623/42/mdp.39015052824052/362.png"; bbox 0 0 3994 6224; ppageno 0'>
   <div class='ocr_carea' id='block_1_1' title="bbox 430 240 596 298">
    <p class='ocr_par' dir='ltr' id='par_1_1' title="bbox 430 240 596 298">
     <span class='ocr_line' id='line_1_1' title="bbox 430 240 596 298; baseline 0.012 -2"><span class='ocrx_word' id='word_1_1' title='bbox 430 240 536 298; x_wconf 74' lang='lat'><strong>665</strong></span> <span class='ocrx_word' id='word_1_2' title='bbox 582 269 596 286; x_wconf 83' lang='lat'><strong>-</strong></span> 
     </span>
    </p>
   </div>
   <div class='ocr_carea' id='block_1_2' title="bbox 1085 237 3123 311">
    <p class='ocr_par' dir='ltr' id='par_1_2' title="bbox 1085 237 3123 311">
     <span class='ocr_line' id='line_1_2' title="bbox 1085 237 3123 311; baseline 0.004 -10"><span class='ocrx_word' id='word_1_3' title='bbox 1085 244 1450 302; x_wconf 77' lang='lat' dir='ltr'><strong>ADVERSUS</strong></span> <span class='ocrx_word' id='word_1_4' title='bbox 1488 237 1832 302; x_wconf 58' lang='lat' dir='ltr'><strong>Ill/ERESES</strong></span> <span class='ocrx_word' id='word_1_5' title='bbox 1871 247 1996 303; x_wconf 79' lang='lat' dir='ltr'><strong>LIB.</strong></span> <span class='ocrx_word' id='word_1_6' title='bbox 2037 247 2123 302; x_wconf 89' lang='lat' dir='ltr'><strong>Ill.</strong></span> <span class='ocrx_word' id='word_1_7' title='bbox 2166 246 2328 306; x_wconf 79' lang='lat' dir='ltr'><strong>TOM.</strong></span> <span class='ocrx_word' id='word_1_8' title='bbox 2366 248 2502 306; x_wconf 85' lang='lat' dir='ltr'><strong>ll.—-</strong></span> <span class='ocrx_word' id='word_1_9' title='bbox 2544 249 2818 309; x_wconf 72' lang='grc' dir='ltr'><strong>ΙΙᾸΞΒΕΒ.</strong></span> <span class='ocrx_word' id='word_1_10' title='bbox 2863 242 3123 311; x_wconf 74' lang='lat' dir='ltr'><strong>LXXVII.</strong></span> 
     </span>
    </p>
   </div>
   <div class='ocr_carea' id='block_1_3' title="bbox 3601 253 3708 311">
    <p class='ocr_par' dir='ltr' id='par_1_3' title="bbox 3601 253 3708 311">
     <span class='ocr_line' id='line_1_3' title="bbox 3601 253 3708 311; baseline 0.009 -1"><span class='ocrx_word' id='word_1_11' title='bbox 3601 253 3708 311; x_wconf 81' lang='lat'><strong><em>866</em></strong></span> 
     </span>
    </p>
   </div>
   <div class='ocr_carea' id='block_1_4' title="bbox 430 356 2024 436">
    <p class='ocr_par' dir='ltr' id='par_1_4' title="bbox 430 356 2022 436">
     <span class='ocr_line' id='line_1_4' title="bbox 430 356 2022 436; baseline 0.003 -24"><span class='ocrx_word' id='word_1_12' title='bbox 430 357 576 412; x_wconf 84' lang='grc' dir='ltr'>λίνου</span> <span class='ocrx_word' id='word_1_13' title='bbox 599 373 612 385; x_wconf 93' lang='grc'><strong>·</strong></span> <span class='ocrx_word' id='word_1_14' title='bbox 637 356 706 411; x_wconf 81' lang='grc' dir='ltr'>τὰ</span> <span class='ocrx_word' id='word_1_15' title='bbox 728 357 784 413; x_wconf 85' lang='grc' dir='ltr'>δὲ</span> <span class='ocrx_word' id='word_1_16' title='bbox 814 359 877 412; x_wconf 85' lang='grc' dir='ltr'>ὲκ</span> <span class='ocrx_word' id='word_1_17' title='bbox 901 358 1045 414; x_wconf 89' lang='grc' dir='ltr'>λίνου</span> <span class='ocrx_word' id='word_1_18' title='bbox 1072 362 1166 415; x_wconf 74' lang='grc' dir='ltr'>καὶ</span> <span class='ocrx_word' id='word_1_19' title='bbox 1201 362 1258 429; x_wconf 80' lang='grc' dir='ltr'>ἐξ</span> <span class='ocrx_word' id='word_1_20' title='bbox 1289 362 1448 436; x_wconf 81' lang='grc' dir='ltr'><strong>ἐρέας</strong></span> <span class='ocrx_word' id='word_1_21' title='bbox 1474 364 1817 434; x_wconf 79' lang='grc' dir='ltr'>γεγενημένα</span> <span class='ocrx_word' id='word_1_22' title='bbox 1839 364 2022 435; x_wconf 72' lang='grc' dir='ltr'>ἄψυχά</span> 
     </span>
    </p>
   </div>
   <div class='ocr_carea' id='block_1_5' title="bbox 2126 356 3708 436">
    <p class='ocr_par' dir='ltr' id='par_1_5' title="bbox 2126 367 3708 436">
     <span class='ocr_line' id='line_1_5' title="bbox 2126 367 3708 436; baseline 0.003 -16"><span class='ocrx_word' id='word_1_23' title='bbox 2126 380 2292 434; x_wconf 91' lang='lat' dir='ltr'><strong>super</strong></span> <span class='ocrx_word' id='word_1_24' title='bbox 2338 375 2543 420; x_wconf 85' lang='lat' dir='ltr'><strong>vestem</strong></span> <span class='ocrx_word' id='word_1_25' title='bbox 2575 367 2696 436; x_wconf 83' lang='lat' dir='ltr'><strong>ejus</strong></span> <span class='ocrx_word' id='word_1_26' title='bbox 2737 369 3002 425; x_wconf 90' lang='lat' dir='ltr'><strong>miserunt</strong></span> <span class='ocrx_word' id='word_1_27' title='bbox 3036 368 3297 427; x_wconf 77' lang='lat' dir='ltr'><strong>sortem&quot;.</strong></span> <span class='ocrx_word' id='word_1_28' title='bbox 3329 368 3484 436; x_wconf 83' lang='lat' dir='ltr'><strong>Quod</strong></span> <span class='ocrx_word' id='word_1_29' title='bbox 3521 369 3564 424; x_wconf 90' lang='lat' dir='ltr'><strong>si</strong></span> <span class='ocrx_word' id='word_1_30' title='bbox 3610 369 3708 424; x_wconf 77' lang='lat' dir='ltr'><strong>ho-</strong></span> 
     </span>
    </p>
   </div>
   <div class='ocr_carea' id='block_1_6' title="bbox 426 446 2015 527">
    <p class='ocr_par' dir='ltr' id='par_1_6' title="bbox 426 446 2015 527">
     <span class='ocr_line' id='line_1_6' title="bbox 426 446 2015 527; baseline 0.004 -25"><span class='ocrx_word' id='word_1_31' title='bbox 426 469 553 506; x_wconf 89' lang='grc' dir='ltr'>τινα</span> <span class='ocrx_word' id='word_1_32' title='bbox 574 446 643 522; x_wconf 81' lang='grc' dir='ltr'>ἦν</span> <span class='ocrx_word' id='word_1_33' title='bbox 676 453 768 504; x_wconf 70' lang='grc' dir='ltr'><strong>καὶ</strong></span> <span class='ocrx_word' id='word_1_34' title='bbox 789 451 1109 525; x_wconf 79' lang='grc' dir='ltr'><strong>ἀναίσθητα.</strong></span> <span class='ocrx_word' id='word_1_35' title='bbox 1155 453 1294 506; x_wconf 81' lang='grc' dir='ltr'>Ἀλλ’</span> <span class='ocrx_word' id='word_1_36' title='bbox 1324 456 1411 508; x_wconf 80' lang='grc' dir='ltr'><strong>ὅτε</strong></span> <span class='ocrx_word' id='word_1_37' title='bbox 1444 455 1674 527; x_wconf 81' lang='grc' dir='ltr'>ἠθέλησε</span> <span class='ocrx_word' id='word_1_38' title='bbox 1707 455 1877 520; x_wconf 80' lang='grc' dir='ltr'>δεῖξαι</span> <span class='ocrx_word' id='word_1_39' title='bbox 1918 457 2015 509; x_wconf 84' lang='grc' dir='ltr'>αὑ-</span> 
     </span>
    </p>
   </div>
   <div class='ocr_carea' id='block_1_7' title="bbox 429 544 2016 621">
    <p class='ocr_par' dir='ltr' id='par_1_7' title="bbox 429 544 2016 621">
     <span class='ocr_line' id='line_1_7' title="bbox 429 544 2016 621; baseline 0.004 -25"><span class='ocrx_word' id='word_1_40' title='bbox 429 545 524 597; x_wconf 80' lang='grc' dir='ltr'>τοῦ</span> <span class='ocrx_word' id='word_1_41' title='bbox 553 545 613 598; x_wconf 83' lang='grc' dir='ltr'><strong>τὸ</strong></span> <span class='ocrx_word' id='word_1_42' title='bbox 645 544 870 599; x_wconf 82' lang='grc' dir='ltr'>δυνατὸν</span> <span class='ocrx_word' id='word_1_43' title='bbox 905 547 1002 617; x_wconf 81' lang='grc' dir='ltr'><strong>τῆς</strong></span> <span class='ocrx_word' id='word_1_44' title='bbox 1035 546 1310 619; x_wconf 85' lang='grc' dir='ltr'>θεότητος,</span> <span class='ocrx_word' id='word_1_45' title='bbox 1342 549 1813 621; x_wconf 72' lang='grc' dir='ltr'><strong>μεταμορφωθεὶς,</strong></span> <span class='ocrx_word' id='word_1_46' title='bbox 1848 548 2016 613; x_wconf 74' lang='grc' dir='ltr'>ἔδειξε</span> 
     </span>
    </p>
   </div>
   <div class='ocr_carea' id='block_1_8' title="bbox 429 634 2018 709">
    <p class='ocr_par' dir='ltr' id='par_1_8' title="bbox 429 634 2018 709">
     <span class='ocr_line' id='line_1_8' title="bbox 429 634 2018 709; baseline 0.002 -22"><span class='ocrx_word' id='word_1_47' title='bbox 429 634 491 682; x_wconf 81' lang='grc' dir='ltr'><strong>τὸ</strong></span> <span class='ocrx_word' id='word_1_48' title='bbox 519 634 814 706; x_wconf 86' lang='grc' dir='ltr'>πρόσωπον</span> <span class='ocrx_word' id='word_1_49' title='bbox 841 637 1007 690; x_wconf 82' lang='grc' dir='ltr'>αὑτοῦ</span> <span class='ocrx_word' id='word_1_50' title='bbox 1039 638 1114 702; x_wconf 88' lang='grc' dir='ltr'>ὼς</span> <span class='ocrx_word' id='word_1_51' title='bbox 1142 638 1234 692; x_wconf 89' lang='grc' dir='ltr'><strong>τὸν</strong></span> <span class='ocrx_word' id='word_1_52' title='bbox 1268 638 1417 709; x_wconf 72' lang='grc' dir='ltr'>ἥλιον</span> <span class='ocrx_word' id='word_1_53' title='bbox 1443 678 1456 701; x_wconf 94' lang='grc'><strong>,</strong></span> <span class='ocrx_word' id='word_1_54' title='bbox 1489 639 1582 692; x_wconf 71' lang='grc' dir='ltr'><strong>καὶ</strong></span> <span class='ocrx_word' id='word_1_55' title='bbox 1611 639 1679 692; x_wconf 88' lang='grc' dir='ltr'>τὰ</span> <span class='ocrx_word' id='word_1_56' title='bbox 1705 639 1894 709; x_wconf 79' lang='grc' dir='ltr'>ἱμάτια</span> <span class='ocrx_word' id='word_1_57' title='bbox 1921 638 2018 692; x_wconf 81' lang='grc' dir='ltr'>αὑ-</span> 
     </span>
    </p>
   </div>
   <div class='ocr_carea' id='block_1_9' title="bbox 428 725 2015 802">
    <p class='ocr_par' dir='ltr' id='par_1_9' title="bbox 428 725 2015 802">
     <span class='ocr_line' id='line_1_9' title="bbox 428 725 2015 802; baseline 0.004 -24"><span class='ocrx_word' id='word_1_58' title='bbox 428 725 524 779; x_wconf 83' lang='grc' dir='ltr'><strong>τοῦ</strong></span> <span class='ocrx_word' id='word_1_59' title='bbox 554 726 723 781; x_wconf 85' lang='grc' dir='ltr'>λευκὰ</span> <span class='ocrx_word' id='word_1_60' title='bbox 760 728 891 781; x_wconf 74' lang='grc' dir='ltr'>ὡσεὶ</span> <span class='ocrx_word' id='word_1_61' title='bbox 919 729 1094 800; x_wconf 89' lang='grc' dir='ltr'>χιόνα.</span> <span class='ocrx_word' id='word_1_62' title='bbox 1137 732 1322 785; x_wconf 82' lang='grc' dir='ltr'>Πάντα</span> <span class='ocrx_word' id='word_1_63' title='bbox 1353 730 1462 802; x_wconf 77' lang='grc' dir='ltr'>γὰρ</span> <span class='ocrx_word' id='word_1_64' title='bbox 1493 731 1570 802; x_wconf 82' lang='grc' dir='ltr'>τῷ</span> <span class='ocrx_word' id='word_1_65' title='bbox 1614 729 1825 801; x_wconf 81' lang='grc' dir='ltr'>δυνατῷ</span> <span class='ocrx_word' id='word_1_66' title='bbox 1854 731 2015 785; x_wconf 89' lang='grc' dir='ltr'>δυνα-</span> 
     </span>
    </p>
   </div>
   <div class='ocr_carea' id='block_1_10' title="bbox 430 814 2018 894">
    <p class='ocr_par' dir='ltr' id='par_1_10' title="bbox 430 814 2018 894">
     <span class='ocr_line' id='line_1_10' title="bbox 430 814 2018 894; baseline 0.004 -26"><span class='ocrx_word' id='word_1_67' title='bbox 430 814 532 880; x_wconf 75' lang='grc' dir='ltr'>τὰ,</span> <span class='ocrx_word' id='word_1_68' title='bbox 589 819 669 880; x_wconf 87' lang='grc' dir='ltr'><strong>είς</strong></span> <span class='ocrx_word' id='word_1_69' title='bbox 705 818 767 871; x_wconf 86' lang='grc' dir='ltr'><strong>τὸ</strong></span> <span class='ocrx_word' id='word_1_70' title='bbox 805 819 1094 892; x_wconf 81' lang='grc' dir='ltr'>ὑποθήξειν</span> <span class='ocrx_word' id='word_1_71' title='bbox 1137 823 1151 852; x_wconf 82' lang='grc'><strong>¹</strong></span> <span class='ocrx_word' id='word_1_72' title='bbox 1199 821 1349 893; x_wconf 71' lang='grc' dir='ltr'>παρὰ</span> <span class='ocrx_word' id='word_1_73' title='bbox 1405 822 1759 894; x_wconf 84' lang='grc' dir='ltr'>προσδοκίαν,</span> <span class='ocrx_word' id='word_1_74' title='bbox 1809 822 1904 876; x_wconf 64' lang='grc' dir='ltr'><strong>καὶ¹</strong></span> <span class='ocrx_word' id='word_1_75' title='bbox 1949 821 2018 875; x_wconf 77' lang='grc' dir='ltr'><strong>τά</strong></span> 
     </span>
    </p>
   </div>
   <div class='ocr_carea' id='block_1_11' title="bbox 433 909 2018 986">
    <p class='ocr_par' dir='ltr' id='par_1_11' title="bbox 433 909 2018 986">
     <span class='ocr_line' id='line_1_11' title="bbox 433 909 2018 986; baseline 0.003 -24"><span class='ocrx_word' id='word_1_76' title='bbox 433 909 737 982; x_wconf 79' lang='grc' dir='ltr'><strong>ἀναίσθητα</strong></span> <span class='ocrx_word' id='word_1_77' title='bbox 767 913 859 965; x_wconf 73' lang='grc' dir='ltr'><strong>καὶ</strong></span> <span class='ocrx_word' id='word_1_78' title='bbox 896 913 965 967; x_wconf 84' lang='grc' dir='ltr'>τὰ</span> <span class='ocrx_word' id='word_1_79' title='bbox 1000 915 1178 970; x_wconf 83' lang='grc' dir='ltr'>ἄπνοα</span> <span class='ocrx_word' id='word_1_80' title='bbox 1222 917 1302 980; x_wconf 88' lang='grc' dir='ltr'><strong>είς</strong></span> <span class='ocrx_word' id='word_1_81' title='bbox 1355 914 1512 980; x_wconf 80' lang='grc' dir='ltr'>δόξαν</span> <span class='ocrx_word' id='word_1_82' title='bbox 1547 917 1638 970; x_wconf 77' lang='grc' dir='ltr'><strong>καὶ</strong></span> <span class='ocrx_word' id='word_1_83' title='bbox 1681 915 2018 986; x_wconf 77' lang='grc' dir='ltr'><strong>φαιδρότητα</strong></span> 
     </span>
    </p>
   </div>
   <div class='ocr_carea' id='block_1_12' title="bbox 435 1003 2016 1078">
    <p class='ocr_par' dir='ltr' id='par_1_12' title="bbox 435 1003 2016 1078">
     <span class='ocr_line' id='line_1_12' title="bbox 435 1003 2016 1078; baseline 0.005 -25"><span class='ocrx_word' id='word_1_84' title='bbox 435 1003 843 1070; x_wconf 81' lang='grc' dir='ltr'>μετασκευάσαι</span> <span class='ocrx_word' id='word_1_85' title='bbox 865 1021 879 1036; x_wconf 74' lang='grc' dir='ltr'><strong>ο</strong></span> <span class='ocrx_word' id='word_1_86' title='bbox 911 1004 986 1070; x_wconf 83' lang='grc' dir='ltr'>ὡς</span> <span class='ocrx_word' id='word_1_87' title='bbox 1013 1006 1112 1076; x_wconf 81' lang='grc' dir='ltr'><strong>τὴν</strong></span> <span class='ocrx_word' id='word_1_88' title='bbox 1135 1007 1329 1078; x_wconf 72' lang='grc' dir='ltr'>ῥάϐδον</span> <span class='ocrx_word' id='word_1_89' title='bbox 1352 1008 1484 1062; x_wconf 65' lang='lat' dir='ltr'><strong>Maii</strong></span> <span class='ocrx_word' id='word_1_90' title='bbox 1497 1007 1653 1071; x_wconf 81' lang='grc' dir='ltr'>σέως,</span> <span class='ocrx_word' id='word_1_91' title='bbox 1681 1007 1757 1071; x_wconf 81' lang='grc' dir='ltr'>ὡς</span> <span class='ocrx_word' id='word_1_92' title='bbox 1792 1008 1858 1061; x_wconf 73' lang='grc' dir='ltr'>τὰ</span> <span class='ocrx_word' id='word_1_93' title='bbox 1883 1007 2016 1061; x_wconf 79' lang='grc' dir='ltr'>ὑπο-</span> 
     </span>
    </p>
   </div>
   <div class='ocr_carea' id='block_1_13' title="bbox 429 1091 2014 1171">
    <p class='ocr_par' dir='ltr' id='par_1_13' title="bbox 429 1091 2014 1171">
     <span class='ocr_line' id='line_1_13' title="bbox 429 1091 2014 1171; baseline 0.012 -26"><span class='ocrx_word' id='word_1_94' title='bbox 429 1091 650 1164; x_wconf 85' lang='grc' dir='ltr'>δήματα</span> <span class='ocrx_word' id='word_1_95' title='bbox 682 1095 792 1149; x_wconf 85' lang='grc' dir='ltr'><strong>τῶν</strong></span> <span class='ocrx_word' id='word_1_96' title='bbox 823 1097 955 1150; x_wconf 84' lang='grc' dir='ltr'><strong>υίῶν</strong></span> <span class='ocrx_word' id='word_1_97' title='bbox 1018 1099 1251 1170; x_wconf 82' lang='grc' dir='ltr'>Ἰσραήλ.</span> <span class='ocrx_word' id='word_1_98' title='bbox 1292 1101 1434 1155; x_wconf 78' lang='grc' dir='ltr'>Πᾶσι</span> <span class='ocrx_word' id='word_1_99' title='bbox 1487 1101 1596 1171; x_wconf 75' lang='grc' dir='ltr'>γὰρ</span> <span class='ocrx_word' id='word_1_100' title='bbox 1647 1099 2014 1171; x_wconf 67' lang='grc' dir='ltr'>ὡμολόγηται»</span> 
     </span>
    </p>
   </div>
   <div class='ocr_carea' id='block_1_14' title="bbox 430 1181 2020 1263">
    <p class='ocr_par' dir='ltr' id='par_1_14' title="bbox 430 1181 2020 1263">
     <span class='ocr_line' id='line_1_14' title="bbox 430 1181 2020 1263; baseline 0.006 -29"><span class='ocrx_word' id='word_1_101' title='bbox 430 1181 515 1235; x_wconf 82' lang='grc' dir='ltr'>ὅτι</span> <span class='ocrx_word' id='word_1_102' title='bbox 547 1185 595 1236; x_wconf 77' lang='grc' dir='ltr'><strong>οἱ</strong></span> <span class='ocrx_word' id='word_1_103' title='bbox 638 1185 927 1240; x_wconf 83' lang='grc' dir='ltr'>ἀπόστολοι</span> <span class='ocrx_word' id='word_1_104' title='bbox 962 1189 1107 1258; x_wconf 80' lang='grc' dir='ltr'>ἆγιοι</span> <span class='ocrx_word' id='word_1_105' title='bbox 1136 1191 1412 1263; x_wconf 81' lang='grc' dir='ltr'>ἄνθρωποι</span> <span class='ocrx_word' id='word_1_106' title='bbox 1454 1187 1593 1262; x_wconf 68' lang='grc' dir='ltr'>ἦσαν</span> <span class='ocrx_word' id='word_1_107' title='bbox 1619 1231 1633 1256; x_wconf 88' lang='grc'><strong>,</strong></span> <span class='ocrx_word' id='word_1_108' title='bbox 1669 1191 1899 1263; x_wconf 61' lang='grc' dir='ltr'><strong>φθαρτοὶ⁸</strong></span> <span class='ocrx_word' id='word_1_109' title='bbox 1949 1191 2020 1245; x_wconf 87' lang='grc' dir='ltr'><strong>τά</strong></span> 
     </span>
    </p>
   </div>
   <div class='ocr_carea' id='block_1_15' title="bbox 435 1273 2019 1357">
    <p class='ocr_par' dir='ltr' id='par_1_15' title="bbox 435 1273 2019 1357">
     <span class='ocr_line' id='line_1_15' title="bbox 435 1273 2019 1357; baseline 0.007 -30"><span class='ocrx_word' id='word_1_110' title='bbox 435 1273 660 1347; x_wconf 85' lang='grc' dir='ltr'>σώματα</span> <span class='ocrx_word' id='word_1_111' title='bbox 691 1281 769 1343; x_wconf 87' lang='grc' dir='ltr'><strong>είς</strong></span> <span class='ocrx_word' id='word_1_112' title='bbox 799 1281 948 1352; x_wconf 75' lang='grc' dir='ltr'>ἡμᾶς</span> <span class='ocrx_word' id='word_1_113' title='bbox 973 1286 1016 1347; x_wconf 82' lang='lat'><strong>&#39;,</strong></span> <span class='ocrx_word' id='word_1_114' title='bbox 1071 1284 1335 1356; x_wconf 73' lang='grc' dir='ltr'><strong>ἄφθαρτοι</strong></span> <span class='ocrx_word' id='word_1_115' title='bbox 1391 1285 1446 1338; x_wconf 80' lang='grc' dir='ltr'><strong>δὲ</strong></span> <span class='ocrx_word' id='word_1_116' title='bbox 1481 1285 1569 1339; x_wconf 82' lang='grc' dir='ltr'>διὰ</span> <span class='ocrx_word' id='word_1_117' title='bbox 1598 1285 1697 1357; x_wconf 80' lang='grc' dir='ltr'>τὴν</span> <span class='ocrx_word' id='word_1_118' title='bbox 1731 1285 2019 1356; x_wconf 76' lang='grc' dir='ltr'>ἐνοικήσα-</span> 
     </span>
    </p>
   </div>
   <div class='ocr_carea' id='block_1_16' title="bbox 434 1369 2018 1450">
    <p class='ocr_par' dir='ltr' id='par_1_16' title="bbox 434 1369 2018 1450">
     <span class='ocr_line' id='line_1_16' title="bbox 434 1369 2018 1450; baseline 0.005 -30"><span class='ocrx_word' id='word_1_119' title='bbox 434 1383 535 1422; x_wconf 86' lang='grc' dir='ltr'><strong>σαν</strong></span> <span class='ocrx_word' id='word_1_120' title='bbox 563 1369 748 1435; x_wconf 84' lang='grc' dir='ltr'>αὑτοῖς</span> <span class='ocrx_word' id='word_1_121' title='bbox 782 1372 918 1426; x_wconf 82' lang='grc' dir='ltr'>Θεοῦ</span> <span class='ocrx_word' id='word_1_122' title='bbox 973 1374 1151 1441; x_wconf 81' lang='grc' dir='ltr'>δόξαν.</span> <span class='ocrx_word' id='word_1_123' title='bbox 1187 1377 1298 1430; x_wconf 75' lang='grc' dir='ltr'><strong>Καὶ</strong></span> <span class='ocrx_word' id='word_1_124' title='bbox 1339 1376 1470 1430; x_wconf 75' lang='grc' dir='ltr'>σκιά</span> <span class='ocrx_word' id='word_1_125' title='bbox 1512 1377 1610 1450; x_wconf 81' lang='grc' dir='ltr'>μὲν</span> <span class='ocrx_word' id='word_1_126' title='bbox 1642 1377 1851 1448; x_wconf 80' lang='grc' dir='ltr'><strong>Πέτρου</strong></span> <span class='ocrx_word' id='word_1_127' title='bbox 1879 1375 2018 1429; x_wconf 83' lang='grc' dir='ltr'>πάν-</span> 
     </span>
    </p>
   </div>
   <div class='ocr_carea' id='block_1_17' title="bbox 429 1463 2016 1540">
    <p class='ocr_par' dir='ltr' id='par_1_17' title="bbox 429 1463 2016 1540">
     <span class='ocr_line' id='line_1_17' title="bbox 429 1463 2016 1540; baseline 0.006 -28"><span class='ocrx_word' id='word_1_128' title='bbox 429 1476 532 1522; x_wconf 86' lang='grc' dir='ltr'><strong>τας</strong></span> <span class='ocrx_word' id='word_1_129' title='bbox 582 1463 709 1525; x_wconf 80' lang='grc' dir='ltr'>τοὺς</span> <span class='ocrx_word' id='word_1_130' title='bbox 757 1467 1234 1538; x_wconf 71' lang='grc' dir='ltr'>προσφερομένους</span> <span class='ocrx_word' id='word_1_131' title='bbox 1281 1468 1503 1540; x_wconf 80' lang='grc' dir='ltr'>ἔχοντας</span> <span class='ocrx_word' id='word_1_132' title='bbox 1540 1469 1822 1533; x_wconf 80' lang='grc' dir='ltr'>ἀσθενείας</span> <span class='ocrx_word' id='word_1_133' title='bbox 1857 1469 1974 1524; x_wconf 67' lang='lat' dir='ltr'><strong>iam</strong></span> <span class='ocrx_word' id='word_1_134' title='bbox 2002 1483 2016 1497; x_wconf 82' lang='lat'>&#39;</span> 
     </span>
    </p>
   </div>
   <div class='ocr_carea' id='block_1_18' title="bbox 433 1551 2019 1632">
    <p class='ocr_par' dir='ltr' id='par_1_18' title="bbox 433 1551 2019 1632">
     <span class='ocr_line' id='line_1_18' title="bbox 433 1551 2019 1632; baseline 0.006 -28"><span class='ocrx_word' id='word_1_135' title='bbox 433 1551 526 1605; x_wconf 78' lang='grc' dir='ltr'>καὶ</span> <span class='ocrx_word' id='word_1_136' title='bbox 566 1553 828 1626; x_wconf 80' lang='grc' dir='ltr'>σουδάρια</span> <span class='ocrx_word' id='word_1_137' title='bbox 853 1597 867 1619; x_wconf 93' lang='grc'><strong>,</strong></span> <span class='ocrx_word' id='word_1_138' title='bbox 915 1559 1008 1611; x_wconf 72' lang='grc' dir='ltr'><strong>καὶ</strong></span> <span class='ocrx_word' id='word_1_139' title='bbox 1045 1560 1346 1631; x_wconf 82' lang='grc' dir='ltr'>σιμικίνθια</span> <span class='ocrx_word' id='word_1_140' title='bbox 1379 1561 1487 1616; x_wconf 86' lang='grc' dir='ltr'>τῶν</span> <span class='ocrx_word' id='word_1_141' title='bbox 1542 1561 1772 1632; x_wconf 79' lang='grc' dir='ltr'>ἱματίων</span> <span class='ocrx_word' id='word_1_142' title='bbox 1804 1559 2019 1613; x_wconf 80' lang='grc' dir='ltr'>Παύλου</span> 
     </span>
    </p>
   </div>
   <div class='ocr_carea' id='block_1_19' title="bbox 432 1640 1065 1717">
    <p class='ocr_par' dir='ltr' id='par_1_19' title="bbox 432 1640 1065 1717">
     <span class='ocr_line' id='line_1_19' title="bbox 432 1640 1065 1717; baseline 0.013 -22"><span class='ocrx_word' id='word_1_143' title='bbox 432 1640 690 1714; x_wconf 87' lang='grc' dir='ltr'>δυνάμεις</span> <span class='ocrx_word' id='word_1_144' title='bbox 718 1647 1065 1717; x_wconf 77' lang='grc' dir='ltr'>ἐργάζονται.</span> 
     </span>
    </p>
   </div>
   <div class='ocr_carea' id='block_1_20' title="bbox 2126 457 3710 532">
    <p class='ocr_par' dir='ltr' id='par_1_20' title="bbox 2126 457 3710 532">
     <span class='ocr_line' id='line_1_20' title="bbox 2126 457 3710 532; baseline 0.007 -25"><span class='ocrx_word' id='word_1_145' title='bbox 2126 457 2330 509; x_wconf 89' lang='lat' dir='ltr'><strong>minnm</strong></span> <span class='ocrx_word' id='word_1_146' title='bbox 2365 459 2599 512; x_wconf 84' lang='lat' dir='ltr'><strong>artificio</strong></span> <span class='ocrx_word' id='word_1_147' title='bbox 2637 462 2804 516; x_wconf 88' lang='lat' dir='ltr'><strong>vestis</strong></span> <span class='ocrx_word' id='word_1_148' title='bbox 2844 470 2965 516; x_wconf 91' lang='lat' dir='ltr'><strong>erat</strong></span> <span class='ocrx_word' id='word_1_149' title='bbox 3001 463 3089 517; x_wconf 90' lang='lat' dir='ltr'><strong>illa</strong></span> <span class='ocrx_word' id='word_1_150' title='bbox 3134 463 3408 527; x_wconf 88' lang='lat' dir='ltr'><strong>confecta,</strong></span> <span class='ocrx_word' id='word_1_151' title='bbox 3435 463 3638 532; x_wconf 86' lang='lat' dir='ltr'><strong>utique</strong></span> <span class='ocrx_word' id='word_1_152' title='bbox 3677 478 3710 518; x_wconf 78' lang='grc' dir='ltr'><strong>θ</strong></span> 
     </span>
    </p>
   </div>
   <div class='ocr_carea' id='block_1_21' title="bbox 2124 548 3708 622">
    <p class='ocr_par' dir='ltr' id='par_1_21' title="bbox 2124 548 3708 622">
     <span class='ocr_line' id='line_1_21' title="bbox 2124 548 3708 622; baseline 0.006 -21"><span class='ocrx_word' id='word_1_153' title='bbox 2124 548 2244 602; x_wconf 90' lang='lat' dir='ltr'><strong>lana</strong></span> <span class='ocrx_word' id='word_1_154' title='bbox 2282 551 2502 620; x_wconf 85' lang='lat' dir='ltr'><strong>linoque</strong></span> <span class='ocrx_word' id='word_1_155' title='bbox 2549 563 2805 608; x_wconf 67' lang='lat' dir='ltr'><strong>contexta</strong></span> <span class='ocrx_word' id='word_1_156' title='bbox 2857 556 3052 610; x_wconf 84' lang='lat' dir='ltr'><strong>fuerat.</strong></span> <span class='ocrx_word' id='word_1_157' title='bbox 3103 556 3234 622; x_wconf 80' lang='lat' dir='ltr'><strong>Qua:</strong></span> <span class='ocrx_word' id='word_1_158' title='bbox 3275 565 3455 610; x_wconf 89' lang='lat' dir='ltr'><strong>autem</strong></span> <span class='ocrx_word' id='word_1_159' title='bbox 3483 571 3548 611; x_wconf 77' lang='lat' dir='ltr'><strong>ex</strong></span> <span class='ocrx_word' id='word_1_160' title='bbox 3597 556 3708 610; x_wconf 89' lang='lat' dir='ltr'><strong>lino</strong></span> 
     </span>
    </p>
   </div>
   <div class='ocr_carea' id='block_1_22' title="bbox 2120 641 3710 715">
    <p class='ocr_par' dir='ltr' id='par_1_22' title="bbox 2120 641 3710 715">
     <span class='ocr_line' id='line_1_22' title="bbox 2120 641 3710 715; baseline 0.006 -22"><span class='ocrx_word' id='word_1_161' title='bbox 2120 650 2304 694; x_wconf 87' lang='lat' dir='ltr'><strong>essent</strong></span> <span class='ocrx_word' id='word_1_162' title='bbox 2347 641 2536 698; x_wconf 87' lang='lat' dir='ltr'><strong>lanave</strong></span> <span class='ocrx_word' id='word_1_163' title='bbox 2581 642 2745 708; x_wconf 88' lang='lat' dir='ltr'><strong>facta,</strong></span> <span class='ocrx_word' id='word_1_164' title='bbox 2781 647 2996 715; x_wconf 82' lang='lat' dir='ltr'><strong>Opinor,</strong></span> <span class='ocrx_word' id='word_1_165' title='bbox 3030 649 3210 702; x_wconf 88' lang='lat' dir='ltr'><strong>anima</strong></span> <span class='ocrx_word' id='word_1_166' title='bbox 3245 664 3308 702; x_wconf 90' lang='lat' dir='ltr'><strong>ac</strong></span> <span class='ocrx_word' id='word_1_167' title='bbox 3348 664 3512 703; x_wconf 88' lang='lat' dir='ltr'><strong>sensu</strong></span> <span class='ocrx_word' id='word_1_168' title='bbox 3554 663 3710 703; x_wconf 88' lang='lat' dir='ltr'><strong>care-</strong></span> 
     </span>
    </p>
   </div>
   <div class='ocr_carea' id='block_1_23' title="bbox 2122 731 3708 808">
    <p class='ocr_par' dir='ltr' id='par_1_23' title="bbox 2122 731 3708 808">
     <span class='ocr_line' id='line_1_23' title="bbox 2122 731 3708 808; baseline 0.003 -22"><span class='ocrx_word' id='word_1_169' title='bbox 2122 731 2271 786; x_wconf 85' lang='lat' dir='ltr'><strong>bant.</strong></span> <span class='ocrx_word' id='word_1_170' title='bbox 2308 731 2506 787; x_wconf 89' lang='lat' dir='ltr'><strong>Verum</strong></span> <span class='ocrx_word' id='word_1_171' title='bbox 2537 735 2626 789; x_wconf 91' lang='lat' dir='ltr'><strong>ubi</strong></span> <span class='ocrx_word' id='word_1_172' title='bbox 2650 735 2956 792; x_wconf 89' lang='lat' dir='ltr'><strong>divinitatis</strong></span> <span class='ocrx_word' id='word_1_173' title='bbox 2993 754 3104 793; x_wconf 70' lang='lat' dir='ltr'><strong>sua:</strong></span> <span class='ocrx_word' id='word_1_174' title='bbox 3135 741 3428 808; x_wconf 88' lang='lat' dir='ltr'><strong>potentiam</strong></span> <span class='ocrx_word' id='word_1_175' title='bbox 3463 737 3708 792; x_wconf 83' lang='lat' dir='ltr'><strong>indicare</strong></span> 
     </span>
    </p>
   </div>
   <div class='ocr_carea' id='block_1_24' title="bbox 2122 823 3707 900">
    <p class='ocr_par' dir='ltr' id='par_1_24' title="bbox 2122 823 3707 900">
     <span class='ocr_line' id='line_1_24' title="bbox 2122 823 3707 900; baseline 0.006 -24"><span class='ocrx_word' id='word_1_176' title='bbox 2122 823 2298 878; x_wconf 92' lang='lat' dir='ltr'><strong>visum</strong></span> <span class='ocrx_word' id='word_1_177' title='bbox 2329 834 2433 885; x_wconf 86' lang='lat' dir='ltr'><strong>est,</strong></span> <span class='ocrx_word' id='word_1_178' title='bbox 2462 827 2854 883; x_wconf 87' lang='lat' dir='ltr'><strong>transformato</strong></span> <span class='ocrx_word' id='word_1_179' title='bbox 2881 845 3131 900; x_wconf 88' lang='lat' dir='ltr'><strong>corpore,</strong></span> <span class='ocrx_word' id='word_1_180' title='bbox 3167 831 3356 886; x_wconf 95' lang='lat' dir='ltr'><strong>faciem</strong></span> <span class='ocrx_word' id='word_1_181' title='bbox 3386 847 3541 886; x_wconf 89' lang='lat' dir='ltr'><strong>suam</strong></span> <span class='ocrx_word' id='word_1_182' title='bbox 3572 831 3707 885; x_wconf 86' lang='lat' dir='ltr'><strong>solis</strong></span> 
     </span>
    </p>
   </div>
   <div class='ocr_carea' id='block_1_25' title="bbox 2123 914 3706 991">
    <p class='ocr_par' dir='ltr' id='par_1_25' title="bbox 2123 914 3706 991">
     <span class='ocr_line' id='line_1_25' title="bbox 2123 914 3706 991; baseline 0.006 -22"><span class='ocrx_word' id='word_1_183' title='bbox 2123 914 2300 971; x_wconf 89' lang='lat' dir='ltr'><strong>instar</strong></span> <span class='ocrx_word' id='word_1_184' title='bbox 2335 918 2542 988; x_wconf 82' lang='grc'>1011</span> <span class='ocrx_word' id='word_1_185' title='bbox 2587 921 2960 991; x_wconf 79' lang='lat' dir='ltr'><strong>splendentem</strong></span> <span class='ocrx_word' id='word_1_186' title='bbox 2987 940 3049 978; x_wconf 90' lang='lat' dir='ltr'><strong>ac</strong></span> <span class='ocrx_word' id='word_1_187' title='bbox 3071 926 3397 980; x_wconf 89' lang='lat' dir='ltr'><strong>vestimenta</strong></span> <span class='ocrx_word' id='word_1_188' title='bbox 3443 941 3541 980; x_wconf 85' lang='lat' dir='ltr'><strong>sua</strong></span> <span class='ocrx_word' id='word_1_189' title='bbox 3565 925 3706 979; x_wconf 86' lang='lat' dir='ltr'><strong>nivis</strong></span> 
     </span>
    </p>
   </div>
   <div class='ocr_carea' id='block_1_26' title="bbox 2123 1011 3710 1086">
    <p class='ocr_par' dir='ltr' id='par_1_26' title="bbox 2123 1011 3710 1086">
     <span class='ocr_line' id='line_1_26' title="bbox 2123 1011 3710 1086; baseline 0.006 -25"><span class='ocrx_word' id='word_1_190' title='bbox 2123 1024 2275 1062; x_wconf 90' lang='lat' dir='ltr'><strong>more</strong></span> <span class='ocrx_word' id='word_1_191' title='bbox 2301 1011 2590 1066; x_wconf 85' lang='lat' dir='ltr'><strong>candentia</strong></span> <span class='ocrx_word' id='word_1_192' title='bbox 2616 1016 3003 1070; x_wconf 78' lang='lat' dir='ltr'><strong>monstravit&quot;.</strong></span> <span class='ocrx_word' id='word_1_193' title='bbox 3024 1015 3168 1070; x_wconf 78' lang='lat' dir='ltr'><strong>Nihil</strong></span> <span class='ocrx_word' id='word_1_194' title='bbox 3191 1027 3274 1072; x_wconf 89' lang='lat' dir='ltr'><strong>est</strong></span> <span class='ocrx_word' id='word_1_195' title='bbox 3293 1018 3434 1071; x_wconf 89' lang='lat' dir='ltr'><strong>enim</strong></span> <span class='ocrx_word' id='word_1_196' title='bbox 3452 1033 3558 1070; x_wconf 88' lang='lat' dir='ltr'><strong>non</strong></span> <span class='ocrx_word' id='word_1_197' title='bbox 3575 1032 3710 1086; x_wconf 84' lang='lat' dir='ltr'><strong>pra:-</strong></span> 
     </span>
    </p>
   </div>
   <div class='ocr_carea' id='block_1_27' title="bbox 2123 1104 3697 1183">
    <p class='ocr_par' dir='ltr' id='par_1_27' title="bbox 2123 1104 3697 1183">
     <span class='ocr_line' id='line_1_27' title="bbox 2123 1104 3697 1183; baseline 0.004 -27"><span class='ocrx_word' id='word_1_198' title='bbox 2123 1104 2328 1174; x_wconf 88' lang='lat' dir='ltr'><strong>potenti</strong></span> <span class='ocrx_word' id='word_1_199' title='bbox 2363 1104 2469 1159; x_wconf 84' lang='lat' dir='ltr'><strong>Deo</strong></span> <span class='ocrx_word' id='word_1_200' title='bbox 2501 1109 2783 1176; x_wconf 92' lang='lat' dir='ltr'><strong>possibile,</strong></span> <span class='ocrx_word' id='word_1_201' title='bbox 2818 1119 2878 1166; x_wconf 93' lang='lat' dir='ltr'><strong>ut</strong></span> <span class='ocrx_word' id='word_1_202' title='bbox 2910 1112 2992 1168; x_wconf 85' lang='lat' dir='ltr'><strong>vel</strong></span> <span class='ocrx_word' id='word_1_203' title='bbox 3019 1127 3082 1167; x_wconf 89' lang='lat' dir='ltr'><strong>ea</strong></span> <span class='ocrx_word' id='word_1_204' title='bbox 3113 1127 3353 1183; x_wconf 89' lang='lat' dir='ltr'><strong>quoque,</strong></span> <span class='ocrx_word' id='word_1_205' title='bbox 3383 1127 3503 1181; x_wconf 72' lang='lat' dir='ltr'><strong>quze</strong></span> <span class='ocrx_word' id='word_1_206' title='bbox 3527 1125 3697 1164; x_wconf 89' lang='lat' dir='ltr'><strong>sensu</strong></span> 
     </span>
    </p>
   </div>
   <div class='ocr_carea' id='block_1_28' title="bbox 2121 1195 3707 1272">
    <p class='ocr_par' dir='ltr' id='par_1_28' title="bbox 2121 1195 3707 1272">
     <span class='ocr_line' id='line_1_28' title="bbox 2121 1195 3707 1272; baseline 0.004 -26"><span class='ocrx_word' id='word_1_207' title='bbox 2121 1208 2184 1246; x_wconf 89' lang='lat' dir='ltr'><strong>ac</strong></span> <span class='ocrx_word' id='word_1_208' title='bbox 2212 1195 2406 1264; x_wconf 87' lang='lat' dir='ltr'><strong>spiritu</strong></span> <span class='ocrx_word' id='word_1_209' title='bbox 2440 1207 2684 1264; x_wconf 87' lang='lat' dir='ltr'><strong>careant,</strong></span> <span class='ocrx_word' id='word_1_210' title='bbox 2725 1211 3004 1257; x_wconf 88' lang='lat' dir='ltr'><strong>momento</strong></span> <span class='ocrx_word' id='word_1_211' title='bbox 3036 1217 3099 1257; x_wconf 86' lang='lat' dir='ltr'><strong>ac</strong></span> <span class='ocrx_word' id='word_1_212' title='bbox 3141 1212 3336 1272; x_wconf 72' lang='lat' dir='ltr'><strong>praeter</strong></span> <span class='ocrx_word' id='word_1_213' title='bbox 3368 1216 3582 1255; x_wconf 90' lang='lat' dir='ltr'><strong>omnem</strong></span> <span class='ocrx_word' id='word_1_214' title='bbox 3611 1216 3707 1252; x_wconf 76' lang='lat' dir='ltr'><strong>ex-</strong></span> 
     </span>
    </p>
   </div>
   <div class='ocr_carea' id='block_1_29' title="bbox 2122 1290 3705 1365">
    <p class='ocr_par' dir='ltr' id='par_1_29' title="bbox 2122 1290 3705 1365">
     <span class='ocr_line' id='line_1_29' title="bbox 2122 1290 3705 1365; baseline 0.004 -26"><span class='ocrx_word' id='word_1_215' title='bbox 2122 1290 2528 1354; x_wconf 84' lang='lat' dir='ltr'><strong>spectationem</strong></span> <span class='ocrx_word' id='word_1_216' title='bbox 2552 1290 2608 1345; x_wconf 90' lang='lat' dir='ltr'><strong>in</strong></span> <span class='ocrx_word' id='word_1_217' title='bbox 2633 1293 2861 1362; x_wconf 78' lang='lat' dir='ltr'><strong>gloriam</strong></span> <span class='ocrx_word' id='word_1_218' title='bbox 2893 1295 3070 1364; x_wconf 89' lang='lat' dir='ltr'><strong>possit</strong></span> <span class='ocrx_word' id='word_1_219' title='bbox 3095 1296 3554 1365; x_wconf 86' lang='lat' dir='ltr'><strong>splendoremque</strong></span> <span class='ocrx_word' id='word_1_220' title='bbox 3572 1309 3705 1347; x_wconf 92' lang='lat' dir='ltr'><strong>cou-</strong></span> 
     </span>
    </p>
   </div>
   <div class='ocr_carea' id='block_1_30' title="bbox 2122 1387 3708 1459">
    <p class='ocr_par' dir='ltr' id='par_1_30' title="bbox 2122 1387 3708 1459">
     <span class='ocr_line' id='line_1_30' title="bbox 2122 1387 3708 1459; baseline 0.008 -30"><span class='ocrx_word' id='word_1_221' title='bbox 2122 1388 2334 1434; x_wconf 80' lang='lat' dir='ltr'><strong>vertcre</strong></span> <span class='ocrx_word' id='word_1_222' title='bbox 2363 1401 2375 1436; x_wconf 92' lang='lat'>:</span> <span class='ocrx_word' id='word_1_223' title='bbox 2409 1387 2868 1452; x_wconf 81' lang='lat' dir='ltr'><strong>quemadmodum</strong></span> <span class='ocrx_word' id='word_1_224' title='bbox 2923 1391 2976 1443; x_wconf 89' lang='lat' dir='ltr'><strong>in</strong></span> <span class='ocrx_word' id='word_1_225' title='bbox 3033 1389 3235 1459; x_wconf 75' lang='lat' dir='ltr'><strong>Moysis</strong></span> <span class='ocrx_word' id='word_1_226' title='bbox 3267 1390 3416 1459; x_wconf 86' lang='lat' dir='ltr'><strong>virga</strong></span> <span class='ocrx_word' id='word_1_227' title='bbox 3449 1398 3501 1442; x_wconf 89' lang='lat' dir='ltr'><strong>et</strong></span> <span class='ocrx_word' id='word_1_228' title='bbox 3534 1387 3708 1443; x_wconf 81' lang='lat' dir='ltr'><strong>Israe-</strong></span> 
     </span>
    </p>
   </div>
   <div class='ocr_carea' id='block_1_31' title="bbox 2123 1468 3703 1548">
    <p class='ocr_par' dir='ltr' id='par_1_31' title="bbox 2123 1468 3703 1548">
     <span class='ocr_line' id='line_1_31' title="bbox 2123 1468 3703 1548; baseline 0.007 -27"><span class='ocrx_word' id='word_1_229' title='bbox 2123 1468 2342 1524; x_wconf 88' lang='lat' dir='ltr'><strong>litarum</strong></span> <span class='ocrx_word' id='word_1_230' title='bbox 2416 1474 2807 1534; x_wconf 87' lang='lat' dir='ltr'><strong>calceamentis</strong></span> <span class='ocrx_word' id='word_1_231' title='bbox 2875 1481 3133 1535; x_wconf 81' lang='lat' dir='ltr'><strong>ostendit.</strong></span> <span class='ocrx_word' id='word_1_232' title='bbox 3203 1480 3295 1535; x_wconf 84' lang='lat' dir='ltr'><strong>Est</strong></span> <span class='ocrx_word' id='word_1_233' title='bbox 3365 1480 3509 1535; x_wconf 90' lang='lat' dir='ltr'><strong>enim</strong></span> <span class='ocrx_word' id='word_1_234' title='bbox 3559 1479 3703 1548; x_wconf 89' lang='lat' dir='ltr'><strong>apud</strong></span> 
     </span>
    </p>
   </div>
   <div class='ocr_carea' id='block_1_32' title="bbox 2122 1565 3704 1642">
    <p class='ocr_par' dir='ltr' id='par_1_32' title="bbox 2122 1565 3704 1642">
     <span class='ocr_line' id='line_1_32' title="bbox 2122 1565 3704 1642; baseline 0.006 -27"><span class='ocrx_word' id='word_1_235' title='bbox 2122 1577 2315 1620; x_wconf 88' lang='lat' dir='ltr'><strong>omnes</strong></span> <span class='ocrx_word' id='word_1_236' title='bbox 2337 1565 2390 1620; x_wconf 90' lang='lat' dir='ltr'><strong>in</strong></span> <span class='ocrx_word' id='word_1_237' title='bbox 2431 1567 2708 1633; x_wconf 88' lang='lat' dir='ltr'><strong>confesso,</strong></span> <span class='ocrx_word' id='word_1_238' title='bbox 2742 1574 3023 1642; x_wconf 89' lang='lat' dir='ltr'><strong>apostolos</strong></span> <span class='ocrx_word' id='word_1_239' title='bbox 3044 1573 3429 1628; x_wconf 81' lang='lat' dir='ltr'><strong>sanctissimos</strong></span> <span class='ocrx_word' id='word_1_240' title='bbox 3452 1572 3704 1627; x_wconf 88' lang='lat' dir='ltr'><strong>homines</strong></span> 
     </span>
    </p>
   </div>
   <div class='ocr_carea' id='block_1_33' title="bbox 2125 1653 3702 1734">
    <p class='ocr_par' dir='ltr' id='par_1_33' title="bbox 2125 1653 3702 1734">
     <span class='ocr_line' id='line_1_33' title="bbox 2125 1653 3702 1734; baseline 0.005 -27"><span class='ocrx_word' id='word_1_241' title='bbox 2125 1653 2298 1711; x_wconf 84' lang='lat' dir='ltr'><strong>fuisse</strong></span> <span class='ocrx_word' id='word_1_242' title='bbox 2343 1661 2565 1714; x_wconf 84' lang='lat' dir='ltr'><strong>eosdem</strong></span> <span class='ocrx_word' id='word_1_243' title='bbox 2616 1663 2945 1732; x_wconf 84' lang='lat' dir='ltr'><strong>corporibus</strong></span> <span class='ocrx_word' id='word_1_244' title='bbox 2999 1665 3228 1734; x_wconf 78' lang='lat' dir='ltr'><strong>perinde</strong></span> <span class='ocrx_word' id='word_1_245' title='bbox 3261 1681 3324 1718; x_wconf 88' lang='lat' dir='ltr'><strong>ac</strong></span> <span class='ocrx_word' id='word_1_246' title='bbox 3366 1680 3470 1718; x_wconf 89' lang='lat' dir='ltr'><strong>nos</strong></span> <span class='ocrx_word' id='word_1_247' title='bbox 3508 1678 3702 1718; x_wconf 83' lang='lat' dir='ltr'><strong>eorru-</strong></span> 
     </span>
    </p>
   </div>
   <div class='ocr_carea' id='block_1_34' title="bbox 435 1737 3706 1828">
    <p class='ocr_par' dir='ltr' id='par_1_34' title="bbox 435 1737 3706 1828">
     <span class='ocr_line' id='line_1_34' title="bbox 435 1737 3706 1828; baseline 0.006 -39"><span class='ocrx_word' id='word_1_248' title='bbox 435 1737 676 1806; x_wconf 83' lang='lat' dir='ltr'><strong>ptibiles,</strong></span> <span class='ocrx_word' id='word_1_249' title='bbox 723 1752 799 1801; x_wconf 93' lang='lat' dir='ltr'><strong>et.</strong></span> <span class='ocrx_word' id='word_1_250' title='bbox 845 1754 1045 1814; x_wconf 75' lang='lat' dir='ltr'><strong>praeter</strong></span> <span class='ocrx_word' id='word_1_251' title='bbox 1113 1746 1355 1802; x_wconf 86' lang='lat' dir='ltr'><strong>divinam</strong></span> <span class='ocrx_word' id='word_1_252' title='bbox 1396 1747 1629 1818; x_wconf 81' lang='lat' dir='ltr'><strong>gloriam</strong></span> <span class='ocrx_word' id='word_1_253' title='bbox 1687 1762 1808 1816; x_wconf 76' lang='lat' dir='ltr'><strong>qua:</strong></span> <span class='ocrx_word' id='word_1_254' title='bbox 1849 1746 1904 1802; x_wconf 91' lang='lat' dir='ltr'><strong>in</strong></span> <span class='ocrx_word' id='word_1_255' title='bbox 1974 1745 2085 1804; x_wconf 88' lang='lat' dir='ltr'><strong>illis</strong></span> <span class='ocrx_word' id='word_1_256' title='bbox 2126 1749 2418 1819; x_wconf 85' lang='lat' dir='ltr'><strong>insidebat,</strong></span> <span class='ocrx_word' id='word_1_257' title='bbox 2473 1755 2828 1828; x_wconf 86' lang='lat' dir='ltr'><strong>incorruptos</strong></span> <span class='ocrx_word' id='word_1_258' title='bbox 2874 1761 3176 1814; x_wconf 82' lang='lat' dir='ltr'><strong>exstitisse.</strong></span> <span class='ocrx_word' id='word_1_259' title='bbox 3230 1759 3596 1826; x_wconf 85' lang='lat' dir='ltr'><strong>Quamobrem</strong></span> <span class='ocrx_word' id='word_1_260' title='bbox 3649 1764 3706 1810; x_wconf 88' lang='lat' dir='ltr'><strong>et</strong></span> 
     </span>
    </p>
   </div>
   <div class='ocr_carea' id='block_1_35' title="bbox 435 1836 3706 1916">
    <p class='ocr_par' dir='ltr' id='par_1_35' title="bbox 435 1836 3706 1916">
     <span class='ocr_line' id='line_1_35' title="bbox 435 1836 3706 1916; baseline 0.005 -28"><span class='ocrx_word' id='word_1_261' title='bbox 435 1836 632 1890; x_wconf 87' lang='lat' dir='ltr'><strong>umbra</strong></span> <span class='ocrx_word' id='word_1_262' title='bbox 671 1836 816 1894; x_wconf 80' lang='lat' dir='ltr'><strong>Petri</strong></span> <span class='ocrx_word' id='word_1_263' title='bbox 872 1843 1074 1899; x_wconf 88' lang='lat' dir='ltr'><strong>oblatis</strong></span> <span class='ocrx_word' id='word_1_264' title='bbox 1133 1845 1296 1916; x_wconf 72' lang='lat' dir='ltr'><strong>aegris</strong></span> <span class='ocrx_word' id='word_1_265' title='bbox 1357 1845 1616 1901; x_wconf 87' lang='lat' dir='ltr'><strong>omnibus</strong></span> <span class='ocrx_word' id='word_1_266' title='bbox 1661 1845 1950 1901; x_wconf 85' lang='lat' dir='ltr'><strong>sanitatem</strong></span> <span class='ocrx_word' id='word_1_267' title='bbox 1993 1848 2290 1915; x_wconf 72' lang='lat' dir='ltr'><strong>contulit“,</strong></span> <span class='ocrx_word' id='word_1_268' title='bbox 2330 1859 2385 1906; x_wconf 82' lang='lat' dir='ltr'><strong>et</strong></span> <span class='ocrx_word' id='word_1_269' title='bbox 2425 1853 2649 1908; x_wconf 90' lang='lat' dir='ltr'><strong>sudaria</strong></span> <span class='ocrx_word' id='word_1_270' title='bbox 2689 1869 2755 1909; x_wconf 89' lang='lat' dir='ltr'><strong>ac</strong></span> <span class='ocrx_word' id='word_1_271' title='bbox 2817 1855 3160 1910; x_wconf 87' lang='lat' dir='ltr'><strong>semicinctia</strong></span> <span class='ocrx_word' id='word_1_272' title='bbox 3199 1871 3230 1910; x_wconf 89' lang='lat' dir='ltr'><strong>e</strong></span> <span class='ocrx_word' id='word_1_273' title='bbox 3270 1854 3422 1908; x_wconf 88' lang='lat' dir='ltr'><strong>Pauli</strong></span> <span class='ocrx_word' id='word_1_274' title='bbox 3463 1852 3706 1908; x_wconf 78' lang='lat' dir='ltr'><strong>vestibus</strong></span> 
     </span>
    </p>
   </div>
   <div class='ocr_carea' id='block_1_36' title="bbox 434 1928 1788 2012">
    <p class='ocr_par' dir='ltr' id='par_1_36' title="bbox 434 1928 1788 2012">
     <span class='ocr_line' id='line_1_36' title="bbox 434 1928 1788 2012; baseline 0.009 -30"><span class='ocrx_word' id='word_1_275' title='bbox 434 1928 758 1987; x_wconf 88' lang='lat' dir='ltr'><strong>admiranda</strong></span> <span class='ocrx_word' id='word_1_276' title='bbox 783 1937 1032 2005; x_wconf 79' lang='lat' dir='ltr'><strong>quaedam</strong></span> <span class='ocrx_word' id='word_1_277' title='bbox 1065 1941 1314 2012; x_wconf 84' lang='lat' dir='ltr'><strong>prodigia</strong></span> <span class='ocrx_word' id='word_1_278' title='bbox 1346 1940 1788 2010; x_wconf 75' lang='lat' dir='ltr'><strong>praestiterunt’.</strong></span> 
     </span>
    </p>
   </div>
   <div class='ocr_carea' id='block_1_37' title="bbox 506 2021 2024 2102">
    <p class='ocr_par' dir='ltr' id='par_1_37' title="bbox 506 2021 2004 2102">
     <span class='ocr_line' id='line_1_37' title="bbox 506 2021 2004 2102; baseline 0.003 -26"><span class='ocrx_word' id='word_1_279' title='bbox 506 2023 728 2082; x_wconf 80' lang='lat' dir='ltr'><strong>IH’.Kat</strong></span> <span class='ocrx_word' id='word_1_280' title='bbox 750 2026 867 2089; x_wconf 84' lang='grc' dir='ltr'><strong>πῶς</strong></span> <span class='ocrx_word' id='word_1_281' title='bbox 882 2021 1026 2082; x_wconf 77' lang='grc' dir='ltr'>οὗτοι</span> <span class='ocrx_word' id='word_1_282' title='bbox 1053 2029 1185 2083; x_wconf 83' lang='grc' dir='ltr'>Θεὸν</span> <span class='ocrx_word' id='word_1_283' title='bbox 1205 2030 1751 2102; x_wconf 81' lang='grc' dir='ltr'>πολυπραγμονοῦσιν</span> <span class='ocrx_word' id='word_1_284' title='bbox 1774 2029 2004 2102; x_wconf 87' lang='grc' dir='ltr'>αἰσχράς</span> 
     </span>
    </p>
   </div>
   <div class='ocr_carea' id='block_1_38' title="bbox 2126 2021 3706 2102">
    <p class='ocr_par' dir='ltr' id='par_1_38' title="bbox 2177 2026 3706 2102">
     <span class='ocr_line' id='line_1_38' title="bbox 2177 2026 3706 2102; baseline 0.005 -22"><span class='ocrx_word' id='word_1_285' title='bbox 2177 2026 2513 2096; x_wconf 75' lang='lat' dir='ltr'><strong>XVlll.Quid</strong></span> <span class='ocrx_word' id='word_1_286' title='bbox 2533 2046 2659 2086; x_wconf 88' lang='lat' dir='ltr'><strong>vero</strong></span> <span class='ocrx_word' id='word_1_287' title='bbox 2679 2031 2874 2085; x_wconf 89' lang='lat' dir='ltr'><strong>attinet</strong></span> <span class='ocrx_word' id='word_1_288' title='bbox 2889 2030 3293 2086; x_wconf 85' lang='lat' dir='ltr'><strong>homunciones</strong></span> <span class='ocrx_word' id='word_1_289' title='bbox 3310 2031 3445 2086; x_wconf 88' lang='lat' dir='ltr'><strong>istos</strong></span> <span class='ocrx_word' id='word_1_290' title='bbox 3457 2033 3706 2102; x_wconf 64' lang='lat' dir='ltr'><strong>quantam</strong></span> 
     </span>
    </p>
   </div>
   <div class='ocr_carea' id='block_1_39' title="bbox 431 2117 2023 2197">
    <p class='ocr_par' dir='ltr' id='par_1_39' title="bbox 431 2117 2023 2197">
     <span class='ocr_line' id='line_1_39' title="bbox 431 2117 2023 2197; baseline 0.008 -29"><span class='ocrx_word' id='word_1_291' title='bbox 431 2132 587 2180; x_wconf 86' lang='grc' dir='ltr'>τινας</span> <span class='ocrx_word' id='word_1_292' title='bbox 635 2117 889 2182; x_wconf 79' lang='grc' dir='ltr'>ὑπονοίας</span> <span class='ocrx_word' id='word_1_293' title='bbox 923 2121 1350 2192; x_wconf 82' lang='grc' dir='ltr'>τεκταινόμενοι,</span> <span class='ocrx_word' id='word_1_294' title='bbox 1383 2123 1474 2176; x_wconf 74' lang='grc' dir='ltr'>ἐπὶ</span> <span class='ocrx_word' id='word_1_295' title='bbox 1496 2117 1571 2176; x_wconf 80' lang='grc' dir='ltr'>ὧν</span> <span class='ocrx_word' id='word_1_296' title='bbox 1599 2124 1824 2195; x_wconf 79' lang='grc' dir='ltr'>οὐδεμία</span> <span class='ocrx_word' id='word_1_297' title='bbox 1863 2127 2023 2197; x_wconf 86' lang='grc' dir='ltr'>χρεία</span> 
     </span>
    </p>
   </div>
   <div class='ocr_carea' id='block_1_40' title="bbox 433 2210 2024 2288">
    <p class='ocr_par' dir='ltr' id='par_1_40' title="bbox 433 2210 2024 2288">
     <span class='ocr_line' id='line_1_40' title="bbox 433 2210 2024 2288; baseline 0.004 -24"><span class='ocrx_word' id='word_1_298' title='bbox 433 2210 759 2281; x_wconf 78' lang='grc' dir='ltr'>γεγέννηται</span> <span class='ocrx_word' id='word_1_299' title='bbox 789 2211 1009 2266; x_wconf 88' lang='grc' dir='ltr'>πώποτε</span> <span class='ocrx_word' id='word_1_300' title='bbox 1039 2213 1177 2286; x_wconf 86' lang='grc' dir='ltr'>πρὸς</span> <span class='ocrx_word' id='word_1_301' title='bbox 1205 2214 1482 2285; x_wconf 84' lang='grc' dir='ltr'>διαλογὴν,</span> <span class='ocrx_word' id='word_1_302' title='bbox 1517 2217 1577 2268; x_wconf 85' lang='grc' dir='ltr'><strong>οὑ</strong></span> <span class='ocrx_word' id='word_1_303' title='bbox 1615 2219 1866 2288; x_wconf 76' lang='grc' dir='ltr'>προφήτῃ</span> <span class='ocrx_word' id='word_1_304' title='bbox 1886 2258 1900 2280; x_wconf 91' lang='grc'><strong>,</strong></span> <span class='ocrx_word' id='word_1_305' title='bbox 1924 2219 2024 2270; x_wconf 86' lang='grc' dir='ltr'><strong>οὑκ</strong></span> 
     </span>
    </p>
   </div>
   <div class='ocr_carea' id='block_1_41' title="bbox 435 2301 2025 2379">
    <p class='ocr_par' dir='ltr' id='par_1_41' title="bbox 435 2301 2025 2379">
     <span class='ocr_line' id='line_1_41' title="bbox 435 2301 2025 2379; baseline 0.005 -26"><span class='ocrx_word' id='word_1_306' title='bbox 435 2301 797 2374; x_wconf 83' lang='grc' dir='ltr'>εὑαγγελιστῇ</span> <span class='ocrx_word' id='word_1_307' title='bbox 821 2344 834 2366; x_wconf 90' lang='grc'><strong>,</strong></span> <span class='ocrx_word' id='word_1_308' title='bbox 881 2305 982 2358; x_wconf 85' lang='grc' dir='ltr'><strong>οὑκ</strong></span> <span class='ocrx_word' id='word_1_309' title='bbox 1034 2306 1319 2375; x_wconf 79' lang='grc' dir='ltr'>ἁποστόλῳ</span> <span class='ocrx_word' id='word_1_310' title='bbox 1343 2345 1357 2366; x_wconf 84' lang='grc'><strong>,</strong></span> <span class='ocrx_word' id='word_1_311' title='bbox 1393 2307 1452 2359; x_wconf 88' lang='grc' dir='ltr'><strong>οὑ</strong></span> <span class='ocrx_word' id='word_1_312' title='bbox 1509 2311 1851 2379; x_wconf 82' lang='grc' dir='ltr'>συγγραφεῖ;</span> <span class='ocrx_word' id='word_1_313' title='bbox 1886 2309 2025 2361; x_wconf 80' lang='grc' dir='ltr'>Ὅσα</span> 
     </span>
    </p>
   </div>
   <div class='ocr_carea' id='block_1_42' title="bbox 443 2392 2025 2472">
    <p class='ocr_par' dir='ltr' id='par_1_42' title="bbox 443 2392 2025 2472">
     <span class='ocr_line' id='line_1_42' title="bbox 443 2392 2025 2472; baseline 0.004 -25"><span class='ocrx_word' id='word_1_314' title='bbox 443 2395 556 2467; x_wconf 83' lang='grc' dir='ltr'>γὰρ</span> <span class='ocrx_word' id='word_1_315' title='bbox 581 2397 805 2450; x_wconf 74' lang='grc' dir='ltr'>τοιαῦτα</span> <span class='ocrx_word' id='word_1_316' title='bbox 836 2392 981 2453; x_wconf 77' lang='grc' dir='ltr'>οὗτοι</span> <span class='ocrx_word' id='word_1_317' title='bbox 1015 2399 1256 2469; x_wconf 82' lang='grc' dir='ltr'>λέγουσι,</span> <span class='ocrx_word' id='word_1_318' title='bbox 1281 2401 1383 2454; x_wconf 83' lang='grc' dir='ltr'>κᾶν</span> <span class='ocrx_word' id='word_1_319' title='bbox 1416 2401 1589 2472; x_wconf 89' lang='grc' dir='ltr'>μυρία</span> <span class='ocrx_word' id='word_1_320' title='bbox 1619 2401 1876 2455; x_wconf 78' lang='grc' dir='ltr'>ἐπέκεινα</span> <span class='ocrx_word' id='word_1_321' title='bbox 1902 2400 2025 2454; x_wconf 86' lang='grc' dir='ltr'>τού-</span> 
     </span>
    </p>
   </div>
   <div class='ocr_carea' id='block_1_43' title="bbox 436 2487 2024 2564">
    <p class='ocr_par' dir='ltr' id='par_1_43' title="bbox 436 2487 2024 2564">
     <span class='ocr_line' id='line_1_43' title="bbox 436 2487 2024 2564; baseline 0.001 -21"><span class='ocrx_word' id='word_1_322' title='bbox 436 2504 548 2543; x_wconf 82' lang='grc' dir='ltr'><strong>των</strong></span> <span class='ocrx_word' id='word_1_323' title='bbox 615 2487 802 2551; x_wconf 85' lang='grc' dir='ltr'>κακῶς</span> <span class='ocrx_word' id='word_1_324' title='bbox 868 2488 1242 2560; x_wconf 79' lang='grc' dir='ltr'>ὑπονοήσωσιν</span> <span class='ocrx_word' id='word_1_325' title='bbox 1271 2531 1285 2556; x_wconf 92' lang='grc'><strong>,</strong></span> <span class='ocrx_word' id='word_1_326' title='bbox 1348 2492 1449 2544; x_wconf 87' lang='grc' dir='ltr'><strong>οὐκ</strong></span> <span class='ocrx_word' id='word_1_327' title='bbox 1501 2492 1869 2564; x_wconf 65' lang='grc' dir='ltr'>ἀνατρέψουσι</span> <span class='ocrx_word' id='word_1_328' title='bbox 1925 2491 2024 2562; x_wconf 84' lang='grc' dir='ltr'><strong>τὴν</strong></span> 
     </span>
    </p>
   </div>
   <div class='ocr_carea' id='block_1_44' title="bbox 439 2579 2038 2655">
    <p class='ocr_par' dir='ltr' id='par_1_44' title="bbox 439 2579 2038 2655">
     <span class='ocr_line' id='line_1_44' title="bbox 439 2579 2038 2655; baseline 0.015 -33"><span class='ocrx_word' id='word_1_329' title='bbox 439 2580 712 2650; x_wconf 73' lang='grc' dir='ltr'>πατρικὴν</span> <span class='ocrx_word' id='word_1_330' title='bbox 747 2579 905 2651; x_wconf 83' lang='grc' dir='ltr'>ἡμῶν</span> <span class='ocrx_word' id='word_1_331' title='bbox 937 2580 1142 2646; x_wconf 87' lang='grc' dir='ltr'>πίστιν,</span> <span class='ocrx_word' id='word_1_332' title='bbox 1167 2582 1266 2653; x_wconf 80' lang='grc' dir='ltr'>τὴν</span> <span class='ocrx_word' id='word_1_333' title='bbox 1294 2586 1360 2654; x_wconf 83' lang='grc' dir='ltr'><strong>τῇ</strong></span> <span class='ocrx_word' id='word_1_334' title='bbox 1391 2583 1616 2655; x_wconf 74' lang='grc' dir='ltr'>ἀληθείᾳ</span> <span class='ocrx_word' id='word_1_335' title='bbox 1649 2589 1883 2655; x_wconf 86' lang='grc' dir='ltr'>Χριστὸν</span> <span class='ocrx_word' id='word_1_336' title='bbox 1905 2608 2038 2645; x_wconf 61' lang='grc' dir='ltr'>κατ’</span> 
     </span>
    </p>
   </div>
   <div class='ocr_carea' id='block_1_45' title="bbox 440 2663 2028 2747">
    <p class='ocr_par' dir='ltr' id='par_1_45' title="bbox 440 2663 2028 2747">
     <span class='ocr_line' id='line_1_45' title="bbox 440 2663 2028 2747; baseline 0.006 -27"><span class='ocrx_word' id='word_1_337' title='bbox 440 2663 828 2734; x_wconf 78' lang='grc' dir='ltr'>αγγέλλουσαν.</span> <span class='ocrx_word' id='word_1_338' title='bbox 921 2673 1216 2746; x_wconf 81' lang='grc' dir='ltr'>Ἐγεννήθη</span> <span class='ocrx_word' id='word_1_339' title='bbox 1247 2675 1356 2746; x_wconf 85' lang='grc' dir='ltr'>γὰρ</span> <span class='ocrx_word' id='word_1_340' title='bbox 1384 2675 1616 2746; x_wconf 81' lang='grc' dir='ltr'>Χριστὸς</span> <span class='ocrx_word' id='word_1_341' title='bbox 1644 2676 1703 2728; x_wconf 82' lang='grc' dir='ltr'>ὲν</span> <span class='ocrx_word' id='word_1_342' title='bbox 1732 2676 1895 2747; x_wconf 77' lang='grc' dir='ltr'>σαρκὶ</span> <span class='ocrx_word' id='word_1_343' title='bbox 1929 2693 2028 2730; x_wconf 85' lang='grc' dir='ltr'>κα-</span> 
     </span>
    </p>
   </div>
   <div class='ocr_carea' id='block_1_46' title="bbox 442 2762 2028 2840">
    <p class='ocr_par' dir='ltr' id='par_1_46' title="bbox 442 2762 2028 2840">
     <span class='ocr_line' id='line_1_46' title="bbox 442 2762 2028 2840; baseline 0.003 -24"><span class='ocrx_word' id='word_1_344' title='bbox 442 2765 518 2819; x_wconf 85' lang='grc' dir='ltr'>τὰ</span> <span class='ocrx_word' id='word_1_345' title='bbox 538 2762 796 2833; x_wconf 75' lang='grc' dir='ltr'>ἀλήθειαν</span> <span class='ocrx_word' id='word_1_346' title='bbox 818 2765 927 2820; x_wconf 83' lang='grc' dir='ltr'><strong>ἀπὸ</strong></span> <span class='ocrx_word' id='word_1_347' title='bbox 951 2766 1172 2840; x_wconf 79' lang='grc' dir='ltr'>Μαρίας</span> <span class='ocrx_word' id='word_1_348' title='bbox 1185 2767 1284 2837; x_wconf 77' lang='grc' dir='ltr'><strong>τῆς</strong></span> <span class='ocrx_word' id='word_1_349' title='bbox 1325 2767 1711 2838; x_wconf 83' lang='grc' dir='ltr'>Ἀειπαρθένου</span> <span class='ocrx_word' id='word_1_350' title='bbox 1743 2767 1832 2821; x_wconf 82' lang='grc' dir='ltr'>διὰ</span> <span class='ocrx_word' id='word_1_351' title='bbox 1857 2765 2028 2820; x_wconf 87' lang='grc' dir='ltr'>Πνεύ-</span> 
     </span>
    </p>
   </div>
   <div class='ocr_carea' id='block_1_47' title="bbox 447 2856 2026 2930">
    <p class='ocr_par' dir='ltr' id='par_1_47' title="bbox 447 2856 2026 2930">
     <span class='ocr_line' id='line_1_47' title="bbox 447 2856 2026 2930; baseline 0.001 -21"><span class='ocrx_word' id='word_1_352' title='bbox 447 2871 614 2924; x_wconf 81' lang='grc' dir='ltr'>ματος</span> <span class='ocrx_word' id='word_1_353' title='bbox 647 2856 827 2925; x_wconf 84' lang='grc' dir='ltr'>ἁγίου·</span> <span class='ocrx_word' id='word_1_354' title='bbox 865 2859 959 2912; x_wconf 72' lang='grc' dir='ltr'><strong>καὶ</strong></span> <span class='ocrx_word' id='word_1_355' title='bbox 1001 2858 1178 2922; x_wconf 72' lang='grc' dir='ltr'>ἐὐθὺς</span> <span class='ocrx_word' id='word_1_356' title='bbox 1233 2859 1340 2912; x_wconf 84' lang='grc' dir='ltr'>ἀπὸ</span> <span class='ocrx_word' id='word_1_357' title='bbox 1383 2861 1633 2930; x_wconf 82' lang='grc' dir='ltr'>κυήσεως</span> <span class='ocrx_word' id='word_1_358' title='bbox 1676 2858 2026 2930; x_wconf 78' lang='grc' dir='ltr'>Ἐμμανουὴλ</span> 
     </span>
    </p>
   </div>
   <div class='ocr_carea' id='block_1_48' title="bbox 442 2948 2026 3022">
    <p class='ocr_par' dir='ltr' id='par_1_48' title="bbox 442 2948 2026 3022">
     <span class='ocr_line' id='line_1_48' title="bbox 442 2948 2026 3022; baseline 0 -20"><span class='ocrx_word' id='word_1_359' title='bbox 442 2948 710 3013; x_wconf 80' lang='grc' dir='ltr'>καλεῖται,</span> <span class='ocrx_word' id='word_1_360' title='bbox 751 2951 779 3004; x_wconf 86' lang='grc' dir='ltr'>ὅ</span> <span class='ocrx_word' id='word_1_361' title='bbox 825 2951 964 3017; x_wconf 78' lang='grc' dir='ltr'>ἐστι,</span> <span class='ocrx_word' id='word_1_362' title='bbox 991 2951 1136 3016; x_wconf 81' lang='grc' dir='ltr'>Θεὸς</span> <span class='ocrx_word' id='word_1_363' title='bbox 1159 2953 1289 3021; x_wconf 80' lang='grc' dir='ltr'>μεθ’</span> <span class='ocrx_word' id='word_1_364' title='bbox 1339 2949 1521 3021; x_wconf 75' lang='grc' dir='ltr'><strong>ἡμῶν·</strong></span> <span class='ocrx_word' id='word_1_365' title='bbox 1560 2951 1743 3004; x_wconf 77' lang='grc' dir='ltr'>οὐκέτι</span> <span class='ocrx_word' id='word_1_366' title='bbox 1773 2950 2026 3022; x_wconf 87' lang='grc' dir='ltr'>δεύτερον</span> 
     </span>
    </p>
   </div>
   <div class='ocr_carea' id='block_1_49' title="bbox 441 3040 2027 3112">
    <p class='ocr_par' dir='ltr' id='par_1_49' title="bbox 441 3040 2027 3112">
     <span class='ocr_line' id='line_1_49' title="bbox 441 3040 2027 3112; baseline 0.001 -19"><span class='ocrx_word' id='word_1_367' title='bbox 441 3042 718 3108; x_wconf 81' lang='grc' dir='ltr'>γεννᾶται.</span> <span class='ocrx_word' id='word_1_368' title='bbox 762 3041 869 3095; x_wconf 79' lang='grc' dir='ltr'>Καὶ</span> <span class='ocrx_word' id='word_1_369' title='bbox 899 3041 1108 3112; x_wconf 80' lang='grc' dir='ltr'>ἀπέδρα</span> <span class='ocrx_word' id='word_1_370' title='bbox 1153 3043 1234 3105; x_wconf 84' lang='grc' dir='ltr'><strong>είς</strong></span> <span class='ocrx_word' id='word_1_371' title='bbox 1274 3041 1373 3112; x_wconf 79' lang='grc' dir='ltr'><strong>τὴν</strong></span> <span class='ocrx_word' id='word_1_372' title='bbox 1409 3040 1682 3109; x_wconf 78' lang='grc' dir='ltr'>Αἴγυπτον</span> <span class='ocrx_word' id='word_1_373' title='bbox 1715 3040 1776 3092; x_wconf 89' lang='grc' dir='ltr'><strong>τὸ</strong></span> <span class='ocrx_word' id='word_1_374' title='bbox 1815 3041 2027 3094; x_wconf 85' lang='grc' dir='ltr'>παιδίον</span> 
     </span>
    </p>
   </div>
   <div class='ocr_carea' id='block_1_50' title="bbox 445 3129 2026 3203">
    <p class='ocr_par' dir='ltr' id='par_1_50' title="bbox 445 3129 2026 3203">
     <span class='ocr_line' id='line_1_50' title="bbox 445 3129 2026 3203; baseline -0.001 -19"><span class='ocrx_word' id='word_1_375' title='bbox 445 3131 584 3202; x_wconf 74' lang='grc' dir='ltr'>μετὰ</span> <span class='ocrx_word' id='word_1_376' title='bbox 635 3131 834 3201; x_wconf 69' lang='grc' dir='ltr'>Ἰωσὴφ</span> <span class='ocrx_word' id='word_1_377' title='bbox 853 3131 948 3185; x_wconf 68' lang='grc' dir='ltr'>καὶ</span> <span class='ocrx_word' id='word_1_378' title='bbox 975 3133 1212 3203; x_wconf 83' lang='grc' dir='ltr'>Μαρίας,</span> <span class='ocrx_word' id='word_1_379' title='bbox 1244 3130 1434 3202; x_wconf 77' lang='grc' dir='ltr'>ἐπειδὴ</span> <span class='ocrx_word' id='word_1_380' title='bbox 1465 3131 1691 3202; x_wconf 77' lang='grc' dir='ltr'>ἐζήτουν</span> <span class='ocrx_word' id='word_1_381' title='bbox 1720 3129 1816 3201; x_wconf 80' lang='grc' dir='ltr'>τὴν</span> <span class='ocrx_word' id='word_1_382' title='bbox 1847 3130 2026 3201; x_wconf 74' lang='grc' dir='ltr'>ψυχὴν</span> 
     </span>
    </p>
   </div>
   <div class='ocr_carea' id='block_1_51' title="bbox 441 3221 2026 3296">
    <p class='ocr_par' dir='ltr' id='par_1_51' title="bbox 441 3221 2026 3296">
     <span class='ocr_line' id='line_1_51' title="bbox 441 3221 2026 3296; baseline -0.003 -18"><span class='ocrx_word' id='word_1_383' title='bbox 441 3221 538 3278; x_wconf 80' lang='grc' dir='ltr'><strong>τοῦ</strong></span> <span class='ocrx_word' id='word_1_384' title='bbox 565 3224 800 3286; x_wconf 83' lang='grc' dir='ltr'>παιδίου,</span> <span class='ocrx_word' id='word_1_385' title='bbox 842 3224 918 3288; x_wconf 85' lang='grc' dir='ltr'>ὡς</span> <span class='ocrx_word' id='word_1_386' title='bbox 951 3223 1254 3296; x_wconf 82' lang='grc' dir='ltr'>δυναμένου</span> <span class='ocrx_word' id='word_1_387' title='bbox 1289 3223 1454 3276; x_wconf 79' lang='grc' dir='ltr'>αὑτοῦ</span> <span class='ocrx_word' id='word_1_388' title='bbox 1485 3224 1542 3276; x_wconf 86' lang='grc' dir='ltr'><strong>ἐν</strong></span> <span class='ocrx_word' id='word_1_389' title='bbox 1572 3223 1734 3294; x_wconf 76' lang='grc' dir='ltr'>σαρκὶ</span> <span class='ocrx_word' id='word_1_390' title='bbox 1756 3223 2026 3276; x_wconf 79' lang='grc' dir='ltr'>ἀποκτανο</span> 
     </span>
    </p>
   </div>
   <div class='ocr_carea' id='block_1_52' title="bbox 444 3314 2024 3389">
    <p class='ocr_par' dir='ltr' id='par_1_52' title="bbox 444 3314 2024 3389">
     <span class='ocr_line' id='line_1_52' title="bbox 444 3314 2024 3389; baseline -0.003 -18"><span class='ocrx_word' id='word_1_391' title='bbox 444 3317 620 3387; x_wconf 81' lang='grc' dir='ltr'>θῆναι.</span> <span class='ocrx_word' id='word_1_392' title='bbox 667 3316 827 3370; x_wconf 77' lang='grc' dir='ltr'><strong>Ἀλλά</strong></span> <span class='ocrx_word' id='word_1_393' title='bbox 851 3316 1232 3389; x_wconf 82' lang='grc' dir='ltr'>προσεκυνήθη</span> <span class='ocrx_word' id='word_1_394' title='bbox 1264 3316 1369 3370; x_wconf 87' lang='grc' dir='ltr'><strong>ὑπὸ</strong></span> <span class='ocrx_word' id='word_1_395' title='bbox 1402 3314 1509 3369; x_wconf 81' lang='grc' dir='ltr'>τῶν</span> <span class='ocrx_word' id='word_1_396' title='bbox 1548 3316 1738 3386; x_wconf 81' lang='grc' dir='ltr'>μάγων</span> <span class='ocrx_word' id='word_1_397' title='bbox 1767 3315 1842 3378; x_wconf 85' lang='grc' dir='ltr'>ὡς</span> <span class='ocrx_word' id='word_1_398' title='bbox 1891 3315 2024 3377; x_wconf 75' lang='grc' dir='ltr'>θεὸς</span> 
     </span>
    </p>
   </div>
   <div class='ocr_carea' id='block_1_53' title="bbox 441 3405 2026 3479">
    <p class='ocr_par' dir='ltr' id='par_1_53' title="bbox 441 3405 2026 3479">
     <span class='ocr_line' id='line_1_53' title="bbox 441 3405 2026 3479; baseline -0.001 -19"><span class='ocrx_word' id='word_1_399' title='bbox 441 3407 697 3479; x_wconf 75' lang='grc' dir='ltr'>ἀληθινὸς</span> <span class='ocrx_word' id='word_1_400' title='bbox 719 3448 734 3473; x_wconf 93' lang='grc'><strong>,</strong></span> <span class='ocrx_word' id='word_1_401' title='bbox 769 3409 827 3462; x_wconf 86' lang='grc' dir='ltr'>ὲν</span> <span class='ocrx_word' id='word_1_402' title='bbox 859 3409 1023 3478; x_wconf 77' lang='grc' dir='ltr'>σαρκὶ</span> <span class='ocrx_word' id='word_1_403' title='bbox 1045 3407 1326 3479; x_wconf 72' lang='grc' dir='ltr'>γεννηθεὶς</span> <span class='ocrx_word' id='word_1_404' title='bbox 1351 3447 1366 3472; x_wconf 93' lang='grc'><strong>,</strong></span> <span class='ocrx_word' id='word_1_405' title='bbox 1417 3405 1512 3460; x_wconf 75' lang='grc' dir='ltr'><strong>καί</strong></span> <span class='ocrx_word' id='word_1_406' title='bbox 1541 3407 1601 3459; x_wconf 84' lang='grc' dir='ltr'><strong>οὑ</strong></span> <span class='ocrx_word' id='word_1_407' title='bbox 1630 3406 1869 3477; x_wconf 84' lang='grc' dir='ltr'>δοκήσει.</span> <span class='ocrx_word' id='word_1_408' title='bbox 1915 3406 2026 3458; x_wconf 81' lang='grc' dir='ltr'>Καὶ</span> 
     </span>
    </p>
   </div>
   <div class='ocr_carea' id='block_1_54' title="bbox 443 3495 2029 3571">
    <p class='ocr_par' dir='ltr' id='par_1_54' title="bbox 443 3495 2029 3571">
     <span class='ocr_line' id='line_1_54' title="bbox 443 3495 2029 3571; baseline -0.005 -15"><span class='ocrx_word' id='word_1_409' title='bbox 443 3498 680 3556; x_wconf 69' lang='grc' dir='ltr'>ἀνελθὼν</span> <span class='ocrx_word' id='word_1_410' title='bbox 733 3499 842 3555; x_wconf 79' lang='grc' dir='ltr'><strong>ἀπὸ</strong></span> <span class='ocrx_word' id='word_1_411' title='bbox 878 3498 1152 3568; x_wconf 73' lang='grc' dir='ltr'>Αἰγύπτου</span> <span class='ocrx_word' id='word_1_412' title='bbox 1189 3498 1328 3555; x_wconf 80' lang='grc' dir='ltr'>κατὰ</span> <span class='ocrx_word' id='word_1_413' title='bbox 1363 3497 1526 3571; x_wconf 81' lang='grc' dir='ltr'>φόϐον</span> <span class='ocrx_word' id='word_1_414' title='bbox 1571 3497 1664 3551; x_wconf 82' lang='grc' dir='ltr'>τοῦ</span> <span class='ocrx_word' id='word_1_415' title='bbox 1707 3497 1902 3570; x_wconf 83' lang='grc' dir='ltr'>Ἰωσὴφ</span> <span class='ocrx_word' id='word_1_416' title='bbox 1928 3495 2029 3549; x_wconf 82' lang='grc' dir='ltr'><strong>οὑκ</strong></span> 
     </span>
    </p>
   </div>
   <div class='ocr_carea' id='block_1_55' title="bbox 443 3589 2025 3665">
    <p class='ocr_par' dir='ltr' id='par_1_55' title="bbox 443 3589 2025 3665">
     <span class='ocr_line' id='line_1_55' title="bbox 443 3589 2025 3665; baseline -0.003 -18"><span class='ocrx_word' id='word_1_417' title='bbox 443 3593 691 3664; x_wconf 74' lang='grc' dir='ltr'>εἰσῆλθεν</span> <span class='ocrx_word' id='word_1_418' title='bbox 729 3595 809 3657; x_wconf 84' lang='grc' dir='ltr'><strong>είς</strong></span> <span class='ocrx_word' id='word_1_419' title='bbox 851 3593 1238 3665; x_wconf 78' lang='grc' dir='ltr'>Ἰερουσαλὴμ,</span> <span class='ocrx_word' id='word_1_420' title='bbox 1277 3593 1344 3649; x_wconf 83' lang='grc' dir='ltr'>δι’</span> <span class='ocrx_word' id='word_1_421' title='bbox 1391 3591 1701 3664; x_wconf 81' lang='grc' dir='ltr'>Ἀρχέλαον,</span> <span class='ocrx_word' id='word_1_422' title='bbox 1747 3589 1822 3654; x_wconf 84' lang='grc' dir='ltr'>ὡς</span> <span class='ocrx_word' id='word_1_423' title='bbox 1863 3590 2025 3644; x_wconf 86' lang='grc' dir='ltr'>δυνα-</span> 
     </span>
    </p>
   </div>
   <div class='ocr_carea' id='block_1_56' title="bbox 447 3680 2025 3757">
    <p class='ocr_par' dir='ltr' id='par_1_56' title="bbox 447 3680 2025 3757">
     <span class='ocr_line' id='line_1_56' title="bbox 447 3680 2025 3757; baseline -0.003 -18"><span class='ocrx_word' id='word_1_424' title='bbox 447 3685 611 3757; x_wconf 82' lang='grc' dir='ltr'>μένου</span> <span class='ocrx_word' id='word_1_425' title='bbox 635 3684 728 3739; x_wconf 83' lang='grc' dir='ltr'>τοῦ</span> <span class='ocrx_word' id='word_1_426' title='bbox 775 3685 990 3743; x_wconf 87' lang='grc' dir='ltr'>παιδίου</span> <span class='ocrx_word' id='word_1_427' title='bbox 1029 3685 1405 3756; x_wconf 78' lang='grc' dir='ltr'>κρατηθῆναι,</span> <span class='ocrx_word' id='word_1_428' title='bbox 1437 3685 1532 3742; x_wconf 79' lang='lat' dir='ltr'><strong>xal.</strong></span> <span class='ocrx_word' id='word_1_429' title='bbox 1571 3682 1675 3755; x_wconf 85' lang='grc' dir='ltr'><strong>πρὸ</strong></span> <span class='ocrx_word' id='word_1_430' title='bbox 1701 3681 1796 3738; x_wconf 81' lang='grc' dir='ltr'>τοῦ</span> <span class='ocrx_word' id='word_1_431' title='bbox 1833 3680 2025 3753; x_wconf 83' lang='grc' dir='ltr'>καιροῦ</span> 
     </span>
    </p>
   </div>
   <div class='ocr_carea' id='block_1_57' title="bbox 444 3773 2030 3850">
    <p class='ocr_par' dir='ltr' id='par_1_57' title="bbox 444 3773 2030 3850">
     <span class='ocr_line' id='line_1_57' title="bbox 444 3773 2030 3850; baseline -0.003 -17"><span class='ocrx_word' id='word_1_432' title='bbox 444 3779 504 3834; x_wconf 74' lang='grc' dir='ltr'>ὲν</span> <span class='ocrx_word' id='word_1_433' title='bbox 537 3778 700 3850; x_wconf 73' lang='grc' dir='ltr'>σαρκὶ</span> <span class='ocrx_word' id='word_1_434' title='bbox 729 3777 920 3831; x_wconf 87' lang='grc' dir='ltr'>παθεῖν</span> <span class='ocrx_word' id='word_1_435' title='bbox 956 3779 1092 3848; x_wconf 79' lang='grc' dir='ltr'>ὅπερ</span> <span class='ocrx_word' id='word_1_436' title='bbox 1116 3777 1309 3848; x_wconf 75' lang='grc' dir='ltr'>ἔμελλε</span> <span class='ocrx_word' id='word_1_437' title='bbox 1345 3777 1596 3847; x_wconf 81' lang='grc' dir='ltr'>πάσχειν.</span> <span class='ocrx_word' id='word_1_438' title='bbox 1645 3773 1808 3830; x_wconf 82' lang='grc' dir='ltr'>Ἀλλὰ</span> <span class='ocrx_word' id='word_1_439' title='bbox 1838 3774 2030 3828; x_wconf 79' lang='grc' dir='ltr'>διεκω·</span> 
     </span>
    </p>
   </div>
   <div class='ocr_carea' id='block_1_58' title="bbox 445 3865 2027 3940">
    <p class='ocr_par' dir='ltr' id='par_1_58' title="bbox 445 3865 2027 3940">
     <span class='ocr_line' id='line_1_58' title="bbox 445 3865 2027 3940; baseline -0.003 -17"><span class='ocrx_word' id='word_1_440' title='bbox 445 3869 580 3940; x_wconf 86' lang='grc' dir='ltr'>λύθη</span> <span class='ocrx_word' id='word_1_441' title='bbox 621 3870 726 3923; x_wconf 84' lang='grc' dir='ltr'><strong>ὑπὸ</strong></span> <span class='ocrx_word' id='word_1_442' title='bbox 790 3869 1034 3923; x_wconf 80' lang='grc' dir='ltr'>Ἰωάννου</span> <span class='ocrx_word' id='word_1_443' title='bbox 1062 3908 1077 3933; x_wconf 93' lang='grc'><strong>,</strong></span> <span class='ocrx_word' id='word_1_444' title='bbox 1133 3867 1492 3938; x_wconf 72' lang='grc' dir='ltr'>ἐπιγνωσθεὶς</span> <span class='ocrx_word' id='word_1_445' title='bbox 1544 3866 1648 3920; x_wconf 87' lang='grc' dir='ltr'><strong>ὑπὸ</strong></span> <span class='ocrx_word' id='word_1_446' title='bbox 1707 3865 1801 3919; x_wconf 80' lang='grc' dir='ltr'>τοῦ</span> <span class='ocrx_word' id='word_1_447' title='bbox 1840 3866 2027 3920; x_wconf 87' lang='grc' dir='ltr'>δούλου</span> 
     </span>
    </p>
   </div>
   <div class='ocr_carea' id='block_1_59' title="bbox 445 3957 2045 4034">
    <p class='ocr_par' dir='ltr' id='par_1_59' title="bbox 445 3957 2045 4034">
     <span class='ocr_line' id='line_1_59' title="bbox 445 3957 2045 4034; baseline 0 -20"><span class='ocrx_word' id='word_1_448' title='bbox 445 3959 752 4034; x_wconf 75' lang='grc' dir='ltr'>Δεσπότης,</span> <span class='ocrx_word' id='word_1_449' title='bbox 799 3963 1048 4026; x_wconf 75' lang='grc' dir='ltr'>ὅτιθεὸς</span> <span class='ocrx_word' id='word_1_450' title='bbox 1089 3957 1156 4033; x_wconf 80' lang='grc' dir='ltr'>ἦν</span> <span class='ocrx_word' id='word_1_451' title='bbox 1210 3960 1639 4032; x_wconf 82' lang='grc' dir='ltr'>ὲνανθρωπήσας</span> <span class='ocrx_word' id='word_1_452' title='bbox 1686 3961 1744 4012; x_wconf 83' lang='grc' dir='ltr'>ἐν</span> <span class='ocrx_word' id='word_1_453' title='bbox 1777 3958 2045 4030; x_wconf 79' lang='grc' dir='ltr'>ἁληθείᾳ.¹</span> 
     </span>
    </p>
   </div>
   <div class='ocr_carea' id='block_1_60' title="bbox 447 4053 2027 4128">
    <p class='ocr_par' dir='ltr' id='par_1_60' title="bbox 447 4053 2027 4128">
     <span class='ocr_line' id='line_1_60' title="bbox 447 4053 2027 4128; baseline -0.002 -19"><span class='ocrx_word' id='word_1_454' title='bbox 447 4055 521 4109; x_wconf 89' lang='grc' dir='ltr'>Οὑ</span> <span class='ocrx_word' id='word_1_455' title='bbox 550 4053 874 4122; x_wconf 76' lang='grc' dir='ltr'>κατεδέξατο</span> <span class='ocrx_word' id='word_1_456' title='bbox 904 4056 960 4110; x_wconf 85' lang='grc' dir='ltr'><strong>δὲ</strong></span> <span class='ocrx_word' id='word_1_457' title='bbox 994 4057 1092 4128; x_wconf 77' lang='grc' dir='ltr'>τὴν</span> <span class='ocrx_word' id='word_1_458' title='bbox 1139 4056 1234 4109; x_wconf 83' lang='grc' dir='ltr'><strong>τοῦ</strong></span> <span class='ocrx_word' id='word_1_459' title='bbox 1276 4056 1405 4108; x_wconf 83' lang='grc' dir='ltr'>ἰδίου</span> <span class='ocrx_word' id='word_1_460' title='bbox 1440 4054 1628 4110; x_wconf 87' lang='grc' dir='ltr'>δούλου</span> <span class='ocrx_word' id='word_1_461' title='bbox 1663 4056 1719 4106; x_wconf 79' lang='grc' dir='ltr'>ἐν</span> <span class='ocrx_word' id='word_1_462' title='bbox 1748 4057 1814 4127; x_wconf 81' lang='grc' dir='ltr'>τῇ</span> <span class='ocrx_word' id='word_1_463' title='bbox 1847 4053 2027 4107; x_wconf 84' lang='grc' dir='ltr'>τοιαύ-</span> 
     </span>
    </p>
   </div>
   <div class='ocr_carea' id='block_1_61' title="bbox 443 4145 2028 4220">
    <p class='ocr_par' dir='ltr' id='par_1_61' title="bbox 443 4145 2028 4220">
     <span class='ocr_line' id='line_1_61' title="bbox 443 4145 2028 4220; baseline -0.001 -20"><span class='ocrx_word' id='word_1_464' title='bbox 443 4163 514 4220; x_wconf 88' lang='grc' dir='ltr'><strong>τῃ</strong></span> <span class='ocrx_word' id='word_1_465' title='bbox 540 4148 792 4201; x_wconf 78' lang='grc' dir='ltr'>ὑποθέσει</span> <span class='ocrx_word' id='word_1_466' title='bbox 820 4147 1008 4219; x_wconf 86' lang='grc' dir='ltr'>τιμὴν,</span> <span class='ocrx_word' id='word_1_467' title='bbox 1044 4147 1132 4200; x_wconf 85' lang='grc' dir='ltr'>ἵνα</span> <span class='ocrx_word' id='word_1_468' title='bbox 1160 4145 1424 4220; x_wconf 75' lang='grc' dir='ltr'>πληρώσῃ</span> <span class='ocrx_word' id='word_1_469' title='bbox 1458 4146 1636 4199; x_wconf 79' lang='grc' dir='ltr'>πᾶσαν</span> <span class='ocrx_word' id='word_1_470' title='bbox 1682 4145 2028 4216; x_wconf 86' lang='grc' dir='ltr'>δικαιοσύνην</span> 
     </span>
    </p>
   </div>
   <div class='ocr_carea' id='block_1_62' title="bbox 445 4237 2029 4312">
    <p class='ocr_par' dir='ltr' id='par_1_62' title="bbox 445 4237 2029 4312">
     <span class='ocr_line' id='line_1_62' title="bbox 445 4237 2029 4312; baseline -0.001 -20"><span class='ocrx_word' id='word_1_471' title='bbox 445 4241 503 4292; x_wconf 83' lang='grc' dir='ltr'><strong>ὲν</strong></span> <span class='ocrx_word' id='word_1_472' title='bbox 536 4242 718 4312; x_wconf 77' lang='grc' dir='ltr'>σαρκὶ,</span> <span class='ocrx_word' id='word_1_473' title='bbox 750 4242 807 4293; x_wconf 80' lang='grc' dir='ltr'><strong>ὲν</strong></span> <span class='ocrx_word' id='word_1_474' title='bbox 835 4241 1084 4312; x_wconf 76' lang='grc' dir='ltr'>ἀληθεία,</span> <span class='ocrx_word' id='word_1_475' title='bbox 1114 4241 1208 4294; x_wconf 79' lang='grc' dir='ltr'><strong>καὶ</strong></span> <span class='ocrx_word' id='word_1_476' title='bbox 1244 4239 1427 4311; x_wconf 74' lang='grc' dir='ltr'>τελεία</span> <span class='ocrx_word' id='word_1_477' title='bbox 1458 4237 1867 4311; x_wconf 77' lang='grc' dir='ltr'>ἐνανθρωπήσει</span> <span class='ocrx_word' id='word_1_478' title='bbox 1893 4279 1908 4303; x_wconf 88' lang='grc'><strong>,</strong></span> <span class='ocrx_word' id='word_1_479' title='bbox 1937 4237 2029 4291; x_wconf 84' lang='grc' dir='ltr'><strong>τὸν</strong></span> 
     </span>
    </p>
   </div>
   <div class='ocr_carea' id='block_1_63' title="bbox 447 4327 2030 4404">
    <p class='ocr_par' dir='ltr' id='par_1_63' title="bbox 447 4327 2030 4404">
     <span class='ocr_line' id='line_1_63' title="bbox 447 4327 2030 4404; baseline -0.002 -20"><span class='ocrx_word' id='word_1_480' title='bbox 447 4332 811 4404; x_wconf 80' lang='grc' dir='ltr'>ὑπογραμμὸν</span> <span class='ocrx_word' id='word_1_481' title='bbox 837 4333 934 4404; x_wconf 82' lang='grc' dir='ltr'><strong>τῆς</strong></span> <span class='ocrx_word' id='word_1_482' title='bbox 964 4331 1235 4403; x_wconf 83' lang='grc' dir='ltr'>σωτηρίας</span> <span class='ocrx_word' id='word_1_483' title='bbox 1265 4333 1392 4403; x_wconf 81' lang='grc' dir='ltr'>ἡμῖν</span> <span class='ocrx_word' id='word_1_484' title='bbox 1417 4329 1824 4401; x_wconf 87' lang='grc' dir='ltr'>ὑπολιμπάνων.</span> <span class='ocrx_word' id='word_1_485' title='bbox 1868 4327 2030 4382; x_wconf 78' lang='grc' dir='ltr'>Ἀλλὰ</span> 
     </span>
    </p>
   </div>
   <div class='ocr_carea' id='block_1_64' title="bbox 445 4421 2026 4497">
    <p class='ocr_par' dir='ltr' id='par_1_64' title="bbox 445 4421 2026 4497">
     <span class='ocr_line' id='line_1_64' title="bbox 445 4421 2026 4497; baseline -0.001 -20"><span class='ocrx_word' id='word_1_486' title='bbox 445 4425 539 4477; x_wconf 75' lang='grc' dir='ltr'><strong>καὶ</strong></span> <span class='ocrx_word' id='word_1_487' title='bbox 577 4423 856 4495; x_wconf 79' lang='grc' dir='ltr'>κέκμηκεν</span> <span class='ocrx_word' id='word_1_488' title='bbox 885 4424 994 4478; x_wconf 87' lang='grc' dir='ltr'><strong>ἀπὸ</strong></span> <span class='ocrx_word' id='word_1_489' title='bbox 1043 4425 1140 4494; x_wconf 79' lang='grc' dir='ltr'><strong>τῆς</strong></span> <span class='ocrx_word' id='word_1_490' title='bbox 1191 4423 1496 4497; x_wconf 81' lang='grc' dir='ltr'>ὁδοιπορίας</span> <span class='ocrx_word' id='word_1_491' title='bbox 1536 4423 1595 4477; x_wconf 82' lang='grc' dir='ltr'><strong>ὲν</strong></span> <span class='ocrx_word' id='word_1_492' title='bbox 1627 4421 1893 4494; x_wconf 76' lang='grc' dir='ltr'>ἀληθείᾳο</span> <span class='ocrx_word' id='word_1_493' title='bbox 1934 4423 2026 4476; x_wconf 77' lang='grc' dir='ltr'>καὶ</span> 
     </span>
    </p>
   </div>
   <div class='ocr_carea' id='block_1_65' title="bbox 443 4511 2030 4585">
    <p class='ocr_par' dir='ltr' id='par_1_65' title="bbox 443 4511 2030 4585">
     <span class='ocr_line' id='line_1_65' title="bbox 443 4511 2030 4585; baseline -0.001 -19"><span class='ocrx_word' id='word_1_494' title='bbox 443 4514 543 4583; x_wconf 78' lang='grc' dir='ltr'><strong>οὐχ</strong></span> <span class='ocrx_word' id='word_1_495' title='bbox 577 4511 760 4577; x_wconf 78' lang='grc' dir='ltr'>ἁπλῶς</span> <span class='ocrx_word' id='word_1_496' title='bbox 800 4513 1004 4585; x_wconf 78' lang='grc' dir='ltr'>ἔκαμεν</span> <span class='ocrx_word' id='word_1_497' title='bbox 1028 4557 1043 4579; x_wconf 87' lang='grc'><strong>,</strong></span> <span class='ocrx_word' id='word_1_498' title='bbox 1091 4513 1226 4567; x_wconf 80' lang='grc' dir='ltr'><strong>ἀλλὰ</strong></span> <span class='ocrx_word' id='word_1_499' title='bbox 1255 4514 1350 4567; x_wconf 75' lang='grc' dir='ltr'>καὶ</span> <span class='ocrx_word' id='word_1_500' title='bbox 1390 4512 1682 4583; x_wconf 78' lang='grc' dir='ltr'>ὲκαοὲσθη.</span> <span class='ocrx_word' id='word_1_501' title='bbox 1715 4513 1862 4566; x_wconf 83' lang='grc' dir='ltr'>Διότι</span> <span class='ocrx_word' id='word_1_502' title='bbox 1895 4513 2030 4583; x_wconf 85' lang='grc' dir='ltr'>ἀλη-</span> 
     </span>
    </p>
   </div>
   <div class='ocr_carea' id='block_1_66' title="bbox 445 4603 2028 4677">
    <p class='ocr_par' dir='ltr' id='par_1_66' title="bbox 445 4603 2028 4677">
     <span class='ocr_line' id='line_1_66' title="bbox 445 4603 2028 4677; baseline 0.001 -21"><span class='ocrx_word' id='word_1_503' title='bbox 445 4605 606 4669; x_wconf 87' lang='grc' dir='ltr'>θινῶς</span> <span class='ocrx_word' id='word_1_504' title='bbox 634 4604 1052 4677; x_wconf 82' lang='grc' dir='ltr'>ὲνηνθρὼπησεν</span> <span class='ocrx_word' id='word_1_505' title='bbox 1080 4645 1096 4670; x_wconf 94' lang='grc'><strong>,</strong></span> <span class='ocrx_word' id='word_1_506' title='bbox 1117 4603 1246 4657; x_wconf 75' lang='grc' dir='ltr'>ἐϐόα</span> <span class='ocrx_word' id='word_1_507' title='bbox 1275 4609 1295 4638; x_wconf 89' lang='grc'>³</span> <span class='ocrx_word' id='word_1_508' title='bbox 1319 4604 1490 4674; x_wconf 85' lang='grc' dir='ltr'>λέγων</span> <span class='ocrx_word' id='word_1_509' title='bbox 1514 4623 1528 4637; x_wconf 92' lang='grc'><strong>·</strong></span> <span class='ocrx_word' id='word_1_510' title='bbox 1561 4605 1760 4668; x_wconf 84' lang='grc' dir='ltr'>Δεῦτε,</span> <span class='ocrx_word' id='word_1_511' title='bbox 1804 4604 2028 4672; x_wconf 81' lang='grc' dir='ltr'>πάντες</span> 
     </span>
    </p>
   </div>
   <div class='ocr_carea' id='block_1_67' title="bbox 445 4697 2027 4768">
    <p class='ocr_par' dir='ltr' id='par_1_67' title="bbox 445 4697 2027 4768">
     <span class='ocr_line' id='line_1_67' title="bbox 445 4697 2027 4768; baseline 0.001 -17"><span class='ocrx_word' id='word_1_512' title='bbox 445 4698 500 4751; x_wconf 81' lang='lat' dir='ltr'><strong>el</strong></span> <span class='ocrx_word' id='word_1_513' title='bbox 525 4697 851 4765; x_wconf 79' lang='grc' dir='ltr'>κοπιῶντες</span> <span class='ocrx_word' id='word_1_514' title='bbox 896 4698 993 4752; x_wconf 78' lang='grc' dir='ltr'>καὶ</span> <span class='ocrx_word' id='word_1_515' title='bbox 1025 4699 1508 4768; x_wconf 72' lang='grc' dir='ltr'>πεφορτισμένοι,</span> <span class='ocrx_word' id='word_1_516' title='bbox 1545 4698 1710 4768; x_wconf 81' lang='grc' dir='ltr'><strong>κάγὼ</strong></span> <span class='ocrx_word' id='word_1_517' title='bbox 1757 4697 2027 4752; x_wconf 74' lang='grc' dir='ltr'>ἀναπαύ-</span> 
     </span>
    </p>
   </div>
   <div class='ocr_carea' id='block_1_68' title="bbox 444 4785 2024 4862">
    <p class='ocr_par' dir='ltr' id='par_1_68' title="bbox 444 4785 2024 4862">
     <span class='ocr_line' id='line_1_68' title="bbox 444 4785 2024 4862; baseline 0.001 -19"><span class='ocrx_word' id='word_1_518' title='bbox 444 4802 534 4843; x_wconf 83' lang='grc' dir='ltr'>σω</span> <span class='ocrx_word' id='word_1_519' title='bbox 569 4790 759 4859; x_wconf 81' lang='grc' dir='ltr'>ὑμᾶς’</span> <span class='ocrx_word' id='word_1_520' title='bbox 805 4791 891 4843; x_wconf 81' lang='grc' dir='ltr'>ἵνα</span> <span class='ocrx_word' id='word_1_521' title='bbox 921 4789 1070 4862; x_wconf 79' lang='grc' dir='ltr'>δείξῃ</span> <span class='ocrx_word' id='word_1_522' title='bbox 1100 4789 1195 4862; x_wconf 83' lang='grc' dir='ltr'>τὴν</span> <span class='ocrx_word' id='word_1_523' title='bbox 1242 4790 1407 4843; x_wconf 82' lang='grc' dir='ltr'>αὑτοῦ</span> <span class='ocrx_word' id='word_1_524' title='bbox 1439 4790 1669 4861; x_wconf 83' lang='grc' dir='ltr'>θεότητα</span> <span class='ocrx_word' id='word_1_525' title='bbox 1707 4790 1895 4860; x_wconf 80' lang='grc' dir='ltr'>ἱκανὴν</span> <span class='ocrx_word' id='word_1_526' title='bbox 1933 4785 2024 4844; x_wconf 79' lang='grc' dir='ltr'><strong>οὗ·</strong></span> 
     </span>
    </p>
   </div>
   <div class='ocr_carea' id='block_1_69' title="bbox 445 4879 2025 4951">
    <p class='ocr_par' dir='ltr' id='par_1_69' title="bbox 445 4879 2025 4951">
     <span class='ocr_line' id='line_1_69' title="bbox 445 4879 2025 4951; baseline 0.002 -20"><span class='ocrx_word' id='word_1_527' title='bbox 445 4896 542 4932; x_wconf 87' lang='grc' dir='ltr'><strong>σαν</strong></span> <span class='ocrx_word' id='word_1_528' title='bbox 576 4881 752 4934; x_wconf 85' lang='grc' dir='ltr'>πάντα</span> <span class='ocrx_word' id='word_1_529' title='bbox 796 4879 866 4933; x_wconf 84' lang='grc' dir='ltr'>τὰ</span> <span class='ocrx_word' id='word_1_530' title='bbox 904 4880 1083 4951; x_wconf 86' lang='grc' dir='ltr'>πλήθη</span> <span class='ocrx_word' id='word_1_531' title='bbox 1134 4880 1227 4934; x_wconf 74' lang='grc' dir='ltr'>τοῦ</span> <span class='ocrx_word' id='word_1_532' title='bbox 1285 4881 1490 4950; x_wconf 76' lang='grc' dir='ltr'>κόσμου</span> <span class='ocrx_word' id='word_1_533' title='bbox 1548 4881 1616 4934; x_wconf 80' lang='grc' dir='ltr'>τὰ</span> <span class='ocrx_word' id='word_1_534' title='bbox 1671 4881 1805 4951; x_wconf 84' lang='grc' dir='ltr'>πρὸς</span> <span class='ocrx_word' id='word_1_535' title='bbox 1865 4881 2025 4935; x_wconf 86' lang='grc' dir='ltr'>αὑτὸν</span> 
     </span>
    </p>
   </div>
   <div class='ocr_carea' id='block_1_70' title="bbox 445 4969 2025 5043">
    <p class='ocr_par' dir='ltr' id='par_1_70' title="bbox 445 4969 2025 5043">
     <span class='ocr_line' id='line_1_70' title="bbox 445 4969 2025 5043; baseline 0.001 -19"><span class='ocrx_word' id='word_1_536' title='bbox 445 4969 818 5040; x_wconf 86' lang='grc' dir='ltr'>ἀφικνούμενα</span> <span class='ocrx_word' id='word_1_537' title='bbox 849 4971 1182 5024; x_wconf 77' lang='grc' dir='ltr'>ἀναπαῦσαι.</span> <span class='ocrx_word' id='word_1_538' title='bbox 1245 4971 1404 5024; x_wconf 77' lang='grc' dir='ltr'>Ἀλλά</span> <span class='ocrx_word' id='word_1_539' title='bbox 1435 4971 1530 5024; x_wconf 72' lang='grc' dir='ltr'><strong>καὶ</strong></span> <span class='ocrx_word' id='word_1_540' title='bbox 1569 4972 1868 5043; x_wconf 69' lang='grc' dir='ltr'>ἐπειράσθη</span> <span class='ocrx_word' id='word_1_541' title='bbox 1921 4973 2025 5026; x_wconf 82' lang='grc' dir='ltr'><strong>ὑπὸ</strong></span> 
     </span>
    </p>
   </div>
   <div class='ocr_carea' id='block_1_71' title="bbox 443 5059 2024 5131">
    <p class='ocr_par' dir='ltr' id='par_1_71' title="bbox 443 5059 2024 5131">
     <span class='ocr_line' id='line_1_71' title="bbox 443 5059 2024 5131; baseline 0 -19"><span class='ocrx_word' id='word_1_542' title='bbox 443 5060 536 5112; x_wconf 79' lang='grc' dir='ltr'>τοῦ</span> <span class='ocrx_word' id='word_1_543' title='bbox 566 5060 837 5122; x_wconf 75' lang='grc' dir='ltr'>διαϐόλου,</span> <span class='ocrx_word' id='word_1_544' title='bbox 873 5059 968 5112; x_wconf 77' lang='grc' dir='ltr'><strong>καὶ</strong></span> <span class='ocrx_word' id='word_1_545' title='bbox 1005 5059 1186 5130; x_wconf 74' lang='grc' dir='ltr'>ἔμεινε</span> <span class='ocrx_word' id='word_1_546' title='bbox 1210 5060 1617 5131; x_wconf 83' lang='grc' dir='ltr'>τεσσαράκοντα</span> <span class='ocrx_word' id='word_1_547' title='bbox 1647 5060 1858 5131; x_wconf 80' lang='grc' dir='ltr'>ἡμέρας</span> <span class='ocrx_word' id='word_1_548' title='bbox 1888 5062 2024 5131; x_wconf 81' lang='grc' dir='ltr'>μήτε</span> 
     </span>
    </p>
   </div>
   <div class='ocr_carea' id='block_1_72' title="bbox 445 5151 2024 5223">
    <p class='ocr_par' dir='ltr' id='par_1_72' title="bbox 445 5151 2024 5223">
     <span class='ocr_line' id='line_1_72' title="bbox 445 5151 2024 5223; baseline -0.001 -17"><span class='ocrx_word' id='word_1_549' title='bbox 445 5151 660 5219; x_wconf 79' lang='grc' dir='ltr'>ἐσθίων,</span> <span class='ocrx_word' id='word_1_550' title='bbox 693 5153 831 5223; x_wconf 87' lang='grc' dir='ltr'>μήτε</span> <span class='ocrx_word' id='word_1_551' title='bbox 866 5153 1035 5206; x_wconf 88' lang='grc' dir='ltr'>πίνων</span> <span class='ocrx_word' id='word_1_552' title='bbox 1055 5170 1067 5183; x_wconf 92' lang='grc'><strong>·</strong></span> <span class='ocrx_word' id='word_1_553' title='bbox 1099 5153 1186 5205; x_wconf 81' lang='grc' dir='ltr'><strong>ἵνα</strong></span> <span class='ocrx_word' id='word_1_554' title='bbox 1221 5151 1367 5222; x_wconf 81' lang='grc' dir='ltr'>δείξῃ</span> <span class='ocrx_word' id='word_1_555' title='bbox 1388 5151 1447 5204; x_wconf 88' lang='grc' dir='ltr'><strong>τὸ</strong></span> <span class='ocrx_word' id='word_1_556' title='bbox 1468 5151 1711 5214; x_wconf 81' lang='grc' dir='ltr'>ἀνενδεὲς</span> <span class='ocrx_word' id='word_1_557' title='bbox 1735 5153 1832 5222; x_wconf 79' lang='grc' dir='ltr'><strong>τῆς</strong></span> <span class='ocrx_word' id='word_1_558' title='bbox 1859 5152 2024 5204; x_wconf 84' lang='grc' dir='ltr'>αὑτοῦ</span> 
     </span>
    </p>
   </div>
   <div class='ocr_carea' id='block_1_73' title="bbox 445 5228 2027 5319">
    <p class='ocr_par' dir='ltr' id='par_1_73' title="bbox 445 5245 2027 5319">
     <span class='ocr_line' id='line_1_73' title="bbox 445 5245 2027 5319; baseline -0.001 -19"><span class='ocrx_word' id='word_1_559' title='bbox 445 5246 718 5317; x_wconf 88' lang='grc' dir='ltr'>θεότητος.</span> <span class='ocrx_word' id='word_1_560' title='bbox 750 5249 824 5301; x_wconf 84' lang='grc' dir='ltr'>Οὑ</span> <span class='ocrx_word' id='word_1_561' title='bbox 852 5249 962 5319; x_wconf 82' lang='grc' dir='ltr'><strong>γὰρ</strong></span> <span class='ocrx_word' id='word_1_562' title='bbox 993 5246 1192 5301; x_wconf 83' lang='grc' dir='ltr'>πεινῶν</span> <span class='ocrx_word' id='word_1_563' title='bbox 1217 5247 1534 5318; x_wconf 79' lang='grc' dir='ltr'>ὑπέμεινεν,</span> <span class='ocrx_word' id='word_1_564' title='bbox 1562 5247 1636 5308; x_wconf 84' lang='grc' dir='ltr'><strong>ὡς</strong></span> <span class='ocrx_word' id='word_1_565' title='bbox 1663 5245 2027 5315; x_wconf 78' lang='grc' dir='ltr'>φιλοσοφικῶς</span> 
     </span>
    </p>
   </div>
   <div class='ocr_carea' id='block_1_74' title="bbox 449 5338 2027 5411">
    <p class='ocr_par' dir='ltr' id='par_1_74' title="bbox 449 5338 2027 5411">
     <span class='ocr_line' id='line_1_74' title="bbox 449 5338 2027 5411; baseline -0.001 -17"><span class='ocrx_word' id='word_1_566' title='bbox 449 5338 566 5394; x_wconf 69' lang='grc' dir='ltr'>καθ’</span> <span class='ocrx_word' id='word_1_567' title='bbox 595 5341 741 5411; x_wconf 81' lang='grc' dir='ltr'>ἡμᾶς</span> <span class='ocrx_word' id='word_1_568' title='bbox 773 5340 1238 5410; x_wconf 72' lang='grc' dir='ltr'>ἐγκρατευόμενος</span> <span class='ocrx_word' id='word_1_569' title='bbox 1261 5380 1275 5404; x_wconf 88' lang='grc'><strong>,</strong></span> <span class='ocrx_word' id='word_1_570' title='bbox 1319 5341 1413 5394; x_wconf 80' lang='grc' dir='ltr'>καὶ</span> <span class='ocrx_word' id='word_1_571' title='bbox 1451 5339 1612 5392; x_wconf 86' lang='grc' dir='ltr'>αὑτὸν</span> <span class='ocrx_word' id='word_1_572' title='bbox 1664 5338 1848 5409; x_wconf 84' lang='grc' dir='ltr'>ἄγχων</span> <span class='ocrx_word' id='word_1_573' title='bbox 1871 5380 1886 5403; x_wconf 95' lang='grc'><strong>,</strong></span> <span class='ocrx_word' id='word_1_574' title='bbox 1932 5340 2027 5392; x_wconf 73' lang='grc' dir='ltr'>καὶ</span> 
     </span>
    </p>
   </div>
   <div class='ocr_carea' id='block_1_75' title="bbox 445 5429 2025 5505">
    <p class='ocr_par' dir='ltr' id='par_1_75' title="bbox 445 5429 2025 5505">
     <span class='ocr_line' id='line_1_75' title="bbox 445 5429 2025 5505; baseline 0 -21"><span class='ocrx_word' id='word_1_575' title='bbox 445 5429 763 5501; x_wconf 79' lang='grc' dir='ltr'>βιαζόμενος</span> <span class='ocrx_word' id='word_1_576' title='bbox 783 5473 796 5496; x_wconf 93' lang='grc'><strong>,</strong></span> <span class='ocrx_word' id='word_1_577' title='bbox 829 5431 966 5485; x_wconf 85' lang='grc' dir='ltr'><strong>ἀλλὰ</strong></span> <span class='ocrx_word' id='word_1_578' title='bbox 987 5433 1365 5505; x_wconf 82' lang='grc' dir='ltr'>ἀνυστερήτως</span> <span class='ocrx_word' id='word_1_579' title='bbox 1385 5431 1472 5484; x_wconf 78' lang='grc' dir='ltr'><strong>διὰ</strong></span> <span class='ocrx_word' id='word_1_580' title='bbox 1504 5432 1602 5502; x_wconf 85' lang='grc' dir='ltr'>τὴν</span> <span class='ocrx_word' id='word_1_581' title='bbox 1637 5431 1896 5499; x_wconf 76' lang='grc' dir='ltr'>ἀληθινὴν</span> <span class='ocrx_word' id='word_1_582' title='bbox 1927 5433 2025 5485; x_wconf 86' lang='grc' dir='ltr'>αὑ-</span> 
     </span>
    </p>
   </div>
   <div class='ocr_carea' id='block_1_76' title="bbox 1073 5543 1993 5608">
    <p class='ocr_par' dir='ltr' id='par_1_76' title="bbox 1073 5543 1993 5608">
     <span class='ocr_line' id='line_1_76' title="bbox 1073 5543 1993 5608; baseline -0.003 -10"><span class='ocrx_word' id='word_1_583' title='bbox 1073 5548 1093 5577; x_wconf 86' lang='grc'>¹</span> <span class='ocrx_word' id='word_1_584' title='bbox 1122 5545 1183 5599; x_wconf 87' lang='lat' dir='ltr'><strong>F.</strong></span> <span class='ocrx_word' id='word_1_585' title='bbox 1211 5545 1286 5608; x_wconf 85' lang='grc' dir='ltr'>ὡς</span> <span class='ocrx_word' id='word_1_586' title='bbox 1318 5547 1498 5608; x_wconf 79' lang='grc' dir='ltr'>ἡμεῖς.</span> <span class='ocrx_word' id='word_1_587' title='bbox 1579 5544 1599 5575; x_wconf 86' lang='grc'>³</span> <span class='ocrx_word' id='word_1_588' title='bbox 1635 5543 1693 5598; x_wconf 85' lang='lat' dir='ltr'><strong>F.</strong></span> <span class='ocrx_word' id='word_1_589' title='bbox 1726 5547 1820 5598; x_wconf 78' lang='grc' dir='ltr'>καὶ</span> <span class='ocrx_word' id='word_1_590' title='bbox 1843 5545 1993 5598; x_wconf 80' lang='grc' dir='ltr'>ἐϐόα.</span> 
     </span>
    </p>
   </div>
   <div class='ocr_carea' id='block_1_77' title="bbox 1340 5563 1836 5678">
    <p class='ocr_par' dir='ltr' id='par_1_77' title="bbox 1340 5563 1836 5678">
     <span class='ocr_line' id='line_1_77' title="bbox 1340 5563 1820 5616; baseline 0 -18"><span class='ocrx_word' id='word_1_591' title='bbox 1340 5563 1498 5616; x_wconf 62' lang='grc' dir='ltr'>λμεις.</span> <span class='ocrx_word' id='word_1_592' title='bbox 1579 5563 1599 5575; x_wconf 69' lang='grc' dir='ltr'>ν</span> <span class='ocrx_word' id='word_1_593' title='bbox 1635 5563 1693 5598; x_wconf 86' lang='lat' dir='ltr'><strong>r.</strong></span> <span class='ocrx_word' id='word_1_594' title='bbox 1726 5563 1820 5598; x_wconf 85' lang='grc' dir='ltr'><strong>και</strong></span> 
     </span>
     <span class='ocr_line' id='line_1_78' title="bbox 1412 5615 1836 5678; baseline 0 -8"><span class='ocrx_word' id='word_1_595' title='bbox 1412 5619 1433 5648; x_wconf 84' lang='grc'>⁸</span> <span class='ocrx_word' id='word_1_596' title='bbox 1469 5615 1653 5670; x_wconf 82' lang='lat' dir='ltr'><strong>Matth.</strong></span> <span class='ocrx_word' id='word_1_597' title='bbox 1684 5630 1720 5678; x_wconf 90' lang='grc' dir='ltr'><strong>ι,</strong></span> <span class='ocrx_word' id='word_1_598' title='bbox 1746 5616 1836 5670; x_wconf 75' lang='lat'><strong>‘25.</strong></span> 
     </span>
    </p>
   </div>
   <div class='ocr_carea' id='block_1_78' title="bbox 519 5545 994 5612">
    <p class='ocr_par' dir='ltr' id='par_1_78' title="bbox 519 5545 994 5612">
     <span class='ocr_line' id='line_1_79' title="bbox 519 5545 994 5612; baseline -0.013 -9"><span class='ocrx_word' id='word_1_599' title='bbox 519 5551 534 5581; x_wconf 88' lang='grc'>¹</span> <span class='ocrx_word' id='word_1_600' title='bbox 564 5549 694 5603; x_wconf 79' lang='lat' dir='ltr'><strong>Cur.</strong></span> <span class='ocrx_word' id='word_1_601' title='bbox 730 5545 994 5612; x_wconf 79' lang='grc' dir='ltr'>ὑπόθιξιν.</span> 
     </span>
    </p>
   </div>
   <div class='ocr_carea' id='block_1_79' title="bbox 447 5615 1336 5682">
    <p class='ocr_par' dir='ltr' id='par_1_79' title="bbox 447 5615 1336 5682">
     <span class='ocr_line' id='line_1_80' title="bbox 447 5615 1336 5682; baseline -0.001 -12"><span class='ocrx_word' id='word_1_602' title='bbox 447 5619 607 5672; x_wconf 81' lang='lat' dir='ltr'><strong>‘Act.</strong></span> <span class='ocrx_word' id='word_1_603' title='bbox 634 5635 684 5681; x_wconf 85' lang='grc' dir='ltr'><strong>ν,</strong></span> <span class='ocrx_word' id='word_1_604' title='bbox 717 5618 802 5671; x_wconf 78' lang='grc'><strong>15.</strong></span> <span class='ocrx_word' id='word_1_605' title='bbox 880 5618 897 5646; x_wconf 87' lang='grc'><strong>⁷</strong></span> <span class='ocrx_word' id='word_1_606' title='bbox 942 5619 1060 5672; x_wconf 75' lang='lat' dir='ltr'><strong>Act.</strong></span> <span class='ocrx_word' id='word_1_607' title='bbox 1097 5633 1209 5682; x_wconf 72' lang='lat' dir='ltr'><strong>xui,</strong></span> <span class='ocrx_word' id='word_1_608' title='bbox 1252 5615 1336 5671; x_wconf 73' lang='lat'><strong>12.</strong></span> 
     </span>
    </p>
   </div>
   <div class='ocr_carea' id='block_1_80' title="bbox 450 5686 947 5749">
    <p class='ocr_par' dir='ltr' id='par_1_80' title="bbox 450 5686 947 5749">
     <span class='ocr_line' id='line_1_81' title="bbox 450 5686 947 5749; baseline -0.006 -6"><span class='ocrx_word' id='word_1_609' title='bbox 450 5688 494 5721; x_wconf 80' lang='lat'>&quot;</span> <span class='ocrx_word' id='word_1_610' title='bbox 523 5688 716 5743; x_wconf 76' lang='lat' dir='ltr'><strong>Matth.</strong></span> <span class='ocrx_word' id='word_1_611' title='bbox 745 5703 822 5749; x_wconf 71' lang='lat' dir='ltr'><strong>xc,</strong></span> <span class='ocrx_word' id='word_1_612' title='bbox 856 5686 947 5741; x_wconf 67' lang='lat'><strong>“28.</strong></span> 
     </span>
    </p>
   </div>
   <div class='ocr_carea' id='block_1_81' title="bbox 2072 5534 3050 5603">
    <p class='ocr_par' dir='ltr' id='par_1_81' title="bbox 2072 5534 3050 5603">
     <span class='ocr_line' id='line_1_82' title="bbox 2072 5534 3050 5603; baseline -0.012 -4"><span class='ocrx_word' id='word_1_613' title='bbox 2072 5545 2093 5575; x_wconf 79' lang='lat'><strong>&quot;</strong></span> <span class='ocrx_word' id='word_1_614' title='bbox 2131 5543 2290 5599; x_wconf 86' lang='lat' dir='ltr'><strong>Joan.</strong></span> <span class='ocrx_word' id='word_1_615' title='bbox 2323 5558 2434 5603; x_wconf 80' lang='lat' dir='ltr'><strong>mc,</strong></span> <span class='ocrx_word' id='word_1_616' title='bbox 2489 5539 2592 5599; x_wconf 66' lang='lat'><strong>24;</strong></span> <span class='ocrx_word' id='word_1_617' title='bbox 2621 5537 2767 5592; x_wconf 83' lang='lat' dir='ltr'><strong>Psal.</strong></span> <span class='ocrx_word' id='word_1_618' title='bbox 2818 5551 2932 5600; x_wconf 73' lang='lat' dir='ltr'><strong>XXI,</strong></span> <span class='ocrx_word' id='word_1_619' title='bbox 2969 5534 3050 5588; x_wconf 80' lang='grc'><strong>19.</strong></span> 
     </span>
    </p>
   </div>
   <div class='ocr_carea' id='block_1_82' title="bbox 1915 5613 2470 5684">
    <p class='ocr_par' dir='ltr' id='par_1_82' title="bbox 1915 5613 2470 5684">
     <span class='ocr_line' id='line_1_83' title="bbox 1915 5613 2470 5684; baseline -0.013 -15"><span class='ocrx_word' id='word_1_620' title='bbox 1915 5617 1935 5647; x_wconf 84' lang='grc'><strong>⁹</strong></span> <span class='ocrx_word' id='word_1_621' title='bbox 1960 5615 2144 5670; x_wconf 75' lang='lat' dir='ltr'><strong>Matth.</strong></span> <span class='ocrx_word' id='word_1_622' title='bbox 2172 5631 2230 5684; x_wconf 89' lang='grc' dir='ltr'><strong>ιι,</strong></span> <span class='ocrx_word' id='word_1_623' title='bbox 2267 5613 2328 5669; x_wconf 79' lang='grc'><strong>15</strong></span> <span class='ocrx_word' id='word_1_624' title='bbox 2350 5627 2470 5682; x_wconf 89' lang='lat' dir='ltr'><strong>sqq.</strong></span> 
     </span>
    </p>
   </div>
   <div class='ocr_carea' id='block_1_83' title="bbox 2127 2124 3704 2197">
    <p class='ocr_par' dir='ltr' id='par_1_83' title="bbox 2127 2124 3704 2197">
     <span class='ocr_line' id='line_1_84' title="bbox 2127 2124 3704 2197; baseline 0.003 -21"><span class='ocrx_word' id='word_1_625' title='bbox 2127 2124 2414 2194; x_wconf 88' lang='lat' dir='ltr'><strong>subturpia</strong></span> <span class='ocrx_word' id='word_1_626' title='bbox 2447 2125 2786 2196; x_wconf 82' lang='lat' dir='ltr'><strong>cogitatione</strong></span> <span class='ocrx_word' id='word_1_627' title='bbox 2820 2125 3089 2197; x_wconf 81' lang='lat' dir='ltr'><strong>fingentes</strong></span> <span class='ocrx_word' id='word_1_628' title='bbox 3117 2126 3168 2178; x_wconf 94' lang='lat' dir='ltr'><strong>in</strong></span> <span class='ocrx_word' id='word_1_629' title='bbox 3201 2125 3450 2179; x_wconf 84' lang='lat' dir='ltr'><strong>divinum</strong></span> <span class='ocrx_word' id='word_1_630' title='bbox 3500 2142 3704 2180; x_wconf 81' lang='lat' dir='ltr'><strong>nuuien</strong></span> 
     </span>
    </p>
   </div>
   <div class='ocr_carea' id='block_1_84' title="bbox 2126 2213 3706 2287">
    <p class='ocr_par' dir='ltr' id='par_1_84' title="bbox 2126 2213 3706 2287">
     <span class='ocr_line' id='line_1_85' title="bbox 2126 2213 3706 2287; baseline 0.003 -22"><span class='ocrx_word' id='word_1_631' title='bbox 2126 2213 2402 2268; x_wconf 86' lang='lat' dir='ltr'><strong>curiosius</strong></span> <span class='ocrx_word' id='word_1_632' title='bbox 2433 2214 2735 2284; x_wconf 85' lang='lat' dir='ltr'><strong>inquirere,</strong></span> <span class='ocrx_word' id='word_1_633' title='bbox 2767 2231 2892 2269; x_wconf 90' lang='lat' dir='ltr'><strong>cum</strong></span> <span class='ocrx_word' id='word_1_634' title='bbox 2936 2216 3004 2271; x_wconf 90' lang='lat' dir='ltr'><strong>de</strong></span> <span class='ocrx_word' id='word_1_635' title='bbox 3041 2216 3127 2270; x_wconf 91' lang='lat' dir='ltr'><strong>his</strong></span> <span class='ocrx_word' id='word_1_636' title='bbox 3174 2218 3362 2271; x_wconf 89' lang='lat' dir='ltr'><strong>nullus</strong></span> <span class='ocrx_word' id='word_1_637' title='bbox 3415 2218 3706 2287; x_wconf 84' lang='lat' dir='ltr'><strong>prOpheta,</strong></span> 
     </span>
    </p>
   </div>
   <div class='ocr_carea' id='block_1_85' title="bbox 2127 2307 3705 2379">
    <p class='ocr_par' dir='ltr' id='par_1_85' title="bbox 2127 2307 3705 2379">
     <span class='ocr_line' id='line_1_86' title="bbox 2127 2307 3705 2379; baseline 0.003 -20"><span class='ocrx_word' id='word_1_638' title='bbox 2127 2307 2208 2361; x_wconf 88' lang='lat' dir='ltr'><strong>vel</strong></span> <span class='ocrx_word' id='word_1_639' title='bbox 2237 2308 2592 2377; x_wconf 69' lang='lat' dir='ltr'><strong>evangelista,</strong></span> <span class='ocrx_word' id='word_1_640' title='bbox 2633 2310 2714 2362; x_wconf 89' lang='lat' dir='ltr'><strong>vel</strong></span> <span class='ocrx_word' id='word_1_641' title='bbox 2749 2311 3052 2379; x_wconf 88' lang='lat' dir='ltr'><strong>apostolus,</strong></span> <span class='ocrx_word' id='word_1_642' title='bbox 3099 2310 3180 2364; x_wconf 90' lang='lat' dir='ltr'><strong>vel</strong></span> <span class='ocrx_word' id='word_1_643' title='bbox 3228 2311 3455 2364; x_wconf 87' lang='lat' dir='ltr'><strong>alterius</strong></span> <span class='ocrx_word' id='word_1_644' title='bbox 3483 2311 3705 2378; x_wconf 83' lang='lat' dir='ltr'><strong>generis</strong></span> 
     </span>
    </p>
   </div>
   <div class='ocr_carea' id='block_1_86' title="bbox 2126 2399 3709 2468">
    <p class='ocr_par' dir='ltr' id='par_1_86' title="bbox 2126 2399 3709 2468">
     <span class='ocr_line' id='line_1_87' title="bbox 2126 2399 3709 2468; baseline -0.001 -15"><span class='ocrx_word' id='word_1_645' title='bbox 2126 2399 2366 2468; x_wconf 89' lang='lat' dir='ltr'><strong>scriptor</strong></span> <span class='ocrx_word' id='word_1_646' title='bbox 2403 2400 2686 2468; x_wconf 88' lang='lat' dir='ltr'><strong>disputare</strong></span> <span class='ocrx_word' id='word_1_647' title='bbox 2713 2400 2816 2454; x_wconf 91' lang='lat' dir='ltr'><strong>sibi</strong></span> <span class='ocrx_word' id='word_1_648' title='bbox 2845 2401 3220 2455; x_wconf 86' lang='lat' dir='ltr'><strong>necessarium</strong></span> <span class='ocrx_word' id='word_1_649' title='bbox 3247 2401 3503 2454; x_wconf 66' lang='lat' dir='ltr'><strong>(luxerit?</strong></span> <span class='ocrx_word' id='word_1_650' title='bbox 3529 2400 3709 2454; x_wconf 77' lang='lat' dir='ltr'><strong>Enim-</strong></span> 
     </span>
    </p>
   </div>
   <div class='ocr_carea' id='block_1_87' title="bbox 2127 2491 3706 2561">
    <p class='ocr_par' dir='ltr' id='par_1_87' title="bbox 2127 2491 3706 2561">
     <span class='ocr_line' id='line_1_88' title="bbox 2127 2491 3706 2561; baseline 0.001 -17"><span class='ocrx_word' id='word_1_651' title='bbox 2127 2505 2256 2546; x_wconf 84' lang='lat' dir='ltr'><strong>vero</strong></span> <span class='ocrx_word' id='word_1_652' title='bbox 2306 2491 2575 2561; x_wconf 86' lang='lat' dir='ltr'><strong>quidquid</strong></span> <span class='ocrx_word' id='word_1_653' title='bbox 2627 2492 2702 2546; x_wconf 91' lang='lat' dir='ltr'><strong>illi</strong></span> <span class='ocrx_word' id='word_1_654' title='bbox 2742 2501 2992 2554; x_wconf 88' lang='lat' dir='ltr'><strong>narrant,</strong></span> <span class='ocrx_word' id='word_1_655' title='bbox 3039 2508 3103 2546; x_wconf 89' lang='lat' dir='ltr'><strong>ac</strong></span> <span class='ocrx_word' id='word_1_656' title='bbox 3154 2493 3278 2547; x_wconf 85' lang='lat' dir='ltr'><strong>licet</strong></span> <span class='ocrx_word' id='word_1_657' title='bbox 3334 2493 3546 2546; x_wconf 81' lang='lat' dir='ltr'><strong>infinita</strong></span> <span class='ocrx_word' id='word_1_658' title='bbox 3601 2494 3706 2546; x_wconf 84' lang='lat' dir='ltr'><strong>alia</strong></span> 
     </span>
    </p>
   </div>
   <div class='ocr_carea' id='block_1_88' title="bbox 2128 2583 3707 2654">
    <p class='ocr_par' dir='ltr' id='par_1_88' title="bbox 2128 2583 3707 2654">
     <span class='ocr_line' id='line_1_89' title="bbox 2128 2583 3707 2654; baseline 0.001 -19"><span class='ocrx_word' id='word_1_659' title='bbox 2128 2591 2390 2652; x_wconf 71' lang='lat' dir='ltr'><strong>prmterea</strong></span> <span class='ocrx_word' id='word_1_660' title='bbox 2424 2583 2562 2638; x_wconf 86' lang='lat' dir='ltr'><strong>falsa</strong></span> <span class='ocrx_word' id='word_1_661' title='bbox 2593 2585 2713 2639; x_wconf 90' lang='lat' dir='ltr'><strong>sine</strong></span> <span class='ocrx_word' id='word_1_662' title='bbox 2749 2585 3005 2653; x_wconf 87' lang='lat' dir='ltr'><strong>opinione</strong></span> <span class='ocrx_word' id='word_1_663' title='bbox 3038 2584 3374 2654; x_wconf 82' lang='lat' dir='ltr'><strong>confingant,</strong></span> <span class='ocrx_word' id='word_1_664' title='bbox 3422 2599 3707 2654; x_wconf 85' lang='lat' dir='ltr'><strong>nunquam</strong></span> 
     </span>
    </p>
   </div>
   <div class='ocr_carea' id='block_1_89' title="bbox 2129 2674 3710 2745">
    <p class='ocr_par' dir='ltr' id='par_1_89' title="bbox 2129 2674 3710 2745">
     <span class='ocr_line' id='line_1_90' title="bbox 2129 2674 3710 2745; baseline 0.003 -20"><span class='ocrx_word' id='word_1_665' title='bbox 2129 2680 2308 2727; x_wconf 90' lang='lat' dir='ltr'><strong>tamen</strong></span> <span class='ocrx_word' id='word_1_666' title='bbox 2343 2674 2598 2728; x_wconf 86' lang='lat' dir='ltr'><strong>traditam</strong></span> <span class='ocrx_word' id='word_1_667' title='bbox 2629 2691 2658 2728; x_wconf 90' lang='lat' dir='ltr'><strong>a</strong></span> <span class='ocrx_word' id='word_1_668' title='bbox 2702 2675 3002 2745; x_wconf 82' lang='lat' dir='ltr'><strong>majoribus</strong></span> <span class='ocrx_word' id='word_1_669' title='bbox 3035 2677 3238 2730; x_wconf 82' lang='lat' dir='ltr'><strong>nostris</strong></span> <span class='ocrx_word' id='word_1_670' title='bbox 3273 2675 3450 2738; x_wconf 84' lang='lat' dir='ltr'><strong>fidem,</strong></span> <span class='ocrx_word' id='word_1_671' title='bbox 3488 2693 3610 2744; x_wconf 83' lang='lat' dir='ltr'><strong>qua:</strong></span> <span class='ocrx_word' id='word_1_672' title='bbox 3643 2677 3710 2730; x_wconf 90' lang='lat' dir='ltr'><strong>de</strong></span> 
     </span>
    </p>
   </div>
   <div class='ocr_carea' id='block_1_90' title="bbox 2127 2765 3707 2836">
    <p class='ocr_par' dir='ltr' id='par_1_90' title="bbox 2127 2765 3707 2836">
     <span class='ocr_line' id='line_1_91' title="bbox 2127 2765 3707 2836; baseline 0 -17"><span class='ocrx_word' id='word_1_673' title='bbox 2127 2765 2348 2821; x_wconf 86' lang='lat' dir='ltr'><strong>Christo</strong></span> <span class='ocrx_word' id='word_1_674' title='bbox 2383 2766 2601 2822; x_wconf 88' lang='lat' dir='ltr'><strong>sincere</strong></span> <span class='ocrx_word' id='word_1_675' title='bbox 2629 2767 2812 2820; x_wconf 86' lang='lat' dir='ltr'><strong>omnia</strong></span> <span class='ocrx_word' id='word_1_676' title='bbox 2841 2766 3126 2836; x_wconf 71' lang='lat' dir='ltr'><strong>przedicat,</strong></span> <span class='ocrx_word' id='word_1_677' title='bbox 3153 2776 3412 2836; x_wconf 89' lang='lat' dir='ltr'><strong>poterunt</strong></span> <span class='ocrx_word' id='word_1_678' title='bbox 3437 2776 3707 2822; x_wconf 85' lang='lat' dir='ltr'><strong>evertere.</strong></span> 
     </span>
    </p>
   </div>
   <div class='ocr_carea' id='block_1_91' title="bbox 2127 2859 3709 2932">
    <p class='ocr_par' dir='ltr' id='par_1_91' title="bbox 2127 2859 3709 2932">
     <span class='ocr_line' id='line_1_92' title="bbox 2127 2859 3709 2932; baseline -0.001 -16"><span class='ocrx_word' id='word_1_679' title='bbox 2127 2859 2384 2916; x_wconf 83' lang='lat' dir='ltr'><strong>Christus</strong></span> <span class='ocrx_word' id='word_1_680' title='bbox 2414 2862 2558 2916; x_wconf 90' lang='lat' dir='ltr'><strong>enim</strong></span> <span class='ocrx_word' id='word_1_681' title='bbox 2585 2878 2650 2916; x_wconf 86' lang='lat' dir='ltr'><strong>ex</strong></span> <span class='ocrx_word' id='word_1_682' title='bbox 2685 2860 2856 2914; x_wconf 83' lang='lat' dir='ltr'><strong>Maria</strong></span> <span class='ocrx_word' id='word_1_683' title='bbox 2894 2860 3116 2932; x_wconf 77' lang='lat' dir='ltr'><strong>Virgine</strong></span> <span class='ocrx_word' id='word_1_684' title='bbox 3150 2861 3454 2916; x_wconf 88' lang='lat' dir='ltr'><strong>secundum</strong></span> <span class='ocrx_word' id='word_1_685' title='bbox 3488 2877 3709 2914; x_wconf 86' lang='lat' dir='ltr'><strong>carnem</strong></span> 
     </span>
    </p>
   </div>
   <div class='ocr_carea' id='block_1_92' title="bbox 2128 2951 3709 3022">
    <p class='ocr_par' dir='ltr' id='par_1_92' title="bbox 2128 2951 3709 3022">
     <span class='ocr_line' id='line_1_93' title="bbox 2128 2951 3709 3022; baseline -0.003 -18"><span class='ocrx_word' id='word_1_686' title='bbox 2128 2967 2317 3005; x_wconf 78' lang='lat' dir='ltr'><strong>revera</strong></span> <span class='ocrx_word' id='word_1_687' title='bbox 2361 2952 2430 3006; x_wconf 90' lang='lat' dir='ltr'><strong>de</strong></span> <span class='ocrx_word' id='word_1_688' title='bbox 2475 2951 2681 3020; x_wconf 86' lang='lat' dir='ltr'><strong>Spiritu</strong></span> <span class='ocrx_word' id='word_1_689' title='bbox 2733 2961 2926 3007; x_wconf 87' lang='lat' dir='ltr'><strong>sancto</strong></span> <span class='ocrx_word' id='word_1_690' title='bbox 2968 2952 3185 3022; x_wconf 81' lang='lat' dir='ltr'><strong>genitus</strong></span> <span class='ocrx_word' id='word_1_691' title='bbox 3228 2958 3334 3005; x_wconf 88' lang='lat' dir='ltr'><strong>est.</strong></span> <span class='ocrx_word' id='word_1_692' title='bbox 3391 2952 3467 3004; x_wconf 82' lang='lat' dir='ltr'><strong>Ac</strong></span> <span class='ocrx_word' id='word_1_693' title='bbox 3523 2951 3709 3006; x_wconf 88' lang='lat' dir='ltr'><strong>statim</strong></span> 
     </span>
    </p>
   </div>
   <div class='ocr_carea' id='block_1_93' title="bbox 2128 3040 3710 3110">
    <p class='ocr_par' dir='ltr' id='par_1_93' title="bbox 2128 3040 3710 3110">
     <span class='ocr_line' id='line_1_94' title="bbox 2128 3040 3710 3110; baseline 0 -18"><span class='ocrx_word' id='word_1_694' title='bbox 2128 3049 2252 3110; x_wconf 82' lang='lat' dir='ltr'><strong>post</strong></span> <span class='ocrx_word' id='word_1_695' title='bbox 2295 3049 2510 3110; x_wconf 88' lang='lat' dir='ltr'><strong>partum</strong></span> <span class='ocrx_word' id='word_1_696' title='bbox 2566 3040 2910 3106; x_wconf 82' lang='lat' dir='ltr'><strong>Emmanuel,</strong></span> <span class='ocrx_word' id='word_1_697' title='bbox 2966 3042 3069 3097; x_wconf 90' lang='lat' dir='ltr'><strong>hoc</strong></span> <span class='ocrx_word' id='word_1_698' title='bbox 3116 3053 3200 3097; x_wconf 89' lang='lat' dir='ltr'><strong>est</strong></span> <span class='ocrx_word' id='word_1_699' title='bbox 3239 3040 3526 3095; x_wconf 82' lang='lat' dir='ltr'><strong>Nobiscum</strong></span> <span class='ocrx_word' id='word_1_700' title='bbox 3575 3041 3710 3093; x_wconf 70' lang='grc' dir='ltr'>υυιιε</span> 
     </span>
    </p>
   </div>
   <div class='ocr_carea' id='block_1_94' title="bbox 2131 3132 3709 3204">
    <p class='ocr_par' dir='ltr' id='par_1_94' title="bbox 2131 3132 3709 3204">
     <span class='ocr_line' id='line_1_95' title="bbox 2131 3132 3709 3204; baseline -0.001 -17"><span class='ocrx_word' id='word_1_701' title='bbox 2131 3135 2511 3204; x_wconf 64' lang='lat' dir='ltr'><strong>appellatur“;</strong></span> <span class='ocrx_word' id='word_1_702' title='bbox 2550 3150 2651 3189; x_wconf 89' lang='lat' dir='ltr'><strong>nec</strong></span> <span class='ocrx_word' id='word_1_703' title='bbox 2681 3135 2794 3204; x_wconf 86' lang='lat' dir='ltr'><strong>jam</strong></span> <span class='ocrx_word' id='word_1_704' title='bbox 2831 3134 3075 3189; x_wconf 89' lang='lat' dir='ltr'><strong>secundo</strong></span> <span class='ocrx_word' id='word_1_705' title='bbox 3107 3134 3372 3203; x_wconf 76' lang='lat' dir='ltr'><strong>gignitur.</strong></span> <span class='ocrx_word' id='word_1_706' title='bbox 3422 3132 3555 3187; x_wconf 82' lang='lat' dir='ltr'><strong>Post</strong></span> <span class='ocrx_word' id='word_1_707' title='bbox 3595 3133 3709 3186; x_wconf 79' lang='lat' dir='ltr'><strong>lia-c</strong></span> 
     </span>
    </p>
   </div>
   <div class='ocr_carea' id='block_1_95' title="bbox 2132 3224 3708 3298">
    <p class='ocr_par' dir='ltr' id='par_1_95' title="bbox 2132 3224 3708 3298">
     <span class='ocr_line' id='line_1_96' title="bbox 2132 3224 3708 3298; baseline -0.001 -19"><span class='ocrx_word' id='word_1_708' title='bbox 2132 3227 2314 3282; x_wconf 84' lang='lat' dir='ltr'><strong>infans</strong></span> <span class='ocrx_word' id='word_1_709' title='bbox 2347 3229 2400 3280; x_wconf 92' lang='lat' dir='ltr'><strong>in</strong></span> <span class='ocrx_word' id='word_1_710' title='bbox 2434 3225 2729 3298; x_wconf 59' lang='lat' dir='ltr'><strong>{Egyptum</strong></span> <span class='ocrx_word' id='word_1_711' title='bbox 2775 3242 2900 3281; x_wconf 88' lang='lat' dir='ltr'><strong>cum</strong></span> <span class='ocrx_word' id='word_1_712' title='bbox 2944 3227 3184 3296; x_wconf 80' lang='lat' dir='ltr'><strong>Josepho</strong></span> <span class='ocrx_word' id='word_1_713' title='bbox 3228 3241 3293 3279; x_wconf 88' lang='lat' dir='ltr'><strong>ac</strong></span> <span class='ocrx_word' id='word_1_714' title='bbox 3323 3224 3492 3278; x_wconf 79' lang='lat' dir='ltr'><strong>Maria</strong></span> <span class='ocrx_word' id='word_1_715' title='bbox 3529 3231 3708 3277; x_wconf 83' lang='lat' dir='ltr'><strong>trans-</strong></span> 
     </span>
    </p>
   </div>
   <div class='ocr_carea' id='block_1_96' title="bbox 2135 3314 3708 3387">
    <p class='ocr_par' dir='ltr' id='par_1_96' title="bbox 2135 3314 3708 3387">
     <span class='ocr_line' id='line_1_97' title="bbox 2135 3314 3708 3387; baseline -0.001 -19"><span class='ocrx_word' id='word_1_716' title='bbox 2135 3315 2290 3386; x_wconf 85' lang='lat' dir='ltr'><strong>fugit,</strong></span> <span class='ocrx_word' id='word_1_717' title='bbox 2322 3317 2583 3386; x_wconf 88' lang='lat' dir='ltr'><strong>quoniam</strong></span> <span class='ocrx_word' id='word_1_718' title='bbox 2616 3318 2932 3387; x_wconf 69' lang='lat' dir='ltr'><strong>qua&#39;rcbant</strong></span> <span class='ocrx_word' id='word_1_719' title='bbox 2961 3317 3196 3370; x_wconf 86' lang='lat' dir='ltr'><strong>animam</strong></span> <span class='ocrx_word' id='word_1_720' title='bbox 3231 3316 3381 3386; x_wconf 76' lang='lat' dir='ltr'><strong>pueri</strong></span> <span class='ocrx_word' id='word_1_721' title='bbox 3405 3317 3448 3376; x_wconf 68' lang='grc'>³,</span> <span class='ocrx_word' id='word_1_722' title='bbox 3489 3323 3546 3368; x_wconf 82' lang='grc' dir='ltr'><strong>ιιι</strong></span> <span class='ocrx_word' id='word_1_723' title='bbox 3574 3314 3708 3367; x_wconf 87' lang='lat' dir='ltr'><strong>illud</strong></span> 
     </span>
    </p>
   </div>
   <div class='ocr_carea' id='block_1_97' title="bbox 2133 3403 3708 3476">
    <p class='ocr_par' dir='ltr' id='par_1_97' title="bbox 2133 3403 3708 3476">
     <span class='ocr_line' id='line_1_98' title="bbox 2133 3403 3708 3476; baseline -0.004 -17"><span class='ocrx_word' id='word_1_724' title='bbox 2133 3418 2455 3476; x_wconf 84' lang='lat' dir='ltr'><strong>argumento</strong></span> <span class='ocrx_word' id='word_1_725' title='bbox 2483 3408 2554 3463; x_wconf 90' lang='lat' dir='ltr'><strong>sit</strong></span> <span class='ocrx_word' id='word_1_726' title='bbox 2587 3408 2739 3462; x_wconf 91' lang='lat' dir='ltr'><strong>illum</strong></span> <span class='ocrx_word' id='word_1_727' title='bbox 2770 3409 2822 3462; x_wconf 88' lang='lat' dir='ltr'><strong>in</strong></span> <span class='ocrx_word' id='word_1_728' title='bbox 2855 3424 3021 3463; x_wconf 86' lang='lat' dir='ltr'><strong>carne</strong></span> <span class='ocrx_word' id='word_1_729' title='bbox 3063 3408 3245 3463; x_wconf 90' lang='lat' dir='ltr'><strong>necari</strong></span> <span class='ocrx_word' id='word_1_730' title='bbox 3293 3407 3558 3476; x_wconf 83' lang='lat' dir='ltr'><strong>potuisse.</strong></span> <span class='ocrx_word' id='word_1_731' title='bbox 3606 3403 3708 3458; x_wconf 77' lang='lat' dir='ltr'><strong>Ve-</strong></span> 
     </span>
    </p>
   </div>
   <div class='ocr_carea' id='block_1_98' title="bbox 2132 3493 3710 3569">
    <p class='ocr_par' dir='ltr' id='par_1_98' title="bbox 2132 3493 3710 3569">
     <span class='ocr_line' id='line_1_99' title="bbox 2132 3493 3710 3569; baseline -0.002 -17"><span class='ocrx_word' id='word_1_732' title='bbox 2132 3513 2254 3552; x_wconf 88' lang='lat' dir='ltr'><strong>rum</strong></span> <span class='ocrx_word' id='word_1_733' title='bbox 2292 3512 2324 3552; x_wconf 87' lang='lat' dir='ltr'><strong>a</strong></span> <span class='ocrx_word' id='word_1_734' title='bbox 2359 3499 2532 3569; x_wconf 74' lang='lat' dir='ltr'><strong>magis</strong></span> <span class='ocrx_word' id='word_1_735' title='bbox 2578 3499 2842 3556; x_wconf 89' lang='lat' dir='ltr'><strong>adoratus</strong></span> <span class='ocrx_word' id='word_1_736' title='bbox 2892 3507 2998 3566; x_wconf 87' lang='lat' dir='ltr'><strong>est,</strong></span> <span class='ocrx_word' id='word_1_737' title='bbox 3053 3507 3314 3568; x_wconf 89' lang='lat' dir='ltr'><strong>tanquam</strong></span> <span class='ocrx_word' id='word_1_738' title='bbox 3353 3512 3514 3550; x_wconf 88' lang='lat' dir='ltr'><strong>verus</strong></span> <span class='ocrx_word' id='word_1_739' title='bbox 3566 3493 3710 3549; x_wconf 86' lang='lat' dir='ltr'><strong>Deus</strong></span> 
     </span>
    </p>
   </div>
   <div class='ocr_carea' id='block_1_99' title="bbox 2130 3589 3709 3663">
    <p class='ocr_par' dir='ltr' id='par_1_99' title="bbox 2130 3589 3709 3663">
     <span class='ocr_line' id='line_1_100' title="bbox 2130 3589 3709 3663; baseline -0.004 -17"><span class='ocrx_word' id='word_1_740' title='bbox 2130 3607 2300 3648; x_wconf 89' lang='lat' dir='ltr'><strong>carne</strong></span> <span class='ocrx_word' id='word_1_741' title='bbox 2331 3607 2472 3662; x_wconf 81' lang='lat' dir='ltr'><strong>Ipsa,</strong></span> <span class='ocrx_word' id='word_1_742' title='bbox 2511 3607 2622 3648; x_wconf 87' lang='lat' dir='ltr'><strong>non</strong></span> <span class='ocrx_word' id='word_1_743' title='bbox 2670 3592 2789 3648; x_wconf 89' lang='lat' dir='ltr'><strong>sola</strong></span> <span class='ocrx_word' id='word_1_744' title='bbox 2833 3591 3018 3663; x_wconf 88' lang='lat' dir='ltr'><strong>specie</strong></span> <span class='ocrx_word' id='word_1_745' title='bbox 3054 3589 3584 3657; x_wconf 86' lang='lat' dir='ltr'><strong>adumbrationeque</strong></span> <span class='ocrx_word' id='word_1_746' title='bbox 3615 3603 3709 3640; x_wconf 86' lang='lat' dir='ltr'><strong>na-</strong></span> 
     </span>
    </p>
   </div>
   <div class='ocr_carea' id='block_1_100' title="bbox 2131 3679 3708 3756">
    <p class='ocr_par' dir='ltr' id='par_1_100' title="bbox 2131 3679 3708 3756">
     <span class='ocr_line' id='line_1_101' title="bbox 2131 3679 3708 3756; baseline -0.005 -16"><span class='ocrx_word' id='word_1_747' title='bbox 2131 3693 2240 3742; x_wconf 89' lang='lat' dir='ltr'><strong>tus.</strong></span> <span class='ocrx_word' id='word_1_748' title='bbox 2269 3684 2474 3742; x_wconf 88' lang='lat' dir='ltr'><strong>Deinde</strong></span> <span class='ocrx_word' id='word_1_749' title='bbox 2502 3700 2627 3741; x_wconf 91' lang='lat' dir='ltr'><strong>cum</strong></span> <span class='ocrx_word' id='word_1_750' title='bbox 2660 3700 2728 3741; x_wconf 78' lang='lat' dir='ltr'><strong>ex</strong></span> <span class='ocrx_word' id='word_1_751' title='bbox 2749 3683 2987 3756; x_wconf 66' lang='lat' dir='ltr'><strong>Egypto</strong></span> <span class='ocrx_word' id='word_1_752' title='bbox 3013 3683 3354 3747; x_wconf 83' lang='lat' dir='ltr'><strong>revertisset,</strong></span> <span class='ocrx_word' id='word_1_753' title='bbox 3381 3679 3708 3735; x_wconf 82' lang='lat' dir='ltr'><strong>Archelaum</strong></span> 
     </span>
    </p>
   </div>
   <div class='ocr_carea' id='block_1_101' title="bbox 2130 3771 3709 3850">
    <p class='ocr_par' dir='ltr' id='par_1_101' title="bbox 2130 3771 3709 3850">
     <span class='ocr_line' id='line_1_102' title="bbox 2130 3771 3709 3850; baseline -0.006 -17"><span class='ocrx_word' id='word_1_754' title='bbox 2130 3779 2312 3834; x_wconf 85' lang='lat' dir='ltr'><strong>adhuc</strong></span> <span class='ocrx_word' id='word_1_755' title='bbox 2343 3787 2621 3834; x_wconf 90' lang='lat' dir='ltr'><strong>metuente</strong></span> <span class='ocrx_word' id='word_1_756' title='bbox 2644 3776 2909 3850; x_wconf 82' lang='lat' dir='ltr'><strong>Josepho,</strong></span> <span class='ocrx_word' id='word_1_757' title='bbox 2943 3776 3376 3846; x_wconf 81' lang='lat' dir='ltr'><strong>Hierosolymam</strong></span> <span class='ocrx_word' id='word_1_758' title='bbox 3415 3787 3525 3827; x_wconf 92' lang='lat' dir='ltr'><strong>non</strong></span> <span class='ocrx_word' id='word_1_759' title='bbox 3552 3771 3709 3835; x_wconf 87' lang='lat' dir='ltr'><strong>adiit,</strong></span> 
     </span>
    </p>
   </div>
   <div class='ocr_carea' id='block_1_102' title="bbox 2130 3867 3710 3943">
    <p class='ocr_par' dir='ltr' id='par_1_102' title="bbox 2130 3867 3710 3943">
     <span class='ocr_line' id='line_1_103' title="bbox 2130 3867 3710 3943; baseline -0.006 -16"><span class='ocrx_word' id='word_1_760' title='bbox 2130 3879 2319 3943; x_wconf 89' lang='lat' dir='ltr'><strong>utpote</strong></span> <span class='ocrx_word' id='word_1_761' title='bbox 2343 3887 2469 3926; x_wconf 89' lang='lat' dir='ltr'><strong>cum</strong></span> <span class='ocrx_word' id='word_1_762' title='bbox 2498 3879 2553 3926; x_wconf 89' lang='lat' dir='ltr'><strong>et</strong></span> <span class='ocrx_word' id='word_1_763' title='bbox 2593 3870 2776 3927; x_wconf 81' lang='lat' dir='ltr'><strong>infans</strong></span> <span class='ocrx_word' id='word_1_764' title='bbox 2813 3867 3207 3941; x_wconf 75' lang='lat' dir='ltr'><strong>camprehendi</strong></span> <span class='ocrx_word' id='word_1_765' title='bbox 3249 3875 3451 3936; x_wconf 89' lang='lat' dir='ltr'><strong>posset,</strong></span> <span class='ocrx_word' id='word_1_766' title='bbox 3484 3874 3540 3919; x_wconf 86' lang='lat' dir='ltr'><strong>et</strong></span> <span class='ocrx_word' id='word_1_767' title='bbox 3584 3870 3710 3918; x_wconf 84' lang='lat' dir='ltr'><strong>ante</strong></span> 
     </span>
    </p>
   </div>
   <div class='ocr_carea' id='block_1_103' title="bbox 2129 3956 3708 4034">
    <p class='ocr_par' dir='ltr' id='par_1_103' title="bbox 2129 3956 3708 4034">
     <span class='ocr_line' id='line_1_104' title="bbox 2129 3956 3708 4034; baseline -0.006 -15"><span class='ocrx_word' id='word_1_768' title='bbox 2129 3973 2348 4034; x_wconf 89' lang='lat' dir='ltr'><strong>tempus</strong></span> <span class='ocrx_word' id='word_1_769' title='bbox 2382 3964 2437 4018; x_wconf 92' lang='lat' dir='ltr'><strong>in</strong></span> <span class='ocrx_word' id='word_1_770' title='bbox 2474 3979 2642 4018; x_wconf 89' lang='lat' dir='ltr'><strong>carne</strong></span> <span class='ocrx_word' id='word_1_771' title='bbox 2670 3963 2898 4034; x_wconf 89' lang='lat' dir='ltr'><strong>perpeti,</strong></span> <span class='ocrx_word' id='word_1_772' title='bbox 2933 3977 3055 4031; x_wconf 69' lang='lat' dir='ltr'><strong>qua:</strong></span> <span class='ocrx_word' id='word_1_773' title='bbox 3086 3967 3204 4015; x_wconf 91' lang='lat' dir='ltr'><strong>erat</strong></span> <span class='ocrx_word' id='word_1_774' title='bbox 3243 3956 3536 4027; x_wconf 87' lang='lat' dir='ltr'><strong>aliquando</strong></span> <span class='ocrx_word' id='word_1_775' title='bbox 3581 3971 3708 4026; x_wconf 88' lang='lat' dir='ltr'><strong>pas-</strong></span> 
     </span>
    </p>
   </div>
   <div class='ocr_carea' id='block_1_104' title="bbox 2129 4050 3707 4121">
    <p class='ocr_par' dir='ltr' id='par_1_104' title="bbox 2129 4050 3707 4121">
     <span class='ocr_line' id='line_1_105' title="bbox 2129 4050 3707 4121; baseline -0.009 -9"><span class='ocrx_word' id='word_1_776' title='bbox 2129 4072 2314 4112; x_wconf 87' lang='lat' dir='ltr'><strong>surus.</strong></span> <span class='ocrx_word' id='word_1_777' title='bbox 2371 4055 2571 4110; x_wconf 82' lang='lat' dir='ltr'><strong>Praeter</strong></span> <span class='ocrx_word' id='word_1_778' title='bbox 2611 4055 2726 4109; x_wconf 62' lang='lat' dir='ltr'><strong>hate</strong></span> <span class='ocrx_word' id='word_1_779' title='bbox 2766 4069 2795 4107; x_wconf 90' lang='lat' dir='ltr'><strong>a</strong></span> <span class='ocrx_word' id='word_1_780' title='bbox 2827 4052 3036 4107; x_wconf 88' lang='lat' dir='ltr'><strong>Joanne</strong></span> <span class='ocrx_word' id='word_1_781' title='bbox 3082 4050 3392 4121; x_wconf 86' lang='lat' dir='ltr'><strong>prohibitus</strong></span> <span class='ocrx_word' id='word_1_782' title='bbox 3435 4056 3540 4114; x_wconf 88' lang='lat' dir='ltr'><strong>est,</strong></span> <span class='ocrx_word' id='word_1_783' title='bbox 3581 4061 3707 4100; x_wconf 89' lang='lat' dir='ltr'><strong>cum</strong></span> 
     </span>
    </p>
   </div>
   <div class='ocr_carea' id='block_1_105' title="bbox 2135 4136 3709 4213">
    <p class='ocr_par' dir='ltr' id='par_1_105' title="bbox 2135 4136 3709 4213">
     <span class='ocr_line' id='line_1_106' title="bbox 2135 4136 3709 4213; baseline -0.013 -3"><span class='ocrx_word' id='word_1_784' title='bbox 2135 4151 2417 4213; x_wconf 86' lang='lat' dir='ltr'><strong>dominum</strong></span> <span class='ocrx_word' id='word_1_785' title='bbox 2467 4161 2660 4200; x_wconf 88' lang='lat' dir='ltr'><strong>servus</strong></span> <span class='ocrx_word' id='word_1_786' title='bbox 2701 4144 3039 4213; x_wconf 84' lang='lat' dir='ltr'><strong>agnovisset,</strong></span> <span class='ocrx_word' id='word_1_787' title='bbox 3075 4142 3242 4195; x_wconf 87' lang='lat' dir='ltr'><strong>Deum</strong></span> <span class='ocrx_word' id='word_1_788' title='bbox 3291 4155 3416 4194; x_wconf 85' lang='lat' dir='ltr'><strong>esse</strong></span> <span class='ocrx_word' id='word_1_789' title='bbox 3470 4136 3709 4191; x_wconf 86' lang='lat' dir='ltr'><strong>hominis</strong></span> 
     </span>
    </p>
   </div>
   <div class='ocr_carea' id='block_1_106' title="bbox 2130 4230 3708 4306">
    <p class='ocr_par' dir='ltr' id='par_1_106' title="bbox 2130 4230 3708 4306">
     <span class='ocr_line' id='line_1_107' title="bbox 2130 4230 3708 4306; baseline -0.009 -12"><span class='ocrx_word' id='word_1_790' title='bbox 2130 4248 2329 4295; x_wconf 82' lang='lat' dir='ltr'><strong>natura</strong></span> <span class='ocrx_word' id='word_1_791' title='bbox 2364 4253 2554 4294; x_wconf 85' lang='lat' dir='ltr'><strong>revera</strong></span> <span class='ocrx_word' id='word_1_792' title='bbox 2597 4237 2879 4306; x_wconf 73' lang='lat' dir='ltr'><strong>przeditum</strong></span> <span class='ocrx_word' id='word_1_793' title='bbox 2911 4234 2976 4292; x_wconf 80' lang='lat'><strong>‘°.</strong></span> <span class='ocrx_word' id='word_1_794' title='bbox 3011 4235 3079 4287; x_wconf 86' lang='lat' dir='ltr'><strong>At</strong></span> <span class='ocrx_word' id='word_1_795' title='bbox 3109 4234 3154 4287; x_wconf 93' lang='lat' dir='ltr'><strong>is</strong></span> <span class='ocrx_word' id='word_1_796' title='bbox 3187 4233 3430 4286; x_wconf 89' lang='lat' dir='ltr'><strong>habitum</strong></span> <span class='ocrx_word' id='word_1_797' title='bbox 3467 4231 3568 4286; x_wconf 88' lang='lat' dir='ltr'><strong>sibi</strong></span> <span class='ocrx_word' id='word_1_798' title='bbox 3612 4230 3708 4283; x_wconf 78' lang='lat' dir='ltr'><strong>ho—</strong></span> 
     </span>
    </p>
   </div>
   <div class='ocr_carea' id='block_1_107' title="bbox 2130 4321 3707 4398">
    <p class='ocr_par' dir='ltr' id='par_1_107' title="bbox 2130 4321 3707 4398">
     <span class='ocr_line' id='line_1_108' title="bbox 2130 4321 3707 4398; baseline -0.008 -12"><span class='ocrx_word' id='word_1_799' title='bbox 2130 4347 2320 4387; x_wconf 90' lang='lat' dir='ltr'><strong>norem</strong></span> <span class='ocrx_word' id='word_1_800' title='bbox 2371 4347 2400 4384; x_wconf 85' lang='lat' dir='ltr'><strong>a</strong></span> <span class='ocrx_word' id='word_1_801' title='bbox 2451 4344 2608 4385; x_wconf 86' lang='lat' dir='ltr'><strong>servo</strong></span> <span class='ocrx_word' id='word_1_802' title='bbox 2638 4330 2693 4382; x_wconf 92' lang='lat' dir='ltr'><strong>in</strong></span> <span class='ocrx_word' id='word_1_803' title='bbox 2722 4343 2787 4382; x_wconf 92' lang='lat' dir='ltr'><strong>eo</strong></span> <span class='ocrx_word' id='word_1_804' title='bbox 2821 4342 3018 4398; x_wconf 82' lang='lat' dir='ltr'><strong>genere</strong></span> <span class='ocrx_word' id='word_1_805' title='bbox 3051 4325 3373 4379; x_wconf 87' lang='lat' dir='ltr'><strong>detrectavit</strong></span> <span class='ocrx_word' id='word_1_806' title='bbox 3404 4338 3618 4376; x_wconf 91' lang='lat' dir='ltr'><strong>omnem</strong></span> <span class='ocrx_word' id='word_1_807' title='bbox 3654 4321 3707 4374; x_wconf 91' lang='lat' dir='ltr'><strong>in</strong></span> 
     </span>
    </p>
   </div>
   <div class='ocr_carea' id='block_1_108' title="bbox 2129 4413 3707 4487">
    <p class='ocr_par' dir='ltr' id='par_1_108' title="bbox 2129 4413 3707 4487">
     <span class='ocr_line' id='line_1_109' title="bbox 2129 4413 3707 4487; baseline -0.01 -7"><span class='ocrx_word' id='word_1_808' title='bbox 2129 4439 2296 4481; x_wconf 88' lang='lat' dir='ltr'><strong>carne</strong></span> <span class='ocrx_word' id='word_1_809' title='bbox 2333 4438 2398 4478; x_wconf 65' lang='lat' dir='ltr'><strong>ea</strong></span> <span class='ocrx_word' id='word_1_810' title='bbox 2436 4421 2511 4476; x_wconf 87' lang='lat' dir='ltr'><strong>rei</strong></span> <span class='ocrx_word' id='word_1_811' title='bbox 2561 4421 2810 4484; x_wconf 85' lang='lat' dir='ltr'><strong>veritate,</strong></span> <span class='ocrx_word' id='word_1_812' title='bbox 2848 4427 2906 4473; x_wconf 92' lang='lat' dir='ltr'><strong>ut</strong></span> <span class='ocrx_word' id='word_1_813' title='bbox 2953 4418 3007 4472; x_wconf 92' lang='lat' dir='ltr'><strong>in</strong></span> <span class='ocrx_word' id='word_1_814' title='bbox 3053 4417 3293 4487; x_wconf 79' lang='lat' dir='ltr'><strong>perfecta</strong></span> <span class='ocrx_word' id='word_1_815' title='bbox 3343 4413 3580 4470; x_wconf 89' lang='lat' dir='ltr'><strong>hominis</strong></span> <span class='ocrx_word' id='word_1_816' title='bbox 3611 4430 3707 4466; x_wconf 87' lang='lat' dir='ltr'><strong>na-</strong></span> 
     </span>
    </p>
   </div>
   <div class='ocr_carea' id='block_1_109' title="bbox 2129 4502 3708 4584">
    <p class='ocr_par' dir='ltr' id='par_1_109' title="bbox 2129 4502 3708 4584">
     <span class='ocr_line' id='line_1_110' title="bbox 2129 4502 3708 4584; baseline -0.009 -13"><span class='ocrx_word' id='word_1_817' title='bbox 2129 4525 2252 4571; x_wconf 88' lang='lat' dir='ltr'><strong>tura</strong></span> <span class='ocrx_word' id='word_1_818' title='bbox 2292 4513 2562 4584; x_wconf 87' lang='lat' dir='ltr'><strong>justitiam</strong></span> <span class='ocrx_word' id='word_1_819' title='bbox 2609 4511 2876 4581; x_wconf 84' lang='lat' dir='ltr'><strong>impleret.</strong></span> <span class='ocrx_word' id='word_1_820' title='bbox 2920 4508 3036 4575; x_wconf 86' lang='lat' dir='ltr'><strong>Qua</strong></span> <span class='ocrx_word' id='word_1_821' title='bbox 3074 4508 3126 4560; x_wconf 92' lang='lat' dir='ltr'><strong>in</strong></span> <span class='ocrx_word' id='word_1_822' title='bbox 3157 4522 3214 4560; x_wconf 89' lang='lat' dir='ltr'><strong>re</strong></span> <span class='ocrx_word' id='word_1_823' title='bbox 3258 4505 3500 4559; x_wconf 87' lang='lat' dir='ltr'><strong>salutare</strong></span> <span class='ocrx_word' id='word_1_824' title='bbox 3548 4502 3708 4556; x_wconf 77' lang='lat' dir='ltr'><strong>nobis</strong></span> 
     </span>
    </p>
   </div>
   <div class='ocr_carea' id='block_1_110' title="bbox 2129 4595 3707 4678">
    <p class='ocr_par' dir='ltr' id='par_1_110' title="bbox 2129 4595 3707 4678">
     <span class='ocr_line' id='line_1_111' title="bbox 2129 4595 3707 4678; baseline -0.013 -12"><span class='ocrx_word' id='word_1_825' title='bbox 2129 4607 2442 4678; x_wconf 76' lang='lat' dir='ltr'><strong>exemplum</strong></span> <span class='ocrx_word' id='word_1_826' title='bbox 2473 4605 2713 4673; x_wconf 88' lang='lat' dir='ltr'><strong>reliquit.</strong></span> <span class='ocrx_word' id='word_1_827' title='bbox 2748 4601 2892 4667; x_wconf 84' lang='lat' dir='ltr'><strong>Quin</strong></span> <span class='ocrx_word' id='word_1_828' title='bbox 2918 4601 3081 4655; x_wconf 90' lang='lat' dir='ltr'><strong>etiam</strong></span> <span class='ocrx_word' id='word_1_829' title='bbox 3116 4614 3243 4653; x_wconf 86' lang='lat' dir='ltr'><strong>vere</strong></span> <span class='ocrx_word' id='word_1_830' title='bbox 3283 4596 3351 4652; x_wconf 90' lang='lat' dir='ltr'><strong>de</strong></span> <span class='ocrx_word' id='word_1_831' title='bbox 3391 4597 3479 4650; x_wconf 91' lang='lat' dir='ltr'><strong>via</strong></span> <span class='ocrx_word' id='word_1_832' title='bbox 3513 4595 3707 4664; x_wconf 84' lang='lat' dir='ltr'><strong>fatiga-</strong></span> 
     </span>
    </p>
   </div>
   <div class='ocr_carea' id='block_1_111' title="bbox 2063 4682 3709 4770">
    <p class='ocr_par' dir='ltr' id='par_1_111' title="bbox 2063 4682 3709 4770">
     <span class='ocr_line' id='line_1_112' title="bbox 2063 4682 3709 4770; baseline -0.009 -18"><span class='ocrx_word' id='word_1_833' title='bbox 2063 4716 2104 4770; x_wconf 82' lang='grc' dir='ltr'>ι)</span> <span class='ocrx_word' id='word_1_834' title='bbox 2132 4682 2222 4752; x_wconf 73' lang='lat' dir='ltr'><strong>tus</strong></span> <span class='ocrx_word' id='word_1_835' title='bbox 2247 4706 2351 4761; x_wconf 90' lang='lat' dir='ltr'><strong>est,</strong></span> <span class='ocrx_word' id='word_1_836' title='bbox 2378 4709 2479 4750; x_wconf 91' lang='lat' dir='ltr'><strong>nec</strong></span> <span class='ocrx_word' id='word_1_837' title='bbox 2512 4693 2768 4764; x_wconf 82' lang='lat' dir='ltr'><strong>fatigatus</strong></span> <span class='ocrx_word' id='word_1_838' title='bbox 2793 4691 2976 4754; x_wconf 91' lang='lat' dir='ltr'><strong>modo,</strong></span> <span class='ocrx_word' id='word_1_839' title='bbox 3019 4689 3112 4745; x_wconf 92' lang='lat' dir='ltr'><strong>sed</strong></span> <span class='ocrx_word' id='word_1_840' title='bbox 3139 4689 3302 4743; x_wconf 90' lang='lat' dir='ltr'><strong>etiam</strong></span> <span class='ocrx_word' id='word_1_841' title='bbox 3336 4703 3444 4757; x_wconf 74' lang='lat' dir='ltr'><strong>pra:</strong></span> <span class='ocrx_word' id='word_1_842' title='bbox 3487 4686 3709 4740; x_wconf 88' lang='lat' dir='ltr'><strong>lassitu-</strong></span> 
     </span>
    </p>
   </div>
   <div class='ocr_carea' id='block_1_112' title="bbox 2129 4778 3709 4853">
    <p class='ocr_par' dir='ltr' id='par_1_112' title="bbox 2129 4778 3709 4853">
     <span class='ocr_line' id='line_1_113' title="bbox 2129 4778 3709 4853; baseline -0.01 -9"><span class='ocrx_word' id='word_1_843' title='bbox 2129 4791 2258 4844; x_wconf 90' lang='lat' dir='ltr'><strong>dine</strong></span> <span class='ocrx_word' id='word_1_844' title='bbox 2301 4787 2504 4843; x_wconf 89' lang='lat' dir='ltr'><strong>resedit</strong></span> <span class='ocrx_word' id='word_1_845' title='bbox 2535 4787 2597 4839; x_wconf 84' lang='lat'><strong>“.</strong></span> <span class='ocrx_word' id='word_1_846' title='bbox 2631 4784 2712 4839; x_wconf 89' lang='lat' dir='ltr'><strong>Ad</strong></span> <span class='ocrx_word' id='word_1_847' title='bbox 2754 4783 2867 4838; x_wconf 65' lang='lat' dir='ltr'><strong>liaic</strong></span> <span class='ocrx_word' id='word_1_848' title='bbox 2896 4786 3152 4853; x_wconf 89' lang='lat' dir='ltr'><strong>quoniam</strong></span> <span class='ocrx_word' id='word_1_849' title='bbox 3183 4797 3290 4835; x_wconf 91' lang='lat' dir='ltr'><strong>non</strong></span> <span class='ocrx_word' id='word_1_850' title='bbox 3323 4781 3443 4834; x_wconf 81' lang='lat' dir='ltr'><strong>ficte</strong></span> <span class='ocrx_word' id='word_1_851' title='bbox 3474 4778 3709 4832; x_wconf 84' lang='lat' dir='ltr'><strong>hominis</strong></span> 
     </span>
    </p>
   </div>
   <div class='ocr_carea' id='block_1_113' title="bbox 2130 4868 3702 4945">
    <p class='ocr_par' dir='ltr' id='par_1_113' title="bbox 2130 4868 3702 4945">
     <span class='ocr_line' id='line_1_114' title="bbox 2130 4868 3702 4945; baseline -0.008 -13"><span class='ocrx_word' id='word_1_852' title='bbox 2130 4888 2382 4932; x_wconf 88' lang='lat' dir='ltr'><strong>naturam</strong></span> <span class='ocrx_word' id='word_1_853' title='bbox 2471 4881 2827 4945; x_wconf 89' lang='lat' dir='ltr'><strong>susceperat,</strong></span> <span class='ocrx_word' id='word_1_854' title='bbox 2890 4880 3149 4927; x_wconf 86' lang='lat' dir='ltr'><strong>contenta</strong></span> <span class='ocrx_word' id='word_1_855' title='bbox 3205 4888 3336 4925; x_wconf 89' lang='lat' dir='ltr'><strong>voce</strong></span> <span class='ocrx_word' id='word_1_856' title='bbox 3405 4868 3702 4923; x_wconf 87' lang='lat' dir='ltr'><strong>clamavit:</strong></span> 
     </span>
    </p>
   </div>
   <div class='ocr_carea' id='block_1_114' title="bbox 2134 4962 3705 5040">
    <p class='ocr_par' dir='ltr' id='par_1_114' title="bbox 2134 4962 3705 5040">
     <span class='ocr_line' id='line_1_115' title="bbox 2134 4962 3705 5040; baseline -0.008 -15"><span class='ocrx_word' id='word_1_857' title='bbox 2134 4971 2345 5040; x_wconf 80' lang='grc'>1012</span> <span class='ocrx_word' id='word_1_858' title='bbox 2399 4968 2597 5031; x_wconf 80' lang='lat' dir='ltr'><strong>Venite,</strong></span> <span class='ocrx_word' id='word_1_859' title='bbox 2627 4983 2802 5021; x_wconf 85' lang='lat' dir='ltr'><strong>omnes</strong></span> <span class='ocrx_word' id='word_1_860' title='bbox 2831 4966 2921 5037; x_wconf 82' lang='lat' dir='ltr'><strong>qui</strong></span> <span class='ocrx_word' id='word_1_861' title='bbox 2948 4965 3204 5019; x_wconf 82' lang='lat' dir='ltr'><strong>laboratis</strong></span> <span class='ocrx_word' id='word_1_862' title='bbox 3233 4972 3280 5017; x_wconf 84' lang='lat' dir='ltr'><strong>et</strong></span> <span class='ocrx_word' id='word_1_863' title='bbox 3313 4964 3518 5015; x_wconf 82' lang='lat' dir='ltr'><strong>onerati</strong></span> <span class='ocrx_word' id='word_1_864' title='bbox 3557 4962 3705 5022; x_wconf 80' lang='lat' dir='ltr'><strong>estis,</strong></span> 
     </span>
    </p>
   </div>
   <div class='ocr_carea' id='block_1_115' title="bbox 2127 5053 3704 5130">
    <p class='ocr_par' dir='ltr' id='par_1_115' title="bbox 2127 5053 3704 5130">
     <span class='ocr_line' id='line_1_116' title="bbox 2127 5053 3704 5130; baseline -0.007 -15"><span class='ocrx_word' id='word_1_865' title='bbox 2127 5073 2174 5115; x_wconf 86' lang='lat' dir='ltr'><strong>et</strong></span> <span class='ocrx_word' id='word_1_866' title='bbox 2213 5078 2306 5130; x_wconf 80' lang='lat' dir='ltr'><strong>ego</strong></span> <span class='ocrx_word' id='word_1_867' title='bbox 2345 5060 2581 5128; x_wconf 79' lang='lat' dir='ltr'><strong>reﬁciam</strong></span> <span class='ocrx_word' id='word_1_868' title='bbox 2616 5076 2699 5112; x_wconf 87' lang='lat' dir='ltr'><strong>vos</strong></span> <span class='ocrx_word' id='word_1_869' title='bbox 2729 5059 2770 5090; x_wconf 81' lang='grc'><strong>¹¹</strong></span> <span class='ocrx_word' id='word_1_870' title='bbox 2802 5077 2813 5111; x_wconf 89' lang='lat'><strong>:</strong></span> <span class='ocrx_word' id='word_1_871' title='bbox 2843 5065 2900 5111; x_wconf 92' lang='lat' dir='ltr'><strong>ut</strong></span> <span class='ocrx_word' id='word_1_872' title='bbox 2924 5057 2990 5110; x_wconf 87' lang='lat' dir='ltr'><strong>ad</strong></span> <span class='ocrx_word' id='word_1_873' title='bbox 3024 5071 3213 5110; x_wconf 88' lang='lat' dir='ltr'><strong>omnes</strong></span> <span class='ocrx_word' id='word_1_874' title='bbox 3244 5053 3394 5107; x_wconf 84' lang='lat' dir='ltr'><strong>orbis</strong></span> <span class='ocrx_word' id='word_1_875' title='bbox 3438 5061 3704 5105; x_wconf 87' lang='lat' dir='ltr'><strong>terrarum</strong></span> 
     </span>
    </p>
   </div>
   <div class='ocr_carea' id='block_1_116' title="bbox 2131 5143 3705 5221">
    <p class='ocr_par' dir='ltr' id='par_1_116' title="bbox 2131 5143 3705 5221">
     <span class='ocr_line' id='line_1_117' title="bbox 2131 5143 3705 5221; baseline -0.009 -13"><span class='ocrx_word' id='word_1_876' title='bbox 2131 5153 2403 5218; x_wconf 88' lang='lat' dir='ltr'><strong>homines,</strong></span> <span class='ocrx_word' id='word_1_877' title='bbox 2438 5151 2528 5221; x_wconf 86' lang='lat' dir='ltr'><strong>qui</strong></span> <span class='ocrx_word' id='word_1_878' title='bbox 2567 5151 2632 5204; x_wconf 90' lang='lat' dir='ltr'><strong>ad</strong></span> <span class='ocrx_word' id='word_1_879' title='bbox 2664 5166 2782 5206; x_wconf 89' lang='lat' dir='ltr'><strong>sese</strong></span> <span class='ocrx_word' id='word_1_880' title='bbox 2812 5150 3189 5218; x_wconf 81' lang='lat' dir='ltr'><strong>confugerent,</strong></span> <span class='ocrx_word' id='word_1_881' title='bbox 3222 5143 3550 5199; x_wconf 85' lang='lat' dir='ltr'><strong>recreandos</strong></span> <span class='ocrx_word' id='word_1_882' title='bbox 3586 5143 3705 5194; x_wconf 85' lang='lat' dir='ltr'><strong>ido-</strong></span> 
     </span>
    </p>
   </div>
   <div class='ocr_carea' id='block_1_117' title="bbox 2131 5234 3702 5304">
    <p class='ocr_par' dir='ltr' id='par_1_117' title="bbox 2131 5234 3702 5304">
     <span class='ocr_line' id='line_1_118' title="bbox 2131 5234 3702 5304; baseline -0.01 -2"><span class='ocrx_word' id='word_1_883' title='bbox 2131 5263 2288 5304; x_wconf 89' lang='lat' dir='ltr'><strong>neam</strong></span> <span class='ocrx_word' id='word_1_884' title='bbox 2323 5261 2446 5302; x_wconf 91' lang='lat' dir='ltr'><strong>esse</strong></span> <span class='ocrx_word' id='word_1_885' title='bbox 2476 5244 2826 5298; x_wconf 86' lang='lat' dir='ltr'><strong>Divinitatem</strong></span> <span class='ocrx_word' id='word_1_886' title='bbox 2862 5256 3016 5297; x_wconf 91' lang='lat' dir='ltr'><strong>suam</strong></span> <span class='ocrx_word' id='word_1_887' title='bbox 3051 5238 3381 5293; x_wconf 90' lang='lat' dir='ltr'><strong>ostenderet.</strong></span> <span class='ocrx_word' id='word_1_888' title='bbox 3435 5234 3702 5289; x_wconf 64' lang='lat' dir='ltr'><strong>Praeterea</strong></span> 
     </span>
    </p>
   </div>
   <div class='ocr_carea' id='block_1_118' title="bbox 2129 5329 3706 5402">
    <p class='ocr_par' dir='ltr' id='par_1_118' title="bbox 2129 5329 3706 5402">
     <span class='ocr_line' id='line_1_119' title="bbox 2129 5329 3706 5402; baseline -0.011 -6"><span class='ocrx_word' id='word_1_889' title='bbox 2129 5349 2369 5396; x_wconf 90' lang='lat' dir='ltr'><strong>tentatus</strong></span> <span class='ocrx_word' id='word_1_890' title='bbox 2399 5355 2429 5392; x_wconf 90' lang='lat' dir='ltr'><strong>a</strong></span> <span class='ocrx_word' id='word_1_891' title='bbox 2458 5337 2676 5391; x_wconf 89' lang='lat' dir='ltr'><strong>diabolo</strong></span> <span class='ocrx_word' id='word_1_892' title='bbox 2700 5343 2802 5398; x_wconf 89' lang='lat' dir='ltr'><strong>est,</strong></span> <span class='ocrx_word' id='word_1_893' title='bbox 2832 5341 2884 5388; x_wconf 90' lang='lat' dir='ltr'><strong>et</strong></span> <span class='ocrx_word' id='word_1_894' title='bbox 2908 5331 3264 5402; x_wconf 81' lang='lat' dir='ltr'><strong>quadraginta</strong></span> <span class='ocrx_word' id='word_1_895' title='bbox 3291 5330 3406 5384; x_wconf 91' lang='lat' dir='ltr'><strong>dies</strong></span> <span class='ocrx_word' id='word_1_896' title='bbox 3441 5329 3559 5382; x_wconf 88' lang='lat' dir='ltr'><strong>sine</strong></span> <span class='ocrx_word' id='word_1_897' title='bbox 3595 5329 3706 5380; x_wconf 86' lang='lat' dir='ltr'><strong>ullo</strong></span> 
     </span>
    </p>
   </div>
   <div class='ocr_carea' id='block_1_119' title="bbox 2127 5421 3698 5502">
    <p class='ocr_par' dir='ltr' id='par_1_119' title="bbox 2127 5421 3698 5502">
     <span class='ocr_line' id='line_1_120' title="bbox 2127 5421 3698 5502; baseline -0.011 -15"><span class='ocrx_word' id='word_1_898' title='bbox 2127 5435 2250 5488; x_wconf 86' lang='lat' dir='ltr'><strong>cibu</strong></span> <span class='ocrx_word' id='word_1_899' title='bbox 2304 5438 2544 5502; x_wconf 85' lang='lat' dir='ltr'><strong>potaque</strong></span> <span class='ocrx_word' id='word_1_900' title='bbox 2594 5425 2913 5499; x_wconf 87' lang='lat' dir='ltr'><strong>permansit,</strong></span> <span class='ocrx_word' id='word_1_901' title='bbox 2955 5431 3010 5477; x_wconf 90' lang='lat' dir='ltr'><strong>ut</strong></span> <span class='ocrx_word' id='word_1_902' title='bbox 3059 5421 3305 5477; x_wconf 60' lang='lat' dir='ltr'><strong>ean‘tdem</strong></span> <span class='ocrx_word' id='word_1_903' title='bbox 3359 5421 3698 5474; x_wconf 88' lang='lat' dir='ltr'><strong>divinitatem</strong></span> 
     </span>
    </p>
   </div>
   <div class='ocr_carea' id='block_1_120' title="bbox 3153 5527 3698 5590">
    <p class='ocr_par' dir='ltr' id='par_1_120' title="bbox 3153 5527 3698 5590">
     <span class='ocr_line' id='line_1_121' title="bbox 3153 5527 3698 5590; baseline 0.004 -7"><span class='ocrx_word' id='word_1_904' title='bbox 3153 5533 3175 5564; x_wconf 80' lang='grc'><strong>⁵</strong></span> <span class='ocrx_word' id='word_1_905' title='bbox 3219 5529 3408 5585; x_wconf 86' lang='lat' dir='ltr'><strong>Matth.</strong></span> <span class='ocrx_word' id='word_1_906' title='bbox 3474 5544 3609 5590; x_wconf 78' lang='lat' dir='ltr'><strong>xvu,</strong></span> <span class='ocrx_word' id='word_1_907' title='bbox 3642 5527 3698 5585; x_wconf 66' lang='grc' dir='ltr'><strong>εὶ.</strong></span> 
     </span>
    </p>
   </div>
   <div class='ocr_carea' id='block_1_121' title="bbox 2551 5600 3698 5674">
    <p class='ocr_par' dir='ltr' id='par_1_121' title="bbox 2551 5600 3698 5674">
     <span class='ocr_line' id='line_1_122' title="bbox 2551 5600 3698 5674; baseline -0.01 -10"><span class='ocrx_word' id='word_1_908' title='bbox 2551 5611 2593 5641; x_wconf 71' lang='grc' dir='ltr'><strong>ι’</strong></span> <span class='ocrx_word' id='word_1_909' title='bbox 2628 5607 2814 5664; x_wconf 79' lang='lat' dir='ltr'><strong>Matth.</strong></span> <span class='ocrx_word' id='word_1_910' title='bbox 2857 5621 2940 5670; x_wconf 87' lang='grc' dir='ltr'>ιιι,</span> <span class='ocrx_word' id='word_1_911' title='bbox 2977 5605 3042 5660; x_wconf 62' lang='grc'><strong>14</strong></span> <span class='ocrx_word' id='word_1_912' title='bbox 3081 5620 3200 5674; x_wconf 85' lang='lat' dir='ltr'><strong>sqq.</strong></span> <span class='ocrx_word' id='word_1_913' title='bbox 3279 5602 3319 5634; x_wconf 83' lang='lat'>“</span> <span class='ocrx_word' id='word_1_914' title='bbox 3347 5600 3504 5656; x_wconf 85' lang='lat' dir='ltr'><strong>Joan.</strong></span> <span class='ocrx_word' id='word_1_915' title='bbox 3541 5614 3618 5664; x_wconf 79' lang='lat' dir='ltr'><strong>Iv,</strong></span> <span class='ocrx_word' id='word_1_916' title='bbox 3647 5601 3698 5654; x_wconf 75' lang='grc'><strong>6.</strong></span> 
     </span>
    </p>
   </div>
  </div>
