3994 6224
363 287 464 343 667

1751 285 1807 338 S.
1852 281 2189 338 El’li'llANll

3558 273 3653 332 663

362 399 567 455 nullius
617 399 694 455 rei
737 399 978 470 indigere
1021 403 1368 456 n'tonstrai-et.
1421 397 1608 470 Neque
1637 400 1782 455 enim
1815 394 1929 454 tum

2051 402 2127 456 τοῦ
2165 398 2426 470 θεότητα,
2465 397 2559 452 καὶ
2585 397 2810 468 ὕστερον
2833 435 2850 460 ,
2881 395 3054 467 φησὶν
3087 394 3124 464 ἠ
3154 389 3364 463 Γραφὴ
3393 430 3408 452 ,
3439 389 3648 443 ἐπείνα-

363 490 558 546 lameln
609 489 936 553 sustinebat,
991 493 1149 560 quasi
1201 491 1463 546 severiori
1515 491 1752 562 quodam
1811 493 1938 547 vita:

362 582 612 634 instituto
642 579 742 634 sibi
773 580 1163 635 abstinentiam
1197 580 1507 646 indixisset,
1553 597 1782 652 seseque
1823 583 1940 636 ine-

359 673 448 725 dia
502 673 750 728 cruciare
791 688 858 728 ac
909 674 1230 744 perdomare
1283 674 1477 742 vellet;
1531 673 1625 729 sed
1679 684 1938 744 tanquam

361 778 544 819 veram
588 765 645 820 in
690 781 813 822 sese
850 767 1190 822 divinitatem
1225 767 1432 823 habens
1463 768 1668 822 nullius
1696 767 1934 838 egebat:

357 865 548 924 postea
581 866 786 922 tamen,
833 868 892 913 ut
943 859 1224 929 Scriptura
1275 866 1464 913 narrat
1494 862 1532 924 ',
1567 860 1780 916 esuriit.
1822 859 1939 925 Qua

363 950 572 1005 ratione
603 965 730 1006 vere
773 966 832 1006 se
873 951 1146 1006 hominem
1187 951 1392 1016 factum
1425 967 1550 1008 esse
1585 952 1938 1022 signiﬁcavit,

358 1056 484 1095 eum
513 1051 852 1112 assumptum
881 1057 912 1096 a
966 1059 1026 1099 se
1059 1059 1257 1114 corpus
1299 1045 1443 1100 veris
1476 1059 1540 1098 ac
1570 1045 1771 1098 rationi
1807 1059 1940 1098 con-

356 1133 641 1188 sentaneis
679 1135 1108 1189 necessitatibus
1147 1136 1445 1190 obnoxium
1477 1150 1601 1190 esse
1634 1135 1816 1189 divina
1844 1149 1941 1188 na-

359 1236 485 1279 tura
518 1225 807 1290 voluisset,
837 1243 924 1288 ne,
952 1226 1098 1298 quod
1123 1243 1186 1282 ex
1217 1227 1335 1297 ipsa
1371 1242 1561 1282 revera
1593 1241 1940 1296 consequens

359 1329 484 1370 esse
529 1315 837 1380 videbatur,
886 1332 1070 1371 veram
1125 1318 1378 1372 humanae
1414 1324 1623 1371 natum
1670 1316 1942 1371 conditio-

363 1422 485 1461 nem
515 1409 904 1478 exstingueret.
951 1408 1106 1464 Unde
1141 1419 1195 1464 et
1229 1410 1293 1464 ad
1335 1409 1496 1464 ficum
1531 1409 1781 1464 arborem
1811 1424 1939 1463 esu-

363 1499 455 1552 riit
480 1501 501 1530 '
521 1538 535 1561 ,
565 1507 620 1554 et
649 1516 835 1554 verum
868 1502 1042 1554 lutum
1075 1500 1247 1556 fecit’
1269 1541 1284 1556 .
1322 1501 1403 1555 Ad
1436 1501 1688 1558 eamdem
1721 1516 1850 1556 vero
1877 1501 1940 1555 il-

361 1589 466 1642 lam
498 1588 656 1643 ficum
689 1606 809 1646 cum
846 1593 1108 1646 nonnulla
1145 1593 1395 1656 dixisset,
1439 1608 1523 1658 ea,
1575 1593 1652 1646 uti
1689 1593 1932 1658 dixerat,

361 1679 742 1736 acciderunt".
781 1681 908 1737 Item
961 1684 1018 1737 in
1057 1684 1276 1754 navigio
1321 1698 1444 1738 cum
1501 1692 1720 1738 ventum
1765 1685 1942 1740 incre-

2043 511 2162 549 σεν·
2193 494 2276 547 ίνα
2305 491 2451 564 δείξῃ
2489 491 2587 562 τὴν
2635 490 2892 562 ἀληθινὴν
2923 485 3374 558 ὲνανθρώπησιν
3415 483 3514 553 τῆς
3535 477 3652 537 956-

2038 603 2200 656 τητος
2223 623 2238 650 ,
2287 583 2592 656 ἐνδιδούσης
2623 586 2688 654 τῇ
2721 582 2972 653 ἐνσὰρκῳ
3003 577 3311 653 παρουσίᾳ
3364 575 3478 629 τῶν
3513 575 3654 630 εὐλό-

2040 695 2152 746 γων
2197 675 2397 748 κρειῶν
2451 677 2546 730 καὶ
2598 673 2867 746 ἀληθινῶν
2929 673 3205 744 μετέχειν
3241 686 3256 698 ·
3315 668 3406 722 ἵνα
3466 669 3540 739 μὴ
3597 667 3654 722 τὺ

2041 765 2294 836 ἀληθινὸν
2320 766 2420 833 τῆς
2451 765 2768 830 ἀκολουθίας
2797 764 3038 838 ἀφανίσῃ
3072 761 3181 833 τὴν
3211 759 3486 830 ἀληθινὴν
3519 761 3655 812 ἐνανο

2043 858 2342 931 θρὼπησιν.
2361 859 2488 937 ,Καὶ
2515 858 2622 929 γὰρ
2655 859 2748 911 καὶ
2779 857 2872 910 ἐπὶ
2908 857 3006 928 τῆς
3042 854 3236 922 συκῆς
3268 850 3550 937 ὲπείνασε,
3568 852 3654 904 καὶ

2043 949 2212 1020 πηλὸν
2251 935 2502 1019 ἀληθινὸν
2549 947 2828 1019 ἐποίησεν.
2875 944 3040 1000 Ἀλλά
3103 942 3280 1012 λόγον
3345 935 3471 993 εἷπε
3527 941 3652 1011 πρὸς

2041 1041 2142 1114 τὴν
2194 1041 2369 1114 συκῆν
2422 1043 2451 1095 6
2491 1040 2656 1104 Θεὸς,
2709 1039 2803 1094 καὶ
2833 1037 3074 1107 ἐγένετο.
3123 1035 3246 1087 Καὶ
3278 1033 3379 1084 ἐπὶ
3411 1031 3510 1101 τῆς
3538 1029 3654 1100 νηὸς

2042 1135 2340 1206 ἐπετίμησε
2369 1133 2449 1203 τῷ
2481 1133 2707 1204 ἀνέμῳ,
2743 1131 2837 1185 καὶ
2888 1131 3204 1183 ἐπαύσατο.
3262 1121 3382 1180 Καὶ
3437 1122 3527 1176 διὰ
3565 1122 3650 1175 τοῦ

2044 1225 2361 1296 πτύσματος
2398 1222 2493 1278 καὶ
2549 1221 2722 1292 πηλοῦ
2748 1261 2763 1284 ,
2813 1219 2893 1292 τῷ
2918 1219 3062 1289 λόγῳ
3103 1217 3216 1287 τῆς
3252 1211 3428 1268 αὐτοῦ
3467 1212 3651 1283 Θεότη-

2042 1333 2134 1378 τος
2158 1354 2173 1378 ,
2229 1314 2324 1368 καὶ
2364 1313 2442 1384 τῷ
2502 1312 2781 1384 πτύσματι
2812 1312 2912 1380 τῆς
2943 1307 3115 1364 αὑτοῦ
3151 1303 3647 1376 ἐνανθρωπήσεως,

2043 1408 2137 1462 καὶ
2166 1407 2244 1479 τῷ
2277 1405 2434 1477 πηλῷ
2459 1405 2620 1458 πάλιν
2643 1446 2658 1472 ,
2680 1403 2754 1467 ὡς
2785 1401 2863 1472 τῷ
2904 1401 3080 1471 Ἀδὰμ
3103 1439 3118 1462 ,
3151 1397 3256 1451 καὶ
3280 1395 3464 1464 τούτῳ
3488 1394 3549 1446 τὸ
3577 1394 3653 1446 ἐλ-

2043 1497 2199 1562 λιπὲς
2231 1496 2390 1569 μέλος
2441 1495 2692 1550 πλάττων
2745 1494 3038 1565 ἐχαρίσατο
3067 1505 3083 1521 ⁸
3129 1489 3251 1543 τῶν
3309 1486 3532 1542 πάντων
3567 1503 3649 1538 τε·

2043 1590 2200 1643 λείων
2227 1591 2284 1642 ἐν
2305 1587 2453 1658 αὐτῷ
2476 1589 2663 1652 ὄντων,
2700 1587 2758 1640 ἐν
2783 1584 2946 1657 σαρκὶ
2974 1582 3338 1654 πασχόντων,
3361 1581 3421 1632 ἐν
3449 1577 3652 1647 θεότητι

2047 1682 2104 1736 δὲ
2131 1681 2355 1735 ἀπαθῶν
2386 1679 2554 1734 ὄντων
2573 1720 2589 1748 ,
2624 1679 2728 1743 ἕως
2761 1679 2960 1748 ἀνέστη
2990 1678 3056 1730 ἐκ
3084 1675 3208 1728 τῶν
3238 1669 3461 1742 νεκρῶν
3481 1711 3495 1736 ,
3526 1669 3651 1733 ὅλως

361 1778 567 1836 passet,
599 1771 689 1824 hic
719 1772 903 1827 subito
931 1773 1095 1828 desiit
1115 1773 1160 1826 ⁵.
1191 1772 1330 1827 Tum
1367 1788 1497 1828 vero
1527 1781 1692 1844 Sputo
1723 1788 1845 1840 suo,
1871 1789 1934 1828 ae

2051 1773 2113 1843 μὴ
2153 1773 2377 1843 πάσχων
2407 1771 2624 1834 λοιπον,
2657 1771 2794 1834 ὅλως
2829 1770 3026 1841 μηκέτι
3061 1757 3472 1838 ἀποθνήσκων.

361 1860 496 1926 luto,
551 1876 675 1916 cum
727 1863 1036 1918 Divinitatis
1097 1879 1212 1922 suae
1273 1878 1545 1926 sermone,
1621 1872 1735 1916 tum
1785 1863 2044 1928 hominis,
2111 1879 2271 1933 quem
2317 1869 2711 1932 assumpscrat,
2752 1871 2942 1932 sputo,
2989 1861 3127 1926 luto,
3210 1859 3470 1928 inquam,
3527 1855 3656 1911 sicut

357 1955 566 2008 Adamo
611 1955 912 2024 quondam,
954 1955 1027 2010 ita
1062 1971 1212 2012 caeco
1269 1956 1348 2009 illi
1389 1955 1537 2025 quod
1584 1955 1652 2010 ad
1681 1955 2046 2028 integritatem
2087 1954 2274 2010 deerat
2313 1955 2619 2009 membrum
2658 1953 2816 2007 ﬁnxit
2843 1968 2905 2008 ac
2932 1951 3180 2007 reddidit
3213 1950 3302 2006 :si
3344 1947 3564 2019 quidem
3599 1946 3648 1998 ill

359 2064 425 2103 eo
455 2056 612 2102 erant
656 2048 840 2100 omnia
885 2048 1146 2118 perfecta,
1178 2047 1318 2102 adeo
1349 2055 1410 2102 ut
1461 2047 1519 2102 in
1571 2061 1740 2101 carne
1772 2053 2110 2117 paterentur,
2165 2046 2222 2102 in
2277 2045 2564 2101 divinitate
2605 2059 2736 2100 vero
2771 2045 2882 2116 pati
2932 2045 3066 2100 nihil
3117 2049 3382 2115 possent,
3427 2041 3646 2096 doneca

359 2141 593 2196 mortuis
615 2139 886 2196 excitatus
906 2151 1009 2209 est,
1033 2141 1170 2195 nihil
1193 2141 1431 2204 amplius
1455 2139 1680 2194 omnino
1703 2140 1936 2211 patiens,
1981 2155 2158 2212 neque
2190 2139 2431 2195 moriens
2463 2138 2690 2195 omnino
2717 2139 2760 2193 '.

428 2229 631 2296 Quodsi
655 2232 922 2296 nonnulli,
957 2248 1056 2302 pro
1079 2248 1144 2288 eo
1171 2234 1318 2303 quod
1342 2247 1371 2287 θ
1397 2231 1538 2286 virili
1563 2241 1684 2287 satu
1739 2247 1938 2302 corpus

361 2337 470 2376 non
501 2323 798 2392 acceperit,
835 2322 1036 2379 diversi
1074 2323 1361 2393 cujusdam
1392 2337 1515 2379 esse
1542 2323 1760 2394 generis
1793 2324 1948 2379 arbio

361 2421 593 2477 trentur,
623 2429 732 2468 non
755 2414 1008 2485 estquod
1034 2426 1320 2484 propterea
1345 2416 1518 2471 nostri
1549 2415 1800 2486 corporis
1822 2430 1946 2470 esse

359 2503 629 2560 dissimile
677 2512 890 2576 putent.
941 2506 1237 2576 Postquam
1283 2507 1430 2561 enim
1477 2523 1508 2562 e
1551 2505 1721 2560 Maria
1753 2514 1942 2560 natum

358 2609 488 2650 esse
513 2602 670 2649 extra
697 2595 1096 2652 dubitationem
1121 2613 1336 2652 omnem
1365 2607 1468 2661 est,
1497 2605 1750 2653 nostrum
1779 2597 1948 2653 fuisse

363 2701 594 2742 necesse
626 2695 734 2751 est,
770 2687 940 2742 Maria
981 2687 1182 2759 quippe
1215 2705 1324 2744 non
1357 2689 1605 2754 alterius,
1641 2705 1805 2759 quam
1846 2705 1946 2743 cu-

359 2777 453 2845 jus
485 2793 713 2848 corpora
743 2787 932 2836 nostra
975 2789 1125 2846 sunt,
1174 2781 1506 2837 conditionis
1546 2783 1793 2837 exstitit:
1820 2797 1947 2835 nam

363 2877 420 2922 et
451 2868 696 2925 Adamus
723 2883 753 2924 a
781 2869 903 2924 viro
927 2869 1146 2941 genitus
1178 2885 1285 2925 non
1321 2869 1446 2936 fuit,
1478 2872 1574 2928 sed
1604 2887 1635 2926 e
1661 2880 1808 2926 terra
1839 2871 1947 2926 l'or-

365 2968 548 3016 matus
568 2960 614 3028 ',
644 2975 745 3017 nec
787 2960 911 3017 ideo
949 2961 1201 3032 sequitur
1229 2963 1376 3034 quod
1411 2977 1518 3016 non
1560 2977 1590 3017 e
1629 2962 1770 3017 virili
1802 2971 1946 3028 satu,

2115 2235 2180 2288 Εἰ
2210 2233 2267 2287 δέ
2304 2249 2481 2298 τινες,
2535 2231 2623 2286 διὰ
2648 2231 2709 2285 τὸ
2759 2231 2834 2303 μὴ
2865 2231 2974 2285 ἀπὸ
3004 2230 3340 2302 σπέρματος
3372 2225 3564 2298 ἀνδρὸς
3589 2225 3644 2278 τὸ

2049 2327 2210 2397 σῶμα
2237 2323 2398 2377 αὐτὸν
2426 2323 2726 2394 εἰληφέναι,
2752 2322 2962 2377 ἀλλοῖον
2991 2323 3085 2394 νοή
3095 2339 3193 2375 σου
3203 2337 3316 2378 σιν.
3340 2319 3404 2372 οὐ
3434 2319 3642 2380 πάντως

2048 2413 2137 2470 διὰ
2163 2415 2322 2468 τοῦτο
2366 2415 2467 2468 οὐκ
2503 2413 2621 2468 ἐστι
2646 2413 2788 2468 κατὰ
2830 2412 2891 2466 τὸ
2923 2413 3198 2484 ἡμέτερον
3230 2411 3419 2482 σῶμα.
3473 2408 3640 2474 Ἐξότε

2051 2505 2161 2577 γὰρ
2202 2505 2311 2559 ἀπὸ
2359 2503 2580 2576 Μαρίας
2625 2503 3013 2575 ὡμολόγηται,
3064 2504 3350 2574 ἡμέτερον
3401 2495 3490 2572 ἦν.
3541 2501 3640 2552 Καὶ

2051 2597 2162 2670 γὰρ
2197 2597 2387 2668 Μαρία
2420 2597 2518 2650 οὐκ
2545 2595 2679 2668 ἄλλη
2708 2592 2776 2668 ἦν
2806 2595 2955 2667 παρὰ
2983 2593 3052 2648 τὰ
3090 2594 3350 2667 ἡμέτερα
3377 2591 3596 2662 σώματα
3623 2608 3636 2621 ⁸

2052 2689 2176 2742 ἐπεὶ
2203 2689 2300 2742 καὶ
2323 2691 2352 2742 6
2387 2687 2556 2758 Ἀδὰμ
2587 2688 2686 2740 οὐκ
2718 2687 2825 2741 ἀπὸ
2850 2686 3170 2757 σπέρματος
3197 2683 3396 2756 ἀνδρὸς
3418 2679 3506 2754 ἦν,
3532 2681 3636 2736 ἀλλ’

2052 2783 2118 2835 ἐκ
2164 2782 2262 2853 τῆς
2293 2781 2399 2851 γῆς
2447 2779 2848 2851 πεπλασμένος.
2898 2777 3004 2832 Καὶ
3037 2777 3098 2831 οὐ
3155 2777 3388 2840 πάντως
3415 2816 3429 2840 ,
3463 2773 3635 2843 ἐπειδὴ

2053 2873 2164 2927 ἀπὸ
2207 2873 2306 2944 τῆς
2339 2871 2444 2943 γῆς
2488 2867 2556 2944 ἦν
2583 2911 2598 2937 ,
2653 2873 2747 2926 καὶ
2779 2872 2881 2925 οὐκ
2931 2870 3040 2924 ἀπὸ
3075 2870 3404 2942 σπέρματος
3431 2867 3630 2936 ἀνδρὸς,

2054 2963 2266 3029 ἀλλοῖος
2310 2959 2565 3036 ἦνπαρά
2615 2963 2686 3016 τά
2738 2963 2980 3035 ἡμέτερα
3010 2961 3268 3032 σώματα.
3313 2959 3506 3029 Ἡμεῖς
3536 2955 3636 3026 γὰρ

368 3052 464 3107 sed
486 3051 554 3108 de
575 3061 716 3107 terra
743 3053 1027 3124 prodierit,
1059 3053 1332 3110 diversam
1356 3056 1647 3125 quamdam
1678 3071 1708 3110 a
1743 3057 1945 3112 nostris

2055 3055 2112 3123 ἐξ
2145 3055 2310 3108 αὐτοῦ
2345 3055 2742 3126 γεγεννήμεθα,
2777 3055 2869 3107 καὶ
2902 3054 3002 3106 οὐκ
3037 3053 3209 3123 ἐσμὲν
3247 3049 3452 3104 ἀλλοῖοι
3493 3045 3633 3119 παρὰ

367 3144 692 3214 corporibus
735 3153 988 3199 naturam
1018 3159 1144 3200 esse
1177 3145 1451 3200 sortitum.
1495 3146 1706 3202 Etenim
1753 3161 1853 3201 nos
1881 3147 1950 3202 ab

369 3233 466 3286 illo
501 3234 668 3304 geniti
710 3235 780 3289 ab
807 3235 1052 3304 ejusdem
1081 3251 1310 3306 corpore
1341 3235 1542 3292 diversi
1578 3253 1690 3291 non
1721 3253 1948 3303 sumus;

370 3325 587 3379 tametsi
619 3326 823 3380 evirili
875 3335 998 3382 satu
1047 3325 1312 3383 fuerimus
1385 3343 1449 3383 ae
1499 3329 1747 3384 mulieris
1793 3337 1950 3384 utero

371 3417 676 3488 propagati.
730 3415 837 3472 Sed
878 3419 994 3473 haec
1040 3419 1287 3473 nonnulli
1339 3421 1597 3476 subtilius
1654 3421 1949 3476 identidem

371 3515 672 3562 tractantes
705 3515 760 3562 ct
798 3507 855 3563 in
895 3509 1080 3563 animo
1111 3518 1423 3574 versantes,
1463 3527 1494 3565 a
1530 3525 1699 3582 scopo
1733 3511 1949 3582 penitus

372 3597 722 3653 aberrarunt.
763 3597 871 3654 Alii
921 3615 1086 3671 porro
1126 3617 1192 3656 ex
1247 3601 1458 3673 1013
1497 3603 1585 3666 iis,
1619 3603 1712 3674 qui
1750 3603 1816 3657 ad
1851 3619 1952 3659 nos

371 3690 732 3754 ventitabant,
813 3691 1025 3747 inﬁnita
1072 3693 1318 3764 quaedam
1375 3693 1480 3749 alia
1529 3694 1948 3759 deblaterantes,

363 3783 547 3862 virum
579 3783 1014 3840 laudatissimum
1049 3785 1165 3842 suis
1193 3785 1670 3844 criminationibus
1700 3788 1952 3843 traduce~

371 3875 521 3934 bant.
571 3875 650 3929 Ac
697 3876 1159 3950 vehementiorem
1199 3877 1444 3948 quidem,
1479 3893 1642 3949 quam
1679 3895 1778 3949 par
1809 3885 1949 3944 erat,

381 3967 674 4020 tumultum
704 3969 1092 4034 concitarunt,
1126 3969 1242 4027 sive
1267 3985 1332 4026 ex
1367 3970 1607 4036 inscitia,
1647 3971 1762 4027 sive
1807 3972 1953 4042 quod

369 4059 440 4114 ab
471 4073 535 4113 eo
560 4059 764 4114 dictum
787 4069 907 4116 erat
927 4062 1150 4118 minime
1179 4063 1577 4133 percepissent,
1605 4069 1659 4118 et
1687 4063 1755 4118 ab
1784 4079 1850 4119 eo
1869 4063 1954 4118 di-

373 4150 547 4218 gressi
582 4165 704 4222 quae
735 4151 1023 4207 audierant
1045 4153 1304 4225 dogmata
1334 4154 1714 4226 praedicarent.
1749 4155 1950 4211 Verum

371 4241 440 4295 de
463 4245 890 4312 supervacaneis
931 4245 1082 4301 hisce
1117 4247 1510 4316 quaestionibus
1551 4247 1835 4304 hactenus.
1879 4245 1950 4301 ll-

373 4333 464 4387 lud
487 4349 616 4389 vero
639 4335 871 4392 lectores
897 4353 1089 4393 omnes
1121 4339 1495 4396 intellecturos
1520 4325 1778 4404 arbitror,
1803 4340 1950 4394 nulla

373 4439 473 4481 nos
502 4434 596 4480 aut
620 4427 844 4494 invidia,
882 4439 975 4483 aut
997 4430 1122 4485 odio
1155 4431 1210 4486 in
1246 4432 1519 4487 hominem
1551 4447 1674 4488 esse
1704 4447 1948 4487 commo-

373 4525 479 4574 tos.
517 4517 666 4573 Istud
709 4519 854 4574 enim
893 4520 948 4574 in
993 4523 1184 4591 primis
1213 4535 1468 4594 Optamus
1499 4537 1562 4578 ac
1595 4524 1852 4594 petimus,
1891 4531 1950 4579 ut

374 4627 443 4668 ne
472 4611 540 4666 ab
595 4609 842 4667 Ecclesia
891 4614 1095 4669 Christi
1143 4623 1306 4685 atque
1345 4617 1414 4671 ab
1451 4616 1780 4671 suavissima
1833 4617 1948 4671 fra-

373 4712 517 4758 trum
545 4703 807 4758 societate
837 4703 1147 4769 divellatur,
1177 4707 1270 4762 sed
1297 4715 1356 4761 ut
1377 4706 1647 4777 ejusmodi
1678 4707 1947 4778 dogmatis

374 4793 600 4852 nimium
635 4794 877 4848 studium
905 4783 1426 4867 contentionemque
1469 4797 1706 4868 deponat
1735 4813 1798 4852 ac
1827 4815 1948 4856 sese

373 4885 438 4938 ad
473 4886 698 4940 meliora
741 4895 1057 4954 convertat,
1100 4889 1244 4943 sicut
1295 4889 1558 4958 scriptum
1596 4897 1722 4946 est:
1761 4889 1949 4945 Rever-

2050 3149 2110 3202 τδ
2136 3148 2349 3202 ἐκείνου
2380 3149 2559 3221 σῶμα,
2602 3149 2781 3204 καίτοι
2809 3166 2869 3218 γε
2894 3149 2957 3201 ἐκ
2985 3148 3306 3217 σπέρματος
3335 3141 3526 3215 ἀνδρὸς
3549 3137 3632 3192 καὶ

2050 3239 2159 3294 ἀπὸ
2215 3241 2428 3313 μήτρας
2478 3241 2736 3310 γυναικὸς
2797 3241 3206 3312 γεγεννημένοι.
3274 3235 3436 3292 Ἀλλά
3471 3231 3630 3288 ταῦτα

2055 3333 2153 3404 μέν
2180 3351 2325 3398 τινες
2387 3333 2724 3404 σοφιζόμενοι
2766 3333 3025 3396 πολλάκις
3050 3375 3064 3397 ,
3097 3331 3194 3385 καὶ
3231 3331 3292 3384 ἐν
3339 3331 3405 3400 τῇ
3438 3323 3630 3394 διανοίᾳ

2053 3422 2306 3494 ἔχοντες,
2355 3425 2422 3478 ἐκ
2469 3424 2562 3478 τοῦ
2613 3426 2975 3496 προκειμένου
3033 3423 3296 3489 ἐξέπεσον
3329 3436 3344 3451 ·
3399 3417 3539 3481 τινὲς
3577 3415 3626 3468 δὲ

2052 3517 2214 3570 πάλιν
2265 3517 2350 3582 ἐξ,
2381 3517 2559 3572 αὐτῶν
2601 3517 2708 3570 τῶν
2746 3517 2877 3588 πρὸς
2939 3517 3086 3587 ἡμᾶς
3119 3511 3470 3587 ἐρχομένων,
3503 3507 3624 3562 ἄλλα

2056 3609 2226 3681 μυρία
2278 3610 2372 3664 καὶ
2405 3609 2660 3663 ἐπέκεινα
2714 3605 3262 3680 περιττολιογοῦντες,
3325 3601 3418 3655 τὸν
3472 3596 3624 3666 ἄνδρα

2052 3701 2143 3753 τὸν
2179 3701 2236 3753 ἐν
2267 3699 2482 3764 πολλοῖς
2523 3699 2764 3763 ἐπαίνοις
2800 3698 3170 3768 φημιζόμενον
3199 3692 3496 3748 διέϐαλλον.
3527 3685 3625 3740 Καὶ

2053 3791 2129 3864 τῷ
2168 3793 2266 3864 μὲν
2294 3793 2408 3847 ὄντι
2439 3793 2818 3865 περιττότερον
2847 3787 3002 3862 οἶμαι
3033 3787 3130 3843 τοῦ
3159 3789 3375 3849 δέοντος
3402 3824 3416 3848 ,
3439 3783 3472 3853 ἢ
3499 3777 3624 3834 κατά

2058 3886 2318 3952 ίδιωτίαν,
2349 3887 2383 3958 ἢ
2414 3885 2554 3940 κατὰ
2587 3882 3098 3958 παρακολουθησίαν
3127 3881 3170 3945 ⁸,
3203 3881 3240 3954 ἢ
3283 3875 3414 3950 παρ’
3443 3870 3622 3931 αὐτοὺς

2053 3977 2425 4051 ἐξερχόμενοι,
2456 3979 2552 4032 καὶ
2579 3976 3072 4048 ἀποφθεγγόμενοι,
3107 3973 3206 4045 τὴν
3235 3967 3481 4042 ταραχὴν
3516 3963 3622 4051 εξρ·

2054 4049 2312 4140 γάσαντο.
2364 4069 2522 4127 Ἀλλὰ
2555 4069 2652 4123 νῦν
2692 4085 2782 4141 μοι
2808 4069 2937 4140 περὶ
2957 4067 3066 4119 τῶν
3095 4063 3368 4136 περιττῶν
3404 4061 3502 4121 ἕως
3531 4049 3618 4108 ὧδε

2053 4161 2296 4234 ἀρκείτω
2335 4164 2363 4215 6
2394 4162 2550 4232 λόγος
2569 4202 2584 4228 ,
2629 4161 2919 4215 συνιόντων
2939 4159 3048 4212 τῶν
3073 4154 3521 4227 ἐντυγχανόντων,
3549 4147 3620 4198 ὃτι

2054 4251 2177 4307 οὔτε
2229 4253 2409 4325 φθόνῳ
2437 4253 2728 4324 τετηκότες
2752 4293 2767 4316 ,
2803 4251 2926 4304 οὔτε
2969 4250 3116 4322 μίσει
3155 4249 3234 4320 τῷ
3265 4246 3400 4318 πρὸς
3428 4241 3513 4294 τὸν
3537 4237 3617 4290 ἄν·

2055 4349 2177 4418 δρα.
2214 4345 2499 4418 Εὐχόμεθα
2551 4346 2661 4418 γὰρ
2689 4343 2848 4400 αὑτὸν
2906 4344 2980 4414 μὴ
3011 4341 3338 4414 μερισθῆναι
3388 4334 3492 4390 ἀπὸ
3528 4328 3616 4430 τῇς

2055 4436 2148 4490 τοῦ
2196 4435 2430 4508 Χριστοῦ
2491 4435 2816 4507 Ἐκκλησίας
2867 4435 2962 4488 καὶ
3009 4435 3108 4504 τῆς
3155 4431 3486 4500 γλυκύτητος
3525 4435 3614 4514 τηξ

2056 4522 2236 4593 πάσης
2281 4522 2657 4593 ἀδελφότητος,
2694 4522 2830 4578 ἀλλὰ
2879 4520 3178 4575 ἀποθέσθαι
3228 4520 3388 4574 αὑτὸν
3415 4514 3507 4584 τῆς
3533 4524 3613 4561 του

2053 4611 2212 4681 λόγου
2239 4611 2429 4666 τούτου
2463 4612 2794 4682 φιλονεικίας
2825 4612 2926 4684 τὴν
2957 4613 3226 4674 ἔνστασιν,
3269 4613 3362 4664 καὶ
3386 4599 3612 4674 ἐπιστρέ-

2053 4703 2152 4774 ψαι
2181 4704 2320 4757 κατὰ
2340 4705 2400 4758 τὸ
2429 4706 2738 4776 εἰρημένον·
2793 4707 3163 4775 Ἐπίστρεφε,
3193 4705 3232 4772 ἡ
3262 4695 3640 4788 Σουναμῖτιςξι

2053 4798 2397 4867 ἐπίστρεφε,
2439 4798 2538 4853 καὶ
2571 4799 2840 4869 ὀψόμεθα
2871 4801 2942 4854 ἐν
2971 4801 3092 4854 σοι.
3139 4799 3329 4870 Ὅμως
3381 4791 3499 4864 περὶ
3529 4782 3609 4838 τοῦ

2059 4893 2420 4964 προκειμένου
2455 4891 2610 4958 αὖθις
2636 4893 2972 4965 ἐπιλήψομαι
2996 4894 3098 4964 τῆς
3130 4889 3465 4950 ἀκολουθίας.

375 4989 500 5039 tere,
533 4973 848 5042 Sunamitis,
879 4988 1162 5044 revertere,
1201 4987 1249 5033 et
1281 4978 1568 5034 videbimus
1601 4981 1656 5034 in
1695 4991 1741 5034 te
1759 4982 1800 5036 ⁸.
1838 4979 2020 5038 Redeo
2054 4981 2164 5054 jam
2195 4984 2265 5040 ad
2300 4985 2352 5040 id
2411 4985 2556 5057 quod
2591 4985 2748 5041 initio
2789 4999 3203 5055 proposueram,
3239 4993 3294 5039 et
3331 4977 3466 5054 quod
3496 4987 3611 5028 con-

372 5085 608 5138 sequens
636 5080 720 5126 est
747 5079 1003 5128 attexam.

447 5162 585 5219 XIX.
628 5163 800 5236 Negat
833 5181 863 5220 a
903 5165 1124 5220 Christo
1165 5165 1461 5237 perfectam
1494 5167 1732 5224 hominis
1775 5177 1938 5223 natu-

376 5269 494 5307 ram
522 5269 641 5311 esse
672 5267 1005 5328 susceptam.
1037 5257 1148 5314 lmo
1173 5268 1228 5316 et
1253 5259 1546 5316 nonnullos
1577 5261 1645 5316 ab
1677 5261 1824 5316 omni
1855 5275 1954 5330 spe

377 5347 574 5403 salutis
611 5350 818 5418 dejicit,
850 5352 1205 5408 vehementer
1259 5353 1384 5409 illos
1433 5355 1692 5409 territans
1754 5367 1818 5407 ac
1864 5353 1950 5406 di-

381 5455 536 5508 cens,
568 5459 676 5498 non
701 5459 823 5499 esse
853 5445 999 5515 quod
1037 5445 1332 5515 perfectam
1375 5447 1528 5501 illum
1581 5446 1818 5502 hominis
1864 5459 1950 5498 na-

458 5638 473 5668 ‘
505 5637 692 5690 Matth.
755 5655 824 5700 tv,
877 5641 932 5692 2.
1058 5645 1077 5673 ²
1111 5642 1302 5698 Matth.
1339 5661 1413 5702 xi,
1445 5645 1528 5698 l3.

1636 5647 1654 5677 ³
1679 5644 1835 5698 Joan.
1896 5661 1971 5706 ix,
2015 5645 2066 5699 6.

2130 5166 2228 5219 16'.
2267 5165 2491 5219 Τελείαν
2521 5166 2581 5219 οὗ
2613 5165 2858 5234 βούλεται
2880 5165 3059 5235 λέγειν
3095 5167 3194 5238 τὴν
3223 5167 3472 5238 ἐνσαρκον
3492 5161 3606 5229 Χρε-

2063 5257 2189 5310 στοῦ
2217 5257 2537 5327 παρουσίαν,
2571 5257 2705 5310 ἀλλά
2736 5258 2828 5310 καὶ
2849 5257 2947 5328 τὴν
2977 5258 3252 5328 σωτηρίαν
3277 5245 3606 5326 ἀποκρούετιί

2061 5367 2242 5411 τινων,
2285 5348 2450 5416 φόϐον
2492 5349 2732 5418 ἐμποιῶν
2779 5350 2873 5402 καὶ
2905 5349 3098 5418 λέγων,
3155 5350 3236 5403 ὅτι
3273 5367 3292 5400 ι
3325 5347 3395 5402 Οὐ
3427 5346 3502 5399 δεῖ
3529 5339 3605 5392 τέ-

2059 5442 2200 5496 λειον
2229 5441 2512 5512 ἄνθρωπον
2531 5443 2623 5496 τὸν
2653 5443 2814 5497 αὑτὸν
2837 5443 3182 5513 ἀνειληφέναι
3207 5443 3402 5511 λέγειν,
3425 5458 3442 5491 ι
3465 5434 3604 5506 δῆθεν

2159 5649 2177 5677 ⁸
2213 5645 2344 5701 Luc.
2407 5663 2521 5707 vm,
2560 5647 2648 5701 2t.
2754 5649 2772 5681 ⁸
2810 5647 2964 5704 Joan.
2995 5663 3070 5713 lx,
3103 5647 3155 5703 6.
3235 5649 3254 5680 ⁶
3285 5645 3436 5702 Rom.
3463 5655 3527 5704 Vh
3556 5643 3597 5698 9-

387 5706 405 5736 ⁷
433 5704 564 5763 Gen.
599 5722 659 5774 n,
703 5708 758 5762 7.
830 5710 851 5740 ⁸
885 5710 1040 5765 Cant.
1075 5728 1147 5779 vt,
1181 5713 1264 5766 l2.
1329 5715 1350 5745 ³
1378 5713 1438 5768 F.
1477 5714 1945 5786 ἀπαρακολουθησξ

2069 5715 2132 5770 Et
2167 5732 2290 5772 mox
2321 5717 2450 5788 παρ’
2477 5704 2662 5773 adeo?»

3905 2823 3911 2954 ι

3907 3049 3911 3235 ι
