3994 6224
357 321 457 378 6'"
1758 319 1816 375 S.
1861 317 2203 374 lil‘ll’ilANll
3586 301 3689 359 δη

360 414 650 490 ιιοιιιίοεεηὴ
686 432 831 487 illam
868 446 1054 487 vocem
1087 437 1551 502 praetermitteret,
1598 431 1665 487 ad
1701 432 1814 488 luce
1864 432 1937 489 ita

2062 432 2201 486 ιάσαι
2250 428 2311 482 τὸ
2365 425 2668 496 φιλόνεικον
2720 423 2888 495 ῥῆμα.
2933 423 2992 477 '0
3038 421 3096 476 δὲ
3144 416 3439 524 Βιτάλιος
3488 414 3679 524 E1271:-

358 522 556 581 Vitalis
585 525 947 580 occurrebat:
974 523 1119 591 Quid
1146 532 1254 588 est,
1288 523 1491 595 inquit,
1521 532 1937 581 controversum

2062 523 2108 577 Γί
2162 522 2273 593 γάρ
2324 520 2439 572 ἐστι
2484 516 2547 572 τδ
2588 515 2858 593 ἀναμέσον
2901 513 3091 586 ἠμῶν;
3146 508 3299 581 Εἵχε
3365 505 3495 579 γὰρ
3529 505 3692 571 οὗτος

361 619 508 674 inter
563 633 664 673 nos
692 624 746 673 et
776 615 1136 687 ambiguum?
1180 616 1433 671 Habebat
1469 626 1648 673 autem
1690 617 1941 672 nonnihil

2062 616 2323 671 ῑιάστασιν
2360 610 2497 683 πρὸς
2544 608 2824 681 αίδέσιμόν
2857 623 2979 660 τινα
3003 605 3171 677 ἄνδρα
3216 604 3331 657 καὶ
3371 598 3690 669 ἐπίσημον,

360 725 483 765 cum
516 708 746 765 Paulino
774 708 1037 780 episeopo
1074 707 1334 779 religioso
1362 716 1528 778 atque
1555 710 1774 780 egregio
1822 710 1941 764 viro

2062 704 2310 760 Ιαυλῖνον
2334 702 2425 756 τὸν
2453 701 2773 764 ἐπίσκοπον,
2804 697 2900 752 καὶ
2922 696 3184 760 Παυλῖνος
3213 693 3381 765 πρὸς
3406 691 3511 743 τὸν
3536 691 3690 761 εἰρη-

359 800 672 866 (Ιίεςοηὶίω,
702 800 1057 871 vicissimque
1082 798 1344 857 Paulinus
1367 816 1396 854 a
1423 799 1608 864 Vitali,
1639 816 1799 871 quem
1827 809 1942 855 tum

2062 798 2209 853 ιένον
2238 794 2506 856 Βιτόιλιον.
2538 792 2628 863 ὑφ’
2662 790 2819 864 ἡμῶν
2847 787 3296 862 μετακληθέντα.
3334 782 3691 852 Βουλόμενοι

360 892 777 955 accersivimus,
820 890 1148 946 dissidebat.
1184 889 1337 957 Quos
1369 891 1591 961 quidem
1636 890 1783 946 inter
1822 906 1945 948 sese

2062 891 2223 945 τοίνυν
2262 886 2605 960 ἀμφοτέρους
2635 886 2714 948 εἰς
2740 883 2963 955 εἰρήνην
2993 879 3358 951 συμϐιϐάσαι
3381 893 3398 906 ’
3439 872 3692 946 ἀμφότε-

359 985 659 1039 conciliare
684 983 1000 1039 studuimus
1036 1001 1049 1037 :
1099 983 1262 1037 ambo
1308 983 1454 1039 enim
1486 997 1609 1037 cum
1641 992 1847 1038 rectam
1880 998 1945 1038 ac

362 1075 635 1131 sinceram
662 1073 823 1128 ﬁdem
854 1073 1097 1144 proﬁteri
1121 1072 1460 1141 viderentur,
1481 1074 1651 1129 certis
1676 1073 1743 1129 de
1761 1073 1946 1129 causis

363 1181 392 1219 a
432 1182 492 1221 se
520 1174 713 1220 mutuo
739 1164 1143 1221 dissentiebant
1175 1185 1188 1221 :
1216 1180 1342 1221 nam
1370 1163 1568 1223 Vitalis
1590 1165 1823 1221 Paulino
1845 1165 1947 1221 Sa-

364 1258 585 1313 lielliani
616 1258 909 1329 quamdam
934 1257 1207 1329 dogmatis
1228 1272 1418 1315 vocem
1451 1258 1764 1328 objiciebat.
1790 1256 1949 1314 Unde

364 1364 492 1403 rum
535 1364 601 1404 eo
632 1365 734 1404 nos
766 1350 1231 1416 accessissemus,
1264 1350 1334 1405 ab
1368 1351 1619 1406 absoluta
1653 1366 1778 1405 cum
1806 1349 1948 1406 Pau-

365 1440 478 1496 lino
507 1440 896 1496 communione
923 1441 1369 1511 temperavimus,
1404 1440 1580 1498 donec
1609 1443 1793 1497 oblata
1824 1441 1949 1498 ﬁdei

365 1530 740 1603 professione,
770 1548 932 1601 quam
980 1534 1191 1605 scripto
1231 1535 1756 1604 comprehenderat,
1799 1534 1949 1591 aliud

366 1621 681 1691 persuasit:
717 1637 879 1692 quam
910 1622 1133 1693 quidem
1181 1621 1578 1694 professionem
1616 1625 1827 1697 1015
1857 1640 1950 1681 as-

368 1713 627 1768 sensione
649 1727 750 1768 sua
783 1713 1138 1768 conﬁrmarat
1171 1722 1353 1780 antea,
1389 1730 1513 1771 cum
1545 1731 1606 1772 se
1632 1716 1775 1786 apud
1813 1717 1943 1772 bea-

2050 998 2130 1052 ροι
2160 979 2269 1052 γὰρ
2290 978 2508 1033 ἐδόκουν
2526 974 2806 1048 όρθόδοξον
2831 973 3015 1028 πίστιν
3043 970 3390 1043 κηρύττειν,
3419 967 3526 1021 καὶ
3558 965 3693 1019 ’ἐκα-

2049 1088 2174 1136 στος
2215 1071 2497 1125 διάστασιν
2537 1066 2650 1140 εἷχε
2692 1066 2782 1122 διά
2813 1083 2935 1120 τινα
2979 1063 3266 1136 πρόφασιν
3292 1078 3309 1091 ’
3341 1062 3377 1114 ὁ
3432 1060 3546 1130 μὲν
3582 1057 3693 1131 γὰρ

2051 1160 2296 1226 Βιτάλιος
2328 1159 2581 1230 Παυλίνῳ
2607 1157 2895 1228 ἐπέφερεν,
2926 1155 3002 1219 ὡς
3041 1153 3168 1228 περὶ
3192 1149 3538 1207 Σαδελλίου
3571 1150 3691 1202 ὀνό-

2053 1271 2222 1327 ματος
2248 1253 2419 1326 ῥῆμα.
2453 1252 2564 1317 Διὸ,
2590 1250 2898 1322 γενομένων
2924 1247 3099 1319 ἡμῶν,
3133 1243 3567 1314 ὲπεσχέθημεν
3590 1239 3692 1310 τῆς

2049 1345 2191 1419 πρὸς
2219 1345 2312 1400 τὸν
2352 1344 2615 1400 Παυλῖνον
2636 1341 2846 1406 τελείας
2894 1338 3202 1402 κοινωνίας.
3228 1336 3362 1399 ἕως
3406 1334 3511 1387 ὅτε
3548 1332 3686 1404 μετά

2050 1437 2321 1499 ἐκθέσεως
2345 1437 2493 1507 ἡμᾶς
2538 1434 2817 1507 ἐγγράφου
2854 1431 3105 1485 ἔπεισεν·
3142 1423 3211 1501 ἧς
3239 1426 3366 1498 ἤδη
3403 1424 3695 1495 πρότερον

2050 1526 2348 1595 ἀπολογίας
2394 1524 2556 1595 χάριν
2621 1522 2760 1594 πρὸς
2801 1520 2893 1575 τὸν
2948 1518 3265 1592 μακαρίτην
3343 1514 3687 1568 ’Λθανάσιον

2052 1617 2348 1688 ἐποιήσατο
2393 1616 2493 1686 τὴν
2526 1611 2949 1683 συγκατάθεσιν.
2993 1611 3371 1681 Προσήνεγκε
3424 1604 3548 1677 γὰρ
3593 1606 3688 1659 καὶ

2052 1707 2326 1761 ἐπέδωκεν
2354 1707 2488 1777 ἡμῖν
2529 1704 2735 1774 ταύτης
2765 1701 2824 1754 τὸ
2862 1699 3195 1771 ἀντίγραφον
3246 1695 3391 1769 μεθ’
3429 1694 3684 1765 ὑπογρα‹

368 1813 483 1859 tum
500 1803 861 1860 Athanasium
892 1812 1172 1879 purgaret.
1201 1800 1377 1877 Hujus
1395 1807 1563 1879 igitur
1591 1809 1750 1865 nobis
1772 1824 1947 1865 exem-

2062 1804 2161 1873 φῆς
2196 1798 2383 1867 σαφῶς
2432 1797 2562 1869 περὶ
2617 1793 2849 1867 Τριάδος
2878 1792 2998 1864 ἕχον
3037 1789 3197 1862 ὁμοῦ,
3233 1790 3345 1844 καὶ
3396 1786 3545 1859 περὶ
3593 1787 3687 1840 νοῦ

369 1897 549 1968 plum,
588 1897 677 1952 cui
721 1898 1163 1968 subscripserat,
1194 1899 1393 1955 obtulit
1435 1917 1449 1954 :
1497 1899 1553 1955 in
1598 1915 1708 1971 quo
1758 1915 1947 1955 sacro-

368 1993 574 2042 sanctae
612 1986 898 2043 Trinitatis
926 2002 991 2043 ac
1016 1989 1237 2054 mentis,
1268 2003 1390 2058 qua:
1416 1988 1471 2044 in
1491 1989 1728 2045 humana
1745 1988 1950 2046 Christi

367 2085 566 2130 natura
597 2075 760 2141 inest,
795 2077 1128 2134 mentionem
1155 2087 1504 2149 expresserat
1537 2097 1551 2134 :
1592 2089 1821 2151 eratque
1858 2080 1950 2137 illa

367 2167 487 2237 ipsa
516 2167 815 2224 beatissimi
834 2168 1012 2224 Patris
1040 2170 1215 2225 nostri
1235 2169 1517 2226 Athanasii
1539 2185 1701 2226 manu
1721 2171 1950 2244 scripta.

370 2259 521 2315 lianc
554 2274 656 2316 nos
682 2259 1080 2332 subjiciendum
1120 2261 1225 2317 hoc
1258 2262 1379 2317 loco
1406 2265 1735 2332 putavimus.

372 2371 686 2442 Exemplum
724 2373 1069 2443 professionis
1098 2373 1243 2443 ﬁdei,
1266 2391 1424 2445 quam
1456 2373 1717 2432 Paulinus
1751 2377 1953 2445 episco-

690 2460 790 2515 pus
817 2461 917 2498 sua
946 2461 1108 2498 manu
1143 2447 1393 2515 scriptam
1424 2445 1635 2502 obtulit.

440 2553 583 2611 XXI.
624 2555 738 2630 Ego
764 2556 1029 2613 Paulinus
1075 2557 1157 2614 sic
1190 2559 1397 2623 sentio,
1431 2560 1889 2631 quemadmodum
1921 2577 1951 2617 a

367 2645 623 2704 Patribus
652 2651 836 2720 accepi
883 2669 895 2706 :
937 2649 1073 2707 Esse
1101 2659 1155 2705 et
1195 2652 1502 2707 subsistere
1527 2653 1826 2724 perfectum
1855 2653 1952 2709 Pa-

371 2752 532 2805 trem,
563 2753 616 2796 et
646 2742 947 2797 subsistere
972 2742 1272 2813 perfectum
1303 2741 1525 2806 Filium,
1555 2753 1609 2801 et
1651 2747 1954 2803 subsistere

370 2831 609 2903 denique
645 2833 947 2903 perfectum
979 2831 1244 2905 Spiritum
1277 2842 1551 2890 sanctum.
1585 2835 1766 2902 Quare
1805 2845 1859 2893 et
1888 2837 1951 2892 il-

375 2924 480 2976 lam
520 2922 687 2978 trium
720 2923 1113 2995 hyposlaseon,
1162 2931 1217 2980 et
1251 2924 1417 2982 unius
1458 2925 1796 2998 hypostasis,
1838 2927 1955 2984 sive

373 3015 696 3071 substantia:
739 3015 1252 3088 interpretationem
1298 3032 1424 3072 cum
1464 3017 1532 3074 iis
1580 3018 1673 3089 qui
1720 3019 1794 3072 ita
1829 3034 1956 3074 sen-

373 3107 546 3172 tiunt,
584 3107 903 3178 amplector.
961 3106 1055 3162 Est
1098 3108 1245 3163 enim
1292 3108 1477 3179 pietati
1502 3122 1950 3180 consentaneum,
1982 3150 2025 3209 ρ

373 3194 695 3253 Trinitatem
721 3199 776 3252 in
802 3213 907 3252 uua
944 3197 1236 3255 Divinitate
1269 3214 1569 3272 agnoscere
1590 3214 1654 3254 ac
1677 3199 1948 3254 conﬁteri.

374 3287 450 3343 De
488 3289 868 3344 incarnatione
899 3305 1084 3360 porro,
1115 3305 1278 3362 quam
1314 3300 1535 3361 prepter
1570 3307 1671 3347 uos
1709 3289 1950 3347 Verbum

375 3380 556 3436 Patris
611 3382 877 3451 suscepit,
908 3381 1003 3447 ita,
1031 3394 1089 3438 ut
1121 3393 1247 3439 ante
1285 3383 1549 3453 scriptum
1592 3391 1699 3449 est,
1738 3385 1947 3440 sentio:

375 3468 657 3535 nimirum,
691 3477 744 3523 ut
778 3469 1017 3526 Joannes
1051 3473 1293 3543 scripsit,
1324 3470 1560 3527 Verbum
1587 3488 1808 3529 carnem
1830 3488 1954 3530 esse

378 3559 581 3613 factum
612 3561 652 3612 ¹.
685 3557 869 3629 Neque
895 3560 1040 3614 enim
1083 3560 1267 3631 impiis
1319 3576 1383 3616 ac
1418 3562 1705 3618 sceleratis
1736 3563 1844 3620 illis
1872 3579 1955 3620 as-

376 3651 605 3716 sentior,
639 3652 731 3721 qui
762 3658 1030 3707 mutatum
1058 3652 1211 3707 illum
1232 3668 1354 3709 esse
1380 3653 1673 3722 deﬁniunt,
1712 3656 1809 3711 sed
1850 3671 1947 3727 po-

377 3744 484 3799 tius
527 3743 803 3800 hominem
848 3760 971 3801 esse
1007 3754 1194 3802 nostra
1245 3760 1413 3802 causa
1442 3745 1669 3815 factum,
1720 3755 1884 3820 atque
1923 3764 1955 3805 e

375 3835 727 3892 sanctissima
754 3834 976 3907 Virgine
1000 3835 1067 3892 de
1087 3834 1297 3909 Spiritu
1318 3843 1511 3893 sancto
1539 3853 1663 3894 esse
1683 3839 1950 3910 genitum.

377 3927 567 3998 Neque
617 3942 745 3983 vero
789 3935 883 3982 aut
914 3927 1238 3991 inanimum,
1271 3935 1366 3981 aut
1406 3942 1602 3985 sensus
1643 3944 1709 3983 ac
1753 3930 1954 3987 mentis

371 4032 573 4088 cxpch
605 4033 805 4089 corpus
826 4016 1076 4074 Salvator
1098 4017 1309 4074 habuit.
1347 4016 1508 4090 [Illud
1535 4035 1757 4091 quoque
1785 4022 1956 4076 Atha-

376 4110 515 4165 nasii
545 4111 788 4182 episcopi
815 4126 981 4167 manu
1020 4109 1200 4167 fuerat
1227 4110 1548 4185 adjectum}
1582 4112 1723 4168 Fieri
1749 4114 1952 4186 quippe

375 4217 483 4256 non
521 4208 722 4272 potest,
757 4210 816 4256 ut
839 4200 1055 4258 Domini
1078 4203 1275 4267 nostri,
1302 4203 1394 4274 qui
1413 4211 1634 4274 propter
1657 4220 1759 4260 nos
1790 4205 1955 4260 homo

377 4293 554 4350 factus
588 4303 692 4361 est,
729 4296 930 4350 mentis
973 4311 1168 4367 expers
1194 4311 1396 4367 corpus
1440 4296 1531 4352 sit.
1580 4294 1734 4351 Unde
1772 4304 1826 4352 et
1861 4312 1955 4352 eos

374 4402 565 4442 onmcs
603 4386 949 4443 anathemate
983 4388 1205 4456 damno,
1251 4388 1344 4459 qui
1385 4389 1723 4459 propositam
1766 4404 1830 4444 ac
1866 4405 1958 4445 re-

2052 1895 2150 1964 τῆς
2177 1892 2270 1946 τοῦ
2318 1890 2556 1962 Χριστοῦ
2606 1887 3100 1960 ἐνανθρωπήσεως,
3142 1883 3297 1956 χειρὶ
3351 1880 3682 1951 αὐτοῦτοῦ

2055 1982 2358 2057 μακαρίτου
2392 1981 2608 2054 [ἰατρὸς
2636 1980 2795 2052 ἡμῶν
2836 1977 3178 2042 Ἀθανασίου,
3206 1976 3276 2047 ἢν
3301 1973 3548 2029 ἔκθεσιν
3567 1965 3687 2019 καθ·

2054 2069 2319 2141 υπέταξα.
2379 2075 2490 2131 Καί
2521 2076 2670 2130 ἐστιν
2697 2073 2813 2146 ἥδε.

2103 2400 2490 2471 Ἀντὶῃοαφον
2524 2397 2724 2469 χειρὸς
2747 2397 3057 2451 Παυλῖνον
3091 2393 3196 2449 τοῦ
3227 2392 3629 2448 ἐπισκόπου.

2126 2558 2258 2615 ΚΑ’.
2311 2556 2451 2628 Ἐγὼ
2500 2557 2763 2621 Παυλῖνος
2801 2558 2829 2610 ὁ
2877 2546 3175 2617 ἐπίσκοπος
3215 2552 3405 2616 οὕτως
3458 2549 3672 2620 φρονῶ,

2055 2650 2237 2715 καθὼς
2295 2650 2600 2723 παρέλαϐον
2662 2649 2774 2703 ἀπὸ
2826 2649 2936 2701 τῶν
2965 2647 3225 2718 Πατέρων
3246 2685 3263 2710 ,
3328 2645 3519 2697 Ὄντα
3578 2643 3670 2695 καὶ

2055 2742 2343 2813 ὑφεστῶτα
2389 2741 2608 2812 Πατέρα
2647 2740 2885 2802 τέλειον,
2937 2738 3034 2793 καὶ
3076 2738 3369 2807 ὑφεστῶτα
3412 2735 3550 2788 Υἰὺν
3577 2732 3668 2786 τέ-

2055 2837 2229 2899 λειον,
2258 2836 2351 2889 καὶ
2383 2833 2630 2905 ὑφεστὼς
2658 2832 2719 2886 τὸ
2750 2831 2977 2902 Πνεῦμα
3015 2829 3078 2883 τὺ
3108 2829 3264 2897 ἆγιον
3290 2827 3540 2881 τέλειον.
3580 2822 3670 2875 Διὸ

2055 2928 2152 2982 καὶ
2240 2927 2574 2997 ἀποδέχομαι
2636 2924 2736 2996 τὴν
2779 2922 3281 2995 προγεγραμμένην
3359 2915 3667 2991 ἑρμηνείαν

2057 3017 2222 3090 τριῶν
2251 3017 2603 3071 ὑποστάσεων
2624 3053 2639 3078 ,
2683 3013 2780 3068 καὶ
2809 3012 2908 3083 τῆς
2941 3012 3068 3083 μιᾶς
3100 3009 3469 3071 ὑποστάσεως
3491 3046 3507 3071 ,
3549 3005 3667 3075 ἦτοι

2057 3109 2268 3173 οὐσίας,
2316 3108 2410 3162 καὶ
2453 3107 2579 3169 τοὺς
2626 3103 2961 3176 φρονοῦντας
3017 3102 3209 3166 οὑτως.
3260 3099 3515 3162 Εὑσεόὲς
3556 3095 3663 3166 γάρ

2061 3202 2176 3253 ἐστι
2224 3200 2438 3269 φρονεῖν
2478 3198 2572 3252 καὶ
2609 3196 2891 3268 ὁμολογεῖν
2917 3195 3017 3264 τὴν
3047 3193 3255 3264 Τριὰδα
3284 3194 3347 3245 ὲν
3402 3191 3512 3261 μιᾷ
3535 3186 3663 3240 Θεό-

2058 3307 2200 3361 τητι.
2238 3291 2346 3344 Καὶ
2378 3291 2508 3360 περὶ
2531 3290 2630 3360 τῆς
2664 3287 3131 3359 ένανθρωπὴσεως
3161 3286 3259 3358 τῆς
3283 3285 3356 3339 δι’
3386 3284 3542 3356 ἡμᾶς
3569 3297 3662 3350 γε-

2059 3383 2291 3454 νομένης
2323 3381 2417 3435 τοῦ
2454 3382 2627 3451 Λόγου
2662 3380 2756 3436 τοῦ
2801 3381 3013 3452 [lat-pb;
3045 3379 3187 3433 οὑτω
3214 3378 3406 3451 φρονῶ
3426 3419 3442 3444 ,
3479 3373 3661 3437 καθὼς

2061 3474 2498 3547 προγέγραπται,
2528 3475 2610 3528 ὅτι
2640 3473 2784 3528 κατὰ
2815 3473 2908 3526 τὸν
2946 3473 3201 3542 Ἰωάννην
3235 3472 3264 3523 ὁ
3285 3471 3493 3537 ,Λόγος
3525 3464 3657 3537 σὰρξ

2060 3567 2296 3637 ἐγένετο.
2346 3568 2421 3622 Οὐ
2462 3566 2573 3639 γὰρ
2622 3566 2764 3622 κατὰ
2796 3568 2922 3630 τοὺς
2956 3562 3357 3626 ἀσεϐεστάτους
3392 3561 3528 3622 τοὺς
3566 3557 3653 3611 λέ-

2060 3677 2254 3731 γοντας
2280 3658 2583 3732 μεταϐολὴν
2612 3658 2774 3714 αὑτὸν
2797 3657 3144 3719 πεπονθέναι,
3171 3656 3285 3711 ἀλλ’
3311 3656 3398 3710 ὅτι
3419 3654 3490 3708 δι’
3514 3649 3656 3722 ἡμᾶς

2059 3751 2346 3825 ἄνθρωπος
2378 3752 2636 3822 γέγονεν,
2671 3750 2736 3804 ἐκ
2779 3768 2841 3804 τε
2879 3749 2981 3820 τῆς
3014 3748 3180 3818 ἁγίας
3228 3746 3519 3819 Παρθένου
3563 3740 3655 3795 καὶ

2061 3841 2218 3910 ἁγίου
2250 3841 2568 3913 Πνεὺματος
2608 3838 2909 3912 γεννηθείς.
2938 3837 3075 3894 Οὔτε
3119 3837 3229 3912 γὰρ
3260 3837 3495 3908 ἄψυχον,
3534 3830 3653 3885 οὔτε

2060 3935 2407 4007 ἀναίσθητον,
2437 3932 2562 3989 οὔτε
2593 3933 2822 4005 ἀνόητον
2847 3932 3003 4004 σῶμα
3029 3927 3176 4003 εἶχεν
3204 3933 3233 3985 ὁ
3264 3931 3485 4001 Σωτήρ.
3516 3924 3646 3999 [Καὶ

2061 4030 2120 4083 ὲν
2170 4029 2238 4099 τῇ
2289 4025 2434 4099 χειρὶ
2482 4023 2578 4079 τοῦ
2619 4025 2919 4078 ἐπισκόπου
2960 4021 3278 4076 ’Δθανασίου
3299 4019 3370 4091 ’.1
3424 4018 3502 4072 Οὑ
3547 4015 3652 4086 γὰρ

2060 4117 2170 4175 οἷόν
2198 4138 2257 4175 τε
2288 4114 2357 4191 ἦν
2381 4117 2474 4173 τοῦ
2505 4117 2710 4188 Κυρίου
2743 4113 3032 4188 ἀνθρώπου
3064 4113 3131 4167 δι’
3160 4112 3306 4185 ἡμᾶς
3337 4106 3649 4179 γενομένου.

2062 4214 2288 4286 ἀνόητον
2333 4210 2500 4266 αὑτοῦ
2551 4205 2691 4264 εἶναι
2736 4208 2797 4262 τὸ
2840 4207 3019 4279 σῶμα.
3052 4204 3213 4260 Ὅθεν
3261 4198 3646 4272 ἀναθεματίζω

2063 4306 2190 4371 τοὺς
2240 4303 2567 4367 ἀθετοῦντας
2594 4301 2696 4372 τὴν
2735 4302 2793 4354 ὲν
2828 4297 3034 4370 Νικαίξι
3084 4294 3512 4368 ὁμολογηθεῖσαν
3557 4287 3646 4342 πί·

2066 4415 2204 4465 στιν,
2239 4395 2335 4451 καὶ
2365 4395 2439 4467 μὴ
2471 4392 2867 4467 ὁμολογοῦντας
2911 4393 2977 4445 ὲκ
3005 4390 3104 4461 τῆς
3134 4387 3321 4451 οὐσίας
3340 4427 3356 4453 ,
3386 4387 3420 4456 ἢ
3455 4378 3646 4455 ὁμοσύ-

375 4486 588 4549 eeptam
626 4481 681 4534 in
715 4478 933 4535 Nicaeua
973 4482 1184 4553 synodo
1234 4481 1394 4537 ﬁdem
1429 4492 1716 4553 respuunt,
1782 4497 1954 4553 neque

2067 4507 2179 4544 σιον
2210 4484 2349 4543 εῖναι
2387 4487 2478 4541 τὸν
2514 4486 2640 4540 Υίδν
2670 4484 2749 4556 τῷ
2784 4482 2974 4554 Πατρί.
3016 4477 3429 4551 Ἀναθεματίζω
3471 4476 3528 4570 ὑὲ
3556 4469 3643 4570 καὶ

376 4567 577 4623 Filium
605 4586 636 4626 e
675 4569 856 4627 Patris
893 4573 1200 4629 substantia
1231 4575 1598 4645 processisse,
1630 4585 1725 4630 aut
1779 4575 1956 4632 eidem

376 4663 900 4719 consubstantialem
932 4681 1057 4723 esse
1094 4668 1447 4723 conﬁtentur.
1492 4667 1597 4724 Sed
1628 4677 1683 4725 et
1714 4668 1836 4725 illos
1879 4669 1963 4724 in-

377 4770 544 4825 super
571 4756 896 4821 condemno,
928 4757 1021 4827 qui
1055 4756 1323 4829 Spiritum
1359 4769 1612 4815 sanctum
1643 4769 1956 4816 creaturam

374 4862 499 4901 csse
524 4860 621 4917 per
658 4844 857 4900 Filium
889 4848 1213 4917 productam
1243 4858 1522 4905 asserunt.
1549 4850 1837 4907 Postremo
1866 4850 1962 4907 Sa-

378 4936 523 4991 l-ellii
574 4953 638 4993 ac
675 4936 917 5002 Photini,
953 4939 1198 5012 adeoque
1228 4942 1468 5012 reliquas
1500 4959 1691 5001 omnes
1724 4943 1959 5001 luci-eses

2065 4582 2190 4646 τοὺς
2227 4581 2483 4650 λέγοντας
2517 4579 2578 4632 τὸ
2621 4576 2844 4647 Πνεῦμα
2882 4576 2945 4628 τὸ
2983 4576 3138 4643 ἅγιον
3171 4571 3377 4642 κτίσμα
3432 4568 3520 4623 διὰ
3554 4560 3643 4617 τοῦ

2064 4672 2195 4726 Υἱοῦ
2228 4671 2471 4741 γεγονός.
2503 4671 2622 4723 Ἔτι
2673 4668 2731 4721 δὲ
2761 4662 3145 4737 ὰναθεματίζω
3188 4662 3288 4734 τὴν
3339 4655 3639 4714 Σαϐελλίου,

2064 4765 2159 4818 καὶ
2190 4761 2493 4826 Φωτεινοῦ,
2529 4761 2623 4816 καὶ
2658 4760 2839 4813 πᾶσαν
2879 4758 3125 4830 αἵρεσιν,
3178 4750 3407 4824 στοιχῶν
3447 4751 3514 4820 τῇ
3555 4742 3638 4796 πί-

2064 4873 2178 4910 στει
2214 4857 2280 4927 τῇ
2327 4854 2467 4911 κατὰ
2504 4853 2741 4908 Νίκαιαν
2775 4853 2869 4906 καὶ
2904 4852 3038 4905 πᾶσι
3068 4851 3180 4911 τοῖς
3225 4835 3640 4918 προγεγραμμέε

2062 4966 2194 5013 νοις.

377 5028 582 5083 damno
609 5030 769 5100 eique
790 5029 912 5086 ﬁdei
948 5030 1255 5098 subscribo,
1283 5046 1405 5103 quae
1435 5033 1488 5088 in
1510 5031 1728 5090 Nicaena
1753 5035 1964 5107 synodo
1995 5036 2216 5095 decreta
2259 5048 2341 5096 est
2369 5058 2382 5095 :
2414 5055 2479 5096 ac
2535 5040 2773 5112 denique
2827 5051 2891 5095 ea
2925 5035 3226 5107 amplector
3285 5029 3487 5095 omnia,
3528 5033 3639 5092 qua?

369 5134 432 5173 su
445 5135 543 5192 pra
568 5122 774 5194 scripta
808 5133 957 5178 sunt.

802 5215 1072 5271 Hactenus
1102 5216 1226 5286 ﬁdei
1255 5216 1534 5287 professio.

449 5306 615 5367 XXII.
651 5307 963 5366 Secundum
1025 5310 1143 5366 ιιωο
1193 5309 1424 5367 Vitalem
1493 5313 1721 5383 ejusque
1785 5315 1965 5371 socios

384 5401 599 5474 1016
624 5403 705 5460 sic
733 5403 954 5461 alloculi
985 5420 1177 5461 sumus
1220 5425 1234 5461 :
1266 5405 1408 5471 Quid
1438 5414 1622 5460 autem
1661 5413 1715 5461 et
1753 5421 1850 5462 vos
1877 5407 1964 5461 di-

383 5491 546 5547 citis?
593 5491 652 5546 Si
683 5494 815 5562 quid
845 5495 1079 5550 invicem
1124 5494 1337 5550 dissidii
1383 5494 1621 5556 habetis,
1666 5494 1963 5549 conciliata

386 5594 516 5649 pace
550 5582 766 5649 penitus
807 5585 1000 5641 tollite.
1036 5586 1103 5639 At
1149 5586 1236 5641 ille
1270 5603 1283 5637 :
1322 5584 1548 5652 Dieant,
1594 5584 1791 5654 inquit.
1825 5582 1964 5639 Tum

389 5672 779 5744 objicientibus
810 5677 932 5731 aliis
965 5693 1160 5747 negare
1197 5680 1346 5747 ipsos
1371 5679 1650 5733 Christum
1685 5679 1961 5732 hominem

461 5791 477 5824 ¹
519 5786 679 5845 Joan.
719 5804 759 5854 ι,
794 5791 878 5844 Η.
950 5792 970 5823 ¹
1021 5790 1192 5849 Unris
1221 5796 1434 5853 inclusa
1468 5796 1644 5851 aliena
1682 5796 1955 5853 videntur.

2684 5217 3051 5287 Ἐπληρώθη.

2133 5313 2264 5369 KB'.
2302 5314 2594 5385 Ἐλὲγομεν
2620 5313 2675 5366 δὲ
2701 5313 2795 5365 καὶ
2820 5310 2898 5381 τῷ
2928 5305 3146 5378 ἀδελφῷ
3173 5302 3406 5372 Βιταλίῳ
3428 5300 3518 5354 καὶ
3536 5296 3636 5357 τοῖς

2065 5406 2163 5460 σὺν
2210 5405 2394 5477 αὑτῷ-
2428 5406 2492 5458 Τί
2527 5405 2620 5459 καὶ
2651 5406 2808 5475 ὑμεῖς
2837 5403 3059 5470 λέγετε;
3092 5396 3160 5451 Et
3185 5396 3238 5448 τί
3273 5396 3420 5448 ἐστιν
3453 5385 3638 5459 ἀναμέ-

2066 5512 2157 5547 σον
2213 5495 2408 5566 ὑμῶν,
2469 5494 2854 5567 διορθώσασθε.
2898 5491 2957 5544 Ὀ
3008 5489 3065 5544 δὲ
3122 5488 3260 5557 ἔφη’
3313 5482 3631 5552 Λεγέτιοισαν.

2059 5587 2320 5657 Ἐφησαν
2483 5589 2564 5641 ὅτι
2592 5588 2650 5640 Οὐ
2693 5586 2911 5653 λέγουσι
2945 5584 3035 5638 τδν
3063 5578 3297 5649 Χριστὸν
3325 5575 3523 5627 τέλειον

2075 5680 2288 5749 γονέναι
2322 5680 2626 5752 ἄνθρωπον.
2664 5679 2724 5732 Ὀ
2771 5677 2827 5731 δὲ
2858 5677 3019 5740 εὐθὺς
3060 5669 3353 5741 summi},
3394 5668 3474 5721 ὅτι
3505 5681 3511 5686 ’
3539 5655 3631 5712 Mi
