3994 6224
361 350 468 406 673

970 347 1335 404 ABVEKSI'S
1383 349 1718 404 IIJEIiI'ZSFS
1754 351 1880 404 LIB.
1925 352 2013 406 III.
2056 349 2219 406 ΤΟΪιΙ.
2265 351 2336 405 II.
2376 384 2443 394 -—
2481 351 2752 406 Il/ERES.
2801 348 3057 405 LXXVII.

3521 347 3630 406 δτι

362 463 735 535 ὁμολογοῦμεν
767 465 860 518 τὸν
905 467 1136 538 Χριστὸν
1166 467 1370 520 τέλειον
1403 467 1690 535 ἄνθρωπον
1724 467 1941 538 εἰληφέ-

2049 482 2173 523 esse
2213 467 2537 538 perfectum,
2561 476 2753 522 contra
2784 465 2978 520 V'italis
3004 463 3322 535 respondit:
3358 463 3471 517 Imo
3495 479 3628 516 vero

371 569 473 605 θαι.
520 549 628 606 Ἶιν
685 553 743 606 δὲ
788 553 946 607 τοῦτο
995 555 1312 627 θαυμαστὸν
1368 557 1483 619 τοῖς
1536 556 1799 611 ἀκούσασι
1853 558 1946 610 καὶ

362 645 540 715 χαρᾶς
569 644 823 715 ἔμπλεον.
852 646 1064 709 Είδότες
1097 649 1257 718 ἡμεῖς
1283 649 1381 719 τὴν
1413 649 1652 703 διάνοιαν
1673 651 1783 702 τῶν
1812 667 1946 722 προ-

363 735 582 806 φάσεων
612 735 702 787 τὸν
736 734 860 789 νοῦν
897 735 1007 790 τῶν
1050 737 1195 791 ίδίων
1221 737 1465 807 ἀδελφῶν
1496 737 1944 811 σφετεριζόντων,

361 825 426 879 τὸ
507 826 734 898 ἀκριϐὲς
807 827 1168 899 ἐνεμείναμεν
1227 829 1570 901 ἐρωτῶντες,
1627 833 1710 885 ὄτι
1783 832 1947 886 Φύσει

365 920 546 990 σάρκα
570 919 851 990 ὁμολογεῖς
869 919 960 973 τὸν
982 921 1219 992 Χριστὸν
1241 921 1520 992 εἰληφέναι
1543 939 1557 987 ;
1578 923 1635 976 Ὀ
1660 923 1716 976 δὲ
1739 924 1948 978 συνετί-

363 1010 511 1073 θετο,
545 1011 624 1064 ὅτι
656 1009 784 1067 Ναί.
804 1010 934 1065 Ἀπὸ
956 1012 1177 1084 Μαρίας
1201 1014 1298 1083 τῆς
1325 1014 1486 1082 ἀγίας
1515 1013 1790 1086 Παρθένου
1817 1015 1944 1070 ἄνευ

363 1107 681 1178 σπέρματος
721 1107 948 1178 ἀνδρὸς.
985 1107 1084 1160 καὶ
1137 1107 1228 1162 διὰ
1267 1107 1584 1178 Πνεύματος
1630 1109 1807 1178 ἀγίον;
1881 1107 1945 1163 '0

359 1195 416 1248 δὲ
451 1196 546 1248 καὶ
592 1195 750 1249 τοῦτο
783 1195 1072 1266 ὡμολόγει.
1119 1195 1282 1250 Φύσει
1315 1199 1380 1251 ὲκ
1409 1197 1507 1267 τῆς
1539 1196 1816 1269 Παρθένου
1861 1197 1942 1251 ex.

359 1285 469 1338 θὼν
509 1286 608 1356 τὴν
645 1287 823 1358 σάρκα
867 1287 1158 1356 ἀνείληφεν
1188 1287 1217 1339 6
1247 1287 1379 1351 Θεὸς
1419 1289 1592 1359 Λόγος
1625 1290 1654 1341 6
1687 1289 1814 1354 Υἱὸς
1852 1290 1942 1344 τοῦ

357 1376 530 1442 Θεοῦ;
559 1376 619 1429 '0
643 1376 699 1428 δὲ
722 1376 860 1446 μετὰ
881 1376 1079 1448 βάρους
1099 1378 1423 1432 συνετίθετο.
1457 1381 1595 1452 Ἤδη
1623 1381 1679 1434 δὲ
1708 1382 1767 1434 ὲν
1801 1382 1944 1452 χαρᾷ

358 1468 768 1539 καθιστάμεθα·
823 1469 1011 1540 ἐπειδὴ
1067 1469 1222 1541 παρά
1266 1488 1426 1525 τινων
1479 1472 1616 1543 πρὸς
1663 1474 1810 1544 ἡμᾶς
1865 1475 1945 1537 είς

361 1563 587 1628 Κύπρον
613 1561 874 1615 ἐλθόντων
905 1561 1220 1633 ἠκούσαμεν
1239 1563 1352 1616 τῶν
1378 1565 1790 1636 προειρημένων
1821 1566 1944 1619 παί-

356 1651 486 1719 δων,
521 1653 600 1705 ὅτι
637 1652 742 1706 οὐδ’
774 1653 910 1717 ὅλως
949 1654 982 1724 ἠ
1024 1651 1160 1725 σὰρξ
1190 1654 1299 1707 ἀπὸ
1336 1654 1556 1726 Μαρίας
1591 1655 1940 1726 ὡμολογεῖτο.

360 1746 494 1799 Ὅτε
524 1744 582 1796 δὲ
621 1744 782 1807 αὐτὸς
827 1746 855 1797 6
893 1744 1284 1809 εὐλαϐέστατος
1318 1746 1455 1818 ἀνὴρ
1493 1747 1558 1799 ὲκ
1586 1747 1806 1818 Μαρίας
1841 1747 1942 1819 τὴν

2049 558 2331 613 Christum
2389 559 2627 614 fatemur
2673 559 2975 630 perfectum
3028 558 3302 612 hominem
3361 555 3624 610 induisse.

2049 648 2203 720 Quod
2242 651 2362 718 ejus
2393 667 2717 722 responsum
2745 666 2850 704 non
2879 650 3140 704 minorem
3167 647 3514 702 audientibus
3539 663 3631 700 vo-

2050 739 2312 811 luptatem
2343 757 2507 812 quam
2541 741 2960 797 admirationem
3009 741 3212 794 attulit.
3248 743 3315 792 At
3364 754 3492 801 nos,
3535 738 3628 806 qui

2049 831 2371 886 callidorum
2401 832 2706 896 hominum,
2737 846 2765 884 a
2792 830 2992 900 quibus
3027 829 3222 885 fratres
3258 830 3428 884 nostri
3466 828 3519 881 in
3537 844 3629 882 er-

2052 939 2230 978 rorem
2267 923 2703 987 abducebantur,
2756 924 2980 977 intimos
3021 937 3217 977 sensus
3258 937 3320 975 ac
3362 923 3627 991 tergiver-

2051 1017 2293 1072 sationrs
2315 1018 2562 1087 cognitas
2582 1017 2942 1078 habebamus.
2973 1017 3154 1069 acrius
3171 1015 3224 1067 in
3246 1013 3630 1084 interrogando

2051 1108 2411 1178 perstitimus.
2448 1108 2929 1172 Et,Christumne,
2967 1106 3230 1166 diximus,
3271 1106 3488 1175 proprie
3514 1119 3632 1157 ear-

2049 1214 2172 1253 nem
2207 1203 2576 1270 assumpsisse
2595 1201 2900 1271 profiteris?
2923 1199 3208 1260 Proﬁteor.
3243 1199 3438 1268 inquit.
3459 1181 3630 1249 idam-

2054 1291 2250 1347 demne
2294 1293 2361 1346 de
2410 1292 2577 1346 Maria
2619 1292 2840 1364 Virgine
2897 1293 3016 1348 sine
3067 1293 3206 1346 virili
3257 1299 3376 1345 satu
3429 1305 3493 1342 ac
3537 1304 3631 1358 per.

2063 1385 2325 1455 Spiritum
2357 1395 2608 1441 sanctum
2640 1387 2958 1457 accepisse?
2993 1385 3070 1441 Ne
3110 1387 3250 1443 istud
3282 1385 3499 1456 quidem
3552 1383 3630 1434 in-

2051 1478 2266 1532 ficialus
2325 1486 2430 1533 est.
2487 1477 2807 1533 Utrumnam
2877 1481 3095 1550 proprie
3178 1479 3342 1532 Deum
3393 1476 3630 1530 Verbum

2053 1569 2255 1640 Deique
2291 1568 2484 1624 Filium
2517 1570 2800 1624 existimas
2830 1586 2859 1625 e
2891 1571 3030 1624 cmlo
3055 1570 3477 1624 desorndentem
3511 1583 3628 1621 car-

2049 1677 2170 1715 nem
2201 1661 2506 1730 sumpsisse
2539 1659 2606 1714 de
2643 1659 2899 1730 Virgine?
2929 1660 3121 1732 Magna
3160 1663 3250 1716 illo
3285 1677 3408 1716 cum
3451 1658 3626 1728 gravi-

2047 1761 2159 1808 tate
2189 1767 2452 1807 assensus
2489 1761 2594 1807 est.
2645 1751 2716 1806 Ea
2750 1768 2838 1808 res
2886 1755 3050 1808 nobis
3095 1769 3324 1808 summm
3363 1751 3628 1822 voluptati

359 1838 542 1910 σάρκα
583 1836 934 1906 ἀνειληφέναι
981 1837 1071 1890 τὸν
1121 1836 1326 1908 Κύριον
1357 1837 1517 1909 ἡμῶν
1557 1838 1764 1911 Ἰησοῦν
1804 1838 1938 1911 Χρι-

2051 1842 2171 1896 fuit.
2205 1841 2416 1913 Quippe
2448 1857 2477 1894 a
2508 1841 2793 1913 discipulis
2830 1843 2960 1908 illis,
2993 1860 3132 1914 quos
3186 1843 3238 1897 in
3283 1845 3524 1914 Cyprum
3564 1842 3630 1896 ad

361 1931 487 1985 στὸν
515 1931 834 2002 ὡμολόγησε
855 1973 870 1996 ,
901 1929 1064 1984 πάλιν
1092 1933 1224 2002 παρ’
1258 1933 1291 2002 ἡ
1301 1932 1416 2002 μῶν
1448 1934 1699 2005 ἠρωτᾶτο
1719 1974 1734 1999 ,
1765 1936 1814 1988 εί
1847 1935 1943 1989 καὶ

356 2023 537 2095 ψυχὴν
571 2023 811 2094 εἴληφεν.
850 2024 910 2076 ⁸0
938 2023 995 2076 δὲ
1028 2024 1122 2076 καὶ
1147 2024 1228 2088 εἰς
1259 2023 1418 2078 τοῦτο
1447 2026 1646 2098 ὁμοίως
1677 2027 1814 2098 μετά
1849 2027 1945 2098 βά-

363 2134 492 2187 ρους
523 2115 846 2179 συνετίθετο,
883 2116 958 2179 ὡς
985 2117 1045 2170 οὐ
1073 2116 1178 2188 χρὴ
1204 2118 1380 2188 λέγειν
1413 2118 1607 2184 άλλως,
1641 2118 1776 2173 ἀλλά
1801 2119 1944 2173 κατά

359 2209 540 2263 πάντα
564 2208 868 2278 ἀληθεύειν.
894 2207 1014 2280 Χρὴ
1039 2209 1148 2280 γὰρ
1179 2209 1271 2262 τὸν
1295 2210 1424 2282 περὶ
1451 2210 1708 2281 ἀληθείας
1735 2211 1944 2284 ἀνθρὼ-

359 2319 484 2366 ποις
509 2302 805 2372 γράφοντα,
829 2301 918 2354 τὸν
949 2300 1124 2354 πάντα
1144 2301 1268 2354 νοῦν
1292 2301 1498 2366 δοῦναι,
1524 2303 1630 2374 πρὸ
1649 2301 1943 2374 ὀφθαλμῶν

362 2394 464 2464 μὲν
499 2395 592 2448 τὸν
641 2394 806 2462 φόϐον
842 2393 936 2448 τοῦ
971 2393 1106 2447 Θεοῦ
1148 2393 1312 2464 ἔχειν,
1363 2394 1457 2448 καὶ
1494 2395 1660 2466 μηδὲν
1689 2413 1944 2468 παραπε-

360 2485 655 2556 ποιημένον
710 2488 790 2550 είς
843 2485 942 2558 τὴν
999 2486 1100 2557 τῆς
1158 2487 1384 2559 Γραφῆς
1433 2485 1767 2556 ἐπαγγελίαν
1821 2504 1944 2540 συν-

356 2595 594 2636 ταττειν.

2048 1949 2149 1989 nos
2171 1933 2389 1990 venisse
2415 1942 2574 1988 antea
2607 1934 2971 2000 narravimus,
2993 1935 3263 2005 ejusmodi
3286 1952 3408 1992 esse
3434 1935 3630 2007 dogma

2047 2026 2263 2080 illorum
2293 2025 2664 2090 audieramus,
2708 2028 2915 2084 Christi
2959 2044 3180 2084 carnem
3220 2044 3251 2084 e
3280 2027 3448 2081 Maria
3481 2027 3630 2081 nullo

2047 2117 2210 2172 modo
2239 2133 2361 2173 esse
2402 2127 2734 2188 susceptam:
2781 2119 2964 2186 Quare
3005 2137 3131 2177 cum
3183 2121 3631 2193 religiosissimus

2049 2210 2153 2266 iste
2183 2208 2378 2265 Vitalis
2413 2209 2699 2265 Dominum
2727 2222 2974 2268 nostrum
3003 2213 3484 2271 JesumChristum
3510 2229 3628 2268 car-

2049 2317 2173 2355 nem
2214 2317 2244 2356 e
2287 2299 2454 2354 Maria
2499 2303 2734 2358 traxisse
2772 2305 3117 2374 praedicaret,
3157 2307 3354 2361 iterum
3395 2321 3425 2360 a
3471 2305 3629 2362 nobis

2050 2394 2420 2461 interrogatus
2454 2401 2558 2454 est.
2589 2409 2718 2448 nmn
2755 2403 2810 2450 et
2843 2397 3080 2451 animam
3113 2397 3354 2453 indidem
3384 2397 3626 2466 accepis-

2051 2495 2155 2542 set.
2200 2486 2291 2541 Ille
2317 2487 2430 2556 pari
2478 2489 2741 2557 gravitate
2786 2504 2849 2543 ac
2883 2492 3192 2546 constantia
3224 2492 3501 2562 accepisse
3526 2490 3634 2546 fas-

2052 2594 2148 2634 sus
2187 2587 2306 2645 est;
2337 2594 2512 2648 neque
2540 2580 2698 2634 aliter
2732 2582 3113 2648 asserendum,
3147 2583 3240 2639 sed
3284 2584 3338 2637 in
3369 2583 3628 2637 omnibus

356 2673 503 2740 quod
567 2686 752 2726 verum
799 2679 883 2727 est
921 2672 1388 2743 pronuntiandum
1431 2688 1556 2731 esse
1600 2673 1759 2729 dixit.
1825 2673 2116 2728 Enimvero
2183 2687 2406 2728 necesse
2447 2683 2533 2728 est
2575 2689 2732 2737 eum,
2777 2675 2871 2744 qui
2931 2675 2998 2731 de
3041 2677 3268 2732 veritate
3311 2676 3628 2732 hominibus

357 2767 582 2829 scribat,
617 2773 733 2820 toto
765 2766 932 2820 animi
965 2761 1164 2821 conatu
1207 2766 1261 2820 in
1306 2767 1360 2821 id
1400 2783 1568 2822 unum
1603 2768 1940 2830 incumbere,
1983 2775 2040 2821 ut
2089 2767 2178 2820 Dei
2212 2767 2313 2822 sibi
2343 2768 2592 2822 timorem
2644 2769 2717 2824 ob
2743 2769 2931 2826 oculos
2958 2782 3248 2843 proponat,
3300 2790 3477 2845 neque
3525 2775 3625 2829 Iat-

359 2873 480 2914 smn
509 2859 808 2928 quidquam
855 2873 917 2911 ac
955 2867 1160 2914 temere
1195 2860 1488 2915 confictum
1525 2859 1591 2914 ad
1619 2870 1932 2930 susceptam
1975 2859 2327 2928 scriptionem
2363 2857 2686 2914 admisceat.

431 2954 552 3008 Kl".
605 2955 888 3026 Ὠμολόγει
922 2951 1014 3009 οὖν
1043 2958 1071 3008 6
1111 2956 1356 3019 Βιτάλιος
1387 2957 1480 3009 καὶ
1509 2955 1687 3026 ψυχὴν
1714 2955 1814 3028 τὴν
1849 2956 1942 3008 ἀν-

356 3047 635 3119 θρωπίνην
692 3048 992 3120 εἰληφέναι.
1053 3041 1224 3113 Οὗτος
1269 3049 1379 3118 γὰρ
1427 3043 1496 3120 ἦν
1532 3050 1560 3101 6
1607 3046 1800 3109 εἰπὼν,
1861 3047 1941 3099 ὅτι

355 3141 468 3194 Ναὶ
515 3140 717 3203 τέλειος
747 3140 1032 3213 ἄνθρωπος
1066 3136 1134 3212 ἦν
1167 3143 1196 3194 6
1236 3141 1488 3211 Χριστός.
1543 3135 1678 3193 Εἶτα
1708 3139 1845 3208 μετά
1883 3137 1943 3190 τὸ

356 3231 636 3303 ἐρωτῆσαι
669 3234 816 3303 ἡμᾶς
861 3233 991 3304 περὶ
1038 3233 1215 3304 ψυχῆς
1261 3233 1355 3285 καὶ
1397 3230 1618 3302 σαρκὸς,
1646 3230 1764 3282 τότε
1798 3229 1960 3299 ὴρω-.

356 3327 634 3396 τήσαμεν·
691 3324 834 3378 Νοῦν
877 3324 1066 3379 ἐλαϐεν
1111 3324 1282 3378 ἐλθὼν
1331 3327 1359 3377 6
1419 3322 1689 3394 Χριστόςς
1766 3321 1823 3374 Ὁ
1885 3320 1941 3374 δὲ

356 3417 520 3482 εὐθὺς
574 3418 882 3488 ἠρνήσατο,
943 3416 1150 3486 λέγων·
1211 3415 1365 3486 Οὐχί.
1430 3411 1563 3467 Εἶτα
1608 3415 1768 3483 ἡμεῖς
1805 3411 1942 3482 πρὸς

357 3508 522 3561 αὐτόν
542 3525 555 3538 ο
594 3507 718 3570 Πῶς
743 3503 836 3560 οὖν
863 3505 1042 3575 λέγεις
1071 3506 1272 3559 τέλειον
1303 3504 1582 3574 γεγονέναι
1611 3501 1898 3574 ἄνθρωπον
1923 3517 1939 3566 ;

368 3597 429 3650 '0
467 3597 526 3649 δὲ
567 3596 660 3649 τὸν
703 3595 962 3667 λογισμὸν
1003 3595 1094 3649 τὸν
1139 3595 1270 3649 ῐδιον
1313 3594 1665 3648 ἀπεκάλυπτε
1700 3592 1798 3662 τῆς
1827 3591 1943 3644 δια-

357 3689 545 3756 νοίας,
596 3689 678 3742 ὅτι
713 3689 929 3742 Τέλειον
972 3688 1256 3758 ἄνθρωπον
1293 3687 1525 3758 λέγομεν
1554 3681 1728 3748 εἶναι,
1765 3686 1814 3738 εί
1842 3685 1942 3755 τὴν

358 3782 592 3853 θεότητα
617 3783 916 3852 ποιήσομεν
945 3781 1064 3834 ἀντὶ
1091 3778 1188 3834 τοῦ
1221 3778 1335 3844 νοῦ,
1364 3779 1459 3832 καὶ
1485 3778 1583 3850 τὴν
1617 3779 1819 3848 σάρκα,
1847 3776 1941 3831 καὶ

355 3873 457 3943 τὴν
489 3873 698 3945 ψυχήν
733 3873 809 3934 ὡς
841 3867 983 3925 εἶναι
1019 3871 1222 3926 τέλειον
1255 3870 1540 3939 ἄνθρωπον
1591 3869 1656 3922 ὲκ
1706 3869 1938 3941 σαρκὸς,

359 3963 452 4017 καὶ
479 3963 679 4034 ψυχῆς,
713 3963 806 4017 καὶ
841 3961 1112 4034 θεότητος,
1133 3962 1253 4016 ἀντὶ
1279 3961 1372 4015 τοῦ
1401 3960 1515 4014 νοῦ.
1534 3960 1644 4030 Τῆς
1673 3955 1765 4014 οῦν
1799 3959 1942 4029 φιλο-

358 4055 564 4119 νεικίας
606 4057 973 4126 γνωσθείσης,
1031 4055 1126 4108 καὶ
1159 4052 1327 4108 πολλὰ
1365 4051 1524 4124 ἡμῶν
1569 4053 1698 4122 περὶ
1747 4050 1939 4104 τούτου

355 4147 768 4218 διαλεχθέντων,
792 4148 886 4200 καὶ
909 4147 1020 4201 ἀπὸ
1052 4146 1275 4220 Γραφῆς
1293 4143 1699 4214 συστησάντων,
1725 4143 1808 4196 ὅτι
1833 4142 1939 4214 χρὴ

355 4238 639 4307 ὁμολογεῖν
671 4237 739 4291 τά
773 4238 948 4292 πάντα
987 4238 1210 4301 τελείως
1247 4235 1508 4307 εἰληφότα
1542 4236 1632 4288 τὸν
1675 4236 1806 4288 Θεὸν
1837 4237 1940 4290 Λό-

354 4348 472 4400 γον,
496 4330 719 4394 τελείως
763 4348 822 4384 τε
867 4329 1280 4401 ᾠκονομηκέναι
1329 4331 1386 4382 ὲν
1418 4331 1485 4400 τῇ
1517 4328 1768 4400 ὲνσάρκῳ
1797 4346 1938 4401 παρα
1971 4373 2012 4426 D

355 4423 541 4495 ουσία,
575 4424 669 4476 καὶ
709 4426 765 4476 ὲν
794 4423 1092 4492 τελειότητι
1142 4421 1368 4492 ταύτην,
1420 4422 1516 4476 καὶ
1569 4421 1708 4490 μετὰ
1738 4421 1837 4493 τὴν
1875 4423 1939 4475 ὲκ

353 4515 564 4586 νεκρῶν
608 4514 907 4569 ἀνάστασιν
952 4512 1342 4584 συνηνωκέναι,
1384 4515 1478 4566 καὶ
1523 4511 1749 4577 ἐνδόξως
1778 4529 1938 4566 πνευο

357 4607 596 4679 ματικὴν
628 4607 798 4679 αὐτὴν
827 4607 977 4676 ὅλην,
1001 4607 1096 4660 καὶ
1121 4607 1222 4660 οὐκ
1254 4604 1420 4676 ἄλλην
1443 4605 1540 4658 σὺν
1572 4608 1638 4676 τῇ
1678 4604 1782 4675 ἰδίᾳ
1819 4604 1938 4659 θεό-

353 4715 477 4767 τητι
498 4739 514 4762 ,
548 4701 605 4752 ὲν
639 4699 815 4768 ἑαυτῷ
848 4697 1132 4770 ἡνωμένην
1163 4697 1436 4768 ἔχειντὴν
1479 4697 1607 4768 ὃλην
1639 4697 1937 4762 τελείωσιν,

356 4793 482 4864 μίαν
514 4793 754 4862 Θεότητα
786 4791 1254 4854 ἀποτετελεκέναι,
1288 4789 1382 4844 καὶ
1410 4787 1735 4853 καθέζεσθαι
1770 4789 1827 4841 ἐν
1854 4788 1939 4841 οὐ·

355 4885 504 4957 ρανῷ
526 4926 540 4948 ,
593 4887 651 4936 ἐν
683 4883 833 4955 δεξιᾷ
865 4883 961 4936 τοῦ
1010 4883 1224 4955 Πατρὸς
1248 4923 1263 4949 ,
1299 4882 1394 4936 ἐπὶ
1429 4881 1619 4952 θρόνου
1651 4877 1810 4951 δόξης
1835 4879 1935 4949 τῆς

352 4977 518 5030 αὑτοῦ
563 4975 734 5031 ἀϊδίου
783 4976 1101 5047 κυριότητός
1145 4991 1204 5028 τε
1257 4974 1351 5028 καὶ
1397 4973 1706 5043 βασιλείας*
1753 4971 1938 5024 λοιπὸν

352 5067 659 5139 ἁνέστημεν
685 5069 761 5139 μὴ
788 5067 1108 5130 πεπεικότες
1135 5066 1420 5137 ἀμφότερα
1452 5065 1520 5120 τά
1550 5065 1690 5137 μέρη
1723 5064 1811 5118 διὰ
1839 5064 1938 5134 τὴν

354 5161 726 5232 προκειμένην
755 5160 1106 5229 φιλονεικίαν.
1140 5161 1408 5230 Νενόηται
1449 5159 1506 5211 δὲ
1532 5161 1684 5229 ἡμῖν,
1719 5158 1801 5211 ὅτι
1829 5157 1938 5210 ἀπὸ

351 5255 545 5308 τούτου
586 5254 684 5323 οὐχ
724 5253 913 5307 ἕνεκεν
955 5253 1050 5306 τοῦ
1099 5252 1191 5305 νοῦ
1232 5253 1414 5315 αὐτοῖς
1466 5253 1495 5304 6
1555 5252 1749 5319 λόγος,
1800 5249 1938 5305 ἀλλά

353 5347 460 5400 ἀπὸ
491 5346 586 5400 τοῦ
614 5346 706 5399 νοῦ
745 5345 932 5416 ἕτερόν
972 5347 1088 5397 ἐστι
1117 5343 1179 5396 τὸ
1205 5343 1478 5415 φρόνημα.
1515 5341 1654 5396 [lore
1683 5341 1794 5413 γὰρ
1836 5341 1935 5412 οὐχ

351 5436 666 5507 ὡμολόγουν
682 5435 803 5490 οὔτε
819 5435 999 5505 ψυχὴν
1019 5433 1178 5487 αὐτόν
1201 5434 1498 5504 εἰληφέναι.
1518 5432 1581 5484 Ἦ
1589 5433 1705 5502 μῶν
1730 5431 1787 5485 δὲ
1803 5429 1936 5485 ἀνθ-

353 5529 760 5600 υποφερόντων,
808 5527 904 5581 καὶ
938 5525 1204 5594 λεγόντων
1224 5541 1237 5553 ·
1283 5525 1348 5577 Τί
1401 5525 1508 5596 γάρ
1543 5525 1691 5577 ἐστιν
1717 5527 1746 5577 6
1774 5522 1934 5592 νοῦς;

365 5618 694 5672 ’Υπόστασιν
712 5617 915 5671 τούτων
937 5620 952 5647 ⁸
983 5615 1230 5686 νομίζετε
1258 5611 1396 5668 εἶναι
1420 5616 1479 5668 ἐν
1509 5614 1585 5685 τῷ
1619 5611 1892 5686 ἀνθρώπῳ
1915 5631 1932 5682 ;

351 5709 565 5764 Οὐκοῦν
595 5709 887 5773 πολλοστὸς
930 5710 1079 5762 ἐστιν
1108 5710 1136 5761 6
1166 5707 1468 5780 ἄνθρωπος.
1502 5702 1636 5762 Εἶτα
1667 5708 1819 5778 παρά
1850 5724 1932 5762 τι·

430 5828 445 5857 ¹
479 5823 790 5897 Lrgcndum
823 5836 905 5882 est
928 5820 1136 5880 τοῦτον.

2124 2949 2308 3004 XXIII.
2346 2950 2512 3022 Igitur
2539 2949 2734 3008 Vitalis
2769 2953 3062 3009 humanam
3098 2969 3126 3008 a
3149 2954 3368 3010 Christo
3389 2955 3627 3008 animam

1971 3027 2015 3088 C
2048 3052 2359 3113 susceptam
2405 3059 2528 3099 esse
2580 3045 2869 3101 confessus
2908 3055 3012 3102 est.
3055 3045 3146 3101 Sic
3193 3046 3338 3101 enim
3390 3047 3568 3100 aiebat
3610 3063 3624 3100 :

2048 3131 2279 3188 Omnino
2325 3135 2595 3206 perfectus
2643 3136 2806 3192 homo
2871 3138 3126 3194 Christus
3165 3138 3394 3193 exstitit.
3425 3136 3625 3192 Deinde

2045 3236 2332 3296 postquam
2365 3226 2434 3282 de
2468 3227 2649 3282 anima
2677 3236 2732 3282 et
2769 3242 2936 3283 carne
2961 3229 3229 3286 sciscitati
3253 3245 3468 3295 sumus,
3509 3237 3624 3282 tum

2044 3319 2261 3372 demum
2302 3317 2446 3372 istud
2474 3319 2542 3372 ab
2575 3334 2640 3391 eo
2677 3321 3034 3390 qumsivimus
3070 3339 3082 3374 :
3132 3319 3434 3375 Mentcmne
3471 3319 3623 3374 Chri-

2046 3417 2165 3464 stus
2197 3409 2460 3464 Dominus
2494 3413 2738 3482 accepit?
2767 3411 2898 3468 Sine
2935 3415 3042 3467 ulla
3074 3414 3427 3468 cunctatione
3462 3429 3624 3484 nega-

2044 3500 2140 3553 vit.
2189 3497 2325 3554 Tum
2371 3516 2472 3556 nos
2525 3517 2592 3556 ex
2638 3502 2870 3558 adverso
2935 3523 2948 3559 ε
3018 3503 3252 3570 Quinam
3299 3505 3464 3575 igitur
3505 3520 3618 3576 per-

2046 3588 2246 3644 fectum
2291 3592 2444 3645 illum
2494 3593 2769 3650 hominem
2807 3593 2979 3651 fuisse
3009 3597 3240 3653 censes?
3277 3596 3360 3651 Ad
3393 3597 3510 3652 haec
3540 3597 3625 3651 ille

2045 3683 2270 3738 intimos
2304 3684 2472 3740 animi
2505 3686 2588 3741 sui
2624 3702 2823 3742 sensus
2868 3689 3026 3744 nobis
3060 3689 3279 3760 aperuit
3314 3706 3326 3742 :
3378 3688 3443 3743 Et
3481 3700 3624 3747 eata-

2043 3789 2168 3836 nus,
2221 3773 2420 3844 inquit,
2466 3777 2767 3846 perfectum
2820 3778 3097 3835 hominem
3146 3780 3317 3836 fuisse
3362 3779 3658 3847 dicimus,.

2043 3865 2090 3919 si
2123 3864 2461 3920 divinitatem
2493 3869 2566 3922 illi
2609 3869 2728 3924 loco
2770 3871 2971 3927 mentis
3022 3872 3387 3935 ascribamus,
3416 3879 3472 3927 et
3507 3888 3623 3927 car-

2043 3972 2186 4016 nem,
2216 3966 2378 4028 atque
2408 3960 2644 4015 animam
2686 3961 3082 4033 adjungarnus,
3129 3963 3208 4019 sic
3253 3971 3311 4017 ut
3351 3963 3626 4033 perfectus

2041 4047 2206 4101 homo
2231 4064 2297 4103 ex
2337 4065 2524 4116 carne,
2568 4053 2772 4116 anima,
2816 4054 3124 4118 divinitate,
3169 4071 3290 4124 quae
3322 4056 3393 4111 sit
3431 4067 3627 4110 mentis

2041 4142 2238 4204 instar,
2263 4143 2514 4197 exsistat.
2547 4142 2660 4199 Hoc
2680 4145 2846 4216 igitur
2870 4147 3032 4201 modo
3060 4147 3400 4217 deprehensa
3443 4148 3496 4202 in
3536 4149 3625 4201 illo

2040 4241 2189 4288 tanta
2211 4235 2582 4291 contentionis
2606 4237 2852 4303 libidine,
2870 4255 2995 4293 cum
3011 4238 3076 4292 ad
3103 4255 3222 4294 eam
3248 4255 3358 4294 rem
3379 4239 3624 4309 pluribus

2040 4323 2504 4394 disputassemus,
2539 4327 2750 4398 1017
2791 4337 2844 4383 et
2881 4345 2945 4384 ex
2982 4343 3264 4383 sacrarum
3295 4327 3624 4386 Litterarum

2045 4418 2375 4473 auctoritate
2400 4421 2940 4490 comprobassemus,
2971 4423 3287 4477 necessario
3331 4422 3490 4476 fateri
3523 4437 3626 4478 nos

2042 4519 2299 4582 Oportere
2329 4554 2344 4576 ,
2376 4513 2559 4567 omnia
2588 4528 2618 4567 a
2649 4512 2838 4568 Verbo
2869 4514 3106 4584 perfecte
3143 4517 3312 4571 fuisse
3345 4525 3624 4587 suscepta,

2042 4613 2096 4660 et
2123 4605 2179 4659 in
2217 4615 2495 4675 assumpta
2525 4622 2694 4662 carne
2722 4607 2962 4676 perfecte
2995 4608 3182 4662 itidem
3218 4609 3624 4673 administrata,

2043 4711 2204 4765 quam
2238 4706 2369 4766 post
2419 4712 2656 4752 resurret
2676 4699 2881 4753 tionem
2930 4713 3084 4754 suam
3119 4699 3358 4768 perfecte
3391 4698 3496 4754 sibi
3537 4713 3624 4752 co-

2042 4787 2247 4858 pularit
2273 4806 2285 4842 :
2318 4787 2453 4842 adeo
2478 4796 2536 4841 ut
2563 4789 2811 4844 eamdem
2845 4788 3008 4842 modo
3031 4789 3375 4859 spiritualem
3394 4790 3626 4843 omnino

2039 4880 2310 4936 redditam
2337 4922 2352 4943 ,
2393 4897 2503 4934 non
2571 4881 2733 4934 aliam
2795 4895 2861 4935 ac
2902 4881 3212 4944 diversam,
3245 4897 3368 4935 cum
3407 4881 3626 4951 propria

2043 4973 2327 5028 divinitate
2359 4973 2412 5027 in
2443 4973 2740 5042 semetipso
2771 4973 3121 5044 conjunctam
3179 4973 3390 5033 habeat,
3423 4980 3477 5024 et
3520 4987 3624 5022 una

2043 5080 2112 5120 ex
2155 5065 2246 5118 illa
2278 5063 2618 5134 perfectione
2655 5064 2921 5121 divinitas
2955 5071 3290 5134 consurgat;
3328 5071 3494 5131 atque
3536 5063 3624 5115 illa

2045 5164 2326 5226 postrema
2363 5164 2559 5211 natura
2590 5155 2658 5209 ad
2699 5156 2982 5212 dexteram
3013 5156 3192 5210 Patris
3219 5155 3273 5208 in
3298 5154 3460 5217 ρωίο,
3485 5162 3540 5206 et
3571 5155 3624 5206 in

2045 5250 2394 5320 sempiternae
2448 5249 2843 5304 dominationis
2901 5263 2966 5302 ac
3014 5245 3165 5316 regni
3232 5245 3623 5314 augustissimo

2044 5341 2244 5396 throno
2273 5339 2579 5396 consideat.
2624 5339 2750 5394 Haec
2783 5339 2871 5393 ubi
2905 5338 3288 5402 disseruimus,
3326 5351 3450 5390 cum
3487 5336 3632 5390 utri-

2042 5449 2149 5504 que
2179 5433 2321 5504 parti
2372 5441 2596 5503 propter
2625 5431 2933 5486 animorum
2970 5431 3328 5499 pertinaciam
3391 5439 3621 5486 conten-

2044 5528 2361 5595 tionemque
2396 5524 2528 5578 nihil
2563 5522 3042 5594 persuaderemus,
3085 5537 3143 5576 re
3185 5521 3390 5576 infecta
3418 5522 3622 5578 disces-

2045 5615 2240 5670 simus.
2291 5614 2631 5669 Intellectum
2684 5627 2814 5668 vero
2863 5612 3011 5667 istud
3062 5621 3171 5679 est,
3221 5629 3334 5668 non
3384 5614 3452 5670 de
3502 5615 3621 5672 sola

2045 5717 2226 5764 mente
2290 5705 2722 5778 disputationem
2776 5701 2916 5760 hanc
2965 5704 3091 5763 illos
3143 5705 3462 5780 ingressos,
3524 5707 3619 5764 sed
