3994 6224
389 346 494 401 G75

1779 345 1838 400 S.
1880 345 2222 405 EPlPllANll

3551 350 3658 411 676

390 467 586 531 prseter
607 457 738 513 illud
759 457 826 512 de
853 462 1054 520 mente,
1079 457 1224 514 aliud
1254 467 1475 527 quoque
1508 457 1705 524 dogma
1729 463 1950 515 sectari.

2063 481 2148 517 σιν
2201 464 2490 535 ἐνομίζετο
2539 459 2675 518 εἶναι
2721 464 2780 518 τὸ
2824 465 3065 536 πνεῦμα,
3107 464 3167 519 τὸ
3199 465 3286 519 ἀεὶ
3324 465 3384 520 ἐν
3532 465 3662 540 θείᾳ

390 552 670 608 Interdum
721 565 865 605 enim
903 564 970 602 ne
1004 550 1244 603 animam
1294 551 1515 620 quidem
1560 553 1838 606 Christum
1872 569 1963 609 as-

387 643 690 712 sumpsisse
741 639 1006 696 ferebant.
1049 640 1255 695 Contra
1301 657 1426 713 qua:
1476 642 1608 696 illud
1661 645 1962 713 olijicieha-

387 749 508 788 t'nus
538 751 552 788 :
585 730 724 798 Quid
774 731 993 786 tandem
1041 733 1244 802 putatis
1281 749 1404 789 esse
1442 737 1718 790 mentem?
1751 735 1967 791 Utrum-

2071 555 2283 629 Γραφῇ,
2311 559 2372 610 ἐν
2389 557 2465 626 τῷ
2493 555 2763 628 ἀνθρώπῳ
2791 557 3067 628 ᾀδόμενον.
3100 555 3231 610 Ὅτε
3258 556 3316 609 δὲ
3344 555 3658 626 ἐδείξαμενρ

2071 648 2146 711 ὡς
2169 649 2265 717 οὑχ
2294 650 2322 700 6
2347 646 2470 711 νοῦς
2496 648 2612 700 ἐστι
2641 648 2701 701 τὸ
2732 648 2970 719 πνεῦμα,
2989 645 3083 701 τοῦ
3117 647 3445 701 Ἀποστόλου
3465 645 3660 716 σαφῶς

2071 737 2348 807 λέγοντοςο
2385 739 2562 793 Ψαλῶ
2595 736 2676 804 τῷ
2703 739 2817 801 νοῒ,
2859 736 3036 808 ’ψαλῶ
3067 736 3147 804 τῷ
3175 740 3486 809 πνεύματι.
3541 737 3660 791 Ἐν-

385 843 509 880 nam
541 825 859 896 hypostasin
893 841 1018 881 esse
1043 827 1335 896 quamdam
1369 829 1424 882 in
1449 828 1668 885 homine
1697 831 1950 886 creditis?

2069 827 2260 882 τεῦθεν
2292 827 2475 883 πολλοὶ
2503 830 2600 900 μὲν
2631 825 2769 902 ἦσαν
2803 831 2852 883 οἱ
2887 830 3036 899 λόγοι
3061 849 3075 862 ·
3097 830 3198 885 οὐκ
3222 829 3572 903 ἠδυνήθημεν
3597 829 3657 883 δὲ

385 917 661 989 Multiplex
694 926 777 972 est
811 919 974 984 igitur
1014 919 1192 973 homo.
1238 920 1317 973 Ad
1357 921 1468 976 haec
1507 924 1787 979 nonnullis
1843 925 1964 995 pla-

2072 922 2267 985 αὑτοῦς
2297 925 2480 976 πεῖσαι
2508 923 2966 992 φιλονεικοῦντας.

383 1011 560 1074 eebat,
596 1011 729 1064 nihil
759 1026 882 1066 esse
915 1020 1149 1066 tuentem
1185 1013 1331 1067 aliud
1365 1030 1529 1084 quam
1563 1017 1834 1086 spiritum,
1871 1017 1962 1086 qui
2001 1016 2211 1070 homini
2243 1017 2446 1086 passim
2482 1017 2534 1070 in
2573 1015 2877 1086 Scripturis
2926 1015 3215 1070 tribuitur.
3263 1013 3468 1070 Verum
3527 1029 3653 1070 cum

384 1112 620 1160 mentem
695 1119 1040 1172 nequaquam
1091 1104 1342 1170 Spiritum
1397 1121 1521 1162 esse
1595 1109 2148 1175 dei'uonstraremus,
2210 1123 2276 1163 ex
2358 1122 2422 1162 eo
2483 1107 2629 1176 quod

2705 1109 2912 1163 diserte
2985 1107 3210 1177 scripsit
3295 1107 3646 1178 Apostolus:

385 1189 628 1246 Psallam
663 1205 852 1256 mente,
902 1193 1132 1262 psallunt
1160 1206 1210 1249 et
1244 1197 1469 1264 δρὶνὶιιι1
1502 1216 1515 1265 ;
1567 1199 1771 1255 multus
1801 1216 1864 1255 ea
1899 1201 1966 1251 de
2002 1216 2059 1255 rc
2088 1201 2250 1254 nobis
2295 1206 2459 1253 natus
2486 1208 2568 1253 cst
2596 1214 2803 1264 sermo,
2840 1214 2941 1254 nec
2997 1199 3132 1270 ipsis
3177 1207 3360 1255 tamen
3418 1209 3650 1254 conten-

385 1285 526 1338 tiosc
565 1287 906 1342 certantibus
945 1287 1275 1357 persuadere
1309 1290 1608 1358 potuimus.

450 1377 639 1436 XXIV.
683 1378 877 1434 Postea
919 1397 1048 1434 vero
1081 1397 1206 1434 cum
1255 1383 1554 1436 nonnullos
1587 1399 1655 1438 ex
1701 1383 1771 1438 iis
1810 1384 1956 1438 hunc

382 1469 436 1523 in
477 1469 696 1523 modum
733 1471 1172 1540 aggrederentur.
1213 1472 1352 1538 Quid
1387 1475 1648 1530 tandem?
1676 1473 1814 1530 Num
1856 1473 1954 1548 hy-

381 1562 627 1629 postasin
657 1575 779 1615 esse
829 1570 1062 1616 mentem
1108 1565 1399 1618 asseritis?
1441 1566 1528 1620 cui
1560 1581 1684 1620 cum
1727 1567 1797 1620 ita
1838 1569 1954 1638 qui-

379 1651 505 1705 dam
561 1659 959 1716 occurrerent,
1015 1661 1072 1705 ut
1120 1654 1438 1724 hypostasin
1493 1663 1751 1723 negarent
1800 1671 1956 1722 esse;

2132 1381 2258 1436 KA'.
2301 1375 2437 1435 Εἶτα
2478 1380 2640 1434 πάλιν
2685 1379 2828 1437 τισὶν
2875 1379 3035 1453 ἡμῶν
3075 1380 3372 1451 λεγόντων·
3417 1381 3483 1434 Τί
3513 1383 3649 1455 γάρ;

2067 1469 2362 1527 ὑπόστασιν
2421 1473 2512 1527 τὸν
2526 1471 2653 1528 νοῦν
2679 1471 2815 1528 εἶναι
2835 1473 3050 1544 λέγετες
3081 1473 3254 1529 Τινῶν
3280 1475 3336 1529 δέ
3352 1475 3534 1528 αὐτῶν
3562 1477 3652 1530 λε-

2061 1563 2269 1632 γόντων
2297 1562 2370 1634 μὴ
2400 1557 2538 1616 εἶναι
2573 1563 2903 1630 ὑπόστασιν,
2940 1561 3048 1616 ἀπὸ
3076 1564 3170 1617 τοῦ
3216 1565 3366 1635 ἡμᾶς
3389 1565 3652 1619 πεπεικέ-

2057 1672 2145 1710 ναι
2186 1656 2403 1722 αὑτοὺς,
2433 1657 2514 1710 ὅτι
2559 1657 2620 1711 οὑ
2651 1656 2758 1729 χρὴ
2787 1655 3030 1728 νομίζειν
3064 1656 3246 1722 αὑτὸν,
3292 1657 3417 1710 οὔτε
3456 1659 3524 1711 τὸ
3551 1675 3652 1712 κα-

379 1743 522 1812 quod
549 1744 626 1798 eis
658 1758 1135 1812 persuaseramus,
1170 1759 1280 1797 non
1316 1744 1369 1798 id
1406 1760 1528 1800 esse
1573 1753 1833 1812 mentem,
1861 1760 1950 1800 ne-

2057 1745 2322 1818 λούμενον
2350 1748 2668 1816 ἀνθρώπου
2710 1746 2968 1817 πνεῦμα,
3004 1747 3092 1801 διά
3127 1748 3187 1800 τὺ
3227 1747 3435 1801 εἰπεῖν’
3468 1746 3652 1802 Ψαλῶ

376 1844 483 1903 que
529 1835 774 1902 spiritum
831 1835 1020 1901 illum,
1067 1835 1160 1906 qui
1203 1836 1507 1906 appellatur
1541 1835 1802 1902 hominis,
1831 1853 1950 1893 cum

2061 1837 2143 1905 τῷ
2172 1837 2289 1900 νοῒ,
2321 1839 2498 1907 ψαλῶ
2529 1839 2630 1892 καὶ
2658 1836 2739 1904 τῷ
2766 1841 3080 1909 πνεύματι,
3110 1839 3184 1912 μὴ
3215 1841 3447 1911 ἐχόντων
3468 1840 3656 1894 αὐτῶν

376 1925 640 1994 Scriptum
674 1925 748 1980 sit
779 1942 794 1979 :
830 1925 1074 1980 Psallam
1128 1939 1300 1982 mente
1324 1968 1339 1992 ,
1383 1927 1611 1996 psallam
1657 1937 1707 1982 et
1739 1929 1957 2004 spiritu;

372 2029 502 2070 cum
548 2016 816 2073 adversus
865 2017 980 2073 haec
1031 2019 1166 2072 nihil
1216 2020 1482 2075 haberent
1535 2020 1680 2092 quod
1723 2036 1959 2092 oppone-

375 2119 499 2165 rent
539 2127 553 2166 :
609 2119 724 2165 tum
756 2129 952 2184 urgere
983 2114 1062 2170 sic
1097 2115 1368 2186 carpimus
1395 2135 1407 2170 :
1436 2115 1495 2171 Si
1524 2131 1676 2173 mens
1709 2133 1818 2172 non
1861 2118 1958 2192 hy-

375 2205 613 2274 postasis
639 2215 723 2260 est
743 2245 758 2269 ,
793 2207 884 2260 sed
916 2207 1086 2262 totius
1125 2208 1438 2279 hypostasis
1471 2219 1674 2265 nostrae
1705 2214 1955 2282 quaedam

377 2295 577 2360 motio,
612 2311 736 2350 cum
769 2297 1049 2353 Christum
1091 2306 1327 2354 mentem
1375 2314 1500 2356 esse
1541 2301 1648 2356 hac
1686 2317 1752 2358 ex
1799 2311 1958 2374 parte

374 2385 576 2449 Velitis,
606 2387 855 2443 eumdem
889 2389 1115 2444 minime
1182 2385 1574 2447 subsistentem
1621 2391 1848 2465 ﬁngitis,
1889 2409 1957 2450 ac

371 2478 552 2533 verbis
613 2485 774 2535 tenus
804 2487 859 2534 et
891 2481 1073 2552 specie
1100 2488 1276 2536 totum
1306 2481 1438 2538 illud
1469 2486 1744 2558 negotium
1774 2487 1954 2542 incar-

373 2569 610 2624 nationis
635 2571 860 2626 ohiisse.
892 2570 1078 2627 Nihilo
1111 2573 1288 2646 magis
1322 2574 1390 2628 ad
1419 2576 1536 2630 haec
1569 2577 1839 2634 rationem
1870 2578 1954 2634 ul-

372 2661 477 2714 lam
521 2664 790 2717 extricare
835 2672 1111 2734 poterant.
1153 2664 1232 2718 Ex
1279 2665 1347 2722 iis
1379 2666 1538 2738 longe
1594 2669 1953 2727 acerbissimo

369 2751 560 2806 dolore
611 2768 675 2806 ac
703 2754 1175 2812 molestiasumus
1209 2756 1410 2822 allecti,
1465 2760 1607 2830 quod
1644 2760 1787 2816 inter
1813 2777 1953 2832 prae-

370 2844 551 2900 claros
580 2845 702 2901 illos
753 2860 817 2901 ac
871 2846 1032 2902 laude
1064 2847 1257 2917 dignos
1288 2847 1487 2906 fratres
1523 2859 1743 2908 nostros
1786 2861 1953 2909 tanta:

369 2937 758 2993 contentiones
805 2952 868 2991 ac
919 2937 1228 2995 simultates
1263 2939 1702 3008 intercederent,
1738 2953 1796 3000 ut
1826 2962 1950 3017 per-

369 3035 561 3097 petuas
611 3027 664 3081 in
720 3041 823 3082 nos
874 3028 1252 3085 dissensiones
1302 3031 1807 3104 importunissimus
1859 3038 1949 3094 ille

2062 1930 2199 2000 πρὸς
2220 1929 2377 1984 τοῦτο
2404 1931 2458 1984 τί
2489 1930 2690 2001 λέγειν,
2720 1931 2981 2002 ἐλέγομεν
3004 1947 3018 1960 ·
3049 1932 3261 1988 Οὐκοῦν
3295 1934 3344 1985 εἰ
3373 1933 3475 1986 οὑκ
3502 1933 3651 1988 ἔστιν

2063 2023 2360 2087 ὑπόστασις
2393 2025 2421 2077 6
2464 2024 2621 2088 νοῦς,
2676 2021 2814 2077 άλλά
2858 2023 3073 2092 κίνησις
3115 2024 3216 2094 τῆς
3261 2023 3417 2095 ἡμῶν
3466 2024 3651 2096 πάσης

2062 2113 2430 2180 ὑποστάσεως,
2475 2114 2601 2169 νοῦν
2625 2115 2680 2168 δὲ
2711 2114 2899 2184 λέγετε
2929 2114 3020 2168 τὸν
3048 2115 3282 2186 Χριστὸν
3313 2115 3455 2169 κατὰ
3487 2115 3651 2169 τοῦτο

2059 2205 2120 2258 τὸ
2142 2206 2305 2277 μέρος
2325 2205 2467 2276 ’ἄρα
2488 2200 2582 2260 οὖν
2615 2205 2958 2276 φαντάζεσθε
2985 2207 3358 2261 ἀνυπόστατον
3389 2203 3530 2261 εἶναι
3554 2206 3649 2261 τὸν

2059 2296 2318 2367 Χριστὸν,
2350 2296 2445 2349 καὶ
2478 2296 2642 2367 μόνον
2676 2295 2782 2359 ἕως
2811 2295 2971 2363 λόγου
2998 2298 3092 2348 καὶ
3116 2297 3390 2368 δοκήσεως
3423 2296 3525 2369 τὴν
3561 2298 3648 2350 ἐν-

2057 2383 2261 2454 δημίαν
2287 2383 2388 2454 τῆς
2415 2384 2681 2456 ἐνσάρκου
2733 2384 3038 2456 παρουσίας
3068 2385 3232 2438 αὐτὸν
3281 2386 3643 2457 πεποιηκότα.

2071 2475 2344 2538 Ὡσαύτως
2363 2476 2463 2529 οὑκ
2490 2472 2637 2547 εἶχον
2665 2474 2958 2531 ἀποδοῦναι
2983 2477 3161 2546 λόγον.
3187 2479 3299 2532 Καὶ
3321 2479 3489 2552 πολλὴ
3511 2482 3646 2551 ἡμῖν

2058 2567 2248 2636 γέγονε
2277 2568 2399 2620 τότε
2429 2566 2652 2639 λυπηρά
2694 2571 2727 2639 ἡ
2771 2569 2872 2640 τῆς
2901 2569 3047 2639 ζωῆς
3076 2571 3430 2634 κατάστασις,
3463 2573 3547 2624 ὅτι
3583 2575 3645 2625 ἐν

2057 2661 2168 2723 τοῖς
2202 2660 2624 2731 προειρημένας
2663 2660 2912 2729 ἀδελφοῖς
2951 2661 3046 2713 καὶ
3076 2663 3379 2726 ἐπαινετοῖς
3413 2662 3643 2734 ἐϐλήθηο

2059 2767 2160 2803 σαν
2188 2750 2376 2815 άπλῶς
2401 2749 2745 2821 φιλονεικίαι,
2778 2751 2866 2806 ἵνα
2896 2753 3206 2816 διαστάσεις
3254 2755 3312 2806 ἐν
3350 2756 3484 2825 ἡμῖν
3507 2757 3644 2810 πάν·-

2055 2860 2178 2897 τοτε
2205 2846 2234 2897 6
2269 2843 2672 2916 προειρημένος
2700 2844 2812 2898 τῶν
2841 2844 3148 2917 ἀνθρώπων
3175 2845 3432 2916 πολέμιος
3460 2847 3643 2901 διάδο-

2056 2935 2146 2999 λος
2173 2934 2556 3008 ἐξεργάσηται.
2581 2936 2758 3007 Πολλὴ
2791 2937 2848 2990 δέ
2879 2937 2995 2990 ἐστι
3028 2936 3130 3007 τῆς
3154 2936 3410 3009 τοιαύτης
3439 2937 3637 3001 αἰτίας.

2058 3027 2308 3098 ἀδελφοὶ,
2340 3030 2373 3100 ή
2404 3029 2522 3082 κατ’
2555 3026 2763 3084 ἔννοιαν
2795 3029 2990 3102 βλάϐη.
3023 3030 3086 3083 El
3116 3029 3215 3101 μὲν
3241 3030 3353 3101 γὰρ
3382 3031 3441 3098 ἐξ
3467 3031 3640 3103 ἀρχῆς

370 3117 593 3172 humani
633 3119 848 3186 generis
879 3118 1056 3175 hostis
1090 3118 1344 3179 diabolus
1405 3123 1682 3181 immittat.
1734 3128 1950 3201 1018

2057 3122 2186 3193 περὶ
2210 3121 2400 3174 τούτου
2430 3121 2530 3174 οὑκ
2558 3120 2783 3193 ἐκινήθη
2832 3120 3011 3190 λόγος,
3043 3122 3418 3178 ἁπλούστατον
3444 3121 3513 3195 ἦν
3531 3141 3546 3155 ·
3584 3127 3639 3178 τί

369 3208 436 3264 Ει
454 3225 585 3266 vero
607 3213 701 3266 tali
734 3212 790 3267 in
818 3213 1024 3268 erroris
1053 3223 1397 3286 argumento,
1425 3216 1644 3287 fratres,
1671 3223 1941 3292 praecipua

2056 3211 2164 3284 γὰρ
2197 3213 2353 3266 τοῦτο
2381 3212 2473 3266 τὸν
2503 3212 2706 3284 κόσμον
2737 3211 2914 3283 ὢνησε
2942 3212 3004 3264 τὸ
3033 3213 3437 3284 καινοτόμημα,
3468 3215 3502 3286 ἢ
3541 3214 3644 3286 τὴν

366 3301 617 3372 ηυωάοηι
647 3300 800 3357 fraus
826 3300 1324 3362 circumveniendis
1357 3307 1637 3364 hominum
1670 3312 1944 3370 mentibus

368 3399 640 3448 versatur.
682 3391 796 3450 Nisi
845 3395 991 3450 enim
1023 3393 1092 3452 de
1124 3411 1189 3451 ea
1238 3411 1298 3454 re
1347 3399 1501 3455 initio
1534 3400 1673 3458 foret
1710 3405 1945 3460 excitata

367 3484 699 3554 disputatio,
730 3485 1201 3556 simplicissimum
1229 3489 1489 3560 quiddam
1519 3499 1658 3550 erat.
1701 3494 1944 3566 Ecquam

367 3575 514 3629 enim
550 3573 758 3631 mundo
796 3577 1016 3634 novitas
1046 3578 1162 3634 btec
1195 3581 1484 3637 utilitatem
1519 3585 1823 3641 conscivit?
1850 3593 1947 3642 aut

366 3665 499 3736 quid
538 3665 796 3724 Ecclesiae
829 3668 1078 3740 profuit?
1113 3669 1304 3728 Nonne
1344 3674 1703 3732 vehementer
1737 3679 1944 3743 nocuit,

369 3773 492 3812 cum
534 3758 856 3816 intestinum
919 3761 1106 3817 odium
1164 3765 1607 3838 simultatemque
1653 3767 1950 3825 eonﬂarit?

370 3847 475 3904 Sed
505 3851 598 3906 ubi
626 3852 793 3907 semel
827 3851 1026 3924 dogma
1061 3853 1196 3908 illud
1226 3855 1393 3926 etrapit
1426 3871 1723 3928 emergere,
1761 3859 1946 3915 formi-

368 3942 782 4000 dolosissimum
816 3946 1046 4001 exstitit.
1099 3946 1218 4004 Non
1269 3948 1415 4004 enim
1449 3949 1517 4003 ad
1550 3951 1947 4021 expeditiorem

371 4035 612 4105 aliquam
643 4036 838 4092 salutis
867 4046 1068 4093 nostraa
1101 4039 1242 4094 viam
1301 4053 1366 4094 ac
1390 4041 1656 4096 rationem
1690 4041 1949 4098 refertur.

367 4123 692 4196 Quicunque
720 4141 851 4182 vero
880 4143 988 4183 non
1018 4129 1072 4182 in
1109 4131 1211 4183 hac
1242 4128 1403 4183 modo
1438 4138 1610 4199 parte,
1659 4129 1757 4185 Sed
1781 4131 1864 4186 vel
1891 4131 1947 4184 in

368 4213 646 4270 levissima
693 4216 871 4286 aliqua
918 4219 1201 4273 veritatem
1243 4219 1467 4276 minime
1520 4219 1828 4290 profitetur,
1883 4221 1949 4276 .‘io

367 4301 491 4357 dem
527 4304 573 4360 is
602 4303 847 4374 eiut-asse
876 4307 1214 4362 censebitur.
1261 4306 1472 4379 Quippe
1516 4324 1583 4364 ne
1615 4309 1669 4364 in
1719 4310 1948 4367 minimo

374 4392 592 4464 quidem
626 4409 658 4449 a
689 4395 938 4452 veritatis
966 4397 1052 4452 via
1099 4395 1388 4454 deflectere
1421 4408 1658 4470 oportet.
1691 4399 1944 4470 Quapro-

2060 3304 2388 3376 Ἐκκλησίαν
2417 3305 2733 3376 ὠφέλησενς
2770 3304 2843 3357 Ἢ
2887 3305 3008 3374 οὐχὶ
3040 3305 3243 3374 μᾶλλον
3271 3306 3495 3376 ἔϐλαψε,
3543 3309 3630 3377 μῖ-

2049 3409 2140 3461 σος
2169 3398 2262 3450 καὶ
2295 3395 2484 3451 στάσιν
2507 3397 2910 3468 ἐργασάμενον;
2946 3396 3163 3469 Ἐπειδὴ
3187 3397 3243 3450 δὲ
3267 3400 3296 3452 6
3323 3398 3481 3466 λόγος
3516 3413 3643 3469 προ-

2049 3489 2274 3560 εϐλήθη,
2309 3489 2540 3560 φοϐερὸς
2584 3489 2830 3558 γέγονεν.
2879 3489 2956 3541 Ui;
2999 3487 3109 3559 γὰρ
3153 3490 3236 3553 είς
3279 3490 3342 3544 τὸ
3383 3492 3640 3563 κρεῖσσον

2047 3583 2146 3654 τῆς
2172 3581 2329 3654 ἡμῶν
2355 3581 2650 3654 σωτηρίας.
2687 3582 2954 3653 Ἀρνησις
2979 3581 3088 3652 γάρ
3115 3581 3264 3635 ἐστιν
3289 3582 3350 3635 οὑ
3382 3582 3544 3652 μόνον
3575 3582 3635 3635 ἐν

2047 3675 2224 3747 τούτῳ
2255 3674 2334 3746 τῷ
2383 3675 2538 3748 μέρει
2585 3673 2662 3746 τῷ
2712 3673 2788 3746 μὴ
2830 3674 3202 3744 ὁμολογοῦντι,
3251 3673 3388 3728 ἀλλὰ
3439 3676 3536 3728 καὶ
3576 3677 3636 3727 ἐν

2052 3766 2380 3838 βραχυτάτῳ
2407 3765 2533 3822 τινί.
2564 3766 2639 3818 υὺ
2664 3764 2772 3836 χρὴ
2799 3765 2908 3835 γὰρ
2937 3764 3060 3818 οὐδέ
3093 3763 3195 3818 κᾶν
3221 3767 3279 3818 ἐν
3309 3765 3388 3834 τῷ
3415 3765 3633 3834 τυχόντι

2050 3857 2489 3931 παρεξέρχεσθαι
2521 3857 2620 3927 τῆς
2647 3855 2768 3910 ὁδοῦ
2791 3857 2890 3926 τῆς
2920 3854 3205 3926 ἀληθείας.
3231 3855 3493 3927 Λέξωμεν
3525 3856 3633 3908 τοί-

2049 3968 2148 4006 νυν
2177 3951 2272 4006 καὶ
2301 3949 2442 4004 κατὰ
2471 3949 2678 4020 ταύτης
2705 3949 2805 4020 τῆς
2840 3947 3169 4012 ὑποθέσεως,
3213 3946 3524 4017 βουλόμενοι
3556 3947 3633 4018 μὴ

2051 4043 2158 4109 ἔξω
2190 4044 2288 4114 τῆς
2323 4042 2538 4097 ἐαυτῶν
2567 4040 2713 4113 ζωῆς
2747 4041 2971 4111 βαίνειν,
3022 4039 3156 4110 μηδέ
3183 4039 3276 4092 τὸν
3299 4038 3502 4091 κανόνα
3530 4056 3624 4091 κα-

2050 4133 2407 4205 ταλιμπάνειν
2437 4133 2536 4204 τῆς
2571 4131 2730 4200 άγίας
2765 4129 2901 4184 Θεοῦ
2945 4129 3274 4200 Ἐκκλησίας
3305 4129 3398 4182 καὶ
3449 4128 3631 4198 ὁμολο-

2051 4225 2196 4295 γίας.
2229 4223 2416 4279 Οὑδενὶ
2457 4224 2567 4296 γὰρ
2614 4224 2835 4277 πώποτε
2868 4223 2978 4276 τῶν
3020 4221 3266 4276 παλαιῶν
3292 4219 3451 4274 τοῦτο
3481 4219 3631 4291 εἴρη-

2050 4335 2162 4383 ται,
2179 4316 2302 4370 οὔτε
2329 4317 2601 4389 προφήτῃ,
2619 4313 2743 4370 οὔτε
2772 4313 3074 4384 άποστόλῳ,
3105 4311 3228 4367 οὔτε
3250 4312 3628 4382 εὑαγγελιστῇ,

2051 4408 2112 4464 οὗ
2146 4426 2252 4464 τινι
2275 4407 2384 4463 τῶν
2430 4408 2731 4480 ἐξηγητῶν,
2783 4407 2889 4471 ἓως
2943 4405 3142 4460 τούτων
3189 4404 3297 4458 τῶν
3345 4403 3628 4474 ἡμετέρων

371 4493 492 4554 pter
517 4485 680 4539 etiam
721 4485 986 4544 adversus
1035 4483 1350 4558 opinionem
1384 4489 1530 4543 illam
1577 4489 1942 4560 disputemus,

2056 4501 2286 4572 Χρόνων·
2315 4499 2372 4566 ἐξ
2401 4493 2462 4553 οὗ
2493 4499 2688 4571 καιροῦ
2722 4499 2830 4552 άπὸ
2860 4496 2954 4550 τοῦ
3006 4495 3404 4568 προειρημένου
3437 4495 3623 4562 λογιωο

367 4590 493 4630 cum
518 4590 618 4630 nec
653 4576 952 4634 abhorrere
981 4595 1012 4634 a
1037 4582 1152 4635 vita
1179 4589 1388 4645 nostra,
1416 4597 1592 4653 neque
1624 4591 1827 4638 sancta:
1850 4583 1945 4638 Dei

2056 4594 2204 4647 πάτου
2236 4592 2428 4661 ἀνδρὸς
2470 4593 2531 4645 τὸ
2567 4589 2808 4646 τοιοῦτον
2839 4589 3150 4659 σοφιστικὸν
3173 4588 3415 4660 προῆλθε
3448 4586 3622 4657 ῥῆμα.

369 4664 626 4720 Ecclesiae
659 4665 890 4738 fideique
921 4671 1162 4740 regulam
1208 4672 1462 4728 deserere
1493 4675 1643 4728 omni
1692 4689 1796 4745 0pc
1825 4684 1942 4729 stu-

367 4755 615 4812 deamus.
650 4756 844 4815 Nullus
891 4761 1038 4814 enim
1074 4778 1312 4833 unquam
1360 4779 1428 4818 ex
1481 4765 1758 4820 veteribus
1804 4767 1939 4822 illud

369 4848 605 4903 asseruit
635 4867 649 4904 :
681 4864 789 4903 non
831 4850 1120 4920 propheta,
1153 4869 1263 4906 non
1298 4855 1608 4923 apostolus,
1644 4871 1753 4911 non
1781 4871 1943 4911 evan-

368 4941 594 5010 gelista,
633 4957 741 4996 non
778 4951 1138 5012 interpretum
1170 4947 1404 5016 aliquis,
1437 4951 1530 5018 qui
1566 4948 1632 5002 ad
1687 4961 1938 5006 nostrum

371 5046 542 5101 usque
589 5039 804 5102 tempus
853 5035 1221 5098 exstiterunt;
1279 5053 1308 5089 a
1339 5053 1447 5106 quo
1487 5039 1792 5109 supinistica
1853 5041 1940 5095 illa

2045 4685 2264 4756 Παιδείᾳ
2297 4683 2407 4756 γάρ
2437 4685 2500 4737 οὑ
2534 4687 2602 4756 τῇ
2630 4684 2865 4756 τυχούσῃ
2903 4685 2932 4736 6
2985 4682 3127 4753 ἀνὴρ
3159 4678 3479 4752 ἐξήσκηται,
3516 4678 3626 4732 ἀπὸ

2043 4778 2141 4847 τῆς
2168 4777 2275 4829 τῶν
2307 4777 2480 4844 λόγων
2508 4775 2950 4848 προπαιδεύσεώς
2972 4791 3035 4827 τε
3065 4775 3160 4828 καὶ
3205 4771 3525 4843 Ἑλληνικῆς
3545 4769 3624 4844 δι-

2041 4868 2336 4931 δασκαλίας
2357 4866 2696 4939 ὁρμώμενος,
2732 4867 2912 4922 πᾶσάν
2941 4883 3002 4919 τε
3031 4864 3376 4931 διαλεκτικὴν
3405 4864 3500 4915 καὶ
3528 4878 3622 4914 σο-

2046 4959 2301 5030 φιστικὴν
2344 4960 2794 5031 πεπαιδευμένος·
2836 4958 2972 5012 ἀλλὰ
3015 4957 3111 5012 καὶ
3167 4955 3257 5010 τὸν
3302 4955 3460 5010 ἄλλον
3507 4955 3622 5026 βίον

2041 5052 2398 5123 σεμνότατος,
2443 5053 2536 5105 καὶ
2571 5052 2678 5106 τῶν
2709 5052 2847 5122 πρὸς
2873 5048 3184 5121 ὀρθοδόξους
3214 5048 3301 5102 ἀεὶ
3334 5048 3393 5100 ἐν
3429 5046 3620 5116 ἀγάπῃ

329 5117 815 5195 jcavillatoriaque
855 5141 961 5180 vos
998 5141 1064 5181 ex
1107 5127 1466 5184 eruditissimi
1507 5133 1653 5188 illius
1704 5134 1944 5190 hominis

2056 5117 2321 5214 εν-πρώτφ
2348 5142 2567 5214 ἀριθμῷ
2601 5117 2944 5214 ταττόμενος,
2965 5140 3072 5205 ἕως
3099 5140 3290 5194 τούτου
3323 5139 3419 5192 τοῦ
3462 5138 3623 5206 λόγου

368 5229 464 5271 ore
521 5217 807 5287 processit.
871 5217 988 5272 Non
1036 5219 1180 5273 enim
1248 5221 1575 5278 mediocrem
1633 5226 1943 5281 litterarum

2056 5233 2325 5304 Ξιέμεινεν.
2366 5234 2525 5287 Ἀλλὰ
2560 5233 2654 5287 καὶ
2679 5232 2895 5304 ἐξορίαν
2918 5232 3201 5303 ὑπέμεινε,
3221 5229 3309 5284 διὰ
3332 5230 3394 5282 τὸ
3417 5229 3491 5300 μὴ
3510 5232 3628 5292 τοῖς

370 5307 653 5362 scientiam
686 5308 860 5363 fuerat
887 5308 975 5363 ille
1004 5317 1362 5374 consecutus,
1410 5327 1535 5367 cum
1562 5321 1614 5368 et
1644 5315 1942 5370 humanio-

368 5399 522 5454 ribus
571 5400 884 5470 Grzecisque
913 5401 1222 5472 disciplinis
1252 5411 1398 5458 esset
1426 5406 1703 5474 excultus,
1747 5415 1802 5460 et
1830 5407 1942 5460 dia-

371 5493 617 5549 lecticam
651 5510 712 5551 ac
741 5497 1096 5568 sophisticam
1140 5507 1313 5553 artem
1363 5501 1418 5554 in
1455 5501 1647 5572 primis
1682 5503 1933 5568 calleret;

2055 5324 2350 5394 Ἀρειανοῖς
2389 5324 2827 5394 συγκαταθεῖναι.
2884 5323 2996 5378 Καὶ
3047 5323 3100 5377 τί
3139 5339 3208 5394 με
3269 5321 3352 5375 δεῖ
3411 5320 3620 5389 λέγεινς

2045 5417 2219 5488 Πολλὴ
2253 5418 2406 5488 ἡμῶν
2445 5419 2478 5488 ἡ
2508 5416 2648 5489 λύπη
2670 5457 2686 5482 ,
2723 5417 2818 5471 καὶ
2843 5416 3037 5481 πένθος
3062 5417 3096 5486 ἡ
3121 5415 3234 5486 ζωὴ
3256 5455 3272 5479 ,
3309 5414 3391 5466 ὅτι
3435 5411 3630 5465 λυπεῖν

2042 5508 2229 5561 εἴωθεν
2256 5510 2284 5561 6
2314 5509 2556 5572 διάϐολος
2583 5510 2729 5580 ἡμᾶς
2756 5509 2874 5573 ἀεὶ,
2915 5507 2992 5570 ὡς
3033 5507 3132 5578 ἤδη
3162 5505 3420 5567 πολλάκις
3450 5498 3626 5557 εἷπον.

368 5595 515 5642 esset
547 5587 690 5641 idem
720 5603 882 5658 porro
929 5591 1202 5664 praecipua
1229 5594 1299 5665 _in
1343 5595 1490 5650 omni
1541 5594 1646 5649 vita
1695 5597 1963 5678 grpvitate
1998 5601 2254 5669 prteditus
2287 5643 2302 5667 ,
2351 5603 2458 5658 imo
2495 5619 2621 5659 vero
2667 5611 2720 5659 ct
2770 5597 3092 5659 erthodoxis
3151 5599 3430 5663 omnibus,
3469 5605 3630 5651 ante-

447 5744 464 5776 ¹
492 5740 510 5796 l
548 5743 675 5798 Cor.
707 5762 820 5810 xw,
868 5748 952 5802 15.
