3994 6224
360 361 465 416 677

969 362 1334 419 ADVERSUS
1375 364 1715 420 ll/ERrISES
1756 365 1881 420 LIB.
1927 366 1941 418 Ι

2050 365 2212 420 ΤΟΜ.
2257 365 2318 420 ll.
2346 397 2415 406 —-
2453 364 2730 422 IIAZRES.
2773 364 3027 423 LXXVII.

3527 364 3633 423 678

361 489 523 544 quam
570 473 879 529 istiusmodi
915 474 1109 545 dogma
1149 484 1497 546 proponeret,
1540 477 1698 547 longe
1745 477 2130 533 charissimus.
2185 476 2498 543 Quinetiam
2539 485 2594 533 et
2652 478 2905 533 exsilium
2971 476 3234 534 sustinuit
3293 476 3437 549 quod
3474 478 3632 534 Aria-

360 571 449 625 nis
482 570 743 625 assentiri
785 570 972 625 nollet.
1017 569 1123 625 Sed
1153 571 1285 642 quid
1332 572 1526 628 attinet
1556 572 1806 642 pluribus
1847 573 1948 627 ista
2006 572 2309 642 prosequi?
2365 571 2618 643 Magnum
2680 572 2906 627 omnino
2938 571 3182 628 dolorem
3227 588 3294 627 ea
3336 589 3427 629 res
3468 573 3634 629 nobis

370 665 579 730 attulit,
623 671 679 720 et
726 664 979 720 acerbam
1014 666 1182 720 vitam
1225 667 1480 733 reddidit,
1533 669 1791 738 quoniam
1842 667 2095 723 diabolus
2126 668 2373 723 molestia
2409 684 2534 733 nos,
2566 676 2625 723 ut
2652 684 2796 738 smpe
2836 669 2995 733 dixit,
3037 670 3177 725 solet
3216 669 3452 726 alltcere.

430 762 562 815 KE'.
590 759 860 833 Ἀρξομαι
907 761 1088 815 τοίνυν
1120 762 1248 834 περὶ
1290 762 1479 817 τούτου
1519 762 1614 818 τοῦ
1657 762 1822 836 ῥητοῦ
1850 762 1940 816 λέ-

2128 762 2291 819 XXV.
2336 763 2440 818 Sed
2472 778 2618 819 nunc
2644 764 2713 819 de
2743 764 2846 818 hoc
2875 772 3195 835 argumento
3219 764 3500 835 disputare
3535 781 3628 838 ag-

359 869 497 923 γειν,
516 854 605 908 ἵνα
634 854 801 925 μηδέν
828 854 994 918 τι,ὼς
1015 853 1172 925 ἔφην,
1194 854 1295 925 τῆς
1319 855 1575 926 ἀληθείας
1597 856 1940 928 παραλείψω.

358 947 427 999 Τί
456 950 605 1018 ἡμᾶς
628 946 877 1017 ὠφέλησε
903 946 965 1000 τὸ
996 946 1396 1017 παρεκϐάλλειν
1434 949 1526 1002 τὸν
1551 949 1676 1004 νοῦν
1704 948 1815 1004 ἀπὸ
1844 949 1943 1020 τῆς

358 1043 628 1114 ὲνσάρκου
655 1040 958 1113 παρουσίας
986 1040 1254 1112 Χριστοῦ;
1297 1042 1361 1095 Εἰ
1390 1042 1498 1112 γάρ
1538 1042 1676 1105 ὅλως
1698 1040 1792 1095 τοῦ
1826 1041 1947 1113 βοη-

361 1134 548 1205 θῆσαι,
581 1132 647 1186 ἵν’
682 1131 855 1196 οὕτως
878 1133 1037 1196 εῐπω,
1080 1132 1159 1203 τῷ
1184 1133 1373 1205 Κυρίῳ
1409 1134 1571 1205 ἡμῶν
1606 1132 1781 1204 Ἰησοῦ
1814 1135 1947 1205 Χρι-

360 1225 473 1298 στῷ
494 1227 587 1280 καὶ
612 1225 732 1297 Θεῷ
766 1226 925 1297 Λόγῳ
961 1226 1056 1279 καὶ
1096 1225 1208 1296 Υίῷ
1268 1226 1404 1280 Θεοῦ
1471 1229 1500 1281 ό
1557 1226 1825 1299 ὑμέτερος
1861 1227 1948 1280 λο-

357 1317 560 1387 γισμὸς
603 1317 873 1387 προήχθη,
913 1316 1003 1370 ἵνα
1055 1316 1131 1387 μὴ
1165 1318 1412 1387 εἴπωμεν
1458 1317 1621 1373 αὐτὸν
1668 1318 1948 1389 εἰληφέναι

354 1408 508 1477 νοῦν,
542 1409 691 1472 ὅπως
724 1408 798 1479 μὴ
826 1409 1111 1479 νοήσωμεν
1154 1408 1449 1463 ἐλάττωσιν
1493 1411 1620 1481 περὶ
1650 1410 1749 1482 τὴν
1778 1408 1945 1464 αὐτοῦ

359 1499 624 1570 θεότητα’
654 1498 835 1570 πολλῷ
884 1498 1085 1570 μᾶλλον
1126 1500 1519 1573 προτιμότερον
1558 1501 1715 1574 ήμῶν
1748 1502 1949 1573 τυγχά-

357 1606 512 1643 νουσι
541 1590 831 1659 Μανιχαῖοι
884 1588 975 1642 καὶ
1010 1590 1428 1661 Μαρκιωνισταὶ
1465 1592 1560 1645 καὶ
1610 1592 1765 1647 ἄλλαι
1795 1593 1949 1665 αἱρέ-

360 1699 495 1746 σεις,
521 1683 596 1751 μὴ
628 1682 808 1752 σάρκα
839 1682 990 1753 αὑτῴ
1017 1683 1356 1754 προσάπτειν
1388 1684 1723 1757 βουλόμενοι,
1748 1686 1837 1741 ἴνα
1872 1688 1947 1759 μὴ

359 1775 655 1829 ἐλάττωσιν
682 1777 747 1846 τῇ
772 1774 988 1845 θεότητι
1015 1776 1180 1830 αὐτοῦ
1212 1779 1695 1849 περιποιήσωνται.
1724 1780 1864 1833 Ἀλλ’
1885 1780 1947 1833 οὐ

358 1868 504 1919 κατά
545 1865 644 1936 τὴν
690 1865 802 1919 τῶν
848 1866 1154 1939 ἀνθρώπων
1203 1868 1458 1940 βούλησιν
1490 1872 1523 1939 ή
1558 1870 1786 1942 ἀλήθεια
1836 1871 1949 1942 ἔχει

357 1960 460 2030 τὴν
492 1959 743 2029 δύναμιν,
776 1956 910 2013 ἀλλά
938 1959 1080 2015 κατά
1119 1958 1218 2033 τὴν
1248 1962 1421 2034 αὐτῆς
1454 1963 1949 2037 διακυϐερνητικήν

360 2049 553 2117 σοφίαν
599 2050 693 2104 καὶ
742 2049 1094 2122 οἰκονομικὴν
1134 2052 1534 2124 ἀκαταληψίαν.
1572 2055 1763 2108 Τοίνυν
1792 2056 1949 2127 ἡμῶν

2051 854 2294 926 gredior,
2325 871 2392 911 ne
2421 856 2609 922 ullam,
2639 865 2696 910 ut
2723 855 2879 910 initio
2906 856 3115 919 monui,
3143 856 3389 912 veritatis
3422 864 3632 927 partem

2054 948 2483 1017 praetermittam.
2532 947 2673 1014 Quid
2715 948 2880 1019 igitur
2927 963 3027 1003 nos
3092 947 3336 1016 adjuvat,
3372 949 3518 1018 quod
3564 951 3635 1003 ab

2050 1050 2332 1109 assumpta
2370 1039 2609 1096 hominis
2669 1040 2723 1094 in
2752 1039 2974 1095 Christo
3025 1049 3219 1094 natura
3266 1050 3500 1096 mentem
3535 1057 3633 1095 ex-

2049 1130 2365 1186 cludimus?
2394 1130 2530 1187 Nam
2575 1132 2622 1186 si
2669 1146 2735 1186 eo
2778 1132 3039 1203 cogitatio
3071 1141 3257 1187 nostra
3295 1130 3633 1200 perducitur,

2052 1229 2112 1276 ut
2140 1221 2369 1279 Domino
2398 1232 2586 1279 nostro
2619 1222 2746 1279 Jesu
2784 1224 3004 1279 Christo
3042 1239 3105 1278 ac
3136 1223 3246 1278 Deo
3288 1222 3466 1277 Verbo
3512 1224 3634 1277 Dei-

2051 1333 2159 1388 que
2201 1316 2360 1381 Filio,
2400 1326 2459 1371 ut
2492 1318 2566 1372 ita
2601 1319 2868 1382 dixerim,
2902 1318 3239 1382 subveniret,
3294 1318 3363 1384 si,
3389 1318 3633 1387 inquam,

2051 1417 2287 1464 mentem
2345 1408 2467 1464 ideo
2513 1408 2664 1463 illum
2714 1410 3080 1478 assumpsisse
3122 1424 3407 1479 negemus,
3449 1416 3507 1460 ut
3542 1422 3633 1470 ne,

2052 1501 2199 1571 quod
2240 1501 2304 1555 ad
2336 1500 2680 1557 divinitatem
2733 1503 2991 1573 pertinet,
3030 1500 3288 1558 inferiore
3320 1502 3473 1556 illum
3513 1516 3636 1555 esse

2052 1594 2174 1649 loco
2205 1594 2451 1649 dicamus
2481 1634 2496 1657 ,
2530 1594 2691 1665 longe
2729 1596 2886 1651 nobis
2915 1595 3280 1665 anteponendi
3316 1605 3475 1649 erunt
3517 1593 3633 1646 Mu-

2052 1686 2245 1741 τιἱοίιωί
2298 1701 2362 1740 ac
2428 1684 2793 1741 Marcionistze
2826 1696 3140 1756 caetermque
3190 1687 3447 1751 haereses,
3482 1700 3629 1755 quae,

2051 1793 2121 1833 ne
2166 1778 2402 1833 divinam
2436 1777 2776 1847 majestatem
2813 1777 3139 1833 imminuere
3168 1778 3474 1840 videantur,
3510 1793 3634 1832 ear-

2052 1885 2175 1925 nem
2225 1870 2276 1925 ei
2314 1869 2663 1924 tribuendam
2716 1885 2839 1927 esse
2884 1886 2992 1925 non
3042 1870 3378 1925 existimant.
3432 1868 3634 1926 Verum

2051 1978 2161 2017 non
2211 1978 2279 2018 ex
2325 1963 2605 2017 hominum
2650 1963 2933 2018 voluntate
2967 1963 3216 2017 veritatis
3266 1962 3482 2032 1019
3520 1977 3639 2017 sus-

2053 2070 2222 2125 pensa
2249 2056 2332 2109 vis
2370 2062 2474 2119 est,
2508 2055 2603 2109 sed
2632 2070 2698 2109 ex
2728 2053 2974 2122 ejusdem
3000 2054 3386 2125 gubernatrice
3420 2053 3639 2123 sapien-

358 2139 533 2203 οὕτως
575 2141 1000 2212 ὁμολογούντων,
1050 2142 1143 2196 καὶ
1196 2144 1271 2215 μὴ
1317 2146 1459 2199 κατά
1508 2146 1600 2199 τὸν
1649 2148 1944 2219 Μανιχαίον

2054 2148 2151 2212 tia,
2187 2146 2720 2216 administrandique
2767 2145 3064 2209 facultate,
3116 2159 3239 2215 quae.
3276 2144 3443 2198 nullo
3475 2141 3639 2199 modo

360 2231 592 2302 ἑχόντων
637 2232 719 2302 (οὐ
763 2232 923 2304 χάριν
976 2232 1084 2304 γὰρ
1136 2236 1343 2299 ἐκεῖνος
1394 2235 1576 2301 δώσει,
1628 2236 1799 2291 δοκῶν
1858 2241 1941 2303 εἰς

360 2323 582 2377 ἔπαινον
621 2322 863 2395 Χριστοῦ
896 2324 1076 2395 σάρκα
1118 2323 1300 2394 λέγειν
1331 2326 1495 2380 αὐτὸν
1536 2327 1609 2398 μὴ
1644 2327 1946 2399 εἰληφέναι,

360 2413 495 2466 ἀλλὰ
534 2413 736 2483 μᾶλλον
778 2412 877 2486 τῆς
908 2413 1167 2486 ἀληθείας
1197 2419 1480 2481 πεσεῖται,
1510 2419 1732 2490 δοκήσει
1760 2422 1950 2491 όμολου

358 2507 471 2574 γῶν
506 2507 604 2579 τὴν
636 2506 899 2579 ένσαρκον
930 2506 1169 2578 Χριστοῦ
1213 2510 1538 2580 παρουσίαν)
1560 2528 1575 2543 ο
1602 2512 1744 2566 οὕτω
1768 2514 1863 2566 καὶ
1890 2516 1949 2568 ὲν

359 2599 438 2669 τῷ
468 2600 695 2671 παρόντι
728 2602 842 2664 τοῖς
891 2600 1180 2671 ἡμετέροις
1213 2601 1462 2671 ἀδελφοῖς
1489 2602 1699 2674 ἔσταιή
1734 2605 1947 2674 χυδαιο-

359 2693 515 2762 λογία
572 2692 775 2763 ματαία
820 2693 978 2765 χάρις
1005 2692 1369 2766 τυγχάνουσα.
1424 2694 1783 2765 Ὠμολόγηται
1836 2696 1949 2766 γὰρ

358 2785 491 2857 παρ’
522 2785 705 2849 αὐτοῖς
730 2801 790 2839 τε
829 2786 923 2838 καὶ
950 2786 1080 2857 παρ’
1116 2787 1268 2857 ἡμῖν,
1312 2784 1409 2839 ἐὰν
1458 2785 1534 2857 μὴ
1562 2786 1789 2840 θέλωσιν
1833 2789 1949 2841 ἐτέ-

361 2896 473 2951 ρως
503 2881 741 2950 φρονεῖν,
773 2877 956 2942 καθώς
981 2895 1127 2942 τινες
1161 2878 1422 2943 πολλάκις
1464 2879 1558 2932 ἀπ’
1585 2879 1767 2934 αὐτῶν
1795 2880 1947 2945 ὄντες

358 2971 604 3024 ἑάλωσαν
633 2968 965 3041 πιεζόμενοι,
987 2968 1074 3022 διὰ
1104 2968 1264 3023 τοῦτο
1295 2969 1391 3023 καί
1416 2970 1739 3042 ἀρνούμενοι
1769 2972 1948 3043 σάρκα

357 3062 617 3134 ἀληθινὴν
641 3062 733 3115 τὸν
778 3060 1013 3132 Χριστὸν
1045 3061 1361 3132 εἰληφέναι·
1403 3060 1478 3126 ὡς
1520 3062 1634 3117 ἄνω
1667 3079 1757 3133 μοι
1803 3064 1949 3134 εἴρη-

355 3173 472 3219 ται,
506 3155 588 3209 ὅτι
613 3154 755 3218 τινὲς
784 3153 1091 3225 ἐτόλμησαν
1139 3152 1322 3221 λέγειν
1348 3151 1637 3223 όμοοῦσιον
1678 3149 1819 3207 εἶναι
1848 3154 1946 3225 τὴν

359 3248 540 3320 σάρκα
565 3249 633 3319 τῇ
676 3246 841 3301 αὐτοῦ
866 3244 1101 3317 θεότητι.
1140 3243 1279 3297 Ἀλλ’
1313 3246 1511 3299 ἐκεῖνοι
1543 3245 1642 3315 μὲν
1674 3246 1947 3317 παρεκϐα-

356 3339 638 3395 λέσθωσαν
670 3340 747 3401 ὡς
776 3338 1134 3410 μεταγνόντες
1154 3374 1169 3401 ,
1211 3338 1306 3391 καὶ
1334 3338 1684 3409 ἐλεγχθέντες
1733 3339 1826 3391 ἐπὶ
1866 3338 1946 3410 τῷ

356 3430 585 3502 τοιούτῳ
610 3430 945 3501 ἀτοπήματι,
972 3427 1125 3500 παρὰ
1149 3431 1260 3493 τοῖς
1285 3429 1414 3499 περὶ
1445 3429 1646 3501 σαρκὸς
1673 3431 1731 3483 ὲν
1760 3429 1944 3492 αὐτοῖς

2052 2239 2439 2308 comprehendi
2491 2246 2718 2307 potest,
2776 2238 3120 2293 mstimanda.
3176 2235 3447 2303 Quocirca
3509 2249 3637 2289 eum

2052 2330 2321 2398 ejusmodi
2370 2331 2442 2386 sit
2490 2331 2615 2386 ﬁdei
2667 2338 2873 2387 nostra:
2922 2328 3225 2401 professio,
3274 2343 3452 2398 neque
3509 2341 3635 2382 cum

2053 2424 2355 2480 Manichzeo
2386 2426 2690 2481 sentiamus
2740 2426 2873 2496 (non
2912 2424 3058 2480 enim
3086 2422 3379 2495 gratiﬁcari
3416 2421 3505 2475 ille
3537 2436 3639 2490 pu-

2052 2517 2249 2571 tandus
2279 2523 2401 2580 est,
2448 2531 2573 2572 eum
2620 2515 2688 2569 ad
2727 2515 2993 2586 majorem
3044 2513 3251 2569 Christi
3287 2511 3635 2567 commcnda-

2051 2607 2252 2661 tionem
2284 2621 2507 2662 earnem
2542 2606 2591 2662 ei
2632 2605 2908 2673 detrahit;
2964 2605 3057 2660 sed
3104 2619 3135 2657 a
3177 2603 3412 2659 veritate
3451 2601 3635 2672 potius

2050 2700 2330 2763 abhorret,
2390 2699 2521 2753 dum
2572 2698 2722 2754 illius
2774 2697 3210 2753 incarnationem
3272 2695 3454 2763 specie
3516 2692 3636 2747 sola

2048 2799 2302 2846 constare
2354 2790 2581 2861 docet):
2642 2790 2832 2845 eodem
2892 2788 3054 2858 plane
3115 2784 3277 2838 modo
3339 2782 3633 2837 vanissima

2052 2882 2279 2937 fratrum
2318 2890 2635 2935 nostrorum
2685 2881 2791 2935 erit
2841 2880 2932 2934 illa
2978 2878 3319 2948 disputatio,
3371 2874 3625 2928 inanissi-

2050 2986 2306 3040 mumque
2339 2970 2478 3023 bene
2499 2972 2567 3024 de
2596 2968 2819 3023 Christo
2845 2968 3089 3023 merendi
3122 2966 3389 3022 studium.
3419 2962 3635 3017 Etenim

2050 3069 2157 3113 tam
2194 3059 2268 3113 illi
2297 3074 2460 3129 quam
2494 3076 2595 3115 nos
2626 3061 2730 3129 ipsi
2762 3061 2827 3115 de
2852 3074 3019 3115 carne
3049 3058 3254 3113 Christi
3285 3057 3515 3112 veritate
3548 3072 3634 3109 ie-

2048 3158 2133 3205 cte
2168 3151 2437 3206 sentimus
2460 3194 2475 3217 ,
2510 3151 2617 3205 nisi
2651 3150 2791 3206 forte
2840 3152 3000 3206 aliter
3050 3159 3294 3205 statuere
3324 3150 3632 3215 voluerint;

2048 3243 2505 3315 quemadmodum
2528 3244 2773 3300 nonnulli
2801 3259 2943 3313 swpe
2968 3259 3030 3298 ex
3057 3244 3271 3297 illorum
3294 3256 3525 3297 numero
3542 3255 3634 3293 ar-

2048 3343 2430 3406 gumentorum
2458 3334 2509 3389 vi
2539 3335 2711 3390 coacti
2738 3334 3088 3403 convictique
3112 3340 3261 3396 sunt,
3300 3343 3359 3386 ut
3388 3346 3571 3386 veram
3604 3345 3635 3384 a

2046 3426 2269 3482 Christo
2291 3441 2511 3482 carnem
2532 3433 2869 3496 assumptam
2901 3426 3132 3480 inﬁciari
3153 3425 3438 3488 auderent,
3458 3430 3517 3476 ut
3540 3437 3639 3475 an-

358 3488 860 3594 καλῶξφρονοῦσι.
907 3488 1134 3583 Πάντως
1174 3488 1283 3591 γάρ
1321 3488 1425 3572 που
1466 3520 1496 3573 ό
1518 3488 1690 3584 hort..-
1718 3488 1941 3574 εῦλαϐέζ

2050 3526 2132 3574 tea
2145 3517 2405 3581 diximus,
2422 3534 2487 3574 eo
2510 3488 3003 3573 scilicet-adductos
3022 3516 3309 3588 quosdam,
3331 3523 3388 3569 ut
3412 3529 3635 3570 carnem

359 3630 553 3679 στατος
591 3612 997 3683 Ἀπολλινάριος
1023 3611 1124 3665 οὐκ
1150 3611 1464 3682 ἀρνήσεται.

2051 3609 2331 3665 divinitati
2378 3610 2904 3667 consubstantialem
2944 3609 3204 3664 facerent.
3249 3606 3356 3663 Sed
3415 3616 3638 3678 praeter-

359 3708 607 3763 mittendi
656 3721 687 3761 a
736 3704 897 3763 nobis
930 3706 1005 3761 illi
1040 3712 1203 3769 sunt,
1241 3714 1429 3776 utpote
1482 3706 1575 3777 qui
1611 3706 1945 3761 sententiam
1990 3707 2345 3773 mutaverint,
2372 3714 2427 3762 et
2457 3721 2487 3760 a
2520 3707 2736 3763 caeteris
2783 3721 2848 3761 ex
2908 3704 3098 3760 eodem
3152 3720 3314 3776 grege
3338 3703 3405 3758 de
3430 3698 3637 3757 Christi

357 3814 525 3853 carne
573 3812 683 3853 non
732 3798 873 3852 male
943 3796 1311 3853 sentientibus
1373 3803 1484 3850 tam
1561 3796 1862 3852 absurdum
1921 3795 1992 3852 ob
2024 3812 2268 3853 errorem
2329 3795 2600 3852 confutati
2662 3796 2792 3853 sint.
2848 3793 2955 3851 Sed
3000 3793 3260 3865 quidquid
3292 3793 3363 3849 sit
3393 3792 3461 3847 de
3492 3789 3635 3855 aliis.

360 3899 511 3947 certe
541 3890 987 3963 religiosissimus
1017 3888 1152 3944 illud
1179 3904 1289 3944 non
1325 3887 1548 3958 negabit
1580 3888 1934 3959 Apollinaris.

432 3983 576 4049 KG’.
597 3981 661 4035 Εἰ
690 3980 871 4035 τοίνυν
905 3979 1086 4050 σάρκα
1108 3978 1330 4050 εἴληφεν
1366 3976 1535 4032 ἐλθὼν
1562 3978 1592 4029 ό
1624 3978 1818 4047 Λόγος,
1843 3979 1937 4032 καὶ

358 4073 468 4128 ἀπὸ
490 4072 707 4145 Μαρίας
730 4075 788 4127 ὲν
815 4071 1067 4143 ἀληθείᾳ,
1100 4071 1203 4125 οὐκ
1230 4069 1339 4124 ἀπὸ
1373 4069 1688 4140 σπέρματος
1722 4070 1931 4141 ἀνδρὸς,

356 4168 494 4223 ἀλλά
521 4165 610 4221 διὰ
636 4165 952 4237 Πνεῦματος
998 4163 1178 4233 ἁγίου,
1204 4162 1599 4234 ὲγκυμονηθεὶς
1628 4161 1684 4215 δὲ
1712 4164 1769 4217 έν
1808 4162 1943 4233 ἀλη-

356 4262 501 4335 θείᾳ,
532 4260 624 4314 καὶ
656 4257 1109 4328 ἀναπλασάμενος
1136 4254 1353 4321 ἑαυτοῦ,
1389 4255 1465 4320 ὡς
1498 4256 1632 4320 Θεὸς
1685 4256 1779 4311 καὶ
1813 4256 1945 4311 πλά-

360 4370 491 4425 στης
523 4351 598 4406 ὢν
639 4351 733 4405 τοῦ
772 4348 1199 4423 πρωτοπλάστου
1240 4346 1529 4419 ἀνθρώπου
1560 4348 1657 4402 καὶ
1688 4348 1907 4403 πάντων
1926 4363 1942 4379 ο

357 4446 467 4518 ἄρα
488 4463 552 4516 γε
574 4446 673 4499 οὐκ
700 4441 986 4515 ἠλαττώθη
1016 4441 1186 4495 ἐλθὼν
1218 4442 1247 4493 ὁ
1270 4440 1461 4509 Λόγος,
1494 4441 1609 4495 ἀλλ’
1643 4440 1853 4511 ἔμεινεν
1881 4442 1940 4495 ὲν

356 4542 423 4611 τῇ
474 4538 582 4610 ἰδίᾳ
626 4537 883 4609 ἀτρέπτῳ
912 4533 1094 4604 φύσει.
1127 4533 1203 4587 Οὐ
1244 4530 1354 4603 γὰρ
1406 4532 1584 4585 λαϐὼν
1629 4532 1724 4604 τὴν
1759 4532 1940 4603 σάρκα

2116 3971 2305 4027 XXVI.
2351 3972 2532 4039 Quare
2557 3986 2682 4027 cum
2709 3969 2947 4027 Verbum
2986 3971 3075 4026 Dei
3107 3970 3324 4026 caelitus
3350 3970 3634 4042 delapsum

2050 4080 2169 4119 vere
2213 4080 2279 4118 ex
2320 4062 2490 4117 Maria
2534 4061 2781 4133 Virgine,
2835 4078 2942 4115 non
2988 4077 3051 4116 ex
3086 4063 3228 4116 virili
3265 4063 3496 4126 semine,
3539 4064 3634 4119 sed

2046 4152 2112 4208 de
2144 4151 2350 4223 Spiritu
2391 4159 2584 4206 sancto
2640 4166 2859 4205 carnem
2901 4150 3225 4219 susceperit,
3268 4156 3321 4203 et
3375 4148 3427 4201 in
3483 4148 3629 4204 illius

2053 4252 2211 4299 utero
2252 4259 2309 4297 re
2337 4244 2452 4313 ipsa
2478 4250 2721 4313 gestatus
2755 4241 2845 4304 sit,
2879 4256 2941 4293 ac
2977 4239 3081 4293 sibi
3111 4253 3313 4316 corpus
3342 4236 3632 4304 eﬁinxerit,

2056 4344 2247 4407 utpote
2285 4334 2450 4398 Deus,
2493 4348 2557 4387 ac
2598 4340 2707 4386 tam
2740 4330 2899 4401 primi
2946 4329 3119 4383 nostri
3160 4328 3423 4398 parentis,
3473 4343 3635 4397 quam

2052 4432 2384 4501 reliquarum
2441 4434 2687 4482 omnium
2714 4439 2897 4479 rerum
2928 4422 3083 4476 ﬁctor
3119 4435 3183 4475 ac
3226 4420 3498 4484 conditor,
3524 4434 3636 4473 non

2046 4526 2234 4593 utique
2277 4521 2436 4577 Verbi
2484 4521 2631 4575 illius
2673 4528 2756 4572 est
2787 4517 3072 4571 imminuta
3126 4515 3388 4582 dignitas,
3440 4513 3532 4568 sed
3579 4512 3636 4565 in

597 4605 944 4696 ὑπέ”στη,ήὼς
994 4621 1277 4693 ὁμοούσιος
1305 4620 1423 4691 θεῷ
1454 4622 1629 4692 Πατρὶ
1649 4660 1663 4684 ,
1712 4621 1804 4675 καὶ
1842 4620 1942 4673 οὐκ

2050 4618 2269 4689 propria
2316 4625 2371 4671 et
2414 4613 2739 4669 immutabili
2786 4618 2981 4665 natura
3040 4607 3298 4679 perstitit.
3330 4605 3464 4660 Nam
3509 4622 3634 4660 cum

354 4700 636 4793 ἀλλότριος
688 4718 841 4789 παρὰ
889 4718 981 4769 τὸν
1032 4714 1255 4785 Πατέρα
1303 4714 1397 4766 καὶ
1440 4714 1500 4766 τὸ
1559 4714 1712 4781 ἅγιον
1770 4710 1936 4766 αὑτοῦ

2050 4726 2268 4766 carnem
2312 4708 2509 4769 induit,
2548 4705 2753 4759 nullam
2802 4700 3240 4756 vicissitudinem
3279 4705 3364 4753 est
3411 4712 3632 4767 passus,

354 4814 600 4884 Πνεῦμα.
650 4813 712 4866 El
743 4811 921 4865 τοίνυν
948 4808 1295 4880 ὡμολόγηται
1338 4807 1524 4876 σαφῶς
1563 4807 1743 4876 σάρκα
1774 4806 1936 4860 αὐτὸν

354 4882 656 4974 έὶληφέναι,
685 4903 780 4956 καὶ
814 4899 1074 4972 ήδρύνθαι
1094 4940 1109 4965 ,
1146 4898 1255 4969 ἄρα
1295 4898 1395 4952 οὐκ
1427 4898 1583 4962 ἐκτὸς
1619 4898 1797 4969 ψυχῆς
1819 4914 1942 4967 τυγ-

363 4994 529 5065 χάνει.
562 4994 677 5046 Πᾶν
704 4994 811 5063 γὰρ
836 4991 898 5045 τὸ
921 4991 1308 5062 ἁδρυνόμενον,
1337 4988 1475 5058 πλὴν
1503 4987 1614 5041 τῶν
1642 4989 1939 5058 ἀκινήτων,

358 5089 419 5139 ὲκ
450 5086 627 5156 ψυχῆς
665 5086 761 5138 καὶ
802 5082 1051 5153 σώματος
1080 5081 1377 5151 συνέστηκε
1399 5119 1414 5143 ,
1449 5079 1592 5133 κατὰ
1620 5079 1682 5132 τὸ
1711 5078 1940 5150 εἰρημέο

355 5196 480 5232 νον·
509 5179 571 5231 Ὀ
590 5178 659 5230 δὲ
693 5158 934 5245 Ἰησοῦς
964 5174 1337 5243 προέκοπτεν
1364 5172 1435 5225 ἑν
1463 5172 1653 5239 σοφίᾳ
1675 5171 1772 5224 καὶ
1804 5172 1939 5239 ἠλι-

353 5272 456 5339 κίᾳ
476 5288 489 5301 °
524 5272 611 5324 ἵνα
642 5269 795 5342 δείξῃ
822 5267 918 5338 τὴν
940 5266 1159 5338 ἡλικίαν
1191 5264 1280 5318 διὰ
1302 5264 1399 5335 τὴν
1433 5248 1643 5333 σάρκα·
1672 5261 1858 5332 ἡλικία
1883 5261 1941 5314 δὲ

353 5363 463 5417 ἀπὸ
490 5364 588 5433 τῆς
621 5362 818 5433 ψυχῆς,
860 5358 933 5422 ὡς
978 5357 1137 5428 ἔφην,
1195 5357 1289 5409 καὶ
1326 5356 1577 5425 σώματος
1614 5353 1936 5407 τελειοῦται.

354 5454 513 5511 Μετὰ
543 5454 600 5507 δὲ
641 5454 702 5505 τὸ
742 5452 940 5513 εἰπεῖν,
990 5448 1337 5519 Προέκοπτεν
1371 5447 1577 5518 ήλικίᾳ,
1634 5444 1944 5508 ἀκολούθως

356 5546 510 5614 φησι,
550 5546 659 5598 Καὶ
686 5544 868 5614 σοφίᾳ.
907 5542 964 5594 '0
990 5540 1065 5592 ὢν
1108 5540 1163 5592 δὲ
1195 5538 1355 5607 σοφία
1390 5538 1624 5608 Πατρὸς,
1662 5536 1778 5600 πῶς
1812 5554 1943 5607 προ‹

355 5640 585 5694 ἔκοπτεν
617 5639 675 5691 ὲν
707 5635 891 5706 σοφίᾳ,
922 5635 969 5687 εί
997 5632 1276 5703 ἀλλότριον
1312 5627 1379 5702 ἦν
1414 5631 1476 5684 τὸ
1508 5628 1700 5694 σκεῦος
1730 5629 1821 5683 νοῦ
1850 5630 1944 5684 ἀνευ

431 5798 447 5828 ¹
484 5794 615 5855 Luc.
644 5809 705 5861 ll,
739 5794 827 5851 52.

2050 4808 2226 4877 utqui
2264 4803 2375 4857 Deo
2430 4799 2578 4855 Patri
2626 4794 3116 4854 consubstantialis
3170 4792 3423 4855 exsistat,
3468 4807 3567 4845 nec
3604 4807 3633 4844 a

2048 4897 2180 4960 Deo,
2209 4897 2292 4950 vel
2320 4894 2388 4948 ab
2421 4894 2567 4946 illius
2596 4890 2803 4961 Spiritu
2836 4898 3028 4943 sancto
3059 4886 3335 4946 diversus,
3378 4892 3471 4937 aut
3500 4882 3635 4935 alie-

2046 5006 2173 5044 nus.
2202 4984 2408 5053 Quodsi
2443 4981 2589 5038 istud
2629 4982 2683 5034 in
2716 4977 2976 5034 confesso
3027 4984 3149 5040 est,
3207 4988 3428 5029 carnem
3476 4973 3629 5025 illum

2043 5082 2290 5136 induisse
2349 5085 2513 5147 atque
2550 5075 2891 5128 incrementa
2934 5069 3166 5139 cepisse,
3210 5066 3406 5120 animae
3436 5079 3632 5133 expers

2040 5189 2163 5230 esse
2203 5187 2312 5226 non
2351 5176 2550 5240 potest.
2577 5162 2856 5234 Quidquid
2898 5161 3042 5217 enim
3096 5157 3379 5219 adolescit,
3425 5153 3470 5209 si
3522 5156 3629 5207 im-

2042 5265 2271 5320 mobiles
2316 5277 2403 5317 res
2451 5259 2719 5329 excipias,
2776 5254 2956 5308 anima
3010 5256 3227 5305 constat
3267 5255 3322 5301 et
3373 5261 3625 5315 corpore.

2043 5355 2119 5411 Eo
2156 5369 2320 5425 porro
2346 5353 2646 5422 Scriptura:
2686 5348 2850 5403 verba
2888 5346 2977 5399 illa
3018 5340 3307 5396 referenda
3340 5348 3466 5392 sunt
3496 5357 3507 5392 :
3534 5337 3618 5391 Je-

2042 5464 2130 5502 sus
2158 5456 2335 5499 autem
2366 5444 2632 5498 crescebat
2659 5439 2923 5509 sapientia
2946 5446 2993 5489 et
3024 5444 3179 5488 wtate
3206 5433 3242 5484 ⁸.
3276 5430 3375 5485 Ubi
3409 5437 3632 5500 propter

2041 5554 2283 5603 carnem,
2324 5544 2538 5590 aetatem
2578 5530 2941 5603 signiﬁcavit;
2972 5534 3105 5583 aetas
3144 5540 3273 5580 vero
3315 5540 3381 5578 ex
3421 5522 3628 5585 anima,

2041 5630 2120 5684 uti
2150 5628 2286 5694 dixi,
2310 5634 2363 5682 et
2385 5638 2619 5694 corpore
2643 5619 2944 5694 perﬁcitur.
2983 5618 3058 5673 Ac
3085 5623 3440 5688 posteaquam
3468 5618 3626 5668 aetate
