  <div class='ocr_page' id='page_1' title='image "/cluster/home/n/w/nwhite01/storage/ocr_20150623/42/mdp.39015052824052/369.png"; bbox 0 0 3994 6224; ppageno 0'>
   <div class='ocr_carea' id='block_1_1' title="bbox 379 355 489 412">
    <p class='ocr_par' dir='ltr' id='par_1_1' title="bbox 379 355 489 412">
     <span class='ocr_line' id='line_1_1' title="bbox 379 355 489 412; baseline 0.036 -9"><span class='ocrx_word' id='word_1_1' title='bbox 379 355 489 412; x_wconf 72' lang='lat'><strong>(379</strong></span> 
     </span>
    </p>
   </div>
   <div class='ocr_carea' id='block_1_2' title="bbox 1793 347 2241 407">
    <p class='ocr_par' dir='ltr' id='par_1_2' title="bbox 1793 347 2241 407">
     <span class='ocr_line' id='line_1_2' title="bbox 1793 347 2241 407; baseline -0.002 -2"><span class='ocrx_word' id='word_1_2' title='bbox 1793 350 1851 407; x_wconf 86' lang='lat' dir='ltr'><strong>S.</strong></span> <span class='ocrx_word' id='word_1_3' title='bbox 1898 347 2241 406; x_wconf 68' lang='lat' dir='ltr'><strong>LPIPHANH</strong></span> 
     </span>
    </p>
   </div>
   <div class='ocr_carea' id='block_1_3' title="bbox 3542 354 3649 413">
    <p class='ocr_par' dir='ltr' id='par_1_3' title="bbox 3542 354 3649 413">
     <span class='ocr_line' id='line_1_3' title="bbox 3542 354 3649 413; baseline 0.037 -4"><span class='ocrx_word' id='word_1_4' title='bbox 3542 354 3649 413; x_wconf 85' lang='lat'><strong>680</strong></span> 
     </span>
    </p>
   </div>
   <div class='ocr_carea' id='block_1_4' title="bbox 375 465 1944 541">
    <p class='ocr_par' dir='ltr' id='par_1_4' title="bbox 375 467 1935 541">
     <span class='ocr_line' id='line_1_4' title="bbox 375 467 1935 541; baseline 0.001 -22"><span class='ocrx_word' id='word_1_5' title='bbox 375 488 383 510; x_wconf 81' lang='grc' dir='ltr'><strong>ι</strong></span> <span class='ocrx_word' id='word_1_6' title='bbox 413 469 528 524; x_wconf 80' lang='lat' dir='ltr'><strong>Iuni</strong></span> <span class='ocrx_word' id='word_1_7' title='bbox 566 469 898 540; x_wconf 83' lang='lat' dir='ltr'><strong>processisse</strong></span> <span class='ocrx_word' id='word_1_8' title='bbox 938 467 1096 534; x_wconf 78' lang='lat' dir='ltr'><strong>dixit,</strong></span> <span class='ocrx_word' id='word_1_9' title='bbox 1131 477 1520 532; x_wconf 87' lang='lat' dir='ltr'><strong>consentanee,</strong></span> <span class='ocrx_word' id='word_1_10' title='bbox 1571 469 1638 523; x_wconf 88' lang='lat' dir='ltr'><strong>Et</strong></span> <span class='ocrx_word' id='word_1_11' title='bbox 1669 470 1935 541; x_wconf 55' lang='lat' dir='ltr'><strong>sapientia</strong></span> 
     </span>
    </p>
   </div>
   <div class='ocr_carea' id='block_1_5' title="bbox 2049 465 3653 541">
    <p class='ocr_par' dir='ltr' id='par_1_5' title="bbox 2073 465 3653 540">
     <span class='ocr_line' id='line_1_5' title="bbox 2073 465 3653 540; baseline -0.001 -19"><span class='ocrx_word' id='word_1_12' title='bbox 2073 468 2378 540; x_wconf 85' lang='grc' dir='ltr'>θρωπίνου;</span> <span class='ocrx_word' id='word_1_13' title='bbox 2417 467 2528 524; x_wconf 73' lang='grc' dir='ltr'><strong>Καὶ</strong></span> <span class='ocrx_word' id='word_1_14' title='bbox 2573 471 2621 522; x_wconf 82' lang='grc' dir='ltr'>εἰ</span> <span class='ocrx_word' id='word_1_15' title='bbox 2664 469 2792 524; x_wconf 81' lang='grc' dir='ltr'>ἄνευ</span> <span class='ocrx_word' id='word_1_16' title='bbox 2838 469 2956 532; x_wconf 80' lang='grc' dir='ltr'>νοὸς</span> <span class='ocrx_word' id='word_1_17' title='bbox 2989 467 3274 539; x_wconf 83' lang='grc' dir='ltr'>ἐτύγχανε,</span> <span class='ocrx_word' id='word_1_18' title='bbox 3327 465 3449 531; x_wconf 82' lang='grc' dir='ltr'><strong>πῶς</strong></span> <span class='ocrx_word' id='word_1_19' title='bbox 3486 467 3653 537; x_wconf 76' lang='grc' dir='ltr'>σοφία</span> 
     </span>
    </p>
   </div>
   <div class='ocr_carea' id='block_1_6' title="bbox 371 557 1944 632">
    <p class='ocr_par' dir='ltr' id='par_1_6' title="bbox 371 557 1944 630">
     <span class='ocr_line' id='line_1_6' title="bbox 371 557 1944 630; baseline 0 -18"><span class='ocrx_word' id='word_1_20' title='bbox 371 561 638 615; x_wconf 76' lang='lat' dir='ltr'><strong>subdidit.</strong></span> <span class='ocrx_word' id='word_1_21' title='bbox 669 558 788 613; x_wconf 88' lang='lat' dir='ltr'><strong>Jam</strong></span> <span class='ocrx_word' id='word_1_22' title='bbox 823 572 951 613; x_wconf 77' lang='lat' dir='ltr'><strong>vero</strong></span> <span class='ocrx_word' id='word_1_23' title='bbox 987 560 1080 628; x_wconf 92' lang='lat' dir='ltr'><strong>qui</strong></span> <span class='ocrx_word' id='word_1_24' title='bbox 1126 559 1396 630; x_wconf 84' lang='lat' dir='ltr'><strong>sapientia</strong></span> <span class='ocrx_word' id='word_1_25' title='bbox 1422 557 1600 614; x_wconf 88' lang='lat' dir='ltr'><strong>Patris</strong></span> <span class='ocrx_word' id='word_1_26' title='bbox 1642 567 1810 621; x_wconf 90' lang='lat' dir='ltr'><strong>esset,</strong></span> <span class='ocrx_word' id='word_1_27' title='bbox 1841 560 1944 627; x_wconf 89' lang='lat' dir='ltr'><strong>qui-</strong></span> 
     </span>
    </p>
   </div>
   <div class='ocr_carea' id='block_1_7' title="bbox 2049 557 3653 632">
    <p class='ocr_par' dir='ltr' id='par_1_7' title="bbox 2067 558 3653 632">
     <span class='ocr_line' id='line_1_7' title="bbox 2067 558 3653 632; baseline -0.003 -18"><span class='ocrx_word' id='word_1_28' title='bbox 2067 563 2125 614; x_wconf 87' lang='grc' dir='ltr'><strong>ἐν</strong></span> <span class='ocrx_word' id='word_1_29' title='bbox 2155 560 2298 630; x_wconf 80' lang='grc' dir='ltr'>ψυχῇ</span> <span class='ocrx_word' id='word_1_30' title='bbox 2326 561 2418 613; x_wconf 77' lang='grc' dir='ltr'>καὶ</span> <span class='ocrx_word' id='word_1_31' title='bbox 2457 560 2670 632; x_wconf 87' lang='grc' dir='ltr'>σώματι</span> <span class='ocrx_word' id='word_1_32' title='bbox 2710 561 3052 632; x_wconf 83' lang='grc' dir='ltr'>προέκοπτε;</span> <span class='ocrx_word' id='word_1_33' title='bbox 3088 562 3199 614; x_wconf 71' lang='grc' dir='ltr'><strong>Καὶ</strong></span> <span class='ocrx_word' id='word_1_34' title='bbox 3224 561 3357 630; x_wconf 81' lang='grc' dir='ltr'>ὁρᾷς</span> <span class='ocrx_word' id='word_1_35' title='bbox 3390 560 3537 628; x_wconf 81' lang='grc' dir='ltr'>πόση</span> <span class='ocrx_word' id='word_1_36' title='bbox 3568 558 3653 622; x_wconf 81' lang='grc' dir='ltr'><strong>τίς</strong></span> 
     </span>
    </p>
   </div>
   <div class='ocr_carea' id='block_1_8' title="bbox 374 649 1961 720">
    <p class='ocr_par' dir='ltr' id='par_1_8' title="bbox 374 649 1961 720">
     <span class='ocr_line' id='line_1_8' title="bbox 374 649 1961 720; baseline 0.003 -20"><span class='ocrx_word' id='word_1_37' title='bbox 374 666 500 704; x_wconf 90' lang='lat' dir='ltr'><strong>nam</strong></span> <span class='ocrx_word' id='word_1_38' title='bbox 545 649 680 704; x_wconf 91' lang='lat' dir='ltr'><strong>ullas</strong></span> <span class='ocrx_word' id='word_1_39' title='bbox 728 649 1010 719; x_wconf 71' lang='lat' dir='ltr'><strong>sapientia:</strong></span> <span class='ocrx_word' id='word_1_40' title='bbox 1055 651 1471 720; x_wconf 79' lang='lat' dir='ltr'><strong>progressiones</strong></span> <span class='ocrx_word' id='word_1_41' title='bbox 1526 651 1724 705; x_wconf 89' lang='lat' dir='ltr'><strong>habere</strong></span> <span class='ocrx_word' id='word_1_42' title='bbox 1768 653 1961 720; x_wconf 89' lang='lat' dir='ltr'><strong>potuit,</strong></span> 
     </span>
    </p>
   </div>
   <div class='ocr_carea' id='block_1_9' title="bbox 379 741 1960 806">
    <p class='ocr_par' dir='ltr' id='par_1_9' title="bbox 379 741 1960 806">
     <span class='ocr_line' id='line_1_9' title="bbox 379 741 1960 806; baseline 0.001 -10"><span class='ocrx_word' id='word_1_43' title='bbox 379 743 422 796; x_wconf 87' lang='lat' dir='ltr'><strong>si</strong></span> <span class='ocrx_word' id='word_1_44' title='bbox 456 741 526 795; x_wconf 90' lang='lat' dir='ltr'><strong>ab</strong></span> <span class='ocrx_word' id='word_1_45' title='bbox 565 741 807 795; x_wconf 88' lang='lat' dir='ltr'><strong>humana</strong></span> <span class='ocrx_word' id='word_1_46' title='bbox 841 752 1024 796; x_wconf 89' lang='lat' dir='ltr'><strong>mente</strong></span> <span class='ocrx_word' id='word_1_47' title='bbox 1056 743 1334 797; x_wconf 87' lang='lat' dir='ltr'><strong>diversum</strong></span> <span class='ocrx_word' id='word_1_48' title='bbox 1366 758 1460 797; x_wconf 90' lang='lat' dir='ltr'><strong>vas</strong></span> <span class='ocrx_word' id='word_1_49' title='bbox 1493 744 1648 806; x_wconf 89' lang='lat' dir='ltr'><strong>illud,</strong></span> <span class='ocrx_word' id='word_1_50' title='bbox 1681 753 1739 796; x_wconf 92' lang='lat' dir='ltr'><strong>ut</strong></span> <span class='ocrx_word' id='word_1_51' title='bbox 1775 745 1847 796; x_wconf 91' lang='lat' dir='ltr'><strong>ita</strong></span> <span class='ocrx_word' id='word_1_52' title='bbox 1874 743 1960 797; x_wconf 90' lang='lat' dir='ltr'><strong>di-</strong></span> 
     </span>
    </p>
   </div>
   <div class='ocr_carea' id='block_1_10' title="bbox 376 833 1958 906">
    <p class='ocr_par' dir='ltr' id='par_1_10' title="bbox 376 833 1958 906">
     <span class='ocr_line' id='line_1_10' title="bbox 376 833 1958 906; baseline 0.002 -21"><span class='ocrx_word' id='word_1_53' title='bbox 376 849 519 895; x_wconf 90' lang='lat' dir='ltr'><strong>cam,</strong></span> <span class='ocrx_word' id='word_1_54' title='bbox 569 833 705 886; x_wconf 86' lang='lat' dir='ltr'><strong>fuit?</strong></span> <span class='ocrx_word' id='word_1_55' title='bbox 733 834 810 888; x_wconf 82' lang='lat' dir='ltr'><strong>Ac</strong></span> <span class='ocrx_word' id='word_1_56' title='bbox 853 835 900 888; x_wconf 87' lang='lat' dir='ltr'><strong>si</strong></span> <span class='ocrx_word' id='word_1_57' title='bbox 953 837 1151 890; x_wconf 89' lang='lat' dir='ltr'><strong>mentis</strong></span> <span class='ocrx_word' id='word_1_58' title='bbox 1188 851 1382 904; x_wconf 77' lang='lat' dir='ltr'><strong>expers</strong></span> <span class='ocrx_word' id='word_1_59' title='bbox 1419 835 1632 906; x_wconf 77' lang='lat'><strong>1020</strong></span> <span class='ocrx_word' id='word_1_60' title='bbox 1657 836 1958 900; x_wconf 72' lang='lat' dir='ltr'><strong>exstiterit,</strong></span> 
     </span>
    </p>
   </div>
   <div class='ocr_carea' id='block_1_11' title="bbox 375 925 1958 998">
    <p class='ocr_par' dir='ltr' id='par_1_11' title="bbox 375 925 1958 998">
     <span class='ocr_line' id='line_1_11' title="bbox 375 925 1958 998; baseline 0.004 -21"><span class='ocrx_word' id='word_1_61' title='bbox 375 925 468 993; x_wconf 86' lang='lat' dir='ltr'><strong>qui</strong></span> <span class='ocrx_word' id='word_1_62' title='bbox 516 925 632 979; x_wconf 83' lang='lat' dir='ltr'><strong>fieri</strong></span> <span class='ocrx_word' id='word_1_63' title='bbox 680 927 880 996; x_wconf 89' lang='lat' dir='ltr'><strong>potuit,</strong></span> <span class='ocrx_word' id='word_1_64' title='bbox 944 935 1003 981; x_wconf 93' lang='lat' dir='ltr'><strong>ut</strong></span> <span class='ocrx_word' id='word_1_65' title='bbox 1068 928 1336 996; x_wconf 90' lang='lat' dir='ltr'><strong>sapientia</strong></span> <span class='ocrx_word' id='word_1_66' title='bbox 1382 944 1615 998; x_wconf 85' lang='lat' dir='ltr'><strong>corpore</strong></span> <span class='ocrx_word' id='word_1_67' title='bbox 1665 930 1958 998; x_wconf 88' lang='lat' dir='ltr'><strong>animaque</strong></span> 
     </span>
    </p>
   </div>
   <div class='ocr_carea' id='block_1_12' title="bbox 377 1018 1957 1090">
    <p class='ocr_par' dir='ltr' id='par_1_12' title="bbox 377 1018 1957 1090">
     <span class='ocr_line' id='line_1_12' title="bbox 377 1018 1957 1090; baseline 0.003 -20"><span class='ocrx_word' id='word_1_68' title='bbox 377 1035 698 1089; x_wconf 82' lang='lat' dir='ltr'><strong>progressus</strong></span> <span class='ocrx_word' id='word_1_69' title='bbox 735 1018 977 1073; x_wconf 86' lang='lat' dir='ltr'><strong>faceret?</strong></span> <span class='ocrx_word' id='word_1_70' title='bbox 1002 1018 1190 1082; x_wconf 78' lang='lat' dir='ltr'><strong>Vides,</strong></span> <span class='ocrx_word' id='word_1_71' title='bbox 1222 1037 1386 1090; x_wconf 90' lang='lat' dir='ltr'><strong>quam</strong></span> <span class='ocrx_word' id='word_1_72' title='bbox 1417 1020 1632 1074; x_wconf 83' lang='lat' dir='ltr'><strong>detorta</strong></span> <span class='ocrx_word' id='word_1_73' title='bbox 1679 1021 1919 1074; x_wconf 88' lang='lat' dir='ltr'><strong>violenta</strong></span> <span class='ocrx_word' id='word_1_74' title='bbox 1941 1049 1957 1061; x_wconf 91' lang='lat'><strong>-</strong></span> 
     </span>
    </p>
   </div>
   <div class='ocr_carea' id='block_1_13' title="bbox 376 1110 1957 1180">
    <p class='ocr_par' dir='ltr' id='par_1_13' title="bbox 376 1110 1957 1180">
     <span class='ocr_line' id='line_1_13' title="bbox 376 1110 1957 1180; baseline 0.003 -18"><span class='ocrx_word' id='word_1_75' title='bbox 376 1127 482 1179; x_wconf 89' lang='lat' dir='ltr'><strong>que</strong></span> <span class='ocrx_word' id='word_1_76' title='bbox 512 1111 584 1165; x_wconf 90' lang='lat' dir='ltr'><strong>sit</strong></span> <span class='ocrx_word' id='word_1_77' title='bbox 619 1110 834 1163; x_wconf 91' lang='lat' dir='ltr'><strong>illorum</strong></span> <span class='ocrx_word' id='word_1_78' title='bbox 854 1112 1148 1177; x_wconf 89' lang='lat' dir='ltr'><strong>sententia,</strong></span> <span class='ocrx_word' id='word_1_79' title='bbox 1179 1127 1412 1180; x_wconf 75' lang='lat' dir='ltr'><strong>quorum</strong></span> <span class='ocrx_word' id='word_1_80' title='bbox 1441 1126 1595 1166; x_wconf 86' lang='lat' dir='ltr'><strong>mens</strong></span> <span class='ocrx_word' id='word_1_81' title='bbox 1617 1127 1650 1164; x_wconf 68' lang='grc' dir='ltr'><strong>α</strong></span> <span class='ocrx_word' id='word_1_82' title='bbox 1681 1119 1830 1166; x_wconf 90' lang='lat' dir='ltr'><strong>recto</strong></span> <span class='ocrx_word' id='word_1_83' title='bbox 1866 1126 1957 1166; x_wconf 86' lang='lat' dir='ltr'><strong>ve—</strong></span> 
     </span>
    </p>
   </div>
   <div class='ocr_carea' id='block_1_14' title="bbox 381 1200 1952 1272">
    <p class='ocr_par' dir='ltr' id='par_1_14' title="bbox 381 1200 1952 1272">
     <span class='ocr_line' id='line_1_14' title="bbox 381 1200 1952 1272; baseline 0.004 -22"><span class='ocrx_word' id='word_1_84' title='bbox 381 1200 557 1254; x_wconf 84' lang='lat' dir='ltr'><strong>ritatis</strong></span> <span class='ocrx_word' id='word_1_85' title='bbox 591 1200 781 1255; x_wconf 87' lang='lat' dir='ltr'><strong>itinere</strong></span> <span class='ocrx_word' id='word_1_86' title='bbox 827 1201 1079 1256; x_wconf 83' lang='lat' dir='ltr'><strong>deﬂexit?</strong></span> <span class='ocrx_word' id='word_1_87' title='bbox 1106 1203 1172 1256; x_wconf 79' lang='lat' dir='ltr'><strong>At</strong></span> <span class='ocrx_word' id='word_1_88' title='bbox 1204 1205 1371 1265; x_wconf 89' lang='lat' dir='ltr'><strong>enim,</strong></span> <span class='ocrx_word' id='word_1_89' title='bbox 1405 1203 1678 1272; x_wconf 84' lang='lat' dir='ltr'><strong>inquiunt,</strong></span> <span class='ocrx_word' id='word_1_90' title='bbox 1717 1211 1952 1257; x_wconf 88' lang='lat' dir='ltr'><strong>mentem</strong></span> 
     </span>
    </p>
   </div>
   <div class='ocr_carea' id='block_1_15' title="bbox 376 1288 1954 1364">
    <p class='ocr_par' dir='ltr' id='par_1_15' title="bbox 376 1288 1954 1364">
     <span class='ocr_line' id='line_1_15' title="bbox 376 1288 1954 1364; baseline 0.005 -23"><span class='ocrx_word' id='word_1_91' title='bbox 376 1288 583 1342; x_wconf 85' lang='lat' dir='ltr'><strong>idcirco</strong></span> <span class='ocrx_word' id='word_1_92' title='bbox 632 1291 779 1342; x_wconf 91' lang='lat' dir='ltr'><strong>illum</strong></span> <span class='ocrx_word' id='word_1_93' title='bbox 823 1293 1134 1361; x_wconf 82' lang='lat' dir='ltr'><strong>suscepisse</strong></span> <span class='ocrx_word' id='word_1_94' title='bbox 1185 1308 1351 1363; x_wconf 80' lang='lat' dir='ltr'><strong>nego:</strong></span> <span class='ocrx_word' id='word_1_95' title='bbox 1409 1294 1611 1364; x_wconf 84' lang='lat' dir='ltr'><strong>alioqui</strong></span> <span class='ocrx_word' id='word_1_96' title='bbox 1656 1295 1954 1363; x_wconf 84' lang='lat' dir='ltr'><strong>cupiditate</strong></span> 
     </span>
    </p>
   </div>
   <div class='ocr_carea' id='block_1_16' title="bbox 376 1379 1952 1447">
    <p class='ocr_par' dir='ltr' id='par_1_16' title="bbox 376 1379 1952 1447">
     <span class='ocr_line' id='line_1_16' title="bbox 376 1379 1952 1447; baseline 0.005 -15"><span class='ocrx_word' id='word_1_97' title='bbox 376 1379 527 1432; x_wconf 89' lang='lat' dir='ltr'><strong>illum</strong></span> <span class='ocrx_word' id='word_1_98' title='bbox 575 1381 733 1446; x_wconf 86' lang='lat' dir='ltr'><strong>allici,</strong></span> <span class='ocrx_word' id='word_1_99' title='bbox 767 1383 845 1436; x_wconf 86' lang='lat' dir='ltr'><strong>vel</strong></span> <span class='ocrx_word' id='word_1_100' title='bbox 889 1383 1093 1436; x_wconf 88' lang='lat' dir='ltr'><strong>irritari</strong></span> <span class='ocrx_word' id='word_1_101' title='bbox 1142 1399 1276 1438; x_wconf 89' lang='lat' dir='ltr'><strong>sane</strong></span> <span class='ocrx_word' id='word_1_102' title='bbox 1312 1382 1580 1447; x_wconf 68' lang='lat' dir='ltr'><strong>dicamus,</strong></span> <span class='ocrx_word' id='word_1_103' title='bbox 1627 1400 1753 1438; x_wconf 90' lang='lat' dir='ltr'><strong>cunt</strong></span> <span class='ocrx_word' id='word_1_104' title='bbox 1798 1400 1952 1440; x_wconf 90' lang='lat' dir='ltr'><strong>meus</strong></span> 
     </span>
    </p>
   </div>
   <div class='ocr_carea' id='block_1_17' title="bbox 379 1473 1950 1545">
    <p class='ocr_par' dir='ltr' id='par_1_17' title="bbox 379 1473 1950 1545">
     <span class='ocr_line' id='line_1_17' title="bbox 379 1473 1950 1545; baseline 0.005 -23"><span class='ocrx_word' id='word_1_105' title='bbox 379 1473 489 1534; x_wconf 85' lang='lat' dir='ltr'><strong>illa,</strong></span> <span class='ocrx_word' id='word_1_106' title='bbox 521 1488 640 1540; x_wconf 81' lang='lat' dir='ltr'><strong>qua:</strong></span> <span class='ocrx_word' id='word_1_107' title='bbox 681 1473 838 1526; x_wconf 80' lang='lat' dir='ltr'><strong>nobis</strong></span> <span class='ocrx_word' id='word_1_108' title='bbox 892 1474 1052 1538; x_wconf 80' lang='lat' dir='ltr'><strong>inest,</strong></span> <span class='ocrx_word' id='word_1_109' title='bbox 1103 1476 1378 1528; x_wconf 81' lang='lat' dir='ltr'><strong>variarum</strong></span> <span class='ocrx_word' id='word_1_110' title='bbox 1423 1490 1605 1530; x_wconf 89' lang='lat' dir='ltr'><strong>rerum</strong></span> <span class='ocrx_word' id='word_1_111' title='bbox 1647 1475 1950 1545; x_wconf 88' lang='lat' dir='ltr'><strong>cupiditate</strong></span> 
     </span>
    </p>
   </div>
   <div class='ocr_carea' id='block_1_18' title="bbox 376 1567 1947 1630">
    <p class='ocr_par' dir='ltr' id='par_1_18' title="bbox 376 1567 1947 1630">
     <span class='ocr_line' id='line_1_18' title="bbox 376 1567 1947 1630; baseline 0.004 -14"><span class='ocrx_word' id='word_1_112' title='bbox 376 1573 641 1618; x_wconf 79' lang='lat' dir='ltr'><strong>teneatur.</strong></span> <span class='ocrx_word' id='word_1_113' title='bbox 679 1567 762 1630; x_wconf 77' lang='lat' dir='ltr'><strong>Et,</strong></span> <span class='ocrx_word' id='word_1_114' title='bbox 793 1577 849 1619; x_wconf 91' lang='lat' dir='ltr'><strong>ut</strong></span> <span class='ocrx_word' id='word_1_115' title='bbox 877 1583 984 1621; x_wconf 92' lang='lat' dir='ltr'><strong>uno</strong></span> <span class='ocrx_word' id='word_1_116' title='bbox 1011 1569 1176 1622; x_wconf 86' lang='lat' dir='ltr'><strong>verbo</strong></span> <span class='ocrx_word' id='word_1_117' title='bbox 1205 1567 1404 1630; x_wconf 85' lang='lat' dir='ltr'><strong>dicam,</strong></span> <span class='ocrx_word' id='word_1_118' title='bbox 1439 1568 1575 1621; x_wconf 90' lang='lat' dir='ltr'><strong>mira</strong></span> <span class='ocrx_word' id='word_1_119' title='bbox 1604 1577 1689 1623; x_wconf 91' lang='lat' dir='ltr'><strong>est</strong></span> <span class='ocrx_word' id='word_1_120' title='bbox 1721 1569 1947 1624; x_wconf 85' lang='lat' dir='ltr'><strong>istorum</strong></span> 
     </span>
    </p>
   </div>
   <div class='ocr_carea' id='block_1_19' title="bbox 376 1657 1948 1730">
    <p class='ocr_par' dir='ltr' id='par_1_19' title="bbox 376 1657 1948 1730">
     <span class='ocr_line' id='line_1_19' title="bbox 376 1657 1948 1730; baseline 0.004 -22"><span class='ocrx_word' id='word_1_121' title='bbox 376 1657 657 1709; x_wconf 82' lang='lat' dir='ltr'><strong>hominum</strong></span> <span class='ocrx_word' id='word_1_122' title='bbox 708 1660 996 1728; x_wconf 80' lang='lat' dir='ltr'><strong>argutaudi</strong></span> <span class='ocrx_word' id='word_1_123' title='bbox 1041 1674 1104 1712; x_wconf 85' lang='lat' dir='ltr'><strong>ac</strong></span> <span class='ocrx_word' id='word_1_124' title='bbox 1138 1659 1435 1713; x_wconf 84' lang='lat' dir='ltr'><strong>&#39;cavillandi</strong></span> <span class='ocrx_word' id='word_1_125' title='bbox 1487 1660 1692 1714; x_wconf 88' lang='lat' dir='ltr'><strong>libido:</strong></span> <span class='ocrx_word' id='word_1_126' title='bbox 1724 1660 1948 1730; x_wconf 83' lang='lat' dir='ltr'><strong>perinde</strong></span> 
     </span>
    </p>
   </div>
   <div class='ocr_carea' id='block_1_20' title="bbox 375 1749 1946 1820">
    <p class='ocr_par' dir='ltr' id='par_1_20' title="bbox 375 1749 1946 1820">
     <span class='ocr_line' id='line_1_20' title="bbox 375 1749 1946 1820; baseline 0.003 -19"><span class='ocrx_word' id='word_1_127' title='bbox 375 1763 438 1801; x_wconf 86' lang='lat' dir='ltr'><strong>ac</strong></span> <span class='ocrx_word' id='word_1_128' title='bbox 473 1751 736 1818; x_wconf 69' lang='lat' dir='ltr'><strong>scriptum</strong></span> <span class='ocrx_word' id='word_1_129' title='bbox 772 1759 894 1804; x_wconf 88' lang='lat' dir='ltr'><strong>est:</strong></span> <span class='ocrx_word' id='word_1_130' title='bbox 931 1749 1079 1804; x_wconf 83' lang='lat' dir='ltr'><strong>Fecit</strong></span> <span class='ocrx_word' id='word_1_131' title='bbox 1117 1751 1252 1805; x_wconf 84' lang='lat' dir='ltr'><strong>Deus</strong></span> <span class='ocrx_word' id='word_1_132' title='bbox 1288 1751 1578 1820; x_wconf 77' lang='lat' dir='ltr'><strong>simplicem</strong></span> <span class='ocrx_word' id='word_1_133' title='bbox 1640 1761 1689 1806; x_wconf 88' lang='lat' dir='ltr'><strong>et</strong></span> <span class='ocrx_word' id='word_1_134' title='bbox 1723 1753 1946 1820; x_wconf 82' lang='lat' dir='ltr'><strong>pruden-</strong></span> 
     </span>
    </p>
   </div>
   <div class='ocr_carea' id='block_1_21' title="bbox 2067 648 3651 725">
    <p class='ocr_par' dir='ltr' id='par_1_21' title="bbox 2067 648 3651 725">
     <span class='ocr_line' id='line_1_21' title="bbox 2067 648 3651 725; baseline -0.003 -21"><span class='ocrx_word' id='word_1_135' title='bbox 2067 653 2184 705; x_wconf 83' lang='grc' dir='ltr'>ἐστι</span> <span class='ocrx_word' id='word_1_136' title='bbox 2223 652 2557 725; x_wconf 78' lang='grc' dir='ltr'>βεϐιασμένη</span> <span class='ocrx_word' id='word_1_137' title='bbox 2593 653 2799 706; x_wconf 81' lang='grc' dir='ltr'><strong>διάνοια</strong></span> <span class='ocrx_word' id='word_1_138' title='bbox 2833 653 2943 704; x_wconf 83' lang='grc' dir='ltr'>τῶν</span> <span class='ocrx_word' id='word_1_139' title='bbox 2982 655 3074 705; x_wconf 59' lang='grc' dir='ltr'><strong>τὸν</strong></span> <span class='ocrx_word' id='word_1_140' title='bbox 3103 651 3227 704; x_wconf 87' lang='grc' dir='ltr'>νοῦν</span> <span class='ocrx_word' id='word_1_141' title='bbox 3267 648 3651 721; x_wconf 70' lang='grc' dir='ltr'>παριὸαλλόνο</span> 
     </span>
    </p>
   </div>
   <div class='ocr_carea' id='block_1_22' title="bbox 2063 743 3650 817">
    <p class='ocr_par' dir='ltr' id='par_1_22' title="bbox 2063 743 3650 817">
     <span class='ocr_line' id='line_1_22' title="bbox 2063 743 3650 817; baseline -0.003 -20"><span class='ocrx_word' id='word_1_142' title='bbox 2063 762 2209 811; x_wconf 89' lang='grc' dir='ltr'>των;</span> <span class='ocrx_word' id='word_1_143' title='bbox 2271 746 2452 810; x_wconf 70' lang='grc' dir='ltr'>Ἀλλὰ,</span> <span class='ocrx_word' id='word_1_144' title='bbox 2503 747 2702 817; x_wconf 73' lang='grc' dir='ltr'>φησὶν,</span> <span class='ocrx_word' id='word_1_145' title='bbox 2756 747 2816 799; x_wconf 79' lang='grc' dir='ltr'>οὐ</span> <span class='ocrx_word' id='word_1_146' title='bbox 2855 745 3020 814; x_wconf 78' lang='grc' dir='ltr'>λέγω,</span> <span class='ocrx_word' id='word_1_147' title='bbox 3085 746 3167 798; x_wconf 83' lang='grc' dir='ltr'>ὅτι</span> <span class='ocrx_word' id='word_1_148' title='bbox 3241 743 3368 797; x_wconf 71' lang='grc' dir='ltr'>νοῦ-ρ</span> <span class='ocrx_word' id='word_1_149' title='bbox 3422 743 3650 813; x_wconf 77' lang='grc' dir='ltr'>εἴληφεν</span> 
     </span>
    </p>
   </div>
   <div class='ocr_carea' id='block_1_23' title="bbox 2062 833 3648 908">
    <p class='ocr_par' dir='ltr' id='par_1_23' title="bbox 2062 833 3648 908">
     <span class='ocr_line' id='line_1_23' title="bbox 2062 833 3648 908; baseline -0.003 -19"><span class='ocrx_word' id='word_1_150' title='bbox 2062 836 2428 907; x_wconf 83' lang='grc' dir='ltr'>ἀνθρώπινον·</span> <span class='ocrx_word' id='word_1_151' title='bbox 2488 839 2610 891; x_wconf 74' lang='grc' dir='ltr'>ἐπεὶ</span> <span class='ocrx_word' id='word_1_152' title='bbox 2665 838 2980 908; x_wconf 80' lang='grc' dir='ltr'>ποιήσωμεν</span> <span class='ocrx_word' id='word_1_153' title='bbox 3032 837 3192 889; x_wconf 76' lang='grc' dir='ltr'>αὐτὸν</span> <span class='ocrx_word' id='word_1_154' title='bbox 3250 833 3648 905; x_wconf 80' lang='grc' dir='ltr'>ἐπιθυμοῦντα,</span> 
     </span>
    </p>
   </div>
   <div class='ocr_carea' id='block_1_24' title="bbox 2060 927 3652 1002">
    <p class='ocr_par' dir='ltr' id='par_1_24' title="bbox 2060 927 3652 1002">
     <span class='ocr_line' id='line_1_24' title="bbox 2060 927 3652 1002; baseline -0.002 -21"><span class='ocrx_word' id='word_1_155' title='bbox 2060 930 2464 1002; x_wconf 81' lang='grc' dir='ltr'>ἐρεθιζόμενον·</span> <span class='ocrx_word' id='word_1_156' title='bbox 2499 930 2684 1002; x_wconf 85' lang='grc' dir='ltr'>ἐπειδὴ</span> <span class='ocrx_word' id='word_1_157' title='bbox 2711 931 2819 1002; x_wconf 82' lang='grc' dir='ltr'>γὰρ</span> <span class='ocrx_word' id='word_1_158' title='bbox 2850 932 2907 983; x_wconf 84' lang='grc' dir='ltr'><strong>ἐν</strong></span> <span class='ocrx_word' id='word_1_159' title='bbox 2941 932 3070 1001; x_wconf 77' lang='grc' dir='ltr'>ἡμῖν</span> <span class='ocrx_word' id='word_1_160' title='bbox 3093 929 3439 1000; x_wconf 78' lang='grc' dir='ltr'>ἐπιθυμητὴς</span> <span class='ocrx_word' id='word_1_161' title='bbox 3470 929 3499 979; x_wconf 91' lang='lat'><strong>6</strong></span> <span class='ocrx_word' id='word_1_162' title='bbox 3525 927 3652 988; x_wconf 84' lang='grc' dir='ltr'>νοῦς</span> 
     </span>
    </p>
   </div>
   <div class='ocr_carea' id='block_1_25' title="bbox 2058 1019 3650 1092">
    <p class='ocr_par' dir='ltr' id='par_1_25' title="bbox 2058 1019 3650 1092">
     <span class='ocr_line' id='line_1_25' title="bbox 2058 1019 3650 1092; baseline -0.003 -18"><span class='ocrx_word' id='word_1_163' title='bbox 2058 1023 2335 1092; x_wconf 82' lang='grc' dir='ltr'><strong>τυγχάνει.</strong></span> <span class='ocrx_word' id='word_1_164' title='bbox 2398 1024 2508 1075; x_wconf 74' lang='grc' dir='ltr'><strong>Καὶ</strong></span> <span class='ocrx_word' id='word_1_165' title='bbox 2558 1023 2745 1086; x_wconf 80' lang='grc' dir='ltr'>ἁπλῶς</span> <span class='ocrx_word' id='word_1_166' title='bbox 2792 1022 2958 1092; x_wconf 82' lang='grc' dir='ltr'>πολλὴ</span> <span class='ocrx_word' id='word_1_167' title='bbox 3007 1021 3113 1074; x_wconf 82' lang='grc' dir='ltr'>τῶν</span> <span class='ocrx_word' id='word_1_168' title='bbox 3163 1019 3470 1092; x_wconf 85' lang='grc' dir='ltr'>ἀνθρώπων</span> <span class='ocrx_word' id='word_1_169' title='bbox 3528 1020 3650 1088; x_wconf 80' lang='grc' dir='ltr'>ἐρεο</span> 
     </span>
    </p>
   </div>
   <div class='ocr_carea' id='block_1_26' title="bbox 2059 1112 3653 1186">
    <p class='ocr_par' dir='ltr' id='par_1_26' title="bbox 2059 1112 3653 1186">
     <span class='ocr_line' id='line_1_26' title="bbox 2059 1112 3653 1186; baseline -0.001 -19"><span class='ocrx_word' id='word_1_170' title='bbox 2059 1115 2265 1184; x_wconf 87' lang='grc' dir='ltr'>σχελία,</span> <span class='ocrx_word' id='word_1_171' title='bbox 2282 1114 2357 1178; x_wconf 86' lang='grc' dir='ltr'><strong>ὡς</strong></span> <span class='ocrx_word' id='word_1_172' title='bbox 2378 1114 2600 1186; x_wconf 73' lang='grc' dir='ltr'>εἴρηκεν</span> <span class='ocrx_word' id='word_1_173' title='bbox 2615 1130 2628 1142; x_wconf 74' lang='grc'><strong><em>⁸</em></strong></span> <span class='ocrx_word' id='word_1_174' title='bbox 2661 1115 2988 1180; x_wconf 79' lang='grc' dir='ltr'><strong>Ἐποίησεν</strong></span> <span class='ocrx_word' id='word_1_175' title='bbox 3011 1117 3042 1167; x_wconf 87' lang='grc' dir='ltr'><strong>ό</strong></span> <span class='ocrx_word' id='word_1_176' title='bbox 3067 1112 3212 1180; x_wconf 80' lang='grc' dir='ltr'>Θεὸς</span> <span class='ocrx_word' id='word_1_177' title='bbox 3235 1112 3479 1166; x_wconf 74' lang='grc' dir='ltr'>ἁπλοῦν</span> <span class='ocrx_word' id='word_1_178' title='bbox 3508 1128 3653 1165; x_wconf 86' lang='grc' dir='ltr'>συν-</span> 
     </span>
    </p>
   </div>
   <div class='ocr_carea' id='block_1_27' title="bbox 2054 1205 3649 1275">
    <p class='ocr_par' dir='ltr' id='par_1_27' title="bbox 2054 1205 3649 1275">
     <span class='ocr_line' id='line_1_27' title="bbox 2054 1205 3649 1275; baseline -0.001 -16"><span class='ocrx_word' id='word_1_179' title='bbox 2054 1207 2196 1261; x_wconf 77' lang='grc' dir='ltr'>ετὸν</span> <span class='ocrx_word' id='word_1_180' title='bbox 2239 1207 2594 1275; x_wconf 76' lang='grc' dir='ltr'>ἄνθρωπονο</span> <span class='ocrx_word' id='word_1_181' title='bbox 2633 1206 2803 1261; x_wconf 76' lang='grc' dir='ltr'>αὐτοὶ</span> <span class='ocrx_word' id='word_1_182' title='bbox 2833 1206 2900 1257; x_wconf 72' lang='grc' dir='ltr'><strong>δε</strong></span> <span class='ocrx_word' id='word_1_183' title='bbox 2927 1206 3228 1273; x_wconf 78' lang='grc' dir='ltr'>ἐποίησαν</span> <span class='ocrx_word' id='word_1_184' title='bbox 3273 1205 3514 1270; x_wconf 78' lang='grc' dir='ltr'><strong>ἑαυτοῖς</strong></span> <span class='ocrx_word' id='word_1_185' title='bbox 3543 1208 3649 1258; x_wconf 75' lang='grc' dir='ltr'><strong>λο-</strong></span> 
     </span>
    </p>
   </div>
   <div class='ocr_carea' id='block_1_28' title="bbox 2056 1295 3650 1370">
    <p class='ocr_par' dir='ltr' id='par_1_28' title="bbox 2056 1295 3650 1370">
     <span class='ocr_line' id='line_1_28' title="bbox 2056 1295 3650 1370; baseline 0.001 -20"><span class='ocrx_word' id='word_1_186' title='bbox 2056 1298 2310 1368; x_wconf 73' lang='grc' dir='ltr'>γισμοὺς</span> <span class='ocrx_word' id='word_1_187' title='bbox 2378 1300 2669 1364; x_wconf 76' lang='grc' dir='ltr'>πολλούς.</span> <span class='ocrx_word' id='word_1_188' title='bbox 2731 1299 2793 1351; x_wconf 79' lang='lat' dir='ltr'><strong>Ei</strong></span> <span class='ocrx_word' id='word_1_189' title='bbox 2849 1299 2956 1370; x_wconf 79' lang='grc' dir='ltr'>γὰρ</span> <span class='ocrx_word' id='word_1_190' title='bbox 3012 1299 3182 1360; x_wconf 83' lang='grc' dir='ltr'>ὅλως,</span> <span class='ocrx_word' id='word_1_191' title='bbox 3238 1295 3650 1366; x_wconf 74' lang='grc' dir='ltr'><strong>ὁμολογούντων</strong></span> 
     </span>
    </p>
   </div>
   <div class='ocr_carea' id='block_1_29' title="bbox 2055 1389 3648 1462">
    <p class='ocr_par' dir='ltr' id='par_1_29' title="bbox 2055 1389 3648 1462">
     <span class='ocr_line' id='line_1_29' title="bbox 2055 1389 3648 1462; baseline -0.001 -20"><span class='ocrx_word' id='word_1_192' title='bbox 2055 1390 2212 1460; x_wconf 83' lang='grc' dir='ltr'>ἡμῶν</span> <span class='ocrx_word' id='word_1_193' title='bbox 2243 1390 2368 1443; x_wconf 85' lang='grc' dir='ltr'>νοῦν</span> <span class='ocrx_word' id='word_1_194' title='bbox 2407 1391 2690 1462; x_wconf 71' lang='grc' dir='ltr'><strong>εἰληφέναι</strong></span> <span class='ocrx_word' id='word_1_195' title='bbox 2727 1390 2820 1442; x_wconf 82' lang='grc' dir='ltr'>τὸν</span> <span class='ocrx_word' id='word_1_196' title='bbox 2860 1389 3234 1460; x_wconf 83' lang='grc' dir='ltr'>ἀνθρώπινον,</span> <span class='ocrx_word' id='word_1_197' title='bbox 3261 1391 3530 1459; x_wconf 81' lang='grc' dir='ltr'>νοήσομεν</span> <span class='ocrx_word' id='word_1_198' title='bbox 3568 1391 3648 1452; x_wconf 88' lang='grc' dir='ltr'>εἰς</span> 
     </span>
    </p>
   </div>
   <div class='ocr_carea' id='block_1_30' title="bbox 2053 1478 3650 1554">
    <p class='ocr_par' dir='ltr' id='par_1_30' title="bbox 2053 1478 3650 1554">
     <span class='ocr_line' id='line_1_30' title="bbox 2053 1478 3650 1554; baseline -0.002 -20"><span class='ocrx_word' id='word_1_199' title='bbox 2053 1483 2245 1534; x_wconf 84' lang='grc' dir='ltr'>ἐαυτὸν</span> <span class='ocrx_word' id='word_1_200' title='bbox 2293 1482 2392 1552; x_wconf 86' lang='grc' dir='ltr'>τῆς</span> <span class='ocrx_word' id='word_1_201' title='bbox 2431 1483 2707 1554; x_wconf 81' lang='grc' dir='ltr'>ἡμετέρας</span> <span class='ocrx_word' id='word_1_202' title='bbox 2753 1481 3104 1544; x_wconf 67' lang='grc' dir='ltr'><strong>ἐλαττώσεως</strong></span> <span class='ocrx_word' id='word_1_203' title='bbox 3151 1479 3219 1533; x_wconf 77' lang='grc' dir='ltr'><strong>τὰ</strong></span> <span class='ocrx_word' id='word_1_204' title='bbox 3255 1479 3432 1552; x_wconf 59' lang='grc' dir='ltr'>μέρη,</span> <span class='ocrx_word' id='word_1_205' title='bbox 3467 1478 3650 1550; x_wconf 82' lang='grc' dir='ltr'>πολλῷ</span> 
     </span>
    </p>
   </div>
   <div class='ocr_carea' id='block_1_31' title="bbox 2055 1572 3646 1645">
    <p class='ocr_par' dir='ltr' id='par_1_31' title="bbox 2055 1572 3646 1645">
     <span class='ocr_line' id='line_1_31' title="bbox 2055 1572 3646 1645; baseline -0.001 -18"><span class='ocrx_word' id='word_1_206' title='bbox 2055 1575 2278 1644; x_wconf 81' lang='grc' dir='ltr'>μᾶλλον,</span> <span class='ocrx_word' id='word_1_207' title='bbox 2307 1574 2714 1645; x_wconf 81' lang='grc' dir='ltr'>ὁμολογούντων</span> <span class='ocrx_word' id='word_1_208' title='bbox 2748 1575 2905 1645; x_wconf 82' lang='grc' dir='ltr'>ἡμῶν</span> <span class='ocrx_word' id='word_1_209' title='bbox 2938 1575 3118 1645; x_wconf 80' lang='grc' dir='ltr'>σάρκα</span> <span class='ocrx_word' id='word_1_210' title='bbox 3147 1574 3310 1628; x_wconf 82' lang='grc' dir='ltr'>αὑτὸν</span> <span class='ocrx_word' id='word_1_211' title='bbox 3336 1572 3646 1644; x_wconf 76' lang='grc' dir='ltr'><strong>εἰληφέναι,</strong></span> 
     </span>
    </p>
   </div>
   <div class='ocr_carea' id='block_1_32' title="bbox 2057 1665 3646 1739">
    <p class='ocr_par' dir='ltr' id='par_1_32' title="bbox 2057 1665 3646 1739">
     <span class='ocr_line' id='line_1_32' title="bbox 2057 1665 3646 1739; baseline -0.003 -19"><span class='ocrx_word' id='word_1_212' title='bbox 2057 1667 2302 1738; x_wconf 87' lang='grc' dir='ltr'>δώσομεν</span> <span class='ocrx_word' id='word_1_213' title='bbox 2330 1667 2475 1721; x_wconf 85' lang='grc' dir='ltr'><strong>κατά</strong></span> <span class='ocrx_word' id='word_1_214' title='bbox 2506 1667 2566 1720; x_wconf 86' lang='grc' dir='ltr'>τὸ</span> <span class='ocrx_word' id='word_1_215' title='bbox 2590 1668 2753 1739; x_wconf 79' lang='grc' dir='ltr'>μέρος</span> <span class='ocrx_word' id='word_1_216' title='bbox 2779 1666 2956 1730; x_wconf 92' lang='grc' dir='ltr'>τοῦτο,</span> <span class='ocrx_word' id='word_1_217' title='bbox 2981 1666 3123 1719; x_wconf 87' lang='grc' dir='ltr'><strong>κατά</strong></span> <span class='ocrx_word' id='word_1_218' title='bbox 3149 1667 3240 1719; x_wconf 82' lang='grc' dir='ltr'>τὸν</span> <span class='ocrx_word' id='word_1_219' title='bbox 3272 1666 3439 1719; x_wconf 84' lang='grc' dir='ltr'>αὐτὸν</span> <span class='ocrx_word' id='word_1_220' title='bbox 3464 1665 3646 1734; x_wconf 90' lang='grc' dir='ltr'>λόγον,</span> 
     </span>
    </p>
   </div>
   <div class='ocr_carea' id='block_1_33' title="bbox 2048 1751 3647 1830">
    <p class='ocr_par' dir='ltr' id='par_1_33' title="bbox 2048 1751 3647 1830">
     <span class='ocr_line' id='line_1_33' title="bbox 2048 1751 3647 1830; baseline -0.003 -17"><span class='ocrx_word' id='word_1_221' title='bbox 2048 1760 2130 1813; x_wconf 88' lang='grc' dir='ltr'><strong>δτι</strong></span> <span class='ocrx_word' id='word_1_222' title='bbox 2165 1761 2221 1812; x_wconf 92' lang='grc' dir='ltr'><strong>ἐν</strong></span> <span class='ocrx_word' id='word_1_223' title='bbox 2257 1759 2421 1830; x_wconf 78' lang='grc' dir='ltr'>σαρκὶ</span> <span class='ocrx_word' id='word_1_224' title='bbox 2461 1758 2768 1829; x_wconf 76' lang='grc' dir='ltr'><strong>ἠλάττωται</strong></span> <span class='ocrx_word' id='word_1_225' title='bbox 2797 1775 2810 1788; x_wconf 89' lang='grc'><strong>·</strong></span> <span class='ocrx_word' id='word_1_226' title='bbox 2846 1758 2984 1829; x_wconf 84' lang='grc' dir='ltr'>ὅπερ</span> <span class='ocrx_word' id='word_1_227' title='bbox 3021 1757 3098 1828; x_wconf 78' lang='grc' dir='ltr'>μὴ</span> <span class='ocrx_word' id='word_1_228' title='bbox 3137 1756 3379 1825; x_wconf 81' lang='grc' dir='ltr'>γένοιτοί</span> <span class='ocrx_word' id='word_1_229' title='bbox 3439 1756 3528 1818; x_wconf 84' lang='grc' dir='ltr'>Ὣς</span> <span class='ocrx_word' id='word_1_230' title='bbox 3553 1751 3647 1809; x_wconf 80' lang='grc' dir='ltr'>οὖν</span> 
     </span>
    </p>
   </div>
   <div class='ocr_carea' id='block_1_34' title="bbox 377 1840 1944 1920">
    <p class='ocr_par' dir='ltr' id='par_1_34' title="bbox 377 1840 1944 1912">
     <span class='ocr_line' id='line_1_34' title="bbox 377 1840 1944 1912; baseline 0.003 -18"><span class='ocrx_word' id='word_1_231' title='bbox 377 1852 476 1894; x_wconf 77' lang='lat' dir='ltr'><strong>lem</strong></span> <span class='ocrx_word' id='word_1_232' title='bbox 499 1841 794 1905; x_wconf 77' lang='lat' dir='ltr'><strong>hominem;</strong></span> <span class='ocrx_word' id='word_1_233' title='bbox 824 1840 913 1894; x_wconf 81' lang='lat' dir='ltr'><strong>sed</strong></span> <span class='ocrx_word' id='word_1_234' title='bbox 941 1842 1040 1909; x_wconf 83' lang='lat' dir='ltr'><strong>ipsi</strong></span> <span class='ocrx_word' id='word_1_235' title='bbox 1069 1843 1243 1895; x_wconf 76' lang='lat' dir='ltr'><strong>varias</strong></span> <span class='ocrx_word' id='word_1_236' title='bbox 1279 1843 1378 1894; x_wconf 80' lang='lat' dir='ltr'><strong>sibi</strong></span> <span class='ocrx_word' id='word_1_237' title='bbox 1409 1843 1748 1911; x_wconf 79' lang='lat' dir='ltr'><strong>cogitationes</strong></span> <span class='ocrx_word' id='word_1_238' title='bbox 1775 1843 1944 1912; x_wconf 75' lang='lat' dir='ltr'><strong>ﬁnxe-</strong></span> 
     </span>
    </p>
   </div>
   <div class='ocr_carea' id='block_1_35' title="bbox 2049 1840 3644 1920">
    <p class='ocr_par' dir='ltr' id='par_1_35' title="bbox 2051 1845 3644 1920">
     <span class='ocr_line' id='line_1_35' title="bbox 2051 1845 3644 1920; baseline -0.002 -18"><span class='ocrx_word' id='word_1_239' title='bbox 2051 1851 2109 1903; x_wconf 91' lang='grc' dir='ltr'><strong>ἐν</strong></span> <span class='ocrx_word' id='word_1_240' title='bbox 2129 1851 2194 1920; x_wconf 73' lang='grc' dir='ltr'><strong>τῇ</strong></span> <span class='ocrx_word' id='word_1_241' title='bbox 2223 1851 2386 1920; x_wconf 79' lang='grc' dir='ltr'>σαρκὶ</span> <span class='ocrx_word' id='word_1_242' title='bbox 2412 1849 2722 1920; x_wconf 76' lang='grc' dir='ltr'><strong>ἠλαττώθη,</strong></span> <span class='ocrx_word' id='word_1_243' title='bbox 2751 1848 2953 1920; x_wconf 86' lang='grc' dir='ltr'>καίπερ</span> <span class='ocrx_word' id='word_1_244' title='bbox 2986 1846 3244 1918; x_wconf 82' lang='grc' dir='ltr'>ἀληθινὴν</span> <span class='ocrx_word' id='word_1_245' title='bbox 3275 1847 3457 1918; x_wconf 81' lang='grc' dir='ltr'>σάρκα</span> <span class='ocrx_word' id='word_1_246' title='bbox 3479 1845 3644 1917; x_wconf 69' lang='grc' dir='ltr'>ἔχων,</span> 
     </span>
    </p>
   </div>
   <div class='ocr_carea' id='block_1_36' title="bbox 375 1930 1948 2002">
    <p class='ocr_par' dir='ltr' id='par_1_36' title="bbox 375 1930 1948 2002">
     <span class='ocr_line' id='line_1_36' title="bbox 375 1930 1948 2002; baseline 0.005 -19"><span class='ocrx_word' id='word_1_247' title='bbox 375 1933 553 1986; x_wconf 71' lang='lat' dir='ltr'><strong>runt‘.</strong></span> <span class='ocrx_word' id='word_1_248' title='bbox 591 1930 724 1984; x_wconf 88' lang='lat' dir='ltr'><strong>Nam</strong></span> <span class='ocrx_word' id='word_1_249' title='bbox 769 1932 815 1985; x_wconf 91' lang='lat' dir='ltr'><strong>si</strong></span> <span class='ocrx_word' id='word_1_250' title='bbox 855 1948 920 1985; x_wconf 68' lang='lat' dir='ltr'><strong>ex</strong></span> <span class='ocrx_word' id='word_1_251' title='bbox 964 1947 1030 1985; x_wconf 90' lang='lat' dir='ltr'><strong>eo</strong></span> <span class='ocrx_word' id='word_1_252' title='bbox 1078 1933 1222 2002; x_wconf 89' lang='lat' dir='ltr'><strong>quod</strong></span> <span class='ocrx_word' id='word_1_253' title='bbox 1262 1933 1556 1988; x_wconf 88' lang='lat' dir='ltr'><strong>humanam</strong></span> <span class='ocrx_word' id='word_1_254' title='bbox 1595 1935 1673 1988; x_wconf 89' lang='lat' dir='ltr'><strong>illi</strong></span> <span class='ocrx_word' id='word_1_255' title='bbox 1711 1944 1948 1991; x_wconf 88' lang='lat' dir='ltr'><strong>mentem</strong></span> 
     </span>
    </p>
   </div>
   <div class='ocr_carea' id='block_1_37' title="bbox 369 2022 1948 2098">
    <p class='ocr_par' dir='ltr' id='par_1_37' title="bbox 369 2022 1948 2098">
     <span class='ocr_line' id='line_1_37' title="bbox 369 2022 1948 2098; baseline 0.003 -21"><span class='ocrx_word' id='word_1_256' title='bbox 369 2022 742 2085; x_wconf 87' lang='lat' dir='ltr'><strong>attribuimus.</strong></span> <span class='ocrx_word' id='word_1_257' title='bbox 803 2031 1021 2077; x_wconf 77' lang='lat' dir='ltr'><strong>nostros</strong></span> <span class='ocrx_word' id='word_1_258' title='bbox 1069 2024 1248 2079; x_wconf 88' lang='lat' dir='ltr'><strong>eidem</strong></span> <span class='ocrx_word' id='word_1_259' title='bbox 1301 2025 1554 2081; x_wconf 89' lang='lat' dir='ltr'><strong>defectus</strong></span> <span class='ocrx_word' id='word_1_260' title='bbox 1601 2025 1948 2098; x_wconf 76' lang='lat' dir='ltr'><strong>attingamus,</strong></span> 
     </span>
    </p>
   </div>
   <div class='ocr_carea' id='block_1_38' title="bbox 372 2115 1950 2185">
    <p class='ocr_par' dir='ltr' id='par_1_38' title="bbox 372 2115 1950 2185">
     <span class='ocr_line' id='line_1_38' title="bbox 372 2115 1950 2185; baseline 0.004 -17"><span class='ocrx_word' id='word_1_261' title='bbox 372 2128 497 2168; x_wconf 81' lang='lat' dir='ltr'><strong>cum</strong></span> <span class='ocrx_word' id='word_1_262' title='bbox 543 2121 599 2170; x_wconf 86' lang='lat' dir='ltr'><strong>et</strong></span> <span class='ocrx_word' id='word_1_263' title='bbox 637 2115 816 2185; x_wconf 91' lang='lat' dir='ltr'><strong>ipsum</strong></span> <span class='ocrx_word' id='word_1_264' title='bbox 858 2130 1079 2171; x_wconf 86' lang='lat' dir='ltr'><strong>carnem</strong></span> <span class='ocrx_word' id='word_1_265' title='bbox 1132 2116 1380 2173; x_wconf 87' lang='lat' dir='ltr'><strong>induisse</strong></span> <span class='ocrx_word' id='word_1_266' title='bbox 1438 2117 1725 2183; x_wconf 82' lang='lat' dir='ltr'><strong>fateamur,</strong></span> <span class='ocrx_word' id='word_1_267' title='bbox 1776 2119 1950 2175; x_wconf 91' lang='lat' dir='ltr'><strong>multo</strong></span> 
     </span>
    </p>
   </div>
   <div class='ocr_carea' id='block_1_39' title="bbox 385 2207 1954 2278">
    <p class='ocr_par' dir='ltr' id='par_1_39' title="bbox 385 2207 1954 2278">
     <span class='ocr_line' id='line_1_39' title="bbox 385 2207 1954 2278; baseline 0.004 -18"><span class='ocrx_word' id='word_1_268' title='bbox 385 2208 558 2278; x_wconf 76' lang='lat' dir='ltr'><strong>magis</strong></span> <span class='ocrx_word' id='word_1_269' title='bbox 602 2207 706 2262; x_wconf 88' lang='lat' dir='ltr'><strong>hac</strong></span> <span class='ocrx_word' id='word_1_270' title='bbox 749 2223 812 2264; x_wconf 73' lang='lat' dir='ltr'><strong>ex</strong></span> <span class='ocrx_word' id='word_1_271' title='bbox 855 2215 1026 2277; x_wconf 87' lang='lat' dir='ltr'><strong>parte,</strong></span> <span class='ocrx_word' id='word_1_272' title='bbox 1073 2209 1118 2263; x_wconf 91' lang='lat' dir='ltr'><strong>si</strong></span> <span class='ocrx_word' id='word_1_273' title='bbox 1156 2209 1370 2264; x_wconf 90' lang='lat' dir='ltr'><strong>illorum</strong></span> <span class='ocrx_word' id='word_1_274' title='bbox 1410 2212 1759 2267; x_wconf 84' lang='lat' dir='ltr'><strong>sermonibus</strong></span> <span class='ocrx_word' id='word_1_275' title='bbox 1799 2213 1954 2267; x_wconf 86' lang='lat' dir='ltr'><strong>adhi-</strong></span> 
     </span>
    </p>
   </div>
   <div class='ocr_carea' id='block_1_40' title="bbox 387 2299 1952 2375">
    <p class='ocr_par' dir='ltr' id='par_1_40' title="bbox 387 2299 1952 2375">
     <span class='ocr_line' id='line_1_40' title="bbox 387 2299 1952 2375; baseline 0.003 -20"><span class='ocrx_word' id='word_1_276' title='bbox 387 2299 560 2355; x_wconf 89' lang='lat' dir='ltr'><strong>benda</strong></span> <span class='ocrx_word' id='word_1_277' title='bbox 610 2299 744 2354; x_wconf 87' lang='lat' dir='ltr'><strong>tides</strong></span> <span class='ocrx_word' id='word_1_278' title='bbox 789 2301 894 2365; x_wconf 79' lang='lat' dir='ltr'><strong>est,</strong></span> <span class='ocrx_word' id='word_1_279' title='bbox 950 2301 1269 2357; x_wconf 86' lang='lat' dir='ltr'><strong>imminutus</strong></span> <span class='ocrx_word' id='word_1_280' title='bbox 1324 2303 1486 2358; x_wconf 83' lang='lat' dir='ltr'><strong>debet</strong></span> <span class='ocrx_word' id='word_1_281' title='bbox 1529 2303 1700 2359; x_wconf 90' lang='lat' dir='ltr'><strong>videri</strong></span> <span class='ocrx_word' id='word_1_282' title='bbox 1749 2321 1765 2360; x_wconf 88' lang='lat'><strong>:</strong></span> <span class='ocrx_word' id='word_1_283' title='bbox 1806 2304 1952 2375; x_wconf 84' lang='lat' dir='ltr'><strong>quod</strong></span> 
     </span>
    </p>
   </div>
   <div class='ocr_carea' id='block_1_41' title="bbox 373 2391 1950 2464">
    <p class='ocr_par' dir='ltr' id='par_1_41' title="bbox 373 2391 1950 2464">
     <span class='ocr_line' id='line_1_41' title="bbox 373 2391 1950 2464; baseline 0.003 -19"><span class='ocrx_word' id='word_1_284' title='bbox 373 2392 592 2462; x_wconf 90' lang='lat' dir='ltr'><strong>quidem</strong></span> <span class='ocrx_word' id='word_1_285' title='bbox 626 2391 790 2456; x_wconf 89' lang='lat' dir='ltr'><strong>absit,</strong></span> <span class='ocrx_word' id='word_1_286' title='bbox 847 2401 906 2446; x_wconf 93' lang='lat' dir='ltr'><strong>ut</strong></span> <span class='ocrx_word' id='word_1_287' title='bbox 945 2409 1182 2464; x_wconf 90' lang='lat' dir='ltr'><strong>unquam</strong></span> <span class='ocrx_word' id='word_1_288' title='bbox 1243 2395 1546 2464; x_wconf 88' lang='lat' dir='ltr'><strong>opinemur.</strong></span> <span class='ocrx_word' id='word_1_289' title='bbox 1582 2395 1950 2462; x_wconf 86' lang='lat' dir='ltr'><strong>Quamobrem</strong></span> 
     </span>
    </p>
   </div>
   <div class='ocr_carea' id='block_1_42' title="bbox 369 2484 1948 2557">
    <p class='ocr_par' dir='ltr' id='par_1_42' title="bbox 369 2484 1948 2557">
     <span class='ocr_line' id='line_1_42' title="bbox 369 2484 1948 2557; baseline 0.003 -19"><span class='ocrx_word' id='word_1_290' title='bbox 369 2488 447 2539; x_wconf 91' lang='lat' dir='ltr'><strong>uti</strong></span> <span class='ocrx_word' id='word_1_291' title='bbox 477 2484 713 2540; x_wconf 81' lang='lat' dir='ltr'><strong>Verbum</strong></span> <span class='ocrx_word' id='word_1_292' title='bbox 759 2487 962 2541; x_wconf 88' lang='lat' dir='ltr'><strong>nullam</strong></span> <span class='ocrx_word' id='word_1_293' title='bbox 997 2491 1048 2542; x_wconf 93' lang='lat' dir='ltr'><strong>in</strong></span> <span class='ocrx_word' id='word_1_294' title='bbox 1077 2503 1242 2543; x_wconf 90' lang='lat' dir='ltr'><strong>carne</strong></span> <span class='ocrx_word' id='word_1_295' title='bbox 1265 2487 1683 2543; x_wconf 89' lang='lat' dir='ltr'><strong>diminutionem</strong></span> <span class='ocrx_word' id='word_1_296' title='bbox 1724 2503 1948 2557; x_wconf 86' lang='lat' dir='ltr'><strong>passum</strong></span> 
     </span>
    </p>
   </div>
   <div class='ocr_carea' id='block_1_43' title="bbox 369 2579 1949 2648">
    <p class='ocr_par' dir='ltr' id='par_1_43' title="bbox 369 2579 1949 2648">
     <span class='ocr_line' id='line_1_43' title="bbox 369 2579 1949 2648; baseline 0.003 -17"><span class='ocrx_word' id='word_1_297' title='bbox 369 2585 476 2644; x_wconf 89' lang='lat' dir='ltr'><strong>est,</strong></span> <span class='ocrx_word' id='word_1_298' title='bbox 513 2583 729 2637; x_wconf 87' lang='lat' dir='ltr'><strong>tametsi</strong></span> <span class='ocrx_word' id='word_1_299' title='bbox 763 2597 948 2636; x_wconf 81' lang='lat' dir='ltr'><strong>veram</strong></span> <span class='ocrx_word' id='word_1_300' title='bbox 976 2581 1078 2636; x_wconf 88' lang='lat' dir='ltr'><strong>sibi</strong></span> <span class='ocrx_word' id='word_1_301' title='bbox 1105 2595 1326 2634; x_wconf 85' lang='lat' dir='ltr'><strong>carnem</strong></span> <span class='ocrx_word' id='word_1_302' title='bbox 1360 2579 1701 2648; x_wconf 89' lang='lat' dir='ltr'><strong>imposuerit,</strong></span> <span class='ocrx_word' id='word_1_303' title='bbox 1746 2583 1820 2634; x_wconf 89' lang='lat' dir='ltr'><strong>ita</strong></span> <span class='ocrx_word' id='word_1_304' title='bbox 1848 2596 1949 2635; x_wconf 90' lang='lat' dir='ltr'><strong>nec</strong></span> 
     </span>
    </p>
   </div>
   <div class='ocr_carea' id='block_1_44' title="bbox 370 2667 1949 2741">
    <p class='ocr_par' dir='ltr' id='par_1_44' title="bbox 370 2667 1949 2741">
     <span class='ocr_line' id='line_1_44' title="bbox 370 2667 1949 2741; baseline 0.004 -20"><span class='ocrx_word' id='word_1_305' title='bbox 370 2667 426 2721; x_wconf 91' lang='lat' dir='ltr'><strong>in</strong></span> <span class='ocrx_word' id='word_1_306' title='bbox 457 2670 695 2724; x_wconf 91' lang='lat' dir='ltr'><strong>humana</strong></span> <span class='ocrx_word' id='word_1_307' title='bbox 727 2681 908 2726; x_wconf 84' lang='lat' dir='ltr'><strong>mente</strong></span> <span class='ocrx_word' id='word_1_308' title='bbox 936 2671 1234 2741; x_wconf 88' lang='lat' dir='ltr'><strong>quidquam</strong></span> <span class='ocrx_word' id='word_1_309' title='bbox 1271 2669 1550 2740; x_wconf 82' lang='lat' dir='ltr'><strong>cogitavit,</strong></span> <span class='ocrx_word' id='word_1_310' title='bbox 1589 2671 1736 2740; x_wconf 89' lang='lat' dir='ltr'><strong>quod</strong></span> <span class='ocrx_word' id='word_1_311' title='bbox 1767 2672 1949 2728; x_wconf 92' lang='lat' dir='ltr'><strong>minus</strong></span> 
     </span>
    </p>
   </div>
   <div class='ocr_carea' id='block_1_45' title="bbox 2057 1938 3645 2012">
    <p class='ocr_par' dir='ltr' id='par_1_45' title="bbox 2057 1938 3645 2012">
     <span class='ocr_line' id='line_1_45' title="bbox 2057 1938 3645 2012; baseline -0.003 -16"><span class='ocrx_word' id='word_1_312' title='bbox 2057 1941 2225 1996; x_wconf 88' lang='grc' dir='ltr'>ἐλθὼν</span> <span class='ocrx_word' id='word_1_313' title='bbox 2257 1944 2286 1995; x_wconf 98' lang='lat'><strong>6</strong></span> <span class='ocrx_word' id='word_1_314' title='bbox 2317 1941 2506 2010; x_wconf 88' lang='grc' dir='ltr'>Λόγος,</span> <span class='ocrx_word' id='word_1_315' title='bbox 2551 1941 2670 1994; x_wconf 84' lang='grc' dir='ltr'><strong>ούδέ</strong></span> <span class='ocrx_word' id='word_1_316' title='bbox 2716 1943 2775 1994; x_wconf 84' lang='grc' dir='ltr'><strong>ἐν</strong></span> <span class='ocrx_word' id='word_1_317' title='bbox 2806 1939 2885 2012; x_wconf 83' lang='grc' dir='ltr'>τῷ</span> <span class='ocrx_word' id='word_1_318' title='bbox 2927 1940 3003 2010; x_wconf 82' lang='grc' dir='ltr'>νῷ</span> <span class='ocrx_word' id='word_1_319' title='bbox 3041 1939 3111 1992; x_wconf 80' lang='grc' dir='ltr'>τὰ</span> <span class='ocrx_word' id='word_1_320' title='bbox 3157 1938 3230 2010; x_wconf 83' lang='grc' dir='ltr'>μὴ</span> <span class='ocrx_word' id='word_1_321' title='bbox 3263 1938 3546 2010; x_wconf 77' lang='grc' dir='ltr'>πρέποντα</span> <span class='ocrx_word' id='word_1_322' title='bbox 3576 1939 3645 2008; x_wconf 79' lang='grc' dir='ltr'>τῇ</span> 
     </span>
    </p>
   </div>
   <div class='ocr_carea' id='block_1_46' title="bbox 2057 2025 3649 2104">
    <p class='ocr_par' dir='ltr' id='par_1_46' title="bbox 2057 2025 3649 2104">
     <span class='ocr_line' id='line_1_46' title="bbox 2057 2025 3649 2104; baseline -0.004 -16"><span class='ocrx_word' id='word_1_323' title='bbox 2057 2031 2222 2088; x_wconf 81' lang='grc' dir='ltr'>αὐτοῦ</span> <span class='ocrx_word' id='word_1_324' title='bbox 2247 2033 2460 2104; x_wconf 88' lang='grc' dir='ltr'>θεότητι</span> <span class='ocrx_word' id='word_1_325' title='bbox 2483 2033 2821 2102; x_wconf 85' lang='grc' dir='ltr'>διανενόηται</span> <span class='ocrx_word' id='word_1_326' title='bbox 2839 2051 2853 2065; x_wconf 88' lang='grc'><strong>·</strong></span> <span class='ocrx_word' id='word_1_327' title='bbox 2877 2031 2992 2086; x_wconf 84' lang='grc' dir='ltr'>ἀλλ’</span> <span class='ocrx_word' id='word_1_328' title='bbox 3019 2032 3120 2084; x_wconf 84' lang='grc' dir='ltr'>ὅσα</span> <span class='ocrx_word' id='word_1_329' title='bbox 3140 2025 3208 2102; x_wconf 81' lang='grc' dir='ltr'>ἦν</span> <span class='ocrx_word' id='word_1_330' title='bbox 3231 2029 3430 2099; x_wconf 82' lang='grc' dir='ltr'>εὔλογα</span> <span class='ocrx_word' id='word_1_331' title='bbox 3479 2030 3649 2099; x_wconf 77' lang='grc' dir='ltr'>σαρκὶ</span> 
     </span>
    </p>
   </div>
   <div class='ocr_carea' id='block_1_47' title="bbox 2058 2118 3647 2195">
    <p class='ocr_par' dir='ltr' id='par_1_47' title="bbox 2058 2118 3647 2195">
     <span class='ocr_line' id='line_1_47' title="bbox 2058 2118 3647 2195; baseline -0.003 -17"><span class='ocrx_word' id='word_1_332' title='bbox 2058 2125 2154 2178; x_wconf 77' lang='grc' dir='ltr'>καὶ</span> <span class='ocrx_word' id='word_1_333' title='bbox 2178 2123 2347 2195; x_wconf 80' lang='grc' dir='ltr'>ψυχῇ,</span> <span class='ocrx_word' id='word_1_334' title='bbox 2384 2123 2477 2177; x_wconf 78' lang='grc' dir='ltr'>καὶ</span> <span class='ocrx_word' id='word_1_335' title='bbox 2504 2122 2581 2194; x_wconf 82' lang='grc' dir='ltr'>νῷ</span> <span class='ocrx_word' id='word_1_336' title='bbox 2609 2122 2955 2194; x_wconf 82' lang='grc' dir='ltr'>ἀνθρωπίνῳ,</span> <span class='ocrx_word' id='word_1_337' title='bbox 2986 2121 3162 2174; x_wconf 87' lang='grc' dir='ltr'>ταῦτα</span> <span class='ocrx_word' id='word_1_338' title='bbox 3194 2120 3443 2174; x_wconf 76' lang='grc' dir='ltr'>ἐπετέλει</span> <span class='ocrx_word' id='word_1_339' title='bbox 3471 2118 3647 2174; x_wconf 83' lang='grc' dir='ltr'>ἐλθὼν</span> 
     </span>
    </p>
   </div>
   <div class='ocr_carea' id='block_1_48' title="bbox 2059 2210 3646 2288">
    <p class='ocr_par' dir='ltr' id='par_1_48' title="bbox 2059 2210 3646 2288">
     <span class='ocr_line' id='line_1_48' title="bbox 2059 2210 3646 2288; baseline -0.005 -18"><span class='ocrx_word' id='word_1_340' title='bbox 2059 2218 2090 2270; x_wconf 89' lang='lat'><strong>6</strong></span> <span class='ocrx_word' id='word_1_341' title='bbox 2133 2216 2376 2288; x_wconf 81' lang='grc' dir='ltr'>Κύριος,</span> <span class='ocrx_word' id='word_1_342' title='bbox 2416 2215 2504 2268; x_wconf 83' lang='grc' dir='ltr'><strong>ίνα</strong></span> <span class='ocrx_word' id='word_1_343' title='bbox 2553 2215 2629 2287; x_wconf 81' lang='grc' dir='ltr'>μὴ</span> <span class='ocrx_word' id='word_1_344' title='bbox 2672 2213 2885 2286; x_wconf 78' lang='grc' dir='ltr'>ταράξῃ</span> <span class='ocrx_word' id='word_1_345' title='bbox 2923 2211 3024 2283; x_wconf 84' lang='grc' dir='ltr'>τῆς</span> <span class='ocrx_word' id='word_1_346' title='bbox 3070 2211 3330 2283; x_wconf 84' lang='grc' dir='ltr'>ἀληθινῆς</span> <span class='ocrx_word' id='word_1_347' title='bbox 3368 2210 3646 2282; x_wconf 83' lang='grc' dir='ltr'>ἐνσάρκου</span> 
     </span>
    </p>
   </div>
   <div class='ocr_carea' id='block_1_49' title="bbox 2063 2297 3648 2380">
    <p class='ocr_par' dir='ltr' id='par_1_49' title="bbox 2063 2297 3648 2380">
     <span class='ocr_line' id='line_1_49' title="bbox 2063 2297 3648 2380; baseline -0.005 -18"><span class='ocrx_word' id='word_1_348' title='bbox 2063 2307 2366 2380; x_wconf 84' lang='grc' dir='ltr'>παρουσίας</span> <span class='ocrx_word' id='word_1_349' title='bbox 2410 2307 2511 2378; x_wconf 78' lang='grc' dir='ltr'>τὴν</span> <span class='ocrx_word' id='word_1_350' title='bbox 2543 2304 2888 2360; x_wconf 87' lang='grc' dir='ltr'>ἀκολουθίαν.</span> <span class='ocrx_word' id='word_1_351' title='bbox 2938 2302 3176 2372; x_wconf 77' lang='grc' dir='ltr'>Εύλογον</span> <span class='ocrx_word' id='word_1_352' title='bbox 3208 2303 3318 2374; x_wconf 85' lang='grc' dir='ltr'>γὰρ</span> <span class='ocrx_word' id='word_1_353' title='bbox 3366 2297 3437 2374; x_wconf 81' lang='grc' dir='ltr'>ἦν</span> <span class='ocrx_word' id='word_1_354' title='bbox 3481 2303 3648 2355; x_wconf 81' lang='grc' dir='ltr'>πεῖνα</span> 
     </span>
    </p>
   </div>
   <div class='ocr_carea' id='block_1_50' title="bbox 2059 2393 3647 2471">
    <p class='ocr_par' dir='ltr' id='par_1_50' title="bbox 2059 2393 3647 2471">
     <span class='ocr_line' id='line_1_50' title="bbox 2059 2393 3647 2471; baseline -0.006 -17"><span class='ocrx_word' id='word_1_355' title='bbox 2059 2402 2153 2455; x_wconf 78' lang='grc' dir='ltr'>καὶ</span> <span class='ocrx_word' id='word_1_356' title='bbox 2177 2401 2326 2471; x_wconf 74' lang='grc' dir='ltr'>δίψα,</span> <span class='ocrx_word' id='word_1_357' title='bbox 2365 2400 2459 2454; x_wconf 69' lang='grc' dir='ltr'>καὶ</span> <span class='ocrx_word' id='word_1_358' title='bbox 2491 2399 2735 2468; x_wconf 85' lang='grc' dir='ltr'>κάματος</span> <span class='ocrx_word' id='word_1_359' title='bbox 2780 2397 2875 2451; x_wconf 70' lang='grc' dir='ltr'>καὶ</span> <span class='ocrx_word' id='word_1_360' title='bbox 2925 2394 3115 2459; x_wconf 80' lang='grc' dir='ltr'>ὕπνος,</span> <span class='ocrx_word' id='word_1_361' title='bbox 3143 2394 3424 2464; x_wconf 78' lang='grc' dir='ltr'>ὁδοιπορία</span> <span class='ocrx_word' id='word_1_362' title='bbox 3457 2410 3519 2446; x_wconf 91' lang='grc' dir='ltr'><strong>τε</strong></span> <span class='ocrx_word' id='word_1_363' title='bbox 3551 2393 3647 2446; x_wconf 78' lang='grc' dir='ltr'>καὶ</span> 
     </span>
    </p>
   </div>
   <div class='ocr_carea' id='block_1_51' title="bbox 2057 2486 3647 2563">
    <p class='ocr_par' dir='ltr' id='par_1_51' title="bbox 2057 2486 3647 2563">
     <span class='ocr_line' id='line_1_51' title="bbox 2057 2486 3647 2563; baseline -0.004 -17"><span class='ocrx_word' id='word_1_364' title='bbox 2057 2493 2227 2563; x_wconf 90' lang='grc' dir='ltr'>λύπη,</span> <span class='ocrx_word' id='word_1_365' title='bbox 2265 2491 2543 2562; x_wconf 83' lang='grc' dir='ltr'>κλαυθμὸς</span> <span class='ocrx_word' id='word_1_366' title='bbox 2585 2490 2680 2544; x_wconf 78' lang='grc' dir='ltr'>καὶ</span> <span class='ocrx_word' id='word_1_367' title='bbox 2723 2489 3076 2561; x_wconf 79' lang='grc' dir='ltr'>ἐμδρίμησις.</span> <span class='ocrx_word' id='word_1_368' title='bbox 3113 2486 3298 2541; x_wconf 89' lang='grc' dir='ltr'>Ταῦτα</span> <span class='ocrx_word' id='word_1_369' title='bbox 3333 2487 3389 2540; x_wconf 75' lang='grc' dir='ltr'>δὲ</span> <span class='ocrx_word' id='word_1_370' title='bbox 3419 2486 3647 2540; x_wconf 83' lang='grc' dir='ltr'>ἀκολού-</span> 
     </span>
    </p>
   </div>
   <div class='ocr_carea' id='block_1_52' title="bbox 2056 2579 3640 2654">
    <p class='ocr_par' dir='ltr' id='par_1_52' title="bbox 2056 2579 3640 2654">
     <span class='ocr_line' id='line_1_52' title="bbox 2056 2579 3640 2654; baseline -0.006 -15"><span class='ocrx_word' id='word_1_371' title='bbox 2056 2585 2164 2649; x_wconf 90' lang='grc' dir='ltr'><strong>θως</strong></span> <span class='ocrx_word' id='word_1_372' title='bbox 2192 2587 2249 2639; x_wconf 89' lang='grc' dir='ltr'><strong>ἐν</strong></span> <span class='ocrx_word' id='word_1_373' title='bbox 2279 2583 2428 2654; x_wconf 81' lang='grc' dir='ltr'>αὐτῷ</span> <span class='ocrx_word' id='word_1_374' title='bbox 2448 2583 2766 2636; x_wconf 78' lang='grc' dir='ltr'>τελεσθέντα</span> <span class='ocrx_word' id='word_1_375' title='bbox 2801 2580 2998 2650; x_wconf 78' lang='grc' dir='ltr'>εύλογα</span> <span class='ocrx_word' id='word_1_376' title='bbox 3030 2581 3131 2650; x_wconf 84' lang='grc' dir='ltr'>τῆς</span> <span class='ocrx_word' id='word_1_377' title='bbox 3156 2579 3426 2651; x_wconf 88' lang='grc' dir='ltr'>ἐνσάρκου</span> <span class='ocrx_word' id='word_1_378' title='bbox 3451 2579 3640 2648; x_wconf 82' lang='grc' dir='ltr'>ἀληθι-</span> 
     </span>
    </p>
   </div>
   <div class='ocr_carea' id='block_1_53' title="bbox 2057 2674 2826 2746">
    <p class='ocr_par' dir='ltr' id='par_1_53' title="bbox 2057 2674 2826 2746">
     <span class='ocr_line' id='line_1_53' title="bbox 2057 2674 2826 2746; baseline -0.003 -18"><span class='ocrx_word' id='word_1_379' title='bbox 2057 2676 2151 2744; x_wconf 88' lang='grc' dir='ltr'>νῆς</span> <span class='ocrx_word' id='word_1_380' title='bbox 2185 2675 2490 2746; x_wconf 77' lang='grc' dir='ltr'>παρουσίας</span> <span class='ocrx_word' id='word_1_381' title='bbox 2529 2674 2826 2744; x_wconf 80' lang='grc' dir='ltr'>ὑπέφηνεν.</span> 
     </span>
    </p>
   </div>
   <div class='ocr_carea' id='block_1_54' title="bbox 366 2760 3645 2834">
    <p class='ocr_par' dir='ltr' id='par_1_54' title="bbox 366 2760 3645 2834">
     <span class='ocr_line' id='line_1_54' title="bbox 366 2760 3645 2834; baseline 0.001 -22"><span class='ocrx_word' id='word_1_382' title='bbox 366 2769 515 2815; x_wconf 65' lang='lat' dir='ltr'><strong>esset</strong></span> <span class='ocrx_word' id='word_1_383' title='bbox 567 2761 854 2817; x_wconf 87' lang='lat' dir='ltr'><strong>divinitate</strong></span> <span class='ocrx_word' id='word_1_384' title='bbox 899 2763 1166 2834; x_wconf 83' lang='lat' dir='ltr'><strong>dignum;</strong></span> <span class='ocrx_word' id='word_1_385' title='bbox 1222 2763 1319 2818; x_wconf 91' lang='lat' dir='ltr'><strong>sed</strong></span> <span class='ocrx_word' id='word_1_386' title='bbox 1373 2777 1437 2818; x_wconf 90' lang='lat' dir='ltr'><strong>ea</strong></span> <span class='ocrx_word' id='word_1_387' title='bbox 1488 2763 1776 2827; x_wconf 73' lang='lat' dir='ltr'><strong>duntaxat,</strong></span> <span class='ocrx_word' id='word_1_388' title='bbox 1823 2780 1946 2834; x_wconf 63' lang='lat' dir='ltr'><strong>quae</strong></span> <span class='ocrx_word' id='word_1_389' title='bbox 1971 2769 2146 2832; x_wconf 89' lang='lat' dir='ltr'><strong>carni,</strong></span> <span class='ocrx_word' id='word_1_390' title='bbox 2180 2769 2381 2824; x_wconf 75' lang='lat' dir='ltr'><strong>animae</strong></span> <span class='ocrx_word' id='word_1_391' title='bbox 2433 2780 2489 2824; x_wconf 90' lang='lat' dir='ltr'><strong>et</strong></span> <span class='ocrx_word' id='word_1_392' title='bbox 2535 2769 2790 2822; x_wconf 64' lang='lat' dir='ltr'><strong>humana:</strong></span> <span class='ocrx_word' id='word_1_393' title='bbox 2821 2766 2991 2822; x_wconf 89' lang='lat' dir='ltr'><strong>menti</strong></span> <span class='ocrx_word' id='word_1_394' title='bbox 3049 2770 3428 2820; x_wconf 88' lang='lat' dir='ltr'><strong>consentanea</strong></span> <span class='ocrx_word' id='word_1_395' title='bbox 3489 2760 3645 2815; x_wconf 78' lang='lat' dir='ltr'><strong>vide-</strong></span> 
     </span>
    </p>
   </div>
   <div class='ocr_carea' id='block_1_55' title="bbox 365 2857 3640 2933">
    <p class='ocr_par' dir='ltr' id='par_1_55' title="bbox 365 2857 3640 2933">
     <span class='ocr_line' id='line_1_55' title="bbox 365 2857 3640 2933; baseline 0.001 -22"><span class='ocrx_word' id='word_1_396' title='bbox 365 2857 588 2925; x_wconf 86' lang='lat' dir='ltr'><strong>bantur,</strong></span> <span class='ocrx_word' id='word_1_397' title='bbox 627 2859 894 2916; x_wconf 82' lang='lat' dir='ltr'><strong>accedens</strong></span> <span class='ocrx_word' id='word_1_398' title='bbox 944 2859 1204 2916; x_wconf 87' lang='lat' dir='ltr'><strong>Dominus</strong></span> <span class='ocrx_word' id='word_1_399' title='bbox 1249 2859 1541 2930; x_wconf 74' lang='lat' dir='ltr'><strong>expressit,</strong></span> <span class='ocrx_word' id='word_1_400' title='bbox 1581 2875 1649 2914; x_wconf 91' lang='lat' dir='ltr'><strong>ne</strong></span> <span class='ocrx_word' id='word_1_401' title='bbox 1680 2875 1824 2915; x_wconf 66' lang='lat' dir='ltr'><strong>verm</strong></span> <span class='ocrx_word' id='word_1_402' title='bbox 1852 2878 1966 2918; x_wconf 62' lang='lat' dir='ltr'><strong>suae</strong></span> <span class='ocrx_word' id='word_1_403' title='bbox 1998 2864 2661 2921; x_wconf 87' lang='lat' dir='ltr'><strong>incarnationisordinem</strong></span> <span class='ocrx_word' id='word_1_404' title='bbox 2693 2864 3005 2933; x_wconf 89' lang='lat' dir='ltr'><strong>seriemque</strong></span> <span class='ocrx_word' id='word_1_405' title='bbox 3054 2859 3427 2932; x_wconf 85' lang='lat' dir='ltr'><strong>perturbaret.</strong></span> <span class='ocrx_word' id='word_1_406' title='bbox 3469 2859 3640 2918; x_wconf 87' lang='lat' dir='ltr'><strong>Erant</strong></span> 
     </span>
    </p>
   </div>
   <div class='ocr_carea' id='block_1_56' title="bbox 366 2952 3638 3030">
    <p class='ocr_par' dir='ltr' id='par_1_56' title="bbox 366 2952 3638 3030">
     <span class='ocr_line' id='line_1_56' title="bbox 366 2952 3638 3030; baseline -0 -24"><span class='ocrx_word' id='word_1_407' title='bbox 366 2968 532 3024; x_wconf 86' lang='lat' dir='ltr'><strong>porro</strong></span> <span class='ocrx_word' id='word_1_408' title='bbox 598 2954 702 3007; x_wconf 86' lang='lat' dir='ltr'><strong>ista</strong></span> <span class='ocrx_word' id='word_1_409' title='bbox 767 2962 1138 3010; x_wconf 88' lang='lat' dir='ltr'><strong>consentanea</strong></span> <span class='ocrx_word' id='word_1_410' title='bbox 1183 2972 1195 3008; x_wconf 90' lang='lat'>:</span> <span class='ocrx_word' id='word_1_411' title='bbox 1244 2954 1438 3016; x_wconf 84' lang='lat' dir='ltr'><strong>fames,</strong></span> <span class='ocrx_word' id='word_1_412' title='bbox 1495 2953 1659 3020; x_wconf 89' lang='lat' dir='ltr'><strong>sitis,</strong></span> <span class='ocrx_word' id='word_1_413' title='bbox 1725 2953 1995 3026; x_wconf 83' lang='lat' dir='ltr'><strong>fatigatio,</strong></span> <span class='ocrx_word' id='word_1_414' title='bbox 2052 2974 2302 3026; x_wconf 84' lang='lat' dir='ltr'><strong>somnus,</strong></span> <span class='ocrx_word' id='word_1_415' title='bbox 2366 2959 2758 3030; x_wconf 82' lang='lat' dir='ltr'><strong>peregrinatio,</strong></span> <span class='ocrx_word' id='word_1_416' title='bbox 2803 2956 2982 3020; x_wconf 88' lang='lat' dir='ltr'><strong>dolor,</strong></span> <span class='ocrx_word' id='word_1_417' title='bbox 3047 2955 3229 3016; x_wconf 84' lang='lat' dir='ltr'><strong>ﬂetus,</strong></span> <span class='ocrx_word' id='word_1_418' title='bbox 3285 2952 3638 3023; x_wconf 83' lang='lat' dir='ltr'><strong>indignatio,</strong></span> 
     </span>
    </p>
   </div>
   <div class='ocr_carea' id='block_1_57' title="bbox 362 3044 3642 3122">
    <p class='ocr_par' dir='ltr' id='par_1_57' title="bbox 362 3044 3642 3122">
     <span class='ocr_line' id='line_1_57' title="bbox 362 3044 3642 3122; baseline 0 -25"><span class='ocrx_word' id='word_1_419' title='bbox 362 3058 502 3114; x_wconf 83' lang='lat' dir='ltr'><strong>quae,</strong></span> <span class='ocrx_word' id='word_1_420' title='bbox 537 3052 594 3097; x_wconf 89' lang='lat' dir='ltr'><strong>ut</strong></span> <span class='ocrx_word' id='word_1_421' title='bbox 637 3059 736 3115; x_wconf 90' lang='lat' dir='ltr'><strong>par</strong></span> <span class='ocrx_word' id='word_1_422' title='bbox 778 3053 918 3110; x_wconf 90' lang='lat' dir='ltr'><strong>erat,</strong></span> <span class='ocrx_word' id='word_1_423' title='bbox 961 3046 1018 3100; x_wconf 91' lang='lat' dir='ltr'><strong>in</strong></span> <span class='ocrx_word' id='word_1_424' title='bbox 1070 3059 1192 3101; x_wconf 89' lang='lat' dir='ltr'><strong>sese</strong></span> <span class='ocrx_word' id='word_1_425' title='bbox 1224 3044 1465 3114; x_wconf 79' lang='lat' dir='ltr'><strong>perfecta</strong></span> <span class='ocrx_word' id='word_1_426' title='bbox 1510 3058 1635 3098; x_wconf 90' lang='lat' dir='ltr'><strong>cum</strong></span> <span class='ocrx_word' id='word_1_427' title='bbox 1670 3044 1934 3114; x_wconf 87' lang='lat' dir='ltr'><strong>hominis,</strong></span> <span class='ocrx_word' id='word_1_428' title='bbox 1991 3063 2156 3120; x_wconf 88' lang='lat' dir='ltr'><strong>quam</strong></span> <span class='ocrx_word' id='word_1_429' title='bbox 2214 3065 2405 3107; x_wconf 88' lang='lat' dir='ltr'><strong>revera</strong></span> <span class='ocrx_word' id='word_1_430' title='bbox 2460 3056 2782 3122; x_wconf 86' lang='lat' dir='ltr'><strong>susceperat</strong></span> <span class='ocrx_word' id='word_1_431' title='bbox 2838 3054 3037 3103; x_wconf 88' lang='lat' dir='ltr'><strong>natura</strong></span> <span class='ocrx_word' id='word_1_432' title='bbox 3073 3046 3389 3116; x_wconf 85' lang='lat' dir='ltr'><strong>conjuncta,</strong></span> <span class='ocrx_word' id='word_1_433' title='bbox 3437 3059 3642 3099; x_wconf 66' lang='lat' dir='ltr'><strong>eonvco</strong></span> 
     </span>
    </p>
   </div>
   <div class='ocr_carea' id='block_1_58' title="bbox 363 3133 1064 3203">
    <p class='ocr_par' dir='ltr' id='par_1_58' title="bbox 363 3133 1064 3203">
     <span class='ocr_line' id='line_1_58' title="bbox 363 3133 1064 3203; baseline -0.001 -14"><span class='ocrx_word' id='word_1_434' title='bbox 363 3133 681 3203; x_wconf 90' lang='lat' dir='ltr'><strong>nientiaque</strong></span> <span class='ocrx_word' id='word_1_435' title='bbox 714 3133 1064 3190; x_wconf 81' lang='lat' dir='ltr'><strong>monstravit.</strong></span> 
     </span>
    </p>
   </div>
   <div class='ocr_carea' id='block_1_59' title="bbox 434 3223 1944 3300">
    <p class='ocr_par' dir='ltr' id='par_1_59' title="bbox 434 3224 1938 3298">
     <span class='ocr_line' id='line_1_59' title="bbox 434 3224 1938 3298; baseline 0.002 -19"><span class='ocrx_word' id='word_1_436' title='bbox 434 3224 649 3280; x_wconf 77' lang='lat' dir='ltr'><strong>XXVII.</strong></span> <span class='ocrx_word' id='word_1_437' title='bbox 690 3224 877 3295; x_wconf 86' lang='lat' dir='ltr'><strong>Neque</strong></span> <span class='ocrx_word' id='word_1_438' title='bbox 917 3225 1064 3278; x_wconf 89' lang='lat' dir='ltr'><strong>enim</strong></span> <span class='ocrx_word' id='word_1_439' title='bbox 1099 3224 1362 3296; x_wconf 89' lang='lat' dir='ltr'><strong>scriptum</strong></span> <span class='ocrx_word' id='word_1_440' title='bbox 1397 3236 1481 3284; x_wconf 87' lang='lat' dir='ltr'><strong>est</strong></span> <span class='ocrx_word' id='word_1_441' title='bbox 1525 3228 1734 3298; x_wconf 88' lang='lat' dir='ltr'><strong>uspiam</strong></span> <span class='ocrx_word' id='word_1_442' title='bbox 1773 3242 1938 3298; x_wconf 88' lang='lat' dir='ltr'><strong>prava</strong></span> 
     </span>
    </p>
   </div>
   <div class='ocr_carea' id='block_1_60' title="bbox 2049 3223 3638 3300">
    <p class='ocr_par' dir='ltr' id='par_1_60' title="bbox 2120 3223 3638 3300">
     <span class='ocr_line' id='line_1_60' title="bbox 2120 3223 3638 3300; baseline 0.001 -20"><span class='ocrx_word' id='word_1_443' title='bbox 2120 3225 2244 3281; x_wconf 83' lang='lat' dir='ltr'><strong>KZ&#39;.</strong></span> <span class='ocrx_word' id='word_1_444' title='bbox 2270 3227 2344 3280; x_wconf 84' lang='grc' dir='ltr'><strong>Οὐ</strong></span> <span class='ocrx_word' id='word_1_445' title='bbox 2369 3225 2478 3296; x_wconf 80' lang='grc' dir='ltr'>γὰρ</span> <span class='ocrx_word' id='word_1_446' title='bbox 2503 3225 2932 3296; x_wconf 80' lang='grc' dir='ltr'>γέγραπται,ὃτι</span> <span class='ocrx_word' id='word_1_447' title='bbox 2964 3223 3314 3294; x_wconf 83' lang='grc' dir='ltr'>ἐπεθύμησεν</span> <span class='ocrx_word' id='word_1_448' title='bbox 3336 3226 3638 3300; x_wconf 80' lang='grc' dir='ltr'>ἐπιθυμίαν</span> 
     </span>
    </p>
   </div>
   <div class='ocr_carea' id='block_1_61' title="bbox 364 3315 1944 3392">
    <p class='ocr_par' dir='ltr' id='par_1_61' title="bbox 364 3315 1944 3392">
     <span class='ocr_line' id='line_1_61' title="bbox 364 3315 1944 3392; baseline 0.003 -20"><span class='ocrx_word' id='word_1_449' title='bbox 364 3319 517 3372; x_wconf 75' lang='lat' dir='ltr'><strong>illiilli</strong></span> <span class='ocrx_word' id='word_1_450' title='bbox 577 3318 876 3389; x_wconf 88' lang='lat' dir='ltr'><strong>cupiditate</strong></span> <span class='ocrx_word' id='word_1_451' title='bbox 928 3315 1100 3373; x_wconf 85' lang='lat' dir='ltr'><strong>fuisse</strong></span> <span class='ocrx_word' id='word_1_452' title='bbox 1158 3329 1493 3390; x_wconf 89' lang='lat' dir='ltr'><strong>correptum.</strong></span> <span class='ocrx_word' id='word_1_453' title='bbox 1559 3321 1704 3388; x_wconf 87' lang='lat' dir='ltr'><strong>Quin</strong></span> <span class='ocrx_word' id='word_1_454' title='bbox 1766 3323 1944 3392; x_wconf 88' lang='lat' dir='ltr'><strong>potius</strong></span> 
     </span>
    </p>
   </div>
   <div class='ocr_carea' id='block_1_62' title="bbox 2049 3315 3634 3392">
    <p class='ocr_par' dir='ltr' id='par_1_62' title="bbox 2049 3316 3634 3391">
     <span class='ocr_line' id='line_1_62' title="bbox 2049 3316 3634 3391; baseline -0.014 -17"><span class='ocrx_word' id='word_1_455' title='bbox 2049 3319 2278 3391; x_wconf 80' lang='grc' dir='ltr'>φαύλην.</span> <span class='ocrx_word' id='word_1_456' title='bbox 2319 3317 2555 3389; x_wconf 81' lang='grc' dir='ltr'>Ἀγαθὴν</span> <span class='ocrx_word' id='word_1_457' title='bbox 2597 3318 2656 3371; x_wconf 84' lang='grc' dir='ltr'>δὲ</span> <span class='ocrx_word' id='word_1_458' title='bbox 2685 3316 2980 3388; x_wconf 79' lang='grc' dir='ltr'>ἐπιθυμίαν</span> <span class='ocrx_word' id='word_1_459' title='bbox 3025 3316 3378 3388; x_wconf 84' lang='grc' dir='ltr'>ἐπεθύμησε,</span> <span class='ocrx_word' id='word_1_460' title='bbox 3417 3320 3634 3390; x_wconf 69' lang='grc' dir='ltr'>φήσας.</span> 
     </span>
    </p>
   </div>
   <div class='ocr_carea' id='block_1_63' title="bbox 361 3411 1941 3483">
    <p class='ocr_par' dir='ltr' id='par_1_63' title="bbox 361 3411 1941 3483">
     <span class='ocr_line' id='line_1_63' title="bbox 361 3411 1941 3483; baseline 0.001 -16"><span class='ocrx_word' id='word_1_461' title='bbox 361 3413 568 3483; x_wconf 88' lang='lat' dir='ltr'><strong>optima</strong></span> <span class='ocrx_word' id='word_1_462' title='bbox 603 3412 756 3466; x_wconf 87' lang='lat' dir='ltr'><strong>illum</strong></span> <span class='ocrx_word' id='word_1_463' title='bbox 791 3411 1062 3480; x_wconf 88' lang='lat' dir='ltr'><strong>cupiditas</strong></span> <span class='ocrx_word' id='word_1_464' title='bbox 1097 3413 1261 3482; x_wconf 87' lang='lat' dir='ltr'><strong>cepit,</strong></span> <span class='ocrx_word' id='word_1_465' title='bbox 1297 3428 1422 3466; x_wconf 92' lang='lat' dir='ltr'><strong>eum</strong></span> <span class='ocrx_word' id='word_1_466' title='bbox 1456 3415 1531 3468; x_wconf 92' lang='lat' dir='ltr'><strong>ita</strong></span> <span class='ocrx_word' id='word_1_467' title='bbox 1565 3415 1781 3469; x_wconf 90' lang='lat' dir='ltr'><strong>locutus</strong></span> <span class='ocrx_word' id='word_1_468' title='bbox 1810 3422 1894 3469; x_wconf 90' lang='lat' dir='ltr'><strong>est</strong></span> <span class='ocrx_word' id='word_1_469' title='bbox 1928 3433 1941 3468; x_wconf 91' lang='lat'><strong>:</strong></span> 
     </span>
    </p>
   </div>
   <div class='ocr_carea' id='block_1_64' title="bbox 363 3507 1948 3576">
    <p class='ocr_par' dir='ltr' id='par_1_64' title="bbox 363 3507 1948 3576">
     <span class='ocr_line' id='line_1_64' title="bbox 363 3507 1948 3576; baseline 0.003 -15"><span class='ocrx_word' id='word_1_470' title='bbox 363 3507 638 3563; x_wconf 76' lang='lat' dir='ltr'><strong>Desiderio</strong></span> <span class='ocrx_word' id='word_1_471' title='bbox 688 3508 980 3562; x_wconf 80' lang='lat' dir='ltr'><strong>desideravi</strong></span> <span class='ocrx_word' id='word_1_472' title='bbox 1025 3508 1121 3562; x_wconf 87' lang='lat' dir='ltr'><strong>hoc</strong></span> <span class='ocrx_word' id='word_1_473' title='bbox 1163 3508 1358 3576; x_wconf 81' lang='lat' dir='ltr'><strong>pascha</strong></span> <span class='ocrx_word' id='word_1_474' title='bbox 1410 3511 1733 3564; x_wconf 84' lang='lat' dir='ltr'><strong>manducare</strong></span> <span class='ocrx_word' id='word_1_475' title='bbox 1781 3511 1948 3565; x_wconf 82' lang='lat' dir='ltr'><strong>vobis-</strong></span> 
     </span>
    </p>
   </div>
   <div class='ocr_carea' id='block_1_65' title="bbox 363 3600 1946 3674">
    <p class='ocr_par' dir='ltr' id='par_1_65' title="bbox 363 3600 1946 3674">
     <span class='ocr_line' id='line_1_65' title="bbox 363 3600 1946 3674; baseline 0.002 -20"><span class='ocrx_word' id='word_1_476' title='bbox 363 3603 546 3655; x_wconf 78' lang='lat' dir='ltr'><strong>cum‘.</strong></span> <span class='ocrx_word' id='word_1_477' title='bbox 595 3601 757 3670; x_wconf 82' lang='lat' dir='ltr'><strong>Atqui</strong></span> <span class='ocrx_word' id='word_1_478' title='bbox 789 3600 1119 3656; x_wconf 78' lang='lat' dir='ltr'><strong>desiderium</strong></span> <span class='ocrx_word' id='word_1_479' title='bbox 1166 3619 1343 3673; x_wconf 91' lang='lat' dir='ltr'><strong>neque</strong></span> <span class='ocrx_word' id='word_1_480' title='bbox 1375 3617 1401 3655; x_wconf 85' lang='lat' dir='ltr'><strong>a</strong></span> <span class='ocrx_word' id='word_1_481' title='bbox 1459 3604 1741 3658; x_wconf 76' lang='lat' dir='ltr'><strong>divinitate</strong></span> <span class='ocrx_word' id='word_1_482' title='bbox 1781 3603 1946 3674; x_wconf 80' lang='lat' dir='ltr'><strong>profl-</strong></span> 
     </span>
    </p>
   </div>
   <div class='ocr_carea' id='block_1_66' title="bbox 363 3693 1946 3762">
    <p class='ocr_par' dir='ltr' id='par_1_66' title="bbox 363 3693 1946 3762">
     <span class='ocr_line' id='line_1_66' title="bbox 363 3693 1946 3762; baseline 0.003 -15"><span class='ocrx_word' id='word_1_483' title='bbox 363 3693 612 3758; x_wconf 84' lang='lat' dir='ltr'><strong>ciscitur,</strong></span> <span class='ocrx_word' id='word_1_484' title='bbox 639 3707 816 3762; x_wconf 85' lang='lat' dir='ltr'><strong>neque</strong></span> <span class='ocrx_word' id='word_1_485' title='bbox 843 3709 909 3748; x_wconf 86' lang='lat' dir='ltr'><strong>ex</strong></span> <span class='ocrx_word' id='word_1_486' title='bbox 945 3694 1060 3749; x_wconf 89' lang='lat' dir='ltr'><strong>sola</strong></span> <span class='ocrx_word' id='word_1_487' title='bbox 1092 3709 1279 3758; x_wconf 89' lang='lat' dir='ltr'><strong>carne,</strong></span> <span class='ocrx_word' id='word_1_488' title='bbox 1315 3705 1408 3750; x_wconf 90' lang='lat' dir='ltr'><strong>aut</strong></span> <span class='ocrx_word' id='word_1_489' title='bbox 1435 3711 1501 3750; x_wconf 83' lang='lat' dir='ltr'><strong>ex</strong></span> <span class='ocrx_word' id='word_1_490' title='bbox 1525 3696 1706 3750; x_wconf 89' lang='lat' dir='ltr'><strong>anima</strong></span> <span class='ocrx_word' id='word_1_491' title='bbox 1744 3697 1946 3752; x_wconf 90' lang='lat' dir='ltr'><strong>mentis</strong></span> 
     </span>
    </p>
   </div>
   <div class='ocr_carea' id='block_1_67' title="bbox 363 3782 1945 3857">
    <p class='ocr_par' dir='ltr' id='par_1_67' title="bbox 363 3782 1945 3857">
     <span class='ocr_line' id='line_1_67' title="bbox 363 3782 1945 3857; baseline 0.001 -18"><span class='ocrx_word' id='word_1_492' title='bbox 363 3795 607 3855; x_wconf 76' lang='lat' dir='ltr'><strong>experte.</strong></span> <span class='ocrx_word' id='word_1_493' title='bbox 646 3783 743 3840; x_wconf 91' lang='lat' dir='ltr'><strong>sed</strong></span> <span class='ocrx_word' id='word_1_494' title='bbox 787 3799 817 3838; x_wconf 89' lang='lat' dir='ltr'><strong>a</strong></span> <span class='ocrx_word' id='word_1_495' title='bbox 849 3782 1095 3856; x_wconf 89' lang='lat' dir='ltr'><strong>perfecta</strong></span> <span class='ocrx_word' id='word_1_496' title='bbox 1129 3785 1365 3842; x_wconf 90' lang='lat' dir='ltr'><strong>hominis</strong></span> <span class='ocrx_word' id='word_1_497' title='bbox 1395 3794 1612 3849; x_wconf 88' lang='lat' dir='ltr'><strong>natura,</strong></span> <span class='ocrx_word' id='word_1_498' title='bbox 1657 3803 1778 3857; x_wconf 68' lang='lat' dir='ltr'><strong>quae</strong></span> <span class='ocrx_word' id='word_1_499' title='bbox 1818 3803 1945 3842; x_wconf 90' lang='lat' dir='ltr'><strong>cor-</strong></span> 
     </span>
    </p>
   </div>
   <div class='ocr_carea' id='block_1_68' title="bbox 364 3877 1946 3949">
    <p class='ocr_par' dir='ltr' id='par_1_68' title="bbox 364 3877 1946 3949">
     <span class='ocr_line' id='line_1_68' title="bbox 364 3877 1946 3949; baseline 0.001 -21"><span class='ocrx_word' id='word_1_500' title='bbox 364 3890 466 3945; x_wconf 86' lang='lat' dir='ltr'><strong>pus</strong></span> <span class='ocrx_word' id='word_1_501' title='bbox 499 3883 554 3931; x_wconf 89' lang='lat' dir='ltr'><strong>et</strong></span> <span class='ocrx_word' id='word_1_502' title='bbox 581 3884 817 3932; x_wconf 91' lang='lat' dir='ltr'><strong>mentem</strong></span> <span class='ocrx_word' id='word_1_503' title='bbox 854 3895 920 3935; x_wconf 90' lang='lat' dir='ltr'><strong>ac</strong></span> <span class='ocrx_word' id='word_1_504' title='bbox 991 3877 1260 3949; x_wconf 88' lang='lat' dir='ltr'><strong>quidquid</strong></span> <span class='ocrx_word' id='word_1_505' title='bbox 1293 3877 1436 3932; x_wconf 91' lang='lat' dir='ltr'><strong>inest</strong></span> <span class='ocrx_word' id='word_1_506' title='bbox 1459 3877 1512 3930; x_wconf 90' lang='lat' dir='ltr'><strong>in</strong></span> <span class='ocrx_word' id='word_1_507' title='bbox 1552 3877 1772 3933; x_wconf 89' lang='lat' dir='ltr'><strong>homine</strong></span> <span class='ocrx_word' id='word_1_508' title='bbox 1795 3893 1946 3932; x_wconf 82' lang='lat' dir='ltr'><strong>com-</strong></span> 
     </span>
    </p>
   </div>
   <div class='ocr_carea' id='block_1_69' title="bbox 361 3969 1942 4040">
    <p class='ocr_par' dir='ltr' id='par_1_69' title="bbox 361 3969 1942 4040">
     <span class='ocr_line' id='line_1_69' title="bbox 361 3969 1942 4040; baseline 0.001 -19"><span class='ocrx_word' id='word_1_509' title='bbox 361 3969 636 4038; x_wconf 90' lang='lat' dir='ltr'><strong>plectitur.</strong></span> <span class='ocrx_word' id='word_1_510' title='bbox 699 3969 800 4034; x_wconf 42' lang='lat' dir='ltr'><strong>His,</strong></span> <span class='ocrx_word' id='word_1_511' title='bbox 843 3971 990 4026; x_wconf 92' lang='lat' dir='ltr'><strong>enim</strong></span> <span class='ocrx_word' id='word_1_512' title='bbox 1049 3971 1326 4036; x_wconf 85' lang='lat' dir='ltr'><strong>omnibus,</strong></span> <span class='ocrx_word' id='word_1_513' title='bbox 1389 3984 1643 4040; x_wconf 89' lang='lat' dir='ltr'><strong>corpore,</strong></span> <span class='ocrx_word' id='word_1_514' title='bbox 1697 3969 1942 4039; x_wconf 88' lang='lat' dir='ltr'><strong>inquam,</strong></span> 
     </span>
    </p>
   </div>
   <div class='ocr_carea' id='block_1_70' title="bbox 362 4059 1942 4134">
    <p class='ocr_par' dir='ltr' id='par_1_70' title="bbox 362 4059 1942 4134">
     <span class='ocr_line' id='line_1_70' title="bbox 362 4059 1942 4134; baseline 0.001 -21"><span class='ocrx_word' id='word_1_515' title='bbox 362 4059 546 4114; x_wconf 88' lang='lat' dir='ltr'><strong>anima</strong></span> <span class='ocrx_word' id='word_1_516' title='bbox 589 4068 643 4117; x_wconf 88' lang='lat' dir='ltr'><strong>et</strong></span> <span class='ocrx_word' id='word_1_517' title='bbox 669 4070 951 4134; x_wconf 88' lang='lat' dir='ltr'><strong>mente,ac</strong></span> <span class='ocrx_word' id='word_1_518' title='bbox 1006 4063 1256 4133; x_wconf 91' lang='lat' dir='ltr'><strong>reliquis,</strong></span> <span class='ocrx_word' id='word_1_519' title='bbox 1299 4078 1421 4133; x_wconf 69' lang='lat' dir='ltr'><strong>quae</strong></span> <span class='ocrx_word' id='word_1_520' title='bbox 1447 4062 1502 4116; x_wconf 91' lang='lat' dir='ltr'><strong>in</strong></span> <span class='ocrx_word' id='word_1_521' title='bbox 1539 4061 1758 4117; x_wconf 87' lang='lat' dir='ltr'><strong>homine</strong></span> <span class='ocrx_word' id='word_1_522' title='bbox 1793 4071 1942 4125; x_wconf 86' lang='lat' dir='ltr'><strong>sunt,</strong></span> 
     </span>
    </p>
   </div>
   <div class='ocr_carea' id='block_1_71' title="bbox 361 4153 1942 4225">
    <p class='ocr_par' dir='ltr' id='par_1_71' title="bbox 361 4153 1942 4225">
     <span class='ocr_line' id='line_1_71' title="bbox 361 4153 1942 4225; baseline 0 -18"><span class='ocrx_word' id='word_1_523' title='bbox 361 4154 619 4211; x_wconf 88' lang='lat' dir='ltr'><strong>omnibus</strong></span> <span class='ocrx_word' id='word_1_524' title='bbox 665 4156 952 4225; x_wconf 72' lang='lat' dir='ltr'><strong>praaditnm</strong></span> <span class='ocrx_word' id='word_1_525' title='bbox 997 4154 1234 4210; x_wconf 84' lang='lat' dir='ltr'><strong>Verbum</strong></span> <span class='ocrx_word' id='word_1_526' title='bbox 1280 4155 1526 4219; x_wconf 88' lang='lat' dir='ltr'><strong>advenit;</strong></span> <span class='ocrx_word' id='word_1_527' title='bbox 1578 4153 1622 4209; x_wconf 92' lang='lat' dir='ltr'><strong>si</strong></span> <span class='ocrx_word' id='word_1_528' title='bbox 1658 4162 1942 4224; x_wconf 88' lang='lat' dir='ltr'><strong>peccatum</strong></span> 
     </span>
    </p>
   </div>
   <div class='ocr_carea' id='block_1_72' title="bbox 367 4246 1941 4318">
    <p class='ocr_par' dir='ltr' id='par_1_72' title="bbox 367 4246 1941 4318">
     <span class='ocr_line' id='line_1_72' title="bbox 367 4246 1941 4318; baseline 0 -18"><span class='ocrx_word' id='word_1_529' title='bbox 367 4260 432 4302; x_wconf 91' lang='lat' dir='ltr'><strong>ac</strong></span> <span class='ocrx_word' id='word_1_530' title='bbox 465 4246 736 4303; x_wconf 86' lang='lat' dir='ltr'><strong>defectum</strong></span> <span class='ocrx_word' id='word_1_531' title='bbox 769 4264 986 4304; x_wconf 90' lang='lat' dir='ltr'><strong>omnem</strong></span> <span class='ocrx_word' id='word_1_532' title='bbox 1019 4247 1282 4318; x_wconf 78' lang='lat' dir='ltr'><strong>excipias.</strong></span> <span class='ocrx_word' id='word_1_533' title='bbox 1331 4263 1428 4318; x_wconf 89' lang='lat' dir='ltr'><strong>pro</strong></span> <span class='ocrx_word' id='word_1_534' title='bbox 1470 4261 1536 4302; x_wconf 91' lang='lat' dir='ltr'><strong>eo</strong></span> <span class='ocrx_word' id='word_1_535' title='bbox 1567 4261 1633 4300; x_wconf 90' lang='lat' dir='ltr'><strong>ac</strong></span> <span class='ocrx_word' id='word_1_536' title='bbox 1673 4246 1941 4316; x_wconf 88' lang='lat' dir='ltr'><strong>scriptum</strong></span> 
     </span>
    </p>
   </div>
   <div class='ocr_carea' id='block_1_73' title="bbox 363 4337 1939 4408">
    <p class='ocr_par' dir='ltr' id='par_1_73' title="bbox 363 4337 1939 4408">
     <span class='ocr_line' id='line_1_73' title="bbox 363 4337 1939 4408; baseline -0.001 -16"><span class='ocrx_word' id='word_1_537' title='bbox 363 4345 481 4393; x_wconf 90' lang='lat' dir='ltr'><strong>est:</strong></span> <span class='ocrx_word' id='word_1_538' title='bbox 510 4339 764 4394; x_wconf 84' lang='lat' dir='ltr'><strong>Tentatus</strong></span> <span class='ocrx_word' id='word_1_539' title='bbox 791 4357 882 4407; x_wconf 86' lang='lat' dir='ltr'><strong>per</strong></span> <span class='ocrx_word' id='word_1_540' title='bbox 909 4341 1083 4393; x_wconf 86' lang='lat' dir='ltr'><strong>omnia</strong></span> <span class='ocrx_word' id='word_1_541' title='bbox 1109 4351 1162 4392; x_wconf 88' lang='lat' dir='ltr'><strong>ut</strong></span> <span class='ocrx_word' id='word_1_542' title='bbox 1183 4341 1358 4404; x_wconf 85' lang='lat' dir='ltr'><strong>homo,</strong></span> <span class='ocrx_word' id='word_1_543' title='bbox 1379 4346 1570 4406; x_wconf 71' lang='lat' dir='ltr'><strong>prazter</strong></span> <span class='ocrx_word' id='word_1_544' title='bbox 1609 4347 1882 4408; x_wconf 84' lang='lat' dir='ltr'><strong>peccatum</strong></span> <span class='ocrx_word' id='word_1_545' title='bbox 1898 4337 1939 4390; x_wconf 86' lang='grc'>⁸.</span> 
     </span>
    </p>
   </div>
   <div class='ocr_carea' id='block_1_74' title="bbox 357 4430 1942 4500">
    <p class='ocr_par' dir='ltr' id='par_1_74' title="bbox 357 4430 1942 4500">
     <span class='ocr_line' id='line_1_74' title="bbox 357 4430 1942 4500; baseline 0 -16"><span class='ocrx_word' id='word_1_546' title='bbox 357 4430 562 4497; x_wconf 86' lang='lat' dir='ltr'><strong>Quodsi</strong></span> <span class='ocrx_word' id='word_1_547' title='bbox 611 4431 792 4485; x_wconf 88' lang='lat' dir='ltr'><strong>omnia</strong></span> <span class='ocrx_word' id='word_1_548' title='bbox 834 4441 1092 4500; x_wconf 82' lang='lat' dir='ltr'><strong>expertus</strong></span> <span class='ocrx_word' id='word_1_549' title='bbox 1151 4440 1270 4497; x_wconf 88' lang='lat' dir='ltr'><strong>est,</strong></span> <span class='ocrx_word' id='word_1_550' title='bbox 1338 4446 1567 4486; x_wconf 84' lang='lat' dir='ltr'><strong>necesse</strong></span> <span class='ocrx_word' id='word_1_551' title='bbox 1619 4438 1704 4485; x_wconf 87' lang='lat' dir='ltr'><strong>est</strong></span> <span class='ocrx_word' id='word_1_552' title='bbox 1757 4430 1942 4484; x_wconf 90' lang='lat' dir='ltr'><strong>omnia</strong></span> 
     </span>
    </p>
   </div>
   <div class='ocr_carea' id='block_1_75' title="bbox 359 4520 1940 4592">
    <p class='ocr_par' dir='ltr' id='par_1_75' title="bbox 359 4520 1940 4592">
     <span class='ocr_line' id='line_1_75' title="bbox 359 4520 1940 4592; baseline -0.001 -17"><span class='ocrx_word' id='word_1_553' title='bbox 359 4536 526 4592; x_wconf 88' lang='lat' dir='ltr'><strong>penes</strong></span> <span class='ocrx_word' id='word_1_554' title='bbox 572 4520 812 4576; x_wconf 81' lang='lat' dir='ltr'><strong>Verbum</strong></span> <span class='ocrx_word' id='word_1_555' title='bbox 867 4522 1055 4578; x_wconf 84' lang='lat' dir='ltr'><strong>fuisse.</strong></span> <span class='ocrx_word' id='word_1_556' title='bbox 1111 4521 1310 4577; x_wconf 86' lang='lat' dir='ltr'><strong>Verum</strong></span> <span class='ocrx_word' id='word_1_557' title='bbox 1358 4538 1481 4576; x_wconf 92' lang='lat' dir='ltr'><strong>cum</strong></span> <span class='ocrx_word' id='word_1_558' title='bbox 1543 4522 1659 4576; x_wconf 69' lang='lat' dir='ltr'><strong>hac</strong></span> <span class='ocrx_word' id='word_1_559' title='bbox 1713 4521 1940 4575; x_wconf 86' lang='lat' dir='ltr'><strong>haberet</strong></span> 
     </span>
    </p>
   </div>
   <div class='ocr_carea' id='block_1_76' title="bbox 2060 3409 3639 3482">
    <p class='ocr_par' dir='ltr' id='par_1_76' title="bbox 2060 3409 3639 3482">
     <span class='ocr_line' id='line_1_76' title="bbox 2060 3409 3639 3482; baseline 0.002 -17"><span class='ocrx_word' id='word_1_560' title='bbox 2060 3412 2374 3478; x_wconf 73' lang='grc' dir='ltr'>Ἐπιθυμίᾳ</span> <span class='ocrx_word' id='word_1_561' title='bbox 2414 3411 2766 3478; x_wconf 81' lang='grc' dir='ltr'>ἐπεθύμησα</span> <span class='ocrx_word' id='word_1_562' title='bbox 2817 3410 2996 3464; x_wconf 82' lang='grc' dir='ltr'>τοῦτο</span> <span class='ocrx_word' id='word_1_563' title='bbox 3044 3409 3111 3462; x_wconf 84' lang='grc' dir='ltr'>τὸ</span> <span class='ocrx_word' id='word_1_564' title='bbox 3162 3409 3373 3480; x_wconf 78' lang='grc' dir='ltr'>πάσχα</span> <span class='ocrx_word' id='word_1_565' title='bbox 3422 3414 3639 3482; x_wconf 70' lang='grc' dir='ltr'>φαγεῖν</span> 
     </span>
    </p>
   </div>
   <div class='ocr_carea' id='block_1_77' title="bbox 2041 3501 3636 3573">
    <p class='ocr_par' dir='ltr' id='par_1_77' title="bbox 2041 3501 3636 3573">
     <span class='ocr_line' id='line_1_77' title="bbox 2041 3501 3636 3573; baseline 0.002 -18"><span class='ocrx_word' id='word_1_566' title='bbox 2041 3505 2171 3572; x_wconf 75' lang='grc' dir='ltr'>μεθ’</span> <span class='ocrx_word' id='word_1_567' title='bbox 2211 3501 2398 3571; x_wconf 75' lang='grc' dir='ltr'>ὑμῶν.</span> <span class='ocrx_word' id='word_1_568' title='bbox 2445 3501 2740 3571; x_wconf 87' lang='grc' dir='ltr'>Ἐπιθυμία</span> <span class='ocrx_word' id='word_1_569' title='bbox 2772 3501 2830 3554; x_wconf 85' lang='grc' dir='ltr'><strong>δέ</strong></span> <span class='ocrx_word' id='word_1_570' title='bbox 2872 3503 2938 3554; x_wconf 84' lang='grc' dir='ltr'><strong>ἐκ</strong></span> <span class='ocrx_word' id='word_1_571' title='bbox 2984 3502 3236 3572; x_wconf 80' lang='grc' dir='ltr'>θεότητος</span> <span class='ocrx_word' id='word_1_572' title='bbox 3285 3504 3346 3556; x_wconf 77' lang='grc' dir='ltr'>οὺ</span> <span class='ocrx_word' id='word_1_573' title='bbox 3397 3507 3636 3573; x_wconf 82' lang='grc' dir='ltr'>γίνεται,</span> 
     </span>
    </p>
   </div>
   <div class='ocr_carea' id='block_1_78' title="bbox 2045 3595 3635 3669">
    <p class='ocr_par' dir='ltr' id='par_1_78' title="bbox 2045 3595 3635 3669">
     <span class='ocr_line' id='line_1_78' title="bbox 2045 3595 3635 3669; baseline 0.001 -21"><span class='ocrx_word' id='word_1_574' title='bbox 2045 3596 2168 3649; x_wconf 77' lang='grc' dir='ltr'>οὐδὲ</span> <span class='ocrx_word' id='word_1_575' title='bbox 2201 3596 2266 3648; x_wconf 89' lang='grc' dir='ltr'><strong>ἐκ</strong></span> <span class='ocrx_word' id='word_1_576' title='bbox 2291 3595 2494 3668; x_wconf 82' lang='grc' dir='ltr'>σαρκὸς</span> <span class='ocrx_word' id='word_1_577' title='bbox 2536 3596 2852 3666; x_wconf 85' lang='grc' dir='ltr'>μονωτάτης</span> <span class='ocrx_word' id='word_1_578' title='bbox 2875 3634 2891 3657; x_wconf 94' lang='grc'><strong>,</strong></span> <span class='ocrx_word' id='word_1_579' title='bbox 2922 3595 3043 3648; x_wconf 86' lang='grc' dir='ltr'><strong>ούδέ</strong></span> <span class='ocrx_word' id='word_1_580' title='bbox 3075 3597 3139 3647; x_wconf 89' lang='grc' dir='ltr'><strong>ἐκ</strong></span> <span class='ocrx_word' id='word_1_581' title='bbox 3170 3596 3350 3666; x_wconf 70' lang='grc' dir='ltr'>ψυχῆς</span> <span class='ocrx_word' id='word_1_582' title='bbox 3379 3597 3635 3669; x_wconf 80' lang='grc' dir='ltr'>ἀνοήτου,</span> 
     </span>
    </p>
   </div>
   <div class='ocr_carea' id='block_1_79' title="bbox 2043 3687 3636 3758">
    <p class='ocr_par' dir='ltr' id='par_1_79' title="bbox 2043 3687 3636 3758">
     <span class='ocr_line' id='line_1_79' title="bbox 2043 3687 3636 3758; baseline 0.001 -17"><span class='ocrx_word' id='word_1_583' title='bbox 2043 3688 2180 3742; x_wconf 86' lang='grc' dir='ltr'><strong>ἀλλά</strong></span> <span class='ocrx_word' id='word_1_584' title='bbox 2221 3691 2286 3742; x_wconf 87' lang='grc' dir='ltr'><strong>ἐκ</strong></span> <span class='ocrx_word' id='word_1_585' title='bbox 2324 3688 2536 3751; x_wconf 84' lang='grc' dir='ltr'>τελείας</span> <span class='ocrx_word' id='word_1_586' title='bbox 2583 3687 3050 3758; x_wconf 88' lang='grc' dir='ltr'>ἐνανθρωπήσεως</span> <span class='ocrx_word' id='word_1_587' title='bbox 3092 3687 3344 3758; x_wconf 85' lang='grc' dir='ltr'>σώματος</span> <span class='ocrx_word' id='word_1_588' title='bbox 3389 3689 3484 3741; x_wconf 75' lang='grc' dir='ltr'>καὶ</span> <span class='ocrx_word' id='word_1_589' title='bbox 3539 3689 3636 3742; x_wconf 86' lang='grc' dir='ltr'><strong>τοῦ</strong></span> 
     </span>
    </p>
   </div>
   <div class='ocr_carea' id='block_1_80' title="bbox 2044 3772 3636 3852">
    <p class='ocr_par' dir='ltr' id='par_1_80' title="bbox 2044 3772 3636 3852">
     <span class='ocr_line' id='line_1_80' title="bbox 2044 3772 3636 3852; baseline -0.001 -16"><span class='ocrx_word' id='word_1_590' title='bbox 2044 3782 2136 3836; x_wconf 85' lang='grc' dir='ltr'><strong>νοῦ</strong></span> <span class='ocrx_word' id='word_1_591' title='bbox 2157 3821 2170 3845; x_wconf 92' lang='grc'><strong>,</strong></span> <span class='ocrx_word' id='word_1_592' title='bbox 2203 3781 2294 3835; x_wconf 74' lang='grc' dir='ltr'>καὶ</span> <span class='ocrx_word' id='word_1_593' title='bbox 2325 3781 2526 3844; x_wconf 81' lang='grc' dir='ltr'>παντὸς</span> <span class='ocrx_word' id='word_1_594' title='bbox 2558 3772 2768 3843; x_wconf 76' lang='grc' dir='ltr'>οὗτινος</span> <span class='ocrx_word' id='word_1_595' title='bbox 2805 3780 2899 3834; x_wconf 88' lang='grc' dir='ltr'><strong>τοῦ</strong></span> <span class='ocrx_word' id='word_1_596' title='bbox 2944 3782 3001 3833; x_wconf 87' lang='grc' dir='ltr'><strong>ἐν</strong></span> <span class='ocrx_word' id='word_1_597' title='bbox 3039 3780 3312 3852; x_wconf 84' lang='grc' dir='ltr'>ἀνθρώπῳ</span> <span class='ocrx_word' id='word_1_598' title='bbox 3341 3782 3636 3851; x_wconf 84' lang='grc' dir='ltr'>τυγχάνον-</span> 
     </span>
    </p>
   </div>
   <div class='ocr_carea' id='block_1_81' title="bbox 2042 3869 3635 3944">
    <p class='ocr_par' dir='ltr' id='par_1_81' title="bbox 2042 3869 3635 3944">
     <span class='ocr_line' id='line_1_81' title="bbox 2042 3869 3635 3944; baseline -0.001 -18"><span class='ocrx_word' id='word_1_599' title='bbox 2042 3889 2154 3936; x_wconf 82' lang='grc' dir='ltr'>τος.</span> <span class='ocrx_word' id='word_1_600' title='bbox 2207 3874 2374 3942; x_wconf 85' lang='grc' dir='ltr'>Ἔσχε</span> <span class='ocrx_word' id='word_1_601' title='bbox 2423 3873 2534 3944; x_wconf 80' lang='grc' dir='ltr'><strong>γάρ</strong></span> <span class='ocrx_word' id='word_1_602' title='bbox 2580 3871 2756 3924; x_wconf 87' lang='grc' dir='ltr'>ταῦτα</span> <span class='ocrx_word' id='word_1_603' title='bbox 2802 3869 2972 3924; x_wconf 86' lang='grc' dir='ltr'>ἐλθὼν</span> <span class='ocrx_word' id='word_1_604' title='bbox 3027 3873 3055 3924; x_wconf 90' lang='grc' dir='ltr'><strong>ὁ</strong></span> <span class='ocrx_word' id='word_1_605' title='bbox 3107 3872 3278 3940; x_wconf 83' lang='grc' dir='ltr'>Λόγος</span> <span class='ocrx_word' id='word_1_606' title='bbox 3331 3871 3491 3943; x_wconf 82' lang='grc' dir='ltr'>σῶμα</span> <span class='ocrx_word' id='word_1_607' title='bbox 3541 3877 3635 3926; x_wconf 75' lang='grc' dir='ltr'>καὶ</span> 
     </span>
    </p>
   </div>
   <div class='ocr_carea' id='block_1_82' title="bbox 2043 3962 3631 4036">
    <p class='ocr_par' dir='ltr' id='par_1_82' title="bbox 2043 3962 3631 4036">
     <span class='ocr_line' id='line_1_82' title="bbox 2043 3962 3631 4036; baseline -0.002 -18"><span class='ocrx_word' id='word_1_608' title='bbox 2043 3964 2220 4036; x_wconf 83' lang='grc' dir='ltr'>ψυχὴν</span> <span class='ocrx_word' id='word_1_609' title='bbox 2278 3965 2374 4018; x_wconf 78' lang='grc' dir='ltr'>καὶ</span> <span class='ocrx_word' id='word_1_610' title='bbox 2425 3963 2550 4017; x_wconf 91' lang='grc' dir='ltr'>νοῦν</span> <span class='ocrx_word' id='word_1_611' title='bbox 2605 3963 2702 4016; x_wconf 74' lang='grc' dir='ltr'>καὶ</span> <span class='ocrx_word' id='word_1_612' title='bbox 2745 3963 2923 4016; x_wconf 88' lang='grc' dir='ltr'>πάντα</span> <span class='ocrx_word' id='word_1_613' title='bbox 2953 3963 3008 4016; x_wconf 81' lang='grc' dir='ltr'><strong>εἴ</strong></span> <span class='ocrx_word' id='word_1_614' title='bbox 3047 3962 3100 4015; x_wconf 90' lang='grc' dir='ltr'><strong>τί</strong></span> <span class='ocrx_word' id='word_1_615' title='bbox 3132 3964 3280 4015; x_wconf 85' lang='grc' dir='ltr'>ἐστιν</span> <span class='ocrx_word' id='word_1_616' title='bbox 3311 3963 3631 4036; x_wconf 83' lang='grc' dir='ltr'>ἄνθρωπος,</span> 
     </span>
    </p>
   </div>
   <div class='ocr_carea' id='block_1_83' title="bbox 2043 4053 3632 4127">
    <p class='ocr_par' dir='ltr' id='par_1_83' title="bbox 2043 4053 3632 4127">
     <span class='ocr_line' id='line_1_83' title="bbox 2043 4053 3632 4127; baseline -0.001 -17"><span class='ocrx_word' id='word_1_617' title='bbox 2043 4059 2213 4127; x_wconf 77' lang='grc' dir='ltr'>χωρὶς</span> <span class='ocrx_word' id='word_1_618' title='bbox 2236 4055 2534 4127; x_wconf 79' lang='grc' dir='ltr'>ἁμαρτίας,</span> <span class='ocrx_word' id='word_1_619' title='bbox 2573 4056 2742 4126; x_wconf 74' lang='grc' dir='ltr'>χωρὶς</span> <span class='ocrx_word' id='word_1_620' title='bbox 2786 4053 3196 4124; x_wconf 69' lang='grc' dir='ltr'>ἐλαττώματος*</span> <span class='ocrx_word' id='word_1_621' title='bbox 3234 4056 3376 4108; x_wconf 78' lang='grc' dir='ltr'>κατὰ</span> <span class='ocrx_word' id='word_1_622' title='bbox 3399 4057 3459 4108; x_wconf 87' lang='grc' dir='ltr'>τὸ</span> <span class='ocrx_word' id='word_1_623' title='bbox 3485 4057 3632 4127; x_wconf 86' lang='grc' dir='ltr'>είρη-</span> 
     </span>
    </p>
   </div>
   <div class='ocr_carea' id='block_1_84' title="bbox 2047 4146 3629 4221">
    <p class='ocr_par' dir='ltr' id='par_1_84' title="bbox 2047 4146 3629 4221">
     <span class='ocr_line' id='line_1_84' title="bbox 2047 4146 3629 4221; baseline -0.002 -18"><span class='ocrx_word' id='word_1_624' title='bbox 2047 4150 2207 4221; x_wconf 84' lang='grc' dir='ltr'>μένον</span> <span class='ocrx_word' id='word_1_625' title='bbox 2225 4166 2238 4178; x_wconf 91' lang='grc'><strong>·</strong></span> <span class='ocrx_word' id='word_1_626' title='bbox 2305 4146 2746 4218; x_wconf 81' lang='grc' dir='ltr'>Πεπειραμένος</span> <span class='ocrx_word' id='word_1_627' title='bbox 2775 4147 2926 4200; x_wconf 84' lang='grc' dir='ltr'>κατὰ</span> <span class='ocrx_word' id='word_1_628' title='bbox 2957 4146 3156 4201; x_wconf 78' lang='grc' dir='ltr'>πάντα</span> <span class='ocrx_word' id='word_1_629' title='bbox 3193 4148 3272 4213; x_wconf 86' lang='grc' dir='ltr'><strong>ὡς</strong></span> <span class='ocrx_word' id='word_1_630' title='bbox 3296 4148 3629 4217; x_wconf 79' lang='grc' dir='ltr'>ἄνθρωπος,</span> 
     </span>
    </p>
   </div>
   <div class='ocr_carea' id='block_1_85' title="bbox 2043 4239 3631 4312">
    <p class='ocr_par' dir='ltr' id='par_1_85' title="bbox 2043 4239 3631 4312">
     <span class='ocr_line' id='line_1_85' title="bbox 2043 4239 3631 4312; baseline -0.001 -17"><span class='ocrx_word' id='word_1_631' title='bbox 2043 4241 2220 4312; x_wconf 77' lang='grc' dir='ltr'>χωρίς</span> <span class='ocrx_word' id='word_1_632' title='bbox 2235 4241 2545 4311; x_wconf 79' lang='grc' dir='ltr'>ἁμαρτίας.</span> <span class='ocrx_word' id='word_1_633' title='bbox 2565 4241 2626 4294; x_wconf 76' lang='lat' dir='ltr'><strong>Et</strong></span> <span class='ocrx_word' id='word_1_634' title='bbox 2641 4240 2698 4294; x_wconf 84' lang='grc' dir='ltr'>δὲ</span> <span class='ocrx_word' id='word_1_635' title='bbox 2715 4241 2782 4294; x_wconf 85' lang='grc' dir='ltr'><strong>τά</strong></span> <span class='ocrx_word' id='word_1_636' title='bbox 2800 4239 2976 4293; x_wconf 79' lang='grc' dir='ltr'>πάντα</span> <span class='ocrx_word' id='word_1_637' title='bbox 2995 4241 3348 4311; x_wconf 86' lang='grc' dir='ltr'>πεπείραται,</span> <span class='ocrx_word' id='word_1_638' title='bbox 3362 4239 3430 4293; x_wconf 84' lang='grc' dir='ltr'>τὰ</span> <span class='ocrx_word' id='word_1_639' title='bbox 3454 4241 3631 4294; x_wconf 83' lang='grc' dir='ltr'>πάντα</span> 
     </span>
    </p>
   </div>
   <div class='ocr_carea' id='block_1_86' title="bbox 2043 4332 3631 4405">
    <p class='ocr_par' dir='ltr' id='par_1_86' title="bbox 2043 4332 3631 4405">
     <span class='ocr_line' id='line_1_86' title="bbox 2043 4332 3631 4405; baseline 0 -18"><span class='ocrx_word' id='word_1_640' title='bbox 2043 4335 2200 4405; x_wconf 77' lang='grc' dir='ltr'>ἔσχεν</span> <span class='ocrx_word' id='word_1_641' title='bbox 2252 4333 2422 4388; x_wconf 87' lang='grc' dir='ltr'>ἐλθὼν</span> <span class='ocrx_word' id='word_1_642' title='bbox 2465 4336 2494 4387; x_wconf 93' lang='lat'><strong>6</strong></span> <span class='ocrx_word' id='word_1_643' title='bbox 2523 4333 2715 4401; x_wconf 86' lang='grc' dir='ltr'>Λόγος.</span> <span class='ocrx_word' id='word_1_644' title='bbox 2765 4333 2949 4387; x_wconf 75' lang='grc' dir='ltr'>Πάντα</span> <span class='ocrx_word' id='word_1_645' title='bbox 2980 4334 3038 4387; x_wconf 79' lang='grc' dir='ltr'>δὲ</span> <span class='ocrx_word' id='word_1_646' title='bbox 3096 4332 3257 4404; x_wconf 76' lang='grc' dir='ltr'>ἔχων,</span> <span class='ocrx_word' id='word_1_647' title='bbox 3295 4335 3540 4405; x_wconf 80' lang='grc' dir='ltr'>ἁήττητα</span> <span class='ocrx_word' id='word_1_648' title='bbox 3571 4334 3631 4388; x_wconf 80' lang='grc' dir='ltr'><strong>ἐν</strong></span> 
     </span>
    </p>
   </div>
   <div class='ocr_carea' id='block_1_87' title="bbox 2044 4423 3629 4498">
    <p class='ocr_par' dir='ltr' id='par_1_87' title="bbox 2044 4423 3629 4498">
     <span class='ocr_line' id='line_1_87' title="bbox 2044 4423 3629 4498; baseline -0.001 -18"><span class='ocrx_word' id='word_1_649' title='bbox 2044 4426 2194 4498; x_wconf 81' lang='grc' dir='ltr'>αὐτῷ</span> <span class='ocrx_word' id='word_1_650' title='bbox 2219 4423 2307 4498; x_wconf 79' lang='grc' dir='ltr'>ἦν,</span> <span class='ocrx_word' id='word_1_651' title='bbox 2347 4425 2590 4498; x_wconf 83' lang='grc' dir='ltr'>ἄχραντά</span> <span class='ocrx_word' id='word_1_652' title='bbox 2614 4441 2673 4477; x_wconf 91' lang='grc' dir='ltr'><strong>τε</strong></span> <span class='ocrx_word' id='word_1_653' title='bbox 2708 4425 3016 4496; x_wconf 75' lang='grc' dir='ltr'>διετήρησε,</span> <span class='ocrx_word' id='word_1_654' title='bbox 3042 4424 3243 4488; x_wconf 75' lang='grc' dir='ltr'>τέλειος</span> <span class='ocrx_word' id='word_1_655' title='bbox 3271 4423 3346 4477; x_wconf 81' lang='grc' dir='ltr'>ὢν</span> <span class='ocrx_word' id='word_1_656' title='bbox 3380 4424 3533 4489; x_wconf 82' lang='grc' dir='ltr'>Θεὸς,</span> <span class='ocrx_word' id='word_1_657' title='bbox 3564 4425 3629 4478; x_wconf 87' lang='grc' dir='ltr'><strong>ἐκ</strong></span> 
     </span>
    </p>
   </div>
   <div class='ocr_carea' id='block_1_88' title="bbox 2045 4515 3627 4588">
    <p class='ocr_par' dir='ltr' id='par_1_88' title="bbox 2045 4515 3627 4588">
     <span class='ocr_line' id='line_1_88' title="bbox 2045 4515 3627 4588; baseline -0.001 -17"><span class='ocrx_word' id='word_1_658' title='bbox 2045 4517 2244 4588; x_wconf 81' lang='grc' dir='ltr'>σαρκὸς</span> <span class='ocrx_word' id='word_1_659' title='bbox 2257 4535 2385 4588; x_wconf 87' lang='grc' dir='ltr'>γεγε</span> <span class='ocrx_word' id='word_1_660' title='bbox 2394 4535 2485 4587; x_wconf 85' lang='grc' dir='ltr'><strong>ννη</strong></span> <span class='ocrx_word' id='word_1_661' title='bbox 2495 4517 2676 4588; x_wconf 80' lang='grc' dir='ltr'>μένος,</span> <span class='ocrx_word' id='word_1_662' title='bbox 2697 4517 2791 4570; x_wconf 81' lang='grc' dir='ltr'><strong>καὶ</strong></span> <span class='ocrx_word' id='word_1_663' title='bbox 2806 4515 3026 4579; x_wconf 88' lang='grc' dir='ltr'>τελείως</span> <span class='ocrx_word' id='word_1_664' title='bbox 3039 4517 3105 4568; x_wconf 85' lang='grc' dir='ltr'>τὰ</span> <span class='ocrx_word' id='word_1_665' title='bbox 3120 4515 3298 4569; x_wconf 89' lang='grc' dir='ltr'>πάντα</span> <span class='ocrx_word' id='word_1_666' title='bbox 3311 4515 3627 4586; x_wconf 81' lang='grc' dir='ltr'>πληρώσας,</span> 
     </span>
    </p>
   </div>
   <div class='ocr_carea' id='block_1_89' title="bbox 357 4606 1944 4684">
    <p class='ocr_par' dir='ltr' id='par_1_89' title="bbox 357 4613 1936 4684">
     <span class='ocr_line' id='line_1_89' title="bbox 357 4613 1936 4684; baseline 0 -17"><span class='ocrx_word' id='word_1_667' title='bbox 357 4613 560 4675; x_wconf 91' lang='lat' dir='ltr'><strong>omnia,</strong></span> <span class='ocrx_word' id='word_1_668' title='bbox 592 4613 780 4667; x_wconf 89' lang='lat' dir='ltr'><strong>eadem</strong></span> <span class='ocrx_word' id='word_1_669' title='bbox 817 4626 998 4667; x_wconf 87' lang='lat' dir='ltr'><strong>tamen</strong></span> <span class='ocrx_word' id='word_1_670' title='bbox 1052 4613 1105 4667; x_wconf 90' lang='lat' dir='ltr'><strong>in</strong></span> <span class='ocrx_word' id='word_1_671' title='bbox 1145 4614 1264 4683; x_wconf 91' lang='lat' dir='ltr'><strong>ipso</strong></span> <span class='ocrx_word' id='word_1_672' title='bbox 1333 4615 1582 4684; x_wconf 88' lang='lat' dir='ltr'><strong>superari</strong></span> <span class='ocrx_word' id='word_1_673' title='bbox 1630 4627 1739 4667; x_wconf 91' lang='lat' dir='ltr'><strong>non</strong></span> <span class='ocrx_word' id='word_1_674' title='bbox 1783 4621 1936 4683; x_wconf 89' lang='lat' dir='ltr'><strong>pote-</strong></span> 
     </span>
    </p>
   </div>
   <div class='ocr_carea' id='block_1_90' title="bbox 2049 4606 3627 4684">
    <p class='ocr_par' dir='ltr' id='par_1_90' title="bbox 2049 4606 3627 4681">
     <span class='ocr_line' id='line_1_90' title="bbox 2049 4606 3627 4681; baseline -0.002 -18"><span class='ocrx_word' id='word_1_675' title='bbox 2049 4611 2120 4674; x_wconf 80' lang='grc' dir='ltr'><strong>ὡς</strong></span> <span class='ocrx_word' id='word_1_676' title='bbox 2183 4609 2477 4681; x_wconf 78' lang='grc' dir='ltr'>πληρωτὴς</span> <span class='ocrx_word' id='word_1_677' title='bbox 2509 4607 2585 4662; x_wconf 83' lang='grc' dir='ltr'>ὢν</span> <span class='ocrx_word' id='word_1_678' title='bbox 2619 4607 2743 4661; x_wconf 84' lang='grc' dir='ltr'>ὅλου</span> <span class='ocrx_word' id='word_1_679' title='bbox 2790 4606 2887 4660; x_wconf 89' lang='grc' dir='ltr'><strong>τοῦ</strong></span> <span class='ocrx_word' id='word_1_680' title='bbox 2931 4608 3180 4681; x_wconf 79' lang='grc' dir='ltr'>σκεύους,</span> <span class='ocrx_word' id='word_1_681' title='bbox 3235 4609 3309 4680; x_wconf 84' lang='grc' dir='ltr'>μὴ</span> <span class='ocrx_word' id='word_1_682' title='bbox 3351 4607 3627 4679; x_wconf 76' lang='grc' dir='ltr'>μερισθεὶ-</span> 
     </span>
    </p>
   </div>
   <div class='ocr_carea' id='block_1_91' title="bbox 358 4706 1936 4776">
    <p class='ocr_par' dir='ltr' id='par_1_91' title="bbox 358 4706 1936 4776">
     <span class='ocr_line' id='line_1_91' title="bbox 358 4706 1936 4776; baseline 0.001 -15"><span class='ocrx_word' id='word_1_683' title='bbox 358 4715 503 4772; x_wconf 85' lang='lat' dir='ltr'><strong>ranl,</strong></span> <span class='ocrx_word' id='word_1_684' title='bbox 533 4714 588 4761; x_wconf 86' lang='lat' dir='ltr'><strong>et</strong></span> <span class='ocrx_word' id='word_1_685' title='bbox 619 4708 738 4761; x_wconf 88' lang='lat' dir='ltr'><strong>sine</strong></span> <span class='ocrx_word' id='word_1_686' title='bbox 767 4707 875 4759; x_wconf 90' lang='lat' dir='ltr'><strong>ulla</strong></span> <span class='ocrx_word' id='word_1_687' title='bbox 907 4706 1026 4761; x_wconf 85' lang='lat' dir='ltr'><strong>labe</strong></span> <span class='ocrx_word' id='word_1_688' title='bbox 1055 4715 1269 4761; x_wconf 89' lang='lat' dir='ltr'><strong>servata</strong></span> <span class='ocrx_word' id='word_1_689' title='bbox 1313 4715 1460 4769; x_wconf 90' lang='lat' dir='ltr'><strong>sunt,</strong></span> <span class='ocrx_word' id='word_1_690' title='bbox 1495 4722 1619 4762; x_wconf 90' lang='lat' dir='ltr'><strong>cum</strong></span> <span class='ocrx_word' id='word_1_691' title='bbox 1651 4707 1936 4776; x_wconf 88' lang='lat' dir='ltr'><strong>perfectus</strong></span> 
     </span>
    </p>
   </div>
   <div class='ocr_carea' id='block_1_92' title="bbox 356 4797 1935 4868">
    <p class='ocr_par' dir='ltr' id='par_1_92' title="bbox 356 4797 1935 4868">
     <span class='ocr_line' id='line_1_92' title="bbox 356 4797 1935 4868; baseline -0.001 -14"><span class='ocrx_word' id='word_1_692' title='bbox 356 4807 504 4855; x_wconf 80' lang='lat' dir='ltr'><strong>esset</strong></span> <span class='ocrx_word' id='word_1_693' title='bbox 541 4797 680 4852; x_wconf 90' lang='lat' dir='ltr'><strong>Deus</strong></span> <span class='ocrx_word' id='word_1_694' title='bbox 709 4813 773 4850; x_wconf 83' lang='lat' dir='ltr'><strong>ex</strong></span> <span class='ocrx_word' id='word_1_695' title='bbox 815 4811 980 4852; x_wconf 90' lang='lat' dir='ltr'><strong>carne</strong></span> <span class='ocrx_word' id='word_1_696' title='bbox 1008 4799 1246 4868; x_wconf 81' lang='lat' dir='ltr'><strong>genitus,</strong></span> <span class='ocrx_word' id='word_1_697' title='bbox 1271 4799 1361 4867; x_wconf 91' lang='lat' dir='ltr'><strong>qui</strong></span> <span class='ocrx_word' id='word_1_698' title='bbox 1401 4799 1641 4868; x_wconf 74' lang='lat' dir='ltr'><strong>perfecte</strong></span> <span class='ocrx_word' id='word_1_699' title='bbox 1687 4799 1935 4868; x_wconf 85' lang='lat' dir='ltr'><strong>implevit</strong></span> 
     </span>
    </p>
   </div>
   <div class='ocr_carea' id='block_1_93' title="bbox 355 4887 1931 4960">
    <p class='ocr_par' dir='ltr' id='par_1_93' title="bbox 355 4887 1931 4960">
     <span class='ocr_line' id='line_1_93' title="bbox 355 4887 1931 4960; baseline 0 -16"><span class='ocrx_word' id='word_1_700' title='bbox 355 4891 563 4950; x_wconf 89' lang='lat' dir='ltr'><strong>omnia.</strong></span> <span class='ocrx_word' id='word_1_701' title='bbox 598 4890 805 4960; x_wconf 79' lang='lat'><strong>1021</strong></span> <span class='ocrx_word' id='word_1_702' title='bbox 842 4897 1099 4958; x_wconf 87' lang='lat' dir='ltr'><strong>tanquam</strong></span> <span class='ocrx_word' id='word_1_703' title='bbox 1141 4887 1364 4958; x_wconf 82' lang='lat' dir='ltr'><strong>perfecti</strong></span> <span class='ocrx_word' id='word_1_704' title='bbox 1408 4889 1556 4944; x_wconf 89' lang='lat' dir='ltr'><strong>vasis</strong></span> <span class='ocrx_word' id='word_1_705' title='bbox 1603 4889 1800 4943; x_wconf 82' lang='lat' dir='ltr'><strong>artifex</strong></span> <span class='ocrx_word' id='word_1_706' title='bbox 1837 4907 1849 4944; x_wconf 92' lang='lat'><strong>:</strong></span> <span class='ocrx_word' id='word_1_707' title='bbox 1879 4889 1931 4944; x_wconf 90' lang='lat' dir='ltr'><strong>in</strong></span> 
     </span>
    </p>
   </div>
   <div class='ocr_carea' id='block_1_94' title="bbox 355 4979 1936 5051">
    <p class='ocr_par' dir='ltr' id='par_1_94' title="bbox 355 4979 1936 5051">
     <span class='ocr_line' id='line_1_94' title="bbox 355 4979 1936 5051; baseline 0.001 -19"><span class='ocrx_word' id='word_1_708' title='bbox 355 4998 464 5051; x_wconf 81' lang='lat' dir='ltr'><strong>quo</strong></span> <span class='ocrx_word' id='word_1_709' title='bbox 505 4996 678 5051; x_wconf 86' lang='lat' dir='ltr'><strong>neque</strong></span> <span class='ocrx_word' id='word_1_710' title='bbox 725 4994 856 5032; x_wconf 87' lang='lat' dir='ltr'><strong>caro</strong></span> <span class='ocrx_word' id='word_1_711' title='bbox 906 4979 1088 5032; x_wconf 90' lang='lat' dir='ltr'><strong>minus</strong></span> <span class='ocrx_word' id='word_1_712' title='bbox 1133 4979 1480 5032; x_wconf 88' lang='lat' dir='ltr'><strong>convenienti</strong></span> <span class='ocrx_word' id='word_1_713' title='bbox 1530 4979 1715 5048; x_wconf 88' lang='lat' dir='ltr'><strong>aliquo</strong></span> <span class='ocrx_word' id='word_1_714' title='bbox 1753 4979 1936 5035; x_wconf 84' lang='lat' dir='ltr'><strong>studio</strong></span> 
     </span>
    </p>
   </div>
   <div class='ocr_carea' id='block_1_95' title="bbox 355 5071 1934 5141">
    <p class='ocr_par' dir='ltr' id='par_1_95' title="bbox 355 5071 1934 5141">
     <span class='ocr_line' id='line_1_95' title="bbox 355 5071 1934 5141; baseline -0.001 -14"><span class='ocrx_word' id='word_1_715' title='bbox 355 5075 528 5127; x_wconf 75' lang='lat' dir='ltr'><strong>divisa</strong></span> <span class='ocrx_word' id='word_1_716' title='bbox 569 5074 663 5137; x_wconf 91' lang='lat' dir='ltr'><strong>sit,</strong></span> <span class='ocrx_word' id='word_1_717' title='bbox 697 5089 795 5128; x_wconf 85' lang='lat' dir='ltr'><strong>nec</strong></span> <span class='ocrx_word' id='word_1_718' title='bbox 819 5073 934 5140; x_wconf 80' lang='lat' dir='ltr'><strong>ipse</strong></span> <span class='ocrx_word' id='word_1_719' title='bbox 972 5071 1148 5125; x_wconf 84' lang='lat' dir='ltr'><strong>alieno</strong></span> <span class='ocrx_word' id='word_1_720' title='bbox 1180 5071 1361 5141; x_wconf 90' lang='lat' dir='ltr'><strong>aliquo</strong></span> <span class='ocrx_word' id='word_1_721' title='bbox 1395 5071 1591 5125; x_wconf 85' lang='lat' dir='ltr'><strong>mentis</strong></span> <span class='ocrx_word' id='word_1_722' title='bbox 1616 5087 1800 5137; x_wconf 82' lang='lat' dir='ltr'><strong>sensu,</strong></span> <span class='ocrx_word' id='word_1_723' title='bbox 1834 5088 1934 5125; x_wconf 86' lang='lat' dir='ltr'><strong>ett-</strong></span> 
     </span>
    </p>
   </div>
   <div class='ocr_carea' id='block_1_96' title="bbox 351 5163 1933 5234">
    <p class='ocr_par' dir='ltr' id='par_1_96' title="bbox 351 5163 1933 5234">
     <span class='ocr_line' id='line_1_96' title="bbox 351 5163 1933 5234; baseline -0.001 -15"><span class='ocrx_word' id='word_1_724' title='bbox 351 5166 590 5234; x_wconf 84' lang='lat' dir='ltr'><strong>jusmodi</strong></span> <span class='ocrx_word' id='word_1_725' title='bbox 647 5165 702 5219; x_wconf 93' lang='lat' dir='ltr'><strong>in</strong></span> <span class='ocrx_word' id='word_1_726' title='bbox 747 5166 905 5220; x_wconf 86' lang='lat' dir='ltr'><strong>nobis</strong></span> <span class='ocrx_word' id='word_1_727' title='bbox 956 5164 1221 5225; x_wconf 86' lang='lat' dir='ltr'><strong>cernitur,</strong></span> <span class='ocrx_word' id='word_1_728' title='bbox 1273 5164 1346 5218; x_wconf 90' lang='lat' dir='ltr'><strong>sit</strong></span> <span class='ocrx_word' id='word_1_729' title='bbox 1400 5165 1733 5218; x_wconf 86' lang='lat' dir='ltr'><strong>abstractus.</strong></span> <span class='ocrx_word' id='word_1_730' title='bbox 1781 5163 1933 5218; x_wconf 80' lang='lat' dir='ltr'><strong>Mens</strong></span> 
     </span>
    </p>
   </div>
   <div class='ocr_carea' id='block_1_97' title="bbox 351 5255 1928 5326">
    <p class='ocr_par' dir='ltr' id='par_1_97' title="bbox 351 5255 1928 5326">
     <span class='ocr_line' id='line_1_97' title="bbox 351 5255 1928 5326; baseline -0.003 -15"><span class='ocrx_word' id='word_1_731' title='bbox 351 5261 495 5311; x_wconf 75' lang='lat' dir='ltr'><strong>enim</strong></span> <span class='ocrx_word' id='word_1_732' title='bbox 534 5267 717 5312; x_wconf 75' lang='lat' dir='ltr'><strong>nostra</strong></span> <span class='ocrx_word' id='word_1_733' title='bbox 742 5274 851 5312; x_wconf 91' lang='lat' dir='ltr'><strong>non</strong></span> <span class='ocrx_word' id='word_1_734' title='bbox 880 5257 945 5310; x_wconf 89' lang='lat' dir='ltr'><strong>ad</strong></span> <span class='ocrx_word' id='word_1_735' title='bbox 981 5262 1266 5326; x_wconf 85' lang='lat' dir='ltr'><strong>peccatum</strong></span> <span class='ocrx_word' id='word_1_736' title='bbox 1303 5255 1724 5325; x_wconf 87' lang='lat' dir='ltr'><strong>perpetrandum</strong></span> <span class='ocrx_word' id='word_1_737' title='bbox 1765 5257 1928 5310; x_wconf 91' lang='lat' dir='ltr'><strong>insita</strong></span> 
     </span>
    </p>
   </div>
   <div class='ocr_carea' id='block_1_98' title="bbox 352 5346 1931 5415">
    <p class='ocr_par' dir='ltr' id='par_1_98' title="bbox 352 5346 1931 5415">
     <span class='ocr_line' id='line_1_98' title="bbox 352 5346 1931 5415; baseline -0.001 -15"><span class='ocrx_word' id='word_1_738' title='bbox 352 5349 508 5403; x_wconf 81' lang='lat' dir='ltr'><strong>nobis</strong></span> <span class='ocrx_word' id='word_1_739' title='bbox 540 5358 642 5410; x_wconf 89' lang='lat' dir='ltr'><strong>est,</strong></span> <span class='ocrx_word' id='word_1_740' title='bbox 670 5347 764 5402; x_wconf 87' lang='lat' dir='ltr'><strong>sed</strong></span> <span class='ocrx_word' id='word_1_741' title='bbox 793 5347 858 5400; x_wconf 88' lang='lat' dir='ltr'><strong>ad</strong></span> <span class='ocrx_word' id='word_1_742' title='bbox 881 5362 1067 5400; x_wconf 88' lang='lat' dir='ltr'><strong>carum</strong></span> <span class='ocrx_word' id='word_1_743' title='bbox 1091 5362 1292 5409; x_wconf 89' lang='lat' dir='ltr'><strong>rerum,</strong></span> <span class='ocrx_word' id='word_1_744' title='bbox 1313 5361 1433 5415; x_wconf 66' lang='lat' dir='ltr'><strong>quae</strong></span> <span class='ocrx_word' id='word_1_745' title='bbox 1464 5346 1516 5398; x_wconf 91' lang='lat' dir='ltr'><strong>in</strong></span> <span class='ocrx_word' id='word_1_746' title='bbox 1550 5347 1706 5401; x_wconf 87' lang='lat' dir='ltr'><strong>nobis</strong></span> <span class='ocrx_word' id='word_1_747' title='bbox 1729 5355 1931 5399; x_wconf 88' lang='lat' dir='ltr'><strong>utram-</strong></span> 
     </span>
    </p>
   </div>
   <div class='ocr_carea' id='block_1_99' title="bbox 350 5439 1930 5509">
    <p class='ocr_par' dir='ltr' id='par_1_99' title="bbox 350 5439 1930 5509">
     <span class='ocr_line' id='line_1_99' title="bbox 350 5439 1930 5509; baseline 0.001 -17"><span class='ocrx_word' id='word_1_748' title='bbox 350 5456 454 5508; x_wconf 87' lang='lat' dir='ltr'><strong>que</strong></span> <span class='ocrx_word' id='word_1_749' title='bbox 484 5441 536 5493; x_wconf 90' lang='lat' dir='ltr'><strong>in</strong></span> <span class='ocrx_word' id='word_1_750' title='bbox 576 5449 782 5509; x_wconf 88' lang='lat' dir='ltr'><strong>partem</strong></span> <span class='ocrx_word' id='word_1_751' title='bbox 824 5440 1261 5503; x_wconf 87' lang='lat' dir='ltr'><strong>considerantur,</strong></span> <span class='ocrx_word' id='word_1_752' title='bbox 1296 5439 1770 5508; x_wconf 87' lang='lat' dir='ltr'><strong>contemplandam</strong></span> <span class='ocrx_word' id='word_1_753' title='bbox 1805 5455 1930 5508; x_wconf 86' lang='lat' dir='ltr'><strong>per-</strong></span> 
     </span>
    </p>
   </div>
   <div class='ocr_carea' id='block_1_100' title="bbox 355 5532 1925 5601">
    <p class='ocr_par' dir='ltr' id='par_1_100' title="bbox 355 5532 1925 5601">
     <span class='ocr_line' id='line_1_100' title="bbox 355 5532 1925 5601; baseline 0.001 -19"><span class='ocrx_word' id='word_1_754' title='bbox 355 5533 660 5596; x_wconf 70' lang='lat' dir='ltr'><strong>fectionem,</strong></span> <span class='ocrx_word' id='word_1_755' title='bbox 711 5549 922 5586; x_wconf 87' lang='lat' dir='ltr'><strong>necnon</strong></span> <span class='ocrx_word' id='word_1_756' title='bbox 966 5542 1020 5587; x_wconf 87' lang='lat' dir='ltr'><strong>et</strong></span> <span class='ocrx_word' id='word_1_757' title='bbox 1073 5532 1248 5586; x_wconf 82' lang='lat' dir='ltr'><strong>oliicia</strong></span> <span class='ocrx_word' id='word_1_758' title='bbox 1305 5532 1552 5601; x_wconf 82' lang='lat' dir='ltr'><strong>justitiae,</strong></span> <span class='ocrx_word' id='word_1_759' title='bbox 1586 5532 1672 5586; x_wconf 90' lang='lat' dir='ltr'><strong>vel</strong></span> <span class='ocrx_word' id='word_1_760' title='bbox 1718 5532 1766 5586; x_wconf 92' lang='lat' dir='ltr'><strong>ei</strong></span> <span class='ocrx_word' id='word_1_761' title='bbox 1800 5547 1925 5585; x_wconf 93' lang='lat' dir='ltr'><strong>con-</strong></span> 
     </span>
    </p>
   </div>
   <div class='ocr_carea' id='block_1_101' title="bbox 351 5623 1927 5696">
    <p class='ocr_par' dir='ltr' id='par_1_101' title="bbox 351 5623 1927 5696">
     <span class='ocr_line' id='line_1_101' title="bbox 351 5623 1927 5696; baseline 0.002 -20"><span class='ocrx_word' id='word_1_762' title='bbox 351 5626 517 5678; x_wconf 84' lang='lat' dir='ltr'><strong>traria</strong></span> <span class='ocrx_word' id='word_1_763' title='bbox 549 5623 943 5693; x_wconf 78' lang='lat' dir='ltr'><strong>dignoscenda.</strong></span> <span class='ocrx_word' id='word_1_764' title='bbox 995 5625 1206 5696; x_wconf 84' lang='lat' dir='ltr'><strong>Quippe</strong></span> <span class='ocrx_word' id='word_1_765' title='bbox 1251 5626 1450 5683; x_wconf 89' lang='lat' dir='ltr'><strong>mentis</strong></span> <span class='ocrx_word' id='word_1_766' title='bbox 1499 5632 1583 5681; x_wconf 90' lang='lat' dir='ltr'><strong>est</strong></span> <span class='ocrx_word' id='word_1_767' title='bbox 1627 5626 1796 5682; x_wconf 84' lang='lat' dir='ltr'><strong>verba</strong></span> <span class='ocrx_word' id='word_1_768' title='bbox 1841 5625 1927 5680; x_wconf 90' lang='lat' dir='ltr'><strong>di-</strong></span> 
     </span>
    </p>
   </div>
   <div class='ocr_carea' id='block_1_102' title="bbox 421 5776 1432 5840">
    <p class='ocr_par' dir='ltr' id='par_1_102' title="bbox 421 5776 1432 5840">
     <span class='ocr_line' id='line_1_102' title="bbox 421 5776 1432 5840; baseline 0.003 -9"><span class='ocrx_word' id='word_1_769' title='bbox 421 5778 440 5810; x_wconf 76' lang='grc' dir='ltr'>ι</span> <span class='ocrx_word' id='word_1_770' title='bbox 470 5776 652 5831; x_wconf 86' lang='lat' dir='ltr'><strong>Eccle.</strong></span> <span class='ocrx_word' id='word_1_771' title='bbox 677 5778 884 5839; x_wconf 80' lang='lat' dir='ltr'><strong>vu,’50.</strong></span> <span class='ocrx_word' id='word_1_772' title='bbox 960 5779 980 5808; x_wconf 83' lang='grc'><strong><em>²</em></strong></span> <span class='ocrx_word' id='word_1_773' title='bbox 1017 5777 1146 5833; x_wconf 82' lang='lat' dir='ltr'><strong>Luc.</strong></span> <span class='ocrx_word' id='word_1_774' title='bbox 1181 5795 1313 5840; x_wconf 74' lang='lat' dir='ltr'><strong>xxii.</strong></span> <span class='ocrx_word' id='word_1_775' title='bbox 1353 5781 1432 5835; x_wconf 76' lang='grc' dir='ltr'>ιδ.</span> 
     </span>
    </p>
   </div>
   <div class='ocr_carea' id='block_1_103' title="bbox 2045 4696 3632 4774">
    <p class='ocr_par' dir='ltr' id='par_1_103' title="bbox 2045 4696 3632 4774">
     <span class='ocr_line' id='line_1_103' title="bbox 2045 4696 3632 4774; baseline -0.002 -20"><span class='ocrx_word' id='word_1_776' title='bbox 2045 4719 2144 4774; x_wconf 90' lang='grc' dir='ltr'><strong>σης</strong></span> <span class='ocrx_word' id='word_1_777' title='bbox 2171 4703 2270 4772; x_wconf 83' lang='grc' dir='ltr'>τῆς</span> <span class='ocrx_word' id='word_1_778' title='bbox 2291 4701 2493 4772; x_wconf 79' lang='grc' dir='ltr'>σαρκὸς</span> <span class='ocrx_word' id='word_1_779' title='bbox 2518 4699 2875 4770; x_wconf 84' lang='grc' dir='ltr'>ἀναρμόστως</span> <span class='ocrx_word' id='word_1_780' title='bbox 2898 4699 2920 4730; x_wconf 76' lang='grc'><strong>’⁵</strong></span> <span class='ocrx_word' id='word_1_781' title='bbox 2938 4696 3303 4770; x_wconf 88' lang='grc' dir='ltr'>ἐπιτηδεύσει,</span> <span class='ocrx_word' id='word_1_782' title='bbox 3333 4698 3408 4769; x_wconf 82' lang='grc' dir='ltr'>μὴ</span> <span class='ocrx_word' id='word_1_783' title='bbox 3429 4699 3632 4770; x_wconf 88' lang='grc' dir='ltr'>παρελ-</span> 
     </span>
    </p>
   </div>
   <div class='ocr_carea' id='block_1_104' title="bbox 2044 4789 3627 4861">
    <p class='ocr_par' dir='ltr' id='par_1_104' title="bbox 2044 4789 3627 4861">
     <span class='ocr_line' id='line_1_104' title="bbox 2044 4789 3627 4861; baseline -0.001 -16"><span class='ocrx_word' id='word_1_784' title='bbox 2044 4791 2266 4854; x_wconf 78' lang='grc' dir='ltr'>κυσθεὶς</span> <span class='ocrx_word' id='word_1_785' title='bbox 2300 4791 2380 4861; x_wconf 84' lang='grc' dir='ltr'>τῷ</span> <span class='ocrx_word' id='word_1_786' title='bbox 2432 4789 2525 4843; x_wconf 90' lang='grc' dir='ltr'><strong>τοῦ</strong></span> <span class='ocrx_word' id='word_1_787' title='bbox 2574 4790 2665 4844; x_wconf 88' lang='grc' dir='ltr'><strong>νοῦ</strong></span> <span class='ocrx_word' id='word_1_788' title='bbox 2697 4789 2895 4860; x_wconf 84' lang='grc' dir='ltr'>ἀλλοίῳ</span> <span class='ocrx_word' id='word_1_789' title='bbox 2923 4791 2981 4842; x_wconf 92' lang='grc' dir='ltr'><strong>ἐν</strong></span> <span class='ocrx_word' id='word_1_790' title='bbox 3009 4791 3140 4860; x_wconf 83' lang='grc' dir='ltr'>ἡμῖν</span> <span class='ocrx_word' id='word_1_791' title='bbox 3169 4791 3499 4861; x_wconf 79' lang='grc' dir='ltr'>φρονήματι.</span> <span class='ocrx_word' id='word_1_792' title='bbox 3553 4792 3627 4844; x_wconf 85' lang='grc' dir='ltr'><strong>Οὐ</strong></span> 
     </span>
    </p>
   </div>
   <div class='ocr_carea' id='block_1_105' title="bbox 2042 4882 3624 4957">
    <p class='ocr_par' dir='ltr' id='par_1_105' title="bbox 2042 4882 3624 4957">
     <span class='ocr_line' id='line_1_105' title="bbox 2042 4882 3624 4957; baseline -0.002 -18"><span class='ocrx_word' id='word_1_793' title='bbox 2042 4886 2151 4957; x_wconf 84' lang='grc' dir='ltr'>γὰρ</span> <span class='ocrx_word' id='word_1_794' title='bbox 2185 4889 2213 4939; x_wconf 91' lang='lat'><strong>6</strong></span> <span class='ocrx_word' id='word_1_795' title='bbox 2239 4885 2361 4947; x_wconf 85' lang='grc' dir='ltr'>νοῦς</span> <span class='ocrx_word' id='word_1_796' title='bbox 2391 4883 2548 4956; x_wconf 77' lang='grc' dir='ltr'>ἡμῶν</span> <span class='ocrx_word' id='word_1_797' title='bbox 2581 4885 2662 4948; x_wconf 89' lang='grc' dir='ltr'><strong>εἰς</strong></span> <span class='ocrx_word' id='word_1_798' title='bbox 2696 4883 2758 4937; x_wconf 75' lang='grc' dir='ltr'>τὸ</span> <span class='ocrx_word' id='word_1_799' title='bbox 2785 4883 3120 4954; x_wconf 83' lang='grc' dir='ltr'>ἁμαρτάνειν</span> <span class='ocrx_word' id='word_1_800' title='bbox 3147 4885 3281 4954; x_wconf 80' lang='grc' dir='ltr'>ἡμῖν</span> <span class='ocrx_word' id='word_1_801' title='bbox 3314 4882 3624 4954; x_wconf 83' lang='grc' dir='ltr'>γεγένηται,</span> 
     </span>
    </p>
   </div>
   <div class='ocr_carea' id='block_1_106' title="bbox 2042 4975 3626 5047">
    <p class='ocr_par' dir='ltr' id='par_1_106' title="bbox 2042 4975 3626 5047">
     <span class='ocr_line' id='line_1_106' title="bbox 2042 4975 3626 5047; baseline -0.002 -16"><span class='ocrx_word' id='word_1_802' title='bbox 2042 4978 2180 5031; x_wconf 85' lang='grc' dir='ltr'><strong>ἀλλά</strong></span> <span class='ocrx_word' id='word_1_803' title='bbox 2211 4977 2298 5031; x_wconf 86' lang='grc' dir='ltr'><strong>διὰ</strong></span> <span class='ocrx_word' id='word_1_804' title='bbox 2338 4978 2400 5030; x_wconf 84' lang='grc' dir='ltr'>τὸ</span> <span class='ocrx_word' id='word_1_805' title='bbox 2449 4979 2670 5031; x_wconf 82' lang='grc' dir='ltr'>σκοπεῖν</span> <span class='ocrx_word' id='word_1_806' title='bbox 2711 4976 2820 5030; x_wconf 85' lang='grc' dir='ltr'><strong>τῶν</strong></span> <span class='ocrx_word' id='word_1_807' title='bbox 2865 4978 2924 5030; x_wconf 93' lang='grc' dir='ltr'><strong>ἐν</strong></span> <span class='ocrx_word' id='word_1_808' title='bbox 2961 4978 3092 5047; x_wconf 77' lang='grc' dir='ltr'>ἡμῖν</span> <span class='ocrx_word' id='word_1_809' title='bbox 3130 4975 3626 5046; x_wconf 83' lang='grc' dir='ltr'>ἀναθεωρουμένων</span> 
     </span>
    </p>
   </div>
   <div class='ocr_carea' id='block_1_107' title="bbox 2043 5067 3623 5142">
    <p class='ocr_par' dir='ltr' id='par_1_107' title="bbox 2043 5067 3623 5142">
     <span class='ocr_line' id='line_1_107' title="bbox 2043 5067 3623 5142; baseline -0.002 -19"><span class='ocrx_word' id='word_1_810' title='bbox 2043 5072 2164 5124; x_wconf 81' lang='grc' dir='ltr'>κατ’</span> <span class='ocrx_word' id='word_1_811' title='bbox 2210 5072 2414 5140; x_wconf 81' lang='grc' dir='ltr'>ἀμφοῖν</span> <span class='ocrx_word' id='word_1_812' title='bbox 2461 5070 2802 5142; x_wconf 84' lang='grc' dir='ltr'>πραγμάτων</span> <span class='ocrx_word' id='word_1_813' title='bbox 2849 5067 2918 5122; x_wconf 81' lang='grc' dir='ltr'><strong>τὰ</strong></span> <span class='ocrx_word' id='word_1_814' title='bbox 2951 5068 3151 5133; x_wconf 85' lang='grc' dir='ltr'>τέλεια,</span> <span class='ocrx_word' id='word_1_815' title='bbox 3187 5070 3282 5121; x_wconf 79' lang='grc' dir='ltr'>καὶ</span> <span class='ocrx_word' id='word_1_816' title='bbox 3320 5069 3420 5139; x_wconf 84' lang='grc' dir='ltr'>τὴν</span> <span class='ocrx_word' id='word_1_817' title='bbox 3454 5069 3623 5138; x_wconf 87' lang='grc' dir='ltr'>ἐργα-</span> 
     </span>
    </p>
   </div>
   <div class='ocr_carea' id='block_1_108' title="bbox 2041 5139 3676 5231">
    <p class='ocr_par' dir='ltr' id='par_1_108' title="bbox 2041 5139 3676 5231">
     <span class='ocr_line' id='line_1_108' title="bbox 2041 5139 3676 5231; baseline -0.002 -16"><span class='ocrx_word' id='word_1_818' title='bbox 2041 5161 2163 5215; x_wconf 83' lang='grc' dir='ltr'>σίαν</span> <span class='ocrx_word' id='word_1_819' title='bbox 2191 5163 2290 5231; x_wconf 78' lang='grc' dir='ltr'>τῆς</span> <span class='ocrx_word' id='word_1_820' title='bbox 2322 5161 2688 5231; x_wconf 87' lang='grc' dir='ltr'>δικαιοσύνης,</span> <span class='ocrx_word' id='word_1_821' title='bbox 2723 5161 3116 5231; x_wconf 82' lang='grc' dir='ltr'>ἐναντιότητος.</span> <span class='ocrx_word' id='word_1_822' title='bbox 3151 5159 3295 5223; x_wconf 87' lang='grc' dir='ltr'>Νοῦς</span> <span class='ocrx_word' id='word_1_823' title='bbox 3326 5160 3348 5191; x_wconf 85' lang='grc'><strong><em>⁵</em></strong></span> <span class='ocrx_word' id='word_1_824' title='bbox 3384 5159 3482 5230; x_wconf 86' lang='grc' dir='ltr'><strong>μέν</strong></span> <span class='ocrx_word' id='word_1_825' title='bbox 3515 5159 3623 5230; x_wconf 84' lang='grc' dir='ltr'>γὰρ</span> <span class='ocrx_word' id='word_1_826' title='bbox 3659 5139 3676 5154; x_wconf 25' lang='grc' dir='ltr'><strong><em>κ</em></strong></span> 
     </span>
    </p>
   </div>
   <div class='ocr_carea' id='block_1_109' title="bbox 2042 5235 3624 5327">
    <p class='ocr_par' dir='ltr' id='par_1_109' title="bbox 2042 5235 3624 5327">
     <span class='ocr_line' id='line_1_109' title="bbox 2042 5235 3624 5327; baseline -0.003 -19"><span class='ocrx_word' id='word_1_827' title='bbox 2042 5257 2260 5327; x_wconf 77' lang='grc' dir='ltr'>ῥήματα</span> <span class='ocrx_word' id='word_1_828' title='bbox 2310 5235 2611 5326; x_wconf 85' lang='grc' dir='ltr'>διακρίνει,</span> <span class='ocrx_word' id='word_1_829' title='bbox 2664 5254 2872 5325; x_wconf 80' lang='grc' dir='ltr'>λάρυγξ</span> <span class='ocrx_word' id='word_1_830' title='bbox 2921 5255 2978 5308; x_wconf 88' lang='grc' dir='ltr'><strong>δέ</strong></span> <span class='ocrx_word' id='word_1_831' title='bbox 3034 5257 3155 5306; x_wconf 89' lang='grc' dir='ltr'>σῖτα</span> <span class='ocrx_word' id='word_1_832' title='bbox 3213 5253 3470 5322; x_wconf 89' lang='grc' dir='ltr'>γεύεται·</span> <span class='ocrx_word' id='word_1_833' title='bbox 3527 5253 3624 5305; x_wconf 72' lang='grc' dir='ltr'>καὶ</span> 
     </span>
    </p>
   </div>
   <div class='ocr_carea' id='block_1_110' title="bbox 2037 5345 3623 5418">
    <p class='ocr_par' dir='ltr' id='par_1_110' title="bbox 2037 5345 3623 5418">
     <span class='ocr_line' id='line_1_110' title="bbox 2037 5345 3623 5418; baseline -0.001 -19"><span class='ocrx_word' id='word_1_834' title='bbox 2037 5345 2312 5417; x_wconf 73' lang='grc' dir='ltr'>ὀφθαλμὸς</span> <span class='ocrx_word' id='word_1_835' title='bbox 2362 5349 2634 5410; x_wconf 80' lang='grc' dir='ltr'>κατανοεῖ,</span> <span class='ocrx_word' id='word_1_836' title='bbox 2683 5347 2778 5401; x_wconf 80' lang='grc' dir='ltr'>καὶ</span> <span class='ocrx_word' id='word_1_837' title='bbox 2819 5345 2944 5409; x_wconf 91' lang='grc' dir='ltr'>νοῦς</span> <span class='ocrx_word' id='word_1_838' title='bbox 2991 5347 3111 5418; x_wconf 84' lang='grc' dir='ltr'>ὁρᾷ.</span> <span class='ocrx_word' id='word_1_839' title='bbox 3153 5345 3383 5416; x_wconf 88' lang='grc' dir='ltr'>Ὅρασις</span> <span class='ocrx_word' id='word_1_840' title='bbox 3442 5345 3623 5398; x_wconf 89' lang='grc' dir='ltr'>τοίνυν</span> 
     </span>
    </p>
   </div>
   <div class='ocr_carea' id='block_1_111' title="bbox 2037 5437 3602 5509">
    <p class='ocr_par' dir='ltr' id='par_1_111' title="bbox 2037 5437 3602 5509">
     <span class='ocr_line' id='line_1_111' title="bbox 2037 5437 3602 5509; baseline -0.001 -17"><span class='ocrx_word' id='word_1_841' title='bbox 2037 5439 2132 5492; x_wconf 74' lang='grc' dir='ltr'>καὶ</span> <span class='ocrx_word' id='word_1_842' title='bbox 2165 5439 2350 5506; x_wconf 84' lang='grc' dir='ltr'>γεῦσις</span> <span class='ocrx_word' id='word_1_843' title='bbox 2384 5439 2476 5492; x_wconf 76' lang='grc' dir='ltr'><strong>καὶ</strong></span> <span class='ocrx_word' id='word_1_844' title='bbox 2509 5438 2778 5508; x_wconf 83' lang='grc' dir='ltr'>διάκρισις</span> <span class='ocrx_word' id='word_1_845' title='bbox 2819 5440 2848 5492; x_wconf 93' lang='lat'><strong>6</strong></span> <span class='ocrx_word' id='word_1_846' title='bbox 2907 5437 3032 5502; x_wconf 88' lang='grc' dir='ltr'>νοῦς</span> <span class='ocrx_word' id='word_1_847' title='bbox 3091 5440 3149 5492; x_wconf 86' lang='grc' dir='ltr'><strong>ἐν</strong></span> <span class='ocrx_word' id='word_1_848' title='bbox 3191 5439 3323 5509; x_wconf 86' lang='grc' dir='ltr'>ἡμῖν</span> <span class='ocrx_word' id='word_1_849' title='bbox 3365 5438 3602 5508; x_wconf 82' lang='grc' dir='ltr'>ὑπάρχει</span> 
     </span>
    </p>
   </div>
   <div class='ocr_carea' id='block_1_112' title="bbox 2031 5529 3621 5602">
    <p class='ocr_par' dir='ltr' id='par_1_112' title="bbox 2031 5529 3621 5602">
     <span class='ocr_line' id='line_1_112' title="bbox 2031 5529 3621 5602; baseline 0.001 -19"><span class='ocrx_word' id='word_1_850' title='bbox 2031 5532 2096 5583; x_wconf 85' lang='grc' dir='ltr'><strong>ἐκ</strong></span> <span class='ocrx_word' id='word_1_851' title='bbox 2138 5530 2272 5583; x_wconf 84' lang='grc' dir='ltr'>Θεοῦ</span> <span class='ocrx_word' id='word_1_852' title='bbox 2305 5533 2437 5602; x_wconf 85' lang='grc' dir='ltr'>ἡμῖν</span> <span class='ocrx_word' id='word_1_853' title='bbox 2472 5531 2888 5602; x_wconf 83' lang='grc' dir='ltr'>κεχαρισμένος.</span> <span class='ocrx_word' id='word_1_854' title='bbox 2925 5530 3094 5584; x_wconf 77' lang='grc' dir='ltr'>Οὔπω</span> <span class='ocrx_word' id='word_1_855' title='bbox 3137 5531 3195 5585; x_wconf 81' lang='grc' dir='ltr'>δὲ</span> <span class='ocrx_word' id='word_1_856' title='bbox 3229 5529 3621 5599; x_wconf 83' lang='grc' dir='ltr'>συγκαταθετι-</span> 
     </span>
    </p>
   </div>
   <div class='ocr_carea' id='block_1_113' title="bbox 2030 5622 3616 5700">
    <p class='ocr_par' dir='ltr' id='par_1_113' title="bbox 2030 5622 3616 5700">
     <span class='ocr_line' id='line_1_113' title="bbox 2030 5622 3616 5700; baseline -0.001 -22"><span class='ocrx_word' id='word_1_857' title='bbox 2030 5625 2125 5689; x_wconf 79' lang='grc' dir='ltr'>κὸς</span> <span class='ocrx_word' id='word_1_858' title='bbox 2161 5624 2270 5678; x_wconf 87' lang='grc' dir='ltr'><strong>τῶν</strong></span> <span class='ocrx_word' id='word_1_859' title='bbox 2317 5625 2405 5678; x_wconf 76' lang='grc' dir='ltr'>ἀεὶ</span> <span class='ocrx_word' id='word_1_860' title='bbox 2451 5624 2773 5696; x_wconf 79' lang='grc' dir='ltr'>γινομένων,</span> <span class='ocrx_word' id='word_1_861' title='bbox 2818 5624 2916 5679; x_wconf 83' lang='grc' dir='ltr'><strong>ἐὰν</strong></span> <span class='ocrx_word' id='word_1_862' title='bbox 2962 5624 3038 5697; x_wconf 86' lang='grc' dir='ltr'>μὴ</span> <span class='ocrx_word' id='word_1_863' title='bbox 3074 5623 3209 5698; x_wconf 75' lang='grc' dir='ltr'>θέλῃ</span> <span class='ocrx_word' id='word_1_864' title='bbox 3249 5625 3278 5677; x_wconf 91' lang='grc' dir='ltr'><strong>ὁ</strong></span> <span class='ocrx_word' id='word_1_865' title='bbox 3309 5622 3616 5700; x_wconf 64' lang='grc' dir='ltr'>ἄνθρωπος,</span> 
     </span>
    </p>
   </div>
   <div class='ocr_carea' id='block_1_114' title="bbox 1511 5777 2977 5854">
    <p class='ocr_par' dir='ltr' id='par_1_114' title="bbox 1511 5777 2977 5854">
     <span class='ocr_line' id='line_1_114' title="bbox 1511 5777 2977 5854; baseline 0.004 -21"><span class='ocrx_word' id='word_1_866' title='bbox 1511 5779 1530 5813; x_wconf 83' lang='grc'><strong><em>⁸</em></strong></span> <span class='ocrx_word' id='word_1_867' title='bbox 1561 5778 1724 5836; x_wconf 82' lang='lat' dir='ltr'><strong>llcbr.</strong></span> <span class='ocrx_word' id='word_1_868' title='bbox 1759 5797 1833 5847; x_wconf 85' lang='lat' dir='ltr'><strong>tv,</strong></span> <span class='ocrx_word' id='word_1_869' title='bbox 1861 5780 1946 5836; x_wconf 81' lang='lat' dir='ltr'><strong>i5.</strong></span> <span class='ocrx_word' id='word_1_870' title='bbox 2023 5781 2044 5812; x_wconf 73' lang='grc'><strong><em>⁵</em></strong></span> <span class='ocrx_word' id='word_1_871' title='bbox 2074 5777 2132 5836; x_wconf 83' lang='lat' dir='ltr'><strong>F.</strong></span> <span class='ocrx_word' id='word_1_872' title='bbox 2161 5780 2508 5852; x_wconf 74' lang='grc' dir='ltr'>ἀναρμόστῳ.</span> <span class='ocrx_word' id='word_1_873' title='bbox 2584 5780 2606 5814; x_wconf 89' lang='grc'><strong><em>⁸</em></strong></span> <span class='ocrx_word' id='word_1_874' title='bbox 2640 5781 2813 5854; x_wconf 70' lang='lat' dir='ltr'><strong>Vulgo</strong></span> <span class='ocrx_word' id='word_1_875' title='bbox 2843 5777 2977 5854; x_wconf 70' lang='grc' dir='ltr'>οὗς.,</span> 
     </span>
    </p>
   </div>
  </div>
