  <div class='ocr_page' id='page_1' title='image "/cluster/home/n/w/nwhite01/storage/ocr_20150623/42/mdp.39015052824052/370.png"; bbox 0 0 3994 6224; ppageno 0'>
   <div class='ocr_carea' id='block_1_1' title="bbox 242 346 343 403">
    <p class='ocr_par' dir='ltr' id='par_1_1' title="bbox 242 346 343 403">
     <span class='ocr_line' id='line_1_1' title="bbox 242 346 343 403; baseline -0.02 0"><span class='ocrx_word' id='word_1_1' title='bbox 242 346 343 403; x_wconf 71' lang='lat'><strong>68!</strong></span> 
     </span>
    </p>
   </div>
   <div class='ocr_carea' id='block_1_2' title="bbox 880 326 1837 395">
    <p class='ocr_par' dir='ltr' id='par_1_2' title="bbox 880 333 1837 395">
     <span class='ocr_line' id='line_1_2' title="bbox 880 333 1837 395; baseline -0.006 0"><span class='ocrx_word' id='word_1_2' title='bbox 880 336 1247 395; x_wconf 73' lang='lat' dir='ltr'><strong>ADVERSUS</strong></span> <span class='ocrx_word' id='word_1_3' title='bbox 1286 333 1632 393; x_wconf 65' lang='lat' dir='ltr'><strong>HIERESES</strong></span> <span class='ocrx_word' id='word_1_4' title='bbox 1667 334 1797 391; x_wconf 84' lang='lat' dir='ltr'><strong>LIB.</strong></span> <span class='ocrx_word' id='word_1_5' title='bbox 1832 334 1837 389; x_wconf 84' lang='grc'><strong>1</strong></span> 
     </span>
    </p>
   </div>
   <div class='ocr_carea' id='block_1_3' title="bbox 1940 326 2885 395">
    <p class='ocr_par' dir='ltr' id='par_1_3' title="bbox 1959 326 2885 392">
     <span class='ocr_line' id='line_1_3' title="bbox 1959 326 2885 392; baseline -0.002 -2"><span class='ocrx_word' id='word_1_6' title='bbox 1959 335 2119 392; x_wconf 82' lang='grc' dir='ltr'><strong>ΤΟΜ.</strong></span> <span class='ocrx_word' id='word_1_7' title='bbox 2154 326 2592 391; x_wconf 58' lang='grc' dir='ltr'><strong>ΙΙ.-ξΙΙᾹΞΙὶΕ8.</strong></span> <span class='ocrx_word' id='word_1_8' title='bbox 2630 334 2885 389; x_wconf 74' lang='lat' dir='ltr'><strong>LXXVII.</strong></span> 
     </span>
    </p>
   </div>
   <div class='ocr_carea' id='block_1_4' title="bbox 3378 338 3484 396">
    <p class='ocr_par' dir='ltr' id='par_1_4' title="bbox 3378 338 3484 396">
     <span class='ocr_line' id='line_1_4' title="bbox 3378 338 3484 396; baseline 0.038 -4"><span class='ocrx_word' id='word_1_9' title='bbox 3378 338 3484 396; x_wconf 74' lang='grc'><strong>682</strong></span> 
     </span>
    </p>
   </div>
   <div class='ocr_carea' id='block_1_5' title="bbox 254 452 1837 533">
    <p class='ocr_par' dir='ltr' id='par_1_5' title="bbox 254 456 1818 533">
     <span class='ocr_line' id='line_1_5' title="bbox 254 456 1818 533; baseline -0.005 -15"><span class='ocrx_word' id='word_1_10' title='bbox 254 464 317 519; x_wconf 79' lang='lat' dir='ltr'><strong>&#39;II</strong></span> <span class='ocrx_word' id='word_1_11' title='bbox 345 462 403 516; x_wconf 79' lang='grc' dir='ltr'><strong>δὲ</strong></span> <span class='ocrx_word' id='word_1_12' title='bbox 439 460 575 533; x_wconf 79' lang='grc' dir='ltr'>σὰρξ</span> <span class='ocrx_word' id='word_1_13' title='bbox 607 459 693 515; x_wconf 76' lang='grc' dir='ltr'><strong>ἀεὶ</strong></span> <span class='ocrx_word' id='word_1_14' title='bbox 733 460 791 514; x_wconf 77' lang='grc' dir='ltr'>ἐν</span> <span class='ocrx_word' id='word_1_15' title='bbox 837 461 985 531; x_wconf 82' lang='grc' dir='ltr'>πάσῃ</span> <span class='ocrx_word' id='word_1_16' title='bbox 1030 460 1217 530; x_wconf 81' lang='grc' dir='ltr'><strong>Γραφῇ</strong></span> <span class='ocrx_word' id='word_1_17' title='bbox 1264 457 1699 529; x_wconf 78' lang='grc' dir='ltr'><strong>ἀποκηρύττεται</strong></span> <span class='ocrx_word' id='word_1_18' title='bbox 1730 456 1818 511; x_wconf 88' lang='grc' dir='ltr'>διὰ</span> 
     </span>
    </p>
   </div>
   <div class='ocr_carea' id='block_1_6' title="bbox 1940 452 3487 533">
    <p class='ocr_par' dir='ltr' id='par_1_6' title="bbox 1940 452 3487 531">
     <span class='ocr_line' id='line_1_6' title="bbox 1940 452 3487 531; baseline -0.001 -20"><span class='ocrx_word' id='word_1_19' title='bbox 1940 472 2198 523; x_wconf 65' lang='lat' dir='ltr'><strong>scex-nere,</strong></span> <span class='ocrx_word' id='word_1_20' title='bbox 2231 457 2310 511; x_wconf 99' lang='lat' dir='ltr'><strong>uti</strong></span> <span class='ocrx_word' id='word_1_21' title='bbox 2334 455 2573 510; x_wconf 80' lang='lat' dir='ltr'><strong>faucium</strong></span> <span class='ocrx_word' id='word_1_22' title='bbox 2598 454 2887 531; x_wconf 75' lang='lat' dir='ltr'><strong>degustare</strong></span> <span class='ocrx_word' id='word_1_23' title='bbox 2908 452 3097 508; x_wconf 66' lang='lat' dir='ltr'><strong>cibos”</strong></span> <span class='ocrx_word' id='word_1_24' title='bbox 3121 473 3134 508; x_wconf 91' lang='lat'><strong>:</strong></span> <span class='ocrx_word' id='word_1_25' title='bbox 3161 453 3242 510; x_wconf 91' lang='lat' dir='ltr'><strong>sic</strong></span> <span class='ocrx_word' id='word_1_26' title='bbox 3269 464 3323 511; x_wconf 89' lang='lat' dir='ltr'><strong>et</strong></span> <span class='ocrx_word' id='word_1_27' title='bbox 3352 471 3487 510; x_wconf 79' lang='lat' dir='ltr'><strong>ecu-</strong></span> 
     </span>
    </p>
   </div>
   <div class='ocr_carea' id='block_1_7' title="bbox 238 549 1819 626">
    <p class='ocr_par' dir='ltr' id='par_1_7' title="bbox 238 549 1819 626">
     <span class='ocr_line' id='line_1_7' title="bbox 238 549 1819 626; baseline -0.004 -18"><span class='ocrx_word' id='word_1_28' title='bbox 238 555 340 626; x_wconf 82' lang='grc' dir='ltr'><strong>τὴν</strong></span> <span class='ocrx_word' id='word_1_29' title='bbox 387 557 444 607; x_wconf 82' lang='grc' dir='ltr'>ὲν</span> <span class='ocrx_word' id='word_1_30' title='bbox 491 556 626 624; x_wconf 79' lang='grc' dir='ltr'>αὐτῇ</span> <span class='ocrx_word' id='word_1_31' title='bbox 679 553 972 623; x_wconf 80' lang='grc' dir='ltr'><strong>γινομένην</strong></span> <span class='ocrx_word' id='word_1_32' title='bbox 1022 550 1336 621; x_wconf 78' lang='grc' dir='ltr'>ἐπιθυμίαν.</span> <span class='ocrx_word' id='word_1_33' title='bbox 1388 551 1463 603; x_wconf 85' lang='grc' dir='ltr'><strong>Οὐ</strong></span> <span class='ocrx_word' id='word_1_34' title='bbox 1506 550 1719 613; x_wconf 77' lang='grc' dir='ltr'>πάντως</span> <span class='ocrx_word' id='word_1_35' title='bbox 1762 549 1819 601; x_wconf 77' lang='grc' dir='ltr'><strong>δὲ</strong></span> 
     </span>
    </p>
   </div>
   <div class='ocr_carea' id='block_1_8' title="bbox 240 638 1820 716">
    <p class='ocr_par' dir='ltr' id='par_1_8' title="bbox 240 638 1820 716">
     <span class='ocr_line' id='line_1_8' title="bbox 240 638 1820 716; baseline -0.004 -19"><span class='ocrx_word' id='word_1_36' title='bbox 240 645 415 716; x_wconf 73' lang='grc' dir='ltr'>αὐτὴν</span> <span class='ocrx_word' id='word_1_37' title='bbox 456 644 557 715; x_wconf 82' lang='grc' dir='ltr'>τὴν</span> <span class='ocrx_word' id='word_1_38' title='bbox 604 644 782 713; x_wconf 82' lang='grc' dir='ltr'>σάρκα</span> <span class='ocrx_word' id='word_1_39' title='bbox 825 640 1213 712; x_wconf 77' lang='grc' dir='ltr'><strong>ἀποκηρύττει,</strong></span> <span class='ocrx_word' id='word_1_40' title='bbox 1265 639 1400 693; x_wconf 85' lang='grc' dir='ltr'><strong>ἀλλά</strong></span> <span class='ocrx_word' id='word_1_41' title='bbox 1431 640 1500 694; x_wconf 78' lang='grc' dir='ltr'>τὰ</span> <span class='ocrx_word' id='word_1_42' title='bbox 1550 638 1608 703; x_wconf 77' lang='grc' dir='ltr'><strong>ἐξ</strong></span> <span class='ocrx_word' id='word_1_43' title='bbox 1652 638 1820 708; x_wconf 82' lang='grc' dir='ltr'>αὐτῆς</span> 
     </span>
    </p>
   </div>
   <div class='ocr_carea' id='block_1_9' title="bbox 241 727 1819 804">
    <p class='ocr_par' dir='ltr' id='par_1_9' title="bbox 241 727 1819 804">
     <span class='ocr_line' id='line_1_9' title="bbox 241 727 1819 804; baseline -0.005 -17"><span class='ocrx_word' id='word_1_44' title='bbox 241 734 507 804; x_wconf 77' lang='grc' dir='ltr'>γινόμενα</span> <span class='ocrx_word' id='word_1_45' title='bbox 538 732 883 803; x_wconf 82' lang='grc' dir='ltr'>ἀπεκήρυξεν</span> <span class='ocrx_word' id='word_1_46' title='bbox 912 733 940 782; x_wconf 87' lang='grc' dir='ltr'>ὁ</span> <span class='ocrx_word' id='word_1_47' title='bbox 961 729 1137 796; x_wconf 82' lang='grc' dir='ltr'>λόγος,</span> <span class='ocrx_word' id='word_1_48' title='bbox 1157 729 1231 792; x_wconf 83' lang='grc' dir='ltr'>ὡς</span> <span class='ocrx_word' id='word_1_49' title='bbox 1262 728 1363 797; x_wconf 75' lang='grc' dir='ltr'><strong>ἔφη</strong></span> <span class='ocrx_word' id='word_1_50' title='bbox 1399 729 1427 780; x_wconf 81' lang='grc' dir='ltr'>ὁ</span> <span class='ocrx_word' id='word_1_51' title='bbox 1471 727 1785 788; x_wconf 83' lang='grc' dir='ltr'>Ἀπόστολος</span> <span class='ocrx_word' id='word_1_52' title='bbox 1804 742 1819 756; x_wconf 82' lang='lat'><strong><em>°</em></strong></span> 
     </span>
    </p>
   </div>
   <div class='ocr_carea' id='block_1_10' title="bbox 246 807 1822 894">
    <p class='ocr_par' dir='ltr' id='par_1_10' title="bbox 246 807 1822 894">
     <span class='ocr_line' id='line_1_10' title="bbox 246 807 1822 894; baseline -0.006 -15"><span class='ocrx_word' id='word_1_53' title='bbox 246 823 395 879; x_wconf 79' lang='grc' dir='ltr'><strong>οἴδα</strong></span> <span class='ocrx_word' id='word_1_54' title='bbox 432 827 561 894; x_wconf 73' lang='grc' dir='ltr'>γὰρ,</span> <span class='ocrx_word' id='word_1_55' title='bbox 592 824 681 877; x_wconf 79' lang='grc' dir='ltr'>ὅτι</span> <span class='ocrx_word' id='word_1_56' title='bbox 708 807 818 877; x_wconf 67' lang='grc' dir='ltr'>οὔκ</span> <span class='ocrx_word' id='word_1_57' title='bbox 854 821 1006 875; x_wconf 71' lang='grc' dir='ltr'>οἰκεῖ</span> <span class='ocrx_word' id='word_1_58' title='bbox 1030 822 1099 873; x_wconf 83' lang='grc' dir='ltr'>ὲν</span> <span class='ocrx_word' id='word_1_59' title='bbox 1131 820 1282 889; x_wconf 79' lang='grc' dir='ltr'>ἐμοὶ,</span> <span class='ocrx_word' id='word_1_60' title='bbox 1308 818 1619 873; x_wconf 80' lang='grc' dir='ltr'><em>τουτέστιν</em></span> <span class='ocrx_word' id='word_1_61' title='bbox 1648 819 1717 870; x_wconf 80' lang='grc' dir='ltr'>ἐν</span> <span class='ocrx_word' id='word_1_62' title='bbox 1747 815 1822 884; x_wconf 76' lang='grc' dir='ltr'>τῇ</span> 
     </span>
    </p>
   </div>
   <div class='ocr_carea' id='block_1_11' title="bbox 241 908 1822 985">
    <p class='ocr_par' dir='ltr' id='par_1_11' title="bbox 241 908 1822 985">
     <span class='ocr_line' id='line_1_11' title="bbox 241 908 1822 985; baseline -0.007 -15"><span class='ocrx_word' id='word_1_63' title='bbox 241 916 430 985; x_wconf 83' lang='grc' dir='ltr'>σαρκί</span> <span class='ocrx_word' id='word_1_64' title='bbox 466 933 607 984; x_wconf 81' lang='grc' dir='ltr'>μου,</span> <span class='ocrx_word' id='word_1_65' title='bbox 642 914 883 984; x_wconf 67' lang='grc' dir='ltr'>ἀγαθὸν,</span> <span class='ocrx_word' id='word_1_66' title='bbox 912 910 1002 965; x_wconf 82' lang='grc' dir='ltr'><strong>διὰ</strong></span> <span class='ocrx_word' id='word_1_67' title='bbox 1034 910 1101 964; x_wconf 81' lang='grc' dir='ltr'>τὰ</span> <span class='ocrx_word' id='word_1_68' title='bbox 1134 914 1199 964; x_wconf 85' lang='grc' dir='ltr'><strong>ὲκ</strong></span> <span class='ocrx_word' id='word_1_69' title='bbox 1224 911 1323 979; x_wconf 84' lang='grc' dir='ltr'><strong>τῆς</strong></span> <span class='ocrx_word' id='word_1_70' title='bbox 1357 910 1555 982; x_wconf 86' lang='grc' dir='ltr'>σαρκὸς</span> <span class='ocrx_word' id='word_1_71' title='bbox 1596 908 1822 977; x_wconf 76' lang='grc' dir='ltr'>ἐπιφυό-</span> 
     </span>
    </p>
   </div>
   <div class='ocr_carea' id='block_1_12' title="bbox 244 997 1823 1081">
    <p class='ocr_par' dir='ltr' id='par_1_12' title="bbox 244 997 1823 1081">
     <span class='ocr_line' id='line_1_12' title="bbox 244 997 1823 1081; baseline -0.009 -17"><span class='ocrx_word' id='word_1_72' title='bbox 244 1027 410 1081; x_wconf 84' lang='grc' dir='ltr'>μενα.</span> <span class='ocrx_word' id='word_1_73' title='bbox 451 1009 569 1063; x_wconf 84' lang='grc' dir='ltr'>Ἵνα</span> <span class='ocrx_word' id='word_1_74' title='bbox 596 1006 652 1059; x_wconf 86' lang='grc' dir='ltr'><strong>δὲ</strong></span> <span class='ocrx_word' id='word_1_75' title='bbox 681 1003 1088 1076; x_wconf 82' lang='grc' dir='ltr'>ἀποκρούσηται</span> <span class='ocrx_word' id='word_1_76' title='bbox 1126 1001 1232 1054; x_wconf 82' lang='grc' dir='ltr'>τῶν</span> <span class='ocrx_word' id='word_1_77' title='bbox 1276 1000 1539 1071; x_wconf 80' lang='grc' dir='ltr'><strong>αἱρέσεων</strong></span> <span class='ocrx_word' id='word_1_78' title='bbox 1577 997 1674 1069; x_wconf 81' lang='grc' dir='ltr'><strong>τὴν</strong></span> <span class='ocrx_word' id='word_1_79' title='bbox 1705 997 1823 1051; x_wconf 84' lang='grc' dir='ltr'>διά-</span> 
     </span>
    </p>
   </div>
   <div class='ocr_carea' id='block_1_13' title="bbox 244 1087 1823 1170">
    <p class='ocr_par' dir='ltr' id='par_1_13' title="bbox 244 1087 1823 1170">
     <span class='ocr_line' id='line_1_13' title="bbox 244 1087 1823 1170; baseline -0.008 -16"><span class='ocrx_word' id='word_1_80' title='bbox 244 1118 416 1163; x_wconf 87' lang='grc' dir='ltr'>νοιαν,</span> <span class='ocrx_word' id='word_1_81' title='bbox 461 1099 534 1170; x_wconf 81' lang='grc' dir='ltr'>μή</span> <span class='ocrx_word' id='word_1_82' title='bbox 576 1114 693 1161; x_wconf 87' lang='grc' dir='ltr'><strong>πως</strong></span> <span class='ocrx_word' id='word_1_83' title='bbox 739 1095 999 1165; x_wconf 87' lang='grc' dir='ltr'>νομίσωσι</span> <span class='ocrx_word' id='word_1_84' title='bbox 1047 1092 1145 1162; x_wconf 79' lang='grc' dir='ltr'><strong>τὴν</strong></span> <span class='ocrx_word' id='word_1_85' title='bbox 1196 1091 1372 1162; x_wconf 83' lang='grc' dir='ltr'>σάρκα</span> <span class='ocrx_word' id='word_1_86' title='bbox 1417 1089 1527 1144; x_wconf 84' lang='grc' dir='ltr'><strong>ἀπὸ</strong></span> <span class='ocrx_word' id='word_1_87' title='bbox 1560 1090 1668 1159; x_wconf 55' lang='grc' dir='ltr'><strong>⁴τῆς</strong></span> <span class='ocrx_word' id='word_1_88' title='bbox 1717 1087 1823 1142; x_wconf 79' lang='grc' dir='ltr'><strong>τῶν</strong></span> 
     </span>
    </p>
   </div>
   <div class='ocr_carea' id='block_1_14' title="bbox 245 1180 1821 1260">
    <p class='ocr_par' dir='ltr' id='par_1_14' title="bbox 245 1180 1821 1260">
     <span class='ocr_line' id='line_1_14' title="bbox 245 1180 1821 1260; baseline -0.008 -16"><span class='ocrx_word' id='word_1_89' title='bbox 245 1191 461 1260; x_wconf 82' lang='grc' dir='ltr'><strong>νεκρῶν</strong></span> <span class='ocrx_word' id='word_1_90' title='bbox 513 1187 861 1249; x_wconf 80' lang='grc' dir='ltr'><strong>ἀναστάσεως</strong></span> <span class='ocrx_word' id='word_1_91' title='bbox 924 1185 1296 1257; x_wconf 85' lang='grc' dir='ltr'>ἀπηλπίσοαι,</span> <span class='ocrx_word' id='word_1_92' title='bbox 1354 1184 1538 1251; x_wconf 82' lang='grc' dir='ltr'>λέγει·</span> <span class='ocrx_word' id='word_1_93' title='bbox 1610 1181 1711 1234; x_wconf 84' lang='grc' dir='ltr'><strong>Δεῖ</strong></span> <span class='ocrx_word' id='word_1_94' title='bbox 1756 1180 1821 1233; x_wconf 84' lang='grc' dir='ltr'>τὸ</span> 
     </span>
    </p>
   </div>
   <div class='ocr_carea' id='block_1_15' title="bbox 246 1268 1824 1349">
    <p class='ocr_par' dir='ltr' id='par_1_15' title="bbox 246 1268 1824 1349">
     <span class='ocr_line' id='line_1_15' title="bbox 246 1268 1824 1349; baseline -0.008 -15"><span class='ocrx_word' id='word_1_95' title='bbox 246 1278 514 1349; x_wconf 66' lang='grc' dir='ltr'>φθαρτὸν</span> <span class='ocrx_word' id='word_1_96' title='bbox 567 1277 742 1330; x_wconf 83' lang='grc' dir='ltr'>τοῦτο</span> <span class='ocrx_word' id='word_1_97' title='bbox 795 1275 1165 1330; x_wconf 80' lang='grc' dir='ltr'><strong>ἐνδύσασθαι</strong></span> <span class='ocrx_word' id='word_1_98' title='bbox 1210 1273 1582 1342; x_wconf 62' lang='grc' dir='ltr'>ἀφθαρσίαν,</span> <span class='ocrx_word' id='word_1_99' title='bbox 1622 1270 1722 1323; x_wconf 73' lang='grc' dir='ltr'>καὶ</span> <span class='ocrx_word' id='word_1_100' title='bbox 1757 1268 1824 1321; x_wconf 89' lang='grc' dir='ltr'>τὸ</span> 
     </span>
    </p>
   </div>
   <div class='ocr_carea' id='block_1_16' title="bbox 247 1358 1825 1440">
    <p class='ocr_par' dir='ltr' id='par_1_16' title="bbox 247 1358 1825 1440">
     <span class='ocr_line' id='line_1_16' title="bbox 247 1358 1825 1440; baseline -0.008 -14"><span class='ocrx_word' id='word_1_101' title='bbox 247 1371 477 1440; x_wconf 78' lang='grc' dir='ltr'>θνητὸν</span> <span class='ocrx_word' id='word_1_102' title='bbox 529 1367 706 1421; x_wconf 83' lang='grc' dir='ltr'>τοῦτο</span> <span class='ocrx_word' id='word_1_103' title='bbox 764 1366 1135 1420; x_wconf 81' lang='grc' dir='ltr'><strong>ἐνδύσασθαι</strong></span> <span class='ocrx_word' id='word_1_104' title='bbox 1183 1364 1555 1419; x_wconf 72' lang='grc' dir='ltr'>ἀθανασίαν-ο</span> <span class='ocrx_word' id='word_1_105' title='bbox 1610 1362 1698 1415; x_wconf 84' lang='grc' dir='ltr'>ἵνα</span> <span class='ocrx_word' id='word_1_106' title='bbox 1751 1358 1825 1430; x_wconf 77' lang='grc' dir='ltr'>μὴ</span> 
     </span>
    </p>
   </div>
   <div class='ocr_carea' id='block_1_17' title="bbox 250 1453 1826 1535">
    <p class='ocr_par' dir='ltr' id='par_1_17' title="bbox 250 1453 1826 1535">
     <span class='ocr_line' id='line_1_17' title="bbox 250 1453 1826 1535; baseline -0.008 -18"><span class='ocrx_word' id='word_1_107' title='bbox 250 1461 645 1535; x_wconf 78' lang='grc' dir='ltr'>παρεκϐάλλων</span> <span class='ocrx_word' id='word_1_108' title='bbox 684 1459 753 1513; x_wconf 83' lang='grc' dir='ltr'><strong>τά</strong></span> <span class='ocrx_word' id='word_1_109' title='bbox 783 1459 921 1531; x_wconf 75' lang='grc' dir='ltr'>ἔργα</span> <span class='ocrx_word' id='word_1_110' title='bbox 963 1458 1063 1527; x_wconf 82' lang='grc' dir='ltr'>τῆς</span> <span class='ocrx_word' id='word_1_111' title='bbox 1097 1457 1316 1529; x_wconf 82' lang='grc' dir='ltr'>σαρκὸς,</span> <span class='ocrx_word' id='word_1_112' title='bbox 1347 1456 1383 1510; x_wconf 79' lang='grc' dir='ltr'><strong>ἃ.</strong></span> <span class='ocrx_word' id='word_1_113' title='bbox 1417 1456 1594 1526; x_wconf 89' lang='grc' dir='ltr'>σάρκα</span> <span class='ocrx_word' id='word_1_114' title='bbox 1639 1453 1826 1507; x_wconf 77' lang='grc' dir='ltr'>εἴωθεν</span> 
     </span>
    </p>
   </div>
   <div class='ocr_carea' id='block_1_18' title="bbox 247 1545 1827 1625">
    <p class='ocr_par' dir='ltr' id='par_1_18' title="bbox 247 1545 1827 1625">
     <span class='ocr_line' id='line_1_18' title="bbox 247 1545 1827 1625; baseline -0.007 -17"><span class='ocrx_word' id='word_1_115' title='bbox 247 1557 284 1625; x_wconf 81' lang='grc' dir='ltr'><strong>ἡ</strong></span> <span class='ocrx_word' id='word_1_116' title='bbox 318 1553 509 1624; x_wconf 72' lang='grc' dir='ltr'>Γραφὴ</span> <span class='ocrx_word' id='word_1_117' title='bbox 547 1551 751 1615; x_wconf 85' lang='grc' dir='ltr'><strong>καλεῖν,</strong></span> <span class='ocrx_word' id='word_1_118' title='bbox 788 1550 1068 1621; x_wconf 76' lang='grc' dir='ltr'>νομισθείη</span> <span class='ocrx_word' id='word_1_119' title='bbox 1100 1548 1197 1621; x_wconf 80' lang='grc' dir='ltr'>τὴν</span> <span class='ocrx_word' id='word_1_120' title='bbox 1228 1548 1416 1601; x_wconf 77' lang='grc' dir='ltr'>ἐλπίδα</span> <span class='ocrx_word' id='word_1_121' title='bbox 1444 1547 1544 1616; x_wconf 81' lang='grc' dir='ltr'>τῆς</span> <span class='ocrx_word' id='word_1_122' title='bbox 1591 1545 1827 1600; x_wconf 85' lang='grc' dir='ltr'>ἀναστά-</span> 
     </span>
    </p>
   </div>
   <div class='ocr_carea' id='block_1_19' title="bbox 254 1637 1827 1715">
    <p class='ocr_par' dir='ltr' id='par_1_19' title="bbox 254 1637 1827 1715">
     <span class='ocr_line' id='line_1_19' title="bbox 254 1637 1827 1715; baseline -0.006 -17"><span class='ocrx_word' id='word_1_123' title='bbox 254 1663 392 1708; x_wconf 89' lang='grc' dir='ltr'>σεως</span> <span class='ocrx_word' id='word_1_124' title='bbox 421 1645 521 1714; x_wconf 85' lang='grc' dir='ltr'>τῆς</span> <span class='ocrx_word' id='word_1_125' title='bbox 557 1642 760 1715; x_wconf 78' lang='grc' dir='ltr'>σαρκὸς</span> <span class='ocrx_word' id='word_1_126' title='bbox 798 1641 1213 1713; x_wconf 69' lang='grc' dir='ltr'>παρεκϐάλλειν.</span> <span class='ocrx_word' id='word_1_127' title='bbox 1254 1640 1334 1692; x_wconf 88' lang='grc' dir='ltr'><strong>Τά</strong></span> <span class='ocrx_word' id='word_1_128' title='bbox 1367 1638 1474 1710; x_wconf 82' lang='grc' dir='ltr'>γὰρ</span> <span class='ocrx_word' id='word_1_129' title='bbox 1507 1637 1642 1709; x_wconf 71' lang='grc' dir='ltr'>ἔργα</span> <span class='ocrx_word' id='word_1_130' title='bbox 1672 1637 1739 1690; x_wconf 79' lang='grc' dir='ltr'><strong>τὰ</strong></span> <span class='ocrx_word' id='word_1_131' title='bbox 1770 1637 1827 1688; x_wconf 82' lang='grc' dir='ltr'><strong>ὲν</strong></span> 
     </span>
    </p>
   </div>
   <div class='ocr_carea' id='block_1_20' title="bbox 249 1728 1828 1805">
    <p class='ocr_par' dir='ltr' id='par_1_20' title="bbox 249 1728 1828 1805">
     <span class='ocr_line' id='line_1_20' title="bbox 249 1728 1828 1805; baseline -0.004 -18"><span class='ocrx_word' id='word_1_132' title='bbox 249 1736 389 1805; x_wconf 77' lang='grc' dir='ltr'>αὐτῇ</span> <span class='ocrx_word' id='word_1_133' title='bbox 441 1734 701 1804; x_wconf 88' lang='grc' dir='ltr'>γινόμενα</span> <span class='ocrx_word' id='word_1_134' title='bbox 747 1733 925 1802; x_wconf 78' lang='grc' dir='ltr'>φαῦλα</span> <span class='ocrx_word' id='word_1_135' title='bbox 954 1732 1139 1802; x_wconf 82' lang='grc' dir='ltr'>σαφῶς</span> <span class='ocrx_word' id='word_1_136' title='bbox 1173 1730 1536 1801; x_wconf 80' lang='grc' dir='ltr'>ἀπεκήρυξεν,</span> <span class='ocrx_word' id='word_1_137' title='bbox 1567 1728 1734 1799; x_wconf 72' lang='grc' dir='ltr'>αὐτὴν</span> <span class='ocrx_word' id='word_1_138' title='bbox 1770 1728 1828 1781; x_wconf 84' lang='grc' dir='ltr'><strong>δὲ</strong></span> 
     </span>
    </p>
   </div>
   <div class='ocr_carea' id='block_1_21' title="bbox 1922 547 3487 612">
    <p class='ocr_par' dir='ltr' id='par_1_21' title="bbox 1922 547 3487 612">
     <span class='ocr_line' id='line_1_21' title="bbox 1922 547 3487 612; baseline 0.001 -11"><span class='ocrx_word' id='word_1_139' title='bbox 1922 549 2008 602; x_wconf 89' lang='lat' dir='ltr'><strong>lus</strong></span> <span class='ocrx_word' id='word_1_140' title='bbox 2042 548 2375 611; x_wconf 88' lang='lat' dir='ltr'><strong>considerat,</strong></span> <span class='ocrx_word' id='word_1_141' title='bbox 2415 554 2470 602; x_wconf 92' lang='lat' dir='ltr'><strong>et</strong></span> <span class='ocrx_word' id='word_1_142' title='bbox 2508 560 2662 602; x_wconf 88' lang='lat' dir='ltr'><strong>mens</strong></span> <span class='ocrx_word' id='word_1_143' title='bbox 2702 548 2967 600; x_wconf 75' lang='lat' dir='ltr'><strong>intuetur.</strong></span> <span class='ocrx_word' id='word_1_144' title='bbox 3016 547 3284 612; x_wconf 80' lang='lat' dir='ltr'><strong>Quocirca</strong></span> <span class='ocrx_word' id='word_1_145' title='bbox 3330 563 3487 603; x_wconf 82' lang='lat' dir='ltr'><strong>meus</strong></span> 
     </span>
    </p>
   </div>
   <div class='ocr_carea' id='block_1_22' title="bbox 1924 637 3484 710">
    <p class='ocr_par' dir='ltr' id='par_1_22' title="bbox 1924 637 3484 710">
     <span class='ocr_line' id='line_1_22' title="bbox 1924 637 3484 710; baseline 0.001 -18"><span class='ocrx_word' id='word_1_146' title='bbox 1924 640 2035 701; x_wconf 91' lang='lat' dir='ltr'><strong>illa,</strong></span> <span class='ocrx_word' id='word_1_147' title='bbox 2080 655 2201 710; x_wconf 77' lang='lat' dir='ltr'><strong>quae</strong></span> <span class='ocrx_word' id='word_1_148' title='bbox 2231 639 2285 693; x_wconf 90' lang='lat' dir='ltr'><strong>in</strong></span> <span class='ocrx_word' id='word_1_149' title='bbox 2315 639 2475 693; x_wconf 88' lang='lat' dir='ltr'><strong>nobis</strong></span> <span class='ocrx_word' id='word_1_150' title='bbox 2520 637 2723 693; x_wconf 89' lang='lat' dir='ltr'><strong>residet</strong></span> <span class='ocrx_word' id='word_1_151' title='bbox 2778 646 2833 693; x_wconf 87' lang='lat' dir='ltr'><strong>et</strong></span> <span class='ocrx_word' id='word_1_152' title='bbox 2864 652 2892 690; x_wconf 91' lang='lat' dir='ltr'><strong>a</strong></span> <span class='ocrx_word' id='word_1_153' title='bbox 2940 637 3046 693; x_wconf 89' lang='lat' dir='ltr'><strong>Deo</strong></span> <span class='ocrx_word' id='word_1_154' title='bbox 3084 653 3345 693; x_wconf 88' lang='lat' dir='ltr'><strong>concessa</strong></span> <span class='ocrx_word' id='word_1_155' title='bbox 3376 647 3484 703; x_wconf 88' lang='lat' dir='ltr'><strong>est,</strong></span> 
     </span>
    </p>
   </div>
   <div class='ocr_carea' id='block_1_23' title="bbox 1924 729 3484 799">
    <p class='ocr_par' dir='ltr' id='par_1_23' title="bbox 1924 729 3484 799">
     <span class='ocr_line' id='line_1_23' title="bbox 1924 729 3484 799; baseline 0 -15"><span class='ocrx_word' id='word_1_156' title='bbox 1924 730 2074 784; x_wconf 86' lang='lat' dir='ltr'><strong>visus</strong></span> <span class='ocrx_word' id='word_1_157' title='bbox 2104 738 2186 784; x_wconf 89' lang='lat' dir='ltr'><strong>est</strong></span> <span class='ocrx_word' id='word_1_158' title='bbox 2211 729 2457 799; x_wconf 87' lang='lat' dir='ltr'><strong>quidam,</strong></span> <span class='ocrx_word' id='word_1_159' title='bbox 2503 741 2558 783; x_wconf 82' lang='lat' dir='ltr'><strong>et</strong></span> <span class='ocrx_word' id='word_1_160' title='bbox 2585 736 2799 799; x_wconf 79' lang='lat' dir='ltr'><strong>gustus,</strong></span> <span class='ocrx_word' id='word_1_161' title='bbox 2846 745 2910 782; x_wconf 86' lang='lat' dir='ltr'><strong>ac</strong></span> <span class='ocrx_word' id='word_1_162' title='bbox 2941 729 3281 785; x_wconf 88' lang='lat' dir='ltr'><strong>discernendi</strong></span> <span class='ocrx_word' id='word_1_163' title='bbox 3314 732 3484 787; x_wconf 79' lang='lat' dir='ltr'><strong>facul—</strong></span> 
     </span>
    </p>
   </div>
   <div class='ocr_carea' id='block_1_24' title="bbox 1923 820 3486 890">
    <p class='ocr_par' dir='ltr' id='par_1_24' title="bbox 1923 820 3486 890">
     <span class='ocr_line' id='line_1_24' title="bbox 1923 820 3486 890; baseline 0.003 -17"><span class='ocrx_word' id='word_1_164' title='bbox 1923 828 2026 875; x_wconf 92' lang='lat' dir='ltr'><strong>tas.</strong></span> <span class='ocrx_word' id='word_1_165' title='bbox 2072 820 2259 890; x_wconf 88' lang='lat' dir='ltr'><strong>Neque</strong></span> <span class='ocrx_word' id='word_1_166' title='bbox 2288 837 2416 876; x_wconf 91' lang='lat' dir='ltr'><strong>vero</strong></span> <span class='ocrx_word' id='word_1_167' title='bbox 2453 821 2518 875; x_wconf 89' lang='lat' dir='ltr'><strong>iis</strong></span> <span class='ocrx_word' id='word_1_168' title='bbox 2547 836 2669 889; x_wconf 64' lang='lat' dir='ltr'><strong>quae</strong></span> <span class='ocrx_word' id='word_1_169' title='bbox 2710 821 3000 875; x_wconf 86' lang='lat' dir='ltr'><strong>identidem</strong></span> <span class='ocrx_word' id='word_1_170' title='bbox 3056 823 3210 886; x_wconf 86' lang='lat' dir='ltr'><strong>ﬁunt,</strong></span> <span class='ocrx_word' id='word_1_171' title='bbox 3252 827 3486 878; x_wconf 83' lang='lat' dir='ltr'><strong>assenti-</strong></span> 
     </span>
    </p>
   </div>
   <div class='ocr_carea' id='block_1_25' title="bbox 1924 910 3488 980">
    <p class='ocr_par' dir='ltr' id='par_1_25' title="bbox 1924 910 3488 980">
     <span class='ocr_line' id='line_1_25' title="bbox 1924 910 3488 980; baseline 0.004 -18"><span class='ocrx_word' id='word_1_172' title='bbox 1924 916 2033 975; x_wconf 89' lang='lat' dir='ltr'><strong>tur,</strong></span> <span class='ocrx_word' id='word_1_173' title='bbox 2080 911 2183 963; x_wconf 86' lang='lat' dir='ltr'><strong>nisi</strong></span> <span class='ocrx_word' id='word_1_174' title='bbox 2228 910 2435 964; x_wconf 84' lang='lat' dir='ltr'><strong>homini</strong></span> <span class='ocrx_word' id='word_1_175' title='bbox 2485 910 2813 964; x_wconf 88' lang='lat' dir='ltr'><strong>collibuerit.</strong></span> <span class='ocrx_word' id='word_1_176' title='bbox 2859 910 2928 962; x_wconf 85' lang='lat' dir='ltr'><strong>At</strong></span> <span class='ocrx_word' id='word_1_177' title='bbox 2973 926 3098 980; x_wconf 77' lang='lat' dir='ltr'><strong>caro</strong></span> <span class='ocrx_word' id='word_1_178' title='bbox 3132 912 3186 966; x_wconf 90' lang='lat' dir='ltr'><strong>in</strong></span> <span class='ocrx_word' id='word_1_179' title='bbox 3233 914 3488 969; x_wconf 86' lang='lat' dir='ltr'><strong>omnibus</strong></span> 
     </span>
    </p>
   </div>
   <div class='ocr_carea' id='block_1_26' title="bbox 1924 998 3490 1076">
    <p class='ocr_par' dir='ltr' id='par_1_26' title="bbox 1924 998 3490 1076">
     <span class='ocr_line' id='line_1_26' title="bbox 1924 998 3490 1076; baseline 0.005 -23"><span class='ocrx_word' id='word_1_180' title='bbox 1924 998 2036 1054; x_wconf 85' lang='lat' dir='ltr'><strong>fere</strong></span> <span class='ocrx_word' id='word_1_181' title='bbox 2070 1000 2244 1055; x_wconf 89' lang='lat' dir='ltr'><strong>sacris</strong></span> <span class='ocrx_word' id='word_1_182' title='bbox 2274 1000 2495 1055; x_wconf 87' lang='lat' dir='ltr'><strong>Litteris</strong></span> <span class='ocrx_word' id='word_1_183' title='bbox 2527 1002 2598 1055; x_wconf 91' lang='lat' dir='ltr'><strong>ob</strong></span> <span class='ocrx_word' id='word_1_184' title='bbox 2630 1001 2776 1054; x_wconf 85' lang='lat' dir='ltr'><strong>illam</strong></span> <span class='ocrx_word' id='word_1_185' title='bbox 2818 1017 2939 1070; x_wconf 80' lang='lat' dir='ltr'><strong>quae</strong></span> <span class='ocrx_word' id='word_1_186' title='bbox 2972 1002 3026 1054; x_wconf 92' lang='lat' dir='ltr'><strong>in</strong></span> <span class='ocrx_word' id='word_1_187' title='bbox 3057 1003 3174 1073; x_wconf 86' lang='lat' dir='ltr'><strong>ipsa</strong></span> <span class='ocrx_word' id='word_1_188' title='bbox 3217 1012 3301 1059; x_wconf 90' lang='lat' dir='ltr'><strong>est</strong></span> <span class='ocrx_word' id='word_1_189' title='bbox 3335 1006 3490 1076; x_wconf 86' lang='lat' dir='ltr'><strong>cupi-</strong></span> 
     </span>
    </p>
   </div>
   <div class='ocr_carea' id='block_1_27' title="bbox 1923 1091 3491 1162">
    <p class='ocr_par' dir='ltr' id='par_1_27' title="bbox 1923 1091 3491 1162">
     <span class='ocr_line' id='line_1_27' title="bbox 1923 1091 3491 1162; baseline 0.004 -17"><span class='ocrx_word' id='word_1_190' title='bbox 1923 1091 2147 1145; x_wconf 80' lang='lat' dir='ltr'><strong>ditatem</strong></span> <span class='ocrx_word' id='word_1_191' title='bbox 2170 1093 2416 1147; x_wconf 89' lang='lat' dir='ltr'><strong>damnari</strong></span> <span class='ocrx_word' id='word_1_192' title='bbox 2447 1093 2603 1147; x_wconf 87' lang='lat' dir='ltr'><strong>solet.</strong></span> <span class='ocrx_word' id='word_1_193' title='bbox 2629 1092 2948 1162; x_wconf 84' lang='lat' dir='ltr'><strong>Quanquam</strong></span> <span class='ocrx_word' id='word_1_194' title='bbox 2979 1110 3089 1147; x_wconf 92' lang='lat' dir='ltr'><strong>non</strong></span> <span class='ocrx_word' id='word_1_195' title='bbox 3114 1096 3337 1151; x_wconf 89' lang='lat' dir='ltr'><strong>omnino</strong></span> <span class='ocrx_word' id='word_1_196' title='bbox 3359 1112 3491 1152; x_wconf 87' lang='lat' dir='ltr'><strong>caro</strong></span> 
     </span>
    </p>
   </div>
   <div class='ocr_carea' id='block_1_28' title="bbox 1926 1182 3487 1256">
    <p class='ocr_par' dir='ltr' id='par_1_28' title="bbox 1926 1182 3487 1256">
     <span class='ocr_line' id='line_1_28' title="bbox 1926 1182 3487 1256; baseline 0.004 -19"><span class='ocrx_word' id='word_1_197' title='bbox 1926 1182 2043 1253; x_wconf 84' lang='lat' dir='ltr'><strong>ipsa</strong></span> <span class='ocrx_word' id='word_1_198' title='bbox 2081 1182 2392 1250; x_wconf 85' lang='lat' dir='ltr'><strong>damnatur,</strong></span> <span class='ocrx_word' id='word_1_199' title='bbox 2424 1184 2519 1239; x_wconf 86' lang='lat' dir='ltr'><strong>sed</strong></span> <span class='ocrx_word' id='word_1_200' title='bbox 2548 1201 2668 1254; x_wconf 82' lang='lat' dir='ltr'><strong>quae</strong></span> <span class='ocrx_word' id='word_1_201' title='bbox 2695 1185 2761 1239; x_wconf 92' lang='lat' dir='ltr'><strong>ab</strong></span> <span class='ocrx_word' id='word_1_202' title='bbox 2808 1186 2898 1238; x_wconf 86' lang='lat' dir='ltr'><strong>illa</strong></span> <span class='ocrx_word' id='word_1_203' title='bbox 2935 1185 3358 1256; x_wconf 86' lang='lat' dir='ltr'><strong>proﬁciscuntur</strong></span> <span class='ocrx_word' id='word_1_204' title='bbox 3402 1204 3487 1243; x_wconf 88' lang='lat' dir='ltr'><strong>sa-</strong></span> 
     </span>
    </p>
   </div>
   <div class='ocr_carea' id='block_1_29' title="bbox 1926 1272 3497 1350">
    <p class='ocr_par' dir='ltr' id='par_1_29' title="bbox 1926 1272 3497 1350">
     <span class='ocr_line' id='line_1_29' title="bbox 1926 1272 3497 1350; baseline 0.004 -23"><span class='ocrx_word' id='word_1_205' title='bbox 1926 1288 2145 1327; x_wconf 89' lang='lat' dir='ltr'><strong>crorum</strong></span> <span class='ocrx_word' id='word_1_206' title='bbox 2182 1272 2467 1328; x_wconf 88' lang='lat' dir='ltr'><strong>Librorum</strong></span> <span class='ocrx_word' id='word_1_207' title='bbox 2498 1275 2798 1331; x_wconf 80' lang='lat' dir='ltr'><strong>auctoritas</strong></span> <span class='ocrx_word' id='word_1_208' title='bbox 2831 1277 3146 1345; x_wconf 88' lang='lat' dir='ltr'><strong>proscribit.</strong></span> <span class='ocrx_word' id='word_1_209' title='bbox 3178 1277 3329 1333; x_wconf 88' lang='lat' dir='ltr'><strong>Unde</strong></span> <span class='ocrx_word' id='word_1_210' title='bbox 3350 1280 3497 1350; x_wconf 71' lang='lat' dir='ltr'><strong>Apo-</strong></span> 
     </span>
    </p>
   </div>
   <div class='ocr_carea' id='block_1_30' title="bbox 1927 1364 3497 1437">
    <p class='ocr_par' dir='ltr' id='par_1_30' title="bbox 1927 1364 3497 1437">
     <span class='ocr_line' id='line_1_30' title="bbox 1927 1364 3497 1437; baseline 0.004 -20"><span class='ocrx_word' id='word_1_211' title='bbox 1927 1364 2099 1418; x_wconf 88' lang='lat' dir='ltr'><strong>stolus</strong></span> <span class='ocrx_word' id='word_1_212' title='bbox 2130 1364 2201 1417; x_wconf 89' lang='lat' dir='ltr'><strong>ita</strong></span> <span class='ocrx_word' id='word_1_213' title='bbox 2240 1365 2481 1433; x_wconf 81' lang='lat' dir='ltr'><strong>loquitur</strong></span> <span class='ocrx_word' id='word_1_214' title='bbox 2511 1383 2524 1418; x_wconf 91' lang='lat'><strong>:</strong></span> <span class='ocrx_word' id='word_1_215' title='bbox 2555 1364 2677 1419; x_wconf 87' lang='lat' dir='ltr'><strong>Scio</strong></span> <span class='ocrx_word' id='word_1_216' title='bbox 2721 1367 2856 1420; x_wconf 88' lang='lat' dir='ltr'><strong>enim</strong></span> <span class='ocrx_word' id='word_1_217' title='bbox 2896 1368 3035 1437; x_wconf 87' lang='lat' dir='ltr'><strong>quod</strong></span> <span class='ocrx_word' id='word_1_218' title='bbox 3080 1385 3183 1422; x_wconf 87' lang='lat' dir='ltr'><strong>non</strong></span> <span class='ocrx_word' id='word_1_219' title='bbox 3211 1370 3412 1423; x_wconf 83' lang='lat' dir='ltr'><strong>habitat</strong></span> <span class='ocrx_word' id='word_1_220' title='bbox 3441 1372 3497 1423; x_wconf 79' lang='lat' dir='ltr'><strong>in</strong></span> 
     </span>
    </p>
   </div>
   <div class='ocr_carea' id='block_1_31' title="bbox 1927 1448 3497 1528">
    <p class='ocr_par' dir='ltr' id='par_1_31' title="bbox 1927 1448 3497 1528">
     <span class='ocr_line' id='line_1_31' title="bbox 1927 1448 3497 1528; baseline 0.005 -23"><span class='ocrx_word' id='word_1_221' title='bbox 1927 1469 2028 1517; x_wconf 87' lang='lat' dir='ltr'><strong>me,</strong></span> <span class='ocrx_word' id='word_1_222' title='bbox 2077 1453 2175 1508; x_wconf 77' lang='lat' dir='ltr'><strong>hoc</strong></span> <span class='ocrx_word' id='word_1_223' title='bbox 2218 1464 2296 1507; x_wconf 84' lang='lat' dir='ltr'><strong>est</strong></span> <span class='ocrx_word' id='word_1_224' title='bbox 2335 1454 2390 1507; x_wconf 83' lang='lat' dir='ltr'><strong>in</strong></span> <span class='ocrx_word' id='word_1_225' title='bbox 2437 1470 2595 1508; x_wconf 88' lang='lat' dir='ltr'><strong>carne</strong></span> <span class='ocrx_word' id='word_1_226' title='bbox 2646 1472 2783 1519; x_wconf 81' lang='lat' dir='ltr'><strong>mea,</strong></span> <span class='ocrx_word' id='word_1_227' title='bbox 2824 1456 3011 1510; x_wconf 86' lang='lat' dir='ltr'><strong>bonum</strong></span> <span class='ocrx_word' id='word_1_228' title='bbox 3039 1456 3059 1490; x_wconf 91' lang='grc'>³</span> <span class='ocrx_word' id='word_1_229' title='bbox 3088 1476 3100 1512; x_wconf 94' lang='lat'>:</span> <span class='ocrx_word' id='word_1_230' title='bbox 3133 1457 3280 1528; x_wconf 86' lang='lat' dir='ltr'><strong>quod</strong></span> <span class='ocrx_word' id='word_1_231' title='bbox 3326 1458 3395 1514; x_wconf 83' lang='lat' dir='ltr'><strong>ad</strong></span> <span class='ocrx_word' id='word_1_232' title='bbox 3431 1448 3497 1515; x_wconf 68' lang='lat' dir='ltr'><strong>ea</strong></span> 
     </span>
    </p>
   </div>
   <div class='ocr_carea' id='block_1_32' title="bbox 1928 1544 3499 1621">
    <p class='ocr_par' dir='ltr' id='par_1_32' title="bbox 1928 1544 3499 1621">
     <span class='ocr_line' id='line_1_32' title="bbox 1928 1544 3499 1621; baseline 0.003 -22"><span class='ocrx_word' id='word_1_233' title='bbox 1928 1544 2273 1600; x_wconf 89' lang='lat' dir='ltr'><strong>referendum</strong></span> <span class='ocrx_word' id='word_1_234' title='bbox 2299 1554 2384 1601; x_wconf 92' lang='lat' dir='ltr'><strong>est</strong></span> <span class='ocrx_word' id='word_1_235' title='bbox 2404 1560 2523 1615; x_wconf 66' lang='lat' dir='ltr'><strong>qua:</strong></span> <span class='ocrx_word' id='word_1_236' title='bbox 2551 1562 2613 1600; x_wconf 79' lang='lat' dir='ltr'><strong>ex</strong></span> <span class='ocrx_word' id='word_1_237' title='bbox 2640 1562 2805 1601; x_wconf 93' lang='lat' dir='ltr'><strong>carne</strong></span> <span class='ocrx_word' id='word_1_238' title='bbox 2835 1558 3211 1605; x_wconf 83' lang='lat' dir='ltr'><strong>succrescunt.</strong></span> <span class='ocrx_word' id='word_1_239' title='bbox 3235 1549 3413 1621; x_wconf 89' lang='lat' dir='ltr'><strong>Atque</strong></span> <span class='ocrx_word' id='word_1_240' title='bbox 3438 1557 3499 1605; x_wconf 87' lang='lat' dir='ltr'><strong>ut</strong></span> 
     </span>
    </p>
   </div>
   <div class='ocr_carea' id='block_1_33' title="bbox 1930 1637 3499 1707">
    <p class='ocr_par' dir='ltr' id='par_1_33' title="bbox 1930 1637 3499 1707">
     <span class='ocr_line' id='line_1_33' title="bbox 1930 1637 3499 1707; baseline 0.003 -14"><span class='ocrx_word' id='word_1_241' title='bbox 1930 1637 2310 1693; x_wconf 78' lang='lat' dir='ltr'><strong>haereticorum</strong></span> <span class='ocrx_word' id='word_1_242' title='bbox 2350 1638 2635 1707; x_wconf 86' lang='lat' dir='ltr'><strong>opiniones</strong></span> <span class='ocrx_word' id='word_1_243' title='bbox 2676 1638 2967 1704; x_wconf 86' lang='lat' dir='ltr'><strong>refelleret,</strong></span> <span class='ocrx_word' id='word_1_244' title='bbox 3008 1656 3076 1695; x_wconf 89' lang='lat' dir='ltr'><strong>ne</strong></span> <span class='ocrx_word' id='word_1_245' title='bbox 3125 1655 3345 1697; x_wconf 86' lang='lat' dir='ltr'><strong>carnem</strong></span> <span class='ocrx_word' id='word_1_246' title='bbox 3391 1642 3499 1698; x_wconf 90' lang='lat' dir='ltr'><strong>sibi</strong></span> 
     </span>
    </p>
   </div>
   <div class='ocr_carea' id='block_1_34' title="bbox 1931 1729 3498 1802">
    <p class='ocr_par' dir='ltr' id='par_1_34' title="bbox 1931 1729 3498 1802">
     <span class='ocr_line' id='line_1_34' title="bbox 1931 1729 3498 1802; baseline 0.001 -16"><span class='ocrx_word' id='word_1_247' title='bbox 1931 1729 2324 1801; x_wconf 84' lang='lat' dir='ltr'><strong>persuaderent</strong></span> <span class='ocrx_word' id='word_1_248' title='bbox 2353 1731 2422 1785; x_wconf 89' lang='lat' dir='ltr'><strong>ab</strong></span> <span class='ocrx_word' id='word_1_249' title='bbox 2462 1730 2610 1785; x_wconf 91' lang='lat' dir='ltr'><strong>omni</strong></span> <span class='ocrx_word' id='word_1_250' title='bbox 2653 1731 3071 1787; x_wconf 84' lang='lat' dir='ltr'><strong>resurrectionis</strong></span> <span class='ocrx_word' id='word_1_251' title='bbox 3119 1748 3215 1802; x_wconf 86' lang='lat' dir='ltr'><strong>spe</strong></span> <span class='ocrx_word' id='word_1_252' title='bbox 3248 1740 3301 1789; x_wconf 88' lang='lat' dir='ltr'><strong>et</strong></span> <span class='ocrx_word' id='word_1_253' title='bbox 3343 1749 3498 1789; x_wconf 61' lang='lat' dir='ltr'><strong>com-</strong></span> 
     </span>
    </p>
   </div>
   <div class='ocr_carea' id='block_1_35' title="bbox 249 1809 1837 1895">
    <p class='ocr_par' dir='ltr' id='par_1_35' title="bbox 249 1820 1835 1895">
     <span class='ocr_line' id='line_1_35' title="bbox 249 1820 1835 1895; baseline -0.004 -18"><span class='ocrx_word' id='word_1_254' title='bbox 249 1825 349 1895; x_wconf 75' lang='grc' dir='ltr'><strong>τὴν</strong></span> <span class='ocrx_word' id='word_1_255' title='bbox 388 1824 566 1895; x_wconf 82' lang='grc' dir='ltr'>σάρκα</span> <span class='ocrx_word' id='word_1_256' title='bbox 616 1824 769 1893; x_wconf 81' lang='grc' dir='ltr'>ἆγιον</span> <span class='ocrx_word' id='word_1_257' title='bbox 835 1821 961 1879; x_wconf 81' lang='grc' dir='ltr'>ναὸν</span> <span class='ocrx_word' id='word_1_258' title='bbox 1001 1821 1294 1887; x_wconf 76' lang='grc' dir='ltr'>ἐπέδειξεν,</span> <span class='ocrx_word' id='word_1_259' title='bbox 1342 1823 1399 1875; x_wconf 81' lang='grc' dir='ltr'><strong>ἐν</strong></span> <span class='ocrx_word' id='word_1_260' title='bbox 1441 1820 1517 1892; x_wconf 81' lang='grc' dir='ltr'><strong>τῷ</strong></span> <span class='ocrx_word' id='word_1_261' title='bbox 1552 1821 1835 1888; x_wconf 74' lang='grc' dir='ltr'>ἁγιάσαντι</span> 
     </span>
    </p>
   </div>
   <div class='ocr_carea' id='block_1_36' title="bbox 1940 1809 3502 1895">
    <p class='ocr_par' dir='ltr' id='par_1_36' title="bbox 1940 1809 3502 1893">
     <span class='ocr_line' id='line_1_36' title="bbox 1940 1809 3502 1893; baseline 0.003 -19"><span class='ocrx_word' id='word_1_262' title='bbox 1940 1822 2196 1875; x_wconf 87' lang='lat' dir='ltr'><strong>munione</strong></span> <span class='ocrx_word' id='word_1_263' title='bbox 2241 1820 2529 1891; x_wconf 81' lang='lat' dir='ltr'><strong>dejectam,</strong></span> <span class='ocrx_word' id='word_1_264' title='bbox 2568 1809 2684 1876; x_wconf 68' lang='lat' dir='ltr'><strong>haec</strong></span> <span class='ocrx_word' id='word_1_265' title='bbox 2734 1821 3021 1893; x_wconf 80' lang='lat' dir='ltr'><strong>adjunxit:</strong></span> <span class='ocrx_word' id='word_1_266' title='bbox 3056 1822 3272 1892; x_wconf 83' lang='lat' dir='ltr'><strong>Oportet</strong></span> <span class='ocrx_word' id='word_1_267' title='bbox 3318 1842 3502 1879; x_wconf 86' lang='lat' dir='ltr'><strong>corru-</strong></span> 
     </span>
    </p>
   </div>
   <div class='ocr_carea' id='block_1_37' title="bbox 250 1913 1831 1987">
    <p class='ocr_par' dir='ltr' id='par_1_37' title="bbox 250 1913 1831 1987">
     <span class='ocr_line' id='line_1_37' title="bbox 250 1913 1831 1987; baseline -0.004 -18"><span class='ocrx_word' id='word_1_268' title='bbox 250 1915 418 1970; x_wconf 78' lang='grc' dir='ltr'>αὐτοῦ</span> <span class='ocrx_word' id='word_1_269' title='bbox 462 1916 559 1987; x_wconf 82' lang='grc' dir='ltr'>τὴν</span> <span class='ocrx_word' id='word_1_270' title='bbox 603 1916 782 1985; x_wconf 86' lang='grc' dir='ltr'>σάρκα</span> <span class='ocrx_word' id='word_1_271' title='bbox 817 1915 955 1971; x_wconf 84' lang='grc' dir='ltr'>κατὰ</span> <span class='ocrx_word' id='word_1_272' title='bbox 986 1916 1045 1969; x_wconf 87' lang='grc' dir='ltr'><strong>τὸ</strong></span> <span class='ocrx_word' id='word_1_273' title='bbox 1106 1913 1510 1986; x_wconf 77' lang='grc' dir='ltr'>γεγραμμένον,</span> <span class='ocrx_word' id='word_1_274' title='bbox 1557 1914 1639 1966; x_wconf 79' lang='grc' dir='ltr'><strong>ὅτι</strong></span> <span class='ocrx_word' id='word_1_275' title='bbox 1686 1916 1831 1978; x_wconf 77' lang='grc' dir='ltr'>Θρη-</span> 
     </span>
    </p>
   </div>
   <div class='ocr_carea' id='block_1_38' title="bbox 249 2004 1829 2076">
    <p class='ocr_par' dir='ltr' id='par_1_38' title="bbox 249 2004 1829 2076">
     <span class='ocr_line' id='line_1_38' title="bbox 249 2004 1829 2076; baseline -0.003 -16"><span class='ocrx_word' id='word_1_276' title='bbox 249 2009 428 2062; x_wconf 75' lang='grc' dir='ltr'>σχεία</span> <span class='ocrx_word' id='word_1_277' title='bbox 468 2008 535 2061; x_wconf 78' lang='grc' dir='ltr'><strong>δὲ</strong></span> <span class='ocrx_word' id='word_1_278' title='bbox 574 2010 800 2076; x_wconf 81' lang='grc' dir='ltr'>καθαρὰ</span> <span class='ocrx_word' id='word_1_279' title='bbox 839 2007 919 2073; x_wconf 80' lang='grc' dir='ltr'>τῷ</span> <span class='ocrx_word' id='word_1_280' title='bbox 950 2004 1072 2072; x_wconf 83' lang='grc' dir='ltr'><strong>Θεῷ</strong></span> <span class='ocrx_word' id='word_1_281' title='bbox 1104 2008 1201 2060; x_wconf 74' lang='grc' dir='ltr'>καὶ</span> <span class='ocrx_word' id='word_1_282' title='bbox 1239 2006 1419 2074; x_wconf 78' lang='grc' dir='ltr'>Πατρὶ</span> <span class='ocrx_word' id='word_1_283' title='bbox 1453 2004 1600 2071; x_wconf 83' lang='grc' dir='ltr'>αὕτη</span> <span class='ocrx_word' id='word_1_284' title='bbox 1638 2004 1829 2067; x_wconf 78' lang='grc' dir='ltr'>ἐστὶν,</span> 
     </span>
    </p>
   </div>
   <div class='ocr_carea' id='block_1_39' title="bbox 248 2092 1833 2165">
    <p class='ocr_par' dir='ltr' id='par_1_39' title="bbox 248 2092 1833 2165">
     <span class='ocr_line' id='line_1_39' title="bbox 248 2092 1833 2165; baseline -0.006 -13"><span class='ocrx_word' id='word_1_285' title='bbox 248 2098 718 2152; x_wconf 79' lang='grc' dir='ltr'>ἐπισκέπτεσθαι</span> <span class='ocrx_word' id='word_1_286' title='bbox 749 2096 1048 2165; x_wconf 62' lang='grc' dir='ltr'>ὀρφανοὺς</span> <span class='ocrx_word' id='word_1_287' title='bbox 1082 2096 1179 2149; x_wconf 82' lang='grc' dir='ltr'>καὶ</span> <span class='ocrx_word' id='word_1_288' title='bbox 1206 2094 1393 2163; x_wconf 79' lang='grc' dir='ltr'>χήρας</span> <span class='ocrx_word' id='word_1_289' title='bbox 1421 2094 1490 2147; x_wconf 86' lang='grc' dir='ltr'>ἐν</span> <span class='ocrx_word' id='word_1_290' title='bbox 1506 2092 1597 2160; x_wconf 80' lang='grc' dir='ltr'><strong>,τῇ</strong></span> <span class='ocrx_word' id='word_1_291' title='bbox 1630 2093 1833 2159; x_wconf 67' lang='grc' dir='ltr'>θλίψει</span> 
     </span>
    </p>
   </div>
   <div class='ocr_carea' id='block_1_40' title="bbox 251 2186 1828 2256">
    <p class='ocr_par' dir='ltr' id='par_1_40' title="bbox 251 2186 1828 2256">
     <span class='ocr_line' id='line_1_40' title="bbox 251 2186 1828 2256; baseline -0.004 -13"><span class='ocrx_word' id='word_1_292' title='bbox 251 2189 474 2252; x_wconf 80' lang='grc' dir='ltr'>αὐτῶν,</span> <span class='ocrx_word' id='word_1_293' title='bbox 504 2190 769 2243; x_wconf 79' lang='grc' dir='ltr'>ἄσπιλον</span> <span class='ocrx_word' id='word_1_294' title='bbox 792 2188 1007 2243; x_wconf 86' lang='grc' dir='ltr'>ἑαυτὸν</span> <span class='ocrx_word' id='word_1_295' title='bbox 1049 2187 1248 2256; x_wconf 75' lang='grc' dir='ltr'>τηρεῖν</span> <span class='ocrx_word' id='word_1_296' title='bbox 1291 2187 1409 2241; x_wconf 71' lang='grc' dir='ltr'>ἀπὸ</span> <span class='ocrx_word' id='word_1_297' title='bbox 1446 2186 1548 2241; x_wconf 86' lang='grc' dir='ltr'>τοῦ</span> <span class='ocrx_word' id='word_1_298' title='bbox 1579 2187 1828 2254; x_wconf 80' lang='grc' dir='ltr'>κόσμου.</span> 
     </span>
    </p>
   </div>
   <div class='ocr_carea' id='block_1_41' title="bbox 254 2277 1833 2351">
    <p class='ocr_par' dir='ltr' id='par_1_41' title="bbox 254 2277 1833 2351">
     <span class='ocr_line' id='line_1_41' title="bbox 254 2277 1833 2351; baseline -0.006 -16"><span class='ocrx_word' id='word_1_299' title='bbox 254 2282 366 2335; x_wconf 82' lang='grc' dir='ltr'>Καὶ</span> <span class='ocrx_word' id='word_1_300' title='bbox 399 2280 543 2350; x_wconf 84' lang='grc' dir='ltr'>ἄλλῳ</span> <span class='ocrx_word' id='word_1_301' title='bbox 562 2298 574 2310; x_wconf 91' lang='grc'><strong>·</strong></span> <span class='ocrx_word' id='word_1_302' title='bbox 616 2280 892 2351; x_wconf 82' lang='grc' dir='ltr'>Μακάριοι</span> <span class='ocrx_word' id='word_1_303' title='bbox 922 2280 971 2333; x_wconf 91' lang='grc' dir='ltr'>οἱ</span> <span class='ocrx_word' id='word_1_304' title='bbox 1015 2279 1185 2349; x_wconf 79' lang='grc' dir='ltr'>ἁγνὴν</span> <span class='ocrx_word' id='word_1_305' title='bbox 1228 2278 1325 2350; x_wconf 81' lang='grc' dir='ltr'><strong>τὴν</strong></span> <span class='ocrx_word' id='word_1_306' title='bbox 1356 2279 1535 2348; x_wconf 87' lang='grc' dir='ltr'>σάρκα</span> <span class='ocrx_word' id='word_1_307' title='bbox 1562 2277 1833 2347; x_wconf 87' lang='grc' dir='ltr'>τηρήσαν-</span> 
     </span>
    </p>
   </div>
   <div class='ocr_carea' id='block_1_42' title="bbox 250 2365 1834 2442">
    <p class='ocr_par' dir='ltr' id='par_1_42' title="bbox 250 2365 1834 2442">
     <span class='ocr_line' id='line_1_42' title="bbox 250 2365 1834 2442; baseline -0.003 -19"><span class='ocrx_word' id='word_1_308' title='bbox 250 2390 362 2435; x_wconf 85' lang='grc' dir='ltr'><strong>τες.</strong></span> <span class='ocrx_word' id='word_1_309' title='bbox 399 2372 666 2434; x_wconf 78' lang='grc' dir='ltr'>Πολλάκις</span> <span class='ocrx_word' id='word_1_310' title='bbox 697 2372 753 2424; x_wconf 80' lang='grc' dir='ltr'><strong>δὲ</strong></span> <span class='ocrx_word' id='word_1_311' title='bbox 794 2372 912 2426; x_wconf 88' lang='grc' dir='ltr'>κατ’</span> <span class='ocrx_word' id='word_1_312' title='bbox 944 2372 1112 2442; x_wconf 73' lang='grc' dir='ltr'>αὐτῆς</span> <span class='ocrx_word' id='word_1_313' title='bbox 1146 2372 1379 2440; x_wconf 83' lang='grc' dir='ltr'>λέγουσα</span> <span class='ocrx_word' id='word_1_314' title='bbox 1410 2371 1443 2440; x_wconf 74' lang='grc' dir='ltr'><strong>ἡ</strong></span> <span class='ocrx_word' id='word_1_315' title='bbox 1487 2368 1695 2440; x_wconf 84' lang='grc' dir='ltr'>Γραφὴ,</span> <span class='ocrx_word' id='word_1_316' title='bbox 1731 2365 1834 2420; x_wconf 68' lang='grc' dir='ltr'><strong>ὲδίυ</strong></span> 
     </span>
    </p>
   </div>
   <div class='ocr_carea' id='block_1_43' title="bbox 249 2457 1834 2533">
    <p class='ocr_par' dir='ltr' id='par_1_43' title="bbox 249 2457 1834 2533">
     <span class='ocr_line' id='line_1_43' title="bbox 249 2457 1834 2533; baseline -0.002 -19"><span class='ocrx_word' id='word_1_317' title='bbox 249 2462 409 2527; x_wconf 77' lang='grc' dir='ltr'>δάξεν</span> <span class='ocrx_word' id='word_1_318' title='bbox 466 2464 613 2533; x_wconf 81' lang='grc' dir='ltr'>ἡμᾶς</span> <span class='ocrx_word' id='word_1_319' title='bbox 658 2461 756 2525; x_wconf 80' lang='grc' dir='ltr'>τὰς</span> <span class='ocrx_word' id='word_1_320' title='bbox 800 2461 1099 2533; x_wconf 77' lang='grc' dir='ltr'>ἐπιθυμίας</span> <span class='ocrx_word' id='word_1_321' title='bbox 1150 2462 1244 2515; x_wconf 81' lang='grc' dir='ltr'>καὶ</span> <span class='ocrx_word' id='word_1_322' title='bbox 1300 2460 1494 2531; x_wconf 80' lang='grc' dir='ltr'>ἡδονὰς</span> <span class='ocrx_word' id='word_1_323' title='bbox 1552 2458 1612 2524; x_wconf 78' lang='grc' dir='ltr'>ἐξ</span> <span class='ocrx_word' id='word_1_324' title='bbox 1664 2457 1834 2528; x_wconf 80' lang='grc' dir='ltr'>αὐτῆς</span> 
     </span>
    </p>
   </div>
   <div class='ocr_carea' id='block_1_44' title="bbox 252 2549 1829 2623">
    <p class='ocr_par' dir='ltr' id='par_1_44' title="bbox 252 2549 1829 2623">
     <span class='ocr_line' id='line_1_44' title="bbox 252 2549 1829 2623; baseline -0.003 -18"><span class='ocrx_word' id='word_1_325' title='bbox 252 2553 609 2623; x_wconf 74' lang='grc' dir='ltr'>βλαστάνεινο</span> <span class='ocrx_word' id='word_1_326' title='bbox 667 2553 806 2607; x_wconf 80' lang='grc' dir='ltr'><strong>κατά</strong></span> <span class='ocrx_word' id='word_1_327' title='bbox 866 2554 923 2606; x_wconf 81' lang='grc' dir='ltr'><strong>δὲ</strong></span> <span class='ocrx_word' id='word_1_328' title='bbox 975 2553 1067 2606; x_wconf 83' lang='grc' dir='ltr'>τοῦ</span> <span class='ocrx_word' id='word_1_329' title='bbox 1125 2552 1216 2606; x_wconf 81' lang='grc' dir='ltr'>νοῦ</span> <span class='ocrx_word' id='word_1_330' title='bbox 1265 2552 1419 2606; x_wconf 80' lang='grc' dir='ltr'>οὐδὲν</span> <span class='ocrx_word' id='word_1_331' title='bbox 1477 2550 1752 2621; x_wconf 80' lang='grc' dir='ltr'>ἐξηγεῖται</span> <span class='ocrx_word' id='word_1_332' title='bbox 1794 2549 1829 2617; x_wconf 82' lang='grc' dir='ltr'>ἡ</span> 
     </span>
    </p>
   </div>
   <div class='ocr_carea' id='block_1_45' title="bbox 251 2640 1832 2717">
    <p class='ocr_par' dir='ltr' id='par_1_45' title="bbox 251 2640 1832 2717">
     <span class='ocr_line' id='line_1_45' title="bbox 251 2640 1832 2717; baseline -0.001 -20"><span class='ocrx_word' id='word_1_333' title='bbox 251 2644 465 2717; x_wconf 74' lang='grc' dir='ltr'>Γραφὴ,</span> <span class='ocrx_word' id='word_1_334' title='bbox 516 2643 685 2709; x_wconf 79' lang='grc' dir='ltr'>ἀλλὰ,</span> <span class='ocrx_word' id='word_1_335' title='bbox 739 2642 919 2701; x_wconf 83' lang='grc' dir='ltr'><strong>Ψαλῶ</strong></span> <span class='ocrx_word' id='word_1_336' title='bbox 987 2643 1067 2709; x_wconf 84' lang='grc' dir='ltr'>τῷ</span> <span class='ocrx_word' id='word_1_337' title='bbox 1122 2644 1236 2709; x_wconf 84' lang='grc' dir='ltr'>νοῒ,</span> <span class='ocrx_word' id='word_1_338' title='bbox 1292 2642 1468 2713; x_wconf 72' lang='grc' dir='ltr'><strong>ψαλῶ</strong></span> <span class='ocrx_word' id='word_1_339' title='bbox 1526 2642 1607 2708; x_wconf 83' lang='grc' dir='ltr'>τῷ</span> <span class='ocrx_word' id='word_1_340' title='bbox 1648 2640 1832 2696; x_wconf 61' lang='lat' dir='ltr'><strong>«ratio</strong></span> 
     </span>
    </p>
   </div>
   <div class='ocr_carea' id='block_1_46' title="bbox 250 2733 1833 2806">
    <p class='ocr_par' dir='ltr' id='par_1_46' title="bbox 250 2733 1833 2806">
     <span class='ocr_line' id='line_1_46' title="bbox 250 2733 1833 2806; baseline 0.001 -18"><span class='ocrx_word' id='word_1_341' title='bbox 250 2752 426 2804; x_wconf 79' lang='grc' dir='ltr'>ματι·</span> <span class='ocrx_word' id='word_1_342' title='bbox 467 2736 584 2799; x_wconf 77' lang='grc' dir='ltr'>καὶ,</span> <span class='ocrx_word' id='word_1_343' title='bbox 629 2735 753 2788; x_wconf 86' lang='grc' dir='ltr'>Ἐἀν</span> <span class='ocrx_word' id='word_1_344' title='bbox 800 2734 955 2805; x_wconf 74' lang='grc' dir='ltr'>ψαλῶ</span> <span class='ocrx_word' id='word_1_345' title='bbox 1015 2735 1176 2788; x_wconf 86' lang='grc' dir='ltr'>πάλιν</span> <span class='ocrx_word' id='word_1_346' title='bbox 1239 2734 1316 2805; x_wconf 82' lang='grc' dir='ltr'>τῷ</span> <span class='ocrx_word' id='word_1_347' title='bbox 1380 2734 1677 2806; x_wconf 87' lang='grc' dir='ltr'>πνεύματι,</span> <span class='ocrx_word' id='word_1_348' title='bbox 1709 2736 1737 2789; x_wconf 87' lang='grc' dir='ltr'>ὁ</span> <span class='ocrx_word' id='word_1_349' title='bbox 1776 2733 1833 2789; x_wconf 61' lang='grc' dir='ltr'><strong>δὲ</strong></span> 
     </span>
    </p>
   </div>
   <div class='ocr_carea' id='block_1_47' title="bbox 251 2825 1836 2899">
    <p class='ocr_par' dir='ltr' id='par_1_47' title="bbox 251 2825 1836 2899">
     <span class='ocr_line' id='line_1_47' title="bbox 251 2825 1836 2899; baseline -0.001 -18"><span class='ocrx_word' id='word_1_350' title='bbox 251 2825 381 2890; x_wconf 77' lang='grc' dir='ltr'>νοῦς</span> <span class='ocrx_word' id='word_1_351' title='bbox 422 2844 521 2897; x_wconf 85' lang='grc' dir='ltr'><strong>μου</strong></span> <span class='ocrx_word' id='word_1_352' title='bbox 584 2827 830 2898; x_wconf 80' lang='grc' dir='ltr'>ἄκαρπός</span> <span class='ocrx_word' id='word_1_353' title='bbox 891 2830 1027 2881; x_wconf 82' lang='grc' dir='ltr'>ἐστι.</span> <span class='ocrx_word' id='word_1_354' title='bbox 1078 2827 1190 2881; x_wconf 71' lang='grc' dir='ltr'>Καὶ</span> <span class='ocrx_word' id='word_1_355' title='bbox 1233 2828 1387 2899; x_wconf 81' lang='grc' dir='ltr'>ὁρᾷς,</span> <span class='ocrx_word' id='word_1_356' title='bbox 1451 2828 1534 2880; x_wconf 83' lang='grc' dir='ltr'>ὅτι</span> <span class='ocrx_word' id='word_1_357' title='bbox 1579 2827 1636 2879; x_wconf 86' lang='grc' dir='ltr'>ὲν</span> <span class='ocrx_word' id='word_1_358' title='bbox 1685 2826 1836 2897; x_wconf 88' lang='grc' dir='ltr'>αύτῷ</span> 
     </span>
    </p>
   </div>
   <div class='ocr_carea' id='block_1_48' title="bbox 254 2912 1835 2989">
    <p class='ocr_par' dir='ltr' id='par_1_48' title="bbox 254 2912 1835 2989">
     <span class='ocr_line' id='line_1_48' title="bbox 254 2912 1835 2989; baseline 0.001 -22"><span class='ocrx_word' id='word_1_359' title='bbox 254 2916 494 2986; x_wconf 75' lang='grc' dir='ltr'>καρπὸς,</span> <span class='ocrx_word' id='word_1_360' title='bbox 526 2916 583 2969; x_wconf 81' lang='grc' dir='ltr'><strong>ὲν</strong></span> <span class='ocrx_word' id='word_1_361' title='bbox 613 2915 691 2986; x_wconf 85' lang='grc' dir='ltr'>τῷ</span> <span class='ocrx_word' id='word_1_362' title='bbox 720 2915 795 2987; x_wconf 86' lang='grc' dir='ltr'>νῷ</span> <span class='ocrx_word' id='word_1_363' title='bbox 815 2933 829 2948; x_wconf 84' lang='grc'>⁶</span> <span class='ocrx_word' id='word_1_364' title='bbox 862 2917 963 2971; x_wconf 83' lang='grc' dir='ltr'><strong>κάν</strong></span> <span class='ocrx_word' id='word_1_365' title='bbox 994 2933 1053 2969; x_wconf 89' lang='grc' dir='ltr'><strong>τε</strong></span> <span class='ocrx_word' id='word_1_366' title='bbox 1086 2916 1160 2987; x_wconf 83' lang='grc' dir='ltr'>μὴ</span> <span class='ocrx_word' id='word_1_367' title='bbox 1259 2916 1488 2986; x_wconf 82' lang='grc' dir='ltr'>καρπὸς,</span> <span class='ocrx_word' id='word_1_368' title='bbox 1519 2916 1581 2968; x_wconf 84' lang='grc' dir='ltr'><strong>ού</strong></span> <span class='ocrx_word' id='word_1_369' title='bbox 1621 2917 1835 2978; x_wconf 90' lang='grc' dir='ltr'>πάντως</span> 
     </span>
    </p>
   </div>
   <div class='ocr_carea' id='block_1_49' title="bbox 252 3004 1833 3081">
    <p class='ocr_par' dir='ltr' id='par_1_49' title="bbox 252 3004 1833 3081">
     <span class='ocr_line' id='line_1_49' title="bbox 252 3004 1833 3081; baseline 0.001 -24"><span class='ocrx_word' id='word_1_370' title='bbox 252 3006 348 3058; x_wconf 77' lang='grc' dir='ltr'><strong>τὸν</strong></span> <span class='ocrx_word' id='word_1_371' title='bbox 401 3006 525 3060; x_wconf 80' lang='grc' dir='ltr'>νοῦν</span> <span class='ocrx_word' id='word_1_372' title='bbox 580 3007 868 3072; x_wconf 81' lang='grc' dir='ltr'>κατέλεξεν</span> <span class='ocrx_word' id='word_1_373' title='bbox 914 3009 971 3060; x_wconf 84' lang='grc' dir='ltr'>ὲν</span> <span class='ocrx_word' id='word_1_374' title='bbox 1021 3007 1337 3081; x_wconf 80' lang='grc' dir='ltr'>ἁμαρτίαις,</span> <span class='ocrx_word' id='word_1_375' title='bbox 1378 3007 1512 3060; x_wconf 85' lang='grc' dir='ltr'><strong>ἀλλά</strong></span> <span class='ocrx_word' id='word_1_376' title='bbox 1558 3006 1624 3060; x_wconf 83' lang='grc' dir='ltr'>δι’</span> <span class='ocrx_word' id='word_1_377' title='bbox 1672 3004 1833 3060; x_wconf 83' lang='grc' dir='ltr'><strong>αύτοῦ</strong></span> 
     </span>
    </p>
   </div>
   <div class='ocr_carea' id='block_1_50' title="bbox 258 3097 1185 3170">
    <p class='ocr_par' dir='ltr' id='par_1_50' title="bbox 258 3097 1185 3170">
     <span class='ocr_line' id='line_1_50' title="bbox 258 3097 1185 3170; baseline 0.004 -22"><span class='ocrx_word' id='word_1_378' title='bbox 258 3097 461 3166; x_wconf 66' lang='grc' dir='ltr'>μᾶλλον</span> <span class='ocrx_word' id='word_1_379' title='bbox 496 3099 585 3152; x_wconf 80' lang='grc' dir='ltr'><strong>τὸν</strong></span> <span class='ocrx_word' id='word_1_380' title='bbox 614 3098 824 3170; x_wconf 84' lang='grc' dir='ltr'>καρπὸν</span> <span class='ocrx_word' id='word_1_381' title='bbox 850 3101 1185 3169; x_wconf 80' lang='grc' dir='ltr'>ἀπεφήνατο.</span> 
     </span>
    </p>
   </div>
   <div class='ocr_carea' id='block_1_51' title="bbox 1931 1913 3503 1985">
    <p class='ocr_par' dir='ltr' id='par_1_51' title="bbox 1931 1913 3503 1985">
     <span class='ocr_line' id='line_1_51' title="bbox 1931 1913 3503 1985; baseline 0.003 -18"><span class='ocrx_word' id='word_1_382' title='bbox 1931 1914 2112 1983; x_wconf 85' lang='lat' dir='ltr'><strong>ptibile</strong></span> <span class='ocrx_word' id='word_1_383' title='bbox 2162 1915 2258 1968; x_wconf 78' lang='lat' dir='ltr'><strong>hoc</strong></span> <span class='ocrx_word' id='word_1_384' title='bbox 2302 1913 2515 1968; x_wconf 77' lang='lat' dir='ltr'><strong>induere</strong></span> <span class='ocrx_word' id='word_1_385' title='bbox 2558 1915 3022 1985; x_wconf 78' lang='lat' dir='ltr'><strong>incorruptionem,</strong></span> <span class='ocrx_word' id='word_1_386' title='bbox 3070 1924 3119 1971; x_wconf 88' lang='lat' dir='ltr'><strong>et</strong></span> <span class='ocrx_word' id='word_1_387' title='bbox 3155 1919 3376 1970; x_wconf 85' lang='lat' dir='ltr'><strong>mortale</strong></span> <span class='ocrx_word' id='word_1_388' title='bbox 3405 1919 3503 1972; x_wconf 74' lang='lat' dir='ltr'><strong>hoc</strong></span> 
     </span>
    </p>
   </div>
   <div class='ocr_carea' id='block_1_52' title="bbox 1934 2007 3503 2077">
    <p class='ocr_par' dir='ltr' id='par_1_52' title="bbox 1934 2007 3503 2077">
     <span class='ocr_line' id='line_1_52' title="bbox 1934 2007 3503 2077; baseline 0.002 -18"><span class='ocrx_word' id='word_1_389' title='bbox 1934 2007 2151 2061; x_wconf 81' lang='lat' dir='ltr'><strong>induere</strong></span> <span class='ocrx_word' id='word_1_390' title='bbox 2194 2007 2836 2063; x_wconf 49' lang='lat' dir='ltr'><strong>immortalitatemtzue</strong></span> <span class='ocrx_word' id='word_1_391' title='bbox 2885 2023 3048 2077; x_wconf 86' lang='lat' dir='ltr'><strong>opera</strong></span> <span class='ocrx_word' id='word_1_392' title='bbox 3095 2009 3278 2063; x_wconf 84' lang='lat' dir='ltr'><strong>carnis</strong></span> <span class='ocrx_word' id='word_1_393' title='bbox 3325 2011 3503 2064; x_wconf 79' lang='lat' dir='ltr'><strong>exclu-</strong></span> 
     </span>
    </p>
   </div>
   <div class='ocr_carea' id='block_1_53' title="bbox 1932 2096 3500 2168">
    <p class='ocr_par' dir='ltr' id='par_1_53' title="bbox 1932 2096 3500 2168">
     <span class='ocr_line' id='line_1_53' title="bbox 1932 2096 3500 2168; baseline 0.003 -18"><span class='ocrx_word' id='word_1_394' title='bbox 1932 2096 2090 2161; x_wconf 90' lang='lat' dir='ltr'><strong>dcns,</strong></span> <span class='ocrx_word' id='word_1_395' title='bbox 2130 2113 2251 2167; x_wconf 72' lang='lat' dir='ltr'><strong>qua:</strong></span> <span class='ocrx_word' id='word_1_396' title='bbox 2283 2098 2467 2152; x_wconf 87' lang='lat' dir='ltr'><strong>carnis</strong></span> <span class='ocrx_word' id='word_1_397' title='bbox 2504 2098 2725 2152; x_wconf 89' lang='lat' dir='ltr'><strong>nomine</strong></span> <span class='ocrx_word' id='word_1_398' title='bbox 2760 2096 3045 2168; x_wconf 88' lang='lat' dir='ltr'><strong>Scriptura</strong></span> <span class='ocrx_word' id='word_1_399' title='bbox 3091 2100 3229 2154; x_wconf 88' lang='lat' dir='ltr'><strong>solet</strong></span> <span class='ocrx_word' id='word_1_400' title='bbox 3268 2099 3500 2163; x_wconf 80' lang='lat' dir='ltr'><strong>allicere,</strong></span> 
     </span>
    </p>
   </div>
   <div class='ocr_carea' id='block_1_54' title="bbox 1933 2189 3505 2260">
    <p class='ocr_par' dir='ltr' id='par_1_54' title="bbox 1933 2189 3505 2260">
     <span class='ocr_line' id='line_1_54' title="bbox 1933 2189 3505 2260; baseline 0.003 -19"><span class='ocrx_word' id='word_1_401' title='bbox 1933 2203 2041 2242; x_wconf 88' lang='lat' dir='ltr'><strong>una</strong></span> <span class='ocrx_word' id='word_1_402' title='bbox 2095 2196 2150 2243; x_wconf 90' lang='lat' dir='ltr'><strong>et</strong></span> <span class='ocrx_word' id='word_1_403' title='bbox 2206 2189 2626 2245; x_wconf 88' lang='lat' dir='ltr'><strong>resurrectionis</strong></span> <span class='ocrx_word' id='word_1_404' title='bbox 2695 2205 2845 2260; x_wconf 86' lang='lat' dir='ltr'><strong>spem</strong></span> <span class='ocrx_word' id='word_1_405' title='bbox 2909 2206 2941 2243; x_wconf 92' lang='lat' dir='ltr'><strong>a</strong></span> <span class='ocrx_word' id='word_1_406' title='bbox 3010 2206 3175 2246; x_wconf 91' lang='lat' dir='ltr'><strong>carne</strong></span> <span class='ocrx_word' id='word_1_407' title='bbox 3229 2192 3505 2247; x_wconf 84' lang='lat' dir='ltr'><strong>videretur</strong></span> 
     </span>
    </p>
   </div>
   <div class='ocr_carea' id='block_1_55' title="bbox 1932 2279 3504 2353">
    <p class='ocr_par' dir='ltr' id='par_1_55' title="bbox 1932 2279 3504 2353">
     <span class='ocr_line' id='line_1_55' title="bbox 1932 2279 3504 2353; baseline 0.003 -20"><span class='ocrx_word' id='word_1_408' title='bbox 1932 2280 2241 2335; x_wconf 74' lang='lat' dir='ltr'><strong>excludere.</strong></span> <span class='ocrx_word' id='word_1_409' title='bbox 2279 2279 2558 2350; x_wconf 88' lang='lat' dir='ltr'><strong>Siquidem</strong></span> <span class='ocrx_word' id='word_1_410' title='bbox 2588 2297 2709 2352; x_wconf 81' lang='lat' dir='ltr'><strong>quae</strong></span> <span class='ocrx_word' id='word_1_411' title='bbox 2746 2282 2801 2335; x_wconf 89' lang='lat' dir='ltr'><strong>in</strong></span> <span class='ocrx_word' id='word_1_412' title='bbox 2845 2282 2931 2335; x_wconf 85' lang='lat' dir='ltr'><strong>illa</strong></span> <span class='ocrx_word' id='word_1_413' title='bbox 2956 2293 3285 2338; x_wconf 82' lang='lat' dir='ltr'><strong>exercentur</strong></span> <span class='ocrx_word' id='word_1_414' title='bbox 3312 2284 3504 2353; x_wconf 74' lang='lat' dir='ltr'><strong>depra-</strong></span> 
     </span>
    </p>
   </div>
   <div class='ocr_carea' id='block_1_56' title="bbox 1934 2371 3505 2442">
    <p class='ocr_par' dir='ltr' id='par_1_56' title="bbox 1934 2371 3505 2442">
     <span class='ocr_line' id='line_1_56' title="bbox 1934 2371 3505 2442; baseline 0.003 -20"><span class='ocrx_word' id='word_1_415' title='bbox 1934 2377 2058 2425; x_wconf 88' lang='lat' dir='ltr'><strong>vata</strong></span> <span class='ocrx_word' id='word_1_416' title='bbox 2090 2386 2253 2441; x_wconf 89' lang='lat' dir='ltr'><strong>opera</strong></span> <span class='ocrx_word' id='word_1_417' title='bbox 2276 2371 2569 2426; x_wconf 84' lang='lat' dir='ltr'><strong>manifeste</strong></span> <span class='ocrx_word' id='word_1_418' title='bbox 2593 2371 2904 2438; x_wconf 81' lang='lat' dir='ltr'><strong>damnavit;</strong></span> <span class='ocrx_word' id='word_1_419' title='bbox 2927 2388 3147 2426; x_wconf 88' lang='lat' dir='ltr'><strong>carnem</strong></span> <span class='ocrx_word' id='word_1_420' title='bbox 3179 2373 3352 2442; x_wconf 87' lang='lat' dir='ltr'><strong>ipsam</strong></span> <span class='ocrx_word' id='word_1_421' title='bbox 3377 2388 3505 2428; x_wconf 88' lang='lat' dir='ltr'><strong>vero</strong></span> 
     </span>
    </p>
   </div>
   <div class='ocr_carea' id='block_1_57' title="bbox 1934 2462 3505 2534">
    <p class='ocr_par' dir='ltr' id='par_1_57' title="bbox 1934 2462 3505 2534">
     <span class='ocr_line' id='line_1_57' title="bbox 1934 2462 3505 2534; baseline 0.001 -17"><span class='ocrx_word' id='word_1_422' title='bbox 1934 2471 2184 2517; x_wconf 86' lang='lat' dir='ltr'><strong>sanctum</strong></span> <span class='ocrx_word' id='word_1_423' title='bbox 2214 2462 2486 2532; x_wconf 88' lang='lat' dir='ltr'><strong>quoddam</strong></span> <span class='ocrx_word' id='word_1_424' title='bbox 2522 2478 2644 2517; x_wconf 92' lang='lat' dir='ltr'><strong>esse</strong></span> <span class='ocrx_word' id='word_1_425' title='bbox 2670 2464 2931 2534; x_wconf 86' lang='lat' dir='ltr'><strong>templum</strong></span> <span class='ocrx_word' id='word_1_426' title='bbox 2967 2463 3021 2517; x_wconf 91' lang='lat' dir='ltr'><strong>in</strong></span> <span class='ocrx_word' id='word_1_427' title='bbox 3050 2478 3134 2526; x_wconf 89' lang='lat' dir='ltr'><strong>eo,</strong></span> <span class='ocrx_word' id='word_1_428' title='bbox 3164 2465 3256 2533; x_wconf 91' lang='lat' dir='ltr'><strong>qui</strong></span> <span class='ocrx_word' id='word_1_429' title='bbox 3285 2479 3505 2519; x_wconf 89' lang='lat' dir='ltr'><strong>carnem</strong></span> 
     </span>
    </p>
   </div>
   <div class='ocr_carea' id='block_1_58' title="bbox 1935 2552 3506 2623">
    <p class='ocr_par' dir='ltr' id='par_1_58' title="bbox 1935 2552 3506 2623">
     <span class='ocr_line' id='line_1_58' title="bbox 1935 2552 3506 2623; baseline 0.001 -16"><span class='ocrx_word' id='word_1_430' title='bbox 1935 2567 2090 2607; x_wconf 89' lang='lat' dir='ltr'><strong>suam</strong></span> <span class='ocrx_word' id='word_1_431' title='bbox 2148 2552 2538 2619; x_wconf 82' lang='lat' dir='ltr'><strong>sanctificavit,</strong></span> <span class='ocrx_word' id='word_1_432' title='bbox 2596 2568 2720 2609; x_wconf 87' lang='lat' dir='ltr'><strong>esse</strong></span> <span class='ocrx_word' id='word_1_433' title='bbox 2773 2554 2992 2620; x_wconf 89' lang='lat' dir='ltr'><strong>docuit,</strong></span> <span class='ocrx_word' id='word_1_434' title='bbox 3048 2554 3506 2623; x_wconf 85' lang='lat' dir='ltr'><strong>quemadmodum</strong></span> 
     </span>
    </p>
   </div>
   <div class='ocr_carea' id='block_1_59' title="bbox 1936 2642 3508 2716">
    <p class='ocr_par' dir='ltr' id='par_1_59' title="bbox 1936 2642 3508 2716">
     <span class='ocr_line' id='line_1_59' title="bbox 1936 2642 3508 2716; baseline -0.002 -16"><span class='ocrx_word' id='word_1_435' title='bbox 1936 2644 2201 2715; x_wconf 74' lang='lat' dir='ltr'><strong>scriptum</strong></span> <span class='ocrx_word' id='word_1_436' title='bbox 2237 2652 2359 2700; x_wconf 88' lang='lat' dir='ltr'><strong>est:</strong></span> <span class='ocrx_word' id='word_1_437' title='bbox 2393 2642 2591 2716; x_wconf 82' lang='lat' dir='ltr'><strong>Religio</strong></span> <span class='ocrx_word' id='word_1_438' title='bbox 2626 2644 2823 2698; x_wconf 87' lang='lat' dir='ltr'><strong>munda</strong></span> <span class='ocrx_word' id='word_1_439' title='bbox 2852 2644 2960 2699; x_wconf 84' lang='lat' dir='ltr'><strong>Deo</strong></span> <span class='ocrx_word' id='word_1_440' title='bbox 3003 2653 3051 2697; x_wconf 87' lang='lat' dir='ltr'><strong>et</strong></span> <span class='ocrx_word' id='word_1_441' title='bbox 3080 2644 3236 2698; x_wconf 85' lang='lat' dir='ltr'><strong>Patri</strong></span> <span class='ocrx_word' id='word_1_442' title='bbox 3268 2645 3378 2699; x_wconf 71' lang='lat' dir='ltr'><strong>lucc</strong></span> <span class='ocrx_word' id='word_1_443' title='bbox 3406 2654 3508 2710; x_wconf 78' lang='lat' dir='ltr'><strong>est,</strong></span> 
     </span>
    </p>
   </div>
   <div class='ocr_carea' id='block_1_60' title="bbox 1935 2735 3508 2807">
    <p class='ocr_par' dir='ltr' id='par_1_60' title="bbox 1935 2735 3508 2807">
     <span class='ocr_line' id='line_1_60' title="bbox 1935 2735 3508 2807; baseline 0 -17"><span class='ocrx_word' id='word_1_444' title='bbox 1935 2736 2148 2790; x_wconf 72' lang='lat' dir='ltr'><strong>visitare</strong></span> <span class='ocrx_word' id='word_1_445' title='bbox 2184 2736 2446 2805; x_wconf 77' lang='lat' dir='ltr'><strong>orplranos</strong></span> <span class='ocrx_word' id='word_1_446' title='bbox 2474 2746 2522 2789; x_wconf 89' lang='lat' dir='ltr'><strong>et</strong></span> <span class='ocrx_word' id='word_1_447' title='bbox 2553 2735 2738 2790; x_wconf 82' lang='lat' dir='ltr'><strong>viduas</strong></span> <span class='ocrx_word' id='word_1_448' title='bbox 2766 2738 2816 2789; x_wconf 89' lang='lat' dir='ltr'><strong>in</strong></span> <span class='ocrx_word' id='word_1_449' title='bbox 2846 2737 3125 2807; x_wconf 68' lang='lat' dir='ltr'><strong>afflictione</strong></span> <span class='ocrx_word' id='word_1_450' title='bbox 3156 2753 3254 2790; x_wconf 83' lang='lat' dir='ltr'><strong>sua</strong></span> <span class='ocrx_word' id='word_1_451' title='bbox 3274 2773 3289 2801; x_wconf 93' lang='lat'><strong>,</strong></span> <span class='ocrx_word' id='word_1_452' title='bbox 3315 2746 3363 2790; x_wconf 89' lang='lat' dir='ltr'><strong>et</strong></span> <span class='ocrx_word' id='word_1_453' title='bbox 3396 2737 3508 2790; x_wconf 86' lang='lat' dir='ltr'><strong>im-</strong></span> 
     </span>
    </p>
   </div>
   <div class='ocr_carea' id='block_1_61' title="bbox 1936 2825 3510 2881">
    <p class='ocr_par' dir='ltr' id='par_1_61' title="bbox 1936 2825 3510 2881">
     <span class='ocr_line' id='line_1_61' title="bbox 1936 2825 3510 2881; baseline -0.001 0"><span class='ocrx_word' id='word_1_454' title='bbox 1936 2827 2263 2881; x_wconf 82' lang='lat' dir='ltr'><strong>maculatum</strong></span> <span class='ocrx_word' id='word_1_455' title='bbox 2288 2842 2342 2880; x_wconf 84' lang='lat' dir='ltr'><strong>se</strong></span> <span class='ocrx_word' id='word_1_456' title='bbox 2367 2842 2673 2880; x_wconf 84' lang='lat' dir='ltr'><strong>conservare</strong></span> <span class='ocrx_word' id='word_1_457' title='bbox 2708 2827 2771 2879; x_wconf 77' lang='lat' dir='ltr'><strong>ab</strong></span> <span class='ocrx_word' id='word_1_458' title='bbox 2807 2827 2902 2879; x_wconf 84' lang='lat' dir='ltr'><strong>hoc</strong></span> <span class='ocrx_word' id='word_1_459' title='bbox 2935 2828 3135 2880; x_wconf 87' lang='lat' dir='ltr'><strong>mundo</strong></span> <span class='ocrx_word' id='word_1_460' title='bbox 3159 2826 3200 2878; x_wconf 82' lang='lat'><strong>&#39;.</strong></span> <span class='ocrx_word' id='word_1_461' title='bbox 3238 2825 3371 2881; x_wconf 87' lang='lat' dir='ltr'><strong>Item</strong></span> <span class='ocrx_word' id='word_1_462' title='bbox 3403 2827 3510 2880; x_wconf 88' lang='lat' dir='ltr'><strong>alio</strong></span> 
     </span>
    </p>
   </div>
   <div class='ocr_carea' id='block_1_62' title="bbox 1935 2918 3509 2988">
    <p class='ocr_par' dir='ltr' id='par_1_62' title="bbox 1935 2918 3509 2988">
     <span class='ocr_line' id='line_1_62' title="bbox 1935 2918 3509 2988; baseline -0.001 -16"><span class='ocrx_word' id='word_1_463' title='bbox 1935 2919 2057 2973; x_wconf 90' lang='lat' dir='ltr'><strong>loco</strong></span> <span class='ocrx_word' id='word_1_464' title='bbox 2086 2936 2099 2972; x_wconf 89' lang='lat'><strong>:</strong></span> <span class='ocrx_word' id='word_1_465' title='bbox 2129 2918 2275 2973; x_wconf 84' lang='lat' dir='ltr'><strong>Beati</strong></span> <span class='ocrx_word' id='word_1_466' title='bbox 2319 2918 2413 2987; x_wconf 90' lang='lat' dir='ltr'><strong>qui</strong></span> <span class='ocrx_word' id='word_1_467' title='bbox 2464 2933 2659 2988; x_wconf 87' lang='lat' dir='ltr'><strong>puram</strong></span> <span class='ocrx_word' id='word_1_468' title='bbox 2718 2926 3036 2988; x_wconf 85' lang='lat' dir='ltr'><strong>castamque</strong></span> <span class='ocrx_word' id='word_1_469' title='bbox 3084 2932 3304 2973; x_wconf 85' lang='lat' dir='ltr'><strong>carnem</strong></span> <span class='ocrx_word' id='word_1_470' title='bbox 3354 2934 3509 2972; x_wconf 87' lang='lat' dir='ltr'><strong>suam</strong></span> 
     </span>
    </p>
   </div>
   <div class='ocr_carea' id='block_1_63' title="bbox 1936 3008 3512 3080">
    <p class='ocr_par' dir='ltr' id='par_1_63' title="bbox 1936 3008 3512 3080">
     <span class='ocr_line' id='line_1_63' title="bbox 1936 3008 3512 3080; baseline -0.001 -14"><span class='ocrx_word' id='word_1_471' title='bbox 1936 3010 2296 3066; x_wconf 88' lang='lat' dir='ltr'><strong>servaverint.</strong></span> <span class='ocrx_word' id='word_1_472' title='bbox 2329 3010 2501 3064; x_wconf 82' lang='lat' dir='ltr'><strong>Porro</strong></span> <span class='ocrx_word' id='word_1_473' title='bbox 2549 3008 2829 3080; x_wconf 87' lang='lat' dir='ltr'><strong>Scriptura</strong></span> <span class='ocrx_word' id='word_1_474' title='bbox 2875 3010 3138 3065; x_wconf 90' lang='lat' dir='ltr'><strong>adversus</strong></span> <span class='ocrx_word' id='word_1_475' title='bbox 3167 3010 3312 3064; x_wconf 85' lang='lat' dir='ltr'><strong>illam</strong></span> <span class='ocrx_word' id='word_1_476' title='bbox 3370 3024 3512 3079; x_wconf 73' lang='lat' dir='ltr'><strong>saepe</strong></span> 
     </span>
    </p>
   </div>
   <div class='ocr_carea' id='block_1_64' title="bbox 1936 3100 3512 3173">
    <p class='ocr_par' dir='ltr' id='par_1_64' title="bbox 1936 3100 3512 3173">
     <span class='ocr_line' id='line_1_64' title="bbox 1936 3100 3512 3173; baseline 0.001 -18"><span class='ocrx_word' id='word_1_477' title='bbox 1936 3101 2246 3171; x_wconf 88' lang='lat' dir='ltr'><strong>disputans,</strong></span> <span class='ocrx_word' id='word_1_478' title='bbox 2288 3100 2617 3170; x_wconf 87' lang='lat' dir='ltr'><strong>cupiditates</strong></span> <span class='ocrx_word' id='word_1_479' title='bbox 2664 3118 2728 3157; x_wconf 89' lang='lat' dir='ltr'><strong>ac</strong></span> <span class='ocrx_word' id='word_1_480' title='bbox 2787 3103 3095 3173; x_wconf 80' lang='lat' dir='ltr'><strong>voluptates</strong></span> <span class='ocrx_word' id='word_1_481' title='bbox 3140 3104 3208 3157; x_wconf 89' lang='lat' dir='ltr'><strong>ab</strong></span> <span class='ocrx_word' id='word_1_482' title='bbox 3254 3104 3354 3156; x_wconf 87' lang='lat' dir='ltr'><strong>hac</strong></span> <span class='ocrx_word' id='word_1_483' title='bbox 3396 3104 3512 3171; x_wconf 79' lang='lat' dir='ltr'><strong>ipsa</strong></span> 
     </span>
    </p>
   </div>
   <div class='ocr_carea' id='block_1_65' title="bbox 256 3189 3508 3258">
    <p class='ocr_par' dir='ltr' id='par_1_65' title="bbox 256 3189 3508 3258">
     <span class='ocr_line' id='line_1_65' title="bbox 256 3189 3508 3258; baseline 0.002 -16"><span class='ocrx_word' id='word_1_484' title='bbox 256 3189 527 3258; x_wconf 89' lang='lat' dir='ltr'><strong>pullulare</strong></span> <span class='ocrx_word' id='word_1_485' title='bbox 576 3206 678 3246; x_wconf 89' lang='lat' dir='ltr'><strong>nos</strong></span> <span class='ocrx_word' id='word_1_486' title='bbox 727 3190 942 3256; x_wconf 90' lang='lat' dir='ltr'><strong>docuit;</strong></span> <span class='ocrx_word' id='word_1_487' title='bbox 983 3201 1176 3246; x_wconf 90' lang='lat' dir='ltr'><strong>contra</strong></span> <span class='ocrx_word' id='word_1_488' title='bbox 1218 3200 1450 3246; x_wconf 85' lang='lat' dir='ltr'><strong>mentem</strong></span> <span class='ocrx_word' id='word_1_489' title='bbox 1501 3206 1631 3246; x_wconf 90' lang='lat' dir='ltr'><strong>vero</strong></span> <span class='ocrx_word' id='word_1_490' title='bbox 1684 3191 1819 3245; x_wconf 90' lang='lat' dir='ltr'><strong>nihil</strong></span> <span class='ocrx_word' id='word_1_491' title='bbox 1854 3193 2079 3247; x_wconf 91' lang='lat' dir='ltr'><strong>omnino</strong></span> <span class='ocrx_word' id='word_1_492' title='bbox 2110 3193 2268 3257; x_wconf 80' lang='lat' dir='ltr'><strong>dixit,</strong></span> <span class='ocrx_word' id='word_1_493' title='bbox 2331 3192 2427 3248; x_wconf 89' lang='lat' dir='ltr'><strong>sed</strong></span> <span class='ocrx_word' id='word_1_494' title='bbox 2461 3193 2594 3248; x_wconf 87' lang='lat' dir='ltr'><strong>illud</strong></span> <span class='ocrx_word' id='word_1_495' title='bbox 2636 3195 2901 3249; x_wconf 88' lang='lat' dir='ltr'><strong>duntaxat</strong></span> <span class='ocrx_word' id='word_1_496' title='bbox 2947 3194 3236 3250; x_wconf 78' lang='lat' dir='ltr'><strong>:Psallam</strong></span> <span class='ocrx_word' id='word_1_497' title='bbox 3303 3204 3508 3257; x_wconf 84' lang='lat' dir='ltr'><strong>mente,</strong></span> 
     </span>
    </p>
   </div>
   <div class='ocr_carea' id='block_1_66' title="bbox 252 3281 3513 3354">
    <p class='ocr_par' dir='ltr' id='par_1_66' title="bbox 252 3281 3513 3354">
     <span class='ocr_line' id='line_1_66' title="bbox 252 3281 3513 3354; baseline 0.001 -20"><span class='ocrx_word' id='word_1_498' title='bbox 252 3281 489 3348; x_wconf 83' lang='lat' dir='ltr'><strong>psallam</strong></span> <span class='ocrx_word' id='word_1_499' title='bbox 517 3292 565 3335; x_wconf 91' lang='lat' dir='ltr'><strong>et</strong></span> <span class='ocrx_word' id='word_1_500' title='bbox 601 3283 793 3350; x_wconf 82' lang='lat' dir='ltr'><strong>spiritu</strong></span> <span class='ocrx_word' id='word_1_501' title='bbox 815 3283 854 3338; x_wconf 82' lang='grc'><strong>⁸.</strong></span> <span class='ocrx_word' id='word_1_502' title='bbox 879 3283 1007 3336; x_wconf 90' lang='lat' dir='ltr'><strong>Item</strong></span> <span class='ocrx_word' id='word_1_503' title='bbox 1044 3302 1056 3337; x_wconf 85' lang='lat'><strong>:</strong></span> <span class='ocrx_word' id='word_1_504' title='bbox 1092 3282 1146 3337; x_wconf 90' lang='lat' dir='ltr'><strong>Si</strong></span> <span class='ocrx_word' id='word_1_505' title='bbox 1172 3285 1396 3353; x_wconf 78' lang='lat' dir='ltr'><strong>psallam</strong></span> <span class='ocrx_word' id='word_1_506' title='bbox 1422 3284 1637 3354; x_wconf 87' lang='lat' dir='ltr'><strong>spiritu,</strong></span> <span class='ocrx_word' id='word_1_507' title='bbox 1689 3300 1843 3340; x_wconf 91' lang='lat' dir='ltr'><strong>mens</strong></span> <span class='ocrx_word' id='word_1_508' title='bbox 1877 3294 2055 3340; x_wconf 89' lang='lat' dir='ltr'><strong>autem</strong></span> <span class='ocrx_word' id='word_1_509' title='bbox 2092 3300 2211 3340; x_wconf 91' lang='lat' dir='ltr'><strong>mea</strong></span> <span class='ocrx_word' id='word_1_510' title='bbox 2250 3284 2590 3341; x_wconf 80' lang='lat' dir='ltr'><strong>infructuosa</strong></span> <span class='ocrx_word' id='word_1_511' title='bbox 2616 3288 2755 3342; x_wconf 90' lang='lat' dir='ltr'><strong>sit&quot;.</strong></span> <span class='ocrx_word' id='word_1_512' title='bbox 2794 3286 2893 3343; x_wconf 88' lang='lat' dir='ltr'><strong>Ubi</strong></span> <span class='ocrx_word' id='word_1_513' title='bbox 2949 3288 3100 3343; x_wconf 85' lang='lat' dir='ltr'><strong>vides</strong></span> <span class='ocrx_word' id='word_1_514' title='bbox 3138 3303 3297 3344; x_wconf 91' lang='lat' dir='ltr'><strong>suum</strong></span> <span class='ocrx_word' id='word_1_515' title='bbox 3347 3286 3513 3341; x_wconf 89' lang='lat' dir='ltr'><strong>menti</strong></span> 
     </span>
    </p>
   </div>
   <div class='ocr_carea' id='block_1_67' title="bbox 256 3368 3515 3451">
    <p class='ocr_par' dir='ltr' id='par_1_67' title="bbox 256 3368 3515 3451">
     <span class='ocr_line' id='line_1_67' title="bbox 256 3368 3515 3451; baseline 0.003 -28"><span class='ocrx_word' id='word_1_516' title='bbox 256 3368 497 3425; x_wconf 86' lang='lat' dir='ltr'><strong>fructum</strong></span> <span class='ocrx_word' id='word_1_517' title='bbox 528 3374 849 3428; x_wconf 86' lang='lat' dir='ltr'><strong>attributum</strong></span> <span class='ocrx_word' id='word_1_518' title='bbox 880 3392 892 3428; x_wconf 91' lang='lat'><strong>:</strong></span> <span class='ocrx_word' id='word_1_519' title='bbox 923 3389 986 3428; x_wconf 87' lang='lat' dir='ltr'><strong>ac</strong></span> <span class='ocrx_word' id='word_1_520' title='bbox 1032 3375 1247 3430; x_wconf 89' lang='lat' dir='ltr'><strong>tametsi</strong></span> <span class='ocrx_word' id='word_1_521' title='bbox 1280 3374 1492 3430; x_wconf 88' lang='lat' dir='ltr'><strong>fruetus</strong></span> <span class='ocrx_word' id='word_1_522' title='bbox 1522 3377 1705 3431; x_wconf 91' lang='lat' dir='ltr'><strong>nullus</strong></span> <span class='ocrx_word' id='word_1_523' title='bbox 1739 3377 1990 3442; x_wconf 82' lang='lat' dir='ltr'><strong>exsistat,</strong></span> <span class='ocrx_word' id='word_1_524' title='bbox 2027 3378 2179 3432; x_wconf 86' lang='lat' dir='ltr'><strong>nullo</strong></span> <span class='ocrx_word' id='word_1_525' title='bbox 2230 3385 2414 3432; x_wconf 88' lang='lat' dir='ltr'><strong>tamen</strong></span> <span class='ocrx_word' id='word_1_526' title='bbox 2460 3378 2620 3433; x_wconf 89' lang='lat' dir='ltr'><strong>modo</strong></span> <span class='ocrx_word' id='word_1_527' title='bbox 2660 3388 2893 3434; x_wconf 79' lang='lat' dir='ltr'><strong>utentem</strong></span> <span class='ocrx_word' id='word_1_528' title='bbox 2936 3379 3077 3435; x_wconf 90' lang='lat' dir='ltr'><strong>inter</strong></span> <span class='ocrx_word' id='word_1_529' title='bbox 3133 3387 3357 3451; x_wconf 84' lang='lat' dir='ltr'><strong>peccata</strong></span> <span class='ocrx_word' id='word_1_530' title='bbox 3410 3394 3515 3432; x_wconf 85' lang='lat' dir='ltr'><strong>nu-</strong></span> 
     </span>
    </p>
   </div>
   <div class='ocr_carea' id='block_1_68' title="bbox 264 3463 1835 3534">
    <p class='ocr_par' dir='ltr' id='par_1_68' title="bbox 264 3463 1835 3534">
     <span class='ocr_line' id='line_1_68' title="bbox 264 3463 1835 3534; baseline 0.004 -21"><span class='ocrx_word' id='word_1_531' title='bbox 264 3463 518 3529; x_wconf 90' lang='lat' dir='ltr'><strong>meravit,</strong></span> <span class='ocrx_word' id='word_1_532' title='bbox 553 3464 646 3519; x_wconf 90' lang='lat' dir='ltr'><strong>sed</strong></span> <span class='ocrx_word' id='word_1_533' title='bbox 675 3478 741 3519; x_wconf 81' lang='lat' dir='ltr'><strong>ex</strong></span> <span class='ocrx_word' id='word_1_534' title='bbox 774 3464 891 3534; x_wconf 89' lang='lat' dir='ltr'><strong>ipsa</strong></span> <span class='ocrx_word' id='word_1_535' title='bbox 931 3465 1114 3534; x_wconf 91' lang='lat' dir='ltr'><strong>potius</strong></span> <span class='ocrx_word' id='word_1_536' title='bbox 1139 3465 1273 3519; x_wconf 92' lang='lat' dir='ltr'><strong>oriri</strong></span> <span class='ocrx_word' id='word_1_537' title='bbox 1306 3464 1544 3519; x_wconf 90' lang='lat' dir='ltr'><strong>fructum</strong></span> <span class='ocrx_word' id='word_1_538' title='bbox 1576 3466 1835 3520; x_wconf 85' lang='lat' dir='ltr'><strong>asseruit.</strong></span> 
     </span>
    </p>
   </div>
   <div class='ocr_carea' id='block_1_69' title="bbox 332 3555 1837 3642">
    <p class='ocr_par' dir='ltr' id='par_1_69' title="bbox 332 3555 1837 3630">
     <span class='ocr_line' id='line_1_69' title="bbox 332 3555 1837 3630; baseline 0.001 -18"><span class='ocrx_word' id='word_1_539' title='bbox 332 3557 469 3613; x_wconf 79' lang='lat' dir='ltr'><strong>Kll&#39;.</strong></span> <span class='ocrx_word' id='word_1_540' title='bbox 523 3555 589 3610; x_wconf 89' lang='grc' dir='ltr'><strong>Τί</strong></span> <span class='ocrx_word' id='word_1_541' title='bbox 625 3555 682 3609; x_wconf 83' lang='grc' dir='ltr'>δὲ</span> <span class='ocrx_word' id='word_1_542' title='bbox 724 3555 911 3609; x_wconf 87' lang='grc' dir='ltr'>τούτου</span> <span class='ocrx_word' id='word_1_543' title='bbox 960 3557 1095 3628; x_wconf 77' lang='grc' dir='ltr'>πρὸς</span> <span class='ocrx_word' id='word_1_544' title='bbox 1139 3557 1237 3628; x_wconf 82' lang='grc' dir='ltr'><strong>τὴν</strong></span> <span class='ocrx_word' id='word_1_545' title='bbox 1284 3556 1378 3610; x_wconf 80' lang='grc' dir='ltr'>τοῦ</span> <span class='ocrx_word' id='word_1_546' title='bbox 1431 3557 1637 3630; x_wconf 82' lang='grc' dir='ltr'>Κυρίου</span> <span class='ocrx_word' id='word_1_547' title='bbox 1685 3559 1837 3629; x_wconf 76' lang='grc' dir='ltr'>ἡμῶν</span> 
     </span>
    </p>
   </div>
   <div class='ocr_carea' id='block_1_70' title="bbox 1940 3555 3516 3642">
    <p class='ocr_par' dir='ltr' id='par_1_70' title="bbox 2014 3556 3516 3628">
     <span class='ocr_line' id='line_1_70' title="bbox 2014 3556 3516 3628; baseline 0.004 -17"><span class='ocrx_word' id='word_1_548' title='bbox 2014 3556 2252 3614; x_wconf 81' lang='lat' dir='ltr'><strong>XXVIII.</strong></span> <span class='ocrx_word' id='word_1_549' title='bbox 2293 3556 2503 3628; x_wconf 85' lang='lat' dir='ltr'><strong>Ecquid</strong></span> <span class='ocrx_word' id='word_1_550' title='bbox 2535 3573 2662 3613; x_wconf 88' lang='lat' dir='ltr'><strong>vero</strong></span> <span class='ocrx_word' id='word_1_551' title='bbox 2689 3574 2755 3614; x_wconf 83' lang='lat' dir='ltr'><strong>ex</strong></span> <span class='ocrx_word' id='word_1_552' title='bbox 2792 3558 2914 3614; x_wconf 87' lang='lat' dir='ltr'><strong>istis</strong></span> <span class='ocrx_word' id='word_1_553' title='bbox 2965 3558 3221 3616; x_wconf 90' lang='lat' dir='ltr'><strong>omnibus</strong></span> <span class='ocrx_word' id='word_1_554' title='bbox 3252 3560 3464 3615; x_wconf 77' lang='lat' dir='ltr'><strong>advers</strong></span> <span class='ocrx_word' id='word_1_555' title='bbox 3490 3578 3516 3617; x_wconf 75' lang='grc' dir='ltr'><strong>ε</strong></span> 
     </span>
    </p>
   </div>
   <div class='ocr_carea' id='block_1_71' title="bbox 258 3646 1837 3723">
    <p class='ocr_par' dir='ltr' id='par_1_71' title="bbox 258 3646 1837 3723">
     <span class='ocr_line' id='line_1_71' title="bbox 258 3646 1837 3723; baseline -0.003 -15"><span class='ocrx_word' id='word_1_556' title='bbox 258 3651 492 3723; x_wconf 81' lang='grc' dir='ltr'>δύναμιν</span> <span class='ocrx_word' id='word_1_557' title='bbox 535 3649 635 3720; x_wconf 82' lang='grc' dir='ltr'><strong>τῆς</strong></span> <span class='ocrx_word' id='word_1_558' title='bbox 680 3646 932 3720; x_wconf 83' lang='grc' dir='ltr'>θεότητος</span> <span class='ocrx_word' id='word_1_559' title='bbox 980 3649 1274 3720; x_wconf 81' lang='grc' dir='ltr'>ὲνσκήψει;</span> <span class='ocrx_word' id='word_1_560' title='bbox 1324 3650 1377 3703; x_wconf 90' lang='grc' dir='ltr'><strong>τί</strong></span> <span class='ocrx_word' id='word_1_561' title='bbox 1427 3650 1484 3704; x_wconf 84' lang='grc' dir='ltr'>δὲ</span> <span class='ocrx_word' id='word_1_562' title='bbox 1540 3650 1837 3720; x_wconf 79' lang='grc' dir='ltr'>ἠμαύρωσε</span> 
     </span>
    </p>
   </div>
   <div class='ocr_carea' id='block_1_72' title="bbox 1940 3646 3518 3723">
    <p class='ocr_par' dir='ltr' id='par_1_72' title="bbox 1946 3648 3518 3722">
     <span class='ocr_line' id='line_1_72' title="bbox 1946 3648 3518 3722; baseline 0.002 -19"><span class='ocrx_word' id='word_1_563' title='bbox 1946 3648 2250 3706; x_wconf 84' lang='lat' dir='ltr'><strong>divinitatis</strong></span> <span class='ocrx_word' id='word_1_564' title='bbox 2279 3649 2492 3705; x_wconf 88' lang='lat' dir='ltr'><strong>Domini</strong></span> <span class='ocrx_word' id='word_1_565' title='bbox 2515 3650 2687 3706; x_wconf 87' lang='lat' dir='ltr'><strong>nostri</strong></span> <span class='ocrx_word' id='word_1_566' title='bbox 2722 3651 2931 3720; x_wconf 76' lang='lat'><strong>1022</strong></span> <span class='ocrx_word' id='word_1_567' title='bbox 2961 3650 3068 3704; x_wconf 88' lang='lat' dir='ltr'><strong>vim</strong></span> <span class='ocrx_word' id='word_1_568' title='bbox 3102 3667 3166 3707; x_wconf 90' lang='lat' dir='ltr'><strong>ac</strong></span> <span class='ocrx_word' id='word_1_569' title='bbox 3197 3661 3518 3722; x_wconf 89' lang='lat' dir='ltr'><strong>potestatem</strong></span> 
     </span>
    </p>
   </div>
   <div class='ocr_carea' id='block_1_73' title="bbox 258 3738 1837 3815">
    <p class='ocr_par' dir='ltr' id='par_1_73' title="bbox 258 3738 1837 3815">
     <span class='ocr_line' id='line_1_73' title="bbox 258 3738 1837 3815; baseline -0.005 -17"><span class='ocrx_word' id='word_1_570' title='bbox 258 3743 361 3815; x_wconf 82' lang='grc' dir='ltr'><strong>τὴν</strong></span> <span class='ocrx_word' id='word_1_571' title='bbox 387 3738 551 3796; x_wconf 74' lang='grc' dir='ltr'>αὐτοῦ</span> <span class='ocrx_word' id='word_1_572' title='bbox 591 3738 818 3808; x_wconf 84' lang='grc' dir='ltr'>δύναμιν</span> <span class='ocrx_word' id='word_1_573' title='bbox 844 3738 942 3807; x_wconf 77' lang='grc' dir='ltr'>τῆς</span> <span class='ocrx_word' id='word_1_574' title='bbox 982 3738 1141 3806; x_wconf 81' lang='grc' dir='ltr'>ἁγίας</span> <span class='ocrx_word' id='word_1_575' title='bbox 1174 3740 1430 3807; x_wconf 73' lang='grc' dir='ltr'>γυναικὸς</span> <span class='ocrx_word' id='word_1_576' title='bbox 1455 3742 1700 3812; x_wconf 85' lang='grc' dir='ltr'>γαστήρ;</span> <span class='ocrx_word' id='word_1_577' title='bbox 1739 3741 1837 3811; x_wconf 82' lang='grc' dir='ltr'><strong>μή-</strong></span> 
     </span>
    </p>
   </div>
   <div class='ocr_carea' id='block_1_74' title="bbox 1940 3738 3516 3815">
    <p class='ocr_par' dir='ltr' id='par_1_74' title="bbox 1948 3739 3516 3811">
     <span class='ocr_line' id='line_1_74' title="bbox 1948 3739 3516 3811; baseline 0.001 -18"><span class='ocrx_word' id='word_1_578' title='bbox 1948 3739 2117 3794; x_wconf 86' lang='lat' dir='ltr'><strong>facit?</strong></span> <span class='ocrx_word' id='word_1_579' title='bbox 2149 3746 2243 3794; x_wconf 91' lang='lat' dir='ltr'><strong>aut</strong></span> <span class='ocrx_word' id='word_1_580' title='bbox 2269 3755 2377 3811; x_wconf 90' lang='lat' dir='ltr'><strong>qua</strong></span> <span class='ocrx_word' id='word_1_581' title='bbox 2422 3741 2476 3795; x_wconf 90' lang='lat' dir='ltr'><strong>in</strong></span> <span class='ocrx_word' id='word_1_582' title='bbox 2511 3757 2570 3796; x_wconf 92' lang='lat' dir='ltr'><strong>re</strong></span> <span class='ocrx_word' id='word_1_583' title='bbox 2608 3742 2854 3795; x_wconf 87' lang='lat' dir='ltr'><strong>eamdem</strong></span> <span class='ocrx_word' id='word_1_584' title='bbox 2903 3743 3051 3795; x_wconf 89' lang='lat' dir='ltr'><strong>illam</strong></span> <span class='ocrx_word' id='word_1_585' title='bbox 3091 3741 3197 3794; x_wconf 80' lang='lat' dir='ltr'><strong>vim</strong></span> <span class='ocrx_word' id='word_1_586' title='bbox 3233 3744 3516 3797; x_wconf 87' lang='lat' dir='ltr'><strong>sanctissi-</strong></span> 
     </span>
    </p>
   </div>
   <div class='ocr_carea' id='block_1_75' title="bbox 258 3825 1839 3903">
    <p class='ocr_par' dir='ltr' id='par_1_75' title="bbox 258 3825 1839 3903">
     <span class='ocr_line' id='line_1_75' title="bbox 258 3825 1839 3903; baseline -0.006 -17"><span class='ocrx_word' id='word_1_587' title='bbox 258 3850 370 3903; x_wconf 86' lang='grc' dir='ltr'><strong>τρα</strong></span> <span class='ocrx_word' id='word_1_588' title='bbox 402 3828 718 3901; x_wconf 87' lang='grc' dir='ltr'>Παρθένου;</span> <span class='ocrx_word' id='word_1_589' title='bbox 752 3825 985 3880; x_wconf 84' lang='grc' dir='ltr'>τοκετῶν</span> <span class='ocrx_word' id='word_1_590' title='bbox 1020 3828 1206 3898; x_wconf 75' lang='grc' dir='ltr'>πόροις</span> <span class='ocrx_word' id='word_1_591' title='bbox 1243 3830 1475 3897; x_wconf 87' lang='grc' dir='ltr'>ἀγκάλαι</span> <span class='ocrx_word' id='word_1_592' title='bbox 1522 3828 1839 3899; x_wconf 83' lang='grc' dir='ltr'>Συμεῶνος;</span> 
     </span>
    </p>
   </div>
   <div class='ocr_carea' id='block_1_76' title="bbox 261 3920 1843 3995">
    <p class='ocr_par' dir='ltr' id='par_1_76' title="bbox 261 3920 1843 3995">
     <span class='ocr_line' id='line_1_76' title="bbox 261 3920 1843 3995; baseline -0.003 -16"><span class='ocrx_word' id='word_1_593' title='bbox 261 3922 582 3995; x_wconf 79' lang='grc' dir='ltr'>ἀνθρωπίνη</span> <span class='ocrx_word' id='word_1_594' title='bbox 625 3920 857 3991; x_wconf 81' lang='grc' dir='ltr'>ὑποδοχή</span> <span class='ocrx_word' id='word_1_595' title='bbox 903 3921 1049 3989; x_wconf 78' lang='grc'><strong>(95);</strong></span> <span class='ocrx_word' id='word_1_596' title='bbox 1095 3921 1311 3993; x_wconf 83' lang='grc' dir='ltr'>Μαρίας</span> <span class='ocrx_word' id='word_1_597' title='bbox 1354 3922 1702 3993; x_wconf 82' lang='grc' dir='ltr'>βασταγμός;</span> <span class='ocrx_word' id='word_1_598' title='bbox 1745 3923 1843 3992; x_wconf 84' lang='grc' dir='ltr'>τῆς</span> 
     </span>
    </p>
   </div>
   <div class='ocr_carea' id='block_1_77' title="bbox 267 3998 1840 4089">
    <p class='ocr_par' dir='ltr' id='par_1_77' title="bbox 267 3998 1840 4089">
     <span class='ocr_line' id='line_1_77' title="bbox 267 3998 1840 4089; baseline -0.004 -18"><span class='ocrx_word' id='word_1_599' title='bbox 267 4017 473 4089; x_wconf 71' lang='grc' dir='ltr'>πόρνης</span> <span class='ocrx_word' id='word_1_600' title='bbox 515 4014 688 4084; x_wconf 53' lang='lat' dir='ltr'><strong>discat;</strong></span> <span class='ocrx_word' id='word_1_601' title='bbox 741 4014 926 4085; x_wconf 87' lang='grc' dir='ltr'>τρίχες</span> <span class='ocrx_word' id='word_1_602' title='bbox 974 4013 1228 4083; x_wconf 76' lang='grc' dir='ltr'>γυναικὸς</span> <span class='ocrx_word' id='word_1_603' title='bbox 1274 3998 1451 4067; x_wconf 81' lang='grc' dir='ltr'>ποδῶν</span> <span class='ocrx_word' id='word_1_604' title='bbox 1503 4014 1840 4084; x_wconf 81' lang='grc' dir='ltr'>ἀπτόμεναι;</span> 
     </span>
    </p>
   </div>
   <div class='ocr_carea' id='block_1_78' title="bbox 266 4102 1844 4176">
    <p class='ocr_par' dir='ltr' id='par_1_78' title="bbox 266 4102 1844 4176">
     <span class='ocr_line' id='line_1_78' title="bbox 266 4102 1844 4176; baseline -0.006 -13"><span class='ocrx_word' id='word_1_605' title='bbox 266 4108 405 4163; x_wconf 80' lang='grc' dir='ltr'><strong>ἀλλά</strong></span> <span class='ocrx_word' id='word_1_606' title='bbox 434 4106 504 4160; x_wconf 83' lang='grc' dir='ltr'>τὰ</span> <span class='ocrx_word' id='word_1_607' title='bbox 534 4106 781 4173; x_wconf 87' lang='grc' dir='ltr'>δάκρυα;</span> <span class='ocrx_word' id='word_1_608' title='bbox 817 4105 953 4159; x_wconf 85' lang='grc' dir='ltr'>ἀλλὰ</span> <span class='ocrx_word' id='word_1_609' title='bbox 984 4106 1266 4176; x_wconf 83' lang='grc' dir='ltr'>μνήματος</span> <span class='ocrx_word' id='word_1_610' title='bbox 1298 4104 1354 4157; x_wconf 80' lang='grc' dir='ltr'>αἱ</span> <span class='ocrx_word' id='word_1_611' title='bbox 1400 4104 1609 4170; x_wconf 87' lang='grc' dir='ltr'>θέσεις;</span> <span class='ocrx_word' id='word_1_612' title='bbox 1644 4102 1844 4156; x_wconf 86' lang='grc' dir='ltr'>Σινδὼν</span> 
     </span>
    </p>
   </div>
   <div class='ocr_carea' id='block_1_79' title="bbox 265 4193 1844 4273">
    <p class='ocr_par' dir='ltr' id='par_1_79' title="bbox 265 4193 1844 4273">
     <span class='ocr_line' id='line_1_79' title="bbox 265 4193 1844 4273; baseline -0.004 -20"><span class='ocrx_word' id='word_1_613' title='bbox 265 4201 376 4273; x_wconf 80' lang='grc' dir='ltr'><strong>γὰρ</strong></span> <span class='ocrx_word' id='word_1_614' title='bbox 406 4200 670 4271; x_wconf 73' lang='grc' dir='ltr'>εἱλήσασα</span> <span class='ocrx_word' id='word_1_615' title='bbox 700 4197 760 4250; x_wconf 83' lang='grc' dir='ltr'><strong>τὸ</strong></span> <span class='ocrx_word' id='word_1_616' title='bbox 789 4197 947 4267; x_wconf 84' lang='grc' dir='ltr'>σῶμα</span> <span class='ocrx_word' id='word_1_617' title='bbox 979 4195 1140 4249; x_wconf 80' lang='grc' dir='ltr'>αὐτοῦ</span> <span class='ocrx_word' id='word_1_618' title='bbox 1173 4196 1234 4249; x_wconf 85' lang='grc' dir='ltr'><strong>ού</strong></span> <span class='ocrx_word' id='word_1_619' title='bbox 1262 4195 1604 4265; x_wconf 82' lang='grc' dir='ltr'>περιεγένετο</span> <span class='ocrx_word' id='word_1_620' title='bbox 1636 4193 1844 4247; x_wconf 82' lang='grc' dir='ltr'>ἐκείνου</span> 
     </span>
    </p>
   </div>
   <div class='ocr_carea' id='block_1_80' title="bbox 266 4285 1842 4364">
    <p class='ocr_par' dir='ltr' id='par_1_80' title="bbox 266 4285 1842 4364">
     <span class='ocr_line' id='line_1_80' title="bbox 266 4285 1842 4364; baseline -0.003 -21"><span class='ocrx_word' id='word_1_621' title='bbox 266 4292 362 4344; x_wconf 73' lang='grc' dir='ltr'>τοῦ</span> <span class='ocrx_word' id='word_1_622' title='bbox 395 4287 756 4364; x_wconf 80' lang='grc' dir='ltr'>ἀκραιφνοῦς,</span> <span class='ocrx_word' id='word_1_623' title='bbox 789 4290 884 4343; x_wconf 76' lang='grc' dir='ltr'><strong>καὶ</strong></span> <span class='ocrx_word' id='word_1_624' title='bbox 913 4288 1013 4358; x_wconf 81' lang='grc' dir='ltr'><strong>τῆς</strong></span> <span class='ocrx_word' id='word_1_625' title='bbox 1046 4287 1210 4340; x_wconf 77' lang='grc' dir='ltr'>αὐτοῦ</span> <span class='ocrx_word' id='word_1_626' title='bbox 1248 4286 1508 4359; x_wconf 87' lang='grc' dir='ltr'>μεγίστης</span> <span class='ocrx_word' id='word_1_627' title='bbox 1543 4285 1842 4355; x_wconf 85' lang='grc' dir='ltr'>δυνάμεως.</span> 
     </span>
    </p>
   </div>
   <div class='ocr_carea' id='block_1_81' title="bbox 269 4376 1843 4453">
    <p class='ocr_par' dir='ltr' id='par_1_81' title="bbox 269 4376 1843 4453">
     <span class='ocr_line' id='line_1_81' title="bbox 269 4376 1843 4453; baseline -0.003 -19"><span class='ocrx_word' id='word_1_628' title='bbox 269 4381 383 4435; x_wconf 71' lang='grc' dir='ltr'><strong>Καὶ</strong></span> <span class='ocrx_word' id='word_1_629' title='bbox 412 4380 519 4453; x_wconf 81' lang='grc' dir='ltr'><strong>γάρ</strong></span> <span class='ocrx_word' id='word_1_630' title='bbox 550 4380 630 4433; x_wconf 73' lang='grc' dir='ltr'>ἔτι</span> <span class='ocrx_word' id='word_1_631' title='bbox 661 4380 717 4433; x_wconf 82' lang='grc' dir='ltr'>ὲν</span> <span class='ocrx_word' id='word_1_632' title='bbox 747 4378 922 4451; x_wconf 81' lang='grc' dir='ltr'>κοιλίᾳ</span> <span class='ocrx_word' id='word_1_633' title='bbox 968 4378 1247 4449; x_wconf 85' lang='grc' dir='ltr'>τυγχάνων</span> <span class='ocrx_word' id='word_1_634' title='bbox 1302 4379 1551 4449; x_wconf 82' lang='grc' dir='ltr'>Ἰωάννης</span> <span class='ocrx_word' id='word_1_635' title='bbox 1596 4376 1843 4447; x_wconf 77' lang='grc' dir='ltr'>ἐσκίρτα,</span> 
     </span>
    </p>
   </div>
   <div class='ocr_carea' id='block_1_82' title="bbox 266 4468 1845 4547">
    <p class='ocr_par' dir='ltr' id='par_1_82' title="bbox 266 4468 1845 4547">
     <span class='ocr_line' id='line_1_82' title="bbox 266 4468 1845 4547; baseline -0.004 -20"><span class='ocrx_word' id='word_1_636' title='bbox 266 4475 478 4547; x_wconf 79' lang='grc' dir='ltr'>χαίρων</span> <span class='ocrx_word' id='word_1_637' title='bbox 506 4472 600 4526; x_wconf 75' lang='grc' dir='ltr'>ἐπὶ</span> <span class='ocrx_word' id='word_1_638' title='bbox 624 4474 692 4544; x_wconf 78' lang='grc' dir='ltr'>τῇ</span> <span class='ocrx_word' id='word_1_639' title='bbox 734 4471 829 4525; x_wconf 80' lang='grc' dir='ltr'>τοῦ</span> <span class='ocrx_word' id='word_1_640' title='bbox 859 4471 1128 4523; x_wconf 87' lang='grc' dir='ltr'>Δεσπὸτου</span> <span class='ocrx_word' id='word_1_641' title='bbox 1162 4468 1327 4524; x_wconf 76' lang='grc' dir='ltr'>αὑτοῦ</span> <span class='ocrx_word' id='word_1_642' title='bbox 1369 4470 1505 4541; x_wconf 88' lang='grc' dir='ltr'>πρὸς</span> <span class='ocrx_word' id='word_1_643' title='bbox 1537 4469 1698 4523; x_wconf 81' lang='grc' dir='ltr'>αὑτὸν</span> <span class='ocrx_word' id='word_1_644' title='bbox 1732 4470 1845 4521; x_wconf 85' lang='grc' dir='ltr'>εἰσ-</span> 
     </span>
    </p>
   </div>
   <div class='ocr_carea' id='block_1_83' title="bbox 271 4559 1845 4634">
    <p class='ocr_par' dir='ltr' id='par_1_83' title="bbox 271 4559 1845 4634">
     <span class='ocr_line' id='line_1_83' title="bbox 271 4559 1845 4634; baseline -0.003 -19"><span class='ocrx_word' id='word_1_645' title='bbox 271 4562 376 4634; x_wconf 78' lang='grc' dir='ltr'><strong>όδῳ</strong></span> <span class='ocrx_word' id='word_1_646' title='bbox 426 4563 516 4617; x_wconf 78' lang='grc' dir='ltr'><strong>διὰ</strong></span> <span class='ocrx_word' id='word_1_647' title='bbox 560 4565 661 4633; x_wconf 77' lang='grc' dir='ltr'><strong>τῆς</strong></span> <span class='ocrx_word' id='word_1_648' title='bbox 711 4562 1129 4633; x_wconf 81' lang='grc' dir='ltr'>ὲγκυμονήσεως</span> <span class='ocrx_word' id='word_1_649' title='bbox 1173 4562 1272 4632; x_wconf 83' lang='grc' dir='ltr'>τῆς</span> <span class='ocrx_word' id='word_1_650' title='bbox 1321 4561 1482 4629; x_wconf 86' lang='grc' dir='ltr'>ἁγίας</span> <span class='ocrx_word' id='word_1_651' title='bbox 1545 4559 1845 4631; x_wconf 87' lang='grc' dir='ltr'>Παρθένου.</span> 
     </span>
    </p>
   </div>
   <div class='ocr_carea' id='block_1_84' title="bbox 270 4638 1850 4723">
    <p class='ocr_par' dir='ltr' id='par_1_84' title="bbox 270 4638 1850 4723">
     <span class='ocr_line' id='line_1_84' title="bbox 270 4638 1850 4723; baseline -0.003 -19"><span class='ocrx_word' id='word_1_652' title='bbox 270 4652 557 4723; x_wconf 75' lang='grc' dir='ltr'>Γεννηθεὶς</span> <span class='ocrx_word' id='word_1_653' title='bbox 595 4651 671 4716; x_wconf 82' lang='grc' dir='ltr'>δὲ,</span> <span class='ocrx_word' id='word_1_654' title='bbox 703 4650 797 4704; x_wconf 75' lang='grc' dir='ltr'><strong>καὶ</strong></span> <span class='ocrx_word' id='word_1_655' title='bbox 824 4652 880 4704; x_wconf 83' lang='grc' dir='ltr'>ὲν</span> <span class='ocrx_word' id='word_1_656' title='bbox 911 4638 1097 4722; x_wconf 62' lang='grc' dir='ltr'>φάτνη</span> <span class='ocrx_word' id='word_1_657' title='bbox 1112 4649 1383 4718; x_wconf 88' lang='grc' dir='ltr'>κείμενος,</span> <span class='ocrx_word' id='word_1_658' title='bbox 1410 4648 1469 4701; x_wconf 88' lang='grc' dir='ltr'><strong>ού</strong></span> <span class='ocrx_word' id='word_1_659' title='bbox 1503 4646 1722 4717; x_wconf 81' lang='grc' dir='ltr'>λέληθεν</span> <span class='ocrx_word' id='word_1_660' title='bbox 1751 4647 1850 4714; x_wconf 86' lang='grc' dir='ltr'>ἀγ-</span> 
     </span>
    </p>
   </div>
   <div class='ocr_carea' id='block_1_85' title="bbox 268 4738 1850 4813">
    <p class='ocr_par' dir='ltr' id='par_1_85' title="bbox 268 4738 1850 4813">
     <span class='ocr_line' id='line_1_85' title="bbox 268 4738 1850 4813; baseline -0.003 -18"><span class='ocrx_word' id='word_1_661' title='bbox 268 4743 445 4813; x_wconf 84' lang='grc' dir='ltr'>γέλων</span> <span class='ocrx_word' id='word_1_662' title='bbox 488 4742 669 4813; x_wconf 84' lang='grc' dir='ltr'>χορόν.</span> <span class='ocrx_word' id='word_1_663' title='bbox 708 4738 1059 4813; x_wconf 76' lang='grc' dir='ltr'>Παρεμϐολαὶ</span> <span class='ocrx_word' id='word_1_664' title='bbox 1094 4740 1151 4793; x_wconf 86' lang='grc' dir='ltr'><strong>δὲ</strong></span> <span class='ocrx_word' id='word_1_665' title='bbox 1184 4740 1276 4793; x_wconf 76' lang='grc' dir='ltr'>ἐπὶ</span> <span class='ocrx_word' id='word_1_666' title='bbox 1323 4741 1389 4810; x_wconf 81' lang='grc' dir='ltr'><strong>τῇ</strong></span> <span class='ocrx_word' id='word_1_667' title='bbox 1444 4738 1537 4793; x_wconf 85' lang='grc' dir='ltr'>τοῦ</span> <span class='ocrx_word' id='word_1_668' title='bbox 1588 4738 1850 4808; x_wconf 84' lang='grc' dir='ltr'>βασιλέως</span> 
     </span>
    </p>
   </div>
   <div class='ocr_carea' id='block_1_86' title="bbox 268 4827 1849 4902">
    <p class='ocr_par' dir='ltr' id='par_1_86' title="bbox 268 4827 1849 4902">
     <span class='ocr_line' id='line_1_86' title="bbox 268 4827 1849 4902; baseline -0.005 -16"><span class='ocrx_word' id='word_1_669' title='bbox 268 4830 367 4886; x_wconf 73' lang='grc' dir='ltr'>τοῦ</span> <span class='ocrx_word' id='word_1_670' title='bbox 419 4832 610 4895; x_wconf 80' lang='grc' dir='ltr'>αἰῶνος</span> <span class='ocrx_word' id='word_1_671' title='bbox 657 4830 846 4902; x_wconf 76' lang='grc' dir='ltr'>εἰσόδῳ</span> <span class='ocrx_word' id='word_1_672' title='bbox 881 4830 1199 4902; x_wconf 80' lang='grc' dir='ltr'>δορυφορεῖν</span> <span class='ocrx_word' id='word_1_673' title='bbox 1246 4827 1655 4893; x_wconf 85' lang='grc' dir='ltr'>ἀπεστέλλοντο,</span> <span class='ocrx_word' id='word_1_674' title='bbox 1694 4827 1849 4897; x_wconf 78' lang='grc' dir='ltr'>ὕμνοι</span> 
     </span>
    </p>
   </div>
   <div class='ocr_carea' id='block_1_87' title="bbox 1948 3831 3519 3902">
    <p class='ocr_par' dir='ltr' id='par_1_87' title="bbox 1948 3831 3519 3902">
     <span class='ocr_line' id='line_1_87' title="bbox 1948 3831 3519 3902; baseline 0.003 -18"><span class='ocrx_word' id='word_1_675' title='bbox 1948 3846 2050 3884; x_wconf 66' lang='grc' dir='ltr'>ωειλ</span> <span class='ocrx_word' id='word_1_676' title='bbox 2090 3831 2334 3887; x_wconf 89' lang='lat' dir='ltr'><strong>mulieris</strong></span> <span class='ocrx_word' id='word_1_677' title='bbox 2369 3840 2558 3886; x_wconf 90' lang='lat' dir='ltr'><strong>venter</strong></span> <span class='ocrx_word' id='word_1_678' title='bbox 2594 3831 2949 3887; x_wconf 88' lang='lat' dir='ltr'><strong>obscuravit?</strong></span> <span class='ocrx_word' id='word_1_679' title='bbox 2992 3840 3087 3886; x_wconf 90' lang='lat' dir='ltr'><strong>aut</strong></span> <span class='ocrx_word' id='word_1_680' title='bbox 3125 3832 3364 3902; x_wconf 79' lang='lat' dir='ltr'><strong>Virginis</strong></span> <span class='ocrx_word' id='word_1_681' title='bbox 3400 3844 3519 3888; x_wconf 88' lang='lat' dir='ltr'><strong>ute-</strong></span> 
     </span>
    </p>
   </div>
   <div class='ocr_carea' id='block_1_88' title="bbox 1950 3922 3589 3994">
    <p class='ocr_par' dir='ltr' id='par_1_88' title="bbox 1950 3922 3589 3994">
     <span class='ocr_line' id='line_1_88' title="bbox 1950 3922 3589 3994; baseline 0.001 -16"><span class='ocrx_word' id='word_1_682' title='bbox 1950 3922 2083 3978; x_wconf 88' lang='lat' dir='ltr'><strong>rus?</strong></span> <span class='ocrx_word' id='word_1_683' title='bbox 2110 3931 2203 3976; x_wconf 92' lang='lat' dir='ltr'><strong>aut</strong></span> <span class='ocrx_word' id='word_1_684' title='bbox 2227 3933 2417 3993; x_wconf 87' lang='lat' dir='ltr'><strong>partus</strong></span> <span class='ocrx_word' id='word_1_685' title='bbox 2455 3923 2632 3979; x_wconf 79' lang='lat' dir='ltr'><strong>exitus</strong></span> <span class='ocrx_word' id='word_1_686' title='bbox 2695 3938 2760 3977; x_wconf 87' lang='lat' dir='ltr'><strong>ac</strong></span> <span class='ocrx_word' id='word_1_687' title='bbox 2802 3924 3051 3979; x_wconf 88' lang='lat' dir='ltr'><strong>meatus?</strong></span> <span class='ocrx_word' id='word_1_688' title='bbox 3099 3932 3193 3978; x_wconf 87' lang='lat' dir='ltr'><strong>aut</strong></span> <span class='ocrx_word' id='word_1_689' title='bbox 3234 3923 3520 3994; x_wconf 85' lang='lat' dir='ltr'><strong>Symeouis</strong></span> <span class='ocrx_word' id='word_1_690' title='bbox 3584 3972 3589 3979; x_wconf 97' lang='lat'><strong>.</strong></span> 
     </span>
    </p>
   </div>
   <div class='ocr_carea' id='block_1_89' title="bbox 1951 4013 3517 4086">
    <p class='ocr_par' dir='ltr' id='par_1_89' title="bbox 1951 4013 3517 4086">
     <span class='ocr_line' id='line_1_89' title="bbox 1951 4013 3517 4086; baseline 0.002 -18"><span class='ocrx_word' id='word_1_691' title='bbox 1951 4013 2131 4068; x_wconf 81' lang='lat' dir='ltr'><strong>ulme&#39;?</strong></span> <span class='ocrx_word' id='word_1_692' title='bbox 2159 4023 2253 4067; x_wconf 89' lang='lat' dir='ltr'><strong>aut</strong></span> <span class='ocrx_word' id='word_1_693' title='bbox 2276 4014 2558 4068; x_wconf 83' lang='lat' dir='ltr'><strong>hominum</strong></span> <span class='ocrx_word' id='word_1_694' title='bbox 2581 4015 2869 4084; x_wconf 77' lang='lat' dir='ltr'><strong>exceptio?</strong></span> <span class='ocrx_word' id='word_1_695' title='bbox 2900 4014 3084 4069; x_wconf 64' lang='lat' dir='ltr'><strong>Mariae</strong></span> <span class='ocrx_word' id='word_1_696' title='bbox 3119 4016 3386 4086; x_wconf 84' lang='lat' dir='ltr'><strong>gestatio?</strong></span> <span class='ocrx_word' id='word_1_697' title='bbox 3412 4031 3517 4071; x_wconf 91' lang='lat' dir='ltr'><strong>me-</strong></span> 
     </span>
    </p>
   </div>
   <div class='ocr_carea' id='block_1_90' title="bbox 1951 4104 3520 4177">
    <p class='ocr_par' dir='ltr' id='par_1_90' title="bbox 1951 4104 3520 4177">
     <span class='ocr_line' id='line_1_90' title="bbox 1951 4104 3520 4177; baseline 0.002 -18"><span class='ocrx_word' id='word_1_698' title='bbox 1951 4104 2168 4159; x_wconf 88' lang='lat' dir='ltr'><strong>retricis</strong></span> <span class='ocrx_word' id='word_1_699' title='bbox 2192 4106 2535 4160; x_wconf 83' lang='lat' dir='ltr'><strong>attrectatio?</strong></span> <span class='ocrx_word' id='word_1_700' title='bbox 2564 4106 2810 4162; x_wconf 90' lang='lat' dir='ltr'><strong>mulieris</strong></span> <span class='ocrx_word' id='word_1_701' title='bbox 2832 4107 3034 4176; x_wconf 90' lang='lat' dir='ltr'><strong>capilli,</strong></span> <span class='ocrx_word' id='word_1_702' title='bbox 3070 4108 3161 4177; x_wconf 87' lang='lat' dir='ltr'><strong>qui</strong></span> <span class='ocrx_word' id='word_1_703' title='bbox 3190 4107 3334 4162; x_wconf 90' lang='lat' dir='ltr'><strong>illius</strong></span> <span class='ocrx_word' id='word_1_704' title='bbox 3357 4107 3520 4177; x_wconf 89' lang='lat' dir='ltr'><strong>pedes</strong></span> 
     </span>
    </p>
   </div>
   <div class='ocr_carea' id='block_1_91' title="bbox 1952 4194 3522 4267">
    <p class='ocr_par' dir='ltr' id='par_1_91' title="bbox 1952 4194 3522 4267">
     <span class='ocr_line' id='line_1_91' title="bbox 1952 4194 3522 4267; baseline 0 -19"><span class='ocrx_word' id='word_1_705' title='bbox 1952 4194 2332 4265; x_wconf 80' lang='lat' dir='ltr'><strong>contigerunt?</strong></span> <span class='ocrx_word' id='word_1_706' title='bbox 2361 4206 2453 4249; x_wconf 89' lang='lat' dir='ltr'><strong>aut</strong></span> <span class='ocrx_word' id='word_1_707' title='bbox 2479 4196 2769 4267; x_wconf 75' lang='lat' dir='ltr'><strong>lacrymze?</strong></span> <span class='ocrx_word' id='word_1_708' title='bbox 2797 4206 2889 4251; x_wconf 88' lang='lat' dir='ltr'><strong>aut</strong></span> <span class='ocrx_word' id='word_1_709' title='bbox 2914 4198 3005 4250; x_wconf 89' lang='lat' dir='ltr'><strong>illa</strong></span> <span class='ocrx_word' id='word_1_710' title='bbox 3038 4196 3092 4250; x_wconf 90' lang='lat' dir='ltr'><strong>in</strong></span> <span class='ocrx_word' id='word_1_711' title='bbox 3125 4197 3522 4252; x_wconf 88' lang='lat' dir='ltr'><strong>monimentum</strong></span> 
     </span>
    </p>
   </div>
   <div class='ocr_carea' id='block_1_92' title="bbox 1954 4283 3525 4358">
    <p class='ocr_par' dir='ltr' id='par_1_92' title="bbox 1954 4283 3525 4358">
     <span class='ocr_line' id='line_1_92' title="bbox 1954 4283 3525 4358; baseline 0.001 -19"><span class='ocrx_word' id='word_1_712' title='bbox 1954 4283 2259 4354; x_wconf 90' lang='lat' dir='ltr'><strong>depositio?</strong></span> <span class='ocrx_word' id='word_1_713' title='bbox 2287 4286 2498 4355; x_wconf 85' lang='lat' dir='ltr'><strong>Quippe</strong></span> <span class='ocrx_word' id='word_1_714' title='bbox 2545 4288 2743 4342; x_wconf 88' lang='lat' dir='ltr'><strong>sindon</strong></span> <span class='ocrx_word' id='word_1_715' title='bbox 2784 4288 2895 4351; x_wconf 89' lang='lat' dir='ltr'><strong>illa,</strong></span> <span class='ocrx_word' id='word_1_716' title='bbox 2937 4303 3058 4358; x_wconf 63' lang='lat' dir='ltr'><strong>quae</strong></span> <span class='ocrx_word' id='word_1_717' title='bbox 3111 4289 3283 4358; x_wconf 77' lang='lat' dir='ltr'><strong>ipsius</strong></span> <span class='ocrx_word' id='word_1_718' title='bbox 3322 4302 3525 4358; x_wconf 78' lang='lat' dir='ltr'><strong>corpus</strong></span> 
     </span>
    </p>
   </div>
   <div class='ocr_carea' id='block_1_93' title="bbox 1954 4376 3525 4449">
    <p class='ocr_par' dir='ltr' id='par_1_93' title="bbox 1954 4376 3525 4449">
     <span class='ocr_line' id='line_1_93' title="bbox 1954 4376 3525 4449; baseline 0.001 -18"><span class='ocrx_word' id='word_1_719' title='bbox 1954 4376 2212 4441; x_wconf 90' lang='lat' dir='ltr'><strong>obvolvit,</strong></span> <span class='ocrx_word' id='word_1_720' title='bbox 2237 4377 2512 4433; x_wconf 91' lang='lat' dir='ltr'><strong>sincerum</strong></span> <span class='ocrx_word' id='word_1_721' title='bbox 2543 4378 2697 4433; x_wconf 92' lang='lat' dir='ltr'><strong>illum</strong></span> <span class='ocrx_word' id='word_1_722' title='bbox 2727 4386 2781 4434; x_wconf 84' lang='lat' dir='ltr'><strong>et</strong></span> <span class='ocrx_word' id='word_1_723' title='bbox 2819 4381 3111 4449; x_wconf 83' lang='lat' dir='ltr'><strong>integrum,</strong></span> <span class='ocrx_word' id='word_1_724' title='bbox 3142 4380 3224 4434; x_wconf 90' lang='lat' dir='ltr'><strong>vel</strong></span> <span class='ocrx_word' id='word_1_725' title='bbox 3254 4394 3525 4435; x_wconf 89' lang='lat' dir='ltr'><strong>summam</strong></span> 
     </span>
    </p>
   </div>
   <div class='ocr_carea' id='block_1_94' title="bbox 1954 4467 3524 4540">
    <p class='ocr_par' dir='ltr' id='par_1_94' title="bbox 1954 4467 3524 4540">
     <span class='ocr_line' id='line_1_94' title="bbox 1954 4467 3524 4540; baseline 0.001 -19"><span class='ocrx_word' id='word_1_726' title='bbox 1954 4467 2102 4522; x_wconf 86' lang='lat' dir='ltr'><strong>illius</strong></span> <span class='ocrx_word' id='word_1_727' title='bbox 2142 4475 2467 4537; x_wconf 91' lang='lat' dir='ltr'><strong>potestatem</strong></span> <span class='ocrx_word' id='word_1_728' title='bbox 2513 4483 2777 4538; x_wconf 89' lang='lat' dir='ltr'><strong>superare</strong></span> <span class='ocrx_word' id='word_1_729' title='bbox 2820 4470 3043 4525; x_wconf 87' lang='lat' dir='ltr'><strong>minime</strong></span> <span class='ocrx_word' id='word_1_730' title='bbox 3077 4470 3273 4540; x_wconf 93' lang='lat' dir='ltr'><strong>potuit.</strong></span> <span class='ocrx_word' id='word_1_731' title='bbox 3310 4468 3524 4525; x_wconf 85' lang='lat' dir='ltr'><strong>Etenim</strong></span> 
     </span>
    </p>
   </div>
   <div class='ocr_carea' id='block_1_95' title="bbox 1954 4555 3531 4632">
    <p class='ocr_par' dir='ltr' id='par_1_95' title="bbox 1954 4555 3531 4632">
     <span class='ocr_line' id='line_1_95' title="bbox 1954 4555 3531 4632; baseline 0.003 -20"><span class='ocrx_word' id='word_1_732' title='bbox 1954 4555 2194 4613; x_wconf 88' lang='lat' dir='ltr'><strong>Joannes</strong></span> <span class='ocrx_word' id='word_1_733' title='bbox 2218 4573 2340 4612; x_wconf 92' lang='lat' dir='ltr'><strong>cum</strong></span> <span class='ocrx_word' id='word_1_734' title='bbox 2373 4559 2428 4612; x_wconf 94' lang='lat' dir='ltr'><strong>in</strong></span> <span class='ocrx_word' id='word_1_735' title='bbox 2456 4558 2648 4614; x_wconf 86' lang='lat' dir='ltr'><strong>matris</strong></span> <span class='ocrx_word' id='word_1_736' title='bbox 2676 4567 2830 4615; x_wconf 90' lang='lat' dir='ltr'><strong>utero</strong></span> <span class='ocrx_word' id='word_1_737' title='bbox 2860 4569 3193 4627; x_wconf 83' lang='lat' dir='ltr'><strong>versaretur,</strong></span> <span class='ocrx_word' id='word_1_738' title='bbox 3229 4560 3299 4614; x_wconf 91' lang='lat' dir='ltr'><strong>ob</strong></span> <span class='ocrx_word' id='word_1_739' title='bbox 3322 4560 3531 4632; x_wconf 84' lang='lat' dir='ltr'><strong>ingres-</strong></span> 
     </span>
    </p>
   </div>
   <div class='ocr_carea' id='block_1_96' title="bbox 1957 4648 3533 4723">
    <p class='ocr_par' dir='ltr' id='par_1_96' title="bbox 1957 4648 3533 4723">
     <span class='ocr_line' id='line_1_96' title="bbox 1957 4648 3533 4723; baseline 0.001 -18"><span class='ocrx_word' id='word_1_740' title='bbox 1957 4665 2077 4705; x_wconf 90' lang='lat' dir='ltr'><strong>sum</strong></span> <span class='ocrx_word' id='word_1_741' title='bbox 2126 4649 2192 4703; x_wconf 92' lang='lat' dir='ltr'><strong>ad</strong></span> <span class='ocrx_word' id='word_1_742' title='bbox 2246 4664 2367 4704; x_wconf 86' lang='lat' dir='ltr'><strong>sese</strong></span> <span class='ocrx_word' id='word_1_743' title='bbox 2404 4648 2619 4705; x_wconf 90' lang='lat' dir='ltr'><strong>Domini</strong></span> <span class='ocrx_word' id='word_1_744' title='bbox 2661 4652 2765 4717; x_wconf 91' lang='lat' dir='ltr'><strong>sui,</strong></span> <span class='ocrx_word' id='word_1_745' title='bbox 2803 4667 2964 4721; x_wconf 85' lang='lat' dir='ltr'><strong>quem</strong></span> <span class='ocrx_word' id='word_1_746' title='bbox 3016 4653 3173 4707; x_wconf 89' lang='lat' dir='ltr'><strong>beata</strong></span> <span class='ocrx_word' id='word_1_747' title='bbox 3207 4650 3369 4722; x_wconf 83' lang='lat' dir='ltr'><strong>Virgo</strong></span> <span class='ocrx_word' id='word_1_748' title='bbox 3405 4669 3533 4723; x_wconf 83' lang='lat' dir='ltr'><strong>par-</strong></span> 
     </span>
    </p>
   </div>
   <div class='ocr_carea' id='block_1_97' title="bbox 1957 4739 3527 4811">
    <p class='ocr_par' dir='ltr' id='par_1_97' title="bbox 1957 4739 3527 4811">
     <span class='ocr_line' id='line_1_97' title="bbox 1957 4739 3527 4811; baseline 0.003 -18"><span class='ocrx_word' id='word_1_749' title='bbox 1957 4739 2212 4804; x_wconf 86' lang='lat' dir='ltr'><strong>turiebat,</strong></span> <span class='ocrx_word' id='word_1_750' title='bbox 2234 4755 2343 4809; x_wconf 64' lang='lat' dir='ltr'><strong>prm</strong></span> <span class='ocrx_word' id='word_1_751' title='bbox 2358 4739 2541 4810; x_wconf 81' lang='lat' dir='ltr'><strong>gaudii</strong></span> <span class='ocrx_word' id='word_1_752' title='bbox 2566 4742 2940 4811; x_wconf 83' lang='lat' dir='ltr'><strong>magnitudine</strong></span> <span class='ocrx_word' id='word_1_753' title='bbox 2963 4744 3295 4798; x_wconf 86' lang='lat' dir='ltr'><strong>subsultavit</strong></span> <span class='ocrx_word' id='word_1_754' title='bbox 3312 4743 3354 4797; x_wconf 82' lang='grc'><strong>⁸.</strong></span> <span class='ocrx_word' id='word_1_755' title='bbox 3380 4743 3527 4799; x_wconf 87' lang='lat' dir='ltr'><strong>Idem</strong></span> 
     </span>
    </p>
   </div>
   <div class='ocr_carea' id='block_1_98' title="bbox 1958 4830 3531 4904">
    <p class='ocr_par' dir='ltr' id='par_1_98' title="bbox 1958 4830 3531 4904">
     <span class='ocr_line' id='line_1_98' title="bbox 1958 4830 3531 4904; baseline 0 -19"><span class='ocrx_word' id='word_1_756' title='bbox 1958 4847 2123 4901; x_wconf 86' lang='lat' dir='ltr'><strong>porro</strong></span> <span class='ocrx_word' id='word_1_757' title='bbox 2152 4830 2417 4889; x_wconf 90' lang='lat' dir='ltr'><strong>Dominus</strong></span> <span class='ocrx_word' id='word_1_758' title='bbox 2449 4832 2630 4888; x_wconf 86' lang='lat' dir='ltr'><strong>editus</strong></span> <span class='ocrx_word' id='word_1_759' title='bbox 2661 4833 2717 4887; x_wconf 91' lang='lat' dir='ltr'><strong>in</strong></span> <span class='ocrx_word' id='word_1_760' title='bbox 2769 4832 2966 4898; x_wconf 90' lang='lat' dir='ltr'><strong>lucem,</strong></span> <span class='ocrx_word' id='word_1_761' title='bbox 2999 4842 3053 4888; x_wconf 92' lang='lat' dir='ltr'><strong>ct</strong></span> <span class='ocrx_word' id='word_1_762' title='bbox 3095 4835 3150 4888; x_wconf 86' lang='lat' dir='ltr'><strong>in</strong></span> <span class='ocrx_word' id='word_1_763' title='bbox 3181 4835 3408 4904; x_wconf 66' lang='lat' dir='ltr'><strong>praescpi</strong></span> <span class='ocrx_word' id='word_1_764' title='bbox 3441 4835 3531 4903; x_wconf 36' lang='lat' dir='ltr'><strong>ja‘</strong></span> 
     </span>
    </p>
   </div>
   <div class='ocr_carea' id='block_1_99' title="bbox 272 4917 1837 4996">
    <p class='ocr_par' dir='ltr' id='par_1_99' title="bbox 272 4917 1837 4992">
     <span class='ocr_line' id='line_1_99' title="bbox 272 4917 1837 4992; baseline -0.004 -15"><span class='ocrx_word' id='word_1_765' title='bbox 272 4920 588 4986; x_wconf 77' lang='grc' dir='ltr'>ἐτελοῦντο,</span> <span class='ocrx_word' id='word_1_766' title='bbox 645 4922 839 4992; x_wconf 81' lang='grc' dir='ltr'>εἰρήνη</span> <span class='ocrx_word' id='word_1_767' title='bbox 904 4922 961 4975; x_wconf 82' lang='grc' dir='ltr'>ὲν</span> <span class='ocrx_word' id='word_1_768' title='bbox 1019 4923 1134 4985; x_wconf 86' lang='grc' dir='ltr'>τοῖς</span> <span class='ocrx_word' id='word_1_769' title='bbox 1190 4917 1443 4991; x_wconf 79' lang='grc' dir='ltr'>ποιμέσιν</span> <span class='ocrx_word' id='word_1_770' title='bbox 1500 4917 1837 4989; x_wconf 81' lang='grc' dir='ltr'>ὲκηρύττετο.</span> 
     </span>
    </p>
   </div>
   <div class='ocr_carea' id='block_1_100' title="bbox 1940 4917 3530 4996">
    <p class='ocr_par' dir='ltr' id='par_1_100' title="bbox 1957 4922 3530 4996">
     <span class='ocr_line' id='line_1_100' title="bbox 1957 4922 3530 4996; baseline -0.001 -18"><span class='ocrx_word' id='word_1_771' title='bbox 1957 4939 2087 4978; x_wconf 85' lang='lat' dir='ltr'><strong>cens</strong></span> <span class='ocrx_word' id='word_1_772' title='bbox 2126 4922 2194 4977; x_wconf 87' lang='lat' dir='ltr'><strong>ab</strong></span> <span class='ocrx_word' id='word_1_773' title='bbox 2228 4925 2543 4993; x_wconf 82' lang='lat' dir='ltr'><strong>angelorum</strong></span> <span class='ocrx_word' id='word_1_774' title='bbox 2578 4934 2661 4978; x_wconf 87' lang='lat' dir='ltr'><strong>est</strong></span> <span class='ocrx_word' id='word_1_775' title='bbox 2701 4924 2867 4978; x_wconf 92' lang='lat' dir='ltr'><strong>choro</strong></span> <span class='ocrx_word' id='word_1_776' title='bbox 2916 4926 3189 4996; x_wconf 82' lang='lat' dir='ltr'><strong>cognitus.</strong></span> <span class='ocrx_word' id='word_1_777' title='bbox 3240 4925 3530 4979; x_wconf 68' lang='lat' dir='ltr'><strong>Mittebat:-</strong></span> 
     </span>
    </p>
   </div>
   <div class='ocr_carea' id='block_1_101' title="bbox 284 5009 1849 5084">
    <p class='ocr_par' dir='ltr' id='par_1_101' title="bbox 284 5009 1849 5084">
     <span class='ocr_line' id='line_1_101' title="bbox 284 5009 1849 5084; baseline -0.005 -16"><span class='ocrx_word' id='word_1_778' title='bbox 284 5014 445 5068; x_wconf 79' lang='grc' dir='ltr'>’Λλλά</span> <span class='ocrx_word' id='word_1_779' title='bbox 493 5016 544 5067; x_wconf 92' lang='grc' dir='ltr'><strong>τί</strong></span> <span class='ocrx_word' id='word_1_780' title='bbox 577 5013 873 5084; x_wconf 71' lang='grc' dir='ltr'>ἠμαύρωσε</span> <span class='ocrx_word' id='word_1_781' title='bbox 918 5013 1018 5084; x_wconf 79' lang='grc' dir='ltr'>τὴν</span> <span class='ocrx_word' id='word_1_782' title='bbox 1051 5010 1214 5065; x_wconf 81' lang='grc' dir='ltr'>αὑτοῦ</span> <span class='ocrx_word' id='word_1_783' title='bbox 1258 5010 1519 5081; x_wconf 76' lang='grc' dir='ltr'>δύναμινς</span> <span class='ocrx_word' id='word_1_784' title='bbox 1572 5012 1690 5062; x_wconf 88' lang='grc' dir='ltr'>Ἔτι</span> <span class='ocrx_word' id='word_1_785' title='bbox 1737 5009 1849 5080; x_wconf 88' lang='grc' dir='ltr'><strong>γάρ</strong></span> 
     </span>
    </p>
   </div>
   <div class='ocr_carea' id='block_1_102' title="bbox 270 5100 1851 5174">
    <p class='ocr_par' dir='ltr' id='par_1_102' title="bbox 270 5100 1851 5174">
     <span class='ocr_line' id='line_1_102' title="bbox 270 5100 1851 5174; baseline -0.005 -14"><span class='ocrx_word' id='word_1_786' title='bbox 270 5108 423 5169; x_wconf 79' lang='grc' dir='ltr'>ὄντος</span> <span class='ocrx_word' id='word_1_787' title='bbox 474 5104 636 5158; x_wconf 79' lang='grc' dir='ltr'>αὐτοῦ</span> <span class='ocrx_word' id='word_1_788' title='bbox 698 5103 930 5174; x_wconf 63' lang='grc' dir='ltr'>βρέφδυς</span> <span class='ocrx_word' id='word_1_789' title='bbox 982 5102 1078 5157; x_wconf 78' lang='grc' dir='ltr'>καὶ</span> <span class='ocrx_word' id='word_1_790' title='bbox 1126 5102 1566 5172; x_wconf 77' lang='grc' dir='ltr'>βασταζομένου,</span> <span class='ocrx_word' id='word_1_791' title='bbox 1622 5100 1851 5171; x_wconf 80' lang='grc' dir='ltr'>ἀστέρος</span> 
     </span>
    </p>
   </div>
   <div class='ocr_carea' id='block_1_103' title="bbox 273 5190 1885 5268">
    <p class='ocr_par' dir='ltr' id='par_1_103' title="bbox 273 5190 1885 5268">
     <span class='ocr_line' id='line_1_103' title="bbox 273 5190 1885 5268; baseline -0.004 -18"><span class='ocrx_word' id='word_1_792' title='bbox 273 5198 376 5268; x_wconf 84' lang='grc' dir='ltr'>μὲν</span> <span class='ocrx_word' id='word_1_793' title='bbox 400 5197 607 5264; x_wconf 87' lang='grc' dir='ltr'>γίνεται</span> <span class='ocrx_word' id='word_1_794' title='bbox 634 5197 836 5265; x_wconf 84' lang='grc' dir='ltr'>σημεῖα</span> <span class='ocrx_word' id='word_1_795' title='bbox 861 5194 971 5248; x_wconf 85' lang='grc' dir='ltr'><strong>ἀπὸ</strong></span> <span class='ocrx_word' id='word_1_796' title='bbox 998 5194 1291 5260; x_wconf 87' lang='grc' dir='ltr'>ἀνατολῶν,</span> <span class='ocrx_word' id='word_1_797' title='bbox 1345 5190 1528 5261; x_wconf 84' lang='grc' dir='ltr'>μάγων</span> <span class='ocrx_word' id='word_1_798' title='bbox 1559 5192 1849 5261; x_wconf 87' lang='grc' dir='ltr'>παρουσία,</span> <span class='ocrx_word' id='word_1_799' title='bbox 1878 5228 1885 5233; x_wconf 69' lang='grc' dir='ltr'><strong><em>ο</em></strong></span> 
     </span>
    </p>
   </div>
   <div class='ocr_carea' id='block_1_104' title="bbox 272 5282 1853 5361">
    <p class='ocr_par' dir='ltr' id='par_1_104' title="bbox 272 5282 1853 5361">
     <span class='ocr_line' id='line_1_104' title="bbox 272 5282 1853 5361; baseline -0.008 -17"><span class='ocrx_word' id='word_1_800' title='bbox 272 5287 642 5361; x_wconf 86' lang='grc' dir='ltr'>προσκύνησίς</span> <span class='ocrx_word' id='word_1_801' title='bbox 688 5304 749 5339; x_wconf 90' lang='grc' dir='ltr'><strong>τε</strong></span> <span class='ocrx_word' id='word_1_802' title='bbox 796 5286 893 5340; x_wconf 74' lang='grc' dir='ltr'><strong>καὶ</strong></span> <span class='ocrx_word' id='word_1_803' title='bbox 932 5285 1225 5357; x_wconf 82' lang='grc' dir='ltr'>δορυφορία</span> <span class='ocrx_word' id='word_1_804' title='bbox 1258 5287 1299 5350; x_wconf 92' lang='grc'>¹,</span> <span class='ocrx_word' id='word_1_805' title='bbox 1337 5283 1710 5353; x_wconf 87' lang='grc' dir='ltr'>γραμματέων</span> <span class='ocrx_word' id='word_1_806' title='bbox 1752 5282 1853 5353; x_wconf 75' lang='grc' dir='ltr'><strong>ζή-</strong></span> 
     </span>
    </p>
   </div>
   <div class='ocr_carea' id='block_1_105' title="bbox 345 5401 1910 5480">
    <p class='ocr_par' dir='ltr' id='par_1_105' title="bbox 345 5401 1910 5480">
     <span class='ocr_line' id='line_1_105' title="bbox 345 5401 1910 5480; baseline -0.003 -16"><span class='ocrx_word' id='word_1_807' title='bbox 345 5409 447 5464; x_wconf 75' lang='lat' dir='ltr'><strong>‘F.</strong></span> <span class='ocrx_word' id='word_1_808' title='bbox 504 5408 831 5480; x_wconf 76' lang='grc' dir='ltr'>δωροφορία.</span> <span class='ocrx_word' id='word_1_809' title='bbox 912 5404 1063 5480; x_wconf 76' lang='lat' dir='ltr'><strong>&#39;Job</strong></span> <span class='ocrx_word' id='word_1_810' title='bbox 1121 5422 1217 5471; x_wconf 73' lang='grc' dir='ltr'>κη,</span> <span class='ocrx_word' id='word_1_811' title='bbox 1272 5405 1357 5460; x_wconf 73' lang='grc'><strong>12.</strong></span> <span class='ocrx_word' id='word_1_812' title='bbox 1436 5401 1645 5457; x_wconf 77' lang='lat' dir='ltr'><strong>&#39;Rom.</strong></span> <span class='ocrx_word' id='word_1_813' title='bbox 1683 5420 1779 5470; x_wconf 80' lang='lat' dir='ltr'><strong>vn,</strong></span> <span class='ocrx_word' id='word_1_814' title='bbox 1824 5403 1910 5459; x_wconf 76' lang='grc'><strong>18.</strong></span> 
     </span>
    </p>
   </div>
   <div class='ocr_carea' id='block_1_106' title="bbox 272 5476 1071 5540">
    <p class='ocr_par' dir='ltr' id='par_1_106' title="bbox 272 5476 1071 5540">
     <span class='ocr_line' id='line_1_106' title="bbox 272 5476 1071 5540; baseline -0.009 -4"><span class='ocrx_word' id='word_1_815' title='bbox 272 5483 292 5514; x_wconf 89' lang='grc'><strong>⁷</strong></span> <span class='ocrx_word' id='word_1_816' title='bbox 336 5482 468 5536; x_wconf 89' lang='lat' dir='ltr'><strong>ibid.</strong></span> <span class='ocrx_word' id='word_1_817' title='bbox 506 5476 595 5533; x_wconf 78' lang='lat' dir='ltr'><strong>I6.</strong></span> <span class='ocrx_word' id='word_1_818' title='bbox 678 5476 866 5531; x_wconf 66' lang='lat' dir='ltr'><strong>“Luc.</strong></span> <span class='ocrx_word' id='word_1_819' title='bbox 909 5492 945 5540; x_wconf 85' lang='grc' dir='ltr'><strong>ι,</strong></span> <span class='ocrx_word' id='word_1_820' title='bbox 982 5476 1071 5529; x_wconf 71' lang='grc'><strong>44.</strong></span> 
     </span>
    </p>
   </div>
   <div class='ocr_carea' id='block_1_107' title="bbox 346 5603 1851 5684">
    <p class='ocr_par' dir='ltr' id='par_1_107' title="bbox 346 5603 1851 5684">
     <span class='ocr_line' id='line_1_107' title="bbox 346 5603 1851 5684; baseline -0.01 -17"><span class='ocrx_word' id='word_1_821' title='bbox 346 5610 460 5684; x_wconf 80' lang='lat'><strong>(95)</strong></span> <span class='ocrx_word' id='word_1_822' title='bbox 498 5608 1179 5684; x_wconf 51' lang='lat' dir='ltr'><strong>’Arapwsziunﬁzodoxq.</strong></span> <span class='ocrx_word' id='word_1_823' title='bbox 1208 5607 1477 5684; x_wconf 83' lang='lat' dir='ltr'><strong>Scriptum</strong></span> <span class='ocrx_word' id='word_1_824' title='bbox 1501 5615 1621 5684; x_wconf 74' lang='lat' dir='ltr'><strong>erat</strong></span> <span class='ocrx_word' id='word_1_825' title='bbox 1641 5603 1851 5684; x_wconf 68' lang='grc' dir='ltr'>ἀνθρω-</span> 
     </span>
    </p>
   </div>
   <div class='ocr_carea' id='block_1_108' title="bbox 273 5676 1847 5801">
    <p class='ocr_par' dir='ltr' id='par_1_108' title="bbox 273 5676 1847 5801">
     <span class='ocr_line' id='line_1_108' title="bbox 273 5676 1847 5801; baseline -0.004 -65"><span class='ocrx_word' id='word_1_826' title='bbox 273 5676 455 5754; x_wconf 67' lang='grc' dir='ltr'>πίνης,</span> <span class='ocrx_word' id='word_1_827' title='bbox 499 5696 597 5751; x_wconf 92' lang='lat' dir='ltr'><strong>pro</strong></span> <span class='ocrx_word' id='word_1_828' title='bbox 632 5676 740 5750; x_wconf 85' lang='lat' dir='ltr'><strong>quo</strong></span> <span class='ocrx_word' id='word_1_829' title='bbox 798 5676 1113 5751; x_wconf 79' lang='grc' dir='ltr'>ἀνθρωπίνη</span> <span class='ocrx_word' id='word_1_830' title='bbox 1146 5676 1497 5801; x_wconf 63' lang='grc' dir='ltr'>ἠοεοίο“(ιιυίε</span> <span class='ocrx_word' id='word_1_831' title='bbox 1541 5676 1847 5731; x_wconf 88' lang='lat' dir='ltr'><strong>substituit.</strong></span> 
     </span>
     <span class='ocr_line' id='line_1_109' title="bbox 273 5744 1847 5801; baseline -0.001 0"><span class='ocrx_word' id='word_1_832' title='bbox 273 5753 403 5801; x_wconf 64' lang='lat' dir='ltr'><strong>Lee.</strong></span> <span class='ocrx_word' id='word_1_833' title='bbox 447 5760 530 5801; x_wconf 84' lang='lat' dir='ltr'><strong>est</strong></span> <span class='ocrx_word' id='word_1_834' title='bbox 583 5760 761 5801; x_wconf 88' lang='lat' dir='ltr'><strong>autem</strong></span> <span class='ocrx_word' id='word_1_835' title='bbox 794 5750 1010 5801; x_wconf 66' lang='lat' dir='ltr'><strong>&#39;Avvnc.</strong></span> <span class='ocrx_word' id='word_1_836' title='bbox 1043 5758 1101 5801; x_wconf 92' lang='lat' dir='ltr'><strong>ut</strong></span> <span class='ocrx_word' id='word_1_837' title='bbox 1152 5759 1238 5801; x_wconf 87' lang='lat' dir='ltr'><strong>est</strong></span> <span class='ocrx_word' id='word_1_838' title='bbox 1290 5749 1346 5801; x_wconf 89' lang='lat' dir='ltr'><strong>in</strong></span> <span class='ocrx_word' id='word_1_839' title='bbox 1418 5747 1581 5801; x_wconf 62' lang='lat' dir='ltr'><strong>iesio.</strong></span> <span class='ocrx_word' id='word_1_840' title='bbox 1626 5744 1701 5800; x_wconf 76' lang='lat' dir='ltr'><strong>Ex</strong></span> <span class='ocrx_word' id='word_1_841' title='bbox 1741 5760 1847 5801; x_wconf 76' lang='lat' dir='ltr'><strong>(tuo</strong></span> 
     </span>
    </p>
   </div>
   <div class='ocr_carea' id='block_1_109' title="bbox 272 5744 1850 5823">
    <p class='ocr_par' dir='ltr' id='par_1_109' title="bbox 272 5744 1850 5823">
     <span class='ocr_line' id='line_1_110' title="bbox 272 5744 1850 5823; baseline -0.006 -15"><span class='ocrx_word' id='word_1_842' title='bbox 272 5744 405 5823; x_wconf 50' lang='lat' dir='ltr'><strong>Legi</strong></span> <span class='ocrx_word' id='word_1_843' title='bbox 447 5744 530 5807; x_wconf 72' lang='lat' dir='ltr'><strong>est</strong></span> <span class='ocrx_word' id='word_1_844' title='bbox 583 5744 761 5805; x_wconf 76' lang='lat' dir='ltr'><strong>autem</strong></span> <span class='ocrx_word' id='word_1_845' title='bbox 794 5744 1010 5818; x_wconf 75' lang='grc' dir='ltr'>Ἂννης,</span> <span class='ocrx_word' id='word_1_846' title='bbox 1043 5744 1112 5802; x_wconf 80' lang='grc' dir='ltr'><strong>ιη’</strong></span> <span class='ocrx_word' id='word_1_847' title='bbox 1152 5759 1238 5805; x_wconf 89' lang='lat' dir='ltr'><strong>est</strong></span> <span class='ocrx_word' id='word_1_848' title='bbox 1290 5749 1346 5803; x_wconf 92' lang='lat' dir='ltr'><strong>in</strong></span> <span class='ocrx_word' id='word_1_849' title='bbox 1390 5744 1581 5818; x_wconf 76' lang='lat' dir='ltr'><strong>Regio.</strong></span> <span class='ocrx_word' id='word_1_850' title='bbox 1626 5744 1701 5800; x_wconf 76' lang='lat' dir='ltr'><strong>Ex</strong></span> <span class='ocrx_word' id='word_1_851' title='bbox 1741 5760 1850 5814; x_wconf 91' lang='lat' dir='ltr'><strong>quo</strong></span> 
     </span>
    </p>
   </div>
   <div class='ocr_carea' id='block_1_110' title="bbox 648 5843 1316 5908">
    <p class='ocr_par' dir='ltr' id='par_1_110' title="bbox 648 5843 1316 5908">
     <span class='ocr_line' id='line_1_111' title="bbox 648 5843 1316 5908; baseline -0.004 -1"><span class='ocrx_word' id='word_1_852' title='bbox 648 5847 920 5907; x_wconf 66' lang='lat' dir='ltr'><strong>Parnm.</strong></span> <span class='ocrx_word' id='word_1_853' title='bbox 964 5845 1078 5905; x_wconf 80' lang='lat' dir='ltr'><strong>Gn.</strong></span> <span class='ocrx_word' id='word_1_854' title='bbox 1135 5843 1316 5908; x_wconf 77' lang='lat' dir='ltr'><strong>XLII.</strong></span> 
     </span>
    </p>
   </div>
   <div class='ocr_carea' id='block_1_111' title="bbox 1956 5013 3528 5086">
    <p class='ocr_par' dir='ltr' id='par_1_111' title="bbox 1956 5013 3528 5086">
     <span class='ocr_line' id='line_1_112' title="bbox 1956 5013 3528 5086; baseline 0.001 -18"><span class='ocrx_word' id='word_1_855' title='bbox 1956 5024 2045 5068; x_wconf 90' lang='lat' dir='ltr'><strong>tur</strong></span> <span class='ocrx_word' id='word_1_856' title='bbox 2072 5023 2184 5068; x_wconf 90' lang='lat' dir='ltr'><strong>tum</strong></span> <span class='ocrx_word' id='word_1_857' title='bbox 2213 5016 2466 5071; x_wconf 76' lang='lat' dir='ltr'><strong>cmlcstes</strong></span> <span class='ocrx_word' id='word_1_858' title='bbox 2489 5015 2563 5068; x_wconf 93' lang='lat' dir='ltr'><strong>illi</strong></span> <span class='ocrx_word' id='word_1_859' title='bbox 2582 5015 2875 5079; x_wconf 78' lang='lat' dir='ltr'><strong>exercitus,</strong></span> <span class='ocrx_word' id='word_1_860' title='bbox 2900 5018 2995 5085; x_wconf 89' lang='lat' dir='ltr'><strong>qui</strong></span> <span class='ocrx_word' id='word_1_861' title='bbox 3026 5016 3340 5086; x_wconf 87' lang='lat' dir='ltr'><strong>sempiterni</strong></span> <span class='ocrx_word' id='word_1_862' title='bbox 3365 5013 3528 5083; x_wconf 78' lang='lat' dir='ltr'><strong>Regis</strong></span> 
     </span>
    </p>
   </div>
   <div class='ocr_carea' id='block_1_112' title="bbox 1958 5094 3605 5174">
    <p class='ocr_par' dir='ltr' id='par_1_112' title="bbox 1958 5094 3605 5174">
     <span class='ocr_line' id='line_1_113' title="bbox 1958 5094 3605 5174; baseline 0.001 -19"><span class='ocrx_word' id='word_1_863' title='bbox 1958 5103 2264 5171; x_wconf 82' lang='lat' dir='ltr'><strong>ingressum</strong></span> <span class='ocrx_word' id='word_1_864' title='bbox 2312 5105 2681 5174; x_wconf 88' lang='lat' dir='ltr'><strong>apparitorum</strong></span> <span class='ocrx_word' id='word_1_865' title='bbox 2739 5120 2803 5160; x_wconf 88' lang='lat' dir='ltr'><strong>ac</strong></span> <span class='ocrx_word' id='word_1_866' title='bbox 2832 5106 3124 5161; x_wconf 85' lang='lat' dir='ltr'><strong>satellitum</strong></span> <span class='ocrx_word' id='word_1_867' title='bbox 3158 5120 3307 5158; x_wconf 89' lang='lat' dir='ltr'><strong>more</strong></span> <span class='ocrx_word' id='word_1_868' title='bbox 3350 5105 3527 5173; x_wconf 87' lang='lat' dir='ltr'><strong>stipa-</strong></span> <span class='ocrx_word' id='word_1_869' title='bbox 3598 5094 3605 5097; x_wconf 50' lang='grc'>”</span> 
     </span>
    </p>
   </div>
   <div class='ocr_carea' id='block_1_113' title="bbox 1959 5194 3509 5264">
    <p class='ocr_par' dir='ltr' id='par_1_113' title="bbox 1959 5194 3509 5264">
     <span class='ocr_line' id='line_1_114' title="bbox 1959 5194 3509 5264; baseline 0.001 -17"><span class='ocrx_word' id='word_1_870' title='bbox 1959 5200 2097 5258; x_wconf 86' lang='lat' dir='ltr'><strong>rent,</strong></span> <span class='ocrx_word' id='word_1_871' title='bbox 2131 5194 2477 5263; x_wconf 87' lang='lat' dir='ltr'><strong>triumphalia</strong></span> <span class='ocrx_word' id='word_1_872' title='bbox 2522 5198 2764 5250; x_wconf 87' lang='lat' dir='ltr'><strong>carmina</strong></span> <span class='ocrx_word' id='word_1_873' title='bbox 2808 5197 3260 5259; x_wconf 76' lang='lat' dir='ltr'><strong>concinebanzur,</strong></span> <span class='ocrx_word' id='word_1_874' title='bbox 3310 5210 3417 5264; x_wconf 79' lang='lat' dir='ltr'><strong>pax</strong></span> <span class='ocrx_word' id='word_1_875' title='bbox 3454 5195 3509 5248; x_wconf 90' lang='lat' dir='ltr'><strong>in</strong></span> 
     </span>
    </p>
   </div>
   <div class='ocr_carea' id='block_1_114' title="bbox 1961 5285 3504 5356">
    <p class='ocr_par' dir='ltr' id='par_1_114' title="bbox 1961 5285 3504 5356">
     <span class='ocr_line' id='line_1_115' title="bbox 1961 5285 3504 5356; baseline 0.001 -18"><span class='ocrx_word' id='word_1_876' title='bbox 1961 5297 2124 5354; x_wconf 90' lang='lat' dir='ltr'><strong>super</strong></span> <span class='ocrx_word' id='word_1_877' title='bbox 2147 5286 2462 5354; x_wconf 90' lang='lat' dir='ltr'><strong>pastoribus</strong></span> <span class='ocrx_word' id='word_1_878' title='bbox 2510 5288 2885 5342; x_wconf 86' lang='lat' dir='ltr'><strong>nuntiabatur.</strong></span> <span class='ocrx_word' id='word_1_879' title='bbox 2922 5285 3039 5351; x_wconf 87' lang='lat' dir='ltr'><strong>Qua</strong></span> <span class='ocrx_word' id='word_1_880' title='bbox 3077 5285 3244 5356; x_wconf 85' lang='lat' dir='ltr'><strong>igitur</strong></span> <span class='ocrx_word' id='word_1_881' title='bbox 3275 5286 3329 5339; x_wconf 91' lang='lat' dir='ltr'><strong>in</strong></span> <span class='ocrx_word' id='word_1_882' title='bbox 3376 5302 3434 5341; x_wconf 89' lang='lat' dir='ltr'><strong>re</strong></span> <span class='ocrx_word' id='word_1_883' title='bbox 3464 5287 3504 5339; x_wconf 90' lang='lat' dir='ltr'><strong>il</strong></span> 
     </span>
    </p>
   </div>
   <div class='ocr_carea' id='block_1_115' title="bbox 2007 5404 3531 5473">
    <p class='ocr_par' dir='ltr' id='par_1_115' title="bbox 2007 5404 3531 5473">
     <span class='ocr_line' id='line_1_116' title="bbox 2007 5404 3531 5473; baseline 0.001 -15"><span class='ocrx_word' id='word_1_884' title='bbox 2007 5404 2027 5435; x_wconf 75' lang='grc'>⁸</span> <span class='ocrx_word' id='word_1_885' title='bbox 2061 5405 2231 5461; x_wconf 89' lang='lat' dir='ltr'><strong>lCor.</strong></span> <span class='ocrx_word' id='word_1_886' title='bbox 2258 5423 2346 5473; x_wconf 84' lang='lat' dir='ltr'><strong>xv,</strong></span> <span class='ocrx_word' id='word_1_887' title='bbox 2393 5407 2484 5462; x_wconf 75' lang='lat'><strong>55.</strong></span> <span class='ocrx_word' id='word_1_888' title='bbox 2562 5409 2583 5439; x_wconf 81' lang='grc'><strong><em>³</em></strong></span> <span class='ocrx_word' id='word_1_889' title='bbox 2608 5407 2723 5461; x_wconf 86' lang='lat' dir='ltr'><strong>Jac.</strong></span> <span class='ocrx_word' id='word_1_890' title='bbox 2755 5422 2795 5472; x_wconf 80' lang='grc' dir='ltr'><strong>ι,</strong></span> <span class='ocrx_word' id='word_1_891' title='bbox 2819 5406 2908 5458; x_wconf 73' lang='grc'><strong>27.</strong></span> <span class='ocrx_word' id='word_1_892' title='bbox 3021 5406 3042 5437; x_wconf 77' lang='grc'>⁸</span> <span class='ocrx_word' id='word_1_893' title='bbox 3077 5404 3093 5458; x_wconf 94' lang='grc' dir='ltr'><strong>Ι</strong></span> <span class='ocrx_word' id='word_1_894' title='bbox 3129 5404 3255 5458; x_wconf 87' lang='lat' dir='ltr'><strong>Cor.</strong></span> <span class='ocrx_word' id='word_1_895' title='bbox 3287 5419 3398 5471; x_wconf 79' lang='lat' dir='ltr'><strong>xrv,</strong></span> <span class='ocrx_word' id='word_1_896' title='bbox 3443 5405 3531 5465; x_wconf 81' lang='grc'><strong>15.</strong></span> 
     </span>
    </p>
   </div>
   <div class='ocr_carea' id='block_1_116' title="bbox 1956 5572 3528 5676">
    <p class='ocr_par' dir='ltr' id='par_1_116' title="bbox 1956 5572 3528 5676">
     <span class='ocr_line' id='line_1_117' title="bbox 1956 5572 3528 5676; baseline 0.003 -17"><span class='ocrx_word' id='word_1_897' title='bbox 1956 5606 2211 5663; x_wconf 86' lang='lat' dir='ltr'><strong>librarius</strong></span> <span class='ocrx_word' id='word_1_898' title='bbox 2262 5607 2604 5676; x_wconf 79' lang='grc' dir='ltr'>ἀνθρωπίνης</span> <span class='ocrx_word' id='word_1_899' title='bbox 2652 5620 2841 5676; x_wconf 71' lang='lat' dir='ltr'><strong>verum</strong></span> <span class='ocrx_word' id='word_1_900' title='bbox 2887 5620 3011 5659; x_wconf 87' lang='lat' dir='ltr'><strong>esse</strong></span> <span class='ocrx_word' id='word_1_901' title='bbox 3062 5604 3334 5671; x_wconf 83' lang='lat' dir='ltr'><strong>credidit;</strong></span> <span class='ocrx_word' id='word_1_902' title='bbox 3402 5572 3528 5663; x_wconf 58' lang='lat' dir='ltr'><strong>nam</strong></span> 
     </span>
    </p>
   </div>
   <div class='ocr_carea' id='block_1_117' title="bbox 1954 5675 3093 5750">
    <p class='ocr_par' dir='ltr' id='par_1_117' title="bbox 1954 5675 3093 5750">
     <span class='ocr_line' id='line_1_118' title="bbox 1954 5675 3093 5750; baseline -0.005 -15"><span class='ocrx_word' id='word_1_903' title='bbox 1954 5682 2121 5750; x_wconf 91' lang='grc' dir='ltr'>ὰννης</span> <span class='ocrx_word' id='word_1_904' title='bbox 2158 5693 2256 5750; x_wconf 90' lang='lat' dir='ltr'><strong>pro</strong></span> <span class='ocrx_word' id='word_1_905' title='bbox 2288 5675 2631 5748; x_wconf 77' lang='grc' dir='ltr'>ἀνθρωπίνης</span> <span class='ocrx_word' id='word_1_906' title='bbox 2665 5675 2832 5731; x_wconf 89' lang='lat' dir='ltr'><strong>scribi</strong></span> <span class='ocrx_word' id='word_1_907' title='bbox 2867 5676 3093 5731; x_wconf 88' lang='lat' dir='ltr'><strong>assolet.</strong></span> 
     </span>
    </p>
   </div>
   <div class='ocr_carea' id='block_1_118' title="bbox 2520 5796 2529 5809">
    <p class='ocr_par' dir='ltr' id='par_1_118' title="bbox 2520 5796 2529 5809">
     <span class='ocr_line' id='line_1_119' title="bbox 2520 5796 2529 5809; baseline 0 0"><span class='ocrx_word' id='word_1_908' title='bbox 2520 5796 2529 5809; x_wconf 80' lang='grc' dir='ltr'><strong><em>Ι</em></strong></span> 
     </span>
    </p>
   </div>
   <div class='ocr_carea' id='block_1_119' title="bbox 3140 5837 3218 5898">
    <p class='ocr_par' dir='ltr' id='par_1_119' title="bbox 3140 5837 3218 5898">
     <span class='ocr_line' id='line_1_120' title="bbox 3140 5837 3218 5898; baseline -0.013 0"><span class='ocrx_word' id='word_1_909' title='bbox 3140 5837 3218 5898; x_wconf 73' lang='lat'><strong>22</strong></span> 
     </span>
    </p>
   </div>
  </div>
