3994 6224
423 350 527 409 685

1843 343 1902 404 S.
1943 342 2290 402 ΕΡΙῘἮΛΝΠ

3576 337 3704 402 εει,

410 467 519 524 lius
546 475 633 524 est
662 463 936 522 infuscata
957 462 1254 534 maiestas?
1276 459 1414 517 Nam
1445 474 1572 518 cum
1600 460 1778 518 adhuc
1802 460 1988 520 infans

2102 478 2249 534 τησις
2295 457 2523 530 βασιλεῖ,
2573 459 2608 531 ή
2650 457 2780 530 περὶ
2822 455 2987 536 αὑτοῖς
3034 454 3326 528 ἀπόκρισις
3357 452 3455 510 καὶ
3491 453 3696 526 ὁμολο-

387 571 594 625 esset,
645 569 699 614 et
759 557 954 614 alienis
1011 555 1253 612 brachiis
1313 561 1678 625 gestaretur,,
1719 568 1874 610 nova:
1919 554 1992 610 ab

409 650 632 708 Oriente
667 650 838 705 stellae
897 649 1203 721 prodigium
1239 647 1528 719 apparuit‘
1563 646 1748 718 :quod
1795 647 1989 704 subse-

408 753 571 798 cutus
619 743 880 814 deinceps
927 757 1210 810 magorum
1267 741 1534 796 adventus
1561 780 1576 807 ,
1635 739 1885 796 adoratio
1932 745 1988 795 et

407 836 753 906 obsequium.
785 833 922 889 Tum
970 834 1039 888 ab
1075 849 1199 904 rege
1244 831 1386 887 facta
1424 847 1454 886 a
1503 830 1712 888 Scribis
1756 831 1988 902 inquisi-

407 930 506 994 tio,
533 927 960 996 eorumdemque
999 940 1324 996 responsqu
1367 939 1432 979 ac
1491 923 1737 980 veritatis
1775 921 1990 979 confes-

407 1022 514 1078 sio.
548 1019 778 1089 Reliqua
809 1017 1027 1072 demum
1070 1016 1174 1070 alia
1211 1028 1332 1086 quae
1369 1019 1769 1084 consequenter
1823 1025 1990 1081 expo-

407 1121 637 1178 nuntur,
681 1111 814 1184 quid
862 1108 1136 1166 divinitati
1187 1109 1334 1163 illius
1377 1105 1597 1162 ollicere
1647 1104 1990 1176 potuerunt?

409 1202 694 1271 Quodnam
731 1215 859 1257 vero
893 1207 952 1254 ut
981 1199 1038 1254 in
1078 1199 1237 1253 nobis
1273 1195 1550 1261 usuvenit,
1584 1194 1770 1250 carnis
1796 1194 1985 1250 deten-

408 1299 508 1360 tio,
576 1296 720 1350 velut
767 1295 1202 1364 integumentum
1265 1290 1340 1344 illi
1387 1295 1442 1344 et
1488 1288 1839 1344 involucrum
1892 1287 1992 1342 ob-

415 1388 610 1442 duxit?
657 1385 793 1440 Nam
837 1395 892 1441 et
935 1388 1313 1455 tempestatem
1349 1395 1473 1434 cum
1503 1379 1703 1443 ventis,
1749 1393 1813 1432 ac
1856 1377 1996 1432 mari

409 1477 700 1547 increpat'
728 1494 741 1530 :
775 1489 875 1531 nec
903 1474 1088 1529 divina
1129 1471 1276 1528 illius
1299 1475 1564 1541 potestas,
1599 1482 1723 1522 cum
1758 1465 1813 1520 id
1845 1465 1995 1536 quod

407 1577 620 1624 natura:
655 1582 768 1632 suae
799 1573 1229 1621 consentaneum
1259 1569 1342 1618 est
1373 1558 1628 1626 efﬁceret,
1655 1557 1842 1612 carnis
1865 1556 1972 1611 ulla

408 1661 739 1732 contagione
761 1658 1212 1730 praepediebatur.
1234 1655 1379 1722 Quin
1394 1653 1558 1710 etiam
1577 1667 1702 1708 cum
1723 1666 1821 1708 sua
1843 1650 1996 1706 carni

2093 554 2210 624 γία.
2247 554 2328 608 Ta
2372 553 2424 608 δὲ
2468 553 2602 622 ἄλλᾳ
2631 553 2832 619 πάντα,
2868 552 2971 606 ὅσα
3003 551 3246 624 περιέχει
3292 551 3328 622 ἡ
3371 548 3693 613 ἀκολουθία,

2092 647 2148 701 τί
2189 646 2459 718 ἐνέσκηψε
2499 649 2566 719 τῇ
2597 645 2764 700 αὑτοῦ
2816 645 3063 716 θεότητι;
3116 645 3274 698 Ποῖον
3327 642 3698 712 ἐπικάλυμμα

2094 738 2274 810 ἔσχεν,
2308 739 2385 803 ὼς
2417 742 2474 793 ὲν
2504 740 2655 810 ἡμῖν,
2686 739 2720 810 ή
2760 737 2963 809 σαρκὸς
2991 736 3196 806 κατοχὴ
3223 750 3239 800 ;
3297 733 3564 804 Ἐπιτιμᾷ
3592 732 3697 803 μὲν

2092 831 2348 894 κλύδωνι,
2378 830 2473 884 καὶ
2502 833 2617 894 τοῖς
2659 829 2906 901 ἀνέμοις,
2939 828 3036 882 καὶ
3064 829 3130 899 τῇ
3163 825 3433 900 θαλάσσῃ,
3471 826 3568 879 καὶ
3591 825 3699 877 οὑκ

2091 923 2344 994 ὲπέχεται
2374 922 2482 976 ἀπὸ
2508 921 2610 992 τῆς
2653 919 2856 994 σαρκὸς
2901 921 2933 990 ή
2977 918 3078 990 τῆς
3125 916 3293 972 αὑτοῦ
3320 916 3579 988 θεότητος
3603 915 3699 969 δύο

2090 1032 2274 1086 ναμις,
2334 1014 2660 1069 ὲπιτελοῦσα
2712 1013 2774 1068 τὸ
2829 1012 2973 1067 κατὰ
3029 1013 3197 1083 φύσιν
3255 1011 3356 1082 τῆς
3413 1009 3695 1082 θεότητος.

2105 1106 2266 1162 Ἀλλά
2327 1107 2423 1161 καὶ
2466 1107 2632 1176 δγκου
2674 1107 2771 1160 καὶ
2804 1093 3003 1176 βάρους
3030 1104 3130 1176 τῆς
3169 1103 3372 1175 σαρκὸς
3409 1101 3698 1174 ὑπαρχοὺ-

2097 1215 2218 1269 σης,
2248 1199 2311 1253 οὑ
2340 1198 2498 1271 βάρει
2540 1198 2843 1270 συνέχεται.
2876 1199 3180 1270 Περιπατεῖ
3204 1198 3317 1268 γάρ
3343 1197 3421 1260 ὡς
3449 1196 3543 1248 ἐπὶ
3578 1195 3698 1258 τοῖς

2095 1289 2304 1356 ὕδασιν,
2340 1291 2416 1356 ὡς
2448 1291 2718 1362 ἄτρεπτος
2763 1289 2918 1356 Θεδς,
2951 1289 3011 1343 ὲν
3057 1288 3221 1362 σαρκὶ
3261 1289 3360 1359 μὲν
3404 1285 3698 1358 ὑπάρχων,

2093 1383 2195 1436 οὑκ
2237 1382 2346 1436 ἀπὸ
2380 1383 2585 1456 σαρκὸς
2615 1381 2672 1435 δὲ
2718 1380 3123 1452 ἀλλοιούμενος.
3173 1379 3280 1434 Καὶ
3313 1377 3471 1433 καλεῖ
3501 1378 3656 1447 φωνῇ
3676 1391 3695 1408 ⁶

2093 1473 2340 1543 Λάζαρε,
2377 1475 2554 1545 δεῦρο
2582 1475 2700 1541 ἕξω
2717 1491 2733 1506 ο
2761 1474 2862 1528 οὑκ
2885 1473 3163 1528 ἀντίθετον
3193 1471 3332 1543 ἔχων
3357 1471 3459 1542 τὴν
3487 1471 3694 1539 σάρκα,

2095 1565 2216 1618 οὑδὲ
2243 1566 2344 1637 τῆς
2375 1566 2630 1640 θεότητος
2661 1567 2720 1622 ὲν
2751 1566 2916 1640 σαρκὶ
2949 1568 3016 1639 τῇ
3059 1565 3242 1638 τελείᾳ
3271 1563 3690 1639 ἐνανθρωπήσει

2096 1655 2520 1730 δεδουλωμένης.

408 1753 584 1810 moles
633 1751 985 1824 gravitasque
1039 1755 1354 1813 constaret,
1415 1757 1761 1816 nequaquam
1811 1751 1994 1799 tamen
2035 1745 2150 1803 hinc
2197 1750 2352 1805 illum
2391 1751 2638 1824 gravitas
2713 1740 3035 1808 retardavit.
3113 1749 3251 1806 Nam
3298 1762 3468 1820 supra
3520 1759 3697 1816 aquas

410 1847 763 1909 ambulavit',
801 1848 880 1900 uti
920 1841 1313 1899 immutabilem
1359 1837 1527 1896 Deum
1578 1853 1677 1909 par
1719 1844 1856 1904 erat,
1893 1841 1985 1908 qui
2034 1842 2114 1896 sic
2154 1842 2208 1898 in
2233 1859 2400 1902 carne
2434 1847 2779 1911 versabatur,
2811 1845 2959 1901 nulla

3035 1853 3092 1903 ut
3139 1845 3194 1901 in
3256 1845 3437 1915 ipsum
3486 1856 3557 1898 ex
3603 1840 3694 1893 illa

415 1939 648 1996 mutatio
697 1934 1054 1991 redundaret.
1098 1930 1288 2002 Itaque
1337 1936 1391 1985 et
1436 1935 1693 1984 contenta
1735 1943 1869 1982 voce
1915 1927 1999 1984 sic
2037 1932 2346 1990 exclamat:
2379 1934 2606 2001 Lazare,
2652 1940 2765 1993 veni
2788 1938 2936 2008 foras
2957 1939 3000 1993 ⁸.
3034 1937 3093 1992 ιιι
3123 1951 3232 2008 quo
3295 1947 3524 1990 carnem
3587 1930 3696 1987 sibi

410 2035 802 2098 repugnantem
855 2021 1081 2077 minime
1110 2027 1196 2076 est
1233 2027 1525 2090 expertus;
1577 2031 1754 2086 neque
1792 2016 2052 2076 divinitas
2084 2021 2202 2094 ipsa
2251 2024 2307 2080 in
2380 2041 2565 2094 carne,
2637 2029 2990 2101 perfectaque
3034 2027 3276 2085 hominis
3337 2033 3537 2082 natura
3604 2039 3696 2079 re-

412 2118 600 2174 sidens
627 2117 774 2171 velut
808 2112 1072 2170 servitute
1098 2109 1334 2181 quadam
1361 2116 1450 2164 est
1487 2122 1775 2180 oppressa.

481 2207 676 2265 XXIX.
718 2206 1022 2262 Possumus
1069 2215 1124 2259 et
1178 2204 1286 2258 alia
1324 2201 1608 2273 complura
1655 2201 1994 2257 subtexere:

2170 2201 2300 2258 ΚΘΕ
2330 2205 2442 2259 Kal.
2484 2205 2654 2261 πολλά
2683 2207 2772 2278 μοί
2813 2208 2928 2260 ἐστι
2956 2205 3051 2261 τοῦ
3084 2206 3265 2276 λέγειν
3287 2223 3302 2238 ο
3333 2206 3469 2262 ἀλλά
3502 2207 3598 2262 καὶ
3629 2209 3697 2264 ἐκ

411 2302 558 2358 velut
593 2299 739 2370 quod
788 2314 820 2354 a
866 2297 1103 2354 mortuis
1136 2296 1410 2352 excitatus
1447 2302 1554 2357 est,
1603 2292 1752 2364 quod
1801 2291 2000 2348 infero-

409 2407 533 2446 rum
567 2391 806 2444 claustra
843 2386 1126 2459 perfregit,
1157 2384 1303 2456 quod
1331 2383 1673 2453 captivorum
1713 2397 1908 2454 agmen
1940 2385 1997 2437 in

409 2489 732 2555 potestatem
758 2479 966 2551 redegit
986 2488 1042 2534 et
1062 2476 1256 2534 eduxit
1275 2477 1296 2508 "
1331 2514 1346 2540 ,
1371 2475 1518 2545 quod
1569 2475 1730 2530 tertia
1760 2475 1848 2529 die
1871 2488 1997 2529 cum

409 2589 578 2629 carne
611 2587 711 2628 sua
758 2569 1129 2636 sanctissima,
1177 2580 1395 2623 necnon
1429 2573 1486 2621 et
1517 2564 1731 2635 1023
1791 2564 1996 2630 anima,

410 2670 614 2729 mente,
655 2675 722 2716 ac
747 2669 862 2716 toto
884 2659 1122 2730 denique
1149 2672 1280 2714 vase
1307 2657 1428 2728 ipso
1477 2657 1745 2720 surrexit;
1775 2663 1830 2713 et
1871 2669 1999 2710 cum

411 2755 700 2810 divinitate
728 2751 1021 2823 copulatus
1039 2749 1205 2804 homo
1236 2747 1516 2819 perfectus
1539 2746 1774 2810 exstitit,
1805 2745 2002 2801 huma-

414 2862 658 2917 namque
688 2855 942 2900 naturam
973 2841 1044 2897 ad
1071 2838 1379 2898 divinitatis
1403 2838 1747 2917 consortium
1774 2838 1956 2895 evexit
1981 2858 1996 2894 :

413 2939 550 2995 adeo
567 2909 645 2994 ἰιι
687 2951 837 2994 mors
861 2935 969 3007 ipsi
1007 2948 1118 2990 non
1148 2932 1469 2989 dominetur
1506 2909 1744 3006 am'plius
1763 2931 1805 2984 ⁸.
1831 2929 2002 3002 Igitur

412 3047 538 3088 eum
572 3031 862 3086 divinitate
902 3027 1256 3099 conjunctus,
1300 3026 1449 3098 quod
1504 3040 1754 3082 crassum
1796 3033 1915 3080 erat
1947 3032 2002 3080 et

425 3133 784 3188 concretum,
841 3129 1005 3177 tenue
1045 3135 1111 3176 ac
1150 3118 1354 3175 subtile
1407 3117 1665 3183 reddidit,
1707 3125 1821 3171 tum
1873 3131 1998 3172 cum

413 3215 620 3272 clausis
660 3213 876 3272 foribus
922 3206 1208 3285 ingressus
1257 3218 1381 3279 est;
1418 3217 1476 3267 et
1548 3225 1674 3265 cum
1714 3209 1996 3277 intrasset,

414 3323 637 3364 carnem
669 3315 724 3362 et
784 3319 914 3362 ossa
951 3303 1302 3368 monstravit,
1335 3311 1394 3358 ut
1422 3309 1478 3357 et
1513 3301 1809 3357 salutarem
1844 3315 1999 3358 suam

416 3400 715 3472 potentiam
744 3397 1083 3464 ostenderet,
1115 3404 1170 3452 et
1195 3395 1343 3466 quod
1367 3396 1483 3466 spei
1511 3402 1718 3450 nostrae
1746 3393 2002 3465 proposi-

420 3503 532 3546 tum
585 3500 670 3547 est
727 3490 1048 3552 exhiberet,
1091 3491 1424 3560 planumque
1469 3486 1675 3542 faceret
1724 3484 1908 3541 omnia
1968 3499 1998 3538 a

2102 2292 2312 2364 νεκρῶν
2359 2296 2680 2364 ἀνίσταται,
2717 2298 2812 2352 καὶ
2862 2297 3225 2370 ἀναμοχλεύει
3261 2297 3332 2352 τὰ
3367 2298 3491 2352 καθ’
3537 2299 3693 2371 ᾅδου,

2100 2385 2194 2438 καὶ
2222 2386 2358 2440 ἐλὼν
2383 2388 2652 2460 ἀνήνεγκε
2680 2389 2779 2462 τὴν
2805 2389 3206 2461 αἰχμαλωσίαν,
3243 2391 3338 2445 xal.
3365 2392 3607 2456 ἀναστάς
3633 2393 3696 2446 τὸ

2098 2479 2398 2552 τριήμερον
2427 2483 2484 2533 ὲν
2504 2481 2640 2554 αὑτῇ
2666 2485 2733 2555 τῇ
2764 2482 2896 2555 ἀγίᾳ
2919 2481 3102 2554 σαρκὶ,
3138 2481 3234 2536 καὶ
3263 2481 3409 2554 ψυχῇ
3434 2485 3504 2554 τῇ
3536 2483 3692 2556 ἀγίᾳ,

2099 2570 2196 2622 καὶ
2240 2569 2352 2640 νῷ,
2407 2569 2502 2625 καὶ
2536 2572 2699 2625 παντὶ
2743 2571 2822 2642 τῷ
2875 2569 3099 2636 σκεύει,
3136 2570 3234 2623 καὶ
3283 2571 3342 2624 ὲν
3374 2572 3442 2642 τῇ
3477 2569 3694 2640 θεότητι

2100 2658 2378 2732 ἡνωμένος
2406 2701 2421 2726 ,
2474 2660 2680 2726 τέλειος
2716 2662 2940 2732 γέγονεν
3001 2659 3289 2732 ἄνθρωπος
3316 2700 3332 2726 ,
3383 2659 3694 2724 συνενώσας

2099 2751 2199 2822 τὴν
2231 2750 2643 2823 ὲνανθρώπησιν
2676 2753 2869 2807 ἑαυτοῦ
2891 2755 2955 2824 τῇ
2988 2752 3225 2822 θεότητι,
3257 2751 3493 2806 θανάτου
3525 2752 3694 2805 αὑτοῦ

2105 2843 2303 2915 μηκέτι
2333 2844 2700 2916 κυριεύοντος.
2743 2845 2822 2916 Τῇ
2859 2843 2918 2897 δὲ
2950 2843 3167 2914 θεότητι
3207 2844 3610 2915 συνηνωμένος,
3633 2844 3695 2897 τὸ

2102 2940 2418 3012 παχυμερὲς
2448 2939 2783 3013 λεπτομερὲς
2811 2939 3069 3004 ὲτελείου,
3100 2939 3483 3011 εἰσερχόμενος
3513 2939 3695 3010 θυρῶν

2102 3031 2527 3103 κεκλεισμένων,
2583 3031 2680 3086 καὶ
2716 3030 2856 3102 μετὰ
2903 3031 3002 3102 τὴν
3039 3030 3242 3085 εἴσοδον
3272 3029 3486 3095 δεικνὺς
3513 3030 3694 3102 σάρκα

2101 3122 2197 3177 καὶ
2222 3122 2402 3187 ὀστέα,
2433 3123 2520 3178 ἵνα
2545 3121 2605 3176 τὸ
2639 3124 2906 3194 σωτήριον
2941 3123 3042 3194 τῆς
3093 3121 3379 3194 δυνάμεως
3409 3122 3688 3196 ὑποφάνῃ’

2104 3215 2190 3268 ῐνα
2214 3215 2312 3288 τὴν
2346 3214 2502 3287 ήμῶν
2533 3214 2724 3270 ἐλπίδα
2764 3213 3019 3288 ὑποδείξῃ
3045 3256 3060 3281 ,
3097 3214 3178 3268 ὅτι
3228 3215 3297 3268 τά
3345 3203 3553 3269 πάντα
3574 3217 3694 3268 ὲτε-

2101 3305 2326 3358 λείωσεν
2379 3303 2550 3358 ἐλθὼν
2584 3306 2612 3358 ό
2645 3305 2836 3374 Λόγος.
2898 3303 3010 3358 Καὶ
3059 3306 3116 3356 ὲν
3170 3303 3318 3375 αὑτῷ
3351 3303 3429 3374 τῷ
3477 3305 3695 3376 σώματι

2103 3396 2436 3467 ἀναληφθεὶς
2499 3397 2724 3464 ἐνδόξως
2773 3395 3025 3450 ἐκάθισεν
3050 3397 3107 3448 ὲν
3135 3395 3286 3467 δεξιᾷ
3317 3395 3412 3450 τοῦ
3453 3397 3693 3468 Πατρδς,

2103 3487 2202 3542 οὑκ
2229 3489 2336 3542 ἀπὺ
2365 3488 2460 3542 τοῦ
2503 3489 2670 3558 δγκου
2706 3489 3027 3559 πιεζόμενος
3051 3529 3066 3554 ,
3109 3487 3210 3541 οὑκ
3247 3488 3407 3551 ὲκτδς
3445 3486 3538 3541 τοῦ
3585 3487 3694 3541 σώο

419 3583 600 3638 Verbo
631 3590 756 3653 post
785 3588 1096 3652 susceptam
1143 3594 1366 3636 carnem
1407 3593 1532 3635 esse
1561 3576 1825 3649 perfecta.
1861 3575 1997 3631 Prae-

2105 3598 2274 3652 ματος
2303 3579 2560 3652 ὑπάρχων
2585 3621 2598 3647 ,
2629 3579 2690 3633 τὸ
2728 3579 2784 3633 δὲ
2825 3579 2986 3651 σῶμα
3029 3579 3402 3651 πνευματικὸν
3448 3580 3692 3652 ἐγείρας.

418 3687 563 3730 terea
593 3673 784 3730 eodem
815 3672 909 3727 illo
935 3686 1167 3743 corpore
1193 3670 1481 3742 magnifice
1513 3670 1764 3726 sublatus
1810 3670 1864 3725 in
1889 3684 2002 3726 cu:-

419 3767 528 3819 lum
560 3765 627 3820 ad
671 3763 850 3818 Patris
880 3763 1162 3818 dexteram
1201 3761 1470 3828 consedit,
1522 3776 1632 3817 non
1681 3762 1824 3817 mole
1861 3777 2002 3831 prae-

417 3867 676 3929 gravatus
721 3854 992 3926 corporis,
1037 3861 1132 3909 aut
1160 3867 1292 3908 vero
1335 3866 1568 3922 corpore
1618 3851 1740 3924 ipso
1781 3853 2000 3924 penitus

417 3950 743 4014 exsolutus,
805 3947 902 4005 sed
953 3947 1097 4004 idem
1151 3947 1332 4018 ipsum
1381 3937 1643 4017 spiritale
1689 3947 1998 4004 suscitavit.

419 4045 572 4112 Quod
604 4044 648 4098 si
684 4051 935 4098 nostrum
971 4041 1102 4096 illud
1135 4055 1335 4110 corpus
1366 4041 1418 4095 in
1450 4041 1805 4110 corruptione
1836 4040 2001 4095 semi-

420 4143 604 4199 natur,
658 4133 832 4204 surgit
873 4131 928 4186 in
961 4131 1406 4201 incorruptione,
1455 4131 1758 4186 seminatur
1797 4145 2000 4202 corpus

421 4227 678 4291 animale,
705 4225 951 4298 spiritale
973 4238 1176 4294 corpus
1197 4223 1530 4279 excitatur':
1559 4229 1768 4293 quanto
1795 4221 1849 4278 id
1878 4237 1998 4276 ma-

423 4321 506 4392 gis
533 4321 603 4376 de
630 4319 894 4390 unigeniti
923 4315 1048 4372 Filii
1075 4316 1167 4372 Dei
1205 4330 1436 4386 corpore
1473 4331 1571 4386 par
1594 4322 1680 4371 est
1706 4313 2005 4369 arbitrari?

423 4413 716 4482 Propterea
748 4411 894 4466 istud
927 4410 1207 4481 impletum
1249 4416 1334 4464 cst
1361 4425 1373 4462 :
1398 4406 1523 4462 Non
1564 4406 1716 4462 dabis
1759 4415 2000 4461 sanctum

425 4518 573 4562 tuum
605 4507 776 4562 videre
819 4512 1228 4575 corruptionem,
1273 4519 1434 4575 neque
1464 4503 1723 4573 relinques
1764 4503 2002 4556 animam

317 4631 326 4647 -
423 4616 592 4655 meam
639 4601 696 4654 in
744 4597 952 4667 inferno
974 4598 1017 4651 ⁸.
1057 4597 1236 4666 Atque
1286 4595 1401 4650 haec
1445 4594 1666 4666 quidem
1707 4596 1890 4649 omnia
1934 4593 2004 4649 de

423 4692 666 4766 perfecta
713 4690 954 4747 hominis
1001 4697 1198 4743 natura
1231 4687 1299 4742 ab
1328 4687 1424 4742 illo
1458 4695 1712 4758 suscepta
1743 4701 1809 4742 eo
1839 4701 1870 4740 a
1917 4701 2004 4741 me

422 4787 701 4856 disputata
742 4790 888 4848 sunt,
931 4798 1001 4837 ne
1044 4781 1132 4836 cui
1164 4780 1372 4836 veniret
1399 4780 1454 4834 in
1499 4787 1755 4844 mentem,
1791 4795 1893 4849 pro
1937 4793 2004 4833 eo

2102 3675 2166 3729 Εἰ
2197 3675 2261 3728 τὸ
2315 3674 2580 3746 ἡμέτερον
2621 3673 2908 3744 σπείρεται
2948 3674 3006 3727 ὲν
3036 3673 3250 3744 φθορᾷ,
3308 3673 3583 3744 ἐγείρεται
3637 3675 3696 3725 ἐν

2101 3765 2382 3837 ἀφθαρσίᾳ
2403 3783 2417 3796 ο
2449 3766 2732 3836 σπείρεται
2767 3763 2926 3836 σῶμα
2947 3763 3198 3836 ψυχικὸν,
3225 3764 3501 3836 ἐγείρεται
3534 3765 3696 3836 σῶμα

2103 3855 2488 3928 πνευματικόν·
2526 3855 2676 3926 πόσῳ
2709 3871 2773 3925 γε
2829 3856 3030 3926 μᾶλλον
3071 3855 3166 3908 τοῦ
3205 3855 3528 3927 μονογενοῦς
3560 3856 3696 3910 Υἱοῦ

2102 3948 2196 4003 τοῦ
2246 3948 2418 4014 Θεοῦ;
2463 3949 2554 4002 Διὸ
2593 3949 2981 4021 πεπλήρωται·
3028 3951 3112 4003 Οὐ
3133 3949 3349 4018 δώσεις
3382 3949 3490 4004 τὸν
3520 3951 3699 4004 ὅσιόν

2102 4057 2218 4097 σου
2265 4039 2412 4095 ἰδεῖν
2445 4039 2811 4110 διαφθορὰν,
2864 4040 3007 4095 οὐδὲ
3057 4040 3263 4108 ἐάσεις
3317 4042 3434 4111 τὴν
3479 4042 3700 4112 ψυχήν

2097 4149 2217 4202 μου
2253 4133 2340 4196 εἰς
2373 4129 2546 4199 ᾅδην.
2591 4129 2749 4183 ’Λλλά
2778 4129 2952 4186 ταῦτά
2989 4149 3078 4202 μοι
3116 4132 3294 4186 πάντα
3325 4135 3453 4203 περὶ
3485 4134 3587 4206 τῆς
3616 4148 3698 4187 τε·

2103 4224 2251 4288 λείας
2305 4221 2470 4276 αὑτοῦ
2515 4221 2978 4295 ὲνανθρωπήσεως
3026 4223 3279 4296 εἴρηται,
3321 4223 3408 4277 ἵνα
3443 4226 3518 4295 μή
3548 4242 3697 4289 τινες

2104 4315 2402 4388 νομίσωσι,
2436 4314 2522 4368 διὰ
2559 4313 2620 4367 τὸ
2654 4315 2832 4387 σάρκα
2861 4314 3022 4369 αὑτὸν
3076 4315 3425 4388 ἀνειληφέναι
3454 4315 3697 4380 τελείαν,

2109 4407 2182 4479 μὴ
2231 4407 2341 4478 ἄρα
2394 4406 2488 4458 καὶ
2532 4405 2600 4459 τὰ
2635 4405 2735 4476 τῆς
2769 4405 2970 4477 σαρκὸς
3005 4405 3176 4474 ἄλογα
3208 4406 3464 4480 ἔπραξεν.
3500 4407 3698 4471 Οὐδεὶς

2105 4501 2211 4573 γὰρ
2240 4498 2348 4551 τῶν
2379 4496 2620 4560 εὑσεΰῶς
2655 4496 3021 4550 πιστευόντων
3065 4499 3146 4562 εἰς
3177 4498 3343 4552 αὑτὸν
3374 4497 3531 4551 τοῦτο
3561 4503 3695 4561 νοεῖ,

2105 4593 2139 4662 ἢ
2169 4590 2339 4660 λέγει.
2370 4588 2433 4642 Εἰ
2461 4587 2518 4641 δὲ
2545 4587 2722 4652 οὐδεὶς
2758 4591 2869 4641 νοεῖ
2906 4587 3036 4658 περὶ
3067 4588 3231 4641 αὑτοῦ
3261 4588 3330 4641 τά
3361 4589 3460 4660 τῆς
3492 4587 3698 4659 σαρκὸς

2105 4681 2278 4752 ἄλογα
2335 4680 2716 4754 πεπραχέναι,
2766 4681 2888 4735 οὑτε
2937 4683 3005 4737 τὰ
3051 4682 3146 4736 τοῦ
3192 4682 3284 4737 νοῦ
3323 4681 3494 4751 ἄλογα
3531 4682 3700 4736 αὑτδν

2108 4771 2469 4843 πεποιηκέναι
2498 4771 2761 4842 νοήσειεν.
2799 4773 2912 4825 Καὶ
2940 4773 3023 4825 ὃτι
3054 4773 3152 4843 μὲν
3186 4772 3405 4836 τελείως
3429 4771 3702 4842 ἑνηνθρώ-

423 4878 569 4951 quod
608 4875 908 4948 perlectam
952 4889 1176 4929 carnem
1211 4873 1472 4938 induerit,
1511 4887 1575 4928 ea
1607 4872 1724 4942 ipsa
1759 4887 1997 4944 quoque,

2112 4882 2285 4936 πησεν
2313 4862 2484 4916 ἐλθὼν
2535 4864 2564 4916 δ
2609 4863 2804 4932 Λόγος,
2835 4862 2992 4916 τοῦτο
3029 4862 3211 4933 δῆλον.
3248 4863 3358 4916 Καὶ
3389 4861 3484 4915 ἐάν
3523 4863 3702 4915 εἴπω-

422 4990 555 5046 quze
583 4973 648 5027 ad
681 4985 903 5025 carnem
933 4967 1232 5040 pertinent,
1273 4965 1511 5022 absurda
1542 4965 2003 5036 abhorrentiaque

424 5066 769 5138 pnnstitissc.
812 5059 983 5117 Nemo
1032 5059 1200 5123 enim,
1247 5058 1341 5130 qui
1381 5058 1602 5131 quidem
1654 5059 1906 5130 religiose
1938 5059 2006 5113 de

423 5162 514 5215 illa
551 5159 773 5221 sentiat,
805 5156 872 5212 dc
911 5170 976 5211 eo
1015 5153 1285 5224 ejusmodi
1311 5153 1570 5224 quiddam
1605 5153 1789 5207 animo
1819 5152 2006 5207 conci-

425 5250 556 5321 piat,
607 5261 701 5304 ant
735 5247 918 5304 verbis
960 5239 1250 5316 exprimat.
1285 5243 1442 5310 Quod
1491 5244 1537 5299 si
1570 5259 1731 5299 nemo
1775 5250 1876 5306 est,
1913 5241 2006 5311 qui

425 5344 622 5399 rationi
653 5342 927 5397 contraria
956 5349 1011 5396 et
1044 5339 1284 5398 absurda
1317 5338 1408 5392 illa
1437 5337 1622 5393 carnis
1652 5334 1829 5391 otlicia
1863 5349 2005 5403 pra:-

423 5438 632 5493 stitissc
656 5436 806 5491 illum
838 5435 1138 5500 existimet,
1173 5449 1243 5490 ne
1275 5447 1338 5488 ea
1359 5429 1581 5501 quidem
1615 5443 1736 5499 quae
1763 5442 1791 5480 a
1822 5433 2005 5481 mente

423 5529 880 5598 proficiscuntur,
938 5527 1144 5583 absona
1191 5535 1245 5581 et
1298 5521 1651 5579 abhorrentia
1706 5519 2003 5590 perfecisse

426 5617 704 5688 putandus
729 5625 832 5673 est.
857 5613 976 5672 Jam
1010 5630 1140 5671 vero
1161 5613 1256 5669 Dei
1286 5612 1523 5669 Verbum
1555 5608 1799 5682 perfecte
1832 5608 2006 5664 homi-

496 5731 511 5760 ⁸
549 5727 737 5782 Matth.
773 5743 832 5793 ιι,
867 5727 892 5781 1
924 5741 1044 5797 sqq.

2114 4977 2210 5034 μεν
2236 4955 2478 5021 τελείως,
2505 4955 2567 5008 οὑ
2590 4955 2683 5009 δύο
2709 4956 2976 5028 Χριστοὺς
3004 4954 3297 5027 ἔχομεν,·οὑ
3322 4954 3415 5008 δύο
3439 4954 3702 5025 βασιλέας

2112 5052 2275 5113 Υίοὺς
2303 5048 2459 5113 Θεοῦ,
2485 5047 2620 5102 ἀλλὰ
2642 5047 2732 5101 τόν
2765 5047 2929 5103 αὑτὶν
2961 5047 3095 5101 Θεὸν
3115 5088 3129 5114 ,
3167 5047 3259 5101 τὸν
3287 5045 3450 5101 αὑτὸν
3481 5045 3702 5116 ἀνθρω-

2113 5161 2245 5200 πον’
2283 5143 2382 5214 οὑχ
2430 5140 2504 5206 ὡς
2539 5143 2596 5195 ἐν
2653 5139 2926 5224 ἀνθρώπῳ
2985 5141 3269 5212 οἰκήσαντι
3297 5141 3340 5204 ⁸,
3388 5137 3503 5192 ἀλλ’
3530 5139 3702 5192 αὑτὸν

2111 5238 2230 5293 ὅλον
2265 5233 2760 5306 ὲνανθρωπήσαντα
2784 5274 2798 5298 ,
2827 5227 2928 5287 οὑκ
2954 5233 3240 5305 ἄνθρωπον
3275 5232 3405 5286 ὄντα
3427 5272 3442 5297 ,
3473 5229 3702 5284 ἐλθόντα

2113 5331 2194 5394 εἰς
2223 5329 2506 5400 προκοπὴν
2548 5325 2800 5396 θεότητος
2823 5365 2837 5390 ,
2884 5325 3021 5380 ἀλλά
3053 5325 3185 5382 Θεὸν
3215 5325 3308 5378 ἀπ’
3337 5322 3586 5394 οὐρανῶν
3617 5319 3705 5375 EI-

2115 5424 2314 5487 θόντα,
2363 5420 2457 5474 zal.
2523 5419 2602 5482 εἰς
2656 5417 2846 5470 ἑαυτὸν
2901 5417 3356 5489 ἁναπλασάμενον
3405 5415 3503 5486 τὴν
3563 5414 3707 5468 ἰδίαν

2111 5511 2524 5584 ὲνανθρὼπησιν
2553 5507 2697 5562 κατά
2727 5508 2827 5579 τὴν
2853 5508 3022 5563 αὑτοῦ
3063 5508 3296 5578 δυνατὴν
3325 5504 3557 5576 θεότητα
3581 5521 3595 5534 ·
3627 5505 3705 5568 ὡς

2110 5607 2277 5677 λέγει,
2302 5605 2382 5658 ὅτι
2409 5603 2601 5673 Λόγος
2629 5601 2787 5671 σὰρξ
2819 5601 3079 5673 ἐγένετο.
3107 5601 3180 5655 Τὸ
3209 5600 3288 5667 δὲ,
3319 5598 3510 5668 Λόγος
3541 5596 3706 5665 σὰρξ

1121 5729 1141 5758 ³
1176 5724 1307 5779 Luc.
1347 5739 1464 5786 vnt,
1498 5723 1589 5778 24.
1667 5721 1909 5775 'Malth.
1944 5736 2054 5787 xlv,
2082 5719 2172 5772 ‘26.
2249 5718 2271 5750 ‘
2297 5715 2455 5787 .loan.
2487 5729 2567 5787 at,
2593 5715 2680 5770 43.
2757 5717 2778 5748 ⁸
2810 5714 3010 5787 Eplles.
3049 5727 3122 5780 tv,
3154 5711 3208 5770 8.
3285 5711 3307 5745 ⁸
3333 5709 3499 5768 Rom.
3529 5725 3608 5778 τι,
3649 5707 3710 5764 9.

427 5797 496 5854 'l
534 5798 664 5852 Cor.
725 5786 831 5865 xv,
871 5786 1059 5850 42:“
1095 5795 1240 5850 Psal.
1278 5812 1366 5860 xv,
1401 5795 1643 5861 10;Act.
1675 5809 1739 5860 ιι,
1771 5794 1834 5848 5i
1861 5810 1876 5861 ;
1907 5808 1997 5846 ιιιιι

2102 5793 2147 5847 5.
2227 5791 2248 5823 ⁹
2284 5786 2346 5841 F.
2381 5786 2704 5857 οἰκήσαντα.
