3994 6224
325 315 432 376 635

928 314 1296 373 ADVERSUS
1330 308 1674 372 HERESES
1707 310 1834 369 LIB.
1876 294 1962 370 Ill.
2005 313 2170 370 T031.
2209 313 2350 370 ll.—-
2390 312 2662 391 llERES.
2699 310 2956 368 LXXVII.

3478 310 3586 370 683

328 430 592 499 ἐγένετο,
627 427 715 481 ἵνα
771 427 845 498 μή
882 444 1028 491 τινες
1074 427 1367 498 νομίσωσιν
1393 466 1409 492 ,
1443 427 1526 480 ὅτι
1570 426 1784 497 πρῶτος
1813 427 1906 480 ἄνω

2043 439 2135 478 lem
2165 439 2286 480 esse
2324 422 2527 478 factum
2570 437 2869 488 nemo,non
2915 419 3190 494 intelligit.
3227 420 3362 478 Cum
3397 434 3578 480 autem

248 512 256 518 ”
328 521 548 591 Optem;
602 515 700 591 ἦν,
739 520 834 572 καὶ
885 514 1014 589 ἦλθε
1069 519 1303 590 Χριστὸς
1347 519 1429 583 εἰς
1472 516 1776 590 ἄνθρωπον.
1810 515 1908 570 Διὰ

2019 516 2317 587 perfectura
2349 515 2603 580 dicimus,
2640 529 2754 569 non
2788 514 2929 570 duos
2977 512 3183 569 idcirco
3218 513 3468 572 Christos
3506 531 3591 572 as-

329 608 489 662 τοῦτο
515 610 685 676 Λόγον
716 607 928 680 πρῶτον
957 607 1113 674 ἔταξε
1140 607 1201 661 τὸ
1227 607 1368 660 θεῖον
1395 607 1744 676 Εὑαγγέλιον.
1774 603 1911 660 Εἶτα

2043 608 2276 672 erimus,
2329 608 2410 662 vel
2441 607 2577 662 duos
2627 620 2783 676 reges
2828 604 2921 662 Dei
2973 605 3158 670 Filios,
3203 607 3298 662 sed
3337 607 3590 664 eumdem

329 703 430 774 ’τὴν
465 701 644 773 σάρκα
677 699 1061 770 ὡμολόγησεν,
1097 702 1180 754 ὅτι
1235 700 1297 754 '0
1335 701 1524 769 Λόγος
1575 699 1732 768 σὰρξ
1786 697 1912 768 ἐτέ-

331 808 491 846 νετο.
538 791 611 843 Οὐ
643 790 751 861 γὰρ
781 785 970 854 εἶπεν,
1020 792 1083 843 Ἦ
1120 789 1256 862 σὰρξ
1307 791 1477 859 Λόγος
1527 791 1776 860 ἐγένετο,
1825 790 1911 843 ἴνα

331 883 486 953 δείξῃ
511 882 725 954 πρῶτον
752 881 923 950 Λόγον
953 883 1046 936 ἀπ’
1069 883 1315 953 οὐρανῶν
1345 883 1589 946 ἐλθόντα,
1617 885 1696 946 εἰς
1722 882 1913 936 ἑαυτὸν

333 973 396 1027 δὲ
447 975 830 1046 ὑποστήσαντα
860 975 960 1046 τὴν
1013 975 1190 1047 σάρκα
1230 975 1338 1028 ἀπὸ
1395 975 1497 1046 τῆς
1549 976 1763 1048 μήτρας
1815 976 1914 1047 τῆς

337 1065 500 1133 ἁγίας
537 1065 812 1136 Παρθένου
840 1105 857 1131 ,
887 1067 981 1122 καὶ
1020 1069 1199 1121 πᾶσαν
1231 1065 1329 1138 τὴν
1380 1066 1794 1138 ὲνανθρώπησιν
1826 1083 1919 1119 τε-

338 1153 500 1217 λείως
533 1154 615 1217 ei;
644 1155 836 1208 ἑαυτὸν
869 1154 1337 1226 άναπλασάμενον.
1373 1155 1493 1209 Κάν
1529 1171 1591 1206 τε
1622 1153 1732 1225 γὰρ
1763 1153 1915 1224 εἴπῃ,

354 1244 420 1299 '0
450 1245 640 1315 Λόγος
665 1246 821 1315 σὰρξ
849 1246 1086 1317 ἐγένετο
1112 1285 1128 1311 ,
1163 1247 1262 1316 οὐχ
1312 1246 1394 1299 ὅτι
1448 1245 1658 1317 ἐτράπη
1692 1248 1721 1299 ό
1749 1245 1919 1314 Λόγος

344 1337 425 1399 εἰς
476 1336 687 1407 σάρκα,
735 1337 831 1391 καὶ
870 1338 1092 1407 γέγονεν
1146 1337 1176 1390 ό
1216 1336 1386 1405 Λόγος
1429 1335 1596 1410 σὰρξ,
1657 1334 1754 1407 ἢή
1805 1336 1921 1390 θεό-

346 1442 447 1497 της
503 1427 802 1500 μετεϐλήθη
857 1429 939 1492 εἰς
987 1429 1202 1500 σάρκα·
1255 1426 1391 1482 ἀλλὰ
1427 1429 1524 1482 σὺν
1583 1430 1650 1500 τῇ
1708 1428 1920 1499 θεότητι

347 1515 510 1570 ἔλαϐε
542 1518 642 1590 τὴν
692 1518 828 1572 ἰδίαν
867 1519 1032 1574 αὐτοῦ
1071 1518 1482 1592 ὲνανθρὼπησιν
1521 1517 1694 1573 ἐλθὼν
1725 1521 1754 1574 ό
1790 1519 1922 1585 Θεὸς

352 1609 547 1677 Λόγος.

2019 695 2211 760 Deum,
2245 705 2299 751 et
2335 697 2586 752 eumdem
2620 696 2932 752 hominem:
2971 713 3079 752 non
3110 697 3231 752 ideo
3266 700 3409 769 quod
3444 700 3593 755 habi-

2020 788 2148 842 tarit
2179 788 2232 842 in
2273 788 2513 852 homine,
2550 789 2646 846 sed
2680 790 2826 861 quod
2872 789 2990 861 ipse
3029 800 3175 848 totus
3211 792 3371 847 homo
3404 793 3478 848 sit
3511 792 3592 847 fa-

2020 886 2164 934 ctus.
2198 877 2384 949 Neque
2413 896 2578 950 porro
2605 896 2814 935 merum
2853 882 3004 936 illuni
3031 883 3302 938 hominem
3332 900 3590 956 progres-

2023 970 2178 1026 sione
2215 971 2448 1041 quadam
2497 971 2566 1025 ad
2613 971 2918 1029 divinitatis
2959 974 3326 1030 conditionem
3370 991 3594 1046 proces-

2021 1061 2163 1117 sisse
2203 1062 2639 1118 credimus:sed
2683 1062 2856 1118 Deum
2903 1079 2934 1119 e
2963 1064 3104 1118 coelo
3143 1063 3444 1134 delapsum,
3494 1081 3594 1136 pro

2023 1153 2326 1208 divinitatis
2369 1169 2480 1208 suae
2537 1155 2813 1224 potentia,
2867 1170 3020 1210 suam
3069 1156 3171 1210 sibi
3224 1155 3460 1212 hominis
3513 1157 3598 1212 ai-

2026 1244 2250 1300 finxisse
2280 1254 2549 1300 naturam.
2582 1244 2636 1300 ιιι
2669 1246 2814 1316 quod
2844 1245 3144 1316 Scriptura:
3175 1245 3267 1300 illa
3305 1247 3470 1302 verba
3503 1247 3598 1303 de-

2026 1337 2276 1393 clarant:
2314 1337 2536 1392 Verbum
2560 1355 2687 1392 caro
2716 1339 2916 1408 [ac-mm
2953 1350 3032 1394 est
3055 1340 3094 1393 ¹.
3127 1338 3261 1405 Quae
3289 1338 3494 1396 idcirco
3525 1340 3600 1394 ita

2026 1438 2290 1500 concepta
2321 1438 2470 1493 sunt,
2501 1447 2569 1486 ne
2602 1431 2875 1502 quispiam
2906 1432 3008 1488 sibi
3041 1430 3182 1488 forte
3210 1433 3597 1504 persuaderet,
3655 1431 3663 1436 ’

2029 1520 2266 1591 primum
2302 1522 2574 1577 hominem
2608 1522 2909 1588 exstitisse,
2947 1523 3000 1577 in
3033 1539 3266 1596 eumque
3300 1531 3489 1596 postea
3524 1526 3598 1580 in-

2029 1613 2238 1670 fudisse
2287 1629 2347 1670 se
2395 1613 2696 1670 Christum.
2733 1613 2813 1670 Ob
2864 1613 2920 1669 id
2963 1613 3200 1671 Verbum
3250 1617 3431 1688 primo
3478 1619 3600 1673 loco

352 1710 766 1758 sacrosanctum
808 1700 1158 1774 Evangelium
1197 1704 1414 1774 posuit;
1459 1702 1658 1761 deinde
1692 1703 1823 1776 quid
1869 1705 1936 1761 de
1973 1720 2140 1762 carne
2181 1705 2531 1778 proﬁteretur
2584 1705 2819 1776 subjecit
2860 1728 2872 1762 :
2916 1705 3161 1773 Verbum,
3219 1707 3417 1778 inquit,
3477 1725 3602 1763 caro

354 1791 556 1862 factum
604 1804 716 1849 est.
773 1794 986 1866 1024
1011 1793 1126 1850 Non
1175 1796 1333 1860 dixit,
1384 1794 1525 1852 Caro
1567 1794 1804 1853 Verbum
1867 1803 1953 1852 est
2020 1796 2187 1863 facta,
2222 1811 2332 1869 quo
2383 1798 2642 1853 nimirum
2701 1794 2938 1852 Verbum
2995 1797 3244 1868 inprimis
3293 1797 3602 1855 ostenderet

354 1889 711 1946 descendisse
737 1889 807 1946 de
841 1891 1002 1956 coelo,
1039 1890 1253 1961 sibique
1296 1905 1516 1948 carnem
1548 1907 1581 1948 e
1621 1905 1780 1948 sacro
1808 1889 2056 1965 Virginis
2099 1902 2255 1948 utero
2295 1893 2598 1959 formasse,
2658 1900 2823 1958 atque
2875 1907 3090 1949 omnem
3131 1894 3190 1949 in
3258 1907 3382 1951 sese
3430 1893 3601 1964 perfe~

356 1992 447 2039 cte
506 1990 755 2038 naturam
803 1982 1039 2039 hominis
1072 1983 1432 2054 expressisse.
1479 1984 1616 2040 Cum
1665 1985 1810 2040 enim
1851 1987 1926 2041 ita
1967 1986 2228 2058 loquitur,
2268 1980 2494 2042 Verbum
2522 2001 2646 2040 caro
2675 1985 2879 2055 factum
2900 1995 3001 2050 est,
3027 1999 3134 2040 non
3186 1985 3318 2041 illud
3375 1985 3602 2051 indicat,

358 2076 598 2133 Verbum
631 2077 686 2132 in
729 2090 951 2132 carnem
994 2076 1164 2132 fuisse
1193 2092 1543 2142 conversum,
1584 2087 1680 2133 aut
1714 2079 1770 2133 in
1807 2093 1926 2135 eam
1968 2080 2194 2135 omnino
2241 2080 2530 2144 transisse,
2585 2080 2700 2135 sive
2738 2077 3078 2135 divinitatem
3117 2079 3170 2134 in
3209 2093 3432 2135 carnem
3486 2095 3607 2137 esse

361 2180 646 2234 mutatam,
676 2183 865 2224 verum
896 2184 1018 2223 cum
1060 2168 1347 2229 divinitate
1383 2169 1624 2229 Verbum
1655 2177 1934 2245 propriam
1976 2173 2217 2229 hominis
2248 2173 2618 2243 assumpsisse
2641 2179 2914 2228 naturam.

433 2263 512 2316 A'.
543 2260 652 2320 Καὶ
688 2261 1048 2344 προέκοπτε,
1090 2266 1252 2332 φησὶν
1276 2305 1292 2329 ,
1325 2265 1397 2319 ἐν
1445 2263 1651 2332 ἡλικίᾳ
1699 2263 1934 2332 Ἰησοῦς

2115 2263 2282 2320 XXX.
2317 2264 2459 2331 Quin
2497 2264 2662 2320 etiam
2688 2261 3021 2332 procedebat,
3049 2259 3245 2330 inquit,
3271 2258 3431 2315 Jesus
3457 2270 3609 2317 (etate

363 2355 464 2408 καὶ
493 2354 700 2423 σοφίᾳ.
761 2354 818 2408 '0
851 2354 908 2408 δὲ
954 2354 1079 2410 νοῦν
1132 2355 1206 2426 μὴ
1251 2355 1388 2427 ἔχων
1443 2356 1782 2427 ἀνθρώπινον
1817 2357 1938 2423 πῶς

366 2443 671 2516 προέκοπτε
698 2461 711 2511 ;
748 2443 929 2507 καθὼς
956 2444 1055 2516 ἤδη
1093 2463 1182 2516 μοι
1215 2445 1426 2516 εἴρηται
1447 2462 1462 2477 ·
1495 2445 1570 2510 ὡς
1597 2447 1690 2501 καλ⁵
1725 2464 1938 2516 μαρτυ-

369 2537 454 2606 ρεῖ
500 2533 674 2605 τούτῳ
723 2534 801 2606 τῷ
847 2533 989 2605 λόγῳ
1031 2537 1060 2588 ὁ
1115 2534 1267 2604 ἅγιος
1320 2535 1413 2590 τοῦ
1473 2537 1607 2592 Θεοῦ
1655 2539 1938 2611 προφήτης

377 2625 602 2688 Ἡσαΐας
621 2627 817 2694 φήσας·
835 2624 980 2680 Ἰδοὺ
1007 2625 1268 2695 στυγήσει
1299 2629 1331 2681 ό
1358 2627 1499 2694 παῖς
1516 2645 1636 2697 μου
1657 2632 1689 2682 ό
1717 2629 1940 2699 (ig-aan-

367 2717 490 2784 τὸς,
508 2718 598 2787 ἐφ’
623 2711 670 2784 ᾧ
690 2717 1013 2787 εὐδόκησα.
1044 2721 1153 2774 Καὶ
1181 2721 1331 2794 ὁρᾷς,
1361 2721 1444 2774 ὅτι
1465 2721 1526 2774 τὸ
1546 2721 1806 2792 συνήσει
1845 2723 1940 2776 ἐπὶ

366 2807 578 2863 τελείαν
611 2810 1019 2882 ἐνανθρὼπησιν
1051 2810 1311 2883 φέρεται;
1346 2812 1420 2866 Οὐ
1467 2812 1690 2870 δύναται
1721 2814 1830 2888 γάρ
1857 2831 1941 2880 τις

372 2900 608 2961 συνιέναι
636 2901 759 2955 νοῦν
801 2902 877 2975 μὴ
928 2901 1097 2974 ἔχων·
1136 2902 1259 2958 οὔτε
1293 2906 1386 2962 ἐπὶ
1416 2909 1482 2979 τῇ
1519 2907 1733 2978 θεότητι
1780 2907 1941 2961 τοῦτο

374 2991 692 3062 πληροῦται.
724 2994 836 3047 Οὐκ
859 2992 1076 3064 ἐπιδεὴς
1109 2994 1217 3066 γὰρ
1250 2995 1516 3061 συνέσεως
1542 2999 1575 3068 ἡ
1606 2994 1742 3051 οὖσα
1783 2999 1942 3052 αὐτο-

376 3080 621 3147 σύνεσις,
654 3082 776 3136 οὐδὲ
814 3083 1084 3137 ἐπιδέεται
1127 3085 1316 3154 σοφίας
1359 3089 1392 3158 ἡ
1439 3083 1573 3142 οὖσα
1608 3088 1936 3158 αὑτοσοφὶα·

376 3172 508 3227 ἀλλὰ
527 3174 589 3227 τὸ
608 3173 870 3242 συνήσει
899 3175 991 3228 ἐπὶ
1023 3177 1100 3248 τῷ
1133 3177 1208 3248 νῷ
1244 3179 1567 3250 ἀνθρωπίνῳ
1582 3179 1939 3249 λαμϐάνεται.

376 3263 546 3317 Πόθεν
583 3265 639 3318 δὲ
668 3265 878 3331 ὲπείνα,
908 3265 1032 3336 λέγε
1073 3285 1181 3339 μοι.
1220 3269 1283 3321 El
1325 3269 1423 3339 μὲν
1454 3271 1561 3342 γὰρ
1601 3271 1737 3342 σὰρξ
1785 3272 1942 3342 μόνον

375 3350 462 3426 ἦν,
499 3353 616 3420 πῶς
648 3349 878 3424 ηδ’ύνατο
913 3357 1213 3429 μνησθῆναι
1245 3360 1474 3430 πείνης;
1517 3361 1612 3414 καὶ
1643 3363 1690 3414 εἰ
1725 3363 1789 3415 ὲκ
1836 3362 1941 3432 ψυ-

375 3444 477 3515 χῆς
523 3447 614 3499 καὶ
667 3444 914 3517 σώματος
939 3443 1006 3518 ἦν
1043 3449 1244 3520 μόνης,
1285 3452 1462 3522 ψυχῆς
1503 3452 1576 3523 μὴ
1612 3453 1841 3523 ἐχούσης
1883 3452 1944 3506 τὸ

376 3534 594 3604 λογικὸν
615 3535 708 3589 τοῦ
745 3537 856 3602 νοῦ,
890 3538 978 3592 τὸν
1015 3540 1272 3612 λογισμὸν
1308 3545 1406 3615 τῆς
1439 3543 1902 3615 ὲνανθρωπήσεως
1925 3561 1938 3574 ·

379 3626 440 3678 οὐ
478 3625 568 3678 τὸν
599 3626 800 3695 φαῦλον
832 3628 974 3697 λέγω
993 3671 1006 3695 ,
1037 3605 1287 3685 etiam»;
1319 3605 1412 3686 erit
1443 3637 1510 3704 τῇ
1544 3605 1756 3706 εὐλόγῳ.
1782 3605 1944 3707 χρειᾳ
1974 3605 2014 3661 C

324 3749 328 3754 -
378 3718 708 3788 τεταγμένον
737 3722 1167 3794 συμπρεπόντως
1194 3726 1258 3796 τῇ
1293 3724 1502 3796 θεότητι
1530 3742 1544 3757 ο
1573 3726 1688 3790 πῶς
1715 3727 1944 3797 ἠδύνατο

381 3810 654 3874 πεινάσαι,
683 3810 716 3882 ἢ
747 3811 1086 3884 διανοηθῆναι
1109 3818 1328 3881 πεῖνανς
1353 3816 1522 3869 Πόθεν
1545 3816 1602 3870 δὲ
1627 3817 1944 3890 λελύπηται,

378 3899 502 3970 λέγε
527 3916 634 3972 μοι,
668 3902 843 3973 ψυχῆς
875 3903 948 3975 μὴ
981 3905 1211 3977 ἐχούσης
1239 3907 1384 3970 νοῦν,
1416 3907 1593 3961 καὶτὸ
1617 3907 1944 3978 λογίζεσθαι,

381 3992 574 4060 ἀλόγου
601 3992 777 4064 ψυχῆς
804 3991 999 4065 οὔσης,
1030 3994 1062 4067 ἢ
1100 3997 1300 4069 σαρκὸς
1331 3997 1540 4069 ἀψύχου
1573 3998 1776 4070 οὕσηςς
1811 4001 1949 4053 Οὔτε

382 4077 487 4133 ὑπὸ
523 4080 697 4152 λύπην
725 4082 1048 4149 ὑπέπιπτεν,
1075 4083 1198 4138 οὔτε
1239 4086 1318 4149 εις
1342 4086 1599 4156 ἀθυμίαν.
1631 4089 1744 4142 Καὶ
1776 4088 1948 4142 πολλὰ

381 4172 528 4224 ἐστιν
556 4171 592 4225 ἃ
624 4171 728 4242 χρὴ
753 4175 901 4245 ἡμᾶς
936 4174 1347 4245 διανοουμένους
1385 4176 1600 4240 εἰδέναι,
1635 4178 1716 4230 ὅτι
1741 4177 1810 4230 τὰ
1857 4196 1948 4232 σο-

384 4263 612 4332 φιστικὰ
646 4265 874 4335 περιττὰ
905 4267 1178 4337 τυγχάνει,
1216 4268 1310 4322 καὶ
1353 4267 1574 4338 πλήττει
1606 4269 1803 4339 μᾶλλον
1826 4272 1971 4334 τοὺς.

384 4352 525 4424 ὑπὲρ
556 4354 617 4408 τό
655 4355 771 4409 δέον
820 4357 1173 4428 βουλομένους
1202 4357 1526 4413 διανοεῖσθαι
1555 4401 1569 4426 ,
1601 4361 1692 4413 καὶ
1724 4360 1798 4430 μὴ
1853 4378 1951 4430 με·

383 4445 532 4512 τρεῖν
564 4446 788 4510 ἑαυτοὺς
824 4449 882 4501 έν
913 4448 991 4519 τῷ
1026 4447 1207 4520 μέτρῳ
1242 4448 1320 4519 τῷ
1362 4450 1492 4520 ἡμῖν
1530 4449 1672 4503 κατὰ
1698 4450 1953 4521 παραίνε·

385 4551 469 4588 σιν
517 4536 789 4608 εἰρημένῳ
817 4537 926 4591 ἀπὸ
972 4538 1066 4594 τοῦ
1113 4539 1419 4608 ἁγιωτάτου
1461 4539 1782 4595 ’Δποστόλου
1808 4580 1823 4606 ,
1859 4540 1952 4595 τοῦ

383 4626 652 4696 φήσαντος
671 4669 685 4695 ,
717 4628 811 4698 Μὴ
839 4629 1236 4700 ὑπερφρονεῖν
1257 4632 1406 4700 παρὸ
1435 4630 1534 4686 δεῖ
1552 4631 1820 4702 φρονεῖν.

385 4731 621 4774 maerore
646 4721 891 4776 contrahi
934 4723 1127 4792 potuit.
1167 4722 1305 4776 Sunt
1333 4731 1387 4778 et
1436 4723 1542 4778 alia
1591 4725 1808 4796 generis
1863 4724 2108 4794 ejusdem
2165 4723 2566 4794 quamplurima
2617 4738 2631 4773 :

2045 2365 2106 2402 ac
2130 2349 2393 2418 sapientia
2414 2349 2459 2402 ’.
2484 2349 2642 2418 Atqui
2673 2347 2719 2401 si
2752 2347 2987 2401 humana
3015 2356 3192 2400 mente
3223 2354 3454 2411 careret,
3485 2363 3609 2416 pro-

2039 2440 2229 2496 cedere
2250 2441 2342 2512 qui
2377 2439 2552 2510 potuit
2577 2439 2678 2493 lut
2710 2454 2739 2492 a
2771 2437 2928 2493 nobis
2979 2447 3105 2492 ante
3135 2436 3472 2504 disputatum
3502 2445 3607 2492 est.

2040 2528 2141 2584 Cui
2171 2537 2226 2585 et
2279 2541 2506 2586 sanctus
2538 2527 2631 2584 Dei
2663 2527 2927 2598 propheta
2963 2524 3131 2581 Isaias
3160 2526 3490 2597 astipulatur
3520 2525 3607 2580 his

2041 2619 2222 2675 verbis
2257 2637 2271 2675 :
2310 2618 2443 2673 Ecce
2478 2618 2732 2688 intelliget
2761 2634 2938 2673 servus
2975 2633 3118 2672 meus
3146 2614 3389 2684 dilectus,
3431 2616 3487 2670 in
3512 2633 3612 2688 quo

2045 2713 2176 2768 mihi
2227 2713 2476 2783 placui’.
2528 2711 2632 2768 Ubi
2673 2727 2774 2768 vox
2848 2712 2962 2778 illa,
2999 2711 3277 2782 intelliget,
3321 2710 3390 2765 ad
3437 2711 3611 2782 perfe-

2044 2813 2191 2860 ctam
2225 2804 2465 2861 hominis
2484 2810 2737 2859 naturam
2780 2803 3037 2858 refertur.
3060 2801 3180 2858 Non
3219 2801 3363 2858 enim
3411 2801 3614 2858 intelli-

2044 2912 2172 2970 gere
2231 2897 2521 2968 quisquam
2573 2902 2772 2966 potest,
2828 2895 2933 2950 nisi
2983 2904 3166 2950 mente
3219 2894 3293 2950 sit
3334 2893 3615 2964 praeditus,

2044 3005 2147 3047 nec
2193 2990 2248 3044 in
2302 2989 2590 3044 divinitate
2634 2993 2815 3058 potest
2875 2985 3020 3042 istud
3066 2985 3304 3056 impleri.
3346 2983 3614 3050 Quoniam

2045 3097 2147 3137 nec
2204 3080 2559 3151 intelligentia
2603 3077 2850 3148 indiget,
2905 3091 3024 3146 quae
3061 3076 3176 3147 ipsa
3233 3089 3330 3146 per
3368 3090 3491 3131 sese
3545 3074 3618 3131 sit

2047 3172 2406 3243 intelligentia
2431 3174 2447 3236 ;'
2489 3183 2668 3239 neque
2698 3167 2969 3239 sapientia
2998 3181 3140 3238 opus
3170 3166 3357 3232 habet,
3390 3181 3511 3236 qua:
3531 3173 3618 3221 est

2046 3266 2164 3336 ipsa
2203 3263 2470 3335 sapientia
2518 3279 2532 3316 :
2580 3260 2725 3316 unde
2794 3257 3132 3342 intelligendi
3175 3257 3500 3313 vocabulum
3551 3256 3618 3310 ad

2051 3358 2345 3412 humanam
2399 3361 2632 3410 mentem
2679 3352 2993 3409 necessario
3037 3351 3288 3422 pertinet.
3350 3349 3620 3405 Praeterea
3696 3398 3711 3409 ,

2052 3449 2174 3502 volo
2203 3447 2334 3502 illud
2386 3444 2517 3500 mihi
2558 3443 2732 3501 dicas.
2776 3439 3231 3511 quemadmodum
3273 3438 3483 3493 esurire
3524 3451 3623 3507 po-

2050 3539 2240 3593 tuerit.
2296 3535 2431 3591 Nam
2480 3535 2527 3590 si
2583 3533 2719 3588 nihil
2763 3538 2963 3602 praeter
2989 3546 3206 3586 carnem
3243 3529 3453 3594 habuit,
3491 3543 3624 3599 quo-

2049 3630 2215 3684 modo
2258 3627 2418 3683 famis
2476 3623 2756 3681 recordari
2815 3623 3035 3694 potuit?
3091 3628 3186 3676 aut
3238 3621 3286 3676 si
3330 3636 3396 3675 ex
3442 3620 3624 3674 anima

2051 3719 2166 3775 sola
2195 3724 2477 3775 constaret
2537 3722 2593 3771 et
2634 3729 2884 3784 corpore,
2925 3714 2995 3768 ita
3029 3721 3090 3768 ut
3122 3711 3382 3768 facultate
3418 3711 3507 3764 illa
3535 3724 3627 3765 ca-

2051 3818 2198 3866 reret
2225 3808 2429 3874 anima,
2460 3821 2582 3878 qua
2615 3807 2826 3862 ratione
2864 3805 3090 3874 praedita
3121 3811 3225 3868 est,
3249 3802 3351 3858 hoc
3382 3808 3467 3856 est
3499 3816 3624 3871 pro-

2053 3901 2174 3970 pria
2216 3906 2398 3955 mente
2448 3895 2688 3952 hominis
2727 3905 2783 3952 et
2825 3894 3175 3966 intelligentia
3224 3894 3355 3965 (quo
3409 3892 3627 3947 nomine

2055 4007 2165 4046 non
2214 3990 2562 4061 depravatam
2625 3988 2772 4042 illam
2827 3985 3125 4058 signiﬁcari
3169 3985 3313 4051 volo,
3365 3982 3459 4039 sed
3504 3996 3628 4036 eam

2055 4097 2176 4155 quae
2212 4081 2279 4135 ad
2331 4081 2591 4135 honestos
2639 4079 2765 4134 vitae
2811 4092 2946 4134 usus
2977 4076 3260 4147 olliciaque
3302 4073 3626 4143 requiritur,

2055 4188 2284 4244 quaeque
2309 4173 2443 4227 nihil
2483 4173 2667 4237 habet,
2695 4169 2842 4242 quod
2867 4169 3216 4224 Divinitatem
3249 4181 3354 4220 non
3385 4165 3624 4230 deccat),

2059 4266 2152 4336 qui
2208 4265 2427 4321 tandem
2477 4264 2710 4330 esurire,
2752 4263 2836 4319 vel
2863 4261 3100 4318 esuriem
3133 4259 3376 4330 cogitare
3409 4255 3626 4327 potuit?

2059 4357 2257 4414 Dolore
2291 4371 2418 4412 vero
2442 4356 2717 4427 quomodo
2746 4353 2922 4426 potuit
2947 4351 3108 4418 allici,
3142 4351 3188 4406 si
3213 4351 3393 4404 anima
3446 4356 3626 4402 mente

2061 4465 2126 4504 ac
2179 4448 2541 4505 ratiocinandi
2600 4447 2860 4502 facultate
2889 4444 3148 4500 destituta
3192 4441 3377 4505 fuerit,
3429 4446 3486 4494 ut
3534 4447 3628 4493 aut

2059 4540 2288 4599 rationis
2332 4554 2527 4609 expers
2573 4547 2740 4600 esset,
2799 4543 2894 4590 aut.
2941 4535 3181 4589 animam
3224 4545 3354 4586 caro
3407 4529 3615 4585 nullam

2058 4631 2320 4687 haberet?
2364 4629 2521 4685 Certe
2550 4630 2596 4684 si
2619 4625 2888 4698 ejusmodi
2937 4624 3057 4690 fuit,
3107 4623 3297 4680 dolore
3340 4621 3490 4676 nullo
3523 4619 3608 4674 vel

2692 4719 2894 4791 quibus
2941 4717 3124 4773 animo
3189 4713 3622 4786 comprehensis,

384 4811 791 4881 intelligendum
822 4812 954 4867 illud
986 4814 1141 4869 nobis
1171 4823 1290 4880 est;
1335 4815 1603 4884 ejusmodi
1638 4816 2012 4872 cavillationes
2075 4824 2130 4871 et
2165 4814 2430 4886 argutias,
2474 4813 2665 4867 inanes
2724 4826 2788 4865 ac
2850 4823 3288 4879 supervacaneas
3352 4821 3498 4868 esse,
3559 4813 3614 4858 et

385 4903 454 4957 ad
493 4904 707 4957 illorum
759 4901 1030 4958 feriendos
1072 4904 1283 4959 animos
1329 4913 1576 4974 spectare
1610 4906 1814 4974 potius,
1869 4905 1962 4974 qui
2001 4904 2141 4958 ultra
2188 4917 2346 4973 quam
2385 4916 2481 4971 par
2531 4906 2614 4954 est
2663 4899 2858 4953 eli'erre
2905 4914 2964 4954 se
3009 4895 3364 4967 intelligendo
3413 4893 3626 4956 volunt,

387 4992 560 5066 neque
599 5009 658 5050 se
699 5009 763 5049 eo
805 4995 982 5050 metiri
1018 4992 1237 5049 modulo
1293 5008 1356 5047 ac
1384 5007 1658 5058 mensura,
1690 4992 1753 5046 ad
1784 5009 1946 5064 quam
1991 5009 2090 5048 nos
2123 4977 2504 5047 sanctissimus
2566 4988 2818 5042 hortatur
2873 4986 3190 5058 Apostolus,
3242 4997 3364 5039 cum
3397 4985 3478 5037 sic
3523 4982 3629 5034 ad-

385 5094 608 5142 monet:
647 5084 724 5138 Ne
761 5084 1028 5152 sapiamus
1069 5092 1415 5151 prwterquam
1453 5080 1591 5152 quod
1622 5092 1822 5150 oportet
1870 5097 2050 5151 sapere
2075 5081 2115 5137 ⁸.

458 5178 582 5232 AA'.
613 5177 841 5248 Φέρουσι
871 5175 927 5226 δὲ
953 5177 1083 5245 ἡμῖν
1128 5174 1225 5226 ικαὶ
1249 5170 1420 5236 λέξεις
1461 5171 1631 5236 τινάς,
1662 5173 1766 5236 ὅτι,
1799 5173 1933 5242 φησὶ

2059 5178 2065 5184 ’
2140 5171 2350 5241 1025
2400 5153 2590 5224 XXXI.
2633 5170 2844 5226 Atenim
2875 5166 3165 5223 nonnullas
3198 5163 3496 5233 Scriptura:
3530 5177 3630 5216 no-

396 5266 584 5342 Ἡμεῖς
607 5267 673 5320 δὲ
697 5267 846 5321 νοῦν
872 5265 1127 5334 Χριστοῦ
1146 5265 1381 5334 ἔχομεν.
1411 5264 1517 5316 Καί
1541 5281 1721 5334 φασιψ
1775 5265 1956 5333 Ὁρᾷς,

385 5363 467 5414 ὃτι
495 5359 587 5414 τοῦ
615 5358 847 5431 Χριστοῦ
879 5359 913 5410 ὁ·
939 5356 1064 5419 νοῦς
1091 5356 1275 5426 ἕτερος
1327 5354 1479 5426 παρὰ
1514 5355 1604 5409 τὸν
1640 5354 1910 5426 ἡμέτερον
1941 5373 1955 5421 ;

388 5452 497 5506 Καὶ
541 5449 586 5504 ὣ
616 5451 780 5522 πολλὴ
818 5449 925 5502 τῶν
960 5445 1259 5518 ἀνθρώπων
1305 5445 1599 5518 ἀφελότηςῐ
1660 5447 1784 5499 ’Ότι
1819 5447 1898 5509 εἰς
1930 5447 1958 5499 ὃ

388 5541 646 5615 ἑκάτερος
672 5541 920 5612 βούλεται
950 5539 1152 5593 κλίνει’
1182 5538 1276 5594 καὶ
1299 5539 1356 5594 ὲν
1384 5532 1428 5608 ᾧ
1450 5537 1598 5592 δοκεί
1620 5537 1958 5608 σοφίζεσθαι,

2064 5265 2148 5320 his
2199 5265 2552 5321 auctoritates
2602 5263 2886 5332 objiciunt.
2937 5257 3256 5329 Cujusmodi
3307 5255 3452 5310 istud
3505 5265 3630 5310 est:

2068 5353 2181 5410 Nos
2217 5362 2390 5409 autem
2417 5364 2635 5409 mentem
2663 5352 2861 5408 Christi
2887 5351 3136 5403 habemus
3154 5348 3175 5382 ⁸
3193 5387 3206 5400 .
3241 5347 3307 5400 Ει
3335 5366 3346 5400 :
3376 5343 3631 5413 Videsne,

2065 5447 2340 5516 inquiunt,
2373 5445 2576 5501 Christi
2618 5451 2852 5499 mentem
2885 5457 2914 5494 a
2947 5448 3134 5494 nostra
3167 5452 3291 5493 esse
3321 5435 3634 5492 diversam?

2066 5536 2420 5593 Omirilicam
2471 5535 2751 5590 hominum
2801 5529 3170 5603 imperitiam!
3214 5527 3352 5585 Nam
3381 5526 3450 5584 ad
3485 5524 3631 5598 quod

467 5693 481 5724 '
514 5691 671 5747 Joan.
705 5708 742 5752 ι,
784 5692 867 5745 Η.
944 5693 964 5722 ⁸
998 5689 1130 5746 Luc.
1157 5703 1216 5758 It,
1253 5689 1339 5745 52.
1419 5689 1439 5720 ³
1469 5685 1574 5745 lsa.
1609 5703 1740 5757 xw,
1776 5690 1825 5742 l.
1906 5691 1926 5720 "
1950 5686 2106 5744 Rom.
2143 5705 2240 5756 xit,
2280 5688 2333 5744 5.
2409 5683 2615 5758 s1901‘.
2653 5698 2716 5751 tl,
2755 5681 2842 5737 16.
