3994 6224
293 289 396 344 68Ὶ

1716 271 1782 326 S.
1817 263 2160 322 EPlPllANll

3458 265 3570 322 688

293 406 494 474 cuique
523 403 736 458 libitum
767 406 852 458 est
898 397 1196 478 Scriptump
1243 407 1530 478 sermones
1559 401 1876 446 accommo-

1985 382 2185 454 μᾶλλον
2221 379 2436 455 ίδιώτης
2467 381 2803 455 εὑρίσκεται.
2849 381 3040 454 ἠμῶν
3067 381 3175 456 γὰρ
3207 381 3378 438 ὄντων
3422 383 3576 436 ἰδιω-

297 507 390 553 nat
411 473 430 550 7:
459 503 512 550 et
543 494 595 548 in
622 505 732 562 quo
756 488 994 544 callidus
1019 496 1074 542 et
1107 473 1336 557 argutus
1377 497 1502 542 esse
1541 479 1780 546 videtur,
1822 478 1878 532 in

296 604 366 643 eo
402 587 523 657 ipso
573 581 727 637 rudis
783 587 950 651 atque
998 579 1288 650 imperitus
1338 575 1605 632 cernitur.
1666 571 1880 628 Etenim

296 680 444 754 quod
479 679 547 732 ad
591 691 694 731 nos
731 674 950 740 attinet,
977 672 1072 743 qui
1105 668 1346 740 imperiti
1375 679 1632 724 sermone
1661 676 1878 726 sumus,

297 789 408 829 non
448 767 706 833 scicntia,
738 765 816 820 uti
857 764 1128 832 scriptum
1158 768 1243 816 est
1275 759 1315 824 ί,
1355 757 1560 828 quique
1585 765 1638 811 et
1667 754 1879 810 medio-

300 883 424 922 cres
477 861 772 920 admodum
827 872 1044 922 sumus,
1097 862 1150 910 et
1199 851 1512 908 istiusmodi
1567 849 1877 911 hominum,

299 960 393 1030 qui
424 959 493 1012 ab
519 954 830 1011 eruditione
863 947 1201 1021 paratissimi
1236 953 1386 1008 sunt,
1419 942 1756 998 admiramur
1795 940 1881 993 in-

301 1054 481 1124 genia,
515 1049 700 1103 animo
738 1031 1588 1108 vehementer'obstupescimns,
1631 1032 1776 1105 quod
1811 1032 1880 1086 ad

302 1146 520 1198 inanem
595 1153 658 1194 ac
699 1135 1034 1206 pertinacem
1065 1145 1225 1186 suum
1253 1129 1420 1184 istum
1451 1140 1696 1184 errorem
1729 1139 1880 1180 asse-

301 1233 622 1296 verandum,
671 1230 824 1283 illum
867 1225 1092 1282 omnino
1138 1209 1438 1294 Scriptdraa
1472 1220 1653 1275 locum
1685 1215 1881 1271 afferre

302 1343 412 1382 non
454 1323 846 1386 dubitaverint,
892 1335 1016 1373 cum
1047 1333 1116 1374 ne
1149 1315 1428 1370 minimam
1461 1312 1682 1382 quidem
1721 1310 1880 1364 istius

304 1415 576 1488 dogmatis
635 1410 1086 1482 signiﬁcationem
1114 1405 1333 1462 habeat.
1371 1403 1484 1458 Nos
1509 1404 1672 1468 enim,
1707 1401 1882 1472 inquit

299 1511 615 1581 Apostolus,
663 1505 862 1561 Christi
910 1511 1133 1558 mentem
1189 1499 1462 1554 habemus.
1503 1496 1670 1567 Igitur
1697 1497 1718 1527 ¹
1747 1494 1879 1566 quid

301 1603 522 1656 tandem
563 1599 818 1654 Christus
853 1596 948 1660 sit,
989 1593 1309 1664 Christique
1339 1607 1493 1646 mens
1527 1592 1594 1646 de
1622 1589 1731 1646 illis
1755 1604 1880 1661 per-

301 1693 511 1750 contari
550 1707 650 1748 nos
676 1697 910 1762 Oportet.
945 1688 1058 1744 lloc
1082 1685 1302 1759 quidem
1333 1686 1389 1740 in
1431 1685 1550 1740 loco
1579 1683 1726 1738 aliud
1751 1697 1876 1738 esse

297 1789 602 1851 Christum,
659 1783 805 1838 aliud
860 1781 1066 1836 Christi
1111 1779 1478 1844 divinitatem,
1515 1774 1771 1836 arbitrari
1821 1789 1880 1830 se

299 1883 700 1938 demonstrant.
759 1876 839 1930 Ac
887 1873 936 1930 si
992 1873 1192 1929 mentis
1234 1872 1357 1927 loco
1393 1871 1676 1927 Christum
1733 1869 1882 1924 acci-

298 1971 476 2041 piant,
504 1967 787 2024 Christum
835 1979 968 2019 vero
1011 1964 1184 2019 solam
1221 1978 1254 2017 a
1291 1962 1514 2019 Christo
1559 1971 1876 2033 susceptam

301 2060 544 2116 hominis
569 2067 819 2114 naturam
848 2056 1142 2128 appellent,
1185 2055 1242 2109 in
1279 2055 1444 2109 aliam
1478 2069 1596 2110 nos.
1614 2054 1880 2125 quaestio-

299 2167 424 2206 nem
456 2149 777 2219 conjiciunt.
829 2145 989 2215 Quod
1045 2145 1214 2216 igitur
1269 2153 1394 2214 post
1446 2145 1876 2200 incarnationem

301 2244 396 2298 Dei
429 2241 670 2298 Verbum
700 2255 765 2295 ac
822 2237 914 2294 Dei
949 2237 1122 2294 Filius
1152 2237 1484 2301 declaretur,
1515 2237 1868 2307 perspicuum

299 2345 423 2404 est;
467 2350 532 2390 ac
575 2332 793 2388 tametsi
826 2332 1092 2387 nonnulla
1135 2330 1204 2387 de
1249 2345 1308 2386 ea
1355 2330 1671 2386 testimonia
1723 2337 1880 2386 ante-

302 2429 594 2492 cesserint,
629 2426 831 2496 quibus
866 2425 950 2480 vel
990 2431 1118 2480 ante
1149 2423 1583 2498 incarnationem
1620 2422 1878 2478 Christus

301 2518 559 2591 appellari
592 2517 830 2580 videtur,
868 2515 924 2570 in
953 2515 1070 2587 ipsa
1102 2515 1462 2571 nihilominus
1491 2515 1876 2572 incarnatione

302 2615 672 2686 complentur.
745 2608 1015 2664 Caeterum
1081 2622 1256 2678 neque
1317 2607 1578 2663 divinitas
1636 2607 1704 2662 ab
1760 2607 1882 2677 ipsa

297 2705 505 2761 Christi
539 2703 902 2776 appellatione
937 2700 1261 2764 secluditur,
1296 2717 1476 2771 neque
1520 2701 1668 2757 illius
1700 2700 1882 2757 incar-

298 2809 451 2854 natto
479 2811 530 2854 et
583 2797 821 2851 humana
866 2804 1122 2864 suscepta
1164 2801 1362 2848 natura
1416 2794 1537 2850 sine
1578 2793 1674 2849 tali
1725 2809 1884 2848 voca-

300 2891 432 2946 bulo
482 2889 802 2944 nominatur
833 2887 1028 2942 :velut
1081 2886 1138 2940 in
1191 2887 1284 2940 illo
1337 2885 1456 2941 loco
1500 2893 1760 2941 constat:
1800 2883 1882 2940 Ne

299 2987 496 3038 dixeris
533 2985 584 3038 in
617 2982 774 3037 corde
807 2991 896 3035 tuo
931 2996 948 3034 :
993 2979 1124 3046 Quis
1162 2980 1400 3034 ascendit
1439 2981 1494 3034 in
1526 2980 1756 3034 emtum?
1783 2978 1880 3035 hoc

1982 473 2089 530 τῶν
2117 473 2196 546 τῷ
2221 474 2366 546 λόγῳ
2385 515 2399 541 ,
2441 474 2558 528 ἀλλ’
2587 475 2648 527 οὐ
2682 477 2750 547 τῇ
2789 475 3022 546 γνώσει,
3075 475 3217 529 κατὰ
3252 474 3312 528 τό
3343 474 3574 547 εἰρημέ-

1981 584 2092 633 νον,
2121 566 2368 638 βραχέων
2393 567 2448 621 δὲ
2489 567 2694 639 σφόδρα
2725 567 2914 634 όντων,
2952 567 3338 640 θαυμαζόντων
3368 567 3424 622 δὲ
3457 568 3576 622 τῶν

1980 661 2240 714 τοιούτων
2287 661 2589 734 ἀνθρώπων
2609 700 2624 725 ,
2655 660 2750 714 καὶ
2773 659 2879 714 ἀπὸ
2907 659 3082 729 λόγων
3111 658 3452 731 ὁρμωμένων
3477 658 3576 712 τὸν

1982 751 2107 806 νοῦν
2133 794 2147 818 ,
2192 753 2428 824 ἀπορίας
2467 754 2601 824 ἡμῖν
2654 751 2989 815 κατάστασις
3023 751 3150 822 περὶ
3199 750 3296 821 τὴν
3327 749 3578 804 διάνοιαν

1985 845 2269 916 συμϐαίνει
2293 886 2308 912 ,
2339 847 2421 900 ὅτι
2473 845 2534 898 τὸ
2568 845 2730 916 ῥητὸν
2777 845 2938 900 τοῦτο
2975 846 3054 908 είς
3090 843 3432 914 παράστασιν
3467 841 3576 912 τῆς

1983 937 2238 1009 τοιαύτης
2273 937 2452 992 αὐτῶν
2511 937 2699 1002 ἁπλῶς
2751 939 2932 1010 ἀργῆς
2986 935 3318 1008 φιλονεικίας
3352 933 3578 1005 λαμϐά-

1982 1048 2162 1086 νουσιν
2212 1031 2378 1097 ὅλως,
2413 1031 2508 1086 τοῦ
2558 1031 2884 1104 πράγματος
2939 1031 3016 1104 μὴ
3066 1030 3280 1102 ἔχοντος
3329 1029 3580 1100 ἔμφασιν

1983 1124 2440 1178 ὲπικοινωνοῦσαν
2499 1128 2564 1198 τῇ
2620 1125 2848 1198 τοιαύτῃ
2908 1123 3110 1196 σχέσει.
3177 1122 3382 1194 Ἡμεῖς
3431 1122 3576 1192 γὰρ,

1984 1217 2148 1287 φησὶ,
2195 1217 2347 1272 νοῦν
2373 1217 2634 1286 Χριστοῦ
2663 1219 2901 1289 ἔχομεν.
2935 1217 3001 1270 Τί
3025 1217 3084 1272 δὲ
3107 1217 3215 1288 ἄρα
3241 1217 3328 1290 εἴη
3361 1217 3390 1269 ό
3431 1218 3576 1288 Χρι-

1985 1309 2110 1374 στὸς
2131 1351 2146 1374 ,
2179 1310 2309 1382 παρ’
2339 1311 2524 1374 αὐτοῖς
2553 1312 2853 1384 ἐρωτητέον
2881 1349 2908 1377 ,-
2947 1311 2980 1382 ἢ
3027 1312 3056 1364 ὁ
3085 1310 3210 1374 νοῦς
3241 1309 3484 1382 Χριστοῦ
3514 1307 3578 1364 τί

1984 1403 2092 1477 ἄρα
2126 1403 2234 1476 εἴη.
2279 1404 2546 1459 Ἐνταῦθα
2585 1404 2643 1459 δὲ
2673 1405 3062 1474 ὑποφαίνουσιν
3090 1404 3277 1476 ἕτερον
3302 1404 3396 1458 τὸν
3433 1405 3580 1476 Χρι-

1986 1498 2110 1552 στὸν
2139 1495 2280 1552 εἶναι
2305 1499 2624 1570 νενοηκότες
2647 1538 2663 1563 ,
2693 1500 2787 1552 καὶ
2831 1498 3022 1570 ἑτέραν
3055 1499 3154 1570 τὴν
3180 1495 3346 1551 αὑτοῦ
3382 1497 3578 1569 θεότη-

1985 1609 2071 1645 τα.
2103 1592 2166 1645 Εἰ
2205 1589 2314 1663 γὰρ
2337 1591 2456 1646 ἀντὶ
2489 1591 2583 1645 τοῦ
2609 1591 2700 1646 νοῦ
2724 1591 2815 1646 τὸν
2843 1590 3077 1663 Χριστὸν
3104 1590 3574 1662 ὑπολαμϐάνουσι,

1985 1684 2221 1756 Χριστὸν
2250 1683 2308 1738 δὲ
2345 1683 2443 1756 τὴν
2473 1683 2738 1756 ἔνσαρκον
2790 1684 2958 1756 μόνην
2997 1683 3234 1755 Χριστοῦ
3261 1682 3578 1755 παρουσίαν

1983 1776 2375 1847 ὀνομάζουσιν*
2429 1777 2538 1852 ἄρα
2571 1777 2734 1830 πάλιν
2779 1779 2862 1840 είς
2913 1776 3108 1848 ἑτέραν
3153 1776 3380 1847 ζήτησιν
3421 1777 3578 1847 ἡμᾶς

1981 1871 2136 1938 ἄγειν
2171 1869 2490 1940 πειρῶνται.
2521 1870 2633 1924 Καὶ
2661 1869 2742 1923 ὅτι
2775 1869 2874 1941 μὲν
2899 1864 2992 1923 οῦν
3031 1868 3140 1923 ἀπὸ
3171 1869 3270 1940 τῆς
3297 1869 3576 1940 ὲνσὰρκου

1983 1960 2288 2032 παρουσίας
2337 1961 2470 2025 Θεὸς
2505 1962 2679 2032 Λόγος
2732 1963 2827 2018 καί
2877 1962 3006 2026 Υἱὸς
3073 1961 3168 2016 τοῦ
3211 1961 3347 2016 Θεοῦ
3395 1963 3578 2035 ἑρμη-

1982 2053 2197 2108 νεύεται
2220 2094 2236 2118 ,
2279 2053 2438 2124 δῆλον
2457 2071 2471 2084 ·
2508 2055 2556 2108 ει
2604 2055 2698 2108 καὶ¹
2727 2055 2966 2128 προῆγον
2997 2055 3128 2126 περὶ
3161 2054 3326 2110 αὐτοῦ
3358 2069 3576 2128 μαρτυ-

1984 2145 2122 2218 ρίαι,
2157 2144 2249 2199 τὸν
2297 2145 2534 2216 Χριστὸν
2565 2145 2732 2200 αὐτὸν
2756 2144 3040 2200 καλεῖσθαι
3067 2146 3162 2200 καὶ
3199 2147 3308 2217 πρὸ
3331 2146 3434 2217 τῆς
3483 2147 3578 2200 ἑν-

1984 2237 2186 2310 σάρκου
2221 2237 2522 2310 παρουσίας
2547 2277 2564 2305 ,
2597 2239 2656 2291 ὲν
2695 2240 2762 2309 τῇ
2812 2237 3085 2310 παρουσία
3135 2237 3526 2310 πεπλήρωνται
3553 2254 3574 2270 ⁸

1985 2331 2120 2402 μήτε
2171 2330 2271 2401 τῆς
2326 2330 2578 2402 θεότητος
2607 2329 2765 2396 ἐκτὸς
2790 2329 3028 2403 Χριστοῦ
3068 2331 3422 2403 ὑπαρχούσης
3449 2333 3576 2385 ὀνό-

1985 2441 2152 2495 ματος
2171 2463 2186 2488 ,
2225 2426 2364 2495 μήτε
2397 2423 2666 2495 ὲνσάρκου
2697 2423 3031 2496 παρουσίας,
3079 2425 3176 2479 καὶ
3209 2424 3375 2478 αὐτοῦ
3411 2427 3576 2480 ἐναν-

1983 2516 2318 2588 θρωπήσεως
2337 2557 2352 2582 ,
2383 2517 2513 2570 ἄνευ
2557 2516 2658 2586 τῆς
2693 2515 2949 2588 τοιαύτης
2981 2516 3277 2588 ὀνομασίας
3305 2516 3574 2588 ὀνομαζο-

1985 2609 2184 2680 μένης·
2234 2609 2308 2672 ὼς
2361 2607 2504 2666 κατὰ
2551 2608 2615 2662 τὸ
2662 2609 2986 2680 εἰρημένονθ
3035 2608 3136 2679 Μὴ
3169 2610 3351 2678 εἴπῃς
3386 2609 3459 2663 ἐν
3493 2607 3574 2678 τῇ

1983 2699 2198 2768 καρδίᾳ
2229 2715 2346 2754 σου
2371 2716 2384 2730 ·
2446 2699 2541 2766 Τίς
2569 2699 2935 2767 ἀναϐήσεται
2983 2703 3072 2768 εὶς
3121 2699 3229 2754 τὸν
3264 2700 3526 2768 οὐρανόν
3547 2715 3572 2763 ;

1981 2790 2256 2858 τουτέστι
2295 2793 2559 2861 Χριστὸν
2585 2792 2975 2863 καταγαγεῖν·
3012 2791 3053 2861 ἢ
3091 2793 3186 2859 τίς
3227 2792 3570 2862 καταϐήσε-

1983 2899 2076 2938 ται
2111 2885 2200 2950 εὶς
2235 2883 2350 2952 τὴν
2395 2884 2706 2951 ἄϐυσσον;
2737 2885 3012 2940 τουτέστι
3059 2883 3319 2956 Χριστὸν
3346 2885 3572 2956 ἀναγα-

1984 2977 2112 3048 γεῖν
2151 2978 2222 3032 ἐκ
2260 2978 2508 3047 νεκρῶν.
2537 2979 2648 3032 Καὶ
2697 2978 2860 3033 πάλιν
2905 2981 2934 3033 ό
2983 2979 3146 3043 αὐτὸς
3199 2977 3349 3048 λέγει
3378 2997 3393 3010 ·
3432 2981 3573 3035 Ἵνα

298 3088 375 3130 ,νει
406 3076 680 3129 Christum
705 3073 1017 3136 deducere;
1041 3081 1144 3130 ,aut
1179 3073 1295 3141 quis
1339 3071 1612 3128 descendet
1644 3073 1698 3127 in
1729 3073 1880 3144 abys-

1985 3069 2328 3140 γινώσκωσι
2356 3085 2431 3124 σε
2459 3071 2568 3124 τὸν
2595 3071 2791 3140 μόνον
2827 3072 3120 3140 ἀληθινόν
3144 3073 3294 3126 Θεὸν
3317 3112 3334 3136 ,
3363 3073 3464 3127 καὶ
3495 3073 3572 3126 ὃν

299 3166 455 3220 sum?
485 3165 579 3218 hoc
615 3173 692 3218 est
719 3161 989 3216 Christum
1019 3177 1048 3216 e
1087 3162 1311 3216 mortuis
1347 3162 1599 3217 deducere
1621 3165 1662 3218 ³.
1733 3162 1880 3219 Prai-

301 3267 448 3312 terea
485 3256 624 3312 idem
653 3255 770 3325 ipse
810 3255 891 3310 sic
929 3254 1172 3325 loquitur
1200 3273 1214 3310 :
1245 3253 1313 3308 Ut
1366 3265 1684 3325 cognoscant
1713 3264 1762 3309 te
1791 3272 1878 3309 so-

301 3351 408 3402 lum
443 3347 629 3412 Deum,
657 3357 704 3402 ct
737 3364 886 3418 quem
930 3348 1126 3402 misisti
1163 3345 1348 3402 Iesum
1375 3347 1650 3402 Christum
1671 3350 1712 3400 ⁸.
1749 3347 1882 3414 Quae

301 3439 518 3508 quidem
555 3454 684 3504 vox,
729 3437 950 3500 misisti,
983 3451 1107 3490 cum
1145 3435 1214 3491 de
1246 3437 1456 3492 cmlesti
1493 3437 1584 3490 illa
1621 3436 1882 3491 missione

303 3528 622 3598 accipit-uda
657 3528 754 3593 sit,
785 3528 854 3583 ab
883 3543 949 3584 eo
983 3529 1160 3582 tamen
1189 3527 1332 3598 quod
1367 3527 1566 3584 Petrus
1595 3527 1754 3595 dixit,
1789 3543 1882 3584 se-

304 3621 481 3691 parari
517 3635 624 3675 non
662 3620 867 3674 debet:
900 3617 1088 3674 Iesum
1135 3618 1501 3675 Naaarwnum
1542 3623 1714 3676 virum
1759 3635 1883 3690 pro—

301 3714 483 3766 batum
543 3710 598 3766 in
659 3711 802 3767 vobis
853 3713 1106 3785 prodigiis
1145 3729 1208 3767 ac
1253 3713 1416 3784 signis
1437 3713 1480 3779 ⁸,
1530 3729 1682 3784 quem
1729 3715 1882 3769 unxit

307 3803 443 3856 heus
480 3801 686 3872 Spiritu
711 3813 896 3859 sancto
921 3803 942 3835 ⁸
968 3821 981 3860 :
1009 3819 1076 3860 ac
1099 3804 1308 3876 reliqua
1345 3804 1400 3859 id
1433 3819 1630 3876 genus.

370 3901 589 3959 XXXII.
633 3901 740 3958 Sed
769 3917 867 3959 nec
902 3902 990 3959 his
1018 3902 1240 3974 quidem
1283 3905 1525 3960 contenti
1565 3905 1881 3962 suavissimi

305 3995 382 4050 illi
420 3996 620 4052 fratres
645 3997 843 4062 nostri,
875 4011 1001 4051 cum
1051 3996 1186 4052 illud
1227 3996 1332 4052 sibi
1375 3998 1542 4054 semel
1587 4014 1884 4070 proposue-

299 4091 432 4154 rint,
489 4095 550 4143 ut
594 4089 650 4144 in
696 4088 951 4144 omnibus
995 4089 1461 4160 opiniosissimam
1523 4105 1680 4146 suam
1723 4091 1884 4146 nobis

301 4181 667 4252 pervicaciam
725 4188 1025 4252 opponant,
1074 4181 1242 4236 etiam
1291 4181 1634 4238 divinitatem
1670 4183 1886 4255 1026

301 4271 508 4329 Christi
559 4285 780 4342 passam
821 4287 945 4328 esse
982 4285 1196 4327 summa
1242 4287 1368 4330 cum
1409 4274 1638 4330 audacia
1685 4276 1885 4346 praedi-

302 4371 449 4419 cant.
509 4363 591 4417 Ad
643 4363 788 4434 quod
837 4364 946 4419 illis
998 4363 1248 4434 Apostoli
1300 4365 1483 4422 verbis
1533 4366 1878 4422 abutuntur:

1984 3162 2350 3229 ἀπέστειλας
2393 3163 2640 3232 Ἰησοῦν
2659 3166 2936 3232 Χριστόν.
2971 3165 3042 3218 Τὸ
3088 3166 3144 3220 δὲ
3174 3165 3566 3232 ἀπέστειλας,

1983 3253 2188 3308 ἄνωθεν
2241 3255 2363 3325 ἕχον
2414 3255 2511 3326 τὴν
2559 3257 2792 3328 θεωρίαν
2818 3296 2833 3321 ,
2885 3257 3001 3312 ἀλλ’
3031 3259 3130 3312 οὐκ
3177 3259 3337 3320 ἐκτὸς
3367 3259 3428 3311 ὂν
3459 3259 3570 3310 τῶν

1983 3344 2088 3398 ὑπὸ
2127 3345 2334 3416 Πέτρου
2384 3346 2690 3418 εἰρημένων
2722 3389 2737 3413 ,
2783 3349 2867 3402 ὅτι
2920 3349 3164 3418 Ἰησοῦν
3215 3349 3326 3403 τὸν
3376 3349 3572 3410 Ναζω-

1975 3436 2180 3505 ραῖον,
2237 3437 2428 3506 ἄνδρα
2481 3439 2985 3511 ἀποδεδειγμένον
3035 3443 3124 3508 εἰς
3161 3439 3319 3512 ὑμᾶς
3361 3439 3568 3511 τέρασι

1983 3531 2084 3584 καὶ
2140 3535 2450 3602 σημείοις,
2514 3533 2588 3588 ὃν
2641 3534 2890 3605 ἔχρισεν
2970 3539 3004 3591 ὁ
3064 3535 3210 3602 Θεὸς
3265 3537 3570 3605 Πιτύματι

1983 3623 2166 3695 ἁγίῳ·
2199 3625 2292 3680 καὶ
2329 3625 2399 3680 τὰ
2425 3625 2634 3691 τούτοις
2663 3628 2847 3698 ὃμοια.

2053 3895 2179 3951 AB'.
2212 3888 2348 3950 Εῖτα
2383 3894 2440 3949 δὲ
2467 3894 2631 3954 πάλιν
2672 3897 2722 3950 οί
2753 3897 3082 3966 γλυκύτατοι
3125 3899 3285 3972 ἡμῶν
3321 3903 3567 3973 ἀδελφοὶ,

1985 3987 2302 4060 βουλόμενοι
2354 3990 2495 4044 κατὰ
2529 3989 2707 4046 πάντα
2757 3991 3096 4060 φιλονείκους
3129 3995 3260 4065 ἡμῖν
3290 3997 3572 4068 εἰσφέρειν

1981 4083 2254 4149 διανοίας,
2300 4083 2394 4137 καὶ
2445 4083 2544 4154 τὴν
2577 4083 2739 4138 αὑτοῦ
2793 4083 3022 4157 θεότητα
3059 4087 3394 4141 πεπονθυῖαν
3415 4129 3432 4154 ,
3467 4090 3570 4142 οὐκ

1983 4177 2305 4250 ἀτολμήτως
2327 4176 2688 4250 κηρύττουσιν
2715 4179 2780 4232 ὲκ
2808 4177 2902 4232 τοῦ
2933 4177 3095 4250 ῥητοῦ
3122 4180 3217 4234 τοῦ
3249 4181 3568 4254 εἰρημένου·

1987 4273 2056 4325 Et
2087 4269 2198 4341 γὰρ
2229 4269 2540 4341 ἔγνωσαν,
2591 4271 2704 4325 οὐκ
2733 4271 2811 4326 ἂν
2841 4271 2950 4326 τὸν
2981 4274 3201 4340 Κύριον
3235 4273 3348 4344 τῆς
3383 4274 3573 4343 δόξης

1985 4361 2394 4430 ἐσταύρωσαν.
2429 4362 2588 4426 Τινὲς
2615 4361 2671 4416 δὲ
2703 4362 2812 4417 τῶν
2842 4363 3007 4418 αὑτοῦ
3037 4365 3242 4420 παίδων
3281 4367 3356 4438 μὴ
3387 4366 3572 4422 νοοῦν-

303 4453 365 4509 Si
425 4453 567 4508 enim
613 4453 998 4522 cognovissent,
1037 4470 1312 4525 nunquam
1351 4455 1640 4511 Dominum
1695 4456 1880 4527 gloria:

1989 4470 2078 4516 τες
2104 4453 2280 4518 τοῦτο,
2307 4451 2382 4516 ὡς
2407 4448 2580 4524 οἶμαι,
2615 4453 2753 4524 μετὰ
2780 4454 2889 4508 τῶν
2919 4455 3092 4511 ἄλλων
3115 4457 3569 4530 προϐαλλόμενοι,

302 4545 764 4611 cruciﬁxissent".
809 4545 888 4600 Ac
936 4561 1056 4600 mea
1106 4547 1328 4618 quidem
1389 4549 1663 4602 sententia
1713 4549 1883 4619 aliqui

303 4635 635 4707 Apollinaris
663 4636 941 4706 discipuli,
975 4638 1068 4708 qui
1096 4639 1278 4694 minus
1303 4638 1452 4694 istud
1490 4637 1884 4710 intelligerent,

302 4741 429 4780 cum
470 4725 594 4781 aliis
635 4728 922 4783 erroribus
966 4729 1115 4783 hunc
1155 4730 1336 4800 ipsum
1369 4738 1756 4801 proponentes,
1795 4747 1883 4786 ar-

303 4817 480 4889 gutuli
513 4819 701 4874 volunt
730 4820 926 4875 videri.
961 4819 1129 4876 Miror
1162 4824 1307 4876 enim
1339 4824 1386 4877 si
1413 4825 1686 4894 ejusmodi
1719 4827 1881 4897 quid~

304 4911 448 4980 piam
482 4909 550 4964 ab
575 4925 642 4965 eo
681 4909 846 4967 fuerit
873 4919 1185 4967 assertum.
1221 4911 1411 4985 Neque
1438 4930 1568 4970 vero
1599 4915 1881 4974 admilun-

303 5003 434 5057 dum
464 5011 569 5068 est,
617 5003 762 5074 quod
821 5001 1106 5074 Scriptura
1157 5021 1314 5062 sacra
1361 5007 1652 5064 Dominum
1700 5012 1885 5082 gloriae

303 5091 626 5150 cruciﬁxum
669 5109 794 5151 esse
834 5095 1053 5150 dixerit.
1109 5095 1392 5167 Siquidem
1445 5108 1497 5155 et
1544 5113 1882 5172 assumptum

303 5183 544 5239 hominis
598 5191 852 5239 naturam
899 5186 1087 5256 gloria:
1139 5187 1430 5245 Dominum
1493 5189 1878 5262 appéllamus:

301 5277 502 5347 quippe
529 5293 651 5348 qua:
675 5277 744 5334 ab
773 5277 1059 5335 divinitate
1085 5281 1311 5339 minime
1346 5295 1598 5355 separata
1639 5285 1730 5341 sit.
1772 5285 1884 5342 Nec

302 5370 472 5424 ullum
521 5369 575 5424 in
616 5387 680 5426 eo
708 5387 907 5443 genere
956 5389 1118 5444 opus,
1174 5385 1269 5429 aut
1329 5386 1712 5447 argumentum
1779 5389 1884 5444 est,

301 5464 448 5532 quod
478 5479 584 5519 non
613 5467 901 5524 commode
931 5471 1106 5538 possit
1145 5470 1371 5542 intelligi
1398 5489 1412 5538 ;
1437 5473 1682 5544 adeoque
1706 5475 1882 5530 totum

303 5555 702 5614 incarnationis
729 5562 1008 5632 negotium
1037 5563 1106 5618 ad
1171 5555 1336 5619 unam
1383 5567 1744 5640 eamdemque
1782 5571 1880 5624 ad—

1989 4541 2267 4613 βούλονται
2325 4541 2760 4612 ὲπισοφίξεσθαι.
2809 4543 3087 4616 Θαυμάζω
3142 4545 3252 4619 γὰρ
3303 4549 3354 4600 εί
3405 4549 3572 4614 αὐτὸς

1986 4633 2161 4699 οὕτως
2191 4635 2412 4716 φάσκει.
2467 4635 2541 4688 Οὐ
2569 4634 2880 4708 θαυμαστὸν
2908 4636 3018 4708 γὰρ
3045 4677 3062 4704 ,
3101 4638 3198 4693 ἐὰν
3224 4640 3353 4712 εἴπῃ
3385 4642 3418 4711 ἡ
3449 4640 3573 4694 θεία

1985 4727 2178 4799 Γραφὴ
2219 4727 2313 4780 τὸν
2337 4727 2542 4800 Κύριον
2571 4729 2671 4800 τῆς
2697 4728 2856 4801 δόξης
2889 4729 3287 4799 ἐσταυρῶσθαι.
3321 4732 3432 4785 Καὶ
3459 4731 3572 4802 γὰρ

1987 4821 2084 4874 καὶ
2107 4820 2310 4892 Κύριον
2348 4819 2507 4894 δόξης
2525 4821 2897 4895 ὁμολογοῦμεν
2928 4825 3024 4878 καὶ
3057 4823 3226 4896 αὐτὴν
3248 4824 3346 4896 τὴν
3370 4826 3570 4898 ἐνσαρ-

1994 4929 2088 4966 κον
2114 4913 2418 4985 παρουσίαν
2439 4929 2453 4945 ⁶
2483 4915 2542 4969 οὐ
2577 4916 2684 4990 γὰρ
2736 4917 2992 4988 διῄρηται
3029 4915 3141 4970 ἀπὸ
3172 4918 3269 4990 τῆς
3317 4917 3574 4989 θεότητος

1987 5007 2020 5078 ἡ
2060 5005 2324 5080 ἑνσαρκος
2373 5009 2648 5082 παρουσία
2670 5027 2685 5042 ο
2721 5009 2816 5081 τῆς
2865 5011 3102 5083 ἑκάστης
3137 5009 3449 5076 ὑποθέσεως
3483 5013 3574 5065 εὑ-

1987 5098 2160 5168 λόγως
2223 5101 2522 5174 νοουμένης
2555 5142 2570 5164 ,
2629 5103 2723 5156 καὶ
2773 5105 2866 5158 ἐπὶ
2922 5104 2984 5157 τὸ
3039 5105 3170 5158 αὐτὸ
3229 5104 3334 5175 τῆς
3389 5105 3574 5176 πάσης

1987 5195 2372 5265 πραγματείας
2396 5197 2475 5260 εἰς
2502 5197 2632 5266 μίαν
2663 5197 2976 5268 οἰκονομίαν
3005 5197 3100 5251 καὶ
3133 5198 3263 5268 μίαν
3295 5197 3574 5268 τελειότη-

1987 5303 2058 5340 τα
2095 5289 2227 5358 ἡμῖν
2255 5287 2660 5360 συνηνωμένης.
2689 5289 2938 5360 Παθητδς
2991 5290 3100 5361 γὰρ
3141 5291 3271 5362 ἡμῖν
3306 5290 3576 5361 κηρύττε-

1987 5397 2078 5434 ται
2108 5381 2342 5451 Χριστὸς
2388 5382 2482 5434 καὶ
2509 5382 2842 5446 πιστεύεται,
2893 5383 2954 5436 οὐ
2979 5382 3100 5436 καθ’
3135 5383 3329 5438 ἑαυτὸν
3360 5381 3572 5445 παθὼν,

1988 5471 2108 5525 οὐδὲ
2157 5473 2237 5524 ὅτι
2282 5472 2439 5536 ἄλλος
2466 5473 2614 5526 ἐστίν
2639 5477 2668 5527 ό
2706 5474 2990 5538 πεπονθὼς
3015 5516 3030 5538 ,
3073 5475 3165 5528 καὶ
3203 5475 3359 5538 ἄλλος
3397 5477 3426 5528 ὁ
3459 5475 3575 5527 Κύ-

1991 5581 2140 5635 ριος,
2187 5563 2308 5618 οὐδὲ
2361 5566 2443 5618 ὅτι
2501 5567 2535 5636 ἡ
2571 5565 2761 5636 θεότης
2810 5565 3078 5620 πέπονθεν
3105 5579 3118 5594 ·
3161 5562 3298 5616 ἀλλὰ
3335 5559 3573 5615 πέπονθε

373 5715 390 5746 ³
423 5709 469 5766 ll
485 5711 611 5769 Cor.
635 5730 712 5782 ιιι,
742 5715 796 5771 6.
874 5721 894 5751 ³
923 5717 1092 5776 lCor.
1123 5722 1294 5788 11,16.
1361 5721 1696 5796 'Rom.x,6.
1765 5728 1785 5760 ⁸
1823 5727 1880 5785 Jo

2005 5743 2138 5797 xvll,
2164 5729 2218 5787 5.
2295 5732 2455 5787 “Act.
2492 5747 2548 5796 ιι,
2575 5729 2666 5788 20.
2725 5731 2763 5762 ι⁶
2783 5730 2902 5787 Act.
2937 5747 2989 5798 ιι,
3017 5727 3112 5785 58.
3187 5727 3210 5762 '
3239 5725 3406 5783 lCor.
3429 5741 3494 5788 ιι.
3515 5731 3568 5784 ti.
