3994 6224
254 454 367 514 689

892 462 897 467 ⁴
916 456 1283 515 ADVERSUS
1319 452 1653 512 llellESES
1706 451 1832 510 LIB.

1958 488 1964 500 .
2007 451 2169 507 'I'OM.
2213 446 2629 504 ΙΙο-ΗίΕῐὶΕΒ.
2673 444 2930 502 LXXVII.

3433 445 3538 501 690

258 576 360 646 μὲν
393 574 422 627 ὁ
453 571 660 647 Κύριος
693 572 850 645 ἡμῶν
890 575 1098 646 Ἰησοῦς
1136 575 1373 647 Χριστὸς
1399 615 1413 639 ,
1468 574 1569 645 τῆς
1599 573 1846 643 θεότητος

1969 570 2423 625 ministrationcm
2462 566 2964 635 perfectionemque
3014 562 3314 634 conspirat.
3349 563 3537 633 Itaque

255 668 535 739 ἀτρέπτου
572 666 842 738 μενούσης
880 685 961 732 τε,
998 670 1093 721 καὶ⁸
1134 668 1380 732 ἀπαθοῦς
1405 709 1419 731 ,
1452 666 1769 737 πασχούσης
1799 665 1855 718 δὲ

253 762 317 813 ἐν
343 763 409 831 τῇ
454 760 639 831 σαρκὶ,
669 759 764 813 καὶ
796 760 1047 824 ἀπαθοῦς
1077 762 1364 832 μενούσης.
1396 762 1459 814 Εἰ
1485 760 1594 832 γάρ
1616 760 1854 814 ἀπέθανε

254 850 498 921 Χριστὸς
528 851 667 922 ὑπὲρ
697 851 875 922 ἡμῶν,
914 853 1007 905 καὶ
1028 853 1198 917 ὅντως
1229 853 1521 917 ἀπέθανεν,
1548 852 1645 922 οὐχ
1679 853 1712 923 ἡ
1743 851 1854 905 θεό-

252 934 358 1012 της
406 940 679 996 ἀπέθανεν
706 983 720 1006 ,
763 941 902 1009 ἀλλά
953 942 1224 997 ἀπέθανεν
1263 944 1325 998 ὲν
1372 944 1568 1014 σαρκὶ,
1607 941 1746 996 κατά
1792 940 1853 994 τὸ

259 1033 554 1104 εἰρημένον
576 1051 589 1065 ·
626 1032 996 1099 Θανατωθεὶς
1021 1034 1204 1102 σαρκὶ
1227 1074 1241 1097 ,
1278 1032 1653 1101 ζωοποιηθεὶς
1681 1032 1749 1085 δὲ
1774 1030 1854 1097 τῷ

256 1127 551 1193 πνεύματι
576 1142 590 1155 ·
641 1126 737 1179 καὶ
787 1125 948 1179 πάλιν
977 1140 991 1156 ·
1042 1126 1304 1195 λῬιστοῦ
1350 1126 1649 1192 παθόντος
1700 1125 1852 1194 ὑπὲρ

253 1215 427 1281 ἡμῶν
455 1216 659 1283 σαρκί.

1960 662 2235 732 patibilem
2264 675 2366 715 nos
2403 659 2687 713 Christum
2718 658 3098 727 praedicamus,
3128 672 3191 710 ac
3218 655 3535 712 credimus:

1960 770 2067 809 non
2100 755 2243 825 quod
2277 770 2373 825 per
2399 768 2523 808 sese
2550 752 2623 807 sit
2648 766 2877 822 passus,
2914 766 3093 820 neque
3123 749 3269 819 quod
3300 749 3442 804 alius
3466 750 3538 805 ελ

1959 862 1995 900 ολ
2024 848 2263 918 patiente
2315 847 2601 911 Dominus,
2663 860 2840 914 neque
2892 844 3044 915 quod
3099 843 3283 899 divina
3339 853 3538 898 natura

1959 956 2119 1009 passa
2152 941 2223 994 sit
2259 958 2271 994 ε
2328 955 2512 995 verum
2547 940 2621 994 ita
2648 937 2913 992 Dominus
2955 944 3142 991 noster
3184 935 3344 991 Jesus
3377 936 3538 990 Chri-

1958 1040 2076 1087 stus
2118 1046 2314 1102 passus
2341 1040 2450 1095 est,
2486 1040 2544 1085 ut
2576 1031 2750 1101 ipsius
2780 1029 3039 1083 divinitas
3072 1028 3390 1083 mutationis
3421 1044 3539 1081 om-

1956 1123 2045 1178 nis
2073 1132 2124 1178 et
2165 1122 2435 1192 passionis
2467 1138 2663 1192 expers
2703 1121 3060 1176 nihilominus
3094 1121 3149 1175 in
3178 1134 3343 1175 cruce
3384 1128 3539 1190 pate-

1958 1227 2135 1281 retur,
2164 1226 2218 1270 et
2251 1216 2368 1285 ipsa
2415 1216 2620 1269 nullam
2671 1215 2727 1269 in
2767 1228 2888 1269 sese
2922 1215 3234 1284 passionem
3262 1214 3540 1283 experire-

255 1307 562 1373 tur._,Quod
586 1308 731 1363 enim
758 1308 1016 1365 Christus
1075 1317 1265 1365 nostra
1294 1323 1462 1364 causa
1497 1317 1747 1363 mortuus
1794 1315 1901 1372 est,
1959 1322 2197 1379 vereque
2253 1315 2529 1370 mortuus,
2583 1322 2688 1361 non
2744 1307 2799 1361 in
2853 1306 3194 1362 divinitatem
3246 1322 3397 1361 mors
3446 1306 3538 1360 Illa

254 1401 491 1469 cecidit;
533 1402 627 1458 sed
662 1404 716 1457 in
751 1419 917 1459 carne
956 1410 1207 1458 mortuus
1236 1411 1364 1469 est,
1416 1400 1876 1473 quemadmodum
1942 1402 2206 1471 scriptum
2251 1409 2379 1456 est:
2432 1398 2792 1469 Mortiﬁcatus
2836 1416 2993 1454 carne
3019 1439 3034 1465 ,
3088 1399 3380 1469 vivi/anm:
3433 1416 3531 1453 au-

256 1502 371 1546 tem
438 1493 691 1561 spiritu’.
746 1491 919 1548 Item:
970 1488 1185 1548 Christo
1233 1509 1392 1563 passo
1446 1510 1542 1562 pro
1600 1493 1747 1547 nobis
1798 1492 1855 1545 in
1891 1506 2049 1545 carne
2076 1491 2120 1545 ³.

328 1585 671 1657 Θαυμαστῶς
703 1589 839 1658 ἡμῖν
883 1587 1233 1660 ὡμολόγηται
1272 1585 1559 1650 πεπονθὼς
1610 1587 1668 1639 ὲν
1710 1585 1843 1655 ἀλη-

256 1674 381 1746 θείᾳ,
400 1714 415 1738 ,
442 1676 536 1729 καὶ
559 1674 778 1745 ἀπαθὴς
812 1677 870 1729 ἐν
902 1676 1134 1747 ἀληθείᾳ
1158 1693 1172 1707 ο
1212 1676 1310 1747 τῆς
1336 1675 1590 1747 θεότητος
1624 1674 1698 1747 μὴ
1736 1693 1845 1729 πα·

257 1767 461 1839 θούσης
484 1768 572 1822 διά
597 1768 657 1822 τὸ
683 1770 952 1839 ἄτρεπτον
972 1811 988 1837 ,
1038 1772 1131 1825 καὶ
1157 1771 1365 1834 ἀπαθὲς
1383 1812 1397 1835 ,
1431 1771 1525 1825 καὶ
1562 1770 1846 1841 όμοούσιον

255 1861 338 1929 τῷ
388 1861 563 1932 Πατρί
584 1877 597 1892 ⁸
646 1861 930 1934 παθούσης
976 1863 1033 1917 δὲ
1069 1863 1168 1933 τῆς
1204 1862 1438 1934 σαρκὸς,
1480 1862 1574 1916 καὶ
1603 1863 1664 1914 οὐ
1694 1879 1849 1934 μερι-

258 1951 484 2024 σθείσης
517 1953 617 2023 τῆς
664 1953 915 2026 θεότητος
947 1955 1055 2009 ἀπὸ
1110 1956 1208 2026 τῆς
1239 1954 1507 2026 ὲνσάρκου
1544 1955 1847 2023 παρουσίας

257 2045 320 2096 ἐν
344 2043 423 2115 τῷ
466 2044 648 2100 πάθει.
682 2047 859 2117 Συνῆν
887 2046 1000 2118 γάρ
1038 2047 1134 2100 καὶ
1167 2049 1199 2117 ἡ
1232 2045 1457 2117 θεότης,
1494 2046 1588 2099 καὶ
1621 2047 1653 2114 ἡ
1687 2048 1844 2098 ἐναν-

261 2134 572 2206 θρώπησις,
614 2138 703 2190 ὅτε
738 2138 831 2190 ἐπὶ
881 2136 957 2207 τῷ
998 2136 1215 2208 σταυρῷ
1247 2136 1450 2206 ἔπασχε
1488 2136 1587 2207 μὲν
1613 2134 1847 2207 Χριστὸς

261 2228 445 2297 σαρκὶ,
480 2228 697 2300 ἀπαθὴς
724 2229 780 2282 δὲ
815 2229 997 2300 ἔμεινε
1021 2229 1235 2301 θεότητι
1265 2247 1278 2260 ·
1314 2230 1404 2284 ἴνα
1441 2230 1540 2300 τὴν
1566 2230 1847 2283 δικαίωσιν

261 2320 464 2390 μηκέτι
488 2320 547 2372 ὲν
581 2320 746 2389 σαρκὶ
779 2320 938 2390 μόνον
966 2320 1211 2391 ἔχωμεν,
1239 2320 1374 2374 ἀλλὰ
1399 2322 1458 2375 ὲν
1494 2324 1559 2392 τῇ
1588 2320 1803 2391 θεότητι
1828 2334 1843 2349 ⁸

261 2411 358 2462 καὶ
391 2410 477 2462 ἵνα
506 2410 565 2463 ὲν
592 2413 659 2481 τῇ
715 2411 931 2482 θεότητι
961 2412 1057 2465 καὶ
1096 2413 1155 2465 ὲν
1190 2414 1257 2482 τῇ
1300 2413 1465 2483 σαρκὶ
1502 2414 1619 2464 κατ’
1645 2414 1847 2481 ἀμφοῖν

258 2504 394 2570 ἡμῖν
435 2502 682 2572 σωτηρία
709 2502 955 2572 γένηται.
1011 2502 1086 2555 Οὐ
1130 2503 1239 2574 γὰρ
1267 2503 1424 2573 ψιλὸς
1473 2504 1604 2573 ἡμῖν
1633 2502 1845 2574 ἄνθρω-

261 2607 363 2653 πος
408 2592 437 2643 ὁ
465 2592 698 2661 Χριστὸς
724 2632 738 2655 ,
768 2592 881 2644 ἀλλ’
913 2594 941 2644 ὁ
981 2593 1153 2661 Λόγος
1204 2594 1569 2656 ὲνυπόστατος
1595 2634 1609 2657 ,
1655 2592 1849 2665 ἔνσαρ-

261 2699 388 2745 κος,
416 2682 510 2735 καὶ
545 2683 677 2746 Θεὸς
714 2683 999 2754 ἄνθρωπος
1031 2683 1271 2752 γεγονὼς
1304 2685 1361 2736 ὲν
1398 2683 1647 2754 ἀληθείᾳ,
1690 2682 1847 2753 ἡμῶν

265 2772 342 2843 μὴ
397 2772 629 2842 ἐχόντων
676 2773 776 2844 τὴν
828 2773 1017 2827 ἐλπίδα
1051 2776 1137 2831 ἐπ’
1178 2773 1466 2843 ἄνθρωπον
1493 2814 1507 2837 ,
1544 2772 1657 2826 ἀλλ’
1690 2775 1748 2826 ὲν
1779 2775 1846 2843 τῇ

260 2862 479 2932 θεότητι
499 2879 514 2894 ⁸
546 2864 637 2916 καὶ
661 2864 817 2934 ἡμῶν
855 2865 930 2935 μὴ
964 2865 1199 2935 ἐχόντων
1238 2865 1371 2917 Θεὸν
1406 2866 1704 2935 πάσχοντα,
1732 2864 1845 2917 ἀλλ’

261 2954 480 3025 ἀπαθῆ·
521 2955 675 3019 ἐκτὸς
700 2956 757 3009 δὲ
791 2956 996 3021 πάθους
1027 2956 1127 3026 τὴν
1159 2958 1433 3028 σωτηρίαν
1462 2958 1618 3028 ἡμῶν
1645 2958 1719 3029 μὴ
1750 2974 1848 3009 πε-

262 3044 531 3116 ποιηκότα
556 3086 572 3113 ,
607 3047 723 3100 ἀλλ’
774 3049 832 3100 ὲν
875 3047 953 3117 τῷ
1008 3050 1147 3119 ὑπὲρ
1179 3050 1335 3120 ἡμῶν
1366 3050 1657 3103 ἀποθανεῖν
1685 3092 1699 3115 ,
1752 3051 1847 3105 καὶ

260 3138 457 3192 ἑαυτὸν
485 3126 850 3210 προσενέγκαι
873 3139 949 3211 τῷ
976 3140 1150 3211 Πατρὶ
1178 3138 1370 3195 θυσίαν
1400 3141 1541 3211 ὑπὲρ
1574 3143 1682 3195 τῶν
1712 3144 1847 3213 ἡμε-

260 3231 438 3301 τέρων
462 3231 649 3301 ψυχῶν
671 3272 685 3295 ,
718 3233 776 3285 ὲν
810 3231 890 3301 τῷ
920 3233 1110 3303 αἵματι
1145 3233 1308 3286 αὑτοῦ
1348 3233 1647 3303 καθαρίσας
1678 3235 1844 3305 ἡμᾶς,

266 3320 460 3390 σχίσας
494 3320 557 3374 τὸ
588 3320 708 3374 καθ’
746 3320 903 3391 ἡμῶν
933 3323 1296 3392 χειρόγραφον
1350 3323 1443 3374 καὶ
1491 3322 1851 3395 προσηλώσας

260 3411 396 3464 αὐτὸ
443 3411 521 3484 τῷ
555 3411 808 3484 σταυρῷ,
861 3413 1045 3477 καθὼς
1097 3413 1275 3485 πάντη
1314 3415 1347 3485 ή
1388 3414 1574 3485 Γραφὴ
1606 3414 1849 3469 διδάσκει

262 3506 431 3576 ἡμᾶς.

2022 1568 2388 1651 Quamobrem
2434 1581 2700 1654 singulari
2731 1582 2966 1653 quadam
3024 1590 3081 1639 et
3110 1582 3415 1638 admirabili
3444 1599 3533 1637 ra-

1952 1675 2103 1731 tione
2131 1691 2258 1731 vere
2289 1690 2515 1747 passum
2547 1675 2699 1730 illum
2731 1690 2856 1730 esse
2895 1674 3239 1740 conﬁtemur,
3282 1685 3337 1731 et
3378 1692 3532 1731 eum-

1954 1766 2077 1823 dem
2136 1776 2319 1822 tamen
2365 1782 2491 1823 vere
2540 1765 2816 1836 passionis
2864 1775 3141 1836 expertem
3170 1786 3183 1822 :
3212 1767 3359 1837 quod
3401 1769 3535 1823 nihil

1956 1860 2220 1916 divinitas
2261 1861 2380 1931 ipsa
2426 1861 2667 1930 patiatur
2694 1900 2710 1927 ,
2750 1862 3012 1930 quoniam
3047 1862 3115 1915 ab
3139 1862 3286 1916 omni
3329 1863 3540 1919 vicissi-

1957 1956 2148 2008 tudine
2196 1962 2251 2007 et
2281 1952 2541 2023 passione
2583 1951 2847 2007 immunis
2885 1960 2989 2019 est,
3030 1952 3388 2023 ejusdemque
3413 1969 3538 2009 cum

1952 2043 2114 2100 Patre
2148 2044 2485 2100 substantiae.
2539 2042 2617 2098 Ita
2666 2060 2831 2114 porro
2887 2059 3106 2114 passam
3149 2061 3273 2101 esse
3318 2061 3537 2101 carnem

1954 2138 2275 2201 asserinius,
2311 2137 2449 2191 utin
2482 2138 2602 2207 ipsa
2632 2135 2990 2207 perpessione
3024 2136 3288 2195 divinitas
3330 2153 3541 2210 nequa-

1953 2244 2117 2298 quam
2168 2230 2237 2283 ab
2283 2236 2565 2299 assumpta
2612 2229 2856 2285 hominis
2898 2237 3098 2284 natura
3149 2229 3400 2301 sejuncta
3443 2231 3537 2287 sit.

1956 2319 2092 2374 Tum
2125 2319 2268 2374 enim
2299 2320 2561 2376 divinitas
2587 2336 2711 2375 cum
2744 2320 2983 2375 humana
3009 2330 3209 2376 natura
3245 2324 3539 2391 conjuncta

1962 2412 2084 2472 fuit.
2113 2411 2333 2481 quando
2362 2412 2618 2467 Christus
2659 2412 2713 2466 in
2742 2428 2906 2468 cruce
2957 2412 3185 2468 suﬂixus
3210 2428 3374 2468 carne
3414 2429 3539 2481 pas-

1958 2517 2053 2555 sus
2082 2509 2193 2567 est,
2246 2501 2381 2556 nihil
2404 2502 2520 2572 ipsa
2558 2500 2845 2555 divinitate
2886 2497 3157 2571 patiente,
3207 2517 3316 2571 quo
3342 2502 3540 2571 justiﬁ—

1953 2594 2097 2648 catio
2128 2602 2316 2649 nostra
2348 2608 2458 2648 non
2489 2593 2728 2663 amplius
2754 2594 2807 2647 in
2840 2594 2957 2649 sola
2980 2608 3168 2658 carne,
3235 2591 3331 2647 sed
3373 2594 3537 2647 etiam

1956 2687 2009 2739 in
2062 2686 2352 2741 divinitate
2393 2685 2746 2749 consisteret,
2800 2693 2962 2754 atque
2994 2692 3055 2738 ut
3085 2700 3114 2737 a
3146 2683 3433 2738 divinitate
3461 2683 3539 2738 si-

1957 2778 2070 2830 mul
2117 2785 2171 2831 ct
2200 2792 2366 2833 carne
2409 2779 2561 2832 salus
2607 2786 2796 2833 nostra
2826 2776 3286 2846 proﬁcisceretur.
3323 2774 3536 2830 Etenim

1954 2869 2211 2925 Christus
2273 2885 2385 2924 non
2439 2870 2669 2940 simplex
2711 2884 2775 2924 ac
2818 2869 3000 2923 nudus
3034 2868 3199 2921 homo
3254 2866 3374 2933 fuit,
3443 2867 3541 2921 scd

1955 2959 2198 3015 Verbum
2250 2962 2595 3024 subsistens,
2638 2962 3005 3027 incarnatum,
3066 2976 3129 3014 ac
3180 2959 3324 3016 Deus
3377 2960 3540 3015 homo

1956 3069 2150 3109 revera
2195 3052 2396 3120 factus,
2446 3064 2506 3109 ut
2546 3071 2695 3124 spem
2744 3062 2991 3109 nostram
3040 3069 3149 3107 non
3199 3054 3434 3124 amplius
3483 3054 3536 3108 in

1957 3146 2194 3213 homine,
2244 3147 2340 3203 sed
2386 3148 2441 3201 in
2481 3146 2767 3201 divinitate
2812 3147 3183 3218 collocemus,
3230 3163 3404 3217 nequc
3446 3163 3539 3218 pa-

1956 3239 2182 3293 tientem
2216 3238 2407 3302 Deum,
2444 3239 2539 3296 sed
2580 3255 2606 3293 a
2637 3240 2994 3310 perpessione
3040 3241 3188 3295 omni
3240 3240 3537 3295 innnuncm

1966 3330 2287 3385 habeamus.
2327 3330 2539 3401 1027
2574 3330 2677 3398 Qui
2726 3331 2945 3401 quidem
2995 3348 3104 3387 non
3147 3331 3265 3388 sine
3313 3348 3539 3403 perpes-

1962 3421 2119 3476 sione
2150 3422 2379 3478 salutem
2416 3424 2576 3478 nobis
2610 3424 2878 3487 attulerit,
2912 3424 3007 3479 scd
3040 3425 3094 3478 in
3129 3425 3414 3480 moriendo
3440 3441 3539 3495 pro

1965 3515 2150 3579 nobis,
2186 3531 2356 3585 seque
2380 3514 2491 3571 Deo
2520 3515 2666 3571 Patri
2699 3533 2799 3588 pro
2826 3518 3030 3574 nostris
3056 3518 3345 3575 animabus
3375 3519 3540 3575 sacri-

265 3598 375 3654 ﬁcii
405 3598 578 3654 instar
607 3599 886 3655 offerendo
918 3600 1261 3670 praestiterit,
1286 3616 1410 3655 cum
1453 3617 1554 3656 nos
1603 3601 1874 3672 sanguine
1908 3618 2009 3659 suo
2041 3607 2369 3677 repurgarit,
2435 3621 2499 3661 ac
2552 3607 2816 3678 scriptum
2865 3619 3056 3664 contra
3104 3624 3207 3664 nos
3255 3609 3538 3681 chirogra-

264 3695 436 3764 phum
479 3695 787 3762 disciderit,
822 3705 877 3751 et
908 3698 1060 3772 cruci
1105 3712 1219 3751 suae
1250 3696 1398 3751 istud
1440 3695 1670 3752 aﬁixerit
1694 3696 1715 3728 ⁸
1740 3738 1755 3763 ,

333 3787 457 3839 AI".
491 3787 601 3841 Καὶ
617 3785 772 3840 ἔσται
807 3804 897 3857 μοι
926 3787 1056 3857 περ)⁵
1088 3786 1317 3848 τούτων,
1350 3787 1399 3838 εί
1430 3785 1592 3856 χρεία
1610 3787 1845 3853 γένοιτο,

262 3879 346 3940 εἰς
382 3875 731 3946 παράστασιν
761 3878 939 3930 εἰπεῖν
973 3875 1164 3929 πολλά.
1202 3875 1313 3929 Καὶ
1344 3874 1453 3944 γὰρ
1482 3876 1539 3926 ὲν
1563 3873 1746 3938 ἄλλοις
1770 3876 1849 3927 εί-

265 3970 537 4042 ρήκαμεν,
580 3968 679 4039 τὴν
726 3967 960 4039 θεωρίαν
1007 3966 1213 4037 ταύτην
1264 3966 1675 4035 σαφηνίζοντες,
1718 3965 1849 4036 περὶ

264 4063 366 4130 τῆς
393 4059 547 4130 ἡμῶν
579 4058 802 4129 βεϐαίας
840 4059 1135 4129 σωτηρίας,
1179 4059 1262 4111 ὅτι
1364 4057 1453 4120 Ὦς
1476 4056 1541 4110 ἂν
1571 4059 1636 4109 ὲκ
1667 4058 1849 4127 ῥαντι-

1801 3697 1853 3752 ἰό
1883 3699 2028 3769 quod
2063 3700 2268 3767 ubique
2289 3698 2571 3770 Scriptura
2603 3708 2855 3756 testatur.

2029 3785 2272 3843 XXXIII.
2313 3786 2570 3850 Possem,
2620 3789 2667 3843 si
2717 3803 2945 3845 necesse
2978 3790 3276 3858 videretur,
3324 3792 3390 3847 ad
3421 3790 3540 3861 ejus

1956 3878 2231 3951 dogmatis
2291 3883 2577 3935 veritatem
2638 3881 3073 3936 conﬁrmandam
3129 3883 3239 3937 alia
3296 3884 3541 3954 proferre

1954 3986 2120 4041 quam
2150 3971 2405 4040 plurima.
2439 3969 2532 4025 Sic
2573 3971 2719 4026 enim
2772 3972 2881 4026 alio
2917 3972 3072 4037 loco,
3117 3988 3240 4028 eum
3272 3973 3414 4028 idem
3449 3989 3540 4027 ar-

1954 4044 2273 4135 gumentum
2326 4070 2818 4133 pertractarcmus,
2874 4062 2943 4117 de
2998 4072 3147 4119 certa
3208 4065 3541 4135 minimeque

264 4152 406 4223 σμοῦ
439 4153 671 4223 αἵματος
698 4153 954 4222 τυγχάνει
982 4150 1129 4223 βαφὴ
1151 4153 1207 4204 ὲν
1230 4150 1452 4221 ίματίῳ,
1476 4148 1537 4202 τὸ
1564 4148 1662 4219 μὲν
1688 4148 1846 4219 σῶμα

1958 4156 2120 4210 dubia
2150 4163 2337 4209 nostra
2368 4154 2545 4210 salute
2585 4154 2981 4209 constituimus
3012 4172 3025 4208 :
3064 4153 3539 4221 Quemadmodum

262 4247 366 4299 οὐκ
394 4245 563 4315 ἔϐαψε
596 4246 691 4300 τοῦ
719 4245 1035 4317 φοροῦντος,
1059 4246 1093 4315 ἡ
1120 4245 1178 4297 δὲ
1206 4243 1353 4315 βαφὴ
1376 4242 1471 4296 τοῦ
1508 4242 1726 4313 ἱματίου
1751 4243 1846 4295 οὐκ

1958 4246 2236 4317 sanguinis
2266 4247 2558 4317 aspergine
2583 4246 2755 4300 vestis
2785 4245 3050 4309 inﬁcitur,
3078 4246 3209 4301 licet
3243 4247 3366 4317 ejus
3390 4288 3406 4313 ,
3445 4250 3538 4319 qui

264 4341 344 4402 εἰς
376 4339 440 4393 τὸ
477 4338 691 4409 ἱμάτιον
724 4337 1054 4406 λελόγισται,
1080 4336 1196 4390 ἀλλ’
1217 4337 1299 4399 εἰς
1330 4334 1420 4389 τὸν
1453 4335 1743 4406 ἄνθρωπον
1760 4334 1846 4387 τὸν

1958 4346 2151 4390 vestem
2169 4335 2545 4405 gerit,corpus
2564 4349 2909 4404 nequaquam
2939 4332 3201 4390 infectum
3220 4336 3313 4403 sit,
3340 4338 3538 4395 nihilo-

265 4429 555 4500 φοροῦντω
589 4429 733 4483 οὔτω
765 4430 861 4483 καὶ
890 4429 950 4482 τὸ
977 4428 1147 4492 πάθος
1177 4430 1243 4498 τῇ
1271 4427 1487 4496 θεότητι
1522 4427 1619 4497 μὲν
1639 4427 1737 4480 οὐκ
1766 4427 1846 4479 ἐν·

1958 4428 2140 4482 minus
2175 4427 2265 4480 illa
2310 4427 2481 4482 vestis
2512 4442 2738 4497 aspersa
2789 4426 3003 4479 macula
3034 4443 3143 4481 non
3172 4430 3331 4495 vesti,
3367 4430 3461 4485 sed
3491 4432 3539 4486 ei

262 4521 526 4591 ἑσκηψεν,
561 4519 676 4573 ἀλλ’
703 4523 762 4574 ἐν
796 4524 861 4591 τῇ
892 4520 1308 4592 ὲνανθρωπήσει
1337 4519 1575 4588 ἐγένετο·
1604 4518 1705 4571 οὐκ
1728 4518 1846 4589 ἐλο-

1958 4519 2045 4589 qui
2088 4526 2291 4572 vestem
2323 4519 2486 4589 gerit,
2514 4519 2813 4584 tribuitur;
2849 4518 3039 4573 eodem
3072 4520 3237 4574 modo
3268 4521 3393 4575 licet
3421 4538 3539 4592 per-

262 4614 429 4684 γίσθη
458 4614 524 4667 ιδὲ
557 4615 624 4684 τῇ
663 4613 1078 4685 ὲνανθρωπήσει
1132 4613 1289 4684 μόνηο
1342 4612 1455 4665 ἀλλ’
1488 4611 1576 4665 ἴνα
1607 4610 1681 4681 μὴ
1712 4610 1846 4680 πλη-

1958 4608 2136 4678 pessio
2162 4608 2215 4661 in
2258 4608 2597 4663 divinitatem
2650 4623 2759 4663 non
2802 4607 3134 4672 incubuerit,
3166 4610 3259 4665 sed
3291 4611 3544 4667 humana:

264 4706 413 4777 ρωθῇ
448 4706 504 4757 ἐν
536 4707 601 4775 τῇ
639 4704 884 4775 σωτηρίᾳ
921 4704 1022 4772 τῆς
1058 4703 1371 4774 οἰκονομίας
1420 4703 1502 4768 τὸ,
1568 4701 1841 4755 Ἐπικαὲ-

1958 4700 2226 4755 duntaxat
2273 4710 2481 4756 natura:
2527 4690 2844 4772 contigerit,
2890 4715 2998 4755 non
3048 4701 3175 4756 huic
3223 4710 3404 4759 tamen
3437 4704 3539 4760 soli

260 4798 482 4867 ἀραῖος
524 4796 662 4863 πᾶς,
692 4796 761 4864 ὃς
800 4796 924 4866 ἔχει
966 4796 1081 4864 τὴν
1115 4794 1337 4850 ἐλπίδα
1366 4795 1458 4847 ἐπ’
1508 4794 1844 4863 ἄνθρωπον.

1958 4791 2325 4860 tribuendam,
2362 4808 2550 4848 verum
2577 4808 2645 4848 ne
2679 4792 2733 4846 in
2770 4794 3114 4864 procuranda
3150 4809 3247 4864 per
3285 4794 3542 4850 incarna-

275 4890 417 4943 Ἀλλ’
449 4889 703 4960 ἐλογίσθη
738 4890 834 4943 καὶ
859 4890 939 4953 είς
958 4889 1057 4960 τὴν
1078 4888 1334 4958 θεότητα,
1360 4886 1460 4956 τῆς
1489 4886 1743 4957 θεότητος
1768 4884 1844 4955 μὴ

1958 4883 2161 4939 tionem
2199 4882 2369 4939 Verbi
2415 4884 2595 4939 salute
2639 4893 2857 4951 nostra,
2907 4885 2961 4938 in
2995 4884 3144 4938 illam
3189 4884 3536 4940 incurramus

262 4979 602 5050 πασχούσης,
632 4981 721 5033 ἵνα
756 4981 814 5033 ὲν
844 4982 911 5050 τῇ
955 4979 1167 5050 θεότητι
1208 4977 1430 5047 λογισθῇ
1474 4979 1540 5047 τῇ
1581 4975 1717 5047 ἁγία
1746 4975 1842 5028 τοῦ

1958 4961 2251 5045 Scriptura!
2278 4977 2617 5031 sententiam
2651 4996 2663 5030 :
2702 4976 3019 5031 Maledicta:
3050 4978 3242 5040 omnis,
3274 4977 3365 5046 qui
3394 4992 3536 5045 spem
3606 5030 3615 5033 -

258 5073 395 5127 Θεοῦ
433 5073 731 5145 Ἐκκλησία
773 5072 866 5127 τοῦ
925 5072 1133 5135 πάθους
1164 5074 1197 5142 ἡ
1234 5070 1498 5142 σωτηρία.
1560 5069 1721 5123 Ἀλλά
1745 5068 1845 5122 πά-

257 5166 342 5218 λιν
380 5165 456 5236 μὴ
486 5164 708 5237 λεξίθηρ
741 5164 817 5219 ὥν
844 5182 929 5228 τις
954 5165 1145 5218 ἑαυτὸν
1176 5163 1382 5235 θελήσῃ
1412 5160 1614 5232 μᾶλλον
1646 5161 1839 5215 συλλο-

258 5252 539 5319 γίσασθαι,
585 5254 657 5323 ἤί
705 5254 835 5325 περὶ
868 5254 931 5307 τὸ
964 5255 1195 5324 αἴνιγμα
1225 5253 1319 5306 τοῦ
1353 5251 1723 5323 ὁμοιώματος.
1763 5252 1838 5305 Οὐ

258 5340 369 5411 γὰρ
403 5342 552 5394 πᾶσα
582 5342 868 5413 παραϐολὴ
908 5344 964 5395 ὲν
996 5345 1061 5414 τῇ
1100 5343 1292 5413 Γραφῇ
1328 5342 1425 5411 ὅλῃ
1464 5341 1804 5411 λαμϐάνεται
1825 5379 1842 5405 ,

260 5430 336 5495 ὡς
361 5430 444 5494 τὸ,
477 5433 752 5502 Σκύμνος
778 5433 1027 5499 λέοντος
1061 5432 1269 5496 Ἰούδα,
1292 5432 1379 5485 διὰ
1406 5432 1467 5485 τὸ
1495 5432 1845 5505 ἰσχυρότερον

258 5521 353 5574 τοῦ
388 5521 530 5587 ζώου
563 5526 659 5577 καὶ
684 5525 1132 5595 βασιλικώτατον,
1158 5523 1275 5577 ἀλλ’
1298 5524 1417 5594 οὐχ).
1438 5523 1526 5577 διὰ
1555 5524 1617 5576 τὸ
1640 5522 1840 5592 ἄλογον

261 5615 358 5669 καὶ
383 5617 742 5687 ἀρπακτικόν.
769 5617 926 5672 Οὕτω
962 5617 1055 5672 καὶ
1086 5616 1179 5669 ἐπὶ
1208 5616 1303 5671 τοῦ
1342 5618 1584 5688 ἱματίου,
1623 5617 1724 5670 οὐκ
1750 5618 1841 5670 ὲν-

259 5704 549 5776 δυομένου,
571 5709 664 5762 καὶ
696 5709 1045 5780 ἐκδυομένου·
1081 5708 1194 5763 ἀλλ’
1228 5707 1375 5775 ἅπαξ
1410 5707 1556 5764 κατὰ
1592 5707 1653 5761 τὸ
1687 5710 1843 5779 εἰρη-

1946 5065 2099 5120 habet
2117 5067 2170 5119 in
2189 5066 2452 5121 Itomine‘.
2481 5065 2783 5136 Propterea
2817 5067 3088 5122 divinitati
3103 5067 3265 5122 etiam
3296 5067 3533 5135 imputa-

1955 5170 2081 5225 tur,
2128 5173 2252 5212 cum
2294 5158 2429 5213 nihil
2472 5159 2587 5229 ipsa
2625 5174 2723 5229 per
2752 5174 2874 5214 sese
2899 5161 3159 5229 patiatur,
3212 5163 3271 5210 ut
3309 5157 3532 5212 humani

1944 5248 2161 5317 generis
2186 5248 2337 5304 salus
2371 5264 2466 5318 per
2496 5248 2702 5304 Christi
2734 5249 3050 5319 passionem
3089 5247 3362 5317 acquisita
3394 5261 3423 5299 a
3456 5262 3538 5301 sa-

1948 5350 2237 5396 crosancta
2262 5340 2356 5397 Dei
2395 5341 2641 5398 Ecclesia
2676 5340 2951 5396 divinitati
2986 5355 3207 5411 quoque
3237 5340 3532 5395 tribuatur.

1948 5429 2157 5487 Vereor
2181 5448 2251 5487 ne
2280 5433 2406 5504 quis
2451 5449 2519 5489 ex
2551 5433 2663 5488 illis
2694 5446 2892 5487 vocum
2929 5431 3314 5502 captatoribus
3356 5430 3534 5485 subti-

1946 5526 2070 5581 Iiori
2122 5527 2543 5582 ratiocinatione
2589 5524 2950 5594 semetipsum
3011 5523 3296 5593 implicare
3356 5523 3532 5585 malit,

1948 5632 2111 5686 quam
2139 5618 2357 5672 allatam
2383 5633 2414 5672 a
2454 5616 2616 5671 nobis
2656 5614 3074 5673 similitudinem
3119 5622 3279 5669 caute
3309 5628 3375 5669 ac
3405 5628 3535 5683 pru-

1949 5708 2141 5764 denter
2169 5708 2441 5779 accipere.
2473 5705 2660 5778 Neque
2692 5705 2840 5761 enim
2882 5706 2994 5761 ulla
3026 5705 3203 5764 sacris
3227 5704 3280 5759 in
3306 5703 3533 5761 Litteris

332 5866 349 5899 ⁸
385 5864 611 5924 Mutilus
634 5868 807 5924 locus.
884 5871 903 5901 ²
934 5867 954 5923 ι
985 5867 1127 5924 Petr.
1172 5884 1251 5937 ιιι,
1288 5868 1371 5924 18.
1446 5865 1516 5921 ³1
1550 5866 1693 5923 Pctr.
1732 5882 1805 5934 tv,

1973 5866 1996 5898 δ
2025 5864 2237 5925 Coloss.
2264 5882 2324 5933 ιι,
2361 5866 2446 5922 Η.
2530 5869 2549 5899 ³
2585 5864 2696 5921 Jer.
2741 5882 2874 5935 xvn,
2907 5867 2960 5922 5.
