3994 6224
428 414 529 474 691

1849 416 1908 474 5.
1952 416 2292 474 EPIPHANI

3599 421 3711 479 692

429 530 740 589 similitudo
794 537 904 586 tota
948 546 1012 586 ac
1074 532 1295 603 penitus
1328 543 1657 606 usurpatur,
1697 535 1846 592 velut
1888 552 2010 592 cum

2123 538 2303 609 μένον·
2336 538 2716 608 Εὐπρέπειαν
2746 540 3103 597 ἐνεδύσατοο
3144 543 3206 596 τὸ
3239 541 3297 597 δὲ
3327 540 3581 615 δεύτερον
3614 541 3715 596 ἐν·

426 624 633 679 dicitur
669 642 685 678 :
727 624 951 680 Catulus
984 624 1148 681 leonis
1169 625 1317 681 Juda
1349 628 1387 684 ⁸.
1419 628 1477 682 In
1506 644 1617 700 quo
1681 629 2016 687 fortitudinis

425 732 493 772 ac
538 719 700 789 regiae
716 718 1004 788 cujusdam
1028 721 1385 785 excellentiae,
1411 724 1532 793 quae
1561 724 1614 778 in
1645 724 1733 779 illa
1760 724 1873 780 fera
1899 740 2018 781 cer-

422 809 602 873 nitur,
657 810 846 865 habita
896 814 1038 868 ratio
1070 822 1191 877 est;
1244 830 1346 869 nec
1384 814 1518 869 illud
1557 824 1861 887 spectatum
1906 826 2013 881 est,

430 900 577 968 quod
615 900 849 961 rationis
894 919 1092 975 expers
1129 906 1201 962 sit
1246 921 1310 961 ac
1348 921 1539 977 rapax.
1572 906 1663 963 Sic
1692 917 1748 964 et
1781 909 1837 963 in
1866 918 2016 966 veste

433 992 572 1046 nihil
600 994 734 1051 illud
764 995 833 1049 ad
871 997 1141 1052 rationem
1189 1007 1435 1053 nostram
1482 1000 1738 1069 pertinet,
1778 1000 1923 1071 quod
1960 1001 2015 1056 id

428 1085 580 1140 indui
635 1085 875 1156 exuique
926 1087 1120 1143 soleat.
1172 1086 1351 1143 Semel
1401 1089 1570 1155 enim,
1636 1099 1697 1144 ut
1744 1093 2013 1163 scriptum

424 1186 530 1243 est,
576 1176 817 1232 decorem
866 1177 1078 1241 induit;
1116 1179 1314 1235 deinde
1354 1195 1486 1234 vero
1520 1181 1768 1236 virtutem
1802 1182 2011 1248 induit,

425 1283 490 1320 uc
517 1268 796 1335 praecinxit
827 1285 882 1323 se
908 1270 948 1321 ⁸.
982 1268 1041 1324 In
1064 1285 1172 1341 quo
1194 1269 1441 1340 Apostoli
1474 1271 1568 1326 illa
1589 1286 1692 1325 vox
1714 1272 1971 1342 impletur
1997 1291 2009 1326 :

427 1357 550 1414 Non
582 1359 692 1423 iant
721 1360 987 1415 moritur:
1023 1378 1165 1417 mors
1194 1362 1277 1417 illi
1311 1363 1459 1417 ultra
1502 1380 1606 1418 non
1635 1363 1943 1419 dominatur
1968 1366 2010 1422 ³.

424 1452 557 1518 Quae
585 1468 711 1507 cum
753 1454 830 1508 ita
877 1470 1001 1514 sese
1052 1455 1327 1522 habeant,
1361 1455 1466 1510 hoc
1519 1455 1585 1510 ad
1619 1456 1703 1511 sui
1745 1456 2015 1527 dogmatis

423 1547 791 1616 patrocinium
835 1547 1037 1605 fratres
1075 1549 1253 1604 nostri
1299 1547 1589 1618 proferunt
1624 1567 1637 1604 :
1675 1546 1791 1603 Nos
1836 1558 2013 1603 autem

424 1648 645 1694 mentem
701 1638 903 1697 Christi
958 1642 1209 1698 habemus
1242 1644 1282 1697 ⁸.
1328 1642 1447 1707 Quo
1479 1657 1566 1696 -ex
1626 1638 1843 1697 illorum
1896 1656 2013 1696 ser-

423 1746 607 1795 mone,
649 1747 810 1801 quem
848 1734 900 1787 in
935 1748 1001 1789 eo
1037 1742 1364 1803 argumento
1400 1742 1703 1802 usurpant,
1741 1731 2014 1801 suspicari

421 1822 569 1887 licet,
587 1823 813 1877 alteram
846 1822 970 1880 illos
997 1823 1205 1880 Christi
1224 1831 1460 1879 mentem
1478 1836 1727 1879 asserere
1747 1821 2008 1877 voluisse.

424 1914 531 1971 Sed
565 1915 612 1972 si
646 1916 988 1972 divinitatem
1024 1916 1095 1971 ab
1140 1915 1522 1971 incarnatione
1564 1929 1673 1970 non
1726 1922 2004 1984 separant,
2044 1899 2083 1953 Β

2120 630 2381 687 εδύσατο
2410 632 2689 703 δύναμιν,
2716 634 2817 689 καὶ
2841 634 3175 697 διεζώσατο
3201 634 3589 707 πληρουμένης
3614 634 3713 687 ἐπὶ

2124 723 2301 796 τούτῳ
2351 725 2445 780 τοῦ
2500 727 2808 796 ἁγιωτάτου
2865 729 3189 783 Ἀποστόλου
3232 728 3331 800 τῆς
3373 728 3583 799 φωνῆς,
3623 726 3709 781 τό·

2123 817 2337 871 οὐκέτι
2375 817 2770 889 ἀποθνήσκει,
2821 821 3079 889 θάνατος
3126 820 3315 877 αὐτοῦ
3358 818 3561 875 οὐκέτι
3599 836 3709 875 κυ-

2112 909 2322 975 ριεύει.
2357 908 2551 962 Τοίνυν
2587 909 2795 965 τούτων
2827 911 3000 975 οὕτως
3040 912 3297 983 ἐχόντων,
3343 910 3626 981 βούλονται
3659 910 3712 963 οι

2121 998 2344 1069 ἀδελφοὶ
2368 999 2527 1071 ἡμῶν
2550 1002 2632 1065 εἰς
2653 1003 3000 1073 παράστασιν
3023 1005 3153 1074 ἡμῖν
3174 1001 3381 1074 φέρειν,
3404 1001 3488 1054 ὅτι
3518 1000 3712 1070 Ἡμεῖς

2121 1085 2193 1140 δὲ
2217 1087 2370 1142 νοῦν
2392 1090 2653 1158 Χριστοῦ
2680 1081 2919 1161 Excussi.
2951 1092 3110 1147 Κατὰ
3134 1093 3191 1147 δὲ
3212 1092 3302 1146 τὸν
3323 1091 3482 1161 λόγον
3501 1091 3708 1156 αὐτῶν,

2114 1180 2207 1233 τὸν
2236 1181 2330 1235 ἐπὶ
2358 1185 2424 1253 τῇ
2462 1182 2666 1256 θεωρίᾳ
2702 1186 2876 1260 ταύτῃ
2918 1184 3281 1259 φραζόμενον,
3332 1187 3413 1250 εἱς
3452 1185 3711 1239 ὑπόνοιαν

2118 1272 2271 1343 ἡμᾶς
2296 1272 2545 1345 φέρουσι,
2585 1275 2660 1348 μὴ
2686 1277 2828 1348 τάχα
2861 1279 3183 1349 νενοήκασιν
3210 1277 3286 1341 ὡς
3321 1276 3416 1331 τοῦ
3450 1275 3546 1330 νοῦ
3583 1275 3709 1331 ἑτέ-

2122 1380 2216 1434 ρου
2240 1364 2394 1428 ὄντος
2416 1365 2511 1420 τοῦ
2547 1368 2806 1437 Χριστοῦ.
2840 1370 2903 1423 Εἰ
2934 1369 2992 1424 δὲ
3014 1371 3073 1423 οὐ
3107 1370 3411 1439 λογίζονται
3443 1368 3603 1432 ἐκτὸς
3631 1361 3712 1422 εῖ-

2122 1473 2212 1511 ναι
2250 1456 2349 1530 τὴν
2390 1458 2623 1531 θεότητα
2649 1461 2746 1532 τῆς
2781 1454 3268 1535 ὲνανθρίωπήσεως,
3303 1462 3441 1516 ἀλλά
3475 1462 3604 1533 μίαν
3631 1457 3709 1516 εἶ-

2117 1567 2207 1603 ναι
2232 1549 2333 1621 τὴν
2366 1552 2700 1624 οἰκονομίαν,
2731 1554 2786 1608 τί
2823 1555 2930 1628 ἄρα
2968 1555 3123 1610 ἔσται
3156 1556 3549 1628 περισσότερον
3578 1554 3708 1619 νοῦς

2118 1638 2356 1712 Χριστοῦ
2389 1644 2417 1696 6
2448 1642 2768 1715 λεγόμενος;
2818 1646 2911 1718 Μὴ
2944 1646 3054 1718 ἄρα
3096 1646 3220 1701 καθ’
3268 1647 3459 1701 ἑαυτὸν
3497 1647 3528 1699 6
3571 1645 3710 1709 Θεδς

2124 1732 2301 1801 Λόγος
2331 1735 2471 1800 ἐστὶ,
2511 1736 2585 1809 μὴ
2611 1737 2749 1809 ἔχων
2775 1739 2899 1793 νοῦν
2931 1738 3289 1811 ἀνθρώπινον,
3328 1739 3403 1803 ὥς
3431 1756 3621 1809 φασιν,
3648 1739 3710 1791 ἐν

2122 1827 2187 1895 τῇ
2224 1827 2474 1900 ἐνσάρκῳ
2518 1832 2828 1907 παρουσίιμ
2873 1831 3018 1886 Νοῦν
3050 1833 3107 1887 δὲ
3144 1832 3332 1903 ἕτερον
3362 1831 3475 1902 ἔχει
3504 1832 3534 1883 ὁ
3562 1828 3708 1902 Χρι-

2116 1916 2241 1981 στὸς
2286 1919 2437 1990 παρά
2482 1921 2583 1992 τὴν
2636 1922 2799 1976 αὑτοῦ
2856 1924 3157 1979 ὑπόστασιν
3192 1924 3293 1989 τῆς
3329 1924 3619 1993 θεότητος,
3672 1920 3707 1991 ἦ

421 2007 521 2065 sed
583 2009 809 2065 unicum
858 2024 923 2063 ac
976 2008 1207 2079 simplex
1277 2007 1675 2063 incarnationis
1726 2005 2004 2076 negotium

2119 2010 2574 2080 καταχρηστικῶς
2598 2012 2757 2069 εἴωθε
2794 2015 2902 2068 πᾶν
2934 2016 3089 2087 ῥῆμα
3111 2014 3415 2086 ὑπέρογκον
3444 2011 3710 2082 λέγεσθαι

422 2100 557 2156 illud
585 2115 711 2157 esse
758 2109 973 2171 putant,
1020 2101 1151 2183 quid
1184 2100 1404 2155 tandem
1434 2098 1696 2154 eximium
1726 2096 1817 2151 illa
1842 2134 1856 2159 ,
1886 2111 2008 2166 quae

2119 2098 2251 2169 ἡμῖν
2284 2101 2365 2164 εἰς
2398 2103 2744 2175 παράστασιν
2772 2106 2882 2159 τῶν
2913 2110 2970 2161 ἐν
3004 2110 3139 2180 ἡμῖν
3167 2106 3598 2180 πληρουμένωνς

421 2192 646 2257 dicitur,
680 2192 885 2248 Christi
929 2207 1085 2249 mens
1133 2191 1397 2248 habebit?
1443 2190 1526 2244 An
1581 2204 1677 2257 per
1723 2202 1783 2243 se
1828 2185 2007 2257 ipsum
2042 2185 2135 2241 Dei
2170 2186 2411 2246 Verbum
2442 2195 2696 2260 exsistit,
2730 2211 2833 2253 nec
2899 2198 3138 2253 humana
3184 2205 3364 2254 mente
3419 2199 3475 2252 in
3517 2197 3712 2251 incar-

421 2285 641 2341 natione
701 2284 988 2355 praeditum
1041 2285 1159 2341 est?
1211 2298 1334 2354 quae
1385 2289 1471 2339 est
1528 2281 1745 2335 illorum
1803 2278 2010 2349 opinio.
2079 2280 2296 2351 1028
2367 2284 2451 2338 An
2504 2286 2610 2339 alia
2664 2298 2861 2357 praeter
2912 2289 3219 2346 divinitatis
3264 2290 3590 2363 hypostasin
3647 2290 3706 2345 in

421 2379 649 2435 Christo
704 2394 861 2435 mens
916 2376 1165 2435 residet?
1208 2376 1294 2430 An
1353 2374 1536 2445 potius
1584 2371 1884 2442 Scriptura:
1924 2369 2016 2424 ille
2048 2385 2168 2426 mos
2195 2382 2301 2440 est,
2336 2374 2483 2429 utad
2515 2390 2580 2429 ea
2612 2392 2732 2447 quae
2766 2378 2822 2433 in
2858 2378 3016 2435 nobis
3061 2388 3349 2451 geruntur,
3399 2382 3471 2436 ob
3512 2380 3709 2438 oculos

423 2472 679 2543 ponenda
712 2470 1104 2543 grandioribus
1135 2468 1316 2522 verbis
1346 2466 1569 2522 utatur?

498 2564 739 2620 XXXIV.
772 2562 907 2618 Nam
941 2565 989 2620 si
1021 2579 1146 2619 vere
1177 2561 1329 2631 loqui
1367 2561 1623 2615 volumus
1648 2597 1663 2622 ,
1692 2558 1817 2628 pius
1853 2554 2015 2626 quili-

421 2660 515 2713 bet
542 2658 710 2711 vitam
747 2672 906 2711 suam
956 2670 1065 2711 non
1097 2669 1163 2710 ex
1204 2653 1444 2707 humana
1485 2659 1665 2706 mente
1721 2654 2011 2717 temperat,

2187 2550 2309 2605 AA'.
2353 2552 2464 2605 Καὶ
2497 2552 2604 2624 γὰρ
2644 2553 2726 2625 τῷ
2766 2554 2865 2626 μὲν
2896 2555 3012 2609 δντι
3039 2559 3148 2621 πᾶς
3181 2557 3440 2630 θεοσεϐὴς
3467 2561 3531 2615 ού
3562 2565 3710 2620 κατᾶ

2114 2642 2207 2697 τὸν
2251 2642 2378 2697 νοῦν
2423 2645 2515 2697 τὸν
2564 2644 2909 2718 ἀνθρώπινον
2963 2649 3327 2722 πολιτεύεται,
3376 2652 3513 2707 ἀλλὰ
3566 2656 3710 2710 κατὰ

422 2749 520 2805 sed
550 2765 617 2805 ex
643 2764 709 2804 ea
747 2765 871 2817 quae
898 2746 1105 2803 Chr-isti
1142 2746 1361 2817 propria
1395 2751 1503 2809 est,
1547 2755 1777 2812 quaeque
1810 2740 1878 2794 ab
1915 2753 2010 2794 eo-

2119 2732 2205 2786 τὸν
2237 2734 2331 2788 τοῦ
2359 2735 2621 2806 Χριστοῦ,
2663 2737 2754 2790 τὸν
2790 2738 2895 2792 ὑπὸ
2954 2739 3190 2810 Χριστοῦ
3228 2742 3608 2815 πληρούμενον
3638 2749 3706 2816 τῇ

421 2844 546 2898 dem
578 2840 848 2911 sapientia
873 2839 1151 2909 repletur,
1174 2854 1297 2909 qua:
1329 2836 1553 2891 Christo
1585 2841 1810 2905 propter
1840 2830 2007 2901 justi-

2119 2827 2353 2891 συνέσει,
2391 2826 2483 2880 τὸν
2534 2827 2680 2881 κατὰ
2713 2829 2805 2883 τὸν
2835 2831 3073 2901 Χριστὸν
3122 2831 3468 2905 λογιζόμενον
3519 2838 3579 2889 ὲν
3627 2838 3707 2890 δι-

424 2933 558 2988 tiam
609 2932 968 2997 attribuitur,
1028 2945 1150 3001 quae
1199 2945 1295 3001 per
1331 2927 1453 2984 fidei
1504 2925 1902 2997 professionem
1954 2922 2010 2977 in

2119 2919 2404 2994 καιοσύνῃ,
2435 2922 2527 2976 τὸν
2563 2926 2621 2977 ὲν
2655 2924 2882 2997 Χριστῷ
2915 2926 3377 2998 πεπολιτευμένον
3411 2931 3479 3000 τῇ
3514 2930 3706 3000 ὁμαλο-

419 3025 646 3080 (ἱιιτὶειο
684 3023 859 3087 vivit,
904 3037 1028 3093 quae
1059 3021 1415 3078 honestorum
1454 3033 1682 3089 operum
1728 3015 2010 3072 [unctione

2119 3012 2235 3084 γίᾳ,
2275 3013 2368 3067 τὸν
2394 3014 2486 3068 διὰ
2514 3017 2751 3089 Χριστὸν
2778 3018 3088 3090 σωζόμενον
3113 3019 3171 3075 ὲν
3193 3022 3258 3091 τῇ
3286 3019 3701 3093 δικαιοπραγίᾳ.

421 3134 520 3187 per
569 3116 855 3174 Christum
916 3116 1151 3172 salutem
1212 3113 1544 3183 assequitur.
1597 3108 1724 3165 Haec
1774 3115 1860 3165 est
1918 3107 2008 3163 illa

2119 3101 2291 3170 Οὗτος
2323 3106 2436 3180 γάρ
2466 3110 2615 3165 ἐστιν
2649 3110 2677 3163 ὁ
2704 3111 2830 3176 νοῦς
2868 3110 3132 3184 Χριστοῦ,
3166 3114 3194 3166 6
3226 3114 3284 3167 ὲν
3308 3114 3441 3184 ἡμῖν
3465 3113 3705 3184 δυνάμε-

420 3209 629 3266 Christi
664 3224 843 3272 mens,
886 3222 1011 3277 quae
1043 3207 1124 3262 sic
1173 3206 1228 3260 in
1281 3204 1440 3259 nobis
1479 3202 1663 3258 inesse
1713 3206 1913 3271 potest,
1948 3204 2009 3252 ut

2119 3219 2204 3265 νος
2230 3198 2391 3270 εἶναι,
2437 3204 2530 3257 καὶ
2560 3206 2618 3257 ὲν
2653 3204 2804 3276 τόπῳ
2830 3205 3163 3277 περιεκτικῷ
3203 3206 3296 3260 τὸν
3336 3207 3574 3280 Χριστὸν
3627 3209 3704 3279 μὴ

419 3301 702 3356 Christum
733 3300 875 3356 certi
900 3298 1137 3369 alicujus
1156 3297 1258 3351 loci
1285 3296 1508 3366 regione
1530 3292 1755 3347 minime
1778 3292 2010 3346 circum-

2119 3296 2386 3366 κατέχειν.
2414 3297 2596 3369 Πάντη
2624 3297 2734 3370 γάρ
2768 3275 2916 3352 ἐστιν
2946 3299 2975 3351 6
3003 3275 3217 3372 Πατὴρ,
3248 3300 3341 3354 καὶ
3430 3300 3581 3365 Υἱὸς,

421 3393 650 3448 scribat.
673 3391 810 3448 Nam
838 3393 1046 3462 ubique
1077 3398 1207 3447 sunt
1237 3389 1418 3454 Pater,
1443 3395 1497 3443 et
1520 3385 1716 3451 Filius,
1747 3390 1807 3439 et
1829 3382 2008 3453 Spiri-

2119 3388 2275 3457 ἅγιον
2308 3388 2558 3460 Πνεῦμα,
2595 3391 2689 3443 καὶ
2730 3392 2787 3445 ἐν
2831 3391 2963 3461 ἡμῖν
3003 3392 3239 3463 ὑπάρχει
3288 3392 3703 3465 πνευματικῶς,

420 3498 513 3543 tus
536 3493 784 3549 sanctus.
812 3493 879 3541 et.
901 3485 1139 3556 spiritali
1172 3482 1411 3553 quodam
1452 3480 1617 3535 modo
1657 3480 1711 3533 in
1735 3478 1893 3534 nobis
1912 3492 2010 3532 ex-

2119 3479 2214 3533 ὲὰν
2239 3480 2406 3534 αὑτοῦ
2432 3481 2570 3546 ἄξιοι
2604 3482 2908 3554 γενώμεθαο
2951 3483 3011 3538 οὔ
3044 3502 3192 3549 τινος
3227 3485 3397 3540 τόπου
3426 3487 3705 3558 περικλει-

420 3581 652 3646 sistunt,
696 3580 741 3635 si
765 3580 874 3637 illis
898 3594 1021 3635 esse
1045 3578 1197 3649 digni
1227 3578 1478 3632 velimus.
1520 3574 1706 3645 Neque
1732 3588 1858 3629 vero
1888 3573 2009 3627 loco

2119 3588 2274 3635 οντος
2304 3572 2485 3636 αὑτὸν,
2511 3573 2605 3627 καὶ
2634 3574 2726 3628 τὸν
2751 3575 2917 3631 αὑτοῦ
2944 3576 3187 3648 Πατέρα,
3222 3578 3316 3631 καὶ
3342 3577 3405 3631 τὸ
3426 3578 3583 3648 ἅγιον
3607 3579 3707 3633 αὑ⁴

419 3671 535 3725 ullo
580 3670 664 3725 vel
710 3670 829 3739 ipse
879 3668 1251 3732 concluditur,
1315 3667 1399 3722 vel
1456 3664 1632 3736 ipsius
1682 3663 1864 3727 Pater,
1914 3669 2010 3717 aut

422 3761 667 3833 Spiritus
692 3772 943 3825 sanctus,
980 3760 1075 3816 sed
1111 3768 1331 3830 propter
1360 3756 1664 3813 divinitatis
1706 3757 1881 3828 ipsius
1912 3771 2010 3827 po-

421 3853 649 3909 tentiam
692 3853 747 3907 in
803 3851 1063 3908 omnibus
1112 3848 1373 3915 exsistit;
1424 3860 1604 3916 neque
1646 3852 1830 3900 tamen
1881 3856 2006 3898 cum

421 3945 532 4000 ulla
580 3944 887 4011 miscetur,
924 3943 1070 4013 quod
1117 3948 1173 3997 et
1214 3940 1362 3995 illius
1401 3937 1709 3995 substantia
1759 3950 2007 3990 commu-

419 4035 641 4091 nionem
666 4049 884 4090 omnem
929 4049 993 4089 ac
1051 4032 1519 4103 comparationem
1545 4038 1786 4100 superet,
1815 4035 1869 4085 et
1894 4028 2009 4083 sin-

424 4142 554 4184 cera
603 4127 677 4183 sit
723 4134 888 4197 atque
935 4125 1084 4181 οιιιιιί
1137 4125 1313 4195 major
1348 4123 1843 4194 comprehensione
1871 4121 2009 4177 divi-

420 4220 727 4275 nitas.Cum
746 4227 927 4275 autem
945 4217 1080 4273 dicit
1094 4218 1422 4288 Apostolus:
1440 4214 1555 4270 Nos
1572 4214 1772 4271 Christi
1787 4221 2009 4268 mentem

426 4311 715 4374 habemus,
765 4311 896 4381 quid
964 4309 1183 4365 tandem
1220 4306 1691 4364 existimabimus?
1726 4305 1867 4360 Num
1919 4304 2010 4359 ille

424 4403 735 4473 propriam,
768 4402 874 4457 hoc
918 4409 1002 4458 est
1050 4402 1343 4456 hmuanam
1394 4409 1630 4455 mentem
1674 4396 1899 4452 habuit?
1924 4397 2007 4450 An

421 4494 627 4549 Christi
676 4503 913 4550 mentem
974 4494 1029 4549 in
1084 4510 1208 4551 sese
1249 4493 1470 4556 ferens,
1512 4491 1715 4547 amissa
1764 4491 2005 4560 propria,

420 4585 542 4655 ejus
574 4585 723 4639 illam
762 4587 884 4641 loco
922 4586 1233 4643 obtinuisse
1267 4585 1546 4655 putandus
1581 4584 1705 4639 est?
1742 4580 1860 4637 Non
1893 4582 2004 4652 opi-

422 4690 565 4741 nor;
611 4688 713 4729 nec
738 4684 823 4731 est
860 4678 1184 4746 quisquam,
1215 4676 1312 4745 qui
1352 4676 1468 4729 haec
1509 4673 1731 4737 audiat,
1772 4671 1867 4742 qui
1898 4688 2009 4727 non

421 4768 757 4839 peculiarem
802 4769 880 4823 illi
932 4767 1107 4824 fuisse
1159 4775 1415 4847 mentem'
1451 4764 1770 4829 arbitretur,
1814 4771 2013 4835 praeter

420 4875 585 4930 quam
619 4858 825 4916 Christi
858 4874 1080 4930 quoque
1121 4868 1305 4915 mente
1343 4860 1668 4928 repleretur,
1704 4855 1797 4927 qui
1830 4871 1890 4911 se
1928 4872 2013 4911 rc-

421 4944 661 5023 ligionis,
698 4951 944 5008 scientiae
996 4966 1064 5007 ac
1091 4952 1291 5008 divina:
1359 4949 1647 5023 cujusdam
1687 4959 1741 5005 et
1771 4948 2013 5005 caelestis

420 5044 547 5100 vita:
576 5045 921 5102 ornamentis
960 5045 1218 5100 alliceret.
1254 5042 1603 5114 Quapropter
1629 5041 1696 5107 si,
1735 5056 1859 5096 cum
1887 5055 2013 5110 pro-

420 5138 597 5210 priam
643 5137 892 5202 haberet,
922 5138 1129 5194 Christi
1179 5137 1405 5206 insuper
1452 5135 1541 5189 ille
1573 5142 1815 5189 mentem
1857 5148 2010 5188 com-

422 5234 614 5302 plexus
657 5240 765 5296 est,
805 5246 1156 5303 consequens
1189 5241 1293 5294 est,
1329 5228 1611 5285 Christum
1657 5229 1836 5299 ipsum
1872 5225 2008 5283 Ver-

421 5325 551 5378 bum
576 5333 815 5378 mentem
842 5335 965 5380 esse
989 5365 1004 5388 ,
1037 5322 1083 5379 si
1112 5321 1333 5393 quidem
1374 5322 1448 5376 ita
1470 5322 1617 5392 loqui
1645 5322 1791 5375 licet.
1826 5319 2009 5386 Quan-

420 5417 717 5489 doquidem
764 5418 1047 5474 nonnullis
1093 5417 1271 5473 visum
1319 5424 1404 5473 est
1450 5423 1686 5471 mentem
1733 5414 2008 5484 appellare

427 5508 614 5565 Deum.
656 5508 769 5578 Ego
811 5526 943 5566 vero
977 5518 1214 5565 mentem
1244 5516 1488 5563 nostram
1536 5508 1858 5578 hypostasin
1887 5521 2011 5561 esse

426 5618 531 5656 non
551 5603 813 5667 arbitror,
828 5618 1006 5674 neque
1024 5620 1089 5659 ex
1116 5601 1373 5658 Ecclesiae
1392 5600 1517 5656 ﬁliis
1537 5601 1677 5655 alius
1695 5599 2008 5669 quisquam,

424 5689 523 5747 sed
582 5692 933 5749 elﬁcicntiam
984 5694 1304 5764 quamdam,
1355 5707 1479 5763 quae
1511 5692 1567 5745 in
1617 5690 1778 5745 nobis
1824 5705 1853 5742 a
1899 5687 2011 5743 Deo

2116 3662 2213 3717 τοῦ
2258 3662 2508 3734 Πνεῦμαο
2544 3668 2610 3737 τῇ
2654 3666 2712 3719 δὲ
2752 3666 2980 3739 δυνάμει
3018 3669 3121 3739 τῆς
3150 3668 3316 3723 αὑτοῦ
3356 3669 3609 3742 θεότητος
3643 3672 3706 3724 ὲν

2117 3753 2290 3808 ἅπασι
2324 3755 2611 3824 τυγχάνων
2653 3757 2792 3822 ἐστὶ,
2823 3758 2930 3829 ,καὶ
2959 3758 3168 3832 ἀμιγὴς
3196 3758 3417 3814 πάντων
3443 3761 3585 3825 ἐστὶ,
3611 3762 3707 3816 διὰ

2115 3844 2218 3915 τὴν
2234 3845 2399 3899 αὑτοῦ
2421 3847 2901 3920 ἀσυγκοινώνητόν
2924 3867 2983 3902 τε
3011 3852 3105 3904 καὶ
3130 3851 3463 3924 ἀσύγκριτον
3490 3852 3703 3923 οὐσίαν,

2123 3937 2217 3991 καὶ
2260 3938 2536 4011 ἀκραιφνῆ
2584 3939 2678 3995 καὶ
2721 3942 3103 4013 ἀκατάληπτον
3141 3943 3389 4015 θεότητα.
3455 3945 3625 3999 Ὅταν
3655 3946 3705 3999 δ’

2116 4032 2246 4106 εἴπῃ
2292 4035 2320 4087 6
2365 4032 2704 4097 Ἀπόστολος·
2749 4034 2939 4104 Ἡμεῖς
2979 4034 3050 4089 δὲ
3074 4034 3227 4089 γοῦν
3262 4034 3524 4104 Χριστοῦ
3562 4036 3703 4105 ἐχο-

2109 4141 2245 4195 μεν·
2276 4120 2387 4197 ἇρά
2420 4142 2484 4194 γε
2519 4125 2572 4180 τί
2618 4126 2979 4198 λογισόμεθα;
3017 4122 3146 4197 Εἶχε
3174 4127 3267 4181 τὸν
3308 4128 3441 4183 ἴδιον
3485 4127 3703 4199 ἀνθρώ-

2117 4212 2303 4281 πινον;
2337 4218 2409 4271 Ἦ
2437 4216 2532 4270 τοῦ
2568 4212 2804 4288 Χριστοῦ
2848 4217 3257 4289 ἐμφορούμενος
3288 4217 3433 4286 νοῦν,
3473 4218 3567 4272 τὸν
3602 4218 3709 4289 μὲν

2118 4307 2250 4361 ῐδιον
2301 4306 2661 4373 ἀπεδάλλετο,
2709 4308 2834 4363 νοῦν
2878 4308 2935 4363 δὲ
2980 4309 3220 4380 Χριστοῦ
3258 4305 3404 4381 εἶχεν
3436 4312 3561 4365 ἀντὶ
3604 4310 3705 4365 τοῦ

2120 4400 2287 4467 i8lou;
2319 4401 2394 4454 Ού
2421 4400 2657 4463 πάντως.
2695 4399 3156 4471 Συνομολογήσειε
3185 4399 3294 4472 γὰρ
3326 4401 3555 4465 ἕκαστος
3592 4401 3708 4455 τῶν

2121 4490 2449 4555 ἀκουόντων,
2487 4492 2570 4544 δτι
2610 4491 2702 4544 τὸν
2745 4491 2843 4562 μὲν
2880 4490 3009 4545 ἴδιον
3047 4486 3182 4563 εἶχε,
3224 4491 3318 4546 τοῦ
3360 4510 3420 4546 τε
3462 4494 3708 4565 Χριστοῦ

2120 4582 2451 4653 ἐνεφορεῖτο,
2486 4582 2579 4636 τοῦ
2614 4584 2989 4654 κοσμήσαντος
3016 4583 3179 4637 αὑτὸν
3210 4583 3350 4639 κατά
3384 4585 3484 4657 τὴν
3516 4585 3707 4640 θεοσὲ-

2125 4676 2280 4728 σειαν
2303 4674 2397 4727 καὶ
2420 4673 2643 4741 γνῶσιν,
2669 4677 2763 4729 καὶ
2791 4675 2926 4729 Θεοῦ
2963 4676 3242 4733 πολιτείαν
3271 4678 3613 4751 ἐπουράνιον.
3637 4680 3711 4732 Et

2122 4764 2322 4829 τοίνυν,
2350 4764 2439 4818 τὸν
2464 4765 2594 4820 ἴδιον
2619 4766 2758 4837 ἔχων
2787 4767 2932 4831 νοῦν,
2958 4768 3197 4840 Χριστοῦ
3228 4769 3534 4840 ἐνεφορεῖτο
3555 4768 3706 4837 νοῦν,

2116 4860 2225 4930 ἄρα
2264 4875 2329 4928 γε
2376 4859 2473 4912 καὶ
2514 4860 2752 4930 Χριστὸς
2791 4861 2954 4925 αὐτὸς
2991 4863 3019 4915 ὀ
3067 4862 3240 4931 Λόγος
3284 4862 3407 4925 νοῦς
3439 4858 3528 4933 ἦν·
3562 4862 3616 4915 εἴ
3633 4880 3705 4931 γε

2116 4954 2291 5019 οὕτως
2313 4953 2377 5025 δὴ
2398 4954 2597 5024 λέγειν’
2623 4955 2810 5027 ἐπειδή
2832 4971 2942 5009 τισι
2965 4955 3124 5010 τοῦτο
3150 4955 3318 5021 ἔδειξε
3334 4957 3354 4987 ³
3372 4955 3497 5009 νοῦν
3517 4957 3709 5011 καλεῖν

2121 5046 2276 5100 Θεόν.
2324 5044 2469 5115 Ἐγὼ
2496 5046 2555 5099 δὲ
2584 5045 2676 5100 τὸν
2704 5045 2830 5099 νοῦν
2858 5046 2948 5100 τὸν
2977 5046 3243 5119 ἡμέτερον
3275 5047 3372 5117 οὐχ
3402 5047 3709 5101 ὑπόστασιν

2116 5137 2379 5210 ἠγοῦμαι,
2433 5137 2555 5191 ούδέ
2607 5155 2691 5201 τις
2737 5136 2846 5192 τῶν
2889 5138 3021 5192 υἱῶν
3060 5140 3163 5209 τῆς
3199 5138 3548 5211 Ἐκκλησεας,
3585 5137 3706 5191 ἀλλ’

2114 5229 2397 5301 ἐνέργειαν
2424 5246 2545 5282 τινα
2572 5229 2637 5284 ὲκ
2653 5229 2787 5283 Θεοῦ
2813 5230 2870 5284 ὲν
2891 5232 3025 5301 ἡμῖν
3048 5230 3338 5301 δεδομένην
3391 5229 3486 5284 καὶ
3510 5225 3704 5282 οὖσαν.

2118 5321 2221 5373 Τὸν
2257 5321 2314 5375 δὲ
2344 5319 2578 5389 Χριστὸν
2612 5319 2911 5373 ὑπόστασιν
2943 5319 3108 5389 λέγει),
3144 5318 3219 5383 ὼς
3252 5320 3345 5373 καὶ
3372 5319 3575 5383 πάντες
3605 5336 3708 5371 πι-

2121 5414 2236 5465 στοὶ
2259 5412 2603 5483 ὁμολογοῦσι,
2636 5412 2732 5466 καὶ
2752 5412 2885 5467 Θεὸν
2917 5412 3185 5483 ὁμολογῶ,
3217 5413 3311 5465 καὶ
3341 5412 3472 5465 δντα
3496 5411 3710 5483 Κύριον

2116 5509 2180 5559 ἐκ
2202 5506 2415 5577 Πατρδς
2437 5508 2859 5577 γεγεννημένον,
2886 5506 3093 5560 τέλειον
3119 5507 3185 5558 ἐκ
3216 5502 3443 5568 τελείου,
3468 5503 3563 5558 καὶ
3585 5503 3713 5572 φῶς

2110 5598 2175 5650 ὲκ
2218 5598 2416 5666 φωτὸς,
2463 5599 2558 5651 καὶ
2591 5598 2724 5651 Θεὸν
2756 5600 2819 5651 ἐκ
2852 5598 3010 5651 Θεοῦ.
3058 5597 3195 5650 Ἀλλ’
3242 5597 3394 5666 ὅμως
3434 5596 3577 5649 κατὰ
3609 5595 3714 5650 τὸν

2110 5687 2293 5742 αὐτῶν
2321 5688 2501 5757 λόγον,
2543 5690 2572 5741 6
2622 5688 2699 5741 ὢν
2744 5691 2802 5742 ἐν
2846 5689 3027 5761 ἑαυτῷ
3073 5686 3218 5754 νοῦς,
3265 5686 3453 5760 ὥσπερ
3486 5688 3517 5741 6
3544 5686 3713 5757 ἅγιος

505 5850 519 5880 ⁸
561 5844 695 5902 Gen.
737 5863 885 5915 ms,
912 5850 965 5903 9.
1043 5852 1061 5881 ²
1089 5849 1231 5906 Psal.
1268 5865 1396 5915 xcu,
1438 5851 1484 5905 ι.
1564 5850 1583 5882 ³
1610 5848 1767 5905 Rom.
1795 5865 1867 5917 vr,
1893 5846 1947 5904 9.

2124 5849 2251 5905 Cor.
2284 5864 2344 5914 ιι,
2380 5846 2464 5905 16.
2541 5850 2562 5881 ⁵
2594 5847 2654 5903 F.
2684 5848 2849 5916 ἔδοξε.
