3994 6224
249 380 356 438 693

944 376 1316 434 ADVERSUS
1355 360 1699 436 llZEBESES
1736 380 1862 437 LIB.
1894 381 1982 438 ιιι.
2014 382 2176 439 TOM.
2220 379 2669 467 il.—ll£RES.
2706 378 2963 435 LXXVII.

3434 384 3538 441 695

263 493 589 558 ’Λπόστολος
611 492 851 549 διδάσκει
877 495 1005 567 περὶ
1024 494 1219 557 αὑτοῦ,
1251 495 1331 547 ὅτι
1366 495 1559 565 Ἡμεῖς
1586 495 1653 549 δὲ
1683 495 1835 551 νοῦν

1959 514 2207 555 :oncessa
2254 498 2511 554 resideat.
2564 497 2840 553 Christum
2880 510 3011 550 vero
3058 494 3377 567 hypostasin
3413 509 3539 552 esse

248 585 508 653 Χριστοῦ
540 585 780 655 ἔχομεν,
811 579 959 656 εἶχεν
993 586 1156 650 αὐτὸς
1183 587 1277 640 καὶ
1305 589 1353 640 οί
1380 586 1471 639 ὑπ’
1499 586 1666 640 αὑτοῦ
1699 604 1839 658 μαρ-

247 678 577 749 τυρούμενοῑ
604 678 693 733 τὸν
726 679 856 732 ίδιον
894 679 1108 734 ἑαυτῶν
1138 680 1281 735 νοῦν.
1326 680 1446 734 Καὶ
1462 680 1628 734 πάλιν
1655 681 1842 749 ἐνεφο-

254 770 451 842 ροῦντο
476 770 571 855 τοῦ
608 769 847 842 Χριστοῦ
878 770 998 835 νοῦ,
1039 770 1212 834 οὕτως
1249 771 1556 844 δυναμένης
1610 772 1711 844 τῆς
1743 773 1843 844 χά·

253 876 403 931 ριτος
426 858 591 913 αὑτοῦ
621 862 679 913 ὲν
710 861 925 925 ἑαυτοῖς
950 860 1309 917 τελειοῦσθαι.

1947 588 2095 652 dico,
2129 597 2187 644 ut
2209 598 2263 645 et
2293 588 2478 644 fideles
2507 603 2699 644 omnes
2728 588 3058 643 conﬁtentur
3091 603 3106 641 :
3136 594 3192 642 et
3218 585 3386 641 Deum
3414 601 3539 642 esse

1950 682 2230 751 proﬁteor,
2254 696 2319 736 ac
2354 679 2642 735 Dominum
2670 694 2701 734 a
2739 678 2901 734 Patre
2934 678 3198 749 genitum,
3236 678 3535 748 perfectum

1949 786 1980 827 e
2006 771 2273 842 perfecto,
2311 772 2494 827 lumen
2529 770 2597 826 de
2623 771 2849 836 lumine,
2881 769 3049 825 Deum
3071 770 3139 825 de
3162 768 3289 824 Deo.
3316 768 3541 823 Verum-

1952 870 2133 919 tamen
2168 879 2235 919 ex
2265 864 2455 920 eadem
2490 865 2702 919 ratione
2740 863 2831 917 ille
2861 863 2995 933 ipse,
3026 862 3121 932 qui
3148 862 3203 916 in
3231 877 3352 917 sese
3380 875 3540 919 mens

248 961 392 1016 erat,
438 959 496 1008 ut
516 953 584 1010 de
622 954 715 1008 illo
748 960 978 1009 sanctus
1010 954 1309 1024 Apostolus
1336 954 1534 1019 docet,
1575 972 1700 1011 cum
1734 956 1853 1012 ait:
1896 954 2012 1010 Nos
2070 966 2247 1011 autem
2294 955 2496 1011 Christi
2555 963 2779 1010 mentem
2824 953 3106 1018 habemus,
3151 954 3383 1009 habebat
3428 962 3536 1007 tam

255 1044 377 1116 ipse
409 1041 576 1115 quam
613 1044 673 1110 ii,
707 1044 776 1100 de
797 1045 1001 1115 quibus
1042 1046 1389 1111 testificatur,
1444 1048 1724 1118 propriam
1763 1048 1871 1104 sibi
1935 1056 2197 1105 mentem.
2260 1047 2477 1120 1029
2527 1047 2606 1103 Ac
2660 1062 2879 1103 rursum
2918 1045 3126 1101 Christi
3191 1062 3349 1102 mens
3409 1047 3537 1101 illos

252 1136 537 1215 implebat,
607 1151 731 1191 cum
758 1136 861 1191 hoc
894 1135 1059 1191 modo
1092 1136 1241 1193 illius
1272 1138 1327 1193 in
1363 1139 1500 1209 ipsis
1532 1140 1709 1209 gratia
1734 1141 1925 1212 perlici
1947 1147 2148 1212 posset.

324 1226 449 1284 AE'.
495 1230 636 1302 Ἀρα
666 1222 760 1281 οῦν
790 1228 942 1282 οὐδὲν
974 1228 1163 1283 διοίσει
1189 1229 1298 1284 ἀπὸ
1336 1230 1431 1285 τοῦ
1474 1231 1847 1305 κατάντικρυς

252 1319 605 1392 δμοιώματος
625 1318 688 1371 τὸ
715 1319 809 1373 καὶ
836 1319 929 1371 ἐπὶ
959 1319 1196 1391 Χριστοῦ
1222 1319 1384 1374 τοῦτο
1412 1320 1737 1392 λαμϐάνειν,
1762 1322 1846 1375 ὃτι

254 1410 493 1481 Χριστὸς
522 1410 597 1465 ὣν
640 1411 698 1463 tv
734 1410 913 1481 ἐαυτῷ
942 1410 1097 1475 Θεὸς,
1147 1413 1195 1464 εἰ
1236 1412 1332 1465 καὶ
1371 1414 1586 1484 μετεῖχε
1618 1412 1709 1467 νοῦ
1752 1414 1848 1467 ἀν-

255 1500 558 1572 θρωπίνου,
596 1499 673 1569 ὡς
707 1499 803 1553 καὶ
834 1499 1038 1571 σαρκὸς
1074 1500 1308 1571 μετέσχε
1334 1502 1429 1556 καὶ
1469 1502 1723 1574 αἵματος,
1751 1502 1847 1557 καὶ

253 1592 435 1664 ψυχὴν
458 1588 573 1663 εἶχε
599 1591 698 1663 τὴν
728 1591 1101 1663 ἀνθρωπείαν,
1128 1592 1190 1646 ού
1223 1591 1438 1658 πάντως
1466 1594 1576 1647 ἀπὸ
1600 1593 1694 1647 τοῦ
1727 1594 1846 1658 νοὸς

254 1684 703 1758 ᾐχμαλωτεύετοο
756 1686 818 1740 Εἰ
848 1684 957 1757 γὰρ
985 1688 1014 1740 ὁ
1049 1686 1188 1741 κατὰ
1219 1686 1382 1757 φύσιν
1420 1686 1550 1741 ἴδιον
1591 1686 1715 1741 νοῦν
1750 1704 1843 1741 κε-

256 1777 530 1849 κτημένος
574 1776 899 1841 Ἀπόστολος
943 1777 1035 1831 τὸν
1083 1777 1450 1850 ἀνθρώπινον,
1502 1780 1598 1833 καὶ
1642 1778 1734 1833 τδν
1781 1780 1847 1832 ἐκ

259 1869 613 1941 συμμετοχῆς
660 1869 889 1942 δωρεᾶς,
939 1869 1034 1923 καὶ
1079 1870 1442 1943 χαρίσματος,
1493 1873 1588 1926 καὶ
1625 1872 1848 1943 χάριτος

255 1963 445 2017 οὐκέτι
469 1963 611 2017 κατά
634 1963 724 2017 τὸν
744 1962 869 2017 νοῦν
889 1963 980 2017 τὸν
999 1964 1129 2017 ῐδιον
1154 1964 1516 2032 ἐπολιτεύετο,
1544 1965 1657 2018 ἀλλ’
1686 1967 1850 2037 ὑπερ-

258 2054 521 2129 ϐαινούσῃ
546 2057 655 2109 τινὶ
683 2054 900 2125 φύσεως
930 2057 1122 2126 ἀγωγῇ
1154 2055 1232 2127 τῷ
1253 2056 1491 2129 Χριστοῦ
1522 2057 1599 2129 νῷ
1628 2076 1849 2113 κατεκο-

260 2150 470 2217 σμεῖτο·
506 2147 657 2217 πόσῳ
687 2164 750 2216 γε
786 2146 986 2218 μᾶλλον
1009 2147 1038 2199 δ
1067 2146 1201 2209 Θεὸς
1222 2148 1396 2217 Λόγος
1425 2149 1483 2201 tv
1513 2147 1691 2219 ἑαυτῷ
1709 2148 1849 2219 ἔχων

258 2239 359 2310 τὴν
386 2241 567 2293 πᾶσαν
596 2238 911 2310 τελειότητα
945 2238 1286 2302 αύτοτέλειος
1325 2237 1424 2304 ὢν,
1468 2239 1726 2304 αὐτόθεος
1749 2241 1846 2307 ὢν,

258 2330 642 2402 αύτοδύναμις,
687 2328 967 2393 αύτονοῦς,
1009 2329 1285 2399 αὑτόφως,
1330 2330 1427 2383 καὶ
1467 2330 1561 2384 τοῦ
1597 2330 1712 2397 νοῦ,
1754 2333 1850 2386 καὶ

259 2421 462 2486 παντὸς
510 2420 762 2491 σώματος
798 2420 1091 2493 πληρωτὴς
1136 2420 1371 2490 ἐγένετο,
1417 2421 1617 2493 μᾶλλον
1662 2423 1717 2476 δὲ
1757 2440 1850 2476 τε-

258 2512 512 2584 λειωτὴς,
546 2513 641 2566 καὶ
669 2514 727 2566 tv
757 2512 928 2566 ἅπασι
970 2511 1060 2565 διά
1099 2511 1200 2582 τῆς
1243 2512 1406 2565 αὐτοῦ
1441 2514 1710 2585 ὲνσάρκου
1746 2532 1852 2568 πα-

261 2605 486 2679 ρουσίας
511 2606 645 2677 ἡμῖν
672 2604 734 2657 τὸ
756 2606 1026 2676 σωτήριον
1056 2604 1440 2675 ὲξειργάσατο;
1474 2607 1851 2675 Παρενεκτέον

258 2697 439 2752 τοίνυν
476 2696 567 2749 τὸν
598 2694 842 2750 τοιοῦτον
872 2695 1051 2765 λόγον,
1099 2695 1174 2767 μὴ
1221 2695 1413 2767 ἔχοντα
1447 2696 1684 2769 ἔμφασιν
1724 2700 1853 2771 περὶ

258 2788 361 2859 τῆς
388 2786 647 2859 τοιαύτης
675 2787 1008 2853 ὑποθέσεως,
1035 2790 1130 2841 καὶ
1156 2789 1520 2860 παρενεκτέον
1549 2790 1609 2843 τὸ
1634 2790 1710 2862 μὴ
1732 2793 1855 2861 ὁμο⁶

257 2881 440 2950 λογείν
468 2881 648 2935 πάντα
668 2880 853 2933 τέλεια
886 2881 944 2933 ὲν
977 2880 1200 2951 Χριστῷ
1229 2882 1356 2935 ἄνευ
1389 2882 1682 2955 ἁμαρτίας.
1712 2883 1855 2936 Πάν-

258 2991 330 3027 τα
361 2973 471 3045 γάρ
494 2971 767 3044 ἀληθινῶς
798 2973 1057 3045 ἐποίησεν
1088 2972 1257 3027 ἐλθὼν
1287 2976 1315 3027 ὁ
1345 2974 1541 3043 Λόγος,
1574 2974 1640 3028 τὰ
1664 2993 1856 3047 προγε-

260 3063 563 3135 γραμμένα
588 3063 717 3136 περὶ
736 3063 902 3119 αὑτοῦ
927 3063 1170 3129 τελειῶν,
1204 3065 1347 3119 κατὰ
1367 3066 1429 3119 τὸ
1448 3067 1851 3139 γεγραμμένον

2018 1229 2239 1286 XXXV.
2282 1230 2427 1286 Nihil
2473 1231 2639 1303 igitur
2699 1244 2729 1285 a
2783 1230 3063 1301 proposita
3115 1230 3539 1287 similitudinum

1947 1324 2229 1387 abhorret,
2262 1323 2404 1379 idem
2440 1330 2500 1377 ut
2533 1324 2599 1379 ad
2635 1322 2916 1379 Christum
2949 1322 3351 1379 transferamus
3382 1339 3541 1378 eum-

1947 1428 2055 1485 que
2077 1420 2406 1477 statuamus,
2456 1426 2582 1467 cum
2634 1410 2689 1466 in
2747 1425 2868 1467 sese
2907 1408 3050 1465 Dens
3086 1419 3268 1477 esset,
3318 1410 3541 1465 tametsi

1950 1504 2152 1560 mentis
2212 1510 2361 1559 esset
2414 1502 2669 1557 humanae
2721 1501 3024 1573 particeps,
3074 1501 3543 1572 quemadmodum

1948 1597 2131 1655 carnis
2185 1612 2247 1651 ac
2304 1596 2591 1668 sanguinis
2650 1595 2775 1657 fuit,
2824 1603 2879 1651 et
2955 1595 3249 1649 humanam
3310 1594 3532 1649 habere:

1952 1688 2217 1753 animam,
2255 1689 2409 1744 nullo
2446 1696 2628 1744 tamen
2656 1687 2821 1743 modo
2861 1688 2930 1743 ab
2959 1703 3021 1743 ea
3052 1700 3233 1742 mente
3264 1686 3319 1741 in
3360 1687 3539 1756 capti-

1880 1808 1921 1866 Β
1953 1781 2199 1847 vitalem,
2260 1788 2324 1836 ut
2372 1780 2448 1835 ita
2503 1781 2706 1843 dicam,
2750 1794 2816 1835 ac
2869 1779 3190 1836 servitutem
3231 1780 3537 1834 redactum.

1951 1870 2089 1927 Nam
2138 1872 2183 1927 si
2218 1870 2515 1943 Apostolus
2541 1909 2557 1937 ,
2608 1870 2698 1926 cui
2735 1871 2957 1942 propria
3011 1870 3260 1940 quaedam
3311 1885 3466 1925 mens
3508 1884 3539 1924 a

1950 1970 2151 2019 natura
2208 1970 2329 2019 erat
2371 1962 2562 2029 insita,
2604 1961 2843 2017 humana
2903 1961 3157 2016 videlicet
3212 1976 3275 2015 ac
3345 1970 3542 2030 praeter

1948 2056 2124 2127 ipsam
2165 2056 2293 2120 alia,
2324 2070 2489 2126 quam
2521 2070 2590 2110 ex
2617 2055 2862 2110 cmlestis
2895 2052 3023 2109 doni
3058 2068 3122 2108 ac
3149 2053 3339 2124 gratia:
3372 2053 3541 2107 bene-

1952 2148 2174 2219 ficiique
2202 2147 2630 2219 participatione
2657 2154 2934 2212 traxerat;
2972 2160 3079 2200 non
3105 2145 3217 2214 jam
3249 2144 3314 2198 ad
3331 2130 3542 2213 jnemis

1950 2255 2063 2295 sua:
2109 2238 2490 2310 praescriptum
2516 2238 2692 2292 vitam
2722 2236 2996 2306 dirigebat
3019 2251 3201 2303 suam,
3236 2235 3332 2291 sed
3360 2236 3543 2289 excel-

1952 2334 2084 2389 lenti
2129 2331 2367 2402 quodam
2422 2337 2635 2385 natura:
2680 2329 2936 2385 instituto
2985 2328 3288 2398 ductuque,
3334 2326 3543 2381 Christi

1951 2432 2133 2480 mente
2165 2421 2460 2494 insignitus
2491 2429 2546 2477 et
2579 2433 2807 2477 ornatus
2834 2427 2975 2486 erat,
2998 2429 3206 2491 quanto
3239 2418 3414 2488 magis
3443 2416 3538 2472 Dei

1952 2515 2218 2581 Verbum,
2256 2514 2404 2585 quod
2437 2515 2491 2569 in
2525 2529 2648 2569 sese
2677 2512 3071 2584 perfectionem
3114 2526 3333 2567 omnem
3360 2510 3541 2565 conti—

1952 2615 2067 2672 net,
2100 2608 2210 2663 imo
2262 2607 2380 2678 ipsa
2427 2604 2693 2677 perfectio
2741 2613 2846 2669 est,
2898 2604 3013 2675 ipse
3064 2619 3161 2674 per
3208 2619 3333 2658 sese
3374 2601 3541 2666 Deus,

1952 2702 2128 2758 virtus
2174 2701 2293 2772 ipsa
2316 2742 2332 2767 ,
2362 2715 2519 2755 mens
2566 2699 2683 2769 ipsa
2704 2737 2720 2764 ,
2752 2698 2938 2753 lumen
2974 2697 3179 2768 ipsum,
3208 2703 3445 2751 mentem
3481 2710 3545 2749 ac

1962 2800 2135 2847 totum
2166 2808 2370 2863 corpus
2399 2791 2714 2863 complevit,
2748 2791 2831 2847 vel
2859 2789 3088 2861 perfecit
3129 2788 3333 2860 potius,
3361 2793 3416 2844 et
3444 2802 3546 2843 sua

1955 2885 2117 2941 nobis
2157 2886 2541 2941 incarnatione
2575 2884 2909 2941 cumulatam
2954 2882 3105 2938 omni
3147 2896 3215 2936 ex
3262 2887 3419 2953 parte
3455 2893 3547 2934 sa-

1956 2975 2123 3031 lutem
2161 2976 2394 3031 attulit?
2431 2975 2529 3031 Est
2562 2974 2728 3046 igitur
2761 2973 2978 3027 illorum
3016 2971 3121 3027 iste
3158 2985 3338 3028 sermo
3379 2984 3545 3038 repu-

1957 3065 2215 3129 diandus,
2250 3064 2345 3136 qui
2370 3065 2579 3119 nullam
2612 3062 2890 3133 dogmatis
2915 3060 3063 3115 illius
3090 3058 3546 3130 significationem

275 3154 423 3209 Ἰδοὺ
453 3154 491 3223 ή
520 3156 817 3223 παρθένος
842 3155 912 3209 ἐν
942 3156 1151 3226 γαστρὶ
1185 3156 1330 3222 ἕξει,
1367 3158 1462 3213 καὶ
1491 3159 1560 3213 τὰ
1606 3158 1756 3231 ἑξῆς
1790 3161 1847 3215 tv

1961 3159 2124 3213 habet
2145 3199 2159 3223 ,
2194 3157 2615 3227 cavendumque
2646 3170 2713 3211 ne
2742 3169 2854 3209 non
2879 3153 3063 3208 omnla
3095 3152 3148 3207 in
3176 3151 3397 3208 Christo
3427 3166 3547 3223 per-

262 3245 493 3318 ἀληθείᾳ
525 3245 944 3318 ἐγκυμονηθεὶς,
983 3249 1077 3302 καὶ
1105 3249 1205 3302 ούκ
1240 3249 1298 3302 ὲν
1326 3250 1567 3322 δοκήσει,
1606 3252 1848 3325 συλλαμ-

265 3340 564 3411 ϐανόμενος
594 3342 652 3394 ὲν
683 3341 881 3413 γαστρὶ
916 3343 974 3395 ὲν
1008 3342 1269 3415 ἀληθείᾳ,
1303 3344 1557 3416 ἐνδημῶν
1589 3347 1753 3418 σαρκὶ
1787 3349 1847 3401 ὲν

266 3433 515 3505 ἀληθείᾳ,
545 3434 723 3507 σάρκα
758 3433 896 3505 ἔχων
927 3434 1022 3489 καὶ
1041 3434 1219 3507 ψυχὴν
1250 3439 1307 3489 ἐν
1336 3438 1584 3510 ἀληθείᾳ,
1612 3439 1849 3495 καὶνοῦν

265 3527 325 3579 ἐν
350 3525 599 3597 ἀληθείᾳ,
636 3526 732 3580 καὶ
760 3527 937 3581 πάντα
973 3527 1028 3580 εἴ
1056 3528 1108 3581 τί
1136 3530 1283 3583 ἐστιν
1312 3529 1601 3603 ἄνθρωπος
1632 3534 1690 3587 ὲν
1714 3532 1849 3605 ἀλη-

268 3617 413 3690 θείᾳ,
438 3618 606 3689 χωρὶς
630 3618 924 3691 ἁμαρτίας·
956 3621 1050 3673 καὶ
1076 3622 1474 3694 γεγεννημένος
1499 3624 1565 3678 ὲκ
1592 3625 1853 3697 παρθενι-

267 3710 375 3779 κῆς
406 3710 643 3781 μήτρας,
680 3710 774 3763 καὶ
809 3710 968 3779 ἁγίας
998 3711 1276 3783 Παρθένου
1301 3715 1358 3767 tv
1384 3714 1635 3786 ἀληθείᾳ,
1668 3717 1769 3770 οὐκ
1788 3718 1852 3771 ἐκ

268 3799 585 3871 σπέρματος
625 3800 839 3872 ἀνδρὸς,
880 3803 938 3856 tv
974 3801 1203 3875 ἀληθείᾳ
1243 3803 1301 3857 δὲ
1343 3804 1522 3877 σάρκα
1561 3806 1722 3877 ἔχων,
1761 3807 1854 3861 καὶ

265 3892 467 3965 ψυχὴν,
497 3893 595 3947 καὶ
632 3893 779 3960 νοῦν,
814 3895 890 3959 ὡς
932 3894 1094 3967 ἔφην,
1145 3898 1241 3953 καὶ⁵
1278 3897 1366 3952 διὰ
1410 3898 1520 3952 τῶν
1554 3900 1855 3954 τοκετικῶν

265 3985 455 4055 πόρων
486 3986 544 4039 tv
576 3984 803 4057 ἀληθείᾳ
846 3987 1235 4060 εὑρισκόμενος
1257 3989 1300 4055 ί,
1354 3989 1449 4044 καὶ
1494 3990 1552 4045 ὲν
1592 3990 1769 4064 φάτνῃ
1796 3992 1854 4045 tv

266 4073 503 4146 ἀληθείᾳ
527 4075 1035 4149 σπαργανούμενος,
1060 4078 1164 4133 ὑπὸ
1184 4079 1401 4151 Μαρίας
1430 4080 1852 4153 βασταζόμενος,

272 4165 372 4219 καὶ
399 4167 460 4219 tv
484 4165 743 4239 Αἰγύπτῳ
770 4170 1193 4240 κατερχόμενος,
1218 4172 1311 4225 καὶ
1334 4172 1429 4225 ἀπ’
1457 4171 1735 4241 Αἰγύπτου
1765 4190 1859 4245 με-

274 4259 667 4330 ταφερόμενος,
695 4262 790 4314 καὶ
829 4263 909 4326 είς
941 4262 1195 4335 Ναζαρὲτ
1229 4265 1729 4335 ἀναστρεφόμενος,
1759 4267 1857 4321 καὶ

269 4352 331 4405 tv
367 4351 608 4427 Ἰορδάνῃ
633 4356 1098 4427 παραγενόμενος,
1128 4357 1222 4410 καὶ
1245 4357 1350 4410 ὑπὸ
1386 4358 1633 4412 Ἰωάννου
1664 4358 1858 4429 βαπτι-

271 4442 522 4513 ζόμενος,
564 4444 661 4496 καὶ
694 4443 800 4497 ὑπὸ
828 4445 1075 4499 διαϐόλου
1104 4447 1519 4520 πειραζόμενος,
1556 4449 1650 4503 καὶ
1683 4449 1858 4521 μαθητ-

269 4534 373 4597 τάς
395 4534 753 4606 ἐκλεγόμενος
778 4538 837 4590 ὲν
874 4537 1127 4609 ἀληθείᾳ,
1176 4540 1269 4592 καὶ
1304 4538 1582 4610 βασιλείαν
1612 4541 1857 4612 οὐρανῶν

272 4621 541 4696 κηρύξας
562 4624 638 4688 ὡς
658 4625 731 4678 τὰ
754 4624 934 4681 πάντα
960 4628 1017 4681 ὲν
1044 4628 1275 4700 ἀληθείᾳ
1301 4629 1638 4701 εὑρίσκεται·
1666 4631 1772 4685 ύπό
1796 4649 1858 4685 τε

284 4715 462 4771 Ἰούδα
486 4717 935 4790 παραδιδόμενος,
967 4720 1061 4773 καὶ
1090 4720 1197 4774 ὑπὸ
1239 4720 1511 4776 Ἰουδαίων
1545 4723 1860 4795 συλλαμϐα-

271 4808 522 4877 νόμενος,
553 4810 765 4882 Ποντίῳ
790 4811 1007 4883 Πιλάτῳ
1032 4814 1501 4885 προσφερόμενος,
1530 4817 1626 4870 καὶ¹
1647 4817 1740 4871 ὑπ’
1763 4818 1862 4872 αύ-

272 4897 371 4953 τοῦ
400 4898 615 4971 θανάτῳ
644 4903 1129 4974 κατακρινόμενος,
1160 4903 1379 4977 σταυρῷ
1410 4907 1861 4979 παραδιδόμενος,

273 4990 456 5059 Διψῶ,
482 4991 679 5062 λέγων,
708 4994 829 5049 δότε
866 5012 956 5066 μοι
988 4999 1157 5062 πιεῖν,
1191 4998 1250 5051 ὲν
1276 4997 1509 5071 ἀληθείᾳ
1538 4998 1861 5072 λαμϐάνων,

271 5082 396 5147 ὅξος
427 5083 567 5155 μετά
595 5085 759 5157 χολῆς
791 5087 1106 5159 γευόμενος,
1136 5088 1232 5143 καὶ
1269 5090 1468 5161 μηκέτι
1496 5093 1658 5147 ποτὸν
1691 5111 1865 5167 προσ-

277 5174 511 5244 ιέμενος,
583 5176 806 5249 σταυρῷ
839 5178 1353 5251 προσπηγνύμενος,
1385 5182 1443 5235 tv
1476 5180 1707 5256 ἀληθείᾳ
1733 5185 1865 5257 κρά-

274 5266 406 5331 ζων,
457 5267 600 5335 Ἠλὶ,
654 5270 801 5336 Ἠλὶ,
829 5270 994 5341 λημᾶ
1024 5270 1379 5341 σαϐαχθανί,
1402 5275 1462 5328 tv
1490 5274 1715 5348 ἀληθείᾳ
1743 5278 1867 5333 κλί-

272 5377 398 5414 νων
421 5360 538 5431 τὴν
558 5363 860 5432 κεφαλὴν,
891 5363 991 5418 καὶ
1014 5364 1307 5433 ἐκπνέων,
1330 5366 1390 5421 tv
1412 5366 1642 5439 ἀληθείᾳ
1672 5367 1733 5422 τὸ
1758 5368 1867 5423 σῶο

279 5471 359 5524 μα
398 5455 831 5528 καθαιρούμενος
847 5459 891 5521 ¹,
922 5455 1018 5510 καὶ
1062 5455 1472 5529 λαμϐανόμενον
1512 5459 1572 5513 ὲν
1610 5458 1860 5533 ἀληθείᾳ,

274 5548 369 5599 καὶ
401 5546 749 5618 ἑλισσόμενον
780 5549 885 5603 ὑπὸ
911 5548 1005 5603 τοῦ
1041 5549 1266 5622 Ἰωσὴφ,
1287 5550 1380 5604 καλ⁸
1409 5552 1469 5605 ὲν
1498 5552 1741 5623 μνήματι
1778 5569 1862 5606 τι-

278 5635 506 5710 θέμενον
535 5642 595 5695 tv
619 5641 867 5714 ἀληθείᾳ,
894 5642 1029 5714 λίθῳ
1058 5642 1478 5715 ἠσφαλισμένον·
1521 5646 1859 5718 κατερχόμε-

274 5746 366 5795 νος
391 5735 450 5785 ὲν
467 5730 684 5804 θεότητι
716 5734 814 5788 σὺν
840 5734 987 5806 ψυχῇ
1031 5736 1111 5798 εἰς
1127 5735 1277 5807 ᾅδου,
1309 5738 1404 5791 καὶ
1430 5736 1572 5793 λύων
1604 5738 1843 5809 πεπεδη-

350 5827 369 5861 ¹
404 5826 469 5886 ι’.
508 5828 845 5903 τικτόμενος.
920 5832 941 5863 ⁸
972 5829 1036 5888 F.
1072 5830 1517 5908 καθαιρούμενον.
1589 5835 1610 5870 ³
1632 5834 1738 5893 lsa.
1771 5850 1846 5893 vn

1959 5869 1981 5892 η.
2048 5835 2070 5869 κ
2096 5832 2256 5893 Joan.
2284 5848 2398 5899 nx,
2428 5830 2521 5890 28.

1959 3250 2123 3314 fecta,
2163 3254 2361 3319 praeter
2400 3256 2725 3319 peccatum,
2760 3258 3097 3301 asseramus.
3139 3241 3421 3313 Siquidem
3464 3241 3547 3297 di-

1956 3342 2142 3397 vinum
2179 3339 2311 3396 illud
2378 3338 2616 3395 Verbum
2670 3335 2855 3393 omnia
2919 3336 3101 3406 reipsa
3157 3334 3447 3405 praestitit,
3490 3341 3547 3389 et

1956 3450 2077 3505 qua:
2105 3434 2172 3489 de
2213 3448 2272 3490 se
2314 3432 2434 3502 ipso
2468 3430 2563 3486 diu
2596 3437 2722 3486 ante
2760 3428 2964 3498 scripta
3016 3426 3232 3482 fuerant
3258 3424 3501 3497 implevit
3531 3463 3547 3488 ,

1958 3529 2035 3583 uti
2069 3542 2288 3583 sacrum
2314 3525 2449 3581 illud
2474 3524 2797 3581 vaticinium
2833 3522 3210 3577 demonstrat:
3246 3518 3379 3571 Ecce
3408 3517 3549 3587 virgo

1955 3621 2210 3689 concipiet
2237 3619 2279 3685 ³,
2313 3626 2419 3674 etc.
2448 3617 2587 3672 Tum
2614 3631 2743 3672 vero
2774 3616 2978 3686 reipsa,
3010 3628 3121 3666 non
3154 3610 3339 3681 specie
3386 3617 3550 3663 tenus

1960 3720 2208 3783 gestatus
2247 3712 2301 3765 in
2344 3720 2532 3775 utero,
2564 3709 2621 3764 in
2669 3724 2780 3779 quo
2811 3716 2864 3764 et
2916 3722 3108 3763 revera
3144 3704 3363 3776 genitus
3392 3712 3547 3766 erat,

1960 3803 2262 3861 secundum
2292 3817 2413 3874 quae
2442 3816 2571 3858 vere
2609 3800 2756 3856 inter
2790 3799 3042 3855 homines
3070 3812 3193 3853 cum
3230 3810 3398 3850 carne
3429 3810 3552 3849 ver-

1960 3905 2116 3953 satus
2147 3904 2231 3953 est
2264 3910 2543 3961 :carnem,
2573 3894 2813 3949 animam
2862 3907 2927 3947 ac
2990 3898 3263 3954 mentem,
3296 3896 3351 3943 ct
3388 3886 3552 3956 quid-

1962 3990 2092 4061 quid
2138 3981 2290 4044 aliiid
2341 3988 2505 4043 homo
2556 3993 2682 4051 est,
2736 3990 2934 4057 praeter
2969 3989 3273 4054 peccatum,
3323 3979 3378 4032 in
3429 3991 3552 4032 sese

1962 4080 2305 4152 complexus.
2339 4078 2487 4134 Idem
2513 4092 2581 4133 ex
2617 4074 2864 4146 Virginis
2896 4080 3074 4136 utero,
3104 4086 3135 4127 e
3173 4074 3547 4129 sacrosancta,

1964 4172 2215 4242 inquam,
2245 4170 2493 4241 Virgine,
2525 4184 2634 4223 non
2660 4181 2728 4223 ex
2749 4166 2895 4221 virili
2924 4172 3068 4229 satu,
3094 4176 3282 4218 revera
3310 4159 3547 4229 genitus.

1963 4263 2089 4332 Qui,
2133 4271 2192 4319 ut
2220 4264 2355 4327 dixi,
2406 4276 2594 4324 carne,
2625 4259 2806 4313 anima
2860 4266 2915 4313 et
2982 4264 3163 4311 mente
3200 4254 3381 4325 reipsa
3418 4267 3523 4309 con

1963 4363 2139 4419 stans,
2192 4369 2287 4425 per
2332 4351 2618 4407 naturales
2648 4347 3071 4421 parturientium
3122 4351 3333 4400 meatus
3363 4358 3551 4399 revera

1966 4446 2190 4519 prodiit,
2239 4452 2293 4500 et
2327 4445 2383 4497 in
2442 4441 2672 4511 praesepi
2720 4438 2909 4494 fasciis
2956 4436 3269 4504 obvolutus,
3305 4451 3335 4489 a
3382 4434 3551 4489 Maria

1962 4545 2230 4608 gestatus,
2265 4540 2392 4606 post
2424 4532 2542 4588 haec
2596 4533 2653 4587 in
2684 4528 2981 4601 Egyptum
3029 4525 3369 4582 descendens
3410 4524 3554 4580 indi-

1964 4630 2088 4686 dem
2122 4632 2435 4699 reportatus
2469 4630 2589 4690 est;
2623 4621 2821 4677 deinde
2847 4617 3101 4673 Nazareti
3129 4615 3354 4687 degens,
3388 4622 3553 4687 atque

1966 4721 2097 4777 hinc
2136 4720 2205 4775 ad
2238 4717 2534 4775 Iordanem
2568 4713 2840 4770 accedens
2862 4751 2877 4777 ,
2911 4726 2941 4765 a
2974 4708 3185 4765 Joanne
3221 4709 3550 4779 baptizatus,

1964 4824 2022 4872 et
2054 4821 2301 4871 tentatus
2336 4828 2366 4868 a
2399 4809 2644 4876 diabolo,
2675 4821 2806 4863 vere
2835 4805 2945 4861 sibi
2997 4803 3299 4875 discipulos
3332 4801 3550 4867 ascivit,

1966 4924 2030 4965 ac
2058 4909 2323 4965 caelorum
2361 4920 2592 4978 regnum
2623 4902 2952 4960 denuntiare
2980 4899 3169 4971 cmpit,
3198 4897 3553 4970 quemadmo-

1966 5001 2097 5057 dum
2125 5009 2181 5057 et
2205 5000 2311 5055 alia
2346 4998 2530 5055 omnia
2552 4996 2757 5067 reipsa,
2786 5008 2895 5049 non
2926 4993 3048 5049 ficte
3100 4991 3365 5060 suscepit.
3391 4988 3553 5043 Velut

1965 5112 2092 5153 cum
2136 5102 2191 5151 et
2225 5108 2256 5149 a
2292 5092 2432 5149 Juda
2464 5091 2731 5162 proditus,
2781 5087 2995 5158 1030
3030 5096 3133 5142 eta
3157 5083 3362 5140 Iudaeis
3400 5096 3551 5136 com—

1966 5186 2309 5258 prehensus,
2351 5184 2569 5239 oblatus
2605 5178 2802 5236 Pontio
2831 5178 3042 5242 Pilato,
3084 5185 3137 5231 et
3170 5176 3240 5230 ab
3272 5189 3340 5231 eo
3376 5182 3551 5227 morte

1971 5279 2289 5338 damnatus.
2347 5282 2513 5345 atque
2560 5274 2614 5327 in
2656 5285 2824 5328 cruce
2875 5267 3101 5326 sutiixus
3150 5274 3255 5323 est.
3318 5263 3552 5319 Perinde

1969 5370 2112 5426 bona
2144 5378 2197 5427 et
2234 5369 2368 5425 illud
2399 5368 2502 5423 title
2529 5366 2669 5423 dixit
2711 5382 2725 5419 :
2767 5362 2906 5419 Sitio
2937 5362 2982 5427 ⁸,
3017 5359 3149 5414 date
3178 5358 3312 5413 mihi
3342 5357 3548 5419 bibere,

1968 5472 2023 5518 et
2071 5461 2216 5534 quod
2269 5462 2513 5518 oblatum
2544 5466 2663 5517 erat
2694 5465 2910 5514 acetum
2939 5469 3064 5511 cum
3108 5452 3232 5509 felle
3265 5454 3443 5525 cepit,
3485 5466 3551 5507 ac

1968 5555 2296 5627 degustavit,
2321 5569 2501 5626 neque
2527 5553 2824 5623 quidquam
2856 5557 3019 5621 potus
3043 5548 3278 5617 amplius
3304 5546 3547 5600 admisit.

1971 5643 2078 5700 Sed
2101 5652 2155 5700 et
2188 5643 2381 5699 aﬂixus
2410 5642 2561 5697 cruci
2593 5654 2781 5696 revera
2811 5638 2892 5694 sic
2917 5637 3243 5692 exclamavit
3270 5655 3284 5691 :
3314 5633 3404 5689 Eli
3437 5632 3548 5699 Eli,
3597 5649 3625 5719 γ

1957 5738 2157 5792 lamma
2179 5735 2536 5794 subactliani’.
2554 5729 2704 5795 Inde,
2727 5735 2883 5797 caput
2908 5728 3171 5783 inclinans
3197 5727 3542 5797 exspiravit“.
3607 5740 3614 5751 ‘

2595 5829 2827 5888 'Mattb.
2865 5842 3037 5896 xxv",
3077 5825 3168 5883 46.
3242 5824 3417 5882 'ibid.
3454 5824 3546 5883 50.
