  <div class='ocr_page' id='page_1' title='image "/cluster/home/n/w/nwhite01/storage/ocr_20150623/42/mdp.39015052824052/377.png"; bbox 0 0 3994 6224; ppageno 0'>
   <div class='ocr_carea' id='block_1_1' title="bbox 446 361 552 419">
    <p class='ocr_par' dir='ltr' id='par_1_1' title="bbox 446 361 552 419">
     <span class='ocr_line' id='line_1_1' title="bbox 446 361 552 419; baseline 0.009 -1"><span class='ocrx_word' id='word_1_1' title='bbox 446 361 552 419; x_wconf 77' lang='lat'><strong>695</strong></span> 
     </span>
    </p>
   </div>
   <div class='ocr_carea' id='block_1_2' title="bbox 1793 355 2292 430">
    <p class='ocr_par' dir='ltr' id='par_1_2' title="bbox 1793 355 2292 430">
     <span class='ocr_line' id='line_1_2' title="bbox 1793 355 2292 430; baseline -0.002 -1"><span class='ocrx_word' id='word_1_2' title='bbox 1793 355 1796 358; x_wconf 79' lang='grc'><strong>’</strong></span> <span class='ocrx_word' id='word_1_3' title='bbox 1854 370 1910 429; x_wconf 86' lang='lat' dir='ltr'><strong>s.</strong></span> <span class='ocrx_word' id='word_1_4' title='bbox 1954 372 2292 430; x_wconf 83' lang='lat' dir='ltr'><strong>EPIPHANII</strong></span> 
     </span>
    </p>
   </div>
   <div class='ocr_carea' id='block_1_3' title="bbox 3601 382 3708 442">
    <p class='ocr_par' dir='ltr' id='par_1_3' title="bbox 3601 382 3708 442">
     <span class='ocr_line' id='line_1_3' title="bbox 3601 382 3708 442; baseline 0.028 -3"><span class='ocrx_word' id='word_1_5' title='bbox 3601 382 3708 442; x_wconf 74' lang='lat'><strong>698</strong></span> 
     </span>
    </p>
   </div>
   <div class='ocr_carea' id='block_1_4' title="bbox 443 474 2019 564">
    <p class='ocr_par' dir='ltr' id='par_1_4' title="bbox 443 474 2019 555">
     <span class='ocr_line' id='line_1_4' title="bbox 443 474 2019 555; baseline 0.008 -25"><span class='ocrx_word' id='word_1_6' title='bbox 443 474 586 533; x_wconf 84' lang='lat' dir='ltr'><strong>Tum</strong></span> <span class='ocrx_word' id='word_1_7' title='bbox 642 474 882 546; x_wconf 82' lang='lat' dir='ltr'><strong>ejusdem</strong></span> <span class='ocrx_word' id='word_1_8' title='bbox 925 491 1126 549; x_wconf 87' lang='lat' dir='ltr'><strong>corpus</strong></span> <span class='ocrx_word' id='word_1_9' title='bbox 1177 495 1303 536; x_wconf 84' lang='lat' dir='ltr'><strong>vere</strong></span> <span class='ocrx_word' id='word_1_10' title='bbox 1347 481 1417 538; x_wconf 91' lang='lat' dir='ltr'><strong>de</strong></span> <span class='ocrx_word' id='word_1_11' title='bbox 1463 496 1630 540; x_wconf 85' lang='lat' dir='ltr'><strong>cruce</strong></span> <span class='ocrx_word' id='word_1_12' title='bbox 1677 483 2019 555; x_wconf 88' lang='lat' dir='ltr'><strong>detractum,</strong></span> 
     </span>
    </p>
   </div>
   <div class='ocr_carea' id='block_1_5' title="bbox 2127 474 3706 564">
    <p class='ocr_par' dir='ltr' id='par_1_5' title="bbox 2135 477 3706 564">
     <span class='ocr_line' id='line_1_5' title="bbox 2135 477 3706 564; baseline 0.003 -22"><span class='ocrx_word' id='word_1_13' title='bbox 2135 489 2326 561; x_wconf 82' lang='grc' dir='ltr'><strong>μένους</strong></span> <span class='ocrx_word' id='word_1_14' title='bbox 2355 489 2412 542; x_wconf 76' lang='grc' dir='ltr'>ἐν</span> <span class='ocrx_word' id='word_1_15' title='bbox 2441 487 2662 560; x_wconf 73' lang='grc' dir='ltr'>ἀνδρείᾳ</span> <span class='ocrx_word' id='word_1_16' title='bbox 2696 489 2789 542; x_wconf 84' lang='grc' dir='ltr'>καὶ</span> <span class='ocrx_word' id='word_1_17' title='bbox 2822 487 2879 542; x_wconf 82' lang='grc' dir='ltr'>ὲν</span> <span class='ocrx_word' id='word_1_18' title='bbox 2908 477 3156 560; x_wconf 80' lang='grc' dir='ltr'>δυνάμεῖ,</span> <span class='ocrx_word' id='word_1_19' title='bbox 3183 489 3551 564; x_wconf 79' lang='grc' dir='ltr'><strong>ἀνερχόμενος</strong></span> <span class='ocrx_word' id='word_1_20' title='bbox 3571 493 3706 559; x_wconf 78' lang='grc' dir='ltr'>Θεὸς</span> 
     </span>
    </p>
   </div>
   <div class='ocr_carea' id='block_1_6' title="bbox 444 568 2020 648">
    <p class='ocr_par' dir='ltr' id='par_1_6' title="bbox 444 568 2020 648">
     <span class='ocr_line' id='line_1_6' title="bbox 444 568 2020 648; baseline 0.008 -27"><span class='ocrx_word' id='word_1_21' title='bbox 444 568 697 623; x_wconf 85' lang='lat' dir='ltr'><strong>manibus</strong></span> <span class='ocrx_word' id='word_1_22' title='bbox 723 577 1145 635; x_wconf 86' lang='lat' dir='ltr'><strong>contrectatum,</strong></span> <span class='ocrx_word' id='word_1_23' title='bbox 1169 587 1197 626; x_wconf 87' lang='lat' dir='ltr'><strong>a</strong></span> <span class='ocrx_word' id='word_1_24' title='bbox 1221 571 1460 644; x_wconf 81' lang='lat' dir='ltr'><strong>Josepho</strong></span> <span class='ocrx_word' id='word_1_25' title='bbox 1483 575 1666 634; x_wconf 77' lang='lat' dir='ltr'><strong>linteis</strong></span> <span class='ocrx_word' id='word_1_26' title='bbox 1693 579 2020 648; x_wconf 88' lang='lat' dir='ltr'><strong>involutum,</strong></span> 
     </span>
    </p>
   </div>
   <div class='ocr_carea' id='block_1_7' title="bbox 442 659 2022 742">
    <p class='ocr_par' dir='ltr' id='par_1_7' title="bbox 442 659 2022 742">
     <span class='ocr_line' id='line_1_7' title="bbox 442 659 2022 742; baseline 0.011 -32"><span class='ocrx_word' id='word_1_27' title='bbox 442 659 580 712; x_wconf 79' lang='lat' dir='ltr'><strong>etin</strong></span> <span class='ocrx_word' id='word_1_28' title='bbox 634 673 1051 717; x_wconf 76' lang='lat' dir='ltr'><strong>monumentum</strong></span> <span class='ocrx_word' id='word_1_29' title='bbox 1110 680 1297 720; x_wconf 83' lang='lat' dir='ltr'><strong>revera</strong></span> <span class='ocrx_word' id='word_1_30' title='bbox 1351 665 1664 738; x_wconf 88' lang='lat' dir='ltr'><strong>depositum</strong></span> <span class='ocrx_word' id='word_1_31' title='bbox 1701 689 1714 726; x_wconf 91' lang='lat'>:</span> <span class='ocrx_word' id='word_1_32' title='bbox 1755 671 1843 726; x_wconf 91' lang='lat' dir='ltr'><strong>cui</strong></span> <span class='ocrx_word' id='word_1_33' title='bbox 1883 671 2022 742; x_wconf 85' lang='lat' dir='ltr'><strong>lapis</strong></span> 
     </span>
    </p>
   </div>
   <div class='ocr_carea' id='block_1_8' title="bbox 443 749 2024 824">
    <p class='ocr_par' dir='ltr' id='par_1_8' title="bbox 443 749 2024 824">
     <span class='ocr_line' id='line_1_8' title="bbox 443 749 2024 824; baseline 0.01 -23"><span class='ocrx_word' id='word_1_34' title='bbox 443 749 509 802; x_wconf 88' lang='lat' dir='ltr'><strong>ad</strong></span> <span class='ocrx_word' id='word_1_35' title='bbox 563 749 985 808; x_wconf 84' lang='lat' dir='ltr'><strong>custodiendum</strong></span> <span class='ocrx_word' id='word_1_36' title='bbox 1039 753 1313 811; x_wconf 88' lang='lat' dir='ltr'><strong>obductus</strong></span> <span class='ocrx_word' id='word_1_37' title='bbox 1341 767 1446 812; x_wconf 87' lang='lat' dir='ltr'><strong>est.</strong></span> <span class='ocrx_word' id='word_1_38' title='bbox 1485 759 1626 824; x_wconf 77' lang='lat' dir='ltr'><strong>Quin</strong></span> <span class='ocrx_word' id='word_1_39' title='bbox 1669 759 1832 816; x_wconf 88' lang='lat' dir='ltr'><strong>etiam</strong></span> <span class='ocrx_word' id='word_1_40' title='bbox 1873 769 1927 817; x_wconf 91' lang='lat' dir='ltr'><strong>et</strong></span> <span class='ocrx_word' id='word_1_41' title='bbox 1956 762 2024 817; x_wconf 89' lang='lat' dir='ltr'><strong>ad</strong></span> 
     </span>
    </p>
   </div>
   <div class='ocr_carea' id='block_1_9' title="bbox 441 837 2024 917">
    <p class='ocr_par' dir='ltr' id='par_1_9' title="bbox 441 837 2024 917">
     <span class='ocr_line' id='line_1_9' title="bbox 441 837 2024 917; baseline 0.011 -25"><span class='ocrx_word' id='word_1_42' title='bbox 441 837 649 895; x_wconf 81' lang='lat' dir='ltr'><strong>inferos</strong></span> <span class='ocrx_word' id='word_1_43' title='bbox 680 840 855 911; x_wconf 85' lang='lat' dir='ltr'><strong>ipsius</strong></span> <span class='ocrx_word' id='word_1_44' title='bbox 878 842 1136 900; x_wconf 87' lang='lat' dir='ltr'><strong>divinitas</strong></span> <span class='ocrx_word' id='word_1_45' title='bbox 1168 861 1294 900; x_wconf 87' lang='lat' dir='ltr'><strong>cum</strong></span> <span class='ocrx_word' id='word_1_46' title='bbox 1329 847 1512 901; x_wconf 88' lang='lat' dir='ltr'><strong>anima</strong></span> <span class='ocrx_word' id='word_1_47' title='bbox 1552 847 1868 917; x_wconf 74' lang='lat' dir='ltr'><strong>descendit,</strong></span> <span class='ocrx_word' id='word_1_48' title='bbox 1900 867 2024 908; x_wconf 83' lang='lat' dir='ltr'><strong>eos-</strong></span> 
     </span>
    </p>
   </div>
   <div class='ocr_carea' id='block_1_10' title="bbox 438 931 2025 1012">
    <p class='ocr_par' dir='ltr' id='par_1_10' title="bbox 438 931 2025 1012">
     <span class='ocr_line' id='line_1_10' title="bbox 438 931 2025 1012; baseline 0.009 -30"><span class='ocrx_word' id='word_1_49' title='bbox 438 945 568 999; x_wconf 92' lang='lat' dir='ltr'><strong>que,</strong></span> <span class='ocrx_word' id='word_1_50' title='bbox 605 931 699 1001; x_wconf 90' lang='lat' dir='ltr'><strong>qui</strong></span> <span class='ocrx_word' id='word_1_51' title='bbox 731 932 898 986; x_wconf 87' lang='lat' dir='ltr'><strong>vincti</strong></span> <span class='ocrx_word' id='word_1_52' title='bbox 925 933 1036 988; x_wconf 92' lang='lat' dir='ltr'><strong>illic</strong></span> <span class='ocrx_word' id='word_1_53' title='bbox 1075 935 1479 1004; x_wconf 86' lang='lat' dir='ltr'><strong>attinebantur,</strong></span> <span class='ocrx_word' id='word_1_54' title='bbox 1520 953 1571 992; x_wconf 88' lang='lat' dir='ltr'><strong>vt</strong></span> <span class='ocrx_word' id='word_1_55' title='bbox 1599 955 1700 994; x_wconf 88' lang='lat' dir='ltr'><strong>sua</strong></span> <span class='ocrx_word' id='word_1_56' title='bbox 1724 955 1790 995; x_wconf 90' lang='lat' dir='ltr'><strong>ac</strong></span> <span class='ocrx_word' id='word_1_57' title='bbox 1828 949 2025 1012; x_wconf 90' lang='lat' dir='ltr'><strong>poten-</strong></span> 
     </span>
    </p>
   </div>
   <div class='ocr_carea' id='block_1_11' title="bbox 440 1022 2023 1091">
    <p class='ocr_par' dir='ltr' id='par_1_11' title="bbox 440 1022 2023 1091">
     <span class='ocr_line' id='line_1_11' title="bbox 440 1022 2023 1091; baseline 0.01 -17"><span class='ocrx_word' id='word_1_58' title='bbox 440 1022 515 1075; x_wconf 93' lang='lat' dir='ltr'><strong>tia</strong></span> <span class='ocrx_word' id='word_1_59' title='bbox 548 1022 836 1078; x_wconf 85' lang='lat' dir='ltr'><strong>liberavit:</strong></span> <span class='ocrx_word' id='word_1_60' title='bbox 872 1032 986 1079; x_wconf 91' lang='lat' dir='ltr'><strong>tum</strong></span> <span class='ocrx_word' id='word_1_61' title='bbox 1011 1025 1154 1081; x_wconf 89' lang='lat' dir='ltr'><strong>idem</strong></span> <span class='ocrx_word' id='word_1_62' title='bbox 1179 1026 1272 1083; x_wconf 84' lang='lat' dir='ltr'><strong>Dei</strong></span> <span class='ocrx_word' id='word_1_63' title='bbox 1293 1027 1530 1085; x_wconf 82' lang='lat' dir='ltr'><strong>Verbum</strong></span> <span class='ocrx_word' id='word_1_64' title='bbox 1565 1046 1690 1087; x_wconf 90' lang='lat' dir='ltr'><strong>cum</strong></span> <span class='ocrx_word' id='word_1_65' title='bbox 1718 1034 1897 1087; x_wconf 88' lang='lat' dir='ltr'><strong>anima</strong></span> <span class='ocrx_word' id='word_1_66' title='bbox 1925 1051 2023 1091; x_wconf 90' lang='lat' dir='ltr'><strong>sua</strong></span> 
     </span>
    </p>
   </div>
   <div class='ocr_carea' id='block_1_12' title="bbox 441 1115 2023 1195">
    <p class='ocr_par' dir='ltr' id='par_1_12' title="bbox 441 1115 2023 1195">
     <span class='ocr_line' id='line_1_12' title="bbox 441 1115 2023 1195; baseline 0.01 -29"><span class='ocrx_word' id='word_1_67' title='bbox 441 1115 789 1170; x_wconf 90' lang='lat' dir='ltr'><strong>sanctissima</strong></span> <span class='ocrx_word' id='word_1_68' title='bbox 824 1131 1045 1172; x_wconf 84' lang='lat' dir='ltr'><strong>sursum</strong></span> <span class='ocrx_word' id='word_1_69' title='bbox 1073 1133 1389 1190; x_wconf 79' lang='lat' dir='ltr'><strong>emergens,</strong></span> <span class='ocrx_word' id='word_1_70' title='bbox 1429 1129 1484 1175; x_wconf 90' lang='lat' dir='ltr'><strong>et</strong></span> <span class='ocrx_word' id='word_1_71' title='bbox 1510 1121 1854 1192; x_wconf 91' lang='lat' dir='ltr'><strong>captivorum</strong></span> <span class='ocrx_word' id='word_1_72' title='bbox 1884 1141 2023 1195; x_wconf 89' lang='lat' dir='ltr'><strong>quos</strong></span> 
     </span>
    </p>
   </div>
   <div class='ocr_carea' id='block_1_13' title="bbox 439 1206 2022 1282">
    <p class='ocr_par' dir='ltr' id='par_1_13' title="bbox 439 1206 2022 1282">
     <span class='ocr_line' id='line_1_13' title="bbox 439 1206 2022 1282; baseline 0.008 -22"><span class='ocrx_word' id='word_1_73' title='bbox 439 1206 739 1276; x_wconf 79' lang='lat' dir='ltr'><strong>eripuerat,</strong></span> <span class='ocrx_word' id='word_1_74' title='bbox 788 1209 1055 1264; x_wconf 85' lang='lat' dir='ltr'><strong>comitatu</strong></span> <span class='ocrx_word' id='word_1_75' title='bbox 1115 1218 1306 1281; x_wconf 88' lang='lat' dir='ltr'><strong>septus</strong></span> <span class='ocrx_word' id='word_1_76' title='bbox 1363 1219 1488 1282; x_wconf 88' lang='lat' dir='ltr'><strong>post</strong></span> <span class='ocrx_word' id='word_1_77' title='bbox 1527 1213 1770 1269; x_wconf 82' lang='lat' dir='ltr'><strong>triduum</strong></span> <span class='ocrx_word' id='word_1_78' title='bbox 1831 1231 2022 1273; x_wconf 79' lang='lat' dir='ltr'><strong>revera</strong></span> 
     </span>
    </p>
   </div>
   <div class='ocr_carea' id='block_1_14' title="bbox 440 1301 2020 1374">
    <p class='ocr_par' dir='ltr' id='par_1_14' title="bbox 440 1301 2020 1374">
     <span class='ocr_line' id='line_1_14' title="bbox 440 1301 2020 1374; baseline 0.009 -25"><span class='ocrx_word' id='word_1_79' title='bbox 440 1312 565 1351; x_wconf 82' lang='lat' dir='ltr'><strong>cum</strong></span> <span class='ocrx_word' id='word_1_80' title='bbox 604 1311 869 1368; x_wconf 90' lang='lat' dir='ltr'><strong>corpore,</strong></span> <span class='ocrx_word' id='word_1_81' title='bbox 913 1301 1094 1354; x_wconf 88' lang='lat' dir='ltr'><strong>anima</strong></span> <span class='ocrx_word' id='word_1_82' title='bbox 1122 1342 1136 1365; x_wconf 93' lang='lat'><strong>,</strong></span> <span class='ocrx_word' id='word_1_83' title='bbox 1171 1302 1418 1374; x_wconf 79' lang='lat' dir='ltr'><strong>adeoque</strong></span> <span class='ocrx_word' id='word_1_84' title='bbox 1452 1310 1568 1357; x_wconf 92' lang='lat' dir='ltr'><strong>toto</strong></span> <span class='ocrx_word' id='word_1_85' title='bbox 1596 1306 1719 1374; x_wconf 89' lang='lat' dir='ltr'><strong>ipso</strong></span> <span class='ocrx_word' id='word_1_86' title='bbox 1758 1309 1903 1363; x_wconf 87' lang='lat' dir='ltr'><strong>velut</strong></span> <span class='ocrx_word' id='word_1_87' title='bbox 1935 1311 2020 1364; x_wconf 83' lang='lat' dir='ltr'><strong>in-</strong></span> 
     </span>
    </p>
   </div>
   <div class='ocr_carea' id='block_1_15' title="bbox 441 1391 2021 1470">
    <p class='ocr_par' dir='ltr' id='par_1_15' title="bbox 441 1391 2021 1470">
     <span class='ocr_line' id='line_1_15' title="bbox 441 1391 2021 1470; baseline 0.01 -31"><span class='ocrx_word' id='word_1_88' title='bbox 441 1395 750 1444; x_wconf 87' lang='lat' dir='ltr'><strong>strumento</strong></span> <span class='ocrx_word' id='word_1_89' title='bbox 772 1391 1013 1446; x_wconf 80' lang='lat' dir='ltr'><strong>surrexit</strong></span> <span class='ocrx_word' id='word_1_90' title='bbox 1053 1406 1083 1446; x_wconf 88' lang='lat' dir='ltr'><strong>a</strong></span> <span class='ocrx_word' id='word_1_91' title='bbox 1125 1395 1392 1462; x_wconf 85' lang='lat' dir='ltr'><strong>mortuis;</strong></span> <span class='ocrx_word' id='word_1_92' title='bbox 1425 1394 1624 1452; x_wconf 89' lang='lat' dir='ltr'><strong>deinde</strong></span> <span class='ocrx_word' id='word_1_93' title='bbox 1659 1397 2021 1470; x_wconf 83' lang='lat' dir='ltr'><strong>quadraginta</strong></span> 
     </span>
    </p>
   </div>
   <div class='ocr_carea' id='block_1_16' title="bbox 439 1476 2021 1557">
    <p class='ocr_par' dir='ltr' id='par_1_16' title="bbox 439 1476 2021 1557">
     <span class='ocr_line' id='line_1_16' title="bbox 439 1476 2021 1557; baseline 0.011 -28"><span class='ocrx_word' id='word_1_94' title='bbox 439 1476 636 1533; x_wconf 85' lang='lat' dir='ltr'><strong>diebus</strong></span> <span class='ocrx_word' id='word_1_95' title='bbox 663 1494 788 1534; x_wconf 90' lang='lat' dir='ltr'><strong>cum</strong></span> <span class='ocrx_word' id='word_1_96' title='bbox 817 1480 1106 1553; x_wconf 85' lang='lat' dir='ltr'><strong>discipulis</strong></span> <span class='ocrx_word' id='word_1_97' title='bbox 1135 1493 1389 1541; x_wconf 84' lang='lat' dir='ltr'><strong>versatus</strong></span> <span class='ocrx_word' id='word_1_98' title='bbox 1413 1497 1498 1541; x_wconf 91' lang='lat' dir='ltr'><strong>est</strong></span> <span class='ocrx_word' id='word_1_99' title='bbox 1534 1506 1547 1542; x_wconf 91' lang='lat'><strong>:</strong></span> <span class='ocrx_word' id='word_1_100' title='bbox 1585 1489 1786 1557; x_wconf 81' lang='lat' dir='ltr'><strong>quibus</strong></span> <span class='ocrx_word' id='word_1_101' title='bbox 1812 1505 1936 1545; x_wconf 87' lang='lat' dir='ltr'><strong>cum</strong></span> <span class='ocrx_word' id='word_1_102' title='bbox 1967 1492 2021 1546; x_wconf 93' lang='lat' dir='ltr'><strong>in</strong></span> 
     </span>
    </p>
   </div>
   <div class='ocr_carea' id='block_1_17' title="bbox 439 1565 2022 1643">
    <p class='ocr_par' dir='ltr' id='par_1_17' title="bbox 439 1565 2022 1643">
     <span class='ocr_line' id='line_1_17' title="bbox 439 1565 2022 1643; baseline 0.011 -22"><span class='ocrx_word' id='word_1_103' title='bbox 439 1565 721 1625; x_wconf 90' lang='lat' dir='ltr'><strong>Olivarum</strong></span> <span class='ocrx_word' id='word_1_104' title='bbox 782 1581 970 1629; x_wconf 88' lang='lat' dir='ltr'><strong>monte</strong></span> <span class='ocrx_word' id='word_1_105' title='bbox 1012 1589 1200 1630; x_wconf 83' lang='lat' dir='ltr'><strong>revera</strong></span> <span class='ocrx_word' id='word_1_106' title='bbox 1245 1575 1655 1643; x_wconf 81' lang='lat' dir='ltr'><strong>henedixisset,</strong></span> <span class='ocrx_word' id='word_1_107' title='bbox 1707 1581 1763 1636; x_wconf 93' lang='lat' dir='ltr'><strong>in</strong></span> <span class='ocrx_word' id='word_1_108' title='bbox 1819 1584 2022 1638; x_wconf 70' lang='lat' dir='ltr'><strong>caelum</strong></span> 
     </span>
    </p>
   </div>
   <div class='ocr_carea' id='block_1_18' title="bbox 438 1659 2023 1746">
    <p class='ocr_par' dir='ltr' id='par_1_18' title="bbox 438 1659 2023 1746">
     <span class='ocr_line' id='line_1_18' title="bbox 438 1659 2023 1746; baseline 0.011 -33"><span class='ocrx_word' id='word_1_109' title='bbox 438 1659 736 1718; x_wconf 88' lang='lat' dir='ltr'><strong>subvectus</strong></span> <span class='ocrx_word' id='word_1_110' title='bbox 781 1670 902 1728; x_wconf 86' lang='lat' dir='ltr'><strong>est,</strong></span> <span class='ocrx_word' id='word_1_111' title='bbox 957 1679 1194 1736; x_wconf 88' lang='lat' dir='ltr'><strong>eumque</strong></span> <span class='ocrx_word' id='word_1_112' title='bbox 1225 1666 1481 1738; x_wconf 90' lang='lat' dir='ltr'><strong>discipuli</strong></span> <span class='ocrx_word' id='word_1_113' title='bbox 1535 1671 1604 1725; x_wconf 89' lang='lat' dir='ltr'><strong>ad</strong></span> <span class='ocrx_word' id='word_1_114' title='bbox 1639 1673 1814 1729; x_wconf 91' lang='lat' dir='ltr'><strong>nubes</strong></span> <span class='ocrx_word' id='word_1_115' title='bbox 1849 1689 2023 1746; x_wconf 91' lang='lat' dir='ltr'><strong>usque</strong></span> 
     </span>
    </p>
   </div>
   <div class='ocr_carea' id='block_1_19' title="bbox 437 1751 2020 1824">
    <p class='ocr_par' dir='ltr' id='par_1_19' title="bbox 437 1751 2020 1824">
     <span class='ocr_line' id='line_1_19' title="bbox 437 1751 2020 1824; baseline 0.009 -16"><span class='ocrx_word' id='word_1_116' title='bbox 437 1751 767 1810; x_wconf 87' lang='lat' dir='ltr'><strong>subeuntem</strong></span> <span class='ocrx_word' id='word_1_117' title='bbox 795 1754 1072 1824; x_wconf 86' lang='lat' dir='ltr'><strong>viderunt,</strong></span> <span class='ocrx_word' id='word_1_118' title='bbox 1104 1765 1159 1814; x_wconf 90' lang='lat' dir='ltr'><strong>et</strong></span> <span class='ocrx_word' id='word_1_119' title='bbox 1205 1759 1272 1814; x_wconf 90' lang='lat' dir='ltr'><strong>ad</strong></span> <span class='ocrx_word' id='word_1_120' title='bbox 1304 1759 1486 1818; x_wconf 87' lang='lat' dir='ltr'><strong>Patris</strong></span> <span class='ocrx_word' id='word_1_121' title='bbox 1522 1761 1803 1821; x_wconf 79' lang='lat' dir='ltr'><strong>dexteram</strong></span> <span class='ocrx_word' id='word_1_122' title='bbox 1833 1781 2020 1822; x_wconf 80' lang='lat' dir='ltr'><strong>revera</strong></span> 
     </span>
    </p>
   </div>
   <div class='ocr_carea' id='block_1_20' title="bbox 2123 577 3710 656">
    <p class='ocr_par' dir='ltr' id='par_1_20' title="bbox 2123 577 3710 656">
     <span class='ocr_line' id='line_1_20' title="bbox 2123 577 3710 656; baseline 0.005 -23"><span class='ocrx_word' id='word_1_123' title='bbox 2123 578 2297 648; x_wconf 81' lang='grc' dir='ltr'><strong>Λόγος</strong></span> <span class='ocrx_word' id='word_1_124' title='bbox 2325 578 2422 632; x_wconf 77' lang='grc' dir='ltr'><strong>σὺν</strong></span> <span class='ocrx_word' id='word_1_125' title='bbox 2449 578 2594 651; x_wconf 78' lang='grc' dir='ltr'>ψυχῇ</span> <span class='ocrx_word' id='word_1_126' title='bbox 2618 581 2685 653; x_wconf 69' lang='grc' dir='ltr'>τῇ</span> <span class='ocrx_word' id='word_1_127' title='bbox 2712 579 2864 652; x_wconf 76' lang='grc' dir='ltr'>ἁγίᾳ,</span> <span class='ocrx_word' id='word_1_128' title='bbox 2893 581 3012 652; x_wconf 84' lang='grc' dir='ltr'>μεθ’</span> <span class='ocrx_word' id='word_1_129' title='bbox 3037 577 3106 654; x_wconf 83' lang='grc' dir='ltr'>ἦς</span> <span class='ocrx_word' id='word_1_130' title='bbox 3126 582 3394 655; x_wconf 75' lang='grc' dir='ltr'>ἐρρύσατο</span> <span class='ocrx_word' id='word_1_131' title='bbox 3425 585 3710 656; x_wconf 82' lang='grc' dir='ltr'>αἰχμαλω-</span> 
     </span>
    </p>
   </div>
   <div class='ocr_carea' id='block_1_21' title="bbox 2125 669 3712 746">
    <p class='ocr_par' dir='ltr' id='par_1_21' title="bbox 2125 669 3712 746">
     <span class='ocr_line' id='line_1_21' title="bbox 2125 669 3712 746; baseline 0.004 -24"><span class='ocrx_word' id='word_1_132' title='bbox 2125 670 2269 734; x_wconf 82' lang='grc' dir='ltr'><strong>σίας,</strong></span> <span class='ocrx_word' id='word_1_133' title='bbox 2297 669 2360 723; x_wconf 81' lang='grc' dir='ltr'><strong>τὸ</strong></span> <span class='ocrx_word' id='word_1_134' title='bbox 2385 671 2684 743; x_wconf 86' lang='grc' dir='ltr'>τριήμερον</span> <span class='ocrx_word' id='word_1_135' title='bbox 2723 673 2780 725; x_wconf 85' lang='grc' dir='ltr'>ὲν</span> <span class='ocrx_word' id='word_1_136' title='bbox 2824 672 3051 744; x_wconf 77' lang='grc' dir='ltr'><strong>ἀληθείᾳ</strong></span> <span class='ocrx_word' id='word_1_137' title='bbox 3091 674 3439 746; x_wconf 75' lang='grc' dir='ltr'><strong>ἐγειρόμενος</strong></span> <span class='ocrx_word' id='word_1_138' title='bbox 3471 677 3569 729; x_wconf 74' lang='grc' dir='ltr'><strong>σὺν</strong></span> <span class='ocrx_word' id='word_1_139' title='bbox 3603 674 3712 730; x_wconf 79' lang='grc' dir='ltr'>σῶ-</span> 
     </span>
    </p>
   </div>
   <div class='ocr_carea' id='block_1_22' title="bbox 2127 760 3708 840">
    <p class='ocr_par' dir='ltr' id='par_1_22' title="bbox 2127 760 3708 840">
     <span class='ocr_line' id='line_1_22' title="bbox 2127 760 3708 840; baseline 0.003 -26"><span class='ocrx_word' id='word_1_140' title='bbox 2127 777 2281 831; x_wconf 89' lang='grc' dir='ltr'>ματι,</span> <span class='ocrx_word' id='word_1_141' title='bbox 2315 762 2411 815; x_wconf 83' lang='grc' dir='ltr'>καὶ</span> <span class='ocrx_word' id='word_1_142' title='bbox 2439 760 2606 833; x_wconf 83' lang='grc' dir='ltr'><strong>ψυχῇ,</strong></span> <span class='ocrx_word' id='word_1_143' title='bbox 2643 763 2739 816; x_wconf 73' lang='grc' dir='ltr'><strong>καὶ</strong></span> <span class='ocrx_word' id='word_1_144' title='bbox 2783 765 2946 817; x_wconf 79' lang='grc' dir='ltr'>παντὶ</span> <span class='ocrx_word' id='word_1_145' title='bbox 2973 763 3051 835; x_wconf 85' lang='grc' dir='ltr'>τῷ</span> <span class='ocrx_word' id='word_1_146' title='bbox 3093 765 3310 836; x_wconf 84' lang='grc' dir='ltr'>ὀργάνῳ</span> <span class='ocrx_word' id='word_1_147' title='bbox 3347 767 3405 820; x_wconf 86' lang='grc' dir='ltr'>ὲν</span> <span class='ocrx_word' id='word_1_148' title='bbox 3452 765 3708 840; x_wconf 75' lang='grc' dir='ltr'><strong>ἀληθείᾳ,</strong></span> 
     </span>
    </p>
   </div>
   <div class='ocr_carea' id='block_1_23' title="bbox 2125 851 3711 929">
    <p class='ocr_par' dir='ltr' id='par_1_23' title="bbox 2125 851 3711 929">
     <span class='ocr_line' id='line_1_23' title="bbox 2125 851 3711 929; baseline 0.004 -25"><span class='ocrx_word' id='word_1_149' title='bbox 2125 851 2512 923; x_wconf 80' lang='grc' dir='ltr'>εὑρισκόμενος</span> <span class='ocrx_word' id='word_1_150' title='bbox 2556 853 2694 924; x_wconf 82' lang='grc' dir='ltr'>μετὰ</span> <span class='ocrx_word' id='word_1_151' title='bbox 2725 853 2835 907; x_wconf 89' lang='grc' dir='ltr'><strong>τῶν</strong></span> <span class='ocrx_word' id='word_1_152' title='bbox 2866 854 3124 927; x_wconf 78' lang='grc' dir='ltr'>μαθητῶν</span> <span class='ocrx_word' id='word_1_153' title='bbox 3167 857 3266 928; x_wconf 82' lang='grc' dir='ltr'>τὴν</span> <span class='ocrx_word' id='word_1_154' title='bbox 3300 856 3678 929; x_wconf 86' lang='grc' dir='ltr'>τεσσαρακονθ</span> <span class='ocrx_word' id='word_1_155' title='bbox 3698 887 3711 896; x_wconf 85' lang='lat'><strong>-</strong></span> 
     </span>
    </p>
   </div>
   <div class='ocr_carea' id='block_1_24' title="bbox 2124 943 3708 1020">
    <p class='ocr_par' dir='ltr' id='par_1_24' title="bbox 2124 943 3708 1020">
     <span class='ocr_line' id='line_1_24' title="bbox 2124 943 3708 1020; baseline 0.005 -24"><span class='ocrx_word' id='word_1_156' title='bbox 2124 943 2351 1016; x_wconf 87' lang='grc' dir='ltr'>ήμερον,</span> <span class='ocrx_word' id='word_1_157' title='bbox 2396 943 2634 1014; x_wconf 86' lang='grc' dir='ltr'>εὐλογῶν</span> <span class='ocrx_word' id='word_1_158' title='bbox 2664 962 2724 998; x_wconf 85' lang='grc' dir='ltr'><strong>τε</strong></span> <span class='ocrx_word' id='word_1_159' title='bbox 2762 947 2959 1011; x_wconf 83' lang='grc' dir='ltr'>αὐτοὺς</span> <span class='ocrx_word' id='word_1_160' title='bbox 2987 948 3046 1000; x_wconf 81' lang='grc' dir='ltr'>ὲν</span> <span class='ocrx_word' id='word_1_161' title='bbox 3073 946 3150 1020; x_wconf 85' lang='grc' dir='ltr'>τῷ</span> <span class='ocrx_word' id='word_1_162' title='bbox 3174 948 3291 1020; x_wconf 81' lang='grc' dir='ltr'>δρει</span> <span class='ocrx_word' id='word_1_163' title='bbox 3325 949 3432 1004; x_wconf 86' lang='grc' dir='ltr'><strong>τῶν</strong></span> <span class='ocrx_word' id='word_1_164' title='bbox 3474 949 3708 1004; x_wconf 82' lang='grc' dir='ltr'>Ἐλαιῶν</span> 
     </span>
    </p>
   </div>
   <div class='ocr_carea' id='block_1_25' title="bbox 2124 1037 3711 1114">
    <p class='ocr_par' dir='ltr' id='par_1_25' title="bbox 2124 1037 3711 1114">
     <span class='ocr_line' id='line_1_25' title="bbox 2124 1037 3711 1114; baseline 0.004 -25"><span class='ocrx_word' id='word_1_165' title='bbox 2124 1038 2183 1090; x_wconf 86' lang='grc' dir='ltr'>ἐν</span> <span class='ocrx_word' id='word_1_166' title='bbox 2217 1037 2466 1111; x_wconf 74' lang='grc' dir='ltr'>ἀληθείᾳ,</span> <span class='ocrx_word' id='word_1_167' title='bbox 2495 1038 2857 1111; x_wconf 86' lang='grc' dir='ltr'>ἀνερχόμενος</span> <span class='ocrx_word' id='word_1_168' title='bbox 2883 1039 2965 1104; x_wconf 87' lang='grc' dir='ltr'><strong>εἰς</strong></span> <span class='ocrx_word' id='word_1_169' title='bbox 2983 1040 3211 1111; x_wconf 81' lang='grc' dir='ltr'>οὐρανὸν</span> <span class='ocrx_word' id='word_1_170' title='bbox 3237 1043 3294 1095; x_wconf 80' lang='grc' dir='ltr'><strong>ὲν</strong></span> <span class='ocrx_word' id='word_1_171' title='bbox 3319 1041 3566 1114; x_wconf 76' lang='grc' dir='ltr'>ἀληθείᾳ,</span> <span class='ocrx_word' id='word_1_172' title='bbox 3600 1042 3711 1097; x_wconf 86' lang='grc' dir='ltr'><strong>τῶν</strong></span> 
     </span>
    </p>
   </div>
   <div class='ocr_carea' id='block_1_26' title="bbox 2127 1129 3714 1205">
    <p class='ocr_par' dir='ltr' id='par_1_26' title="bbox 2127 1129 3714 1205">
     <span class='ocr_line' id='line_1_26' title="bbox 2127 1129 3714 1205; baseline 0.003 -23"><span class='ocrx_word' id='word_1_173' title='bbox 2127 1129 2386 1201; x_wconf 81' lang='grc' dir='ltr'>μαθητῶν</span> <span class='ocrx_word' id='word_1_174' title='bbox 2416 1131 2581 1186; x_wconf 81' lang='grc' dir='ltr'>αὑτὸν</span> <span class='ocrx_word' id='word_1_175' title='bbox 2621 1131 2969 1205; x_wconf 79' lang='grc' dir='ltr'>θεωρούντων</span> <span class='ocrx_word' id='word_1_176' title='bbox 3003 1131 3108 1197; x_wconf 73' lang='grc' dir='ltr'>ἕως</span> <span class='ocrx_word' id='word_1_177' title='bbox 3148 1133 3256 1187; x_wconf 90' lang='grc' dir='ltr'><strong>τῶν</strong></span> <span class='ocrx_word' id='word_1_178' title='bbox 3296 1133 3536 1204; x_wconf 83' lang='grc' dir='ltr'>νεφελῶν</span> <span class='ocrx_word' id='word_1_179' title='bbox 3575 1136 3714 1188; x_wconf 80' lang='grc' dir='ltr'>ἀνα-</span> 
     </span>
    </p>
   </div>
   <div class='ocr_carea' id='block_1_27' title="bbox 2123 1221 3711 1297">
    <p class='ocr_par' dir='ltr' id='par_1_27' title="bbox 2123 1221 3711 1297">
     <span class='ocr_line' id='line_1_27' title="bbox 2123 1221 3711 1297; baseline 0.002 -22"><span class='ocrx_word' id='word_1_180' title='bbox 2123 1221 2534 1295; x_wconf 86' lang='grc' dir='ltr'>λαμϐανόμενον</span> <span class='ocrx_word' id='word_1_181' title='bbox 2573 1224 2630 1278; x_wconf 84' lang='grc' dir='ltr'>ὲν</span> <span class='ocrx_word' id='word_1_182' title='bbox 2669 1223 2918 1297; x_wconf 82' lang='grc' dir='ltr'>ἀληθείᾳ,</span> <span class='ocrx_word' id='word_1_183' title='bbox 2946 1224 3308 1292; x_wconf 81' lang='grc' dir='ltr'>καθεσθέντα,</span> <span class='ocrx_word' id='word_1_184' title='bbox 3346 1226 3442 1281; x_wconf 80' lang='grc' dir='ltr'><strong>καὶ</strong></span> <span class='ocrx_word' id='word_1_185' title='bbox 3475 1225 3711 1288; x_wconf 77' lang='grc' dir='ltr'>καθεζό-</span> 
     </span>
    </p>
   </div>
   <div class='ocr_carea' id='block_1_28' title="bbox 2127 1313 3714 1388">
    <p class='ocr_par' dir='ltr' id='par_1_28' title="bbox 2127 1313 3714 1388">
     <span class='ocr_line' id='line_1_28' title="bbox 2127 1313 3714 1388; baseline 0.001 -22"><span class='ocrx_word' id='word_1_186' title='bbox 2127 1329 2286 1382; x_wconf 86' lang='grc' dir='ltr'>μενον</span> <span class='ocrx_word' id='word_1_187' title='bbox 2323 1314 2382 1366; x_wconf 83' lang='grc' dir='ltr'>ὲν</span> <span class='ocrx_word' id='word_1_188' title='bbox 2411 1313 2559 1385; x_wconf 78' lang='grc' dir='ltr'>δεξιᾷ</span> <span class='ocrx_word' id='word_1_189' title='bbox 2591 1314 2685 1368; x_wconf 76' lang='grc' dir='ltr'>τοῦ</span> <span class='ocrx_word' id='word_1_190' title='bbox 2713 1316 2930 1386; x_wconf 77' lang='grc' dir='ltr'>Πατρός</span> <span class='ocrx_word' id='word_1_191' title='bbox 2970 1316 3028 1368; x_wconf 83' lang='grc' dir='ltr'>ὲν</span> <span class='ocrx_word' id='word_1_192' title='bbox 3068 1315 3318 1388; x_wconf 76' lang='grc' dir='ltr'>ἀληθείᾳ,</span> <span class='ocrx_word' id='word_1_193' title='bbox 3365 1319 3425 1370; x_wconf 84' lang='grc' dir='ltr'><strong>έν</strong></span> <span class='ocrx_word' id='word_1_194' title='bbox 3453 1316 3608 1387; x_wconf 77' lang='grc' dir='ltr'>αὐτῷ</span> <span class='ocrx_word' id='word_1_195' title='bbox 3634 1316 3714 1386; x_wconf 79' lang='grc' dir='ltr'>τῷ</span> 
     </span>
    </p>
   </div>
   <div class='ocr_carea' id='block_1_29' title="bbox 2125 1403 3712 1480">
    <p class='ocr_par' dir='ltr' id='par_1_29' title="bbox 2125 1403 3712 1480">
     <span class='ocr_line' id='line_1_29' title="bbox 2125 1403 3712 1480; baseline 0.003 -24"><span class='ocrx_word' id='word_1_196' title='bbox 2125 1403 2359 1474; x_wconf 87' lang='grc' dir='ltr'>σώματι,</span> <span class='ocrx_word' id='word_1_197' title='bbox 2392 1406 2487 1458; x_wconf 74' lang='grc' dir='ltr'>καὶ</span> <span class='ocrx_word' id='word_1_198' title='bbox 2513 1409 2579 1478; x_wconf 81' lang='grc' dir='ltr'>τῇ</span> <span class='ocrx_word' id='word_1_199' title='bbox 2604 1405 2838 1477; x_wconf 86' lang='grc' dir='ltr'>θεότητι,</span> <span class='ocrx_word' id='word_1_200' title='bbox 2870 1408 2929 1460; x_wconf 76' lang='grc' dir='ltr'>ἐν</span> <span class='ocrx_word' id='word_1_201' title='bbox 2959 1407 3094 1479; x_wconf 78' lang='grc' dir='ltr'>αὐτῇ</span> <span class='ocrx_word' id='word_1_202' title='bbox 3123 1410 3190 1480; x_wconf 85' lang='grc' dir='ltr'>τῇ</span> <span class='ocrx_word' id='word_1_203' title='bbox 3225 1407 3408 1479; x_wconf 80' lang='grc' dir='ltr'>τελείᾳ</span> <span class='ocrx_word' id='word_1_204' title='bbox 3434 1408 3712 1479; x_wconf 82' lang='grc' dir='ltr'>ὲνανθρω-</span> 
     </span>
    </p>
   </div>
   <div class='ocr_carea' id='block_1_30' title="bbox 2124 1491 3714 1570">
    <p class='ocr_par' dir='ltr' id='par_1_30' title="bbox 2124 1491 3714 1570">
     <span class='ocr_line' id='line_1_30' title="bbox 2124 1491 3714 1570; baseline 0.001 -22"><span class='ocrx_word' id='word_1_205' title='bbox 2124 1497 2309 1567; x_wconf 80' lang='grc' dir='ltr'>πὴσει,</span> <span class='ocrx_word' id='word_1_206' title='bbox 2412 1499 2687 1570; x_wconf 76' lang='grc' dir='ltr'>συνήνωσε</span> <span class='ocrx_word' id='word_1_207' title='bbox 2715 1497 2782 1551; x_wconf 83' lang='grc' dir='ltr'>τὰ</span> <span class='ocrx_word' id='word_1_208' title='bbox 2811 1497 2908 1551; x_wconf 84' lang='grc' dir='ltr'>ὅλα</span> <span class='ocrx_word' id='word_1_209' title='bbox 2935 1499 3015 1562; x_wconf 89' lang='grc' dir='ltr'><strong>εἰς</strong></span> <span class='ocrx_word' id='word_1_210' title='bbox 3041 1498 3118 1562; x_wconf 87' lang='grc' dir='ltr'>ἒν,</span> <span class='ocrx_word' id='word_1_211' title='bbox 3158 1499 3252 1552; x_wconf 80' lang='grc' dir='ltr'><strong>καὶ</strong></span> <span class='ocrx_word' id='word_1_212' title='bbox 3301 1496 3428 1568; x_wconf 86' lang='grc' dir='ltr'>μίαν</span> <span class='ocrx_word' id='word_1_213' title='bbox 3460 1515 3714 1567; x_wconf 87' lang='grc' dir='ltr'>πνευμα-</span> 
     </span>
    </p>
   </div>
   <div class='ocr_carea' id='block_1_31' title="bbox 2121 1588 3712 1662">
    <p class='ocr_par' dir='ltr' id='par_1_31' title="bbox 2121 1588 3712 1662">
     <span class='ocr_line' id='line_1_31' title="bbox 2121 1588 3712 1662; baseline 0.001 -21"><span class='ocrx_word' id='word_1_214' title='bbox 2121 1589 2280 1659; x_wconf 81' lang='grc' dir='ltr'>τικὴν</span> <span class='ocrx_word' id='word_1_215' title='bbox 2294 1588 2591 1657; x_wconf 83' lang='grc' dir='ltr'>τελείωσιν,</span> <span class='ocrx_word' id='word_1_216' title='bbox 2620 1589 2753 1654; x_wconf 82' lang='grc' dir='ltr'>Θεὸς</span> <span class='ocrx_word' id='word_1_217' title='bbox 2781 1589 2856 1644; x_wconf 84' lang='grc' dir='ltr'>ὢν</span> <span class='ocrx_word' id='word_1_218' title='bbox 2879 1591 2937 1644; x_wconf 84' lang='grc' dir='ltr'>ὲν</span> <span class='ocrx_word' id='word_1_219' title='bbox 2965 1590 3094 1662; x_wconf 81' lang='grc' dir='ltr'>δόξῃ</span> <span class='ocrx_word' id='word_1_220' title='bbox 3118 1589 3499 1661; x_wconf 83' lang='grc' dir='ltr'>καθεζόμενος,</span> <span class='ocrx_word' id='word_1_221' title='bbox 3525 1592 3712 1660; x_wconf 76' lang='grc' dir='ltr'>κρῖναι</span> 
     </span>
    </p>
   </div>
   <div class='ocr_carea' id='block_1_32' title="bbox 2123 1679 3714 1755">
    <p class='ocr_par' dir='ltr' id='par_1_32' title="bbox 2123 1679 3714 1755">
     <span class='ocr_line' id='line_1_32' title="bbox 2123 1679 3714 1755; baseline 0.003 -23"><span class='ocrx_word' id='word_1_222' title='bbox 2123 1679 2331 1746; x_wconf 82' lang='grc' dir='ltr'>ζῶντας</span> <span class='ocrx_word' id='word_1_223' title='bbox 2381 1681 2476 1735; x_wconf 74' lang='grc' dir='ltr'>καὶ</span> <span class='ocrx_word' id='word_1_224' title='bbox 2525 1682 2787 1753; x_wconf 80' lang='grc' dir='ltr'>νεκροὺς,</span> <span class='ocrx_word' id='word_1_225' title='bbox 2839 1682 3134 1754; x_wconf 78' lang='grc' dir='ltr'>ἐρχόμενος</span> <span class='ocrx_word' id='word_1_226' title='bbox 3183 1683 3239 1735; x_wconf 78' lang='grc' dir='ltr'>ἐν</span> <span class='ocrx_word' id='word_1_227' title='bbox 3285 1681 3539 1755; x_wconf 76' lang='grc' dir='ltr'>ἀληθείᾳ.</span> <span class='ocrx_word' id='word_1_228' title='bbox 3596 1681 3714 1736; x_wconf 74' lang='grc' dir='ltr'>Καὶ</span> 
     </span>
    </p>
   </div>
   <div class='ocr_carea' id='block_1_33' title="bbox 2120 1773 3711 1847">
    <p class='ocr_par' dir='ltr' id='par_1_33' title="bbox 2120 1773 3711 1847">
     <span class='ocr_line' id='line_1_33' title="bbox 2120 1773 3711 1847; baseline 0.001 -22"><span class='ocrx_word' id='word_1_229' title='bbox 2120 1773 2272 1828; x_wconf 83' lang='grc' dir='ltr'>οὐδέν</span> <span class='ocrx_word' id='word_1_230' title='bbox 2317 1775 2434 1828; x_wconf 75' lang='grc' dir='ltr'>ἐστι</span> <span class='ocrx_word' id='word_1_231' title='bbox 2479 1774 2954 1847; x_wconf 78' lang='grc' dir='ltr'>παρηλλαγμένον,</span> <span class='ocrx_word' id='word_1_232' title='bbox 3002 1775 3137 1830; x_wconf 87' lang='grc' dir='ltr'><strong>ἀλλά</strong></span> <span class='ocrx_word' id='word_1_233' title='bbox 3175 1775 3354 1829; x_wconf 78' lang='grc' dir='ltr'>πάντα</span> <span class='ocrx_word' id='word_1_234' title='bbox 3403 1774 3591 1829; x_wconf 88' lang='grc' dir='ltr'>τέλεια</span> <span class='ocrx_word' id='word_1_235' title='bbox 3619 1790 3711 1827; x_wconf 84' lang='grc' dir='ltr'>τε-</span> 
     </span>
    </p>
   </div>
   <div class='ocr_carea' id='block_1_34' title="bbox 435 1846 2019 1940">
    <p class='ocr_par' dir='ltr' id='par_1_34' title="bbox 435 1846 2019 1923">
     <span class='ocr_line' id='line_1_34' title="bbox 435 1846 2019 1923; baseline 0.01 -24"><span class='ocrx_word' id='word_1_236' title='bbox 435 1846 844 1912; x_wconf 80' lang='lat' dir='ltr'><strong>considentem,</strong></span> <span class='ocrx_word' id='word_1_237' title='bbox 870 1863 1104 1922; x_wconf 88' lang='lat' dir='ltr'><strong>corpore</strong></span> <span class='ocrx_word' id='word_1_238' title='bbox 1157 1851 1298 1923; x_wconf 92' lang='lat' dir='ltr'><strong>ipso,</strong></span> <span class='ocrx_word' id='word_1_239' title='bbox 1346 1852 1654 1920; x_wconf 84' lang='lat' dir='ltr'><strong>divinitate,</strong></span> <span class='ocrx_word' id='word_1_240' title='bbox 1689 1871 1754 1912; x_wconf 88' lang='lat' dir='ltr'><strong>ac</strong></span> <span class='ocrx_word' id='word_1_241' title='bbox 1794 1865 1908 1913; x_wconf 87' lang='lat' dir='ltr'><strong>tota</strong></span> <span class='ocrx_word' id='word_1_242' title='bbox 1937 1858 2019 1916; x_wconf 89' lang='lat' dir='ltr'><strong>de-</strong></span> 
     </span>
    </p>
   </div>
   <div class='ocr_carea' id='block_1_35' title="bbox 2127 1846 3330 1940">
    <p class='ocr_par' dir='ltr' id='par_1_35' title="bbox 2127 1846 3330 1940">
     <span class='ocr_line' id='line_1_35' title="bbox 2127 1846 3330 1940; baseline 0.006 -24"><span class='ocrx_word' id='word_1_243' title='bbox 2127 1863 2286 1929; x_wconf 85' lang='grc' dir='ltr'>λείως</span> <span class='ocrx_word' id='word_1_244' title='bbox 2312 1866 2370 1920; x_wconf 84' lang='grc' dir='ltr'>ὲν</span> <span class='ocrx_word' id='word_1_245' title='bbox 2399 1846 2638 1939; x_wconf 15' lang='grc' dir='ltr'>αὐτῷίὲν</span> <span class='ocrx_word' id='word_1_246' title='bbox 2659 1867 2955 1939; x_wconf 85' lang='grc' dir='ltr'>τελειότητι</span> <span class='ocrx_word' id='word_1_247' title='bbox 2975 1868 3330 1940; x_wconf 77' lang='grc' dir='ltr'>εἰργασμένα.</span> 
     </span>
    </p>
   </div>
   <div class='ocr_carea' id='block_1_36' title="bbox 437 1937 3700 2025">
    <p class='ocr_par' dir='ltr' id='par_1_36' title="bbox 437 1937 3700 2025">
     <span class='ocr_line' id='line_1_36' title="bbox 437 1937 3700 2025; baseline 0.005 -35"><span class='ocrx_word' id='word_1_248' title='bbox 437 1937 608 2007; x_wconf 89' lang='lat' dir='ltr'><strong>nique</strong></span> <span class='ocrx_word' id='word_1_249' title='bbox 635 1952 800 2008; x_wconf 90' lang='lat' dir='ltr'><strong>quam</strong></span> <span class='ocrx_word' id='word_1_250' title='bbox 838 1950 1218 2010; x_wconf 89' lang='lat' dir='ltr'><strong>assumpserat</strong></span> <span class='ocrx_word' id='word_1_251' title='bbox 1252 1941 1490 1999; x_wconf 89' lang='lat' dir='ltr'><strong>hominis</strong></span> <span class='ocrx_word' id='word_1_252' title='bbox 1527 1952 1768 2000; x_wconf 90' lang='lat' dir='ltr'><strong>natura:</strong></span> <span class='ocrx_word' id='word_1_253' title='bbox 1822 1961 1934 2016; x_wconf 91' lang='lat' dir='ltr'><strong>quo</strong></span> <span class='ocrx_word' id='word_1_254' title='bbox 1967 1947 2024 2002; x_wconf 92' lang='lat' dir='ltr'><strong>in</strong></span> <span class='ocrx_word' id='word_1_255' title='bbox 2058 1946 2458 2009; x_wconf 88' lang='lat' dir='ltr'><strong>lncarnationis</strong></span> <span class='ocrx_word' id='word_1_256' title='bbox 2487 1937 2750 2025; x_wconf 83' lang='lat' dir='ltr'><strong>mysterio</strong></span> <span class='ocrx_word' id='word_1_257' title='bbox 2780 1953 2836 2008; x_wconf 90' lang='lat' dir='ltr'><strong>in</strong></span> <span class='ocrx_word' id='word_1_258' title='bbox 2866 1937 3040 2009; x_wconf 83' lang='lat' dir='ltr'><strong>unum</strong></span> <span class='ocrx_word' id='word_1_259' title='bbox 3097 1937 3304 2020; x_wconf 89' lang='lat' dir='ltr'><strong>omnia,</strong></span> <span class='ocrx_word' id='word_1_260' title='bbox 3334 1963 3389 2010; x_wconf 89' lang='lat' dir='ltr'><strong>et</strong></span> <span class='ocrx_word' id='word_1_261' title='bbox 3436 1954 3491 2008; x_wconf 92' lang='lat' dir='ltr'><strong>in</strong></span> <span class='ocrx_word' id='word_1_262' title='bbox 3545 1967 3700 2008; x_wconf 82' lang='lat' dir='ltr'><strong>eam-</strong></span> 
     </span>
    </p>
   </div>
   <div class='ocr_carea' id='block_1_37' title="bbox 435 2026 3700 2116">
    <p class='ocr_par' dir='ltr' id='par_1_37' title="bbox 435 2026 3700 2116">
     <span class='ocr_line' id='line_1_37' title="bbox 435 2026 3700 2116; baseline 0.005 -36"><span class='ocrx_word' id='word_1_263' title='bbox 435 2026 558 2116; x_wconf 79' lang='lat' dir='ltr'><strong>dem</strong></span> <span class='ocrx_word' id='word_1_264' title='bbox 609 2029 912 2100; x_wconf 90' lang='lat' dir='ltr'><strong>spiritalem</strong></span> <span class='ocrx_word' id='word_1_265' title='bbox 953 2032 1343 2101; x_wconf 83' lang='lat' dir='ltr'><strong>perfectionem</strong></span> <span class='ocrx_word' id='word_1_266' title='bbox 1378 2035 1698 2105; x_wconf 78' lang='lat' dir='ltr'><strong>conjunxit,</strong></span> <span class='ocrx_word' id='word_1_267' title='bbox 1759 2037 1903 2095; x_wconf 89' lang='lat' dir='ltr'><strong>Deus</strong></span> <span class='ocrx_word' id='word_1_268' title='bbox 1955 2040 2145 2111; x_wconf 87' lang='lat' dir='ltr'><strong>utique</strong></span> <span class='ocrx_word' id='word_1_269' title='bbox 2195 2041 2251 2097; x_wconf 92' lang='lat' dir='ltr'><strong>in</strong></span> <span class='ocrx_word' id='word_1_270' title='bbox 2302 2044 2477 2116; x_wconf 88' lang='lat' dir='ltr'><strong>gloria</strong></span> <span class='ocrx_word' id='word_1_271' title='bbox 2539 2045 2838 2101; x_wconf 90' lang='lat' dir='ltr'><strong>considens</strong></span> <span class='ocrx_word' id='word_1_272' title='bbox 2883 2053 2938 2102; x_wconf 89' lang='lat' dir='ltr'><strong>et</strong></span> <span class='ocrx_word' id='word_1_273' title='bbox 2989 2045 3058 2100; x_wconf 91' lang='lat' dir='ltr'><strong>ad</strong></span> <span class='ocrx_word' id='word_1_274' title='bbox 3123 2039 3274 2102; x_wconf 86' lang='lat' dir='ltr'><strong>vivos</strong></span> <span class='ocrx_word' id='word_1_275' title='bbox 3333 2055 3700 2112; x_wconf 91' lang='lat' dir='ltr'><strong>mortuosque</strong></span> 
     </span>
    </p>
   </div>
   <div class='ocr_carea' id='block_1_38' title="bbox 429 2112 3716 2210">
    <p class='ocr_par' dir='ltr' id='par_1_38' title="bbox 429 2112 3716 2210">
     <span class='ocr_line' id='line_1_38' title="bbox 429 2112 3716 2210; baseline 0.005 -37"><span class='ocrx_word' id='word_1_276' title='bbox 429 2112 762 2182; x_wconf 79' lang='lat' dir='ltr'><strong>iudicandos</strong></span> <span class='ocrx_word' id='word_1_277' title='bbox 794 2139 922 2180; x_wconf 86' lang='lat' dir='ltr'><strong>vere</strong></span> <span class='ocrx_word' id='word_1_278' title='bbox 951 2125 1246 2196; x_wconf 87' lang='lat' dir='ltr'><strong>aliquando</strong></span> <span class='ocrx_word' id='word_1_279' title='bbox 1269 2137 1553 2186; x_wconf 80' lang='lat' dir='ltr'><strong>venturus.</strong></span> <span class='ocrx_word' id='word_1_280' title='bbox 1585 2129 1732 2185; x_wconf 86' lang='lat' dir='ltr'><strong>Nihil</strong></span> <span class='ocrx_word' id='word_1_281' title='bbox 1759 2131 1927 2202; x_wconf 88' lang='lat' dir='ltr'><strong>igitur</strong></span> <span class='ocrx_word' id='word_1_282' title='bbox 1951 2133 2008 2188; x_wconf 91' lang='lat' dir='ltr'><strong>in</strong></span> <span class='ocrx_word' id='word_1_283' title='bbox 2043 2134 2138 2191; x_wconf 92' lang='lat' dir='ltr'><strong>illo</strong></span> <span class='ocrx_word' id='word_1_284' title='bbox 2158 2112 2436 2194; x_wconf 73' lang='lat' dir='ltr'><strong>diversum</strong></span> <span class='ocrx_word' id='word_1_285' title='bbox 2481 2152 2544 2193; x_wconf 90' lang='lat' dir='ltr'><strong>ac</strong></span> <span class='ocrx_word' id='word_1_286' title='bbox 2573 2138 2896 2210; x_wconf 86' lang='lat' dir='ltr'><strong>discrepans</strong></span> <span class='ocrx_word' id='word_1_287' title='bbox 2951 2147 3058 2204; x_wconf 87' lang='lat' dir='ltr'><strong>est,</strong></span> <span class='ocrx_word' id='word_1_288' title='bbox 3119 2136 3217 2195; x_wconf 90' lang='lat' dir='ltr'><strong>sed</strong></span> <span class='ocrx_word' id='word_1_289' title='bbox 3250 2140 3434 2193; x_wconf 84' lang='lat' dir='ltr'><strong>omnia</strong></span> <span class='ocrx_word' id='word_1_290' title='bbox 3491 2135 3546 2190; x_wconf 89' lang='lat' dir='ltr'><strong>in</strong></span> <span class='ocrx_word' id='word_1_291' title='bbox 3589 2134 3716 2204; x_wconf 84' lang='lat' dir='ltr'><strong>ipso</strong></span> 
     </span>
    </p>
   </div>
   <div class='ocr_carea' id='block_1_39' title="bbox 433 2210 1664 2291">
    <p class='ocr_par' dir='ltr' id='par_1_39' title="bbox 433 2210 1664 2291">
     <span class='ocr_line' id='line_1_39' title="bbox 433 2210 1664 2291; baseline 0.011 -25"><span class='ocrx_word' id='word_1_292' title='bbox 433 2210 674 2282; x_wconf 78' lang='lat' dir='ltr'><strong>perfecta</strong></span> <span class='ocrx_word' id='word_1_293' title='bbox 741 2216 1086 2290; x_wconf 81' lang='lat' dir='ltr'><strong>perfecteque</strong></span> <span class='ocrx_word' id='word_1_294' title='bbox 1115 2235 1344 2291; x_wconf 85' lang='lat' dir='ltr'><strong>prorsus</strong></span> <span class='ocrx_word' id='word_1_295' title='bbox 1368 2223 1664 2280; x_wconf 89' lang='lat' dir='ltr'><strong>elaborata.</strong></span> 
     </span>
    </p>
   </div>
   <div class='ocr_carea' id='block_1_40' title="bbox 504 2331 2028 2416">
    <p class='ocr_par' dir='ltr' id='par_1_40' title="bbox 504 2331 2028 2416">
     <span class='ocr_line' id='line_1_40' title="bbox 504 2331 2028 2416; baseline 0.01 -30"><span class='ocrx_word' id='word_1_296' title='bbox 504 2331 747 2389; x_wconf 79' lang='lat' dir='ltr'><strong>XXXVI.</strong></span> <span class='ocrx_word' id='word_1_297' title='bbox 792 2333 897 2391; x_wconf 90' lang='lat' dir='ltr'><strong>Sed</strong></span> <span class='ocrx_word' id='word_1_298' title='bbox 930 2351 1055 2391; x_wconf 92' lang='lat' dir='ltr'><strong>cum</strong></span> <span class='ocrx_word' id='word_1_299' title='bbox 1084 2338 1152 2395; x_wconf 89' lang='lat' dir='ltr'><strong>de</strong></span> <span class='ocrx_word' id='word_1_300' title='bbox 1184 2338 1272 2395; x_wconf 90' lang='lat' dir='ltr'><strong>his</strong></span> <span class='ocrx_word' id='word_1_301' title='bbox 1297 2341 1514 2397; x_wconf 88' lang='lat' dir='ltr'><strong>abttndc</strong></span> <span class='ocrx_word' id='word_1_302' title='bbox 1550 2343 1819 2400; x_wconf 87' lang='lat' dir='ltr'><strong>hactenus</strong></span> <span class='ocrx_word' id='word_1_303' title='bbox 1845 2345 2028 2416; x_wconf 84' lang='lat' dir='ltr'><strong>egisse</strong></span> 
     </span>
    </p>
   </div>
   <div class='ocr_carea' id='block_1_41' title="bbox 432 2423 2022 2496">
    <p class='ocr_par' dir='ltr' id='par_1_41' title="bbox 432 2423 2022 2496">
     <span class='ocr_line' id='line_1_41' title="bbox 432 2423 2022 2496; baseline 0.009 -18"><span class='ocrx_word' id='word_1_304' title='bbox 432 2423 742 2492; x_wconf 82' lang='lat' dir='ltr'><strong>videamur,</strong></span> <span class='ocrx_word' id='word_1_305' title='bbox 783 2441 907 2496; x_wconf 63' lang='lat' dir='ltr'><strong>qua:</strong></span> <span class='ocrx_word' id='word_1_306' title='bbox 948 2428 1094 2485; x_wconf 83' lang='lat' dir='ltr'><strong>dicta</strong></span> <span class='ocrx_word' id='word_1_307' title='bbox 1153 2440 1284 2485; x_wconf 90' lang='lat' dir='ltr'><strong>sunt</strong></span> <span class='ocrx_word' id='word_1_308' title='bbox 1324 2447 1449 2489; x_wconf 87' lang='lat' dir='ltr'><strong>esse</strong></span> <span class='ocrx_word' id='word_1_309' title='bbox 1498 2436 1637 2490; x_wconf 83' lang='lat' dir='ltr'><strong>satis</strong></span> <span class='ocrx_word' id='word_1_310' title='bbox 1667 2437 2022 2493; x_wconf 87' lang='lat' dir='ltr'><strong>arbitramur.</strong></span> 
     </span>
    </p>
   </div>
   <div class='ocr_carea' id='block_1_42' title="bbox 435 2515 2026 2602">
    <p class='ocr_par' dir='ltr' id='par_1_42' title="bbox 435 2515 2026 2602">
     <span class='ocr_line' id='line_1_42' title="bbox 435 2515 2026 2602; baseline 0.009 -30"><span class='ocrx_word' id='word_1_311' title='bbox 435 2515 569 2585; x_wconf 65' lang='lat' dir='ltr'><strong>Qua;</strong></span> <span class='ocrx_word' id='word_1_312' title='bbox 597 2534 728 2575; x_wconf 87' lang='lat' dir='ltr'><strong>vero</strong></span> <span class='ocrx_word' id='word_1_313' title='bbox 761 2517 831 2576; x_wconf 87' lang='lat' dir='ltr'><strong>de</strong></span> <span class='ocrx_word' id='word_1_314' title='bbox 851 2522 1066 2578; x_wconf 71' lang='lat' dir='ltr'><strong>caeteris</strong></span> <span class='ocrx_word' id='word_1_315' title='bbox 1091 2523 1409 2581; x_wconf 87' lang='lat' dir='ltr'><strong>vanissimis</strong></span> <span class='ocrx_word' id='word_1_316' title='bbox 1446 2526 1660 2582; x_wconf 85' lang='lat' dir='ltr'><strong>illorum</strong></span> <span class='ocrx_word' id='word_1_317' title='bbox 1679 2528 2026 2602; x_wconf 85' lang='lat' dir='ltr'><strong>dogmatibus</strong></span> 
     </span>
    </p>
   </div>
   <div class='ocr_carea' id='block_1_43' title="bbox 431 2608 2027 2685">
    <p class='ocr_par' dir='ltr' id='par_1_43' title="bbox 431 2608 2027 2685">
     <span class='ocr_line' id='line_1_43' title="bbox 431 2608 2027 2685; baseline 0.009 -25"><span class='ocrx_word' id='word_1_318' title='bbox 431 2623 500 2661; x_wconf 73' lang='lat' dir='ltr'><strong>ex</strong></span> <span class='ocrx_word' id='word_1_319' title='bbox 523 2608 758 2663; x_wconf 90' lang='lat' dir='ltr'><strong>aliorum</strong></span> <span class='ocrx_word' id='word_1_320' title='bbox 787 2610 1106 2666; x_wconf 86' lang='lat' dir='ltr'><strong>narratione</strong></span> <span class='ocrx_word' id='word_1_321' title='bbox 1135 2609 1452 2678; x_wconf 87' lang='lat' dir='ltr'><strong>didicimus,</strong></span> <span class='ocrx_word' id='word_1_322' title='bbox 1485 2616 1808 2685; x_wconf 75' lang='lat' dir='ltr'><strong>explicanda</strong></span> <span class='ocrx_word' id='word_1_323' title='bbox 1834 2632 2027 2674; x_wconf 79' lang='lat' dir='ltr'><strong>neces-</strong></span> 
     </span>
    </p>
   </div>
   <div class='ocr_carea' id='block_1_44' title="bbox 434 2699 2022 2780">
    <p class='ocr_par' dir='ltr' id='par_1_44' title="bbox 434 2699 2022 2780">
     <span class='ocr_line' id='line_1_44' title="bbox 434 2699 2022 2780; baseline 0.007 -27"><span class='ocrx_word' id='word_1_324' title='bbox 434 2699 585 2753; x_wconf 87' lang='lat' dir='ltr'><strong>sario</strong></span> <span class='ocrx_word' id='word_1_325' title='bbox 627 2711 776 2757; x_wconf 90' lang='lat' dir='ltr'><strong>sunt.</strong></span> <span class='ocrx_word' id='word_1_326' title='bbox 815 2702 1140 2774; x_wconf 85' lang='lat' dir='ltr'><strong>Quanquam</strong></span> <span class='ocrx_word' id='word_1_327' title='bbox 1197 2704 1268 2760; x_wconf 86' lang='lat' dir='ltr'><strong>ita</strong></span> <span class='ocrx_word' id='word_1_328' title='bbox 1303 2707 1416 2761; x_wconf 66' lang='lat' dir='ltr'><strong>haec</strong></span> <span class='ocrx_word' id='word_1_329' title='bbox 1459 2707 1528 2762; x_wconf 91' lang='lat' dir='ltr'><strong>ab</strong></span> <span class='ocrx_word' id='word_1_330' title='bbox 1591 2709 1700 2765; x_wconf 92' lang='lat' dir='ltr'><strong>illis</strong></span> <span class='ocrx_word' id='word_1_331' title='bbox 1735 2709 2022 2780; x_wconf 75' lang='lat' dir='ltr'><strong>praedicari</strong></span> 
     </span>
    </p>
   </div>
   <div class='ocr_carea' id='block_1_45' title="bbox 434 2792 2022 2874">
    <p class='ocr_par' dir='ltr' id='par_1_45' title="bbox 434 2792 2022 2874">
     <span class='ocr_line' id='line_1_45' title="bbox 434 2792 2022 2874; baseline 0.008 -28"><span class='ocrx_word' id='word_1_332' title='bbox 434 2792 680 2848; x_wconf 91' lang='lat' dir='ltr'><strong>nondum</strong></span> <span class='ocrx_word' id='word_1_333' title='bbox 722 2795 948 2850; x_wconf 90' lang='lat' dir='ltr'><strong>omnino</strong></span> <span class='ocrx_word' id='word_1_334' title='bbox 999 2812 1324 2868; x_wconf 83' lang='lat' dir='ltr'><strong>persuasum</strong></span> <span class='ocrx_word' id='word_1_335' title='bbox 1383 2799 1670 2858; x_wconf 87' lang='lat' dir='ltr'><strong>habemus.</strong></span> <span class='ocrx_word' id='word_1_336' title='bbox 1728 2802 2022 2874; x_wconf 88' lang='lat' dir='ltr'><strong>Utcunque</strong></span> 
     </span>
    </p>
   </div>
   <div class='ocr_carea' id='block_1_46' title="bbox 433 2887 2023 2963">
    <p class='ocr_par' dir='ltr' id='par_1_46' title="bbox 433 2887 2023 2963">
     <span class='ocr_line' id='line_1_46' title="bbox 433 2887 2023 2963; baseline 0.008 -24"><span class='ocrx_word' id='word_1_337' title='bbox 433 2900 566 2942; x_wconf 84' lang='lat' dir='ltr'><strong>vero</strong></span> <span class='ocrx_word' id='word_1_338' title='bbox 599 2901 658 2942; x_wconf 92' lang='lat' dir='ltr'><strong>se</strong></span> <span class='ocrx_word' id='word_1_339' title='bbox 686 2902 776 2943; x_wconf 89' lang='lat' dir='ltr'><strong>res</strong></span> <span class='ocrx_word' id='word_1_340' title='bbox 809 2887 1026 2954; x_wconf 85' lang='lat' dir='ltr'><strong>habeat,</strong></span> <span class='ocrx_word' id='word_1_341' title='bbox 1062 2905 1185 2961; x_wconf 71' lang='lat' dir='ltr'><strong>quze</strong></span> <span class='ocrx_word' id='word_1_342' title='bbox 1205 2891 1273 2946; x_wconf 90' lang='lat' dir='ltr'><strong>ab</strong></span> <span class='ocrx_word' id='word_1_343' title='bbox 1291 2891 1415 2949; x_wconf 91' lang='lat' dir='ltr'><strong>aliis</strong></span> <span class='ocrx_word' id='word_1_344' title='bbox 1448 2894 1751 2963; x_wconf 86' lang='lat' dir='ltr'><strong>accipimus</strong></span> <span class='ocrx_word' id='word_1_345' title='bbox 1777 2909 1887 2949; x_wconf 91' lang='lat' dir='ltr'><strong>non</strong></span> <span class='ocrx_word' id='word_1_346' title='bbox 1917 2894 2023 2952; x_wconf 87' lang='lat' dir='ltr'><strong>dis-</strong></span> 
     </span>
    </p>
   </div>
   <div class='ocr_carea' id='block_1_47' title="bbox 433 2977 2021 3058">
    <p class='ocr_par' dir='ltr' id='par_1_47' title="bbox 433 2977 2021 3058">
     <span class='ocr_line' id='line_1_47' title="bbox 433 2977 2021 3058; baseline 0.005 -24"><span class='ocrx_word' id='word_1_347' title='bbox 433 2977 743 3034; x_wconf 89' lang='lat' dir='ltr'><strong>simulanda</strong></span> <span class='ocrx_word' id='word_1_348' title='bbox 779 2983 1114 3052; x_wconf 87' lang='lat' dir='ltr'><strong>putavimus.</strong></span> <span class='ocrx_word' id='word_1_349' title='bbox 1150 2981 1263 3038; x_wconf 83' lang='lat' dir='ltr'><strong>Hoc</strong></span> <span class='ocrx_word' id='word_1_350' title='bbox 1293 2985 1437 3040; x_wconf 91' lang='lat' dir='ltr'><strong>enim</strong></span> <span class='ocrx_word' id='word_1_351' title='bbox 1471 2984 1742 3042; x_wconf 84' lang='lat' dir='ltr'><strong>aﬂirmare</strong></span> <span class='ocrx_word' id='word_1_352' title='bbox 1772 2987 2021 3058; x_wconf 88' lang='lat' dir='ltr'><strong>plerique</strong></span> 
     </span>
    </p>
   </div>
   <div class='ocr_carea' id='block_1_48' title="bbox 2195 2340 3714 2416">
    <p class='ocr_par' dir='ltr' id='par_1_48' title="bbox 2195 2340 3714 2416">
     <span class='ocr_line' id='line_1_48' title="bbox 2195 2340 3714 2416; baseline -0.003 -16"><span class='ocrx_word' id='word_1_353' title='bbox 2195 2345 2337 2415; x_wconf 67' lang='lat' dir='ltr'><strong>AG&quot;.</strong></span> <span class='ocrx_word' id='word_1_354' title='bbox 2365 2343 2563 2408; x_wconf 84' lang='grc' dir='ltr'>Καλῶς</span> <span class='ocrx_word' id='word_1_355' title='bbox 2595 2343 2649 2398; x_wconf 77' lang='grc' dir='ltr'>δὲ</span> <span class='ocrx_word' id='word_1_356' title='bbox 2683 2344 2826 2416; x_wconf 74' lang='grc' dir='ltr'>ἔχειν</span> <span class='ocrx_word' id='word_1_357' title='bbox 2854 2343 2982 2416; x_wconf 85' lang='grc' dir='ltr'><strong>περί</strong></span> <span class='ocrx_word' id='word_1_358' title='bbox 3009 2344 3215 2398; x_wconf 77' lang='grc' dir='ltr'>τούτων</span> <span class='ocrx_word' id='word_1_359' title='bbox 3233 2341 3579 2414; x_wconf 80' lang='grc' dir='ltr'>νομίσαντες,</span> <span class='ocrx_word' id='word_1_360' title='bbox 3603 2340 3714 2406; x_wconf 71' lang='grc' dir='ltr'>ἕως</span> 
     </span>
    </p>
   </div>
   <div class='ocr_carea' id='block_1_49' title="bbox 2122 2431 3714 2509">
    <p class='ocr_par' dir='ltr' id='par_1_49' title="bbox 2122 2431 3714 2509">
     <span class='ocr_line' id='line_1_49' title="bbox 2122 2431 3714 2509; baseline -0.003 -19"><span class='ocrx_word' id='word_1_361' title='bbox 2122 2437 2315 2490; x_wconf 82' lang='grc' dir='ltr'>τούτου</span> <span class='ocrx_word' id='word_1_362' title='bbox 2354 2435 2484 2509; x_wconf 77' lang='grc' dir='ltr'>περὶ</span> <span class='ocrx_word' id='word_1_363' title='bbox 2519 2435 2727 2490; x_wconf 82' lang='grc' dir='ltr'>τούτων</span> <span class='ocrx_word' id='word_1_364' title='bbox 2751 2435 3005 2508; x_wconf 78' lang='grc' dir='ltr'>εἰρῆσθαι</span> <span class='ocrx_word' id='word_1_365' title='bbox 3031 2435 3452 2506; x_wconf 82' lang='grc' dir='ltr'>έδικαιώσαμεν.</span> <span class='ocrx_word' id='word_1_366' title='bbox 3483 2433 3624 2506; x_wconf 79' lang='grc' dir='ltr'>Περὶ</span> <span class='ocrx_word' id='word_1_367' title='bbox 3651 2431 3714 2486; x_wconf 73' lang='grc' dir='ltr'>δὲ</span> 
     </span>
    </p>
   </div>
   <div class='ocr_carea' id='block_1_50' title="bbox 2121 2520 3711 2600">
    <p class='ocr_par' dir='ltr' id='par_1_50' title="bbox 2121 2520 3711 2600">
     <span class='ocr_line' id='line_1_50' title="bbox 2121 2520 3711 2600; baseline -0.003 -17"><span class='ocrx_word' id='word_1_368' title='bbox 2121 2520 2197 2583; x_wconf 82' lang='grc' dir='ltr'>ὧν</span> <span class='ocrx_word' id='word_1_369' title='bbox 2227 2527 2572 2600; x_wconf 79' lang='grc' dir='ltr'>ὲνηχήθημεν</span> <span class='ocrx_word' id='word_1_370' title='bbox 2605 2527 2770 2582; x_wconf 88' lang='grc' dir='ltr'>πάλιν</span> <span class='ocrx_word' id='word_1_371' title='bbox 2799 2525 3220 2598; x_wconf 83' lang='grc' dir='ltr'>περιττολογιῶν</span> <span class='ocrx_word' id='word_1_372' title='bbox 3247 2525 3354 2580; x_wconf 90' lang='grc' dir='ltr'><strong>τῶν</strong></span> <span class='ocrx_word' id='word_1_373' title='bbox 3390 2527 3458 2580; x_wconf 84' lang='grc' dir='ltr'><strong>τά</strong></span> <span class='ocrx_word' id='word_1_374' title='bbox 3483 2525 3711 2579; x_wconf 79' lang='grc' dir='ltr'>τοιαῦτα</span> 
     </span>
    </p>
   </div>
   <div class='ocr_carea' id='block_1_51' title="bbox 2121 2615 3710 2691">
    <p class='ocr_par' dir='ltr' id='par_1_51' title="bbox 2121 2615 3710 2691">
     <span class='ocr_line' id='line_1_51' title="bbox 2121 2615 3710 2691; baseline -0.003 -17"><span class='ocrx_word' id='word_1_375' title='bbox 2121 2621 2409 2691; x_wconf 86' lang='grc' dir='ltr'>λεγόντων,</span> <span class='ocrx_word' id='word_1_376' title='bbox 2438 2621 2733 2690; x_wconf 83' lang='grc' dir='ltr'>ἀναγκαῖον</span> <span class='ocrx_word' id='word_1_377' title='bbox 2763 2619 2858 2673; x_wconf 78' lang='grc' dir='ltr'><strong>καί</strong></span> <span class='ocrx_word' id='word_1_378' title='bbox 2883 2618 3023 2673; x_wconf 81' lang='grc' dir='ltr'>αὑτά</span> <span class='ocrx_word' id='word_1_379' title='bbox 3057 2618 3353 2684; x_wconf 80' lang='grc' dir='ltr'>ὑποδεῖξαι.</span> <span class='ocrx_word' id='word_1_380' title='bbox 3383 2619 3459 2670; x_wconf 75' lang='grc' dir='ltr'><strong>Οὐ</strong></span> <span class='ocrx_word' id='word_1_381' title='bbox 3489 2615 3710 2671; x_wconf 83' lang='grc' dir='ltr'>πάνυδὲ</span> 
     </span>
    </p>
   </div>
   <div class='ocr_carea' id='block_1_52' title="bbox 2121 2707 3713 2782">
    <p class='ocr_par' dir='ltr' id='par_1_52' title="bbox 2121 2707 3713 2782">
     <span class='ocr_line' id='line_1_52' title="bbox 2121 2707 3713 2782; baseline -0.003 -18"><span class='ocrx_word' id='word_1_382' title='bbox 2121 2709 2591 2782; x_wconf 83' lang='grc' dir='ltr'>πεπιστεύκαμεν,</span> <span class='ocrx_word' id='word_1_383' title='bbox 2614 2710 2696 2762; x_wconf 80' lang='grc' dir='ltr'><strong>ὅτι</strong></span> <span class='ocrx_word' id='word_1_384' title='bbox 2716 2709 2888 2774; x_wconf 76' lang='grc' dir='ltr'>οὕτως</span> <span class='ocrx_word' id='word_1_385' title='bbox 2910 2708 3042 2782; x_wconf 88' lang='grc' dir='ltr'>παρ’</span> <span class='ocrx_word' id='word_1_386' title='bbox 3066 2709 3250 2772; x_wconf 75' lang='grc' dir='ltr'>αὐτοῖς</span> <span class='ocrx_word' id='word_1_387' title='bbox 3276 2707 3481 2779; x_wconf 76' lang='grc' dir='ltr'>ᾅδεται.</span> <span class='ocrx_word' id='word_1_388' title='bbox 3514 2707 3713 2776; x_wconf 85' lang='grc' dir='ltr'>Ὅμως</span> 
     </span>
    </p>
   </div>
   <div class='ocr_carea' id='block_1_53' title="bbox 2127 2795 3711 2871">
    <p class='ocr_par' dir='ltr' id='par_1_53' title="bbox 2127 2795 3711 2871">
     <span class='ocr_line' id='line_1_53' title="bbox 2127 2795 3711 2871; baseline -0.002 -20"><span class='ocrx_word' id='word_1_389' title='bbox 2127 2798 2197 2851; x_wconf 85' lang='grc' dir='ltr'><strong>τὰ</strong></span> <span class='ocrx_word' id='word_1_390' title='bbox 2229 2797 2562 2870; x_wconf 84' lang='grc' dir='ltr'>ὲνηχηθέντα</span> <span class='ocrx_word' id='word_1_391' title='bbox 2590 2797 2651 2850; x_wconf 81' lang='grc' dir='ltr'>οὐ</span> <span class='ocrx_word' id='word_1_392' title='bbox 2689 2797 3064 2869; x_wconf 84' lang='grc' dir='ltr'>σιωπήσομεν.</span> <span class='ocrx_word' id='word_1_393' title='bbox 3109 2796 3264 2861; x_wconf 82' lang='grc' dir='ltr'>Τινὲς</span> <span class='ocrx_word' id='word_1_394' title='bbox 3297 2795 3405 2871; x_wconf 85' lang='grc' dir='ltr'><strong>γάρ</strong></span> <span class='ocrx_word' id='word_1_395' title='bbox 3439 2797 3534 2849; x_wconf 69' lang='grc' dir='ltr'>καὶ</span> <span class='ocrx_word' id='word_1_396' title='bbox 3558 2795 3711 2850; x_wconf 75' lang='grc' dir='ltr'>ἐτόλ-</span> 
     </span>
    </p>
   </div>
   <div class='ocr_carea' id='block_1_54' title="bbox 2124 2887 3710 2963">
    <p class='ocr_par' dir='ltr' id='par_1_54' title="bbox 2124 2887 3710 2963">
     <span class='ocr_line' id='line_1_54' title="bbox 2124 2887 3710 2963; baseline -0.004 -18"><span class='ocrx_word' id='word_1_397' title='bbox 2124 2909 2304 2963; x_wconf 90' lang='grc' dir='ltr'>μησαν</span> <span class='ocrx_word' id='word_1_398' title='bbox 2332 2889 2529 2959; x_wconf 89' lang='grc' dir='ltr'>λέγειν,</span> <span class='ocrx_word' id='word_1_399' title='bbox 2566 2890 2646 2943; x_wconf 85' lang='grc' dir='ltr'>ὅτι</span> <span class='ocrx_word' id='word_1_400' title='bbox 2673 2889 2836 2944; x_wconf 85' lang='grc' dir='ltr'>πάλιν</span> <span class='ocrx_word' id='word_1_401' title='bbox 2868 2889 3011 2954; x_wconf 83' lang='grc' dir='ltr'>τινὲς</span> <span class='ocrx_word' id='word_1_402' title='bbox 3039 2889 3098 2954; x_wconf 77' lang='grc' dir='ltr'><strong>ἐξ</strong></span> <span class='ocrx_word' id='word_1_403' title='bbox 3128 2889 3305 2942; x_wconf 82' lang='grc' dir='ltr'>αὐτῶν</span> <span class='ocrx_word' id='word_1_404' title='bbox 3333 2889 3553 2958; x_wconf 86' lang='grc' dir='ltr'>λέγουσι</span> <span class='ocrx_word' id='word_1_405' title='bbox 3579 2887 3710 2960; x_wconf 68' lang='grc' dir='ltr'>περὶ</span> 
     </span>
    </p>
   </div>
   <div class='ocr_carea' id='block_1_55' title="bbox 2119 2980 3710 3054">
    <p class='ocr_par' dir='ltr' id='par_1_55' title="bbox 2119 2980 3710 3054">
     <span class='ocr_line' id='line_1_55' title="bbox 2119 2980 3710 3054; baseline -0.004 -16"><span class='ocrx_word' id='word_1_406' title='bbox 2119 2981 2359 3054; x_wconf 79' lang='grc' dir='ltr'>Μαρίας,</span> <span class='ocrx_word' id='word_1_407' title='bbox 2396 2980 2535 3052; x_wconf 84' lang='grc' dir='ltr'><strong>μετά</strong></span> <span class='ocrx_word' id='word_1_408' title='bbox 2570 2980 2632 3035; x_wconf 81' lang='grc' dir='ltr'><strong>τὸ</strong></span> <span class='ocrx_word' id='word_1_409' title='bbox 2662 2980 3049 3052; x_wconf 82' lang='grc' dir='ltr'>γεγεννηκέναι</span> <span class='ocrx_word' id='word_1_410' title='bbox 3080 2981 3187 3054; x_wconf 74' lang='grc' dir='ltr'><strong>τὸν⁶</strong></span> <span class='ocrx_word' id='word_1_411' title='bbox 3204 2980 3459 3051; x_wconf 85' lang='grc' dir='ltr'>Χριστὸν,</span> <span class='ocrx_word' id='word_1_412' title='bbox 3487 2981 3710 3032; x_wconf 76' lang='grc' dir='ltr'>ἐπισυν-</span> 
     </span>
    </p>
   </div>
   <div class='ocr_carea' id='block_1_56' title="bbox 433 3069 2019 3147">
    <p class='ocr_par' dir='ltr' id='par_1_56' title="bbox 433 3071 2019 3147">
     <span class='ocr_line' id='line_1_56' title="bbox 433 3071 2019 3147; baseline 0.004 -22"><span class='ocrx_word' id='word_1_413' title='bbox 433 3086 544 3125; x_wconf 82' lang='grc' dir='ltr'><strong>ηοη</strong></span> <span class='ocrx_word' id='word_1_414' title='bbox 575 3071 867 3139; x_wconf 87' lang='lat' dir='ltr'><strong>dubitant,</strong></span> <span class='ocrx_word' id='word_1_415' title='bbox 899 3075 1166 3147; x_wconf 81' lang='lat' dir='ltr'><strong>quosdam</strong></span> <span class='ocrx_word' id='word_1_416' title='bbox 1207 3091 1271 3130; x_wconf 84' lang='lat' dir='ltr'><strong>ex</strong></span> <span class='ocrx_word' id='word_1_417' title='bbox 1323 3076 1430 3132; x_wconf 90' lang='lat' dir='ltr'><strong>illis</strong></span> <span class='ocrx_word' id='word_1_418' title='bbox 1467 3077 1521 3131; x_wconf 92' lang='lat' dir='ltr'><strong>in</strong></span> <span class='ocrx_word' id='word_1_419' title='bbox 1552 3092 1616 3132; x_wconf 89' lang='lat' dir='ltr'><strong>ea</strong></span> <span class='ocrx_word' id='word_1_420' title='bbox 1648 3092 1772 3133; x_wconf 88' lang='lat' dir='ltr'><strong>esse</strong></span> <span class='ocrx_word' id='word_1_421' title='bbox 1800 3086 2019 3133; x_wconf 87' lang='lat' dir='ltr'><strong>senten-</strong></span> 
     </span>
    </p>
   </div>
   <div class='ocr_carea' id='block_1_57' title="bbox 2127 3069 3711 3147">
    <p class='ocr_par' dir='ltr' id='par_1_57' title="bbox 2127 3069 3711 3147">
     <span class='ocr_line' id='line_1_57' title="bbox 2127 3069 3711 3147; baseline -0.016 -1"><span class='ocrx_word' id='word_1_422' title='bbox 2127 3075 2292 3147; x_wconf 75' lang='grc' dir='ltr'>ἧφθαι</span> <span class='ocrx_word' id='word_1_423' title='bbox 2318 3074 2471 3146; x_wconf 73' lang='grc' dir='ltr'>ἀνδρὶ</span> <span class='ocrx_word' id='word_1_424' title='bbox 2499 3073 2576 3146; x_wconf 80' lang='grc' dir='ltr'>τῷ</span> <span class='ocrx_word' id='word_1_425' title='bbox 2618 3073 2838 3144; x_wconf 79' lang='grc' dir='ltr'>Ἰωσήφ.</span> <span class='ocrx_word' id='word_1_426' title='bbox 2885 3071 3161 3144; x_wconf 83' lang='grc' dir='ltr'>Θαυμάζω</span> <span class='ocrx_word' id='word_1_427' title='bbox 3204 3071 3262 3126; x_wconf 86' lang='grc' dir='ltr'>δὲ</span> <span class='ocrx_word' id='word_1_428' title='bbox 3309 3073 3358 3125; x_wconf 88' lang='grc' dir='ltr'><strong>εἰ</strong></span> <span class='ocrx_word' id='word_1_429' title='bbox 3411 3071 3504 3124; x_wconf 72' lang='grc' dir='ltr'>καὶ</span> <span class='ocrx_word' id='word_1_430' title='bbox 3553 3069 3711 3123; x_wconf 76' lang='grc' dir='ltr'>αὐτοὶ</span> 
     </span>
    </p>
   </div>
   <div class='ocr_carea' id='block_1_58' title="bbox 432 3142 2019 3237">
    <p class='ocr_par' dir='ltr' id='par_1_58' title="bbox 432 3142 2018 3237">
     <span class='ocr_line' id='line_1_58' title="bbox 432 3142 2018 3237; baseline 0.004 -22"><span class='ocrx_word' id='word_1_431' title='bbox 432 3161 529 3229; x_wconf 86' lang='lat' dir='ltr'><strong>tia,</strong></span> <span class='ocrx_word' id='word_1_432' title='bbox 564 3160 786 3219; x_wconf 78' lang='lat' dir='ltr'><strong>Mariam</strong></span> <span class='ocrx_word' id='word_1_433' title='bbox 826 3142 1168 3236; x_wconf 72' lang='lat' dir='ltr'><strong>posteditnm</strong></span> <span class='ocrx_word' id='word_1_434' title='bbox 1192 3164 1468 3221; x_wconf 87' lang='lat' dir='ltr'><strong>Christum</strong></span> <span class='ocrx_word' id='word_1_435' title='bbox 1492 3180 1614 3220; x_wconf 93' lang='lat' dir='ltr'><strong>cum</strong></span> <span class='ocrx_word' id='word_1_436' title='bbox 1637 3165 1876 3237; x_wconf 90' lang='lat' dir='ltr'><strong>Josepho</strong></span> <span class='ocrx_word' id='word_1_437' title='bbox 1905 3166 2018 3222; x_wconf 76' lang='lat' dir='ltr'><strong>viro</strong></span> 
     </span>
    </p>
   </div>
   <div class='ocr_carea' id='block_1_59' title="bbox 2127 3142 3713 3237">
    <p class='ocr_par' dir='ltr' id='par_1_59' title="bbox 2127 3142 3713 3235">
     <span class='ocr_line' id='line_1_59' title="bbox 2127 3142 3713 3235; baseline -0.003 -15"><span class='ocrx_word' id='word_1_438' title='bbox 2127 3142 2283 3220; x_wconf 79' lang='grc' dir='ltr'>τοῦτο</span> <span class='ocrx_word' id='word_1_439' title='bbox 2302 3142 2566 3235; x_wconf 79' lang='grc' dir='ltr'>λέγουσιν.</span> <span class='ocrx_word' id='word_1_440' title='bbox 2597 3164 2715 3218; x_wconf 85' lang='grc' dir='ltr'>Εἰσί</span> <span class='ocrx_word' id='word_1_441' title='bbox 2738 3142 2795 3217; x_wconf 80' lang='grc' dir='ltr'>δὲ</span> <span class='ocrx_word' id='word_1_442' title='bbox 2822 3164 2870 3217; x_wconf 88' lang='grc' dir='ltr'><strong>οἰ</strong></span> <span class='ocrx_word' id='word_1_443' title='bbox 2893 3142 3051 3217; x_wconf 77' lang='grc' dir='ltr'>τοῦτο</span> <span class='ocrx_word' id='word_1_444' title='bbox 3071 3163 3343 3233; x_wconf 88' lang='grc' dir='ltr'>λέγοντες,</span> <span class='ocrx_word' id='word_1_445' title='bbox 3371 3162 3467 3227; x_wconf 79' lang='grc' dir='ltr'><strong>οὒς</strong></span> <span class='ocrx_word' id='word_1_446' title='bbox 3488 3163 3583 3217; x_wconf 63' lang='grc' dir='ltr'><strong>κα)⁵</strong></span> <span class='ocrx_word' id='word_1_447' title='bbox 3612 3163 3713 3215; x_wconf 82' lang='grc' dir='ltr'><strong>αὗ-</strong></span> 
     </span>
    </p>
   </div>
   <div class='ocr_carea' id='block_1_60' title="bbox 433 3253 2019 3328">
    <p class='ocr_par' dir='ltr' id='par_1_60' title="bbox 433 3254 2018 3322">
     <span class='ocr_line' id='line_1_60' title="bbox 433 3254 2018 3322; baseline 0.003 -15"><span class='ocrx_word' id='word_1_448' title='bbox 433 3268 537 3307; x_wconf 76' lang='lat' dir='ltr'><strong>suo</strong></span> <span class='ocrx_word' id='word_1_449' title='bbox 565 3254 1021 3310; x_wconf 88' lang='lat' dir='ltr'><strong>consuetudinem</strong></span> <span class='ocrx_word' id='word_1_450' title='bbox 1062 3255 1346 3312; x_wconf 86' lang='lat' dir='ltr'><strong>habuisse.</strong></span> <span class='ocrx_word' id='word_1_451' title='bbox 1377 3255 1532 3322; x_wconf 84' lang='lat' dir='ltr'><strong>Quod</strong></span> <span class='ocrx_word' id='word_1_452' title='bbox 1566 3257 1633 3312; x_wconf 90' lang='lat' dir='ltr'><strong>ab</strong></span> <span class='ocrx_word' id='word_1_453' title='bbox 1669 3257 1779 3313; x_wconf 91' lang='lat' dir='ltr'><strong>illis</strong></span> <span class='ocrx_word' id='word_1_454' title='bbox 1803 3271 2018 3313; x_wconf 82' lang='lat' dir='ltr'><strong>asseve-</strong></span> 
     </span>
    </p>
   </div>
   <div class='ocr_carea' id='block_1_61' title="bbox 2127 3253 3712 3328">
    <p class='ocr_par' dir='ltr' id='par_1_61' title="bbox 2127 3253 3712 3328">
     <span class='ocr_line' id='line_1_61' title="bbox 2127 3253 3712 3328; baseline -0.003 -16"><span class='ocrx_word' id='word_1_455' title='bbox 2127 3259 2252 3322; x_wconf 80' lang='grc' dir='ltr'>τοὺς</span> <span class='ocrx_word' id='word_1_456' title='bbox 2276 3257 2334 3310; x_wconf 80' lang='grc' dir='ltr'>ἐν</span> <span class='ocrx_word' id='word_1_457' title='bbox 2356 3259 2468 3322; x_wconf 83' lang='grc' dir='ltr'>τοῖς</span> <span class='ocrx_word' id='word_1_458' title='bbox 2496 3256 2790 3328; x_wconf 89' lang='grc' dir='ltr'>σχίσμασιν</span> <span class='ocrx_word' id='word_1_459' title='bbox 2815 3255 3224 3327; x_wconf 83' lang='grc' dir='ltr'>ήριθμήσαμεν,</span> <span class='ocrx_word' id='word_1_460' title='bbox 3253 3254 3591 3326; x_wconf 81' lang='grc' dir='ltr'>αἰτηθέντες,</span> <span class='ocrx_word' id='word_1_461' title='bbox 3613 3253 3712 3308; x_wconf 72' lang='grc' dir='ltr'>καὶ</span> 
     </span>
    </p>
   </div>
   <div class='ocr_carea' id='block_1_62' title="bbox 435 3343 2019 3420">
    <p class='ocr_par' dir='ltr' id='par_1_62' title="bbox 435 3344 2019 3419">
     <span class='ocr_line' id='line_1_62' title="bbox 435 3344 2019 3419; baseline 0.004 -21"><span class='ocrx_word' id='word_1_462' title='bbox 435 3344 545 3399; x_wconf 85' lang='lat' dir='ltr'><strong>rari</strong></span> <span class='ocrx_word' id='word_1_463' title='bbox 567 3345 867 3414; x_wconf 89' lang='lat' dir='ltr'><strong>permirum</strong></span> <span class='ocrx_word' id='word_1_464' title='bbox 902 3345 1030 3399; x_wconf 87' lang='lat' dir='ltr'><strong>mihi</strong></span> <span class='ocrx_word' id='word_1_465' title='bbox 1062 3347 1293 3402; x_wconf 86' lang='lat' dir='ltr'><strong>videtur.</strong></span> <span class='ocrx_word' id='word_1_466' title='bbox 1328 3347 1440 3403; x_wconf 88' lang='lat' dir='ltr'><strong>Nec</strong></span> <span class='ocrx_word' id='word_1_467' title='bbox 1463 3348 1664 3405; x_wconf 88' lang='lat' dir='ltr'><strong>desunt</strong></span> <span class='ocrx_word' id='word_1_468' title='bbox 1693 3349 1808 3410; x_wconf 87' lang='lat' dir='ltr'><strong>alii,</strong></span> <span class='ocrx_word' id='word_1_469' title='bbox 1840 3350 1930 3419; x_wconf 90' lang='lat' dir='ltr'><strong>qui</strong></span> <span class='ocrx_word' id='word_1_470' title='bbox 1963 3348 2019 3404; x_wconf 89' lang='lat' dir='ltr'><strong>in</strong></span> 
     </span>
    </p>
   </div>
   <div class='ocr_carea' id='block_1_63' title="bbox 2127 3343 3711 3420">
    <p class='ocr_par' dir='ltr' id='par_1_63' title="bbox 2127 3343 3711 3420">
     <span class='ocr_line' id='line_1_63' title="bbox 2127 3343 3711 3420; baseline -0.004 -17"><span class='ocrx_word' id='word_1_471' title='bbox 2127 3348 2439 3420; x_wconf 76' lang='grc' dir='ltr'>γράψαντες</span> <span class='ocrx_word' id='word_1_472' title='bbox 2460 3345 2750 3417; x_wconf 80' lang='grc' dir='ltr'>ἐπιστολὴν</span> <span class='ocrx_word' id='word_1_473' title='bbox 2775 3346 2832 3398; x_wconf 77' lang='grc' dir='ltr'><strong>ἐν</strong></span> <span class='ocrx_word' id='word_1_474' title='bbox 2862 3347 2928 3417; x_wconf 80' lang='grc' dir='ltr'>τῇ</span> <span class='ocrx_word' id='word_1_475' title='bbox 2966 3345 3199 3416; x_wconf 77' lang='grc' dir='ltr'>Ἀραϐίᾳ</span> <span class='ocrx_word' id='word_1_476' title='bbox 3228 3343 3364 3417; x_wconf 88' lang='grc' dir='ltr'>πρός</span> <span class='ocrx_word' id='word_1_477' title='bbox 3386 3360 3540 3406; x_wconf 87' lang='grc' dir='ltr'>τινας</span> <span class='ocrx_word' id='word_1_478' title='bbox 3563 3343 3711 3397; x_wconf 84' lang='grc' dir='ltr'><strong>κατά</strong></span> 
     </span>
    </p>
   </div>
   <div class='ocr_carea' id='block_1_64' title="bbox 432 3434 2019 3511">
    <p class='ocr_par' dir='ltr' id='par_1_64' title="bbox 432 3434 2019 3511">
     <span class='ocr_line' id='line_1_64' title="bbox 432 3434 2019 3511; baseline 0.004 -22"><span class='ocrx_word' id='word_1_479' title='bbox 432 3434 626 3490; x_wconf 89' lang='lat' dir='ltr'><strong>eodem</strong></span> <span class='ocrx_word' id='word_1_480' title='bbox 664 3451 854 3492; x_wconf 85' lang='lat' dir='ltr'><strong>errore</strong></span> <span class='ocrx_word' id='word_1_481' title='bbox 903 3447 1217 3505; x_wconf 83' lang='lat' dir='ltr'><strong>versantur,</strong></span> <span class='ocrx_word' id='word_1_482' title='bbox 1271 3455 1412 3511; x_wconf 91' lang='lat' dir='ltr'><strong>quos</strong></span> <span class='ocrx_word' id='word_1_483' title='bbox 1461 3440 1604 3495; x_wconf 89' lang='lat' dir='ltr'><strong>inter</strong></span> <span class='ocrx_word' id='word_1_484' title='bbox 1635 3439 2019 3496; x_wconf 85' lang='lat' dir='ltr'><strong>schismaticos</strong></span> 
     </span>
    </p>
   </div>
   <div class='ocr_carea' id='block_1_65' title="bbox 2127 3434 3710 3511">
    <p class='ocr_par' dir='ltr' id='par_1_65' title="bbox 2127 3434 3710 3508">
     <span class='ocr_line' id='line_1_65' title="bbox 2127 3434 3710 3508; baseline -0.005 -14"><span class='ocrx_word' id='word_1_485' title='bbox 2127 3439 2235 3494; x_wconf 90' lang='grc' dir='ltr'><strong>τῶν</strong></span> <span class='ocrx_word' id='word_1_486' title='bbox 2263 3439 2420 3493; x_wconf 79' lang='grc' dir='ltr'>τοῦτο</span> <span class='ocrx_word' id='word_1_487' title='bbox 2445 3438 2730 3508; x_wconf 87' lang='grc' dir='ltr'>λεγόντων.</span> <span class='ocrx_word' id='word_1_488' title='bbox 2765 3436 2942 3491; x_wconf 82' lang='grc' dir='ltr'>Πολλὰ</span> <span class='ocrx_word' id='word_1_489' title='bbox 2971 3437 3026 3491; x_wconf 84' lang='grc' dir='ltr'>δὲ</span> <span class='ocrx_word' id='word_1_490' title='bbox 3051 3439 3231 3490; x_wconf 78' lang='grc' dir='ltr'>ἐκεῖσε</span> <span class='ocrx_word' id='word_1_491' title='bbox 3259 3436 3387 3507; x_wconf 74' lang='grc' dir='ltr'>περὶ</span> <span class='ocrx_word' id='word_1_492' title='bbox 3416 3434 3606 3492; x_wconf 82' lang='grc' dir='ltr'>τούτου</span> <span class='ocrx_word' id='word_1_493' title='bbox 3629 3435 3710 3486; x_wconf 88' lang='grc' dir='ltr'>εἰ-</span> 
     </span>
    </p>
   </div>
   <div class='ocr_carea' id='block_1_66' title="bbox 439 3527 2019 3604">
    <p class='ocr_par' dir='ltr' id='par_1_66' title="bbox 439 3527 2019 3602">
     <span class='ocr_line' id='line_1_66' title="bbox 439 3527 2019 3602; baseline 0.004 -22"><span class='ocrx_word' id='word_1_494' title='bbox 439 3527 647 3597; x_wconf 72' lang='lat'><strong>1031</strong></span> <span class='ocrx_word' id='word_1_495' title='bbox 689 3529 1100 3585; x_wconf 83' lang='lat' dir='ltr'><strong>numeravimus</strong></span> <span class='ocrx_word' id='word_1_496' title='bbox 1133 3532 1188 3585; x_wconf 82' lang='lat' dir='ltr'><strong>in</strong></span> <span class='ocrx_word' id='word_1_497' title='bbox 1227 3546 1290 3587; x_wconf 90' lang='lat' dir='ltr'><strong>ea</strong></span> <span class='ocrx_word' id='word_1_498' title='bbox 1322 3532 1584 3602; x_wconf 88' lang='lat' dir='ltr'><strong>epistola,</strong></span> <span class='ocrx_word' id='word_1_499' title='bbox 1619 3547 1782 3602; x_wconf 91' lang='lat' dir='ltr'><strong>quam</strong></span> <span class='ocrx_word' id='word_1_500' title='bbox 1813 3533 2019 3588; x_wconf 88' lang='lat' dir='ltr'><strong>amico-</strong></span> 
     </span>
    </p>
   </div>
   <div class='ocr_carea' id='block_1_67' title="bbox 2127 3527 3710 3604">
    <p class='ocr_par' dir='ltr' id='par_1_67' title="bbox 2129 3527 3710 3604">
     <span class='ocr_line' id='line_1_67' title="bbox 2129 3527 3710 3604; baseline -0.003 -18"><span class='ocrx_word' id='word_1_501' title='bbox 2129 3533 2379 3604; x_wconf 82' lang='grc' dir='ltr'>ρήκαμεν</span> <span class='ocrx_word' id='word_1_502' title='bbox 2399 3530 2457 3584; x_wconf 84' lang='grc' dir='ltr'>ὲν</span> <span class='ocrx_word' id='word_1_503' title='bbox 2480 3529 2546 3602; x_wconf 80' lang='grc' dir='ltr'>τῇ</span> <span class='ocrx_word' id='word_1_504' title='bbox 2582 3530 2701 3584; x_wconf 83' lang='grc' dir='ltr'>κατ’</span> <span class='ocrx_word' id='word_1_505' title='bbox 2729 3530 2927 3592; x_wconf 80' lang='grc' dir='ltr'>αὐτοὺς</span> <span class='ocrx_word' id='word_1_506' title='bbox 2960 3528 3235 3585; x_wconf 82' lang='grc' dir='ltr'>ὑποθέσει.</span> <span class='ocrx_word' id='word_1_507' title='bbox 3276 3527 3524 3602; x_wconf 81' lang='grc' dir='ltr'>Καθεξῆς</span> <span class='ocrx_word' id='word_1_508' title='bbox 3555 3527 3614 3582; x_wconf 80' lang='grc' dir='ltr'>δὲ</span> <span class='ocrx_word' id='word_1_509' title='bbox 3647 3528 3710 3582; x_wconf 76' lang='grc' dir='ltr'>ἑν</span> 
     </span>
    </p>
   </div>
   <div class='ocr_carea' id='block_1_68' title="bbox 434 3618 2019 3700">
    <p class='ocr_par' dir='ltr' id='par_1_68' title="bbox 434 3619 2019 3700">
     <span class='ocr_line' id='line_1_68' title="bbox 434 3619 2019 3700; baseline 0.005 -29"><span class='ocrx_word' id='word_1_510' title='bbox 434 3631 560 3672; x_wconf 87' lang='lat' dir='ltr'><strong>rum</strong></span> <span class='ocrx_word' id='word_1_511' title='bbox 600 3620 823 3673; x_wconf 87' lang='lat' dir='ltr'><strong>hortatu</strong></span> <span class='ocrx_word' id='word_1_512' title='bbox 860 3619 1320 3700; x_wconf 55' lang='lat' dir='ltr'><strong>adversusjllius</strong></span> <span class='ocrx_word' id='word_1_513' title='bbox 1351 3624 1622 3695; x_wconf 82' lang='lat' dir='ltr'><strong>dogmatis</strong></span> <span class='ocrx_word' id='word_1_514' title='bbox 1662 3635 1924 3696; x_wconf 87' lang='lat' dir='ltr'><strong>patronos</strong></span> <span class='ocrx_word' id='word_1_515' title='bbox 1953 3623 2019 3679; x_wconf 91' lang='lat' dir='ltr'><strong>ad</strong></span> 
     </span>
    </p>
   </div>
   <div class='ocr_carea' id='block_1_69' title="bbox 2127 3618 3321 3700">
    <p class='ocr_par' dir='ltr' id='par_1_69' title="bbox 2127 3618 3321 3693">
     <span class='ocr_line' id='line_1_69' title="bbox 2127 3618 3321 3693; baseline -0.002 -17"><span class='ocrx_word' id='word_1_516' title='bbox 2127 3621 2248 3693; x_wconf 88' lang='grc' dir='ltr'><strong>Θεῷ</strong></span> <span class='ocrx_word' id='word_1_517' title='bbox 2276 3622 2371 3676; x_wconf 75' lang='grc' dir='ltr'><strong>καὶ</strong></span> <span class='ocrx_word' id='word_1_518' title='bbox 2403 3620 2572 3693; x_wconf 80' lang='grc' dir='ltr'>αὐτὴν</span> <span class='ocrx_word' id='word_1_519' title='bbox 2601 3620 2906 3685; x_wconf 78' lang='grc' dir='ltr'>ἰδιάζουσαν</span> <span class='ocrx_word' id='word_1_520' title='bbox 2936 3618 3321 3689; x_wconf 77' lang='grc' dir='ltr'>καθυποτάξω.</span> 
     </span>
    </p>
   </div>
   <div class='ocr_carea' id='block_1_70' title="bbox 434 3709 3707 3790">
    <p class='ocr_par' dir='ltr' id='par_1_70' title="bbox 434 3709 3707 3790">
     <span class='ocr_line' id='line_1_70' title="bbox 434 3709 3707 3790; baseline 0 -22"><span class='ocrx_word' id='word_1_521' title='bbox 434 3714 735 3770; x_wconf 85' lang='lat' dir='ltr'><strong>nonnullos</strong></span> <span class='ocrx_word' id='word_1_522' title='bbox 781 3715 838 3768; x_wconf 85' lang='lat' dir='ltr'><strong>in</strong></span> <span class='ocrx_word' id='word_1_523' title='bbox 876 3715 1076 3772; x_wconf 82' lang='lat' dir='ltr'><strong>Arabia</strong></span> <span class='ocrx_word' id='word_1_524' title='bbox 1107 3716 1432 3787; x_wconf 90' lang='lat' dir='ltr'><strong>scripsimus</strong></span> <span class='ocrx_word' id='word_1_525' title='bbox 1475 3737 1489 3774; x_wconf 93' lang='lat'>:</span> <span class='ocrx_word' id='word_1_526' title='bbox 1531 3718 1588 3773; x_wconf 93' lang='lat' dir='ltr'><strong>in</strong></span> <span class='ocrx_word' id='word_1_527' title='bbox 1625 3733 1733 3790; x_wconf 89' lang='lat' dir='ltr'><strong>qua</strong></span> <span class='ocrx_word' id='word_1_528' title='bbox 1769 3717 2016 3789; x_wconf 87' lang='lat' dir='ltr'><strong>pluribus</strong></span> <span class='ocrx_word' id='word_1_529' title='bbox 2047 3731 2237 3772; x_wconf 89' lang='lat' dir='ltr'><strong>contra</strong></span> <span class='ocrx_word' id='word_1_530' title='bbox 2269 3714 2394 3770; x_wconf 92' lang='lat' dir='ltr'><strong>illos</strong></span> <span class='ocrx_word' id='word_1_531' title='bbox 2445 3712 2515 3769; x_wconf 90' lang='lat' dir='ltr'><strong>de</strong></span> <span class='ocrx_word' id='word_1_532' title='bbox 2571 3713 2674 3767; x_wconf 87' lang='lat' dir='ltr'><strong>hoc</strong></span> <span class='ocrx_word' id='word_1_533' title='bbox 2740 3721 3066 3784; x_wconf 84' lang='lat' dir='ltr'><strong>argumento</strong></span> <span class='ocrx_word' id='word_1_534' title='bbox 3110 3709 3531 3782; x_wconf 77' lang='lat' dir='ltr'><strong>disputavimus.</strong></span> <span class='ocrx_word' id='word_1_535' title='bbox 3571 3709 3707 3768; x_wconf 85' lang='lat' dir='ltr'><strong>Eam</strong></span> 
     </span>
    </p>
   </div>
   <div class='ocr_carea' id='block_1_71' title="bbox 434 3804 2927 3880">
    <p class='ocr_par' dir='ltr' id='par_1_71' title="bbox 434 3804 2927 3880">
     <span class='ocr_line' id='line_1_71' title="bbox 434 3804 2927 3880; baseline -0 -20"><span class='ocrx_word' id='word_1_536' title='bbox 434 3819 538 3860; x_wconf 83' lang='lat' dir='ltr'><strong>nos</strong></span> <span class='ocrx_word' id='word_1_537' title='bbox 571 3818 700 3860; x_wconf 83' lang='lat' dir='ltr'><strong>vero</strong></span> <span class='ocrx_word' id='word_1_538' title='bbox 750 3804 1015 3872; x_wconf 84' lang='lat' dir='ltr'><strong>haeresin,</strong></span> <span class='ocrx_word' id='word_1_539' title='bbox 1049 3806 1354 3878; x_wconf 83' lang='lat' dir='ltr'><strong>Opitulante</strong></span> <span class='ocrx_word' id='word_1_540' title='bbox 1395 3807 1507 3863; x_wconf 87' lang='lat' dir='ltr'><strong>Deo</strong></span> <span class='ocrx_word' id='word_1_541' title='bbox 1532 3849 1548 3876; x_wconf 94' lang='lat'><strong>,</strong></span> <span class='ocrx_word' id='word_1_542' title='bbox 1581 3811 1877 3880; x_wconf 87' lang='lat' dir='ltr'><strong>separatim</strong></span> <span class='ocrx_word' id='word_1_543' title='bbox 1919 3825 1983 3863; x_wconf 88' lang='lat' dir='ltr'><strong>ac</strong></span> <span class='ocrx_word' id='word_1_544' title='bbox 2015 3822 2116 3865; x_wconf 92' lang='lat' dir='ltr'><strong>suo</strong></span> <span class='ocrx_word' id='word_1_545' title='bbox 2143 3807 2267 3862; x_wconf 91' lang='lat' dir='ltr'><strong>loco</strong></span> <span class='ocrx_word' id='word_1_546' title='bbox 2299 3811 2488 3876; x_wconf 89' lang='lat' dir='ltr'><strong>postea</strong></span> <span class='ocrx_word' id='word_1_547' title='bbox 2531 3817 2927 3875; x_wconf 86' lang='lat' dir='ltr'><strong>proponemus.</strong></span> 
     </span>
    </p>
   </div>
   <div class='ocr_carea' id='block_1_72' title="bbox 503 3919 2021 3994">
    <p class='ocr_par' dir='ltr' id='par_1_72' title="bbox 503 3919 2021 3994">
     <span class='ocr_line' id='line_1_72' title="bbox 503 3919 2021 3994; baseline 0.002 -14"><span class='ocrx_word' id='word_1_548' title='bbox 503 3919 624 3980; x_wconf 64' lang='lat' dir='ltr'><strong>Iam</strong></span> <span class='ocrx_word' id='word_1_549' title='bbox 652 3937 782 3978; x_wconf 90' lang='lat' dir='ltr'><strong>vero</strong></span> <span class='ocrx_word' id='word_1_550' title='bbox 830 3922 995 3979; x_wconf 89' lang='lat' dir='ltr'><strong>etiam</strong></span> <span class='ocrx_word' id='word_1_551' title='bbox 1037 3923 1142 3980; x_wconf 89' lang='lat' dir='ltr'><strong>hoc</strong></span> <span class='ocrx_word' id='word_1_552' title='bbox 1185 3923 1521 3994; x_wconf 85' lang='lat' dir='ltr'><strong>Apollinaris</strong></span> <span class='ocrx_word' id='word_1_553' title='bbox 1567 3940 1692 3982; x_wconf 88' lang='lat' dir='ltr'><strong>esse</strong></span> <span class='ocrx_word' id='word_1_554' title='bbox 1739 3924 2021 3983; x_wconf 88' lang='lat' dir='ltr'><strong>decretum</strong></span> 
     </span>
    </p>
   </div>
   <div class='ocr_carea' id='block_1_73' title="bbox 436 4012 2023 4085">
    <p class='ocr_par' dir='ltr' id='par_1_73' title="bbox 436 4012 2023 4085">
     <span class='ocr_line' id='line_1_73' title="bbox 436 4012 2023 4085; baseline 0 -17"><span class='ocrx_word' id='word_1_555' title='bbox 436 4013 686 4071; x_wconf 86' lang='lat' dir='ltr'><strong>nonnulli</strong></span> <span class='ocrx_word' id='word_1_556' title='bbox 727 4012 1050 4085; x_wconf 79' lang='lat' dir='ltr'><strong>praedicant,</strong></span> <span class='ocrx_word' id='word_1_557' title='bbox 1098 4013 1157 4068; x_wconf 91' lang='lat' dir='ltr'><strong>in</strong></span> <span class='ocrx_word' id='word_1_558' title='bbox 1202 4013 1374 4084; x_wconf 84' lang='lat' dir='ltr'><strong>priori</strong></span> <span class='ocrx_word' id='word_1_559' title='bbox 1423 4013 1829 4072; x_wconf 84' lang='lat' dir='ltr'><strong>resurrectione</strong></span> <span class='ocrx_word' id='word_1_560' title='bbox 1876 4013 2023 4068; x_wconf 90' lang='lat' dir='ltr'><strong>mille</strong></span> 
     </span>
    </p>
   </div>
   <div class='ocr_carea' id='block_1_74' title="bbox 436 4105 2019 4176">
    <p class='ocr_par' dir='ltr' id='par_1_74' title="bbox 436 4105 2019 4176">
     <span class='ocr_line' id='line_1_74' title="bbox 436 4105 2019 4176; baseline 0.001 -16"><span class='ocrx_word' id='word_1_561' title='bbox 436 4121 544 4163; x_wconf 87' lang='lat' dir='ltr'><strong>nos</strong></span> <span class='ocrx_word' id='word_1_562' title='bbox 589 4121 859 4164; x_wconf 89' lang='lat' dir='ltr'><strong>annorum</strong></span> <span class='ocrx_word' id='word_1_563' title='bbox 907 4107 1144 4176; x_wconf 87' lang='lat' dir='ltr'><strong>spatium</strong></span> <span class='ocrx_word' id='word_1_564' title='bbox 1203 4105 1396 4165; x_wconf 91' lang='lat' dir='ltr'><strong>iisdem</strong></span> <span class='ocrx_word' id='word_1_565' title='bbox 1443 4106 1498 4160; x_wconf 92' lang='lat' dir='ltr'><strong>in</strong></span> <span class='ocrx_word' id='word_1_566' title='bbox 1551 4106 1673 4160; x_wconf 85' lang='lat' dir='ltr'><strong>vitae</strong></span> <span class='ocrx_word' id='word_1_567' title='bbox 1727 4105 2019 4172; x_wconf 89' lang='lat' dir='ltr'><strong>institutis,</strong></span> 
     </span>
    </p>
   </div>
   <div class='ocr_carea' id='block_1_75' title="bbox 436 4198 2023 4270">
    <p class='ocr_par' dir='ltr' id='par_1_75' title="bbox 436 4198 2023 4270">
     <span class='ocr_line' id='line_1_75' title="bbox 436 4198 2023 4270; baseline -0.001 -14"><span class='ocrx_word' id='word_1_568' title='bbox 436 4199 641 4270; x_wconf 88' lang='lat' dir='ltr'><strong>quibus</strong></span> <span class='ocrx_word' id='word_1_569' title='bbox 692 4214 840 4259; x_wconf 90' lang='lat' dir='ltr'><strong>nunc</strong></span> <span class='ocrx_word' id='word_1_570' title='bbox 874 4199 1103 4266; x_wconf 90' lang='lat' dir='ltr'><strong>utimur,</strong></span> <span class='ocrx_word' id='word_1_571' title='bbox 1156 4215 1280 4256; x_wconf 84' lang='lat' dir='ltr'><strong>esse</strong></span> <span class='ocrx_word' id='word_1_572' title='bbox 1313 4198 1700 4266; x_wconf 80' lang='lat' dir='ltr'><strong>confecturos,</strong></span> <span class='ocrx_word' id='word_1_573' title='bbox 1752 4208 1813 4254; x_wconf 91' lang='lat' dir='ltr'><strong>ut</strong></span> <span class='ocrx_word' id='word_1_574' title='bbox 1857 4206 1912 4254; x_wconf 91' lang='lat' dir='ltr'><strong>et</strong></span> <span class='ocrx_word' id='word_1_575' title='bbox 1952 4200 2023 4254; x_wconf 91' lang='lat' dir='ltr'><strong>le-</strong></span> 
     </span>
    </p>
   </div>
   <div class='ocr_carea' id='block_1_76' title="bbox 436 4289 2014 4362">
    <p class='ocr_par' dir='ltr' id='par_1_76' title="bbox 436 4289 2014 4362">
     <span class='ocr_line' id='line_1_76' title="bbox 436 4289 2014 4362; baseline -0.001 -16"><span class='ocrx_word' id='word_1_576' title='bbox 436 4305 558 4362; x_wconf 85' lang='lat' dir='ltr'><strong>gem</strong></span> <span class='ocrx_word' id='word_1_577' title='bbox 597 4305 724 4351; x_wconf 86' lang='lat' dir='ltr'><strong>cum</strong></span> <span class='ocrx_word' id='word_1_578' title='bbox 759 4291 884 4350; x_wconf 89' lang='lat' dir='ltr'><strong>aliis</strong></span> <span class='ocrx_word' id='word_1_579' title='bbox 927 4291 1283 4348; x_wconf 88' lang='lat' dir='ltr'><strong>observemus</strong></span> <span class='ocrx_word' id='word_1_580' title='bbox 1323 4291 1604 4355; x_wconf 85' lang='lat' dir='ltr'><strong>omnibus,</strong></span> <span class='ocrx_word' id='word_1_581' title='bbox 1649 4298 1706 4346; x_wconf 88' lang='lat' dir='ltr'><strong>et</strong></span> <span class='ocrx_word' id='word_1_582' title='bbox 1747 4289 2014 4362; x_wconf 89' lang='lat' dir='ltr'><strong>quidquid</strong></span> 
     </span>
    </p>
   </div>
   <div class='ocr_carea' id='block_1_77' title="bbox 434 4380 2014 4453">
    <p class='ocr_par' dir='ltr' id='par_1_77' title="bbox 434 4380 2014 4453">
     <span class='ocr_line' id='line_1_77' title="bbox 434 4380 2014 4453; baseline -0.002 -16"><span class='ocrx_word' id='word_1_583' title='bbox 434 4391 521 4438; x_wconf 86' lang='lat' dir='ltr'><strong>est</strong></span> <span class='ocrx_word' id='word_1_584' title='bbox 564 4383 620 4438; x_wconf 88' lang='lat' dir='ltr'><strong>in</strong></span> <span class='ocrx_word' id='word_1_585' title='bbox 658 4382 885 4450; x_wconf 83' lang='lat' dir='ltr'><strong>mundo,</strong></span> <span class='ocrx_word' id='word_1_586' title='bbox 919 4382 1070 4453; x_wconf 90' lang='lat' dir='ltr'><strong>quod</strong></span> <span class='ocrx_word' id='word_1_587' title='bbox 1108 4383 1178 4437; x_wconf 87' lang='lat' dir='ltr'><strong>ad</strong></span> <span class='ocrx_word' id='word_1_588' title='bbox 1222 4398 1385 4438; x_wconf 88' lang='lat' dir='ltr'><strong>usum</strong></span> <span class='ocrx_word' id='word_1_589' title='bbox 1419 4382 1803 4453; x_wconf 88' lang='lat' dir='ltr'><strong>quotidianum</strong></span> <span class='ocrx_word' id='word_1_590' title='bbox 1843 4380 2014 4451; x_wconf 82' lang='lat' dir='ltr'><strong>perti-</strong></span> 
     </span>
    </p>
   </div>
   <div class='ocr_carea' id='block_1_78' title="bbox 435 4473 2015 4544">
    <p class='ocr_par' dir='ltr' id='par_1_78' title="bbox 435 4473 2015 4544">
     <span class='ocr_line' id='line_1_78' title="bbox 435 4473 2015 4544; baseline 0 -18"><span class='ocrx_word' id='word_1_591' title='bbox 435 4481 553 4539; x_wconf 76' lang='lat' dir='ltr'><strong>net,</strong></span> <span class='ocrx_word' id='word_1_592' title='bbox 580 4473 732 4529; x_wconf 89' lang='lat' dir='ltr'><strong>velut</strong></span> <span class='ocrx_word' id='word_1_593' title='bbox 762 4475 1004 4544; x_wconf 89' lang='lat' dir='ltr'><strong>nuptias,</strong></span> <span class='ocrx_word' id='word_1_594' title='bbox 1032 4473 1533 4538; x_wconf 89' lang='lat' dir='ltr'><strong>circumcisionem,</strong></span> <span class='ocrx_word' id='word_1_595' title='bbox 1567 4489 1631 4528; x_wconf 90' lang='lat' dir='ltr'><strong>ac</strong></span> <span class='ocrx_word' id='word_1_596' title='bbox 1665 4481 1864 4528; x_wconf 60' lang='lat' dir='ltr'><strong>cetera</strong></span> <span class='ocrx_word' id='word_1_597' title='bbox 1897 4487 2015 4527; x_wconf 88' lang='lat' dir='ltr'><strong>om-</strong></span> 
     </span>
    </p>
   </div>
   <div class='ocr_carea' id='block_1_79' title="bbox 2165 3918 3711 3992">
    <p class='ocr_par' dir='ltr' id='par_1_79' title="bbox 2165 3918 3711 3992">
     <span class='ocr_line' id='line_1_79' title="bbox 2165 3918 3711 3992; baseline -0.006 -11"><span class='ocrx_word' id='word_1_598' title='bbox 2165 3921 2377 3981; x_wconf 60' lang='grc' dir='ltr'>κ”Αλλοι</span> <span class='ocrx_word' id='word_1_599' title='bbox 2408 3921 2466 3976; x_wconf 81' lang='grc' dir='ltr'>δὲ</span> <span class='ocrx_word' id='word_1_600' title='bbox 2491 3921 2698 3992; x_wconf 80' lang='grc' dir='ltr'>ἔφασαν</span> <span class='ocrx_word' id='word_1_601' title='bbox 2721 3919 2813 3977; x_wconf 82' lang='grc' dir='ltr'><strong>τὸν</strong></span> <span class='ocrx_word' id='word_1_602' title='bbox 2840 3919 3071 3992; x_wconf 88' lang='grc' dir='ltr'>γέροντα</span> <span class='ocrx_word' id='word_1_603' title='bbox 3102 3918 3403 3991; x_wconf 77' lang='grc' dir='ltr'>εἰρηκέναι,</span> <span class='ocrx_word' id='word_1_604' title='bbox 3432 3919 3517 3973; x_wconf 83' lang='grc' dir='ltr'><strong>ὅτι</strong></span> <span class='ocrx_word' id='word_1_605' title='bbox 3552 3919 3615 3972; x_wconf 80' lang='grc' dir='ltr'>ἐν</span> <span class='ocrx_word' id='word_1_606' title='bbox 3633 3921 3711 3992; x_wconf 69' lang='grc' dir='ltr'>τῇ</span> 
     </span>
    </p>
   </div>
   <div class='ocr_carea' id='block_1_80' title="bbox 2120 4013 3708 4089">
    <p class='ocr_par' dir='ltr' id='par_1_80' title="bbox 2120 4013 3708 4089">
     <span class='ocr_line' id='line_1_80' title="bbox 2120 4013 3708 4089; baseline -0.003 -18"><span class='ocrx_word' id='word_1_607' title='bbox 2120 4018 2312 4089; x_wconf 83' lang='grc' dir='ltr'>πρώτῃ</span> <span class='ocrx_word' id='word_1_608' title='bbox 2337 4015 2631 4071; x_wconf 87' lang='grc' dir='ltr'>ἀναστάσει</span> <span class='ocrx_word' id='word_1_609' title='bbox 2662 4015 3132 4087; x_wconf 89' lang='grc' dir='ltr'>χιλιονταετηρίδα</span> <span class='ocrx_word' id='word_1_610' title='bbox 3163 4014 3289 4068; x_wconf 81' lang='grc' dir='ltr'>τι.νά</span> <span class='ocrx_word' id='word_1_611' title='bbox 3325 4013 3708 4085; x_wconf 79' lang='grc' dir='ltr'>ἐπιτελοῦμεν,</span> 
     </span>
    </p>
   </div>
   <div class='ocr_carea' id='block_1_81' title="bbox 2117 4105 3708 4178">
    <p class='ocr_par' dir='ltr' id='par_1_81' title="bbox 2117 4105 3708 4178">
     <span class='ocr_line' id='line_1_81' title="bbox 2117 4105 3708 4178; baseline -0.002 -17"><span class='ocrx_word' id='word_1_612' title='bbox 2117 4110 2230 4172; x_wconf 89' lang='grc' dir='ltr'>τοῖς</span> <span class='ocrx_word' id='word_1_613' title='bbox 2257 4107 2439 4170; x_wconf 82' lang='grc' dir='ltr'>αὐτοῖς</span> <span class='ocrx_word' id='word_1_614' title='bbox 2464 4105 2964 4178; x_wconf 81' lang='grc' dir='ltr'>ὲμπολιτευόμενοι,</span> <span class='ocrx_word' id='word_1_615' title='bbox 2993 4106 3199 4169; x_wconf 81' lang='grc' dir='ltr'>ὁποίοις</span> <span class='ocrx_word' id='word_1_616' title='bbox 3225 4106 3318 4158; x_wconf 80' lang='grc' dir='ltr'>καὶ</span> <span class='ocrx_word' id='word_1_617' title='bbox 3354 4105 3472 4171; x_wconf 83' lang='grc' dir='ltr'>νῦν,</span> <span class='ocrx_word' id='word_1_618' title='bbox 3508 4105 3586 4169; x_wconf 81' lang='grc' dir='ltr'>ὡς</span> <span class='ocrx_word' id='word_1_619' title='bbox 3609 4105 3708 4159; x_wconf 76' lang='grc' dir='ltr'><strong>καὶ</strong></span> 
     </span>
    </p>
   </div>
   <div class='ocr_carea' id='block_1_82' title="bbox 2118 4198 3708 4272">
    <p class='ocr_par' dir='ltr' id='par_1_82' title="bbox 2118 4198 3708 4272">
     <span class='ocr_line' id='line_1_82' title="bbox 2118 4198 3708 4272; baseline -0.002 -18"><span class='ocrx_word' id='word_1_620' title='bbox 2118 4200 2281 4271; x_wconf 88' lang='grc' dir='ltr'>νόμον</span> <span class='ocrx_word' id='word_1_621' title='bbox 2332 4201 2426 4253; x_wconf 78' lang='grc' dir='ltr'><strong>καὶ</strong></span> <span class='ocrx_word' id='word_1_622' title='bbox 2454 4198 2588 4253; x_wconf 80' lang='grc' dir='ltr'>ἄλλα</span> <span class='ocrx_word' id='word_1_623' title='bbox 2607 4198 2986 4266; x_wconf 78' lang='grc' dir='ltr'>φυλάττοντες,</span> <span class='ocrx_word' id='word_1_624' title='bbox 3017 4198 3109 4253; x_wconf 80' lang='grc' dir='ltr'><strong>καὶ</strong></span> <span class='ocrx_word' id='word_1_625' title='bbox 3130 4199 3310 4253; x_wconf 86' lang='grc' dir='ltr'>πάντα</span> <span class='ocrx_word' id='word_1_626' title='bbox 3334 4198 3434 4268; x_wconf 86' lang='grc' dir='ltr'>τῆς</span> <span class='ocrx_word' id='word_1_627' title='bbox 3456 4199 3708 4272; x_wconf 77' lang='grc' dir='ltr'>χρήσεως</span> 
     </span>
    </p>
   </div>
   <div class='ocr_carea' id='block_1_83' title="bbox 2117 4289 3707 4365">
    <p class='ocr_par' dir='ltr' id='par_1_83' title="bbox 2117 4289 3707 4365">
     <span class='ocr_line' id='line_1_83' title="bbox 2117 4289 3707 4365; baseline 0 -21"><span class='ocrx_word' id='word_1_628' title='bbox 2117 4291 2217 4361; x_wconf 84' lang='grc' dir='ltr'><strong>τῆς</strong></span> <span class='ocrx_word' id='word_1_629' title='bbox 2247 4293 2305 4344; x_wconf 87' lang='grc' dir='ltr'>ὲν</span> <span class='ocrx_word' id='word_1_630' title='bbox 2335 4289 2412 4362; x_wconf 86' lang='grc' dir='ltr'><strong>τῷ</strong></span> <span class='ocrx_word' id='word_1_631' title='bbox 2451 4290 2661 4361; x_wconf 83' lang='grc' dir='ltr'>κόσμῳ,</span> <span class='ocrx_word' id='word_1_632' title='bbox 2698 4289 2878 4360; x_wconf 88' lang='grc' dir='ltr'>γάμου</span> <span class='ocrx_word' id='word_1_633' title='bbox 2902 4307 2963 4343; x_wconf 90' lang='grc' dir='ltr'><strong>τε</strong></span> <span class='ocrx_word' id='word_1_634' title='bbox 2987 4290 3079 4343; x_wconf 76' lang='grc' dir='ltr'>καὶ</span> <span class='ocrx_word' id='word_1_635' title='bbox 3115 4290 3437 4365; x_wconf 82' lang='grc' dir='ltr'>περιτομῆς,</span> <span class='ocrx_word' id='word_1_636' title='bbox 3469 4290 3564 4346; x_wconf 77' lang='grc' dir='ltr'><strong>καὶ</strong></span> <span class='ocrx_word' id='word_1_637' title='bbox 3592 4289 3707 4344; x_wconf 83' lang='grc' dir='ltr'><strong>τῶν</strong></span> 
     </span>
    </p>
   </div>
   <div class='ocr_carea' id='block_1_84' title="bbox 2119 4380 3708 4454">
    <p class='ocr_par' dir='ltr' id='par_1_84' title="bbox 2119 4380 3708 4454">
     <span class='ocr_line' id='line_1_84' title="bbox 2119 4380 3708 4454; baseline -0.001 -17"><span class='ocrx_word' id='word_1_638' title='bbox 2119 4381 2295 4437; x_wconf 75' lang='grc' dir='ltr'>ἄλλων</span> <span class='ocrx_word' id='word_1_639' title='bbox 2345 4381 2693 4453; x_wconf 75' lang='grc' dir='ltr'>μετέχοντεςο</span> <span class='ocrx_word' id='word_1_640' title='bbox 2723 4383 2859 4453; x_wconf 81' lang='grc' dir='ltr'>ὅπερ</span> <span class='ocrx_word' id='word_1_641' title='bbox 2890 4383 2948 4436; x_wconf 72' lang='grc' dir='ltr'>οὔ</span> <span class='ocrx_word' id='word_1_642' title='bbox 2985 4383 3126 4438; x_wconf 88' lang='grc' dir='ltr'>πάνυ</span> <span class='ocrx_word' id='word_1_643' title='bbox 3159 4384 3290 4454; x_wconf 83' lang='grc' dir='ltr'><strong>περί</strong></span> <span class='ocrx_word' id='word_1_644' title='bbox 3333 4380 3500 4437; x_wconf 75' lang='grc' dir='ltr'>αὑτοῦ</span> <span class='ocrx_word' id='word_1_645' title='bbox 3540 4397 3708 4437; x_wconf 81' lang='grc' dir='ltr'>πεπι-</span> 
     </span>
    </p>
   </div>
   <div class='ocr_carea' id='block_1_85' title="bbox 2124 4471 3707 4544">
    <p class='ocr_par' dir='ltr' id='par_1_85' title="bbox 2124 4471 3707 4544">
     <span class='ocr_line' id='line_1_85' title="bbox 2124 4471 3707 4544; baseline 0 -18"><span class='ocrx_word' id='word_1_646' title='bbox 2124 4472 2450 4544; x_wconf 86' lang='grc' dir='ltr'>στεύκαμεν.</span> <span class='ocrx_word' id='word_1_647' title='bbox 2493 4473 2582 4538; x_wconf 80' lang='grc' dir='ltr'>Ὠς</span> <span class='ocrx_word' id='word_1_648' title='bbox 2607 4471 2666 4527; x_wconf 86' lang='grc' dir='ltr'><strong>δέ</strong></span> <span class='ocrx_word' id='word_1_649' title='bbox 2696 4491 2840 4538; x_wconf 90' lang='grc' dir='ltr'>τινες</span> <span class='ocrx_word' id='word_1_650' title='bbox 2876 4472 3346 4540; x_wconf 82' lang='grc' dir='ltr'>διεϐεϐαιώσαντο,</span> <span class='ocrx_word' id='word_1_651' title='bbox 3379 4473 3538 4528; x_wconf 82' lang='grc' dir='ltr'>τοῦτο</span> <span class='ocrx_word' id='word_1_652' title='bbox 3566 4473 3707 4544; x_wconf 70' lang='grc' dir='ltr'><strong>ἔφη·</strong></span> 
     </span>
    </p>
   </div>
   <div class='ocr_carea' id='block_1_86' title="bbox 437 4555 2019 4642">
    <p class='ocr_par' dir='ltr' id='par_1_86' title="bbox 437 4564 2017 4637">
     <span class='ocr_line' id='line_1_86' title="bbox 437 4564 2017 4637; baseline 0 -17"><span class='ocrx_word' id='word_1_653' title='bbox 437 4568 552 4630; x_wconf 84' lang='lat' dir='ltr'><strong>nia,</strong></span> <span class='ocrx_word' id='word_1_654' title='bbox 603 4566 998 4637; x_wconf 86' lang='lat' dir='ltr'><strong>participemus</strong></span> <span class='ocrx_word' id='word_1_655' title='bbox 1026 4584 1039 4622; x_wconf 91' lang='lat'>:</span> <span class='ocrx_word' id='word_1_656' title='bbox 1071 4567 1380 4637; x_wconf 87' lang='lat' dir='ltr'><strong>cujusmodi</strong></span> <span class='ocrx_word' id='word_1_657' title='bbox 1435 4566 1504 4621; x_wconf 86' lang='lat' dir='ltr'><strong>ab</strong></span> <span class='ocrx_word' id='word_1_658' title='bbox 1542 4566 1637 4620; x_wconf 91' lang='lat' dir='ltr'><strong>illo</strong></span> <span class='ocrx_word' id='word_1_659' title='bbox 1685 4564 1881 4636; x_wconf 85' lang='lat' dir='ltr'><strong>dogma</strong></span> <span class='ocrx_word' id='word_1_660' title='bbox 1927 4564 2017 4620; x_wconf 87' lang='lat' dir='ltr'><strong>de-</strong></span> 
     </span>
    </p>
   </div>
   <div class='ocr_carea' id='block_1_87' title="bbox 2127 4555 2744 4642">
    <p class='ocr_par' dir='ltr' id='par_1_87' title="bbox 2127 4565 2744 4642">
     <span class='ocr_line' id='line_1_87' title="bbox 2127 4565 2744 4642; baseline 0.003 -25"><span class='ocrx_word' id='word_1_661' title='bbox 2127 4581 2217 4618; x_wconf 75' lang='grc' dir='ltr'><strong>σαν</strong></span> <span class='ocrx_word' id='word_1_662' title='bbox 2245 4565 2408 4624; x_wconf 83' lang='grc' dir='ltr'>αὐτὸν</span> <span class='ocrx_word' id='word_1_663' title='bbox 2436 4565 2744 4642; x_wconf 86' lang='grc' dir='ltr'>εἰρηκέναι.</span> 
     </span>
    </p>
   </div>
   <div class='ocr_carea' id='block_1_88' title="bbox 436 4658 3699 4732">
    <p class='ocr_par' dir='ltr' id='par_1_88' title="bbox 436 4658 3699 4732">
     <span class='ocr_line' id='line_1_88' title="bbox 436 4658 3699 4732; baseline 0 -19"><span class='ocrx_word' id='word_1_664' title='bbox 436 4659 583 4717; x_wconf 70' lang='lat' dir='ltr'><strong>tendi</strong></span> <span class='ocrx_word' id='word_1_665' title='bbox 615 4661 942 4732; x_wconf 89' lang='lat' dir='ltr'><strong>persuadere</strong></span> <span class='ocrx_word' id='word_1_666' title='bbox 991 4663 1150 4719; x_wconf 90' lang='lat' dir='ltr'><strong>nobis</strong></span> <span class='ocrx_word' id='word_1_667' title='bbox 1182 4663 1407 4719; x_wconf 88' lang='lat' dir='ltr'><strong>omnino</strong></span> <span class='ocrx_word' id='word_1_668' title='bbox 1440 4677 1548 4717; x_wconf 88' lang='lat' dir='ltr'><strong>non</strong></span> <span class='ocrx_word' id='word_1_669' title='bbox 1575 4676 1869 4732; x_wconf 88' lang='lat' dir='ltr'><strong>possumus</strong></span> <span class='ocrx_word' id='word_1_670' title='bbox 1891 4702 1905 4721; x_wconf 87' lang='lat'><strong>.</strong></span> <span class='ocrx_word' id='word_1_671' title='bbox 1941 4675 2256 4731; x_wconf 88' lang='lat' dir='ltr'><strong>quanquam</strong></span> <span class='ocrx_word' id='word_1_672' title='bbox 2283 4661 2436 4715; x_wconf 90' lang='lat' dir='ltr'><strong>illum</strong></span> <span class='ocrx_word' id='word_1_673' title='bbox 2463 4667 2798 4716; x_wconf 89' lang='lat' dir='ltr'><strong>assertorem</strong></span> <span class='ocrx_word' id='word_1_674' title='bbox 2835 4674 2959 4716; x_wconf 89' lang='lat' dir='ltr'><strong>esse</strong></span> <span class='ocrx_word' id='word_1_675' title='bbox 2983 4673 3015 4713; x_wconf 70' lang='grc' dir='ltr'><strong>ε</strong></span> <span class='ocrx_word' id='word_1_676' title='bbox 3045 4658 3327 4715; x_wconf 88' lang='lat' dir='ltr'><strong>nonnullis</strong></span> <span class='ocrx_word' id='word_1_677' title='bbox 3358 4672 3699 4729; x_wconf 77' lang='lat' dir='ltr'><strong>accepimus.</strong></span> 
     </span>
    </p>
   </div>
   <div class='ocr_carea' id='block_1_89' title="bbox 504 4774 2018 4846">
    <p class='ocr_par' dir='ltr' id='par_1_89' title="bbox 504 4774 2018 4846">
     <span class='ocr_line' id='line_1_89' title="bbox 504 4774 2018 4846; baseline 0.001 -15"><span class='ocrx_word' id='word_1_678' title='bbox 504 4775 775 4832; x_wconf 62' lang='lat' dir='ltr'><strong>Craterum</strong></span> <span class='ocrx_word' id='word_1_679' title='bbox 807 4776 876 4832; x_wconf 89' lang='lat' dir='ltr'><strong>de</strong></span> <span class='ocrx_word' id='word_1_680' title='bbox 904 4777 1010 4832; x_wconf 87' lang='lat' dir='ltr'><strong>hoc</strong></span> <span class='ocrx_word' id='word_1_681' title='bbox 1037 4777 1344 4833; x_wconf 90' lang='lat' dir='ltr'><strong>millenario</strong></span> <span class='ocrx_word' id='word_1_682' title='bbox 1372 4786 1618 4846; x_wconf 89' lang='lat' dir='ltr'><strong>tempore</strong></span> <span class='ocrx_word' id='word_1_683' title='bbox 1652 4774 1876 4838; x_wconf 86' lang='lat' dir='ltr'><strong>alicubi,</strong></span> <span class='ocrx_word' id='word_1_684' title='bbox 1913 4774 2018 4832; x_wconf 90' lang='lat' dir='ltr'><strong>hoc</strong></span> 
     </span>
    </p>
   </div>
   <div class='ocr_carea' id='block_1_90' title="bbox 433 4864 2015 4938">
    <p class='ocr_par' dir='ltr' id='par_1_90' title="bbox 433 4864 2015 4938">
     <span class='ocr_line' id='line_1_90' title="bbox 433 4864 2015 4938; baseline -0.003 -14"><span class='ocrx_word' id='word_1_685' title='bbox 433 4874 523 4924; x_wconf 89' lang='lat' dir='ltr'><strong>cst</strong></span> <span class='ocrx_word' id='word_1_686' title='bbox 549 4865 604 4922; x_wconf 90' lang='lat' dir='ltr'><strong>in</strong></span> <span class='ocrx_word' id='word_1_687' title='bbox 626 4864 856 4922; x_wconf 76' lang='lat' dir='ltr'><strong>Joannis</strong></span> <span class='ocrx_word' id='word_1_688' title='bbox 889 4867 1238 4938; x_wconf 86' lang='lat' dir='ltr'><strong>Apocalypsi,</strong></span> <span class='ocrx_word' id='word_1_689' title='bbox 1275 4869 1609 4923; x_wconf 90' lang='lat' dir='ltr'><strong>mentionem</strong></span> <span class='ocrx_word' id='word_1_690' title='bbox 1644 4865 1782 4931; x_wconf 81' lang='lat' dir='ltr'><strong>ﬁeri,</strong></span> <span class='ocrx_word' id='word_1_691' title='bbox 1813 4874 1869 4923; x_wconf 84' lang='lat' dir='ltr'><strong>et</strong></span> <span class='ocrx_word' id='word_1_692' title='bbox 1891 4881 2015 4921; x_wconf 88' lang='lat' dir='ltr'><strong>eum</strong></span> 
     </span>
    </p>
   </div>
   <div class='ocr_carea' id='block_1_91' title="bbox 435 4957 2016 5032">
    <p class='ocr_par' dir='ltr' id='par_1_91' title="bbox 435 4957 2016 5032">
     <span class='ocr_line' id='line_1_91' title="bbox 435 4957 2016 5032; baseline -0.001 -15"><span class='ocrx_word' id='word_1_693' title='bbox 435 4963 637 5019; x_wconf 88' lang='lat' dir='ltr'><strong>librum</strong></span> <span class='ocrx_word' id='word_1_694' title='bbox 667 4975 697 5015; x_wconf 90' lang='lat' dir='ltr'><strong>a</strong></span> <span class='ocrx_word' id='word_1_695' title='bbox 724 4961 1004 5032; x_wconf 89' lang='lat' dir='ltr'><strong>plerisque</strong></span> <span class='ocrx_word' id='word_1_696' title='bbox 1047 4959 1191 5015; x_wconf 87' lang='lat' dir='ltr'><strong>inter</strong></span> <span class='ocrx_word' id='word_1_697' title='bbox 1229 4958 1528 5016; x_wconf 89' lang='lat' dir='ltr'><strong>canonicos</strong></span> <span class='ocrx_word' id='word_1_698' title='bbox 1555 4958 1749 5028; x_wconf 87' lang='lat' dir='ltr'><strong>recipi,</strong></span> <span class='ocrx_word' id='word_1_699' title='bbox 1774 4957 2016 5030; x_wconf 83' lang='lat' dir='ltr'><strong>religiosi</strong></span> 
     </span>
    </p>
   </div>
   <div class='ocr_carea' id='block_1_92' title="bbox 431 5050 2013 5123">
    <p class='ocr_par' dir='ltr' id='par_1_92' title="bbox 431 5050 2013 5123">
     <span class='ocr_line' id='line_1_92' title="bbox 431 5050 2013 5123; baseline -0.003 -12"><span class='ocrx_word' id='word_1_700' title='bbox 431 5055 688 5111; x_wconf 89' lang='lat' dir='ltr'><strong>homines</strong></span> <span class='ocrx_word' id='word_1_701' title='bbox 747 5069 858 5109; x_wconf 86' lang='lat' dir='ltr'><strong>non</strong></span> <span class='ocrx_word' id='word_1_702' title='bbox 922 5053 1196 5123; x_wconf 86' lang='lat' dir='ltr'><strong>ignorant.</strong></span> <span class='ocrx_word' id='word_1_703' title='bbox 1256 5050 1458 5107; x_wconf 78' lang='lat' dir='ltr'><strong>Verum</strong></span> <span class='ocrx_word' id='word_1_704' title='bbox 1525 5052 1600 5105; x_wconf 87' lang='lat' dir='ltr'><strong>ita</strong></span> <span class='ocrx_word' id='word_1_705' title='bbox 1664 5051 2013 5121; x_wconf 84' lang='lat' dir='ltr'><strong>complures,</strong></span> 
     </span>
    </p>
   </div>
   <div class='ocr_carea' id='block_1_93' title="bbox 435 5141 2014 5217">
    <p class='ocr_par' dir='ltr' id='par_1_93' title="bbox 435 5141 2014 5217">
     <span class='ocr_line' id='line_1_93' title="bbox 435 5141 2014 5217; baseline -0.001 -17"><span class='ocrx_word' id='word_1_706' title='bbox 435 5147 712 5217; x_wconf 88' lang='lat' dir='ltr'><strong>iidemque</strong></span> <span class='ocrx_word' id='word_1_707' title='bbox 745 5144 842 5216; x_wconf 91' lang='lat' dir='ltr'><strong>pii,</strong></span> <span class='ocrx_word' id='word_1_708' title='bbox 875 5158 941 5199; x_wconf 92' lang='lat' dir='ltr'><strong>ac</strong></span> <span class='ocrx_word' id='word_1_709' title='bbox 981 5141 1314 5214; x_wconf 84' lang='lat' dir='ltr'><strong>spiritalium</strong></span> <span class='ocrx_word' id='word_1_710' title='bbox 1346 5157 1532 5198; x_wconf 91' lang='lat' dir='ltr'><strong>rerum</strong></span> <span class='ocrx_word' id='word_1_711' title='bbox 1566 5141 1729 5212; x_wconf 84' lang='lat' dir='ltr'><strong>periti</strong></span> <span class='ocrx_word' id='word_1_712' title='bbox 1768 5142 1820 5195; x_wconf 91' lang='lat' dir='ltr'><strong>in</strong></span> <span class='ocrx_word' id='word_1_713' title='bbox 1865 5141 2014 5198; x_wconf 89' lang='lat' dir='ltr'><strong>illius</strong></span> 
     </span>
    </p>
   </div>
   <div class='ocr_carea' id='block_1_94' title="bbox 432 5236 2012 5308">
    <p class='ocr_par' dir='ltr' id='par_1_94' title="bbox 432 5236 2012 5308">
     <span class='ocr_line' id='line_1_94' title="bbox 432 5236 2012 5308; baseline -0.003 -14"><span class='ocrx_word' id='word_1_714' title='bbox 432 5240 672 5296; x_wconf 87' lang='lat' dir='ltr'><strong>lectione</strong></span> <span class='ocrx_word' id='word_1_715' title='bbox 693 5244 1012 5305; x_wconf 87' lang='lat' dir='ltr'><strong>versantur,</strong></span> <span class='ocrx_word' id='word_1_716' title='bbox 1032 5243 1093 5292; x_wconf 89' lang='lat' dir='ltr'><strong>ut</strong></span> <span class='ocrx_word' id='word_1_717' title='bbox 1108 5251 1230 5308; x_wconf 67' lang='lat' dir='ltr'><strong>quae</strong></span> <span class='ocrx_word' id='word_1_718' title='bbox 1250 5237 1303 5290; x_wconf 93' lang='lat' dir='ltr'><strong>in</strong></span> <span class='ocrx_word' id='word_1_719' title='bbox 1322 5236 1441 5305; x_wconf 91' lang='lat' dir='ltr'><strong>ipso</strong></span> <span class='ocrx_word' id='word_1_720' title='bbox 1461 5236 1768 5306; x_wconf 87' lang='lat' dir='ltr'><strong>spiritalem</strong></span> <span class='ocrx_word' id='word_1_721' title='bbox 1784 5250 2012 5292; x_wconf 90' lang='lat' dir='ltr'><strong>sensum</strong></span> 
     </span>
    </p>
   </div>
   <div class='ocr_carea' id='block_1_95' title="bbox 433 5326 2013 5398">
    <p class='ocr_par' dir='ltr' id='par_1_95' title="bbox 433 5326 2013 5398">
     <span class='ocr_line' id='line_1_95' title="bbox 433 5326 2013 5398; baseline -0.003 -15"><span class='ocrx_word' id='word_1_722' title='bbox 433 5329 723 5384; x_wconf 90' lang='lat' dir='ltr'><strong>continent</strong></span> <span class='ocrx_word' id='word_1_723' title='bbox 747 5328 1105 5398; x_wconf 82' lang='lat' dir='ltr'><strong>accipientes,</strong></span> <span class='ocrx_word' id='word_1_724' title='bbox 1135 5341 1265 5382; x_wconf 86' lang='lat' dir='ltr'><strong>vera</strong></span> <span class='ocrx_word' id='word_1_725' title='bbox 1295 5326 1390 5381; x_wconf 91' lang='lat' dir='ltr'><strong>illa</strong></span> <span class='ocrx_word' id='word_1_726' title='bbox 1420 5327 1664 5397; x_wconf 89' lang='lat' dir='ltr'><strong>quidem,</strong></span> <span class='ocrx_word' id='word_1_727' title='bbox 1701 5326 1798 5382; x_wconf 88' lang='lat' dir='ltr'><strong>sed</strong></span> <span class='ocrx_word' id='word_1_728' title='bbox 1829 5326 2013 5380; x_wconf 91' lang='lat' dir='ltr'><strong>altiori</strong></span> 
     </span>
    </p>
   </div>
   <div class='ocr_carea' id='block_1_96' title="bbox 434 5417 2012 5492">
    <p class='ocr_par' dir='ltr' id='par_1_96' title="bbox 434 5417 2012 5492">
     <span class='ocr_line' id='line_1_96' title="bbox 434 5417 2012 5492; baseline -0.004 -16"><span class='ocrx_word' id='word_1_729' title='bbox 434 5421 669 5487; x_wconf 87' lang='lat' dir='ltr'><strong>quadam</strong></span> <span class='ocrx_word' id='word_1_730' title='bbox 706 5420 1064 5492; x_wconf 83' lang='lat' dir='ltr'><strong>intelligentia</strong></span> <span class='ocrx_word' id='word_1_731' title='bbox 1095 5419 1366 5489; x_wconf 84' lang='lat' dir='ltr'><strong>explicata</strong></span> <span class='ocrx_word' id='word_1_732' title='bbox 1411 5419 1706 5474; x_wconf 78' lang='lat' dir='ltr'><strong>fateantur.</strong></span> <span class='ocrx_word' id='word_1_733' title='bbox 1733 5417 1868 5473; x_wconf 89' lang='lat' dir='ltr'><strong>Nam</strong></span> <span class='ocrx_word' id='word_1_734' title='bbox 1901 5433 2012 5472; x_wconf 91' lang='lat' dir='ltr'><strong>non</strong></span> 
     </span>
    </p>
   </div>
   <div class='ocr_carea' id='block_1_97' title="bbox 435 5511 2013 5584">
    <p class='ocr_par' dir='ltr' id='par_1_97' title="bbox 435 5511 2013 5584">
     <span class='ocr_line' id='line_1_97' title="bbox 435 5511 2013 5584; baseline -0.001 -20"><span class='ocrx_word' id='word_1_735' title='bbox 435 5513 567 5568; x_wconf 89' lang='lat' dir='ltr'><strong>illud</strong></span> <span class='ocrx_word' id='word_1_736' title='bbox 615 5513 793 5569; x_wconf 85' lang='lat' dir='ltr'><strong>solum</strong></span> <span class='ocrx_word' id='word_1_737' title='bbox 825 5529 935 5584; x_wconf 90' lang='lat' dir='ltr'><strong>quo</strong></span> <span class='ocrx_word' id='word_1_738' title='bbox 984 5514 1052 5568; x_wconf 91' lang='lat' dir='ltr'><strong>de</strong></span> <span class='ocrx_word' id='word_1_739' title='bbox 1097 5513 1300 5583; x_wconf 84' lang='lat' dir='ltr'><strong>agitur,</strong></span> <span class='ocrx_word' id='word_1_740' title='bbox 1356 5513 1452 5568; x_wconf 89' lang='lat' dir='ltr'><strong>sed</strong></span> <span class='ocrx_word' id='word_1_741' title='bbox 1495 5522 1549 5568; x_wconf 89' lang='lat' dir='ltr'><strong>et</strong></span> <span class='ocrx_word' id='word_1_742' title='bbox 1585 5513 1692 5568; x_wconf 88' lang='lat' dir='ltr'><strong>alia</strong></span> <span class='ocrx_word' id='word_1_743' title='bbox 1739 5511 2013 5581; x_wconf 86' lang='lat' dir='ltr'><strong>permulta</strong></span> 
     </span>
    </p>
   </div>
   <div class='ocr_carea' id='block_1_98' title="bbox 437 5603 1568 5675">
    <p class='ocr_par' dir='ltr' id='par_1_98' title="bbox 437 5603 1568 5675">
     <span class='ocr_line' id='line_1_98' title="bbox 437 5603 1568 5675; baseline 0.001 -19"><span class='ocrx_word' id='word_1_744' title='bbox 437 5603 884 5675; x_wconf 83' lang='lat' dir='ltr'><strong>profundioribus</strong></span> <span class='ocrx_word' id='word_1_745' title='bbox 913 5605 1199 5660; x_wconf 86' lang='lat' dir='ltr'><strong>sententiis</strong></span> <span class='ocrx_word' id='word_1_746' title='bbox 1220 5612 1568 5658; x_wconf 88' lang='lat' dir='ltr'><strong>enarrantur.</strong></span> 
     </span>
    </p>
   </div>
   <div class='ocr_carea' id='block_1_99' title="bbox 509 5708 2011 5781">
    <p class='ocr_par' dir='ltr' id='par_1_99' title="bbox 509 5708 2011 5781">
     <span class='ocr_line' id='line_1_99' title="bbox 509 5708 2011 5781; baseline -0.002 -15"><span class='ocrx_word' id='word_1_747' title='bbox 509 5712 771 5767; x_wconf 66' lang='lat' dir='ltr'><strong>XXXVII.</strong></span> <span class='ocrx_word' id='word_1_748' title='bbox 814 5713 972 5768; x_wconf 83' lang='lat' dir='ltr'><strong>Nunc</strong></span> <span class='ocrx_word' id='word_1_749' title='bbox 1003 5723 1182 5769; x_wconf 88' lang='lat' dir='ltr'><strong>autem</strong></span> <span class='ocrx_word' id='word_1_750' title='bbox 1224 5715 1290 5767; x_wconf 88' lang='lat' dir='ltr'><strong>ad</strong></span> <span class='ocrx_word' id='word_1_751' title='bbox 1332 5713 1441 5767; x_wconf 90' lang='lat' dir='ltr'><strong>alia</strong></span> <span class='ocrx_word' id='word_1_752' title='bbox 1487 5717 1849 5781; x_wconf 86' lang='lat' dir='ltr'><strong>properantes</strong></span> <span class='ocrx_word' id='word_1_753' title='bbox 1893 5708 2011 5763; x_wconf 79' lang='lat' dir='ltr'><strong>bre-</strong></span> 
     </span>
    </p>
   </div>
   <div class='ocr_carea' id='block_1_100' title="bbox 437 5803 2009 5875">
    <p class='ocr_par' dir='ltr' id='par_1_100' title="bbox 437 5803 2009 5875">
     <span class='ocr_line' id='line_1_100' title="bbox 437 5803 2009 5875; baseline -0.004 -13"><span class='ocrx_word' id='word_1_754' title='bbox 437 5805 576 5866; x_wconf 69' lang='lat' dir='ltr'><strong>viter</strong></span> <span class='ocrx_word' id='word_1_755' title='bbox 605 5803 930 5860; x_wconf 81' lang='lat' dir='ltr'><strong>admonendi</strong></span> <span class='ocrx_word' id='word_1_756' title='bbox 963 5820 1130 5860; x_wconf 82' lang='lat' dir='ltr'><strong>causa</strong></span> <span class='ocrx_word' id='word_1_757' title='bbox 1173 5805 1319 5860; x_wconf 85' lang='lat' dir='ltr'><strong>istud</strong></span> <span class='ocrx_word' id='word_1_758' title='bbox 1353 5804 1716 5875; x_wconf 84' lang='lat' dir='ltr'><strong>aspersimus,</strong></span> <span class='ocrx_word' id='word_1_759' title='bbox 1767 5816 1877 5872; x_wconf 86' lang='lat' dir='ltr'><strong>quo</strong></span> <span class='ocrx_word' id='word_1_760' title='bbox 1918 5815 2009 5857; x_wconf 88' lang='lat' dir='ltr'><strong>rc-</strong></span> 
     </span>
    </p>
   </div>
   <div class='ocr_carea' id='block_1_101' title="bbox 2187 4772 3704 4847">
    <p class='ocr_par' dir='ltr' id='par_1_101' title="bbox 2187 4772 3704 4847">
     <span class='ocr_line' id='line_1_101' title="bbox 2187 4772 3704 4847; baseline -0.001 -20"><span class='ocrx_word' id='word_1_761' title='bbox 2187 4773 2298 4827; x_wconf 78' lang='grc' dir='ltr'><strong>Καί</strong></span> <span class='ocrx_word' id='word_1_762' title='bbox 2329 4774 2412 4828; x_wconf 83' lang='grc' dir='ltr'>ὅτι</span> <span class='ocrx_word' id='word_1_763' title='bbox 2452 4774 2553 4847; x_wconf 77' lang='grc' dir='ltr'>μὲν</span> <span class='ocrx_word' id='word_1_764' title='bbox 2577 4774 2886 4846; x_wconf 87' lang='grc' dir='ltr'>γέγραπται</span> <span class='ocrx_word' id='word_1_765' title='bbox 2923 4772 3053 4845; x_wconf 82' lang='grc' dir='ltr'><strong>περί</strong></span> <span class='ocrx_word' id='word_1_766' title='bbox 3079 4772 3179 4843; x_wconf 87' lang='grc' dir='ltr'>τῆς</span> <span class='ocrx_word' id='word_1_767' title='bbox 3210 4772 3704 4844; x_wconf 83' lang='grc' dir='ltr'>χιλιονταετηρίδος</span> 
     </span>
    </p>
   </div>
   <div class='ocr_carea' id='block_1_102' title="bbox 2115 4861 3704 4939">
    <p class='ocr_par' dir='ltr' id='par_1_102' title="bbox 2115 4861 3704 4939">
     <span class='ocr_line' id='line_1_102' title="bbox 2115 4861 3704 4939; baseline -0.001 -17"><span class='ocrx_word' id='word_1_768' title='bbox 2115 4867 2337 4939; x_wconf 81' lang='grc' dir='ltr'>ταύτης,</span> <span class='ocrx_word' id='word_1_769' title='bbox 2385 4869 2469 4922; x_wconf 80' lang='grc' dir='ltr'>ὅτι</span> <span class='ocrx_word' id='word_1_770' title='bbox 2513 4869 2572 4922; x_wconf 85' lang='grc' dir='ltr'>ὲν</span> <span class='ocrx_word' id='word_1_771' title='bbox 2627 4870 2696 4939; x_wconf 82' lang='grc' dir='ltr'>τῇ</span> <span class='ocrx_word' id='word_1_772' title='bbox 2748 4861 3114 4935; x_wconf 78' lang='grc' dir='ltr'>Ἀποκαλύψει</span> <span class='ocrx_word' id='word_1_773' title='bbox 3166 4867 3437 4930; x_wconf 85' lang='grc' dir='ltr'>Ἰωάννου,</span> <span class='ocrx_word' id='word_1_774' title='bbox 3479 4870 3573 4920; x_wconf 77' lang='grc' dir='ltr'>καὶ</span> <span class='ocrx_word' id='word_1_775' title='bbox 3617 4868 3704 4921; x_wconf 79' lang='grc' dir='ltr'><strong>ὅτι</strong></span> 
     </span>
    </p>
   </div>
   <div class='ocr_carea' id='block_1_103' title="bbox 2115 4957 3706 5031">
    <p class='ocr_par' dir='ltr' id='par_1_103' title="bbox 2115 4957 3706 5031">
     <span class='ocr_line' id='line_1_103' title="bbox 2115 4957 3706 5031; baseline -0.001 -18"><span class='ocrx_word' id='word_1_776' title='bbox 2115 4961 2268 5031; x_wconf 83' lang='grc' dir='ltr'><strong>παρά</strong></span> <span class='ocrx_word' id='word_1_777' title='bbox 2317 4960 2591 5022; x_wconf 85' lang='grc' dir='ltr'>πλείστοις</span> <span class='ocrx_word' id='word_1_778' title='bbox 2631 4960 2664 5029; x_wconf 82' lang='grc' dir='ltr'><strong>ἡ</strong></span> <span class='ocrx_word' id='word_1_779' title='bbox 2717 4957 2898 5028; x_wconf 86' lang='grc' dir='ltr'>βίϐλος</span> <span class='ocrx_word' id='word_1_780' title='bbox 2934 4957 3367 5029; x_wconf 83' lang='grc' dir='ltr'>πεπιστευμένη,</span> <span class='ocrx_word' id='word_1_781' title='bbox 3413 4959 3506 5012; x_wconf 79' lang='grc' dir='ltr'>καὶ</span> <span class='ocrx_word' id='word_1_782' title='bbox 3547 4958 3706 5030; x_wconf 74' lang='grc' dir='ltr'>παρὰ</span> 
     </span>
    </p>
   </div>
   <div class='ocr_carea' id='block_1_104' title="bbox 2112 5050 3705 5123">
    <p class='ocr_par' dir='ltr' id='par_1_104' title="bbox 2112 5050 3705 5123">
     <span class='ocr_line' id='line_1_104' title="bbox 2112 5050 3705 5123; baseline -0.003 -17"><span class='ocrx_word' id='word_1_783' title='bbox 2112 5055 2224 5117; x_wconf 83' lang='grc' dir='ltr'>τοῖς</span> <span class='ocrx_word' id='word_1_784' title='bbox 2257 5051 2553 5120; x_wconf 82' lang='grc' dir='ltr'>θεοσεϐέσι,</span> <span class='ocrx_word' id='word_1_785' title='bbox 2577 5051 2766 5123; x_wconf 83' lang='grc' dir='ltr'>δῆλον·</span> <span class='ocrx_word' id='word_1_786' title='bbox 2795 5050 2896 5123; x_wconf 84' lang='grc' dir='ltr'><strong>τὴν</strong></span> <span class='ocrx_word' id='word_1_787' title='bbox 2922 5051 2978 5104; x_wconf 88' lang='grc' dir='ltr'>δὲ</span> <span class='ocrx_word' id='word_1_788' title='bbox 3011 5050 3193 5120; x_wconf 86' lang='grc' dir='ltr'>βίϐλον</span> <span class='ocrx_word' id='word_1_789' title='bbox 3231 5050 3705 5117; x_wconf 82' lang='grc' dir='ltr'>ἀναγινώσκοντες</span> 
     </span>
    </p>
   </div>
   <div class='ocr_carea' id='block_1_105' title="bbox 2111 5140 3704 5214">
    <p class='ocr_par' dir='ltr' id='par_1_105' title="bbox 2111 5140 3704 5214">
     <span class='ocr_line' id='line_1_105' title="bbox 2111 5140 3704 5214; baseline -0.003 -15"><span class='ocrx_word' id='word_1_790' title='bbox 2111 5147 2160 5199; x_wconf 83' lang='grc' dir='ltr'><strong>οἰ</strong></span> <span class='ocrx_word' id='word_1_791' title='bbox 2204 5145 2468 5208; x_wconf 82' lang='grc' dir='ltr'>πλεῖστοι,</span> <span class='ocrx_word' id='word_1_792' title='bbox 2509 5143 2604 5197; x_wconf 73' lang='grc' dir='ltr'><strong>καὶ</strong></span> <span class='ocrx_word' id='word_1_793' title='bbox 2655 5142 2926 5207; x_wconf 83' lang='grc' dir='ltr'>εὐλαϐεῖς,</span> <span class='ocrx_word' id='word_1_794' title='bbox 2976 5143 3108 5214; x_wconf 60' lang='grc' dir='ltr'><strong>περὶ⁷</strong></span> <span class='ocrx_word' id='word_1_795' title='bbox 3143 5141 3254 5195; x_wconf 89' lang='grc' dir='ltr'><strong>τῶν</strong></span> <span class='ocrx_word' id='word_1_796' title='bbox 3308 5140 3704 5212; x_wconf 80' lang='grc' dir='ltr'>πνευματικῶν</span> 
     </span>
    </p>
   </div>
   <div class='ocr_carea' id='block_1_106' title="bbox 2114 5231 3707 5305">
    <p class='ocr_par' dir='ltr' id='par_1_106' title="bbox 2114 5231 3707 5305">
     <span class='ocr_line' id='line_1_106' title="bbox 2114 5231 3707 5305; baseline -0.004 -14"><span class='ocrx_word' id='word_1_797' title='bbox 2114 5237 2336 5300; x_wconf 88' lang='grc' dir='ltr'>εἰδότες,</span> <span class='ocrx_word' id='word_1_798' title='bbox 2377 5236 2472 5289; x_wconf 75' lang='grc' dir='ltr'><strong>καὶ</strong></span> <span class='ocrx_word' id='word_1_799' title='bbox 2515 5236 2575 5291; x_wconf 77' lang='grc' dir='ltr'>ἐν</span> <span class='ocrx_word' id='word_1_800' title='bbox 2619 5235 2755 5305; x_wconf 80' lang='grc' dir='ltr'>αὐτῇ</span> <span class='ocrx_word' id='word_1_801' title='bbox 2809 5234 3198 5304; x_wconf 82' lang='grc' dir='ltr'>πνευματικῶς</span> <span class='ocrx_word' id='word_1_802' title='bbox 3241 5232 3434 5303; x_wconf 83' lang='grc' dir='ltr'>ἔχοντα</span> <span class='ocrx_word' id='word_1_803' title='bbox 3488 5231 3707 5303; x_wconf 61' lang='grc' dir='ltr'>λαμϐἀκ</span> 
     </span>
    </p>
   </div>
   <div class='ocr_carea' id='block_1_107' title="bbox 2114 5323 3706 5398">
    <p class='ocr_par' dir='ltr' id='par_1_107' title="bbox 2114 5323 3706 5398">
     <span class='ocr_line' id='line_1_107' title="bbox 2114 5323 3706 5398; baseline -0.006 -14"><span class='ocrx_word' id='word_1_804' title='bbox 2114 5346 2317 5393; x_wconf 87' lang='grc' dir='ltr'>νοντες,</span> <span class='ocrx_word' id='word_1_805' title='bbox 2357 5327 2532 5398; x_wconf 84' lang='grc' dir='ltr'>ἀληθῆ</span> <span class='ocrx_word' id='word_1_806' title='bbox 2584 5327 2682 5398; x_wconf 87' lang='grc' dir='ltr'>μὲν</span> <span class='ocrx_word' id='word_1_807' title='bbox 2725 5325 2875 5394; x_wconf 75' lang='grc' dir='ltr'>ὄντα,</span> <span class='ocrx_word' id='word_1_808' title='bbox 2921 5328 2980 5380; x_wconf 84' lang='grc' dir='ltr'>ὲν</span> <span class='ocrx_word' id='word_1_809' title='bbox 3011 5325 3271 5396; x_wconf 83' lang='grc' dir='ltr'>βαθύτητι</span> <span class='ocrx_word' id='word_1_810' title='bbox 3317 5324 3376 5377; x_wconf 83' lang='grc' dir='ltr'>δὲ</span> <span class='ocrx_word' id='word_1_811' title='bbox 3407 5323 3706 5393; x_wconf 78' lang='grc' dir='ltr'>σαφηνιζὸ-</span> 
     </span>
    </p>
   </div>
   <div class='ocr_carea' id='block_1_108' title="bbox 2118 5415 3705 5492">
    <p class='ocr_par' dir='ltr' id='par_1_108' title="bbox 2118 5415 3705 5492">
     <span class='ocr_line' id='line_1_108' title="bbox 2118 5415 3705 5492; baseline -0.004 -18"><span class='ocrx_word' id='word_1_812' title='bbox 2118 5439 2255 5492; x_wconf 89' lang='grc' dir='ltr'>μενα</span> <span class='ocrx_word' id='word_1_813' title='bbox 2283 5420 2729 5474; x_wconf 79' lang='grc' dir='ltr'>πεπιστεύκασιν.</span> <span class='ocrx_word' id='word_1_814' title='bbox 2755 5419 2830 5472; x_wconf 84' lang='grc' dir='ltr'><strong>Οὐ</strong></span> <span class='ocrx_word' id='word_1_815' title='bbox 2859 5419 3018 5490; x_wconf 87' lang='grc' dir='ltr'>μόνον</span> <span class='ocrx_word' id='word_1_816' title='bbox 3040 5417 3284 5489; x_wconf 32' lang='grc' dir='ltr'>γάριὲκεῖ</span> <span class='ocrx_word' id='word_1_817' title='bbox 3302 5415 3462 5470; x_wconf 79' lang='grc' dir='ltr'>τοῦτο</span> <span class='ocrx_word' id='word_1_818' title='bbox 3491 5415 3705 5486; x_wconf 80' lang='grc' dir='ltr'>βαθέως</span> 
     </span>
    </p>
   </div>
   <div class='ocr_carea' id='block_1_109' title="bbox 2113 5510 3028 5585">
    <p class='ocr_par' dir='ltr' id='par_1_109' title="bbox 2113 5510 3028 5585">
     <span class='ocr_line' id='line_1_109' title="bbox 2113 5510 3028 5585; baseline 0 -19"><span class='ocrx_word' id='word_1_819' title='bbox 2113 5514 2350 5585; x_wconf 76' lang='grc' dir='ltr'>εἴρηται,</span> <span class='ocrx_word' id='word_1_820' title='bbox 2379 5513 2514 5568; x_wconf 85' lang='grc' dir='ltr'>ἀλλὰ</span> <span class='ocrx_word' id='word_1_821' title='bbox 2545 5513 2641 5567; x_wconf 76' lang='grc' dir='ltr'><strong>καὶ</strong></span> <span class='ocrx_word' id='word_1_822' title='bbox 2676 5510 2813 5571; x_wconf 77' lang='grc' dir='ltr'>ἄλλα</span> <span class='ocrx_word' id='word_1_823' title='bbox 2838 5510 3028 5566; x_wconf 81' lang='grc' dir='ltr'>πολλά.</span> 
     </span>
    </p>
   </div>
   <div class='ocr_carea' id='block_1_110' title="bbox 2189 5695 3710 5777">
    <p class='ocr_par' dir='ltr' id='par_1_110' title="bbox 2189 5695 3710 5777">
     <span class='ocr_line' id='line_1_110' title="bbox 2189 5695 3710 5777; baseline -0.006 -16"><span class='ocrx_word' id='word_1_824' title='bbox 2189 5707 2307 5761; x_wconf 88' lang='grc' dir='ltr'><strong>ΛΖ”.</strong></span> <span class='ocrx_word' id='word_1_825' title='bbox 2353 5706 2443 5760; x_wconf 88' lang='grc' dir='ltr'>Ἐν</span> <span class='ocrx_word' id='word_1_826' title='bbox 2467 5708 2524 5760; x_wconf 79' lang='grc' dir='ltr'>δὲ</span> <span class='ocrx_word' id='word_1_827' title='bbox 2550 5705 2628 5776; x_wconf 84' lang='grc' dir='ltr'>τῷ</span> <span class='ocrx_word' id='word_1_828' title='bbox 2660 5704 2885 5777; x_wconf 85' lang='grc' dir='ltr'>παρόντι</span> <span class='ocrx_word' id='word_1_829' title='bbox 2922 5701 3102 5773; x_wconf 79' lang='grc' dir='ltr'>καιρῷ</span> <span class='ocrx_word' id='word_1_830' title='bbox 3129 5695 3222 5755; x_wconf 80' lang='grc' dir='ltr'><strong>διὰ</strong></span> <span class='ocrx_word' id='word_1_831' title='bbox 3263 5703 3362 5771; x_wconf 79' lang='grc' dir='ltr'><strong>τὴν</strong></span> <span class='ocrx_word' id='word_1_832' title='bbox 3405 5698 3710 5766; x_wconf 79' lang='grc' dir='ltr'>συντομίαν</span> 
     </span>
    </p>
   </div>
   <div class='ocr_carea' id='block_1_111' title="bbox 2121 5793 3711 5875">
    <p class='ocr_par' dir='ltr' id='par_1_111' title="bbox 2121 5793 3711 5875">
     <span class='ocr_line' id='line_1_111' title="bbox 2121 5793 3711 5875; baseline -0.003 -21"><span class='ocrx_word' id='word_1_833' title='bbox 2121 5800 2280 5874; x_wconf 82' lang='grc' dir='ltr'>μόνον</span> <span class='ocrx_word' id='word_1_834' title='bbox 2304 5801 2362 5856; x_wconf 79' lang='grc' dir='ltr'><strong>ἐν</strong></span> <span class='ocrx_word' id='word_1_835' title='bbox 2390 5799 2690 5875; x_wconf 79' lang='grc' dir='ltr'>ὑπομνήσει</span> <span class='ocrx_word' id='word_1_836' title='bbox 2714 5799 3016 5871; x_wconf 83' lang='grc' dir='ltr'>γεγένημαι</span> <span class='ocrx_word' id='word_1_837' title='bbox 3040 5795 3295 5866; x_wconf 82' lang='grc' dir='ltr'>τῷλόγῳ,</span> <span class='ocrx_word' id='word_1_838' title='bbox 3322 5795 3472 5859; x_wconf 83' lang='grc' dir='ltr'>ὅπως</span> <span class='ocrx_word' id='word_1_839' title='bbox 3495 5793 3711 5866; x_wconf 71' lang='grc' dir='ltr'>γνῶσιν</span> 
     </span>
    </p>
   </div>
  </div>
