3994 6224
469 377 577 435 697

1069 373 1434 431 ADVERSUS
1468 370 1806 429 lleRESES
1835 370 1961 427 LIB.
2001 368 2090 425 lll.
2131 368 2291 427 TOM.
2332 369 2484 426 IL—
2530 368 2799 427 ΠᾸΞΒΕΞ.
2841 369 3100 428 LXXVII.

3594 367 3697 423 698

466 497 516 548 οί
546 492 837 557 θεοσεϐεῖς,
871 492 952 547 δτι
996 492 1159 547 παντὶ⁴
1190 490 1491 562 βουλομένῳ
1534 488 1879 559 ὑπερϐαίνειν
1910 488 2037 550 τοὺς

2160 488 2368 559 igiosus
2393 488 2628 559 quilibet
2663 488 3148 554 animadverteret,
3183 487 3496 558 quicunque
3528 487 3697 543 semel

467 586 627 656 ὄρους
668 584 766 655 τῆς
793 584 953 653 ἁγίας
998 583 1133 637 Θεοῦ
1176 582 1518 653 Ἐκκλησίας,
1564 582 1658 635 καὶ
1687 578 2037 649 παραδόσεως

468 679 568 748 τῆς
606 676 960 748 Δπροφητικῆς
1004 675 1096 728 καὶ
1144 673 1526 742 ἀποπολικῆς,
1579 669 1812 733 πίστεώς
1855 687 1913 722 τε
1944 670 2039 722 καὶ

469 767 814 830 διδασκαλίας
843 765 939 837 τὴν
959 765 1168 829 ἐλπίδα,
1197 764 1305 818 ἀπὸ
1326 764 1423 834 τῆς
1456 764 1581 833 μιᾶς
1613 761 1917 823 ὑποθέσεως
1944 758 2036 812 τοῦ

475 858 692 930 μικροῦ,
722 858 817 911 καὶ
848 856 1074 928 βραχέος
1107 856 1266 924 λόγου
1290 897 1304 923 ,
1343 854 1481 907 κατά
1522 853 1583 906 τὸ
1611 853 1913 923 ἀκαριαῖον,
1947 850 2038 904 καὶ

471 953 632 1023 τυχὸν
692 952 751 1003 ἐν
808 948 1142 1021 παρεκϐάσει
1200 946 1480 1016 γινόμενος
1532 944 1894 1014 φρονήματος,
1965 942 2039 1003 εἰς

474 1042 673 1106 πολλὰς
697 1041 880 1095 λοιπὸν
924 1038 1256 1108 κενοφωνίας
1300 1037 1394 1090 καὶ
1437 1035 1705 1105 σφαλεράς
1736 1033 1985 1096 ὑπονοίας
2011 1031 2039 1082 ό

472 1134 748 1204 λογισμὸς,
781 1132 873 1184 καὶ⁸
905 1132 985 1194 είς
1015 1129 1407 1200 ἀναρμόστους,
1439 1127 1532 1179 καὶ
1570 1125 1727 1192 ξένας
1760 1123 2037 1197 ζητήσεις,

473 1227 566 1280 καὶ
599 1224 936 1292 ἀπεράντους
959 1220 1326 1291 γενεαλογίας,
1351 1218 1492 1273 κατά
1516 1217 1583 1272 τὰ
1607 1217 1712 1269 ὑπὸ
1741 1216 1835 1269 τοῦ
1875 1217 2041 1268 Ἀπο-
2082 1224 2092 1287 ξ

476 1318 663 1371 στόλου
684 1316 964 1387 εἰρημένα,
985 1313 1345 1383 τραπήσεται.
1372 1308 1523 1364 Εἶναι
1544 1308 1650 1379 γὰρ
1670 1308 1827 1361 τοῦτο
1849 1306 2041 1378 εὔηθες

474 1410 631 1473 πολὺ,
656 1409 752 1462 καὶ
790 1408 927 1477 μήτε
956 1405 1144 1476 χρείαν
1181 1402 1302 1473 ἕχον
1334 1400 1648 1473 ἑρμηνείας,
1685 1398 1845 1453 παντὶ
1875 1395 2041 1465 σαφές

475 1503 589 1554 ἐστι
615 1498 691 1569 τῷ
714 1499 926 1551 σύνεσιν
956 1495 1296 1565 κεκτημένῳ,
1327 1493 1409 1547 ὅτι
1435 1492 1553 1547 οὐδὲ
1586 1489 1854 1544 ἐπιδέεται
1880 1487 2043 1559 ζητή-

477 1608 613 1655 σεως
654 1589 936 1663 ἡτοιαύτη
983 1587 1142 1657 σοφία
1184 1587 1279 1640 καὶ¹
1329 1583 1582 1645 ὑπόθεσις
1629 1579 1722 1634 τοῦ
1766 1578 1942 1646 λόγου.
1979 1575 2042 1628 Εἰ

474 1682 580 1753 γὰρ
622 1678 946 1750 ἐγειρόμεθα
997 1676 1153 1730 πάλιν
1182 1671 1623 1746 περιτέμνεσθαι,
1650 1670 1754 1723 τίνι
1782 1667 1860 1738 τῷ
1901 1667 2044 1737 λόγῳ

476 1776 535 1830 σύ
573 1774 982 1845 προειλήφαμεν
1020 1770 1082 1823 τὸ
1120 1764 1574 1838 περιτέμνεσθαι;
1604 1763 1744 1832 Ἀρα
1775 1755 1867 1811 οῦν
1903 1756 2044 1810 κατὰ

474 1865 632 1919 τοῦτο
655 1861 1076 1933 ἀναγκαιότερος
1099 1862 1115 1892 ⁸
1142 1857 1299 1930 ἡμῶν
1324 1854 1679 1925 τυγχάνουσιν
1704 1851 1753 1903 oi
1780 1845 2044 1902 ἀπεντεῦ-

478 1958 567 2010 θεν
591 1956 651 2009 τὸ
681 1954 882 2008 τέλειον
921 1951 1255 2021 ἐπιγνόντες,
1280 1948 1373 2002 καὶ
1402 1943 1790 2017 προειληφότες
1812 1936 2043 1995 τελειοῦο

430 2078 445 2087 ο
479 2050 621 2114 σθαι,
650 2050 707 2101 ἐν
748 2050 814 2117 τῇ
857 2044 979 2099 τότε
1031 2041 1300 2115 μελλούσῃ
1350 2038 1665 2108 τελειότητι.
1708 2033 1817 2089 Ποῦ
1848 2027 1939 2086 οὖν
1986 2030 2049 2084 τὸ

460 2140 628 2211 παρὰ
656 2138 734 2209 τῷ
788 2135 1095 2206 Ἀποστόλῳ
1140 2132 1464 2205 εἰρημένον,
1506 2130 1589 2183 ὅτι
1647 2126 1786 2182 Ἐὰν
1818 2122 2047 2193 περιτέ-

474 2236 726 2303 μνησθε,
744 2229 1001 2299 Χριστὸς
1033 2227 1188 2298 ὑμᾶς
1206 2226 1385 2281 οὐδὲν
1411 2222 1707 2293 ὠφελήσει
1725 2220 1871 2286 ;καὶ,
1899 2219 2049 2272 Οἵτι-

477 2342 579 2389 νες
609 2324 680 2376 ἐν
704 2324 865 2391 νόμῳ
896 2318 1259 2379 δικαιοῦσθε,
1290 2315 1400 2385 τῆς
1426 2315 1664 2384 χάριτος
1688 2310 2047 2387 ἐξεπέσατε’

479 2382 572 2467 καί
616 2413 732 2476 πῶς
773 2382 845 2465 τὸ.
876 2410 1029 2481 παρά
1073 2407 1151 2479 τῷ
1194 2382 1385 2477 Κυρίῲ
1426 2382 1742 2475 εἰρημένονο
1797 2402 1894 2454 Ἐν
1940 2382 2051 2470 γὰρ

479 2505 553 2573 τῇ
584 2502 913 2559 ἀναστάσει
944 2501 1081 2556 οὔτε
1110 2499 1429 2570 γαμοῦσιν,
1462 2498 1600 2551 οὔτε
1625 2494 2045 2565 γαμίσκονται·

479 2596 640 2649 ἀλλὰ
686 2593 994 2663 ἰσάγγελοι
1031 2595 1169 2647 εἱσι.
1219 2588 1398 2661 Tuas,
1442 2586 1787 2652 Καθήσεσθε
1818 2583 1916 2636 ἐπὶ
1946 2578 2053 2649 τῆς

478 2686 765 2755 τραπέζης
787 2686 891 2740 τοῦ
921 2684 1148 2753 Πατρός
1157 2699 1275 2753 μου
1300 2680 1607 2746 ἐσθίοντες
1632 2676 1729 2732 καὶ
1751 2676 2049 2740 πίνοντεςο

482 2778 598 2840 καὶ,
633 2777 808 2828 Ὅταν
838 2774 981 2829 αὐτὸ
1005 2774 1117 2825 πίω
1150 2770 1361 2825 καινὸν
1388 2767 1517 2838 μεθ’
1545 2765 1711 2837 ὑμῶν
1742 2764 1812 2817 ἐν
1837 2761 1912 2831 τῇ
1934 2763 2051 2826 ,βα-

483 2870 681 2936 σιλείᾳ
710 2867 829 2921 τῶν
852 2864 1141 2935 οὐρανῶν,
1189 2862 1325 2934 μετὰ
1352 2859 1676 2932 προσθήκης⁸
1698 2856 1790 2909 τοῦ
1808 2855 2019 2910 καινόν
2036 2869 2050 2886 ο

485 2964 579 3015 καὶ
606 2961 686 3024 τὸ,
731 2958 861 3014 Ἐπὶ
887 2958 997 3025 τῆς
1029 2952 1316 3025 τραπέζης
1337 2952 1447 3021 τῆς
1477 2950 1798 3017 βασιλείας
1816 2988 1831 3013 ,
1869 2948 2054 3018 ἕτερον

484 3054 575 3106 τὸν
608 3052 732 3105 νοῦν
769 3049 1038 3121 σημαίνει.
1066 3047 1178 3102 Καὶ
1207 3046 1314 3117 γὰρ
1353 3046 1447 3099 καὶ
1474 3042 1624 3096 αὐτοί
1654 3057 1854 3114 φαμεν,
1888 3056 2057 3110 μεμα-

2072 1818 2119 1879 Β

2136 585 2467 638 constitutos
2502 583 2556 635 in
2593 580 2835 635 Ecclesia
2868 582 3156 646 terminos,
3186 596 3250 635 ac
3293 581 3621 651 prophetica:
3648 592 3702 635 et

2137 675 2452 745 apostolicae
2506 672 2652 735 ﬁdei,
2704 687 2868 742 quam
2908 671 3164 726 traditam
3221 672 3559 742 accepimus,
3602 672 3703 726 do-

2138 768 2436 836 ctrina’que
2483 781 2633 835 spem
2680 764 2862 834 egredi
2903 765 3154 830 voluerit,
3196 764 3317 833 ejus
3358 765 3601 819 animum
3633 779 3702 818 ex

2138 859 2399 915 levissimi
2431 857 2669 928 alicujus
2714 858 3010 911 occasione
3040 855 3191 922 dicti,
3226 856 3280 909 in
3308 870 3367 910 re
3396 856 3609 910 modica
3639 867 3703 907 ac

2139 954 2343 1008 nullius
2367 968 2503 1022 pene
2530 949 2792 1005 momenti
2827 965 2855 1001 a
2889 948 3162 1003 communi
3189 948 3275 1002 via
3303 946 3701 1008 deflectentem,

2141 1044 2208 1098 ad
2245 1041 2582 1096 vanissimas
2627 1038 2862 1095 subinde
2903 1037 3262 1103 assertiones,
3296 1036 3705 1106 periculosissi-

2139 1149 2364 1203 masque
2403 1131 2728 1195 sententias,
2773 1138 2827 1185 et
2872 1130 2939 1184 ad
2982 1128 3253 1183 absurdas
3296 1141 3361 1181 ac
3388 1127 3707 1197 peregrinas

2139 1221 2490 1292 quaestiones,
2523 1229 2708 1289 atque,
2737 1226 2797 1273 ut
2821 1218 3118 1288 Apostolus
3145 1216 3389 1287 loquitur
3410 1216 3455 1279 ⁸,
3481 1214 3709 1269 inextri-

2140 1313 2344 1368 cabiles
2377 1312 2741 1383 genealogias,
2786 1325 2910 1366 esse
2953 1310 3253 1380 lapsurum.
3287 1305 3443 1373 Quod
3491 1303 3709 1374 quidem

2143 1403 2207 1458 ad
2242 1401 2388 1484 id‘de
2414 1417 2523 1473 quo
2552 1402 2604 1455 in
2649 1402 2943 1472 praesentia
2972 1413 3155 1455 sermo
3188 1406 3293 1464 est,
3326 1396 3540 1459 attinet,
3571 1394 3712 1449 stul-

2144 1496 2425 1551 tissimum
2492 1494 2638 1550 istud
2697 1509 2855 1559 esse,
2920 1508 3097 1563 neque
3155 1488 3516 1560 explicatione
3572 1500 3712 1555 opus

2142 1586 2368 1649 habere,
2409 1583 2663 1655 quisquis
2690 1583 2974 1653 paululum
3023 1582 3166 1651 sapit
3202 1579 3463 1634 facillime
3505 1590 3714 1646 cogno-

2140 1676 2265 1742 scit,
2295 1691 2397 1731 nec
2435 1674 2490 1729 in
2524 1673 2795 1744 ejusmodi
2846 1672 3114 1742 sapientia
3144 1671 3509 1740 Opinioneque
3546 1667 3711 1737 quid-

2145 1782 2309 1837 quam
2349 1782 2491 1833 esse,
2538 1764 2681 1835 quod
2716 1764 3125 1834 inquisitidnem
3154 1760 3443 1816 desideret.
3486 1755 3623 1811 Nam
3664 1755 3713 1811 si

2147 1860 2327 1914 denuo
2356 1864 2416 1911 ut
2447 1854 2907 1911 circumcidamur
2938 1853 3293 1921 resurgimus,
3332 1864 3431 1904 cur
3462 1862 3568 1901 non
3607 1846 3714 1899 cir-

2146 1948 2535 2004 cumcisionem
2580 1943 3004 2002 antevertimus?
3038 1941 3181 1997 Sane
3223 1939 3315 2011 qui
3364 1939 3420 1992 in
3467 1937 3570 1991 hac
3604 1934 3712 1989 vita

2147 2040 2404 2110 idipsum,
2447 2037 2594 2109 quod
2640 2035 2939 2107 perfectum
2980 2029 3475 2099 habetur,‘1032
3508 2040 3713 2096 cogno-

2147 2133 2348 2196 verint,
2382 2140 2435 2187 et
2476 2137 2628 2185 tanto
2662 2136 2789 2184 ante
2828 2141 3097 2201 usurpare
3132 2122 3418 2192 cmperint,
3451 2118 3717 2177 luculen-

2148 2224 2261 2279 tius
2287 2222 2355 2275 ad
2389 2221 2625 2276 futuram
2659 2220 2801 2273 illam
2832 2215 3219 2288 perfectionem
3245 2209 3598 2266 obtinendam
3626 2207 3720 2276 jus

2149 2316 2294 2372 nacti
2339 2320 2488 2369 sunt.
2549 2310 2823 2377 Quorsum
2877 2308 3042 2377 igitur
3092 2304 3159 2358 ab
3211 2301 3468 2371 Apostolo
3512 2299 3718 2353 dictum

2149 2415 2263 2465 est:
2311 2405 2371 2461 Si
2402 2400 2877 2463 circumcidamini,
2917 2396 3161 2452 Christus
3204 2393 3334 2447 nihil
3384 2390 3527 2447 vobis
3559 2387 3726 2459 prod—

2150 2501 2249 2553 erit
2271 2498 2328 2551 '?
2357 2494 2489 2551 Item
2517 2512 2530 2549 :
2560 2493 2665 2559 Qui
2696 2492 2751 2545 in
2772 2480 2882 2561 lege
2901 2487 3300 2558 justi/icamini,
3326 2500 3357 2537 a
3378 2482 3555 2554 gratia
3582 2480 3726 2533 exci-

2151 2590 2306 2644 distis
2328 2587 2371 2641 δ.
2424 2586 2563 2640 Tum
2617 2583 2749 2638 illud
2806 2582 2969 2637 etiam
3023 2576 3326 2633 Salvatoris
3372 2574 3624 2628 dictum:
3662 2568 3726 2623 In

2153 2679 2541 2737 resurrectione
2574 2677 2715 2731 enim
2754 2690 2916 2744 neque
2947 2672 3145 2725 ducunt
3177 2682 3389 2730 uxores,
3433 2678 3593 2734 neque
3628 2676 3727 2715 nu-

2155 2774 2320 2836 bunt;
2356 2770 2445 2826 sed
2478 2768 2704 2839 wquales
2736 2774 2859 2820 sunt
2885 2763 3085 2833 angelis
3108 2762 3150 2815 '.
3186 2757 3342 2825 Quod
3373 2764 3555 2810 autem
3589 2750 3730 2808 scri-

2152 2871 2306 2935 ptum
2339 2869 2423 2917 est
2456 2879 2469 2915 :
2504 2858 2763 2915 Sedebitis
2800 2855 2867 2911 ad
2898 2868 3131 2908 mensam
3192 2848 3375 2903 Patris
3422 2844 3548 2907 mei,
3586 2858 3732 2895 com—

2153 2956 2361 3014 edentes
2404 2962 2454 3008 et
2495 2952 2720 3008 bibentes
2740 2950 2782 3013 ⁸,
2836 2954 2890 3002 et
2937 2944 3111 3001 :Cum
3149 2941 3280 2995 illud
3323 2937 3498 2992 bibam
3543 2950 3731 2988 novum

2155 3049 2422 3104 vobiscum
2448 3045 2505 3098 in
2551 3058 2707 3113 regno
2741 3038 2988 3094 cazlorum
3010 3038 3054 3101 ",
3080 3051 3143 3091 ex
3179 3049 3244 3090 eo
3281 3031 3427 3103 quod
3473 3029 3727 3091 additur,

486 3145 712 3216 θηκότες
893 3141 1001 3194 τῶν
1033 3139 1191 3192 θείων
1235 3137 1428 3205 λόγων,
1479 3132 1773 3206 μετάληψίν
1810 3150 1929 3187 τινα
1958 3130 2051 3184 πό-

2160 3154 2362 3202 novum,
2418 3144 2495 3203 et,
2530 3134 2598 3189 ad
2632 3147 2868 3187 mensam
2898 3129 3074 3199 regni,
3113 3126 3220 3181 alio
3251 3138 3416 3179 sensu
3454 3120 3731 3189 accipien-

492 3249 657 3303 ματος
696 3232 790 3285 καὶ
822 3228 1108 3302 βρώματος
1153 3225 1455 3299 ἀμϐροσίου
1479 3240 1492 3254 ⁸
1544 3224 1670 3294 περὶ
1701 3216 1774 3275 ὧν
1818 3220 2053 3292 εἴρηται,

487 3327 568 3378 ὅτι
604 3326 676 3377 Ἀ
707 3320 1013 3392 ὀφθαλμός
1055 3321 1166 3374 οὐκ
1205 3315 1349 3381 οἶδε,
1384 3314 1481 3369 καὶ
1522 3310 1631 3382 οὖς
1660 3314 1770 3367 οὐκ
1807 3311 2054 3380 ἤκουσε,

488 3415 586 3470 καί
618 3414 714 3468 ἐπὶ
748 3412 998 3481 καρδίαν
1024 3409 1335 3478 ἀνθρώπου
1370 3411 1479 3462 οὐκ
1513 3406 1693 3474 ἀνέϐη
1714 3420 1726 3433 '
1760 3403 1798 3459 ἂ
1820 3404 2060 3475 ἡτοίμα-

492 3524 603 3563 σεν
631 3510 663 3561 ό
694 3504 839 3572 Θεὸς
866 3502 991 3570 τοῖς
1020 3500 1335 3573 ἀγαπῶσιν
1365 3500 1569 3555 αὐτόν.

566 3780 697 3834 ΛΗ’.
738 3777 900 3832 Ἀλλά
942 3793 1124 3847 φησιν,
1156 3776 1239 3829 ὃτι
1321 3772 1543 3845 Πρῶτον
1572 3771 1670 3843 μὲν
1698 3772 1753 3826 ἐν
1778 3773 1841 3841 τῇ
1871 3768 2067 3840 χιλιονδ

494 3868 773 3939 ταετηρίδι
803 3866 911 3920 τῶν
943 3864 1187 3935 φυσικῶν
1222 3862 1706 3935 μεταλαμϐάνομεν
1745 3861 1915 3932 ἡδέων
1939 3860 2065 3914 ἄνευ

496 3961 744 4030 καμάτου
796 3958 888 4012 καὶ
921 3957 1130 4027 λύπης·
1170 3954 1308 4025 μετά
1352 3953 1538 4024 δὲτὴν
1586 3948 2065 4022 χιλιονταετηρίδα,

496 4053 617 4107 τότε
666 4051 1149 4124 μεταλαμϐάνομεν
1181 4041 1255 4101 ὧν
1289 4045 1524 4118 εἴρηται,
1576 4046 1712 4098 κατὰ
1744 4044 1804 4096 τὸ
1845 4041 2071 4113 εἰρημέ-

467 4221 471 4226 ν
498 4163 588 4201 νον
603 4162 618 4179 ο
644 4146 712 4201 Ἀ
732 4142 1040 4215 ὀφθαλμὸς
1060 4144 1173 4197 οὐκ
1194 4140 1338 4205 οἵδε,
1357 4139 1455 4194 καί
1480 4134 1590 4204 οὖς
1611 4139 1718 4191 οὐκ
1740 4135 2023 4205 ἤκουσεν.
2045 4208 2053 4216 ε

583 4321 882 4384 Ἀντίθετος
926 4319 982 4373 δέ
1015 4319 1161 4372 ἐστιν
1192 4317 1220 4371 ὁ
1267 4315 1426 4384 λόγος
1466 4312 1601 4385 πρὸς
1625 4312 1722 4383 τὴν
1752 4311 1931 4364 πᾶσαν
1972 4308 2073 4379 τῆς

503 4413 726 4485 Γραφῆς
758 4412 1009 4482 θεωρίαν.
1041 4411 1105 4463 El
1147 4409 1255 4479 γὰρ
1284 4409 1311 4460 ό
1343 4408 1506 4477 νόμος
1536 4403 1722 4457 ούδένα
1769 4400 2069 4461 ἐτελείωσε,

2159 3232 2290 3288 dum
2326 3227 2462 3283 illud
2499 3226 2741 3281 videtur.
2793 3222 3006 3290 Quippe
3055 3226 3109 3273 et
3162 3230 3280 3278 nos,
3311 3213 3364 3268 id
3396 3209 3541 3282 quod
3572 3225 3603 3264 e
3645 3224 3732 3263 sa-

2159 3322 2271 3377 cris
2295 3318 2478 3374 Libris
2523 3314 2839 3377 didicimus,
2882 3318 3070 3381 potum
3123 3320 3188 3361 ac
3226 3304 3408 3360 cibum
3442 3302 3733 3372 quemdam

2162 3414 2274 3469 illic
2304 3409 2640 3466 ambrosium
2689 3420 2813 3460 esse
2844 3401 3211 3464 defendimus,
3243 3398 3311 3453 de
3355 3396 3554 3466 quibus
3596 3392 3736 3449 scri-

2162 3509 2314 3573 ptum
2340 3506 2424 3555 est
2456 3497 2626 3563 :Qua:
2679 3493 2864 3548 oculus
2887 3507 2989 3548 non
3026 3488 3184 3553 vidit,
3224 3503 3318 3542 nec
3359 3485 3505 3540 auris
3540 3483 3736 3546 audiit,

2162 3608 2323 3662 neque
2367 3592 2421 3645 in
2469 3605 2559 3644 cor
2606 3586 2831 3640 hominis
2869 3580 3247 3645 ascenderunt;
3277 3593 3393 3649 qua:
3419 3575 3737 3647 pra'paravit

2163 3682 2305 3741 Deus
2334 3678 2670 3750 diligentibus
2696 3692 2750 3731 se
2772 3676 2815 3729 ⁸.

2238 3770 2521 3828 XXXVIII.
2565 3768 2671 3825 Sed
2720 3767 2795 3822 ita
2830 3766 2921 3822 ille
2960 3763 3151 3820 statuit
3184 3757 3469 3816 :Primum
3520 3756 3580 3811 in
3620 3762 3736 3810 toto

2168 3867 2262 3923 illo
2288 3861 2598 3919 milienario
2624 3855 2908 3914 curriculo
2942 3849 3286 3908 naturalibus
3314 3863 3416 3904 nos
3444 3845 3741 3915 voluptati-

2166 3960 2270 4015 bus
2301 3970 2421 4013 esse
2458 3953 2744 4012 fruituros,
2775 3948 2961 4003 labore
3009 3943 3157 4000 omni
3188 3956 3254 3997 ac
3283 3940 3470 3997 dolore
3492 3938 3731 3999 sublato,

2168 4063 2278 4120 quo
2334 4043 2553 4117 quidem
2616 4041 2832 4097 evoluto
2886 4046 3156 4105 tempore,
3197 4045 3386 4089 eorum
3431 4043 3554 4100 quae
3592 4027 3740 4082 dicta

2169 4147 2317 4205 sunt,
2372 4133 2667 4206 participes
2716 4131 2953 4185 futuros.
2996 4126 3152 4193 Quod
3186 4124 3301 4179 hate
3347 4122 3512 4177 verba
3556 4119 3741 4175 decla-

2171 4235 2295 4289 rant
2324 4247 2336 4282 :
2369 4228 2501 4292 Qua:
2534 4242 2625 4280 nec
2642 4220 2825 4278 oculus
2850 4218 3002 4281 vidit,
3035 4232 3126 4270 nec
3154 4214 3300 4274 auris
3340 4209 3565 4266 audivit.

2242 4318 2443 4383 Verum
2492 4317 2579 4371 hic
2624 4316 2842 4369 illorum
2903 4322 3086 4366 sermo
3136 4304 3394 4361 omnibus
3443 4300 3743 4368 Scriptum

2176 4409 2462 4467 sententiis
2501 4414 2786 4478 repugnat.
2827 4402 2965 4458 Cum
2995 4401 3141 4456 enim
3175 4399 3262 4453 lex
3304 4393 3575 4451 neminem
3616 4406 3743 4461 per-

504 4506 666 4577 νόμον
687 4505 743 4558 δὲ
778 4504 916 4576 μετά
959 4502 1252 4556 ἀνάστασιν
1288 4497 1574 4569 φυλάττειν
1604 4490 2057 4566 προσταττόμεθα.

2177 4502 2377 4557 fectum
2429 4497 2747 4563 reddiderit,
2804 4502 2857 4550 et
2896 4492 3141 4549 eamdem
3196 4496 3377 4543 tamen
3417 4485 3591 4555 legem
3622 4489 3745 4551 post

504 4599 600 4652 καὶ
624 4598 707 4652 ὅτι
738 4596 892 4664 ἅγιος
932 4593 1094 4663 νόμος
1124 4594 1152 4645 ὁ
1183 4589 1271 4645 διὰ
1310 4587 1586 4649 Μωῦσέως
1625 4584 1728 4637 ὑπὸ
1758 4581 1961 4654 Κυρίου
1994 4580 2076 4633 δο-

508 4693 624 4756 θεὶς
654 4687 1001 4758 παιδαγωγὸς
1038 4687 1118 4751 είς
1149 4683 1382 4755 Χριστὸν
1409 4682 1538 4752 ἡμῖν
1570 4677 1811 4747 γέγονεν,
1835 4675 1909 4739 ὡς
1946 4675 2078 4728 ύπο-

505 4784 787 4855 δεὲστερος
822 4780 932 4834 τῶν
967 4777 1357 4848 τελειουμένων
1378 4772 1457 4843 τῷ
1488 4770 1714 4843 μείζονι,
1750 4769 1845 4822 καὶ
1876 4767 2077 4821 τελειο-

508 4877 654 4947 τάτιρ
716 4873 1014 4943 προσάγειν
1071 4865 1521 4938 πεπιστευμένος.
1580 4859 1818 4935 Χριστοῦ
1874 4860 1933 4914 δὲ
1982 4859 2076 4913 τοῦ

508 4967 714 5021 τελείου
745 4965 1011 5027 ἐλθόντος,
1032 4962 1126 5015 καὶ
1153 4958 1442 5020 Δεσπότου,
1474 4955 1568 5009 καὶ
1594 4952 1986 5025 παρειληφότος
2016 4952 2079 5004 ἐκ

511 5059 692 5133 χειρὸς
720 5057 814 5111 τοῦ
848 5054 1365 5125 παιδαγωγήσαντος
1405 5048 1497 5101 τὸν
1519 5046 1891 5116 εἰσαγόμενον,
1920 5060 2077 5096 τουτ-

513 5153 628 5206 έστι
656 5151 765 5205 τῶν
795 5148 1005 5203 πιστῶν
1045 5146 1143 5216 τὴν
1196 5144 1359 5213 ἀγίαν
1389 5138 1684 5210 Παρθένον,
1723 5138 1818 5190 καὶ
1854 5134 2081 5205 Ἐκκλη-

518 5243 660 5305 σίαν,
691 5242 785 5297 καὶ
800 5240 954 5311 ἡμῶν
969 5237 1319 5306 ὲπιγνόντων,
1352 5232 1442 5287 διὰ
1471 5232 1569 5303 μὲν
1606 5230 1771 5300 νόμου
1800 5228 1895 5282 τοῦ
1926 5226 2082 5284 7:046-

468 5386 471 5389 .
515 5332 735 5401 αγωγοῦ
778 5330 871 5384 τὸν
931 5326 1154 5400 μείζονα
1203 5325 1298 5378 καὶ
1346 5320 1633 5391 τελειωτὴν
1684 5317 1912 5389 Ἰησοῦν,
1965 5317 2083 5383 πῶς

517 5423 638 5495 οὐχὶ
682 5422 882 5494 μᾶλλον
922 5417 1179 5491 βραχείας
1218 5415 1425 5477 ἐννοίας
1472 5413 1567 5467 κα)⁹
1600 5412 1851 5482 εὐηθείας
1885 5410 2085 5481 μᾶλλον

518 5514 861 5585 δειχθήσεται
890 5512 919 5565 ὁ
958 5509 1113 5577 λόγος
1150 5506 1257 5561 τῶν
1297 5506 1366 5560 τά
1406 5502 1630 5559 τοιαῦτα
1678 5502 1964 5572 λεγόντων,
2001 5501 2087 5555 ὅτι

596 5696 613 5727 ¹
647 5689 706 5748 F.
727 5689 1167 5762 ἀναγκαιότερον.
1261 5689 1280 5720 ³
1311 5684 1565 5762 l'l'im_._l,
1718 5683 1773 5762 η’
1801 5682 1919 5738 Gal.
1950 5700 2010 5762 ιι,
2042 5684 2093 5738 5.

2172 4586 2965 4649 resurrectionem'observare
3013 4599 3114 4639 nos
3172 4580 3405 4650 jubeant
3431 4578 3461 4645 ξε
3509 4587 3746 4643 cumque

2174 4694 2360 4742 sancta
2394 4683 2485 4737 illa
2514 4683 2622 4748 lex,
2658 4695 2822 4752 quam
2864 4693 2960 4749 per
2991 4674 3228 4740 Moysem
3274 4669 3541 4725 Dominus
3583 4663 3745 4721 nobis

2174 4778 2361 4845 edidit,
2420 4777 2697 4849 paedagogi
2748 4790 2848 4829 nos
2902 4770 3116 4828 instar’
3158 4766 3228 4821 ad
3283 4763 3563 4821 Christum
3620 4773 3747 4828 per-

2176 4872 2415 4935 duxerit,
2452 4869 2566 4931 cui,
2607 4868 2754 4938 quod
2795 4866 2957 4935 longe
3007 4859 3276 4917 absolutis
3325 4856 3437 4911 illis
3479 4868 3543 4907 ac
3578 4849 3747 4921 perfe«

2176 4966 2282 5021 etis
2314 4972 2459 5020 esset
2485 4960 2736 5021 inferior,
2772 4957 2960 5012 datum
3003 4952 3281 5025 negotium
3314 4956 3419 5012 est,
3454 4954 3513 4999 ut
3547 4957 3647 4997 nos
3678 4939 3745 4993 ad

2176 5053 2540 5111 excellentius
2598 5049 2729 5105 illud
2760 5086 2775 5112 ,
2824 5061 2890 5101 ac
2948 5046 3098 5099 velut
3151 5046 3317 5110 caput
3367 5047 3747 5102 summumque

2178 5145 2496 5206 deduceret,
2553 5156 2677 5195 cum
2710 5146 2832 5210 post
2883 5136 2999 5191 haec
3046 5132 3300 5189 Christus
3332 5125 3607 5198 perfectus
3655 5123 3747 5178 ille

2179 5251 2243 5290 ac
2279 5234 2541 5289 Dominus
2576 5227 2874 5289 advenerit,
2897 5240 2961 5280 ac
2978 5225 3044 5278 de
3062 5220 3338 5294 paedagogi
3372 5230 3536 5270 manu
3574 5213 3746 5267 alum-

2181 5341 2311 5381 num
2370 5339 2435 5379 ac
2494 5323 2750 5386 tironem,
2813 5318 2916 5371 hoc
2958 5322 3045 5372 est
3100 5312 3383 5367 collectam
3421 5323 3452 5363 e
3500 5303 3746 5360 ﬁdelibus

2182 5415 2515 5479 Ecelesiam,
2571 5412 2719 5467 velut
2764 5407 3057 5479 quamdam
3110 5401 3379 5472 virginem
3434 5394 3747 5465 acceperit;

2184 5509 2320 5565 adeo
2366 5512 2426 5560 ut
2470 5500 2903 5575 praestantiorem
2958 5493 3149 5556 alium,
3184 5487 3442 5544 nimirum
3492 5495 3745 5539 consum-

2203 5680 2224 5713 ι
2256 5678 2372 5734 Gal.
2414 5642 2466 5728 ν.
2502 5674 2555 5727 It.
2662 5670 2683 5702 ⁸
2720 5667 2909 5725 Matth.
2938 5679 3074 5731 χιιι,
3136 5645 3239 5727 5οέ
3324 5654 3459 5716 Luc.
3518 5671 3611 5723 ιι,
3663 5651 3756 5710 55.

534 5757 553 5787 ⁸
580 5746 715 5822 Luc.
736 5746 881 5828 illi,
905 5763 993 5818 50.
1056 5746 1087 5794 ’⁷
1120 5758 1283 5815 Marc.
1316 5773 1423 5818 xw,
1447 5746 1562 5811 24(
1612 5755 1632 5787 ⁸
1667 5752 1686 5809 ι
1714 5752 1838 5808 Cor.
1876 5770 1933 5821 ιι,
1963 5756 2016 5811 9.

2160 5752 2256 5808 iul.
2292 5764 2374 5815 ιιι,
2412 5746 2500 5801 24.
