3994 6224
392 376 494 437 τοι

1001 364 1372 425 ADVERSUS
1411 360 1755 420 IIAERESES
1791 357 1922 417 LIB.
1958 354 2026 411 III

2137 353 2254 412 ΟΜ.
2291 351 2357 408 II.
2379 379 2445 392 -υ
2481 346 2759 405 ILERES.
2791 335 3077 398 LXXVIII.

3498 365 3505 369 -
3561 326 3666 387 7θὲ

398 494 543 551 κατά
564 490 664 566 τὴν
706 488 968 564 Ἀραϐίαν
1000 486 1320 558 Ἐπιφάνιος
1346 485 1628 557 ἐλάχιστος
1672 482 1987 539 ἱπισκόπων
2014 485 2032 539 t

2142 476 2242 532 ieis
2299 480 2354 530 et
2397 462 2832 532 catechumenis,
2876 456 3218 533 Epiphanius
3280 452 3666 525 episcoporum

398 587 636 661 χαίρειν.

474 674 793 749 Θαυμάζειν
848 672 998 729 ἔστιν
1035 673 1094 727 ὲν
1125 670 1204 744 τῷ
1258 671 1486 741 παρόντι
1540 666 1736 740 καιρῷ,
1768 666 1862 721 καὶ
1914 665 1988 737 μὴ

403 769 743 842 θαυμάζειν*
788 767 1090 840 θαυμάζειν
1146 765 1282 836 μὲν,
1333 754 1415 817 ὅτι
1469 761 1561 815 ἐπὶ
1622 763 1689 831 τῇ
1745 757 1991 830 ἡμετέρᾳ

403 866 568 937 γενεᾷ
590 863 773 918 πάντα
801 860 1104 933 πληροῦται
1128 876 1142 888 ο
1176 857 1268 913 καὶ
1301 856 1375 928 μὴ
1407 851 1743 926 θαυμάζειν·
1784 852 1865 904 δεῖ
1883 849 1992 920 γὰρ

406 954 767 1031 πληροῦσθαι.
811 952 1115 1024 Ὀσημέραι
1156 950 1263 1020 γὰρ
1302 945 1444 1002 κατά
1489 944 1746 1017 πρόθεσιν
1781 941 1877 997 νῦν
1904 940 1993 1010 γί-

407 1068 560 1107 νεται
578 1050 709 1121 ἡμῖν
736 1047 802 1101 ὲκ
827 1043 1102 1115 λογισμῶν
1125 1039 1480 1112 ἀνθρωπίνων
1507 1037 1599 1091 καὶ
1623 1035 1996 1107 διανοημάτων

411 1140 699 1211 σοφιστικὴ
743 1136 991 1203 ὑπόνοια,
1023 1134 1117 1189 καὶ
1150 1133 1244 1186 ἐπὶ
1279 1131 1339 1184 τὸ
1379 1133 1559 1201 χεῖρον
1591 1128 1995 1201 προκύπτουσα,

410 1228 902 1302 καταλιμπάνουσά
947 1244 1008 1281 τε
1056 1226 1155 1296 τὴν
1211 1222 1571 1295 ἀποστολικὴν
1616 1218 1995 1275 διδασκαλίαν

413 1322 595 1387 καθὼς
624 1323 652 1376 ό
677 1319 981 1390 ἀγιὼτατος
1021 1314 1344 1379 Ἀπόστολος
1381 1316 1661 1385 προεῖπεν,
1697 1311 1779 1363 ὅτι
1825 1311 1999 1362 Ἀπο-

412 1411 751 1481 στήσοντιιί
798 1426 961 1475 τινες
990 1405 1096 1475 τῆς
1126 1406 1525 1475 ὑγιαινούσης
1568 1398 1964 1464 διδασκαλίας
1985 1436 2001 1463 ,

415 1504 825 1575 προσέχοντες
872 1500 1107 1571 μύθοις,
1161 1497 1261 1550 καὶ
1320 1492 1743 1557 διδασκαλίαις
1802 1488 2007 1557 δαιμο-

415 1597 586 1659 νίων,
635 1593 734 1647 καὶ
786 1590 857 1645 τά
909 1588 1060 1658 ἑξῆς.
1096 1584 1177 1639 -Εἴ
1216 1602 1271 1638 τι
1309 1582 1418 1654 γὰρ
1449 1581 1528 1637 ἔνι
1558 1579 1877 1650 ἀνερευνᾷν,
1915 1576 2009 1628 καὶ

420 1685 656 1738 ἐπινοεῖν
679 1681 832 1746 ὁδοὺς
870 1676 1136 1749 πονηρὰς,
1172 1673 1346 1729 ταῦτα
1386 1671 1587 1746 μᾶλλον
1614 1668 2009 1733 σπουδάζουσιν

418 1777 469 1831 οἱ
506 1775 805 1846 ἄνθρωποι,
842 1772 988 1843 ἥπερ
1030 1765 1368 1838 πληροῦντες
1412 1764 1510 1836 τὴν
1544 1761 1763 1833 ἐντολὴν
1795 1758 1894 1831 τὴν
1922 1757 2013 1811 λέ-

2088 568 2370 630 minimus,
2405 563 2679 620 salutem;

2165 659 2263 716 Est
2312 658 2420 713 hoc
2482 664 2730 725 tempore
2776 647 2924 721 quod
2975 638 3357 699 admirandum
3412 633 3573 692 simul
3620 638 3675 686 et

2094 766 2206 806 non
2253 723 2640 804 admirandum
2677 739 2928 796 videatur
2964 730 3385 791 :admirandum
3432 723 3675 795 quidem,

2092 841 2241 914 quod
2276 848 2439 896 aetate
2472 844 2663 893 nostra
2696 831 3030 902 impleantur
3055 823 3273 888 omnia;
3300 818 3521 873 minime
3550 827 3678 869 vero

2095 933 2427 997 mirandum,
2478 927 2625 1000 quod
2671 925 2861 981 eadem
2914 920 3005 974 illa
3050 913 3264 987 impleri
3317 921 3540 965 necesse
3582 905 3676 960 sit.

2097 1025 2313 1081 Etenim
2350 995 2597 1093 quotidie
2631 1016 2794 1071 nobis
2830 1008 3133 1081 sophistica
3180 1005 3363 1072 aliqua
3403 995 3681 1054 cavillatio

2098 1129 2387 1191 perperam
2415 1111 2670 1168 affectata
2712 1103 2972 1161 humanis
2999 1116 3066 1156 ex
3096 1096 3332 1168 ingeniis
3374 1106 3439 1146 ac
3489 1087 3684 1143 menti-

2100 1182 2218 1265 ὸιιε-
2238 1205 2498 1277 erumpit,
2547 1212 2714 1272 atque
2743 1199 2800 1254 in
2829 1193 3076 1252 deterius
3103 1198 3395 1260 progressa
3441 1182 3510 1235 ab
3552 1193 3685 1249 apo-

2102 1301 2305 1357 stolica
2335 1270 2587 1353 doctrina
2616 1270 2899 1351 desciscit,
2927 1275 3385 1355 quemadmodum
3410 1270 3689 1341 apostolus

2102 1393 2307 1449 Paulus
2330 1389 2657 1462 praedixerat
2680 1382 2964 1453 :Deﬁcient
2981 1373 3192 1447 quidem
3215 1387 3247 1424 a
3267 1382 3401 1423 sana
3423 1361 3689 1423 doctrina,

2106 1454 2431 1541 attendentes
2472 1478 2668 1552 fabulis
2715 1484 2765 1531 et
2803 1468 3062 1528 doctrinis
3100 1461 3484 1521 daemoniorum
3506 1454 3549 1519 ³,
3582 1459 3690 1508 etc.

2107 1576 2245 1632 Nam
2291 1576 2336 1630 si
2364 1588 2473 1643 qua
2507 1584 2629 1627 sese
2664 1578 3049 1641 perversarum
3085 1558 3303 1612 viarum
3345 1544 3695 1619 inquirenda-

2108 1682 2232 1723 rum
2291 1672 2457 1735 atque
2518 1656 3003 1730 excogitandarum
3060 1646 3280 1704 occasio
3333 1648 3388 1698 et
3456 1636 3693 1693 Iacultas

2115 1730 2405 1819 obtulerit,
2435 1754 2491 1808 in
2529 1766 2595 1807 eo
2630 1748 2812 1822 potius
2857 1742 3140 1799 hominum
3171 1735 3357 1794 studia
3383 1730 3696 1790 versantur,

420 1822 642 1939 youcavr,
677 1822 819 1918 καλά
998 1822 1372 1932 εὐπρόσδεκτα
1401 1822 1587 1929 ζητεῖν
1611 1867 1625 1884 ⁸
1658 1822 1775 1917 καὶ,
1824 1822 1887 1905 ’ὸ
1906 1849 2010 1905 λό-

2136 1863 2274 1921 [uam
2301 1862 2367 1903 ex
2390 1848 2664 1917 praecepto
2684 1840 2780 1895 illo
2806 1831 3179 1905 evsequendo,
3197 1826 3345 1899 quod
3370 1825 3605 1879 honesta
3643 1822 3700 1871 et

2294 1938 2297 1939 ⁷
2389 1937 2397 1939 ’
2547 1934 2579 1939 ’“
3001 1924 3013 1936 ⁸
3061 1923 3083 1939 ι
3110 1928 3145 1939 ν·
3174 1920 3191 1939 ι
3213 1936 3224 1939 -
3254 1924 3341 1939 ι--ι
3376 1914 3548 1939 ιιι-..-η
3572 1909 3697 1939 ιιιη.

424 1978 527 2034 τος
578 1960 757 2017 ἅλατι
807 1956 847 2026 ᾗ
902 1954 1257 2027 ἠρτυμένος,
1313 1951 1471 2022 ὅπως
1519 1944 1602 2012 δῷ
1654 1944 1833 2016 χάριν
1883 1940 2010 2008 τοῖς

424 2054 739 2109 ἀκούουσι.
772 2050 883 2105 Καὶ
927 2051 977 2103 εί
1025 2046 1197 2103 ταῦτα
1242 2040 1675 2114 διανοηθείημεν,
1717 2039 1800 2091 ὅτι
1848 2036 2010 2090 πόθεν

427 2143 716 2217 συμϐαίνει
739 2141 863 2196 καθ’
892 2140 1132 2209 ἑκάστην
1166 2137 1380 2209 ἡμέραν
1411 2128 1855 2195 ἀνακαινίζεσθαι
1880 2128 2013 2198 ἡμῖν

425 2237 495 2291 τά
532 2235 738 2307 φαῦλα,
799 2231 1038 2304 ἐσόμεθα
1084 2232 1178 2285 καὶ
1225 2226 1380 2284 αὐτοὶ
1429 2225 1506 2289 ὡς
1550 2221 1883 2282 ἀπαίδευτοι,
1919 2217 2014 2272 καὶ

431 2325 507 2398 μὴ
536 2324 894 2397 προσέχοντες
922 2324 1033 2385 τοῖς
1055 2320 1221 2383 θείοις
1259 2317 1354 2371 καὶ
1388 2313 1781 2387 προρρητικοῖς
1811 2308 2011 2379 λόγοις.

429 2419 521 2473 Δεῖ
545 2415 655 2486 γάρ
703 2414 877 2468 ταῦτα
916 2409 1279 2484 πληροῦσθαι.
1329 2409 1417 2461 Ἔν
1449 2405 1622 2461 ἅπασι
1666 2402 1776 2473 γὰρ
1826 2400 2017 2471 μέρεσι

430 2512 530 2584 τῆς
551 2511 789 2573 πίστεως
813 2508 893 2561 δεῖ
913 2504 1181 2561 τελεῖσθαι
1207 2500 1267 2555 τὸ
1298 2502 1417 2572 είρη
1428 2498 1583 2569 μένον
1607 2512 1620 2526 ·
1647 2491 1716 2548 Ἀ
1719 2512 1800 2563 pa
1825 2490 2020 2547 ἐλθὼν

432 2606 466 2658 ό
487 2581 639 2669 ⁷Υἱός
662 2600 766 2656 τοῦ
797 2597 1113 2667 ἀνθρώπου
1138 2592 1383 2663 εὑρήσει
1408 2589 1525 2659 τὴν
1552 2588 1764 2642 πίστιν
1790 2584 1890 2638 ἐπὶ
1909 2581 2021 2651 τῆς

432 2695 588 2769 ﬂe;
644 2692 756 2749 Ποῦ
793 2692 903 2763 γάρ
941 2689 1175 2760 ἔφθασεν
1212 2687 1246 2756 ἡ
1302 2682 1512 2737 διάνοια
1554 2677 1664 2732 τῶν
1717 2672 2021 2746 ἀνθρώπων

435 2765 729 2859 ἐγκειμένη
763 2785 856 2838 ἐπὶ
884 2782 945 2836 τὸ
993 2779 1229 2851 πονηρὸν
1272 2778 1337 2830 ὲκ
1380 2774 1667 2845 νεότητος;
1709 2769 1845 2823 Ποῖα
1880 2765 2022 2838 μέρη

436 2858 534 2953 τῆς
564 2858 799 2942 πίστεως
823 2876 924 2929 οὐκ
968 2872 1286 2935 ἀπώλεσεν;
1332 2868 1420 2920 Ἐν
1469 2864 1643 2926 ποίοις
1678 2860 1735 2914 δὲ
1778 2858 1958 2927 λόγοις
1990 2858 2023 2927 ή

376 3042 379 3043 ν
440 2948 769 3030 κακοδουλία
790 2966 852 3020 τὸ
880 2965 1150 3037 χρήσιμον
1181 2961 1282 3014 οὐκ
1322 2953 1584 3028 ὲτάραξε;
1617 2953 1633 2984 ί
1669 2949 1780 3006 τῶν
1807 2948 1864 3002 δὲ
1893 2964 2027 3018 πρε-

439 3060 822 3122 πωδεστάτων,
854 3030 948 3112 καὶ
970 3030 1027 3109 έν
1052 3030 1404 3108 καταστάσει
1440 3045 1664 3115 λογικῆς
1697 3039 1932 3111 φύσεως,
1959 3030 2028 3107 ἦς

440 3155 503 3209 τὸ
531 3152 741 3226 πρέπον
766 3145 834 3221 ἦν
856 3148 927 3201 τὰ
957 3145 1132 3217 σεμνά
1171 3141 1371 3215 μᾶλλον
1404 3133 1753 3197 διανοεῖσθαι,
1788 3131 1883 3185 καὶ
1907 3126 2031 3182 τού-

445 3264 557 3311 τοις
574 3221 942 3316 προστιθέναι
979 3234 1285 3309 βιάζεσθαι,
1316 3233 1366 3286 εἰ
1403 3229 1498 3284 καὶ
1532 3226 1639 3281 ἔδει
1672 3222 1825 3295 παρὰ
1850 3221 2032 3293 φύσιν,

448 3340 543 3395 καὶ
572 3312 649 3411 μη
691 3335 890 3409 μᾶλλον
916 3332 986 3387 τά
1028 3326 1259 3400 ἀληθινὰ
1290 3327 1368 3390 είς
1392 3322 1461 3377 τά
1508 3321 1721 3391 ἄσεμνα
1763 3312 2038 3387 παρατρέ-

450 3449 571 3486 πειν
605 3422 961 3502 βιαζομένους
990 3421 1083 3477 ἐπὶ
1112 3419 1172 3476 τὸ
1204 3420 1406 3489 χεῖρον.

2113 1909 2511 2010 approbatione
2529 1909 2693 2003 digna
2720 1941 2968 2001 quaerere
2994 1923 3151 1994 jubet
3174 1920 3226 1985 ‘;
3253 1924 3347 1972 aut
3375 1914 3549 1969 altero
3572 1909 3698 1963 illo:

2113 1998 2299 2089 Sermo
2330 2037 2498 2085 vester
2531 1998 2643 2082 δαῖε
2672 1998 3023 2082 ait—conditus,
3046 2022 3103 2067 ut
3125 2012 3211 2066 det
3236 2007 3466 2080 gratiam
3490 1998 3706 2055 audien-

2117 2125 2256 2181 tibus
2280 2126 2323 2177 ⁵.
2361 2121 2518 2189 Quod
2567 2118 2613 2175 si
2654 2118 2769 2172 haec
2804 2109 3068 2168 attentius
3109 2104 3292 2159 animo
3318 2096 3665 2154 revolvamus
3690 2126 3707 2151 ,

2118 2218 2269 2275 unde
2298 2186 2414 2282 ﬁat,
2454 2222 2513 2269 ut
2542 2210 2784 2283 pessima
2819 2217 3051 2276 quaeque
3079 2197 3240 2254 nobis
3270 2193 3326 2247 in
3355 2190 3474 2245 dies
3504 2186 3711 2240 instau-

2115 2317 2335 2371 rentur,
2380 2312 2435 2361 et
2484 2318 2585 2358 nos
2635 2299 2742 2370 ipsi
2791 2298 3173 2365 imperitorum
3224 2282 3437 2339 similes
3475 2276 3708 2337 erimus,

2117 2400 2209 2472 qui
2262 2395 2467 2453 divinis
2519 2393 2704 2449 verbis
2781 2398 2835 2445 et
2884 2381 3161 2442 vaticiniis
3219 2376 3462 2430 animum
3528 2367 3711 2422 minus

2121 2492 2499 2549 adhibeamus.
2549 2484 2677 2541 Haec
2710 2482 2856 2539 enim
2888 2472 3101 2546 impleri
3150 2480 3376 2525 necesse
3405 2468 3512 2525 est,
3549 2467 3715 2526 atque

2122 2586 2175 2640 in
2205 2581 2464 2638 omnibus
2492 2576 2615 2632 ﬁdei
2645 2573 2899 2646 partibus
2925 2563 3111 2638 perlici
3144 2558 3290 2632 quod
3326 2555 3535 2610 dictum
3578 2554 3663 2603 est
3696 2561 3711 2599 :

2124 2675 2256 2734 Cum
2305 2672 2501 2729 venerit
2559 2667 2736 2722 Filius
2793 2658 3046 2722 hominis,
3080 2671 3149 2708 an
3190 2650 3347 2721 ﬁdem
3392 2640 3615 2699 inveniet
3661 2637 3717 2690 in

2126 2778 2270 2822 terra
2290 2766 2348 2820 σῖ
2374 2765 2495 2831 Quo
2519 2759 2668 2816 enim
2697 2754 2923 2810 tandem
2952 2747 3235 2805 hominum
3268 2754 3424 2796 mens
3461 2747 3631 2806 prona
3662 2730 3716 2784 in

2126 2853 2329 2908 malum
2358 2850 2427 2904 ab
2458 2857 2647 2904 tenera
2670 2851 2830 2898 aetate
2862 2835 3133 2910 processit
3154 2828 3435 2895 7?.Quam
3460 2837 3571 2877 non
3597 2818 3721 2873 tidei

2127 2953 2338 3017 partem
2364 2936 2781 3012 pcssumdedit?
2811 2931 3101 3000 Quodnam
3133 2937 3263 2980 vero
3292 2921 3491 2989 dogma
3526 2921 3635 2975 est,
3666 2911 3722 2964 in

2130 3007 2239 3107 quo
2274 3007 2544 3105 perditum
2575 3030 2795 3084 illorum
2840 3021 3159 3084 consilium,
3202 3009 3468 3086 quidquid
3508 3007 3724 3061 fructus

2132 3137 2253 3186 erat
2286 3137 2339 3183 et
2372 3123 2646 3186 utilitatis,
2683 3136 2792 3175 non
2824 3109 3204 3189 perturbarit?
3227 3120 3353 3162 cum
3394 3099 3527 3156 illud
3553 3096 3725 3153 semel

2136 3219 2491 3293 neglexisset,
2514 3214 2662 3287 quod
2694 3210 2942 3283 apprime
2974 3203 3226 3266 decebat,
3253 3205 3309 3254 et
3340 3193 3558 3251 ratione
3591 3201 3729 3258 prae-

2138 3279 2269 3371 an}
2290 3279 2504 3367 natura:
2523 3279 2690 3363 statui
2715 3279 3148 3358 consentaneum
3178 3298 3296 3346 erat
3326 3307 3341 3344 :
3374 3285 3464 3341 cui
3502 3279 3729 3354 quidem

2135 3403 2267 3459 illud
2308 3400 2492 3471 potius
2533 3391 2913 3454 conveniebat,
2973 3394 3035 3441 ut
3094 3383 3326 3438 honesta
3370 3386 3605 3447 qumque
3651 3382 3721 3422 ac

451 3466 571 3486 1th
605 3466 959 3502 γιυιιδνμννννν
990 3466 1083 3477 ν...
1124 3466 1170 3476 ,ν
1208 3466 1404 3489 λν-ι,,.-
2309 3466 2322 3471 _

451 3522 710 3592 religiosa
742 3516 1011 3588 cogitaret
1038 3511 1244 3573 animo,
1277 3514 1331 3562 et
1362 3504 1431 3560 ad
1460 3516 1523 3559 ea
1546 3515 1671 3559 sese
1698 3497 1781 3554 vel
1827 3495 2054 3552 invitam
2122 3500 2319 3566 praeter
2374 3499 2629 3545 naturam
2672 3497 2849 3545 suam,
2902 3477 2950 3534 si
2999 3476 3073 3530 ita
3125 3484 3349 3528 necesse
3422 3466 3582 3527 foret,
3639 3472 3734 3513 ac-

1600 3590 1611 3592 ’
1742 3589 1752 3592 “
1956 3585 1966 3592 ⁸
2012 3585 2024 3592 “
2303 3582 2336 3592 “
2585 3590 2610 3592 η
2656 3586 2774 3592 -~---
2831 3574 2954 3592 -η-ί
3000 3564 3064 3592 --1
3104 3560 3329 3592 n-nl‘nnn
3405 3572 3467 3592 on
3502 3547 3732 3592 ridicula

453 3547 710 3592 rcugtuau
742 3547 1011 3588 ςυδιιαιω
1038 3547 1244 3573 αιιιι-ιυ,
1277 3547 1331 3562 νυ
1362 3547 1431 3560 υ...
1461 3547 1523 3559 ν..
1547 3547 1670 3559 ..ν-,ν
1710 3547 1781 3554 ---
1828 3547 1995 3552 ---μην
2041 3547 2049 3548 κ
2122 3547 2172 3566 Γ
2193 3547 2204 3549 ι
2275 3547 2278 3548 ,

453 3610 849 3673 commodaret,
884 3618 1049 3675 quam
1107 3597 1319 3671 1035
1351 3602 1411 3651 ut
1450 3593 1519 3649 ad
1582 3589 1857 3647 deteriora
1916 3585 2185 3641 violenter
2230 3582 2444 3639 enitens
2497 3590 2620 3649 qua:
2655 3586 2779 3629 vera
2828 3574 2959 3627 sunt
2999 3564 3067 3621 ad
3102 3560 3354 3636 profana,
3405 3572 3470 3612 ae
3502 3547 3735 3609 ridicula

455 3706 827 3774 detorqueret.
1128 3728 1135 3735 ε

525 3799 601 3854 Γ’.
632 3794 833 3852 Λοιπὸν
867 3790 1002 3864 γὰρ,
1041 3784 1230 3857 ἐπειδὴ
1265 3782 1446 3838 πάντα
1488 3778 1646 3852 ἡμῶν
1684 3774 2046 3846 πεπλήρωται

457 3891 525 3961 τῇ
557 3886 739 3957 γενεᾷ,
761 3883 832 3939 τά
855 3863 915 3936 τε
945 3879 1263 3953 βλάσφημα,
1285 3873 1380 3928 καὶ⁵
1403 3870 1473 3925 τά
1499 3868 1653 3931 ἐκτὸς
1682 3865 1839 3936 ἁγίου
1871 3863 2047 3917 ΙΙνεύ-

465 3951 657 4051 μάτνος,
685 3951 772 4043 ἐφ’
799 3951 965 4042 ἕτερα
992 3969 1156 4022 πάλιν
1185 3962 1347 4020 καινά
1379 3960 1692 4032 τρέπονται.
1721 3956 1785 4010 Οἱ
1820 3953 1918 4025 μὲν
1939 3951 2049 4024 γὰρ

461 4043 554 4125 τὸν
604 4065 823 4136 Πατέρα
875 4056 1279 4133 βλασφημοῦσι,
1306 4052 1399 4107 τὸν
1442 4050 1552 4104 τῶν
1595 4047 1732 4102 ὅλων
1780 4044 1913 4098 Θεὸν
1959 4043 2053 4097 καὶ

463 4128 815 4231 δημιουργὸν,
849 4128 899 4209 οι
940 4128 1207 4224 ἀμιριίτὴν
1239 4144 1443 4217 γνῶσιν
1480 4140 1796 4211 λεγόμενοι·
1826 4138 1874 4190 οἱ
1912 4137 1958 4191 δ’
1985 4128 2055 4190 αὖ

468 4225 631 4306 πάλιν
660 4225 988 4322 Μναρκίωνες
1036 4244 1131 4298 καὶ
1194 4234 1532 4310 Ἀρχοντικοὶ
1576 4230 1923 4301 καλούμενοι,
1956 4225 2053 4280 καὶ

469 4347 681 4409 τούτοις
715 4318 771 4398 οῖ
798 4339 1154 4409 συνεπόμενοι
1183 4332 1497 4401 Μανιχαῖοι,
1537 4326 1588 4379 oi.
1619 4324 1717 4395 τὴν
1759 4318 2053 4392 ὀνομασίαν

471 4440 792 4497 δικαιότατα
840 4433 1122 4506 εἰληφότες
1177 4431 1243 4482 ἐκ
1294 4423 1505 4486 δικαίας
1550 4418 1697 4482 τινὸς
1744 4414 2055 4485 οἰκονομίας

2220 3762 2309 3820 ιιι.
2352 3758 2564 3815 Etenim
2602 3760 2965 3827 posteaquam
3014 3737 3479 3813 blasphemiarum
3538 3743 3738 3803 genera

2149 3856 2420 3914 omniaac
2450 3860 2791 3921 quaecunque
2818 3858 2849 3896 a
2885 3837 3094 3911 Spiritu
3140 3841 3333 3890 sancto
3372 3827 3548 3881 aliena
3587 3829 3740 3886 sunt,

2153 3950 2209 4005 in
2245 3948 2351 4002 hac
2386 3950 2545 4000 aetate
2570 3948 2761 3995 nostra
2790 3942 2916 3990 sunt
2940 3929 3227 3987 exhausta,
3266 3919 3331 3975 ad
3368 3918 3473 3971 alia
3502 3930 3560 3971 se
3592 3927 3742 3984 quae-

2156 4041 2280 4098 dam
2314 4052 2453 4094 nova
2479 4036 2827 4090 convertunt.
2851 4022 3082 4092 Quidam
3108 4018 3252 4074 enim
3290 4013 3346 4067 in
3384 4009 3600 4063 Patrem
3626 4003 3747 4059 uni-

2158 4144 2442 4189 versorum
2506 4126 2677 4181 Deum
2732 4134 2798 4175 ac
2840 4114 3183 4173 conditorem
3249 4099 3611 4163 contumelias
3659 4095 3748 4167 ja-

2154 4226 2342 4291 ciunt,
2391 4220 2583 4292 quales
2630 4220 2759 4271 sunt
2787 4211 2879 4281 qui
2917 4201 3165 4263 Gnostici
3196 4200 3477 4255 dicuntur.
3503 4190 3572 4245 At
3600 4187 3747 4244 Mar-

2155 4319 2343 4373 ciones
2372 4356 2387 4379 ,
2433 4321 2490 4368 et
2526 4304 2868 4369 Archontici,
2920 4311 3133 4355 necnon
3176 4300 3231 4349 et
3274 4290 3489 4348 illorum
3527 4282 3752 4343 asseclaa

2159 4374 2464 4466 Manichazi,
2497 4400 2593 4472 qui
2622 4412 2732 4453 non
2773 4395 2894 4451 sine
2919 4387 3104 4455 divina
3134 4382 3370 4455 quadam
3407 4374 3749 4449 providentia

474 4471 792 4497 mnu-atumat
840 4471 1120 4506 ειη-πυτ»,
1177 4471 1243 4482 -.-
1295 4471 1502 4486 --η-ημ,
1566 4471 1695 4482 μη,
1928 4471 1940 4485 .

474 4532 632 4598 Θεοῦ,
666 4531 726 4585 τὸ
758 4526 1026 4599 μανιῶδες
1049 4522 1248 4593 ὄνομαο
1275 4509 1425 4586 οὗτοι
1463 4513 1665 4575 πάντες
1702 4509 1841 4582 μετά
1877 4504 2032 4560 πλειό

2163 4501 2433 4557 furiosum
2459 4493 2595 4551 illud
2621 4504 2818 4548 nomen
2850 4482 3030 4543 sortiti
3055 4480 3328 4537 videntur.
3358 4471 3529 4545 Igitur
3554 4480 3750 4524 omnes

2159 4593 2171 4599 -
2231 4590 2271 4599 ·’
2476 4588 2488 4599 -
2557 4586 2569 4597 ·
2696 4597 2703 4599 -
2767 4578 2883 4599 -ιεε-
2916 4571 3215 4599 μαι-..-ειηη
3295 4564 3590 4599 cumarum
3649 4556 3750 4599 ςφ-

476 4642 584 4680 νων
615 4623 901 4697 αἱρέσεων,
942 4615 1183 4679 Καῖνῶν,
1234 4611 1399 4683 φημὶ,
1445 4604 1743 4678 Σητιανῶν,
1795 4600 2063 4670 Μελχισε-

477 4690 763 4780 δεκιανῶν,
810 4706 1219 4782 Κολορὸασίων,
1256 4697 1667 4774 Κερδωνιανῶν,
1700 4694 1796 4749 καὶ
1824 4691 1933 4747 τῶν
1964 4690 2063 4746 ἀλ·-

481 4810 610 4875 λων,
648 4778 986 4878 βλασφημεῖν
1011 4801 1031 4831 ³
1060 4800 1139 4861 είς
1176 4795 1268 4850 τὸν
1303 4792 1411 4845 τῶν
1449 4790 1587 4844 ὅλων
1629 4785 1871 4856 Πατέρα,
1902 4785 1960 4837 ὲν
1986 4778 2067 4853 τῷ

483 4902 672 4958 τοῦτον
700 4895 981 4971 ἀρνεῖσθαι
1008 4887 1149 4947 εἶναι
1178 4888 1308 4942 Θεὸν
1331 4885 1423 4939 τὸν
1448 4883 1505 4937 ὲν
1538 4880 1690 4951 νόμῳ
1722 4878 1815 4932 καὶ
1846 4878 1905 4929 ὲν
1936 4891 2071 4945 προ-

488 4997 686 5066 φήταις
730 4964 1060 5061 λαλήσαντα,
1092 4980 1316 5043 δικαίως
1363 4993 1422 5029 τε
1453 4968 1928 5046 προσκυνούμενον
1966 4964 2072 5019 ὑπὸ

491 5088 708 5143 πάντων
734 5080 1069 5150 κτισμάτων,
1097 5073 1172 5137 ὡς
1201 5068 1425 5137 κτίστην
1451 5065 1547 5119 καὶ
1567 5057 1896 5132 δημιουργὸν
1927 5049 2095 5109 οὗτοι

496 5177 634 5251 μετὰ
676 5174 771 5230 τοῦ
808 5146 1149 5241 σεθάσματος
1195 5161 1440 5233 ἀναιρεῖν
1479 5152 1778 5226 πειρῶνται
1830 5149 1927 5205 καὶ
1977 5146 2074 5218 τὴν

492 5240 841 5323 δεσποτείαν·
880 5240 1100 5331 τὸνμὲν
1130 5256 1299 5317 ὅντως
1346 5250 1476 5303 ὅντα
1510 5243 1856 5318 ἀρνούμενοι,
1889 5240 2076 5311 ἕτερον

494 5359 551 5415 δὲ
572 5360 662 5413 τὸν
694 5357 770 5429 μὴ
803 5355 933 5409 δντα
962 5329 1030 5423 τῇ
1071 5345 1305 5420 μυθώδει
1337 5338 1516 5397 αὐτῶν
1547 5334 1773 5404 ὑπονοίᾳ
1804 5329 2074 5402 φανταζό-

502 5466 652 5522 μενοι
672 5466 685 5481 °
725 5449 811 5502 ἵνα
836 5448 900 5499 ὲκ
922 5442 1016 5497 τοῦ
1046 5440 1194 5502 ὄντος
1226 5436 1456 5497 πέσωσι,
1484 5430 1578 5484 καὶ
1600 5427 1659 5491 ὃν
1685 5421 1971 5479 ὑπονοοῦσι
2004 5420 2079 5492 μὴ

500 5512 752 5615 εὕρωσιν.
787 5536 945 5593 Οῦτω
976 5532 1085 5605 γὰρ
1120 5534 1154 5603 ἡ
1196 5525 1459 5601 ληρῳδία,
1500 5520 1595 5578 καὶ
1630 5520 1666 5592 ἡ
1695 5516 1789 5573 τοῦ
1835 5512 2079 5571 διαὸόλου

577 5724 593 5754 ‘
630 5720 827 5777 Decsse
852 5716 1148 5789 quidpiam_
1163 5711 1398 5766 videtur.
1418 5706 1493 5789 Μ’
1522 5702 1584 5761 F.
1618 5698 2015 5777 βλασφημοῦσι.

508 5796 529 5827 ⁸
574 5776 726 5851 Luc.
751 5776 909 5856 xvni,
934 5776 1005 5845 8..
1062 5789 1081 5821 ⁷
1110 5783 1247 5841 Gen.
1272 5796 1392 5859 vni,
1418 5776 1511 5833 21.

2158 4590 2406 4650 isti'cum
2436 4586 2716 4659 plerisque
2762 4578 2886 4635 aliis
2916 4571 3241 4633 haeresibus,
3295 4564 3615 4625 Cainorum,
3649 4556 3753 4612 Se-

2159 4685 2437 4739 tianorum
2462 4720 2478 4746 ,
2537 4670 3151 4733 Melchisedecianorum
3179 4700 3197 4727 ,
3261 4653 3705 4714 Colorbasiorum
3735 4686 3752 4709 .

2161 4774 2658 4834 Cerdonianorum,
2687 4780 2751 4825 ac
2779 4760 2994 4819 caeteris
3017 4757 3071 4813 id
3093 4768 3286 4827 genus,
3320 4746 3571 4804 eumdem
3600 4740 3755 4796 illum

2165 4868 2549 4924 universorum
2600 4859 2823 4935 Patrem
2882 4846 3235 4908 contumeliis
3285 4838 3567 4899 adiciunt,
3622 4830 3754 4887 dum

2168 4960 2347 5032 ipsum
2380 4962 2583 5026 negant
2616 4930 2783 5007 Deum
2818 4947 2972 5003 illum
3006 4938 3320 5001 exstitisse,
3349 4932 3441 5003 qui
3464 4930 3518 4983 in
3541 4928 3656 4996 lege
3693 4936 3759 4976 ao

2169 5013 2718 5123 prophetisvlocutus
2746 5049 2861 5105 est,
2903 5036 3107 5109 quique
3130 5032 3256 5103 jure
3292 5041 3324 5080 a
3362 5020 3563 5077 creatis
3592 5013 3759 5071 rebus

2172 5144 2453 5207 omnibus,
2486 5147 2747 5211 tanquam
2782 5140 2998 5191 creator
3024 5137 3080 5185 et
3122 5120 3303 5195 opifex
3345 5115 3605 5171 adoratur
3630 5126 3645 5163 :
3673 5122 3762 5162 eu-

2169 5236 2262 5308 jus
2286 5236 2363 5289 illi
2395 5208 2619 5289 cultum—
2638 5244 2746 5286 una
2790 5241 2916 5282 cum
2955 5219 3239 5289 dominatu
3279 5226 3343 5265 ac
3372 5208 3643 5278 potestate
3670 5212 3762 5253 co-

2176 5337 2379 5385 nantur
2412 5332 2682 5387 evertere,
2708 5324 2842 5376 utet
2869 5316 3045 5378 illum,
3074 5308 3168 5380 qui
3198 5317 3384 5360 revera
3416 5305 3521 5360 est,
3548 5294 3764 5363 ejurent

2187 5382 2380 5486 Deum,
2405 5382 2461 5476 et
2491 5382 2746 5477 alterum,
2777 5410 2870 5481 qui
2910 5415 3181 5472 nusquam
3211 5403 3313 5461 est,
3348 5391 3484 5447 falsa
3515 5401 3579 5441 ac
3608 5382 3765 5437 fabu-

2191 5513 2308 5570 losa
2335 5511 2598 5585 Opinione
2630 5522 2730 5564 sua
2759 5499 3103 5570 conﬁngant;
3140 5502 3303 5562 atque
3328 5492 3383 5541 et
3399 5492 3588 5538 verum
3612 5475 3765 5530 illum

2133 5693 2203 5750 ³1
2242 5695 2384 5754 Tim.
2426 5708 2502 5761 tv,
2537 5691 2589 5747 ι,
2667 5687 2691 5723 δ
2731 5682 2968 5766 Philipp.
3024 5693 3097 5745 iv,
3153 5672 3207 5731 8.
3325 5668 3348 5704 ⁸
3381 5663 3500 5723 Col.
3566 5674 3640 5726 tv,
3709 5652 3764 5710 6.
