3994 6224
285 335 388 390 703

1692 333 1750 390 S.
1793 327 2134 391 ΕΡΙΡΙΙΑΝΠ

3430 333 3545 392 704

285 449 572 515 amittant,
611 456 688 514 et,
731 463 893 518 quem
941 446 1079 505 falso
1119 446 1224 503 sibi
1260 456 1595 518 proponunt,
1648 464 1854 519 nequa-

1963 452 2142 522 σπορὰ
2171 447 2280 504 τῶν
2312 447 2484 517 λόγων
2513 446 2768 520 τοιαύτην
2811 447 2969 504 εἴωθε
3016 448 3257 522 ταραχὴν
3291 448 3544 520 ἐμποιεῖν

284 556 449 610 quam
481 548 864 610 assequamur.
896 536 1032 593 Nam
1060 539 1174 594 haec
1201 547 1285 595 est
1310 541 1536 610 nugaeis
1567 541 1729 598 istius
1752 543 1854 597 do-

284 632 511 696 ctrinae,
557 645 676 700 quae
718 645 785 686 ex
825 629 1029 686 diaboli
1079 637 1202 686 satu
1252 630 1643 701 proficiscitur,
1676 633 1758 688 vis
1804 640 1857 688 et

283 729 499 786 natura,
519 732 577 778 ut
591 723 1068 778 tnmultuationcm
1086 736 1150 777 ac
1171 723 1632 792 perturbationem
1651 724 1858 779 immit-

282 821 380 877 tat,
413 822 466 868 et
487 822 898 884 procreatorum
930 814 1214 869 hominum
1246 821 1458 870 mentes
1495 815 1859 870 contumelio-

283 906 361 961 sis
405 906 460 960 in
510 905 677 960 Deum
715 905 1139 975 cogitationibus
1175 906 1395 971 excitet,
1451 914 1512 960 ut
1548 905 1858 976 depravatis

278 996 610 1067 quibusdam
657 998 1033 1067 opinionibus,
1082 1012 1204 1068 qua:
1252 1012 1376 1052 cum
1425 997 1520 1052 Dei
1566 999 1860 1068 negatione

281 1089 590 1159 conjunctae
618 1096 766 1154 sunt,
799 1097 992 1144 contra
1014 1089 1305 1145 Dominum
1331 1106 1492 1145 suttm
1524 1090 1722 1146 hostile
1745 1091 1861 1147 hel-

283 1182 394 1235 lum
423 1181 749 1250 suscipiant.
781 1179 887 1237 Sed
913 1196 1131 1236 rursum
1165 1182 1313 1236 velut
1345 1183 1583 1253 quodam
1617 1183 1745 1237 hinc
1773 1184 1860 1238 di-

282 1271 458 1324 vortio
496 1269 659 1335 facto,
708 1270 955 1326 nonnulli
995 1271 1154 1326 aliam
1206 1271 1264 1326 in
1306 1278 1518 1342 partem
1572 1270 1860 1328 deﬂectere

283 1375 393 1414 non
429 1358 771 1424 dubitarunt,
804 1367 864 1414 ut
901 1361 1120 1415 unicum
1158 1357 1576 1430 Redemptorent
1603 1374 1762 1416 suum
1795 1374 1859 1416 ac

283 1448 573 1504 Dominum
606 1451 961 1521 abnegarent,
990 1451 1329 1522 unigenitum
1380 1451 1612 1507 viventis
1635 1449 1729 1506 Dei
1764 1449 1857 1504 Fi-

283 1541 414 1594 lium
447 1539 634 1596 Jesum
663 1541 963 1606 Christum,
1010 1543 1104 1612 qui
1139 1542 1208 1597 ab
1229 1540 1421 1598 eodem
1464 1540 1624 1596 Patre
1665 1556 1853 1597 revera

281 1642 366 1690 est
393 1636 511 1690 sine
541 1635 652 1690 ullo
694 1635 851 1692 initio
882 1651 946 1692 ac
979 1644 1226 1707 tempore
1266 1637 1513 1707 genitus,
1550 1637 1752 1709 quique
1789 1638 1859 1694 ab

281 1741 367 1791 eo,
409 1733 464 1780 et
493 1741 618 1782 cum
648 1743 713 1783 eo
734 1743 952 1798 semper
981 1729 1215 1795 exstitit,
1241 1727 1334 1798 qui
1363 1729 1572 1784 ratione
1595 1728 1852 1798 quadam,

1959 545 2054 597 καὶ
2084 543 2330 607 θόλωσιν,
2363 541 2453 596 διὰ
2494 541 2769 612 λογισμῶν
2810 541 3145 613 βλασφήμων
3181 544 3546 614 ἐπεγείρουσα

1955 636 2054 705 τὴν
2077 633 2185 687 τῶν
2203 633 2573 703 κεκτισμένων
2588 630 2685 685 ἀνθ
2696 631 2890 702 ρώπων
2921 633 3156 687 διάνοιαν
3185 632 3426 706 περὶτοῦ
3451 633 3545 687 αὐο

1957 724 2067 780 τῶν
2117 724 2392 778 Δεσπότου
2447 721 2834 793 στρατεύεσθαι
2863 725 2984 786 ταῖς
3016 726 3214 788 κακαῖς
3262 724 3544 787 ὑπονοίαις

1958 818 2055 870 καὶ
2087 815 2551 888 ὲπαρνησιθεῖαις.
2605 813 2766 869 Ἀλλά
2807 832 2870 883 γε
2901 815 3064 870 πάλιν
3110 815 3175 869 ὲκ
3211 814 3400 869 τούτου
3441 817 3540 867 ἐκ-
3645 813 3648 822 ’

1957 909 2261 982 τραπέντες
2290 909 2451 974 τινὲς,
2482 907 2567 978 ἐφ’
2593 907 2755 978 ἕτερα
2783 906 3018 977 βαδίζειν
3038 907 3423 977 τετολμήκασι,
3447 905 3542 957 τὸν

1962 1001 2120 1072 μόνον
2150 987 2497 1071 ἀγόράσαντα
2533 999 2730 1062 αὐτοὺς
2756 997 3033 1069 Δεσπότην
3069 997 3410 1069 ἀρνούμενοι,
3444 994 3540 1048 τὸν

1965 1091 2228 1163 μονογενῆ
2261 1091 2431 1144 Παῖδα
2476 1089 2680 1160 Ἰησοῦν
2721 1088 2976 1159 Χριστὸν,
3006 1088 3098 1142 τὸν
3124 1087 3250 1140 Υἰὸν
3277 1086 3371 1140 τοῦ
3401 1084 3539 1141 Θεοῦ

1958 1181 2051 1237 τοῦ
2079 1181 2298 1247 ζῶντος,
2327 1181 2417 1234 τὸν
2459 1180 2628 1245 ὅντως
2653 1179 2780 1234 ὄντα
2805 1181 2869 1234 ὲκ
2896 1181 3012 1234 Πατ
3022 1179 3112 1251 ρὸς
3138 1178 3544 1250 γεγεννημένον

1960 1273 2213 1346 ἀνάρχως
2247 1273 2342 1328 καὶ
2380 1271 2644 1344 ἀχρόνως,
2679 1271 2770 1324 τὸν
2811 1269 2897 1325 ἀεὶ
2928 1270 3056 1325 ὄντα
3086 1271 3150 1324 ὲκ
3178 1268 3272 1324 τοῦ
3301 1269 3537 1341 Πατρὺς,

1958 1362 2051 1415 καὶ
2085 1363 2182 1416 σὺν
2219 1360 2398 1433 Ila-cpt
2427 1361 2578 1424 ὄντα,
2618 1359 3015 1430 γεγεννημένον
3041 1358 3099 1412 δὲ
3135 1358 3542 1429 ἀκαταλήπτοις

1959 1453 2054 1507 καὶ
2097 1451 2401 1523 ἀχράντως,
2453 1449 2738 1522 ὁμοούσιον
2777 1449 2858 1522 τῷ
2907 1450 3085 1522 Πατρὶ
3133 1449 3282 1514 ὄντα,
3313 1449 3408 1503 καί
3438 1450 3542 1503 οὐκ

1959 1545 2168 1600 ἀλλοῖον
2214 1543 2364 1615 παρά
2405 1543 2495 1596 τὸν
2541 1542 2781 1612 Πατέρα.
2827 1543 2889 1596 Oi
2944 1542 3041 1612 μὲν
3073 1536 3230 1605 αὖθις
3279 1541 3541 1614 μανέντες

1957 1636 2112 1706 δίκην
2140 1635 2497 1706 λυσσητήρων
2526 1633 2702 1687 κυνῶν
2727 1632 2821 1686 ἐπὶ
2850 1631 2942 1686 τὸν
2974 1631 3105 1686 ἴδιον
3131 1631 3310 1686 αὐτῶν
3336 1631 3542 1684 Δεσπό-

1958 1743 2056 1796 την
2080 1722 2373 1779 ὑλακτοῦσι
2392 1741 2407 1755 ·
2439 1722 2690 1794 καθάπερ
2715 1721 2775 1788 ἐξ
2800 1722 3050 1794 ὑπαρχῆς
3086 1723 3324 1778 Ἰουδαῖοι
3349 1722 3541 1777 τοῦτον

279 1834 403 1888 qua:
434 1820 582 1873 onnti
616 1818 1104 1889 comprehensione
1137 1819 1388 1889 superior
1435 1827 1542 1883 est,
1597 1819 1716 1875 sine
1752 1820 1856 1874 ulla

1960 1805 2327 1887 ἀγνοήσαντες
2358 1813 2651 1884 κέκληνται
2697 1813 2863 1879 κύνες
2913 1815 3109 1882 ὲννεοί,
3143 1817 3365 1881 εἰκότως
3387 1815 3542 1888 παρά

281 1911 659 1982 inquinationc
689 1912 908 1983 genitus
937 1921 1022 1966 est
1069 1909 1312 1980 ejusdem
1342 1925 1466 1966 cum
1515 1909 1677 1966 Patre
1727 1911 1856 1967 sub-

1959 1905 2053 1961 τοῦ
2094 1905 2374 1978 προφήτου
2399 1905 2631 1977 ταυτησὶ
2656 1905 2756 1976 τῆς
2785 1907 3102 1978 ἐπωνυμίας
3139 1907 3540 1980 κατηξιωμένοι

280 2003 514 2066 stantiae,
558 2018 658 2058 nec
703 2003 772 2057 ab
801 2018 867 2058 eo
914 2003 1025 2058 ullo
1079 2004 1240 2057 modo
1283 2002 1620 2072 discrepans.
1655 2000 1856 2057 Contra

1958 1995 2217 2066 τοῦνομα,
2245 1995 2343 2065 τῆς
2385 1993 2565 2048 αὐτῶν
2589 1995 2717 2065 περὶ
2745 1995 2835 2048 τὸν
2875 1995 3080 2068 Κύριον
3121 1998 3214 2050 καὶ
3237 1999 3335 2068 τὴν
3372 1997 3542 2050 αὐτοῦ

281 2091 430 2146 hunc
483 2093 652 2162 igitur
705 2094 1038 2150 insanientes
1089 2093 1201 2158 alii,
1253 2093 1401 2148 velut
1454 2093 1629 2149 rabidi
1667 2109 1855 2159 canes,

1958 2087 2263 2160 παρουσίαν
2283 2085 2642 2157 ἀναισχύντου
2665 2087 2860 2158 ὁρμῆς,
2890 2085 2966 2151 ὡς
2987 2087 3133 2140 ἔστιν
3155 2088 3352 2160 ἀληθὲς
3383 2089 3538 2143 ἰδεῖν.

283 2180 570 2236 Dominum
629 2198 788 2238 suum
837 2184 1160 2239 allatrantes
1190 2203 1205 2238 :
1232 2183 1688 2254 quemadmodum
1727 2185 1856 2240 olim

1958 2181 2092 2234 Φασὶ
2122 2179 2233 2252 γὰρ
2274 2179 2401 2244 τοὺς
2442 2179 2757 2244 λυσσῶντας
2783 2179 2952 2244 κύνας
2982 2179 3200 2246 ὲννεοὺς
3232 2179 3540 2242 καλεῖσθαι,

279 2264 473 2332 Juda-i,
509 2269 654 2340 quod
687 2271 836 2325 illum
867 2272 1200 2343 ignorarent,
1235 2274 1433 2329 merito
1462 2273 1601 2329 muti
1635 2290 1800 2332 canes
1828 2289 1856 2329 a

1958 2271 2044 2326 διὰ
2071 2271 2132 2325 τὸ
2169 2270 2371 2334 νωδοὺς
2397 2269 2771 2325 ἀποτελεῖσθαι
2804 2257 2996 2342 ὲκτῆς
3020 2273 3546 2344 καταλιμπανούσης

282 2359 545 2429 propheta
578 2365 904 2417 vocantur‘.
943 2362 1074 2429 Qua:
1099 2367 1153 2418 in
1179 2365 1302 2421 illos
1328 2366 1614 2434 appellatio
1637 2375 1856 2436 propter

1958 2363 2152 2426 αὐτοὺς
2174 2361 2436 2425 διανοίας.

281 2451 650 2521 impudentem
717 2469 781 2510 ac
840 2455 1191 2510 temerarium
1249 2457 1464 2528 1036
1526 2457 1742 2513 illorum
1797 2457 1850 2511 in
1886 2455 2206 2517 Dominum,
2268 2461 2323 2508 et
2372 2461 2682 2522 susceptam
2726 2453 2795 2509 ah
2844 2469 2910 2511 eo
2971 2462 3224 2510 naturam
3277 2456 3545 2528 impetum

277 2553 333 2600 ct
358 2545 618 2600 insultum
646 2547 770 2615 jure
798 2546 1100 2612 confertur,
1128 2556 1188 2601 ut
1206 2563 1273 2603 ex
1299 2563 1364 2602 eo
1391 2555 1649 2604 constare
1667 2556 1850 2619 potest
1879 2545 2024 2619 quod
2050 2545 2301 2601 rabiosos
2328 2557 2494 2599 canes
2514 2543 2584 2598 ob
2606 2544 2660 2598 id
2685 2553 2867 2601 mutos
2919 2560 3044 2602 esse
3101 2558 3349 2616 narrant,
3405 2565 3543 2620 quo-

280 2638 427 2697 niam
467 2637 587 2708 ipsa
621 2638 743 2693 illos
778 2638 960 2693 rabies
988 2638 1278 2695 edentulos
1308 2637 1464 2694 facit.

353 2729 440 2784 IV.
482 2730 580 2785 Est
605 2731 748 2786 enim
775 2731 888 2786 haec
913 2739 1110 2786 natura
1133 2747 1354 2796 canum,
1387 2739 1675 2804 postquam
1706 2731 1858 2789 rabie

279 2823 476 2878 tentati
507 2829 657 2887 sunt,
693 2830 773 2888 ut,
803 2823 896 2892 qui
929 2821 1212 2878 dominum
1239 2831 1421 2896 antea,
1457 2823 1690 2894 ejusque
1718 2823 1858 2878 lihe-

279 2929 394 2980 ros,
439 2928 505 2968 ac
545 2914 875 2969 domesticos
921 2924 1256 2985 caeterosque
1307 2914 1452 2971 illius
1484 2916 1854 2986 propinquos,

2032 2733 2106 2784 Δ¹.
2135 2729 2291 2784 Οῦτω
2323 2729 2432 2801 γὰρ
2465 2729 2574 2784 τῶν
2603 2730 2780 2785 κυνῶν
2805 2731 2838 2802 ή
2871 2731 3032 2800 φύσις
3058 2732 3196 2786 ἐπὰν
3228 2733 3308 2798 εἰς
3337 2733 3552 2788 λύσσαν

1959 2821 2280 2894 ὲκτραπείη,
2315 2823 2364 2875 οἰ
2400 2822 2531 2876 ποτὲ
2573 2822 2842 2895 δεσπότην
2874 2822 3255 2892 γινώσκοντες,
3290 2827 3383 2879 καὶ
3411 2827 3542 2890 τοὺς

1960 2913 2124 2968 αὑτοῦ
2158 2917 2315 2981 υἰεῖς,
2349 2917 2585 2982 οἰκείους
2614 2935 2672 2971 τε
2703 2918 2799 2972 καὶ
2845 2920 2970 2982 τοὺς
2992 2918 3184 2984 ἄλλους
3216 2920 3420 2984 πάντας
3441 2921 3545 2974 τοῦ

277 3016 332 3062 et
375 3005 673 3061 familiares
713 3013 1109 3078 cognoverant,
1148 3006 1478 3078 simulatque
1521 3007 1716 3062 morbo
1763 3007 1856 3062 illo

1958 2992 2335 3061 οἰκοδεσπότου
2380 3008 2654 3081 γνησίους,
2693 3010 2822 3064 ὅταν
2859 3009 2998 3084 λάϐῃ
3036 3011 3234 3074 αὐτοὺς
3276 3013 3308 3082 ή
3347 3012 3537 3083 μανία,

276 3097 510 3166 correpti
536 3103 686 3160 sunt,
717 3096 961 3151 omnium
990 3095 1222 3151 istorum
1253 3097 1436 3153 vultus
1467 3096 1684 3152 illorum
1717 3112 1853 3152 ocu-

277 3189 344 3246 lis
377 3190 698 3244 commutati
735 3189 1043 3254 videantur,
1081 3196 1248 3258 atque
1295 3190 1351 3243 in
1387 3196 1549 3246 notos
1583 3189 1850 3254 insiliant,

275 3296 416 3351 quos
445 3289 606 3336 antea
636 3281 836 3351 partim
877 3281 1053 3335 cauda
1101 3279 1456 3347 blandiendo,
1491 3282 1687 3351 partim
1732 3297 1854 3337 sese

278 3371 642 3442 subiiciendo,
697 3371 846 3426 velut
893 3371 1103 3426 honore
1151 3371 1646 3442 prosequebantur.
1713 3370 1855 3428 Ecce

278 3463 378 3518 tibi
417 3461 591 3517 Judaei
623 3461 721 3524 illi,
753 3461 846 3530 qui
878 3468 932 3514 et
964 3460 1174 3514 Domini
1223 3459 1516 3514 adventum
1564 3469 1852 3530 exspecta-

279 3559 432 3623 bant,
484 3563 540 3611 et
577 3555 644 3609 ad
678 3553 1060 3622 excipiendum
1109 3567 1372 3622 sponsum
1409 3567 1530 3609 sese
1567 3567 1856 3624 compara-

281 3649 430 3711 bant,
465 3646 556 3716 qui
591 3644 884 3715 prOphetas
912 3643 1095 3698 videre
1138 3641 1432 3712 cupiebant
1461 3681 1479 3708 ,
1516 3643 1608 3713 qui
1653 3642 1853 3700 divinis

281 3739 508 3795 vocibus
532 3737 1004 3806 obtemperaturos
1037 3749 1096 3789 sc
1132 3750 1256 3790 esse
1286 3734 1709 3804 proﬁtebantur,
1758 3735 1853 3806 qui

277 3848 402 3888 cum
432 3830 616 3901 Moyse
643 3829 947 3899 pactionem
973 3826 1247 3895 ejusmodi
1281 3824 1524 3882 fecerant
1551 3847 1564 3882 :
1599 3827 1728 3883 Esto
1754 3844 1854 3881 no-

283 3923 360 3975 bis
408 3921 463 3975 in
507 3920 588 3973 Itis
615 3934 730 3988 qua:
760 3925 882 3972 sunt
911 3915 1052 3985 apud
1087 3914 1390 3978 Dominum,
1429 3915 1556 3971 item
1586 3933 1600 3970 :
1628 3914 1852 3981 Omnia,

276 4027 594 4082 quaecunque
639 4009 836 4062 dixerit
885 4008 978 4061 tibi
1011 4007 1292 4070 Dominus,
1321 4005 1594 4061 audiemus
1648 4015 1700 4060 et
1766 4008 1854 4076 [a-

275 4107 472 4159 ciemus
505 4105 564 4159 ':
597 4102 694 4166 illi,
745 4101 988 4171 inquam,
1022 4114 1147 4154 cum
1184 4107 1504 4169 praesentem
1561 4097 1854 4154 Dominum

278 4198 658 4259 intuerentur,
711 4191 958 4246 veritatis
1004 4204 1296 4261 expressas
1344 4189 1554 4258 species
1593 4203 1658 4244 ac
1695 4198 1855 4245 notas

275 4287 611 4358 ignorantes,
661 4299 800 4353 quas
842 4283 1140 4354 prophetae,
1200 4281 1296 4352 qui
1342 4282 1494 4336 illum
1544 4291 1855 4338 antecesse—

1955 3097 2293 3153 ἀλλοιοῦνται
2316 3099 2386 3154 τά
2411 3101 2676 3174 πρόσωπα
2697 3101 2928 3156 ἐνώπιον
2950 3103 3049 3173 τῆς
3071 3102 3250 3158 αὐτῶν
3269 3104 3536 3174 ὁράσεως,

1959 3189 2054 3242 καὶ
2084 3191 2172 3242 ἐπ’
2214 3192 2411 3255 αὐτοὺς
2459 3192 2762 3263 ἐγείρονται
2794 3193 2921 3257 τοὺς
2963 3193 3236 3265 γνησίους,
3267 3194 3361 3258 οὓς
3405 3213 3538 3248 ποτε

1961 3279 2232 3350 τιμῶντες
2255 3284 2322 3353 τῇ
2363 3282 2464 3353 μὲν
2505 3283 2690 3355 κέρκῳ
2718 3283 2950 3349 ἔσαινον,
2981 3287 3091 3350 τοῖς
3114 3286 3172 3340 δὲ
3195 3287 3416 3356 τρόποις
3442 3288 3541 3341 ὐπ-

1954 3371 2266 3426 ετάσσοντο.
2291 3373 2498 3427 Αὐτίκα
2521 3375 2570 3427 οἰ
2585 3373 2990 3445 προσδοκῶντες
3017 3373 3251 3447 Χριστοῦ
3268 3376 3365 3446 τήν
3392 3393 3536 3447 παρ-

1952 3461 2158 3526 ουσίαν,
2204 3463 2254 3515 οί
2292 3462 2700 3536 έτοιμαζόμενοι
2743 3465 2997 3529 δέξασθαι
3043 3465 3136 3519 τὸν
3171 3465 3425 3536 νυμφίον,
3485 3467 3540 3520 οἱ

1953 3553 2238 3623 προφήτας
2266 3552 2546 3624 εὐχόμενοι
2579 3553 2835 3618 κατιδεῖν,
2865 3555 2914 3608 οἰ
2946 3554 3228 3610 πείθεσθαι
3261 3555 3426 3619 θείοις
3449 3556 3538 3609 λό-

1953 3658 2070 3710 γοις
2104 3643 2488 3716 ὑποσχόμενοι,
2513 3647 2564 3700 οἱ
2592 3645 2670 3718 τῷ
2707 3647 2930 3700 Μωῦσεῐ
2953 3648 3011 3701 ὲν
3038 3647 3277 3719 συνθήκῃ
3309 3647 3536 3720 συνεληο

1953 3733 2172 3800 λυθότες
2196 3736 2239 3799 ⁸,
2275 3737 2361 3790 ὅτι
2419 3737 2614 3793 Γενοῦ
2650 3737 2733 3792 σὺ
2785 3737 2858 3792 τὰ
2909 3739 3059 3806 πρὸς
3114 3741 3364 3808 Κύριον·
3417 3741 3533 3806 καί,

1953 3823 2159 3879 Πάντα
2192 3825 2308 3880 ὅσα
2341 3826 2451 3882 ἐὰν
2475 3828 2632 3882 εἴποι
2661 3842 2760 3883 σοι
2798 3831 2831 3882 o’
2865 3829 3102 3897 Κύριος,
3156 3830 3540 3900 ἀκουσόμεθα

1954 3918 2050 3973 καὶ
2080 3917 2420 3988 ποιήσωμεν
2437 3934 2451 3948 '
2474 3921 2563 3973 ὅτε
2583 3916 2722 3972 εἶδον
2744 3919 2836 3974 τὸν
2859 3919 3039 3974 αὐτῶν
3058 3921 3336 3991 Δεσπότην
3358 3939 3540 3994 παραρ

1955 4008 2268 4079 γενόμενον,
2299 4009 2668 4080 ἀγνοήσαντες
2694 4008 2794 4079 τὴν
2823 4009 3037 4080 μορφὴν
3064 4009 3156 4063 καὶ
3185 4011 3311 4074 τοὺς
3332 4010 3538 4076 τύπους

1953 4100 2052 4170 τῆς
2083 4099 2362 4171 ἀληθείας,
2405 4098 2498 4164 οὒς
2528 4100 2578 4153 οἱ
2623 4099 2899 4171 προφῆται
2946 4100 3052 4170 πρὸ
3079 4099 3246 4154 αὑτοῦ
3285 4103 3344 4155 ὲν
3372 4104 3537 4174 σαρκὶ

1955 4192 2242 4262 γενόμενον
2289 4192 2309 4222 ⁶
2355 4189 2660 4256 διετύπουν,
2711 4191 3092 4262 διεχάραττον,
3144 4193 3530 4262 κατήγγελλον,

1956 4284 2286 4355 ἐσήμαινον·
2334 4282 2550 4354 πρῶτον
2592 4283 2691 4354 μὲν
2733 4278 2827 4336 οὖν
2865 4282 3013 4354 αὑτῷ
3045 4283 3261 4353 ἔλεγον·
3301 4286 3396 4350 Τίς
3429 4279 3532 4340 οὗ-

276 4385 426 4443 runt,
445 4372 846 4437 describendo,
895 4371 1245 4438 delineando,
1293 4371 1598 4427 nuntiando
1646 4372 1853 4443 signifi-

1958 4392 2060 4442 τος
2088 4375 2156 4442 ὃς
2187 4373 2372 4430 λαλεῖ
2385 4375 2784 4444 βλασφημίας
2799 4390 2819 4438 ;
2849 4373 3035 4429 ἄλλοτε
3061 4376 3116 4429 δὲ
3142 4375 3414 4446 δαιμόνιον
3439 4377 3536 4430 αὑ-

275 4467 560 4536 candoque
602 4465 1050 4536 praescripserant
1084 4481 1098 4518 :
1138 4463 1374 4534 primum
1423 4463 1539 4518 haec
1588 4463 1644 4518 in
1702 4465 1854 4518 illurn

271 4559 524 4629 iecerunt
549 4575 563 4610 :
593 4556 723 4622 Quis
739 4564 818 4610 est
857 4556 940 4608 hic
964 4593 979 4620 ,
1023 4555 1113 4626 qui
1159 4555 1392 4626 loquitur
1429 4553 1854 4622 blasphemias'?

277 4652 429 4708 Alias
482 4664 613 4704 vero
664 4647 988 4702 daemonium
1042 4646 1242 4703 habere
1307 4647 1460 4700 illum
1510 4645 1854 4716 impudenter

276 4759 341 4798 ac
369 4739 656 4812 praefracta
681 4738 918 4808 quadam
960 4737 1191 4793 audacia
1244 4736 1551 4808 jactarunt.
1608 4734 1715 4792 Sed
1750 4751 1854 4792 nec

274 4833 425 4903 ipsos
489 4829 892 4885 Samaritanum
956 4826 1206 4883 eumdem
1272 4827 1545 4897 appellare
1581 4827 1773 4898 puduit
1803 4827 1849 4880 ⁸.

275 4922 586 4988 Postremo,
615 4929 675 4974 ut
692 4918 828 4982 dixi,
860 4917 941 4972 sic
967 4926 1226 4986 tanquam
1245 4915 1418 4971 rabidi
1450 4929 1614 4972 canes
1647 4915 1702 4970 in
1726 4931 1851 4972 eum

275 5015 622 5078 insilierunt,
663 5027 730 5067 ac
759 5025 957 5066 manus
991 5007 1312 5075 alIixerunt',
1365 5005 1419 5062 id
1454 5006 1600 5079 quod
1653 5006 1850 5065 furiosi

1920 4466 2050 4520 ’τὸν
2095 4465 2262 4536 ἔχειν,
2297 4466 2399 4520 ούκ
2445 4465 2844 4536 αἰσχυνόμενοι,
2891 4466 3290 4538 τετολμήκασιν
3337 4469 3533 4523 εἰπεῖν.

1961 4559 2083 4612 Ἔτι
2123 4558 2181 4612 δὲ
2221 4559 2318 4613 καὶ
2349 4557 2695 4630 Σαμαρείτην
2737 4557 2899 4612 αὑτὸν
2939 4558 3235 4612 ἀποκαλεῖν
3264 4559 3364 4611 οὐκ
3397 4560 3536 4629 ὴρυ-

1957 4649 2146 4722 θρίων.
2195 4651 2376 4723 Πέρας
2425 4648 2540 4715 οῦν,
2588 4649 2838 4721 καθάπερ
2869 4667 2962 4720 μοι
3006 4650 3424 4722 προδεδήλωται,
3458 4650 3535 4713 ὡς

1958 4740 2262 4812 μεμηνότες
2309 4739 2470 4804 κύνες
2512 4740 2920 4810 ἐπανέστησαν·
2955 4739 3052 4793 καὶ
3083 4739 3181 4802 τὰς
3213 4740 3310 4810 μὲν
3345 4742 3534 4810 χεῖρας

1954 4832 2326 4904 προσέπηξαν,
2350 4832 2425 4896 ὡς
2445 4833 2532 4886 ἀεὶ
2559 4832 2696 4903 μετά
2715 4833 2814 4901 τῆς
2845 4831 3040 4903 μανίας
3060 4834 3088 4885 ὁ
3113 4831 3280 4897 κύων,
3303 4833 3534 4902 ἀνακρε-

1955 4923 2134 4994 μάσας
2159 4923 2272 4996 (97)
2299 4922 2464 4979 αὑτοῦ
2485 4924 2584 4988 τὰς
2609 4927 2818 4997 χεῖρας,
2851 4924 3144 4996 ἐπέρχεται
3161 4927 3254 4978 καὶ
3279 4924 3346 4978 τὰ
3372 4925 3538 4997 πρόσο

1949 5033 2077 5070 ωπα
2129 5017 2238 5071 τῶν
2284 5017 2430 5072 ἰδίων
2489 5017 2652 5071 αὐτοῦ
2705 5016 2980 5070 δεσποτῶν
3025 5015 3390 5085 καταγλύφειν
3434 5017 3536 5069 οὐκ

345 5155 362 5186 ⁸
398 5151 506 5210 lsa.
571 5169 685 5220 LVI,
713 5152 800 5210 10.
899 5153 920 5184 ¹
954 5149 1113 5206 Deut.
1141 5167 1192 5214 ν,
1213 5149 1304 5203 27.
1379 5147 1400 5181 ³
1429 5147 1558 5204 Luc.
1582 5165 1632 5217 ν,
1664 5148 1754 5205 el.
1818 5149 1840 5183 ‘

1958 5170 2028 5212 tn.
2060 5173 2182 5224 vm,
2213 5158 2304 5215 48.
2382 5160 2403 5191 ⁵
2439 5175 2528 5229 γρ.
2565 5155 2991 5227 εἰσεληλυθότες.
3066 5155 3087 5187 ⁸
3126 5153 3186 5209 F.
3218 5156 3533 5226 γενομένου.

350 5321 463 5392 (97)
526 5320 992 5392 Ἀνακρεμάσας.
1042 5315 1506 5392 Merito_quidem
1563 5315 1863 5392 mendosus

278 5386 549 5447 visus—cst
575 5386 728 5446 locus
752 5386 894 5446 iste:
933 5391 1020 5452 Ὠς
1053 5386 1537 5460 μεμηνᾲτές-κύνες
1563 5386 1863 5460 ἐπανέστητ

283 5478 382 5515 σαν
403 5477 417 5491 ·
447 5462 540 5532 καὶ
585 5463 684 5524 τὰς
720 5460 815 5532 μὲν
853 5456 1066 5532 χεῖρας
1093 5456 1482 5532 προσέπηξανζ
1494 5457 1568 5532 ὡς
1603 5456 1691 5509 ἀεὶ
1718 5456 1867 5532 μετὰ

281 5534 380 5600 τῆς
416 5531 611 5600 μανίας
633 5533 662 5584 ὁ
697 5525 1485 5600 κύωνξάνακρεμᾴσαςᾼαὺτοῦ
1513 5525 1613 5600 τᾲς
1653 5525 1862 5600 χεῖρας,

285 5595 579 5670 ἐπέρχεται
602 5602 695 5653 καὶ
725 5600 792 5653 τὰ
818 5601 1085 5670 πρόσωπα
1110 5595 1223 5670 τῶν
1241 5598 1387 5670 ἰδίων
1408 5595 1572 5670 αὑτοῦ
1591 5595 1867 5670 δεσποτῶν

291 5667 658 5738 καταγλύφειν
698 5671 798 5722 οὐκ
843 5667 1178 5739 αἰσχύνεται.
1213 5669 1432 5739 κὀτυηι
1463 5668 1623 5739 nullo
1648 5667 1865 5739 negotio

287 5735 566 5797 cmundari
586 5748 816 5808 poterat,
836 5735 1142 5808 hoc-modo,
1158 5738 1547 5811 ἀνακρεμάσας
1567 5736 1750 5802 αὑτὸν,
1768 5735 1866 5800 τὰς

1959 5321 2150 5392 χεῖρας
2191 5319 2505 5392 ἐπέρχεται.
2537 5315 2708 5372 Judati
2745 5317 2800 5371 in
2840 5314 3118 5392 Christum
3155 5324 3402 5392 tanquam
3444 5332 3536 5368 ra-

1959 5385 2075 5444 bidi
2109 5406 2265 5444 canes
2298 5385 2647 5451 'iiisilierunl;
2680 5396 2730 5441 et
2760 5403 2946 5441 manus
2987 5385 3197 5456 quidem
3233 5386 3528 5454 aﬂiserum,

1960 5462 2101 5515 sicut
2149 5473 2349 5528 semper
2387 5459 2621 5527 furiosus
2669 5458 2817 5511 canis
2855 5456 3191 5528 suspendens-_
3222 5472 3296 5518 se,
3348 5472 3534 5528 manus

1963 5530 2188 5592 inuadit,
2233 5525 2294 5582 ac
2327 5525 2500 5583 vultus
2531 5528 2866 5583 domino-rum
2911 5542 3126 5580 suorum
3173 5525 3376 5579 laniare
3405 5525 3536 5578 nihil

1961 5610 2183 5654 veretur.
2214 5600 2581 5668 (Σοτειειιιυε,
2613 5597 2852 5655 Monum.
2887 5595 3033 5653 Eccl.
3067 5594 3282 5665 ercw,
3311 5603 3444 5651 toni.
3468 5596 3534 5660 ll.

1963 5681 2103 5740 not.,
2133 5685 2188 5742 p.
2211 5669 2335 5728 669.
