3994 6224
299 345 306 355 ι
353 320 455 381 705
973 334 1346 395 ADVERSUS
1386 337 1730 398 "ERESES
1769 340 1895 399 LIB.

2018 387 2026 402 .
2067 342 2233 400 TOM.
2274 345 2339 400 ll.
2376 377 2446 387 —
2487 347 2766 406 HAERES.
2809 349 3091 409 LXXVIII.
3519 363 3623 421 706

348 446 694 540 αίσχύνεται.
746 452 1083 525 Παρέδωκαν
1132 460 1331 539 ἐκεῖνοι
1380 462 1471 517 τὸν
1511 464 1693 519 αὐτῶν
1734 466 1914 538 Κύριοε

2043 480 2210 521 canes
2261 465 2515 523 factitare
2573 469 2791 534 solent,
2848 471 2935 540 qui
2994 471 3339 529 dominorum
3395 492 3622 533 suorum

347 539 430 601 είς
470 539 533 592 τὸ
576 546 981 618 σταυρωθῆναι,
1029 553 1321 624 προφήτας
1358 571 1418 607 τε
1462 556 1590 621 τοὺς
1626 559 1914 612 οἰκειακοὺι

2039 573 2237 614 manus
2271 574 2336 613 ac
2379 561 2564 616 vultus
2606 562 2954 619 incurrentes
3006 564 3212 622 laniare
3251 568 3385 622 nihil
3429 586 3621 625 verene

346 628 443 681 τοῦ
479 631 646 685 αὐτοῦ
673 635 966 703 Δεσπότου,
1001 640 1096 695 τὸν
1128 642 1226 713 μὲν
1269 643 1521 716 ἐπρισαν,
1548 647 1641 700 τὸν
1672 648 1727 700 δὲ
1769 648 1936 713 λίθοις

347 722 706 791 κατέλευσαν,
757 727 915 783 ἄλλον
954 729 1010 784 δὲ
1045 733 1191 806 φόνῳ
1238 736 1512 808 μαχαίρας
1557 738 1931 810 διεχρήσαντο.

346 815 503 867 Μετὰ
527 816 747 881 τούτους
774 819 829 874 δέ
862 822 1123 888 ὡσαύτως
1154 825 1250 880 νῦν
1279 829 1327 880 oi
1353 828 1463 882 νέοι
1509 830 1751 883 Ἰουδαῖοι
1802 831 1929 884 ἀλλ-

346 907 664 979 επαλλήλως
689 913 755 982 τῇ
784 913 919 985 αὐτῇ
947 918 1276 990 κεχρημένοι
1317 922 1531 991 ἀγωγῇ,
1567 922 1616 974 οί
1649 922 1745 991 μὲν
1778 940 1934 990 φυσι-

348 999 436 1051 κοὶ
481 1001 721 1056 Ἰουδαῖοι
763 1006 906 1059 κατὰ
936 1008 1115 1080 σάρκα
1153 1012 1251 1081 μὲν
1284 1013 1612 1083 ἠρνήσαντο,
1641 1015 1691 1066 οἱ
1720 1014 1777 1066 δὲ
1810 1014 1928 1082 νῦν,

344 1093 669 1165 ἀρνούμενοι
700 1097 798 1168 τὴν
825 1101 920 1153 τοῦ
952 1101 1083 1155 Υίοῦ
1116 1104 1212 1156 τοῦ
1237 1106 1373 1159 Θεοῦ
1406 1106 1618 1162 τελείαν
1654 1109 1790 1180 πρὸς
1819 1110 1931 1162 Πα-

344 1187 476 1256 τέρα
509 1189 878 1261 γνησιότητα,
929 1193 1135 1265 κτίσμα
1186 1196 1370 1261 αὑτὸν,
1421 1198 1515 1251 καὶ
1558 1199 1791 1270 ποίημα,
1835 1200 1931 1253 καὶ

344 1277 618 1350 ἀλλότριον
646 1282 857 1355 Πατρὸς
902 1286 1217 1340 παντάπασι
1246 1291 1550 1362 μεμηνότες
1582 1293 1672 1346 καὶ
1704 1290 1929 1362 βεϐρον·

343 1368 567 1439 τημένοι
600 1370 959 1439 ἀδιαλείπτως
992 1374 1437 1448 διισχυρίζονται.

415 1627 491 1680 E'.
534 1628 629 1683 Ἐκ
653 1630 856 1685 τούτων
881 1634 938 1687 δέ
976 1635 1135 1690 πάλιν
1167 1637 1316 1693 ἄλλοι
1352 1641 1583 1710 ἀφέντες
1607 1643 1708 1707 τὰς
1735 1662 1923 1716 προει-

342 1719 586 1789 ρημένας
613 1720 824 1795 βλασφή
835 1743 966 1795 μους
990 1727 1361 1795 διδασκαλίας,
1390 1732 1573 1796 καθὼς
1601 1737 1796 1801 εἰπεῖν,
1826 1739 1922 1791 αὑ-

2039 655 2151 713 tur,
2182 650 2264 705 sic
2294 651 2372 705 illi
2404 650 2695 709 Dominum
2731 654 2798 708 ad
2843 656 3028 711 crucis
3079 658 3408 728 supplicium
3452 660 3619 716 tradi-

2035 743 2257 810 derunt,
2290 746 2584 816 prophetas
2610 748 2857 817 ejusdem
2888 749 3220 806 domesticos
3243 753 3437 821 partim
3464 766 3617 807 serra

2034 848 2465 903 consecuerunt,
2509 841 2706 910 partim
2736 841 3009 910 lapidibus
3042 843 3380 907 obruerunt,
3416 845 3615 913 partim

2033 929 2212 999 gladio
2247 930 2645 987 interfecerunt
2674 933 2720 983 ί.
2745 932 3056 989 Secundum
3094 935 3214 990 illos
3241 949 3368 990 vero
3390 935 3617 1005 perinde

2031 1030 2086 1073 et
2137 1019 2298 1074 hodie
2335 1022 2462 1075 novi
2502 1022 2580 1076 illi
2616 1020 2786 1077 Judaei
2836 1023 3029 1077 iisdem
3068 1023 3299 1078 invicem
3347 1025 3615 1081 institutis

2031 1126 2097 1166 ac
2128 1110 2421 1183 disciplina
2460 1113 2697 1181 formati,
2732 1116 2811 1169 uti
2843 1117 2960 1171 veri
3001 1117 3078 1170 illi
3113 1116 3285 1172 Judaei
3321 1116 3612 1173 Dominum

2028 1217 2154 1258 cum
2203 1218 2371 1259 carne
2418 1216 2741 1275 praesentem
2796 1208 3155 1279 abnegarunt,
3208 1209 3283 1263 ita
3337 1209 3441 1278 ipsi
3487 1208 3613 1264 Filii

2029 1291 2124 1347 Dei
2159 1293 2456 1363 perfectam
2483 1312 2606 1349 cum
2641 1294 2802 1351 Patre
2832 1301 3245 1368 germanitatem
3276 1298 3609 1365 inﬁciantes,

2026 1394 2335 1440 creaturam
2370 1400 2494 1443 esse
2538 1387 2713 1455 illum,
2746 1396 2799 1443 et
2832 1390 3132 1459 opiﬁcium,
3162 1398 3215 1445 et
3244 1405 3274 1443 a
3314 1389 3475 1444 Patre
3512 1405 3610 1459 pe-

2027 1476 2179 1529 nitus
2223 1477 2459 1533 alienum
2504 1476 2697 1533 furiosi
2740 1494 2821 1534 ac»
2850 1480 3113 1536 vecordes
3172 1480 3468 1536 identidem
3526 1479 3612 1533 af-

2028 1567 2269 1623 ﬁrmant.

2102 1660 2312 1731 1037
2352 1660 2418 1715 ν.
2460 1661 2565 1716 Alii
2597 1677 2760 1733 porro
2795 1664 3190 1720 contumeliosa
3226 1663 3316 1718 illa
3347 1664 3401 1719 in
3438 1662 3647 1741 Dcum(

2026 1752 2282 1822 dogmata
2311 1754 2704 1824 relinquentes,
2741 1758 2899 1827 quasi
2930 1758 3165 1812 divinam
3196 1758 3369 1827 ipsam
3394 1757 3447 1811 in
3471 1755 3611 1812 cmlo

337 1810 435 1881 τὴν
464 1812 563 1881 τὴν
598 1815 739 1869 κατά
767 1817 927 1885 φύσιν
953 1818 1278 1890 θεασάμενοι
1310 1826 1631 1896 ἐπουράνιον
1662 1827 1914 1900 Θεωρίαν,

2022 1810 2296 1910 ηειῖυνξιιη,
2329 1852 2390 1898 ut
2419 1810 2493 1899 ita
2531 1846 2729 1911 dicam,
2759 1810 3071 1918 laliquando
3103 1810 3452 1919 contemplati
3494 1846 3611 1903 fue-

338 1904 434 1956 καὶ
464 1903 532 1957 τὰ
570 1904 683 1959 ἄνω
727 1907 1184 1980 ἐμϐατεύσαντες,
1218 1916 1312 1971 καὶ
1357 1917 1921 1993 πολυπραγμονήσαν-

335 2011 445 2059 τες,
476 1994 551 2060 ὡς
577 1998 782 2054 ἀνωθεν
812 2004 1059 2073 ἥκοντες,
1085 2007 1344 2079 αὐθαδείᾳ
1376 2010 1799 2081 ἀπαγγέλλουσι,
1828 2016 1920 2069 καὶ

337 2087 575 2157 ίτχυρῶς
608 2089 1057 2164 διισχυρίςονται,
1103 2098 1458 2164 ἐκϐάλλοντες
1493 2104 1558 2154 ἐκ
1598 2103 1696 2173 τῆς
1726 2103 1917 2176 θεότη-

334 2195 424 2242 τος
452 2180 513 2233 τὸ
540 2181 696 2249 ἅγιον
730 2186 973 2257 Πνεῦμα.
1011 2190 1120 2243 Καὶ
1152 2191 1243 2245 τὸν
1290 2192 1391 2263 μὲν
1436 2194 1657 2266 Πατέρα
1689 2198 1789 2251 οὐκ
1819 2199 1917 2269 ήρ-

332 2286 542 2341 νηνται,
578 2272 701 2326 οὔτε
743 2275 841 2347 τὴν
870 2277 963 2331 τοῦ
1008 2278 1137 2333 Υίοῦ
1173 2282 1310 2353 πρὸς
1359 2284 1523 2337 αὐτὸν
1560 2289 1913 2358 γνησιότητα,

332 2363 416 2431 ἐφ’
450 2363 644 2435 ἑτέραν
682 2366 737 2419 δὲ
791 2368 953 2422 πάλιν
984 2370 1101 2425 ὁδὸν
1146 2372 1475 2445 βαδίζουσιν,
1511 2378 1599 2431 ἵνα
1647 2379 1915 2435 πάντοθεν

331 2452 593 2525 πληρωθῇ
621 2456 703 2520 τὸ,
746 2458 1054 2522 Ἐξέλιπεν
1080 2463 1117 2531 ὴ
1153 2464 1356 2531 πίστις
1387 2466 1456 2519 ἐκ
1487 2468 1786 2537 στόματος
1810 2473 1915 2526 αὐ-

330 2543 467 2598 τῶν.
504 2547 567 2599 Τί
597 2548 705 2620 γὰρ
740 2549 852 2603 ἀλλ’
884 2552 915 2624 ἢ
959 2556 1039 2618 είς
1070 2554 1133 2608 τὸ
1161 2556 1385 2627 Πνεῦμα
1422 2558 1485 2611 τὸ
1513 2561 1667 2629 ἅγιον
1705 2562 1911 2629 λοιπὸν,

327 2634 390 2686 τὸ
412 2636 511 2688 οὐκ
544 2637 825 2710 ἀλλότριον
852 2642 1063 2715 Πατρὸς
1108 2645 1201 2698 καὶ
1228 2645 1383 2713 Υίοῦ,
1413 2648 1473 2701 τὸ
1518 2649 1582 2703 ἐκ
1610 2650 1708 2719 τῆς
1741 2652 1914 2723 αὐτῆς

328 2726 583 2798 θεότητος
610 2729 690 2799 ὃν,
722 2732 816 2785 καὶ
852 2734 926 2805 μὴ
955 2736 1304 2809 ἐνδεχόμενον
1332 2736 1472 2794 εἶναι
1500 2741 1781 2813 ἀλλότριον
1812 2744 1930 2814 τῆς·

328 2819 583 2892 θεότητος
608 2864 622 2887 ,
680 2824 996 2894 βούλονται,
1073 2830 1148 2894 ὼς
1203 2832 1359 2887 αὐτοὶ
1437 2834 1688 2899 ἐξουσίαν
1768 2837 1915 2908 ἕχον-

324 2927 438 2974 τες,
479 2913 718 2969 κελεύειν
769 2917 969 2987 μᾶλλον
1021 2918 1141 2990 Θεῷ
1188 2922 1335 2993 ήπερ
1389 2924 1743 2992 κελεύεσθαι;
1799 2927 1914 2980 Οὐκ

326 3006 706 3078 αἰσχυνόμενοι
735 3009 844 3081 γὰρ
877 3011 1155 3084 ἀλλότριον
1181 3015 1241 3068 τὸ
1290 3017 1517 3091 Πνεῦμα
1549 3018 1789 3087 λέγουσι,
1819 3021 1913 3074 καὶ

327 3092 536 3158 δοῦλον,
566 3098 660 3149 καὶ
687 3098 914 3170 κτίσμα,
944 3102 1037 3155 καὶ
1067 3104 1404 3175 πρόσφατον,
1441 3108 1536 3161 καὶ
1566 3109 1789 3179 ποιητὸν
1818 3112 1912 3165 καὶ

326 3184 381 3235 εἴ
405 3202 455 3237 τι
497 3186 683 3259 ἕτερον
713 3191 936 3262 αἰσχρὸν
972 3195 1109 3265 πρὸς
1140 3196 1400 3251 ὑπόνοιαν
1432 3200 1559 3272 περὶ
1586 3201 1751 3255 αὐτοῦ
1781 3204 1909 3256 ἐαυο
1937 3185 1979 3243 C

324 3281 438 3341 τοῖς
475 3280 674 3349 μᾶλλον
716 3285 992 3339 ἐπινοοῦσι
1027 3291 1523 3361 προσπορίσασθαι.
1570 3294 1722 3347 Ἐπεὶ
1753 3291 1845 3349 οὖν
1880 3297 1908 3350 6

326 3370 532 3440 κόσμος
574 3373 690 3426 νυνὶ
724 3375 894 3439 οὕτως
938 3378 1136 3448 μᾶλλον
1172 3381 1401 3452 πληγεὶς
1437 3382 1650 3454 πληγὴν
1692 3386 1908 3440 ἀνίατον

324 3462 603 3526 ἀπιστίας,
645 3465 729 3518 ἵνα
766 3466 930 3537 μηδέν
958 3485 1010 3521 τι
1051 3472 1361 3544 παραλείψῃ
1393 3476 1426 3545 ή
1466 3475 1665 3546 ἀνομία
1710 3479 1742 3549 ἡ
1781 3479 1908 3543 τοὺς

323 3552 644 3623 ἀνθρώπους
697 3558 1038 3613 ἀπολλύουσα
1082 3565 1149 3634 τῇ
1194 3566 1473 3638 κακονοίᾳ,
1509 3569 1604 3622 καὶ
1657 3570 1904 3642 ἀπιστίᾳ,

325 3644 421 3696 καὶ
465 3644 707 3719 ἀγνωσία
727 3664 739 3678 ο
779 3643 866 3702 οἷα
912 3651 1039 3716 τοὺς
1074 3654 1489 3726 ἀποδράσαντας
1516 3660 1618 3730 τῆς
1648 3662 1776 3733 περὶ
1808 3663 1906 3735 τὴν

325 3736 490 3806 ἁγίαν
536 3737 740 3810 Τριάδα
775 3740 1124 3816 βλασφημίας
1166 3749 1247 3811 είς
1296 3748 1458 3823 ἕτερα
1489 3752 1714 3825 πάλινή
1759 3756 1905 3827 ἀργὴ

323 3830 418 3881 καὶ
451 3830 778 3897 κακόϐουλος
809 3832 987 3889 ἔννοια
1018 3838 1385 3909 περιέσπασεν
1407 3859 1420 3871 ⁸
1451 3844 1537 3898 ἵνα
1577 3844 1770 3915 μηδεὶς
1810 3846 1905 3900 λά-

323 3918 406 3972 θοι
437 3921 784 3993 ἁμαρτάνων.
828 3927 1002 3980 Κενὸν
1025 3929 1132 3999 γάρ
1161 3946 1216 3982 τι
1250 3930 1432 3985 ἀκούω
1464 3934 1592 4003 περὶ
1619 3935 1716 4005 τῆς
1747 3936 1904 4006 ἁγίας

324 4010 543 4082 Μαρίας
574 4014 676 4084 τῆς
719 4016 1081 4089 ἀειπαρθένου
1112 4020 1233 4075 τινὰ
1264 4021 1612 4090 διανοεῖσθαι,
1645 4028 1739 4079 καὶ
1780 4028 1903 4081 τολ-

324 4106 432 4175 μᾷν
461 4104 780 4179 βλάσφημόν
802 4127 925 4165 τινα
947 4112 1207 4168 ὑπόνοιαν
1237 4116 1323 4168 ἐπ’
1358 4115 1525 4188 αὐτὴν
1552 4118 1901 4191 ἐνσκήπτειν,

321 4197 402 4259 είς
433 4197 495 4249 τὸ
543 4199 607 4252 ἐκ
639 4201 977 4272 πανταχόθεν
1022 4199 1164 4258 εἶναι
1193 4206 1285 4259 τὸν
1316 4206 1506 4277 χρόνον
1548 4209 1705 4280 ἡμῶν
1746 4210 1903 4284 δίκην

320 4288 495 4342 κακοῦ
528 4289 724 4359 ὄφεως,
758 4291 923 4365 θηρὸς
956 4294 1163 4348 ίοϐόλου
1184 4296 1243 4351 ἐν
1268 4297 1443 4369 σκότῳ
1473 4300 1900 4370 ἐμφωλεύοντος,

324 4379 416 4432 καί
444 4382 557 4442 τοῖς
591 4380 831 4451 δήγμασι
870 4382 1079 4448 πάντας
1112 4386 1484 4457 πειράζοντος,
1513 4388 1604 4442 τὸν
1646 4391 1742 4461 μὲν
1773 4393 1903 4464 περὶ

322 4468 383 4521 τὸ
408 4470 720 4541 πρόσωπον,
755 4473 913 4527 ἄλλον
955 4476 1083 4546 περὶ
1112 4476 1212 4548 τὴν
1254 4478 1512 4550 πτέρναν,
1554 4480 1739 4553 ἕτερον
1772 4486 1900 4555 περὶ

319 4561 419 4635 τὴν
447 4566 605 4635 χεῖρα
624 4581 639 4595 ο
670 4566 757 4619 ἵνα
786 4567 989 4639 μηδένα
1012 4569 1165 4623 λάθοι
1187 4570 1247 4624 τὸ
1273 4571 1452 4644 δῆγμα
1474 4574 1573 4645 τῆς
1603 4576 1861 4641 ἀπιστίας
1881 4594 1894 4606 ·

322 4652 460 4707 ἀλλὰ
490 4657 519 4708 6
549 4656 722 4711 δοκῶν
753 4660 812 4713 ἐν
832 4660 1006 4731 τούτῳ
1036 4662 1337 4735 ἀποδρᾶναι
1371 4665 1572 4737 ἑτέρως
1598 4668 1686 4721 τὸν
1720 4670 1795 4722 ίὸν
1821 4670 1896 4742 μὴ

320 4745 491 4817 λάθῃ·
529 4749 556 4800 6
586 4749 641 4801 δὲ
668 4752 726 4803 ἐν
760 4750 904 4822 ἄλλῳ
930 4753 1057 4825 ὑγιῆ
1081 4754 1220 4825 ἔχων
1244 4756 1342 4827 τὴν
1374 4757 1555 4811 πίστιν
1584 4760 1756 4825 ἄλλως
1780 4779 1898 4827 πως

322 4841 654 4909 βλάπτεσθαι
684 4845 874 4898 ἐαυτὸν
903 4845 1301 4919 προξενήσειεν.

2024 1934 2151 2002 rint,
2177 1946 2229 1989 et
2249 1937 2413 1992 altius
2439 1937 2492 1991 in
2521 1953 2721 1993 arcana
2762 1938 2851 1993 illa
2891 1954 2955 1994 ac
2981 1938 3223 1994 cmlestia
3252 1937 3607 2008 penetrarint,

2022 2040 2087 2080 ac
2129 2027 2416 2098 diligenter
2446 2029 2875 2100 introspexerint
2907 2029 2990 2102 (ut
3033 2045 3064 2085 e
3098 2029 3239 2084 coelo
3286 2037 3443 2099 putes
3486 2042 3611 2083 esse

2020 2117 2319 2187 delapsos),
2348 2128 2670 2188 arroganter
2698 2118 2832 2173 illud
2869 2117 3192 2189 praedicant,
3231 2133 3296 2171 ac
3317 2117 3612 2173 vehemen-

2021 2216 2102 2263 ter
2140 2208 2449 2263 aliirmant:
2487 2208 2749 2281 Spiritum
2789 2218 3039 2265 sanctum
3073 2226 3103 2264 a
3130 2209 3434 2265 divinitatis
3462 2223 3611 2264 COlll-

2020 2299 2280 2354 munione
2318 2301 2705 2371 separandum.
2757 2302 2859 2367 Qui
2889 2316 3012 2356 eum
3057 2316 3233 2372 neque
3262 2300 3476 2356 Patrem
3507 2301 3608 2355 ab-

2019 2396 2236 2459 negent,
2272 2404 2372 2445 nec
2400 2390 2467 2444 ab
2491 2406 2746 2462 germana
2780 2406 2905 2446 eum
2948 2393 3041 2447 illo
3083 2392 3471 2462 conjunctione
3511 2389 3608 2444 Fi-

2017 2481 2151 2537 lium
2191 2483 2526 2553 abjudieent,
2570 2483 2638 2538 ad
2687 2484 2832 2540 aliud
2873 2485 2972 2539 viae
3012 2484 3396 2540 diverticulum
3444 2481 3608 2537 delle.

2016 2582 2196 2640 ctunt,
2234 2583 2295 2629 ut
2342 2576 2569 2631 omnino
2617 2575 2823 2630 dictum
2884 2576 3015 2631 illud
3057 2576 3346 2646 impleatur
3387 2594 3401 2629 :
3436 2573 3608 2629 Periit

2017 2666 2149 2736 ﬁdes
2178 2683 2243 2720 ex
2271 2684 2361 2722 ore
2394 2669 2688 2737 ipsorum'.
2732 2668 2873 2735 Quid
2901 2668 3045 2722 enim
3068 2666 3214 2721 aliud
3245 2666 3471 2731 faciunt,
3498 2666 3605 2720 nisi

2015 2759 2241 2828 perinde
2272 2773 2336 2814 ac
2376 2759 2421 2813 si
2454 2759 2511 2813 in
2543 2758 2807 2830 Spiritum
2850 2768 3100 2815 sanctum
3132 2759 3225 2827 jus
3255 2773 3318 2813 ac
3362 2766 3607 2829 potesta-

2015 2859 2124 2905 tem
2157 2851 2419 2906 haberent
2458 2850 2571 2921 (qui
2603 2851 2829 2921 quidem,
2853 2866 2882 2904 a
2916 2849 3074 2905 Patre
3118 2848 3365 2921 Filioque
3393 2864 3604 2920 nequa-

2014 2957 2179 3013 quam
2223 2943 2456 3008 alienus,
2505 2958 2572 2997 ex
2614 2943 2802 2998 eadem
2847 2950 2931 2997 est
2970 2942 3274 3007 divinitate,
3307 2957 3408 2996 nec
3442 2941 3509 2995 ab
3539 2956 3603 2995 ea

2016 3037 2260 3106 separari
2313 3039 2535 3109 potest),
2574 3036 2647 3089 ita
2698 3035 2807 3091 Deo
2852 3036 3238 3106 praescribere,
3273 3051 3434 3107 quam
3482 3036 3603 3105 ejus

2014 3129 2349 3198 praescriptis
2388 3129 2766 3198 obtemperare
2818 3128 3068 3182 malunt?
3120 3127 3238 3183 Non
3287 3130 3433 3182 enim
3479 3129 3601 3183 illos

2015 3219 2203 3290 pudet,
2240 3220 2477 3274 alienum
2515 3218 2778 3290 Spiritum
2824 3228 3098 3287 sanctum,
3145 3236 3387 3282 servum.
3443 3235 3600 3275 crea-

2010 3322 2211 3377 turam,
2252 3311 2630 3377 recentiorem,
2672 3326 2736 3365 ac
2771 3311 2974 3365 factum
3012 3312 3234 3377 dicere,
3268 3327 3331 3366 ac
3371 3312 3419 3367 si
3469 3313 3601 3381 quid

2010 3404 2155 3457 aliud
2182 3403 2249 3459 de
2272 3403 2366 3457 illo
2389 3402 2625 3474 conﬁngi
2648 3409 2805 3474 turpe
2828 3412 3025 3474 potest,
3054 3419 3119 3458 eo
3143 3404 3196 3458 in
3225 3404 3404 3475 ipsum
3428 3405 3601 3461 liben-

2009 3494 2120 3549 tius
2156 3495 2490 3565 excogitare.
2530 3494 2621 3548 Sic
2669 3494 2837 3565 igitur
2875 3496 3114 3550 mundus
3161 3495 3267 3551 iste
3306 3496 3601 3553 vehemen-

2006 3585 2131 3639 tiori
2182 3596 2236 3641 et
2280 3587 2574 3641 insanabili
2628 3586 2965 3643 inﬁdelitatis
3024 3588 3251 3643 vulnere
3301 3588 3596 3645 confossus
3680 3638 3695 3647 .

2005 3685 2112 3741 est,
2158 3686 2216 3731 ut
2246 3678 2547 3748 iniquitas,
2594 3693 2718 3748 quae
2766 3677 3071 3733 humanum
3131 3695 3305 3750 genus
3348 3681 3598 3736 funditus

2006 3769 2218 3839 perdit,
2267 3771 2403 3825 nihil
2452 3770 2520 3825 ad
2571 3786 2840 3827 summam
2907 3774 3248 3841 nequitiam,
3313 3776 3595 3844 perﬁdiam

2003 3857 2479 3929 ignorantiamque
2519 3860 2919 3929 praetermittat.
2957 3860 3075 3926 Qua
3107 3862 3320 3917 ratione
3354 3862 3596 3916 miseros

2004 3949 2164 4019 istos,
2212 3954 2307 4022 qui
2347 3954 2585 4022 priorem
2626 3953 2772 4006 illam
2808 3953 2860 4007 in
2894 3962 3305 4009 sacrosanctam
3349 3952 3595 4009 Trinita-

2005 4050 2112 4098 tem
2146 4045 2532 4099 contumeliam
2566 4045 2890 4116 effugerant,
2936 4046 3111 4102 otiosa
3148 4062 3213 4101 ac
3255 4047 3594 4117 nequissima

2008 4150 2109 4192 sua
2142 4136 2404 4207 cogitatio
2435 4137 2501 4191 ad
2534 4137 2638 4191 alia
2668 4137 2915 4207 quaedam
2950 4140 3297 4193 transversos
3332 4138 3591 4207 abripuit,

2009 4240 2078 4280 ne
2107 4225 2234 4296 quis
2271 4233 2555 4296 peccatum
2589 4242 2747 4281 suum
2776 4228 3126 4282 dissimulare
3148 4228 3345 4298 possit.
3376 4227 3592 4283 Etenim

2005 4318 2193 4373 nescio
2237 4333 2397 4389 quem
2430 4318 2594 4373 audio
2628 4317 2893 4374 adversus
2937 4318 3344 4374 sanctissimam
3395 4334 3593 4390 perpe-

2004 4415 2265 4480 tuamque
2308 4407 2587 4480 Virginem
2636 4408 2861 4463 Mariam
2907 4408 3157 4465 meditari
3207 4412 3477 4477 nonnihil,
3529 4427 3593 4466 ac

2006 4502 2404 4557 contumeliosa
2440 4500 2674 4572 quadam
2719 4502 2977 4572 Opinione
3020 4502 3170 4558 illius
3205 4502 3468 4559 honorem
3509 4503 3594 4557 iu-

2004 4606 2240 4649 cessere.
2278 4592 2357 4647 Ex
2383 4608 2493 4663 quo
2522 4592 2656 4647 illud
2704 4600 2948 4664 apparet,
2989 4602 3236 4649 nostram
3274 4594 3415 4650 hanc
3456 4603 3595 4651 tem-

2004 4692 2272 4753 pestatem
2311 4684 2527 4740 letifero
2564 4684 2781 4740 cuidam
2808 4686 3050 4757 serpenti
3079 4701 3142 4741 ac
3176 4694 3444 4743 venenato
3469 4704 3593 4743 esse

2004 4774 2364 4839 simillimam,
2396 4776 2489 4847 qui
2518 4776 2573 4830 in
2614 4777 2855 4833 tenebris
2884 4777 3211 4833 delitescens
3241 4778 3456 4835 infestis
3482 4794 3591 4833 om-

2003 4881 2102 4923 nes
2128 4870 2401 4924 morsibus
2429 4877 2681 4940 appetat,-
2707 4877 2870 4940 atque
2908 4871 2962 4924 in
2990 4871 3151 4941 hujus
3182 4871 3412 4935 vultum,
3442 4871 3589 4925 illius

310 4937 545 5001 calcem,
580 4951 799 4991 manum
848 4938 1073 4995 alterius
1108 4940 1375 5006 incurrat,
1420 4950 1479 4997 ut
1512 4960 1580 5001 ne
1617 4947 1741 5017 quis
1772 4949 2111 5012 inﬁdelitatis
2139 4973 2382 5013 morsum
2415 4937 2635 5029 penitus
2686 4937 2861 5029 pos—sit
2913 4937 3176 5027 evadere;
3237 4960 3333 5014 sed
3391 4960 3485 5030 qui
3534 4961 3588 5015 in

314 5048 425 5085 uno
458 5043 663 5099 genere
703 5028 851 5085 virus
894 5028 1177 5100 eﬁ‘ugerit,
1210 5034 1264 5087 in
1297 5034 1469 5089 altero
1509 5051 1569 5091 se
1601 5038 1668 5092 ab
1701 5055 1767 5095 eo
1797 5043 2105 5102 subducere
2138 5062 2202 5102 ac
2254 5028 2497 5104 devitarc
2544 5028 2815 5120 nequeat:
2857 5064 2921 5105 ac
2958 5051 3052 5122 qui
3108 5051 3163 5104 in
3221 5049 3343 5104 aliis
3404 5028 3589 5104 incor-

312 5138 537 5199 ruptam
571 5124 728 5181 ﬁdem
764 5127 985 5194 retinet,
1012 5129 1121 5183 alio
1153 5130 1315 5184 modo
1347 5129 1593 5188 fraudem
1624 5134 1730 5188 sibi
1756 5137 2165 5207 perniciemque
2202 5140 2535 5196 consciscat.

387 5224 477 5288 ς’.
530 5222 706 5276 Πόθεν
754 5221 891 5292 αὕτη
943 5222 976 5292 ή
1025 5224 1312 5289 κακόνοια;
1364 5223 1535 5279 Πόθεν
1581 5228 1613 5297 ὴ
1669 5230 1903 5301 τοσαύτη

313 5314 520 5383 τόλμας
550 5314 690 5367 Αὐτὸ
728 5311 791 5363 τὸ
815 5312 986 5382 ὄνομα
1024 5314 1086 5366 οὐ
1119 5317 1407 5385 μαρτυρεῖ,
1438 5317 1499 5368 οὐ
1534 5317 1711 5371 πείθει
1748 5302 1905 5383 σε,Ιῶ

314 5403 581 5470 φιλόνεικε
606 5421 620 5469 ;
656 5407 753 5468 Τίς
796 5403 1003 5473 ποτε,ἢ
1034 5404 1093 5455 ἐν
1129 5405 1259 5476 ποίᾳ
1290 5408 1453 5477 γενεᾷ
1479 5406 1779 5478 τετόλμηκε
1805 5428 1906 5463 κα-

307 5497 425 5548 λεῖν
448 5495 509 5549 τὸ
527 5496 695 5567 ὄνομα
721 5494 949 5568 Μαρίας
972 5494 1070 5563 τῆς
1098 5496 1279 5564 ἁγίας,
1304 5500 1398 5552 καὶ
1426 5499 1776 5572 ἐρωτώμενος
1801 5504 1903 5557 οὐκ

317 5587 475 5651 εὐθὺς
520 5588 791 5659 ἐπήνεγκε
839 5594 927 5650 τὸ,
968 5586 1273 5659 Παρθένον;
1308 5589 1369 5655 ἐξ
1412 5591 1593 5647 αὐτῶν
1638 5593 1745 5665 γὰρ
1792 5594 1900 5651 τῶν

382 5747 401 5837 ξ
446 5747 605 5803 llcbr.
650 5768 727 5816 ςι,
759 5752 844 5808 57.
924 5753 947 5784 ¹
975 5747 1094 5806 Jcr.
1129 5749 1341 5815 vtt,9.8.

2080 5229 2170 5285 Vl.
2217 5230 2497 5288 Undenam
2523 5250 2653 5290 vero
2675 5236 2788 5291 haec
2810 5234 3131 5306 improbitas
3156 5234 3414 5290 emersit?
3434 5233 3588 5292 Unde

2008 5328 2159 5376 tanta
2194 5324 2446 5393 prorupit
2492 5324 2753 5387 audacia?
2803 5325 2995 5379 Nonne
3036 5325 3120 5379 vel
3166 5325 3345 5393 ipsum
3388 5340 3587 5380 nomen

2006 5414 2223 5470 abunde
2248 5417 2608 5471 testificatur?
2636 5415 2754 5472 Non
2779 5418 2898 5481 tibi,
2925 5416 3089 5470 homo
3111 5416 3582 5485 pervicacissime,

2006 5505 2151 5561 istud
2188 5506 2367 5576 ipsum
2403 5509 2734 5578 persuadet?
2767 5508 2902 5575 Quis
2931 5509 3044 5563 ullo
3088 5508 3303 5579 1038
3342 5516 3586 5581 tempore

2004 5613 2246 5670 unquam
2280 5601 2512 5670 exstitit,
2561 5602 2655 5672 qui
2696 5610 2897 5657 sanctae
2932 5601 3114 5657 Mariae
3157 5616 3351 5658 nomen
3400 5603 3587 5675 appel~
