3994 6224
357 279 460 335 ’10⁸7

1759 269 1822 328 ει.
1865 262 2207 326 ΕΡΙΡΙΙΔΝΙΙ

3519 275 3631 333 7θ8

359 398 474 455 lare
506 397 750 465 auderet,
784 403 838 454 et
864 411 974 452 non
1002 402 1230 468 rogatus
1257 394 1492 454 subinde
1514 394 1761 467 Virginis
1789 409 1943 448 voca-

2046 392 2312 447 ὲπιθέτων
2358 390 2639 463 ὀνομάτων
2683 389 2779 448 καὶ
2827 389 2926 464 τῆς
2975 391 3181 465 ἀρετῆς
3232 392 3518 464 ὑποφαίνει
3560 395 3634 449 τά

361 489 549 545 bulmn
577 489 876 561 adjiceret?
904 487 1042 546 Nam
1079 490 1136 544 in
1169 489 1446 560 adjunCtis
1486 486 1798 544 istiusmodi
1847 501 1940 542 vo-

358 580 517 634 cibus
548 579 766 634 virtutis
802 579 1005 635 indicia
1034 579 1334 635 collucent.
1381 577 1594 650 Quippe
1623 577 1794 648 justis
1826 592 1943 632 om-

358 667 544 732 nibus,
586 683 686 738 pro
715 683 782 723 eo
807 684 874 725 ac
902 669 1150 740 singulos
1176 667 1426 735 decebat,
1460 683 1559 723 sua
1587 669 1786 737 cuique
1813 674 1942 722 sunt

356 758 637 830 dignitatis
689 761 952 816 attributa
1006 761 1254 817 nomina.
1287 759 1364 814 Ita
1405 759 1719 814 Abrahamo
1779 759 1940 814 amici

358 846 451 903 Dei
498 850 692 905 titulus
736 852 1187 907 accommodatus
1222 860 1304 907 est
1329 851 1368 920 ¹,
1403 867 1581 922 neque
1617 853 1664 906 is
1699 865 1939 922 unquam

357 938 673 994 intercidet.
705 939 878 997 Jacob
902 956 1030 996 vero
1059 936 1279 995 Israelis
1302 943 1322 973 ¹
1351 956 1656 1014 cognomen
1686 941 1808 998 sine
1832 942 1940 995 ulla

356 1031 663 1086 mutatione
696 1047 1043 1088 concessum.
1073 1031 1321 1102 Apostoli
1357 1048 1575 1104 quoque
1618 1035 1937 1106 Boauerges,

357 1116 462 1172 hoc
491 1127 595 1187 est,
629 1120 852 1175 tonitrui
874 1119 979 1191 ﬁlii
1008 1119 1047 1186 ³,
1073 1121 1343 1176 nominati
1375 1131 1526 1186 sunt,
1555 1137 1656 1178 nec
1687 1122 1794 1176 ulla
1817 1121 1939 1176 dies

356 1223 558 1263 nomen
620 1210 765 1266 istud
814 1213 1146 1268 obliterabit.
1196 1211 1289 1268 Sic
1335 1224 1526 1270 sancta
1559 1213 1730 1268 Maria
1777 1210 1942 1286 Virgo

357 1311 740 1370 nuncupatur,
782 1317 884 1357 nec
931 1305 1227 1374 appellatio
1278 1305 1383 1361 ista
1437 1305 1735 1378 aliquando
1789 1321 1942 1361 com-

357 1391 679 1446 mutabitur.
709 1391 834 1448 Ηωο
863 1395 1008 1449 enim
1034 1404 1299 1466 perpetuo
1329 1397 1649 1468 incorrupta
1684 1413 1941 1469 perman-

357 1483 450 1540 sit.
486 1484 596 1539 Cur
634 1485 800 1556 igitur
835 1503 932 1543 vos
963 1499 1160 1543 natura
1210 1489 1330 1559 ipsa
1366 1504 1476 1543 non
1517 1489 1720 1546 docet?
1755 1488 1798 1545 0
1851 1491 1942 1546 in-

357 1575 602 1632 auditam
669 1579 978 1634 insaniam!
1047 1595 1080 1636 ο
1134 1589 1524 1651 praeposteram
1601 1581 1934 1639 novitatem!

358 1668 526 1724 Multa
557 1679 687 1724 sunt
728 1680 1014 1741 pmterea,
1051 1688 1172 1744 quae
1208 1673 1407 1743 priscis
1449 1675 1786 1745 temporibus
1822 1692 1940 1730 ma-

2042 484 2340 555 τεκμήρια.
2377 483 2694 555 Ἀξιὼματα
2725 484 2824 556 μὲν
2859 483 2970 556 γὰρ
3001 483 3309 555 ὀνομασιῶν
3345 485 3636 556 εἰλήφασιν

2040 577 2092 630 οἰ
2131 576 2330 630 δίκαιοι
2361 576 2578 645 ἑκάστῳ
2610 575 2949 646 πρεπόντως,
2987 577 3082 631 καὶ
3123 576 3199 640 ὡς
3240 575 3474 648 ἥρμοζε.
3521 578 3638 631 Καὶ

2042 665 2120 737 τῷ
2160 667 2260 738 μὲν
2300 666 2553 738 Ἀϐραὰμ
2591 667 2895 740 προσετέθη
2925 668 3008 731 τὸ,
3037 668 3217 738 φίλος
3241 668 3414 734 Θεοῦ,
3445 669 3542 722 καὶ
3573 669 3637 722 οὗ

2041 759 2454 830 διαλυθήσεται·
2486 759 2564 832 τῷ
2588 760 2647 814 δὲ
2697 760 2913 829 Ἰακὼϐ,
2946 761 3007 814 τὸ
3041 759 3291 830 Ἰσραὴλ
3324 761 3636 826 καλεῖσθαι,

2043 852 2138 905 καὶ
2187 851 2287 906 οὐκ
2328 851 2753 924 ἀλλοιωθήσεται
2775 869 2788 883 ·
2849 854 2944 905 καὶ
2997 855 3113 916 τοῖς
3169 853 3515 917 ἀποστόλοις,
3575 853 3640 906 τὸ

1972 927 1986 936 ἣ
2033 945 2390 1015 βοανεργὲς,
2423 945 2722 1010 τουτέστιν,
2763 945 2882 999 υἱοὶ
2905 945 3198 1014 βροντῆς,
3229 947 3322 999 καὶ
3362 947 3465 1000 οὐκ
3497 947 3635 1001 ἀπο-

2043 1037 2574 1109 καταλειφθήσεται·
2607 1037 2703 1093 καὶ
2729 1040 2794 1110 τῇ
2825 1038 2956 1110 ἀγίᾳ
2976 1038 3167 1110 Μαρίᾳ
3195 1038 3276 1103 τὸ,
3306 1037 3638 1106 Παρθένος.

2043 1129 2139 1183 καὶ
2163 1130 2222 1182 οὐ
2253 1130 2619 1201 τραπήσεται.
2666 1130 2968 1200 Ἀχραντος
2987 1130 3097 1203 γὰρ
3126 1129 3396 1200 διέμεινεν
3420 1133 3454 1200 ή
3480 1130 3637 1198 ἁγία.

2041 1223 2190 1293 Αὐτὴ
2221 1225 2254 1297 ἡ
2301 1222 2461 1292 φύσις
2489 1223 2550 1278 οὐ
2593 1221 2834 1277 διδάσκει
2864 1222 3044 1294 ύμᾶςς
3074 1224 3139 1276 Ὢ
3166 1223 3360 1294 καινῆς
3396 1219 3632 1294 μανίαςί

2043 1313 2088 1366 ῶ
2135 1313 2340 1370 καινῶν
2373 1314 2752 1386 πραγμάτωνί
2785 1313 2964 1370 Πολλά
3001 1314 3059 1369 δέ
3085 1317 3232 1369 ἐστιν
3281 1315 3464 1386 ἔτερα,
3498 1314 3535 1368 ἀ
3576 1316 3639 1367 ὲν

2041 1409 2155 1471 τοῖς
2201 1406 2452 1472 παλαιοῖς
2501 1408 2712 1480 χρόνοις
2756 1408 2856 1462 ούκ
2896 1408 3168 1481 ἐτολμήθη
3214 1409 3328 1473 τοῖς
3369 1409 3634 1480 πατράσι.

2042 1498 2155 1553 Νῦν
2180 1498 2237 1552 δὲ
2266 1498 2423 1563 ἄλλος
2460 1499 2558 1570 μὲν
2592 1499 2906 1573 βλασφημεῖ
2943 1503 3023 1566 εἰς
3056 1501 3155 1573 τὴν
3192 1500 3457 1574 ἐνσαρκον
3495 1502 3638 1572 Χρι-

2043 1590 2170 1644 στοῦ
2203 1591 2535 1664 παρουσίαν,
2559 1593 2723 1665 ἕτερα
2747 1592 2924 1647 λαλῶν
2945 1595 3026 1656 εἰς
3049 1591 3216 1665 αὐτὴν
3247 1591 3346 1664 τὴν
3369 1590 3604 1662 θεότητα
3620 1604 3636 1621 ·

2043 1681 2204 1746 ἄλλος
2245 1681 2304 1735 δὲ
2351 1682 2543 1756 ἐλλιπῆ
2579 1685 2814 1738 ποιεῖται
2864 1684 2922 1737 ἐν
2950 1683 3128 1755 ἑαυτῷ
3167 1683 3268 1755 τὴν
3299 1682 3401 1752 τῆς
3449 1682 3640 1753 πάσης

349 1761 503 1833 jores
541 1763 716 1818 nostri
747 1779 1091 1835 nequaquam
1121 1766 1361 1836 aggressi
1408 1775 1555 1822 sunt.
1600 1765 1775 1824 Hodie
1814 1784 1943 1824 vero

2046 1775 2309 1846 ὲνσάρκου
2356 1775 2663 1846 παρουσίας
2701 1776 3122 1847 πραγματείαν·
3153 1774 3340 1846 ἕτερος
3378 1774 3436 1828 δὲ
3472 1775 3530 1827 ὲν
3564 1777 3637 1844 τῇ

355 1854 500 1910 alius
531 1854 588 1909 in
609 1864 949 1926 assumptam
983 1872 1012 1909 a
1039 1855 1259 1912 Christo
1291 1869 1548 1912 naturam
1579 1861 1945 1917 contumelio-

357 1960 454 2001 sus
483 1957 588 2014 eSt,
624 1953 678 2001 et
698 1946 959 2002 inusitata
980 1947 1228 2018 quaedam
1257 1948 1323 2004 de
1349 1949 1637 2007 divinitate
1661 1951 1781 2022 ipsa
1803 1969 1947 2024 pra}-

355 2034 531 2102 dicat;
585 2036 727 2092 alius
784 2036 960 2107 ipsum
1010 2030 1144 2092 illud
1199 2038 1597 2096 incarnationis
1666 2044 1942 2114 negOtium

356 2142 615 2184 mancum
659 2136 822 2200 atque
869 2129 1251 2200 imperfectum
1291 2133 1620 2213 constituit;
1665 2135 1810 2192 alius
1857 2151 1946 2194 re-

356 2220 701 2295 surrectione
751 2232 1091 2277 mortuorum
1138 2221 1466 2293 offenditur;
1516 2227 1658 2283 alius
1704 2227 1943 2299 denique

356 2312 504 2367 aliud
526 2314 632 2370 sibi
655 2315 722 2369 ad
753 2315 1182 2388 oppugnandum
1213 2317 1426 2388 arripit.
1475 2317 1520 2375 Ο
1559 2320 1939 2378 turbulentum

355 2414 606 2460 nostrum
627 2409 888 2462 saeculum
913 2447 928 2473 ,
967 2408 1026 2462 in
1053 2423 1164 2478 quo
1197 2408 1484 2465 hominum
1520 2412 1631 2466 vita
1661 2428 1936 2470 summum

355 2491 412 2550 in
443 2495 740 2554 discrimen
790 2497 1106 2563 adducitur,
1155 2515 1276 2569 qua:
1319 2501 1562 2572 undique
1605 2503 1866 2572 pessimis
1906 2517 1939 2559 a

355 2587 602 2644 daemone
647 2591 958 2661 propagatis
1005 2590 1326 2662 opinionum
1369 2593 1650 2648 erroribus
1688 2609 1753 2650 ac
1809 2610 1938 2665 pcr-

358 2679 498 2733 lidia:
545 2681 870 2736 commentis
925 2681 1207 2736 obruitur!
1259 2680 1510 2748 Quanam
1567 2699 1698 2740 vero
1759 2684 1942 2744 fronte

2041 1863 2337 1918 ἀναστάσει
2380 1863 2639 1935 ἀσχάλλει
2678 1863 2788 1919 τῶν
2827 1865 3076 1937 νεκρῶν·
3110 1864 3296 1936 ἕτερος
3341 1863 3397 1918 δὲ
3443 1863 3634 1936 μέρος.

2041 1955 2156 2009 Καὶ
2189 1955 2547 2020 ἁπαξαπλῶς,
2577 1956 2624 2013 ὣ
2668 1956 2768 2029 τῆς
2796 1956 2956 2028 ἡμῶν
2989 1954 3366 2027 τεθολωμένης
3395 1957 3594 2025 γενεᾶς
3620 1956 3634 2010 l

2041 2041 2110 2121 ἧς
2147 2049 2181 2120 ἡ
2216 2048 2331 2120 ζωὴ
2365 2049 2424 2102 ὲν
2465 2048 2696 2120 κινδύνῳ
2734 2049 3025 2114 διάκειται,
3067 2050 3133 2102 ὲκ
3160 2045 3495 2119 πανταχόθεν
3537 2063 3641 2099 πει

2046 2138 2439 2211 ριαντλουμένη
2480 2141 2677 2204 κακαῖς
2709 2138 2814 2193 ὑπὸ
2845 2138 3091 2193 διαϐόλου
3139 2139 3468 2209 έπισποραίς
3513 2138 3638 2192 δια-

2043 2229 2334 2302 νοημάτων
2373 2247 2434 2284 τε
2463 2234 2558 2286 καὶ
2597 2231 2876 2303 λογισμῶν
2917 2231 3302 2295 κακοπιστίας.
3341 2230 3470 2294 Πῶς
3510 2229 3640 2284 τολ-

2045 2321 2187 2393 μῶσι
2231 2322 2329 2395 τὴν
2375 2325 2644 2396 ἄχραντον
2687 2325 2987 2398 Παρθένον,
3017 2325 3111 2378 καὶ
3161 2323 3260 2395 τὴν
3313 2324 3639 2393 οἰκητήριον

2044 2412 2474 2480 καταξιωθεῶαν
2500 2415 2754 2485 γενέσθαι
2781 2416 2874 2470 τοῦ
2894 2416 3043 2483 Υἰοῦ,
3062 2415 3161 2488 τὴν
3183 2417 3263 2480 εἰς
3287 2414 3452 2468 ταυτδ
3475 2413 3641 2468 τοῦτο

2043 2504 2391 2575 ὲκλεχθείσαν
2423 2510 2487 2562 ὲκ
2517 2509 2626 2563 τῶν
2660 2509 2936 2582 μυριάδων
2985 2508 3224 2581 Ἰσραὴλ,
3260 2507 3409 2570 ὅπως
3439 2505 3639 2570 σκεῦος

2044 2597 2141 2651 καὶ
2165 2599 2481 2672 οἰκητήριον
2503 2599 2805 2673 ἠξιωμένος
2848 2602 2929 2667 εἰς
2957 2603 3180 2672 σημεῖον
3223 2600 3383 2670 μόνον
3410 2597 3638 2672 ὑπάρξῃ

2046 2691 2285 2744 τοκετῶν
2307 2690 2363 2759 ⁸;

356 2771 732 2841 incorruptam
790 2771 937 2826 illam
999 2771 1276 2843 Virginem
1330 2762 1748 2844 aggrediuntur,
1798 2792 1921 2848 qua:
1968 2777 2063 2834 Dei
2104 2775 2227 2836 Filii
2257 2781 2598 2838 domicilium
2655 2797 2779 2840 csse
2833 2783 3074 2848 meruit,
3144 2798 3350 2856 quate:
3421 2782 3638 2838 inﬁnito

357 2858 725 2917 lsraelitarum
749 2877 977 2918 numero
1000 2864 1066 2919 ad
1091 2864 1144 2919 id
1170 2880 1338 2919 unum
1356 2873 1442 2921 est
1469 2866 1661 2934 electa,
1695 2875 1754 2923 ut
1779 2883 1873 2926 vas
1913 2868 2192 2941 quoddam
2245 2880 2300 2929 et
2340 2873 2605 2931 habitatio
2665 2875 2762 2930 uni
2817 2884 2965 2932 esset
3021 2874 3210 2931 divino
3267 2875 3450 2948 partui
3498 2890 3637 2933 con-

357 2964 572 3014 secrata
601 2959 624 3013 ἲ

430 3048 547 3109 VII.
591 3051 706 3108 Hoc
736 3055 881 3111 enim
923 3063 1077 3111 certo
1114 3070 1182 3111 ex
1215 3065 1440 3112 auctore
1488 3057 1743 3128 cognovi,
1799 3069 1940 3111 non-

2107 3055 2185 3111 Z'.
2226 3056 2477 3110 Ἤκουσα
2525 3054 2636 3128 γὰρ
2685 3056 2840 3128 παρά
2885 3073 3050 3123 τινος,
3091 3052 3167 3122 ὥς
3199 3071 3346 3122 τινες
3390 3053 3638 3129 τολμῶσι

355 3145 539 3201 nullos
574 3145 628 3202 id
673 3147 742 3203 de
783 3148 875 3202 illa
924 3147 1192 3206 atlirmare
1229 3165 1397 3206 ausos
1443 3165 1567 3206 esse
1601 3168 1614 3205 :
1653 3159 1944 3221 postquam

359 3239 697 3294 Salvatorem
729 3241 972 3311 peperit,
1018 3256 1144 3295 cum
1189 3243 1310 3297 viro
1358 3241 1816 3297 consuetudinem
1848 3239 1947 3294 ha-

356 3330 571 3386 buisse.
609 3329 762 3397 Quod
794 3332 1050 3402 equidem
1081 3334 1265 3390 minus
1288 3333 1554 3389 admiror.
1585 3331 1721 3386 Nam
1748 3347 1940 3387 eorum

358 3423 600 3488 inscitia,
629 3423 723 3494 qui
748 3439 923 3494 neque
951 3439 1139 3480 sacras
1167 3424 1402 3491 Litteras
1434 3432 1696 3481 accurate
1720 3424 1943 3490 callent,

358 3529 538 3584 neque
570 3514 624 3568 in
656 3524 903 3570 veterum
942 3516 1299 3572 historiarum
1344 3517 1578 3573 lectione
1607 3517 1743 3570 -triti
1790 3526 1943 3580 sunt,

361 3602 464 3658 hos
496 3603 645 3676 ipsos
671 3604 741 3660 ab
770 3606 892 3661 aliis
932 3605 1001 3661 ad
1042 3607 1148 3662 alia
1181 3607 1444 3664 transfert
1471 3617 1525 3664 et
1554 3607 1788 3679 abripit,
1819 3621 1944 3661 cum

360 3706 430 3747 ex
468 3692 686 3763 ingenio
723 3710 824 3750 suo
869 3710 932 3751 ac
970 3704 1153 3752 mente
1193 3698 1439 3754 veritatis
1473 3697 1702 3769 vestigia
1753 3711 1948 3753 conse-

361 3789 603 3837 ctantur.
645 3782 703 3838 In
735 3786 927 3855 primis
965 3787 1150 3858 itaque
1176 3803 1301 3843 cum
1326 3789 1484 3843 beata
1523 3787 1684 3858 Virgo
1710 3785 1948 3859 Josepho

359 3873 560 3928 tradita
591 3883 697 3943 est,
731 3892 842 3948 quo
881 3877 1029 3932 illam
1069 3878 1234 3934 sortis
1271 3878 1574 3934 necessitas
1616 3878 1944 3944 adduxerat,

360 3980 705 4037 nequaquam
755 3969 806 4025 ei
861 3969 930 4024 ad
979 3971 1382 4042 copulationem
1429 3981 1515 4028 est
1555 3985 1846 4042 concessa,
1899 3971 1946 4028 si

361 4059 506 4134 qpod
534 4076 622 4118 res
656 4069 740 4117 est
782 4075 1101 4120 asseverare
1146 4063 1421 4130 volumus,
1465 4078 1591 4120 cum
1624 4063 1814 4134 utique
1864 4063 1948 4118 vi-

361 4149 506 4208 duus
535 4159 702 4209 esset.
740 4152 846 4209 Sed
880 4160 1102 4226 propter
1130 4155 1304 4227 legem
1336 4162 1520 4213 tamen
1547 4155 1634 4210 vir
1665 4156 1814 4211 illius
1852 4170 1948 4225 ap-

361 4243 615 4313 pellatur.
648 4243 821 4301 Porro
859 4263 923 4304 ex
955 4245 1188 4303 Judaica
1232 4246 1448 4318 1039
1485 4246 1781 4302 traditione
1812 4260 1948 4300 con-

363 4343 659 4404 sequenter
691 4337 835 4393 istud
866 4339 1198 4404 ostenditur,
1233 4355 1367 4404 non,
1401 4344 1460 4392 ut
1487 4351 1613 4392 cum
1642 4337 1735 4393 illo
1776 4351 1946 4406 copu-

2049 3148 2178 3219 περί
2226 3148 2433 3220 ταύτης
2479 3149 2678 3219 λέγειν,
2712 3149 2796 3202 ὅτι
2848 3149 2986 3220 μετὰ
3015 3148 3076 3203 τὸ
3119 3149 3510 3220 γεγεννηκέναι
3541 3148 3638 3205 τὸν

2047 3238 2279 3310 Σωτῆρα
2327 3238 2570 3312 συνήφθη
2606 3239 2779 3311 ἀνδρί.
2811 3239 2922 3293 Καὶ
2947 3239 3010 3292 οὐ
3043 3238 3332 3310 θαυμάζω.
3376 3239 3489 3292 Ἀεὶ
3524 3239 3641 3314 γὰρ

2048 3331 2082 3402 ἡ
2114 3329 2306 3398 ἄγνοια
2347 3329 2457 3382 τῶν
2492 3330 2565 3400 μὴ
2599 3329 2668 3384 τὰ
2703 3328 2909 3400 ἀκριϐῆ
2959 3329 3276 3398 ἐγνωκότων
3313 3329 3421 3383 τῶν
3475 3329 3638 3385 θείων

2047 3420 2302 3492 Γραφῶν,
2327 3419 2461 3491 μηδὲ
2488 3418 2750 3490 ἱστορίαις
2782 3419 3283 3490 προσεγγισάντων,
3312 3419 3406 3488 ἀφ’
3433 3419 3639 3490 ἑτέρων

2048 3515 2128 3576 εἰς
2168 3512 2330 3581 ἕτερα
2379 3511 2586 3582 τρέπει,
2619 3512 2713 3564 καὶ
2757 3513 3022 3582 περισπᾷ,
3053 3511 3142 3565 τὸν
3189 3511 3437 3565 ἀσπιδίου
3468 3512 3490 3543 ⁵
3518 3512 3639 3578 νοὸς

2051 3604 2375 3677 βουλόμενόν
2409 3621 2460 3658 τι
2494 3604 2624 3676 περὶ
2652 3605 2752 3676 τῆς
2775 3604 3035 3675 ἀληθείας
3062 3604 3385 3676 ἰχνηλατείν.
3413 3605 3638 3676 Πρῶτον

2047 3696 2158 3767 γὰρ
2183 3697 2272 3749 ὅτε
2301 3697 2335 3767 ἡ
2369 3695 2643 3766 Παρθένος
2683 3695 3003 3766 παρεδίδοτο
3045 3694 3125 3765 τῷ
3167 3695 3386 3766 Ἰωσὴφ,
3421 3696 3638 3767 κλήρων

2047 3789 2129 3852 εἰς
2168 3787 2330 3841 τοῦτο
2375 3788 2805 3855 ἀναγκασάντων
2848 3786 3019 3858 αὐτὴν
3047 3787 3226 3858 ήκειν,
3267 3788 3330 3840 ού
3362 3786 3638 3859 παρεδόθη

2049 3877 2198 3949 αὐτῷ
2235 3879 2314 3941 εἰς
2349 3877 2665 3947 συνάφειαν,
2698 3879 2747 3930 εί
2785 3876 2867 3930 δεῖ
2901 3876 2970 3930 τὰ
3000 3876 3178 3949 ἀληθῆ
3213 3877 3414 3946 λέγειν,
3449 3878 3639 3951 ἐπειδὴ

2049 3969 2119 4040 χῆ
2129 3986 2219 4041 ρος
2242 3965 2330 4040 ἦν.
2367 3968 2529 4022 Ἀλλά
2553 3967 2644 4023 διὰ
2669 3969 2760 4021 τὸν
2786 3968 2950 4039 νόμον
2972 3970 3069 4040 μὲν
3091 3969 3230 4042 ἀνὴρ
3254 3969 3518 4040 κέκληται
3538 3970 3639 4041 τῆς

2047 4061 2219 4132 αὐτῆς
2237 4076 2252 4092 '
2285 4060 2426 4114 κατά
2445 4061 2502 4114 δὲ
2535 4061 2634 4130 τὴν
2660 4059 2980 4114 ἀκολουθίαν
3006 4061 3071 4114 ὲκ
3097 4059 3199 4132 τῆς
3219 4060 3328 4114 τῶν
3367 4061 3638 4116 Ἰουδαίων

2049 4152 2397 4223 παραδόσεως
2429 4152 2724 4219 δείκνυται,
2762 4151 2839 4216 ὡς
2866 4152 2964 4223 οὐχ
2995 4153 3182 4207 ἕνεκεν
3211 4151 3305 4206 τοῦ
3342 4141 3638 4224 ζευχθῆναι

2049 4243 2200 4314 αὐτῷ
2237 4242 2556 4313 παρεδίδοτο
2588 4241 2738 4314 αὐτῷ
2775 4244 2808 4313 ἡ
2856 4242 3153 4314 Παρθένος,
3192 4244 3309 4297 ἀλλ’
3341 4245 3490 4309 ὅπως
3517 4245 3636 4298 δια·-

2051 4332 2351 4403 φυλαχθείη
2385 4335 2464 4396 εἰς
2507 4333 2806 4405 μαρτύριον
2845 4333 2951 4387 τῶν
2991 4334 3284 4406 ἐσομένων,
3320 4335 3402 4388 ὅτι
3446 4335 3508 4388 ού
3547 4335 3634 4389 νό-

361 4426 591 4492 laretur,
644 4428 918 4500 Virginem
966 4431 1018 4486 ei
1074 4430 1247 4486 luisse
1294 4430 1576 4498 traditam,
1631 4429 1728 4485 sed
1781 4437 1838 4482 ut
1881 4429 1943 4484 ad

2055 4425 2146 4488 θος
2182 4427 2217 4496 ἡ
2254 4425 2355 4496 τῆς
2385 4425 2652 4497 ὲνσάρκου
2706 4426 3007 4498 παρουσίας
3043 4429 3326 4500 οἰκονομία
3363 4429 3635 4502 ἐπεδήμη-

363 4515 673 4574 iuturorum
717 4521 1088 4577 testimonium
1139 4530 1488 4588 servaretur,
1543 4521 1832 4591 palamque
1861 4519 1949 4575 ﬁe-

364 4617 469 4674 ret,
513 4620 821 4682 susceptam
851 4612 1093 4670 hominis
1122 4630 1152 4668 a
1186 4613 1294 4669 Deo
1323 4622 1576 4668 naturam
1623 4626 1734 4667 non
1787 4611 1947 4664 adul-

363 4704 596 4758 terinam
626 4719 690 4758 ac
732 4707 978 4776 spuriam
1008 4705 1180 4761 fuisse
1199 4747 1215 4771 ,
1259 4707 1355 4763 sed
1384 4703 1713 4761 certissimis
1745 4701 1946 4758 ευστα-

362 4796 617 4867 gantibus
644 4797 974 4852 testimoniis
1021 4797 1140 4853 sine
1166 4799 1306 4854 virili
1334 4807 1478 4864 satu,
1511 4796 1750 4867 Spiritus
1772 4797 1946 4851 sancti

363 4884 414 4938 vi
464 4891 518 4938 et
558 4883 845 4940 ellicientia
883 4885 1265 4942 constitutam.
1315 4885 1605 4953 Quomodo
1637 4886 1784 4941 enim
1833 4893 1946 4939 tam

362 4973 534 5031 eﬂ‘etae
610 4991 778 5032 senex
859 4979 1034 5034 aetatis
1109 4977 1380 5048 virginem
1449 4978 1653 5034 habere
1716 4993 1942 5033 uxorem

363 5067 558 5136 potuit,
616 5069 707 5138 qui
765 5075 849 5124 tot
895 5069 1058 5125 annis
1099 5080 1262 5125 antea
1316 5070 1486 5140 priori
1532 5069 1766 5140 conjuge
1797 5077 1944 5126 esset

361 5161 634 5215 orbatus?
672 5161 955 5233 Siquidem
984 5163 1072 5218 hic
1105 5163 1224 5234 ipse
1244 5161 1516 5234 Iosephus
1555 5159 1810 5233 Cleopha:
1841 5161 1945 5215 fra-

2055 4535 2167 4582 σεν,
2226 4518 2364 4572 ἀλλά
2416 4520 2886 4592 μεμαρτυρημένη
2934 4524 2992 4576 ὲν
3035 4521 3288 4594 ἀληθείᾳ,
3332 4522 3492 4587 me;
3539 4523 3634 4594 μὲν

2055 4609 2367 4680 σπέρματος
2402 4610 2614 4681 ἀνδρὸς.
2647 4612 2705 4665 ὲν
2739 4611 3018 4682 Πνεύματι
3050 4613 3190 4685 ἁγίῳ
3222 4613 3634 4686 οἰκονομηθεΒα

2053 4703 2111 4754 ὲν
2155 4701 2402 4772 ἀληθείᾳ.
2463 4701 2588 4767 Πῶς
2625 4703 2734 4777 γὰρ
2787 4704 3023 4774 ἠδύνατο
3073 4707 3101 4759 ό
3154 4705 3409 4771 τοσοῦτος
3455 4707 3634 4778 γέρων

2055 4792 2322 4865 παρθένον
2363 4794 2505 4861 ἕξειν
2561 4800 2815 4863 γυναῖκα,
2851 4797 2926 4850 ῶν
2978 4799 3085 4851 ἀπὸ
3119 4798 3344 4871 πρώτης
3379 4797 3634 4866 γυναικὸς

2052 4885 2218 4958 χῆρος
2245 4885 2483 4940 τοσαῦτα
2513 4887 2645 4959 Em;
2677 4884 2845 4952 Οὗτος
2898 4891 2995 4961 μὲν
3027 4891 3136 4961 γάρ
3185 4893 3214 4943 ὁ
3281 4891 3481 4961 Ἰωσὴφ
3526 4889 3634 4960 (98)

2051 4979 2280 5048 ἀδελφὸς
2304 4980 2513 5049 γίνεται
2544 4981 2638 5036 τοῦ
2673 4982 2901 5049 Κλωπᾶ,
2941 4979 3008 5055 ἧν
3048 4984 3104 5039 δὲ
3142 4984 3259 5048 υἰδς
3285 4982 3380 5036 τοῦ
3417 4981 3632 5045 Ἰακὼϐ,

2052 5069 2281 5142 ἐπίκλην
2321 5071 2377 5125 δὲ
2423 5072 2648 5145 Πάνθηρ
2703 5073 3061 5146 καλουμένου.
3122 5076 3448 5146 Ἀμφότεροι
3490 5068 3634 5128 οὗτοι

2050 5161 2159 5217 ἀπὸ
2181 5162 2274 5216 τοῦ
2305 5164 2587 5234 Πάνθηρος
2619 5165 2848 5236 ἐπίκλην
2894 5164 3207 5235 γεννῶνται.

361 5261 467 5318 ter,
497 5253 685 5311 Jacobi
715 5255 860 5312 [ilius
875 5263 1239 5327 cognomento
1269 5254 1578 5323 Pantheris,
1604 5255 1734 5311 fuit:
1755 5254 1939 5319 ambo,
1981 5253 2226 5325 inquam,
2253 5256 2331 5310 illi
2360 5254 2634 5312 Panthere
2661 5267 2816 5328 patre
2850 5259 2965 5313 nati
2991 5267 3139 5316 sunt.

433 5413 448 5442 ¹
479 5411 594 5469 Jac.
654 5431 717 5482 ιι,
756 5415 846 5471 25.
958 5417 978 5447 ²
1019 5414 1154 5471 Gen.
1194 5429 1365 5480 xxx",
1395 5414 1487 5469 23.

364 5481 522 5540 ἰδίου.

435 5636 549 5704 (98)
579 5634 766 5712 Οὗτος
789 5643 904 5711 μὲν
928 5642 1038 5712 γὰρ
1067 5646 1100 5698 ὁ
1133 5643 1376 5711 Ἰωσήφ.
1413 5643 1488 5697 De
1525 5641 1628 5712 hac
1656 5639 1944 5710 Epipllanii

368 5711 652 5778 sententia,
678 5719 730 5766 et
762 5711 984 5781 quinam
1016 5713 1228 5770 Domini
1260 5716 1456 5768 fratres
1489 5711 1569 5768 illi
1598 5711 1821 5778 fuerint,
1853 5725 1944 5766 co-

1584 5413 1605 5446 ³
1645 5413 1812 5468 Marc.
1845 5429 1943 5478 ιιι,

2046 5413 2072 5465 ⁷.
2151 5413 2172 5444 ⁸
2204 5413 2265 5468 F.
2308 5417 2388 5479 εἰς
2448 5416 2590 5469 θεῖον
2625 5416 2786 5486 μόνον
2825 5417 2919 5471 ὑπ.
2974 5418 3215 5472 τοκετόν.
3291 5419 3314 5450 ⁸
3362 5418 3492 5474 Cor.
3535 5415 3634 5474 ἀπ’

2053 5638 2262 5709 piosam
2304 5637 2474 5694 habes
2503 5638 2932 5709 disputationem
2965 5640 3018 5693 in
3047 5639 3321 5708 Apparatu
3363 5638 3434 5693 ad
3458 5639 3634 5693 Amm-

2055 5707 2126 5763 ἰεε
2153 5708 2563 5777 ecclesiasticos,
2593 5707 2649 5764 ιι.
2678 5707 2794 5778 ιλ,
2822 5724 2895 5765 ac
2929 5709 3210 5780 deinceps.
