3994 6224
402 326 405 329 ⁷
420 318 525 374 709

996 324 1366 385 ADVERSUS
1403 325 1746 389 HERESES
1782 329 1911 388 LIB.
1952 327 2039 387 lll.
2081 327 2247 389 TOM.
2284 314 2357 386 ll.
2394 360 2467 374 —
2502 328 2781 389 amnes.
2823 330 3118 391 LXXVIII.

3578 341 3686 399 710

486 437 653 509 Ἔσχε
684 437 740 491 δὲ
766 429 920 504 οὗτος
962 442 991 494 ό
1031 441 1231 515 Ἰωσὴφ
1264 442 1364 514 τὴν
1416 441 1515 514 μὲν
1548 442 1773 517 πρώτην
1825 445 1993 500 αὑτοῦ

2166 446 2437 527 Caeterum
2459 444 2729 517 Josephus
2757 447 2990 519 primam
3010 463 3041 503 e
3065 448 3209 504 tribu
3230 447 3383 508 Iuda:
3401 447 3687 523 coniugem

412 531 650 601 γυναῖκα
699 532 763 583 ἐκ
820 533 920 602 τῆς
970 532 1147 603 φυλῆς
1214 533 1402 599 Ἰούδα,
1456 534 1553 591 καὶ
1604 537 1821 589 κυΐσκει
1855 535 2003 609 αὐτῷ

412 621 553 692 αὓτη
580 621 775 686 παῖδας
806 621 899 676 τὸν
925 623 1159 695 ἀριθμὸν
1192 624 1273 691 ἐξ,
1303 625 1574 698 τέσσαρας
1608 626 1707 697 μὲν
1738 627 1998 700 ἄρῤενας,

412 712 636 782 θηλείας
681 713 739 765 δέ
774 712 903 767 δύο·
960 713 1212 787 καθάπερ
1252 716 1317 770 τὸ
1362 717 1697 787 Εὑαγγέλιον
1748 719 1811 773 τὸ
1852 718 2004 792 κατά

411 805 641 877 Μάρκον
671 804 767 858 καὶ
803 806 947 860 κατά
1004 806 1258 879 Ἰωάννην
1290 811 1650 883 ἐσαφήνισαν.
1684 812 1851 883 Ἔσχε
1902 812 2003 884 μὲν

412 893 508 951 οὖν
578 898 924 968 πρωτότοκον
993 898 1086 953 τὸν
1163 901 1420 957 Ἰάκωϐον
1489 901 1582 957 τὸν
1641 904 2002 977 ἐπικληθέντα

426 990 686 1053 Ὠϐλίαν,
740 989 1176 1061 ἑρμηνευόμενον
1213 993 1411 1063 τεῖχος
1453 993 1589 1066 (99),
1644 996 1739 1049 καὶ
1795 996 2002 1052 δίκαιον

413 1080 796 1151 ἐπικληθέντα,
828 1079 1150 1152 Ναζωραῖον
1176 1081 1237 1136 δὲ
1263 1082 1414 1149 ὄντα,
1460 1085 1599 1157 ὅπερ
1639 1086 2001 1157 ἑρμηνεύεται

400 1172 589 1243 ἅγιος.
626 1172 737 1226 Καὶ
775 1171 990 1244 πρῶτος
1031 1165 1188 1237 οὗτος
1218 1174 1409 1247 εἴληφε
1440 1175 1538 1248 τὴν
1584 1194 1638 1231 κι
1660 1177 1854 1249 θέδραν
1899 1178 2002 1248 τῆς

411 1264 738 1336 ἐπισκοπῆς,
780 1259 824 1335 ᾧ
870 1265 1203 1320 πεπίστευκε
1240 1266 1445 1339 Κύριος
1476 1269 1567 1322 τὸν
1600 1268 1790 1340 θρόνον
1833 1268 1999 1324 αὐτοῦ

412 1355 507 1409 ἐπὶ
533 1356 635 1426 τῆς
677 1356 783 1425 γῆς
820 1356 1056 1428 πρώτῳ’
1091 1356 1151 1421 ὃς
1183 1357 1280 1415 καὶ
1350 1359 1601 1413 ἐκαλεῖτο
1650 1362 1685 1416 ὁ
1735 1360 2001 1431 ἁδελφὸς

410 1447 518 1501 τοῦ
564 1448 820 1517 Κυρίουο
869 1449 1118 1520 καθάπερ
1177 1450 1272 1503 καὶ
1320 1452 1350 1504 ὁ
1411 1451 1733 1517 ’Λπόστολος
1789 1452 2000 1525 συνᾴδει

412 1537 648 1607 τούτοις,
682 1532 782 1592 ὧδὲ
823 1555 925 1593 που
959 1539 1164 1609 λέγων·
1201 1541 1442 1610 Ἕτερον
1473 1540 1542 1595 δὲ
1587 1541 1705 1596 τῶν
1741 1543 2002 1597 ἀποστό-

411 1634 543 1686 λων
569 1632 682 1685 οὐκ
706 1627 890 1695 εἶδον,
922 1634 975 1684 εὶ
996 1630 1088 1701 μὴ
1137 1631 1416 1686 Ἰάκωϐον
1451 1633 1559 1687 τὸν
1591 1632 1861 1703 ἀδελφὸν
1892 1634 1999 1688 τοῦ

412 1723 652 1791 Κυρίου,
701 1725 796 1776 καὶ
824 1724 893 1777 τὰ
926 1723 1075 1794 ἐξῆς.
1125 1723 1376 1794 Ἀδελφὸς
1398 1724 1455 1777 δὲ
1481 1724 1575 1778 τοῦ
1610 1724 1816 1797 Κυρίου
1845 1720 2000 1788 οὗτος

412 1816 653 1870 καλεῖται
699 1815 788 1869 διὰ
816 1816 877 1868 τὸ
926 1816 1250 1905 ὁμότροφον,
1296 1816 1417 1887 οὐχὶ
1459 1816 1598 1870 κατά
1633 1816 1816 1886 φύσιν,
1860 1816 1997 1872 ἀλλὰ
2030 1849 2071 1905 Β

410 1905 552 1959 κατὰ
572 1906 751 1977 χάριν.
784 1905 973 1975 Μαρία
1006 1904 1103 1975 μὲν
1133 1904 1262 1976 γὰρ,
1296 1905 1631 1976 ἀρμοσθεῖσα
1662 1906 1739 1977 τῷ
1773 1906 1990 1979 Ἰωσὴφ,

410 1998 585 2055 ἐδόκει
618 1998 754 2067 γυνὴ
788 1992 926 2049 εἶναι
962 1996 1055 2050 τοῦ
1086 1996 1299 2067 ἀνδρὸς,
1337 1997 1412 2069 μὴ
1436 1997 1635 2067 ἔχουσα
1670 1999 1807 2069 πρὸς
1832 1998 1993 2053 αὐτὸν

411 2090 689 2160 σωμάτων.
730 2087 1025 2158 συνάφειαν
1047 2105 1060 2118 ·
1108 2088 1174 2141 ἐκ
1216 2086 1416 2159 ταύτης
1458 2090 1516 2143 δὲ
1550 2090 1649 2160 τῆς
1680 2090 1995 2156 ὑποθέσεως

408 2184 444 2254 ἡ
479 2182 777 2253 γειτνίασις
822 2180 1140 2252 ἀγχιστείας
1180 2180 1289 2235 τῶν
1334 2180 1468 2234 υίῶν
1510 2181 1707 2255 Ἰωσὴφ
1742 2182 1877 2254 πρὸς
1906 2183 1996 2236 τὸν

409 2274 641 2345 Σωτῆρα
672 2276 730 2328 ἐν
768 2272 1013 2343 ἀδελφῶν
1044 2271 1195 2340 τάξει
1227 2272 1512 2345 κέκληται·
1578 2274 1777 2344 μᾶλλον
1810 2273 1865 2327 δὲ
1904 2273 1998 2329 καὶ

408 2366 685 2438 ἐλογίσθη.
747 2365 838 2429 Ὠς
888 2364 997 2436 γάρ
1037 2365 1133 2419 καὶ
1170 2364 1332 2429 αὐτὸς
1382 2365 1413 2417 ὸ
1457 2365 1677 2436 Ἰωσὴφ,
1737 2364 1811 2437 μὴ
1852 2365 1997 2438 σχὼν

410 2457 693 2511 κοινωνίαν
737 2455 874 2528 πρὸς
907 2455 1007 2527 τὴν
1048 2454 1303 2526 γέννησιν
1348 2454 1447 2527 τὴν
1496 2455 1636 2509 κατὰ
1674 2455 1854 2526 σάρκα
1896 2455 1991 2509 τοῦ

409 2550 682 2621 Σωτῆρος,
713 2551 771 2603 ἐν
796 2549 946 2614 τάξει
973 2548 1179 2621 πατρὸς
1206 2549 1479 2617 λογίζεται
1508 2550 1628 2603 κατ’
1648 2548 1989 2619 οἰκονομίαν·

412 2640 593 2704 καθὼς
634 2639 784 2708 λέγει
829 2640 1045 2702 Λουκᾶς
1096 2638 1487 2710 εὐαγγελιστὴς
1525 2638 1654 2709 περὶ
1698 2637 1862 2691 αὑτοῦ
1898 2637 1994 2693 τοῦ

411 2732 680 2805 Σωτῆρος,
741 2731 821 2784 ὅτι
878 2732 985 2785 Ὧν
1033 2730 1192 2797 υίὸς,
1240 2732 1321 2797 ὡς
1365 2730 1682 2801 ἐνομίζετον
1749 2731 1991 2801 Ἰωσήφ

422 2823 510 2887 Ὠς
537 2823 632 2876 καὶ
662 2821 799 2893 αὑτὴ
840 2823 873 2893 η
908 2821 1141 2893 Μαριὰμ
1170 2821 1275 2894 ἔφη
1312 2821 1448 2895 πρὸς
1475 2823 1635 2877 αὐτὸν
1660 2825 1717 2877 ἐν
1751 2822 1829 2893 τῷ
1856 2823 1997 2878 κατὰ

408 2915 623 2969 Δουκᾶν
665 2912 1014 2984 Εὑαγγελίῳο
1074 2913 1231 2967 Ἰδοὺ
1262 2914 1398 2985 ἐγὼ,
1441 2915 1539 2969 καὶ
1574 2919 1610 2969 ὀ
1639 2916 1837 2984 πατήρ
1875 2932 1993 2971 σου

407 3006 731 3077 ἐζητοῦμέν
761 3021 836 3061 σε
883 3005 1265 3076 ὀδυνώμενοι.
1321 3007 1419 3071 Τίς
1464 3004 1558 3061 οὖν
1593 3006 1659 3062 ἂν
1713 3008 1856 3087 εἴποι
1904 3007 1997 3061 τὸν

422 3097 619 3167 Ἰωσὴφ
667 3096 879 3169 πατέρα
930 3096 1025 3150 τοῦ
1074 3096 1305 3169 Κυρίου,
1350 3097 1410 3161 ὃς
1459 3096 1611 3151 οὐδὲν
1659 3098 1796 3168 πρὸς
1835 3097 1995 3153 αὑτὸν

409 3185 554 3260 εἶχεν
582 3188 774 3253 αἴτιον,
811 3188 1045 3258 μάλιστα
1070 3188 1171 3259 τῆς
1204 3188 1470 3260 ἐνσάρκου
1500 3191 1803 3261 παρουσίας
1837 3190 1994 3255 ἐκτὸς
2019 3215 2063 3274 c

410 3281 730 3353 σπέρματος
755 3281 944 3353 ἀνδρδς
974 3281 1358 3354 ὑπαρχούσης;
1404 3280 1562 3334 Ἀλλὰ
1602 3282 1691 3336 διὰ
1721 3283 1820 3354 τῆς
1845 3285 1992 3337 οίκο-

408 3374 604 3445 νομίας
630 3370 818 3427 τοῦτον
850 3372 1040 3444 εἴληφε
1066 3372 1157 3426 τὸν
1187 3372 1388 3444 κλῆρον
1427 3372 1496 3427 τά
1528 3373 1851 3446 πράγματα.

482 3553 564 3610 H'.
616 3555 802 3609 Τίκτει
857 3554 957 3626 μὲν
1000 3551 1189 3609 τοῦτον
1237 3552 1329 3608 τὸν
1371 3552 1626 3607 Ἰάκωϐον
1677 3553 1844 3623 ἐγγύς
1889 3571 1991 3610 που

409 3648 540 3720 περὶ
603 3648 696 3718 ἐτη
747 3645 989 3717 γεγονὼς
1044 3646 1458 3718 τεσσαράκοντα
1510 3646 1679 3700 πλείω
1745 3646 1957 3702 ἐλάσσω
1976 3664 1990 3679 ·

414 3745 530 3813 μετ’
570 3742 730 3796 αὑτὸν
761 3742 816 3794 δὲ
848 3739 1057 3809 γίνεται
1089 3741 1218 3802 παῖς
1260 3738 1414 3809 Ἰωσῆ
1463 3738 1827 3810 καλούμενος*
1874 3735 1992 3793 εἶτα

414 3834 532 3904 μετ’
566 3832 728 3887 αὑτὸν
772 3830 1034 3902 Συμεών⁹
1081 3828 1272 3882 ἔπειτα
1300 3827 1504 3892 Ἰούδας
1524 3845 1537 3860 ’
1574 3829 1670 3882 καὶ
1706 3829 1799 3882 δύο
1831 3828 1995 3899 θυγα-

409 3924 587 3996 τέρες,
615 3926 648 3994 ἠ
691 3922 882 3994 Μαρία
917 3920 1010 3975 καὶ
1044 3922 1079 3992 η
1129 3918 1366 3989 Σαλώμη
1395 3918 1726 3989 καλουμένη.
1764 3919 1875 3972 Καὶ
1905 3919 1991 3971 τέ-

410 4016 608 4088 θνηκεν
641 4014 807 4068 αὑτοῦ
842 4016 876 4085 ἠ
917 4014 1054 4085 γυνή
1074 4029 1088 4043 ·
1113 4012 1208 4066 καὶ
1241 4008 1506 4082 perditi)
1530 4009 1699 4063 πολλὰ
1728 4009 2001 4081 λαμϐάνει·

409 4106 509 4178 τὴν
539 4106 758 4178 Μαρίαν
788 4105 975 4177 χῆρος,
1005 4102 1262 4179 κατάγων
1294 4099 1513 4173 ἡλικίαν
1544 4100 1672 4171 περί
1708 4117 1810 4153 που
1840 4100 1994 4170 ὀγδο-

411 4197 616 4267 ήκοντα
649 4194 785 4249 ἐτῶν
835 4195 930 4247 καὶ
975 4193 1165 4265 πρόσω
1207 4193 1237 4245 ὁ
1282 4190 1446 4260 ἀνήρ.
1501 4188 1611 4242 Καὶ
1645 4188 1783 4259 μετά
1822 4186 1995 4242 ταῦτα

410 4290 678 4361 λαμϐάνει
730 4288 827 4361 τὴν
879 4286 1122 4357 Μαρίαν,
1167 4283 1247 4348 ὡς
1293 4283 1391 4336 καὶ
1438 4283 1498 4335 ἐν
1547 4280 1630 4353 τῷ
1677 4280 1994 4353 Εὐαγγελίῳ

411 4383 599 4454 λέγει’
653 4379 1154 4450 Μνηστευθείσης
1187 4376 1332 4448 γὰρ,
1382 4373 1552 4445 φησὶ,
1603 4372 1716 4442 τῆς
1743 4373 1990 4442 Μαρίας.

414 4477 528 4530 Καὶ
558 4475 660 4528 οὐκ
691 4470 834 4538 εἷπε,
866 4470 1237 4542 Γαμηθείσης.
1271 4466 1384 4521 Καὶ
1430 4466 1589 4521 πάλιν
1618 4464 1826 4520 ἀλλοτεν
1865 4467 1991 4520 Οὐκ

2104 537 2317 603 habuit,
2341 553 2373 593 e
2394 551 2503 606 qua
2537 552 2632 592 sex
2665 538 2865 593 liberos
2904 539 3167 609 suscepit,
3212 555 3393 597 mares
3428 548 3686 612 quatuor,

2105 628 2336 685 feminas
2379 629 2516 684 duas
2546 647 2560 683 :
2587 628 2639 683 id
2674 629 2821 700 quod
2852 628 3017 684 Marci
3045 644 3109 686 ac
3157 628 3387 689 Joannis
3428 631 3682 703 Evange—

2103 719 2174 773 lia
2213 719 2516 774 declarant.
2549 717 2769 774 Primus
2799 734 2867 774 ex
2907 721 3057 775 omni
3090 720 3261 792 stirpe
3296 731 3459 777 natus
3498 722 3576 777 illi
3624 723 3690 777 ll-

2102 809 2211 865 lius
2249 817 2332 865 est
2379 807 2656 875 Jacobus,
2704 816 3067 879 cognomento
3109 810 3296 867 Oblias
3331 810 3511 883 (quod
3564 828 3689 866 mu-

2103 917 2241 968 rum,
2272 902 2355 957 vel
2390 901 2667 956 castellum
2696 900 3041 971 interpretari
3073 902 3258 973 licet),
3285 904 3379 975 qui
3417 912 3471 960 et
3485 904 3674 975 justus

2102 994 2405 1065 appellatus
2438 1003 2545 1060 est,
2577 1000 2631 1049 et
2657 991 2952 1048 Nazarteus
2985 992 3118 1061 fuit,
3164 995 3310 1065 quod
3354 997 3683 1052 vocabulum

2103 1096 2348 1141 sanctum
2409 1086 2702 1160 signiﬁcat.
2736 1086 2883 1144 Idem
2927 1087 3020 1144 ille
3060 1086 3272 1159 primus
3318 1090 3686 1161 episcopalem

2101 1175 2420 1230 cathedram
2446 1177 2611 1247 cepit,
2642 1192 2767 1232 cum
2801 1179 2851 1234 ei
2879 1187 3007 1234 ante
3036 1184 3267 1235 caeteros
3296 1194 3490 1237 omnes
3521 1197 3685 1237 suum

2102 1263 2157 1319 in
2190 1265 2356 1321 terris
2382 1266 2639 1322 thronum
2671 1267 2938 1324 Dominus
2959 1269 3298 1327 tradidisset.
3327 1269 3433 1337 Qui
3461 1271 3684 1341 quidem

2100 1354 2314 1410 Domini
2346 1356 2515 1412 frater
2535 1365 2621 1413 est
2641 1358 2804 1430 vulgo
2824 1360 3162 1416 nominatus.
3189 1360 3399 1428 Quibus
3426 1361 3688 1418 omnibus

2100 1447 2429 1518 astipulatur
2462 1446 2757 1519 Apostolus
2791 1450 2877 1506 his
2920 1452 3144 1508 verbis:
3176 1453 3357 1507 Alium
3401 1462 3577 1509 autem
3620 1469 3687 1508 ea:

2099 1539 2356 1609 apostolis
2398 1539 2504 1594 uidi
2550 1542 2831 1608 neminem,
2870 1543 2973 1597 nisi
3004 1542 3266 1598 Jacobum
3310 1544 3535 1615 fratrem
3567 1544 3683 1599 Do-

2100 1632 2228 1685 mini
2252 1634 2296 1696 ²,
2333 1640 2439 1686 etc.
2476 1630 2677 1687 Verum
2708 1631 2924 1688 Domini
2971 1635 3061 1690 ille
3105 1634 3274 1692 frater
3322 1636 3395 1692 ob
3435 1650 3686 1691 commu-

2100 1738 2222 1779 nem
2254 1723 2656 1789 educationem,
2699 1739 2811 1779 non
2839 1733 3054 1790 natura,
3087 1720 3400 1809 sed,gratia
3427 1738 3682 1785 vocatur.

2100 1815 2233 1869 Nam
2278 1814 2446 1869 Maria
2478 1831 2603 1871 cum
2637 1814 2877 1888 Josepho
2917 1818 3237 1887 conjuncta,
3270 1821 3369 1875 viri
3396 1836 3533 1875 uxor
3560 1835 3685 1877 esse

2103 1907 2409 1975 videbatur,
2446 1923 2583 1963 cum.
2604 1908 2813 1966 nullum
2848 1909 2991 1964 inter
3020 1912 3169 1981 ipsos
3209 1925 3500 1981 corporum
3532 1927 3684 1966 com-

2099 2000 2361 2055 mercium
2413 2000 2722 2055 interesset.
2774 1998 2852 2054 Ex
2897 2016 3006 2071 quo
3049 2002 3140 2054 illa
3181 1998 3405 2073 Josephi
3446 2001 3681 2057 ﬁliorum

2097 2104 2222 2145 cum
2256 2088 2542 2146 Salvatore
2573 2091 3001 2163 propinquitatis
3030 2092 3262 2148 aﬂinitas
3284 2102 3369 2149 est
3390 2101 3539 2158 nata,
3563 2108 3685 2164 qum

2099 2179 2396 2238 fraternam
2453 2182 2871 2253 appellationem
2916 2182 3207 2251 obtineret,
3254 2184 3339 2239 vel
3387 2200 3452 2239 ea
3498 2184 3685 2256 potius

2097 2273 2508 2329 necessitudine
2552 2281 2893 2330 censeretur.
2930 2272 3000 2327 Ut
3028 2274 3175 2328 enim
3217 2272 3491 2344 Josephus
3540 2275 3684 2345 ipse,

2098 2366 2229 2421 licet
2257 2364 2392 2425 nihil
2417 2364 2641 2420 haberet
2664 2379 2788 2419 cum
2812 2362 3112 2420 Salvatorls
3134 2364 3438 2420 secundum
3461 2379 3684 2421 carnem

2101 2459 2314 2532 origine
2336 2473 2650 2524 commune,
2683 2466 2834 2514 certa
2871 2468 3053 2514 tamen
3086 2458 3445 2529 providentiae
3468 2461 3683 2515 ratione

2097 2551 2219 2608 loco
2253 2551 2425 2623 patris
2450 2558 2536 2605 est
2560 2550 2800 2621 habitus,
2827 2549 3290 2621 quemadmodum
3317 2549 3497 2607 Lucas
3518 2566 3687 2606 evan-

2096 2644 2290 2716 gelista
2311 2644 2379 2699 de
2396 2643 2686 2713 ,Salvatore
2716 2642 2836 2713 ipso
2866 2649 3101 2697 testatur
3127 2659 3141 2696 :
3170 2640 3274 2707 Qui
3301 2651 3441 2708 erat,
3466 2642 3683 2713 inquit,

2096 2736 2276 2805 ﬁlius,
2312 2744 2370 2789 ut
2411 2733 2744 2798 credebatur,
2779 2732 2976 2803 Ioseph
3009 2733 3053 2789 ³.
3105 2731 3212 2788 Sed
3254 2741 3309 2790 et
3352 2733 3524 2788 Maria
3567 2733 3685 2804 ipsa

2097 2828 2251 2884 illum
2284 2828 2569 2898 alloquens
2611 2826 2667 2880 in
2711 2826 3007 2897 Evangelia
3053 2824 3216 2880 Luca:
3257 2824 3399 2881 idem
3444 2826 3681 2882 asserit:

2096 2913 2232 2971 Ecce
2274 2931 2367 2987 ego
2403 2924 2451 2969 et
2494 2922 2645 2985 pater
2689 2924 2809 2969 tuus
2870 2913 3104 2969 dolentes
3144 2914 3511 2985 quaerebamus
3560 2925 3608 2970 te
3637 2917 3681 2969 ⁸.

2097 3004 2233 3071 Quis
2262 3003 2429 3075 igitur
2454 3002 2752 3074 Josephum
2780 3002 2992 3059 Domini
3019 3011 3226 3074 patrem
3254 3004 3449 3059 audeat
3470 3005 3682 3070 dicere,

2095 3109 2331 3164 quocum
2362 3094 2568 3149 nullam
2628 3094 2885 3165 principii
2932 3102 3027 3150 aut
3068 3109 3249 3151 causae
3278 3096 3548 3152 rationem
3581 3098 3680 3151 ha-

2096 3184 2280 3250 bebat,
2324 3199 2449 3239 cum
2490 3184 2798 3239 incarnalio
2828 3185 2944 3255 ipsa
2990 3184 3111 3241 sine
3152 3185 3298 3240 virili
3330 3186 3540 3242 semine
3568 3202 3685 3257 per-

2094 3274 2239 3330 fecta
2294 3272 2790 3344 administrataque
2845 3272 3047 3328 fuerit?
3102 3270 3245 3339 Sed,
3289 3270 3504 3344 105.0
3535 3274 3681 3344 quod

2094 3365 2449 3438 providentiae
2500 3364 2643 3420 ratio
2692 3362 3040 3435 postulabat,
3090 3378 3156 3420 ea
3208 3364 3375 3420 rebus
3425 3358 3517 3421 est
3561 3378 3684 3419 sors

2093 3467 2259 3529 atque
2287 3456 2532 3513 conditio
2555 3457 2785 3511 tributa.

2165 3548 2305 3606 Vill.
2345 3548 2532 3606 Redeo
2571 3548 2638 3603 ad
2678 3546 2944 3603 Jacobum
2990 3546 3165 3612 illum,
3207 3561 3370 3617 quem
3412 3544 3686 3618 Josephus

2092 3656 2266 3698 annos
2312 3641 2437 3712 plus
2468 3641 2650 3699 minus
2681 3646 2843 3695 natus
2876 3655 2945 3693 ιι.
2973 3638 3178 3711 genuit.
3211 3637 3346 3693 Post
3375 3637 3522 3692 hunc
3543 3640 3684 3695 alius

2093 3733 2145 3789 ei
2192 3732 2339 3788 illius
2374 3731 2641 3798 nascitur,
2687 3729 2777 3784 cui
2817 3727 2949 3784 lose
2996 3743 3195 3783 nomen
3242 3727 3362 3782 fuit.
3401 3725 3530 3782 lnde
3577 3725 3682 3799 Sy-

2093 3840 2254 3881 meon
2284 3839 2349 3879 ac
2376 3822 2579 3888 Judas;
2622 3823 2743 3878 filiae
2773 3836 2901 3877 vero
2950 3821 3104 3888 duae,
3139 3820 3310 3874 Maria
3345 3826 3399 3873 et
3440 3818 3679 3874 Salome.

2094 3916 2237 3973 Tum
2268 3923 2482 3972 mortua
2514 3930 2705 3981 uxore,
2748 3915 2936 3971 multis
2966 3922 3091 3985 post
3123 3912 3284 3968 annis
3318 3911 3517 3967 viduus
3558 3913 3681 3966 Ma-

2095 4008 2232 4063 riam
2278 4007 2457 4070 duxit,
2504 4022 2631 4061 cum
2679 4006 3073 4077 octogesimum
3114 3999 3280 4074 atque
3325 4017 3392 4058 eo
3444 4003 3681 4073 amplius

2096 4114 2302 4155 annum
2337 4098 2633 4169 attigisset.
2671 4097 2920 4163 Mariam,
2954 4098 3199 4167 inquam,
3230 4094 3285 4150 id
3317 4095 3499 4151 aetatis
3532 4109 3685 4149 acce-

2094 4191 2195 4262 pit,
2224 4198 2283 4245 ut
2317 4189 2668 4262 Ev'angelium
2697 4196 2891 4244 narrat
2920 4207 2933 4243 :
2977 4187 3110 4243 Cum
3148 4196 3305 4252 esset,
3329 4187 3526 4258 inquit,
3572 4187 3673 4241 de-

2096 4290 2353 4354 sponsata
2384 4281 2567 4337 Maria
2584 4282 2628 4336 ⁸.
2664 4279 2785 4335 Non
2834 4280 2986 4348 dicit,
3029 4295 3154 4336 cum
3197 4277 3498 4349 nupsisset.
3545 4276 3678 4332 Item

2041 4380 2047 4386 '
2096 4374 2207 4431 alio
2242 4375 2364 4430 loco
2395 4393 2410 4429 :
2440 4376 2561 4429 Non
2608 4373 2849 4444 cognouit
2892 4372 3047 4426 illam
3071 4372 3115 4430 ‘.
3170 4368 3330 4425 Subit
3380 4383 3512 4424 vero
3556 4369 3680 4423 illos

2095 4483 2289 4524 omnes
2332 4466 2622 4531 admirari,
2658 4465 2752 4537 qui
2795 4477 2993 4536 pravas
3033 4462 3302 4533 quasdam
3353 4460 3678 4516 occasionis

413 4568 545 4639 ᾔδει
575 4566 787 4635 αὐτήν.
832 4564 1124 4635 Θαυμάσαι
1157 4562 1217 4616 δέ
1272 4561 1417 4615 ἐστιν
1461 4560 1555 4615 ἐπὶ
1601 4561 1787 4624 πᾶσιν,
1815 4554 1898 4623 οἷς
1939 4561 1994 4612 αἱ

2102 4575 2166 4616 ac
2195 4559 2407 4631 species
2432 4564 2737 4630 captantes.
2767 4570 3101 4625 eorumque:
3122 4554 3257 4610 nihil
3287 4554 3429 4611 scire
3453 4554 3675 4618 attinet,

415 4660 715 4734 προφάσεις
751 4657 1028 4730 θηρῶνται
1072 4656 1130 4711 αἱ
1180 4655 1415 4727 πονηραὶ
1443 4656 1486 4722 ί,
1517 4656 1611 4710 καὶ
1645 4649 1722 4712 ὧν
1746 4657 1847 4710 οὐκ
1875 4654 1991 4708 ἐστι

413 4754 572 4826 χρεία
600 4752 823 4823 ἐρευνᾷν
863 4749 963 4813 τὰς
998 4748 1197 4813 αἰτίας,
1225 4748 1321 4802 καὶ
1346 4746 1529 4820 ζητεῖν
1566 4749 1635 4802 τά
1680 4750 1755 4821 μὴ
1800 4746 1991 4820 ζητού-

416 4862 577 4917 μενα,
607 4843 713 4897 ἀπὸ
746 4842 802 4896 δέ
829 4840 937 4895 τῶν
983 4839 1296 4910 ἀναγκαίων
1332 4840 1626 4911 τρέπεσθαι
1672 4840 1764 4894 ἐπὶ
1801 4838 1990 4911 μωρὰς

414 4935 692 5007 ζητήσεις,
740 4933 827 4985 ἵνα
870 4930 1089 4994 πάντως
1136 4947 1241 4983 που
1276 4930 1340 4983 ἐκ
1372 4929 1710 5002 πανταχόθεν
1744 4930 1987 5003 συναφθῇ

413 5026 546 5094 ημῖν
576 5020 796 5096 ὄλεθρος
822 5019 1079 5082 ἀπιστίας
1112 5020 1207 5072 καὶ
1236 5017 1583 5091 βλασφημίας
1609 5019 1698 5073 διὰ
1725 5020 1824 5084 τὰς
1855 5020 1991 5092 πρὸς

412 5117 537 5180 τοὺς
584 5114 774 5183 άγίους
811 5110 1064 5182 ἀτιμίας.
1099 5110 1211 5165 Καὶ
1254 5110 1467 5182 πρῶτον
1510 5110 1609 5182 μὲν
1652 5106 1746 5165 οὖν
1778 5111 1991 5182 ἐλέγχει

412 5208 609 5270 αὐτοὺς
669 5202 1013 5274 πανταχόθεν.
1051 5202 1085 5273 ἡ
1130 5201 1440 5268 ἀκολουθία,
1487 5201 1570 5255 ὅτι
1626 5200 1842 5272 πρῶτον
1893 5201 1991 5272 μὲν

413 5299 591 5371 γέρων
650 5297 792 5368 ὑπὲρ
860 5293 1188 5363 ὀγδοήκοντα
1238 5292 1332 5364 ἐτη
1400 5290 1637 5362 γεγονὼς
1685 5293 1784 5344 οὐκ
1830 5291 1991 5345 ἔλαϐε

2096 4666 2297 4708 causas
2337 4649 2699 4720 investigarit,
2746 4662 2811 4703 ac
2859 4662 2982 4717 quae
3015 4646 3239 4703 minime
3283 4646 3679 4716 perscrutanda
3772 4674 3777 4677 η

2101 4750 2233 4800 sunt
2275 4742 2599 4813 inquirunt,
2634 4749 2690 4797 et
2730 4753 2761 4792 a
2802 4738 3132 4794 necessariis
3176 4736 3341 4793 rebus
3380 4736 3449 4793 ad
3482 4737 3681 4792 stultas

2102 4836 2441 4907 quaestiones
2470 4848 2591 4890 sese
2621 4839 2971 4897 convertunt,
3005 4840 3065 4885 ut
3099 4845 3168 4886 ex
3210 4842 3274 4884 ea
3308 4844 3433 4900 quae
3472 4829 3680 4885 sanctis

2099 4921 2793 4996 imponitur,'ignominia,
2844 4919 3181 4975 inﬁdelitatis
3224 4934 3293 4975 ex
3332 4917 3481 4972 omni
3525 4925 3681 4988 parte
3785 4936 3790 4943 ·

2096 5017 2256 5072 nobis
2290 5030 2353 5071 ac
2386 5012 2735 5084 blasphemia:
2766 5011 3062 5081 perniciem
3093 5018 3256 5080 atque
3290 5008 3522 5065 exitium
3577 5008 3681 5062 ini-

2099 5115 2339 5179 portent.
2380 5105 2652 5173 Quocirca
2712 5105 2952 5175 primum
3003 5104 3127 5159 illos
3175 5102 3253 5156 rei
3299 5099 3469 5156 series
3519 5107 3681 5171 atque

2098 5200 2236 5255 ordo
2291 5200 2408 5270 ipse
2450 5198 2753 5265 convincit,
2810 5197 2957 5267 quod
3010 5194 3262 5265 inprimis
3306 5193 3469 5248 homo
3516 5208 3679 5249 senex

2099 5306 2265 5362 supra
2303 5306 2444 5345 un
2485 5305 2662 5345 annos
2693 5298 2856 5344 natus
2892 5288 3157 5357 virginem
3190 5284 3259 5339 ad
3298 5298 3458 5339 usum
3484 5299 3671 5355 corpo-

487 5458 503 5490 ¹
542 5432 671 5512 cor.
698 5454 749 5508 oi
778 5451 1023 5524 πονηροί.
1100 5453 1120 5482 ¹
1162 5449 1281 5505 Gal.
1312 5464 1352 5515 I,
1386 5448 1472 5505 i9.
1549 5447 1570 5479 ³
1601 5446 1734 5502 Luc.
1767 5462 1850 5515 III,
1876 5447 1968 5503 ‘23.

2104 5447 2237 5504 Luc.
2270 5462 2332 5514 ll,
2363 5447 2455 5503 48.
2533 5448 2553 5479 ³
2586 5445 2779 5501 Matth.
2807 5461 2846 5509 ι,
2881 5443 2962 5498 18.
3036 5443 3057 5475 ⁸
3086 5442 3219 5498 ibid.
3254 5442 3345 5498 26.

488 5613 600 5685 (99)
630 5614 871 5666 Ὠϐλίαν
891 5609 1369 5685 ἐρξηνερόμενον
1384 5604 1812 5685 τεῒχοςλ-Μειίυξ
1828 5620 1994 5685 quam

416 5676 755 5754 lle‘ges'ippus
793 5676 935 5751 apud
956 5676 1292 5754 ’Euseb‘nlih.
1321 5692 1381 5754 _II,
1413 5693 1534 5745 cap.
1566 5677 1658 5740 25,
1701 5676 1857 5731 unde
1881 5677 1998 5754 haec

417 5745 706 5825 desumpta
739 5745 900 5818 sunt;
935 5750 1027 5821 qui
1077 5748 1289 5802 Ὠϐλίαν
1319 5748 1707 5819 interpretatur
1739 5745 1999 5818 περιοχὴν

2093 5605 2189 5660 τοῦ
2219 5604 2371 5674 λαοῦ,
2410 5607 2517 5658 καὶ
2544 5601 2913 5674 δικαιοσύνην.
2954 5598 3062 5657 Sed
3092 5608 3177 5658 est
3217 5597 3485 5658 Hebraice
3507 5576 3677 5667 7195:]

2097 5692 2219 5745 arx,
2256 5672 2371 5733 sive
2399 5674 2621 5729 munitio
2662 5672 2784 5729 Dei.
