3994 6224
285 269 291 273 ’
367 316 466 371 'm
652 275 656 286 ι
1081 339 1086 342 -
1777 308 1932 366 sm

2035 308 2211 366 [IANI
3527 316 3638 371 7H.

364 430 444 485 ris
479 444 586 484 non
617 426 909 499 acceperit,
941 426 1036 484 sed
1080 425 1266 482 divina
1298 427 1481 500 potius
1512 429 1855 501 providentia
1883 447 1932 486 at

2056 432 2322 506 παρθένον
2355 433 2434 497 εἰς
2471 436 2686 506 χρῆσιν,
2718 432 2854 488 ἀλλὰ
2903 433 3102 505 μᾶλλον
3131 432 3455 506 ᾠκοωμὴθη
3481 435 3637 507 αύτῷ

367 521 516 574 illam
583 519 996 575 custodiendam
1045 528 1130 574 est
1173 521 1480 591 appositus.
1533 521 1738 579 Deinde
1788 523 1932 580 ambt

2051 526 2128 591 εἰς
2162 525 2224 580 τὸ
2251 525 2539 597 φυλάττειν
2558 541 2570 554 ’
2601 523 2854 595 δεύτερον
2879 524 2936 578 δὲ
2965 524 3184 588 πάντως
3209 541 3314 578 που
3355 525 3451 578 καὶ
3479 525 3637 579 αὐτοὶ

361 620 519 667 erant
554 613 742 680 utique
765 610 941 680 justi;
979 627 1157 682 neque
1185 613 1279 682 qui
1316 613 1420 667 hoc
1449 615 1618 668 semel
1657 613 1924 670 audiisset

2051 619 2293 691 ὑπῆρχον
2319 619 2542 676 δίκαιοι.
2585 619 2697 672 Καὶ
2728 618 2831 672 οὐκ
2862 618 3065 689 ἐτόλμα
3089 620 3118 672 ὁ
3147 617 3408 682 ἀκούσας,
3437 618 3524 673 ὅτι
3566 621 3638 674 ὲκ

364 703 531 758 fetum
563 703 736 768 illum,
765 718 929 773 quem
963 704 1018 758 in
1047 712 1205 758 utero
1241 703 1361 773 ipsa
1391 704 1658 774 gestabat,
1681 720 1712 761 e
1739 703 1932 776 Spiritt

2048 711 2366 782 Πνεύματος
2402 710 2560 779 ἁγίου
2601 710 2719 763 ἐστὶ
2749 709 2810 762 τὸ
2841 711 2898 763 ὲν
2929 711 3093 780 αὐτῇ,
3121 708 3202 764 ἔτι
3243 708 3638 763 ἐπιϐάλλεσθαι

363 810 488 850 esse
515 803 730 861 saneto,
755 802 880 865 post
901 801 1109 849 tantam
1137 794 1232 851 Dei
1260 795 1793 851 administrationem
1817 810 1932 851 vast

2051 803 2190 875 μετὰ
2239 802 2496 872 τοιαύτην
2541 800 2855 872 οἰκονομίαν
2903 801 3138 874 χρῆσθαι
3187 800 3268 872 τῷ
3319 801 3506 855 σκεύει
3549 800 3635 872 τῷ

361 885 458 938 illo
491 885 717 939 auderet
747 885 847 949 uti,
888 883 1035 954 quod
1063 899 1188 940 eum
1225 899 1422 955 capere
1457 892 1750 950 meruerat,
1783 899 1932 955 queui

2047 894 2437 963 καταξιωθέντι
2463 895 2733 966 χωρῆσαι,
2761 893 2820 947 ὃν
2847 893 3075 964 οὐρανὸς
3096 893 3192 947 καὶ
3214 893 3285 964 γῆ
3305 895 3406 948 οὑκ
3433 892 3635 966 ἐχώρει

359 975 431 1029 ob
470 975 827 1031 excellentem
875 975 1100 1045 gloriam
1133 975 1333 1032 cmlum
1371 990 1436 1030 ac
1484 985 1630 1032 terra
1663 976 1947 1031 continere

359 1083 467 1122 non
501 1077 752 1139 possunt.
784 1067 918 1122 Nam
944 1068 989 1123 si
1017 1067 1121 1122 hoc
1155 1067 1272 1138 ipso
1315 1076 1561 1137 tempore
1603 1066 1845 1138 virgines
1889 1067 1942 1121 in

357 1159 477 1228 ejus
511 1161 733 1214 nomine
769 1174 1120 1229 perseverare
1159 1160 1215 1213 in
1255 1160 1348 1214 illo
1385 1165 1556 1224 statu,
1591 1173 1657 1214 ac
1682 1159 1944 1214 castimo-

359 1251 504 1305 niam
539 1262 594 1306 et
633 1249 1029 1305 continentiam
1062 1265 1283 1306 servare
1323 1250 1689 1316 contendunt,
1731 1259 1942 1320 quanto

341 1343 537 1411 .major
562 1341 782 1414 Joseplti
811 1341 1004 1413 religio
1035 1353 1155 1398 erat
1189 1357 1255 1397 ae
1303 1342 1507 1407 Mariae,
1543 1357 1687 1413 quae,
1716 1352 1778 1397 ut
1802 1342 1942 1398 scri-

358 1444 508 1504 ptum
537 1441 640 1499 est,
670 1432 936 1494 omniain
969 1438 1133 1491 corde
1164 1450 1267 1490 suo
1302 1434 1622 1491 conferebat
1649 1435 1704 1489 ‘?
1743 1433 1941 1504 Cujus-

354 1527 502 1581 modi
538 1543 666 1582 vero
695 1535 813 1582 erat
849 1525 1020 1593 illud,
1057 1533 1183 1597 post
1224 1526 1332 1580 tale
1377 1536 1701 1597 tantumque
1738 1526 1940 1582 divinas

355 1618 709 1674 nrovidentiae
761 1619 1118 1690 mysterium,
1174 1616 1513 1688 decrepitum
1571 1632 1758 1674 senem
1809 1631 1936 1672 cum

352 1709 561 1780 virgine
604 1709 917 1766 castissima
967 1717 1022 1766 et
1059 1709 1485 1764 honoratissima
1537 1722 1935 1773 consuescere,

2043 990 2111 1046 δι’
2144 989 2446 1062 ὑπερϐολὴν
2476 990 2575 1060 τῆς
2603 988 2766 1043 αὐτοῦ
2797 987 2977 1058 δόξης.
3010 988 3074 1042 Εἰ
3105 987 3216 1058 γὰρ
3263 987 3366 1041 καὶ·
3403 985 3500 1041 νῦν
3546 989 3634 1051 εἰς

2042 1080 2214 1152 ὄνομα
2269 1079 2436 1134 αὑτοῦ
2484 1079 2744 1150 παρθένοι
2772 1077 3038 1132 διατελεῖν
3083 1076 3484 1146 ἀγωνίζονται,
3533 1078 3634 1131 καὶ

2045 1155 2316 1241 ἁγνεύειν,
2364 1171 2460 1226 καὶ
2493 1170 2960 1244 ἑγκρατεύεσθαιο
3015 1169 3132 1234 πῶς
3181 1170 3382 1241 μᾶλλον
3420 1170 3522 1224 οὐκ
3555 1165 3632 1243 ἦν

2043 1264 2361 1335 πιστότερος
2398 1261 2618 1333 Ἰωσὴφ,
2647 1261 2742 1315 καὶ
2769 1261 2908 1332 αὐτὴ
2949 1263 2983 1332 ἡ
3026 1261 3218 1332 Μαρία
3256 1261 3436 1316 πάντα
3481 1279 3630 1333 συμ-

2041 1355 2311 1409 ϐάλλουσα
2355 1356 2439 1418 εἰς
2477 1353 2708 1423 καρδίαν
2751 1353 2941 1424 αὐτῆς,
2981 1352 3059 1417 ὡς
3099 1352 3443 1423 γέγραπται;
3489 1353 3630 1407 ἀλλὰ

2044 1445 2183 1516 μετὰ
2207 1445 2475 1517 τοσαύτην
2517 1446 2610 1500 καὶ
2640 1444 2896 1519 τοιαύτην
2939 1446 3033 1500 καὶ
3059 1448 3390 1520 τηλικαύτην
3423 1453 3634 1504 οἰκονο-

2042 1537 2192 1608 μίαν,
2221 1539 2557 1608 ωναφθῆναι
2592 1537 2754 1602 πάλιν
2790 1539 3022 1610 γέροντα
3061 1540 3326 1612 Παρθένῳ
3361 1543 3499 1613 ἁγνῇ
3526 1542 3629 1596 καὶ

2037 1629 2396 1701 τετιμημένῃ,
2449 1629 2544 1684 καὶ
2591 1628 2774 1682 σκεύει
2818 1630 3130 1702 χωρήσαντι
3173 1630 3266 1684 τὸν
3313 1632 3623 1703 άχώρητον,

2037 1721 2132 1776 καὶ
2161 1720 2544 1793 ὑποδεξαμένῳ
2583 1721 2822 1775 τοιοῦτον
2871 1721 3169 1793 μυστήριον
3199 1721 3428 1794 σημείου
3456 1724 3628 1777 ἐπου-

349 1815 474 1852 cum
503 1814 590 1864 eo,
626 1800 872 1869 inquam,
910 1814 1060 1866 vase,
1092 1799 1238 1870 quod
1273 1814 1398 1854 eum
1416 1798 1508 1869 qui
1539 1799 1661 1870 capi
1687 1814 1801 1854 non
1839 1814 1932 1869 po-

2039 1813 2221 1886 ρανίου
2252 1815 2348 1869 καὶ
2376 1815 2518 1887 ζωῆς
2551 1815 2888 1888 άν.θρώπων;

350 1885 734 1961 ιοειόειιθτιιι,
789 1906 854 1945 ac
898 1897 1007 1944 tam
1055 1890 1386 1961 stupendum
1423 1886 1655 1961 prodigii
1691 1890 1934 1947 cmlestis

347 1991 405 2037 et
437 1981 687 2037 humana:
726 1982 920 2038 salutis
955 1982 1279 2053 mysterium
1325 1983 1672 2052 complexum
1715 1981 1936 2038 fuerat?

426 2073 516 2128 IX.
561 2075 699 2129 Nam
726 2090 848 2146 qua:
871 2075 1114 2130 rationes
1139 2074 1206 2129 ad
1237 2073 1370 2130 illud
1403 2073 1801 2130 ostendendum
1824 2089 1936 2130 non

348 2174 667 2238 suppetant,
713 2167 929 2223 beatam
963 2166 1246 2238 Virginem
1277 2168 1332 2221 in
1365 2166 1694 2223 castimonia
1738 2167 1938 2236 persti-

350 2243 531 2313 tisse?
570 2257 810 2312 Doeeant
847 2272 949 2312 nos
985 2256 1084 2323 illi,
1129 2264 1252 2328 post
1284 2255 1622 2312 Salvatorem
1657 2256 1713 2312 in
1759 2258 1934 2312 lucem

347 2338 557 2404 editum
591 2348 734 2404 ullos
770 2348 995 2402 Illariam
1039 2348 1320 2419 peperisse
1349 2347 1573 2403 liberos.
1608 2345 1805 2402 Dieant
1833 2347 1935 2403 ho-

350 2454 471 2494 rum
496 2437 738 2503 nomina,
764 2436 970 2510 1041
1013 2453 1097 2504 ac,
1128 2437 1174 2492 si
1196 2437 1395 2508 placet,
1421 2437 1735 2509 contingant
1786 2436 1934 2492 frau-

352 2531 441 2585 dis
504 2543 569 2584 ac
610 2529 872 2585 versutia:
920 2528 1102 2584 omnis
1139 2528 1448 2584 architecti.
1491 2529 1599 2585 Sed
1650 2529 1782 2584 illud
1838 2530 1934 2586 de-

346 2628 655 2676 monstrare
707 2636 988 2690 nunquam
1039 2628 1319 2692 poterunt.
1371 2619 1491 2675 Non
1544 2621 1690 2677 enim
1760 2621 1928 2675 ullam

350 2709 518 2780 Virgo
542 2713 642 2766 viri
668 2712 1126 2769 consuetudinem
1156 2711 1371 2766 habuit.
1404 2713 1563 2768 Absit
1592 2720 1651 2768 ut
1673 2713 1932 2770 habuisse

347 2805 632 2876 putemus!
674 2803 729 2858 Si
777 2805 921 2859 enim
955 2803 1170 2874 aliquos
1201 2803 1404 2860 liberos
1455 2805 1777 2876 peperisset,
1809 2821 1930 2878 qlae

345 2911 472 2952 cum
529 2895 815 2952 Salvatore
865 2896 987 2967 ipso
1042 2897 1364 2953 versabatur
1417 2898 1660 2962 assidue,
1719 2913 1827 2953 una
1875 2906 1930 2955 et

345 2989 520 3059 ipsius
557 2988 697 3045 ﬁlios
726 2989 931 3044 vixisse
963 2987 1233 3045 dicerent.
1267 2987 1376 3045 Sed
1408 2989 1514 3046 hoc
1542 2989 1652 3046 illis
1684 2989 1929 3062 Evange.

2107 2075 2185 2131 8’.
2227 2077 2399 2132 Πόθεν
2431 2077 2540 2152 γὰρ
2582 2079 2643 2134 οὐ
2692 2079 2978 2152 δείξωμεν,
3013 2082 3096 2138 ὃτι
3137 2083 3274 2157 ἁγνὴ
3321 2083 3625 2141 διετέλεσεν

2036 2167 2071 2239 ἡ
2101 2166 2410 2239 Παρθένος;
2458 2169 2803 2236 Δειξάτωσαν
2833 2172 2963 2242 ἡμῖν
3000 2173 3185 2238 εὐθὺς,
3232 2174 3314 2228 ὅτι
3346 2175 3485 2246 μετὰ
3520 2177 3624 2246 τὴν

2033 2257 2129 2312 τοῦ
2159 2260 2410 2332 Σωτῆρος
2439 2261 2596 2333 ἡμῶν
2622 2261 2818 2334 κύησιν
2851 2263 3004 2329 τινάς
3029 2265 3319 2338 ἐγέννησεν
3343 2269 3376 2338 ἡ
3405 2267 3620 2338 Μαρία.

2034 2348 2244 2404 Εἴπωσι
2278 2351 2348 2405 τὰ
2389 2352 2630 2424 ὀνόματα
2677 2353 3004 2419 πλάττοντες
3034 2357 3086 2409 οί
3126 2357 3496 2430 πλαστουργοὶ
3527 2360 3624 2412 καὶ

1967 2484 1978 2493 .
2035 2440 2274 2512 ῥαψῳδοὶ
2325 2442 2423 2514 τῆς
2469 2444 2684 2516 ἀπάτης
2735 2445 2830 2499 καὶ
2875 2444 3321 2517 κακομηχανίας·
3374 2447 3471 2500 καὶ
3517 2447 3626 2499 οὐκ

2033 2531 2214 2604 ἔχουσι
2255 2534 2444 2599 δεῖξαι.
2494 2535 2569 2589 Οὐ
2612 2535 2720 2608 γὰρ
2750 2537 2996 2609 συνήφθη
3026 2538 3048 2569 ⁸
3078 2536 3157 2590 ἔτι
3187 2536 3484 2608 Παρθένος’
3541 2539 3620 2608 μὴ

2031 2623 2275 2692 γένοιτοί
2314 2625 2376 2677 Εἰ
2404 2624 2513 2696 γὰρ
2540 2624 2830 2697 ἐγέννησεν
2861 2625 2948 2679 άεί
2992 2641 3121 2678 ποτε
3151 2624 3247 2677 σὺν
3272 2618 3420 2691 αὐτῷ
3450 2622 3626 2692 ὑπάρ-

2030 2733 2201 2787 χουσα
2239 2715 2318 2787 τῷ
2353 2717 2587 2788 Σωτῆρι,
2623 2717 2741 2788 ἅμα
2785 2717 2969 2786 ἔλεγον
2999 2717 3092 2770 καὶ
3128 2716 3197 2770 τὰ
3242 2715 3407 2769 τέκνα
3447 2715 3623 2784 αὐτῆς

2033 2811 2293 2865 συνεῖναι.
2327 2808 2510 2880 Πλανᾷ
2552 2808 2609 2862 δὲ
2658 2808 2856 2873 αὐτοὺς
2897 2809 2959 2864 τὸ
3003 2808 3331 2881 εἰρημένον·
3386 2806 3542 2861 Ἰδοὺ
3573 2805 3616 2873 ἡ

2023 2899 2222 2970 μήτηρ
2259 2917 2398 2967 σου,
2437 2901 2538 2955 καί
2579 2904 2633 2956 οἱ
2690 2902 2944 2972 ἀδελφοί
2985 2919 3101 2956 σου
3152 2899 3269 2966 ἔξω
3317 2898 3619 2968 ἑστήκασι

2029 2990 2342 3062 ζητοῦντές
2391 3010 2486 3048 σε.
2533 2994 2643 3047 Καὶ
2688 2994 2789 3048 οῦκ
2837 2994 3043 3049 οἴδασιν
3085 2993 3114 3048 ὃ
3157 2995 3264 3064 πρὸ
3310 2990 3502 3045 τούτου
3545 2986 3619 3062 ἦν

348 3082 404 3136 lii
439 3083 644 3137 dictum
683 3082 986 3152 imposuit:
1014 3083 1149 3139 Ecce
1193 3092 1362 3138 mater
1396 3092 1491 3137 tua
1540 3092 1592 3138 et
1624 3085 1819 3154 fratres
1850 3085 1927 3138 tui

2035 3084 2437 3156 γεγραμμένον”
2473 3084 2593 3137 ’Ότι
2634 3087 2689 3139 οἰ
2728 3085 2977 3155 ἀδελφοί
3028 3083 3254 3140 αὐτοῦ’
3287 3083 3617 3140 ἐπίστευον

343 3173 476 3242 foris
505 3183 670 3239 stant,
701 3184 989 3245 quwrentes
1018 3185 1066 3231 te
1092 3177 1136 3230 '.
1160 3175 1273 3232 Nec
1302 3175 1437 3230 illud
1461 3175 1920 3243 animadvertunt,

2035 3177 2114 3242 εἰς
2147 3176 2355 3230 αὐτόν.
2384 3175 2779 3248 Προόαίνοντες
2832 3175 2943 3249 γὰρ
2993 3178 3086 3230 καὶ
3119 3177 3278 3248 ἡμεῖς
3305 3175 3382 3248 τῷ
3410 3175 3611 3248 χρόνῳ,

341 3265 486 3335 quod
520 3274 678 3320 antea
713 3267 979 3338 scriptum
1008 3276 1093 3324 est
1117 3287 1131 3325 :
1158 3267 1427 3335 Quoniam
1456 3266 1653 3335 fratres
1680 3267 1794 3337 ejus
1823 3284 1926 3322 non

2035 3269 2123 3324 καὶ
2163 3268 2536 3340 θαυμάζοντες
2578 3269 2671 3323 ἐπὶ
2715 3273 2828 3335 τοῖς
2879 3270 2938 3323 ἐν
2981 3273 3103 3335 ταῖς
3149 3271 3321 3335 θείαις
3367 3271 3614 3342 Γραφαῖς

338 3356 622 3411 credebant
663 3359 717 3411 in
743 3358 899 3412 illum
931 3360 972 3414 ³.
1015 3358 1307 3416 Enimvero
1337 3374 1439 3415 nos
1465 3374 1761 3430 progressu
1789 3366 1926 3415 tem-

2035 3359 2100 3424 ὥς
2135 3360 2368 3425 εὐτελῶς
2406 3360 2836 3434 γεγραμμένοις,
2871 3361 2981 3415 ἰδοὺ
3011 3361 3154 3416 κατὰ
3184 3364 3292 3417 πᾶν
3329 3363 3388 3417 ὲν
3421 3361 3608 3434 αἰσθὴ-

341 3449 491 3519 poris
535 3449 919 3505 instructiores
965 3450 1186 3515 redditi,
1223 3465 1348 3505 eum
1398 3449 1696 3518 aliquando
1738 3465 1926 3507 sacras

2035 3471 2108 3507 πει
2144 3454 2442 3525 γινόμενοι,
2471 3453 2898 3525 εὐχαριστοῦμεν
2924 3453 3044 3526 Θεῷ
3073 3453 3151 3525 τῷ
3194 3453 3610 3527 προασφαλισα-

339 3537 575 3594 Litteras
617 3547 729 3593 tam
777 3539 1100 3610 simpliciter
1142 3540 1381 3612 scriptas
1411 3556 1536 3596 esse
1568 3541 1920 3608 miraremur,

2035 3545 2174 3617 μένῳ
2221 3545 2311 3599 διὰ
2355 3545 2464 3599 τῶν
2507 3545 2806 3601 δοκούντων
2856 3545 3103 3618 βραχέων
3148 3547 3408 3618 ῥημάτων
3453 3547 3512 3599 ὲν
3542 3548 3608 3617 τῇ

342 3639 631 3702 postquam
669 3632 887 3703 penitus
933 3633 1118 3688 omnia
1161 3633 1521 3703 pervidimus,
1571 3632 1683 3690 Deo
1721 3635 1924 3710 gratias

2035 3636 2143 3707 θείᾳ
2172 3637 2360 3709 Γραφῇ
2393 3639 2663 3710 παριστᾷν
2691 3637 2874 3709 πάσης
2905 3638 3131 3710 Γραφῆς
3174 3638 3274 3711 τὴν
3323 3637 3608 3710 ἀλήθειαν.

337 3739 499 3795 agere
528 3725 820 3795 cmpimus,
855 3725 950 3795 qui
985 3725 1337 3795 paucissimis
1369 3724 1699 3796 quihusdam
1742 3727 1923 3784 verbis

2035 3727 2147 3781 Ἀεὶ
2193 3728 2302 3799 γὰρ
2331 3727 2620 3793 ἀκούοντες
2645 3730 2774 3804 περί
2811 3729 3090 3796 Ἰακώϐου,
3121 3731 3205 3785 ὅτι
3251 3723 3407 3795 οὗτος
3453 3731 3609 3785 ἀδελ-

337 3831 526 3870 eurum
549 3816 816 3883 omnium,
845 3831 966 3888 quae
992 3817 1048 3872 in
1075 3817 1247 3873 sacris
1273 3816 1498 3873 Litteris
1526 3817 1735 3888 scripta
1763 3828 1918 3884 sunt,

2035 3817 2122 3887 ρὸς
2154 3819 2402 3872 ἐκαλεῖτο
2429 3819 2524 3873 τοῦ
2556 3820 2784 3891 Κυρίου,
2814 3819 3185 3892 θαυμάζοντες
3214 3821 3494 3892 ἐλέγομεν,
3525 3822 3610 3887 τίς

339 3907 603 3961 munitam
636 3922 701 3963 ae
743 3909 1043 3964 stabilitam
1091 3909 1377 3965 veritatem
1429 3909 1692 3965 exhibere
1721 3911 1916 3966 voluit.

339 3998 475 4053 Cum
503 4001 648 4054 enim
683 3999 750 4055 de
775 3998 982 4056 Jacobo
1015 3999 1238 4057 assidue
1271 4000 1405 4056 illud
1437 4001 1775 4067 audiremus,
1812 4000 1922 4056 fra-

339 4099 478 4145 trem
503 4091 684 4161 ipsum
717 4089 936 4146 Domini
966 4101 1219 4148 vocatum
1269 4091 1462 4162 fuisse,
1495 4094 1628 4165 quid
1651 4096 1797 4151 istud
1831 4103 1918 4152 to-

337 4183 442 4239 tics
487 4198 715 4241 necesse
754 4184 895 4241 foret
927 4193 1175 4257 repetere
1210 4185 1594 4242 admirabundi
1633 4187 1920 4259 quaereba-

337 4290 481 4331 mus.
514 4274 670 4332 Nunc
697 4285 880 4332 autem
913 4293 1012 4333 cur
1041 4277 1093 4334 id
1138 4277 1192 4334 in
1232 4280 1406 4336 sacris
1435 4279 1658 4336 Litteris
1693 4289 1820 4337 ante
1846 4283 1918 4337 sit

338 4367 672 4422 inculcatum
702 4370 1078 4440 intelligimus.
1108 4367 1374 4428 Videlicet
1403 4381 1608 4428 utcum
1640 4374 1915 4431 audimus.

2019 3911 2052 3979 ὴ
2078 3909 2269 3981 χρεία;
2305 3909 2420 3964 Νῦν
2451 3911 2508 3964 δὲ
2541 3910 2788 3983 ἔγνωμεν
2825 3912 2893 3966 δι’
2923 3914 2989 3984 ἢν
3017 3913 3216 3978 αἰτίαν,
3249 3914 3325 3976 ὡς
3345 3915 3606 3985 προεῖπεν

2019 4003 2052 4073 ὴ
2091 4001 2208 4056 θεία
2236 4003 2427 4075 Γραφή
2446 4020 2460 4035 ·
2508 4003 2648 4058 ἀλλὰ
2669 4004 2886 4068 πάντως
2916 4005 3003 4058 ἵνα
3028 4004 3156 4059 ὅταν
3180 4005 3486 4076 ἀκούωμεν,
3521 4005 3605 4058 ὅτι

2033 4096 2178 4152 Ἰδοὺ
2203 4097 2242 4165 ἡ
2264 4083 2462 4167 μήτηρ
2487 4114 2628 4164 σου,
2653 4099 2751 4153 καί
2781 4102 2835 4155 οἰ
2867 4099 3120 4170 ἀδελφοί
3141 4114 3258 4154 σου
3283 4099 3400 4164 ἔξω
3425 4099 3606 4167 dani-

2020 4205 2165 4245 κασι
2212 4189 2527 4260 ζητοῦντές
2568 4208 2662 4258 σε,
2701 4191 2988 4264 μάθωμεν,
3036 4193 3119 4247 ὅτι
3152 4193 3281 4265 περὶ
3344 4191 3601 4247 Ἰακώϐου

2019 4283 2188 4352 λέγει,
2240 4285 2335 4338 καὶ
2379 4283 2488 4338 τῶν
2527 4285 2703 4340 ἄλλων
2761 4285 2893 4339 υίῶν
2937 4286 3158 4357 Ἰωσὴφ,
3209 4285 3305 4340 καὶ
3357 4286 3419 4339 ού
3473 4287 3602 4359 περὶ

2019 4375 2150 4430 υἱῶν
2190 4375 2404 4447 Μαρίας
2438 4375 2548 4430 τῶν
2578 4376 2652 4448 μὴ
2690 4377 3007 4449 γινομένων.
3055 4377 3226 4449 Δῆλον
3255 4378 3365 4450 γάρ
3400 4373 3492 4451 ἦν,
3519 4380 3599 4432 ὅτι

338 4457 473 4513 Ecce
511 4470 678 4515 mater
707 4470 797 4516 tua
821 4472 872 4518 et
900 4462 1100 4532 fratres
1131 4465 1209 4518 tui
1255 4465 1387 4535 foris
1423 4474 1590 4534 stant,
1624 4477 1914 4536 querentes

2035 4464 2225 4533 μείζων
2247 4460 2315 4536 ἧν
2342 4467 2371 4519 ὁ
2417 4465 2675 4531 Ἰάκωϐος
2714 4470 2781 4539 τῇ
2817 4467 3003 4539 ἡλικίᾳ⁴
3035 4467 3179 4522 κατὰ
3204 4468 3305 4540 τὴν
3339 4467 3598 4541 ἑνσαρκον

337 4559 407 4615 te,
443 4551 512 4606 de
538 4549 744 4608 Jacobu
800 4568 866 4608 ac
895 4556 1106 4611 caeteris
1129 4553 1350 4628 Iosephi
1382 4557 1533 4625 ﬁliis,
1566 4572 1678 4613 non
1706 4557 1909 4624 Mariae,

2035 4556 2112 4610 τοῦ
2161 4557 2368 4629 Κυρίου
2417 4559 2738 4629 παρουσίαν.
2799 4558 3082 4629 Ἀδελφοὺς
3123 4559 3181 4614 δὲ
3222 4560 3420 4624 αὐτοὺς
3453 4560 3598 4628 λέγει

336 4643 428 4713 qui
458 4643 593 4696 nulli
622 4653 770 4707 sunt,
806 4645 1014 4701 dictum
1044 4648 1179 4703 illud
1218 4664 1342 4706 esse
1377 4650 1696 4706 doceamur.
1725 4649 1912 4721 Neque

2035 4647 2370 4718 Βιελέγχουσα
2403 4649 2436 4718 ἡ
2467 4649 2507 4701 Γ
2511 4648 2682 4720 ραςρὴ,
2721 4649 2816 4702 καὶ
2841 4649 3101 4721 ὀνομαστὶ
3133 4649 3372 4704 καλοῦσα
3416 4650 3600 4704 Ἰάκω-

332 4735 478 4790 enim
536 4735 762 4790 dubium
815 4745 932 4806 est,
984 4742 1117 4809 quin
1173 4738 1451 4807 Iacobus,
1498 4757 1611 4812 quo
1667 4751 1913 4813 tempore

2035 4739 2133 4804 εον,
2169 4739 2264 4792 καὶ
2315 4739 2493 4809 Ἰωσῆ,
2533 4740 2628 4794 καί
2657 4740 2940 4811 Συμεῶνα,
2970 4741 3065 4794 καὶ
3115 4741 3339 4806 Ἰούδαν,
3373 4741 3470 4795 καὶ
3497 4743 3599 4795 Σαη

334 4827 590 4882 Christus
641 4828 697 4883 in
749 4829 854 4884 hoc
893 4832 1101 4887 mundo
1143 4834 1500 4899 versabatur,
1553 4844 1701 4891 esset
1753 4843 1915 4892 :etate

2035 4831 2225 4904 ιώμην,
2265 4832 2361 4886 καὶ
2398 4832 2636 4904 Μαρίαν.
2687 4833 2804 4888 Ἵνα
2841 4834 3053 4904 μάθωσι
3106 4834 3285 4889 τοίνυν
3312 4835 3458 4899 τίνος
3485 4836 3598 4898 υίὸς

333 4923 662 4991 provectior.
699 4921 969 4978 Caeterum
1001 4924 1201 4982 fratres
1235 4927 1384 4996 ipsos
1417 4925 1702 4999 Scriptura
1730 4938 1914 4994 vocat,

2035 4924 2295 4996 ευγχάνει,
2347 4923 2442 4978 καὶ
2489 4924 2553 4978 ὲκ
2598 4925 2758 4989 ποίας
2788 4927 2990 4998 μητρὸς
3039 4927 3069 4978 ὁ
3131 4926 3418 4991 Ἰάκωϐος·
3469 4927 3594 4997 νοή-

338 5013 649 5069 contrarias
699 5014 934 5071 hazreses
983 5017 1144 5072 tacite
1189 5018 1548 5090 redarguens,
1584 5034 1649 5074 ac
1691 5020 1914 5074 nomina

2035 5032 2153 5070 rem
2193 5015 2251 5070 δὲ
2292 5015 2436 5070 κατὰ
2462 5017 2562 5087 τὴν
2591 5017 2806 5086 ἡλικίαν
2848 5017 2932 5082 τίς
2978 5019 3094 5071 ἐστι
3135 5018 3353 5088 μείζων.
3399 5019 3458 5073 ’0
3489 5019 3594 5091 γὰρ

334 5104 551 5160 illorum
597 5107 939 5176 exprimens:
991 5105 1288 5174 Jacobum,
1336 5107 1498 5177 Jose,
1549 5108 1912 5181 Symeonem,

2035 5106 2238 5178 Ἰησοῦς
2286 5107 2614 5180 σταυροῦται
2663 5110 2721 5162 ὲν
2772 5108 2880 5162 ἔτει
2930 5110 3238 5182 τριακοστῷ
3287 5111 3456 5181 τρίτῳ
3496 5113 3598 5181 τῆς

328 5195 548 5262 Judam,
603 5198 861 5255 Salomen
919 5206 972 5254 et
1014 5198 1262 5255 Mariam.
1311 5200 1390 5254 Ex
1427 5217 1537 5272 quo
1572 5201 1909 5257 declaratum

2035 5195 2184 5249 ιύτοῦ
2210 5197 2477 5269 ὲνσάρκου
2506 5199 2807 5270 παρουσίας
2827 5217 2840 5230 ·
2870 5200 2965 5254 τοῦ
3015 5201 3072 5254 δὲ
3110 5200 3347 5272 Ἡρώδου
3375 5197 3444 5273 ἦν
3476 5203 3600 5256 κατ’

333 5287 469 5344 illud
504 5290 696 5354 voluit,
735 5290 896 5360 cujus
935 5290 1102 5354 ﬁlius,
1138 5296 1192 5345 et
1229 5305 1294 5344 ex
1325 5306 1429 5360 qua
1461 5299 1636 5345 matre
1668 5287 1908 5344 Jacobus

2035 5290 2194 5341 :xei’vo
2239 5288 2434 5361 καιροῦ
2515 5293 2616 5361 (1),
2684 5290 2804 5344 υἱοῦ
2857 5291 2914 5345 δὲ
2985 5291 3299 5363 Ἀρχελάου,
3350 5293 3470 5358 ἔτος
3524 5296 3602 5348 εί-

327 5389 474 5436 esset
500 5383 738 5452 genitus,
766 5393 878 5436 tum
906 5395 1027 5437 uter
1052 5391 1182 5436 natu
1215 5381 1474 5453 grandior
1506 5381 1664 5436 l'oret.
1695 5379 1908 5435 Etenim
2017 5379 2226 5434 κοστόν.

328 5470 488 5527 Jesus
518 5488 660 5528 anno
685 5473 863 5529 aetatis
891 5488 1006 5528 suat
1037 5488 1209 5528 XXXIII
1257 5472 1313 5527 in
1353 5487 1574 5528 crucem
1622 5480 1780 5527 actus
1809 5480 1916 5534 est,
1958 5469 2052 5540 qui
2082 5478 2201 5524 erat
2230 5468 2464 5527 Herodis
2492 5470 2745 5529 Archelai
2779 5473 2876 5529 ﬁlii
2905 5475 3220 5533 vicesimus.

406 5586 422 5616 ¹
447 5585 583 5642 Luc.
611 5603 672 5651 ll,
715 5589 801 5645 l9.
879 5591 898 5621 ²
932 5588 1064 5643 Luc.
1106 5606 1225 5655 vm,
1257 5587 1348 5644 20.
1426 5588 1446 5620 ³
1479 5586 1639 5644 Joan.
1673 5603 1771 5651 vn,
1805 5586 1854 5641 5.

2035 5600 2130 5655 leg.
2161 5584 2452 5656 συνῆφθαι.
2529 5586 2551 5618 ⁸
2573 5585 2738 5644 Deest
2763 5587 2886 5643 οὐκ.

401 5705 477 5775 (Ι)
513 5707 722 5782 rogas
761 5710 1020 5782 ξΗρὼδου
1043 5707 1121 5780 ἦν
1142 5711 1268 5766 κατ’
1297 5709 1492 5764 ἐκεῖνο
1519 5709 1746 5776 καιροῦ.
1779 5707 1901 5762 Fal-

2035 5706 2298 5782 )om_inus,
2331 5706 2583 5782 Archelai
2631 5707 2801 5782 fuisse
2829 5708 3368 5782 Δίίιίιιιῐι,ίιιιιιιιοιιιιε
3419 5711 3594 5782 magis

318 5787 452 5829 sum
484 5784 566 5831 est
600 5775 863 5833 Herodem
914 5775 1089 5845 illum,
1137 5795 1244 5849 quo
1277 5788 1538 5850 regnante
1571 5775 1768 5849 passus
1824 5786 1905 5835 est
2015 5778 2158 5848 quod
2191 5785 2243 5834 et
2270 5777 2434 5848 paulo
2464 5787 2607 5847 post,
2641 5787 2696 5835 et
2723 5779 2880 5838 initio
2921 5781 3102 5852 operis
3137 5775 3324 5850 hujus,
3357 5782 3412 5838 in
3440 5775 3595 5839 calce
3621 5781 3637 5800 ‘
