3994 6224
368 337 464 394 us
514 313 516 316 ’

957 343 1327 401 ADVERSUS
1367 342 1707 400 H/ERESES
1739 341 1874 398 LIB.
1916 339 2002 397 III.
2041 339 2200 397 ΤΟΜ.
2248 339 2313 396 II.
2354 373 2422 381 —
2462 340 2736 396 HIEHES.
2778 339 3056 397 LXXVIII.

3514 342 3621 400 7H-

435 461 490 515 I'.
543 460 633 514 Ἑν
662 455 772 532 γὰρ
815 457 894 530 τῷ
921 460 1224 532 τριακοστῷ
1265 459 1434 534 τρίτῳ
1463 458 1573 512 ἔτει
1597 457 1692 512 τοῦ
1726 457 1943 530 πρώτου

2124 455 2193 512 Χ.
2233 457 2393 510 Anno
2425 456 2625 527 quippe
2660 456 2888 513 Herodis
2932 456 3166 513 senioris
3210 456 3483 530 Antipatri
3523 457 3621 514 ﬁlii

376 551 637 624 Ἡρώδου,
687 550 804 605 υἱοῦ
869 553 1244 623 Ἀντιπάτρου,
1287 554 1543 622 γεννᾶται
1579 553 1608 604 6
1655 549 1843 621 Σωτὴρ
1889 550 1945 601 ἐν

368 642 614 713 Βηθλεὲμ
640 641 740 712 τῆς
785 641 1064 705 Ἰουδαίας.
1095 644 1231 715 ὅπερ
1268 639 1336 714 ἦν
1361 641 1795 711 τεσσαρακοστὸν
1827 639 1944 693 δεύ-

365 750 522 806 τερον
573 734 886 809 Αὐγούστου
916 735 1214 804 βασιλέως.
1265 736 1374 788 Καὶ
1403 736 1635 804 ποιήσας
1683 733 1776 803 ἔτη
1830 731 1943 794 δύο,

366 825 701 895 λαμϐάνεται
751 825 855 877 ὑπο
894 823 988 876 τοῦ
1041 826 1236 894 Ἰωσὴφ
1277 826 1357 887 εἰς
1401 825 1697 893 Αἴγυπτον,
1746 824 1833 877 διὰ
1875 825 1946 877 τὰ

366 917 472 970 ὑπὸ
510 915 618 969 τῶν
659 915 850 987 μάγων
897 915 974 985 τῷ
1016 910 1230 985 Ἡρώδῃ
1259 916 1524 986 εἰρημένα
1561 915 1654 968 τοῦ
1707 916 1944 996 ᾘρώδου

367 1007 656 1079 ζητοῦντος
700 1006 792 1059 τὸν
823 1005 1007 1060 παῖδα.
1047 1005 1274 1058 Κάτεισι
1304 1005 1362 1058 δὲ
1405 1007 1486 1069 εἰς
1507 999 1806 1074 Αἴγυπτόν,
1852 1007 1948 1059 καὶ

365 1097 510 1151 τελεῖ
548 1099 725 1150 ἐκεῖσε
756 1095 892 1150 ἄλλα
941 1095 1034 1149 δύο
1065 1095 1180 1166 ἐτη.
1223 1093 1331 1148 Καὶ
1358 1094 1584 1166 τελευτᾷ
1631 1095 1876 1169 Ἡρώδης
1916 1097 1944 1148 6

368 1187 620 1258 βασιλεὺς
683 1186 792 1239 ἔτει
854 1183 1165 1256 τριακοστῷ
1223 1183 1456 1254 ἑϐδόμῳ,
1529 1184 1840 1255 Διαδὲχεται
1891 1184 1948 1237 δὲ

364 1279 555 1332 τοῦτον
619 1276 908 1348 Ἀρχέλαος
942 1278 970 1330 6
1019 1275 1135 1338 υίὸς
1176 1276 1341 1330 αὐτοῦ
1397 1278 1491 1328 ἐπὶ
1548 1275 1724 1330 ἔτεσιν
1768 1275 1944 1329 ἐννέα.

364 1372 482 1426 Καὶ
511 1369 683 1432 οὕτως
712 1371 746 1440 ἡ
784 1369 1140 1441 πραγματεία
1178 1367 1500 1435 τελειοῦται,
1533 1368 1628 1421 καὶ
1661 1367 1947 1438 παραδίδο-

364 1482 455 1520 ται
486 1462 702 1536 σταυρῷ
729 1461 1180 1532 ὀκτωκαιδεκάτῳ
1228 1461 1326 1531 μὲν
1364 1459 1472 1513 ἔτει
1515 1459 1764 1533 Τιϐερίου
1812 1458 1949 1513 Καί-

367 1573 568 1628 σαρος,
643 1555 746 1608 τοῦ
793 1554 851 1608 δὲ
909 1554 1191 1626 Ἀγρίππα
1245 1553 1631 1626 ἐπικληθέντος
1670 1553 1945 1622 Μεγάλου,

378 1647 619 1719 Ἡρώδου
649 1641 706 1695 δὲ
744 1642 1055 1716 Νεωτέρου,
1110 1644 1226 1699 υἱοῦ
1259 1645 1317 1699 δὲ
1372 1646 1684 1717 Ἀρχελάου,
1729 1644 1849 1708 ἔτος
1879 1639 1949 1715 ἦν

366 1739 630 1794 εἰκοστόν.
673 1737 924 1808 Οὐδαμοῢ
967 1738 1026 1790 δὲ
1078 1737 1393 1809 ἠκούσαμεν
1433 1739 1526 1792 τὸν
1567 1738 1774 1810 Ἰωσὴφ
1797 1737 1949 1800 υἱοὺς

367 1830 723 1900 πεποιηκότα.
775 1829 913 1882 Ἀλλ’
965 1829 1111 1896 οὔτε,
1175 1808 1312 1902 μετά
1359 1831 1421 1884 τὸ
1475 1829 1650 1883 ἐλθεῖν
1695 1808 1803 1882 άπὸ
1850 1827 1950 1898 τῆς
1983 1808 2025 1862 Β

362 1925 668 1994 Αἰγύπτου,
699 1925 728 1977 6
761 1923 920 1986 αὐτὸς
953 1924 1181 1977 ἐϐίωσεν
1224 1925 1318 1978 ἐπὶ
1369 1923 1584 1987 πολλοῖς
1632 1922 1798 1977 ἔτεσι.
1850 1921 1947 1974 Τέ·

367 2034 563 2088 ταρτον
597 2015 705 2087 γὰρ
733 2010 800 2086 ἦν
839 2015 958 2078 ἔτος
985 2014 1062 2085 τῷ
1097 2015 1311 2086 Σωτῆρι
1332 2033 1344 2047 ·
1376 2014 1454 2086 τῷ
1483 2016 1541 2069 δὲ
1585 2016 1784 2085 Ἰωσὴφ
1811 2013 1950 2083 ὑπὲρ

369 2109 489 2172 ἔτος
533 2105 894 2178 ὀγδοηκοστὸν
941 2106 1226 2176 τέταρτον,
1280 2107 1367 2160 ὅτε
1416 2108 1481 2160 ὲκ
1525 2107 1624 2178 τῆς
1676 2105 1949 2175 Αἰγύπτου

367 2200 554 2272 χώρας
604 2198 958 2270 παρεγένετο.
1015 2199 1126 2253 Καὶ
1167 2199 1436 2270 διέμεινεν
1481 2199 1619 2254 ἄλλα
1660 2199 1756 2269 ἔτη
1806 2195 1952 2250 ὀκτὼ

380 2293 579 2363 Ἰωσὴφ
609 2290 838 2362 περιὼν,
869 2291 965 2345 καὶ
1012 2292 1070 2345 ὲν
1122 2291 1200 2363 τῷ
1235 2291 1444 2362 δεκάτῳ
1475 2294 1489 2324 ⁸
1519 2291 1653 2354 ἔτει,
1691 2290 1952 2344 ἀνιόντων

369 2385 463 2441 ἐπὶ
509 2383 886 2456 Ἰερουσαλὴμ,
917 2381 1180 2456 ἐζητήθη,
1208 2384 1296 2437 ὅτε
1334 2385 1432 2454 οὐχ
1475 2383 1758 2455 εὑρίσκετο
1793 2383 1851 2435 ἐν
1883 2383 1950 2452 τῇ

367 2476 666 2548 ὁδοιπορίᾳ,
699 2475 775 2540 ὡς
804 2476 916 2546 ἔχει
949 2475 1008 2529 τὺ
1039 2477 1181 2530 κατὰ
1207 2478 1421 2530 Λουκᾶν
1449 2475 1796 2546 Εὐαγγέλιον.
1839 2475 1953 2530 Μέ-

372 2588 464 2625 σον
495 2570 552 2624 δὲ
580 2568 786 2624 τούτων
824 2567 934 2622 τῶν
971 2568 1110 2624 ἐτῶν
1151 2570 1376 2642 τελευτᾷ
1420 2570 1638 2641 Ἰωσὴφ,
1701 2569 1795 2623 καὶ
1853 2570 1951 2622 ἀν-

368 2660 582 2733 ετράφη
626 2660 810 2714 οὐκέτι
863 2660 968 2714 ὑπὸ
1017 2661 1107 2715 τὸν
1149 2661 1368 2732 Ἰωσὴφ,
1413 2661 1528 2715 ἀλλ’
1570 2663 1652 2726 εἰς
1687 2660 1778 2716 τὸν
1806 2659 1954 2719 οἶκον

369 2752 466 2808 τοῦ
517 2754 734 2824 Ἰωσήφ.
769 2753 932 2808 Ὅθεν
968 2754 1154 2809 οὐκέτι
1187 2754 1248 2808 τὺ
1273 2755 1603 2824 Εὐαγγέλιον
1632 2755 1829 2826 φάσκει
1861 2755 1953 2811 λέ-

373 2835 815 2913 γον,ὃτι⁷Ηλθεν
847 2845 876 2896 6
909 2845 1093 2916 πατὴρ
1130 2845 1320 2912 αὐτοῦ,
1351 2849 1446 2901 καὶ
1474 2849 1507 2919 ή
1549 2849 1732 2920 μήτηρ
1767 2846 1952 2911 αὐτοῦ,

373 2932 468 2987 καὶ
504 2933 555 2985 oi.
603 2932 854 3003 ἀδελφοίο
903 2935 1041 3003 ἀλλ’,
1088 2935 1244 2992 Ἰδοὺ
1294 2937 1333 3006 ἠ
1363 2938 1560 3008 μήτηρ
1589 2953 1728 3003 σου,
1774 2937 1872 2993 καί
1900 2940 1957 2992 οἱ

373 3025 627 3095 ἀδελφοί
652 3042 771 3082 σου
797 3028 914 3093 ἔξω
960 3030 1316 3098 ἑστήκασιν.
1371 3033 1511 3086 Ἀλλ’
1539 3032 1663 3086 οὗτε
1705 3032 1795 3087 ὅτε
1841 3032 1958 3086 ἐλε-

374 3133 469 3186 γον
513 3117 664 3190 αὐτῷ
695 3120 754 3174 έν
797 3123 861 3192 τῇ
907 3122 1179 3196 Ἰδουμαίᾳ
1228 3125 1275 3156 ὀ
1313 3125 1522 3191 Οὐδεὶς
1553 3124 1740 3179 ταῦτα
1771 3125 1958 3179 ποιῶν

376 3208 534 3266 θέλει
563 3211 636 3266 ἐν
678 3213 920 3282 κρυπτῷ
957 3210 1131 3269 εῖναι.
1178 3217 1249 3270 El
1291 3217 1480 3273 ταῦτα
1532 3217 1739 3284 ποιεῖς,
1775 3217 1957 3287 φανέ-

372 3304 574 3371 ρωσόν
601 3304 866 3359 σεαυτὸν
887 3335 905 3363 ν
958 3306 1059 3359 οὐκ
1100 3300 1273 3372 εἶπεν,
1304 3304 1567 3361 ὅτιΕἷπεν
1596 3307 1744 3378 αὐτῷ
1789 3311 1818 3362 6
1853 3325 1958 3361 πα-

375 3394 480 3466 τήρ
519 3394 706 3460 αὑτοῦ,
756 3396 853 3450 καὶ
894 3397 942 3450 oi
995 3397 1215 3468 ἀδελφοὶ
1261 3397 1453 3462 αὐτοῦ,
1493 3397 1610 3452 ἀλλ’
1660 3400 1708 3453 οἱ
1738 3398 1960 3468 ἀδελφοὶ

377 3486 562 3556 αὑτοῦ,
596 3487 673 3552 ὡς
699 3488 796 3542 τοῦ
838 3489 1036 3560 Ἰωσὴφ
1080 3490 1279 3562 μηκέτι
1323 3491 1661 3562 ὑπάρχοντος
1711 3491 1857 3546 κατὰ
1898 3492 1961 3544 τὸ

380 3582 558 3655 σῶμα.
590 3579 724 3639 Εῖτα
770 3584 826 3638 δὲ
871 3584 957 3638 ἐπ’
982 3585 1118 3658 αὐτῇ
1147 3589 1212 3656 τῇ
1240 3587 1538 3651 τελειώσει,
1583 3588 1672 3641 ὅτε
1699 3588 1729 3640 6
1770 3584 1961 3658 Σωτὴρ

377 3674 436 3726 ὲν
472 3673 551 3746 τῷ
583 3675 801 3746 σταυρῷ
841 3675 1090 3748 ἔστηκεν,
1137 3677 1213 3741 ώς
1261 3677 1372 3749 ἔχει
1405 3678 1466 3732 τὸ
1514 3678 1656 3732 κατὰ
1711 3677 1962 3747 Ἰωάννην

380 3767 727 3837 Εὑαγγέλιον,
777 3769 1088 3839 Στραφεὶς,
1142 3771 1327 3841 φησὶν,
1365 3767 1482 3824 εἶδε
1527 3770 1636 3824 τὸν
1657 3768 1959 3841 μαθητὴν,

379 3861 462 3915 ὃν
484 3859 690 3932 ἠγάπα
722 3863 756 3916 ό
788 3863 1023 3942 Κύριος,
1057 3861 1152 3916 καὶ
1183 3859 1334 3916 εἶπεν
1372 3863 1520 3934 αὐτῷ
1561 3865 1690 3934 περὶ
1717 3863 1958 3935 Μαρίας·

391 3952 548 4009 Ἰδοὺ
591 3955 631 4023 ἠ
659 3953 861 4024 μήτηρ
891 3969 1041 4008 σου·
1105 3955 1199 4007 καὶ
1229 3957 1294 4026 τῇ
1322 3955 1458 4027 αὐτῇ
1501 3955 1681 4024 λέγει’
1738 3955 1885 4010 Ἰδοὺ
1931 3958 1964 4008 ὀ

379 4044 509 4110 υἱός
535 4057 674 4100 σου.
708 4046 772 4098 Ei
801 4041 942 4117 ἦσαν
982 4046 1039 4098 δὲ
1063 4045 1229 4100 τέκνα
1252 4049 1317 4118 τῇ
1347 4046 1558 4118 Μαρίᾳ,
1587 4045 1681 4100 καὶ
1708 4049 1756 4100 εί
1790 4046 1964 4117 ὑπῆρ-

379 4151 474 4209 χεν
517 4137 654 4209 αὺτῇ
691 4135 854 4209 ἀνὴρ,
883 4138 988 4191 τίνι
1020 4137 1164 4208 λόγῳ
1193 4138 1479 4209 παρεδίδου
1511 4138 1611 4209 τὴν
1643 4137 1861 4210 Μαρίαν
1887 4136 1966 4208 τῷ

391 4228 634 4302 Ἰωάννῃ,
687 4230 778 4284 καὶ
824 4228 916 4282 τὸν
958 4230 1210 4301 Ἰωάννην
1244 4232 1309 4301 τῇ
1355 4230 1575 4301 Μαρίᾳ;
1623 4231 1738 4283 Τίνι
1784 4231 1842 4284 δὲ
1887 4229 1966 4300 τῷ

377 4321 524 4393 λόγῳ
574 4321 770 4392 Πέτρῳ
843 4321 1044 4393 μᾶλλον
1089 4323 1150 4376 οὐ
1197 4321 1568 4393 παραδίδωσι;
1615 4321 1721 4376 τίνι
1770 4322 1828 4376 δὲ
1887 4321 1967 4391 τῷ

377 4412 524 4484 λόγῳ
585 4411 846 4485 Ἀνδρέᾳ,
906 4413 1172 4485 Ματθαίῳ
1240 4430 1298 4466 τε
1367 4413 1462 4467 καὶ
1526 4413 1964 4484 Βαρθολομαίῳ;

2047 549 2211 602 tertio
2270 562 2332 602 ae
2384 548 2668 603 tricesimo
2721 548 2977 604 Christus
3024 547 3359 604 Bethlehemi
3421 547 3623 605 Judaxe

2046 639 2313 703 nascitur,
2370 638 2596 709 Augusti
2647 654 2778 695 vero
2835 654 2968 695 xLu.
3021 639 3226 696 Deinde
3275 649 3400 712 post
3448 656 3624 704 annos

2047 731 2185 786 duos
2216 731 2270 785 in
2317 730 2612 801 Egyptum
2665 731 2734 784 ab
2771 730 3008 802 Josepho
3056 739 3462 802 transportatus
3504 741 3623 796 est.

2049 838 2171 876 cum
2195 804 2457 877 .IIerodcs
2479 824 2550 876 oh
2571 837 2658 887 ea,
2689 837 2811 892 quae
2836 824 2976 895 magi
3004 825 3472 889 renuntiaverant,
3494 841 3628 896 pue-

2047 929 2167 967 rum
2222 913 2289 967 ad
2341 930 2528 968 necem
2599 914 2920 984 requireret.
2987 913 3168 980 Quare
3222 917 3276 970 in
3329 915 3626 988 Egyptum

2050 1005 2327 1074 profectus
2357 1006 2580 1060 biennio
2625 1007 2738 1060 illic
2771 1014 3016 1062 moratus
3041 1016 3144 1062 est.
3187 1006 3316 1062 Post
3357 1008 3473 1062 haec
3522 1007 3622 1065 He-

2049 1091 2210 1148 rodes
2275 1093 2412 1148 obiit
2459 1108 2604 1148 anno
2663 1094 2817 1165 regni
2847 1095 2962 1150 ~sui
3018 1110 3226 1150 xxxvu.
3271 1096 3483 1169 105.2
3524 1097 3624 1153 Cui

2049 1184 2316 1242 successit
2359 1185 2659 1241 Archelaus
2705 1184 2868 1251 ﬁlius,
2903 1187 2994 1257 qui
3042 1204 3095 1242 ιι
3145 1189 3306 1244 annis
3359 1191 3627 1260 regnavit.

2049 1273 2124 1328 Ita
2159 1275 2506 1346 postmodum
2539 1276 2794 1332 Christus
2823 1293 2892 1333 eo
2930 1279 3099 1344 omni,
3136 1278 3295 1350 cujus
3327 1282 3500 1347 gratia
3541 1297 3634 1337 ve-

2050 1374 2226 1429 nerat,
2281 1367 2532 1422 absoluto
2572 1369 2812 1438 negotio,
2858 1369 2911 1424 in
2955 1385 3174 1425 crucem
3209 1372 3440 1438 tollitur,
3486 1387 3633 1428 anno

2049 1457 2252 1512 Tiberii
2284 1459 2518 1515 Caesaris
2548 1476 2706 1526 xvm,
2732 1461 2824 1532 qui
2853 1469 2972 1517 erat
2999 1463 3250 1534 Agrippa:
3282 1462 3487 1536 Magni,
3515 1465 3633 1521 sive

2051 1549 2282 1606 Herodis
2313 1551 2560 1607 Junioris
2591 1551 2840 1608 Archelai
2877 1553 2992 1620 ﬁlii,
3028 1557 3204 1611 annus
3235 1572 3327 1610 xx.
3348 1555 3630 1628 Nusquam

2048 1656 2180 1697 vero
2215 1640 2511 1712 Josephum
2549 1643 2861 1714 suscepisse
2909 1646 3112 1702 liberos
3153 1649 3484 1719 accepimus.
3526 1649 3635 1705 Sed

2052 1749 2226 1804 neque
2257 1745 2611 1805 Posteaquam
2641 1752 2706 1790 ex
2742 1735 2980 1808 Aigypto
3025 1739 3205 1805 rediit,
3249 1740 3340 1796 diu
3385 1744 3636 1813 supervi-

2058 1827 2154 1880 xit.
2186 1826 2390 1898 Agebat
2439 1837 2554 1882 tum
2584 1828 2838 1886 Christus
2885 1846 3090 1885 annum
3136 1832 3314 1888 anatis
3353 1845 3632 1905 quartum.

2055 1918 2329 1988 .losephus
2374 1934 2577 1973 Lxxxw
2627 1930 2962 1986 excesserat,
3011 1938 3136 1977 cum
3169 1939 3235 1979 ex
3271 1925 3507 1997 Atgypto
3549 1943 3636 1982 re-

2059 2023 2250 2064 versus
2277 2015 2382 2062 cst.
2417 2007 2546 2064 Post
2589 2010 2704 2064 haec
2733 2011 2856 2067 aliis
2896 2028 2992 2067 vm
3023 2014 3175 2069 vixit.
3214 2013 3348 2069 Nam
3379 2017 3636 2074 Christus

2060 2113 2262 2153 annum
2299 2114 2466 2170 agens
2499 2116 2598 2166 xu,
2629 2115 2754 2154 cum
2801 2101 3233 2175 Hierosolymam
3273 2105 3504 2176 profecti
3549 2118 3641 2166 es-

2059 2198 2215 2253 sent,
2261 2191 2524 2260 quaesitus
2571 2200 2674 2254 est,
2707 2192 2853 2261 quod
2898 2193 2951 2246 in
2999 2194 3194 2250 itinere
3224 2211 3332 2250 nou
3367 2205 3514 2252 esset
3545 2213 3638 2254 re—

2062 2292 2269 2350 pertus,
2313 2289 2371 2336 ut
2401 2281 2561 2336 Luca!
2595 2291 2827 2338 testatur
2854 2283 3206 2357 Evangelium
3230 2288 3268 2341 ³.
3304 2287 3474 2345 Porro
3501 2305 3641 2347 non-

2060 2375 2188 2429 dum
2213 2374 2449 2430 evolutis
2479 2375 2640 2430 annis
2663 2376 2770 2432 illis
2798 2376 3071 2448 Josephus
3101 2379 3356 2448 moritur,
3387 2397 3450 2437 ac
3477 2380 3641 2440 Jesus

2061 2483 2170 2522 non
2205 2468 2440 2539 amplius
2476 2468 2578 2524 sub
2611 2468 2728 2533 illo,
2765 2469 2859 2524 sed
2907 2469 2960 2523 in
3007 2469 3126 2541 ejus
3169 2472 3329 2528 domo
3373 2473 3644 2531 duntaxat

2061 2562 2329 2618 educatus
2357 2571 2462 2618 est.
2499 2561 2637 2617 Hinc
2681 2571 2766 2618 est
2795 2564 2938 2634 quod
2970 2565 3030 2642 in
3056 2565 3348 2639 Evangelio
3387 2585 3496 2642 non
3525 2569 3642 2640 jam

2063 2657 2195 2711 illud
2231 2656 2434 2712 dicitur
2461 2675 2474 2711 :
2503 2656 2666 2712 Venit
2694 2666 2848 2728 pater
2887 2641 3083 2728 ipsius,
3115 2667 3169 2714 et
3210 2669 3406 2727 mater,
3437 2641 3492 2718 et
3535 2663 3645 2718 fra-

2062 2757 2175 2805 tres
2212 2748 2332 2819 ejus
2356 2791 2370 2816 ,
2407 2748 2498 2805 sed
2532 2764 2547 2803 :
2583 2748 2714 2804 Ecce
2745 2759 2910 2804 mater
2951 2761 3063 2815 tua,
3100 2761 3149 2806 et
3182 2753 3376 2822 fratres
3407 2757 3483 2809 tui
3511 2755 3644 2826 foris

2062 2851 2207 2897 stant
2232 2844 2286 2912 ‘;
2316 2841 2410 2899 sed
2436 2857 2613 2913 neque
2636 2859 2759 2898 cum
2789 2845 2843 2898 in
2873 2843 3094 2900 Calibea
3123 2845 3202 2901 sic
3227 2846 3377 2900 illum
3404 2849 3647 2920 alloque-

2062 2943 2255 2990 rentur
2283 2953 2296 2989 :
2324 2934 2494 2990 Nemo
2539 2935 2648 2990 hazc
2712 2954 2870 3007 agens
2905 2938 2960 2990 in
3008 2940 3212 2992 occulto
3256 2941 3451 2994 versari
3483 2944 3642 3010 cupit.

2065 3027 2124 3083 Si
2175 3028 2287 3082 ha’c
2337 3027 2506 3097 facis,
2548 3027 2720 3096 prazbe
2759 3037 2807 3081 te
2859 3028 3270 3097 manifestum“:
3320 3045 3428 3085 non
3462 3032 3642 3088 dixit:

2063 3120 2228 3177 Pater
2266 3121 2440 3192 ipsius
2464 3131 2515 3177 et
2545 3122 2766 3186 fratres,
2808 3121 2902 3177 sed
2945 3121 3144 3176 fratres
3181 3122 3376 3192 ipsius,
3406 3139 3469 3178 eo
3497 3125 3647 3194 quod

2059 3209 2332 3283 Joscphus
2360 3213 2416 3266 in
2446 3227 2677 3283 corpore
2724 3227 2849 3267 esse
2887 3211 3166 3270 desiisset.
3212 3211 3358 3280 Quin
3379 3215 3545 3271 etiam
3589 3217 3648 3274 in

2061 3307 2183 3376 ipso
2217 3305 2343 3359 vita:
2374 3305 2545 3370 exitu,
2597 3319 2721 3358 cum
2765 3303 3018 3360 Christus
3051 3304 3108 3358 in
3156 3319 3321 3360 cruce
3363 3307 3646 3377 penderet,

2063 3407 2122 3454 ut
2152 3399 2207 3454 in
2243 3397 2472 3454 Joannis
2508 3395 2802 3468 Evangelia
2829 3397 3092 3466 scriptum
3127 3398 3287 3453 est“:
3318 3399 3649 3470 Conversus,

2064 3487 2262 3558 inquit,
2299 3485 2427 3541 vidit
2471 3486 2812 3554 discipulum,
2863 3502 3012 3556 quem
3053 3485 3309 3557 diligebat
3356 3487 3650 3562 Dominus,

2063 3578 2223 3648 eique
2254 3577 2324 3634 de
2356 3577 2526 3634 Maria
2562 3580 2738 3636 dixit:
2773 3580 2907 3636 Ecce
2938 3591 3106 3639 mater
3130 3594 3266 3650 tua;
3298 3591 3411 3639 tum
3445 3587 3605 3642 matri
3631 3606 3649 3646 :

2065 3669 2201 3724 Ecce
2235 3669 2383 3740 ﬁlius
2417 3680 2559 3727 tuus.
2606 3674 2774 3744 Atqui
2803 3674 2848 3728 si
2885 3673 3049 3731 Maria
3092 3679 3295 3736 liberos
3343 3681 3650 3747 habuisset,

2067 3772 2160 3817 aut
2194 3771 2472 3833 superstes
2510 3765 2595 3819 vir
2640 3765 2762 3834 ejus
2816 3766 3031 3833 fuisset,
3081 3785 3181 3825 cur
3223 3773 3372 3826 illam
3417 3771 3650 3839 Joanui,

2063 3846 2331 3906 Joannem
2380 3850 2457 3905 illi
2497 3854 2943 3911 commendaret?
2986 3856 3186 3913 Verum
3222 3875 3322 3914 cur
3351 3876 3459 3916 non
3490 3861 3652 3918 Petro

2065 3942 2271 4011 potius,
2319 3945 2404 4000 vel
2445 3945 2697 4013 Andreze,
2743 3950 2827 4004 vel
2887 3945 3142 4005 Matthaeo
3189 3951 3652 4010 Bartholomaeove

2067 4037 2452 4095 commendat?
2485 4027 2753 4094 Nimirum
2788 4039 2985 4096 Joanni
3019 4054 3240 4115 propter
3276 4044 3652 4116 virginitatem

2069 4128 2172 4182 hoc
2202 4129 2393 4184 tribuit
2420 4148 2432 4181 :
2460 4129 2614 4196 Ecce,
2654 4132 2851 4202 inquit,
2893 4147 3060 4189 mater
3097 4145 3210 4190 tua.
3243 4134 3569 4208 Quanquam
3604 4139 3652 4194 si

2067 4235 2270 4291 corpus
2321 4220 2675 4289 consideres,
2727 4223 2954 4283 Joannis
3001 4235 3176 4284 mater
3209 4245 3319 4284 non
3353 4241 3505 4296 erat,
3556 4232 3653 4288 sed

2068 4327 2188 4368 eam
2240 4315 2416 4386 ipsam
2461 4316 2793 4388 virginitatis
2827 4335 2954 4375 esse
2993 4321 3294 4392 principem
3341 4323 3654 4395 signiﬁcare

2069 4405 2271 4471 voluit,
2322 4406 2582 4476 quoniam
2643 4408 2711 4462 ab
2762 4409 2853 4463 illa
2902 4410 3011 4464 vita
3061 4415 3351 4481 processit.
3407 4413 3491 4468 Ad
3537 4413 3654 4471 haec

392 4503 554 4557 Ἀλλά
597 4503 877 4573 δῆλον,ὃτι
917 4505 1137 4576 Ἰωάννῃ
1193 4503 1277 4557 διὰ
1305 4504 1401 4575 τὴν
1443 4504 1774 4576 παρθενίαν·
1817 4498 1955 4571 Ἰδοὺ

2067 4495 2359 4562 Joannem,
2411 4495 2538 4552 Iicet
2575 4499 2786 4556 alienus
2817 4516 2882 4557 ac
2927 4503 3152 4559 minime
3187 4505 3533 4577 propinquus
3561 4522 3652 4563 es-

377 4596 489 4668 γὰρ
509 4597 547 4665 ἡ
564 4595 762 4666 μήτηρ
781 4612 921 4651 σου.
948 4597 1140 4651 Καίτοι
1160 4614 1222 4666 γε
1249 4597 1348 4649 οὐκ
1369 4593 1437 4667 ἦν
1468 4598 1651 4669 μήτηρ
1677 4595 1842 4651 αὐτοῦ
1867 4596 1955 4649 τοῦ

2069 4597 2174 4653 set,
2201 4589 2386 4645 verbis
2410 4589 2520 4646 illis
2546 4590 2740 4647 affatus
2768 4603 2874 4659 est,
2900 4594 2978 4648 uti
3006 4605 3234 4651 matrem
3268 4597 3649 4656 honorandam

391 4688 640 4744 Ἰωάννου
673 4689 815 4743 κατὰ
855 4690 1066 4761 σάρκα*
1109 4690 1222 4743 ἀλλ’
1254 4690 1343 4744 ἵνα
1373 4690 1520 4761 δείξῃ
1551 4691 1719 4762 αὐτὴν
1752 4691 1955 4762 μητέρα

2067 4697 2192 4738 esse
2236 4690 2587 4739 monstraret.
2635 4685 2912 4757 Siquidem
2948 4703 3014 4742 ex
3054 4688 3146 4742 illa
3181 4686 3469 4755 Dominus,
3504 4692 3652 4763 quod

378 4780 623 4851 ἀρχηγὸν
649 4780 749 4850 τῆς
775 4780 1069 4851 παρθενίας
1089 4797 1102 4810 ·
1148 4782 1332 4852 ἐπειδὴ
1363 4781 1422 4846 ἐξ
1447 4782 1616 4853 αὐτῆς
1643 4784 1676 4852 ή
1721 4781 1835 4852 ζωὴ
1862 4777 1928 4853 ἦν
1947 4799 1963 4814 ο

376 4871 474 4924 καὶ
499 4870 577 4941 τῷ
615 4871 857 4944 Ἰωάννῃ,
875 4871 1052 4924 καίτοι
1080 4889 1142 4938 γε
1168 4871 1282 4925 ὄντι
1301 4873 1443 4926 κατὰ
1474 4873 1652 4943 σάρκα
1677 4872 1964 4943 ἀλλοτρίῳ,

379 4962 586 5031 ἒλεγεν,
633 4961 720 5015 ἵνα
765 4962 952 5034 διδάξῃ
999 4966 1163 5035 τιμᾷν
1198 4964 1298 5036 τὴν
1339 4963 1475 5018 ίδίαν
1521 4963 1685 5018 αὐτοῦ
1730 4964 1963 5036 μητέρα,

377 5058 462 5110 ὅτι
487 5055 562 5126 τῷ
607 5055 706 5126 μὲν
738 5055 853 5109 ὄντι
893 5056 1033 5110 κατὰ
1075 5057 1255 5126 σάρκα
1296 5057 1355 5121 ἐξ
1389 5057 1558 5126 αὐτῆς
1587 5057 1750 5120 αὐτὸς
1774 5056 1803 5107 6
1852 5055 1966 5110 Κύ-

381 5164 499 5220 ριος
558 5147 902 5219 γεγέννηται,
956 5147 1043 5200 ἵνα
1090 5149 1163 5218 μή
1204 5166 1288 5212 τις
1337 5147 1533 5218 νομίσῃ
1566 5148 1786 5218 δόκησιν
1829 5143 1967 5201 εἶναι

378 5241 478 5312 τὴν
527 5240 934 5311 πραγματείαν,
976 5240 1070 5293 καὶ
1097 5241 1197 5293 οὐκ
1239 5240 1516 5309 ἀλήθειαν.
1563 5238 1623 5292 Ei
1658 5240 1732 5310 μή
1764 5239 1872 5311 γάρ
1899 5236 1967 5310 ἦν

378 5332 544 5389 αὐτοῦ
579 5332 794 5397 άληθῶς
839 5334 1020 5404 μήτηρ
1069 5332 1208 5386 κατὰ
1263 5332 1442 5403 σάρκα
1479 5333 1732 5402 κυήσασα
1778 5332 1962 5396 αὐτὸν,

451 5495 468 5526 ¹
506 5493 564 5547 F.
592 5495 901 5566 δωδεκάτῳ.

1002 5497 1022 5526 ¹
1051 5493 1111 5550 I“.
1145 5494 1202 5546 ἐν
1238 5496 1306 5564 τῇ
1340 5495 1620 5568 Γαλιλαίᾳ.

378 5564 446 5618 Ξθ
481 5582 506 5621 s
525 5582 602 5637 1q.

1735 5495 1756 5526 ³
1788 5493 1919 5549 Luc.
1959 5499 2018 5560 ιἰ,
2044 5493 2132 5548 62.

2068 4772 2138 4827 ad
2173 4787 2374 4844 corpus
2406 4774 2620 4840 attinet,
2665 4792 2852 4832 revera
2901 4788 3061 4834 natus
3099 4789 3204 4846 est,
3246 4797 3316 4836 ne
3359 4784 3484 4854 quis
3536 4783 3650 4838 for-

2067 4872 2218 4920 tasse
2263 4873 2437 4921 totum
2471 4867 2872 4924 incarnationis
2917 4871 3197 4942 negotium
3237 4879 3391 4942 putet
3425 4883 3652 4929 externa

2069 4957 2282 5026 specie,
2333 4974 2442 5014 non
2495 4959 2728 5018 veritate
2777 4971 3054 5020 constare.
3110 4964 3322 5036 1053
3359 4963 3495 5020 Nam
3545 4966 3650 5022 nisi

2071 5065 2198 5106 vere
2239 5062 2414 5107 mater
2449 5053 2570 5123 ejus
2604 5055 2926 5122 exstitisset,
2963 5071 2992 5112 a
3025 5071 3133 5127 qua
3164 5071 3388 5111 carnem
3434 5070 3647 5128 accepe-

2071 5153 2176 5209 rat,
2210 5159 2438 5215 quaeque
2467 5146 2648 5217 ipsum
2677 5156 2983 5218 pepererat,
3007 5162 3116 5202 non
3152 5154 3357 5202 tantam
3389 5148 3436 5202 ei
3461 5162 3647 5203 curant

2071 5237 2394 5303 adhiberet,
2429 5246 2489 5292 ut
2526 5250 2844 5310 perpetuam
2889 5239 3166 5309 Virginem
3198 5239 3608 5295 commendaret
3638 5258 3653 5305 ;

2071 5345 2194 5398 quae
2221 5339 2276 5383 et
2308 5338 2483 5385 mater
2508 5331 2580 5385 ob
2606 5341 2922 5400 susceptum
2945 5343 3009 5383 ex
3053 5329 3172 5399 ipsa
3199 5344 3401 5400 corpus
3436 5329 3652 5398 fuisset,

2235 5494 2256 5526 "
2282 5491 2416 5548 Luc.
2453 5509 2573 5557 vnl,
2594 5489 2686 5549 20.
2834 5491 2994 5544 Joan.
3023 5505 3122 5556 vn,
3140 5491 3197 5545 4.

3297 5491 3318 5522 ⁸
3344 5491 3509 5548 Joau.
3537 5507 3650 5560 xu,

377 5698 512 5756 tomi
556 5699 756 5770 prioris
795 5697 974 5770 (hujus
1002 5696 1353 5770 editstfolum.
1383 5695 1433 5761 I,
1479 5696 1742 5770 4301.275)
1768 5739 1783 5763 ,
1826 5695 2136 5770 animavit,
2189 5691 2458 5749 Herodem
2489 5693 2784 5768 Agrippam
2826 5690 3016 5750 fuisse.
3059 5690 3183 5749 Fuit
3215 5693 3361 5750 enim
3395 5694 3634 5753 Herodes

379 5766 608 5842 Antipas
633 5766 863 5825 Herodis
916 5767 1093 5838 Magni
1136 5767 1299 5828 ﬁlius.
1345 5776 1404 5821 ut
1445 5767 1509 5822 ad
1542 5768 1692 5823 illum
1731 5768 1908 5824 locum
1949 5766 2296 5823 observatum
2322 5772 2427 5820 est.

663 5861 743 5920 ΡΑ
760 5880 936 5922 τοι-ιι..
971 5861 1086 5920 (in.
1136 5859 1329 5920 XLII.

3279 5859 3360 5917 23
3452 5891 3454 5893 ,
