3994 6224
331 349 438 404 τις

1701 338 1760 393 S.
1805 333 2147 394 EPiPllANll

3489 325 3596 383 ⁸718

331 474 386 524 et
417 464 486 521 ob
518 462 666 522 illius
718 461 982 517 honorem
1015 466 1180 530 atque
1212 455 1534 513 admirabile
1564 456 1813 526 corporis
1838 456 1922 512 sui

2048 455 2126 508 .t'm
2171 450 2238 506 ἂν
2277 448 2405 522 περὶ
2460 447 2630 519 αὐτῆς
2679 446 2786 519 τὴν
2830 444 3148 519 ἐπιμέλειαν
3193 444 3431 500 ἐποιεῖτο
3469 443 3491 476 ³
3539 443 3602 495 τὺ

333 573 431 614 vas
462 555 668 611 nuilam
710 553 886 608 labem
918 550 1251 608 admisisset.
1289 549 1394 608 Sed
1445 549 1619 621 pergit
1665 546 1912 619 Evange-

335 648 493 709 lium,
531 656 606 710 et,
638 644 722 699 Ea:
751 644 874 710 illa,
911 644 1107 714 inquit,
1143 644 1226 698 die
1257 643 1453 712 accepit
1485 657 1602 696 eam
1622 640 1912 710 discipulus

337 742 408 796 ad
444 756 572 795 sese.
608 736 770 808 Atqui
805 738 850 794 si
881 746 935 792 et
963 738 1138 792 virum
1171 737 1418 800 haberet,
1464 742 1518 791 et
1565 733 1811 797 domum,
1860 740 1915 786 et

336 833 560 896 liberos,
595 830 660 886 ad
701 844 799 886 sua
832 829 1037 901 p0tius,
1071 844 1237 900 quam
1269 829 1336 883 ad
1367 827 1608 883 alienum
1645 840 1768 882 sese
1792 838 1920 880 con-

337 923 523 978 ferret.

408 1093 500 1148 XI.
534 1094 735 1150 Vereor
767 1110 835 1150 ne
868 1095 974 1151 hoc
1024 1095 1204 1166 ipsum
1248 1091 1397 1164 quod
1443 1092 1679 1148 dicimus
1741 1088 1919 1145 fraudi

342 1184 414 1238 sit
443 1184 742 1255 aliquibus,
777 1191 837 1239 ut
859 1184 933 1238 ad
969 1183 1394 1239 contubernales
1433 1197 1498 1236 ac
1528 1181 1756 1238 dilectas
1783 1194 1922 1251 quas

340 1285 544 1330 vocant
587 1275 820 1331 feminas
881 1275 1194 1331 retinendas
1259 1272 1431 1344 (quod
1475 1287 1645 1344 genus
1687 1271 1925 1343 pessimo

346 1368 450 1422 sibi
486 1369 651 1422 ammi
682 1382 868 1424 errore
885 1365 1178 1421 machinati
1217 1365 1368 1435 sunt)
1399 1409 1414 1433 ,
1463 1364 1650 1420 fucum
1680 1363 1808 1419 inde
1834 1363 1928 1418 ali-

347 1473 509 1528 quem
560 1469 614 1512 et
641 1459 879 1513 colorem
911 1456 1210 1512 arcessisse
1239 1455 1550 1511 videantur.
1581 1452 1781 1508 Verum
1814 1453 1927 1508 illic

347 1557 498 1605 certa
552 1549 790 1619 quadam
852 1547 1210 1619 providentia:
1259 1547 1473 1602 ratione
1547 1543 1928 1600 administrata

350 1649 480 1699 sunt
505 1641 725 1708 omnia;
759 1641 832 1696 ita
849 1648 907 1696 ut
937 1647 1112 1694 totum
1146 1640 1251 1695 hoc
1283 1637 1559 1709 negotium
1595 1637 1665 1693 ab
1695 1636 1929 1692 aliorum

350 1735 620 1799 omnium,
655 1748 776 1805 quae
802 1749 865 1788 ex
900 1731 993 1788 Dei
1023 1730 1282 1786 mandato
1303 1729 1610 1801 praestanda
1630 1737 1780 1794 sunt,
1815 1727 1931 1785 otii-

2016 545 2353 620 παραδοῦναι
2383 544 2484 616 τὴν
2520 541 2924 614 ’Λειπάρθενον,
2957 541 3166 613 μητέρα
3197 541 3295 612 μὲν
3323 541 3608 609 γεγονυῖαν

2015 640 2103 692 διὰ
2151 639 2248 709 τὴν
2286 636 2626 707 οἰκονομίαν,
2671 634 2942 705 ἄχραντον
2988 634 3045 687 δὲ
3089 633 3176 688 διὰ
3207 633 3306 704 τὴν
3339 631 3479 704 πρὸς
3519 631 3610 684 τὸν

2017 730 2179 784 αὑτὸν
2217 730 2404 800 τιμὴν,
2435 730 2530 784 καὶ
2565 729 2627 782 τὸ
2675 727 2870 790 σκεῦος
2901 726 2962 780 τὸ
2992 725 3324 797 θαυμαςῖτόν.
3355 724 3519 792 Λέγει
3552 723 3612 780 δέ

2017 824 2078 877 τὸ
2095 822 2425 892 Εὐαγγέλιον
2447 838 2460 852 ’
2492 822 2602 876 Καὶ
2618 819 2736 875 ἀπὸ
2758 819 2869 888 τῆς
2889 817 3114 888 ἡμέρας
3143 818 3379 885 ἐκείνης
3393 815 3614 871 ἔλαϐον

2017 915 2212 983 αὐτὴν
2223 913 2372 983 πρὸς
2385 913 2618 968 ἑαυτόν.
2635 914 2699 966 Εἰ
2712 911 2766 965 δὲ
2781 906 2924 982 εἶχεν
2946 910 3134 981 ἄνδρα,
3154 911 3202 963 εἰ
3218 905 3363 980 εἶχεν
3379 904 3549 974 οἷκον,
3562 907 3612 960 εί

2022 1001 2135 1077 εἶχε
2152 1005 2334 1069 τέκνα,
2351 1007 2431 1068 είς
2450 1005 2519 1057 τὰ
2548 1004 2654 1056 ῐδια
2667 1001 2954 1074 ἀνεχώρει,
2976 1001 3038 1053 οὑ
3055 1000 3192 1074 πρὸς
3207 1000 3297 1053 τὸν
3315 999 3613 1070 ἀλλότριον.

2093 1098 2196 1151 lA'.
2235 1095 2394 1150 Ἀλλά
2448 1095 2522 1168 μὴ
2561 1095 2723 1148 τοῦτο
2772 1095 2989 1166 στραφῇ
3021 1095 3097 1156 είς
3127 1092 3335 1164 βλάϐην
3367 1091 3444 1163 (1)
3473 1090 3609 1154 τισὶ,

2025 1187 2118 1240 καὶ
2144 1185 2368 1250 δόξωσιν
2415 1186 2474 1238 ἐν
2509 1183 2683 1255 τούτῳ
2736 1183 3037 1254 λαμϐάνειν
3075 1181 3374 1254 πρόφασιν,
3406 1195 3620 1234 συνεισ-

2025 1279 2226 1342 άκτους
2256 1278 2350 1332 καὶ
2371 1277 2660 1348 ἁγαπητὰς
2681 1275 3117 1346 ἐπικαλουμένας
3151 1275 3365 1336 ἑαυτοῖς
3387 1274 3622 1326 ἐπινοεῖν

2024 1371 2112 1425 διὰ
2141 1370 2524 1442 κακομήχανον
2554 1368 2834 1423 ὑπόνοιαν.
2852 1369 3063 1421 Ἐκεῖσε
3081 1365 3190 1437 γὰρ
3211 1364 3280 1419 τὰ
3317 1365 3621 1436 πράγματα

2030 1461 2292 1526 ἐτελεῖτο,
2348 1461 2470 1513 κατ’
2520 1459 2835 1530 οἰκονομίαν
2869 1458 2927 1511 δὲ
2967 1456 3309 1529 διῃρημένων
3338 1456 3451 1511 τῶν
3481 1473 3624 1527 πραο

2029 1552 2257 1624 γμάτων
2285 1552 2394 1606 ἀπὸ
2421 1551 2522 1621 τῆς
2545 1549 2712 1620 ἄλλης
2731 1550 2947 1620 ἁπάσης
2975 1547 3116 1603 κατὰ
3145 1546 3280 1601 Θεὸν
3302 1545 3624 1618 ὀφειλούσης

2031 1642 2399 1714 φυλάττεσθαι
2425 1641 2733 1715 ἀκριϐείας.
2759 1641 2870 1695 Καὶ
2897 1640 3007 1712 γάρ
3025 1641 3113 1696 ὅτε
3141 1637 3303 1692 τοῦτο
3335 1639 3624 1710 γεγένητο,

2032 1735 2127 1789 καὶ
2191 1734 2526 1807 παρείληφεν
2565 1732 2734 1803 αὐτὴν
2790 1732 2926 1805 πρὸς
2971 1730 3183 1795 ἐαυτὸν,
3227 1729 3414 1785 οὐκέτι
3485 1746 3626 1801 παρ-

351 1827 563 1882 ciorum
612 1825 729 1896 lege
757 1830 904 1880 esset
941 1837 1005 1877 ac
1049 1821 1381 1878 necessitate
1415 1818 1746 1890 scjunct'um.
1779 1818 1930 1875 Prae—

2048 1825 2218 1896 Ξμεινε
2239 1824 2368 1896 παρ’
2389 1823 2556 1894 αὐτῷ.
2576 1823 2736 1877 Ἀλλὰ
2756 1823 2850 1877 καὶ
2873 1823 2922 1875 εί
2937 1820 3152 1875 δοκοῦσί
3172 1837 3314 1884 τινες
3341 1819 3630 1889 ἐσφάλθαι,

356 1925 504 1973 terea
539 1925 896 1988 posteaquam
939 1913 1074 1968 illud
1119 1914 1194 1968 ita
1241 1919 1454 1985 gestum
1495 1920 1602 1977 est,
1633 1920 1688 1967 et
1716 1912 1782 1967 ad
1813 1927 1935 1969 sese

355 2006 504 2060 illam
536 2005 770 2075 accepit,
803 2019 909 2058 non
939 2003 1176 2073 amplius
1223 2002 1366 2072 apud
1407 2001 1585 2072 ipsum
1611 2000 1933 2072 permansit.

355 2097 514 2164 Quod
566 2096 614 2152 si
666 2096 806 2150 falso
835 2095 1034 2165 jactari
1068 2093 1340 2164 quispiam
1375 2108 1406 2147 a
1437 2093 1598 2148 nobis
1633 2092 1934 2159 existimet,

356 2189 486 2246 licet
531 2200 815 2242 sacrarum
873 2175 1209 2239 Litterarum
1258 2183 1488 2254 vestigia
1524 2182 1858 2246 consectari,
1881 2182 1936 2236 in

357 2280 564 2350 quibus
595 2277 802 2332 nullam
821 2275 888 2332 de
923 2273 1104 2330 Maria:
1135 2274 1288 2329 obitu
1317 2275 1648 2330 mentionem
1683 2274 1938 2344 reperiet,

359 2381 574 2426 mortua
602 2369 673 2424 sit
731 2381 926 2433 necne,
965 2367 1180 2436 sepulta
1231 2380 1300 2419 an
1340 2379 1452 2419 non
1507 2365 1722 2436 sepulta
1754 2363 1937 2418 fuerit.

359 2461 439 2514 Ac
497 2474 621 2513 cum
661 2454 904 2511 Joannes
943 2455 1163 2508 interim
1213 2457 1270 2512 in
1323 2454 1508 2508 Asiam
1539 2452 1822 2524 profectus
1848 2454 1939 2518 sit,

360 2565 632 2621 nusquam
663 2559 842 2605 tamen
873 2548 932 2604 Β.
981 2547 1263 2618 Virginem
1301 2546 1515 2601 itineris
1551 2547 1807 2602 comitem
1856 2562 1944 2602 sev

361 2656 487 2695 cum
513 2641 666 2694 illum
700 2641 961 2696 habuisse
989 2636 1298 2709 significat;
1330 2635 1426 2691 sed
1450 2636 1519 2693 de
1545 2651 1610 2693 ea
1635 2652 1696 2694 re
1725 2639 1944 2710 penitus

365 2732 650 2802 Scriptura
681 2731 1023 2796 conticescit,
1057 2729 1109 2785 id
1137 2727 1281 2800 quod
1316 2738 1535 2800 pr0pter
1563 2730 1944 2789 admirationis

362 2822 762 2878 vehementiam
789 2820 993 2876 factum
1026 2819 1288 2883 arbitror,
1315 2833 1382 2872 ne
1413 2818 1698 2874 hominum
1730 2820 1944 2876 animos

363 2915 627 2985 majorem
661 2913 952 2985 quemdam
1021 2912 1077 2966 in
1129 2920 1409 2980 stuporem
1470 2911 1795 2981 conjicerct.
1832 2909 1946 2983 Ego

364 3004 508 3060 enim
532 3004 895 3075 pronuntiare
938 3002 1070 3057 illud
1097 3017 1311 3067 vereor,
1353 3009 1407 3057 et
1442 3002 1608 3056 tacita
1665 3001 1810 3073 apud
1857 3017 1947 3059 me

366 3099 697 3170 cogitatione
726 3107 987 3169 reputans
1019 3097 1154 3152 mihi
1193 3097 1470 3152 silentium
1500 3096 1704 3152 indico.
1734 3096 1947 3170 Quippe

2038 1917 2318 1989 ζητήσωσι
2341 1915 2410 1970 τὰ
2447 1915 2568 1986 ίχνη
2600 1913 2710 1968 τῶν
2747 1911 3005 1986 Γραφῶν,
3034 1911 3129 1964 καὶ
3157 1909 3392 1982 εὕρωσιν
3418 1909 3487 1963 ἂν
3507 1907 3633 1962 οὔτε

2039 2010 2269 2064 θάνατον
2328 2010 2568 2081 Μαρίας,
2626 2007 2753 2062 οὕτε
2809 2009 2858 2060 εἰ
2928 2004 3214 2076 τέθνηκεν,
3261 2002 3391 2057 οὔτε
3442 2004 3493 2057 ει
3559 2002 3636 2075 μὴ

2035 2103 2332 2174 τέθνηκεν·
2369 2100 2493 2155 οὔτε
2539 2101 2588 2153 εἰ
2645 2098 2937 2160 τέθαπται,
2973 2095 3099 2151 οὔτε
3146 2098 3194 2151 εί
3231 2095 3307 2168 μὴ
3339 2095 3632 2151 τέθαπται.

2039 2195 2234 2250 Καίτοι
2263 2211 2328 2264 γε
2355 2193 2451 2248 τοῦ
2490 2192 2741 2246 Ἰωάννου
2775 2192 2903 2263 περί
2934 2189 3033 2262 τὴν
3073 2189 3258 2244 Ἀσίαν
3285 2187 3636 2261 ἐνστειλαμέ-

2041 2303 2133 2340 νου
2161 2286 2260 2358 τὴν
2283 2285 2511 2355 πορείαν
2538 2301 2552 2315 ·
2589 2284 2684 2338 καὶ
2714 2281 2954 2354 οὐδαμοῦ
3001 2282 3171 2351 λέγει,
3199 2282 3282 2335 ὅτι
3322 2279 3637 2351 ἐπηγάγετο

2045 2377 2166 2450 μεθ’
2195 2377 2388 2431 ἑαυτοῦ
2429 2377 2530 2448 τὴν
2575 2376 2736 2446 ἁγίαν
2769 2375 3077 2447 Παρθένονο
3110 2373 3228 2427 ἀλλ’
3255 2373 3444 2436 ἁπλῶς
3475 2371 3637 2426 ἐσιὼ·

2050 2485 2228 2542 πησεν
2259 2470 2292 2540 ὴ
2315 2469 2507 2540 Γραφὴ
2530 2467 2618 2522 διὰ
2647 2467 2708 2520 τὸ
2733 2463 3070 2537 ὑπερϐάλλον
3093 2462 3186 2518 τοῦ
3223 2462 3527 2534 θαύματος,
3552 2463 3640 2515 ἵνα

2050 2561 2126 2631 μὴ
2159 2561 2239 2624 εἰς
2269 2559 2532 2632 ἔκπληξιν
2560 2559 2745 2630 ἀγάγῃ
2772 2556 2871 2628 τὴν
2901 2557 3140 2611 διάνοιαν
3168 2555 3276 2609 τῶν
3302 2554 3404 2608 ἀνθ
3415 2554 3618 2627 ρώπων

2060 2651 2206 2723 Ἐγὼ
2229 2651 2339 2722 γὰρ
2382 2651 2444 2708 οὐ
2483 2651 2667 2722 τολμῶ
2709 2649 2911 2719 λέγειν,
2939 2648 3079 2704 ἀλλὰ
3103 2647 3486 2718 διανοούμενος
3522 2663 3645 2707 σιω-

2048 2743 2155 2816 πὴν
2201 2743 2376 2798 ἀσκῶ.
2439 2741 2592 2815 Τάχα
2649 2743 2757 2815 γάρ
2802 2759 2905 2795 που
2956 2741 3051 2796 καὶ
3100 2741 3222 2812 ἴχνη
3277 2739 3513 2812 εὕρομεν
3539 2739 3640 2810 τῆς

2046 2834 2207 2904 ἁγίας
2243 2833 2457 2910 ἐκείνης
2483 2835 2578 2894 καὶ
2612 2834 2909 2906 μακαρίας,
2940 2831 3015 2897 ὼς
3040 2829 3163 2884 οὔτε
3196 2831 3376 2903 εὑρεῖν
3405 2829 3524 2885 ἐστι
3549 2831 3640 2884 τὸν

2049 2926 2280 2982 θάνατον
2311 2927 2500 2999 αὐτῆς.
2538 2928 2622 2998 lli]
2666 2927 2764 2992 μὲν
2803 2926 2912 2998 γὰρ
2949 2925 2977 2978 ὁ
3007 2922 3234 2996 Συμεὼν
3282 2924 3481 2993 φάσκει
3513 2925 3641 2995 περὶ

2050 3019 2250 3091 αὐτῆς·
2276 3018 2386 3074 Καὶ
2436 3017 2553 3076 σοῦ
2603 3016 2793 3086 αὐτῆς
2846 3015 2963 3085 τὴν
3004 3014 3220 3085 ψυχὴν
3269 3014 3641 3073 διελεύσεται

2042 3117 2334 3186 ῥομφαία,
2373 3114 2535 3182 ὅπως
2560 3111 3080 3182 ἀποκαλυφθῶσιν
3107 3111 3176 3165 ἐκ
3223 3109 3476 3166 πολλῶν·
3498 3127 3639 3179 καρ-

369 3192 516 3248 haud
547 3193 666 3248 scio
695 3207 762 3246 an
782 3192 849 3248 de
881 3191 1234 3247 sanctissima
1260 3191 1348 3244 illa
1385 3205 1449 3245 ac
1478 3191 1799 3247 beatissima
1825 3189 1945 3246 Vir-

2048 3178 2608 3276 διάλοτισλιοί
2641 3221 2655 3235 ⁸
2688 3205 2765 3277 ari}
2780 3178 2969 3275 ﬁeri};
3011 3203 3434 3274 Ἀποκαλύψεως
3469 3178 3640 3258 Ἰωάν-

364 3286 496 3356 gine
548 3285 785 3339 obscura
838 3282 1088 3354 quaedam
1145 3282 1379 3338 inveniri
1431 3283 1658 3354 vestigia
1713 3284 1948 3355 possint,

367 3392 490 3447 qua:
555 3377 823 3431 incertam
885 3375 1044 3430 nobis
1085 3375 1230 3430 illius
1279 3375 1474 3429 mortis
1519 3375 1678 3432 fidem
1725 3375 1948 3433 faciant.

370 3469 504 3524 Nam
538 3484 602 3523 ex
634 3483 739 3522 una
766 3476 918 3538 parte
949 3467 1082 3522 illud
1118 3467 1385 3531 occurrit,
1424 3468 1570 3538 quod
1594 3467 1662 3523 de
1702 3469 1792 3522 illa
1827 3485 1954 3542 pro-

371 3557 590 3613 nuntiat
619 3574 632 3610 :
670 3558 740 3610 Et
789 3565 934 3608 tuam
967 3556 1132 3624 ipsius
1165 3555 1402 3608 animant
1444 3555 1687 3624 pervadat
1715 3557 1952 3628 gladius,

373 3658 429 3702 ut
473 3655 774 3718 relegantur
820 3661 886 3700 ea:
931 3647 1219 3701 multorum
1264 3647 1507 3702 cordibus
1538 3650 1884 3720 cogitationes
1911 3652 1951 3704 ³.

373 3740 610 3795 Aliunde
644 3754 774 3795 vero
806 3739 860 3794 in
893 3739 1224 3811 Apocalypsi
1253 3739 1486 3798 Joannis
1525 3741 1778 3812 legimus.
1829 3741 1956 3797 dra-

373 3845 564 3887 conem
595 3831 860 3887 adversus
889 3830 1175 3886 mulierem
1221 3845 1569 3901 properasse,
1601 3847 1722 3906 quae
1749 3849 1954 3890 marem

372 3932 658 3996 pepererat
688 3939 700 3976 :
725 3930 779 3980 et
805 3923 964 3980 datas
987 3923 1037 3978 ci
1067 3938 1192 3978 esse
1215 3938 1422 3994 pennas
1446 3925 1661 3995 aquilae,
1694 3933 1747 3981 et
1775 3933 1960 3984 trans-

373 4019 538 4072 latam
568 4031 691 4074 esse
741 4017 797 4072 in
824 4016 1124 4082 desertum,
1149 4031 1220 4072 ne
1257 4031 1375 4072 eam
1403 4016 1570 4072 draco
1597 4019 1959 4090 comprehen-

373 4110 527 4166 deret
549 4112 592 4165 ’.
625 4109 785 4177 Quod
822 4108 1044 4180 quidem
1073 4108 1126 4162 in
1165 4108 1258 4163 illa
1284 4124 1408 4166 esse
1441 4118 1623 4180 potest
1652 4110 1956 4183 impletum.

374 4203 700 4273 Quanquam
751 4201 887 4258 illud
950 4217 1059 4258 non
1122 4201 1333 4258 alIirmo
1368 4203 1617 4272 penitus;
1652 4219 1830 4276 neque
1868 4215 1962 4262 aut

267 4359 272 4364 ἡ
376 4294 738 4350 immortalem
781 4307 1168 4364 perseverasse
1193 4292 1418 4362 definio,
1456 4301 1550 4349 aut
1576 4303 1761 4351 utrum
1809 4313 1962 4354 mor-

374 4396 468 4444 tua
495 4389 565 4444 sit
592 4387 920 4443 conﬁrmare
941 4402 1190 4457 possum.
1223 4385 1438 4458 Quippe
1465 4386 1752 4459 Scriptura
1781 4405 1958 4458 sacra,

374 4482 577 4538 mentis
611 4482 865 4536 humanae
903 4479 1117 4552 1044.
1149 4492 1369 4551 captum
1393 4488 1807 4554 praetergressa,
1844 4499 1959 4540 rem

376 4575 432 4631 in
467 4575 675 4629 incerto
720 4574 964 4644 reliquit,
999 4581 1224 4644 propter
1257 4589 1357 4629 vas
1407 4574 1539 4629 illud
1584 4577 1846 4632 eximium
1896 4592 1961 4632 ac

375 4674 668 4738 praestans,
695 4679 761 4720 ne
782 4666 908 4735 quis
938 4666 1123 4719 carnis
1148 4665 1428 4736 pr0priam
1465 4666 1630 4720 ullam
1655 4667 1704 4722 ei
1747 4666 1964 4722 foedita-

375 4765 484 4812 tem
509 4756 770 4811 ascribat.
801 4754 928 4810 Sive
954 4753 1122 4825 igitur
1144 4765 1359 4809 mortua
1390 4755 1484 4823 sit,
1514 4756 1814 4820 nescimus,
1850 4757 1964 4813 sive

377 4847 701 4919 conscpulta
730 4848 822 4913 sit,
853 4861 963 4901 non
989 4854 1172 4900 tamen
1206 4847 1372 4900 ullam
1396 4855 1482 4903 est
1519 4847 1961 4917 conjunctionem

450 5004 466 5035 ¹
493 5000 626 5058 Luc.
663 5019 723 5068 ll,
751 5001 841 5056 55.
919 5001 940 5032 ¹
967 4999 1138 5072 Apoc.
1180 5014 1277 5065 xu,
1307 4998 1373 5054 15
1394 5015 1515 5071 sqq.

449 5167 525 5238 (l)
569 5163 758 5238 Ἀλλὰ
781 5164 868 5233 μὴ
909 5163 1086 5218 τοῦτο
1138 5159 1378 5238 ο-τραρῇ
1421 5164 1508 5238 εις
1528 5161 1965 5238 ,βλάϐην-,ΑΣυνο

379 5233 685 5301 εισὰκτους,
732 5236 836 5291 hoc
869 5241 954 5291 est
981 5234 1407 5288 contubernales
1435 5235 1760 5290 clericorum
1802 5233 1959 5290 femi-

380 5323 501 5371 nas,
542 5323 679 5371 quas
716 5316 998 5360 extraneas
1039 5303 1218 5358 Latini
1255 5313 1474 5368 vocant,
1505 5305 1837 5359 damnarunt
1869 5321 1962 5362 ve-

378 5385 523 5433 teres
559 5374 661 5431 PP.
691 5392 754 5432 ac
784 5377 984 5446 saepius
1013 5383 1226 5430 veteres
1259 5375 1485 5446 synodi;
1519 5383 1575 5428 ut
1599 5374 1810 5429 Nicazna
1837 5391 1960 5431 can.

382 5447 452 5503 ὃς
486 5445 938 5516 Carthaginensis
971 5461 1196 5508 ttt,can.
1244 5447 1344 5510 t7;
1386 5445 1723 5502 Arelatensis
1763 5461 1958 5516 1|,can.

379 5516 484 5580 42,
518 5515 751 5572 Basilius
785 5517 958 5586 Epist.
993 5519 1062 5570 ad
1098 5516 1279 5624 (ἐνεὲη
1323 5532 1443 5624 qum
1475 5518 1734 5571 canonica
1776 5532 1805 5570 a
1838 5515 1962 5570 Bal-

382 5601 604 5624 cnntnna
633 5597 886 5624 nancnlnr
951 5602 1053 5624 rma
1121 5587 1188 5624 tn
1229 5587 1287 5624 ἦ·
1377 5588 1664 5624 nlinnhnnn
1716 5587 1959 5624 cvnn.h|c

382 5601 604 5657 samone
633 5597 906 5649 censetur,
951 5602 1074 5657 pag.
1121 5587 1290 5653 109:2;
1326 5587 1666 5642 Antiochena
1715 5587 1960 5657 synodus

383 5655 438 5726 in
474 5654 715 5724 Epistola
755 5666 938 5709 contra
954 5654 1193 5709 Paulum
1235 5657 1528 5723 Sumosat.,
1566 5657 1708 5726 apud
1747 5654 1955 5711 Euseb.

385 5723 477 5780 lib.
508 5740 604 5796 vit,
646 5741 768 5796 cap.
801 5726 901 5777 τις
935 5725 1046 5796 Τάς
1079 5726 1546 5796 δὲᾲσυνεισάκτους
1575 5723 1740 5779 αὑτοῦ
1770 5729 1960 5796 γυναῖ-

558 5794 670 5814 σίν

381 5812 508 5860 κας,
542 5794 616 5857 ὡς
657 5793 947 5865 Ἀντιοχεῖς
966 5793 1313 5864 ὀνομάζουσι,
1343 5805 1448 5851 etc.
1484 5797 1712 5852 Easdem
1747 5793 1800 5851 et
1829 5797 1964 5850 inse-

2051 3316 2144 3354 νου
2206 3296 2547 3368 φασκούσης,
2587 3297 2667 3350 ὅτι
2702 3297 2798 3350 καὶ
2843 3294 3102 3349 ἔσπευδεν
3132 3297 3160 3349 ὁ
3188 3295 3405 3366 δράκων
3433 3295 3527 3349 ἐπὶ
3546 3297 3642 3368 τὴν

2052 3391 2292 3460 γυναῖκα
2344 3390 2442 3460 τὴν
2500 3389 2842 3462 γεννήσαταν
2877 3387 2969 3441 τὸν
3006 3387 3234 3458 ἄρρενα,
3264 3388 3358 3441 καὶ
3388 3387 3646 3460 ἐδόθησαν

2054 3483 2191 3554 αὐτῇ
2223 3479 2496 3553 πτέρυγες
2541 3479 2726 3546 ἀετοῦ,
2775 3481 2872 3535 καὶ
2917 3479 3130 3552 ἐλήφθη
3179 3482 3260 3544 εἰς
3289 3479 3388 3551 τὴν
3417 3479 3640 3552 ἔρημον,

2054 3575 2202 3637 ὅπως
2231 3572 2296 3628 ἂν
2325 3571 2400 3644 μὴ
2431 3571 2570 3646 λάϐῃ
2609 3571 2778 3645 αὐτὴν
2814 3573 2842 3626 ὁ
2873 3573 3113 3645 δράκων.
3139 3573 3294 3644 Τάχα
3336 3573 3394 3627 δέ
3423 3573 3644 3629 δύναται

2057 3665 2142 3718 ἐπ’
2180 3665 2318 3737 αὐτῇ
2359 3664 2737 3736 πληροῦσθαι·
2764 3665 2824 3718 οὐ
2857 3665 3076 3729 πάντως
3101 3663 3160 3717 δὲ
3191 3665 3447 3736 ὁρίζομαι
3465 3664 3640 3731 τοῦτο,

2057 3758 2152 3810 καὶ
2184 3758 2244 3811 οὐ
2273 3757 2436 3827 λέγω,
2472 3759 2554 3812 ὅτι
2583 3757 2849 3822 ἀθάνατος
2891 3756 3107 3828 ἔμεινεν
3128 3771 3142 3786 ⁸
3179 3757 3293 3814 ἀλλ’
3318 3756 3442 3811 οὔτε
3463 3757 3643 3811 διαϐε-

2059 3847 2319 3919 ϐαιοῦμαι
2361 3851 2410 3902 εί
2457 3848 2736 3919 τέθνηκεν.
2773 3847 3109 3920 Ὑπερέϐαλε
3141 3852 3252 3921 γὰρ
3280 3850 3314 3920 ή
3345 3849 3537 3920 Γραφῇ
3555 3848 3646 3903 τὸν

2059 3939 2182 3994 νοῦν
2208 3939 2300 3993 τὸν
2338 3937 2701 4010 ἀνθρώπινον,
2737 3939 2831 3994 καὶ
2864 3940 2920 3993 ἐν
2952 3937 3214 4012 μετεώρῳ
3247 3939 3420 4006 εἴασε,
3452 3939 3542 3992 διὰ
3588 3938 3648 3992 τδ

2062 4030 2256 4096 σκεῦος
2299 4031 2359 4085 τὸ
2409 4031 2590 4103 τίμιον
2648 4030 2744 4086 καὶ
2797 4028 3170 4102 ἐξοχώτατονο
3223 4031 3312 4084 ῖνα
3363 4033 3436 4104 μή
3478 4047 3564 4095 τις
3590 4031 3647 4085 ἐν

2062 4123 2288 4196 ὑπονοίᾳ
2314 4121 2538 4194 γένηται
2595 4121 2725 4195 περὶ
2755 4121 2927 4194 αὐτῆς
2958 4121 3238 4195 σαρκικῶν
3280 4120 3644 4192 πραγμάτων.

2061 4213 2180 4268 Κάν
2215 4228 2274 4266 τε
2297 4207 2389 4266 οὖν
2414 4210 2698 4280 τέθνηκεν,
2728 4210 2828 4264 οὐκ
2852 4210 3098 4282 ἔγνωμεν
3126 4227 3140 4242 ·
3172 4210 3265 4264 καὶ
3292 4211 3340 4264 εί
3361 4210 3647 4275 τέθαπται,

2062 4305 2123 4358 οὐ
2145 4304 2415 4375 συνῆπται
2438 4303 2620 4374 σαρκί·
2644 4302 2719 4374 μὴ
2739 4303 2950 4372 γένοιτο
2970 4305 2984 4358 l
3008 4304 3106 4366 Τίς
3131 4301 3190 4356 δέ
3221 4303 3649 4375 φρενοϐλάϐειαν

2063 4396 2242 4467 ἐαυτῷ
2274 4394 2596 4465 συναγαγὼν
2633 4395 2848 4467 θελήσει
2876 4395 3148 4467 ἐνσκῆψαι
3179 4396 3500 4467 βλάσφημόν
3532 4413 3653 4452 τινα

1991 4523 2036 4579 D
2066 4487 2346 4579 ὑπᾷνοιαν,
2381 4487 2486 4579 καὶ,
2520 4487 2730 4558 ἀπᾶραι
2755 4487 2775 4518 ⁸
2806 4487 3001 4558 στόμα,
3031 4487 3268 4558 χαλάσαι
3297 4505 3357 4540 τε
3384 4487 3650 4557 γλῶτταν,

2075 4578 2269 4635 διελεῖν
2297 4580 2354 4633 δὲ
2403 4578 2558 4651 χείλη
2595 4580 2661 4633 ἐκ
2686 4579 2922 4644 διανοίας
2954 4581 3170 4650 κακῆς;
3213 4579 3413 4651 μᾶλλον
3451 4580 3508 4636 δὲ
3533 4578 3654 4636 ἀντὶ

2066 4669 2252 4742 ὓμνων
2299 4672 2394 4725 καὶ
2433 4670 2590 4742 δόξης
2617 4669 2804 4740 ὕϐρεις
2847 4671 2999 4736 τινὰς
3031 4673 3290 4737 ἐπινοεῖν,
3321 4671 3415 4726 καὶ
3441 4673 3656 4742 ἐμπαρ-

2063 4763 2226 4815 οινεῖν
2291 4763 2371 4827 εἰς
2428 4761 2528 4832 τὴν
2569 4762 2728 4831 ἁγίαν
2772 4763 3066 4835 Παρθένον,
3123 4765 3218 4818 καὶ
3269 4763 3344 4836 μὴ
3378 4764 3543 4836 τιμᾷν
3592 4763 3654 4822 τὸ

2066 4853 2432 4923 τετιμημένον
2461 4852 2654 4917 σκεῦος
2679 4871 2696 4921 ;

1619 5000 1638 5031 ³
1670 5016 1760 5068 rp.
1791 5001 2029 5071 ἐμποιεῖ.
2109 5003 2130 5034 ’⁵
2154 5002 2215 5058 F.
2240 5005 2462 5075 ἐπᾶραι.

2076 5165 2265 5240 quitur
2283 5174 2471 5222 noster
2501 5166 2711 5240 inrhaar.
2748 5182 2904 5232 thn,
2929 5182 2984 5221 n.
3013 5167 3082 5220 2:
3117 5168 3230 5240 Idi;
3258 5169 3547 5240 ἁγαπητὰς
3572 5170 3659 5224 λε-

2071 5236 2311 5311 γομένας
2338 5239 2746 5311 -συνεισάκτους
2792 5239 3074 5311 γυναῖκας,
3122 5236 3488 5311 Hieronymus
3537 5256 3658 5310 pas-

2071 5307 2192 5378 sim,
2231 5307 2510 5362 traducit:
2553 5309 2791 5363 maxime
2850 5309 2918 5362 ad
2963 5307 3503 5378 Eustochium'epist.
3537 5307 3648 5364 2i:

2071 5376 2223 5430 Unde
2257 5379 2310 5430 in
2351 5378 2617 5432 I'Icclesias
2651 5379 3006 5448 Agapitarum
3041 5381 3202 5446 pestis
3245 5376 3489 5434 intro—iit?
3513 5379 3658 5434 Unde

2069 5449 2183 5500 sine
2215 5448 2412 5512 nuptiis
2446 5449 2594 5502 aliud
2641 5465 2828 5506 nomen
2863 5453 3129 5504 uxorum?
3167 5452 3270 5505 imo
3304 5450 3438 5504 (iride
3469 5467 3655 5505 novum

2068 5517 2482 5589 concubinarum
2509 5522 2712 5589 genus?
2738 5521 2990 5574 Cavenda
3019 5535 3147 5573 vero
3178 5519 3401 5574 Mariani
3429 5519 3654 5576 Victorii

2069 5587 2654 5662 ad_l_iunc_liieronymi
2687 5591 2864 5662 locum
2893 5590 3227 5662 observatio,
3258 5591 3655 5662 quiAgapetas

2070 5656 2459 5738 aChristianis
2488 5656 2780 5738 conviviis,
2813 5661 3200 5738 (ιιιιιξάγάπας
3230 5656 3536 5729 nominant,
3559 5662 3658 5720 de-

2071 5731 2278 5786 rivatas
2308 5738 2532 5797 censet;
2566 5731 2710 5802 quod
2751 5739 2834 5788 cst
2869 5731 3184 5790 ridiculum.
