3994 6224
465 258 569 316 ’117
997 259 1367 318 ADVERSUS
1405 258 1745 316 II/ERESES
1783 257 1911 315 LIB.
1955 256 2040 312 III.

2162 257 2251 313 ιω.
2294 257 2450 314 Il.-—-
2488 256 2763 315 ΗιλΕῐὶΕΞ.
2801 257 3088 315 LXXVIII.
3623 256 3725 310 7l8

467 373 716 445 corporis
739 381 962 445 experta
1005 391 1018 428 :
1053 377 1198 432 absit
1223 384 1280 430 ut
1304 376 1437 431 illud
1462 376 1873 431 existimemus!
1918 372 2053 440 Quis
2094 380 2178 429 est
2204 385 2412 440 autem,
2448 375 2542 445 qui
2574 373 2813 429 furorem
2867 374 2969 431 sibi
3000 380 3056 428 et
3112 370 3386 427 insaniam
3423 369 3725 431 asciscens,

469 473 674 520 tantam
702 466 875 522 beatre
911 465 1119 538 Virgini
1146 468 1533 522 contumeliam
1559 466 1685 523 1velit
1724 466 2030 536 imponere,
2070 471 2123 520 et
2153 478 2217 519 os
2242 480 2405 521 suum
2436 465 2701 521 adversus
2732 465 2879 520 illam
2937 463 3204 527 attollere,
3234 464 3419 521 laxare
3461 463 3724 533 linguam.

467 556 537 612 ad
575 555 886 627 pestiferam
923 559 1069 613 illam
1135 559 1597 629 pronuntiandam
1671 558 2000 613 sententiam
2072 558 2226 612 labra
2273 557 2572 622 diducere,
2628 573 2727 628 pro
2778 556 3036 612 laudibus
3097 570 3161 611 ac
3204 556 3490 627 praeconiis
3528 554 3728 627 probra

469 650 939 719 contumeliasque
969 645 1337 714 comminisCi,
1378 658 1746 706 sacrosancta:
1782 650 2050 706 insultare
2092 648 2338 722 Virgini,
2415 666 2513 706 vas
2579 650 2711 704 illud
2754 649 2988 719 denique
3016 649 3165 704 omni
3229 649 3439 704 honore
3505 648 3728 720 dignum

469 740 620 794 nullo
648 739 852 795 honore
884 754 1111 809 prorsus
1148 741 1403 796 allicere?

541 831 637 883 IB’.
676 830 740 883 Εί
762 830 818 883 δὲ
844 831 937 883 καὶ
961 830 1068 884 ἀπὸ
1097 830 1262 902 ἄλλης
1287 831 1430 894 τινος
1460 830 1692 903 θεωρίας
1732 832 1836 903 χρὴ
1875 830 2058 886 λαϐεῖν

2234 831 2350 887 ΧΗ.
2371 833 2525 899 Quod
2557 833 2602 888 si
2634 842 2688 888 et
2706 834 2925 889 aliunde
2955 835 3193 890 rationes
3218 833 3520 893 transferre
3547 835 3727 897 liceat,

406 909 412 914 ’
470 924 539 976 τὰ
597 923 920 994 πράγματα,
960 922 1375 994 ψηλαφήσωμεν
1408 924 1502 977 καὶ
1540 922 1901 993 φυσιολογιῶν
1932 924 2057 994 σχέ-

472 1030 606 1077 σεις.
649 1014 788 1069 Φασὶ
839 1013 941 1085 τὴν
992 1014 1212 1067 λέαιναν
1254 1014 1332 1084 (2)
1388 1014 1464 1085 μὴ
1498 1014 1705 1069 τίκτειν
1754 1012 1898 1085 πλὴν
1928 1016 2058 1085 μιᾶς

471 1107 709 1177 γαστρὸς
736 1106 921 1177 μόνης.
952 1106 1137 1175 Ἔχειν
1169 1106 1224 1158 δὲ
1249 1106 1347 1177 τὴν
1370 1108 1549 1161 αἰτίαν
1570 1108 1801 1162 τοιάνδε·
1828 1108 1900 1161 Τὸ
1921 1108 2059 1173 ζῶον

477 1201 581 1271 μὲν
614 1200 729 1252 ἔστι
758 1200 1109 1272 τραγότατον,
1142 1200 1396 1271 χαρωπὸν
1421 1201 1575 1271 δὲτῷ
1607 1200 1758 1265 εῖδει,
1798 1201 2058 1273 ἐμϐριθέ-

476 1309 674 1345 στατον
718 1294 782 1362 τῇ
838 1291 998 1363 ἀλκῇ,
1056 1292 1133 1353 ὡς
1196 1295 1394 1357 εἰπεῖν,
1434 1292 1863 1362 βασιλικώτατον
1903 1294 2060 1362 γένος

472 1385 564 1437 ἐπὶ
593 1383 659 1436 τά
686 1384 821 1438 ἄλλα
840 1383 975 1448 ζῶα.
1008 1386 1195 1455 Ἐχειν
1225 1385 1281 1438 δὲ
1315 1385 1411 1457 τὴν
1442 1385 1707 1456 σύλληψιν
1730 1387 1790 1453 ἐξ
1820 1386 1936 1450 ἐνὸς
1965 1404 2060 1439 συ-

470 1476 657 1545 ζύγου,
691 1477 865 1529 τελεῖν
886 1477 942 1530 δὲ
964 1477 1024 1530 τὸ
1053 1478 1526 1549 καταϐαλλόμενον
1561 1479 1791 1551 σπέρμα
1824 1478 2059 1545 είκοσιὲξ

475 1569 652 1640 μῆνας
710 1572 767 1624 ἐν
809 1573 874 1641 τῇ
911 1569 1066 1640 νηδύϊ
1087 1588 1101 1603 ·
1139 1571 1278 1624 ὥστε
1306 1572 1397 1624 τὸν
1421 1571 1660 1643 σκύμνον
1693 1572 1840 1627 ἔνδον
1867 1575 1959 1626 ἐπὶ
1982 1590 2062 1627 τε·

471 1662 724 1734 λειότητα
783 1663 1043 1734 φέρεσθαι
1081 1663 1168 1717 διὰ
1212 1665 1303 1718 τὸν
1328 1666 1541 1737 χρόνον,
1574 1668 1653 1730 είς
1689 1666 1750 1721 τὸ
1803 1668 1899 1720 καὶ
1933 1667 2060 1728 τοὺς

472 1755 683 1820 πάντας
734 1757 955 1820 ὀδόντας
1013 1755 1161 1827 ἔχειν
1212 1757 1336 1829 ἤδη,
1363 1759 1494 1830 πρὶν
1528 1760 1565 1830 ἦ
1598 1761 1662 1812 ὲκ
1686 1760 1786 1830 τῆς
1821 1758 2061 1832 γαστρὸς

475 1848 747 1921 προέλθοι,
777 1848 873 1902 καὶ
901 1848 1026 1912 τοὺς
1070 1848 1269 1921 ὄνυχας
1303 1852 1361 1903 ὲν
1394 1851 1582 1921 ἡλικίᾳ
1628 1852 1895 1922 στασίμῳ,
1934 1854 2060 1917 τούς

472 1958 532 1995 τε
566 1941 969 2005 πασσαλίσκους
1013 1941 1404 2013 καλουμένους,
1457 1944 1549 1996 καὶ
1593 1943 1935 2011 κυνόδοντας,
1961 1945 2059 2008 τάς

470 2052 533 2088 τε
564 2033 761 2106 μύλας,
793 2035 889 2089 καὶ
933 2032 1003 2087 τὰ
1052 2023 1209 2099 ἄλλα,
1250 2035 1351 2088 ὅσα
1394 2034 1641 2107 περίεστι
1676 2036 1753 2106 τῷ
1783 2032 1925 2105 ζώῳ.
1971 2035 2059 2089 Ἑν

472 2126 550 2199 τῷ
581 2122 675 2182 οὖν
699 2122 840 2181 εἶναι
870 2127 1038 2180 αὑτὸν
1081 2127 1141 2179 ἐν
1173 2129 1242 2198 τῇ
1276 2126 1456 2198 κοιλίᾳ
1483 2128 1540 2180 ἐν
1563 2130 1683 2191 ταῖς
1715 2128 2055 2199 σκιρτήσεσι,

471 2218 719 2289 κινήσεσί
746 2234 806 2271 τε
862 2218 1091 2282 καὶτοῖς
1111 2218 1292 2283 ἄλλοις
1332 2220 1551 2290 τρόποις
1584 2220 1672 2273 διὰ
1714 2220 1822 2274 τῶν
1850 2220 2056 2292 ὀνύχων

473 2310 784 2381 κατασπᾷν,
816 2308 957 2376 ξέειν
996 2328 1056 2362 τε
1099 2310 1198 2374 τὰς
1228 2311 1594 2382 ἐγκυμονικὰς
1628 2312 1838 2384 μήτρας
1876 2329 1935 2365 τε
1963 2313 2055 2366 καὶ

473 2386 727 2469 ὑστέρας.
791 2398 878 2452 Ἐν
930 2398 1008 2469 τῷ
1037 2395 1131 2454 οῦν
1170 2400 1263 2453 ἐπὶ
1294 2399 1372 2470 τῷ
1413 2400 1427 2431 ¹
1459 2401 1664 2455 τίκτειν
1714 2402 1811 2472 τὴν
1845 2403 2056 2473 μητέρα

470 2493 631 2563 ἥκειν
680 2492 800 2545 κατ’
851 2491 1069 2563 ἐκείνην
1118 2491 1215 2563 τὴν
1260 2494 1498 2563 ἡμέραν,
1552 2492 1753 2555 παντὸς
1784 2493 2055 2563 ἀργαλέου

473 2584 809 2656 κυοφορικῆς
839 2581 1054 2653 φύσεως
1077 2583 1363 2656 ἀλλοτρίαν
1389 2585 1489 2656 τὴν
1512 2584 1756 2656 γαστέρα
1784 2585 2050 2654 γίνεσθαι.

472 2676 629 2732 Μετὰ
650 2676 759 2748 γὰρ
796 2676 889 2730 τοῦ
922 2674 1143 2731 τοκετοῦ
1171 2677 1265 2730 καὶ
1291 2675 1386 2739 τὰς
1414 2676 1647 2745 ὑστέρας
1690 2676 1783 2731 καὶ
1819 2678 1917 2741 τὰς
1951 2680 2056 2749 μή·

473 2785 608 2841 τρας
657 2767 1008 2840 ὲκκρίνεσθαι
1069 2768 1184 2839 ἅμα
1247 2769 1409 2838 φασὶν
1451 2770 1498 2823 οἱ
1536 2769 1880 2837 φυσιολόγοι·
1915 2768 2055 2823 ὥστε

476 2860 675 2931 μηκέτι
740 2860 838 2931 τὴν
894 2858 1111 2928 θήλειαν
1161 2858 1472 2930 ὀρέγεσθαι,
1513 2861 1561 2911 εί
1600 2861 1672 2930 μή
1715 2877 1797 2922 τις
1827 2860 1935 2931 ἄρα
1965 2860 2056 2930 βία

474 2953 702 3021 γένοιτο.
732 2954 886 3024 Μήτε
926 2953 1044 3023 μὲν,
1082 2953 1129 3005 εἰ
1154 2953 1249 3005 καὶ
1272 2951 1425 3022 τύχοι
1460 2952 1725 3024 συναφείᾳ
1749 2953 1857 3007 τινὶ
1885 2954 2053 3022 ἀναγ-

475 3044 765 3116 κασθῆναι,
817 3044 897 3099 ἔτι
930 3042 1191 3098 δύνασθαι
1224 3044 1493 3103 κυῖσκειν,
1523 3044 1596 3115 μὴ
1620 3044 1791 3097 ούσῶν
1818 3044 1926 3098 τῶν
1955 3062 2056 3115 μη-

475 3133 637 3206 τρῶν,
664 3135 762 3187 εἶτ’
791 3130 884 3188 οὖν
915 3132 1179 3205 ὑστερῶν.
1220 3135 1363 3205 ’Ἄρα
1393 3133 1522 3202 γοῦν
1552 3134 1781 3187 δέδωκεν
1803 3137 1933 3207 ἡμῖν
1966 3137 2058 3188 καὶ

476 3226 612 3298 αὕτη
645 3228 678 3298 ἡ
718 3225 1007 3280 ἀκολουθία
1047 3226 1373 3298 πορίσασθαι
1400 3228 1476 3290 είς
1501 3226 1598 3299 τὴν
1625 3226 2056 3300 ἐπιζητουμένην

478 3320 861 3391 πραγματείαν
885 3319 1093 3373 ἔννοιάν
1138 3337 1261 3373 τινα
1302 3319 1538 3392 σχέσεως
1572 3322 1667 3374 ἐπὶ
1687 3321 1747 3374 τὸ
1779 3322 2057 3392 συμφέρον

481 3412 681 3483 μᾶλλον
733 3414 766 3484 ἢ
817 3414 908 3465 ἐπὶ
935 3413 996 3465 τὸ
1027 3412 1282 3482 βλάπτον.
1333 3415 1396 3467 Εἰ
1425 3414 1533 3484 γὰρ
1566 3414 1802 3483 σκύμνον
1846 3414 2057 3477 λέοντος

491 3503 690 3557 Ἰούδαν
746 3504 1038 3557 αἰνίττεται
1085 3503 1300 3568 Ἰακὼϐ,
1352 3504 1525 3574 λέγων
1551 3505 1643 3558 τὸν
1678 3504 1932 3578 Χριστὸν,
1965 3506 2057 3559 καὶ

480 3596 603 3660 τοὺς
633 3597 652 3626 ¹
683 3596 741 3649 ὲν
778 3597 847 3666 τῇ
886 3593 1539 3663 ἈποκαλύψειἸωάννοψ
1582 3594 1727 3649 Ἰδοὺ
1772 3595 2060 3663 ἐνίκησεν

480 3690 514 3742 ὁ
535 3689 711 3752 λέων,
740 3687 927 3756 φησὶν,
971 3689 1003 3740 ό
1034 3686 1102 3741 ἐκ
1137 3685 1340 3756 φυλῆς
1388 3686 1595 3750 Ἰούδα,
1627 3687 1723 3740 καὶ
1759 3687 1828 3741 ἐκ
1874 3687 2061 3755 σπέρ-

474 3795 662 3849 ματος
676 3777 851 3832 Δαόίδ
870 3795 884 3809 ο
910 3777 1086 3833 λέοντι
1113 3777 1221 3847 ἄρα
1249 3778 1689 3848 παρεικασμένου
1711 3778 1803 3832 τοῦ
1829 3778 2057 3849 Κυρίου,

477 3863 603 3938 οὐχὶ
648 3868 790 3923 κατὰ
841 3867 1024 3938 φύσιν,
1069 3867 1205 3922 ἀλλὰ
1232 3868 1318 3921 διὰ
1371 3870 1431 3921 τδ
1462 3868 1709 3938 αἴνιγμα,
1745 3870 1838 3924 καὶ
1885 3869 1973 3923 διὰ
2000 3870 2060 3923 τὸ

483 3958 759 4029 βασιλικὸν
811 3955 951 4013 εἶναι
978 3960 1039 4012 τὸ
1080 3958 1239 4025 ζῶον,
1273 3959 1488 4012 πάντων
1529 3958 1687 4022 ζώων
1722 3958 2061 4030 ίταμὼτατόν

479 4067 540 4103 τε
567 4048 661 4102 καὶ
718 4048 1088 4119 ἰσχυρότατον,
1116 4048 1211 4102 καὶ
1240 4047 1407 4101 τᾶλλα
1445 4047 1623 4101 πάντα
1664 4051 2019 4120 χαριέστατον
2042 4066 2056 4081 °

466 4140 590 4212 ἄρα
631 4157 694 4209 γε
756 4140 850 4194 καὶ
898 4140 995 4211 τὴν
1051 4142 1391 4211 γεννήσασαν
1440 4140 1661 4193 λέαιναν
1723 4142 1927 4213 εἴποιμ’
1971 4142 2058 4196 ἄν.

481 4231 651 4285 Πόθεν
676 4231 783 4300 γὰρ
828 4231 962 4285 λέων
1014 4233 1267 4300 γεννᾶται
1315 4231 1551 4295 πάντως,
1583 4234 1632 4285 εἰ
1680 4234 1754 4305 μὴ
1801 4232 1986 4287 λέαινα
2024 4236 2057 4305 ὴ

484 4323 666 4392 μήτηρ
714 4321 1088 4393 κληθήσεται;
1132 4320 1335 4394 Λεαίνῃ
1385 4322 1442 4374 δὲ
1476 4321 1706 4392 δευτέρα
1751 4323 1811 4376 ού
1849 4324 2060 4391 γίνεται

482 4412 677 4485 κύησις
696 4432 708 4443 ο
762 4414 869 4485 ἄρα
922 4413 1104 4466 οὐκέτι
1152 4413 1349 4482 κύησιν
1378 4410 1517 4467 οἶδεν
1546 4416 1578 4484 ἠ
1608 4414 1796 4486 Μαρία
1818 4455 1831 4480 ,
1878 4415 2059 4469 οὐκέτι

485 4503 777 4572 συνάφειαν
805 4503 1070 4573 σωμάτων
1109 4505 1141 4572 ἡ
1170 4502 1301 4573 ἁγία
1330 4503 1629 4574 Παρθένος.

550 4680 650 4736 II".
694 4681 852 4734 Ἀλλὰ
907 4683 998 4735 καὶ
1027 4682 1219 4753 ἐτέρας
1259 4681 1456 4751 ἴδωμεν
1488 4682 1741 4753 θεωρίας,
1770 4683 1833 4734 ἵν’
1861 4684 1892 4751 ἡ
1928 4683 2059 4734 ἀκό-

481 4771 666 4836 λουθος
698 4777 718 4810 ³
747 4773 823 4842 τῷ
864 4773 1038 4844 Ἰησοῦ
1100 4773 1213 4844 ἅμα
1258 4774 1405 4843 αύτῷ
1437 4774 1666 4828 πάντοτε
1694 4776 2054 4844 τυγχάνουσα.

511 4865 753 4933 Sta/tritta
797 4866 1029 4932 Ἰησοῦς
1082 4868 1169 4931 εἰς
1208 4865 1452 4935 γάμους,
1481 4866 1573 4918 καὶ
1603 4868 1636 4934 ἡ
1679 4868 1860 4936 μήτηρ
1894 4867 2057 4919 αὺτοῦ
2099 4892 2134 4942 n

483 4958 617 5022 ἐκεῖ,
647 4956 741 5009 καὶ
773 4957 821 5007 οί
857 4956 1112 5023 άδελφοὶν
1142 4957 1236 5009 καὶ
1278 4954 1515 5026 οὐδαμοῦ
1558 4958 1778 5025 Ἰωσήφ.
1814 4956 1880 5009 Τί
1928 4956 2057 5025 ἐμοὶ

483 5047 582 5101 καὶ
619 5048 740 5113 σοὶ,
783 5048 989 5117 furat;
1025 5048 1197 5101 Οὔπω
1248 5048 1379 5116 ἥκει
1429 5048 1467 5115 ἡ
1512 5046 1632 5115 ὥρα
1656 5066 1795 5117 μου.
1820 5047 1929 5100 Καὶ
1961 5048 2059 5100 ούκ

483 5135 603 5194 εἷπε
621 5155 634 5167 ⁶
658 5138 722 5191 Τί
745 5140 868 5209 ἐμοὶ
895 5138 989 5192 καὶ
1020 5138 1168 5209 ὑμῖν,
1195 5138 1499 5210 ἄνθρωποις
1542 5140 1907 5209 Παρειστήκει
1939 5139 2061 5191 Μα-

486 5230 574 5302 ρία
596 5233 629 5302 ἠ
652 5231 1005 5303 Μαγδαληνὴ,
1034 5233 1126 5285 καὶ
1153 5231 1340 5302 Μαρία
1370 5233 1403 5301 ἡ
1437 5231 1528 5284 τοῦ
1558 5232 1784 5295 Κλωπᾶ,
1811 5232 1903 5283 καὶ
1940 5232 2061 5285 Μα-

2161 924 2292 995 quid
2322 940 2503 980 rerum
2536 922 2730 980 natura
2761 926 2877 997 ipsa
2913 926 3072 989 ferat,
3107 927 3385 997 paululum
3420 928 3734 984 considere-

2160 1033 2306 1072 mus.
2338 1016 2584 1072 Lemniam
2616 1016 2800 1089 itaque
2822 1018 3005 1074 ferunt
3034 1020 3255 1075 nonnisi
3303 1022 3472 1076 semel
3501 1036 3692 1091 parere
3716 1066 3730 1086 ,

2159 1112 2321 1182 cujus
2364 1113 2439 1167 rei
2490 1111 2632 1168 hanc
2672 1128 2793 1169 esse
2818 1114 3086 1169 rationem
3116 1112 3300 1180 :Quod
3351 1115 3555 1170 animal
3588 1114 3733 1170 istud

2160 1199 2577 1255 voracissimum
2629 1203 2720 1268 sit,
2764 1204 2955 1260 ‘colore
3006 1204 3240 1269 fulvum,
3276 1204 3616 1259 validissimo
3646 1221 3736 1260 ro-

2160 1289 2315 1355 bore,
2362 1300 2548 1363 atque,
2611 1303 2671 1349 ut
2725 1312 2835 1350 uno
2861 1296 3028 1352 verbo
3077 1296 3275 1362 dicam,
3315 1297 3464 1367 regia
3499 1299 3734 1365 quadam

2159 1384 2426 1452 dignitate
2454 1388 2667 1442 caeteris
2698 1389 3008 1453 antecellat,
3036 1404 3200 1459 porro
3246 1404 3309 1444 ex
3353 1405 3462 1444 uno
3503 1390 3739 1461 conjuge

2161 1478 2439 1549 concipiat
2491 1478 2769 1549 fetumque
2810 1496 2902 1536 sex
2930 1492 2982 1535 et
3027 1482 3219 1552 viginti
3254 1489 3396 1537 totos
3436 1497 3654 1537 menses
3682 1483 3735 1536 in

2163 1577 2319 1623 utero
2351 1578 2541 1639 gerat:
2576 1571 2713 1625 adeo
2743 1578 2801 1625 ut
2834 1571 2925 1625 ille
2957 1587 3069 1641 pm
3096 1572 3494 1643 longinquitate
3528 1580 3740 1643 tempo-

2162 1662 2240 1716 ris
2273 1662 2492 1717 adultus
2522 1663 2782 1720 dentibus
2808 1665 3083 1729 omnibus,
3109 1675 3271 1735 atque
3301 1666 3580 1735 unguibus
3611 1682 3734 1720 cum

2156 1753 2310 1823 justa
2345 1756 2594 1825 corporis
2626 1765 2859 1821 statura,
2912 1758 3175 1827 praelitus
3228 1759 3322 1823 sit,
3355 1766 3649 1828 antequam
3682 1758 3736 1811 in

2114 1884 2120 1897 .
2162 1847 2339 1902 lucem
2365 1847 2590 1917 prodeat
2616 1865 2630 1911 ;
2665 1856 2829 1919 atque
2861 1857 2914 1903 et
2943 1849 3324 1915 claviculares,
3354 1864 3494 1918 quos
3516 1857 3738 1916 vocant,

2162 1945 2216 1991 et
2242 1938 2473 1993 caninos
2506 1938 2698 1994 dentes
2722 1956 2786 1995 ac
2822 1941 3057 1997 molares
3080 1942 3297 2005 haheat,
3333 1950 3387 1997 et
3407 1942 3511 1996 alia
3533 1942 3737 2006 omnia,

2162 2046 2284 2101 quae
2318 2031 2540 2087 animali
2594 2033 2724 2087 huic
2779 2048 2809 2087 a
2866 2041 3063 2087 natura
3106 2048 3367 2089 concessa
3400 2042 3548 2089 sunt.
3600 2033 3740 2088 Dum

2164 2124 2332 2195 igitur
2372 2124 2565 2181 matris
2605 2134 2760 2181 utero
2812 2126 3145 2190 continetur,
3205 2125 3589 2191 subsultando,
3624 2142 3736 2182 mo-

2093 2194 2133 2252 Β
2171 2194 2460 2284 νθηᾱοᾳυο
2488 2229 2627 2279 sese,
2656 2223 2751 2269 aut
2772 2214 2878 2270 alio
2902 2215 3098 2285 quovis
3130 2216 3291 2270 modo
3313 2217 3506 2271 matris
3526 2224 3740 2271 uterum

2166 2301 2375 2358 laniare
2426 2303 2700 2373 unguibus
2782 2318 2845 2358 ac
2904 2304 3215 2374 discerpere
3262 2314 3512 2360 narrant.
3563 2304 3744 2373 Quare

2164 2409 2289 2449 curn
2324 2394 2392 2448 ad
2451 2402 2667 2465 partum
2710 2403 2883 2449 mater
2929 2397 3159 2461 venerit,
3192 2396 3378 2451 eadem
3424 2397 3517 2452 illa
3548 2396 3637 2453 die
3674 2398 3744 2451 ab

2164 2486 2315 2543 omni
2357 2487 2698 2557 parturieudi
2731 2487 3047 2543 conditione
3096 2503 3159 2542 ac
3202 2489 3457 2544 molestia
3498 2499 3741 2545 ventrem

2166 2576 2314 2631 illius
2372 2576 2613 2631 liberari.
2648 2576 2929 2646 Siquidem
2972 2576 3025 2630 in
3067 2576 3187 2647 ipso
3218 2586 3377 2647 partu
3409 2586 3624 2634 uterum
3667 2581 3737 2635 si-

2167 2669 2279 2723 mul
2312 2683 2375 2723 ac
2410 2668 2691 2723 matricem
2737 2668 2957 2724 cxcerni
2994 2669 3325 2724 naturalium
3367 2686 3552 2727 rerum
3587 2671 3744 2727 inda-

2164 2769 2383 2833 gatores
2408 2770 2668 2819 asserunt
2698 2781 2711 2817 :
2745 2762 2881 2816 adeo
2912 2770 2972 2817 ut
3002 2761 3150 2816 nulla
3187 2763 3242 2817 in
3270 2772 3551 2834 posterum
3584 2780 3747 2822 vene-

2164 2855 2247 2912 ris
2271 2856 2569 2925 cupiditate
2606 2863 2880 2926 tangatur,
2910 2856 3016 2912 nisi
3067 2856 3248 2926 aliqua
3278 2859 3360 2913 vis
3395 2859 3741 2915 adhibeatur.

2164 2947 2322 3014 Quod
2352 2949 2397 3004 si
2442 2964 2648 3004 marem
2682 2949 2919 3020 experiri
2960 2957 3207 3023 cogatur,
3250 2953 3629 3022 non'amplius
3658 2962 3744 3008 ta-

2164 3052 2290 3091 men
2346 3037 2512 3094 fctum
2563 3047 2781 3109 gestare
2849 3055 3053 3111 posse,
3096 3050 3284 3111 utpote
3343 3058 3465 3115 qua:
3515 3046 3744 3101 matrice

2166 3138 2369 3185 careat.
2400 3130 2517 3196 Qua
2554 3130 2773 3201 quidem
2825 3148 2892 3186 ex
2931 3134 3247 3189 narratione
3280 3135 3346 3190 ad
3399 3135 3476 3199 id,
3518 3137 3586 3191 de
3632 3153 3745 3207 quo

2166 3223 2401 3294 agimus,
2460 3223 2874 3278 similitudinem
2926 3226 3218 3295 quamdam
3257 3227 3385 3282 licet
3417 3229 3739 3296 transferre,

2165 3329 2286 3382 qua:
2322 3313 2611 3368 utilitatem
2667 3316 2849 3384 potius
2883 3332 3044 3387 quam
3078 3317 3335 3374 damnum
3369 3320 3588 3392 aliquod
3611 3339 3742 3379 con-

2166 3408 2341 3461 tinere
2374 3407 2643 3463 videatur.
2680 3406 2895 3464 Etenim
2950 3410 2995 3467 si
3040 3412 3280 3466 catulum
3331 3413 3508 3471 leonis
3544 3414 3738 3473 Iudam

2164 3495 2370 3552 Jacob‘
2394 3498 2704 3566 nominans,
2727 3499 3003 3556 Christum
3027 3503 3261 3573 quadam
3278 3508 3545 3563 sermonis
3575 3509 3741 3579 figura

2164 3586 2531 3653 adumbravit,
2554 3605 2676 3644 cum
2708 3606 2881 3661 eoque
2912 3592 3042 3646 illud
3067 3612 3130 3648 ex
3158 3593 3386 3652 Joannis
3416 3598 3740 3670 Apocalypsi

2161 3679 2445 3748 congruit:
2476 3677 2607 3733 Ecce
2641 3680 2851 3752 1055
2882 3683 2999 3736 vicit
3029 3684 3107 3738 leo
3138 3683 3201 3740 de
3237 3686 3375 3740 tribu
3406 3686 3575 3755 Juda,
3603 3699 3653 3745 et
3679 3690 3743 3745 de

2164 3772 2326 3837 stirpe
2358 3769 2528 3824 David
2546 3771 2567 3802 ⁸
2588 3790 2601 3826 :
2620 3785 2747 3825 cum
2765 3772 2905 3827 leoni
2942 3773 3202 3831 Dominus
3229 3777 3600 3844 assimuletur,
3626 3797 3737 3835 non

2164 3870 2360 3915 natura
2398 3864 2640 3934 quidem,
2670 3864 2765 3920 sed
2792 3866 3170 3923 similitudinis
3199 3868 3741 3943 adumbrationisque

2164 3954 2358 4023 gratia,
2382 3956 2538 4025 quod
2572 3956 2719 4026 regia
2748 3958 2996 4027 quaedam
3037 3958 3168 4015 insit
3190 3962 3243 4015 in
3278 3961 3434 4016 leone
3467 3961 3741 4033 dignitas,

2163 4046 2343 4116 sitque
2364 4047 2678 4101 animalium
2698 4050 2942 4103 omnium
2970 4050 3420 4116 audacissimum,
3455 4068 3519 4108 ac
3556 4054 3743 4111 fortis-

2164 4137 2385 4200 simum,
2425 4144 2479 4191 et
2520 4139 2573 4191 in
2613 4139 2826 4195 caeteris
2863 4140 3118 4196 omnibus
3152 4151 3369 4211 aspectu
3396 4143 3740 4214 jucundissi—

2165 4244 2333 4289 mum,
2368 4244 2475 4283 non
2514 4229 2751 4285 absurde
2774 4238 3001 4285 matrem
3032 4232 3178 4287 illius
3208 4234 3429 4289 Iamnam
3459 4239 3743 4307 appellabi-

2163 4334 2306 4373 mus.
2346 4317 2446 4384 Qui
2471 4318 2615 4374 enim
2640 4320 2724 4374 leo
2761 4323 3008 4391 generari
3042 4332 3240 4393 potest,
3278 4325 3382 4381 nisi
3409 4334 3581 4382 mater
3609 4330 3730 4399 ejus

2164 4411 2330 4463 leaena
2365 4413 2714 4466 nominetur?
2744 4414 3006 4467 Cteterum
3050 4415 3125 4468 uti
3157 4419 3320 4472 leaena
3356 4420 3597 4475 secundo
3632 4438 3743 4478 non

2164 4501 2302 4570 parit
2330 4520 2341 4555 :
2370 4501 2441 4554 ita
2470 4512 2817 4557 sacrosancta
2836 4506 2986 4574 virgo
3012 4504 3178 4559 Maria
3193 4508 3417 4565 alterius
3447 4519 3634 4580 partus
3650 4527 3743 4566 ex-

2162 4609 2286 4662 pers
2313 4594 2430 4661 fuit,
2449 4610 2512 4648 ac
2543 4594 2751 4649 nullum
2780 4598 3028 4667 corporis
3056 4601 3444 4655 commercium
3477 4608 3741 4658 exercuit.

2234 4683 2369 4740 XIII.
2428 4684 2602 4753 Quin'
2640 4695 2693 4743 et
2756 4689 2904 4743 aliud
2958 4698 3219 4761 prmterea
3278 4696 3738 4764 contemplemur.

2164 4776 2287 4832 Fuit
2320 4778 2409 4831 illa
2447 4788 2706 4848 perpetua
2753 4780 2954 4838 Christi
2987 4798 3194 4848 comes,
3226 4804 3328 4844 nec
3370 4788 3439 4842 ab
3463 4790 3582 4856 ejus
3613 4805 3744 4845 cou-

2164 4870 2333 4923 sartio
2356 4869 2588 4925 divulsa.
2627 4869 2852 4926 Vocatus
2876 4882 2952 4926 est
2974 4874 3127 4930 Jesus
3149 4877 3217 4930 ad
3238 4880 3450 4946 nuptias
3474 4881 3492 4909 ⁸
3520 4898 3531 4933 :
3559 4881 3740 4934 statim

2165 4962 2277 5015 illic
2336 4971 2508 5016 mater
2540 4964 2657 5032 ejus
2692 4972 2746 5018 et
2779 4965 2973 5020 fratres
3006 4967 3334 5023 adfuerunt:
3376 4984 3476 5023 nec
3511 4985 3739 5040 usquam

2164 5051 2383 5121 Josephi
2427 5056 2648 5108 mentio.
2681 5055 2821 5120 Quid
2854 5057 3043 5110 nti/tie:
3069 5059 3183 5120 tibi,
3220 5058 3406 5111 mulier
3429 5061 3454 5113 ?
3489 5057 3743 5113 Nondum

2167 5143 2302 5195 venit
2350 5142 2480 5195 hora
2525 5160 2661 5199 mea.
2694 5142 2813 5198 Non
2850 5145 2985 5199 dixit
3015 5166 3026 5199 :
3055 5145 3193 5210 Quid
3223 5147 3354 5199 mihi
3375 5155 3429 5200 et
3455 5149 3629 5210 vobis,
3648 5151 3741 5203 lto-

2170 5232 2398 5287 mines?
2445 5232 2576 5287 Item
2610 5233 2800 5289 aderat
2849 5234 3020 5288 Maria
3079 5234 3417 5306 Magdalene,
3474 5246 3537 5292 et
3574 5238 3774 5295 Maria‘

534 5388 573 5459 ν¹
603 5388 664 5443 I“.
702 5390 782 5444 τό.
862 5390 882 5419 ²
914 5387 973 5446 F.
1008 5388 1150 5442 κατὰ
1175 5388 1320 5451 τούς.
1395 5388 1415 5419 ³
1440 5387 1502 5441 F.
1532 5382 1598 5459 ἦν
1628 5388 1780 5441 ὰκὸλ.
1859 5388 1881 5418 ⁸
1903 5387 2037 5443 Gen.

2168 5404 2220 5455 ς,
2247 5390 2300 5443 9.
2379 5390 2398 5420 "
2426 5388 2597 5459 Apoc.
2624 5407 2676 5452 ν,
2709 5389 2761 5443 5.
2841 5391 2860 5421 ⁸
2890 5389 3045 5444 Joan.
3087 5407 3145 5457 η,
3178 5392 3199 5444 l
3230 5408 3352 5463 sqq.

532 5586 533 5589 η
545 5544 633 5669 1β)
666 5543 820 5597 Φασὶ
857 5544 970 5624 τὴν
1007 5524 1277 5597 λέαιναν.
1318 5541 1588 5625 Fabulam.
1621 5543 1759 5597 hanc
1809 5544 2053 5631 plerique

532 5616 755 5669 tellunt.
790 5614 1110 5669 Aristoteles
1141 5628 1268 5668 ecce
1309 5615 1400 5667 IlI).
1434 5630 1480 5666 vr
1521 5613 1746 5669 Ihstor..
1780 5630 1899 5669 can.
1943 5615 2004 5668 οι
2035 5633 2047 5667 :

488 5613 755 5669 refellunt.
790 5614 1110 5669 Aristoteles
1141 5628 1268 5668 ecce
1309 5615 1400 5667 lib.
1434 5630 1480 5666 vr
1521 5613 1746 5672 Ilistor..
1780 5613 1899 5682 cap.
1943 5615 2004 5668 51
2035 5633 2047 5667 :

495 5682 555 5738 ’0
587 5683 644 5737 δὲ
669 5684 879 5753 λεχθεὶς
911 5683 1077 5755 μῦθος
1114 5684 1239 5755 περὶ
1269 5682 1362 5736 τοῦ
1391 5682 1668 5737 ἐκϐάλλειν
1696 5684 1794 5747 τὰς
1818 5684 2054 5754 ὑστέρας

2159 5545 2432 5606 τίκτοντα,
2479 5543 2725 5663 ληρώδης
2777 5544 2893 5596 ὲστί
2919 5561 2931 5573 ·
2984 5547 3237 5617 συνετέθη
3272 5546 3327 5600 δὲ
3361 5549 3423 5600 ὲκ
3458 5548 3551 5601 τοῦ
3604 5568 3743 5604 σπα-
3820 5598 3827 5599 ,

2159 5616 2305 5663 viou:
2348 5611 2484 5663 εἶναι
2514 5614 2638 5663 τοὺς
2716 5614 2921 5663 έονταε.
2952 5616 3285 5663 ἀποροῦντος
3311 5618 3409 5663 τὴν
3439 5621 3617 5663 αἰτίαν
3646 5619 3739 5663 τοῦ

2159 5616 2305 5676 νίους
2348 5611 2638 5676 εἶναιτοὺς
2683 5611 2769 5666 λέο

2159 5685 2249 5736 τὸν
2287 5682 2454 5751 μῦθον
2510 5682 2811 5747 συνθέντος.
2849 5684 2954 5740 Sed
3002 5682 3074 5740 ρι’
3107 5682 3497 5755 Philostratus,
3531 5698 3583 5745 ct
3626 5690 3738 5745 alii.

2772 5632 2921 5687 ντας,
2945 5616 3285 5687 ,ἀποριζῦντος
3311 5618 3409 5687 τὴν
3439 5621 3617 5673 αἰτίαν
3646 5619 3739 5676 τοῦ
