3994 6224
431 411 535 470 721

1007 403 1378 465 ADVERSUS
1419 403 1760 462 llAﬂliESES
1793 404 1917 459 LIB.
1962 405 2048 460 IH.
2093 403 2258 460 TOM.
2297 403 2360 458 Il.
2387 436 2454 445 —
2488 403 2760 458 llrERES.
2795 402 3066 458 LXXVI".

3587 402 3690 457 729.

437 526 564 598 ἐξῆν
590 525 734 592 ἅπαξ
758 525 980 580 εἰσιέναι
1008 525 1101 579 τοῦ
1129 523 1281 586 ἔτους
1314 524 1393 585 εἰς
1419 521 1486 574 τά
1515 521 1646 590 ἆγια
1681 521 1788 574 τῶν
1820 518 2007 588 ἁγίων,

2117 520 2266 574 illam
2298 519 2533 582 scilicet,
2567 535 2728 589 quam
2749 534 2871 573 eum
2900 517 3068 572 Maria
3096 517 3368 590 Iosephus
3393 521 3692 574 necessitu-

435 618 522 672 διὰ
557 617 620 670 τὸ
649 615 967 688 Ναζωραῖον
997 617 1157 670 αὐτὸν
1201 613 1362 679 εἶναι,
1395 615 1488 667 καὶ
1525 611 1788 683 μεμίχθαι
1828 613 1894 681 τῇ
1939 612 2015 662 ἱε-

440 707 676 780 ρωσύνῃ.
729 706 920 760 Ἔνθεν
966 706 1076 777 γὰρ
1135 708 1168 777 ἡ
1220 705 1406 776 Μαρία
1461 704 1604 757 κατὰ
1650 702 1742 755 δύο
1781 701 2016 770 τρόπους

438 798 705 870 συγγενὴς
747 797 1012 867 ἐτύγχανε
1053 798 1152 866 τῆς
1198 796 1497 870 Ἐλισάὸετ,
1539 795 1634 846 καὶ
1677 793 1705 844 ὁ
1764 792 2018 854 Ἰάκωϐος

435 886 651 956 διέφερε
700 888 765 956 τῇ
803 884 1094 956 ἱερωσύνῃ.
1147 885 1471 954 Ἐπειδήπερ
1507 885 1561 935 αἱ
1593 881 1686 934 δύο
1723 881 1887 950 φυλαὶ
1937 881 2016 950 (6)

439 979 772 1048 συνήπτοντο
829 976 987 1047 μόναι
1033 977 1169 1048 πρὸς
1214 975 1469 1045 ἀλλήλας,
1507 973 1626 1044 ἦτε
1662 972 1914 1042 βασιλικὴ
1949 973 2012 1042 τῇ

435 1071 708 1139 ίερατικῇ,
745 1070 840 1121 καὶ
889 1070 922 1138 ἡ
956 1067 1202 1138 ἱερατικὴ
1229 1069 1295 1137 τῇ
1332 1064 1618 1136 βασιλικῇ·
1659 1063 1734 1127 ὡς
1783 1063 1876 1116 καὶ
1904 1063 2016 1117 ἄνω

434 1159 492 1210 ὲν
517 1160 584 1228 τῇ
624 1158 810 1228 ἐξόδῳ,
862 1157 1132 1211 Ναασσὼν
1163 1159 1192 1208 ὁ
1236 1156 1346 1210 ἀπὸ
1383 1154 1478 1209 τοῦ
1529 1154 1696 1207 Ἰούδα
1742 1153 2014 1224 φύλαρχος

435 1248 702 1319 λαμὸάνει
751 1249 850 1319 τὴν
915 1248 1194 1302 Ἑλισάϐετ
1222 1287 1237 1309 ,
1293 1249 1392 1319 τὴν
1454 1248 1687 1319 ἀρχαίαν
1739 1243 2013 1316 Θυγατέρα

447 1338 676 1410 Ἀαρὼν,
705 1339 884 1409 ἐαυτῷ
915 1341 1166 1408 γυναῖκα.
1199 1337 1361 1390 ’Ὀϐεν
1405 1337 1596 1390 πολλαὶ
1615 1335 1721 1389 τῶν
1751 1335 2012 1405 αἱρέσεων

434 1431 574 1483 κατά
607 1431 783 1500 σάρκα
809 1429 1160 1498 γενεαλογίαν
1207 1429 1302 1482 τοῦ
1335 1430 1584 1499 Σωτῆρος
1607 1426 1881 1496 ἀγνοοῦσι,
1918 1426 2012 1478 καὶ

431 1518 521 1572 διὰ
547 1518 607 1571 τὸ
628 1520 850 1591 ἀπορεῖν
877 1520 1094 1582 αὐτοὺς,
1125 1518 1433 1582 ἀπιστοῦσι,
1464 1519 1557 1572 καὶ
1580 1517 1826 1570 δοκοῦσιν
1861 1517 2010 1569 ἀντι-

431 1607 608 1675 λέγειν
629 1612 694 1679 τῇ
725 1607 972 1678 ἀληθείᾳ,
1001 1609 1270 1677 λέγοντες·
1305 1607 1428 1670 Πῶς
1457 1611 1488 1678 ἡ
1514 1608 1620 1661 ἀπὸ
1645 1607 1817 1676 φυλῆς
1847 1607 2010 1660 Δαϐὶδ

432 1699 527 1751 καὶ
567 1698 733 1752 Ἰούδα
757 1698 979 1752 δύναται
1005 1699 1271 1770 συγγενὴς
1299 1695 1438 1753 εἶναι
1464 1700 1564 1770 τῆς
1601 1699 1879 1753 Ἐλισάϐετ
1907 1699 2008 1769 τῆς

430 1789 540 1843 ἀπὸ
563 1789 718 1856 Λευῖ;
764 1829 770 1836 .

2122 611 2303 666 dinem
2376 610 2587 673 habuit,
2629 626 2862 680 quocum
2901 619 3017 663 erat
3051 611 3140 663 illa
3173 611 3484 680 conjuncta.
3519 611 3691 664 Caete-

2118 718 2241 756 rum
2294 703 2394 757 soli
2452 701 2580 754 huic
2608 700 2811 755 Jacobo
2869 700 2922 753 id
2961 701 3183 757 honoris
3217 702 3539 757 attributum
3581 708 3687 766 est,

2117 794 2286 848 semel
2329 802 2387 848 ut
2430 791 2722 862 quotannis
2770 792 2824 844 in
2865 801 3052 846 sancta
3082 801 3395 848 sanctorum
3425 792 3691 865 ingrede-

2117 892 2299 950 retur;
2335 883 2479 954 quod
2508 891 2560 937 el
2594 881 2911 937 Nazarenus
2943 892 3126 949 esset,
3167 892 3220 937 et
3264 899 3388 937 cum
3441 883 3691 938 sacerdo-

2116 973 2211 1026 tali
2247 974 2420 1042 stirpe
2471 971 2821 1040 conjunctus.
2861 969 3018 1025 Unde
3046 979 3096 1025 et
3138 971 3303 1025 Maria
3331 972 3534 1041 duplici
3565 988 3687 1025 cum

2116 1063 2433 1119 Elizabetha
2484 1062 2809 1132 cognatione
2859 1077 2922 1116 ac
2962 1063 3365 1118 necessitudine
3397 1064 3686 1132 conjuncta

2115 1152 2249 1219 fuit;
2272 1161 2327 1207 et
2349 1151 2586 1206 Jacobus
2612 1149 2900 1206 sacerdotii
2927 1149 3186 1221 dignitate
3209 1152 3480 1220 praestitit.
3511 1151 3689 1217 Quan-

2113 1244 2406 1315 doquidem
2428 1245 2550 1298 dua:
2584 1243 2689 1297 illa;
2721 1242 2896 1298 tribus
2935 1243 3064 1298 sola:
3098 1243 3330 1298 invicem
3376 1244 3688 1312 nuptiarum

2113 1335 2448 1390 commercio
2464 1335 2836 1405 jungebantur
2854 1352 2868 1400 ;
2888 1335 3059 1405 regia,
3088 1335 3333 1404 inquam,
3351 1350 3474 1388 cum
3507 1349 3691 1389 sacer-

2112 1425 2300 1489 dotali,
2334 1432 2388 1480 et
2437 1425 2796 1480 sacerdotalis
2829 1439 2952 1480 cum
3002 1426 3169 1494 regia.
3223 1424 3690 1491 Quemadmodum

2113 1517 2241 1570 olim
2303 1516 2410 1571 sub
2443 1517 2772 1586 egressionis
2829 1532 2892 1571 ex
2931 1515 3168 1588 IEgypto
3212 1525 3445 1585 tempus,
3481 1515 3694 1587 1046

2111 1607 2362 1663 Naasson
2412 1608 2590 1661 tribus
2639 1606 2792 1661 Judze
2826 1608 3080 1677 princeps
3126 1607 3494 1661 Elizabetham
3543 1608 3690 1660 illam

2108 1701 2343 1768 priorem
2374 1698 2609 1753 Aaronis
2639 1698 2801 1752 tiliam
2828 1699 2982 1753 duxit
3006 1701 3046 1751 ¹.
3085 1698 3162 1752 Ex
3199 1714 3306 1768 quo
3335 1698 3535 1752 factum
3577 1707 3685 1761 est,

2111 1797 2170 1843 ut
2206 1789 2518 1858 complures
2571 1789 2951 1843 haereticorum
3011 1797 3173 1843 secta:
3222 1789 3426 1844 Christi
3470 1789 3686 1843 Domini

430 1883 744 1951 prosapiam
791 1897 854 1937 ae
877 1883 1242 1953 genealogiam
1274 1882 1547 1954 ignorent,
1575 1890 1737 1952 atque
1776 1882 1848 1936 ob
1900 1881 2045 1934 illam
2081 1895 2236 1935 suam
2279 1881 2670 1936 haesitationem
2735 1880 2892 1934 ﬁdem
2928 1880 3222 1949 tabrogent,
3267 1893 3333 1932 ac
3406 1878 3687 1932 veritatem

430 1987 749 2042 Oppugnare
808 1989 868 2030 se
917 1982 1139 2044 putent,
1191 1989 1315 2028 cum
1358 1973 1492 2027 illud
1544 1974 1815 2044 objiciunt
1850 1987 1865 2022 ι
1895 1970 2000 2037 Qui
2042 1970 2160 2026 ﬁeri
2191 1978 2392 2038 potest,
2461 1977 2522 2024 ut
2589 1985 2710 2039 qua:
2753 1985 2820 2025 ex
2863 1966 3082 2022 Davidis
3121 1982 3185 2022 ac
3220 1966 3372 2022 luela:
3405 1967 3576 2036 stirpe
3619 1967 3691 2021 sit

427 2065 686 2132 oriunda,
711 2067 1066 2132 Elizabethae,
1102 2084 1220 2139 quae
1246 2084 1309 2122 ex
1333 2067 1574 2123 Levitico
1611 2084 1810 2139 genere
1837 2075 2006 2129 esset,
2048 2075 2280 2136 cognata
2317 2065 2526 2120 fuerit?

501 2157 622 2212 Li”.
653 2153 821 2224 Οὗτος
844 2163 873 2215 ὁ
915 2163 1167 2227 Ἰάκωϐος
1190 2165 1282 2216 καὶ
1313 2163 1543 2216 πέταλον
1567 2163 1644 2234 (7)
1670 2163 1762 2216 Emi.
1789 2163 1888 2233 τῆς
1914 2178 2007 2215 κε-

2113 2159 2117 2170 ³
2188 2159 2323 2214 XIV.
2355 2159 2598 2214 Jacobus
2631 2159 2739 2214 iste
2787 2160 3064 2214 bracteam
3099 2159 3154 2213 in
3189 2157 3368 2228 capite
3397 2163 3586 2228 gessn.
3625 2155 3690 2208 Et

429 2249 605 2321 φαλῆς
634 2253 860 2325 ὲφόρεσε
886 2271 901 2285 ⁸
934 2255 1028 2308 καί
1062 2272 1192 2308 ποτε
1210 2255 1469 2326 ἀϐροχιας
1491 2255 1806 2326 γενομένης,
1837 2255 2009 2327 ἐπῆρε

427 2338 527 2403 τὰς
555 2343 740 2411 χεῖρας
776 2344 856 2407 εἰς
902 2345 1148 2415 οὐρανὸν,
1180 2345 1273 2397 καὶ¹
1305 2344 1670 2415 προσηύξατο,
1717 2344 1808 2396 καὶ
1850 2344 2010 2408 εὐθὺς

427 2433 459 2484 ὁ
488 2431 712 2502 οὐρανὸς
740 2433 937 2488 ἔδωκεν
959 2436 1130 2489 ὑετόν.
1175 2434 1393 2506 Ἐρεοῦν
1425 2436 1479 2489 δὲ
1514 2436 1722 2506 ἱμάτιον
1755 2435 2008 2488 οὐδέποτε

428 2523 735 2578 ἐνεδύσατο.
767 2526 846 2580 Τὰ
895 2526 952 2579 δὲ
1001 2527 1200 2595 γόνατα
1250 2527 1412 2580 αὑτοῦ
1455 2527 1824 2598 έσκληκίασαν
1853 2526 2009 2597 δίκην

429 2614 709 2686 καμήλων,
743 2616 852 2669 ἀπὸ
890 2618 983 2672 τοῦ
1028 2619 1259 2672 πάντοτε
1295 2619 1567 2690 κάμπτειν
1597 2618 1734 2671 αὐτὰ
1779 2617 2008 2672 ἐνώπιον

429 2704 636 2775 Κυρίου
668 2706 734 2758 δι’
762 2706 1068 2779 ὑπερϐολὴν
1102 2708 1404 2771 εὐλαϐείας.
1439 2707 1639 2761 Τοῦτον
1667 2703 1760 2761 οὖν
1787 2707 2008 2778 ὀνόματι

428 2796 609 2849 οὐκέτι
659 2798 906 2863 ἐκάλουν,
955 2799 1068 2852 ἀλλ’
1108 2800 1172 2855 Ὀ
1218 2800 1449 2866 δίκαιος
1498 2796 1564 2872 ἦν
1619 2799 1767 2870 αύτῷ
1813 2800 2004 2867 ὄνομα.

431 2883 599 2953 Οὗτος
633 2890 887 2944 οὐδέποτε
917 2894 974 2945 ὲν
1006 2891 1272 2962 βαλανείῳ
1308 2891 1566 2945 ἐλούσατο
1593 2907 1606 2921 ³
1634 2884 1796 2956 οὗτος
1829 2891 2007 2962 ἐμφύε-

431 2998 528 3050 χου
547 2981 608 3034 ού
645 2983 894 3054 μετέσχε,
918 2983 1101 3047 καθὼς
1128 2985 1238 3038 ἅνω
1264 3001 1353 3056 μοι
1385 2984 1781 3056 προδεδήλωται
1808 3005 1820 3015 ·
1853 2979 2008 3048 οὗτος

432 3071 713 3126 σανδάλιον
777 3075 871 3145 οὐχ
923 3075 1247 3144 ὑπεδήσατο.
1284 3076 1394 3130 Καὶ
1447 3076 1617 3129 πολλὰ
1644 3072 1712 3147 ἦν
1749 3077 1876 3148 περὶ
1914 3076 2007 3130 τοῦ

430 3163 623 3234 ἀνδρὸς
670 3165 870 3234 λέγειν,
921 3169 1015 3221 καὶ
1052 3170 1152 3238 τῆς
1207 3168 1460 3240 ἐναρέτου
1509 3168 1676 3222 αὑτοῦ
1711 3155 2003 3232 πολιτείας.

442 3253 606 3326 Ὁρᾷς
629 3252 744 3322 οὖν,
777 3258 858 3310 ὃτι
908 3259 937 3309 ὁ
985 3252 1133 3321 οἶκος
1176 3259 1521 3312 παντάπασιν
1583 3259 2008 3329 ἀξιολογώτατος

429 3336 530 3414 ἦνς
563 3345 626 3398 Et
651 3345 758 3416 γάρ
781 3347 830 3398 οἱ
868 3347 1054 3411 παῖδες
1085 3347 1178 3400 τοῦ
1224 3349 1422 3419 Ἰωσὴφ
1464 3349 1685 3420 ᾔδεισαν
1714 3349 2009 3420 παρθενίας

429 3433 604 3501 τάξιν,
640 3435 735 3488 καὶ
791 3436 1127 3507 Ναζωραίων
1160 3437 1220 3488 τὸ
1249 3436 1430 3507 ἔργον,
1475 3439 1627 3508 πόσῳ
1650 3456 1714 3508 γε
1749 3439 1947 3510 μᾶλλον
1978 3441 2008 3491 ὁ

437 3526 750 3598 πρεσϐύτης
788 3529 882 3582 καὶ⁵
899 3529 1077 3600 τίμιος
1101 3529 1242 3599 ἀνὴρ
1272 3529 1387 3600 ᾔδει
1416 3531 1704 3599 φυλάττειν
1733 3532 2010 3604 Παρθένον

433 3617 626 3688 ἁγνὴν,
657 3617 753 3670 καὶ
783 3619 947 3688 τιμᾷν
972 3617 1034 3670 τὸ
1082 3617 1297 3681 σκεῦος,
1334 3617 1462 3672 ἔνθα
1492 3637 1595 3673 που
1619 3621 1950 3692 ὲνεδήμησεν
1975 3622 2008 3692 ἡ

433 3709 541 3764 τῶν
571 3708 872 3781 ἀνθρώπων
901 3708 1176 3779 σωτηρία;
1205 3707 1340 3762 Οὔτε
1365 3711 1502 3782 αὐτὴ
1530 3711 1739 3781 ἡφύσις
1771 3711 2010 3766 διδάσκει

435 3799 602 3870 ἡμᾶς,
657 3799 738 3852 ὄτι
801 3797 938 3868 ἀνὴρ
984 3798 1082 3868 μὲν
1113 3793 1181 3868 ἦν
1234 3799 1570 3870 πρεσϐύτης,
1621 3799 2010 3871 ὑπερϐεϐηκὼς

434 3891 570 3944 πολὺ
604 3893 670 3961 τῇ
703 3891 909 3961 ἡλικίᾳ,
943 3890 1116 3961 μέγας
1157 3890 1395 3958 γεγονὼς
1427 3893 1484 3944 ὲν
1522 3892 1770 3961 ἀνδράσι,
1820 3893 2011 3956 πιστὸς

435 3983 526 4036 τδν
564 3981 785 4052 τρόπον,
834 3981 1068 4052 εὐλαϐὴς
1105 3983 1164 4035 τὸ
1195 3981 1353 4045 εἶδος.
1381 3981 1580 4035 Φάσκει
1608 3983 1715 4054 γὰρ
1739 3983 1800 4036 τὸ
1832 3983 2010 4052 Εὐαγ-

435 4073 632 4143 γέλιον,
666 4073 749 4128 ὅτι
788 4071 956 4141 Ἀνὴρ
977 4075 1346 4144 φοϐούμενος
1376 4072 1482 4126 τὸν
1509 4073 1658 4127 Θεὸν
1693 4073 1879 4142 ἐζήτει
1904 4074 2011 4129 λά-

437 4170 547 4235 θρα
583 4166 888 4220 ἀπολῦσαι
913 4165 1128 4233 αὑτήν.
1158 4166 1396 4236 Τελευτᾷ
1421 4165 1478 4218 δὲ
1509 4158 1662 4229 οὗτος
1691 4167 1720 4218 ὁ
1755 4165 2010 4229 Ἰάκωὸος

434 4259 468 4313 ὁ
513 4257 738 4327 ἀδελφὸς
781 4257 875 4310 τοῦ
907 4257 1108 4329 Κυρίου
1134 4257 1229 4311 καὶ
1256 4258 1369 4320 υἱὸς
1410 4255 1604 4326 Ἰωσὴφ
1630 4258 1686 4308 ὲν
1719 4257 2010 4327 Ἱεροσολύ-

440 4363 584 4420 μοις,
632 4346 834 4418 βιώσας
887 4347 1026 4418 μετὰ
1077 4347 1176 4417 τὴν
1220 4345 1314 4400 τοῦ
1343 4347 1591 4418 Σωτῆρος
1633 4346 1710 4417 (8)
1744 4346 2011 4418 ἀνάληψιν

542 4481 562 4513 ⁸
596 4480 769 4536 Exod.
800 4497 878 4546 vr,
911 4482 1004 4537 25.
1071 4484 1093 4514 ⁸
1123 4480 1314 4536 Matth.
1353 4498 1392 4548 ι,
1423 4482 1513 4538 l9.

439 4594 674 4665 Iacobus
710 4594 803 4648 Dei
831 4603 892 4665 et
922 4594 1137 4649 Domini
1187 4596 1354 4650 nostri
1400 4594 1531 4650 Jesu
1578 4595 1778 4652 Christi
1807 4613 2008 4665 servus,

441 4664 717 4736 duodecim
749 4663 1006 4728 tribubus,
1048 4681 1166 4736 quae
1204 4677 1322 4720 sunt
1372 4667 1427 4718 in
1470 4667 1814 4735 dispersione,
1863 4663 2012 4722 satu;

441 4743 566 4806 tem.
600 4733 729 4790 Item
760 4736 880 4806 Act.
916 4752 1005 4800 xx,
1035 4733 1090 4798 (ἶ,
1122 4734 1326 4791 Paulus
1359 4737 1432 4789 ita
1464 4733 1744 4806 loquitur:
1778 4739 1843 4790 Et
1871 4754 2010 4791 nunc

439 4805 497 4860 in
518 4819 757 4877 spe,qu¢e
783 4803 866 4877 ecl
884 4817 1056 4877 patres
1081 4817 1286 4860 nostros
1313 4803 1732 4877 repromissionis
1757 4809 1900 4877 facta
1923 4817 2000 4861 est

443 4893 480 4946 ᾳ
509 4874 747 4936 Damste
765 4874 968 4945 judicio
997 4876 1281 4946 subjectus,
1317 4877 1370 4928 in
1407 4893 1566 4946 quam
1597 4874 1868 4931 duodecim
1901 4878 1999 4930 tri-

447 4944 542 5016 bus
565 4937 930 5000 nostrazvnocle
949 4965 1011 5000 ac
1031 4937 1114 5000 die
1128 4937 1465 5000 deservientes
1488 4957 1700 5014 sperant
1713 4949 1996 5016 pervenire.

447 5015 710 5080 Quamvis
732 5016 877 5070 enim
913 5016 1162 5070 abducta:
1190 5017 1377 5071 decem
1421 5018 1597 5072 tribus
1641 5015 1848 5080 esSent,
1890 5033 1999 5074 non

448 5085 606 5154 pauci
640 5092 824 5139 tamen
861 5101 929 5141 ex
969 5086 1077 5142 illis
1102 5087 1186 5140 vel
1211 5085 1425 5140 duabus
1463 5087 1586 5141 aliis
1620 5089 1870 5142 tribubus
1900 5088 2000 5141 im-

446 5155 615 5220 misti,
668 5155 747 5207 vel
800 5161 1077 5224 utcunque
1110 5156 1323 5210 liberati
1358 5166 1694 5211 manserunt.
1736 5157 1893 5223 Quod
1931 5157 2000 5212 ad

446 5225 1058 5296 acclalnatumHUsann-a
1101 5226 1375 5296 pertinet:
1410 5224 1523 5280 lieri
1559 5235 1768 5294 potest,
1803 5229 1876 5281 uti
1912 5243 2000 5281 ra-

445 5308 565 5366 mos
598 5293 665 5366 ad
698 5295 968 5366 publicam
1011 5293 1405 5366 testiﬁcandam
1448 5293 1685 5366 laetitiam
1739 5312 1999 5366 poposce-

445 5365 578 5435 rint,
599 5364 668 5418 ad
697 5381 790 5420 eos
811 5365 1198 5435 defringendos
1228 5380 1347 5420 sese
1373 5365 1608 5435 invicem
1643 5364 1840 5420 hortati
1867 5367 1996 5422 sint.

445 5432 786 5489 Postremum
830 5434 898 5489 de
935 5432 1314 5489 Nazarzeorum
1370 5434 1620 5490 instituto
1660 5435 1996 5491 levissimum

445 5510 550 5575 est.
571 5503 759 5572 Neque
789 5505 931 5558 enim
969 5503 1210 5575 Nazaraei
1248 5503 1326 5575 illi
1361 5506 1605 5575 perpetui
1634 5507 1892 5561 carnibus
1919 5507 2000 5561 sic

447 5573 847 5639 abstinuerunt,
896 5583 956 5629 ut
997 5589 1106 5628 non
1149 5574 1396 5628 Paschali
1429 5573 1568 5644 agno
1600 5584 1952 5632 vescerentur
1983 5594 1998 5630 :

445 5655 570 5696 cum
615 5645 849 5713 idipsum
895 5645 980 5700 lex
1021 5653 1127 5697 tam
1175 5653 1428 5715 accurate
1455 5645 1793 5715 praeciperet,
1822 5644 1916 5702 sed
1947 5646 2002 5700 in

445 5715 723 5786 communi
765 5715 974 5786 scilicet
1033 5713 1639 5786 quotidianoquc’victu—
1677 5715 1786 5774 illis
1829 5716 2000 5774 absti—

449 5781 650 5840 nebant
702 5793 758 5840 ut
797 5793 852 5840 ct
892 5785 1021 5842 vino
1050 5781 1114 5841 ac
1142 5784 1334 5841 Sicera.

2113 2267 2238 2306 etiam
2270 2250 2566 2320 aliquando
2626 2259 2772 2304 terra
2822 2251 3072 2305 siccitate
3124 2250 3421 2315 laboraret,
3461 2248 3690 2304 sublatis

2112 2343 2178 2398 ad
2205 2343 2402 2397 cmlum
2436 2343 2686 2396 manibus
2712 2343 2909 2408 oravit,
2943 2341 3235 2410 statimque
3263 2341 3435 2395 imber
3461 2343 3525 2395 de
3548 2342 3688 2394 cmlo

2109 2434 2329 2490 decidit.
2376 2433 2559 2488 Lanea
2603 2434 2929 2490 vestimenta
2966 2448 3245 2502 nunquam
3278 2431 3473 2486 induit.
3509 2432 3687 2501 llujus

2111 2541 2240 2580 vero
2283 2540 2460 2596 genua
2510 2526 2849 2580 camelorum
2902 2525 3079 2579 instar
3120 2525 3382 2579 eallosam
3431 2525 3688 2578 duritiem

2109 2625 2520 2680 contraxerant,
2548 2617 2694 2687 quod
2723 2632 2834 2686 pra:
2861 2617 3197 2671 abundantia
3219 2617 3439 2686 pietatis
3471 2616 3690 2677 assidue

2110 2709 2201 2762 illa
2235 2724 2419 2764 coram
2460 2709 2688 2762 Domino
2719 2708 2976 2762 ﬂecteret.
2999 2709 3364 2774 Quamobrem
3390 2720 3551 2761 nemo
3581 2722 3691 2759 am-

2110 2803 2254 2872 plius
2287 2803 2511 2872 proprio
2535 2803 2685 2856 illum
2738 2801 2958 2855 nomine
2990 2801 3242 2867 vocabat,
3270 2800 3365 2856 sed
3399 2799 3587 2853 Justus
3622 2799 3691 2852 ab

2109 2894 2366 2950 omnibus
2401 2894 2797 2964 appellabatur.
2832 2893 2912 2947 Ad
2938 2893 3051 2947 hazc
3081 2909 3360 2963 nunquam
3394 2893 3450 2946 in
3478 2891 3692 2946 balneis

2111 2986 2274 3050 lavit;
2339 2986 2408 3039 ab
2457 2986 2702 3039 animato
2750 2985 2898 3038 omni
2932 2985 3278 3054 temperavit,
3311 2991 3371 3038 ut
3407 2990 3568 3038 antea
3605 2982 3690 3036 di-

2110 3083 2259 3130 ctum
2289 3085 2408 3142 est;
2449 3091 2626 3146 nequc
2647 3075 2914 3130 sandaliis
2942 3091 3074 3130 usus
3105 3083 3207 3130 est.
3241 3074 3472 3144 Reliqua
3503 3073 3689 3129 omnia

2108 3168 2484 3237 praztermitto,
2508 3182 2631 3238 qua:
2669 3165 2738 3221 de
2761 3167 2864 3221 hoc
2899 3167 3036 3230 viro,
3073 3167 3251 3236 deque
3273 3165 3531 3220 laudabili
3566 3166 3692 3219 vitae

2111 3257 2258 3312 illius
2284 3257 2540 3312 instituto
2571 3257 2872 3327 quamlibet
2908 3258 3128 3326 copiose
3163 3257 3271 3311 dici
3307 3264 3557 3326 possunt.
3595 3254 3689 3308 Vi-

2109 3348 2279 3404 desne
2311 3361 2470 3418 quam
2523 3347 2742 3418 egregia
2779 3347 2982 3401 familia
3025 3347 3115 3400 illa
3161 3347 3341 3402 omnis
3369 3347 3692 3402 exstiterit?

2111 3438 2245 3492 Nam
2278 3440 2324 3495 si
2378 3437 2602 3508 Iosephi
2658 3437 2817 3493 liberi
2851 3438 3127 3507 virginum
3168 3436 3418 3492 ordinem
3463 3437 3616 3490 illum
3638 3445 3692 3491 et

2037 3502 2079 3559 ο
2112 3531 2495 3588 Nazarzeorum
2552 3528 2788 3585 olﬁcium
2844 3530 3216 3594 sectabantur,
3266 3537 3473 3599 quanto
3517 3530 3692 3599 magis

2112 3637 2276 3677 senex
2341 3623 2432 3678 ille
2482 3623 2834 3676 veneratione
2865 3621 3013 3676 omni
3057 3621 3418 3691 dignissimus
3480 3629 3688 3676 castam

2111 3723 2166 3769 et
2220 3715 2479 3768 intactam
2543 3711 2827 3784 Virginem
2891 3727 3226 3768 conservare
3268 3718 3516 3774 noverat,
3554 3711 3692 3764 etei

2109 3806 2227 3860 vasi
2269 3805 2601 3876 singularem
2643 3803 2935 3874 quemdam
2969 3804 3234 3858 honorem
3277 3801 3508 3865 deferre,
3547 3802 3690 3871 quod

2111 3898 2342 3951 salutem
2381 3896 2666 3952 hominum
2709 3895 3004 3966 aliquando
3060 3894 3440 3949 continuerat?
3487 3892 3592 3948 Sed
3638 3903 3692 3947 et

2109 3999 2304 4044 natura
2333 3989 2450 4060 ipsa
2479 3972 2809 4043 documento
2853 3988 3012 4043 nobis
3040 4003 3160 4043 csse
3195 3994 3374 4058 potest
3406 4005 3418 4038 :
3457 3985 3602 4054 quod
3636 3995 3690 4040 et

2111 4080 2303 4135 affecta
2325 4079 2437 4149 jam
2469 4086 2630 4134 aetate
2663 4079 2820 4144 foret,
2853 4094 2933 4144 ,ac
2964 4087 3094 4133 natu
3127 4078 3388 4149 grandior
3409 4121 3423 4145 ,
3461 4093 3691 4147 magnus

2110 4171 2255 4225 inter
2309 4170 2482 4235 viros,
2541 4170 2787 4224 moribus
2853 4169 3046 4233 ﬁdelis,
3095 4183 3160 4223 ac
3200 4168 3382 4238 specie
3423 4169 3538 4234 ipsa
3565 4168 3689 4221 reli-

2111 4262 2320 4333 giosus.
2353 4261 2426 4315 De
2458 4277 2524 4316 co
2576 4262 2777 4331 quippe
2816 4268 3051 4316 testatur
3097 4259 3474 4330 Evangelium,
3513 4261 3690 4314 homi-

2110 4368 2235 4408 nem
2283 4352 2454 4409 l'uisse
2506 4353 2788 4408 timentem
2847 4351 3063 4408 Deum'
3101 4368 3116 4407 :
3149 4355 3242 4423 qui
3283 4353 3490 4408 idcirco
3543 4353 3686 4407 clam

2183 4602 2257 4672 (6)
2302 4602 2646 4670 Ἐπειδήπερ
2675 4605 2735 4658 αὶ
2765 4602 2875 4657 δύο
2906 4602 3116 4672 φυλαί.
3166 4600 3280 4656 Hoc
3320 4601 3451 4656 alibi
3488 4600 3691 4654 refuta-

2111 4681 2226 4728 tum
2266 4689 2296 4726 a
2333 4673 2490 4728 nobis
2519 4681 2622 4726 est.

2184 4742 2260 4813 (7)
2296 4738 2483 4808 Οὗτος
2534 4745 2566 4813 ό
2616 4741 2883 4813 Ἰάκωϐος
2931 4741 3053 4813 καί
3081 4739 3380 4813 πέταλονζ
3427 4738 3503 4793 Ita
3558 4741 3686 4813 Inger.

2111 4809 2202 4875 29,
2246 4809 2310 4865 in.
2350 4813 2384 4866 4
2417 4831 2431 4866 :
2480 4812 2639 4865 Ἀλλὰ
2666 4812 2760 4866 καὶ
2802 4811 2864 4864 τὸ
2903 4811 3133 4866 πέταλον
3187 4810 3280 4863 ἐπὶ
3321 4809 3420 4879 τῆς
3451 4810 3691 4878 κεφαλῆς

2105 4881 2231 4954 ἐξῆν
2254 4881 2404 4952 αύτῷ
2435 4883 2640 4954 φέρειν.
2672 4880 2846 4954 Quod
2891 4881 2959 4954 de
3011 4881 3210 4936 summi
3264 4880 3556 4954 pontilieis-
3589 4896 3688 4930 πε-

2102 4949 2249 5021 τάλῳ
2307 4949 2584 5022 accepisse
2633 4953 2868 5022 videtur.
2929 4951 3220 5022 Perperam
3257 4950 3336 5022 id
3404 4949 3623 5022 quidem
3673 4967 3686 5022 ς

2103 5018 2249 5089 quod
2283 5018 2484 5090 alioqui
2523 5021 2592 5077 de
2633 5018 3072 5076 Christianorum
3120 5020 3435 5090 pontitieum
3488 5018 3688 5083 insigni

2105 5091 2364 5147 credibile
2410 5089 2526 5156 est,
2574 5097 2629 5146 et
2674 5091 2743 5146 de
2789 5090 2999 5146 Joanne
3051 5089 3383 5156 evangelista
3429 5095 3686 5141 testatum

2105 5162 2324 5230 reliquit
2375 5160 2688 5232 Polycrates
2741 5160 3132 5232 apndiEpseb.
3185 5159 3276 5211 lib.
3313 5172 3525 5232 v,_eap.
3571 5157 3682 5232 2:”):

2110 5224 2492 5302 Ὃς’έγενήθη’
2516 5231 2693 5302 ἱερεὺς
2734 5224 2810 5302 τὸν
2847 5227 3074 5302 πέταλον
3121 5224 3563 5302 πεφορεκῴςζυυ
3597 5224 3687 5278 Ja-

2105 5303 2243 5356 cobo
2277 5297 2432 5372 haud
2455 5297 2690 5372 ‘scio'gan
2727 5301 3004 5372 quispiam
3029 5297 3343 5372 prodiderit.
3381 5297 3515 5372 Nam
3549 5311 3687 5372 quos

2108 5373 2299 5425 haeresi
2334 5370 2405 5424 29
2440 5364 2939 5441 οἰιιιιΕρίριῐιιιιίἰιε,
2973 5364 3043 5423 de
3079 5366 3308 5431 Joanne,
3335 5381 3444 5420 non
3482 5364 3686 5420 iacebo

2105 5441 2210 5498 ista
2241 5441 2599 5509 scripserunt.

2179 5511 2254 5579 (8)
2288 5503 2521 5575 Βιῶσας
2543 5509 2688 5578 μετὰ
2718 5506 2965 5579 thymi}
3005 5503 3594 5579 ΣωτῆροςηΕιιεριιὶιιε
3620 5505 3685 5579 _i_n

2111 5575 2366 5636 Chronico
2397 5575 2657 5634 Jacobum
2691 5577 2875 5631 scribit
2932 5590 3075 5630 anno
3121 5575 3350 5630 Neronis
3383 5590 3455 5629 vn
3491 5575 3686 5644 lapidi-

2109 5651 2213 5706 bus
2247 5650 2502 5704 obrutum
2547 5648 2748 5712 fuisse;
2781 5644 2926 5715 quod
2969 5653 3025 5701 et
3060 5644 3279 5699 llieron.
3326 5647 3380 5698 in
3431 5645 3687 5713 Catulogo

2111 5721 2376 5790 sequitur,
2409 5717 2500 5788 qui
2539 5734 2650 5772 xxx
2697 5718 2854 5770 annis
2903 5715 3054 5769 illum
3088 5715 3294 5790 sedisse
3335 5716 3521 5790 refert.
3573 5715 3684 5768 Non

2113 5785 2277 5860 igiiur
2309 5785 2595 5847 accuratus
2620 5797 2703 5846 cst
2730 5802 2996 5843 annorum
3021 5786 3164 5857 apud
3194 5785 3552 5857 Epiphanium
3582 5800 3682 5836 nu-

2114 5875 2317 5916 uterus.
