3986 6224
351 396 456 450 725

1757 394 1817 449 S.
1857 393 2200 450 ΕΡΙΡΗΑΝΙΙ

3488 382 3588 441 πει

347 513 634 582 conjugem
677 511 948 567 dimittere
974 511 1278 568 statuisset.
1317 509 1427 566 Sed
1467 521 1525 566 ut
1553 511 1618 565 ad
1651 508 1916 566 Jacobum

2029 511 2174 566 ἔτεσι
2239 511 2674 581 είκοσιτέσσαρσι
2722 508 2892 563 πλείω
2929 507 3164 572 ἐλάσσω,
3203 505 3280 558 ὢν
3311 504 3451 559 ἐτῶν
3476 503 3589 573 ιιςθ,

348 605 566 659 redeam
598 603 825 657 Domini
849 603 1095 668 fratrem,
1121 618 1184 658 ac
1207 601 1426 674 Josephi
1451 603 1639 671 ﬁlium,
1677 604 1764 658 hic
1789 603 1917 660 Hie-

347 694 640 764 rosolymis
681 702 934 750 mortuus
999 705 1082 750 est
1141 694 1300 750 annis
1356 703 1478 764 post
1527 694 1918 752 Ascensionem

347 781 562 838 Domini
619 783 744 853 plus
793 784 976 839 minus
1025 784 1215 854 viginti
1255 789 1492 853 quatuor
1528 787 1758 849 exactis,
1793 801 1920 839 cum

346 874 464 942 ipse
502 881 718 928 sextum
757 880 810 928 et
857 874 1270 943 nonagesimum
1312 875 1488 928 intutis
1541 885 1744 944 ageret.
1783 875 1921 930 lluic

346 963 492 1016 enim
543 961 678 1019 fullo
739 963 961 1035 quidam
997 971 1160 1034 caput
1211 964 1350 1019 fuste
1389 965 1736 1030 comminuit,
1794 980 1919 1020 cum

345 1069 588 1124 praeceps
647 1064 792 1110 esset
837 1071 866 1110 e
909 1055 1092 1125 templi
1140 1054 1434 1124 pinnaculo
1491 1054 1773 1124 dejectus;
1825 1055 1920 1110 sed

343 1150 483 1205 nihil
523 1149 816 1205 admodum
844 1149 1110 1215 oﬁ'ensus,
1142 1150 1509 1220 procumbens
1535 1150 1590 1203 in
1624 1161 1799 1219 genua
1825 1163 1922 1220 pm

347 1241 432 1296 his
465 1242 620 1312 ipsis,
652 1257 682 1297 a
713 1243 914 1313 quibus
947 1243 1318 1314 praecipitatus
1356 1241 1556 1305 fuerat,
1593 1241 1758 1296 Deum
1799 1257 1924 1312 pre-

344 1341 505 1386 catus
530 1342 633 1397 est,
681 1333 768 1389 his
804 1335 1020 1390 verbis:
1056 1332 1276 1390 Dimitte
1307 1335 1438 1397 illis,
1492 1335 1619 1404 quia
1669 1337 1924 1392 nesciunt

2025 605 2130 658 ὑπὸ
2155 603 2252 658 τοῦ
2286 603 2536 671 γναφέως
2583 600 2661 672 τῷ
2711 601 2852 672 ξύλῳ
2893 598 3143 661 παισθεὶς
3186 597 3284 667 τὴν
3331 594 3592 666 κεφαλὴν,

2027 695 2206 768 ριφεὶς
2230 694 2338 768 ὀιπρ
2385 694 2478 747 τοῦ
2507 694 2798 764 πτερυγίου
2841 692 2934 746 τοῦ
2962 694 3006 745 is
3017 690 3134 764 ροῦ,
3165 689 3259 742 καὶ
3282 685 3558 742 κατελθών
3579 704 3593 717 ο

2025 765 2121 841 παὶ
2154 765 2332 858 μηδὲῖ
2343 784 2640 856 ἀδικηθεὶς,
2670 785 2857 848 κλίνας
2881 783 2938 837 δὲ
2963 783 3032 835 τὰ
3055 782 3277 850 γόνατα,
3303 778 3398 832 καὶ
3427 792 3594 848 προσ·

2025 878 2319 949 ευξάμενος
2365 876 2504 947 ὑπὲρ
2573 877 2752 929 αὐτῶν
2811 876 3080 945 ῥιψάντων
3106 912 3121 936 ,
3189 872 3282 925 καὶ
3337 869 3595 939 φάσκωνο

2029 968 2392 1040 Συγχὼρησον
2455 969 2674 1031 αὐτοῖς’
2716 967 2776 1021 οὐ
2851 966 2959 1037 γὰρ
2987 965 3163 1018 οἴδασι
3220 962 3274 1014 τί
3331 959 3596 1014 ποιοῦσιν·

2023 1061 2100 1125 ὡς
2128 1061 2222 1115 καὶ
2243 1057 2467 1129 Συμεὼν
2493 1059 2681 1130 πόρρω
2709 1055 2899 1121 ἑστὼς,
2933 1057 2960 1108 6
2988 1055 3178 1108 τούτου
3213 1052 3455 1122 ἀνεψιὸς,
3488 1051 3601 1113 υἱὸς

2025 1153 2082 1208 δὲ
2109 1151 2204 1204 τοῦ
2243 1152 2471 1216 Κλωπᾶ,
2513 1149 2666 1218 ἐλεγε
2695 1163 2710 1178 ·
2763 1147 3052 1202 Παύσασθε
3077 1163 3092 1176 ο
3121 1147 3176 1199 τί
3219 1142 3466 1207 λιθάζετε
3511 1142 3604 1194 τὸν

2025 1244 2271 1309 δίκαιον;
2302 1243 2412 1298 Καὶ
2452 1243 2561 1297 ἰδοὺ
2599 1240 2815 1312 εὔχεται
2855 1240 2995 1309 ὑπὲρ
3027 1238 3180 1309 ὑμῶν
3210 1238 3280 1290 τὰ
3321 1235 3597 1290 κάλλιστα.

2029 1338 2139 1390 Καὶ
2155 1334 2329 1400 οὕτως
2355 1335 2548 1404 γέγονε
2570 1333 2630 1387 τὸ
2658 1330 2823 1386 αὑτοῦ
2850 1329 3167 1403 μαρτύριον.

346 1425 476 1495 quid
521 1427 744 1482 faciunt.
781 1424 933 1482 Unde
983 1426 1218 1498 Symeou
1252 1427 1398 1481 illius
1431 1441 1462 1480 e
1503 1439 1693 1481 sorore
1723 1441 1913 1496 nepos,
1956 1441 2020 1482 ac
2050 1426 2304 1498 Cleopbae
2356 1426 2500 1482 ﬁlius
2533 1425 2721 1496 procul
2753 1431 2939 1479 astans
2964 1424 3017 1476 in
3065 1421 3178 1476 haec
3239 1419 3405 1474 verba
3456 1417 3606 1470 locu-

346 1528 438 1576 tus
473 1517 1153 1592 estzDesinite!1047
1202 1517 1342 1584 Quid
1387 1518 1657 1587 lapidibus
1706 1517 1918 1587 justum
1960 1519 2232 1574 hominem
2285 1517 2582 1590 appetitis?
2645 1519 2698 1572 ls
2770 1529 2869 1586 pro
2912 1513 3068 1570 vobis
3105 1510 3311 1584 Optima
3375 1521 3607 1579 quaeque

345 1618 623 1681 precatur.
683 1609 798 1664 Hoc
851 1610 1020 1680 igitur
1072 1609 1236 1664 modo
1281 1610 1546 1680 martyrio
1594 1609 1918 1680 perfunctus
1955 1620 2058 1668 est.

416 1703 532 1760 XV.
571 1703 690 1759 Jam
741 1719 871 1759 vero
901 1705 946 1759 si
976 1703 1198 1774 Josephi
1243 1704 1387 1757 ﬁlius
1427 1711 1584 1758 aetate
1613 1704 1694 1759 sic
1725 1719 1924 1774 prove-

2104 1709 2202 1761 IE'.
2248 1709 2309 1760 Εἰ
2333 1706 2509 1760 τοίνυν
2536 1706 2564 1758 6
2591 1704 2778 1759 τούτου
2807 1705 2938 1766 παῖς
2964 1699 3235 1755 τοσούτων
3259 1695 3398 1750 ἐτῶν
3428 1693 3605 1765 ὑπῆρ-

345 1806 468 1852 ctus
497 1795 620 1860 fuit,
671 1796 794 1865 quis
846 1795 968 1866 ejus
1023 1806 1232 1866 patrem
1288 1795 1606 1861 arbitretur,
1662 1796 1755 1866 qui
1811 1804 1922 1850 tam

2031 1817 2113 1870 χε,
2147 1799 2264 1862 πῶς
2297 1799 2406 1870 ἄρα
2432 1799 2460 1850 6
2483 1796 2673 1850 τούτου
2713 1795 2895 1866 πατὴρ
2938 1793 3150 1864 βλέπων
3180 1787 3423 1862 φρικώδη
3465 1786 3606 1858 πρά-

343 1885 618 1942 horrenda
645 1887 957 1955 spectacula
981 1886 1243 1942 vidisset:
1269 1894 1399 1956 puta
1423 1888 1647 1955 angelos
1680 1887 1926 1942 nascenti

347 1975 484 2030 Filio
519 1975 613 2032 Dei
647 1976 972 2045 stipatorum
1013 1991 1077 2030 ac
1106 1977 1403 2031 satellitum
1459 1976 1630 2032 olﬁcia
1662 1983 1928 2046 praestan-

349 2075 452 2132 tes,
487 2081 552 2121 ac
582 2067 649 2121 de
679 2067 820 2121 coelo
852 2075 1156 2131 cantantes,
1198 2076 1252 2122 et
1298 2069 1542 2125 dicentes
1576 2089 1589 2123 :
1634 2068 1818 2123 Gloria
1873 2070 1928 2123 in

345 2157 621 2210 altissimis
649 2156 760 2212 Deo
779 2199 794 2222 ,
823 2168 871 2213 ct
894 2159 949 2212 in
984 2169 1124 2213 terra
1149 2174 1275 2228 pax,
1303 2161 1359 2214 in
1379 2159 1677 2214 hominibus
1704 2159 1926 2230 benigna

344 2247 586 2301 voluntas
612 2249 650 2314 ¹;
680 2265 803 2303 cum
827 2256 1075 2319 pastores
1096 2249 1320 2320 insuper
1341 2250 1404 2305 ad
1437 2265 1556 2305 eam
1585 2251 1923 2320 speluncam,

346 2337 400 2390 in
435 2353 542 2408 qua
585 2338 841 2395 Christus
882 2350 1046 2394 natus
1091 2348 1230 2408 erat,
1276 2341 1666 2406 accessissent,
1707 2341 1928 2397 eadem-

343 2447 450 2501 que
480 2433 846 2501 nuntiassent,
874 2449 998 2488 cum
1032 2434 1168 2498 huic,
1192 2434 1433 2505 inquam,
1469 2443 1579 2490 tam
1605 2434 1926 2490 admiranda

345 2521 593 2593 prodigia
640 2536 704 2576 ac
740 2524 1002 2578 miracula
1043 2521 1315 2594 Josephus
1352 2524 1440 2579 ille
1499 2539 1664 2580 senex
1727 2541 1790 2580 ac
1831 2525 1928 2581 de-

344 2612 588 2683 crepitus
632 2613 869 2678 audiret,
916 2613 1105 2669 fierine
1143 2615 1344 2684 potuit,
1378 2623 1572 2669 sancto
1608 2624 1665 2669 ut
1694 2615 1770 2669 illi
1803 2631 1927 2671 cor-

346 2703 487 2772 pori,
524 2703 578 2757 in
604 2718 714 2773 quo
740 2702 882 2760 Dens
909 2704 1270 2768 habitaverat,
1315 2720 1410 2775 per
1450 2720 1717 2759 summam
1769 2706 1928 2776 igno-

352 2792 574 2847 miniam
616 2794 908 2849 illudereti’
940 2810 1048 2866 quo
1079 2795 1302 2865 quidem
1327 2812 1392 2850 ex
1419 2810 1646 2865 corpore
1674 2805 1929 2867 suscepta

345 2900 372 2936 τι
406 2883 498 2941 Dei
530 2883 711 2941 Verbo
757 2887 999 2944 hominis
1043 2894 1128 2943 est
1175 2896 1370 2942 natura
1423 2897 1729 2941 contracta.
1773 2885 1930 2944 Unde

344 2984 398 3031 et
457 2986 646 3034 sancta
689 2978 780 3032 illa
814 2986 868 3034 et
900 2978 1220 3049 incorrupta
1258 2992 1389 3032 caro
1431 2978 1695 3032 fabricata
1735 2988 1840 3043 est,
1876 2988 1930 3034 et

344 3085 469 3124 cum
515 3069 816 3126 Salvatoris
865 3071 1155 3126 divinitate
1194 3071 1512 3140 conjuncta.
1554 3069 1926 3137 Quemadmo-

2029 1907 2236 1962 γματα,
2270 1889 2534 1958 ἀγγέλους
2561 1889 2660 1958 τὴν
2692 1887 2942 1957 γέννησιν
2966 1883 3060 1938 τοῦ
3096 1882 3226 1936 Υἱοῦ
3255 1879 3608 1952 δορυφοροῦν-

2027 2000 2146 2046 τας,
2194 1981 2498 2053 ὑμνοῦντας
2537 1979 2634 2034 ἀπ’
2667 1976 2922 2050 οὐρανοῦ,
2968 1977 3065 2030 καὶ
3117 1974 3409 2042 λέγοντας·
3453 1971 3610 2034 Δόξα

2026 2075 2097 2129 ἐν
2126 2075 2413 2143 ὑψίστοις
2443 2070 2584 2137 Θεῷ,
2620 2071 2720 2124 καὶ
2747 2069 2846 2123 ἐπὶ
2877 2061 2990 2140 τῆς
3023 2065 3256 2136 εἰρήνη,
3290 2065 3360 2118 ἐν
3383 2061 3608 2131 ἀνθρὼ-

2030 2177 2166 2228 ποις
2214 2160 2485 2215 εὐδοκία·
2524 2160 2618 2214 καὶ
2662 2157 2770 2212 τῶν
2823 2157 3096 2228 ποιμένων
3142 2155 3380 2226 ἡκόντων
3428 2153 3507 2216 εἰς
3551 2152 3610 2204 τὸ

2031 2252 2317 2322 σπήλαιον,
2353 2249 2480 2303 ἔνθα
2523 2248 2811 2319 ἐγεννήθη,
2857 2246 2954 2300 καὶ⁵
2997 2244 3169 2299 ταῦτα
3215 2242 3610 2312 ἀγγελλόντων,

2029 2339 2124 2392 καὶ
2150 2356 2244 2392 του
2285 2337 2482 2407 Ἰωσὴφ
2512 2336 2799 2398 ἀκούοντος
2825 2335 2920 2388 τοῦ
2954 2333 3260 2404 πρεσϐύτου
3292 2333 3388 2385 καὶ
3441 2333 3610 2401 ὑπερ-

2026 2429 2226 2491 ϐάντος
2252 2427 2347 2480 τοῦ
2375 2427 2590 2499 χρόνου,
2617 2426 2685 2479 τὰ
2715 2424 2951 2479 τοσαῦτα
2980 2426 3181 2495 σημεῖα
3205 2421 3299 2475 καὶ
3334 2421 3608 2491 θαύματα,

2030 2521 2148 2584 πῶς
2171 2520 2372 2590 ἐτόλμα
2402 2520 2771 2590 ἐμπαροινεῖν,
2800 2517 2896 2571 καὶ
2923 2513 3226 2588 ἐνυϐρίζειν
3253 2513 3413 2583 σῶμα
3434 2511 3608 2580 ἅγιον,

2028 2615 2088 2666 ἐν
2118 2606 2163 2681 ᾧ
2196 2611 2510 2681 κατῳκίσθη
2543 2611 2710 2675 Θεός;
2747 2608 2806 2673 ἐξ
2838 2604 3010 2678 οὗπερ
3055 2606 3306 2677 σώματος
3353 2603 3614 2672 συνελέγη

2029 2708 2160 2778 ἡμῖν
2205 2708 2237 2777 ἡ
2279 2705 2376 2776 τῆς
2419 2706 2684 2777 ἐνσάρκου
2739 2705 3042 2775 παρουσίας
3070 2697 3386 2770 οίκονομὶαο
3431 2693 3610 2763 ὄθενὴ

2029 2798 2162 2867 ἁγία
2193 2798 2459 2869 ἄχραντος
2506 2796 2642 2868 σὰρξ
2682 2798 2814 2866 ἡμῖν
2862 2792 3184 2866 ᾠκοδομήθη
3216 2793 3273 2845 ἐν
3304 2791 3370 2860 τῇ
3402 2787 3612 2855 θειότητι

2028 2891 2122 2945 τοῦ
2152 2891 2428 2962 Σωτῆρος·
2459 2889 2533 2952 ὡς
2565 2890 2592 2941 6
2627 2888 2856 2956 ἄγγελος
2901 2888 3079 2940 ἐκεῖσε
3120 2881 3358 2952 Γαϐριὴλ
3398 2879 3571 2947 λέγων
3593 2893 3606 2906 ·

2030 2983 2274 3052 Πνεῦμα
2295 2981 2516 3049 Κυρίου
2546 2980 2941 3034 ἐπελεύσεται
2970 2977 3068 3030 ἐπὶ
3106 2976 3203 3040 σὲ,
3234 2974 3329 3028 καὶ
3361 2972 3610 3039 δύναμις

2038 3076 2335 3145 ’Υψιστου
2365 3070 2705 3127 ἐπισκιάσει
2736 3086 2836 3124 σοι
2858 3085 2873 3100 ·
2899 3068 2993 3123 διὸ
3023 3068 3120 3121 καὶ
3150 3065 3215 3120 τὸ
3240 3062 3613 3136 γεννώμενον

343 3161 472 3215 dum
530 3163 759 3230 angelus
816 3160 1035 3218 Gabriel
1086 3163 1198 3216 illic
1245 3170 1476 3219 testatus
1510 3172 1634 3219 est:
1669 3163 1922 3232 Spiritus,

2029 3169 2100 3223 ἐκ
2142 3167 2260 3223 σοῦ
2301 3166 2472 3236 ἅγιον
2522 3162 2892 3232 κληθήσεται
2944 3160 3078 3226 Υἱὸς
3125 3157 3292 3214 Θεοῦ.
3338 3155 3464 3220 Πῶς
3509 3154 3613 3224 ἄρα

345 3251 540 3321 inquit,
581 3251 794 3306 Domini
835 3253 1157 3320 superveniet
1187 3253 1242 3307 in
1277 3265 1346 3318 te,
1379 3262 1429 3308 et
1458 3254 1622 3308 virtus
1657 3254 1924 3308 Altissimi

345 3340 678 3394 obumbrabit
725 3352 791 3396 te.
834 3341 1063 3412 Ideoque
1099 3352 1148 3398 et
1183 3343 1322 3414 quod
1349 3352 1595 3398 nascetur
1625 3360 1689 3399 ea:
1716 3355 1764 3398 te
1793 3362 1925 3400 san-

345 3443 508 3498 ctum,
549 3435 823 3487 vocabitur
856 3433 1034 3491 Filius
1068 3435 1224 3494 Dei’.
1256 3435 1625 3504 Quamobrem
1661 3452 1770 3509 quo
1805 3447 1928 3492 tan-

345 3525 468 3580 dem
501 3533 662 3595 pacto
695 3541 819 3578 cum
855 3535 1004 3580 tanta
1058 3527 1264 3598 talique
1304 3527 1529 3600 Virgine
1555 3529 1722 3585 Maria
1754 3546 1925 3602 copu-

348 3617 449 3670 lari
492 3632 660 3672 ausus
707 3619 896 3672 esset?
943 3617 1182 3688 Ecquem
1225 3635 1353 3676 vero
1397 3622 1635 3677 fructum
1677 3637 1741 3676 ea
1779 3639 1930 3695 qua:-

347 3707 456 3779 stio
494 3707 653 3762 nobis
687 3709 886 3772 attulit,
933 3718 1116 3763 utrum
1151 3710 1299 3766 illius
1333 3713 1786 3768 consuetudinem
1824 3716 1925 3769 hac

351 3798 573 3854 buerit?
613 3797 805 3853 Utrum
837 3815 965 3856 vero
1006 3801 1227 3858 tandem
1271 3804 1446 3873 magis
1474 3804 1785 3876 eligendum
1821 3815 1924 3872 est,

351 3892 459 3945 Deo
488 3890 797 3946 istiusmodi
829 3893 1040 3963 negotia
1063 3894 1426 3960 committere,
1455 3911 1524 3950 an
1554 3897 1622 3951 ad
1656 3897 1929 3953 deteriora

347 3979 616 4035 violenter
635 3980 978 4050 irrumpere?
1008 3979 1164 4048 Quod
1191 3983 1336 4038 enim
1375 3999 1645 4054 nusquam
1671 3987 1726 4041 in
1754 3987 1930 4043 sacris

348 4071 572 4130 Litteris
600 4074 871 4145 scriptum
913 4083 1114 4141 exstet,
1142 4075 1248 4131 nisi
1275 4075 1672 4134 crediderimus
1703 4079 1930 4134 Mariam

2026 3259 2228 3330 ἐτόλμα
2265 3256 2602 3327 ωναφοῆναι
2653 3256 2720 3326 τῇ
2770 3255 3007 3328 τοσαύτῃ
3061 3253 3154 3310 καὶ
3196 3249 3421 3321 τοιαύτῃ
3483 3246 3613 3318 ἁγίᾳ

2026 3351 2283 3425 παρθένῳ
2316 3350 2538 3421 Μαρέῃ
2567 3348 2632 3401 Τί
2677 3348 2734 3401 δὲ
2775 3347 3057 3418 ὠφέλησεν
3089 3347 3240 3416 ἡμᾶς
3284 3343 3385 3414 (9),
3427 3339 3475 3394 εί
3521 3340 3612 3393 καὶ

2031 3441 2295 3516 συνήφοη,
2320 3444 2454 3513 ὅπερ
2493 3442 2567 3512 μὴ
2606 3441 2835 3510 γένοιτο,
2872 3440 3001 3511 περὶ
3055 3436 3149 3492 τοῦ
3202 3437 3418 3505 ζητεῖνς
3460 3434 3615 3486 Ποῖον

2029 3536 2089 3591 δὲ
2146 3534 2347 3606 μᾶλλον
2399 3535 2546 3585 ἐστιν
2599 3529 3001 3604 αἱρετώτερον,
3059 3527 3120 3582 τὸ
3163 3524 3617 3599 παραδοῦναιοτὰ

2033 3627 2337 3698 πράγματα
2365 3623 2502 3695 Θεῷ,
2543 3623 2577 3694 ἢ
2611 3622 2892 3693 βιάζεσθαι
2940 3623 3073 3693 ἡμῖν
3107 3620 3173 3674 τὰ
3211 3619 3463 3691 χείρονα;
3495 3617 3616 3671 Ὀτι

2037 3718 2135 3790 μέν
2165 3718 2266 3772 οὐκ
2293 3717 2504 3788 ἐγράφη
2531 3716 2682 3786 ἡμῖν,
2709 3717 2814 3778 ὅτι,
2851 3714 2946 3768 ἐὰν
2988 3715 3064 3786 μὴ
3099 3713 3499 3784 πιστεύσωμεν,
3533 3712 3612 3766 ὅτι

2037 3810 2281 3881 συνῆφθη
2315 3809 2475 3863 πάλιν
2519 3811 2548 3880 ἡ
2596 3807 2806 3878 Μαρία,
2833 3807 2932 3859 οὐκ
2961 3805 3154 3876 ἔχομεν
3191 3805 3336 3875 ζωὴν
3379 3801 3614 3867 αἰώνιον,

2034 3902 2170 3956 ἀλλὰ
2192 3903 2270 3966 εἰς
2294 3904 2466 3973 κρῖμα
2489 3900 2783 3971 ἐρχόμεθα,
2805 3898 2981 3970 δῆλον.
3002 3897 3246 3969 Ἐγράφη
3268 3895 3324 3948 δέ
3343 3893 3395 3948 τί
3418 3895 3437 3926 ⁶
3458 3893 3615 3958 καλὲ,

2036 3995 2173 4050 ἀλλὰ
2213 3995 2264 4048 τί
2301 3995 2505 4058 δίκαια,
2534 3993 2588 4046 τί
2626 3993 2831 4063 σεμνά’
2881 3992 3007 4046 Ἵνα
3047 3990 3130 4055 δῷ
3168 3989 3286 4060 μὲν
3321 3987 3497 4056 χάριν
3523 3984 3618 4040 καὶ

2037 4081 2162 4150 τοῖς
2190 4083 2544 4137 ἀκούουσιν.
2565 4081 2771 4136 Εἴασαν
2795 4082 2852 4135 δὲ
2871 4083 2920 4135 οἱ
2941 4081 3037 4135 ἄνθ
3047 4098 3214 4150 ρωποι
3234 4078 3304 4132 τὰ
3325 4079 3616 4146 ἀναγκαῖα,

349 4182 475 4221 cum
523 4167 641 4224 viro
687 4177 870 4238 postea
907 4168 1283 4234 consuevisse,
1339 4185 1439 4225 nos
1471 4172 1637 4226 vitam
1671 4181 1931 4228 aeternam

357 4259 583 4316 minime
607 4269 1024 4326 consecuturos,
1077 4262 1172 4317 sed
1211 4262 1420 4332 judicio
1464 4266 1932 4331 condemnandos,

2039 4175 2107 4230 τὰ
2135 4177 2263 4246 περὶ
2291 4176 2524 4237 πίστεως
2553 4174 2832 4245 ἀληθείας.
2863 4173 2930 4226 τὰ
2960 4174 3014 4226 ἐν
3037 4170 3316 4242 δοξολογία
3347 4166 3504 4230 Θεοῦ,
3524 4169 3617 4223 καὶ

2040 4266 2164 4321 ὅθεν
2189 4268 2235 4321 δ’
2266 4268 2331 4322 ἂν
2362 4266 2594 4338 εὕρωσιν
2624 4267 2833 4328 ἑαυτοῖς
2860 4263 3316 4336 προσπορίζονται
3337 4261 3470 4332 πρὸς
3495 4259 3619 4330 βλά-

350 4353 556 4407 nemini
580 4368 703 4410 esse
725 4362 906 4425 potest
931 4355 1250 4410 obscurum.
1275 4354 1532 4420 Quaenam
1561 4373 1688 4413 vero
1712 4359 1925 4428 scriptis

2042 4357 2177 4429 δηνο
2208 4356 2308 4427 φεῦ
2333 4360 2346 4411 ί
2372 4359 2467 4411 καὶ
2507 4355 2852 4421 διανοεῖσθαι,
2889 4354 3122 4426 μάλιστα
3161 4355 3262 4422 τῆς
3299 4352 3523 4425 Γραφῆς
3547 4348 3618 4421 μὴ

349 4457 607 4511 expressa
647 4446 825 4499 sunt?
867 4447 1058 4516 utique
1099 4444 1348 4500 honesta.
1391 4446 1651 4513 Quaenam
1721 4448 1939 4519 porro?
2043 4448 2328 4519 λεγούσης.

354 4533 534 4590 iusta.
577 4535 732 4601 Qum?
755 4536 998 4605 inquam.
1061 4535 1300 4594 Honesta
1320 4539 1340 4570 ³
1367 4556 1380 4604 ;
1410 4535 1471 4592 Ut
1505 4540 1836 4595 audientibus
1865 4541 2141 4595 conciliari
2171 4544 2344 4614 gratia
2368 4544 2535 4614 possit
2565 4542 2604 4594 ⁵.
2638 4540 2706 4594 At
2731 4541 2978 4598 homines
3010 4540 3338 4596 necessariis
3395 4535 3620 4600 relictis.

352 4628 422 4683 iis
461 4643 583 4698 qua:
633 4642 758 4681 cum
777 4627 899 4682 ﬁdei
944 4628 1165 4684 veritate
1211 4645 1272 4685 ac
1325 4631 1415 4686 Dei
1474 4635 1864 4703 praedicatione
1922 4635 2217 4706 conjuncta
2259 4648 2407 4704 sunt,
2456 4636 2765 4708 perniciosa
2833 4635 2936 4690 sibi
2976 4650 3225 4704 quaeque,
3267 4633 3624 4700 undecunque

353 4719 648 4790 potuerint,
697 4719 1009 4789 excogitare
1044 4721 1385 4777 contendunt
1454 4744 1465 4778 :
1531 4725 1668 4779 heul
1712 4725 1861 4796 quod
1907 4728 1992 4782 vel
2080 4731 2324 4801 cogitare
2353 4731 2643 4786 molestum
2670 4735 2776 4795 est,
2809 4739 2932 4782 cum
2991 4727 3139 4781 nulla
3173 4727 3442 4798 praecipue
3471 4724 3542 4780 sit
3569 4723 3623 4776 in

352 4812 627 4881 Scriptura
663 4815 883 4866 mentio.

430 4903 567 4958 XVI.
613 4903 824 4957 Etenim
864 4903 908 4958 si
946 4902 1217 4972 ejusmodi
1253 4899 1510 4971 quiddam
1557 4899 1648 4954 illa
1691 4915 1925 4957 comme-

2109 4900 2221 4966 ις’.
2256 4906 2319 4960 Εἰ
2353 4906 2452 4977 μὲν
2486 4925 2594 4980 γαρ
2629 4907 2812 4978 ἔλεγεν
2855 4909 2889 4982 ἡ
2925 4907 3138 4982 Γραφὴ,
3167 4910 3530 4981 ἀπεδιδόαμεν
3556 4910 3622 4964 ἄν

360 5004 652 5062 morassct,
703 4993 948 5065 profecto
993 4995 1278 5049 veritatem
1326 4993 1502 5064 ipsam
1538 4991 1656 5046 sine
1687 4992 1796 5046 ulla
1829 5001 1925 5047 ter-

2050 4997 2148 5068 τὴν
2181 4996 2460 5067 ἀλήθειαν,
2492 5001 2584 5053 καὶ
2617 5001 2769 5054 οὐδὲν
2811 5000 3184 5072 διενοούμεθα.
3215 5001 3305 5072 Μὴ
3329 5002 3439 5072 γὰρ
3463 5004 3491 5053 6
3523 5001 3625 5070 γά-

355 5089 724 5160 givcrsatione
755 5087 1155 5157 proﬁteremur.
1189 5085 1270 5139 An
1304 5085 1448 5140 enim
1478 5083 1779 5139 inhonestae
1810 5094 1925 5139 sunl

2049 5103 2149 5156 μος
2185 5087 2452 5156 ἄσεμνος;
2489 5088 2562 5158 μὴ
2599 5088 2884 5160 βέϐηλοςὴ
2919 5091 3108 5162 κοίτη;
3151 5092 3226 5161 μὴ
3268 5090 3368 5144 οὐκ
3415 5092 3562 5145 ἔστιν
3592 5093 3624 5163 ἡ

357 5182 608 5253 nuptiae?
645 5189 740 5235 aut
772 5179 1036 5251 profanus
1059 5187 1142 5233 est
1169 5190 1345 5241 torus,
1378 5186 1434 5232 et
1471 5192 1580 5230 non
1616 5177 1798 5246 potius
1844 5177 1925 5229 im«

2046 5177 2200 5248 κοίτη
2254 5179 2553 5249 ἁμίαντοςς
2606 5181 2678 5251 μὴ
2715 5182 3201 5254 παραχαράσσεται
3243 5184 3451 5254 γάμος;
3495 5181 3625 5236 Ἀπὸ

359 5277 665 5330 maculatus
685 5275 732 5327 ἐν
773 5275 852 5326 An
884 5273 1121 5342 denique
1169 5273 1491 5326 adulterata:
1524 5278 1652 5325 sunt
1695 5267 1925 5339 nuptiae?

2046 5268 2102 5321 δὲ
2131 5271 2426 5342 προφητῶν
2462 5274 2554 5326 καὶ
2583 5273 2879 5344 ἀρχιερέων
2930 5275 3192 5346 ἀπέχεται
3239 5275 3327 5328 διὰ
3358 5276 3459 5345 τὴν
3491 5275 3624 5345 πρὸς

357 5370 680 5440 Quanquam
734 5367 1011 5437 propheta:
1069 5381 1134 5420 ac
1171 5364 1459 5434 pontiﬁces
1484 5364 1552 5418 ab
1581 5361 1796 5433 1053
1827 5361 1925 5416 illis

2043 5361 2104 5413 τὸ
2146 5361 2330 5430 μεῖζον
2379 5365 2700 5434 ὑπηρεσίαν.
2750 5366 2904 5420 Μετὰ
2963 5367 3071 5439 γὰρ
3253 5365 3624 5438 προφητεῦσαι

358 5461 652 5524 abstinent,
705 5469 762 5513 ut
809 5459 1111 5529 majoribus
1157 5455 1531 5511 {unctionibus
1575 5460 1925 5523 occupentur.

2049 5453 2312 5524 Μωῦσῆν,
2339 5455 2522 5507 οὐκέτι
2555 5457 2775 5524 γυναικὶ
2807 5456 3094 5527 συνῆπται,
3123 5459 3305 5511 οὐκέτι
3349 5460 3624 5512 τεκνοκυῖ-

433 5614 449 5644 ¹
479 5613 610 5668 Luc.
644 5632 706 5676 ll,
733 5617 816 5669 H.
897 5619 916 5647 ’
957 5614 1085 5667 Luc.
1123 5629 1160 5675 I,
1193 5612 1282 5666 35.
1362 5611 1382 5642 ³
1407 5609 1645 5679 Philipp.
1683 5621 1756 5668 tv,
1789 5605 1842 5661 8.

2029 5608 2174 5677 phes.
2212 5624 2284 5674 tv,
2310 5607 2398 5662 ἓξ).
2476 5612 2496 5642 ⁵
2525 5607 2689 5665 Hebr.
2734 5628 2851 5676 xm,
2877 5612 2931 5668 4.
3001 5614 3022 5644 ⁶
3063 5613 3358 5684 Sequentia
3393 5613 3446 5668 τί
3496 5627 3618 5669 cum

365 5681 795 5754 Interrogatione
828 5686 966 5738 forte
990 5685 1234 5753 legenda.

439 5797 514 5852 (9)
568 5797 626 5848 Τί
668 5795 736 5848 δὲ
761 5795 1078 5864 ὠφέλησεν
1135 5792 1303 5862 ἡμᾶς.
1366 5790 1682 5862 Leopardus
1747 5789 1841 5844 lib.
1900 5805 1925 5842 ιζ

439 5865 730 5918 πόνιοειίι.

2029 5788 2462 5861 ἶηιεηάατὶοηιιηι,
2512 5807 2630 5862 cap.
2692 5791 2726 5844 2
2756 5834 2767 5855 ,
2815 5809 2914 5864 pro
2963 5794 3090 5868 περὶ
3141 5793 3232 5848 τοῦ
3286 5794 3490 5867 ζητεῖν,
3528 5806 3620 5844 πε-

376 5875 553 5937 ριττὸν
581 5875 730 5935 legit.
