3986 6224
440 325 538 383 725

1014 326 1383 386 ADVERSUS
1421 316 1764 384 HIERESES
1801 327 1927 385 LIB.
1972 330 2013 387 II

2120 330 2263 391 I‘OM.
2310 335 2375 391 II.
2416 367 2487 379 —
2526 333 2798 391 IIAZRES.
2840 329 3117 387 LXXVIII.

3591 329 3697 386 726

442 466 583 517 σκει,
615 449 796 503 οὐκέτι
832 452 998 523 γεννᾷ
1020 453 1048 504 ὁ
1074 452 1335 511 τοιοῦτος.
1362 452 1741 524 Σχολιαίτερον
1782 454 1891 526 γὰρ
1930 455 2014 510 τὸν

2122 456 2334 513 Etenim
2382 456 2617 529 Moyses,
2662 465 3016 527 posteaquam
3055 451 3314 524 propheta
3349 466 3473 508 esse
3496 452 3686 521 carpit,
3726 432 3734 458 ¹

442 541 553 612 βίον
599 540 724 612 ἔσχε
771 542 907 613 πρὸς
951 543 1041 597 τὸν
1089 542 1389 612 Δεσπότην.
1410 543 1537 606 Πῶς
1563 544 1671 615 γὰρ
1700 545 1930 615 ἠδύνατο
1958 547 2016 601 ὲν

437 634 555 704 ὄρει
594 633 724 704 Σινᾷ
772 635 1183 707 τεσσαράκοντα
1223 634 1426 698 νύκτας
1471 636 1565 688 καὶ
1616 636 2021 707 τεσσαράκοντα

438 726 655 799 ὴμέρας
700 726 964 781 διατελεῖν
996 728 1161 800 γάμῳ
1195 727 1584 799 προσανέχων;
1625 728 1695 781 Ἢ
1739 730 1857 794 πῶς
1895 729 2022 800 ἡδύ-

437 837 568 876 νατο
589 819 992 892 τεσσαράκοντα
1019 820 1112 892 ἐτη
1140 823 1196 874 ὲν
1219 822 1285 891 τῇ
1321 822 1513 892 ἐρήμῳ
1541 820 1676 891 πρὸς
1710 822 2022 894 οἰκονομίαν

439 913 573 966 Θεοῦ
624 914 842 986 ἕτοιμος
885 908 1042 979 εἶναι,
1087 913 1221 984 πρὸς
1260 911 1562 984 ἱερωσύνην
1605 930 1664 965 τε
1706 913 2019 983 σχολάζειν;

439 1007 550 1059 Καὶ
574 1005 690 1067 πῶς
711 1006 781 1058 τὰ
814 1006 1087 1077 μυστήρια
1106 1001 1431 1075 διηγεῖσθαι,
1462 1006 1556 1057 καὶ
1580 1004 1641 1056 τὸ
1674 1004 1978 1074 συνομιλεῖν
2004 1006 2019 1036 ι

437 1095 555 1165 Θεῷ
586 1095 858 1166 τῷ-γάμῳ
902 1095 1244 1166 συνημμένος
1285 1094 1583 1159 διατελεῖν;
1631 1096 1694 1148 Et
1743 1094 1853 1165 γὰρ
1894 1097 2023 1167 περὶ

438 1188 593 1259 ἡμῶν
619 1188 817 1255 φάσκει
847 1189 873 1241 ὁ
915 1186 1069 1255 ἅγιος
1108 1185 1428 1249 Ἀπόστολος
1457 1186 1774 1258 διαρρήδην,
1810 1186 1902 1240 καὶ
1932 1186 2020 1239 λέ-

437 1296 552 1348 γει·
585 1279 741 1349 Πρὸς
774 1279 1003 1348 καιρὸν,
1037 1280 1137 1332 ἵνα
1167 1276 1523 1348 σχολάσωσι
1557 1277 1630 1346 τῇ
1668 1278 1977 1348 προσευχῇ
2004 1295 2018 1309 ⁶

439 1371 588 1440 πόσῳ
611 1388 674 1440 γε
707 1371 906 1442 μᾶλλον
947 1371 1074 1443 περὶ
1116 1369 1412 1441 προφητῶν
1440 1370 1590 1424 ἔσται
1622 1366 1776 1435 οὗτος
1807 1371 2022 1441 ἀληθῶς

435 1463 464 1514 ὁ
512 1462 700 1532 λόγος
750 1462 1025 1533 Προφῆτις
1072 1463 1249 1515 τοίνυν
1292 1462 1387 1515 καὶ
1429 1464 1462 1533 ἡ
1509 1463 1720 1534 Μαρία.
1755 1463 2022 1531 Eia-11.168

437 1558 568 1624 γὰρ,
618 1555 771 1625 φησὶ,
815 1554 964 1622 πρὸς
1008 1553 1122 1619 τὴν
1167 1551 1489 1622 προφῆτιν,
1542 1554 1641 1606 καὶ
1693 1554 1763 1607 ἐν
1808 1555 2020 1624 γαστρὶ

436 1647 635 1710 ἔλαϐε,
663 1647 761 1700 καὶ
810 1645 1019 1699 ἔτεκεν
1069 1644 1225 1699 υἱόν.
1255 1644 1365 1698 Καὶ
1420 1640 1551 1699 εἷπε
1606 1645 1823 1713 Κύριος
1872 1646 2022 1713 πρός

429 1753 538 1808 με’
570 1736 846 1791 Κάλεσον
895 1734 961 1789 τὸ
995 1734 1184 1805 ὄνομα
1231 1736 1439 1801 αὐτοῦ,
1488 1736 1719 1805 Ταχέως
1761 1737 2022 1791 σκύλευ-

434 1841 572 1892 σον,
603 1827 787 1892 ὀξέως
825 1827 1264 1895 προνόμευσον,
1309 1827 1402 1879 καὶ
1447 1824 1515 1878 τὰ
1557 1826 1703 1894 ἑξῆς.
1756 1826 2019 1897 Σημαίνει
2051 1820 2092 1874 Β

434 1916 492 1970 δὲ
528 1915 760 1969 ἐνταῦθα
792 1916 888 1987 τὴν
920 1915 1012 1968 τοῦ
1050 1915 1288 1986 Γαϐριὴλ
1332 1914 1536 1970 εἴσοδον
1566 1916 1703 1987 πρὸς
1747 1916 1847 1988 τὴν
1894 1918 2017 1971 Μα-

438 2007 576 2078 ρίαν,
609 2008 697 2060 ὅτε
737 2006 960 2076 ἐξῆλθεν
1009 2007 1469 2075 εὐαγγελίσασθαι
1507 2007 1671 2079 αὐτῇ,
1704 2008 1785 2061 ὅτι
1837 2008 2018 2079 μέλλει

432 2098 628 2169 γεννᾷν
659 2098 785 2152 Υίὺν
811 2098 946 2151 Θεοῦ
984 2098 1207 2169 σωτῆρα
1241 2097 1318 2170 τῷ
1348 2099 1559 2169 κόσμῳ,
1588 2099 1687 2151 οὐκ
1711 2098 1818 2152 ἀπὸ
1848 2098 2018 2172 σπέρ-

436 2207 605 2261 ματος
642 2188 853 2261 ἀνδρὸς,
890 2190 1028 2243 ἀλλὰ
1055 2189 1145 2244 διὰ
1173 2190 1493 2260 Πνεύματος
1539 2189 1715 2258 ἁγίου.
1736 2189 1895 2244 Ἀλλὰ
1924 2191 2019 2245 καὶ

429 2281 509 2353 τῷ
536 2278 787 2352 Φιλίππῳ
829 2281 908 2352 τῷ
933 2280 1294 2353 εύαγγελιστῇ
1319 2280 1584 2354 τέσσαρες
1618 2279 1758 2354 ἦσαν
1790 2283 2016 2352 θυγατὲο

433 2391 526 2446 ρες
557 2375 1026 2446 προφητεύουσαι·
1059 2378 1433 2447 ἐπροφήτευον
1464 2377 1506 2429 δ’
1538 2376 1645 2447 ἄρα
1672 2376 1741 2428 δι’
1772 2376 1838 2447 ἢν
1883 2392 2015 2428 κατ-

428 2468 678 2539 ηξιοῦντο
720 2465 865 2537 ἔχειν
907 2467 1225 2539 παρθενίαν.
1254 2468 1363 2522 Καὶ
1405 2468 1582 2522 Θέκλα
1631 2468 1730 2539 μὲν
1784 2470 2018 2540 συναντᾷ

429 2560 627 2631 Παύλῳ
677 2560 753 2631 τῷ
810 2561 971 2632 ἁγίῳ,
1023 2561 1117 2615 καὶ
1160 2560 1436 2615 διαλύεται
1490 2561 1692 2632 γάμου,
1743 2561 2017 2632 ὁρμαστὸν

428 2652 630 2724 ἔχουσα
679 2651 1072 2719 εὐειδέστατον,
1100 2653 1452 2724 πρωτεύοντα
1489 2653 1546 2705 δὲ
1587 2652 1817 2715 πόλεως,
1850 2651 2015 2705 πλού-

430 2760 543 2796 σιον
569 2743 729 2812 ἄγαν,
764 2744 1150 2813 εὐγενέστατον
1191 2745 1252 2796 δὲ
1286 2742 1451 2814 ἐν’τῷ
1485 2744 1587 2816 βίῳ
1627 2744 1720 2798 καὶ
1758 2745 2017 2814 διαφανέ-

430 2850 654 2887 στατον·
689 2836 782 2887 καὶ
824 2839 1145 2906 περιφρονεῖ
1194 2835 1298 2889 τῶν
1342 2836 1602 2905 ἐπιγείων
1650 2838 1683 2909 ή
1735 2836 1888 2906 ἁγία,
1929 2837 2015 2892 ἵνα

426 2925 537 2979 τῶν
580 2927 915 2999 ἐπουρανίων
958 2926 1230 2999 ἐγκρατὴς
1272 2927 1516 2999 γένηται.
1552 2930 1616 2981 Εί
1660 2928 1842 2982 τοίνυν
1867 2921 2014 2982 οὗτοι

425 3019 620 3084 ταῦτα,
648 3020 799 3091 πόσῳ
826 3037 888 3089 γε
916 3022 1115 3091 μᾶλλον
1145 3023 1177 3092 ἠ
1211 3021 1419 3092 Μαρία,
1456 3021 1542 3089 ἐφ’
1568 3021 1635 3091 ἣν
1674 3022 1708 3092 ἡ
1735 3019 2015 3091 θαυμασία

428 3113 577 3165 πᾶσα
605 3113 887 3183 οἰκονομία
914 3113 1239 3185 γεγένηταις
1264 3112 1435 3166 Πόθεν
1459 3112 1635 3166 τοίνυν
1665 3112 1879 3179 συνάξω
1898 3113 2013 3168 δια-

426 3203 575 3268 νοίας
604 3205 683 3268 είς
715 3204 776 3257 τὸ
805 3205 1030 3273 ἀγαθὸν,
1063 3206 1157 3259 καὶ
1186 3204 1435 3277 ὲκτρέψω
1461 3205 1551 3259 τὸν
1584 3204 1746 3274 ζόφον
1789 3204 1897 3258 τῶν
1946 3208 2014 3258 τὰ

426 3296 573 3350 δεινὰ
591 3298 1063 3369 ἐγκισσησάντων,
1096 3297 1349 3370 καθάπερ
1373 3298 1687 3369 γέγραπται
1706 3314 1718 3327 θ
1750 3296 2017 3351 Evr-ela-

426 3389 493 3442 σε
520 3389 731 3451 πόνον,
767 3389 866 3442 καὶ
893 3390 1100 3443 ἔτεκεν
1133 3391 1423 3460 ἁνομίαν;
1455 3382 1613 3442 Οὗτοι
1653 3388 1763 3461 γὰρ
1803 3387 2019 3460 άληθῶς

427 3481 745 3552 συλλαμὸάν
757 3500 875 3535 ουσι
907 3483 1064 3535 πόνον
1097 3482 1493 3555 διανοημάτων,
1522 3483 1767 3537 τίκτουσι
1812 3480 1871 3537 δὲ
1894 3483 2019 3538 ἀνο-

431 3576 561 3645 μίαν
592 3573 969 3648 βλασφημιῶν.

2124 552 2332 606 nttllam
2364 552 2599 622 amplius
2624 566 2747 606 cum
2780 564 2948 604 uxore
2985 546 3434 602 consuetudinem
3468 545 3693 611 habuit,

2123 660 2301 715 neque
2357 645 2562 700 liberos
2613 645 2667 698 in
2722 658 2787 698 eo
2830 650 2973 698 statu
3030 640 3271 709 suscepit
3304 678 3319 701 ,
3357 638 3557 709 quippe
3600 637 3694 707 qui

2122 753 2248 794 cum
2299 738 2530 793 Domino
2585 736 2781 805 majori
2830 736 2952 790 vita:
3001 748 3113 789 suae
3162 739 3315 803 parte
3357 738 3690 786 versaretur.

2121 830 2204 885 An
2239 831 2285 886 si
2322 830 2529 901 nuptiis
2554 844 2750 884 vacare
2781 828 3063 890 voluisset,
3097 824 3454 895 quadraginta
3504 829 3693 878 noctes

2123 934 2185 974 ac
2212 920 2331 975 dies
2363 919 2416 973 in
2446 926 2629 973 monte
2662 916 2793 973 Sina
2828 930 3177 988 perseverare
3210 912 3557 985 potuisset'?
3597 925 3693 981 po-

2124 1011 2321 1066 tuisset
2367 1011 2729 1082 quadraginta
2778 1017 2921 1066 totos
2971 1024 3145 1064 annos
3186 1007 3243 1061 in
3290 1006 3586 1061 solitudine
3626 1006 3693 1060 ad

2122 1102 2432 1156 divinarum
2473 1117 2534 1158 se
2564 1116 2745 1157 rerum
2794 1099 3329 1156 administrationem
3372 1096 3652 1150 intendere
3677 1132 3694 1158 ,

2122 1195 2435 1250 sacerdotio
2465 1209 2682 1262 vacare,
2712 1206 2970 1249 enarrare
2993 1193 3086 1249 Dei
3119 1189 3397 1263 mysteria,
3431 1202 3554 1243 cum
3588 1186 3699 1241 Deo

2123 1288 2359 1359 denique
2424 1296 2686 1359 perpetuo
2741 1288 2977 1359 colloqui
3030 1286 3345 1356 nuptiarum
3388 1281 3692 1337 obstrictus

2122 1392 2288 1432 onere
2314 1378 2622 1447 potuisset?
2654 1376 2787 1432 Nam
2815 1378 2860 1433 si
2896 1379 2963 1433 de
2995 1376 3155 1431 nobis
3183 1373 3479 1445 Apostolus
3512 1377 3699 1441 aperte

2121 1472 2437 1540 pronuntiat
2471 1488 2485 1524 :
2519 1469 2602 1523 Ad
2636 1479 2853 1535 tempus,
2880 1478 2937 1523 ut
2967 1478 3143 1524 vacent
3172 1467 3404 1522 orationi
3432 1465 3475 1531 l‘;
3494 1470 3703 1534 quanto

2125 1558 2291 1619 istud,
2321 1560 2497 1625 ipsum
2529 1558 2596 1613 de
2629 1558 2911 1629 prophetis
2943 1556 3140 1628 potiori
3167 1555 3292 1626 jure
3320 1554 3569 1609 dicetur?
3611 1552 3702 1604 At-

2122 1651 2216 1720 qui
2268 1649 2436 1704 Maria
2505 1649 2847 1720 pmphetissa
2902 1648 3022 1701 fuit.
3073 1645 3349 1717 Ingressus
3405 1653 3483 1698 est
3537 1644 3699 1706 enim,

2125 1741 2325 1809 inquit,
2382 1738 2451 1793 ad
2503 1739 2929 1808 prophetissam;
2973 1746 3023 1791 et
3073 1737 3126 1790 in
3180 1745 3327 1790 utero
3355 1733 3611 1802 concepit,
3650 1743 3698 1786 et

2121 1831 2317 1901 peperit
2348 1830 2541 1898 ﬁlium.
2572 1826 2643 1882 Et
2669 1828 2805 1881 dixit
2842 1826 3099 1881 Dominus
3121 1824 3190 1878 ad
3222 1840 3303 1879 me
3334 1839 3354 1877 :
3400 1822 3539 1877 Voca
3603 1837 3699 1875 ηο-

2120 1937 2238 1974 men
2305 1919 2471 1989 ejus:
2523 1916 2642 1974 Cito
2700 1916 2976 1971 detrahere
3050 1914 3247 1982 spolia,
3322 1911 3515 1979 raptim
3564 1926 3701 1981 pra:-

2120 2014 2249 2069 dare
2275 2008 2320 2078 ⁸,
2353 2021 2461 2068 etc.
2504 2012 2717 2079 Quibus
2751 2010 2936 2065 verbis
2967 2007 3235 2063 Gabriells
3264 2005 3332 2062 ad
3362 2005 3583 2060 Mariam
3614 2004 3701 2059 in«

2119 2120 2367 2176 gressum
2408 2103 2647 2159 ostendit
2673 2119 2688 2168 ;
2731 2117 2855 2156 cum
2885 2100 2952 2155 ad
2979 2115 3100 2155 eam
3131 2099 3300 2166 venit,
3336 2106 3395 2154 ut
3424 2097 3702 2152 nuntiaret

2119 2196 2316 2252 Filium
2354 2198 2528 2265 ipsam
2577 2194 2670 2249 Dei
2713 2208 2777 2248 ac
2826 2192 3187 2256 Salvatorem,
3229 2193 3349 2248 sine
3414 2190 3524 2245 ullo
3556 2189 3703 2243 virili

2120 2297 2263 2353 satu,
2309 2289 2404 2343 sed
2449 2289 2625 2343 sancti
2679 2284 2916 2356 Spiritus
2965 2286 3300 2348 interventu,
3346 2281 3552 2337 mundo
3577 2295 3702 2339 esse

2118 2383 2418 2453 parituram
2439 2390 2480 2435 θ.
2514 2379 2657 2448 Quin
2696 2380 2861 2435 etiam
2896 2377 3180 2448 Philippus
3206 2375 3543 2447 evangelista
3564 2389 3702 2443 qua-

2120 2478 2242 2525 tuor
2256 2469 2446 2525 habuit
2480 2469 2618 2523 ﬁlias
2641 2467 2821 2522 alllatu
2850 2466 3165 2537 prophetico
3188 2463 3461 2535 praeditas,
3485 2476 3606 2533 quae
3632 2461 3707 2515 ob

2120 2563 2466 2634 virginitatis
2516 2562 2686 2617 decus
2727 2558 3060 2615 vaticinandi
3126 2573 3327 2613 munus
3377 2555 3510 2611 illud
3563 2555 3705 2610 obti-

2119 2662 2356 2709 nuerttnt
2380 2653 2421 2707 ".
2444 2651 2550 2707 Sed
2573 2659 2625 2707 et
2650 2650 2851 2705 Thecla
2884 2665 3009 2704 cum
3040 2649 3094 2702 in
3124 2647 3356 2702 Paulum
3388 2646 3698 2705 incidisset.

2119 2751 2308 2813 pactas
2354 2742 2573 2812 nuptias
2621 2739 2895 2803 dissolvit,
2928 2753 3053 2793 cum
3086 2737 3352 2808 primario
3383 2734 3599 2790 cuidam
3636 2735 3705 2788 ci-

2119 2835 2304 2890 vitatis
2342 2836 2530 2903 totius,
2567 2850 2630 2891 ac
2678 2836 2837 2906 longe
2868 2832 3043 2895 diviti,
3070 2830 3438 2893 nobilissimo,
3472 2826 3703 2898 splendi-

2116 2925 2455 2995 dissimoque
2503 2925 2775 2996 desponsa
2818 2924 2932 2994 jam
2994 2921 3212 2977 fuisset.
3252 2917 3454 2973 Verum
3486 2924 3703 2972 terrena

2117 3017 2239 3072 ideo
2269 3025 2459 3072 sancta
2496 3017 2588 3071 illa
2638 3016 2986 3085 contempsit,
3043 3019 3101 3068 ut
3138 3011 3445 3066 caelestium
3477 3024 3704 3079 compos

2116 3121 2238 3163 esse
2290 3113 2493 3178 posset.
2542 3107 2724 3173 Quare
2764 3121 2890 3161 cum
2933 3104 3050 3159 haec
3101 3104 3170 3159 ab
3214 3102 3322 3158 illis
3358 3101 3597 3172 praestita
3631 3102 3705 3154 vi-

2116 3200 2376 3263 deamus,
2434 3207 2641 3269 quanto
2690 3198 2866 3269 magis
2924 3196 3065 3251 idem
3096 3211 3127 3250 a
3163 3194 3331 3249 Maria
3388 3201 3703 3263 susceptum

2116 3293 2289 3349 fuisse
2311 3293 2626 3359 fatebimur,
2661 3291 2716 3346 in
2746 3306 2853 3362 qua
2893 3289 3215 3345 admirabile
3271 3287 3404 3342 illud
3451 3288 3704 3341 incarna-

2119 3388 2285 3453 tionis
2346 3387 2667 3458 mysterium
2698 3393 2783 3440 est
2815 3383 3159 3455 perfectum?
3200 3381 3460 3449 Quaenam
3503 3394 3632 3434 vero
3672 3392 3703 3432 a

2127 3482 2286 3537 nobis
2336 3481 2465 3535 iniri
2507 3480 2648 3534 ratio
2688 3486 2891 3549 potest,
2924 3485 3062 3532 utet
3112 3478 3344 3531 istorum
3396 3482 3608 3529 mentes
3634 3472 3703 3526 ad

2122 3572 2348 3628 meliora
2405 3571 2779 3634 traducamus,
2833 3578 2888 3625 et
2943 3582 3161 3622 onmem
3213 3566 3281 3621 iis
3330 3565 3693 3621 discutiamus

431 3665 636 3721 erroris
696 3666 1007 3737 caliginem,
1049 3665 1141 3737 qui
1188 3664 1396 3720 nefaria
1440 3665 1717 3736 dogmata,
1781 3664 1927 3720 velut
1994 3662 2493 3734 perniciosissinios
2558 3662 2740 3725 fetus,
2804 3661 2949 3715 intra
3003 3674 3063 3715 se
3137 3665 3545 3728 conceperant,
3610 3658 3688 3711 nti

432 3761 696 3830 scriptum
745 3767 877 3814 est:
943 3757 1193 3827 Concepit
1234 3757 1489 3823 laborem,
1555 3768 1604 3813 et
1641 3760 1839 3829 peperit
1885 3756 2314 3829 iniquitatem“?
2362 3754 2440 3809 Illi
2504 3755 2649 3811 enim
2714 3754 2902 3824 utique
2943 3752 3337 3824 cogitationum
3389 3752 3699 3807 molestiam

433 3853 789 3922 laboremque
816 3852 1159 3922 concipiunt,
1185 3861 1238 3907 et
1267 3853 1792 3908 contumeliosarum
1820 3868 2015 3908 vocum
2057 3853 2388 3923 impietatem
2427 3852 2667 3921 pariunt.

494 3943 591 3996 IZ’.
647 3941 807 3995 Ἀλλὰ
838 3942 912 4013 μή
960 3957 1045 4006 τις
1098 3942 1283 3995 ἐκεῖνα
1328 3944 1647 4009 ὑπονοείτω,
1686 3944 1780 3997 καὶ
1811 3944 2013 4015 ἑτέρως

422 4034 561 4089 αὐτὰ
604 4034 957 4105 ὑποσπείρειν
997 4034 1175 4106 ἑαυτῷ
1216 4035 1578 4107 πειρώμενος,
1623 4036 1853 4104 λεγέτω·
1887 4037 2011 4100 Πῶς

421 4119 516 4178 οὖν
542 4121 660 4178 εἷπε
684 4125 747 4178 τὸ
774 4125 1122 4195 Εὑαγγέλιον,
1147 4127 1228 4179 ὅτι
1260 4126 1492 4194 Εὐρέθη
1514 4128 1584 4181 ἐν
1608 4124 2007 4197 γαστρὶὲχου-

421 4232 505 4269 σα
526 4217 594 4270 ἐκ
624 4218 971 4286 Πνεύματος
1003 4219 1175 4287 ἁγίου
1218 4219 1256 4287 ἠ
1287 4219 1504 4287 Μαρία,
1532 4220 1677 4288 πρὶν
1704 4221 1741 4289 ἢ
1779 4225 2003 4284 συνελ-

420 4307 548 4360 θεῖν
579 4310 836 4375 αὐτούς;
862 4304 1011 4379 Ἀρα
1055 4306 1146 4364 οὖν
1192 4310 1557 4382 προσεδοκᾶτο
1602 4314 1634 4383 ἡ
1676 4313 2003 4377 συνέλευσις,

420 4399 517 4450 καὶ
547 4397 737 4451 τούτου
770 4400 931 4470 χάριν
962 4396 1107 4466 εἷπε,
1148 4401 1261 4469 πρὸ
1305 4401 1411 4455 τοῦ
1458 4402 1809 4468 συνελθεῖν;
1846 4402 2005 4456 Ἀλλὰ

421 4492 516 4543 καὶ
552 4488 711 4543 πάλιν
763 4494 820 4545 ὲν
865 4490 1008 4563 ἄλλῳ
1036 4491 1187 4563 τόπῳ
1216 4493 1278 4546 τὸ
1316 4493 1448 4546 αὐτὸ
1486 4494 1647 4549 πάλιν
1678 4494 2005 4564 Εὐαγγέλιόν

420 4598 553 4652 φησι
607 4583 739 4654 (Καὶ
773 4552 990 4652 εὑρέθη
1020 4584 1092 4637 ἐν
1118 4552 1331 4655 γαστρὶ
1354 4586 1585 4655 ἔχουσα
1635 4588 1779 4656 πρὶν
1803 4552 2008 4640 ,εἰσελ-
2041 4552 2083 4605 D

420 4671 547 4726 θεῖν
575 4674 819 4738 αὐτούς·
851 4672 906 4742 ἢ,
936 4674 1048 4727 Καὶ
1080 4673 1391 4744 ἐγέννησε,
1423 4676 1521 4729 καὶ
1552 4678 1663 4736 οὐκ
1712 4676 1859 4745 ἔγνω
1895 4679 2004 4731 αὐ-

418 4762 535 4833 τήν
557 4781 570 4794 ·
600 4764 656 4835 ἢ,
691 4766 801 4819 Καὶ
846 4765 1138 4835 ἐγέννησε
1177 4767 1283 4819 τὸν
1318 4765 1453 4820 υἱὸν
1491 4766 1681 4835 αὐτῆς
1713 4767 1819 4821 τὸν
1855 4782 2007 4836 πρω-

418 4856 688 4923 τότοκον,
724 4857 822 4910 καὶ
849 4860 960 4911 οὐκ
992 4858 1120 4926 ῇδει
1156 4858 1392 4925 admirer
1426 4861 1535 4914 Καὶ
1572 4862 1683 4913 οὐκ
1719 4861 1874 4930 ἔγνω
1898 4863 2006 4915 at?-

419 4947 553 5015 τὴν,
612 4947 723 5012 ἕως
768 4948 909 5001 ὅτου
955 4949 1246 5018 ἐγέννησε
1301 4950 1409 5003 τὸν
1450 4950 1586 5003 υἱὸν
1640 4950 1837 5018 αὐτῆς
1896 4952 2006 5005 τὸν

419 5037 817 5106 πρωτότοκον.
856 5042 963 5093 Καὶ
994 5041 1094 5094 οὐκ
1131 5042 1336 5094 οἴδασιν
1383 5043 1432 5093 οί
1482 5043 1581 5104 τὰς
1626 5040 1859 5112 θεωρίας
1900 5043 2010 5098 τῶν

419 5129 655 5201 Γραφῶν
705 5133 939 5204 διαιρεῖν
982 5134 1467 5204 ἐπαγγελλόμενοι,
1499 5135 1593 5188 καὶ
1642 5134 1707 5188 τὰ
1763 5137 2011 5209 μετέωρα

418 5224 512 5276 καὶ
561 5223 837 5292 βαθύτατα
880 5226 1344 5298 περιεργάζεσθαι
1390 5228 1816 5298 ἐπιχειροῦντες,
1847 5230 1929 5282 ὅτι
1974 5232 2006 5301 ή

418 5312 655 5386 θεωρία¹
687 5319 928 5371 τοιοῦτον
957 5318 1069 5389 ἔχει
1095 5320 1184 5373 τὸν
1212 5320 1431 5389 τρόπον.
1454 5320 1515 5371 Et
1536 5319 1643 5392 γὰρ
1674 5320 1835 5374 πάλιν
1855 5322 2006 5391 ἐγέν-

418 5422 579 5475 νησεν
613 5411 644 5479 ἡ
676 5410 885 5480 Μαρία,
916 5411 1022 5463 ἔδει
1067 5412 1159 5464 καὶ
1202 5410 1311 5464 τῶν
1353 5409 1527 5463 ἄλλων
1556 5411 1802 5480 ἀδελφῶν
1832 5414 2004 5466 εἰπεῖν

416 5496 483 5551 τὰ
514 5499 775 5570 ὀνόματα.
803 5501 868 5573 Et
913 5501 971 5554 δὲ
1012 5502 1199 5572 ἐπειδὴ
1236 5502 1608 5570 πρωτότοκός
1640 5502 1771 5554 ἐστι
1797 5501 2004 5571 πάσης

2190 3941 2355 3995 XVII.
2401 3939 2507 3996 Sed
2550 3956 2764 4005 vereor,
2800 3956 2867 3994 ne
2902 3938 3200 4009 quisillum
3237 3937 3418 4007 ipsum
3456 3952 3700 3993 errorem

2118 4029 2172 4085 in
2204 4031 2447 4085 animum
2504 4030 2725 4085 inducat
2769 4045 2953 4091 suum,
2989 4029 3207 4097 aliaque
3246 4027 3457 4081 ratione
3497 4027 3700 4097 impul-

2118 4138 2213 4177 sus
2259 4123 2315 4176 in
2369 4122 2552 4191 seipso
2601 4121 2747 4175 velut
2793 4134 3085 4174 conserere
3128 4127 3384 4182 conetur,
3429 4126 3591 4188 atque
3646 4118 3698 4172 in

2116 4215 2261 4269 hunc
2324 4214 2544 4268 modum
2605 4211 2926 4267 ratiocinari
2984 4211 3160 4266 velit:
3200 4209 3344 4276 Quid
3405 4218 3489 4265 est
3554 4211 3699 4281 quod

2117 4305 2467 4376 Evangelium
2512 4312 2741 4359 narrat:
2799 4303 3019 4357 Inventa
3064 4312 3143 4356 est
3186 4304 3242 4356 in
3293 4313 3439 4358 utero
3506 4303 3700 4357 habens

2117 4400 2330 4471 1049
2360 4407 2423 4453 (te
2456 4397 2663 4468 Spiritu
2685 4408 2868 4452 sancto
2899 4398 3098 4464 Maria,
3133 4406 3413 4467 antequam
3446 4398 3689 4451 conveni-

2114 4503 2226 4547 rent
2249 4496 2268 4525 θ
2291 4494 2313 4539 ?
2358 4492 2679 4547 Utruinnam
2713 4491 2877 4561 igitur
2899 4490 3193 4545 conventio
3224 4491 3313 4544 illa
3343 4506 3405 4545 ac
3435 4505 3701 4560 congres-

2115 4602 2210 4643 sus
2249 4587 2705 4657 exspectabatur,
2756 4584 3009 4655 ideoque,
3039 4593 3318 4655 antequam
3349 4587 3698 4647 convenirent,

2117 4679 2299 4733 dixit?
2326 4678 2600 4733 Praeterea
2634 4678 2686 4730 in
2719 4677 2910 4733 eodem
2954 4675 3252 4747 Evangelia
3278 4677 3384 4731 alio
3419 4675 3695 4757 loco‘scri:

2115 4778 2264 4839 ptum
2325 4779 2410 4825 est
2465 4770 2711 4841 {Inventa
2765 4779 2843 4823 est
2895 4770 2949 4822 in
2993 4779 3141 4824 utero
3187 4769 3381 4823 habens
3421 4778 3699 4839 antequam

2112 4865 2475 4926 convenirent;
2525 4864 2607 4917 vel
2646 4882 2660 4916 :
2697 4861 2760 4915 Et
2809 4864 3026 4933 peperit,
3072 4872 3121 4917 et
3150 4880 3253 4917 non
3280 4864 3518 4933 cognovit
3546 4879 3699 4927 eain;
3765 4888 3777 4900 κ

2112 4955 2227 5010 sive
2255 4974 2267 5009 :
2302 4955 2509 5025 Peperit
2572 4955 2745 5022 litium
2781 4973 2937 5010 suum
2966 4957 3374 5027 primogenitum
3406 4955 3448 4986 ¹⁰
3470 4996 3484 5020 ,
3517 4965 3563 5007 et
3595 4972 3699 5009 non

2114 5048 2453 5117 cognoscebat
2489 5049 2679 5119 ipsam)
2709 5067 2722 5102 :
2755 5047 2825 5101 Et
2851 5064 2951 5102 non
2982 5050 3221 5117 cognovit
3249 5062 3385 5112 eam,
3422 5046 3585 5100 donec
3610 5060 3699 5113 pe-

2114 5137 2249 5206 perit
2320 5139 2491 5208 ﬁlium
2518 5157 2669 5193 suum
2697 5142 3107 5212 primogenitum
3134 5141 3204 5192 ¹¹.
3234 5137 3337 5193 Sed
3358 5145 3412 5192 et
3434 5138 3563 5191 illud
3601 5138 3698 5191 ho-

2112 5232 2289 5285 mines
2324 5232 2415 5286 isti
2451 5248 2559 5286 non
2585 5233 2791 5299 vident,
2832 5234 2925 5304 qui
2958 5248 3017 5287 se
3047 5247 3133 5297 ea,
3166 5230 3361 5301 quzein
3396 5228 3697 5300 Scripturis

2114 5327 2440 5386 tractantur,
2495 5322 2753 5377 distincte
2806 5324 3186 5393 explicateque
3224 5322 3498 5377 disserere
3534 5324 3697 5392 proti-

2114 5419 2317 5475 tentur,
2365 5431 2429 5469 ac
2460 5415 2713 5469 sublimia
2746 5416 2836 5469 illa
2889 5415 3265 5484 altissimaque
3291 5415 3548 5486 mysteria
3574 5431 3696 5483 per-

2112 5507 2346 5561 scrutari
2395 5506 2637 5571 student,
2680 5510 2821 5561 hanc
2859 5521 2983 5562 esse
3010 5506 3341 5562 narrationis
3371 5507 3517 5561 illius
3549 5507 3684 5560 loci-

487 5677 505 5709 ‘
530 5676 608 5757 Ἑλ
628 5680 949 5757 συνομιλῶν.
1172 5681 1297 5757 ού..-
1335 5680 1355 5713 ³
1386 5678 1853 5757 Exod_.__xx1v,_i_8.
1931 5681 1952 5712 ⁸
1985 5679 2006 5734 1

2120 5682 2404 5757 τηνιῃὸ.-
2467 5684 2488 5714 ⁸
2529 5683 2632 5757 Isa.
2656 5699 2774 5754 vm,
2809 5685 2863 5744 3.
2940 5686 2960 5717 ⁶
2994 5684 3126 5742 Luc.
3156 5703 3190 5754 l,
3222 5685 3292 5742 26
3331 5700 3452 5757 sqq.
3528 5683 3691 5737 ’Aet.

433 5765 549 5816 xxi,
577 5747 634 5805 9.
700 5749 723 5783 ⁸
749 5747 895 5809 Psal.
922 5766 1017 5817 vit,
1048 5751 1131 5807 I5.
1208 5752 1228 5783 θ
1250 5748 1437 5807 Matth.
1465 5771 1503 5822 ι,
1529 5752 1621 5809 ‘28.
1702 5752 1745 5784 ¹⁰
1776 5751 1909 5809 Luc.
1954 5768 2013 5820 tt,

2180 5754 2219 5787 “
2255 5752 2445 5810 Matth.
2480 5771 2517 5825 ι,
2544 5754 2632 5810 25.
