3986 6224
369 305 475 363 727

1813 311 1872 365 b.
1908 309 2246 366 EPIPHANII

3513 307 3622 363 723

367 439 477 494 que
505 426 850 482 sententiam.
899 425 958 480 Si
994 426 1144 502 enim
1190 425 1361 482 Maria
1395 425 1578 482 denuo
1618 429 1935 498 peperiesetl

2049 430 2303 496 κτίσεως
2345 430 2374 482 ὁ
2421 429 2754 502 Μονογενὴς,
2787 428 2863 502 μὴ
2897 426 3148 501 θορυϐοῦ.
3178 427 3254 482 Οὐ
3295 425 3406 496 γὰρ
3447 419 3622 491 εἷπεν,

368 524 692 571 caeterorum
733 515 938 573 Christi
990 499 1221 574 fratrum
1270 527 1426 575 erant
1471 520 1795 591 proferenda
1841 535 1940 576 no-

371 606 538 662 mina.
564 607 717 673 Quod
747 615 928 663 autem
961 609 1355 680 primogenitus
1388 619 1653 667 creaturae
1687 612 1868 668 omnis
1919 612 1937 642 ¹

371 697 462 752 ille
492 698 687 753 unicus
732 700 1058 770 appellatur,
1095 717 1205 756 non
1237 711 1322 758 est
1357 703 1503 774 quod
1531 718 1596 759 ea
1619 712 1672 759 te
1702 719 1789 759 res
1819 718 1943 773 per-

368 789 572 844 turbet.
629 787 750 845 Non
797 794 944 847 enim
992 794 1150 859 dixit,
1206 797 1488 866 peperisse
1534 796 1682 851 illam
1731 797 1938 866 primo—

365 880 608 950 genitum
633 897 795 938 suum
816 928 830 946 .
866 885 962 940 sed
991 886 1096 942 hoc
1133 887 1346 943 solum:
1375 887 1499 942 Non
1530 890 1765 958 cognovit
1798 905 1937 953 eam,

365 975 532 1029 donec
554 979 754 1046 peperit
823 979 989 1048 ﬁlium
1027 996 1202 1034 suum.
1246 980 1344 1035 Ubi
1385 997 1493 1035 non
1532 979 1940 1051 primogenitum

365 1079 543 1129 suum,
559 1065 652 1120 sed
668 1066 1073 1136 primogenitum
1088 1069 1352 1125 duntaxat
1368 1071 1675 1140 appellavit.
1687 1069 1821 1125 Nam
1837 1071 1941 1126 hoc

365 1156 508 1226 ipso,
557 1156 702 1227 quod
759 1156 931 1228 ﬁlium
965 1177 1119 1215 suum
1151 1160 1308 1224 dixit,
1339 1171 1525 1215 natum
1552 1161 1699 1216 hunc
1727 1177 1791 1217 ex
1825 1163 1935 1226 illa,

362 1247 511 1316 quod
545 1246 612 1301 ad
642 1262 862 1304 carnem
893 1251 1150 1320 pertinet,
1185 1248 1446 1305 ostendit.
1481 1249 1564 1304 Ad
1604 1251 1939 1320 primogeniti

363 1350 529 1405 porro
559 1337 906 1403 vocabulum,
930 1354 1037 1394 non
1062 1354 1248 1394 vocem
1280 1339 1451 1404 illam,
1477 1339 1938 1407 suum,adjunxit,

363 1426 462 1483 sed
515 1429 920 1500 primogenitum
974 1431 1354 1487 tantummodo
1399 1430 1630 1485 vocavit.
1694 1429 1795 1484 Hic
1855 1441 1941 1485 est

365 1519 511 1573 enim
573 1520 685 1585 ille,
747 1535 908 1590 quem
955 1519 1384 1593 Primogenitum
1439 1529 1705 1575 creaturae
1761 1521 1939 1578 omnis

358 1609 659 1682 Apostolus
700 1613 971 1680 nominat,
1011 1614 1217 1685 quique
1250 1629 1374 1668 cum
1417 1613 1690 1668 creaturis
1723 1615 1940 1669 caeteris

358 1704 586 1759 minime
614 1705 990 1778 conjungitur,
1026 1708 1123 1764 sed
1163 1717 1292 1766 ante
1327 1724 1418 1764 eas
1448 1723 1640 1764 omnes
1667 1707 1934 1777 originem

2044 521 2125 574 ὅτι
2155 521 2410 593 ἐγέννησε
2439 521 2530 574 τὸν
2570 521 2914 592 πρωτότοκον
2938 519 3128 591 αὐτῆς,
3153 519 3290 587 ἀλλ’,
3329 520 3450 572 Οὐκ
3473 519 3629 587 ἔγνω

2042 613 2257 682 αὐτὴν,
2291 613 2404 680 ἕως
2424 613 2566 667 ὅτου
2613 612 2907 683 ἐγέννησε
2937 613 3048 666 τὸν
3086 612 3220 666 υἱὸν
3269 609 3477 678 αὐτῆς.
3516 609 3630 662 Καὶ

2040 704 2140 758 ούκ
2164 700 2285 758 εἷπε
2311 703 2419 760 τὸν
2445 705 2824 774 πρωτότοκον
2852 702 3045 772 αὐτῆς,
3078 702 3215 756 ἀλλὰ
3262 701 3370 756 τὸν
3410 698 3631 770 πρωτό-

2041 813 2241 851 τοκον.
2260 797 2383 850 Ἐπὶ
2421 795 2519 867 μὲν
2546 794 2659 866 γὰρ
2688 791 2770 858 τῷ
2797 792 2905 858 υἱῷ
2932 791 3124 861 αὐτῆς
3148 792 3420 863 ἐσήμανεν
3446 789 3505 856 ἐξ
3528 788 3630 842 αύ-

2041 890 2139 960 τῆς
2173 888 2318 942 κατὰ
2344 889 2526 959 σάρκα
2551 885 2912 958 γεγεννῆσθαι
2928 901 2942 916 ·
2973 885 3067 938 ἐπὶ
3088 883 3145 937 δὲ
3178 886 3244 955 τῇ
3272 883 3380 937 τοῦ
3405 896 3632 951 πρωτο-

2041 979 2220 1032 τόκου
2263 977 2549 1049 ἐπωνυμίᾳ
2575 975 2758 1030 ούκέτι
2785 975 2846 1028 τὸ
2878 972 3068 1042 αὐτῆς
3095 973 3268 1040 ἔθετο,
3296 971 3435 1026 άλλά
3473 987 3633 1039 πρω-

2038 1072 2289 1125 τότοκον
2335 1070 2512 1141 μόνον.
2545 1064 2711 1131 Οὗτος
2751 1066 2859 1138 γάρ
2892 1067 3041 1119 ἐστιν
3083 1068 3113 1118 ὁ
3155 1063 3306 1135 παρὰ
3351 1062 3430 1134 τῷ
3466 1063 3631 1114 Ἀπο-

2042 1162 2212 1234 στόλῳ
2267 1161 2558 1233 εἰρημένος
2601 1157 2952 1229 Πρωτότοκος
2998 1157 3180 1228 πάσης
3232 1156 3464 1218 κτίσεως
3489 1195 3505 1216 ,
3547 1154 3628 1224 μὴ

2041 1253 2384 1324 συνημμένος
2415 1254 2482 1323 τῇ
2542 1253 2758 1315 κτίσει,
2816 1249 2953 1303 ἀλλὰ
3004 1249 3111 1320 πρὸ
3153 1247 3386 1310 κτίσεως
3430 1261 3629 1314 γεγεν-

2039 1344 2290 1417 νημένος.
2356 1343 2430 1397 Οὐ
2461 1342 2571 1414 γὰρ
2624 1338 2768 1404 εἶπε,
2821 1339 3248 1412 πρωτόκτιστος,
3294 1337 3430 1391 ἀλλὰ
3477 1351 3628 1406 πρω-

2037 1437 2302 1510 τότοκος,
2343 1422 2728 1504 διαιρουμένης
2756 1431 2856 1501 τῆς
2884 1429 3242 1498 ἀναγνώσεως
3270 1428 3361 1482 ἐπὶ
3401 1427 3462 1481 τὸ
3498 1427 3624 1498 βέλ-

2037 1546 2150 1582 τιον
2174 1527 2268 1580 καὶ
2292 1525 2715 1596 ἀσφαλέστερον,
2738 1521 2836 1576 τοῦ
2867 1523 3084 1594 πρῶτον
3115 1522 3214 1593 μὲν
3245 1521 3445 1590 λέγειν,
3469 1535 3623 1589 πρω-

2037 1621 2304 1686 τότοκος,
2333 1618 2527 1671 ἔπειτα
2556 1616 2963 1687 ὑποϐεϐηκυῖαν
2991 1615 3174 1684 λέγειν
3196 1614 3293 1686 τὴν
3322 1613 3522 1667 κτίσιν.
3549 1612 3626 1666 Τὸ

2043 1713 2141 1784 μὲν
2160 1710 2270 1782 γὰρ
2295 1709 2671 1779 πρωτότοκος
2700 1709 2796 1762 ἐπὶ
2827 1708 2922 1762 τοῦ
2951 1706 3082 1761 Υἱοῦ
3121 1705 3479 1777 λαμϐάνεται,
3507 1705 3541 1774 ἡ
3563 1704 3625 1757 δέ

357 1792 594 1862 accepit.
620 1792 808 1865 Neque
827 1795 1194 1866 enim,primo
1219 1805 1460 1864 creatus,
1479 1797 1652 1864 dixit,
1679 1795 1796 1860 sed,
1825 1796 1935 1865 pri-

2038 1807 2215 1869 κτίσις
2244 1804 2332 1858 διὰ
2358 1803 2452 1857 τοῦ
2478 1802 2631 1856 Υίοῦ.
2650 1801 2978 1872 Ἕγιέννησε
3008 1799 3189 1853 τοίνυν
3219 1796 3326 1851 τὸν
3357 1794 3492 1850 υίὸν
3515 1795 3626 1848 αὺ-

355 1884 648 1954 mogenitus
676 1901 694 1940 :
729 1884 867 1942 adeo
887 1895 946 1942 ut
961 1888 1029 1943 ad
1050 1890 1313 1958 majorem
1333 1888 1668 1944 audientium
1695 1886 1931 1943 fructum

2037 1897 2144 1966 τῆς
2175 1896 2284 1950 τὸν
2310 1894 2715 1964 πρωτότοκον·
2738 1893 2839 1946 οὐκ
2859 1891 3031 1962 αὐτῆς
3054 1891 3112 1944 δὲ
3134 1891 3227 1944 τδ⁸
3251 1887 3623 1960 πρωτότοκον.

355 1981 523 2044 atque
562 1977 876 2034 cautionem
910 1979 1027 2035 haec
1069 1981 1164 2036 illo
1195 1981 1251 2036 in
1282 1982 1406 2038 loco
1436 1981 1674 2038 discreta
1699 1980 1830 2046 sint,
1868 1994 1934 2034 ac

355 2067 691 2139 primogeniti
714 2085 846 2127 voce
881 2072 1165 2142 praemissa
1197 2072 1517 2129 inferiorem
1547 2072 1744 2128 deinde
1787 2085 1936 2128 crea-

355 2165 538 2214 turam
593 2159 852 2231 subjecit.
899 2160 1180 2233 Siquidem
1231 2164 1567 2234 primogeniti
1615 2173 1814 2218 nomen
1865 2161 1935 2216 ad

355 2242 556 2305 Filium
591 2251 869 2319 refertur;
903 2261 1159 2310 creatura
1185 2271 1282 2326 per
1302 2254 1504 2310 Filium
1536 2264 1620 2311 est
1645 2254 1932 2326 producta.

355 2340 569 2411 Peperit
602 2343 788 2415 itaque
815 2346 990 2415 ﬁlium
1031 2363 1186 2401 suum
1219 2348 1649 2419 primogenitum,
1683 2361 1792 2402 non
1825 2346 1937 2416 pri-

354 2436 693 2505 mogenitum
733 2453 916 2504 suum,
963 2441 1125 2510 quasi
1161 2439 1299 2495 alios
1329 2449 1519 2510 postea
1543 2441 1790 2510 paritura
1828 2438 1939 2493 fue-

353 2523 450 2589 rit,
482 2535 533 2580 et
569 2543 674 2581 non
713 2530 1058 2601 cognoscebat
1099 2532 1270 2586 illam.
1311 2531 1415 2598 Qui
1460 2531 1605 2586 enim
1643 2546 1808 2587 nosse
1848 2545 1940 2600 po-

354 2617 461 2671 tuit
504 2625 720 2673 tantum
766 2635 891 2677 esse
931 2621 981 2676 ei
1027 2622 1243 2677 mulieri
1279 2622 1469 2692 gratia:
1501 2619 1937 2677 conferendum?

359 2705 514 2764 Unde
555 2711 749 2775 sciret,
791 2711 1040 2782 inquam,
1085 2723 1195 2768 tam
1223 2713 1515 2768 excellenti
1552 2713 1726 2784 gloria
1771 2711 1940 2784 virgi-

355 2816 480 2856 nem
537 2817 660 2859 esse
703 2804 1132 2860 celebrandam?
1166 2804 1380 2876 Quippe
1415 2805 1698 2860 mulierem
1737 2804 1879 2859 hanc
1907 2819 1938 2858 a

352 2903 553 2949 natura
603 2894 918 2964 formatam,
950 2914 1015 2953 ac
1044 2897 1265 2955 feminei
1294 2914 1462 2955 sexus
1494 2913 1618 2954 esse
1649 2905 1935 2969 cognorat,

352 2994 516 3057 atque
547 2988 617 3043 ab
673 2988 833 3044 Anna
868 2998 1044 3047 matre
1084 2999 1140 3048 et
1180 2990 1428 3047 Joacimo
1462 2999 1617 3062 patre
1663 2991 1936 3062 genitam;

2036 1988 2112 2052 ώς
2155 1986 2326 2057 αὐτῆς
2360 1983 2664 2055 μελλούσης
2704 1982 2865 2037 ἄλλον
2895 1981 3166 2044 κυῖσκειν,
3199 1978 3298 2033 καὶ
3337 1979 3448 2031 οὐκ
3490 1975 3625 2045 ᾔδει

2038 2079 2252 2145 αὐτήν.
2285 2077 2457 2132 Πόθεν
2492 2075 2604 2146 γὰρ
2633 2074 2771 2147 ᾔδει,
2802 2076 2884 2129 ὅτι
2911 2072 3180 2142 τοσαύτην
3210 2071 3366 2143 χάριν
3393 2069 3626 2140 λήψεται

2039 2173 2210 2244 γυνή;
2239 2172 2309 2224 Ἢ
2349 2168 2514 2223 πόθεν
2541 2167 2682 2239 ᾔδει,
2706 2167 2789 2220 ὅτι
2821 2164 3077 2236 τοιαύτην
3111 2164 3268 2230 δόξαν
3293 2160 3627 2231 δοξασθήσε-

2035 2281 2125 2318 ται
2152 2260 2454 2332 παρθένος;
2479 2260 2720 2337 Γυναῖκα
2747 2257 2844 2328 μὲν
2866 2257 2980 2328 ᾔδει
3001 2254 3170 2327 αὐτὴν
3189 2257 3254 2326 τῇ
3284 2251 3626 2314 πλάσει,καὶ

2037 2353 2256 2424 Θήλειαν
2273 2355 2340 2422 τῇ
2365 2351 2546 2420 φύσει,
2569 2351 2665 2404 καὶ
2682 2352 2745 2402 ἐκ
2765 2348 3198 2421 μητρδςἊννης,
3218 2347 3312 2400 καὶ
3330 2347 3394 2400 ἐκ
3416 2344 3626 2416 πατρὸς

2049 2444 2258 2500 Ἰωακεί
2266 2461 2323 2515 μ·
2353 2442 2718 2512 συγγένισσαν
2733 2441 2754 2473 ⁵
2773 2441 2830 2494 δὲ
2849 2441 2947 2511 τῆς
2961 2439 3262 2504 Ἐλισάϐετ,
3287 2437 3344 2504 ἐξ
3357 2438 3507 2491 οἴκου
3528 2435 3624 2490 καὶ

2037 2537 2277 2608 πατριᾶς
2313 2535 2408 2590 τοῦ
2441 2534 2634 2590 Δαϐίδ⁸
2680 2534 2781 2588 οῦκ
2803 2533 2918 2604 ᾔδει
2944 2532 3023 2597 δὲ,
3050 2532 3134 2585 ὅτι
3169 2530 3424 2600 τοιαύτην
3461 2528 3624 2592 δόξαν

2037 2623 2400 2696 τιμηθήσεταί
2433 2641 2514 2687 τις
2541 2623 2636 2677 ἐπὶ
2657 2623 2758 2693 τῆς
2782 2623 2906 2692 γῆς,
2934 2621 3170 2693 μάλιστα
3189 2620 3345 2691 γυνή.
3370 2619 3484 2673 Οὐκ
3502 2617 3622 2688 ᾔδει

2033 2713 2126 2772 οῦν
2157 2717 2348 2788 αὐτὴν,
2383 2715 2488 2778 ἕως
2519 2709 2580 2770 οὗ
2619 2710 2728 2768 εἶδε
2763 2714 2825 2768 τὸ
2855 2713 3061 2784 θαῦμα.
3095 2713 3209 2767 Ούκ
3228 2713 3346 2783 ᾔδει
3364 2711 3538 2781 αὐτῆς
3562 2708 3624 2763 τὸ

2036 2807 2240 2878 θαῦμα,
2259 2807 2363 2870 ἓως
2381 2806 2502 2860 ὅτου
2525 2802 2633 2860 εἶδε
2651 2806 2712 2860 τὸ
2730 2805 3120 2878 γεγεννημένον
3141 2804 3202 2868 ἐξ
3223 2803 3546 2873 αὐτῆς.”οτε
3564 2801 3618 2855 δὲ

2037 2896 2243 2960 ἔτεκεν,
2284 2896 2426 2965 ἔγνω
2456 2897 2552 2951 καὶ
2577 2896 2677 2967 τὴν
2709 2896 2803 2950 τοῦ
2831 2895 2966 2949 Θεοῦ
2996 2895 3182 2966 τιμὴν,
3217 2895 3297 2948 ὅτι
3329 2892 3466 2964 αὑτὴ
3487 2887 3555 2962 ἦν
3584 2893 3618 2964 ή

2036 2988 2171 3044 ἀκού
2179 2988 2540 3058 caca'Xai'pe,
2561 2986 3021 3058 κεχαριτωμένη-
3037 2990 3069 3042 d
3081 2989 3296 3054 Κύριος
3306 2987 3458 3056 μετὰ
3477 2983 3615 3038 σοῦ.

353 3079 679 3139 Iilizabetha:
720 3092 1033 3158 cognatam,
1082 3086 1306 3142 edomo
1335 3085 1556 3142 Davidis
1625 3099 1691 3139 ac
1755 3084 2003 3139 familia:
2045 3083 2150 3138 hoc
2195 3097 2327 3138 vero
2377 3081 2624 3136 nondum
2685 3080 3051 3143 intellexerat,
3103 3086 3314 3132 tantum
3371 3077 3516 3130 illam
3562 3076 3616 3130 in

353 3175 516 3230 terris
587 3173 758 3233 decus
813 3191 877 3232 ac
911 3177 1284 3248 splendorem,
1324 3187 1379 3235 et
1408 3180 1630 3250 quidem
1673 3179 1956 3247 feminam,
1996 3194 2120 3235 esse
2183 3188 2626 3235 consecuturam.
2662 3175 2938 3243 Quocirca
2982 3190 3094 3229 non
3136 3171 3394 3244 cognovit
3442 3171 3613 3235 illam,

352 3266 528 3320 donec
562 3266 874 3337 prodigium
906 3269 1040 3324 illud
1070 3269 1478 3326 animadvertit.
1512 3269 1634 3326 Non
1662 3270 1920 3342 cognovit
1959 3269 2105 3341 quod
2129 3271 2184 3324 in
2215 3284 2280 3325 ea
2331 3269 2582 3324 mirabile
2627 3268 2958 3338 contigerat,
3001 3266 3176 3321 donec
3233 3263 3449 3334 1050
3517 3278 3616 3318 na-

352 3366 469 3412 tum
494 3373 560 3414 ex
591 3373 656 3413 ea
683 3359 882 3415 Filium
917 3361 1072 3417 vidit.
1124 3364 1493 3433 Posteaquam
1559 3379 1688 3420 vere
1757 3363 1992 3435 peperit,
2039 3363 2286 3418 habitum
2328 3362 2409 3418 illi
2451 3362 2720 3418 divinitus
2767 3362 3033 3416 honorem
3085 3359 3345 3430 agnovit;
3385 3372 3617 3428 eamque

351 3447 545 3504 didicit
568 3447 657 3505 bis
685 3450 868 3506 verbis
891 3451 960 3506 ab
993 3453 1188 3524 angelo
1221 3437 1514 3509 salutatam
1543 3472 1556 3509 :
1584 3460 1712 3522 Ave,
1747 3455 1924 3526 gratia
1962 3454 2140 3523 plena,
2172 3454 2431 3508 Dominus
2472 3462 2641 3508 tecum
2664 3455 2705 3508 ².

422 3537 615 3595 XVIII.
672 3538 801 3595 Haec
857 3553 964 3610 est,
1017 3558 1184 3614 quam
1233 3545 1584 3601 adumbravit
1628 3547 1763 3613 Eva,
1805 3561 1928 3617 qua:

2101 3547 2209 3602 IH'.
2250 3545 2399 3617 Αῦτη
2432 3546 2581 3611 ἐστὶν
2609 3547 2643 3618 ἡ
2671 3544 2826 3616 παρὰ
2849 3545 2946 3616 μὲν
2973 3547 3038 3616 τῇ
3067 3541 3181 3615 Εὔα
3211 3543 3617 3624 σημαινομένην

354 3630 655 3689 viventium
684 3641 864 3690 mater
891 3636 1130 3706 quodam
1157 3637 1464 3708 aanigmatis
1491 3639 1774 3694 involucra
1795 3655 1937 3694 nun-

352 3730 609 3794 cupatur.
645 3723 928 3794 Siquidem
973 3725 1085 3781 Eva
1142 3734 1260 3782 tum
1301 3726 1602 3782 viventium
1636 3735 1722 3784 est
1752 3729 1938 3798 appel-

352 3815 464 3871 lata
494 3825 689 3882 mater,
717 3830 842 3872 cum
868 3816 980 3888 jam
1005 3818 1139 3874 illud
1167 3819 1468 3876 audiisset:
1495 3820 1665 3875 Terra
1700 3837 1778 3884 es,
1807 3828 1856 3874 et
1881 3821 1938 3874 in

353 3916 554 3964 terram
582 3911 916 3975 reverteris’,
952 3918 1080 3981 post
1111 3910 1416 3968 admissum
1446 3910 1702 3969 videlicet
1734 3926 1929 3983 pecca-

353 4006 492 4055 tum.
533 3997 692 4066 Quod
740 4001 961 4072 quidem
1005 4002 1367 4059 admiratione
1410 4003 1636 4075 dignum
1668 4011 1774 4070 est,
1811 4011 1937 4074 post

351 4091 504 4148 illam
562 4093 944 4159 offensionem,
1008 4103 1122 4149 tam
1174 4078 1500 4164 praeclarum
1537 4095 1588 4150 ei
1633 4110 1934 4166 cognomen

353 4185 700 4242 attributum.
734 4185 814 4243 Ac
844 4187 892 4242 si
938 4186 1213 4244 exteriora
1260 4187 1530 4242 duntaxat
1577 4196 1632 4242 et
1677 4186 1934 4244 sensibus

352 4278 515 4335 obvia
541 4277 864 4336 consideres
893 4321 908 4346 ,
958 4280 1028 4336 ab
1065 4278 1257 4336 eadem
1288 4279 1391 4333 hac
1419 4277 1528 4332 Eva
1559 4279 1731 4334 totius
1758 4287 1844 4334 est
1878 4277 1934 4332 in

352 4366 520 4424 terris
547 4368 773 4423 humani
805 4368 1022 4439 generis
1047 4369 1203 4438 origo
1225 4367 1484 4425 deducta.
1515 4367 1725 4424 Revera
1750 4375 1933 4423 tamen

357 4477 388 4514 a
421 4457 592 4514 Maria
631 4457 858 4528 Virgine
898 4459 1011 4514 vita
1062 4460 1182 4531 ipsa
1225 4465 1312 4516 est
1344 4459 1399 4513 in
1440 4459 1704 4515 mundum
1756 4458 1931 4512 intro-

356 4551 547 4614 ducta,
589 4557 650 4605 ut
689 4550 964 4606 viventem
1010 4552 1207 4621 pariat,
1237 4561 1293 4607 et
1326 4551 1623 4606 viventium
1656 4549 1829 4604 Maria
1862 4549 1935 4604 sit

355 4648 552 4696 mater.
592 4638 862 4706 Quocirca
912 4640 1210 4696 viventium
1267 4649 1442 4694 mater
1495 4640 1815 4696 adumbrata
1867 4640 1936 4695 si-

355 4732 672 4789 militudine
719 4731 891 4787 Maria
935 4731 1157 4788 dicitur.
1195 4731 1332 4787 Nam
1362 4731 1432 4787 de
1463 4733 1678 4787 duabus
1713 4731 1933 4788 feminis

355 4827 568 4882 dictum
634 4824 768 4880 illud
806 4834 892 4881 est
924 4842 937 4879 :
973 4824 1106 4891 Quis
1160 4825 1303 4879 dedit
1340 4824 1551 4879 mulieri
1590 4823 1928 4892 sapientiam.

2036 3637 2105 3692 δι’
2137 3637 2461 3709 αἰνίγματος
2492 3636 2734 3692 λαϐοῦσα
2767 3638 2830 3691 τδ
2854 3637 3135 3691 καλεῖσθαι
3163 3638 3347 3708 μήτηρ
3376 3635 3614 3700 ζώντων.

2049 3729 2198 3782 Ἐκεῖ
2225 3727 2321 3798 μὲν
2345 3726 2454 3799 γὰρ
2486 3728 2669 3799 μήτηρ
2700 3725 2919 3791 ζώντων
2943 3725 3226 3798 κέκληται,
3262 3727 3359 3781 καὶ
3398 3727 3535 3798 μετὰ
3558 3729 3620 3782 τὸ

2037 3818 2296 3874 ἀκοῦσαι·
2325 3817 2424 3900 Γῇ
2455 3814 2528 3884 εἴ,
2560 3818 2662 3872 καὶ
2705 3821 2792 3885 εἰς
2836 3817 2952 3888 γῆν
2980 3819 3317 3888 ἀπελεύσῃ,
3353 3818 3492 3890 μετὰ
3519 3819 3616 3891 τὴν

2035 3904 2366 3984 παράϐασιν.
2405 3912 2514 3965 Καὶ
2540 3907 2608 3983 ἦν
2641 3911 2845 3982 θαῦμα,
2874 3912 2955 3966 ὅτι
2999 3910 3138 3982 μετὰ
3178 3910 3276 3982 τὴν
3306 3911 3619 3982 παράϐασιν

2034 4001 2240 4074 ταύτην
2270 4003 2367 4074 τὴν
2401 4003 2646 4074 μεγάλην
2666 4002 2821 4073 ἔσχεν
2851 4001 3187 4072 ἐπωνυμίαν.
3217 4002 3329 4056 Καὶ
3354 4003 3496 4056 κατὰ
3520 4004 3619 4074 μὲν

2033 4097 2094 4149 τὸ
2119 4095 2396 4166 αἰσθητὸν,
2433 4095 2529 4149 ἀπ’
2555 4094 2772 4166 ἐκείνης
2799 4095 2898 4165 τῆς
2924 4092 3071 4158 Εὔας
3095 4096 3246 4148 πᾶσα
3272 4095 3381 4148 τῶν
3408 4095 3620 4167 ἀνθρώ-

2035 4205 2153 4241 πων
2186 4189 2219 4258 ἡ
2250 4186 2503 4258 γέννησις
2531 4187 2624 4240 ἐπὶ
2653 4186 2758 4257 γῆς
2783 4186 3135 4258 γεγέννηται’
3165 4182 3266 4242 ὧδε
3305 4189 3364 4242 δὲ
3403 4189 3619 4259 άληθῶς

2033 4280 2143 4334 ἀπὸ
2173 4279 2393 4351 Μαρίας
2422 4277 2561 4350 αὕτη
2581 4279 2603 4310 ⁷
2629 4281 2663 4349 ἡ
2693 4277 2807 4349 ζωὴ
2831 4277 2912 4349 τῷ
2934 4277 3126 4350 κόσμῳ
3151 4279 3495 4350 γεγέννηται,
3531 4279 3618 4332 ἵνα

2034 4369 2214 4436 ζῶντα
2240 4371 2501 4442 γεννήσῃ,
2523 4371 2619 4424 καὶ⁸
2645 4371 2919 4442 γένηταιή
2945 4371 3136 4442 Μαρία
3163 4372 3349 4444 μήτηρ
3372 4372 3614 4436 ζώντων.

2035 4465 2113 4514 Δι’
2135 4464 2454 4532 αἰνίγματος
2482 4456 2574 4514 οὖν
2596 4463 2630 4531 ἡ
2658 4461 2846 4533 Μαρία
2875 4462 3058 4532 μήτηρ
3090 4461 3306 4526 ζώντων
3331 4464 3613 4535 κέκληται.

2036 4555 2171 4626 Περὶ
2218 4553 2328 4627 γὰρ
2375 4553 2484 4608 τῶν
2529 4553 2621 4608 δύο
2671 4554 2948 4622 γυναικῶν
2994 4554 3222 4626 ἐλέχθη’
3257 4556 3355 4622 Τίς
3396 4555 3618 4611 δέδωκε

2033 4645 2275 4715 γυναικί
2343 4646 2606 4715 σοφίαν,
2673 4645 2712 4715 ἢ
2779 4644 3162 4712 ποικιλτικὴν
3215 4645 3616 4716 ἐπιστήμην;

2047 4734 2262 4806 Ἐπειδὴ
2311 4733 2421 4804 γὰρ
2463 4735 2496 4805 ἡ
2546 4734 2736 4806 πρώτη
2773 4735 2912 4804 σοφὴ
2956 4733 3069 4788 Εὔα
3099 4735 3398 4803 ὑφαίνουσα
3427 4738 3618 4808 ἱμάτια

2031 4825 2102 4880 τὰ
2133 4825 2367 4897 αἰσθητὰ
2413 4823 2503 4878 διά
2546 4825 2635 4878 τὸν
2674 4825 2864 4896 Ἀδὰμ,
2899 4826 3067 4898 ὅνπερ
3096 4823 3439 4896 ἐγύμνωσεν·
3475 4829 3614 4899 αὐτῇ

359 4929 450 4976 aut
481 4918 788 4991 uariegandi
821 4917 1169 4973 scientiam‘?
1213 4916 1427 4973 Etenim
1486 4916 1596 4971 Eva
1639 4917 1732 4972 illa
1781 4917 1932 4989 prior

2037 4917 2146 4990 γὰρ
2170 4896 2326 4989 ἐδόθη
2353 4911 2506 4981 οὗτος
2543 4917 2572 4970 ὁ
2608 4917 2872 4986 κάματος.
2891 4896 3108 4990 Ἐπειδὴ
3133 4916 3242 4990 γὰρ
3284 4918 3352 4971 δι’
3386 4919 3556 4990 αὐτῆς

369 5015 592 5086 sapiens
612 5012 808 5069 mulier
832 5011 1061 5076 Adamo,
1083 5026 1245 5082 quem
1276 5011 1392 5080 ipsa
1415 5011 1736 5076 nudaverat,
1783 5027 1933 5082 aspe-

357 5107 577 5164 ctabilia
591 5106 839 5178 quaedam
852 5104 1176 5160 vestimenta
1192 5104 1475 5159 contexuit
1496 5123 1508 5158 :
1529 5103 1729 5176 quippe
1743 5105 1934 5175 hujus-

354 5197 504 5254 modi
539 5208 627 5254 est
654 5199 842 5254 labore
873 5197 1153 5252 damnata.
1179 5195 1336 5262 Quod
1364 5196 1508 5250 enim
1534 5198 1755 5254 nuditas
1784 5198 1933 5253 illius

352 5303 518 5361 opera
537 5301 752 5362 reperta
771 5291 968 5350 fuerat.
986 5291 1092 5346 hoc
1120 5290 1294 5346 eidem
1315 5288 1502 5345 datum
1528 5291 1802 5362 negotium
1823 5299 1930 5353 cst,

357 5389 416 5437 ut
448 5382 517 5438 ad
549 5393 832 5440 externam
870 5383 1174 5438 nuditatem
1203 5381 1492 5452 tegendam
1524 5397 1726 5452 corpus
1763 5381 1932 5445 istud,

350 5477 498 5546 quod
555 5477 812 5534 sensibus
861 5479 1170 5548 expositum
1226 5485 1331 5542 est,
1386 5483 1538 5532 veste
1590 5483 1924 5547 contegeret.

353 5576 424 5624 At
462 5569 646 5626 Mariae
679 5572 942 5628 divinitus
978 5572 1110 5628 illud
1145 5572 1380 5643 obtigit,
1422 5579 1481 5625 ut
1511 5585 1712 5642 agnum
1765 5569 1925 5624 nobis

2039 5012 2317 5084 γύμνωσις
2344 5007 2591 5081 εὓρηται,
2613 5011 2749 5080 αὐτῇ
2771 5009 2976 5063 δέδοται
2998 5009 3348 5081 ἀμφιεννύειν
3369 5009 3432 5062 τὸ
3457 5011 3617 5081 σῶμα

2037 5107 2099 5160 τὸ
2128 5103 2384 5175 αἰσθητὸν
2415 5101 2504 5156 διὰ.
2535 5103 2633 5173 τὴν
2666 5101 2944 5173 γύμνωσιν
2988 5102 3087 5173 τὴν
3124 5101 3387 5174 αἰσθητήν
3407 5121 3418 5131 ·
3459 5104 3524 5172 τῇ
3561 5101 3617 5153 δὲ

2038 5196 2228 5268 Μαρίᾳ
2256 5195 2463 5250 δέδοται
2488 5194 2594 5247 ὑπὸ
2620 5193 2776 5254 Θεοῦ,
2807 5194 2955 5259 ὅπως
2977 5193 3113 5267 τέκῃ
3135 5195 3270 5264 ἡμῖν
3307 5194 3494 5264 ἀρνίον
3525 5194 3618 5247 καὶ

2037 5289 2331 5359 πρόϐατον,
2359 5287 2454 5341 καὶ
2500 5287 2566 5340 ἐκ
2610 5284 2715 5352 τῆς
2755 5284 2913 5356 δόξης
2958 5285 3123 5340 αὑτοῦ
3169 5285 3264 5339 τοῦ
3306 5285 3493 5356 ἀρνίου
3523 5285 3617 5338 καὶ

2041 5378 2314 5451 προϐάτου
2343 5377 2571 5446 γένηται
2605 5376 2756 5446 ἡμῖν,
2783 5375 2859 5438 ὡς
2891 5376 3000 5428 ἀπὸ
3024 5377 3194 5430 πόκου
3230 5378 3288 5428 ἐν
3329 5375 3512 5447 σοφίᾳ,
3548 5376 3615 5429 δι’

2035 5472 2236 5543 ἀρετῆς
2285 5470 2450 5526 αὐτοῦ
2490 5469 2697 5539 ἔνδυμα
2741 5468 3248 5540 ἀφθαρσίας.Ἀλλὰ
3294 5470 3388 5522 καὶ
3429 5469 3616 5540 ἕτερον

2035 5566 2167 5638 περὶ
2197 5564 2402 5618 τούτων
2433 5562 2759 5616 διανοεῖσθαι
2788 5561 2900 5615 ἐστι
2926 5561 3255 5632 θαυμαστὸν,
3283 5561 3412 5634 περί
3429 5579 3488 5615 τε
3515 5562 3613 5633 τῆς

423 5687 446 5767 '_
473 5688 683 5767 quoss.
713 5709 750 5760 ι,
790 5693 873 5748 15.
949 5697 968 5726 ²
993 5693 1128 5749 Luc.
1158 5709 1195 5758 ι,
1220 5693 1310 5748 28.
1390 5693 1410 5723 ³
1438 5691 1575 5748 Gcn.
1608 5707 1690 5752 Ill.
1715 5692 1801 5751 I9.
1879 5688 1935 5744 ⁵.]

2051 5687 2320 5767 “111,56.
2388 5687 2409 5718 ⁸
2431 5685 2489 5740 F.
2522 5690 2634 5739 τόν.
2676 5685 2696 5717 ⁸
2725 5683 2803 5739 Ita
2824 5699 2888 5740 ex
2913 5682 3080 5757 Regio
3099 5683 3220 5740 cod.
3247 5683 3609 5740 restituimus.

355 5759 376 5794 ’
403 5757 469 5812 ιδ’.
495 5758 655 5817 αὐτή.
