3986 6224
277 356 381 413 7‘29

813 352 1195 411 ADVERSUS
1228 352 1572 412 HERESES
1608 357 1738 414 LIB.
1777 357 1864 413 IlI.
1907 359 2073 417 ΤΟΜ.
2115 360 2265 417 ΙΙ.-
2304 360 2579 418 HrERES.
2623 363 2906 421 LXXVIII.

3441 370 3547 427 730

278 474 423 539 Εὔας
447 474 666 546 καὶτῆς
696 472 1024 547 Μαρίας.Ἠ
1056 472 1155 542 μὲν
1179 471 1287 545 γὰρ
1318 472 1432 528 Εὕα
1463 475 1735 547 πρόφασις
1778 495 1872 547 γε-

1982 487 2138 549 atque
2173 496 2329 536 ovem
2365 489 2583 550 pareret
2613 499 2627 540 :
2659 482 2818 550 cujus
2844 498 2910 537 ex
2938 482 3225 552 splendere
3257 500 3321 540 ac
3352 484 3545 557 gloria,

275 566 506 637 γένηται
532 565 766 619 θανάτου
795 564 908 625 τοῖς
943 560 1281 632 ἀνθρώποις·
1308 562 1375 616 δι’
1409 563 1581 633 αὐτῆς
1615 563 1722 634 γὰρ
1752 566 1864 617 etc-

272 660 439 735 ῆλθεν
466 662 498 714 6
526 660 756 723 θάνατος
788 658 869 722 εἰς
901 657 991 710 τὸν
1022 656 1225 727 κόσμον
1244 673 1257 686 ·
1290 658 1323 728 ή
1356 657 1412 710 δὲ
1434 658 1621 729 Μαρία
1655 657 1867 729 πρόφα-

276 772 362 820 σις
388 755 557 826 ζωῆς,
588 754 654 808 δι’
679 748 748 826 ἦς
777 750 1042 822 ἐγεννήθη
1072 752 1206 822 ἡμῖν
1234 746 1368 820 ζωή.
1399 751 1510 803 Καὶ
1542 750 1631 804 διὰ
1653 750 1811 804 τοῦτο
1838 751 1866 803 6

274 847 409 911 Υἱὸς
452 846 587 901 Θεοῦ
649 845 985 915 παρεγένετο
1038 844 1118 906 είς
1165 841 1255 895 τὸν
1308 842 1545 913 κόσμον·
1608 843 1723 908 καὶ,
1783 836 1865 898 Οὗ

274 937 655 991 ἐπλεόνασεν
678 936 716 1003 ἠ
748 934 1024 1002 ἁμαρτία,
1056 932 1653 1001 ὑπερεπερίσσευσεν
1694 935 1732 1002 ἡ
1770 931 1868 1003 χά-

274 1048 370 1098 ρις
391 1047 404 1060 ·
437 1031 529 1083 καὶ
558 1029 679 1084 ὅθεν
707 1028 898 1097 γέγονε
921 1027 1166 1089 θάνατος,
1192 1026 1310 1077 ἐκεῖ
1336 1024 1636 1097 προέλαϐεν
1662 1027 1694 1095 ή
1732 1024 1863 1095 ζωὴ,

280 1122 371 1177 ἵνα
399 1122 513 1193 ζωὴ
544 1123 665 1176 ἀντὶ
699 1120 929 1174 θανάτου
956 1118 1205 1190 γένηται,
1230 1118 1562 1172 ὲκκλείσασα
1588 1119 1678 1172 τὸν
1707 1118 1867 1172 θάνα-

276 1231 372 1268 ⁶τον
403 1214 496 1268 τὸν
524 1216 586 1267 ὲκ
622 1212 901 1281 γυναικὸς,
939 1211 1101 1264 πάλιν
1126 1212 1151 1262 6
1174 1209 1260 1263 διὰ
1285 1210 1543 1279 γυναικὸς
1579 1212 1714 1281 ἡμῖν
1754 1208 1866 1280 ζωὴ

278 1306 705 1378 γεγεννημένος.
744 1306 852 1360 Καὶ
883 1304 1069 1375 ἐπειδὴ
1096 1305 1213 1358 ἐκεῖ
1240 1304 1337 1375 μὲν
1378 1303 1458 1355 ἔτι
1496 1301 1632 1357 οὖσα
1663 1303 1868 1375 παρθέ-

277 1421 370 1468 νος
408 1400 582 1472 ήΕὕα
631 1402 688 1453 ὲν
738 1400 1079 1472 παρεκϐάσει
1128 1399 1412 1470 παρακοῆς
1457 1398 1671 1467 γέγονε,
1707 1400 1868 1452 πάλιν

278 1496 369 1549 διὰ
413 1494 514 1563 τῆς
561 1492 839 1564 Παρθένου
892 1492 1114 1561 γέγονεν
1161 1491 1194 1560 ή
1243 1488 1459 1558 ὑπακοὴ
1490 1489 1587 1560 τῆς
1621 1490 1865 1559 χάριτος,

280 1582 765 1653 εὐαγγελισθείσης
796 1584 894 1653 τῆς
937 1580 1282 1652 ἁπόὺρανοῠ
1330 1580 1555 1634 καθόδου
1600 1582 1867 1653 ὲνσάρκου

281 1674 588 1745 παρουσίας
622 1675 716 1727 καὶ
752 1673 897 1745 ζωῆς
935 1674 1345 1728 αἰωνίου.Ἐκεῖ
1386 1673 1495 1744 γάρ
1547 1691 1679 1745 φησι
1732 1674 1868 1745 πρὸς

280 1768 375 1820 τὸν
404 1766 558 1836 ὅφιν·
598 1764 707 1820 Καὶ
757 1767 980 1835 ἔχθραν
1028 1764 1193 1831 θήσω
1246 1763 1556 1834 ἀναμέσων
1598 1765 1716 1820 σοῦ
1765 1767 1866 1820 καὶ

1968 580 2230 642 tanquam
2257 588 2286 627 e
2316 573 2537 637 vellere,
2576 589 2671 642 per
2702 573 2948 642 ejusdem
2989 577 3242 631 virtutem
3276 578 3551 633 immorta-

1968 662 2140 718 litatis
2191 663 2350 719 nobis
2402 666 2573 718 vestis
2611 663 2883 733 sapienter
2930 675 3014 721 est
3073 668 3344 722 confecta.
3386 669 3547 723 Aliud

1970 771 2099 809 vero
2158 766 2421 826 praeterea
2455 754 2507 808 in
2540 763 2793 824 utraque,
2844 755 2954 809 Eva
3006 758 3217 813 scilicet
3259 774 3322 813 ac
3355 758 3545 824 Maria,

1968 847 2315 903 considerari
2352 856 2547 917 potest,
2578 855 2631 901 et
2654 845 2871 917 quidem
2899 848 3260 905 admiratione
3288 850 3543 921 dignum:

1969 942 2242 1010 siquidem
2278 940 2390 994 Eva
2434 941 2617 1011 generi
2668 940 2948 994 hominum
2989 955 3211 997 causam
3250 942 3441 998 mortis
3467 951 3549 995 at-

1971 1032 2117 1093 tulit,
2167 1045 2455 1100 perquam
2497 1044 2648 1091 mors
2690 1036 2774 1083 est
2825 1029 2879 1082 in
2931 1032 3118 1084 orbem
3164 1038 3435 1085 terrarum
3465 1032 3548 1086 in-

1968 1133 2121 1177 vecta
2148 1139 2161 1187 ;
2196 1121 2365 1174 Maria
2414 1121 2538 1175 vitae
2567 1135 2791 1175 causam
2829 1121 3082 1192 praebuit,
3121 1137 3214 1191 per
3244 1138 3407 1191 quam
3438 1123 3547 1178 vita

1969 1221 2054 1267 est
2107 1213 2268 1267 nobis
2302 1213 2417 1282 ipsa
2457 1211 2745 1283 producta.
2779 1212 2860 1268 Ob
2891 1213 2943 1267 id
2983 1211 3153 1267 Filius
3195 1212 3289 1268 Dei
3321 1214 3373 1267 in
3404 1214 3550 1268 hunc

1969 1305 2236 1359 mundum
2279 1306 2542 1359 advenit:
2575 1313 2649 1370 et,
2689 1304 2789 1360 Ubi
2820 1306 3108 1359 abundarit
3150 1305 3420 1372 delictum,
3457 1322 3551 1360 suo

1964 1398 2341 1469 perabuitdavit
2392 1400 2569 1468 gratia
2610 1400 2646 1451 ι.
2708 1398 2860 1454 Unde
2914 1415 3065 1454 mors
3128 1398 3365 1462 accidit,
3432 1398 3545 1453 vita

1970 1492 2101 1546 illuc
2134 1491 2387 1555 accessit,
2428 1499 2485 1542 ut
2520 1490 2573 1543 in
2612 1492 2808 1545 mortis
2848 1492 3028 1544 locum
3061 1491 3169 1543 vita
3211 1488 3547 1555 succederet,

1970 1590 2024 1638 et
2075 1581 2281 1635 illatam
2317 1597 2347 1634 a
2384 1582 2613 1637 muliere
2654 1592 2883 1636 mortem
2928 1582 3019 1636 ille
3062 1581 3201 1650 ipsc,
3248 1583 3340 1651 qui
3370 1596 3399 1634 e
3428 1596 3550 1633 mu-

1972 1674 2125 1737 liere,
2165 1674 2274 1729 vita
2308 1681 2368 1726 ut
2402 1679 2550 1728 esset
2579 1680 2793 1735 nostra,
2827 1680 2991 1727 natus
3014 1680 3153 1737 erat,
3206 1670 3547 1726 excluderet.

1972 1766 2242 1833 Quoniam
2274 1780 2404 1820 vero
2437 1780 2562 1819 cum
2600 1763 2780 1818 adhuc
2811 1764 2964 1834 virgo
2996 1764 3050 1817 in
3080 1763 3256 1818 hortis
3296 1762 3406 1816 Eva
3450 1762 3549 1817 de-

280 1858 594 1929 ἀναμέσων
626 1857 834 1925 αὐτῆς,
879 1857 978 1911 καὶ
1021 1855 1329 1927 ἀναμέσον
1380 1857 1485 1910 τοῦ
1528 1856 1871 1928 σπέρματος

1982 1868 2126 1932 geret
2157 1900 2172 1924 ,
2219 1873 2315 1930 per
2346 1857 2749 1913 contumaciam
2799 1856 2941 1927 apud
3005 1855 3173 1910 Deum
3200 1855 3503 1909 otl'enderat
3532 1892 3549 1919 ,

281 1950 420 2015 σοῦ,
457 1952 557 2005 καὶ
589 1950 901 2021 ἁναμέσον
931 1949 1038 2004 τοῦ
1080 1949 1422 2018 σπέρματος
1459 1950 1669 2019 αὐτῆς.
1699 1951 1871 2005 Οὐδα-

284 2044 390 2115 μοῦ
422 2044 479 2096 δὲ
512 2043 731 2116 σπέρμα
767 2042 1079 2114 εὑρίσκεται
1113 2042 1396 2117 γυναικός·
1431 2040 1544 2094 ἀλλ’
1574 2040 1606 2112 ἢ
1641 2041 1784 2096 κατὰ
1809 2043 1870 2097 τὸ

1974 1952 2098 2007 ideo
2128 1950 2317 2022 gratiae
2340 1948 2560 2019 propria
2598 1948 2667 2003 ab
2696 1946 2917 2017 Virgine
2948 1946 3189 2000 manavit
3218 1945 3551 2011 obedientia,

1985 2052 2273 2113 postquam
2324 2038 2647 2094 circumfusi
2679 2053 2912 2109 corpore
2950 2036 3110 2093 Verbi
3170 2038 3550 2107 sempiterna-

282 2137 532 2205 αῐνιγμα,
569 2137 661 2189 ἐπὶ
691 2136 790 2205 τῆς
829 2132 974 2198 Εὔας
1003 2133 1339 2206 λαμϐάνεται
1370 2134 1403 2203 ή
1436 2132 1606 2203 ἔχθρα
1636 2134 1772 2204 πρὸς
1802 2134 1869 2188 τὰ

1982 2149 2082 2204 que
2114 2133 2239 2187 vita:
2261 2132 2327 2187 de
2354 2133 2495 2186 cmlo
2518 2138 2602 2186 est
2631 2130 2919 2185 nuntiatus
2949 2127 3239 2183 adventus.
3275 2126 3407 2180 Nam
3438 2126 3551 2181 illic

286 2227 378 2279 ὑπ’
403 2227 576 2297 αὐτῆς
601 2225 938 2297 γεννώμενα,
968 2225 1063 2279 τοῦ
1089 2242 1148 2278 τε
1188 2224 1365 2294 ὄφεως
1412 2224 1507 2277 καὶ
1552 2222 1643 2276 τοῦ
1686 2225 1745 2277 ἐν
1788 2225 1867 2296 τῷ

1982 2226 2048 2279 ita
2070 2235 2376 2296 serpentem
2411 2223 2555 2279 Deus
2594 2222 2801 2294 1051
2832 2221 3168 2290 alloquitur:
3204 2219 3557 2273 Inimicitiam

284 2315 408 2386 ὕφει
439 2316 731 2388 γενομένου
760 2316 1009 2369 διαϐόλου
1029 2316 1123 2367 καὶ
1150 2314 1367 2384 φθόνου.

1982 2330 2165 2373 pariam
2200 2316 2338 2369 inter
2363 2324 2429 2379 te,
2461 2324 2510 2368 et
2538 2314 2674 2366 inter
2710 2312 2903 2372 illam;
2932 2310 3071 2363 inter
3100 2324 3273 2363 semen
3308 2318 3476 2374 tuum,
3507 2316 3559 2361 et

285 2423 460 2462 semen
518 2409 726 2462 illius”.
756 2409 919 2478 Atqui
979 2422 1253 2478 nusquam
1305 2406 1576 2476 ejusmodi
1630 2422 1818 2463 semen
1880 2407 2129 2463 mulieris
2185 2406 2418 2462 inveniri
2467 2412 2666 2475 potest.
2709 2400 2864 2458 Unde
2898 2415 3006 2454 non
3073 2399 3231 2455 aliter
3264 2413 3427 2468 quam
3461 2413 3559 2468 per

282 2498 758 2556 adumbrationem
791 2515 854 2554 ac
883 2500 1291 2556 similitudinem
1323 2501 1389 2555 ad
1419 2500 1583 2556 Evam
1626 2501 1852 2556 hostiles
1891 2502 1996 2556 illae
2046 2500 2349 2555 inimicitiae
2394 2498 2728 2564 referuntur,
2794 2508 2933 2567 quas
2963 2507 3089 2549 cum
3138 2491 3308 2562 hujus
3376 2491 3549 2561 stirpe

280 2604 518 2660 serpens
551 2590 661 2657 ille,
688 2600 742 2646 et
771 2591 865 2662 qui
910 2592 966 2645 in
1010 2602 1262 2664 serpente
1306 2592 1483 2648 inerat
1529 2592 1736 2648 invidia
1768 2592 2006 2665 flagrans
2039 2593 2313 2659 diabolus,
2349 2597 2589 2647 exercet.

359 2703 462 2758 18'.
519 2702 660 2755 Ἀλλ’
692 2698 784 2757 οὖν
817 2720 881 2772 γε
913 2705 1057 2759 κατά
1083 2704 1145 2758 τὸ
1191 2704 1526 2760 τελειότατον
1562 2706 1622 2759 οὐ
1655 2705 1877 2762 δύναται

281 2795 347 2848 ὲν
380 2794 519 2864 αὐτῇ
552 2794 612 2846 τὸ
655 2794 763 2847 πᾶν
802 2793 1192 2865 πληρωθῆναι*
1240 2794 1663 2867 πληρωθήσεται
1703 2794 1760 2847 δὲ
1802 2794 1878 2858 ὡς

282 2885 504 2957 ἀληθῶς
537 2888 593 2939 ὲν
623 2884 699 2955 τῷ
728 2886 1011 2957 σπέρματι
1050 2887 1127 2958 τῷ
1159 2888 1322 2956 ἁγίῳ,
1365 2886 1443 2957 τῷ
1487 2887 1771 2958 ἐξαιρέτῳ.
1799 2887 1879 2956 τῷ

285 2978 608 3049 μονωτάτῳ,
637 2976 717 3048 τῷ
750 2978 858 3030 ἀπὸ
889 2978 1109 3049 Μαρίας
1142 2978 1301 3048 μόνον
1336 2978 1635 3049 εὑρεθέντι,
1661 2979 1756 3031 καὶ
1777 2978 1878 3031 οὐκ

284 3069 400 3124 ἀπὸ
432 3068 690 3137 συζυγίας
728 3068 938 3140 ἀνδρός.
982 3063 1149 3132 Οὗτος
1176 3069 1284 3141 γὰρ
1322 3066 1485 3140 ἦλθεν
1530 3069 1738 3122 ἀνελεῖν
1778 3070 1876 3140 τήν
1906 3115 1949 3173 C

282 3179 349 3217 τε
374 3161 602 3233 δύναμιν
634 3160 729 3214 τοῦ
761 3161 1053 3232 δράκοντος
1083 3163 1177 3216 καὶ
1204 3162 1416 3216 σκολιοῦ
1448 3163 1624 3233 ὄφεως
1653 3162 1879 3231 φεύγον-

283 3271 403 3319 τος,
440 3254 535 3307 καὶ
567 3254 666 3324 τὴν
714 3256 896 3307 πᾶσαν
921 3254 1249 3325 οἰκουμένην
1281 3254 1669 3325 κατειληφέναι
1691 3254 1874 3323 λέγον·

284 3365 401 3411 τος.
439 3347 537 3400 Διά
565 3346 721 3399 τοῦτο
747 3346 1081 3417 παρεγένετο
1111 3350 1174 3400 ὲκ
1206 3347 1465 3416 γυναικὸς
1495 3349 1523 3400 6
1546 3346 1875 3417 Μονογενὴς,

286 3442 373 3503 εἰς
404 3440 683 3511 ἀναίρεσιν
715 3438 814 3509 μὲν
846 3437 940 3491 τοῦ
974 3438 1172 3509 ὄφεως,
1201 3439 1447 3492 τουτέστι
1472 3440 1574 3508 τῆς
1603 3439 1880 3493 κακοδιδα-

289 3531 544 3595 σκαλίας,
579 3532 674 3585 καὶ
725 3531 931 3601 φθορᾶς
952 3569 967 3594 ,
1010 3532 1105 3583 καὶ
1137 3531 1353 3601 ἀπάτης
1376 3572 1390 3596 ,
1444 3531 1654 3602 πλάνης
1683 3549 1741 3584 τε
1786 3532 1879 3585 καὶ

287 3624 543 3694 ἀνομίας.
568 3618 734 3687 Οὗτός
758 3624 903 3676 ἐστιν
927 3622 1142 3693 ἀληθῶς
1164 3622 1394 3691 ἀνοίγων
1418 3625 1631 3695 μήτραν
1651 3624 1875 3695 μητρός.

287 3716 506 3778 Πάντες
539 3714 649 3786 γὰρ
679 3716 791 3768 ὅσοι
829 3715 1194 3787 ἐγεννήθησαν
1227 3716 1559 3787 πρωτότοκοι
1580 3756 1595 3781 ,
1648 3717 1733 3770 ἵνα
1786 3717 1879 3770 καὶ

289 3807 618 3877 σεμνότερον
642 3804 909 3876 εἴπωμεν,
939 3806 1037 3859 οὐκ
1063 3805 1406 3879 ἠδυνήθησαν
1428 3806 1584 3860 τοῦτο
1613 3808 1876 3879 πληροῦν,

289 3895 408 3950 ἀλλ’
439 3895 472 3965 ἦ
513 3896 671 3965 μόνος
691 3897 719 3947 6
739 3894 1048 3967 Μονογενὴς
1077 3898 1289 3968 μήτραν
1324 3897 1591 3970 παρθένον
1626 3898 1876 3965 ἀνοίξας*

290 3986 353 4041 ὲν
377 3986 552 4058 τούτῳ
591 3986 701 4058 γὰρ
737 3988 882 4059 μόνῳ
904 3988 1269 4055 τετελείωται,
1301 3991 1396 4043 καὶ
1424 3991 1481 4045 ὲν
1510 3990 1653 4061 ἄλλῳ
1680 3990 1875 4045 οὐδενί.

303 4080 469 4135 Ἀλλά
512 4081 608 4135 καὶ
650 4082 743 4135 ἀπ’
792 4082 962 4153 αὐτῆς
1028 4084 1127 4153 τῆς
1175 4082 1485 4145 ὑποθέσεως
1528 4081 1676 4136 ἐστιν
1730 4082 1876 4163 ίδεξν.

303 4173 441 4227 Ἀπὸ
469 4174 690 4245 Μαρίας
721 4172 828 4244 γὰρ
865 4171 1204 4243 λαμϐάνεται
1236 4175 1267 4244 ή
1300 4172 1465 4237 λέξις,
1501 4172 1596 4225 καὶ
1626 4174 1754 4245 περὶ.
1779 4174 1880 4243 τῆς

302 4262 633 4334 Ἐκκλησίας
667 4263 819 4316 ἔσται
854 4280 943 4333 μοι
974 4262 1129 4317 τοῦτο
1158 4262 1336 4332 λέγειν
1354 4276 1368 4289 °
1395 4264 1638 4316 Ἕνεκεν
1664 4264 1879 4317 τούτου

290 4354 651 4422 καταλείψει
699 4354 1008 4423 ἄνθρωπος
1072 4355 1179 4409 τὸν
1234 4340 1459 4423 πατέρα
1512 4353 1702 4408 αὑτοῦ
1780 4355 1880 4409 καὶ

2051 2705 2193 2761 XIX.
2236 2705 2404 2761 Plene
2432 2703 2653 2776 quidem
2689 2715 2754 2755 ac
2789 2699 3029 2771 perfecte
3060 2698 3466 2754 accommodari
3491 2698 3558 2752 ad

1980 2800 2129 2853 illam
2161 2792 2417 2854 universa
2448 2802 2726 2865 nequeunt
2754 2811 2767 2860 ;
2805 2792 2902 2848 sed
2945 2795 3001 2846 in
3043 2791 3414 2855 sanctissima,
3445 2790 3564 2845 exi-

1981 2891 2088 2944 mia
2117 2905 2181 2944 ac
2212 2888 2479 2959 singulari
2503 2887 2694 2956 stirpe,
2718 2900 2840 2955 quae
2867 2884 2936 2939 ab
2964 2884 3080 2939 sola
3112 2881 3335 2953 Virgine
3365 2881 3558 2945 Maria,

1982 2983 2102 3038 sine
2150 2983 2261 3036 ulla
2293 2983 2393 3037 viri
2428 2982 2849 3049 consuetudine,
2882 2991 3177 3054 propagata
3220 2989 3324 3044 est,
3384 2981 3560 3051 reipsa

1984 3092 2049 3130 ac
2082 3075 2301 3145 penitus
2351 3075 2626 3144 impletur.
2679 3073 2780 3129 Hic
2823 3075 2968 3131 enim
3020 3075 3167 3130 illius
3198 3072 3337 3127 filius
3366 3072 3433 3126 ad
3462 3087 3562 3125 cx-

1987 3167 2372 3237 stinguendam
2437 3166 2710 3235 serpentis
2750 3180 2815 3221 ac
2847 3166 3082 3221 tortuosi
3141 3164 3351 3219 colubri
3406 3162 3561 3232 fuga-

1986 3261 2181 3330 cisque
2230 3260 2338 3314 vim
2366 3274 2431 3315 ac
2456 3260 2780 3330 potentiam,
2812 3259 2906 3330 qui
2938 3274 2998 3315 se
3031 3266 3202 3313 totum
3235 3255 3423 3310 orbem
3453 3263 3565 3311 ter-

1986 3366 2169 3406 rarum
2204 3349 2487 3406 dominatu
2522 3368 2624 3409 suo
2656 3352 3144 3423 comprehendisse
3178 3349 3446 3419 jactabat,
3494 3348 3563 3403 ad

1987 3443 2102 3497 hazc
2129 3443 2313 3499 inﬁma
2347 3445 2651 3500 descendit.
2700 3444 2993 3514 Propterea
3044 3443 3238 3498 unicus
3270 3457 3301 3497 e
3336 3440 3566 3495 muliere

1987 3532 2083 3589 Dei
2117 3533 2290 3591 Filius
2321 3538 2631 3606 processit,
2668 3544 2726 3589 ut
2762 3542 3097 3605 serpentem,
3134 3534 3240 3587 hoc
3276 3539 3359 3587 est
3388 3530 3566 3602 impiae

1985 3626 2250 3683 doctrinae
2287 3629 2679 3699 corruptelam,
2711 3643 2776 3682 ac
2807 3627 3081 3692 fraudem,
3123 3634 3177 3681 et
3208 3640 3471 3688 errorem,
3503 3637 3567 3677 ac

1985 3722 2315 3793 pravitatem
2370 3730 2658 3778 everteret.
2706 3720 2807 3776 Hic
2835 3728 2921 3776 est
2969 3720 3061 3791 qui
3116 3733 3305 3774 revera
3351 3724 3564 3771 uterum

1987 3814 2178 3870 Matris
2243 3814 2461 3885 aperuit
2501 3814 2542 3868 ³.
2608 3812 2743 3867 Nam
2807 3821 3163 3883 quotcunque
3225 3806 3566 3880 primogeniti

1985 3906 2138 3961 illum
2184 3913 2619 3971 antecesserant,
2664 3912 2725 3961 ut
2769 3904 3155 3960 honestissime
3185 3902 3383 3968 dicam,
3419 3900 3566 3956 istud

1987 3997 2168 4067 ipsum
2219 3997 2432 4053 efﬁcere
2469 3998 2857 4067 nequiverunt,
2915 3994 3009 4051 sed
3058 3996 3209 4050 solus
3239 3994 3343 4048 hoc
3371 3994 3568 4047 unicus

1987 4086 2081 4143 Dei
2123 4086 2294 4143 Filius
2324 4088 2582 4154 obtinuit,
2614 4089 2669 4142 in
2702 4102 2837 4159 quo,
2881 4085 3099 4141 caeteris
3126 4084 3365 4140 exclusis
3392 4083 3570 4137 omni-

1990 4180 2112 4241 bus,
2139 4178 2270 4233 illud
2296 4186 2380 4233 est
2408 4176 2732 4248 perfectum.
2767 4176 2873 4232 Sed
2911 4186 2968 4230 ut
2998 4175 3101 4228 alia
3132 4173 3565 4245 praetermittam,

1988 4272 2072 4326 vel
2095 4287 2162 4326 ex
2194 4285 2260 4326 eo
2291 4272 2432 4340 ipso,
2463 4269 2608 4339 quod
2645 4267 2809 4322 modo
2838 4275 3166 4330 tractamus,
3215 4273 3394 4336 potest
3435 4264 3569 4319 illud

1990 4361 2237 4432 intelligi.
2282 4358 2494 4429 Quippe
2545 4374 2609 4413 ex
2660 4357 2832 4412 Maria
2892 4364 3108 4426 sumpta
3146 4357 3235 4411 illa
3273 4355 3570 4424 Scriptum

291 4447 412 4516 τὴν
456 4446 685 4517 μητέρα
728 4448 922 4502 αὺτοῦ
948 4487 963 4511 ,
1013 4447 1111 4501 καὶ
1159 4446 1766 4517 προσκολληθήσεται
1805 4449 1876 4517 τῇ

1990 4452 2260 4510 sententia
2314 4458 2419 4515 est,
2469 4466 2634 4520 quam
2683 4450 2750 4503 ad
2801 4448 3103 4505 Ecclesiam
3153 4448 3572 4504 accommodare

294 4536 537 4609 γυναικὶ
586 4537 806 4592 αὐτοῦ·
869 4536 969 4591 καί
1015 4537 1261 4591 ἔσονται
1310 4540 1364 4591 οἱ
1405 4538 1515 4592 δύο
1557 4541 1645 4605 εἰς
1687 4539 1886 4609 σάρκα

292 4631 463 4701 μίαν.
511 4630 569 4682 '0
598 4630 654 4682 δὲ
685 4629 836 4697 ἅγιος
875 4630 1194 4694 Ἀπόστολός
1228 4648 1360 4702 φησι
1389 4648 1401 4660 ·
1437 4632 1506 4686 Τὸ
1546 4634 1887 4703 μυστήριον

294 4721 473 4775 τοῦτο
504 4719 653 4790 μέγα
682 4720 855 4773 ἐστίν
876 4736 889 4749 ο
922 4718 1037 4788 ἐγὼ
1077 4718 1145 4772 δὲ
1183 4719 1339 4788 λέγω
1381 4720 1470 4785 εὶς
1498 4720 1757 4788 Χριστὸν
1788 4720 1886 4775 καὶ

294 4814 415 4881 τὴν
463 4815 854 4881 Ἐκκλησίαν.
916 4815 1025 4867 Καὶ
1066 4815 1167 4885 ὃρα
1219 4831 1309 4885 μοι
1354 4813 1454 4885 τὴν
1501 4812 1610 4866 τῶν
1652 4804 1886 4885 Γραφῶν

296 4907 619 4978 ἀκρίϐειαν⁸
657 4908 739 4960 ὃτι
790 4907 883 4960 ἐπὶ
937 4906 1036 4977 μὲν
1087 4905 1165 4976 τῷ
1217 4905 1387 4976 Ἀδὰμ
1414 4904 1649 4960 ἔπλασεν
1689 4905 1886 4975 λέγων,

296 5003 392 5055 ἐπὶ
422 5003 479 5055 δὲ
519 5005 586 5074 τῇ
617 5002 733 5075 Εὕα
774 5001 957 5055 οὐκέτι
1004 5001 1313 5056 πεπλάσθαι
1362 5000 1558 5069 λέγων,
1594 5000 1709 5053 ἀλλ’
1738 5003 1886 5054 οίκο-

294 5095 602 5165 δομεῖσθαι.
657 5097 872 5150 Ἐλαϐε
910 5096 1041 5164 γὰρ,
1086 5096 1239 5167 φησὶ,
1280 5095 1427 5164 μίαν
1465 5092 1582 5147 τῶν
1610 5092 1888 5161 πλευρῶν

297 5188 518 5249 αὐτοῦ.
576 5188 675 5241 καὶ
731 5187 1120 5258 ᾠκοδόμησεν
1155 5186 1315 5252 αὐτῷ
1341 5188 1428 5250 εὶς
1461 5185 1746 5255 γνυναῖκαο
1801 5186 1887 5239 ἵνα

298 5279 449 5351 δείξῃ
472 5279 564 5331 τὸν
596 5279 695 5351 μὲν
730 5280 934 5351 Κύριον
962 5278 1071 5331 ἀπὸ
1097 5277 1313 5346 Μαρίας
1342 5277 1728 5331 ἀναπλάσαντα
1762 5276 1887 5329 ἐαυ-

299 5371 382 5442 τῷ
410 5371 592 5443 σῶμα,
632 5373 727 5425 ἀπ’
760 5372 928 5442 αὐτῆς
971 5370 1028 5424 δὲ
1056 5372 1155 5440 τῆς
1199 5370 1439 5441 πλευρᾶς
1468 5368 1888 5440 οἰκοδομηθῆναι

314 5464 666 5535 Ἐκκλησίαν,
695 5466 753 5518 ἐν
775 5463 853 5537 τῷ
882 5464 1143 5536 νυχθῆναι
1174 5463 1339 5518 αὑτοῦ
1370 5462 1467 5534 τὴν
1496 5462 1759 5533 πλευρὰν,
1796 5464 1891 5517 καὶ

379 5668 396 5699 ι
433 5665 591 5724 Rom.
630 5683 685 5737 v,
730 5666 821 5724 20.

932 5670 953 5701 ²
983 5665 1121 5723 Gen.
1156 5681 1240 5736 nl,
1291 5665 1377 5721 15.

302 5738 399 5805 Ἃ,
432 5737 524 5792 22.

1492 5666 1513 5699 ³
1543 5666 1714 5738 Exod.
1762 5681 1859 5724 xm
1886 5709 1900 5737 ,
1943 5667 1997 5722 2.

1980 4559 2276 4617 possumus
2323 4561 2335 4597 :
2380 4541 2607 4610 Propter
2665 4541 2761 4595 hoc
2828 4542 3081 4611 relinquet
3145 4542 3297 4595 homo
3365 4549 3571 4610 patrem

1981 4654 2135 4692 suum
2161 4645 2213 4690 et
2243 4646 2471 4690 matrem
2500 4652 2676 4699 suam,
2729 4645 2778 4688 et
2828 4634 3119 4689 adlrwrebit
3149 4635 3305 4688 uxori
3334 4649 3482 4697 sum;
3521 4643 3572 4688 et

1980 4736 2133 4782 erunt
2173 4726 2277 4779 duo
2306 4726 2359 4779 in
2397 4741 2609 4779 carnem
2651 4740 2812 4777 unam
2837 4724 2879 4777 ’⁵.
2918 4725 3215 4794 Apostolus
3262 4740 3391 4780 vero
3429 4744 3441 4779 :
3472 4724 3575 4779 Sa-

1982 4829 2310 4874 crumentum
2367 4817 2483 4884 hoc,
2525 4817 2722 4886 inquit,
2772 4832 3022 4887 magnum
3070 4825 3168 4870 est.
3239 4815 3351 4885 Ego
3396 4825 3573 4869 autem
3638 4822 3653 4832 ‘

1993 4911 2111 4966 dico
2138 4912 2193 4965 in
2221 4909 2498 4966 Christum
2524 4918 2573 4963 et
2602 4908 2899 4963 Ecclesium
2929 4911 2976 4963 ⁸⁵.
3028 4908 3085 4963 In
3119 4924 3229 4979 quo
3258 4915 3572 4963 accuratam

1994 5020 2274 5061 sacrarum
2314 5003 2648 5057 Litterarum
2682 5003 3024 5071 diligentiam
3060 5003 3356 5058 observare
3400 5001 3570 5055 licet:

1991 5112 2113 5167 qua:
2156 5111 2281 5150 eum
2315 5094 2385 5150 de
2424 5096 2634 5150 Adamo
2670 5095 2995 5165 loquuntur,
3036 5093 3305 5148 formandi
3337 5093 3574 5147 vocabu-

1993 5189 2103 5243 lum
2152 5187 2453 5249 adhibent.
2502 5186 2669 5241 Evam
2710 5203 2841 5243 vero
2886 5200 3227 5257 nequaquam
3264 5184 3574 5249 formatam,

1995 5280 2090 5336 sed
2131 5279 2451 5347 aedificatam
2482 5296 2606 5335 esse
2633 5279 2822 5334 dicunt
2855 5299 2867 5332 :
2902 5278 3142 5345 Sumpsit
3183 5277 3342 5342 enim,
3378 5278 3573 5345 inquit,

1995 5389 2157 5427 unam
2210 5389 2237 5427 e
2263 5374 2423 5426 costis
2452 5373 2621 5435 illius,
2647 5381 2698 5426 et
2721 5371 3001 5439 mdiﬁcavit
3028 5369 3129 5437 ipsi
3155 5370 3208 5420 in
3238 5368 3509 5420 mulierem
3533 5369 3573 5420 °.

1994 5467 2116 5531 Quo
2151 5464 2285 5521 illud
2318 5463 2772 5537 intelligeremus,
2798 5461 3090 5516 Dominum
3121 5458 3339 5529 sibiipsi
3375 5474 3577 5529 corpus

2110 5668 2131 5701 ⁸
2168 5665 2304 5723 Gen.
2338 5682 2414 5734 ιι,
2460 5665 2551 5721 24.
2664 5666 2685 5697 ⁵
2718 5661 2921 5730 Ephcs.
2969 5680 3021 5729 v,
3059 5664 3146 5722 3’2.
3263 5661 3283 5692 ⁶
3318 5659 3455 5718 Gen.
3493 5674 3573 5729 It,
