3986 6224
457 369 558 429 731

1841 352 1904 409 S.
1955 349 2304 408 EPIPIIANII

3606 339 3726 394 732

453 499 488 539 ο
541 481 710 537 Maria
759 478 1025 546 ﬁnxisse;
1082 474 1386 531 Ecclesium
1422 487 1556 529 vero
1598 487 1664 528 ex
1707 471 1828 542 ipso
1859 470 2030 524 latere

2137 467 2198 522 τὰ
2231 453 2504 540 μυστῆρια
2545 461 2640 519 τοῦ
2675 463 2910 536 artum-oc
2948 459 3044 518 nat
3081 459 3270 524 ὓδατος
3301 457 3360 512 ὲν
3386 456 3516 528 ἡμῖν
3540 455 3728 527 λύτρα

453 577 604 631 velut
642 570 960 629 aediﬁcatam
987 571 1180 635 fuisse,
1213 583 1340 625 cum
1369 567 1490 638 ejus
1523 565 1666 620 latus
1695 569 1780 619 est
1805 561 2029 631 cuspide

453 667 780 730 sauciatum,
814 663 884 719 ab
913 663 1216 732 eodemque
1257 659 1546 731 sanguinis
1586 667 1640 714 et
1665 671 1820 728 aqua:
1858 656 1926 709 ad
1953 654 2033 709 lo-

451 757 654 810 tionem
687 764 946 822 nostram
971 754 1295 825 proﬂuxisse
1327 753 1587 825 mysteria
1613 753 1654 803 ².

527 847 647 904 XX.
689 843 807 902 Jam
837 863 964 902 vero
992 845 1136 916 quod
1164 845 1384 898 Mariam
1410 843 1683 914 Josepbus
1709 839 2034 911 cognovisse

453 937 680 1002 dicitur,
711 955 820 993 non
847 939 915 993 ad
949 954 1105 993 usum
1136 937 1370 1007 aliquem
1414 935 1688 1005 corporis,
1711 941 1877 1003 atque
1915 931 2031 986 usi-

451 1033 578 1081 tatae
608 1025 1022 1082 consuetudinis
1061 1021 1341 1080 referenda
1369 1025 1474 1112 ist.a
1513 1024 1754 1094 cognitio
1786 1029 1890 1078 est.
1925 1019 2032 1075 Sed

453 1117 577 1174 ideo
620 1117 894 1188 cognovit,
931 1115 1078 1186 quod
1109 1115 1200 1169 cui
1236 1107 1498 1169 divinitus
1547 1113 1808 1168 honorem
1844 1112 2032 1166 haberi

451 1205 684 1272 viderat,
722 1207 968 1262 eamdem
1006 1207 1215 1261 honore
1257 1215 1582 1276 prosecutus
1621 1204 1802 1260 fuerit.
1847 1202 2033 1274 Neque

451 1300 598 1354 enim
630 1307 778 1356 tanto
829 1297 974 1352 illam
1011 1297 1298 1369 splendore
1323 1313 1386 1352 ac
1418 1297 1590 1368 gloria
1621 1296 1901 1366 praeditam
1937 1311 2034 1366 pu-

452 1398 682 1457 taverat,
752 1389 961 1462 1052
1021 1392 1196 1446 donec
1246 1407 1276 1448 e
1339 1391 1568 1447 muliere
1616 1399 1802 1446 natum
1855 1389 2040 1443 Domi-

453 1497 584 1536 num
651 1481 1059 1537 animadvertit.
1118 1481 1276 1549 Quod
1328 1493 1507 1537 autem
1569 1482 1836 1552 scriptum
1899 1491 2030 1547 est,

451 1575 746 1644 Antequam
781 1577 1131 1639 convenirent,
1161 1576 1368 1629 inventa
1392 1583 1470 1629 est
1501 1575 1558 1627 in
1595 1583 1741 1629 utero
1764 1573 1962 1627 habens
1985 1575 2030 1638 ’,

451 1665 524 1721 ob
561 1681 682 1721 eam
721 1679 944 1722 causam
979 1665 1213 1736 additur
1245 1704 1260 1732 ,
1303 1682 1372 1722 ne
1423 1665 1640 1720 illorum
1676 1665 2036 1721 invalesceret

455 1757 644 1830 opinio
689 1757 782 1828 qui
839 1757 1238 1814 incarnationis
1295 1759 1620 1830 mysterium
1680 1744 2028 1812 arbitrantur

2129 557 2406 629 γενέσθαι.

2202 823 2287 879 Κ’.
2319 821 2456 876 Ἀλλ’
2483 823 2630 894 ὅμως
2661 820 2802 890 ἔγνω
2827 819 2926 892 τὴν
2943 818 3164 891 Μαρίαν
3191 819 3219 871 ὁ
3241 817 3464 888 Ἰωσὴφ,
3487 815 3546 868 οὔ
3571 811 3734 868 κατὰ

2131 915 2332 986 γνῶσίν
2367 932 2488 968 τινα
2538 914 2819 985 χρήσεως,
2875 913 2936 964 οὐ
2988 910 3128 964 κατὰ
3163 907 3362 978 γνῶσιν
3407 906 3730 970 κοινωνίας-

2145 1007 2282 1059 Ἀλλ’
2318 1005 2458 1074 ἔγνω
2489 1003 2678 1074 αὐτὴν,
2710 1001 2885 1075 τιμῶν
2919 999 3016 1071 τὴν
3059 1001 3124 1052 ὲκ
3156 995 3292 1050 Θεοῦ
3323 995 3732 1066 τετιμημένην,

2133 1098 2207 1150 Οὐ
2231 1095 2338 1167 γὰρ
2366 1095 2482 1166 ᾔδει
2509 1094 2678 1166 αὐτὴν
2700 1091 2954 1163 τοιαύτης
2980 1090 3136 1162 δόξης
3162 1083 3346 1151 οὖσαν,
3371 1087 3476 1150 ἕως
3499 1087 3590 1139 ὅτε
3611 1080 3732 1137 εἶδε

2133 1187 2337 1259 Κύριον
2379 1189 2443 1240 ἐκ
2470 1185 2728 1256 γυναικὸς
2771 1183 3188 1254 γεγεννημένον.
3241 1179 3352 1232 Καὶ
3385 1175 3464 1240 τὸ,
3495 1176 3649 1244 Πρὶν
3679 1173 3727 1242 ἢ

2133 1276 2458 1334 συνελθεῖν
2487 1277 2730 1342 αὐτοὺς,
2765 1273 2977 1342 εὑρέθη
3002 1271 3072 1325 ἐν
3099 1269 3312 1341 γαστρὶ
3343 1268 3599 1336 ἔχουσα,
3630 1265 3728 1317 ἵνα

2137 1373 2210 1443 μή
2240 1387 2368 1423 ποτε
2401 1369 2652 1440 κρατήσῃ
2683 1367 2710 1420 ὁ
2735 1365 2890 1434 λόγος
2915 1362 3023 1416 τῶν
3054 1359 3402 1434 νομιζόντων,
3429 1359 3493 1412 ὲκ
3525 1375 3732 1410 κοινω-

2134 1460 2245 1525 νίας
2279 1459 2468 1530 ἀνδρὸς
2497 1455 2636 1512 εἶναι
2665 1455 2726 1510 τὺ
2745 1453 2838 1508 τοῦ
2855 1453 2988 1508 Θεοῦ
3015 1450 3365 1522 οίκονομηθὲν
3399 1449 3726 1520 μυστήριον.

2139 1552 2332 1621 Ἔλεγε
2380 1551 2520 1623 γὰρ,
2575 1549 2710 1622 Πρὶν
2743 1548 2778 1620 ἢ
2842 1546 3001 1600 τοῦτο
3052 1542 3327 1614 γενέσθαι,
3383 1541 3519 1612 ὅπερ
3551 1557 3732 1612 προσ-

2134 1643 2356 1699 εδοκᾶτο
2379 1660 2393 1674 ⁸
2437 1643 2496 1697 οὒ
2529 1643 2720 1712 γέγονε
2750 1639 2806 1694 δὲ
2831 1637 2994 1692 τοῦτο
3018 1637 3079 1690 τὸ
3108 1637 3360 1709 πρᾶγμα.
3391 1635 3454 1687 Et
3475 1633 3593 1706 γὰρ
3625 1627 3728 1686 καὶ

2136 1735 2502 1809 προσεδοκᾶτο
2551 1737 2588 1806 ἡ
2617 1731 2891 1805 Παρθένος
2937 1728 3018 1802 τῷ
3057 1729 3255 1800 Ἰωσὴφ
3305 1729 3385 1791 είς
3424 1727 3739 1795 συνάφειαν-

451 1849 596 1905 virili
627 1865 794 1920 opera
825 1849 1246 1920 interventuque
1271 1849 1590 1920 perfectum.
1630 1841 1745 1903 Hoc
1775 1849 1918 1902 enim
1952 1847 2028 1902 di-

2137 1829 2235 1900 [ὡς
2258 1827 2380 1882 οὐδὲ
2405 1826 2687 1897 ἐπεδέχετο
2709 1823 2797 1878 διὰ
2817 1825 2877 1878 τὺ
2905 1821 3209 1895 γηραλέον)
3243 1861 3258 1887 ,
3291 1821 3440 1893 ὅμως
3471 1819 3728 1892 προλαμ-

453 1943 528 1998 cit
551 1941 883 2012 :Anthuam
901 1942 1052 1998 ﬁeret
1066 1941 1232 2008 istud,
1252 1943 1395 2012 quod
1416 1941 1658 1996 futurum
1681 1939 2032 2010 exspectaba-

449 2042 565 2098 tur,
609 2033 828 2088 tametsi
880 2049 1158 2104 nunquam
1211 2033 1502 2089 exstiterit.
1556 2032 1626 2090 Ut
1653 2033 1796 2088 euim
1829 2031 2024 2088 demus

455 2123 588 2178 illud
618 2142 630 2177 :
661 2119 956 2194 Josephum
982 2123 1284 2178 maritalem
1307 2139 1428 2179 cum
1461 2123 1674 2196 Virgine
1705 2123 2014 2193 copulatio-

455 2231 575 2270 nem
589 2229 838 2284 sperasse
852 2213 1016 2286 (quod
1036 2211 1252 2284 quidem
1270 2230 1368 2286 pro
1383 2213 1572 2270 atl'ecta
1586 2215 1696 2284 jam
1717 2215 1865 2288 illius
1872 2221 2036 2270 a:tate

457 2307 575 2364 lieri
623 2307 846 2363 minime
885 2307 1147 2378 poterat),
1201 2315 1386 2362 tamen
1435 2299 1719 2377 Scriptura
1750 2307 1866 2378 ipsa
1894 2321 2034 2376 prte-

455 2401 666 2455 munire
688 2415 807 2463 nos,
842 2407 896 2454 et
926 2397 1241 2466 admonere,
1281 2413 1349 2453 ac
1378 2399 1654 2454 cautiores
1695 2396 1906 2452 ellice‘re
1945 2411 2034 2451 vo-

454 2494 574 2548 luit.
624 2491 907 2564 Siquidem
935 2489 1019 2546 vel
1046 2489 1148 2545 hoc
1183 2490 1388 2559 ipsum,
1421 2490 1566 2559 quod
1597 2497 1730 2543 tunc
1767 2487 2036 2558 temporis

455 2585 736 2657 agebatur,
763 2583 1002 2651 divinus,
1032 2583 1284 2651 inquam,
1317 2581 1406 2636 ille
1437 2589 1628 2652 partus
1659 2579 1872 2635 abunde
1905 2595 2032 2649 per-

455 2677 690 2732 suadere
749 2679 970 2744 potest,
1034 2671 1440 2726 sanctissimam
1501 2665 1779 2740 Virginem
1829 2669 2034 2725 nullius

457 2774 647 2838 postea
686 2765 789 2820 viri
824 2763 1280 2819 consuetudinem
1310 2761 1602 2817 admisisse
1635 2775 1647 2814 :
1685 2763 2036 2831 quemadmo-

456 2853 586 2908 dum
619 2851 843 2922 angelus
884 2847 1124 2917 Josepho
1169 2847 1236 2902 de
1281 2845 1450 2910 illius,
1481 2859 1647 2916 quam
1680 2848 1864 2901 animo
1894 2861 2031 2900 con-

455 2953 694 3016 ceperat,
715 2941 990 3014 opinionis
1025 2938 1262 2994 falsitate
1309 2939 1601 3009 persuasit.
1628 2936 1761 2993 Nam
1787 2939 2036 3008 superio-

469 3040 626 3095 ribus
685 3037 836 3093 hisce
894 3035 1118 3100 verbis,
1169 3042 1448 3103 antequam
1487 3032 1850 3098 convenirent,
1909 3031 2032 3102 qui-

457 3131 558 3187 bus
605 3143 696 3185 res
742 3129 798 3183 in
841 3126 1254 3197 exspectatione
1287 3123 1487 3193 posita,
1543 3137 1656 3176 non
1705 3127 1880 3190 gesta,
1932 3120 2029 3175 de-

2132 1921 2283 1976 ϐάνει
2309 1923 2344 1990 ἡ
2393 1919 2607 1991 Γραφὴ,
2643 1917 2735 1970 καὶ
2775 1913 2908 1987 ἡμῖν
2952 1911 3298 1978 ὑποτίθεται,
3337 1914 3431 1966 καὶ
3477 1912 3579 1983 τὴν
3607 1909 3726 1964 διὰ-

2129 2027 2280 2065 νοιαν
2309 2005 2760 2078 ὲπασφαλίζεται,
2791 2003 3026 2076 δυνατῆς
3059 2001 3225 2076 οὔσης
3255 2003 3354 2074 τῆς
3385 1995 3728 2068 ὑποθέσεως,

2129 2101 2272 2157 κατὰ
2307 2101 2400 2154 τὸν
2443 2101 2586 2154 θεῖον
2615 2097 2795 2163 τόκον,
2831 2095 3018 2152 πεῖσαι
3059 2096 3256 2168 μηκέτι
3289 2096 3534 2165 ἐγγίζειν
3570 2095 3730 2166 ἀνδρὶ

2132 2193 2268 2266 πρὸς
2299 2191 2596 2261 συνάφειαν
2623 2189 2692 2264 τῇ
2725 2189 2990 2264 Παρθένῳ
3009 2206 3022 2218 ·
3067 2191 3144 2253 ὡς
3173 2189 3265 2243 καὶ
3306 2191 3334 2242 ὁ
3371 2187 3605 2259 ἄγγελος
3633 2188 3736 2242 τὸν

2144 2285 2339 2356 Ἰωσὴφ
2377 2283 2558 2337 ἔπεισε
2599 2283 2672 2354 μὴ
2707 2277 2844 2336 εῖναι
2882 2283 2982 2354 τὴν
3015 2281 3293 2342 ὑπόνοιαν,
3345 2282 3526 2353 ἥνπερ
3559 2280 3728 2345 αὐτὸς

2131 2377 2400 2448 ἐνόμιζεν.
2433 2377 2657 2446 Ὅμοιον
2677 2373 2785 2447 γὰρ
2811 2373 2888 2446 τῷ
2911 2373 3294 2448 προρρηθέντι,
3330 2375 3481 2443 Πρὶν
3509 2375 3546 2443 ἧ
3571 2390 3726 2428 συν-

2131 2469 2330 2524 ελθεῖν
2356 2467 2599 2534 αὐτοὺς,
2627 2465 2702 2530 ὡς
2725 2467 3195 2538 προσδοκωμένου,
3227 2466 3288 2520 οὐ
3314 2466 3618 2536 γενομένου
3643 2465 3720 2528 δὲ,

2130 2563 2211 2628 τὸ,
2246 2561 2482 2626 Δίκαιος
2510 2558 2596 2613 ὢν
2626 2557 2812 2625 ἐζήτει
2827 2557 2912 2629 μὴ
2935 2555 3472 2627 πιιραδειτματίσαι
3503 2557 3722 2626 αὐτὴν,

2132 2651 2293 2708 ἀλλὰ
2321 2649 2512 2720 λάθρα
2537 2649 2842 2705 ἀπολῦσαι
2874 2647 3090 2717 αὐτὴν,
3118 2643 3194 2712 ὡς
3219 2645 3424 2716 φαύλου
3460 2647 3562 2718 μὲν
3589 2663 3730 2715 γινο-

2136 2744 2300 2817 μένου
2327 2744 2433 2797 ἀπὸ
2459 2741 2552 2796 τοῦ
2577 2741 3078 2812 παραδειγματίσαι
3107 2739 3298 2812 αὐτὴν,
3333 2737 3394 2792 οὐ
3427 2737 3732 2810 γενομένου

2131 2835 2190 2891 δέ
2216 2855 2229 2867 ·
2255 2834 2330 2898 ὡς
2357 2835 2386 2888 ὁ
2408 2833 2640 2903 ἄγγελος
2671 2831 2914 2887 διδάσκει
2949 2831 3124 2901 λέγων
3150 2849 3162 2863 ·
3188 2835 3246 2885 Μ
3251 2829 3284 2899 ἡ
3308 2829 3584 2900 φοϐηθῇς
3613 2847 3726 2884 ετα-

2125 2925 2416 2997 ραλαϐεῒν
2457 2924 2692 2994 Μαριὰμ
2727 2923 2844 2992 τὴν
2879 2921 3134 2993 γυναῖκά
3167 2935 3309 2986 σου,
3347 2921 3447 2992 τὴν
3497 2921 3728 2992 μηδέπω

2133 3017 2452 3090 γενομένην,
2469 3017 2564 3071 καὶ
2588 3019 2646 3070 ὲν
2663 3015 2890 3086 ὑπονοίᾳ
2901 3015 3217 3085 σφάλματος
3239 3013 3391 3086 παρὰ
3413 3013 3498 3066 σοί
3517 3015 3668 3066 ἐστιν
3683 3013 3728 3078 ⁸,

2135 3111 2250 3166 ἀλλ’
2283 3109 2404 3163 οὐδὲ
2429 3107 2603 3171 οὕτως
2635 3105 2772 3178 οὔσῃ
2792 3148 2806 3172 ,
2842 3105 2920 3170 ὡς
2975 3104 3109 3172 οἴει,
3141 3105 3237 3159 καὶ
3273 3105 3342 3159 τὰ
3371 3105 3520 3173 ἑξῆς.
3550 3105 3728 3170 Εὐθὺς

455 3225 719 3286 elaratur,
750 3220 1090 3276 simillimum
1119 3225 1206 3273 est
1237 3213 1385 3287 quod
1411 3213 1660 3284 sequitur
1688 3229 1702 3267 :
1737 3211 1871 3267 Cum
1895 3221 2031 3266 esset

2137 3205 2243 3276 γὰρ
2289 3199 2596 3264 ἀκολούθως
2637 3199 2787 3268 λέγει
2809 3215 2821 3228 ·
2873 3199 2944 3252 Τὸ
2989 3198 3098 3269 γὰρ
3128 3198 3418 3269 γεννηθὲν
3444 3199 3518 3252 ἐν
3545 3199 3724 3268 αὐτῇ,

455 3314 650 3378 iustus,
675 3310 843 3364 notuit
867 3310 1018 3364 illam
1038 3309 1332 3371 traducere,
1364 3304 1452 3360 sed
1482 3304 1682 3358 occulte
1727 3302 2030 3357 dimittere:

457 3400 616 3472 quasi
660 3399 841 3454 malus
869 3399 982 3468 jam
1011 3398 1081 3452 ob
1119 3395 1519 3450 traductionem
1542 3394 1687 3447 illam
1713 3399 1881 3456 esset,
1906 3407 2032 3447 cum

459 3505 570 3546 non
595 3488 756 3544 luerit
783 3495 986 3541 tamen.
1039 3485 1277 3541 Perinde
1315 3491 1480 3556 atque
1519 3483 1747 3553 angelus
1773 3481 1934 3537 docet
1965 3481 2033 3538 iis

459 3579 638 3635 verbis
683 3593 698 3631 ι
757 3575 887 3631 Noti
942 3578 1122 3631 timere
1179 3577 1414 3644 accipere
1479 3573 1712 3630 Mariam
1761 3573 2033 3644 conjugem

459 3681 627 3735 tuam,
655 3685 775 3741 quae
807 3669 1049 3724 n0ndum
1091 3667 1294 3738 coniux
1329 3669 1477 3724 esset
1503 3684 1520 3734 ;
1551 3679 1715 3737 quam
1743 3675 1800 3719 tu
1827 3665 2038 3720 violatae

461 3759 739 3830 pudicitiae
778 3767 1092 3829 suspectam
1127 3759 1317 3824 babes,
1355 3757 1483 3814 licet
1523 3759 1648 3813 talis
1687 3757 1910 3812 minime
1940 3759 2032 3824 sit,

459 3852 674 3922 qualem
717 3850 1025 3915 arbitraris,
1071 3859 1178 3906 etc.
1255 3849 1391 3904 Nam
1448 3848 1678 3906 subinde
1733 3850 1790 3904 in
1843 3864 2038 3905 conse-

2133 3295 2208 3358 ὡς
2255 3294 2355 3366 ήδη
2391 3291 2810 3362 γεγεννημένου.
2875 3289 3045 3344 Πάλιν
3079 3289 3138 3342 δὲ
3181 3289 3264 3353 τὸ,
3301 3287 3542 3354 Τέξεται
3567 3291 3722 3356 υἱὸν,

2133 3387 2208 3451 ὡς
2233 3387 2327 3440 ἐπὶ
2353 3383 2654 3456 μέλλοντος.
2683 3383 2869 3447 Οὕτως
2889 3381 2998 3454 γὰρ
3017 3377 3116 3454 ἦν·
3148 3381 3234 3436 διὰ
3257 3379 3314 3434 δὲ
3351 3382 3412 3435 τὸ
3443 3380 3724 3435 πεπιστῶ-

2135 3480 2330 3551 σθοιι,ή
2350 3474 2807 3550 προαναφὼνησις
2823 3491 2836 3506 ’
2855 3471 2930 3538 ὡς
2946 3475 3040 3529 καὶ
3058 3475 3142 3539 τὸ,
3158 3473 3306 3543 Πρὶν
3319 3471 3355 3544 ἢ
3375 3475 3722 3529 συνελθεῖν·

2134 3571 2484 3644 ἀρκούμενοι,
2539 3566 2622 3624 ὅτι
2666 3565 2774 3622 οὐδ’
2828 3567 2964 3632 ὅλως
3020 3567 3334 3638 γεγένηται.
3383 3567 3535 3634 Ἕως
3584 3567 3729 3622 ὅτου

2135 3664 2302 3719 ἔτεκε
2325 3663 2434 3718 τὸν
2467 3661 2604 3716 υἱὸν
2621 3659 2812 3730 αὐτῆς
2829 3659 2940 3715 τόν
2976 3660 3373 3729 πρωτότοκον,
3399 3664 3515 3726 τοῖς
3541 3663 3726 3726 αὐτοῖς

2134 3757 2280 3810 ἐστιν
2307 3753 2742 3826 ἑρμηνευόμενον
2780 3751 2869 3806 διὰ
2909 3751 2971 3806 τὸ
3003 3749 3318 3822 θαυμαστὸν
3343 3751 3441 3822 τῆς
3473 3752 3606 3825 περὶ
3631 3755 3728 3825 τὴν

2134 3847 2409 3920 Παρθένον
2441 3843 2696 3914 γνώσεως
2739 3844 2876 3916 rvpi);
2903 3843 3038 3898 Θεὸν
3069 3845 3463 3917 τετιμημένης.

459 3945 752 4016 quentibus
781 3943 978 3999 addit:
1015 3943 1168 4011 Quod
1196 3945 1334 3998 enim
1390 3953 1574 3998 natum
1620 3953 1698 3998 est
1751 3944 1806 3997 in
1863 3944 2013 4012 ipsa,
2072 3941 2228 4014 quasi
2281 3939 2395 4010 jam
2441 3948 2586 3994 esset
2631 3945 2842 3992 uatum.
2895 3927 3246 4006 Illud-Vero,
3293 3937 3481 3992 Pariet
3527 3938 3724 4008 filium,

457 4035 529 4091 ad
573 4034 815 4090 futurum
845 4041 1060 4104 tempus
1095 4035 1349 4090 refertur.
1399 4033 1475 4090 Ita
1508 4035 1654 4091 enim
1700 4049 1762 4091 se
1816 4049 1904 4089 res
1943 4033 2222 4099 habebat;
2278 4030 2376 4087 sed
2427 4029 2496 4085 ad
2543 4028 2703 4084 fidem
2747 4027 3130 4084 stabiliendam
3171 4029 3328 4099 prius
3375 4029 3467 4083 illa
3513 4029 3728 4084 denun-

459 4127 615 4182 tiatio
665 4124 808 4182 facta
855 4135 982 4182 est:
1045 4127 1353 4198 cujusmodi
1405 4136 1460 4182 et
1515 4127 1608 4182 illa
1663 4127 1826 4182 verba
1881 4135 2054 4182 sunt:
2117 4124 2446 4192 Priusquam
2483 4121 2838 4175 convenirent.
2893 4117 2998 4174 Ubi
3043 4119 3295 4176 sullicere
3333 4119 3492 4176 nobis
3539 4119 3724 4186 debet,

461 4231 739 4287 nunquam
766 4216 912 4274 istud
947 4218 1170 4274 omnino
1197 4233 1320 4275 esse
1368 4219 1612 4273 factum:
1673 4218 1846 4273 Donec
1887 4217 2086 4287 peperit
2155 4211 2332 4277 ﬁlium
2370 4227 2524 4267 suum
2575 4209 2983 4281 primogenitum
3022 4223 3042 4264 :
3090 4209 3237 4280 quod
3287 4210 3539 4265 eumdem
3605 4225 3728 4266 sen-

460 4319 583 4364 sum
631 4309 813 4376 habet,
863 4317 919 4365 et
963 4309 1032 4364 ad
1065 4309 1443 4368 admirabilem
1491 4311 1560 4366 de
1602 4309 1828 4382 Virgine
1885 4308 2254 4381 COgnitionem
2305 4304 2562 4371 refertur,
2622 4303 2712 4360 cui
2778 4315 3028 4361 summus
3082 4302 3257 4359 honor
3294 4317 3326 4358 a
3369 4302 3482 4359 Deo
3519 4304 3728 4358 tribue-

461 4409 634 4458 l'Cllll'.

530 4493 672 4547 XXI.
727 4491 926 4548 Verum
961 4509 1030 4549 ne
1059 4493 1186 4565 quis
1209 4479 1282 4550 ex
1319 4509 1385 4552 eo
1415 4495 1563 4566 quod
1610 4496 1876 4567 scriptum
1923 4499 2030 4560 est,

2205 4489 2336 4542 KA'.
2389 4485 2482 4557 Μὴ
2529 4483 2724 4557 νομίσῃ
2756 4483 2812 4538 δέ
2839 4501 2926 4548 τις
2959 4481 3026 4539 ὲκ
3060 4486 3153 4540 τοῦ
3199 4487 3409 4557 λέγειν,
3457 4489 3578 4557 Πρὸ
3619 4489 3732 4545 τοῦ

461 4587 754 4652 Antequam
786 4585 1138 4652 convenirent,
1173 4587 1496 4642 convenisse
1520 4587 1867 4657 postmodum
1899 4584 2038 4638 urbi-

463 4686 659 4744 tretur,
677 4677 810 4730 nihil
825 4677 1094 4746 ejusmodi
1109 4677 1486 4733 demonstrare
1503 4679 1584 4733 vel
1599 4677 1877 4732 declarare
1893 4675 2039 4746 quis-

463 4772 607 4840 piam
639 4777 843 4837 potest;
865 4769 960 4822 sed
985 4776 1044 4821 ut
1061 4767 1198 4824 labis
1229 4771 1721 4838 omnisexpertem,
1741 4765 2036 4821 etmaculze

465 4862 766 4917 Salvatoris
789 4861 960 4916 nostri
983 4869 1198 4931 partum
1225 4861 1536 4918 ostenderet
1561 4861 1866 4930 Scriptura,
1901 4859 2036 4914 illud

463 4955 717 5010 asseruit.
780 4951 1144 5020 Quamobrem
1193 4956 1309 5011 istae
1362 4968 1568 5017 voces,
1605 4950 1731 5006 Non
1791 4953 2032 5022 cognovit

463 5061 602 5112 earn,
661 5044 729 5099 ad
783 5045 932 5101 illius
984 5045 1214 5116 gloriam
1275 5051 1547 5116 spectant.
1598 5042 2036 5114 Primogenitum

463 5151 596 5194 vero
650 5138 918 5204 nominat,
973 5153 1040 5193 eo
1079 5138 1226 5208 quod
1277 5147 1402 5191 ante
1448 5142 1664 5192 creatas
1713 5149 1800 5190 res
1845 5149 2038 5189 omnes

463 5227 682 5300 genitus
721 5236 826 5290 est,
857 5234 912 5282 et
942 5235 998 5281 ut
1025 5227 1103 5281 ait
1133 5225 1428 5296 Apostolus
1477 5241 1491 5278 :
1549 5223 1942 5294 Primogettitus
1981 5223 2038 5275 in

465 5319 646 5372 multis
686 5317 943 5389 fratribus
976 5319 996 5350 ³
1029 5337 1042 5374 :
1075 5331 1186 5373 non
1224 5325 1471 5387 respectu
1521 5317 1587 5371 ad
1612 5314 1810 5370 Mariae
1837 5315 2040 5370 liberos

465 5410 670 5476 habito,
699 5412 858 5480 quasi
885 5412 1026 5466 alios
1049 5411 1138 5466 illa
1165 5409 1466 5480 pepererit;
1493 5407 1588 5464 sed
1609 5409 1677 5464 ad
1705 5421 1802 5464 eos
1821 5419 2036 5468 omnes.

465 5501 558 5570 qui
619 5501 964 5572 adoptionem
995 5503 1144 5559 illius
1185 5499 1394 5572 1053
1429 5499 1694 5556 beneﬂcio
1743 5497 2036 5554 consecuti

469 5599 639 5658 sunt,
680 5609 804 5648 eum
841 5594 1024 5651 Maria:
1066 5595 1211 5652 ﬁlius
1259 5594 1559 5651 secundum
1594 5607 1815 5648 carnem
1845 5605 2036 5645 revera

2141 4578 2462 4636 συνελθεῖν
2497 4579 2739 4644 αὐτοὺς,
2779 4577 2862 4632 ὅτι
2909 4579 3203 4650 μετέπειτα
3255 4581 3536 4653 συνῆλθον.
3589 4583 3726 4637 Οὔτε

2141 4673 2250 4742 γὰρ
2277 4669 2387 4742 ἔχει
2417 4687 2500 4735 τις
2529 4667 2770 4742 δείξαι,ἢ
2808 4673 3082 4742 σημᾶναι·
3113 4671 3338 4728 ἀλλ’ἵνα
3361 4673 3512 4748 δείξῃ
3527 4677 3730 4747 ἄχραν-

2141 4781 2231 4818 τον
2271 4763 2370 4835 τὴν
2413 4761 2608 4834 κύησιν
2665 4757 2760 4816 τοῦ
2794 4763 3066 4835 Σωτῆρος,
3107 4763 3329 4835 τοῦτοὴ
3367 4765 3560 4836 Γραφὴ
3601 4765 3726 4819 ἐσε-

2143 4853 2434 4908 6αιὼσατο.
2490 4849 2562 4906 Τὸ
2587 4849 2703 4918 οὖν,
2726 4855 2846 4908 Οὐκ
2878 4855 3030 4924 ἔγνω
3061 4855 3274 4923 αὐτὴν,
3300 4855 3387 4910 διὰ
3417 4856 3515 4928 τὴν
3546 4857 3727 4922 δόξαν

2141 4947 2203 5000 τὸ
2238 4946 2294 5000 δὲ
2337 4947 2702 5016 πρωτότοκον,
2747 4947 2935 5019 ἐπειδὴ
2969 4949 3314 5022 πρωτότοκός
3341 4950 3480 5014 ἐστι,
3533 4951 3665 5022 πρὶν
3693 4951 3728 5022 ἢ

2136 5038 2236 5102 τὰς
2261 5037 2465 5100 κτίσεις
2495 5032 2652 5104 εἶναι,
2671 5035 2766 5091 καὶ
2795 5039 3168 5106 πρωτότοκος
3188 5039 3258 5092 ἐν
3279 5040 3534 5106 πολλοῖς
3551 5039 3730 5095 ἀδελ-

2136 5128 2290 5198 φοῖς,
2343 5129 2488 5182 κατὰ
2519 5129 2610 5183 τὸν
2649 5129 2991 5196 Ἀπόστολον,
3026 5131 3087 5184 οὐ
3121 5131 3261 5184 κατὰ
3293 5131 3383 5185 τὸν
3407 5133 3426 5164 ³
3459 5131 3570 5186 ἀπὺ
3603 5133 3728 5188 Μα-

2145 5220 2285 5290 ρίας,
2328 5222 2404 5286 ὡς
2450 5221 2624 5276 ἄλλων
2661 5221 2794 5277 υἱῶν
2827 5223 2924 5278 ἀπ’
2967 5224 3136 5295 αὐτῆς
3161 5224 3351 5292 ὄντων,
3377 5223 3492 5279 ἀλλ’
3535 5228 3597 5280 ὲν
3619 5227 3728 5286 τοῖς

2143 5310 2521 5376 καταξιωθεῖσι
2551 5312 2735 5366 λαϐεῖν
2763 5311 2831 5366 δι’
2851 5311 3013 5366 αὐτοῦ
3045 5313 3144 5385 τὴν
3173 5313 3467 5380 υἱοθεσίαν,
3497 5314 3586 5367 ὅτε
3615 5313 3726 5374 υίὸς

2141 5405 2311 5476 αὐτῆς
2342 5405 2563 5474 γέγονεν
2600 5403 2817 5477 ἀληθῶς
2855 5405 2996 5461 κατὰ
3027 5408 3226 5479 σάρκα,
3263 5407 3350 5462 ἵνα
3386 5409 3462 5480 μὴ
3508 5407 3724 5478 δόκησις

2140 5495 2498 5567 ὑποληφθείη.
2545 5495 2706 5550 Ἀλλὰ
2745 5496 2840 5550 καὶ
2880 5497 3248 5570 πρωτότοκος,
3287 5499 3381 5552 καὶ
3409 5499 3526 5562 υίὸς
3553 5497 3726 5567 αὐτῆς

2142 5588 2238 5658 τῆς
2262 5586 2564 5659 Παρθένου.
2589 5588 2650 5642 οὐ
2669 5589 2760 5644 διὰ
2778 5589 2839 5644 τὸ
2858 5591 3028 5663 αὐτὴν
3051 5591 3244 5656 ἄλλους
3271 5592 3442 5658 υἱοὺς,
3467 5589 3544 5653 ὡς
3567 5589 3724 5660 ἔφην,

543 5705 562 5736 ⁸
591 5703 747 5762 Joan.
775 5723 888 5776 xix,
919 5711 1010 5769 3i.
1081 5713 1102 5745 ¹
1128 5709 1316 5767 Matth.
1353 5725 1389 5770 ι.
1415 5709 1482 5765 l8
1509 5723 1633 5780 sqq.
1693 5708 1714 5742 ³
1753 5705 1913 5764 Rom.
1953 5721 2028 5764 vn

2137 5703 2201 5762 ιο.
2277 5705 2298 5735 δ
2322 5699 2381 5760 π.
2431 5697 2620 5775 οὖσαν,
2660 5713 2720 5762 ιιι
2758 5714 2814 5764 οι
2845 5713 3034 5780 postea
3067 5723 3166 5780 pro
3194 5705 3349 5783 οὔσῃ.
3427 5710 3450 5740 ³
3485 5705 3549 5764 F.
3585 5709 3724 5766 κατὰ

467 5779 596 5830 τῶν.
