3986 6224
298 358 403 415 733

912 362 1282 421 ADVEIISUS
1321 366 1666 423 IIAERESES
1696 364 1823 424 LIB.
1862 364 1945 426 III.
1976 370 2142 429 ΤΟΜ.
2186 372 2339 429 Il.-—
2382 375 2660 431 IIIERES.
2705 377 2989 433 LXXVIII.

3460 384 3569 441 7514

292 483 461 553 ἔχειν.
521 481 746 554 Ὅμοιον
779 481 886 557 γάρ
922 486 1038 538 ἐστι
1066 487 1223 541 τοῦτο
1271 484 1350 558 τῷ
1399 489 1599 561 πρώτῳ
1634 492 1740 563 πρὸ
1781 492 1881 564 τῆς

1993 494 2135 562 fuit,
2174 514 2242 553 ne
2276 499 2608 554 adumbrata
2654 501 2831 555 solum
2876 500 3086 570 species
3122 516 3245 557 esse
3272 501 3568 560 videretur.

250 644 259 651 θ
292 574 573 643 ὲνδημίας.
605 575 664 629 '0
691 575 799 646 γὰρ
828 577 1179 648 Πρωτότοκος
1204 579 1279 633 ῶν
1301 580 1515 651 ἀληθῶς
1540 582 1752 653 Πατρδς
1774 581 1886 635 ἀνω

291 667 401 738 πρὸ
431 665 613 737 πάσης
644 667 896 732 κτίσεως,
939 669 1040 722 οὐκ
1073 670 1181 723 ἀπὸ
1212 672 1305 725 τοῦ
1340 673 1532 737 ἄλλους
1571 677 1688 745 μετ’
1724 675 1887 729 αὐτὸν

290 758 359 809 ἐκ
390 758 606 828 Πατρδς
636 759 998 832 γεγεννῆσθαι
1039 761 1257 833 λέγεται
1289 765 1662 836 πρωτότοκος·
1690 768 1752 820 οὐ
1778 767 1887 840 γάρ

292 852 444 905 ἐστιν
472 852 621 923 αὐτῷ
650 854 876 923 ἀδελφὸς
906 856 1178 928 δεύτερος,
1214 858 1349 911 διότι
1383 859 1700 930 μονογενής.
1731 860 1887 914 Οὕτω

288 944 389 997 καὶ
416 944 511 997 ἐπὶ
538 946 637 1015 τῆς
662 947 928 1018 ἐνσάρκου
962 949 1265 1020 παρουσίας
1291 952 1379 1005 ἀεὶ
1409 952 1503 1005 καὶ
1534 953 1883 1024 πρωτότοκος

289 1036 414 1089 ἐστι
443 1038 662 1106 Μαρίας
688 1054 701 1067 ·
742 1038 879 1092 ἀλλά
902 1043 1196 1111 μονογενὴς
1227 1044 1291 1114 τῇ
1322 1044 1510 1117 Μαρίᾳ
1542 1046 1774 1115 πέφυκε,
1814 1046 1887 1117 μὴ

292 1125 437 1197 ἔχων
463 1126 715 1199 δεύτερον
743 1128 967 1198 ἀδελφὸν
996 1131 1089 1184 ἀπ’
1114 1133 1303 1204 αὐτῆς.
1343 1136 1453 1187 Καὶ
1493 1136 1809 1190 παύσωνται
1838 1138 1889 1189 oi

292 1216 418 1269 καθ’
439 1218 647 1271 ἑαυτῶν
684 1221 1131 1291 μεμηχανημένοι
1158 1223 1227 1276 τὰ
1256 1224 1495 1297 βλαϐερά
1520 1227 1721 1298 μᾶλλον
1743 1228 1888 1299 ἤπερ

292 1310 365 1364 τὰ
390 1311 527 1383 πρὸς
547 1312 843 1381 ὠφέλειαν·
878 1315 952 1385 μὴ
988 1317 1312 1387 παρακαλῶ.
1368 1318 1425 1371 '0
1458 1320 1632 1389 τιμῶν
1660 1319 1886 1392 Κύριον,

290 1405 431 1475 τιμᾷ
454 1406 547 1459 καὶ
568 1404 723 1474 ἆγιον
743 1423 756 1436 ’
794 1408 822 1460 ὁ
840 1407 896 1460 δὲ
916 1406 1201 1479 ἀτιμάζων
1219 1409 1374 1477 ἆγιον
1394 1410 1653 1481 ἀτιμάζει
1674 1412 1768 1465 καὶ
1796 1411 1889 1465 τὸν

293 1496 491 1549 ἑαυτοῦ
542 1499 840 1570 Δεσπότην.
877 1501 1057 1553 Ἔστω
1097 1499 1285 1572 Μαρία
1325 1504 1453 1573 παρ’
1493 1503 1658 1575 ἑαυτῇ
1694 1506 1725 1575 η
1760 1504 1891 1573 ἁγία

294 1588 594 1660 Παρθένος,
623 1590 684 1642 τὸ
712 1589 867 1659 ἅγιον
898 1591 1108 1657 σκεῦος.
1152 1592 1337 1647 Ταῦτα
1362 1594 1471 1664 γὰρ
1497 1594 1565 1647 τὰ
1598 1596 1735 1667 πρὸς
1759 1596 1890 1667 βλά-

292 1679 400 1749 ϐην
429 1682 577 1751 ἡμᾶς
601 1682 701 1735 οὐκ
748 1683 951 1753 ὠφελεῖ
971 1702 983 1714 ο
1033 1686 1180 1755 ἡμᾶς
1210 1685 1266 1738 δὲ
1298 1686 1381 1739 δεῖ
1412 1687 1737 1759 σεμνότερον
1768 1689 1888 1741 δια-

293 1772 557 1835 νοεῖσθαι,
596 1773 683 1827 ἵνα
716 1774 789 1844 μὴ
811 1775 1137 1845 ύψαυχενίαν
1165 1778 1517 1849 κτησώμεθα,
1538 1779 1570 1849 ἦ
1595 1778 1885 1849 διχόνοιαν,

1992 586 2164 657 Igitur
2194 590 2598 661 primogenitus
2630 607 2693 645 ac
2725 589 2970 662 Virginis
3004 592 3179 663 ipsius
3219 592 3363 650 filius
3396 596 3573 666 appel.

1990 678 2155 742 latur,
2196 696 2305 734 non
2337 681 2483 750 quod
2532 680 2691 748 alios,
2739 682 2818 736 uti
2866 683 2999 750 dixi,
3045 683 3247 739 liberos
3276 688 3567 755 pepererit.

1992 768 2206 824 Etenim
2244 779 2328 826 est
2364 771 2624 842 quiddam
2666 772 2721 826 in
2751 787 2818 827 eo
2849 787 3045 843 genere
3093 775 3141 829 ei
3184 774 3380 842 simile,
3424 777 3569 846 quod

1991 862 2425 919 incarnationem
2488 865 2805 920 antecessit.
2865 863 2998 917 Nam
3048 873 3108 919 ut
3168 865 3571 938 Primogenitus

1992 968 2183 1007 revera
2232 951 2415 1009 Patris
2442 961 2567 1008 ante
2595 961 2906 1009 creaturam
2944 968 3157 1009 onmem
3190 957 3470 1011 exstitisse
3497 958 3573 1011 di-

1990 1046 2180 1107 citur;
2228 1061 2404 1116 neque
2450 1053 2633 1099 tamen
2674 1047 2819 1111 ideo,
2860 1047 3005 1114 quod
3047 1046 3138 1100 alii
3181 1054 3301 1117 post
3331 1048 3508 1115 ipsum
3541 1062 3571 1100 a

1991 1135 2154 1191 Patre
2183 1138 2350 1209 geniti
2387 1138 2516 1201 sint,
2560 1137 2961 1207 primogenitus
2991 1146 3221 1191 vocatur
3247 1159 3256 1191 :
3287 1153 3395 1190 non
3427 1137 3572 1191 enim

1990 1224 2216 1279 fratrem
2252 1225 2482 1279 alterum
2512 1225 2724 1289 habuit,
2764 1226 2967 1295 quippe
2997 1225 3089 1294 qui
3123 1225 3194 1279 sit
3224 1225 3565 1295 unigenitus.

1992 1316 2067 1371 Ita
2100 1325 2154 1371 et
2184 1324 2444 1386 suscepto
2486 1332 2717 1386 corpore
2756 1316 2939 1370 Mariae
2972 1316 3373 1387 primogenitus
3399 1315 3577 1385 appel-

1992 1412 2156 1477 latur,
2198 1409 2418 1465 tametsi
2466 1409 2627 1464 unica
2674 1410 2794 1481 ejus
2838 1410 3018 1480 proles
3053 1409 3352 1473 exstiterit,
3394 1425 3573 1480 neque

1991 1502 2271 1558 secundus
2311 1517 2376 1557 ex
2405 1516 2469 1557 ea
2504 1500 2577 1557 sit
2614 1500 2693 1556 illi
2733 1501 2903 1556 frater
2942 1501 2996 1557 in
3038 1501 3213 1557 lucem
3261 1500 3461 1556 editus.
3499 1500 3577 1555 Si-

1991 1595 2139 1650 leant
2179 1595 2363 1665 itaque
2404 1594 2656 1649 homines
2681 1593 2792 1660 isti,
2825 1594 2919 1665 qui
2950 1608 3014 1649 ea
3044 1595 3149 1649 sibi
3181 1593 3413 1665 fingunt,
3454 1609 3577 1665 qua:

1990 1688 2285 1759 perniciem
2323 1688 2521 1759 magis,
2560 1702 2730 1756 quam
2775 1687 3066 1743 utilitatem
3113 1687 3248 1758 ipsis
3297 1685 3605 1757 afferunt;

1994 1781 2088 1837 sed
2116 1781 2207 1836 ille
2247 1794 2435 1851 quaeso
2464 1780 2700 1837 facessat
2724 1794 2902 1835 error.
2932 1777 3261 1849 Quicunque
3287 1776 3575 1832 Dominum

293 1865 329 1935 ἢ
364 1840 793 1936 περιττολογίανξ
836 1840 1193 1940 Περί-παντὸς
1210 1840 1319 1943 γάρ
1349 1840 1519 1942 ἀργού
1550 1840 1707 1941 λόγου
1731 1840 1887 1942 λόγον

1993 1874 2243 1937 honorat,
2292 1873 2525 1930 honorat
2556 1881 2610 1928 et
2637 1880 2926 1936 sanctum;
2968 1870 3063 1940 qui
3118 1868 3414 1941 ignominia
3446 1883 3576 1922 sano

292 1954 561 2027 δώσομεν,
595 1956 737 2010 κατὰ
760 1958 818 2010 τὸ
847 1960 1253 2030 γεγραμμένον.
1317 1958 1576 2027 Ἑαυτοὺς
1614 1964 1887 2035 μεριμνή-

1993 1976 2135 2023 ctum
2179 1966 2368 2031 allicit,
2409 1964 2660 2021 eamdem
2704 1971 2757 2019 et
2799 1961 3034 2016 Domino
3079 1976 3181 2015 suo
3225 1958 3578 2031 ignominiam

295 2064 483 2117 σωμεν
508 2063 521 2077 ⁸
555 2049 623 2102 τά
650 2052 858 2106 ἑαυτῶν
884 2052 1309 2125 ἐπισκεψώμεθα
1327 2071 1341 2085 ·
1373 2055 1447 2126 μὴ
1474 2055 1542 2109 τὰ
1572 2056 1781 2110 ἑαυτῶν
1809 2060 1888 2123 εἰς

1993 2059 2237 2130 imponit.
2292 2054 2374 2113 Sit
2420 2058 2477 2112 in
2519 2072 2642 2113 sese
2692 2054 2862 2110 Maria
2897 2052 3247 2110 sanctissima
3281 2052 3373 2106 illa
3398 2051 3573 2121 virgo,

293 2140 424 2202 τοὺς
450 2140 640 2209 ἁγίους
675 2142 921 2216 ῥίψωμεν
942 2160 956 2177 ⁸
1011 2145 1087 2217 μὴ
1126 2148 1219 2216 ἀφ’
1246 2146 1455 2202 ἑαυτῶν
1489 2149 1558 2203 τά
1585 2148 1692 2203 τῶν
1716 2150 1885 2218 ἁγίων

1993 2161 2194 2219 vasque
2250 2146 2387 2202 illud
2437 2154 2876 2203 sacrosanctum.
2925 2143 3213 2214 Ejusmodi
3258 2156 3389 2197 vero
3411 2140 3571 2212 pesti-

291 2231 738 2304 διασκεψώμεθα.

1993 2242 2098 2299 fera
2149 2248 2313 2312 atque
2359 2239 2600 2295 exitialia
2680 2238 2935 2309 dogmata
2988 2235 3198 2289 nullum
3252 2234 3410 2289 nobis
3461 2232 3570 2286 fru-

290 2333 445 2380 ctum
474 2328 749 2383 afferunt:
789 2344 999 2400 nosque
1044 2329 1182 2386 adeo
1236 2332 1690 2389 honorificentius
1737 2334 1807 2390 de
1852 2333 1946 2387 illa
1984 2333 2189 2388 sentire
2248 2345 2345 2402 par
2395 2336 2501 2395 est,
2558 2342 2627 2384 ne
2694 2329 2749 2382 in
2817 2326 2982 2381 animi
3042 2324 3430 2389 insolentiam,
3486 2331 3581 2379 aut

291 2422 652 2485 discordiam,
700 2431 795 2476 aut
846 2439 1311 2495 supervacaneam
1387 2429 1771 2499 loquacitatem
1829 2429 2163 2485 incidamus.
2244 2426 2457 2498 Quippe
2515 2424 2583 2480 de
2610 2423 2765 2478 omni
2819 2422 3001 2478 otioso
3044 2421 3213 2477 verbo
3265 2420 3576 2483 rationem,

296 2524 358 2570 ut
406 2517 667 2588 scriptum
709 2530 824 2586 est,
862 2523 1127 2578 reddituri
1164 2541 1355 2582 sumus
1391 2526 1433 2581 ³.
1475 2524 1618 2598 Ergo
1654 2542 1755 2583 nos
1800 2527 1950 2598 ipsos
2006 2540 2263 2581 curemus
2290 2566 2304 2590 ,
2384 2538 2566 2579 rerum
2633 2528 2949 2577 nostrarum
3021 2526 3333 2588 satagamus
3368 2558 3383 2583 ,
3445 2531 3582 2572 neve

291 2626 419 2681 quae
456 2614 626 2667 nostri
649 2616 870 2686 propria
900 2628 1049 2685 sunt,
1070 2621 1124 2675 in
1150 2630 1372 2677 sanctos
1394 2621 1756 2693 proferamus,
1799 2632 1895 2679 aut
1914 2640 1979 2681 ex
2005 2623 2161 2678 nobis
2183 2622 2319 2691 ipsis
2338 2636 2461 2691 qua:
2481 2618 2547 2674 ad
2598 2618 2725 2673 illos
2770 2616 3067 2687 pertinent,
3115 2614 3293 2669 metiri
3327 2612 3579 2668 velimus.

367 2702 497 2762 KB'.
528 2705 754 2771 Πάντως
777 2708 885 2779 γάρ
910 2708 1219 2782 βιαζόμενοί
1239 2730 1407 2779 τινες,
1449 2717 1541 2768 καὶ
1562 2717 1654 2769 ἐπὶ
1708 2701 1768 2769 to
1798 2716 1888 2769 λα‹

2072 2713 2238 2768 ΧΧΙΙ.
2274 2712 2485 2784 Quippe
2521 2710 2773 2767 nonnulli
2803 2718 2954 2775 sunt,
2984 2710 3079 2781 qui
3110 2724 3237 2764 cum
3290 2707 3359 2763 ad
3395 2708 3581 2762 luxum

292 2795 505 2862 γνιαίτε
512 2814 604 2868 ρον
617 2799 1061 2870 τρεπόμενοι,καὶ
1076 2806 1132 2859 ὲν
1146 2806 1327 2870 αὐτοῖς
1339 2806 1552 2877 ἔχοντες
1564 2808 1888 2880 φθοριμαίαν

2002 2821 2067 2861 ac
2093 2804 2319 2860 delicias
2351 2802 2507 2860 effusi
2551 2803 2684 2867 sint,
2713 2810 2767 2858 et
2796 2801 3161 2873 perniciosam
3192 2806 3426 2854 mentem
3458 2812 3584 2852 con-

296 2886 576 2951 ὑπόνοιαν,
600 2886 877 2957 βούλονται
909 2892 1152 2958 καὶτοὺς
1181 2895 1371 2963 ἁγίους
1396 2895 1659 2968 χραίνειν,
1695 2901 1773 2961 είς
1798 2898 1888 2952 εὖ·

1997 2896 2264 2967 ceperint,
2307 2896 2434 2965 jure
2472 2907 2541 2948 an
2575 2892 2778 2964 injuria
2822 2898 3043 2947 sanctos
3092 2888 3284 2944 iisdem
3318 2886 3581 2944 fceditatis

295 2976 455 3045 λογον
496 2979 794 3050 ἀπολογίαν
856 2984 956 3054 τῆς
1005 2985 1212 3039 ἑαυτῶν
1260 2988 1438 3059 κακῆς
1492 2989 1589 3042 καὶ
1631 2988 1888 3054 ἀσθενοῦς

1996 2988 2230 3043 maculis
2295 3001 2589 3056 aspergere
2648 2991 2969 3038 conantur:
3024 2996 3138 3052 quo
3187 2995 3355 3050 pravo
3385 2986 3439 3034 et
3487 2979 3583 3033 im-

296 3070 593 3135 ὑπονοίας·
645 3074 780 3145 πρὸς
827 3074 922 3139 οὓς
970 3077 996 3130 ὁ
1036 3077 1358 3144 Ἀπόστολός
1409 3098 1593 3151 φησιν·
1631 3083 1884 3138 Ἤθελον

1993 3079 2189 3136 becillo
2221 3080 2404 3134 animo
2434 3093 2535 3133 suo
2574 3077 2865 3132 honestum
2896 3074 3130 3145 aliquem
3172 3073 3411 3128 colorem
3464 3086 3584 3141 spc-

289 3162 413 3233 μὲν
450 3163 682 3232 πάντας
718 3163 872 3221 εἶναι
919 3169 1000 3236 ὡς
1047 3170 1327 3239 ἐμαυτόν.
1382 3173 1454 3225 Τὸ
1486 3173 1565 3238 δὲ,
1605 3174 1886 3243 ἐμαυτόν,

1994 3172 2245 3243 cientque
2291 3171 2649 3239 conquirant.
2702 3167 2909 3223 Contra
2962 3181 3103 3237 quos
3157 3163 3456 3235 Apostolus
3505 3162 3579 3215 ita

295 3256 417 3321 πῶς
446 3256 557 3329 ἄρα
584 3257 731 3329 λέγει
762 3261 877 3315 ἀλλ’
913 3262 946 3332 ἢ
976 3262 1065 3317 διά
1110 3264 1168 3317 τὸ
1217 3265 1466 3334 ἁγνεύειν
1494 3281 1507 3330 ;
1541 3267 1645 3319 Διὰ
1673 3265 1741 3319 δὲ
1779 3269 1887 3334 τὰς

1994 3262 2279 3335 loquitur:
2323 3263 2489 3318 Velim
2522 3278 2700 3316 omnes
2736 3261 2836 3315 mei
2876 3258 3077 3313 similes
3108 3274 3220 3313 esse
3244 3257 3284 3311 ³.
3334 3254 3439 3311 Ubi
3486 3255 3581 3309 illa

296 3350 583 3416 πορνείας
624 3350 883 3418 ἕκαστος
933 3353 1048 3423 τὴν
1091 3354 1310 3410 ἑαυτοῦ
1372 3355 1628 3426 γυναῖκα
1684 3357 1887 3427 ἐχέτω.

310 3454 651 3527 Ὑπεξῃρέθη
686 3456 744 3510 δὲ
773 3460 807 3529 ἡ
851 3458 1165 3531 ἀντωνυμία
1198 3477 1212 3491 ο
1247 3459 1580 3529 ἐλεγκτικῶς
1611 3462 1719 3535 γάρ
1776 3459 1890 3534 εἶχε

297 3561 397 3615 καὶ
422 3562 931 3634 ὲπιστρεφέστερον.
966 3559 1091 3634 Εἶχε
1117 3563 1226 3635 γὰρ
1255 3566 1449 3632 εἰπεῖν,
1481 3565 1569 3619 διά
1599 3566 1701 3631 τάς
1755 3584 1891 3639 πορ-

298 3669 451 3733 νείας
478 3669 651 3741 ὑμῶν.
687 3670 780 3735 Τὸ,
811 3668 999 3740 ὑμῶν,
1024 3671 1202 3725 τοίνυν
1234 3672 1526 3743 περιεῖλεν,
1550 3673 1638 3728 ἵνα
1667 3674 1742 3745 μὴ
1766 3670 1892 3745 δόξῃ

299 3775 385 3839 είς
423 3774 579 3844 ὕϐριν
608 3774 770 3829 τινῶν
800 3775 960 3829 τοῦτο
988 3776 1289 3847 εἰρηκέναι.
1341 3776 1573 3849 Ἐρρέθη
1598 3778 1655 3832 δὲ
1682 3780 1762 3843 είς
1788 3796 1890 3832 κα-

298 3879 553 3950 τάκρισίν
572 3896 735 3935 τινων
755 3879 864 3935 τῶν
889 3884 963 3952 μὴ
989 3881 1249 3936 θελόντων
1270 3881 1389 3952 Θεῷ
1418 3881 1718 3951 σχολάζειν,
1752 3884 1893 3953 μετὰ

297 3978 365 4033 τὸ
396 3980 540 4034 κατά
569 3980 661 4033 τὸν
692 3980 856 4051 νόμον
885 3980 1036 4051 βιοῦν
1053 4022 1069 4047 ,
1123 3983 1218 4036 καὶ
1247 3980 1489 4049 εὐλόγως
1512 3980 1809 4050 ἐπιγνῶναι
1831 3981 1893 4035 τὸ

301 4084 470 4139 αὐτοῦ
497 4085 689 4149 σκεῦος
716 4086 796 4148 είς
828 4082 1171 4140 πᾶιδοποιίαν
1190 4103 1203 4117 ·
1243 4087 1321 4151 ὡς
1349 4087 1440 4141 καὶ⁵
1467 4085 1516 4139 of
1541 4086 1761 4140 παλαιοὶ
1786 4101 1892 4141 πα-

301 4178 459 4249 τέρες
500 4178 657 4249 ἡμῶν
692 4178 870 4250 τούτῳ
898 4178 977 4249 τῷ
1017 4179 1147 4232 εῖδει
1193 4180 1525 4250 κέχρηνταιο
1564 4178 1640 4242 ὡς
1666 4178 1759 4231 καί
1786 4196 1891 4243 που

303 4270 621 4341 εὑρήκαμεν
663 4270 926 4340 λέγουσαν
978 4270 1076 4341 τὴν
1116 4272 1372 4342 Γραφήν’
1429 4271 1704 4325 Ῥεϐέκκα
1735 4271 1791 4323 δὲ
1823 4271 1891 4335 ἐξ

301 4361 443 4428 ἐνὸς
467 4362 680 4430 κοίτην
707 4365 958 4431 ἔχουσα.
990 4362 1063 4416 Τὸ
1092 4362 1168 4428 δὲ,
1198 4363 1265 4427 ἐξ
1294 4361 1451 4429 ἐνὸς,
1480 4361 1671 4427 εἰπὼν,
1701 4363 1893 4434 σεμνό-

300 4467 461 4522 τερον
509 4453 646 4523 μὲνί
692 4453 1017 4525 διηγήσατο,
1070 4453 1238 4519 ἔδειξε
1282 4452 1337 4507 δὲ
1379 4455 1477 4526 τὴν
1510 4453 1769 4525 σύλληψιν
1814 4455 1891 4508 δι-

1993 3358 2179 3422 verba,
2213 3357 2313 3412 mei
2342 3355 2544 3427 similes
2570 3370 2705 3417 esse,
2740 3352 2809 3408 de
2850 3368 2959 3423 quo
2994 3351 3103 3406 alio
3129 3365 3292 3421 quam
3327 3349 3394 3403 de
3422 3346 3584 3403 casti-

1996 3448 2186 3504 ntonia
2222 3448 2573 3519 interpretari
2611 3445 2955 3517 possumus?
3002 3442 3196 3499 Verum
3224 3452 3439 3513 propter
3467 3442 3581 3511 for-

1992 3540 2283 3595 nicationes
2327 3541 2684 3611 unusquisque
2730 3554 2948 3594 uxorem
2987 3553 3142 3592 suam
3196 3535 3428 3590 habeat:
3485 3534 3580 3590 sed

1992 3633 2046 3687 in
2080 3633 2250 3704 priori
2276 3640 2428 3705 parte
2447 3648 2746 3703 pronomen
2772 3630 3037 3694 detraxit,
3072 3626 3217 3699 quod
3240 3627 3581 3683 acerbiorem

1996 3725 2200 3795 alioqui
2272 3724 2755 3796 reprehensionem
2792 3731 2844 3779 et
2879 3721 3295 3793 castigationem
3336 3719 3578 3774 haberet.

1994 3817 2128 3874 Nam
2159 3835 2284 3874 cum
2321 3819 2507 3874 dicere
2550 3825 2755 3889 posset,
2797 3824 3023 3887 propter
3070 3813 3458 3869 fornicationes
3487 3826 3582 3865 ve-

1993 3920 2156 3971 stras,
2182 3926 2371 3965 vocem
2418 3910 2591 3975 illam,
2635 3917 2860 3972 vestras,
2917 3905 3173 3961 consulto
3211 3902 3580 3974 prmtermisit.

1998 4017 2068 4056 ne
2096 4002 2198 4054 hoc
2229 4000 2295 4055 ad
2333 3999 2641 4070 aliquorum
2699 3998 3091 4054 contumeliam
3121 3996 3328 4065 jecisse
3376 3994 3583 4049 videre-

1991 4096 2101 4145 tur.
2151 4090 2257 4147 Sed
2296 4090 2362 4145 ad
2405 4090 2701 4145 nonnullos
2737 4087 3185 4144 condemnandos
3235 4093 3321 4141 est
3346 4084 3579 4149 dictum,

1993 4184 2087 4253 qui
2146 4198 2339 4237 vacare
2383 4177 2490 4236 Deo
2537 4182 2775 4235 nolunt:
2810 4180 2885 4233 ita
2931 4186 2989 4232 ut
3028 4177 3247 4232 interim
3299 4175 3467 4229 vitam
3512 4190 3582 4229 ex

1994 4274 2128 4345 legis
2169 4274 2487 4343 prwscripto
2535 4277 2872 4339 comparent,
2924 4276 2978 4321 et
3030 4267 3263 4321 honeste
3304 4279 3433 4319 vase
3480 4280 3584 4319 suo

1998 4366 2064 4419 ad
2120 4366 2324 4436 prolem
2362 4360 2769 4433 suscipiendam
2824 4366 3070 4423 utantur,
3121 4355 3579 4428 quemadmodum

1994 4464 2181 4525 patres
2241 4462 2462 4510 nostros
2517 4469 2649 4509 usos
2704 4451 2832 4507 olim
2882 4467 3005 4505 esse
3054 4449 3392 4505 didicimus:
3432 4446 3580 4518 quod

306 4544 468 4597 καίαν
499 4535 683 4597 οὖσαν.
720 4546 874 4599 Μετά
904 4546 1012 4617 γὰρ
1037 4546 1096 4598 τὸ
1120 4545 1410 4617 ἐσχηκέναι
1439 4544 1624 4608 τέκνα,
1652 4546 1888 4599 δείκνυσι

1995 4547 2196 4601 alicubi
2254 4543 2467 4617 1054Ι
2522 4544 2805 4614 Scriptura
2857 4544 3101 4598 declarat
3142 4560 3156 4596 :
3196 4538 3444 4605 Rebecca,
3482 4540 3577 4594 in-

309 4635 508 4706 μηκέτι
533 4638 598 4706 τῇ
632 4637 851 4703 γυναικὶ
900 4637 1061 4691 αὑτὸν
1088 4636 1443 4706 συναιρθὲντα.
1507 4637 1644 4689 Ἀλλ’
1668 4637 1885 4707 ἐπειδή-

306 4740 415 4796 περ
448 4725 627 4796 ῥᾴδιον
671 4724 765 4779 καὶ
793 4726 1015 4798 εὐχερές
1055 4730 1201 4781 ἐστιν
1242 4728 1330 4780 ἐπὶ
1368 4727 1437 4781 τὰ
1483 4728 1659 4797 φαῦλα
1689 4728 1888 4800 μᾶλλον

305 4817 605 4888 τρέπεσθαι
633 4817 731 4889 τὴν
759 4819 999 4872 διάνοιαν
1039 4821 1181 4892 ἥπερ
1227 4821 1317 4873 ἐπὶ
1346 4821 1413 4874 τὰ
1444 4820 1735 4891 ἀναγκαία,
1776 4823 1887 4875 ὀλι-

309 4909 513 4981 σθηροῦ
541 4908 692 4974 ὄντος
720 4911 811 4964 τοῦ
834 4912 1103 4983 ἡμετέρου
1122 4912 1461 4984 ἀνθρωπίνου
1491 4911 1774 4985 λογισμοῦ.
1795 4914 1891 4968 καὶ

304 5006 367 5059 ού
392 5006 578 5076 τάχιον
600 5006 912 5071 εὐθύνοντος
939 5005 1102 5061 αὐτοῦ
1124 5006 1223 5078 τὴν
1249 5005 1425 5079 ὁρμὴν
1451 5007 1542 5060 ἐπὶ
1561 5008 1660 5080 τὴν
1678 5007 1890 5062 εὐθεῖαν

306 5100 428 5153 ὁδὸν
452 5098 546 5151 τοῦ
572 5098 799 5171 Κυρίου,
832 5099 967 5152 ἀλλά
994 5099 1265 5162 κλίνοντος
1283 5099 1357 5169 πὴ
1387 5098 1483 5169 μὲν
1507 5100 1597 5152 ἐπὶ
1627 5100 1696 5153 τὰ
1718 5100 1886 5167 δεξιὰ,

310 5193 386 5263 πὴ
417 5191 473 5244 δὲ
512 5192 605 5244 ἐπὶ
644 5192 713 5245 τά
748 5191 1029 5263 ἀριστερὰ,
1063 5193 1157 5245 καὶ
1201 5190 1411 5262 βαρέως
1454 5191 1787 5264 πληροῦντος
1826 5193 1887 5246 τὸ

310 5284 464 5356 παρά
502 5284 580 5356 τῷ
611 5284 915 5354 Σολομῶντι
949 5284 1263 5355 εἰρημένον
1320 5283 1416 5351 Μὴ
1444 5286 1661 5353 κλίνης
1686 5285 1783 5338 ἐπὶ
1819 5284 1891 5339 τὰ

309 5378 501 5441 δεξιὰ,
537 5375 693 5446 μηδὲ
740 5376 835 5429 ἐπὶ
888 5376 958 5429 τὰ
990 5375 1273 5444 ἀριστερά
1296 5393 1307 5405 ·
1346 5375 1505 5428 πάλιν
1545 5376 1722 5439 ἄλλως
1756 5379 1889 5447 ἡμῖν

312 5467 685 5539 στρεφομένης
706 5466 804 5537 τῆς
830 5466 1027 5528 κακίας
1058 5466 1182 5536 περὶ
1208 5466 1332 5528 τοὺς
1357 5467 1553 5529 αὐτοὺς
1576 5466 1890 5537 λογισμοὺς,

1995 4640 2152 4711 quit,
2201 4654 2265 4693 ea:
2328 4656 2431 4693 uno
2477 4638 2788 4706 concipiens.
2839 4635 2922 4690 Ea:
2999 4652 3123 4700 uno,
3174 4634 3344 4701 dixit;
3398 4640 3453 4687 ct
3522 4641 3582 4687 ut

1996 4730 2264 4787 honestati
2297 4732 2629 4797 consuleret,
2670 4729 2816 4784 aliud
2866 4728 3001 4783 nihil
3032 4725 3282 4792 addidit,
3335 4725 3431 4780 sed
3480 4739 3581 4796 ge-

1997 4823 2335 4879 nerationem
2369 4823 2516 4877 illam
2539 4822 2744 4893 justam
2772 4837 2836 4877 ac
2875 4821 3173 4891 legitimam
3206 4818 3375 4873 fuisse
3412 4817 3583 4888 signi-

1998 4915 2200 4970 ficavit.
2243 4914 2421 4983 Quare
2462 4926 2583 4985 post
2628 4922 2917 4984 susceptos
2968 4913 3169 4967 liberos
3214 4911 3417 4965 nullam
3460 4924 3579 4961 am-

1999 5008 2142 5079 plius
2173 5009 2221 5062 ei
2255 5024 2376 5063 eum
2407 5008 2497 5061 illa
2524 5006 2978 5062 consuetudinem
3016 5004 3185 5059 fuisse
3214 5002 3575 5057 demonstrat.

1999 5102 2063 5156 Et
2092 5102 2350 5172 quoniam
2387 5100 2546 5155 facile
2580 5115 2644 5155 ac
2672 5100 2916 5171 proclive
2944 5097 3103 5151 nobis
3132 5106 3214 5150 est
3242 5099 3478 5147 mentem
3511 5092 3579 5147 ad

1993 5195 2265 5250 deteriora
2324 5193 2507 5263 potius
2567 5208 2729 5262 quam
2789 5190 2855 5245 ad
2906 5186 3216 5243 necessaria
3254 5182 3578 5258 deﬂectere;

1993 5299 2230 5353 cumque
2278 5281 2525 5337 lubricus
2577 5282 2649 5336 sit
2684 5280 2922 5334 hominis
2972 5276 3209 5337 animus,
3250 5288 3350 5329 nec
3388 5272 3455 5325 ad
3491 5288 3580 5326 re-

1993 5385 2135 5431 ctam
2174 5374 2387 5430 Domini
2424 5375 2567 5427 viam
2624 5373 2884 5443 impetum
2916 5369 3097 5424 statim
3142 5380 3301 5421 suum
3347 5372 3576 5419 conten-

1998 5469 2314 5537 tionemque
2358 5465 2577 5537 dirigat,
2618 5463 2712 5519 sed
2768 5462 2835 5516 ad
2923 5460 3173 5513 dextram
3228 5457 3577 5511 sinistramve

313 5559 409 5611 καὶ
430 5556 677 5629 ὼθούσης
706 5557 861 5627 ἡμῶν
889 5556 951 5608 τὸ
983 5556 1196 5626 σῶφρον
1224 5557 1308 5625 ἐφ’
1335 5557 1527 5627 ἑτέρας
1558 5556 1719 5610 πάλιν
1744 5559 1888 5622 ὁδοὺς

2001 5560 2259 5624 declinet,
2320 5566 2485 5629 atque
2534 5571 2677 5626 aegre
2732 5551 3021 5615 admodum
3079 5550 3205 5603 huic
3268 5546 3576 5603 Salomonis

315 5650 553 5723 βαδίζειν
572 5666 585 5678 '
610 5648 1035 5721 ἀσφαλισὼμεθα
1053 5645 1144 5703 οὖν
1166 5651 1241 5721 μή
1268 5667 1383 5713 πως
1406 5649 1466 5702 τὸ
1492 5650 1888 5721 περισσοτέρως

2002 5661 2271 5724 praecepto
2310 5655 2496 5723 parcat
2528 5666 2541 5703 :
2580 5644 2662 5701 Ne
2684 5644 2910 5700 declines
2937 5643 3005 5696 ad
3029 5642 3323 5707 dexteram,
3357 5654 3447 5694 nec
3508 5638 3577 5693 od
3650 5690 3655 5696 .

390 5808 407 5838 ⁸
440 5823 525 5877 rp.
561 5809 655 5880 μή.
736 5811 755 5841 ³
781 5806 968 5863 Matth.
1002 5822 1103 5874 xu,
1140 5806 1226 5863 56.
1305 5806 1324 5838 ³
1359 5804 1526 5862 lCor.
1561 5822 1655 5875 vu,
1689 5806 1744 5864 7.
