3986 6224
498 339 608 400 735

1917 360 1974 416 S.
2012 359 2354 418 EPIPHANII

3667 384 3796 439 756

496 457 774 515 sinistram
795 461 813 494 ¹
848 481 863 518 :
895 478 1022 519 cum
1057 465 1294 538 denique
1327 470 1474 525 circa
1523 472 1744 528 easdem
1793 476 2054 546 cogitatio

2175 478 2538 556 summa“;
2561 481 2660 555 τὴν
2677 484 2954 557 Παρθένον
2973 487 3198 562 γένηταί
3221 510 3326 548 τινι
3355 494 3438 560 είς
3461 495 3588 552 ἀλλο
3611 501 3792 570 πρό-α-

499 561 600 603 nes
629 564 750 605 sese
795 560 1050 624 torqueat
1091 573 1154 614 ac
1204 571 1382 616 verset
1412 563 1761 633 improbitas,
1791 575 1845 621 et
1886 570 1950 623 ad
1980 571 2084 622 alia

2196 587 2386 641 κομμα
2411 573 2732 641 φαντασίας.

497 641 694 697 itinera
771 652 1111 718 capessenda
1181 653 1614 714 moderationem
1666 669 1912 717 nostram
1963 663 2232 732 impellat,
2293 665 2606 722 cavendum
2661 669 2798 726 illud
2847 675 3008 731 nobis
3060 684 3182 744 est,
3249 681 3626 752 neleﬂ'usiora
3681 688 3796 748 illa

494 735 668 791 beatae
705 737 943 811 Virginis
1001 748 1276 815 praeconia
1333 751 1560 808 alterius
1598 757 1806 814 erroris
1843 767 1896 814 et
1925 757 2250 816 offensionis
2279 761 2566 816 materiam
2605 763 2771 820 alicui
2811 766 3050 828 fortasse
3081 775 3380 844 praebeant.

561 825 750 885 XXIII.
796 830 1008 888 Etenim
1049 838 1142 907 qui
1191 839 1246 893 in
1289 839 1488 897 Filium
1531 849 1915 906 contumeliosi
1951 865 2075 907 esse

493 916 815 986 voluerunt,
867 931 928 978 ut
983 935 1144 983 antea
1201 929 1532 989 declaratum
1585 944 1706 1006 est,
1766 939 2076 997 abalienare

497 1007 676 1077 ipsum
726 1027 756 1066 a
797 1012 978 1072 Patris
1029 1017 1320 1079 divinitate
1356 1027 1707 1086 studuerunt.
1736 1032 1843 1086 Alii
1874 1049 1906 1088 e
1942 1050 2076 1089 con-

498 1102 668 1156 trario
701 1103 972 1162 diversam
1005 1109 1061 1165 in
1091 1121 1297 1182 partem
1329 1118 1614 1188 abeuntes,
1646 1139 1758 1192 quo
1781 1125 2076 1183 vehemen-

495 1189 606 1246 tius
655 1193 804 1250 illum
857 1198 1210 1270 honor-arent,
1245 1209 1494 1265 eumdem
1546 1227 1670 1268 esse
1724 1213 1966 1286 Patrem,
2017 1227 2072 1274 et

491 1279 719 1348 Filium,
759 1297 814 1344 et
867 1289 1128 1361 Spiritum
1175 1309 1427 1356 sanctum
1485 1316 1733 1360 asserere
1767 1309 1888 1364 ausi
1919 1319 2069 1366 sunt.

498 1370 798 1446 Utrobique
828 1396 959 1436 vero
986 1383 1312 1445 insanabilis
1343 1397 1426 1446 est
1474 1408 1539 1447 ac
1571 1395 1852 1452 mortifera
1891 1401 2068 1472 plaga.

489 1461 568 1518 Ita
607 1468 752 1535 quod
812 1473 878 1526 ad
928 1483 1176 1532 sanctam
1220 1495 1284 1535 ac
1332 1481 1546 1538 beatam
1597 1485 1746 1540 illam
1791 1461 2070 1562 VirginEm

489 1557 740 1626 pertinet,
793 1564 1017 1632 quidam
1069 1573 1526 1631 contumeliosius
1575 1576 1632 1632 in
1679 1579 1826 1636 illam
1865 1583 2070 1641 invecti

488 1657 638 1714 sunt,
667 1659 746 1716 ut,
779 1664 902 1723 post
939 1673 1210 1716 summum
1243 1664 1376 1720 illud
1407 1675 1460 1721 et
1489 1669 1758 1741 integrum
1813 1674 2068 1732 incarna-

487 1739 652 1796 tionis
717 1741 924 1800 Domini
975 1754 1318 1821 mysterium,
1375 1761 1622 1829 corporis
1663 1778 1786 1818 eam
1837 1770 2069 1824 commi-

485 1831 665 1887 stione
693 1835 954 1904 pollutam
989 1841 1277 1901 dicerent:
1322 1848 1373 1904 id
1421 1853 1564 1921 quod
1599 1869 1818 1912 omnem
1863 1860 2068 1931 impro-

483 1918 716 1976 bitatem
758 1925 1200 2002 impietatemque
1235 1918 1479 2006 superat.
1520 1940 1788 2000 Caeterum
1821 1949 1894 2002 uti
1927 1918 2068 2006 non-

481 2011 665 2068 nuIIos
703 2022 914 2071 tantum
946 2022 1086 2078 se-in
1123 2027 1304 2084 scelus
1335 2034 1680 2092 commisisse
1718 2038 2013 2098 didicimus
2045 2082 2061 2110 ,

482 2102 565 2156 sic
597 2119 706 2158 non
738 2107 855 2163 sine
879 2108 1082 2180 ingenti
1105 2115 1472 2178 admiratione
1500 2126 1648 2181 aliud
1681 2129 1940 2198 quiddam
1972 2148 2064 2189 ac-

481 2193 726 2263 cepimus
758 2215 771 2252 :
809 2203 1104 2260 nonnullos
1155 2207 1408 2267 videlicet
1443 2213 1500 2270 in
1548 2217 1638 2284 iis,
1672 2193 1794 2289 quae
1823 2223 1891 2278 ad
1935 2240 2063 2281 san-

480 2283 782 2341 ctissimam
843 2287 1122 2363 Virginem
1177 2311 1466 2370 spectant,
1521 2322 1588 2362 eo
1637 2315 1890 2370 amentiae
1937 2333 2064 2388 pro-

477 2389 720 2444 gressos,
750 2387 808 2433 ut
839 2397 941 2452 pro
975 2383 1084 2442 Deo
1123 2392 1284 2448 nobis
1319 2395 1468 2450 illam
1505 2400 1804 2460 obtrudere
1834 2383 2056 2478 vellent,

477 2477 543 2518 ac
578 2467 644 2520 de
673 2483 737 2522 ea
775 2472 918 2526 velut
957 2485 1138 2534 mente
1174 2483 1318 2552 capti
1363 2493 1416 2540 et
1448 2485 1644 2545 furiosi
1675 2467 2056 2564 loquerentur:

474 2555 684 2614 Ferunt
727 2564 872 2618 enim
911 2569 1265 2630 mulierculas
1295 2578 1560 2646 quasdam
1606 2581 1662 2636 in
1696 2583 1918 2650 Arabia,
1950 2605 2062 2659 quo

474 2663 506 2702 e
564 2649 796 2706 Thracia
843 2657 1103 2725 profecta:
1167 2672 1356 2730 erant,
1417 2685 1618 2725 novum
1675 2675 1808 2730 illud
1862 2649 2057 2751 dogma

473 2751 812 2800 commentas
849 2745 1020 2805 fuisse
1051 2769 1064 2805 :
1103 2751 1241 2809 adeo
1278 2763 1338 2810 ut
1374 2757 1430 2812 in
1465 2757 1705 2831 Virginis
1751 2783 1948 2825 nomen
2003 2781 2060 2828 et

473 2833 736 2890 honorem
767 2839 1079 2911 collyridem
1124 2845 1240 2902 sive
1295 2857 1489 2904 tortam
1543 2856 1700 2924 panis
1740 2851 2058 2918 sacriﬁcan-

473 2927 556 2977 tes
589 2923 822 2981 oﬂ‘erant
855 2937 908 2984 et
937 2941 1244 3000 conventus
1274 2937 1510 2995 habeant
1533 2923 1556 2995 :7
1582 2943 1634 2998 in
1667 2952 2052 3020 sanctissimm,

471 3012 726 3083 inquam,
768 3015 1010 3091 Virginis
1061 3023 1272 3095 1055
1314 3043 1514 3084 nomen
1562 3033 1784 3090 modum
1833 3012 2052 3097 omnem

469 3113 1184 3185 praetergressos,nefariam
1226 3133 1361 3182 rem,
1394 3129 1447 3175 et
1487 3139 1611 3178 cum
1645 3125 1736 3182 Dei
1774 3140 2050 3189 contume-

469 3195 543 3249 lia
595 3199 951 3270 conjunctam
1002 3207 1247 3277 aggredi,
1291 3211 1397 3266 hoc
1430 3223 1513 3269 est
1563 3216 1617 3270 in
1653 3220 1796 3276 illius
1851 3241 2047 3282 nomen

467 3300 568 3356 per
607 3291 864 3346 mulieres
913 3298 1186 3352 sacrilicia
1233 3301 1434 3360 facere.
1477 3304 1632 3371 Quod
1678 3313 1896 3380 quidem
1943 3317 2050 3370 im-

468 3379 618 3449 pium
659 3397 724 3437 ac
769 3385 1062 3442 scelestum
1121 3399 1222 3454 est,
1267 3401 1322 3447 et
1365 3410 1396 3449 a
1441 3400 1616 3452 sancti
1671 3379 1909 3472 Spiritus
1948 3411 2049 3464 do-

467 3475 645 3530 ctrina
670 3493 900 3547 prorsus
941 3483 1199 3538 alienum.
1241 3485 1422 3553 Quare
1471 3498 1645 3546 totum
1700 3497 1829 3551 illud
1869 3515 1898 3553 a
1936 3501 2049 3558 dae-

467 3569 648 3625 monis
695 3569 876 3627 amatu
918 3581 972 3630 et
1018 3577 1217 3646 impuri
1260 3581 1489 3650 spiritus
1536 3583 1822 3658 disciplina
1865 3594 2048 3662 profe-

466 3667 616 3714 ctum
662 3671 767 3719 est.
823 3663 938 3722 Hoc
979 3669 1124 3724 enim
1170 3673 1226 3727 in
1273 3674 1408 3746 ipsis
1461 3678 1758 3749 impletur:
1796 3684 2050 3755 Deﬁcient

464 3749 679 3817 quidam
719 3771 752 3807 a
785 3771 920 3811 sana
945 3758 1210 3827 doctrina,
1248 3765 1572 3824 intendentes
1604 3771 1800 3840 fabulis
1850 3787 1898 3830 et
1948 3779 2051 3833 do-

463 3839 650 3894 ctrinis
675 3840 1061 3903 dwmoniorum
1085 3853 1128 3904 '.
1163 3851 1337 3909 Erunt
1379 3858 1545 3924 enim,
1572 3863 1767 3932 inquit,
1807 3878 2051 3927 mortuos

463 3930 751 4000 colentes,
810 3942 1270 4008 quemadmodum
1325 3950 1469 4020 apud
1519 3951 1794 4013 Israelitas
1843 3959 2049 4019 honore

460 4029 592 4076 sunt
638 4025 838 4082 alfecti.
903 4029 981 4085 Ita
1034 4031 1238 4090 factum
1293 4047 1397 4107 est,
1448 4049 1506 4096 ut
1557 4057 1895 4118 sanctormn,
1951 4057 2045 4125 qui

461 4117 579 4171 suis
631 4123 971 4192 temporibus
1023 4127 1349 4200 ﬂoruerunt,
1386 4138 1703 4200 redundans
1754 4145 1813 4200 in
1869 4147 2039 4210 Deum

455 4211 808 4268 occasionem
845 4219 1052 4276 erroris
1085 4223 1352 4279 attulerit.

527 4301 716 4360 XXIV.
745 4305 956 4363 Etenim
988 4307 1229 4382 Sicimis,
1257 4333 1379 4386 quae
1421 4319 1583 4377 hodie
1615 4321 1870 4396 Neapolis
1901 4329 2041 4386 dici-

457 4399 568 4458 tur,
601 4411 758 4452 sacra
787 4402 1033 4469 quaedam
1063 4403 1131 4459 ab
1167 4407 1440 4478 indigenis
1473 4414 1528 4468 in
1553 4416 1815 4472 honorem
1849 4423 2040 4490 puellae

2249 849 2371 907 Kl".
2404 855 2466 906 Οί
2493 854 2593 925 μὲν
2611 856 2718 929 γάρ
2739 860 2820 923 είς
2848 860 2940 916 τὸν
2957 863 3084 918 Υίὸν
3111 865 3578 942 βλασφημοῦντες,
3601 877 3790 931 καθά-

2175 961 2282 1016 περ
2327 961 2417 1016 μοι
2479 947 2592 1002 ἀνω
2661 951 3090 1024 προδεδήλωται,
3153 959 3312 1027 φύσει
3373 963 3786 1044 ἀπαλλοτριοῦν

2174 1034 2338 1088 αὐτὸν
2364 1036 2464 1106 τῆς
2497 1039 2714 1111 Πατρὸς
2743 1040 2996 1113 θεότητος
3023 1041 3506 1122 ἐφιλοτιμήσαντολ
3535 1034 3690 1112 ἄλλοι
3719 1059 3784 1113 δὲ

2175 1125 2359 1192 πάλιν,
2389 1127 2592 1200 ἑτέρως
2619 1133 3002 1204 φρονήσαντες,
3023 1137 3100 1202 ὡς
3125 1139 3285 1212 δῆθεν
3309 1145 3538 1215 τιμῆσαι
3567 1165 3780 1221 περισ-

2175 1216 2413 1288 σοτέρως
2445 1221 2832 1291 προαχθέντες,
2868 1225 2960 1281 τὸν
2992 1229 3154 1284 αὑτὸν
3187 1228 3324 1286 εἷναι
3347 1236 3565 1309 Πατέρα
3587 1216 3776 1307 εἶπον,

2167 1305 2264 1358 καὶ
2295 1307 2385 1360 τὸν
2411 1308 2574 1364 αὐτὸν
2609 1311 2758 1377 Υίὸν,
2797 1315 2980 1370 καὶτὸ
3023 1319 3156 1374 αὐτὸ
3197 1322 3352 1391 ἀγιον
3385 1305 3636 1398 Πνεῦμα·
3675 1305 3782 1385 ἐπί

2167 1399 2356 1466 δὲτοῖς
2388 1402 2618 1474 μέρεσιν
2645 1407 2984 1481 ἀμφοτέροις
3030 1412 3246 1478 ἀνίατος
3283 1418 3316 1485 ὴ
3353 1417 3556 1490 πληγή.
3609 1422 3784 1476 Οὕτω

2168 1493 2413 1566 περὶτῆς
2449 1498 2608 1567 ἁγίας
2627 1499 2831 1572 ταύτης
2863 1502 2955 1556 καὶ
2979 1506 3332 1576 μακαρίτιδος
3356 1510 3778 1582 Ἀειπαρθένου,

2172 1589 2220 1642 oi
2253 1591 2350 1661 μὲν
2385 1591 2668 1664 ἐξυϐρίσαι
2717 1593 3140 1666 τετολμήκασιν,
3171 1595 3246 1660 ὡς
3283 1601 3642 1669 συναφθεῖσαν
3673 1606 3780 1658 αὐ-

2171 1681 2272 1754 τὴν
2296 1685 2460 1755 σαρκὶ
2491 1683 2628 1755 μετὰ
2655 1684 2754 1756 τὴν
2791 1686 3057 1760 μεγίστην
3087 1690 3303 1762 ἐκείνην
3344 1693 3438 1746 καὶ
3485 1695 3776 1771 ἀκραιφνῆ

2099 1808 2142 1864 Β
2173 1774 2486 1845 οἰκονομίαν
2515 1772 2609 1826 τοῦ
2642 1775 2870 1846 Κυρίου,
2911 1777 3010 1848 τῆς
3050 1779 3315 1850 ὲνσάρκου
3359 1782 3524 1836 αὐτοῦ
3556 1803 3774 1858 παρου-

2171 1864 2292 1928 σίας
2315 1880 2327 1894 ⁸
2377 1865 2472 1920 καὶ
2513 1865 2630 1919 ἔστι
2663 1865 2821 1921 τοῦτο
2857 1869 3040 1940 πάσης
3071 1871 3371 1943 μοχθηρίας
3403 1873 3780 1934 δυσσεϐέστε-

2166 1975 2278 2014 τον.
2327 1959 2414 2024 Ὠς
2446 1959 2504 2012 δὲ
2535 1959 2692 2013 τοῦτό
2720 1977 2904 2032 φαμεν
2945 1963 3276 2034 ὲνηχηθῆναί
3317 1982 3469 2029 τινας
3505 1967 3649 2023 οὕτω
3681 1989 3774 2025 τε·

2165 2051 2498 2124 τολμηκέναι
2541 2053 2756 2123 ρᾴστως
2798 2051 3078 2108 ἐπιδοῦναι
3109 2056 3335 2119 ἑαυτοὺς
3369 2059 3437 2130 τῇ
3479 2059 3768 2133 ἁμαρτίᾳ·

2163 2141 2308 2197 οὕτω
2353 2145 2448 2199 καὶ
2475 2143 2535 2198 τὸ
2564 2144 2751 2216 ἕτερον
2778 2144 3205 2220 τεθαυμάκαμεν
3239 2149 3400 2206 πάλιν
3433 2154 3768 2222 ἀκηκοότες.

2167 2231 2396 2296 Ἄλλους
2425 2233 2536 2304 γὰρ
2556 2233 2718 2288 πάλιν
2741 2233 3108 2304 ἀφραίνοντας
3137 2239 3216 2303 είς
3239 2241 3340 2312 τὴν
3369 2243 3510 2316 ὑπὲρ
3535 2246 3636 2316 τῆς
3661 2247 3764 2300 αὖ·

2160 2327 2262 2396 τῆς
2295 2324 2458 2390 ἁγίας
2495 2326 2888 2399 Ἀειπαρθένου
2920 2330 3200 2399 ὑπόθεσιν,
3227 2335 3347 2389 ἀντὶ
3377 2337 3514 2390 Θεοῦ
3546 2339 3764 2412 ταύτην

2161 2419 2520 2489 παρεισάγειν
2543 2421 2968 2489 ἐσπουδακότας,
2996 2424 3090 2477 καὶ
3119 2426 3540 2495 σπουδάζοντας,
3567 2434 3658 2486 καὶ
3691 2434 3758 2486 ἐν

2161 2509 2524 2582 ἑμϐροντήσει
2550 2511 2657 2567 τινὶ
2700 2513 2796 2566 καὶ
2845 2515 3235 2589 φρενοϐλαϐείᾳ
3267 2521 3620 2592 φερομένους.
3667 2527 3752 2578 Δι-

2159 2599 2413 2672 ηγοῦνται
2425 2603 2553 2674 γὰρ,
2561 2603 2636 2668 ὥς
2645 2622 2787 2669 τινες
2799 2610 3050 2675 γυναῖκες
3065 2610 3242 2663 ἐκεῖσε
3253 2612 3310 2664 ὲν
3319 2616 3386 2684 τῇ
3405 2613 3632 2686 Ἀραϐίᾳ
3641 2617 3766 2668 ἀπὸ

2157 2692 2264 2745 τῶν
2290 2695 2470 2765 μερῶν
2490 2697 2588 2767 τῆς
2607 2697 2830 2770 Θρᾴκης
2845 2700 3001 2754 τοῦτό
3021 2719 3083 2770 γε
3105 2701 3164 2756 τὸ
3182 2704 3456 2777 κενοφώνη
3467 2724 3544 2776 μα
3565 2707 3755 2778 ἐνηνό-

2157 2803 2336 2857 χασιν,
2369 2787 2444 2850 ὡς
2471 2789 2551 2852 είς
2575 2788 2746 2859 ὄνομα
2771 2791 2872 2862 τῆς
2899 2793 3281 2866 Ἀειπαρθένου
3313 2797 3604 2871 κολλυρίδα
3627 2799 3756 2854 τινὰ

2158 2876 2446 2944 ἐπιτελεῖν,
2493 2880 2586 2933 καὶ
2629 2882 2956 2950 συνάγεσθαι
2995 2887 3300 2954 ὲπιτοαυτὸ,
3336 2890 3432 2943 καὶ
3463 2892 3542 2954 είς
3577 2892 3752 2962 δνομα

2161 2969 2259 3040 τῆς
2303 2970 2462 3038 ἁγίας
2495 2971 2776 3044 Παρθένου
2827 2975 2963 3047 ὑπὲρ
3005 2976 3066 3030 τὸ
3125 2979 3322 3051 μέτρον
3356 2998 3410 3035 τι
3453 2986 3752 3054 πειρᾶσθαι

2157 3058 2402 3130 ἀθεμίτῳ
2443 3061 2537 3114 καὶ
2587 3062 2892 3136 βλασφήμῳ
2940 3067 3235 3139 ἐπιχειρεῖν
3293 3073 3606 3142 πράγματι,
3656 3079 3754 3130 καὶ

2076 3166 2120 3223 C
2153 3147 2232 3209 εἰς
2269 3145 2438 3217 ὄνομα
2481 3151 2651 3220 αὐτῆς
2689 3153 2992 3224 ἱερουργεῖν
3025 3155 3116 3210 διὰ
3159 3161 3466 3228 γυναικῶν·
3515 3164 3656 3235 ὅπερ
3691 3166 3752 3218 τὸ

2157 3239 2265 3291 πᾶν
2311 3241 2456 3292 ἐστιν
2513 3241 2707 3307 ἀσεϐὲς
2761 3246 2855 3298 καὶ
2901 3247 3184 3318 ἀθέμιτον,
3229 3252 3600 3325 ἠλλοιωμένον
3643 3258 3752 3310 ἀπὸ

2156 3328 2249 3384 τοῦ
2293 3332 2647 3403 κηρύγματος
2691 3337 2784 3390 τοῦ
2823 3340 2980 3408 ἁγίου
3025 3343 3378 3416 Πνεύματος,
3428 3347 3574 3402 ὥστε
3611 3347 3750 3404 εἶναι

2155 3411 2218 3474 τὸ
2265 3423 2372 3475 πᾶν
2415 3423 2718 3480 διαϐολικὺν
2767 3430 3082 3504 ἐνέργημα,
3139 3437 3231 3490 καὶ
3271 3437 3584 3509 πνεύματος
3613 3441 3748 3496 ἀκα-

2157 3511 2354 3584 θάρτου
2396 3515 2512 3570 διδα
2527 3519 2728 3574 τκαλία.
2781 3524 3100 3595 Πληροῦται
3135 3528 3242 3600 γὰρ
3277 3531 3370 3584 καὶ
3403 3533 3498 3584 ἐπὶ
3523 3532 3750 3598 τούτους

2156 3606 2237 3670 τὸ,
2273 3608 2750 3679 Ἄποστήσονταί
2769 3634 2926 3684 τινες
2951 3619 3060 3687 τῆς
3088 3623 3299 3690 ὑγιοῦς
3325 3623 3746 3693 διδασκαλίας,

2155 3698 2562 3770 προσέχοντες
2575 3707 2788 3775 μύθοις
2813 3711 2912 3764 καὶ
2948 3711 3372 3784 διδασκαλίαις
3400 3717 3745 3788 δαιμονίων.

2158 3789 2416 3846 Ἔσονται
2446 3795 2576 3866 γὰρ,
2611 3799 2767 3868 φησὶ,
2819 3807 3034 3874 νεκροῖς
3066 3806 3417 3878 λατρεύοντες
3458 3811 3536 3874 ὡς
3565 3813 3664 3865 καὶ
3693 3815 3746 3864 ἐν

2151 3878 2229 3950 τῷ
2271 3880 2485 3956 Ἰσραὴλ
2503 3888 2900 3962 ἐσεϐάσθησαν.
2923 3897 3032 3950 Καὶ
3061 3901 3092 3970 ἡ
3131 3901 3240 3952 τῶν
3263 3902 3436 3970 ἁγίων
3467 3903 3614 3957 κατά
3637 3921 3746 3956 και-

2155 3971 2246 4064 ρὸν
2277 3976 2357 4038 είς
2392 3977 2524 4034 Θεὸν
2562 3980 2688 4047 δόξα
2727 3984 2908 4052 ἄλλοις
2948 3989 3138 4059 γέγονε
3173 3996 3289 4059 τοῖς
3334 3996 3408 4068 μὴ
3442 3994 3622 4066 ὁρῶσι
3649 3993 3746 4066 τὴν

2154 4053 2416 4138 ἀληθειαν
2450 4074 2532 4136 εἰς
2567 4075 2794 4148 πλάνην.

2116 4161 2288 4230 gloria
2353 4167 2520 4236 aliis,
2573 4173 2670 4243 qui
2709 4175 2992 4233 veritatem
3039 4179 3264 4238 minime
3317 4186 3720 4256 perspicerent,

2223 4339 2349 4394 ΚΝ.
2399 4341 2486 4396 Ἐν
2520 4343 2629 4418 γὰρ
2653 4347 2921 4421 Σικίμοις,
2956 4353 3231 4410 τουτέστιν
3259 4359 3318 4412 ἐν
3344 4363 3408 4433 τῇ
3435 4366 3556 4418 νυνὶ
3585 4369 3730 4423 Νεα-

2149 4429 2325 4496 πόλει,
2363 4433 2552 4499 θυσίας
2590 4439 2640 4490 οί
2689 4440 2972 4513 ἐπιχώριοι
3008 4445 3254 4504 τελοῦσιν
3301 4429 3588 4527 εἰς--δνομα
3631 4461 3734 4532 τῆς

455 4483 820 4552 celebrantur,
845 4491 992 4559 quod
1023 4493 1092 4548 ab
1115 4493 1348 4565 Jephthe
1378 4499 1488 4560 ﬁlia
1511 4519 1765 4562 manasse
1793 4508 2028 4577 videtur,

455 4589 578 4618 num
639 4575 747 4618 “an
786 4582 1059 4618 ﬂllnnrlnnn
1125 4589 1429 4618 ρηιιηιηη-.-
1487 4594 1662 4618 ιι..----.
1692 4597 1713 4618 ,
1771 4599 1811 4618 η
1885 4617 1892 4618 ,

2372 4483 2549 4499 --πη
2593 4483 2639 4490 --
2689 4483 2972 4513 -..Ἆωρνν-
3020 4483 3253 4504 ...ηνυυυν
3301 4483 3378 4516 ut,
3412 4483 3588 4527 υνυμσι
3631 4483 3720 4532 της

2158 4522 2346 4594 (όρης,
2390 4525 2548 4598 δῆθεν
2581 4529 2650 4584 ὲκ
2678 4533 3005 4602 προφάσεως
3043 4538 3142 4608 τῆς
3176 4539 3445 4613 θυγατρὸς
3487 4547 3720 4618 Ἰεφθάε,

453 4589 578 4644 quae
637 4575 747 4632 Deo
786 4582 1060 4649 quondam
1125 4589 1434 4647 sacriﬁcate
1487 4594 1666 4651 fuerat
1692 4597 1732 4652 ³.
1768 4599 1900 4666 Quae
1949 4575 2036 4660 res

452 4665 672 4723 miseris
699 4668 1010 4730 hominibus
1036 4677 1358 4766 idololatria:
1402 4685 1823 4760 inanissimique
1852 4696 2034 4754 cultus

452 4758 736 4814 materiam
759 4765 1009 4831 praebuit.
1029 4769 1171 4834 Quin
1201 4758 1364 4828 etiam
1387 4775 1690 4837 Pharaonis
1717 4758 1902 4855 Iiliam,
1919 4805 2040 4858 qua:

451 4863 670 4904 servum
709 4849 804 4906 Dei
837 4853 1055 4927 Moysen
1089 4861 1380 4920 honoravit
1401 4871 1443 4933 ι,
1478 4877 1532 4924 et
1573 4873 1848 4930 sublatum
1887 4895 2058 4940 enu-.

449 4941 622 5009 trivit,
663 4954 886 5016 prepter
916 4951 1185 5008 celebrem
1219 4961 1434 5027 pueruli
1465 4960 1667 5018 famam
1707 4969 2032 5040 impensius,

445 5049 610 5105 quam
649 5052 748 5108 par
782 5049 923 5106 erat,
961 5057 1028 5099 ac
1087 5062 1187 5116 pro
1251 5049 1364 5106 Deo
1397 5065 1724 5116 venerantes
1765 5061 2029 5136 1E3yptii,

446 5126 757 5185 istiusmodi
787 5137 1240 5204 superstitionem
1271 5143 1324 5198 in
1355 5147 1587 5204 stolidos
1616 5149 1865 5211 homines
1886 5157 2034 5213 deri-

445 5229 624 5273 vatam
676 5223 885 5281 nefarie
940 5243 1334 5304 propagarunt.
1381 5237 1522 5310 Ergo
1573 5243 1651 5297 illi
1706 5243 2030 5307 Thermutin

443 5309 748 5384 Ameuophi
791 5320 979 5386 Iiliam,
1021 5323 1126 5380 hoc
1155 5333 1239 5381 est
1279 5327 1603 5399 Pharaonis,
1645 5335 1876 5393 adorare
1905 5357 2028 5410 per-

443 5411 616 5471 guut,
665 5410 848 5477 quod,
883 5421 944 5466 ut
1002 5423 1160 5470 antea
1217 5419 1366 5487 dixi,
1409 5421 1631 5496 Moysen
1686 5427 2020 5490 cducaverit.

2138 4613 2240 4684 τῆς
2273 4633 2402 4668 ποτε
2442 4621 2898 4696 προσενεχθείσης
2939 4625 3016 4697 τῷ
3054 4627 3172 4700 Θεῷ
3213 4632 3296 4696 εἰς
3343 4632 3535 4700 θυσίας
3557 4613 3586 4669 ο.
3635 4613 3726 4694 καί

2138 4709 2254 4770 τοῖς
2283 4709 2656 4782 ὴπατημένοις
2690 4716 2848 4770 τοῦτο
2888 4719 3110 4788 γέγονεν
3153 4723 3234 4788 είς
3267 4723 3472 4798 βλάϐην
3517 4730 3732 4786 εἰδωλο-

2139 4798 2396 4870 λατρείας
2422 4804 2518 4858 καὶ
2564 4808 2939 4882 κενολατρίας.
2990 4813 3152 4870 Ἀλλά
3199 4819 3293 4871 καὶ
3325 4820 3426 4892 τὴν
3459 4821 3732 4896 θυγατέρα

2139 4889 2234 4942 τοῦ
2264 4891 2466 4963 Φαραὼ
2492 4898 2806 4968 τιμήσασαν
2846 4902 2937 4956 τὸν
2969 4903 3155 4960 δοῦλον
3181 4908 3275 4962 τοῦ
3299 4910 3434 4965 Θεοῦ
3467 4915 3729 4980 Μωῦσέα,

2143 4981 2474 5056 ἀνελομένην
2502 5005 2562 5040 τε
2615 4991 2710 5044 καὶ
2745 4993 3152 5067 ἀναθρέψασαν,
3196 5000 3284 5054 διὰ
3323 5003 3386 5056 τὸ
3417 5009 3730 5079 περίφημον

2139 5071 2260 5126 τότε
2284 5075 2378 5127 τοῦ
2410 5077 2625 5134 παιδίου
2648 5083 2790 5154 ὑπὲρ
2817 5086 2878 5139 τὸ
2915 5087 3034 5142 δέον
3071 5093 3400 5163 τιμήσαντες
3437 5099 3728 5168 Αἰγύπτιοι

2137 5165 2261 5220 ἀντὶ
2320 5168 2493 5238 Θεοῦ,
2553 5175 2646 5228 καὶ
2696 5177 2854 5232 τοῦτο
2905 5181 2986 5244 είς
3031 5186 3210 5253 κακὴν
3249 5189 3550 5260 παράδοσιν
3617 5197 3728 5258 τοῖς

2135 5257 2388 5331 ἀνοήτοις
2417 5265 2745 5335 παρέδωκαν
2770 5271 2849 5334 είς
2880 5271 3194 5344 θρησκείαν.
3221 5279 3330 5332 Καὶ
3358 5285 3724 5351 προσκυνοῦσι

2132 5347 2233 5418 τὴν
2269 5349 2571 5424 Θέρμουτιν
2599 5358 2699 5428 τὴν
2731 5358 3009 5433 θυγατέρα
3038 5365 3146 5434 (I0)
3179 5367 3274 5421 τοῦ
3317 5347 3594 5444 Ἀμενὼφ,
3621 5377 3720 5440 ἕως

2131 5439 2253 5492 τότε
2287 5443 2486 5515 Φαραὼ
2509 5447 2553 5514 ⁵,
2605 5449 2826 5523 ἐπειδὴ,
2861 5453 2938 5518 ὡς
2981 5461 3261 5528 προεῖπον,
3311 5439 3578 5537 ἀνέθρειζίε
3632 5439 3718 5522 τὸν

518 5562 536 5593 ¹
567 5559 730 5622 Prov.
761 5583 834 5636 tv,
868 5570 958 5625 27.
1041 5576 1101 5628 ⁸1
1130 5575 1272 5632 Tim.
1305 5595 1378 5646 tv,
1414 5581 1464 5636 I.
1541 5583 1563 5615 ³
1585 5583 1764 5642 Judic.
1795 5605 1870 5654 χι,
1901 5591 1926 5646 1
1963 5607 2055 5665 sqq

2165 5597 2187 5630 ⁴
2215 5597 2386 5659 Exod.
2416 5619 2475 5673 ιι,
2513 5606 2597 5662 I0.
2677 5609 2698 5642 ⁵
2727 5609 2787 5665 F.
2819 5611 3125 5671 addendum
3155 5619 3270 5677 τοῦ.

514 5695 793 5797 (ιθλΤξιν
825 5703 1154 5797 Θιιὲ,ι›,ειοιμντιις·⁶
1183 5711 1297 5797 τὴν
1329 5719 1640 5794 θυγατέρα.
1678 5719 2017 5797 Ameuophin
2058 5749 2116 5789 re

445 5768 538 5820 tua
573 5773 680 5834 est,
716 5771 770 5823 in
800 5768 910 5840 quo
932 5768 1158 5834 Eusebii
1188 5768 1731 5849 Citrouicou'sccutus
1761 5805 1866 5852 cst.

2119 5749 2239 5806 gem
2274 5737 2424 5796 illum
2459 5739 2681 5814 Egypti
2709 5746 2974 5818 nominat,
3037 5751 3140 5808 sub
3205 5770 3315 5826 quo
3353 5755 3566 5829 Moyses
3615 5775 3709 5813 na-
