3986 6224
216 312 318 369 737

774 315 1147 375 ADVERSUS
1187 315 1529 374 ll/ERESES
1567 318 1693 375 LIB.
1729 319 1782 375 II]

1889 321 2019 380 ,‘OM.
2053 324 2117 380 ΙΙ.
2142 326 2500 384 -ΗίΕΠΕδ,
2534 326 2817 388 LXXVIII.

3349 334 3453 390 758

205 436 462 494 Μωῡσέα.
507 435 620 491 Καὶ
658 434 827 491 πολλά
866 437 1089 491 τοιαῦτα
1136 436 1297 499 ὅμοια
1340 437 1560 506 γέγονεν
1604 437 1660 489 tv
1704 438 1782 489 κό-

1890 440 2176 509 Ejusmodi
2228 443 2487 514 pleraque
2534 445 2599 499 ad
2658 462 2925 503 czccorum
2983 449 3262 507 hominum
3306 452 3448 509 frau-

209 547 331 601 σμῳ
363 530 443 591 είς
500 527 710 598 πλάνην
763 527 872 581 τῶν
900 529 1306 600 ἠπατημένων,
1350 530 1409 581 οὺ
1459 528 1568 582 τῶν
1615 528 1785 596 ἁγίων

203 621 395 676 αἰτίων
419 620 587 671 ὄντων
623 618 765 671 τισὶν
794 620 875 681 είς
902 618 1256 690 πρόσκομμα,
1284 618 1385 688 τῆς
1421 618 1653 681 διανοίας
1677 618 1786 671 τῶν

196 708 511 782 ἀνθρώπων
542 710 616 781 μὴ
660 709 998 781 ἠρεμούσης,
1040 709 1154 762 ἀλλ’
1201 710 1294 763 ἐπὶ
1344 708 1411 762 τὰ
1447 708 1660 781 πονηρά
1691 710 1785 762 ὲκ-

199 802 573 874 τρεπομένης.
616 803 773 855 Ἤτοι
804 803 912 873 γὰρ
946 801 1214 855 ἀπέθανεν
1245 804 1279 873 ἡ
1320 801 1451 872 ἀγία
1488 801 1784 872 Παρθένος,

202 898 299 945 καὶ
347 893 637 960 τέθαπται,
678 893 737 945 tv
785 895 919 964 τιμῇ
948 893 1121 964 αὐτῆς
1157 894 1191 963 ἡ
1240 892 1532 963 κοίμησις,
1588 893 1681 945 καὶ
1730 892 1788 946 tv

204 983 397 1052 ἁγνείᾳ
434 987 467 1055 η
499 984 745 1055 τελευτὴ,
773 986 867 1038 καὶ
901 987 958 1037 tv
998 984 1266 1056 παρθενίᾳ
1291 987 1319 1038 6
1345 985 1635 1054 στέφανοςο
1669 985 1788 1055 ἦτοι

203 1073 468 1145 ἀνῃρέθη,
501 1074 685 1139 καθὼς
712 1076 1021 1148 γέγραπται
1041 1091 1055 1105 ⁸
1091 1076 1203 1129 Καὶ
1226 1076 1341 1144 τὴν
1366 1074 1579 1145 ψυχὴν
1599 1074 1789 1143 αὐτῆς

200 1166 578 1219 διελεύσεται
600 1168 873 1237 ῥομφαία
895 1182 910 1199 ο
943 1169 999 1221 ὲν
1026 1169 1293 1239 μάρτυσιν
1327 1168 1497 1237 αὐτῆς
1522 1168 1583 1220 τὸ
1610 1167 1785 1230 κλέος,

203 1259 297 1311 καὶ
334 1260 393 1311 tv
444 1262 815 1331 μακαρισμοϊς
864 1260 925 1313 τὸ
962 1260 1115 1329 ἆγιον
1169 1261 1339 1331 αὐτῆς
1392 1260 1578 1329 σῶμα·
1611 1257 1678 1310 δι’
1720 1252 1788 1328 ἧς

201 1349 319 1417 φῶς
366 1351 608 1404 ἀνέτειλε
655 1351 735 1421 τῷ
777 1351 1002 1422 κόσμῳ·
1038 1352 1156 1422 ἦτοι
1194 1351 1249 1402 δὲ
1289 1350 1489 1421 ἔμεινε.
1534 1349 1646 1402 Καὶ
1679 1349 1788 1420 γάρ

198 1443 301 1500 οὐκ
321 1443 575 1497 ἀδυνατεῖ
598 1442 674 1513 τῷ
701 1442 822 1513 Θεῷ
849 1443 1025 1495 πάντα
1044 1444 1238 1507 ποιεῖν,
1267 1442 1475 1512 ὅσαπερ
1505 1439 1751 1510 βούλεται
1768 1453 1783 1467 ⁸

199 1538 262 1591 τὸ
295 1536 448 1599 τέλος
489 1533 597 1605 γὰρ
630 1533 800 1603 αὐτῆς
842 1532 1018 1596 οὐδεὶς
1056 1531 1215 1599 ἔγνω.
1253 1531 1407 1601 Πέρα
1446 1529 1541 1582 τοῦ
1579 1529 1787 1593 δέοντος

198 1629 260 1680 οὐ
296 1627 404 1699 χρὴ
456 1626 621 1695 τιμᾷν
653 1624 780 1686 τοὺς
811 1622 1033 1691 ἁγίους,
1072 1622 1209 1675 ἀλλά
1259 1621 1424 1691 τιμᾷν
1470 1620 1559 1672 τὸν
1609 1619 1787 1672 αὐτῶν

200 1715 504 1784 Δεσπότην.
561 1710 868 1765 Παυσάσθω
916 1709 1094 1762 τοίνυν
1137 1710 1170 1777 ή
1218 1707 1393 1778 πλάνη
1436 1706 1544 1759 τῶν
1582 1706 1787 1759 πεπλα-

1887 528 2009 585 dem
2058 542 2110 585 et
2143 546 2384 588 errorem
2421 536 2475 587 in
2511 537 2769 591 mundum
2802 540 3108 596 introducta
3160 552 3308 608 sunt,
3344 561 3453 600 non

1888 622 2031 691 quod
2078 624 2255 678 sancti
2286 624 2542 694 cuiquam
2574 626 2891 684 oﬂensionis
2923 647 3110 686 ansam
3142 634 3450 703 prmbeant,

1889 710 1982 765 sed
2016 712 2156 781 quod
2190 715 2580 784 conquiescere
2607 732 2761 773 mens
2794 720 3074 775 hominum
3118 732 3365 794 nequeat.
3400 734 3456 781 et

1888 806 1955 855 ad
2000 817 2165 871 prava
2224 805 2480 863 declinet.
2519 807 2730 862 Etenim
2775 810 2889 865 sive
2921 822 3134 868 mortua
3178 823 3261 870 est
3286 814 3453 886 Virgo

1888 896 2241 949 sanctissima
2269 910 2333 950 ac
2363 897 2596 966 sepulta,
2623 913 2839 955 summo
2860 915 2982 955 eum
3010 903 3297 971 splendore
3324 920 3456 959 con-

1883 985 2074 1055 juncta
2115 998 2261 1039 mors
2310 986 2458 1041 illius
2492 995 2618 1055 εει,
2650 999 2705 1043 et
2750 991 3095 1047 castissimus
3144 993 3342 1059 exitus,
3390 1010 3454 1049 ac

1888 1074 2211 1143 virginitatis
2239 1075 2288 1129 ei
2326 1090 2527 1130 corona
2564 1091 2861 1144 concessa;
2900 1080 3014 1135 sive
3043 1081 3324 1138 interfecta
3346 1126 3360 1149 ,
3396 1094 3455 1139 ut

1889 1164 2132 1218 indicare
2181 1164 2462 1233 Scriptura
2512 1168 2725 1222 videtur
2774 1169 2858 1224 his
2914 1171 3135 1226 verbis:
3181 1171 3249 1224 Et
3286 1175 3454 1243 ipsius

1889 1256 2125 1308 animum
2166 1256 2455 1325 penetrabit
2480 1256 2691 1326 gladius
2714 1260 2755 1324 ³,
2802 1259 3028 1329 gloriam
3061 1270 3330 1333 martyres
3372 1263 3456 1316 in-

1890 1356 1973 1401 ter
2010 1362 2073 1401 ac
2100 1346 2269 1401 decus
2304 1347 2531 1413 obtinet,
2562 1358 2615 1403 et
2644 1364 2859 1404 sacrum
2888 1352 3034 1406 illius
3068 1366 3267 1422 corpus
3304 1353 3452 1406 omni

1889 1438 2151 1493 felicitate
2181 1439 2516 1493 cumulatum
2550 1449 2668 1507 est;
2708 1458 2803 1511 per
2842 1458 3004 1512 quam
3036 1444 3243 1499 mundo
3273 1445 3453 1499 lumen

1889 1529 2084 1583 illuxit.
2123 1526 2309 1584 Potest
2345 1528 2579 1598 denique
2617 1538 2672 1583 et
2714 1531 2766 1583 in
2799 1531 2907 1585 vita
2948 1534 3239 1588 mansisse.
3271 1530 3454 1587 Potest

1887 1619 2033 1673 enim
2068 1618 2215 1673 Deus
2242 1619 2508 1689 quidquid
2535 1620 2754 1675 libuerit
2779 1620 2988 1677 allicere
3013 1641 3026 1689 ;
3060 1638 3182 1677 nam
3211 1624 3277 1678 de
3311 1624 3453 1680 illius

1888 1709 2036 1761 exitu
2068 1707 2203 1761 nihil
2242 1715 2392 1762 certo
2416 1717 2657 1762 constat.
2690 1707 2863 1763 Porro
2894 1710 3033 1763 ultra
3063 1726 3223 1780 quam
3256 1727 3354 1782 par
3386 1712 3456 1767 sit

199 1781 469 1876 νημένων.
490 1800 627 1855 Οὔτε
659 1801 767 1871 γὰρ
808 1799 927 1861 θεὸς
953 1801 986 1869 ἡ
1020 1797 1229 1869 Μαρία,
1268 1796 1390 1849 οὔτε
1431 1798 1524 1848 ἀπ’
1552 1796 1782 1867 οὐρανοῦ

1890 1807 2111 1853 επις-ωε
2134 1799 2381 1854 venerari
2410 1799 2565 1854 nefas
2591 1808 2707 1865 est;
2742 1800 2836 1855 sed
2868 1801 3083 1856 illorum
3105 1799 3453 1859 honoran’dus
3483 1807 3498 1819 ⁸

199 1898 399 1969 ἔχουσα
441 1896 501 1948 τὸ
549 1893 729 1965 σῶμα,
781 1890 894 1944 ἀλλ’
939 1892 1001 1943 ὲκ
1054 1890 1365 1959 συλλήψεως
1436 1888 1627 1959 ἀνδρὸς
1691 1889 1785 1941 καὶ

198 1988 480 2057 γυναικὸς,
520 1987 637 2039 κατ’
683 1983 1016 2051 ἐπαγγελίαν
1047 1982 1123 2046 δὲ,
1168 1981 1355 2054 ὥσπερ
1386 1983 1414 2034 6
1466 1980 1670 2043 Ἰσαὰκ,
1705 1982 1783 2032 οἱ-

198 2077 583 2148 κονομηθεῖσα.
633 2074 744 2127 Καὶ
794 2072 982 2143 μηδεὶς
1033 2073 1112 2134 εἰς
1160 2070 1331 2141 ὄνομα
1378 2070 1581 2140 ταύτης
1615 2087 1783 2140 προσ-

202 2169 416 2239 ρερέτω
435 2184 448 2196 ·
476 2164 669 2219 ἑαυτοῦ
694 2163 801 2235 γὰρ
821 2164 918 2233 τὴν
939 2162 1113 2233 ψυχὴν
1137 2162 1388 2215 ἅπόλλει¹
1414 2178 1425 2190 °
1457 2163 1592 2232 μήτε
1619 2161 1781 2214 πάλιν

196 2259 600 2332 ἑμπαροινείτω
650 2256 949 2328 ἐξυϐρίζων
978 2257 1096 2326 ιτὴν
1141 2255 1300 2323 ἁγίαν
1350 2254 1644 2325 Παρθένον.
1689 2253 1780 2324 Μὴ

198 2354 307 2425 γὰρ
339 2353 580 2422 γένοιτοῑ
622 2350 683 2403 οὐ
748 2349 998 2420 συνήφθη
1051 2349 1216 2418 σαρκὶ
1262 2347 1398 2431 μετὰ
1429 2347 1526 2417 τὴν
1564 2346 1777 2415 κύησιν,

192 2446 322 2499 οὐδὲ
355 2443 462 2514 πρὸ
490 2442 587 2512 τῆς
613 2441 863 2511 κυήσεως
892 2439 985 2492 τοῦ
1024 2439 1296 2509 Σωτῆρος.

1888 1896 1971 1941 εει
2019 1885 2299 1944 Dominus.
2335 1888 2696 1953 Quamobrem
2734 1889 2951 1945 desinat
3007 1891 3224 1945 tandem
3278 1890 3456 1946 infeli-

1887 1978 2033 2031 cium
2066 1979 2154 2033 ille
2191 1979 2471 2032 hominum
2510 1995 2679 2033 error.
2714 1979 2899 2049 Neque
2934 1980 3077 2035 enim
3112 1980 3282 2034 Maria
3315 1981 3456 2035 Deus

1886 2076 2008 2134 est,
2048 2085 2226 2139 neque
2251 2070 2317 2124 de
2352 2069 2491 2124 coelo
2527 2071 2739 2141 1056
2769 2087 2968 2141 corpus
3000 2073 3231 2143 accepit,
3264 2072 3357 2128 sed
3389 2073 3456 2126 ab

1889 2158 2008 2211 viro
2040 2174 2102 2211 ac
2145 2160 2373 2214 muliere
2405 2163 2608 2230 genita,
2640 2164 2857 2216 tametsi
2894 2178 2955 2216 ex
2990 2164 3371 2232 promissione,
3399 2173 3456 2217 ut

1887 2251 2013 2303 olim
2068 2248 2328 2317 lsaacus,
2368 2252 2635 2320 singulari
2686 2252 2779 2306 Dei
2822 2255 2891 2307 sit
2940 2255 3281 2323 providentia
3320 2271 3455 2310 con-

1886 2356 2064 2396 cessa.
2092 2341 2262 2395 Nemo
2286 2358 2418 2397 vero
2462 2343 2517 2396 in
2561 2343 2708 2396 illius
2739 2359 2937 2400 nomen
2971 2348 3301 2401 sacrificium
3326 2348 3457 2404 oii'e-

1888 2442 1994 2498 rat,
2025 2434 2229 2503 alioqui
2259 2435 2453 2488 animae
2479 2450 2590 2488 sua:
2619 2447 2846 2490 mortem
2874 2447 3035 2507 atque
3070 2439 3295 2492 exitium
3324 2454 3457 2493 con-

200 2543 421 2596 sciscet.
468 2538 653 2607 Neque
720 2550 850 2591 vero
896 2536 949 2588 in
1027 2534 1432 2589 sanctissimam
1488 2532 1636 2585 illam
1702 2531 2093 2585 contumeliose
2135 2531 2487 2589 Derbacchari
2527 2531 2743 2586 audeat.
2791 2532 2947 2587 Absit
2989 2534 3172 2603 enim,
3226 2542 3286 2589 ut
3335 2544 3457 2606 post

200 2635 409 2691 editum
441 2631 775 2692 Salvatorem
798 2672 815 2697 ,
845 2636 940 2682 aut
992 2635 1119 2683 ante
1158 2634 1398 2697 partum,
1439 2641 1640 2695 corpus
1679 2640 1805 2679 cum
1848 2626 1959 2680 ullo
1985 2626 2337 2693 conjunxisse
2364 2625 2598 2680 dicatur.

268 2726 405 2781 KE'.
441 2723 551 2777 Kal.
583 2721 757 2776 ταῦτα
813 2719 912 2791 μὲν
962 2718 1030 2772 τὰ
1072 2718 1227 2786 ὀλίγα
1275 2719 1355 2781 είς
1403 2718 1629 2781 ἑαυτοὺς
1672 2716 1786 2769 δια-

201 2820 577 2889 σκοπήσαντες
600 2854 616 2878 ,
649 2813 969 2885 ἐγράψαμεν
1012 2813 1123 2875 τοῖς
1157 2810 1501 2881 βουλομένοις
1541 2825 1788 2880 καταμα-

196 2912 315 2965 θεῖν
346 2911 446 2978 τῆς
486 2905 707 2977 Γραφῆς
738 2904 837 2974 τὴν
865 2902 1140 2974 ἀλήθειαν,
1186 2901 1282 2955 καὶ
1323 2901 1397 2972 μὴ
1426 2901 1602 2972 μάτην
1648 2916 1788 2971 παρ-

198 3002 369 3055 οινεῖν
397 3000 507 3060 τοῖς
542 2996 752 3064 λόγοις,
785 2993 878 3047 καὶ
913 2993 1232 3063 βλάσφημόν
1273 3009 1393 3044 τινα
1437 2992 1653 3053 ἑαυτοῖς
1698 2988 1789 3053 ἐξ·

1952 2714 2117 2769 XXV.
2158 2716 2283 2772 llaec
2329 2717 2641 2782 habuimus,
2682 2733 2802 2788 quae
2835 2719 2978 2790 apud
3054 2735 3158 2776 nos
3200 2722 3458 2778 meditata

1888 2805 1942 2858 in
1978 2822 2166 2860 eorum
2195 2808 2423 2877 gratiam
2451 2807 2600 2861 brevi
2627 2808 2925 2877 scriptione
2949 2811 3456 2881 complecteremur,

1888 2897 1979 2965 qui
2019 2912 2301 2951 sacrarum
2344 2899 2672 2956 Litterarum
2706 2901 2989 2956 veritatem
3024 2905 3304 2974 percipere
3338 2915 3456 2960 stu-

1885 2987 2044 3057 dent,
2068 3003 2243 3058 neque
2272 2997 2476 3044 temere
2520 2992 2865 3047 sermonibus
2892 2994 3174 3061 insultare,
3211 3007 3303 3050 aut
3327 3014 3460 3052 con-

199 3090 520 3155 οπλίζεσθαι
568 3087 841 3157 γλῶτταν.
882 3086 948 3138 Εἰ
982 3084 1039 3137 δὲ
1092 3082 1367 3154 βούλονταί
1409 3098 1552 3144 τινες
1598 3079 1782 3173 ἀνέχε-

1889 3080 2222 3133 lumeliosam
2260 3079 2363 3133 sibi
2392 3080 2533 3149 ipsis
2572 3082 2809 3151 linguam
2846 3083 3163 3152 producere.
3209 3086 3364 3151 Quod
3411 3090 3456 3144 si

197 3187 328 3240 σθαι
355 3187 399 3246 ⁸,
434 3182 554 3236 οὐδὲ
596 3178 991 3250 καταδέχεσθαι
1017 3176 1086 3230 τὰ
1120 3175 1396 3244 ὲπωφελῆ,
1426 3172 1562 3227 ἀλλὰ
1584 3172 1782 3242 μᾶλλον

198 3274 492 3330 τάναντία·
529 3272 623 3325 καὶ
649 3269 743 3339 ἀφ’
778 3266 934 3339 ἡμῶν
978 3265 1089 3319 τῶν
1133 3264 1365 3318 εὐτελῶν
1403 3263 1555 3316 ἔσται
1592 3262 1782 3333 ῥητέον

198 3365 281 3432 τὸ,
319 3365 384 3417 '0
439 3361 676 3417 ἀκούων
734 3356 1034 3417 ἀκουέτω,
1066 3355 1164 3408 καὶ
1219 3357 1251 3408 ό
1301 3350 1562 3408 ἀπειθῶν
1612 3352 1780 3405 ἀπει-

199 3458 373 3512 θείτω
392 3472 406 3486 ·
446 3454 519 3524 μή
547 3470 600 3504 τι
629 3452 741 3513 τοῖς
767 3446 1083 3509 ἀποστόλοις
1113 3446 1278 3499 κόπον
1308 3442 1613 3514 παρεχέτω,
1645 3443 1781 3512 μήτε

200 3551 337 3621 ἡμῖν
385 3544 603 3617 μηκέτι.
665 3544 733 3595 Ἀ
776 3540 883 3611 γὰρ
929 3538 1148 3610 ᾔδειμεν
1197 3537 1492 3607 σεμνότερα
1536 3535 1629 3587 καὶ
1676 3535 1783 3621 trt-

200 3620 389 3707 ωφελῆ
405 3635 471 3703 τῇ
502 3629 817 3700 Ἐκκλησίᾳ,
833 3626 1005 3680 ταῦτα
1040 3626 1169 3695 περὶ
1194 3624 1289 3695 τῆς
1315 3623 1476 3691 ἁγίας
1508 3620 1780 3690 Παρθένου

200 3728 546 3800 εἰρήκαμεν,
579 3718 1001 3791 συνηγοροῦντες
1041 3718 1107 3787 τῇ
1163 3714 1305 3769 κατὰ
1341 3714 1517 3766 πάντα
1561 3729 1782 3783 κεχαρι-

199 3816 444 3888 τωμένῃ,
476 3813 551 3876 ὡς
576 3808 726 3865 εἶπεν
746 3812 774 3864 6
800 3807 1046 3879 Γαϐριὴλ
1063 3823 1076 3836 ·
1099 3805 1295 3876 Χαῖρε,
1321 3803 1778 3873 κεχαριτωμένη,

198 3909 233 3962 ὀ
276 3904 501 3971 Κύριος
542 3899 695 3970 μετὰ
738 3898 876 3953 σοῦ.
910 3897 974 3950 Et
1004 3895 1061 3948 δὲ
1109 3898 1137 3948 ὁ
1175 3894 1376 3965 Κύριος
1427 3894 1543 3964 μετ’
1590 3893 1778 3963 αὐτῆς,

200 3995 323 4058 πῶς
355 3992 507 4046 ἔσται
535 3992 593 4044 tv
624 3986 853 4058 συζυγία
887 3987 1085 4058 ἑτέρᾳ;
1122 3984 1247 4048 Πῶς
1270 3985 1326 4037 δὲ
1361 3985 1520 4057 σαρκὶ
1550 3982 1783 4053 πλησιά-

200 4087 374 4149 ζουσα
416 4082 570 4135 ἐσται
612 4080 716 4133 ὑπὸ
744 4078 949 4150 Κυρίου
983 4070 1392 4146 φυλαττομένη;
1438 4076 1501 4128 Ui
1548 4076 1692 4142 διγιοι
1722 4075 1781 4127 tv

122 4176 127 4187 '
197 4172 420 4242 τιμῇ,ή
451 4169 755 4231 ἀνάπαυσις
801 4165 979 4220 αὐτῶν
1030 4167 1089 4218 tv
1150 4164 1315 4238 δόξῃ,
1374 4166 1406 4235 ἡ
1444 4164 1780 4219 ἀπεντεῦθεν

197 4261 380 4317 αὐτῶν
426 4259 659 4332 ὲκδημία
700 4260 759 4311 tv
806 4256 1122 4326 τελειότητι,
1175 4258 1204 4308 6
1265 4256 1462 4326 κλῆρος
1503 4254 1679 4307 αὐτῶν
1722 4255 1779 4307 tv

196 4350 569 4421 ,μακαριότητι
598 4347 735 4419 (Μ),
760 4347 819 4401 tv
854 4348 1040 4417 μοναῖς
1072 4346 1273 4414 ἁγίαις,
1298 4347 1326 4397 ὀ
1353 4345 1509 4417 χορὸς
1535 4345 1649 4416 μετ’
1676 4347 1778 4413 ἀγ-

1887 3169 1980 3239 (ιυί
2030 3168 2290 3240 refragari
2338 3172 2549 3238 malint,
2586 3188 2650 3226 ac
2690 3175 2889 3243 spretis
2922 3177 3165 3242 utilibus,
3200 3194 3321 3248 quae
3372 3181 3458 3237 his

1888 3262 2168 3314 contraria
2211 3270 2340 3316 sunt
2382 3264 2660 3332 amplecti,
2699 3279 2730 3318 a
2759 3265 2918 3321 nobis
2950 3266 3152 3323 inlimis
3189 3285 3458 3339 usurpan-

1888 3351 2016 3405 dum
2050 3352 2182 3406 illud
2215 3354 2360 3407 erit:
2400 3353 2504 3419 Qui
2547 3356 2720 3422 audit,
2777 3356 2993 3421 audiat;
3041 3360 3130 3424 qui
3175 3372 3459 3415 contumax

1889 3451 1998 3505 est,
2055 3450 2344 3495 contumax
2394 3453 2506 3496 esto
2527 3442 2570 3507 ⁸,
2605 3458 2669 3497 ac
2719 3458 2895 3513 neque
2944 3447 3227 3514 apostolis,
3281 3465 3459 3518 neque

1886 3532 2048 3587 nobis
2078 3533 2315 3603 amplius
2348 3534 2614 3589 molestus
2647 3535 2738 3588 sit.
2786 3534 2918 3601 Quae
2963 3539 3105 3591 enim
3154 3540 3459 3611 religiosis-

1887 3624 2023 3679 sima
2066 3624 2388 3680 etEcclesite
2419 3623 2701 3681 fructuosa
2733 3641 2856 3681 esse
2885 3629 3230 3695 putabamus,
3257 3636 3369 3686 lucc
3392 3634 3459 3689 de

1890 3716 2242 3770 sanctissima
2279 3714 2503 3786 Virgine
2526 3732 2717 3772 sumus
2752 3717 3005 3786 professi,
3035 3728 3092 3772 ut
3119 3721 3239 3789 ejus
3274 3733 3459 3792 patro-

1887 3809 2091 3863 cinium
2135 3808 2563 3878 suscipercmus,
2595 3824 2715 3879 quae
2748 3810 2921 3879 gratia
2982 3810 3298 3879 plenissima
3330 3824 3410 3868 est
3439 3834 3452 3868 :

1888 3904 1949 3950 ut
1978 3895 2196 3951 Gabriel
2232 3897 2447 3951 locutus
2477 3904 2562 3952 est
2590 3913 2606 3950 :
2638 3904 2765 3960 Ave,
2803 3900 2976 3968 gratia
3000 3900 3174 3967 plena,
3202 3892 3455 3957 Domum;

1889 3995 2055 4040 tecum
2080 3986 2122 4039 ⁵.
2160 3985 2316 4051 Quod
2359 3986 2406 4041 si
2451 4002 2575 4041 cum
2607 3987 2722 4055 ipsa
2756 3986 3017 4043 Dominus
3056 3997 3158 4054 est,
3184 3993 3458 4060 quomodo

1888 4078 2119 4133 alterum
2181 4079 2495 4149 conjugium
2561 4080 2849 4134 admisisse
2891 4083 3111 4150 potest?
3166 4082 3455 4151 Quonam,

1887 4168 2129 4238 inquam,
2164 4177 2325 4239 pacto
2350 4184 2470 4238 quae
2502 4171 2686 4225 carnis
2717 4172 3172 4226 consuetudinem
3206 4174 3453 4239 haberet,

1895 4273 1925 4311 a
1958 4257 2191 4313 Domino
2222 4260 2430 4315 servari
2464 4259 2701 4314 dicitur?
2735 4260 3024 4316 Enimvero
3055 4265 3231 4318 sancti
3265 4280 3456 4323 omnes

1886 4351 2162 4420 magnoin
2195 4351 2402 4405 honore
2425 4361 2572 4406 sunt.
2596 4351 2801 4405 Horum
2827 4360 2910 4405 est
2938 4352 3174 4422 gloriosa
3201 4356 3418 4424 requies
3437 4399 3454 4423 ,

197 4443 398 4511 γέλων,
427 4442 460 4511 ή
494 4441 673 4495 δίαιτα
719 4442 777 4493 tv
809 4439 1046 4511 οὐρανῷ,
1077 4440 1138 4491 τὸ
1171 4439 1473 4510 πολίτευμα
1516 4441 1573 4492 tv
1607 4438 1778 4503 θείαις

1890 4440 2083 4495 horum
2107 4457 2171 4496 ex
2195 4442 2295 4495 hac
2326 4442 2433 4495 vita
2453 4441 2732 4498 discessus
2759 4443 2824 4496 ad
2856 4442 3241 4513 perfectionem
3274 4452 3455 4500 trans-

198 4532 470 4602 Γραφαῖς,
498 4531 560 4582 τὸ
587 4529 742 4593 κλέος
765 4529 822 4582 tv
845 4530 979 4598 τιμῇ
1007 4528 1381 4599 ἀσυνεικάστῳ
1403 4528 1497 4581 καὶ
1527 4528 1779 4599 διηνεκεῖ,

196 4623 267 4676 τὰ
293 4621 528 4693 βραδεῖα
560 4623 617 4675 tv
641 4619 861 4692 Χριστῷ
893 4619 1066 4690 Ἰησοῦ
1096 4619 1173 4691 τῷ
1202 4621 1389 4691 Κυρίῳ
1414 4621 1569 4692 ἡμῶν
1587 4637 1600 4649 ·
1631 4622 1697 4674 δι’
1723 4616 1782 4676 οὗ

196 4711 295 4765 καὶ
327 4710 445 4781 μεθ’
473 4704 534 4765 οὗ
578 4710 705 4774 δόξα
748 4709 828 4781 τῷ
856 4709 1032 4781 Πατρὶ
1077 4710 1173 4764 σὺν
1203 4710 1343 4781 ἁγίῳ
1390 4709 1668 4781 Πνεύματι
1706 4713 1786 4776 είς

196 4804 427 4867 αἰῶνας.
468 4805 665 4874 Ἀμήν.

1880 4534 1989 4587 itus
2022 4542 2143 4600 est,
2179 4535 2492 4589 eorumdem
2526 4535 2579 4588 in
2615 4534 2870 4589 felicitate
2908 4551 3064 4600 sors,
3108 4537 3161 4589 in
3213 4538 3452 4593 sanctis-

1885 4624 2038 4678 simis
2066 4624 2355 4679 domiciliis
2388 4624 2530 4679 inter
2557 4627 2869 4697 angelorum
2911 4628 3108 4683 choros
3138 4637 3450 4694 versantur,

1893 4714 2161 4769 habitatio
2187 4715 2243 4768 in
2278 4717 2439 4779 coelo,
2472 4719 2762 4787 occupatio
2795 4718 2848 4772 in
2892 4719 3067 4774 sacris
3096 4718 3315 4774 Litteris
3343 4728 3449 4787 est,

1888 4806 2058 4860 decus
2090 4820 2155 4860 ac
2186 4806 2444 4877 splendor
2475 4808 2810 4878 sempiterno
2849 4810 2901 4863 in
2945 4810 3152 4865 honore
3178 4812 3451 4877 consistit,

196 4914 365 4969 quem
425 4898 574 4951 nulla
634 4897 953 4967 conjectura
1008 4904 1188 4967 potest
1239 4899 1493 4968 assequi,
1551 4899 1773 4969 praemia
1849 4898 2085 4969 denique
2134 4901 2187 4954 in
2248 4900 2466 4955 Christo
2550 4900 2681 4957 Jesu
2737 4902 2969 4959 Domino
3024 4913 3214 4959 nostro
3274 4904 3452 4974 posita

196 5002 373 5058 sunt;
424 5008 520 5062 per
566 5007 756 5062 quem,
790 5001 843 5046 et
889 5007 1123 5062 quocum
1174 4994 1340 5063 gloria
1394 4992 1538 5048 Patri
1588 5010 1711 5049 cum
1752 5002 1945 5050 sancto
1973 4994 2178 5065 Spiritu
2212 4996 2264 5049 in
2294 4997 2511 5050 saecula.
2545 4997 2735 5051 Amen.

271 5085 779 5155 Προσαγορεύουσιν
824 5086 967 5155 ὑμᾶς
1007 5086 1205 5149 πάντες
1235 5089 1282 5139 oi
1324 5087 1561 5157 ἀδελφοί.
1599 5090 1777 5159 Προσ-

195 5174 391 5227 είττατε
424 5175 479 5227 δὲ
512 5176 602 5227 καὶ
634 5176 786 5229 αὐτοὶ
815 5176 1020 5240 πάντας
1050 5178 1176 5240 τοὺς
1209 5178 1337 5248 παρ’
1369 5179 1496 5248 ὑμῖν
1518 5178 1779 5249 ἀδελφοὺς

196 5267 427 5329 πιστοὺς
466 5266 795 5336 ὀρθοόόξους,
836 5266 1163 5335 στυγοῦντας
1213 5268 1589 5340 ὑπερηφανίαν
1613 5309 1630 5335 ,
1684 5287 1774 5339 μι-

1954 5090 2158 5144 Οιιιηεε
2198 5105 2294 5144 vos
2334 5090 2531 5145 fratres
2581 5092 2875 5160 plurimum
2921 5091 3182 5144 salutant.
3229 5086 3339 5141 Vos
3373 5088 3452 5141 vi-

1884 5180 2073 5235 cissim
2108 5182 2338 5235 salutem
2384 5182 2658 5243 omnibus,
2692 5183 2782 5251 qui
2832 5182 2972 5251 apud
3028 5197 3123 5235 vos
3155 5187 3302 5240 sunt,
3340 5179 3447 5230 fra-

1882 5272 2056 5326 tribus
2076 5272 2263 5337 dicite,
2305 5272 2406 5328 hoc
2437 5283 2520 5328 est
2552 5274 2803 5328 fidelibus
2838 5275 3065 5326 sincerae
3116 5270 3237 5325 ﬁdei
3274 5271 3450 5323 culto-

271 5440 293 5473 ί
328 5438 462 5511 Reg.
491 5440 764 5499 ἀπολλύει.
844 5446 864 5474 ¹
885 5443 946 5497 F.
980 5443 1319 5514 ἀντέχεσθαι.
1399 5447 1419 5477 ³
1446 5444 1580 5502 Luc.
1606 5462 1666 5511 tt,
1698 5447 1782 5501 55.

1904 5447 2102 5504 Ezech.
2129 5465 2210 5517 tu,
2236 5449 2325 5503 27.
2402 5453 2422 5484 ⁸
2454 5451 2587 5506 Luc.
2622 5469 2660 5517 l,
2690 5451 2780 5506 28.

176 5642 209 5689 ζ
269 5618 384 5688 (Η)
418 5617 479 5670 Ὀ
531 5618 753 5685 κλῆρος
772 5617 969 5672 αὐτῶν
1006 5618 1075 5671 ἐν
1115 5621 1517 5689 μακαριότητι.
1551 5621 1622 5676 Ex
1659 5622 1758 5675 hoc

198 5687 327 5743 loco
374 5689 717 5743 manifestum
752 5699 867 5753 cst,
912 5699 1245 5760 sanctorum,
1272 5687 1358 5746 ubi
1413 5687 1476 5746 cx
1516 5694 1611 5745 hac
1657 5695 1762 5745 vita

1869 5622 2237 5688 discesserint,
2286 5626 2493 5680 animas
2541 5626 2748 5680 caelesti
2803 5626 3055 5678 felicitate
3094 5626 3322 5693 perfrui,
3359 5641 3447 5683 ne-

1871 5710 1975 5764 que
2005 5712 2316 5766 supremum
2346 5696 2535 5765 judicii
2574 5705 2783 5764 tcntpus
2813 5705 3147 5763 exspectare.
