3986 6224
549 323 658 380 739

1963 312 2021 368 S.
2079 308 2420 369 ΕΡΙΡΙΙΑΝΙΙ

3696 301 3797 361 ’ἷὸο

551 436 727 501 ribus,
775 431 866 504 qui
918 429 1231 504 superbiam
1286 435 1630 494 aversantur,
1661 427 1755 498 qui
1792 428 2121 483 Arianorum

2227 424 2454 488 σοῦντας
2480 421 2766 479 κοινωνίαν
2801 421 2859 474 Ἀ
2869 418 3116 492 ρειανῶν.
3158 417 3254 475 καὶ¹
3280 414 3660 472 Σαϐελλιανῶν
3685 416 3801 486 ἔρο-

553 523 989 581 communionem
1024 528 1079 576 et
1119 519 1559 576 Sabellianornm
1616 520 1942 590 proterviam
1988 519 2123 576 ode-

550 623 702 681 runt,
731 614 837 685 qui
881 612 1409 671 consubstantialem
1444 611 1767 668 Trinitatem
1806 611 2123 681 proﬁtentes

553 705 783 762 adorant
839 704 1080 770 Patrem,
1123 711 1178 759 et
1207 703 1427 768 Filium,
1451 710 1506 759 et
1534 702 1799 775 Spiritum
1847 708 2121 768 sanctum,

554 805 669 852 tres
718 813 1004 869 personas,
1048 806 1102 852 ct
1134 811 1297 851 unam
1331 796 1696 852 substantiam
1722 836 1739 861 ,
1776 809 1840 851 ac
1869 794 2124 850 divinita-

553 896 682 954 tem,
712 903 984 958 unamque
1036 887 1288 957 gloriam,
1318 887 1523 956 quique
1557 886 1627 941 de
1685 885 1912 942 salutari
1944 885 2125 940 incar-

554 980 796 1034 nationis
821 977 1034 1034 Domini
1063 978 1324 1049 mysterio
1354 976 1566 1032 sincere
1621 991 1686 1032 ac
1717 976 1855 1032 citra
1881 991 2122 1030 errorem

554 1071 801 1126 sentiunt
822 1111 837 1135 ,
871 1085 934 1124 ac
961 1069 1238 1123 Christum
1273 1069 1431 1137 plane
1457 1068 1732 1124 hominem
1761 1083 1883 1122 esse
1916 1065 2122 1122 factum

554 1162 967 1231 perleClumque
1005 1161 1212 1230 1057
1256 1159 1457 1224 Deum,
1500 1175 1564 1215 ac
1602 1158 1904 1229 perfectum
1953 1159 2125 1213 homi-

553 1268 678 1308 nem
712 1253 1068 1317 arbitrantur,
1100 1253 1309 1322 peccali
1339 1253 1518 1307 omnis
1541 1259 1818 1322 expertem
1847 1291 1860 1314 ,
1885 1253 1977 1320 qui
2007 1265 2126 1306 cor-

557 1356 662 1409 pus
696 1342 759 1395 de
785 1340 953 1395 Maria
983 1342 1311 1410 susceperit,
1341 1357 1450 1397 una
1482 1357 1605 1397 cum
1631 1341 1812 1396 anima
1844 1351 1896 1396 et
1923 1348 2120 1404 mente,

554 1431 901 1500 exterisque,
933 1430 1136 1500 quibus
1169 1432 1446 1486 hominum
1478 1438 1669 1487 natura
1698 1439 1912 1486 constat
1939 1451 1952 1485 :
1987 1430 2124 1486 adeo

554 1532 611 1576 ut
638 1537 744 1576 non
771 1523 880 1576 duo
907 1525 1039 1588 sint,
1082 1523 1176 1582 scd
1207 1540 1348 1580 unus
1375 1524 1654 1587 Dominus,
1684 1539 1935 1593 unusque
1958 1522 2121 1589 Deus,

553 1630 696 1670 unus
727 1630 841 1678 rex,
884 1632 1027 1672 unus
1064 1615 1330 1685 pontifex,
1365 1613 1508 1670 Dens
1540 1625 1592 1670 et
1641 1615 1827 1683 homo,
1866 1615 2030 1669 homo
2061 1631 2125 1670 ac

554 1701 734 1770 Deus;
773 1720 881 1760 non
929 1706 1077 1773 duo,
1110 1703 1206 1758 sed
1254 1720 1430 1767 unus,
1474 1705 1723 1774 inquam,
1767 1721 1834 1759 ex
1883 1705 2117 1774 duplicis

2226 517 2464 588 σχελίαν,
2488 514 2764 587 τιμῶντας
2787 513 2846 568 δὲ
2869 513 3168 584 όμοουσίως
3186 512 3285 581 τὴν
3310 509 3537 581 Τριάδα,
3560 506 3797 576 Πατέρα.

2224 610 2319 664 καὶ
2347 608 2497 675 Υίὸν,
2529 607 2624 661 καὶ
2656 605 2812 674 ἅγιον
2841 603 3090 675 Πνεῦμα,
3115 605 3265 675 τρεῖς
3295 601 3645 663 ὑποστάσεις,
3677 598 3800 669 μίαν

2221 702 2432 766 οὐσίαν,
2470 700 2563 752 καὶ
2593 697 2826 768 θεότητα
2864 696 3014 765 μίαν,
3049 695 3142 749 καὶ
3185 689 3522 757 ἁπαξαπλῶς
3553 688 3688 760 μίαν
3722 688 3799 743 δο-

2225 793 2470 862 ξολογίαν
2491 807 2506 822 ’
2555 790 2650 845 καὶ
2679 788 2753 860 μὴ
2788 786 3190 858 σφαλλομένους
3231 784 3362 854 περὶ
3405 783 3506 853 τὴν
3549 781 3652 836 τοῦ
3691 781 3797 835 ἃμ-

2221 881 2388 951 τῆρος
2415 878 2571 950 ἡμῶν
2613 879 2879 948 σωτήριον
2905 874 3216 947 οἰκονομίαν
3243 872 3335 929 καὶ
3373 871 3646 942 ῐνσαρκον
3669 887 3799 940 παρ-

2221 973 2431 1036 ουσίαν,
2455 969 2590 1026 ἀλλὰ
2617 967 2972 1030 πιστεύοντας
2997 966 3218 1030 τελείως
3255 964 3350 1035 τὴν
3382 961 3625 1034 Χριστοῦ
3651 964 3797 1017 ἐναν-

2224 1064 2526 1137 θρώπησιν,
2555 1061 2759 1116 τέλειον
2781 1059 2932 1123 Θεὸν,
2960 1058 3164 1114 τέλειον
3184 1055 3278 1110 τὸν
3304 1053 3467 1111 αὐτὸν
3496 1052 3793 1125 ἄνθρωπον,

2223 1157 2390 1227 χωρὶς
2420 1153 2713 1226 ἁμαρτίας,
2736 1152 2974 1207 λαϐόντα
3005 1150 3138 1206 αὐτὸ
3168 1148 3230 1203 τὸ
3255 1147 3412 1232 σῶμα
3431 1145 3540 1202 ἀπὸ
3561 1144 3795 1215 Μαρίας,

2223 1249 2317 1300 καὶ
2351 1245 2526 1316 ψυχὴν
2554 1243 2810 1307 λαϐόντα,
2859 1242 2953 1298 καὶ
2989 1239 3116 1296 νοῦν
3153 1239 3247 1293 καὶ
3285 1237 3462 1292 πάντα
3489 1237 3542 1290 εί
3569 1235 3627 1290 τί
3660 1237 3798 1290 ἐστιν

2223 1337 2542 1407 ἄνθρωπος,
2575 1335 2745 1408 χωρὶς
2789 1333 3088 1406 ἁμαρτίας,
3135 1332 3196 1388 ού
3230 1330 3324 1386 δύο
3351 1330 3501 1392 ὄντα,
3546 1328 3666 1384 ἀλλ’
3708 1328 3799 1382 ἕνα

2223 1429 2448 1502 Κύριον,
2485 1430 2580 1484 ἕνα
2627 1427 2782 1490 Θεὸν,
2816 1428 2916 1482 ἕνα
2947 1426 3191 1496 βασιλέα,
3219 1425 3315 1480 ἕνα
3355 1424 3643 1496 ἀρχιερέα,
3673 1423 3798 1478 Θεδν

2223 1522 2320 1576 καὶ
2344 1521 2648 1592 ἄνθρωπον,
2680 1519 2966 1590 ἄνθρωπον
2998 1519 3088 1572 καὶ
3117 1517 3274 1579 Θεὸν,
3303 1517 3364 1570 ού
3397 1515 3511 1580 δύο,
3539 1515 3660 1571 ἀλλ’
3685 1515 3796 1576 ἕνα,

2225 1612 2594 1666 συνενωθέντα
2624 1613 2725 1666 οὐκ
2753 1614 2832 1675 είς
2875 1611 3158 1680 σύγχυσίν,
3187 1611 3294 1664 οὐδ’
3327 1611 3406 1672 είς
3439 1608 3797 1679 ἀνυπαρξίαν,

2225 1705 2340 1759 ἀλλ’
2369 1707 2450 1769 είς
2482 1705 2725 1776 μεγάλην
2750 1705 2971 1776 χάριτος
2991 1704 3322 1774 οἰκονομίαν.
3351 1699 3664 1772 Ἔρρωσθε.

552 1809 762 1856 natura:
821 1800 1207 1870 conjunctione
1273 1800 1560 1862 conﬂatus,
1592 1816 1698 1855 non
1767 1813 1828 1855 ut
1891 1801 2094 1871 aliquid
2151 1801 2464 1864 confusum,
2497 1810 2591 1856 aut
2631 1802 2686 1856 in
2740 1802 2970 1858 nihilum
3013 1801 3293 1858 redactum
3339 1798 3442 1863 sit,
3500 1796 3600 1852 sed
3644 1796 3702 1850 in
3739 1808 3801 1851 eo

558 1896 746 1950 omnia
781 1895 894 1951 sint
927 1895 994 1949 ad
1027 1911 1297 1951 summam
1322 1895 1519 1951 divinae
1550 1895 1741 1966 graliae
1779 1896 2304 1953 administrationem
2334 1895 2596 1967 perfecta.
2623 1895 2830 1952 Valete.

623 1988 738 2043 Hoc
765 1990 1009 2059 epistolae
1039 1993 1288 2059 exemplo
1321 1990 1584 2055 contenti,
1619 1988 1765 2058 quod
1801 1989 1867 2068 a‘d
1905 1990 2120 2043 illorum

2296 1988 2386 2059 Τῷ
2433 1989 2491 2042 δὲ
2544 1988 2644 2060 τῆς
2690 1989 2981 2060 ἐπιπολῆς
3029 1987 3347 2058 ἀντιγράφῳ
3403 1982 3798 2056 ἀρκεσθέντες.

553 2078 912 2135 refellendum
941 2095 1186 2138 errorem
1229 2081 1484 2136 idoneum
1525 2087 1630 2146 est,
1668 2093 1731 2133 ac
1764 2080 1900 2134 satis
1931 2093 2122 2150 super-

554 2185 660 2240 que
687 2172 864 2242 egisse
885 2187 985 2226 nos
1009 2172 1278 2237 arbitrati,
1313 2171 1501 2225 abhae
1527 2170 1719 2226 haeresi
1757 2169 2120 2236 discedemus,

555 2275 720 2330 quam
759 2261 1029 2330 serpentis
1063 2276 1094 2316 e
1124 2259 1393 2314 foramine
1425 2260 1749 2330 prodeuntis
1805 2261 1997 2328 instar,
2035 2276 2124 2316 sa-

553 2351 894 2420 pientissima
937 2350 1030 2406 Dei
1074 2351 1324 2406 doctrina
1370 2366 1434 2405 ac
1467 2352 1712 2422 potentia
1765 2354 1922 2422 (qua:
1977 2353 2124 2408 velut

553 2450 741 2513 styrax
767 2443 964 2497 orbem
983 2451 1252 2498 terrarum
1282 2441 1581 2513 fragrantia
1611 2458 1732 2506 sua,
1765 2443 1868 2498 hoc
1893 2453 1979 2499 est
2005 2460 2124 2500 san-

552 2542 767 2589 ctorum.
808 2532 1137 2602 virginitatis
1176 2533 1432 2597 filiorum,
1469 2533 1628 2602 cujus
1671 2533 1730 2587 Β.
1774 2532 1940 2605 Virgo
1976 2536 2126 2606 prin-

553 2635 683 2689 ceps
713 2630 821 2683 est,
855 2622 1059 2676 virtute
1088 2623 1442 2692 complevit),
1465 2632 1518 2677 et
1541 2623 1692 2678 illius
1725 2625 2002 2693 praesidio,
2029 2627 2123 2695 qui

552 2725 651 2780 per
681 2709 928 2765 eamdem
962 2710 1240 2781 Virginem
1269 2712 1395 2767 huic
1419 2713 1622 2768 mundo
1665 2714 1848 2769 lumen
1895 2716 2121 2784 invexit,

553 2817 680 2856 cum
717 2802 985 2860 hactenus
1022 2804 1075 2858 in
1110 2804 1284 2861 lucem
1321 2807 1649 2871 eruerimus,
1687 2815 1851 2877 atque
1881 2810 2122 2866 exitialis

554 2892 701 2948 illius
753 2894 1009 2962 nequitia:
1061 2895 1212 2953 virus
1263 2896 1723 2966 patefecerimus,
1777 2899 1846 2954 ad
1894 2909 2121 2960 caeteras

553 2982 859 3039 orationem
888 2985 1348 3055 promovebimns,
1384 3002 1492 3056 quo
1515 2987 1646 3043 huic
1668 2990 1822 3060 operi
1862 2991 2126 3061 singulari

554 3072 648 3129 Dei
695 3089 796 3146 ope
844 3083 1099 3156 suscepto
1145 3075 1303 3134 linem
1355 3078 1650 3150 aliquando
1704 3080 1920 3138 tandem
1963 3083 2120 3139 adhi-

553 3165 802 3222 beamus.

855 3279 1225 3336 ADVERSUS
1261 3280 1835 3348 COLLYRIDIANOS,

2221 2081 2402 2145 καλῶς
2447 2081 2622 2154 ἔχοντι
2655 2080 2792 2153 πρὸς
2823 2081 2924 2152 τὴν
2954 2080 3161 2134 τούτων
3193 2077 3465 2132 ἀντίθεσιν
3484 2117 3499 2142 ,
3551 2076 3665 2139 ἕως
3704 2068 3798 2128 ὧδε

2225 2171 2424 2235 ἱκανῶς
2450 2171 2590 2243 ἔχειν
2612 2170 3021 2242 δοκιμάζοντες,
3053 2169 3148 2223 καὶ
3172 2165 3380 2239 ταύτην
3406 2168 3468 2220 ὲν
3497 2165 3624 2236 Θεῷ
3642 2168 3797 2234 ὑπερ-

2221 2262 2539 2333 ϐεϐηκότες,
2562 2262 2638 2325 ὡς
2667 2261 2898 2334 ἑρπετὸν
2925 2260 3032 2315 ἀπὸ
3057 2259 3196 2330 ὀπῆς
3228 2257 3536 2329 προκύψαν,
3563 2257 3655 2311 διὰ
3684 2272 3793 2308 συν-

2222 2359 2352 2429 ετῆς
2405 2357 2540 2412 Θεοῦ
2583 2356 2932 2419 διδασκαλίας
2979 2372 3039 2408 τε
3090 2355 3186 2409 καὶ
3225 2353 3538 2422 δυνάμεως.
3586 2350 3687 2420 τῆς
3727 2348 3792 2411 ὡς

2225 2452 2492 2524 στύρακος
2534 2451 2805 2522 πνεούσης
2845 2447 3097 2519 εὖοδμίαν
3129 2449 3188 2500 ὲν
3233 2446 3423 2515 κόσμῳ
3471 2444 3561 2497 ἐπ’
3612 2443 3789 2514 ἀρετῇ,

2223 2543 2318 2596 καὶ
2357 2542 2526 2611 ἀγίων
2561 2541 2766 2594 παίδων
2795 2539 2896 2610 τῆς
2931 2537 3248 2609 παρθενίας,
3288 2534 3396 2588 ἀπὸ
3440 2531 3668 2603 Μαρίας
3702 2531 3790 2601 ἀρ-

2224 2631 2460 2704 ξαμένης
2485 2632 2582 2703 τῆς
2610 2631 2793 2700 ἁγίας,
2826 2629 2915 2683 διὰ
2938 2627 3032 2682 τοῦ
3065 2626 3125 2692 ἐξ
3153 2626 3322 2696 αὐτῆς
3361 2623 3478 2694 φῶς
3501 2621 3581 2694 τῷ
3617 2623 3792 2693 κόσμῳ

2224 2725 2607 2786 ἀνατείλαντος
2627 2765 2642 2790 ,
2669 2721 3037 2789 διελέγξαντες
3057 2760 3071 2787 ,
3109 2719 3206 2772 καὶ
3232 2717 3325 2770 τὸν
3355 2714 3527 2770 κακὸν
3580 2715 3660 2768 ίδν
3704 2715 3792 2782 τῆς

2225 2813 2564 2886 ἑρπετώδους
2603 2813 2904 2885 μοχθηρίας
2937 2809 3116 2863 αὐτῶν
3159 2808 3548 2874 ἐπιδείξαντες,
3583 2805 3678 2859 ἐπὶ
3703 2804 3792 2867 τὰς

2224 2908 2418 2979 ἑτέρας
2460 2906 2620 2960 πάλιν
2665 2904 3006 2976 βαδίσωμεν,
3041 2904 3122 2966 είς
3161 2900 3445 2958 τελείωσιν
3473 2899 3578 2971 τῆς
3621 2897 3793 2968 πάσης

2224 3000 2282 3053 ἐν
2314 2997 2433 3070 Θεῷ
2466 2999 2869 3069 πραγματείας.

2604 3283 2793 3337 ΚΑΤΑ
2829 3276 3415 3343 ΚΟΛΛΥΡῙΔῙΛΝΩΝ,

557 3366 661 3433 Qui
720 3365 910 3422 Maria:
961 3371 1311 3444 sacriﬁcium"
1326 3373 1577 3444 aferunt,
1603 3374 1817 3430 hazresis
1839 3374 1992 3443 LIX,
2019 3378 2121 3434 sive

2230 3374 2350 3430 Τῶν
2369 3373 2444 3444 τῇ
2459 3373 2654 3444 Μαρίᾳ
2675 3371 3158 3444 προσφερόντων,
3185 3364 3574 3444 ,πεντηκοστὴ
3596 3366 3791 3435 ἐνάτη,

1214 3440 1477 3497 LXXIX.

624 3525 666 3580 Ι.
707 3525 840 3582 Post
888 3531 1226 3598 superiorem
1277 3533 1422 3588 illam
1479 3533 1732 3598 haeresin,
1778 3536 2024 3605 proxime
2054 3539 2125 3594 ad

555 3629 658 3672 nos
704 3617 928 3676 alterius
966 3621 1252 3689 cujusdam
1309 3624 1453 3678 fama
1505 3626 1711 3695 perlata
1760 3635 1874 3693 est,
1922 3627 1992 3683 de
2017 3645 2124 3700 qua

555 3707 719 3778 paulo
761 3717 886 3764 ante
931 3711 1260 3766 mentionem
1291 3712 1348 3767 in
1377 3715 1609 3784 epistola
1639 3715 1728 3771 illa
1768 3717 2122 3784 faciebamus,

554 3815 719 3870 quam
771 3801 838 3858 de
886 3800 1054 3856 Maria
1103 3801 1325 3874 Virgine
1364 3805 1417 3858 in
1466 3805 1722 3862 Arabiam
1770 3809 2117 3879 scripsimus.

555 3889 681 3947 llaec
707 3891 854 3946 enim
885 3892 1104 3949 haeresis
1144 3893 1199 3948 in
1237 3895 1495 3949 Arabiam
1525 3911 1554 3952 e
1579 3896 1809 3952 Thracia
1843 3915 1907 3954 ac
1961 3917 2126 3972 supe-

554 3985 697 4040 riore
725 3982 949 4056 Scythia
981 3985 1178 4041 dill'usa
1235 3987 1302 4041 ad
1335 4001 1502 4043 aures
1529 4005 1705 4060 usque
1739 3999 1957 4048 nostras
2001 4009 2126 4064 per-

553 4078 720 4136 venit.
753 4076 885 4144 Quae
918 4078 1138 4147 quidem
1187 4079 1331 4149 apud
1367 4080 1662 4150 prudentes
1694 4082 1944 4139 homines
1995 4085 2123 4140 ridi-

552 4169 676 4224 cula
711 4185 775 4226 ac
810 4168 1045 4225 ludibrio
1081 4168 1240 4241 digna
1271 4182 1548 4227 censetur.
1599 4173 1704 4228 Sed
1755 4161 1854 4232 nos
1904 4191 2124 4233 errores

551 4261 700 4318 illius
747 4260 1016 4332 detegere,
1071 4275 1134 4314 ac
1184 4260 1314 4330 quid
1370 4261 1488 4332 ipsa
1539 4265 1858 4334 proﬁteatur
1909 4268 2124 4336 aperire

551 4353 900 4420 conabimur;
954 4368 1057 4409 nec
1090 4354 1278 4408 dubito
1330 4355 1465 4425 quin
1518 4356 1766 4412 stultitiae
1800 4359 2119 4428 plurimum,

553 4445 833 4513 sapientia:
859 4459 928 4500 ne
966 4447 1250 4500 minimum
1282 4447 1502 4516 quidem
1555 4448 1755 4504 habere
1800 4448 2118 4518 judicetur:

553 4535 860 4603 cujnsmodi
903 4546 1128 4591 cazteras
1159 4552 1349 4591 omnes
1393 4537 1520 4592 huic
1550 4536 1735 4593 amnes
1766 4555 1891 4594 esse
1920 4555 2126 4610 cogno-

554 4626 750 4683 vimus.
787 4627 922 4682 Nam
955 4637 1013 4682 ut
1053 4630 1212 4699 paulo
1261 4639 1410 4695 ante,
1456 4631 1547 4700 qui
1597 4633 1933 4700 superiorem
1967 4633 2116 4687 illam

2606 3437 2646 3510 ἧ
2689 3437 2789 3496 καί
2827 3437 3174 3507 excuneati;
3207 3437 3414 3506 ἐνάτη.

2295 3535 2373 3589 Δ’.
2423 3533 2583 3605 Ἐξῆς
2619 3534 2676 3587 δὲ
2709 3532 2881 3605 ταύτῃ
2928 3534 3007 3596 είς
3040 3533 3231 3603 φήμην
3283 3530 3529 3601 πέφηνεν
3570 3529 3794 3601 αἵρεσις.

2225 3625 2352 3697 περὶ
2399 3619 2467 3696 ἦς
2505 3625 2604 3696 ήδη
2656 3625 3052 3696 ύπεμνήσαμεν
3082 3623 3248 3694 ὀλίγῳ
3278 3623 3338 3675 ἐν
3366 3624 3438 3692 τῇ
3463 3621 3570 3692 πρὸ
3604 3621 3796 3690 ταύτης

2223 3717 2310 3774 διὰ
2332 3718 2429 3788 τῆς
2453 3718 2534 3780 είς
2583 3715 2841 3788 Ἀραϐίαν
2865 3715 3172 3786 γραφείσης
3198 3713 3504 3784 ἐπιστολῆς,
3539 3712 3640 3782 τῆς
3674 3713 3796 3784 περὶ

2223 3810 2322 3882 τῆς
2357 3809 2573 3878 Μαρίας
2607 3807 2852 3878 ἐχούσης.
2904 3808 3015 3862 Καὶ
3044 3807 3183 3879 αὐτὴ
3213 3807 3270 3860 δὲ
3313 3808 3350 3878 η
3380 3806 3597 3878 αἵρεσις
3639 3805 3798 3858 πάλιν

2224 3901 2280 3952 ὲν
2312 3901 2378 3970 τῇ
2427 3899 2480 3951 Ἀ
2493 3899 2654 3970 ραϐίᾳ
2680 3898 2788 3953 ἀπὸ
2814 3898 2913 3969 τῆς
2952 3893 3174 3970 Θρᾴκης
3205 3898 3299 3952 καὶ
3334 3898 3442 3951 τῶν
3470 3899 3584 3952 ἀνω
3620 3897 3798 3969 μερῶν

2223 3989 2322 4060 τῆς
2357 3989 2591 4052 Σκυθίας
2625 3988 2927 4058 ἀνεδείχθη,
2958 3989 3050 4043 καὶ
3091 3991 3171 4052 είς
3215 3987 3377 4059 ἡμῶν
3404 3987 3576 4050 ἀκοὰς
3613 3987 3796 4060 ἀνηνέ-

2222 4081 2360 4152 χθη·
2393 4081 2514 4151 ἥτις
2565 4081 2683 4134 ἐστὶ
2733 4083 2828 4134 καὶ
2861 4081 3000 4152 αὕτη
3047 4081 3256 4150 γελοῖος
3303 4080 3398 4134 καὶ
3445 4079 3650 4151 χλεύης
3701 4080 3796 4149 εμ-

2222 4171 2399 4235 πλεως
2449 4171 2599 4242 παρά
2645 4173 2756 4233 τοῖς
2796 4173 3042 4235 συνετοῖς
3069 4170 3448 4242 εύρισκομένη.
3499 4169 3795 4241 Ἀρξόμεθα

2222 4263 2350 4334 περὶ
2371 4262 2539 4332 αὐτῆς
2565 4265 2837 4333 φωρᾶσαι,
2862 4263 2956 4316 καί
2976 4262 3044 4316 τὰ
3068 4263 3192 4316 κατ’
3210 4262 3384 4334 αὐτὴν
3409 4262 3791 4333 διηγήσασθαι.

2221 4354 2483 4424 Εύηοείας
2505 4354 2611 4423 γὰρ
2633 4353 2830 4424 μᾶλλον
2849 4353 3171 4425 κριθήσεται
3189 4355 3332 4426 ἥπερ
3347 4354 3620 4419 συνέσεως
3635 4353 3790 4423 αὕτη·

2220 4446 2401 4510 καθὼς
2416 4448 2508 4500 καὶ
2525 4446 2682 4501 ἄλλαι
2709 4445 3080 4520 ὁμοῖαι-ταύτῃ
3097 4442 3256 4517 ἦσαν.
3289 4447 3376 4511 Ὦς
3403 4447 3514 4519 γὰρ
3535 4448 3649 4502 ἄνω
3665 4447 3790 4500 πολὺ

2219 4537 2304 4591 διὰ
2320 4538 2416 4608 τῆς
2431 4538 2565 4608 πρὸς
2580 4539 2794 4607 Μαρίαν
2810 4531 3017 4610 ὕϐρεώς
3033 4540 3080 4590 οἱ
3097 4537 3346 4602 δόξαντες
3360 4537 3530 4590 ταῦτα
3551 4538 3793 4591 ὑπονοεῖν

2222 4626 2486 4699 βλαϐερὰς
2525 4630 2778 4693 ὑπονοίας
2822 4631 3101 4700 σπείρουσι
3131 4630 3411 4700 λογισμοῖς
3444 4629 3749 4702 ἀνθρώπιον
3770 4643 3785 4657 °

552 4726 757 4776 sectam
813 4719 1042 4788 amplexi
1087 4727 1237 4784 sunt,
1281 4721 1708 4775 contumeliosas
1743 4724 1796 4775 in
1845 4721 1904 4774 Β.
1943 4721 2119 4794 Virgi-

2224 4713 2364 4768 οὗτω
2407 4715 2498 4770 καὶ
2535 4709 2681 4770 οὗτοι
2719 4719 2811 4770 ἐπὶ
2841 4718 2903 4770 τὸ
2935 4719 3125 4789 ἓτερον
3175 4719 3339 4789 μέρος
3385 4718 3688 4782 κλίναντες,
3739 4720 3789 4770 ὲν

553 4822 675 4861 nem
711 4807 993 4876 opiniones
1025 4808 1304 4862 hominum
1334 4810 1566 4880 ingeniis
1601 4821 1997 4881 aspcrserunt;
2040 4816 2121 4870 sic

552 4898 640 4954 isti
681 4899 1010 4954 contrariam
1037 4900 1094 4953 in
1125 4909 1331 4970 partem
1379 4901 1736 4967 declinantes,
1774 4904 1989 4975 1058
2028 4923 2118 4961 ex-

553 4999 778 5044 tremam
829 4991 884 5044 in
943 5005 1140 5044 noxam
1191 5007 1255 5047 ac
1329 4994 1623 5063 perniciem
1680 4995 2014 5061 inciderunt,
2062 5008 2121 5053 ut

550 5083 834 5153 gentilium
875 5083 1319 5153 philosophorum
1368 5086 1584 5141 celebre
1634 5086 1767 5141 illud
1818 5088 2024 5142 dictum
2062 5089 2116 5142 in

553 5172 688 5242 ipsis
733 5172 1118 5241 comprobctur
1149 5192 1163 5228 :
1195 5172 1569 5229 Extremitates
1603 5177 1931 5244 wquatitates
1981 5193 2117 5234 esse.

553 5262 829 5333 Siquidem
864 5278 963 5334 par
990 5271 1044 5318 et
1079 5263 1219 5319 idem
1267 5279 1333 5319 ex
1375 5265 1641 5321 ambabus
1675 5266 1976 5322 haeresibus
2028 5269 2119 5322 de-

547 5357 860 5411 trimentum
896 5357 1113 5423 accidit,
1162 5372 1286 5411 cum
1331 5356 1424 5410 alii
1467 5368 1829 5412 sacrosanctae
1879 5358 2117 5428 Virginis

550 5446 868 5518 dignitatem
925 5449 1158 5518 elevant,
1207 5449 1301 5504 alii
1348 5457 1544 5520 praeter
1592 5452 1814 5504 modum
1846 5465 1911 5504 ac
1956 5451 2117 5503 ratio-

550 5553 682 5596 nem
704 5539 974 5596 attollant.
1008 5538 1143 5596 Nam
1173 5540 1316 5612 quod
1349 5541 1415 5596 ad
1461 5542 1733 5612 posterius
1775 5541 1877 5595 hoc
1915 5540 2112 5611 dogma

2223 4805 2485 4877 ἀκρότητι
2521 4807 2723 4878 βλάϐης
2753 4807 3260 4878 καταλαμϐάνοντες
3303 4812 3318 4840 ¹
3344 4825 3360 4841 α
3400 4811 3548 4872 ὅπως
3581 4813 3781 4863 κάκείνι

2222 4897 2283 4951 τὸ
2311 4898 2464 4969 παρά
2485 4915 2594 4951 τισι
2618 4899 2724 4952 τῶν
2755 4896 2953 4962 ἔξωθεν
2984 4899 3287 4968 φιλοσόφων
3315 4899 3601 4969 ᾀδόμενον,
3620 4902 3710 4953 καὶ
3736 4902 3788 4951 ἐν

2221 4991 2402 5054 αὐτοῖς
2423 4989 2832 5062 πληρωθήσεται
2853 4993 2909 5044 ὲν
2927 4991 3002 5062 τῷ
3017 4991 3212 5061 λέγειν’
3227 4993 3786 5062 Μακαρότητεςησνόο

2221 5100 2416 5151 τητες.
2446 5084 2564 5153 Ἴση
2599 5083 2705 5154 γὰρ
2737 5085 2822 5136 ἐπ’
2855 5083 3190 5154 ἀμφοτέραις
3229 5084 3451 5147 ταύταις
3488 5089 3609 5148 ταῖς
3650 5085 3784 5156 alpi-

2229 5193 2374 5232 σεσιν
2407 5177 2438 5246 ἡ
2481 5175 2651 5246 βλάϐη
2673 5193 2688 5206 ’
2724 5175 2832 5231 τῶν
2868 5177 2965 5246 μὲν
2997 5177 3482 5241 κατευτελιζόντων
3507 5179 3610 5247 τὴν
3638 5178 3786 5245 ἁγίαν

2225 5266 2519 5338 Παρθένον,
2561 5266 2670 5320 τῶν
2715 5265 2771 5318 δὲ
2818 5266 2981 5320 πάλιν
3036 5265 3176 5336 ὑπὲρ
3206 5266 3265 5317 τὸ
3293 5265 3410 5318 δέον
3441 5266 3782 5331 δοξαζόντων.

2226 5354 2384 5412 Οὗτοι
2427 5357 2537 5429 γὰρ
2582 5359 2631 5410 οἱ
2665 5357 2820 5411 τοῦτο
2871 5357 3209 5420 διδάσκοντες
3240 5356 3382 5420 τίνες
3433 5358 3570 5409 εἰσὶν
3603 5357 3712 5410 ἀλλ’
3751 5355 3782 5423 ἢ

2223 5451 2512 5518 γυναῖκες;
2545 5449 2825 5503 Γυναικῶν
2855 5450 2963 5520 γὰρ
2995 5449 3056 5502 τὸ
3084 5450 3236 5518 γένος
3263 5447 3559 5513 εύόλισθον,
3602 5448 3783 5518 σφαλε-

2226 5540 2316 5612 ρὸν
2358 5541 2414 5594 δὲ
2459 5542 2553 5596 καὶ
2582 5542 2834 5598 ταπεινὸν
2876 5541 2953 5614 τῷ
3006 5543 3333 5614 φρονήματι.
3389 5539 3496 5596 Καὶ
3523 5540 3655 5594 αὐτὸ
3682 5537 3781 5610 γάρ

625 5711 640 5742 ⁸
677 5712 802 5784 Reg.
837 5715 1234 5780 καταλαϐόντες
1308 5719 1329 5751 ³
1357 5715 1488 5788 Reg.
1517 5716 1874 5788 μακρότητες.
1904 5673 2121 5786 (Ιοιίύες

2253 5717 2573 5790 ἀκρότητες.
