3986 6224
278 350 382 410 ’111

955 355 1317 415 ADVERSUS
1355 359 1696 416 IIIERESES
1734 359 1861 418 LIB.
1894 359 1984 415 III.
2025 360 2189 416 TUM.
2228 359 2349 414 11-
2388 363 2659 421 IIIERES.
2690 365 2928 426 LXXIX.

3423 379 3528 435 742

278 467 460 535 Εὗοξεν
484 469 594 526 ἀπὸ
623 472 899 542 γυναικῶν
925 475 955 528 ὁ
981 467 1226 542 διάϐολος
1255 477 1465 551 ἐξεμεῖν
1485 498 1498 511 ·
1529 481 1604 545 ὥς
1629 482 1722 535 καὶ
1747 481 1845 536 άνιι

1961 483 2214 551 pertinet,
2254 497 2544 554 quosnam,
2590 497 2788 557 prmter
2860 494 3237 562 mulierculas,
3280 508 3529 558 auctores

277 561 433 634 παρὰ
479 563 802 637 Κυϊντίλλῃ,
861 567 956 620 καὶ
1005 568 1351 640 Μαξιμίλλῃ,
1407 571 1502 622 καὶ
1561 571 1860 644 Πρισκίλλῃ

277 653 651 724 περιγέλαστα
676 655 745 710 τά
773 657 1097 728 διδάγματα,
1125 657 1266 712 οὕτω
1299 661 1392 714 καὶ
1421 661 1669 715 ἐνταῦθα.
1704 662 1860 726 Τινὲς

276 744 388 814 γάρ
421 749 679 813 γυναῖκες
709 749 962 820 κουρικόν
987 767 1108 803 τινα
1149 750 1469 822 κοσμοῦσαι,
1519 753 1637 822 ἦτοι
1669 753 1854 823 δίφρον

275 837 642 906 τετράγωνον,
688 838 1007 894 ἀπλώσασαι
1039 841 1129 894 ἐπ’
1160 843 1321 896 αὐτὸν
1351 843 1540 915 ὀθὸνην
1573 845 1630 898 ἐν
1670 845 1855 916 ἡμέρα

275 927 386 979 τινὶ
417 931 626 999 φανερᾷ
655 929 768 998 (12)
802 930 895 983 τοῦ
947 931 1117 996 ἔτους,
1148 935 1206 985 ὲν
1230 934 1464 1006 ἡμέραις
1511 935 1650 989 τισὶν
1694 936 1854 1006 ἄρτον

277 1018 617 1089 προτιθέασι,
650 1023 744 1074 καὶ
770 1023 1134 1095 ἀναφέρουσιν
1161 1029 1240 1089 εἰς
1272 1027 1441 1096 ὄνομα
1475 1027 1572 1097 τῆς
1615 1029 1850 1098 Μαρίας.

279 1109 345 1162 At
391 1113 562 1162 πᾶσαι
607 1111 665 1164 δὲ
704 1112 813 1165 ἀπὸ
854 1113 948 1166 τοῦ
993 1115 1159 1184 ἄρτου
1211 1115 1746 1186 μεταλαμϐάνουσιν·
1781 1117 1858 1180 ὡς

271 1199 336 1254 ὲν
373 1203 509 1274 αὐτῇ
559 1206 625 1274 τῇ
672 1206 750 1267 εἰς
793 1205 891 1276 τὴν
955 1207 1215 1277 Ἀραϐίαν
1250 1209 1504 1278 ἐπιστολῇ
1556 1208 1858 1280 γράφοντες

274 1291 342 1345 ὲκ
374 1294 574 1364 μέρους
620 1295 748 1364 περὶ
798 1296 988 1349 τούτου
1035 1298 1412 1369 διελέχθημεν.
1448 1298 1556 1352 Νῦν
1582 1299 1639 1352 δὲ
1670 1298 1857 1366 σαφῶς

273 1385 343 1438 τὰ
375 1387 502 1454 περὶ
531 1387 698 1457 αὐτῆς
726 1387 972 1459 λέξομεν,
1002 1389 1096 1443 καὶ
1122 1391 1222 1454 τὰς
1271 1391 1391 1444 κατ’
1427 1391 1597 1461 αὐτῆς
1623 1392 1857 1463 ἀνατρο-

273 1475 410 1540 πὰς,
443 1477 575 1530 Θεὸν
611 1481 984 1552 αἰτησάμενοι,
1018 1481 1158 1535 κατὰ
1184 1482 1244 1535 τὸ
1278 1482 1500 1552 δυνατὸν
1545 1481 1858 1554 παραθησό-

277 1570 439 1641 μεθα,
494 1571 662 1635 ὅπως,
700 1572 800 1642 τῆς
852 1571 1196 1626 είδωλοποιοῦ
1228 1572 1430 1642 ταύτης
1468 1560 1732 1644 αἱρέσεως
1760 1569 1859 1634 τὰς

275 1660 433 1732 ῥίζας
479 1663 820 1734 ἐκτεμόντες,
873 1664 982 1717 ἀπό
1013 1681 1173 1718 τινων
1216 1664 1317 1735 τὴν
1348 1663 1608 1735 τοιαύτην
1654 1661 1859 1716 λύσσαν

270 1752 576 1807 καταλῦσαι
605 1757 662 1808 ὲν
690 1752 808 1825 Θεῷ
846 1753 1186 1826 δυνηθῶμεν.

1967 586 2032 628 ac
2082 581 2343 645 patronos
2381 577 2588 634 habet?
2623 580 2776 646 Quod
2817 597 2987 653 genus
3040 586 3332 656 lubricum,
3378 601 3425 647 et
3470 595 3528 648 in

1965 678 2206 720 errorem
2257 669 2516 737 proclive,
2565 686 2629 726 ac
2680 675 2862 743 pusilli
2903 677 3194 734 admodum
3227 688 3280 734 et
3314 687 3529 753 angusti

1953 755 2120 808 animi
2150 771 2272 811 esse
2301 759 2456 814 solet.
2487 759 2592 816 Per
2614 777 2706 817 eas
2730 766 2911 836 itaque
2935 768 3189 824 diabolus
3218 772 3529 828 evomuisse

1951 845 2083 900 illud
2128 847 2360 916 videtur,
2409 852 2658 924 idemque
2690 857 2790 912 hac
2824 860 2877 913 in
2908 871 3061 931 parte
3115 861 3333 930 fecisse,
3384 866 3528 934 quod

1951 952 2051 1008 per
2100 935 2416 1002 Quintillam
2442 985 2457 1011 ,
2515 959 2578 999 ac
2620 947 3004 1017 Maximillam,
3049 962 3102 1009 et
3129 953 3435 1010 Priscillam
3469 956 3527 1011 in

1953 1029 2201 1086 ridiculis
2247 1032 2354 1088 illis
2385 1033 2808 1096 disseminandis
2848 1045 3128 1102 erroribus
3176 1050 3524 1119 praestiterat.

1953 1117 2167 1174 Etenim
2235 1123 2493 1180 mulieres
2545 1129 2791 1196 quaedam
2847 1149 3108 1204 currum,
3163 1117 3278 1194 sive
3335 1139 3526 1194 sellam

1952 1210 2273 1280 quadratam
2312 1215 2664 1283 adornautes,
2697 1235 2761 1274 ac
2789 1222 2955 1278 linteo
2996 1227 3231 1299 desuper
3278 1237 3523 1293 extento,

1953 1303 2182 1358 solemni
2235 1315 2499 1376 tempore,
2547 1326 2644 1380 per
2690 1312 2897 1382 aliquot
2927 1315 3058 1372 'dies
3103 1334 3294 1388 panem
3329 1333 3527 1391 propo-

1952 1405 2109 1457 nunt,
2143 1401 2197 1450 et
2227 1397 2281 1451 in
2318 1398 2502 1454 Marias
2535 1417 2732 1457 nomen
2781 1404 3037 1461 offerunt.
3094 1408 3238 1464 Tum.
3264 1411 3331 1465 ad
3360 1426 3524 1466 unam

1951 1497 2145 1540 omnes
2173 1485 2265 1539 illo
2300 1500 2616 1546 vescuntur.
2647 1492 2720 1548 De
2742 1510 2850 1565 quo
2877 1496 2930 1552 in
2957 1500 3186 1569 epistola
3218 1501 3332 1567 illa,
3358 1518 3523 1572 quam

1952 1573 2009 1628 in
2067 1575 2324 1634 Arabiam
2389 1585 2754 1654 scripsimus,
2813 1589 3061 1644 nonnihil
3107 1591 3524 1662 disputavimus.

1952 1663 2110 1720 Nunc
2149 1684 2276 1725 vero
2308 1676 2622 1732 accuratius
2646 1677 2858 1749 singula
2890 1695 3306 1752 prosequemur,
3336 1692 3389 1739 et
3415 1698 3526 1756 qua

1955 1757 2170 1814 ratione
2209 1764 2583 1821 convincenda
2636 1769 2728 1835 sit,
2780 1771 3064 1841 impiorata
3113 1771 3206 1829 Dei
3255 1790 3376 1846 ope,
3424 1789 3526 1847 pro

265 1843 418 1897 virili
451 1845 992 1911 demonstrabimus,
1038 1854 1100 1900 ut
1133 1846 1297 1916 hujus
1343 1846 1592 1911 haeresis,
1644 1858 1766 1915 qua:
1802 1841 2127 1903 idololatriae
2169 1857 2561 1924 superstitione
2607 1860 2882 1930 implicata
2946 1871 3050 1934 est,
3090 1841 3320 1924 succisis
3363 1841 3528 1926 radi-

263 1937 451 2000 cibus,
482 1943 687 1990 tantam
717 1953 784 1991 ex
817 1938 1013 1994 animis
1047 1938 1409 2009 quorumdam
1450 1937 1720 1994 insaniam
1761 1949 1824 1990 ae
1863 1935 2071 1994 rabiem
2129 1944 2311 2000 divina
2349 1962 2450 2019 ope
2483 1949 2697 2006 facilius
2724 1954 3038 2011 evellamus.

350 2031 426 2083 B'.
473 2031 607 2098 Ἀγε
655 2030 854 2096 τοίνυν,
901 2031 1036 2086 Θεοῦ
1073 2035 1269 2100 δοῦλοι,
1317 2032 1568 2105 ἀνδρικὸν
1601 2031 1845 2102 φρόνημα

2024 2036 2088 2091 ll.
2129 2039 2288 2110 Agite
2329 2061 2475 2119 ergo.
2527 2049 2615 2109 Dei
2654 2052 2876 2114 famuli!
2934 2057 3119 2117 viriles
3147 2059 3522 2131 concipiamus

270 2121 646 2194 ἐνδυσώμεθα,
700 2125 974 2193 γυναικῶν
1005 2126 1060 2180 δὲ
1095 2128 1298 2182 τούτων
1344 2129 1443 2200 τὴν
1497 2127 1691 2198 μανίαν
1737 2129 1851 2180 δια-

272 2213 647 2284 σκεδάσωμεν.
683 2214 758 2268 Τὸ
811 2218 918 2271 πᾶν
970 2217 1080 2290 γάρ
1131 2219 1336 2291 θήλεως
1393 2223 1426 2290 ἠ
1477 2220 1719 2286 ὑπόνοια,
1760 2219 1851 2272 καὶ

267 2303 415 2368 Elia;
449 2306 611 2359 πάλιν
655 2307 754 2377 τῆς
800 2310 1170 2382 ἀπατωμένης
1199 2313 1259 2365 τὸ
1287 2312 1500 2383 νόσημα
1521 2330 1534 2343 ·
1574 2313 1771 2384 μᾶλλον
1805 2313 1848 2365 δ’

265 2396 352 2449 δτι
381 2396 475 2449 τοῦ
511 2397 709 2465 ὄφεως,
757 2399 853 2454 τοῦ
899 2401 1236 2471 ἐρεθιπικοῦ
1283 2403 1465 2476 θηρὸς,
1516 2404 1728 2458 καὶτοῦ
1755 2403 1848 2456 λαο

268 2487 532 2557 λήσαντος
585 2491 643 2542 ὲν
678 2489 814 2562 αὐτῇ
847 2494 879 2562 ἡ
911 2493 1011 2562 τῆς
1063 2494 1270 2565 πλάνης
1319 2495 1628 2567 ὑπόσχεσις,
1684 2495 1848 2565 μηδὲν

268 2583 350 2642 εἰς
381 2579 543 2650 μέσον
577 2584 834 2651 φέρουσα,
863 2582 984 2636 οὐδὲ
1015 2583 1082 2637 τὰ
1113 2585 1515 2656 ύπισχνούμενα
1543 2585 1844 2650 τελειοῦσα,

261 2670 384 2724 ἀλλ’
410 2671 443 2740 ἢ
478 2671 636 2741 μόνον
668 2670 894 2728 θάνατον
921 2675 1367 2749 ἀπεργαζομένη,
1411 2679 1479 2732 τά
1516 2679 1590 2748 μὴ
1616 2680 1744 2732 ὄντα
1771 2679 1846 2742 ὡς

262 2761 397 2816 ὖντα
428 2760 666 2815 καλοῦσα
687 2783 698 2794 -
727 2763 822 2817 καὶ
863 2764 952 2822 διὰ
977 2767 1074 2836 τῆς
1105 2768 1348 2838 ὁράσεως
1379 2767 1470 2821 τοῦ
1507 2766 1661 2833 ξύλου
1713 2785 1848 2839 παρ-

266 2853 438 2923 ακοὴν
470 2854 830 2925 ἐργαζομένη,
860 2857 952 2909 καὶ
999 2857 1350 2930 ἀποστροφὴν
1392 2858 1488 2911 ἀπ’
1531 2861 1700 2930 αὐτῆς
1748 2863 1847 2932 τῆς

261 2945 546 3016 ἀληθείας,
583 2947 676 3003 καὶ
717 2947 811 3001 τοῦ
859 2947 952 3001 ἐπὶ
1001 2949 1170 3002 πολλὰ
1215 2950 1534 3021 τρέπεσθαι.
1585 2952 1845 3022 Νομίζειν

261 3037 322 3094 δὲ
351 3037 501 3091 ἔσται
533 3040 691 3093 ὁποῖα
724 3041 752 3092 ὁ
779 3039 1034 3095 ἀπατεὼν
1063 3041 1305 3113 ἔσπειρε,
1339 3041 1545 3112 λέγων’
1587 3045 1846 3099 Ἕσεσθε

261 3128 346 3194 ὡς
373 3129 516 3184 θεοί.
557 3128 712 3182 Οὕτω
744 3131 839 3183 καὶ
866 3129 1074 3186 τούτων
1096 3132 1157 3185 τὸ
1185 3133 1437 3205 φρόνημα
1466 3135 1844 3206 κεπφούμενον

255 3223 330 3290 τῇ
369 3219 463 3272 τοῦ
499 3221 901 3292 προειρημένου
947 3223 1114 3294 θηρὸς
1166 3224 1430 3296 ὲπάρσει·
1483 3221 1637 3300 ἐφ’ᾖ
1683 3226 1843 3295 φύσει

261 3312 429 3368 πάλιν
475 3313 566 3366 τὸν
614 3313 841 3369 θάνατον
874 3317 1183 3386 ἐργάζεται,
1213 3317 1290 3382 ὡς
1336 3319 1432 3372 καὶ
1475 3322 1734 3386 πολλάκις
1767 3319 1844 3376 εἴ-

259 3418 386 3454 πον.
432 3403 654 3473 Πρῶτον
705 3405 802 3475 μὲν
831 3405 938 3477 γὰρ
963 3406 1123 3470 εὐθὺς
1168 3407 1482 3465 διασκοπεῖν
1512 3411 1604 3465 ἀπ’
1645 3411 1840 3476 αἰῶνος

260 3490 360 3542 καὶ
395 3489 554 3561 δεῦρο
574 3509 588 3523 ·
617 3492 721 3554 τίνι
747 3494 808 3546 ού
833 3493 1001 3562 σαφές
1025 3497 1191 3561 ἐστιν,
1220 3497 1301 3549 ὅτι
1325 3497 1594 3568 δαιμόνων
1639 3500 1755 3553 ἐστὶ
1781 3500 1842 3553 τὸ

258 3582 518 3653 δίδαγμα,
533 3584 626 3637 καὶ
642 3586 848 3656 σχῆμα,
879 3588 974 3641 καὶ
991 3587 1350 3660 ἠλλοιωμένον
1375 3590 1437 3643 τὸ
1474 3591 1840 3662 ἐπιχείρημα;

261 3671 383 3742 Θεῷ
417 3672 514 3742 μὲν
541 3675 636 3732 ἀπ’
667 3675 862 3742 αίῶνος
904 3677 1156 3747 οὐδαμῶς
1199 3681 1335 3752 γυνὴ
1380 3681 1713 3753 ίεράτευσεν,
1742 3682 1842 3734 οὐκ

257 3763 401 3834 αὕτη
438 3765 574 3829 Εὔα,
607 3767 782 3822 καίτοι
810 3785 874 3836 γε
905 3771 964 3822 ἐν
996 3771 1334 3842 παρεκδάσει
1366 3773 1651 3844 γενομένη.
1702 3774 1842 3827 Ἀλλ’

260 3855 366 3910 οὐκ
401 3857 701 3928 ἐτόλμησεν
745 3858 826 3912 ἔτι
854 3860 1050 3924 ἀσεϐὲς
1077 3861 1318 3919 τοιοῦτον
1362 3865 1682 3918 ἀποτελέσαι
1718 3867 1841 3918 ἑπι-

260 3946 506 4018 χείρημα
527 3965 540 3978 ·
577 3949 637 4002 οὐ
677 3949 775 4020 μία
805 3950 912 4006 τῶν
944 3951 1152 4025 ταύτης
1185 3954 1496 4026 θυγατέρων
1516 3975 1529 3988 ο
1559 3941 1734 4010 καίτοι
1777 3975 1840 4026 γε

259 4039 356 4093 τοῦ
423 4041 585 4096 Ἅϐελ
644 4043 803 4108 εὐθὺς
867 4046 1325 4119 ίερουργήσαντος
1379 4049 1531 4118 Θεῷ,
1601 4051 1693 4103 καὶ
1745 4050 1838 4102 τοῦ

261 4130 403 4184 Κάῖν
436 4131 697 4197 θύσαντος
723 4134 952 4189 ἐνώπιον
980 4137 1186 4208 Κυρίου
1214 4137 1424 4202 θυσίας,
1448 4140 1561 4193 ἀλλ’
1585 4140 1646 4193 οὐ
1673 4158 1839 4212 προσ-

257 4218 620 4290 δεδεγμένας·
669 4223 837 4295 Ἑνώχ
875 4243 935 4279 τε
976 4228 1457 4299 εύαρεστήσαντος,
1487 4231 1582 4282 καὶ
1611 4249 1838 4301 μετατε-

259 4310 446 4377 θέντος
467 4329 480 4342 ’
507 4313 628 4372 Νῶε
657 4313 714 4369 δὲ
744 4317 1207 4386 προσενέγκαντος
1234 4319 1299 4372 ὲκ
1325 4319 1432 4372 τῶν
1465 4320 1562 4390 τῆς
1603 4320 1835 4374 κιϐωτοῦ

261 4403 719 4474 περισσευμάτων
766 4407 1212 4478 εὐχαριστηρίους
1258 4410 1570 4482 προσφορὰς
1620 4412 1831 4482 Κυρίῳ,

261 4493 604 4564 εὐγνώμονος
659 4496 950 4564 διαθέσεως
1020 4499 1461 4564 ὑποδεικνύοντος
1515 4504 1832 4573 τεκμήριον,

258 4587 649 4656 ὁμολογοῦντος
679 4589 778 4660 τὴν
807 4590 966 4662 χάριν
1003 4592 1080 4663 τῷ
1116 4595 1397 4651 σεσωκότι.
1439 4595 1688 4666 Ἀϐραὰμ
1723 4598 1778 4650 δὲ
1808 4598 1835 4648 ό

1953 2143 2202 2198 animos,
2261 2145 2319 2192 ut
2370 2144 2810 2204 muliercularum
2864 2153 3094 2209 istarum
3148 2153 3521 2211 disturbemus

1952 2224 2264 2280 amentiam.
2298 2225 2444 2283 Nihil
2473 2235 2616 2289 enim
2653 2237 2706 2290 in
2751 2247 2866 2294 toto
2902 2241 2993 2295 illo
3035 2242 3288 2312 dogmate
3327 2253 3524 2315 praeter

1950 2313 2268 2371 muliebrem
2306 2321 2613 2389 opinionem
2659 2337 2763 2392 est,
2797 2345 2858 2384 ac
2890 2330 3132 2401 deceptae
3171 2313 3364 2392 rursus
3398 2336 3522 2393 Eva:

1949 2406 2233 2476 morbum;
2270 2411 2384 2468 sive
2420 2415 2602 2485 potius
2631 2423 2918 2491 serpentis,
2952 2425 3276 2484 incitatricis
3306 2429 3372 2484 ad
3407 2447 3522 2485 ma-

1949 2494 2059 2550 lum
2097 2498 2304 2565 bestiae,
2336 2511 2532 2563 etcum
2568 2508 2682 2578 ipsa
2715 2512 2999 2568 collo‘cutaa
3029 2517 3263 2572 mendax
3289 2520 3521 2588 promis-

1949 2591 2055 2654 sio,
2117 2609 2238 2660 qua:
2284 2597 2417 2651 nihil
2451 2599 2605 2654 affert
2640 2601 2693 2656 in
2725 2605 2983 2671 medium,
3025 2622 3201 2678 neque
3249 2612 3520 2679 promissa

1947 2682 2187 2751 perﬁcit,
2239 2685 2334 2740 sed
2382 2698 2608 2744 mortem
2645 2700 2698 2748 et
2743 2695 2968 2750 exitium
3008 2701 3339 2767 consciscit,
3388 2701 3518 2758 dum

1947 2783 2010 2821 ea
2054 2787 2174 2839 qua:
2199 2789 2466 2845 nusquam
2496 2779 2627 2845 sint,
2663 2787 2921 2852 tanquam
2952 2801 3077 2840 vera
3108 2793 3162 2850 et
3200 2787 3520 2844 exsistentia

1948 2862 2215 2919 nominat.
2243 2863 2387 2930 Quin
2409 2873 2462 2922 et
2492 2867 2621 2923 illud
2655 2870 2834 2938 eﬁicit,
2871 2882 2929 2928 ut
2961 2890 3025 2930 ex
3053 2877 3267 2934 arboris
3297 2893 3520 2950 conspe-

1947 2955 2036 3000 ctu
2069 2947 2122 3001 in
2154 2946 2322 3004 Deum
2352 2959 2704 3030 contumpces
2735 2957 2863 3023 sint,
2903 2967 2958 3014 et
2997 2973 3026 3012 a
3059 2961 3288 3017 veritate
3320 2946 3519 3018 abhor-

1945 3050 2130 3097 rentes
2156 3043 2222 3097 ad
2254 3045 2422 3100 multa
2452 3061 2514 3102 ac
2537 3047 2752 3104 diversa
2785 3051 3160 3108 traducantur.
3195 3053 3518 3123 Cujusmodi

1945 3149 2077 3188 vero
2106 3135 2310 3189 semina
2337 3136 2715 3194 fraudulentus
2749 3140 2838 3195 ille
2866 3139 3059 3211 jaciat,
3091 3157 3156 3196 ex
3188 3143 3308 3211 ejus
3339 3144 3518 3202 verbis

1944 3223 2246 3278 existimari
2283 3234 2498 3295 potest:
2531 3227 2718 3292 Eritis,
2766 3230 2962 3299 inquit,
2995 3233 3131 3286 sicut
3169 3233 3246 3286 dii
3271 3234 3313 3294 ¹,
3339 3233 3518 3306 Atque

1944 3314 2135 3368 eodem
2167 3317 2326 3386 plane
2365 3317 2525 3373 modo
2565 3319 2752 3376 bestia:
2787 3322 2933 3378 illius
2980 3325 3292 3395 arrogantia
3353 3334 3518 3396 atque

1944 3406 2086 3461 fastu
2130 3409 2360 3464 istorum
2397 3411 2626 3482 Spiritus
2663 3413 2985 3470 eﬁ'eruntur.
3025 3415 3143 3484 Qua
3169 3418 3389 3488 quidem
3419 3435 3516 3474 su-

1943 3501 2131 3570 perbia
2171 3503 2410 3572 proprie,
2447 3510 2507 3557 ut
2545 3503 2802 3572 diximus,
2845 3516 3072 3563 mortem
3107 3509 3197 3563 illa
3231 3511 3512 3566 conciliat.

1941 3589 2076 3644 Nam
2104 3599 2163 3645 ut
2189 3593 2257 3647 ab
2280 3594 2520 3664 antiquis
2545 3596 2882 3666 temporibus
2910 3598 2978 3651 ad
3008 3599 3149 3654 hanc
3172 3615 3346 3672 usque
3367 3599 3515 3657 diem

1942 3680 2126 3734 animo
2155 3689 2463 3748 repetamus
2490 3683 2673 3738 omnia
2693 3724 2708 3750 ,
2741 3686 2863 3756 quis
2889 3701 2995 3741 non
3029 3687 3170 3742 videt
3203 3689 3516 3745 daemonum

1946 3770 2160 3841 1059
2201 3773 2346 3826 illam
2379 3788 2502 3829 esse
2546 3773 2850 3830 doctrinam
2909 3791 2973 3830 ac
3017 3778 3280 3847 speciem,
3313 3786 3368 3834 et
3399 3779 3516 3836 dis-

1943 3870 2258 3938 crepantem
2305 3864 2374 3919 ab
2420 3873 2572 3921 recta
2621 3867 2833 3922 ratione
2881 3868 3175 3922 conatum?
3223 3867 3513 3940 Nunquam

1941 3935 2110 4018 enim,
2137 3969 2204 4008 ex
2241 3970 2350 4023 quo
2392 3955 2631 4012 mundus
2669 3957 2922 4012 conditus
2953 3967 3056 4022 est,
3093 3957 3403 4013 sacerdotio
3430 3965 3516 4013 est

1942 4044 2129 4100 functa
2163 4047 2377 4109 mulier,
2408 4061 2472 4102 ac
2490 4063 2555 4103 ne
2583 4047 2692 4103 Eva
2723 4049 2938 4118 quidem
2971 4050 3085 4118 ipsa
3113 4066 3125 4102 :
3151 4065 3291 4120 quae,
3325 4056 3517 4106 tamet-

1942 4137 1988 4191 si
2033 4137 2416 4207 gravissimum
2465 4137 2721 4194 delictum
2765 4141 3089 4203 admiserit,
3134 4148 3244 4194 tam
3287 4140 3512 4211 impium

1943 4229 2158 4284 facinus
2183 4237 2495 4300 perpetrare
2524 4247 2800 4303 nunquam
2835 4248 2966 4289 ausa
3009 4242 3112 4298 est,
3145 4233 3240 4289 sed
3269 4247 3373 4288 nee
3405 4233 3516 4289 ulla

1943 4322 2176 4376 ﬁliarum
2224 4323 2370 4378 illius
2417 4341 2432 4378 :
2483 4337 2793 4394 quanquam
2842 4334 2895 4379 et
2941 4323 3076 4380 Abel
3130 4323 3238 4381 Deo
3285 4324 3517 4382 subinde

1944 4429 2100 4469 sacra
2142 4414 2349 4479 fecerit,
2374 4423 2427 4471 et
2460 4414 2661 4471 Cainus
2721 4431 2903 4471 coram
2955 4415 3185 4494 Domino
3247 4417 3514 4473 sacriﬁcia

1943 4507 2167 4562 minime
2203 4516 2384 4562 tamen
2417 4507 2493 4561 illi
2555 4515 2707 4578 grata
2744 4509 3065 4574 celebrarit;
3103 4517 3162 4563 ut
3205 4519 3258 4565 et
3296 4510 3514 4578 Enoch,

1940 4599 2032 4668 qui
2066 4599 2172 4654 Deo
2202 4600 2422 4669 placuit,
2464 4608 2510 4655 el
2547 4601 2836 4656 translatus
2865 4611 2948 4656 est
2972 4603 3010 4653 ².
3045 4601 3157 4657 Noe
3177 4619 3304 4658 vero
3333 4621 3401 4658 ex
3425 4605 3514 4670 iis,

260 4674 468 4743 δίκαιος
505 4677 776 4748 ίερουργεί
805 4680 948 4750 Θεῷ,
976 4684 1070 4735 καὶ
1104 4683 1432 4755 Μελχισεδὲκ
1469 4689 1498 4740 ὁ
1526 4689 1702 4758 ἱερεὺς
1743 4690 1836 4742 τοῦ

1947 4707 2172 4761 quorum
2210 4693 2263 4747 in
2310 4708 2436 4747 arca
2466 4694 2617 4764 copia
2653 4693 3013 4760 redundabat,
3044 4695 3110 4751 ad
3141 4700 3378 4766 agendas
3401 4711 3518 4768 gra-

260 4766 396 4826 Θεοῦ
442 4768 538 4824 τοῦ
571 4770 814 4839 ὑψίστου,
848 4774 942 4827 καὶ
987 4775 1170 4831 Ἰσαάκ
1213 4776 1332 4847 Θεῴ
1377 4780 1710 4850 εὑρίσκεται,
1745 4783 1838 4836 καί

273 4859 469 4915 Ἰακὼϐ
515 4862 655 4921 κατά
702 4862 932 4934 δύναμιν
970 4867 1341 4937 προσήνεγκεν
1385 4871 1476 4922 ἐπὶ
1522 4870 1616 4924 τοῦ
1665 4871 1837 4937 λίθου,

261 4953 371 5010 ἀπὸ
407 4953 502 5010 τοῦ
542 4955 716 5023 φακοῦ
755 4956 979 5026 ἐπιχέας
1020 4958 1216 5015 ἔλαιον.
1252 4961 1316 5012 υἱ
1349 4960 1538 5014 τούτου
1584 4962 1641 5016 δὲ
1679 4966 1832 5029 υἱεῖς,

259 5045 392 5104 Aeni
448 5046 545 5117 μὲν
596 5047 908 5118 εὑρίσκεται
950 5048 1181 5121 καθεξῆς
1231 5052 1528 5123 ἱερωσύνην
1572 5056 1836 5110 ἀναδεδε-

259 5140 461 5210 γμένος
479 5157 493 5171 ο
513 5141 750 5205 ὲξαύτοῦ
780 5141 837 5194 δὲ
865 5141 959 5202 τοῦ
981 5143 1170 5212 γένους
1189 5147 1238 5198 ot
1256 5147 1316 5198 τὸ
1349 5147 1619 5218 ἱερατικὸν
1651 5150 1837 5221 τάγμα

259 5231 710 5302 ἀναδεδεγμένοι·
758 5233 900 5304 φημὶ
944 5233 1001 5287 δὲ
1052 5236 1292 5306 Μωῢσῆς
1336 5239 1364 5289 ὁ
1412 5240 1695 5311 προφήτης
1743 5242 1838 5296 καὶ

228 5140 257 5166 Ι

264 5322 619 5394 ίεροφάντωρ,
655 5323 870 5394 ’Λαριρν
892 5342 950 5380 τε
974 5326 1069 5379 καὶ
1097 5329 1146 5380 ot
1169 5326 1361 5382 τούτου
1394 5331 1601 5395 παῖδες,
1647 5333 1834 5387 Ἐλεά-

261 5413 367 5486 ζαρ
417 5429 476 5468 τε
506 5415 600 5470 καὶ
649 5415 856 5484 Φινεὲς,
898 5416 994 5470 καὶ
1038 5417 1262 5491 Ἰθάμαρ
1300 5421 1328 5472 ὁ
1354 5421 1544 5477 τούτου
1591 5423 1834 5496 ἔγγονος.

1942 4783 2047 4837 tias
2097 4784 2294 4838 obtulit
2345 4783 2491 4850 Deo,
2550 4787 2799 4856 gratique
2846 4786 3010 4840 animi
3060 4787 3514 4858 signiﬁcationem

1941 4874 2108 4938 dedit,
2151 4890 2274 4929 cum
2320 4877 2372 4930 in
2417 4877 2590 4940 illum,
2633 4892 2663 4931 a
2704 4894 2813 4948 quo
2847 4888 3096 4933 servatus
3130 4888 3269 4944 erat,
3303 4895 3512 4934 memo-

1940 4981 2055 5021 rem
2099 4968 2346 5022 beneﬁcii
2391 4970 2633 5023 animum
2665 4977 2894 5026 testatus
2926 4979 3031 5026 est.
3079 4969 3214 5024 Nam
3247 4981 3301 5024 et
3336 4970 3514 5023 Ahra-

1943 5060 2136 5116 hamus
2170 5060 2260 5116 ille
2305 5061 2487 5130 justus
2522 5062 2630 5117 Deo
2664 5063 3012 5118 sacrilicavit.
3052 5061 3190 5116 Tum
3230 5060 3515 5114 Melchise-

1945 5154 2111 5210 decus
2144 5154 2399 5211 sacerdos
2431 5155 2522 5211 Dei
2551 5158 2861 5222 altissimi’,
2891 5164 2944 5212 et
2990 5157 3226 5220 lsaacus,
3267 5153 3360 5224 qui
3405 5153 3514 5208 Dco

1945 5247 2190 5316 placuit:
2242 5262 2454 5304 necnon
2488 5257 2542 5302 et
2566 5247 2824 5312 Iacobus,
2860 5257 3137 5319 utcunque
3153 5249 3329 5319 potuit
3356 5263 3512 5302 sacra

1945 5355 2110 5410 super
2137 5340 2367 5411 lapidem
2403 5340 2655 5406 offerens,
2696 5356 2726 5396 e
2755 5339 3011 5394 lenticula
3039 5341 3215 5395 oleum
3248 5339 3447 5394 infudit
3471 5343 3511 5394 ⁵.

1943 5429 2113 5501 Cujus
2148 5447 2179 5488 e
2219 5430 2404 5487 liberis
2448 5440 2634 5502 postea
2678 5429 2806 5485 Levi
2857 5430 3150 5485 sacerdotii
3196 5431 3512 5504 dignitatem

336 5569 353 5600 ⁸
387 5567 522 5624 Gen.
571 5585 628 5636 ιι,
668 5568 722 5626 6.
797 5571 818 5604 ¹
848 5568 982 5625 Gen.
1012 5571 1191 5639 v,22;
1219 5574 1386 5631 Eccli.
1414 5592 1561 5645 xuv,
1601 5578 1691 5637 16.
1763 5583 1783 5614 ³
1808 5582 1845 5638 G

1961 5581 2082 5652 'xw,
2119 5587 2203 5644 18.
2280 5589 2302 5620 ‘
2331 5589 2464 5643 Gen.
2495 5603 2692 5653 xxvm,
2720 5586 2806 5641 18.

332 5706 1198 5798 ςιὲηεςῖοῄᾐμέρςιῖεγίὶμξρᾳχερᾷ.
1227 5713 1460 5788 Φανερός
1497 5716 1637 5774 idem
1695 5727 1779 5776 est
1832 5735 1845 5775 ε

1947 5733 2137 5784 :ertus.
2189 5730 2307 5796 Qua
2358 5727 2410 5782 in
2460 5725 2860 5797 significatione
2902 5739 3045 5798 saepe
3097 5724 3151 5779 in
3210 5722 3509 5781 Chalcede-

258 5779 421 5833 nensi
454 5779 686 5836 concilio
715 5781 965 5850 usurpari
997 5780 1158 5837 solet.
