3986 6224
488 301 594 358 7i?)

1897 305 1954 362 ε.
1990 303 2336 380 mrum"

3624 318 3734 374 7M

487 426 726 480 obtinuit
755 443 768 479 :
803 438 833 478 a
858 438 966 494 quo
995 422 1254 494 deinceps
1285 423 1566 496 propagati
1599 439 1747 492 sunt,
1775 425 1866 496 qui
1907 441 2051 482 eum-

2168 428 2277 482 Καὶ
2304 428 2356 480 τί
2376 445 2464 497 μοι
2488 426 2555 481 τὰ
2585 427 2762 499 πλήθη
2789 427 2968 497 λέγειν
2993 429 3100 484 τῶν
3131 431 3596 504 ἱερουργησάντων
3617 435 3740 506 Θεῲ

487 515 609 571 dem
642 515 886 569 ordinem
941 513 1284 585 gradumque
1328 524 1652 583 tenuerunt;
1693 517 1884 586 quales
1920 517 2071 573 fuere

489 605 716 676 Moyses,
749 603 1010 673 propheta
1039 604 1202 659 simul
1260 613 1314 659 et
1343 619 1624 659 sacrorum
1654 606 1922 678 antistes,
1956 613 2069 659 tum

485 698 687 761 Aaron,
732 701 786 749 et
829 695 1066 749 Aaronis
1107 694 1224 753 ﬁlii.
1270 693 1515 756 Eleazar.
1557 694 1811 763 Phinees,
1842 704 1896 751 et
1922 696 2070 750 Itha-

485 801 605 839 mar
634 785 799 855 hujus
842 802 1032 856 nepos.
1072 785 1213 852 Quid
1249 794 1429 840 autem
1465 802 1559 841 eos
1602 801 1794 842 omnes
1833 802 2071 843 comme-

485 890 703 931 morare
733 893 964 933 necesse
991 887 1098 941 est,
1137 879 1227 946 qui
1262 879 1314 932 in
1345 877 1544 933 Vetere
1577 878 1929 934 Testamento
1955 877 2068 934 Deo

490 968 834 1025 sacrificasse
874 970 1164 1040 leguntur?
1199 968 1667 1036 Quemadmodum
1692 971 1924 1026 Aehitob
1986 972 2068 1025 in-

485 1066 566 1111 ter
598 1068 824 1113 caeteros
849 1101 863 1125 ,
911 1067 1024 1112 tum
1059 1058 1277 1122 Coritae,
1319 1057 1639 1124 Gersonitaa,
1685 1066 1739 1114 et
1777 1057 2066 1126 Meraritm,

482 1150 574 1218 qui
622 1164 688 1204 ex
731 1147 1040 1204 Levitarum
1094 1149 1287 1203 ordine
1330 1148 1570 1204 fuerunt.
1601 1149 1682 1203 Ad
1717 1152 1832 1204 haec
1869 1150 2067 1207 domus

2171 523 2229 574 ἐν
2267 522 2480 591 Παλαιᾷ
2505 521 2780 594 Διαθήκη;
2811 523 2886 585 ὼς
2934 524 3164 594 Ἀχιτὼϐ
3195 525 3502 595 εὑρίσκεται
3528 527 3741 598 ἱερουρ-

2169 613 2302 681 γῶν,
2332 612 2387 666 οἵ
2417 630 2477 666 τε
2515 615 2743 685 Κορῖται
2791 615 2885 668 καὶ
2913 615 2963 668 οἱ
2994 616 3343 687 Γερσωνῖται,
3376 617 3470 671 καὶ
3497 620 3744 690 Μεραρῖ-

2169 721 2256 756 ται
2285 704 2384 775 τὴν
2411 704 2702 776 Λευῖτικὴν
2747 708 3168 777 πεπιστευμένοι
3198 707 3370 773 τάξιν.
3421 709 3486 762 ’Ὁ
3507 728 3563 763 τε
3595 707 3743 774 οἶκος

2181 793 2330 846 Ἠλεὶ
2356 793 2447 848 καὶ
2476 795 2526 846 οἱ
2555 795 2673 865 μετ’
2700 794 2863 848 αὐτὸν
2893 795 2942 848 οξ
2970 795 3076 848 ἀπὸ
3104 796 3202 865 τῆς
3228 799 3542 866 συγγενείας
3575 799 3741 853 αὐτοῦ

2167 884 2227 936 ἐν
2269 884 2348 955 τῷ
2391 886 2524 956 οἴκῳ
2581 885 2888 958 Ἀϐιμέλεχ,
2939 888 3034 941 καὶ
3073 887 3360 960 Ἀϐιάθαρ,
3395 890 3635 954 Χελκίας
3683 908 3741 945 τε

2166 974 2262 1026 καὶ
2306 973 2517 1039 Βουζεὶ,
2568 973 2696 1044 ἄχρι
2742 973 2916 1045 Ἰησοῦ
2966 974 3060 1028 τοῦ
3108 975 3296 1046 ἱερέως
3333 974 3428 1028 τοῦ
3479 976 3742 1046 μεγάλου,

2170 1065 2375 1137 Ἕσδρα
2400 1083 2458 1119 τε
2489 1065 2582 1119 τοῦ
2611 1066 2822 1137 ἱερέως,
2853 1066 2949 1120 καὶ
2992 1066 3100 1122 τῶν
3127 1067 3319 1122 ἄλλων.
3373 1068 3480 1121 Καὶ
3503 1067 3743 1137 οὐδαμοῦ

2165 1154 2303 1225 γυνὴ
2339 1155 2382 1207 ἱε
2393 1155 2676 1226 ράτευσεν.

483 1238 564 1291 Eli
592 1240 631 1301 ι,
663 1241 890 1308 ejusque
929 1252 1298 1300 successores,
1337 1239 1429 1308 qui
1461 1253 1527 1292 ex
1562 1239 1735 1307 ipsius
1799 1239 2128 1310 cognatione
2165 1244 2220 1296 in
2267 1244 2430 1300 domo
2495 1246 2805 1302 Abimclech
2852 1256 2906 1302 et
2947 1247 3214 1303 Abiathar
3253 1249 3614 1309 exstiterunt.
3667 1250 3741 1304 uti

481 1331 768 1397 Chelcias,
808 1349 870 1386 ac
901 1333 1028 1386 Buzi
1052 1372 1068 1395 ,
1106 1348 1279 1402 usque
1325 1335 1392 1387 ad
1430 1331 1620 1389 Jesum
1663 1349 1920 1405 magnum
1967 1336 2333 1405 sacerdotem,
2365 1346 2418 1394 et
2445 1339 2672 1396 Esdram
2738 1341 3099 1410 sacerdotem,
3164 1353 3269 1400 etc.
3329 1343 3440 1400 Nec
3497 1359 3744 1416 unquam

483 1425 680 1478 mulier
723 1425 1032 1480 sacerdotio
1062 1424 1248 1478 functa
1282 1424 1500 1495 legitur.

549 1519 638 1574 ΙΙΙ.
681 1521 855 1589 Atque
878 1527 934 1574 ut
957 1519 1026 1573 ad
1047 1518 1258 1573 Novum
1282 1518 1689 1575 Testamentum
1708 1521 2059 1588 accedamus,

482 1608 526 1662 si
561 1610 928 1664 sacerdotium
962 1610 1287 1666 mulieribus
1312 1611 1630 1666 mandatum
1664 1611 1824 1679 foret,
1855 1625 1946 1668 aut
1967 1616 2063 1668 ca-

2237 1521 2313 1576 I".
2345 1520 2670 1594 Ἐλεύσομαι
2699 1523 2757 1578 δέ
2790 1525 2884 1578 καὶ
2911 1525 2990 1588 εἱς
3023 1524 3119 1598 τὴν
3135 1527 3344 1600 Καινὴν
3359 1530 3742 1604 Διαθήκην.Εἱ

2168 1613 2466 1684 ἱερατεύειν
2501 1619 2757 1684 γυναῖκες
2808 1617 2927 1688 Θεῷ
2952 1620 3403 1688 προσετάσσοντο,
3451 1622 3483 1694 ἢ
3519 1641 3741 1678 κανονι-

482 1703 740 1757 nonicum
769 1701 1027 1773 quiddam
1054 1711 1316 1772 praestare
1346 1704 1400 1758 in
1433 1703 1680 1761 Ecclesia
1711 1707 1917 1774 liceret,
1943 1709 2051 1762 nul-

2165 1705 2258 1758 κόν
2293 1722 2345 1758 τι
2385 1706 2712 1777 ἐργάζεσθαι
2745 1708 2801 1760 ἐν
2839 1708 3151 1780 Ἑκκλησίᾳ,
3187 1711 3292 1764 ἔδει
3324 1713 3518 1784 μᾶλλον
3557 1718 3732 1790 αὐτὴν

482 1792 518 1846 li
562 1792 746 1863 potius
785 1808 949 1862 quam
995 1792 1178 1847 Mariae
1225 1795 1359 1849 illud
1415 1795 1473 1850 in
1517 1794 1669 1852 Novo
1707 1796 2059 1856 Testamento

480 1883 748 1936 committi
811 1883 1113 1939 sacerdotis
1169 1883 1408 1938 cilicium
1455 1884 1675 1954 debuit;
1733 1888 1822 1943 cui
1871 1896 2058 1947 tantus

482 1973 657 2027 honor
691 1987 776 2030 εει
816 1975 1056 2040 habitus,
1095 1983 1152 2028 ut
1191 1979 1397 2046 gremio
1436 1977 1667 2049 sinuque
1708 1995 1809 2036 suo
1874 1998 2056 2053 regem

482 2067 753 2128 onmium,
795 2081 858 2120 ac
888 2067 1166 2122 caelestem
1203 2066 1394 2134 Deum,
1439 2067 1646 2140 Deique
1675 2069 1873 2126 Filium
1903 2075 2056 2129 exci-

483 2163 632 2225 peret
657 2176 669 2210 :
695 2157 852 2226 cujus
875 2159 1236 2223 uterus,velut
1255 2161 1536 2227 templum,
1561 2177 1622 2215 ac
1643 2162 1974 2220 domicilium
1989 2167 2056 2222 ad

480 2248 648 2301 divini
676 2246 836 2302 Verbi
867 2248 1296 2305 incarnationel‘n
1324 2252 1590 2321 singulari
1612 2263 1696 2309 est
1723 2256 2056 2328 benignitate

482 2339 575 2394 Dei
611 2355 808 2411 magno
869 2355 932 2395 ac
966 2342 1236 2412 stupende
1267 2345 1525 2414 mysterio
1563 2356 1920 2417 prteparatus.
1960 2349 2059 2406 Ve-

480 2444 600 2482 rum
629 2429 786 2500 longe
822 2428 934 2486 Deo
969 2432 1126 2487 aliter
1166 2440 1250 2488 est
1283 2434 1458 2490 visum
1481 2478 1496 2500 ,
1535 2452 1600 2492 ac
1634 2455 1702 2494 ne
1743 2442 2054 2512 baptizandi

480 2521 699 2590 quidem
731 2531 976 2592 potestas
1002 2533 1088 2580 est
1121 2525 1197 2579 illi
1233 2524 1374 2580 facta
1404 2567 1418 2593 ,
1446 2529 1660 2600 1060
1697 2548 1818 2587 cum
1849 2536 2054 2606 alioqui

480 2613 616 2682 tingi
651 2613 719 2666 ab
758 2613 848 2666 illa
882 2614 1134 2672 Christus
1175 2617 1357 2686 potius
1388 2635 1552 2689 quam
1608 2623 1676 2677 ab
1713 2622 1922 2695 Joanne
1957 2643 2054 2698 po-

479 2703 690 2758 tuisset.
726 2704 922 2759 Verum
956 2705 1196 2763 Joannes
1245 2708 1522 2766 Zachariae
1551 2712 1716 2783 ﬁlius,
1747 2726 1871 2786 post
1909 2735 2055 2774 com-

452 2795 708 2850 'missum
759 2797 864 2852 sibi
924 2797 1235 2868 baptizandi
1285 2818 1520 2866 munus,
1578 2807 1644 2861 ad
1697 2821 2049 2890 peccatorum

478 2886 1132 2954 eondonationem,vitam
1167 2891 1222 2946 in
1255 2893 1550 2950 solitudine
1586 2886 1866 2957 traduxit:
1893 2904 2051 2972 cujus

478 2984 632 3048 pater
661 2978 1026 3034 sacerdotium
1059 2982 1249 3052 gessit,
1283 2991 1337 3038 ct
1366 2986 1467 3040 sub
1499 2986 1688 3042 horam
1731 2991 1939 3049 sul'ﬁtus
1969 2996 2050 3049 vi-

477 3085 596 3124 sum
624 3069 751 3124 huic
772 3071 1010 3126 oblatum
1033 3075 1163 3128 est’.
1195 3073 1320 3129 Post
1340 3076 1454 3132 haec
1474 3076 1686 3144 Petrus,
1711 3091 1763 3137 et
1784 3083 2050 3155 Andreas,
2079 3105 2121 3162 (ς

475 3161 730 3228 Jacobus,
776 3169 832 3218 et
879 3161 1138 3234 Joannes,
1189 3167 1471 3238 I’hilippus
1505 3180 1558 3224 et
1603 3171 2051 3245 Bartholomaeus,

480 3246 739 3316 Thomas,
765 3252 1091 3319 Thaddmus,
1117 3266 1170 3310 et
1198 3256 1436 3314 Jacohus
1463 3260 1690 3331 Alphaai,
1711 3273 1765 3320 et
1782 3265 2055 3325 JudasJa-

479 3345 624 3410 cobi,
645 3353 700 3398 et
735 3343 921 3398 Simon
941 3347 1259 3412 Canameus,
1275 3361 1329 3404 et
1362 3351 1614 3409 Matthias
1633 3357 1699 3411 ad
1722 3362 2053 3430 supplendos

476 3434 762 3488 duodecim
783 3435 1106 3504 suﬂ'ectus’;
1137 3439 1235 3504 illi,
1268 3440 1509 3510 inquam,
1529 3459 1717 3502 omnes
1740 3458 1794 3504 et
1822 3454 2053 3520 apostoli

475 3526 668 3580 delecti
702 3536 854 3591 sunt,
898 3543 963 3584 ac
995 3537 1107 3584 toto
1137 3539 1404 3587 terrarum
1439 3535 1570 3592 orbe
1617 3553 1832 3595 sacram
1881 3542 2053 3600 Evan-

474 3619 596 3688 gelii
646 3617 982 3676 [unctionem
1023 3622 1552 3694 administrarunt‘,
1603 3644 1726 3685 cum
1778 3632 1945 3690 Paulo
1997 3644 2051 3692 et

473 3706 742 3776 Barnaba,
793 3725 857 3765 ac
911 3713 1168 3769 caeteris:
1229 3714 1504 3788 iidemque
1543 3724 1925 3791 mysteriorum
1960 3742 2049 3783 au-

471 3810 653 3856 ctores
712 3812 876 3873 atque
907 3805 1220 3863 conditores
1266 3807 1507 3876 fuerunt,
1541 3827 1648 3867 una
1678 3829 1802 3869 cum
1841 3815 2048 3876 Jacobo

471 3891 687 3947 Domini
741 3894 931 3959 fratre,
981 3898 1158 3966 primo
1197 3897 1701 3972 Hierosolymorum
1743 3905 2044 3980 episcopo,

469 3999 498 4036 a
529 3999 640 4054 quo
672 3991 732 4038 ut
759 3995 812 4040 et
845 3986 915 4041 ab
945 3987 1088 4051 aliis,
1127 4003 1265 4058 quos
1293 3994 1724 4062 numeravimus,
1757 4001 2042 4066 apostolis,

466 4075 848 4145 episcoporum
904 4091 968 4132 ac
1005 4080 1453 4152 presbyterorum
1493 4089 1878 4145 successiones
1916 4103 2046 4147 sunt

467 4167 519 4220 in
553 4167 713 4222 domo
749 4167 838 4223 Dei
882 4171 1214 4226 constituta.
1251 4172 1361 4228 Nec
1391 4175 1533 4230 inter
1565 4178 1689 4235 illos
1718 4187 1898 4237 tamen
1932 4199 2046 4239 mu-

466 4257 566 4310 lier
601 4257 712 4310 ulla
741 4267 992 4328 cooptata
1039 4261 1256 4332 legitur.
1302 4263 1472 4320 Erant
1509 4268 1753 4338 quidem,
1795 4281 1854 4326 ut
1887 4271 2040 4329 Scri-

466 4353 624 4414 ptura
653 4355 864 4412 narrat,
898 4347 1146 4422 Philippo
1176 4357 1521 4424 evangelista:
1560 4357 1682 4413 ﬁlim
1721 4375 1776 4415 tv
1809 4364 2042 4436 prophe-j

2165 1795 2264 1867 τὴν
2296 1795 2512 1867 Μαρίαν
2544 1799 2817 1868 ἱερατείαν
2845 1800 3155 1854 ἐπιτελέσαι
3186 1803 3244 1856 ἐν
3265 1804 3437 1876 Καινῇ
3467 1807 3740 1881 Διαθήκῃ·

2164 1886 2262 1956 τὴν
2285 1887 2710 1951 καταξιωθεῖσαν
2734 1890 2791 1942 ἐν
2822 1890 3042 1954 κόλποις
3079 1892 3231 1957 ίδίοις
3260 1894 3620 1961 ὑποδέξασθαι
3649 1902 3742 1954 τὸν

2165 1977 2516 2048 παμϐασιλέα
2553 1979 2684 2032 Θεὸν
2718 1981 3073 2053 ἐπουράνιον,
3105 1984 3232 2040 Υἱὸν
3271 1985 3365 2040 τοῦ
3396 1987 3528 2043 Θεοῦ
3558 2008 3570 2020 ·
3599 1987 3674 2064 ἧς
3706 1996 3737 2064 ἡ

2167 2069 2368 2140 μήτρα,
2383 2069 2524 2133 ,ναὸς
2551 2071 2817 2142 γενομένη
2849 2074 2942 2126 καὶ
2968 2079 3404 2149 κατοικητήριον,
3427 2082 3505 2145 είς
3521 2082 3627 2154 τὴν
3647 2085 3738 2139 τοῦ

2164 2159 2368 2230 Κυρίου
2430 2160 2692 2233 ἕνσαρκον
2747 2166 3057 2236 οἰκονομίαν
3122 2171 3262 2223 κατὰ
3327 2172 3739 2247 φιλανθρωπίαν

2161 2248 2296 2302 Θεοῦ
2343 2251 2438 2303 καὶ
2486 2250 2790 2323 ἔκπληκτον
2863 2259 3162 2329 μυστήριον
3216 2262 3540 2337 ἡτοιμάσθη.
3593 2269 3739 2322 Ἀλλ’

2159 2341 2261 2394 οὐκ
2301 2343 2610 2414 εὐδόκησεν.
2669 2346 2808 2399 Ἀλλ’
2844 2349 2965 2402 οὐδὲ
3007 2350 3290 2424 βάπτισμα
3332 2355 3530 2411 διδόναι
3571 2361 3737 2413 πεπί-

2163 2449 2414 2486 στευται·
2463 2436 2586 2490 ἐπεὶ
2613 2436 2892 2507 ἠδύνατοὸ
2927 2441 3164 2512 Χριστὸς
3191 2445 3392 2516 μᾶλλον
3428 2453 3560 2519 παρ’
3599 2454 3733 2526 αὐτῇ

2160 2522 2526 2594 βαπτισθῆναι
2575 2527 2718 2600 ἤπερ
2758 2530 2910 2603 παρὰ
2961 2533 3226 2603 Ἰωάννου.
3273 2538 3431 2615 Ἀλλὰ
3483 2522 3737 2615 Ἰωάννηξ

2161 2616 2262 2685 μὲν
2290 2620 2418 2682 παῖς
2444 2619 2712 2691 Ζαχαρίου
2751 2623 2809 2675 ἐν
2835 2626 2902 2695 τῇ
2936 2624 3129 2698 ἐρήμῳ
3153 2612 3419 2686 διετέλεσε
3450 2612 3736 2708 βάπτισμα

2158 2709 2408 2779 ἀφέσεως
2434 2713 2719 2784 ἁμαρτιῶν
2764 2721 3195 2790 πεπιστευμένος
3214 2739 3226 2752 ·
3257 2725 3284 2776 ὁ
3317 2725 3374 2779 δὲ
3405 2729 3602 2782 τούτου
3641 2749 3733 2784 παι

2157 2799 2260 2870 τὴρ
2302 2801 2422 2873 Θεῷ
2473 2804 2786 2876 ίεράτευσε,
2837 2809 2930 2861 καὶ
2973 2812 3040 2882 τῇ
3085 2811 3206 2885 ὥρᾳ
3247 2814 3341 2868 τοῦ
3392 2817 3734 2891 θυμιάματος

2157 2893 2421 2948 ὀπτασίαν
2453 2891 2582 2950 εἶδε.
2615 2897 2823 2972 Πέτρος
2871 2918 2930 2954 τε
2954 2963 2958 2968 _
2981 2904 3075 2957 καὶ
3117 2907 3402 2978 Ἀνδρέας,
3441 2912 3734 2985 Ἰάκωϐος,

2159 2985 2251 3038 καὶ
2295 2985 2566 3059 Ἰωάννης.
2594 2990 2856 3058 Φίλιππος
2877 3033 2892 3057 ,
2922 2996 3016 3049 καὶ
3043 2996 3445 3072 Βαρθολομαῖος
3463 3044 3478 3068 ,
3509 3006 3734 3078 Θωμᾶς,

2156 3078 2431 3144 Θαδδαῖος,
2465 3083 2557 3134 καὶ
2589 3082 2844 3149 Ἰάκωϐος
2879 3086 3150 3157 Ἁλφαίου,
3182 3092 3278 3145 καὶ
3315 3095 3515 3161 Ἰούδας
3550 3101 3732 3155 Ἰακώ-

2158 3170 2275 3238 ϐου,
2301 3172 2394 3226 καὶ
2423 3174 2607 3245 Σίμων
2636 3178 2665 3230 ὀ
2687 3178 3013 3247 Καναναῖος,
3045 3184 3139 3236 καὶ
3165 3185 3417 3253 Ματθίας
3435 3191 3465 3243 ό
3495 3192 3576 3254 εἰς
3605 3194 3730 3266 πλήο

2157 3276 2324 3330 ρωσιν
2355 3262 2464 3315 τῶν
2507 3263 2712 3318 δώδεκα
2750 3267 3166 3342 ἐκλελεγμένος·
3207 3269 3350 3330 οὗτοι
3391 3278 3596 3344 πάντες
3647 3262 3742 3350 ἑέ-

2153 3350 2418 3422 ελέγησαν
2446 3353 2752 3421 ἀπόστολοι,
2780 3361 2873 3412 καὶ
2901 3361 3041 3437 κατὰ
3065 3363 3162 3434 τὴν
3188 3365 3290 3435 γῆν
3321 3369 3730 3443 ίερουργοῦντες

2153 3441 2213 3494 τὸ
2265 3443 2599 3513 Εὐαγγέλιον
2633 3448 2752 3518 ἅμα
2781 3449 2978 3522 Παύλῳ
3017 3453 3110 3507 καὶ
3145 3456 3433 3531 Βαρνάϐα,
3476 3441 3581 3516 *καὶ
3621 3466 3728 3519 λοι-

2153 3535 2292 3598 ποῖς,
2318 3535 2411 3588 καὶ
2447 3539 2760 3610 μυστηρίων
2791 3541 3092 3614 ἀρχηγέται
3124 3547 3220 3601 σὺν
3251 3549 3494 3623 Ἰακώϐῳ
3516 3554 3729 3628 ἀδελφῷ

2150 3626 2242 3718 τοῦ
2272 3628 2499 3698 Κυρίου,
2531 3632 2624 3685 καὶ
2658 3634 2860 3707 πρώτῳ
2889 3639 3174 3713 ἐπισκόπῳ
3213 3643 3602 3718 Ἰεροσολύμων
3622 3668 3634 3681 ·
3671 3626 3727 3717 ἐξ

2148 3711 2316 3790 οὗπερ
2346 3720 2649 3777 ἐπισκόπου
2687 3727 2781 3780 καὶ
2814 3729 2923 3782 τῶν
2961 3735 3374 3806 προειρημένων
3414 3741 3725 3796 ἀποστόλων

2148 3811 2560 3884 κατεστάθησαν
2585 3815 2829 3887 διαδοχαὶ
2857 3820 3174 3878 ἐπισκόπων
3199 3828 3293 3880 καὶ
3333 3831 3723 3906 πρεσϐυτέρων

2146 3899 2206 3954 ἐν
2227 3901 2362 3972 οἴκῳ
2387 3902 2544 3958 Θεοῦ.
2575 3906 2686 3959 Καὶ
2710 3907 2948 3980 οὐδαμοῦ
2976 3913 3111 3985 γυνὴ
3142 3917 3199 3968 ἐν
3223 3917 3434 3984 τούτοις
3459 3899 3726 3980 κατεστάο

2147 3990 2234 4062 θη.
2308 3989 2489 4049 Ἦσαν
2551 3997 2608 4051 δὲ
2648 4039 2663 4065 ,
2715 4002 2880 4070 φησὶ,
2947 4004 3209 4078 τέσσαρες
3262 4009 3562 4085 θυγατέρες
3639 4020 3725 4071 Φι-

2145 4085 2328 4158 λίππῳ
2399 4089 2476 4160 τῷ
2537 4092 2892 4166 εύαγγελιστῇ
2968 4101 3446 4173 προφητεύουσαι,
3489 4110 3552 4162 οὐ
3615 4113 3724 4183 μὴν

2145 4179 2546 4252 ἱερουργοῦσαι.
2591 4185 2700 4238 Καὶ
2746 4181 2814 4257 ἧν
2847 4188 3015 4243 Ἀννα
3041 4193 3308 4264 προφῆτις
3347 4195 3594 4273 θυγάτηρ
3611 4179 3724 4255 ἐπιά-

2142 4271 2335 4344 νουὴλ,
2366 4274 2482 4326 ἀλλ’
2519 4276 2617 4346 οὐχ
2651 4277 2921 4349 ίερατείαν
2953 4286 3383 4358 πεπιστευμένη.
3419 4271 3570 4346 Ἔδει
3606 4294 3716 4366 γὰρ

2142 4362 2481 4436 πληροῦσθαι
2507 4367 2593 4434 τὸ,
2615 4370 3153 4438 Προφητεύσουσιν
3181 4380 3234 4430 οἱ
3262 4379 3382 4432 υιοὶ
3403 4381 3592 4451 ὑμῶν,
3620 4362 3720 4439 κάι

465 4435 633 4498 tissae,
673 4451 784 4490 non
828 4445 1006 4494 tamen
1039 4443 1350 4500 sacerdotes
1387 4446 1427 4500 '.
1468 4445 1729 4504 Similiter
1781 4459 1836 4506 et
1879 4454 2035 4508 Anna

831 4528 852 4544 ρ
890 4529 1002 4544 .-.υ
1172 4535 1201 4544 ..
1261 4534 1326 4544 -..
1382 4536 1398 4544 -

2154 4459 2200 4509 αἱ
2222 4435 2540 4526 θυγατέρες
2563 4435 3071 4533 ὐμῶννὲκυπνιοις
3098 4435 3715 4544 ἐνυπνιωθῆσοίται,

464 4525 808 4595 prophetissa
829 4528 929 4582 fuit
945 4529 1236 4588 Phanuelis
1256 4534 1364 4589 ﬁlia
1380 4536 1421 4600 ⁸⁸,
1451 4552 1560 4592 non
1582 4546 1761 4596 tamen
1789 4544 2042 4600 sacerdo-

465 4615 541 4667 tio
576 4616 817 4684 praedita.
858 4619 1069 4691 Quippe
1102 4623 1310 4694 impleri
1351 4627 1496 4682 istud
1542 4633 2034 4704 oportebatyquod

461 4717 545 4763 est
565 4710 856 4779 scriptum:
880 4712 1273 4782 Prophetabunt
1301 4719 1402 4788 ﬁlii
1425 4723 1605 4788 vestri,
1629 4733 1679 4776 et
1695 4725 1826 4793 ﬁlia:
1851 4738 2036 4784 vestrm

461 4801 669 4852 somnia
717 4804 1090 4873 somniabuut,
1135 4819 1184 4862 et
1225 4810 1576 4868 adolescentes
1623 4819 1781 4872 vestri
1813 4821 2034 4877 visiones

460 4890 722 4946 videbunt.
759 4892 1080 4967 Quanquam
1114 4915 1243 4956 vero
1278 4903 1711 4962 diaconissarum
1745 4909 1799 4964 in
1839 4910 2032 4970 Eccle-

457 4985 538 5039 sia
571 4985 706 5041 ordo
742 4989 835 5053 sit,
873 5005 983 5044 non
1015 4999 1196 5048 tamen
1229 4996 1296 5050 ad
1336 5002 1628 5056 sacerdotii
1666 5002 2026 5072 iunctionem,

455 5085 550 5131 aut
607 5079 770 5133 ullam
823 5081 1094 5151 ejusmodi
1141 5086 1671 5148 administrationem
1739 5096 2026 5154 institutus

455 5177 574 5234 est,
623 5169 716 5224 sed
759 5179 818 5225 ut
862 5174 1149 5231 muliebris
1185 5193 1350 5235 sexus
1379 5180 1649 5237 honestati
1681 5187 2024 5256 consulatur,

455 5260 567 5315 sive
600 5270 658 5314 ut
689 5263 947 5333 baptismi
978 5273 1220 5338 tempore
1254 5271 1419 5337 adsit,
1454 5274 1570 5329 sive
1600 5285 1658 5329 ut
1695 5276 1950 5346 inspiciat
1978 5282 2025 5335 si

453 5354 581 5423 quid
615 5370 772 5424 passa
798 5359 887 5424 sit,
923 5369 1017 5414 aut
1049 5363 1310 5419 molestiae
1344 5367 1648 5436 pertulerit,
1681 5371 1795 5424 sive
1815 5381 1873 5424 ut
1901 5388 2024 5426 cum

452 5447 768 5504 nudandum
822 5461 907 5508 est
959 5455 1207 5511 mulieris
1259 5473 1492 5528 corpus,
1548 5461 1918 5518 interveniat:
1955 5479 2026 5518 ne

2142 4549 2242 4604 καὶ
2295 4553 2350 4604 οἱ
2370 4552 2680 4608 νεανίσκοι
2702 4557 2872 4626 ὑμῶν
2898 4559 3140 4628 ὁράσεις
3169 4562 3443 4632 ὄψονται.
3489 4570 3602 4623 Καὶ
3633 4573 3718 4627 ὅτι

2145 4641 2242 4710 μὲν
2273 4641 2624 4699 διακονισσῶν
2657 4646 2767 4717 (15)
2815 4649 2999 4720 τάγμα
3038 4651 3186 4705 ἐστὶν
3229 4657 3309 4718 είς
3351 4657 3450 4727 τὴν
3491 4659 3718 4732 Ἐκκλη-

2140 4731 2280 4796 σίαν,
2316 4733 2433 4786 ἀλλ’
2466 4735 2586 4807 οὐχὶ
2625 4737 2704 4800 εἱς
2727 4737 2789 4791 τὸ
2826 4741 3146 4810 ἱερατεύειν,
3182 4744 3301 4798 οὐδέ
3331 4763 3384 4800 τι
3417 4731 3714 4822 ἐπιχειρεῖν

2137 4822 2472 4890 ἐπιτρέπειν,
2497 4824 2682 4880 ἕνεκεν
2703 4827 2761 4882 δὲ
2789 4832 3117 4902 σεμνότητος
3148 4834 3243 4888 τοῦ
3274 4840 3588 4904 γυναικείου
3619 4843 3712 4911 γέ-

2139 4931 2284 4979 νους,
2315 4914 2347 4984 ἢ
2387 4915 2454 4968 δι’
2483 4917 2632 4987 ὥραν
2661 4919 2906 4991 λουτροῦ,
2959 4923 2992 4994 ἦ
3033 4925 3376 4998 ἐπισκέψεως
3397 4929 3640 4998 πάθους,
3672 4934 3708 5004 ἦ

2137 5004 2319 5071 πόνου,
2354 5009 2447 5060 καὶ
2470 5008 2559 5062 ὅτε
2587 5011 2897 5084 γυμνωθείη
2931 5014 3090 5085 σῶμα
3112 5018 3353 5085 γυναίου,
3379 5021 3472 5077 ενα
3501 5023 3578 5094 μὴ
3607 5025 3710 5078 ὑπὸ

2131 5095 2340 5167 ἀνδρῶν
2378 5098 2799 5170 ἱερουργούντων
2833 5103 3052 5177 θεαθείη
3072 5148 3086 5170 ,
3116 5109 3233 5162 ἀλλ’
3261 5111 3366 5165 ὑπὸ
3400 5112 3500 5183 τῆς
3525 5115 3708 5169 διακο·

2127 5187 2348 5259 νούσης,
2373 5189 2409 5244 ἃ
2425 5192 2442 5222 ⁷
2471 5193 2832 5266 ἐπιτάσσηται
2853 5195 2958 5250 ὑπὸ
2981 5198 3076 5252 τοῦ
3115 5201 3304 5274 ἱερέως
3329 5204 3706 5276 ἐπιμελεῖσθαι

2129 5281 2266 5351 πρὸς
2299 5283 2397 5353 τὴν
2423 5283 2574 5354 ὤραν
2611 5286 2707 5356 τῆς
2736 5287 3092 5363 ἐπιδεομένης
3118 5295 3375 5361 γυναικὸς
3397 5299 3456 5350 ἐν
3485 5298 3704 5370 τῇῶρᾳ

2131 5373 2231 5442 τῆς
2264 5373 2357 5426 τοῦ
2400 5375 2650 5446 σώματος
2692 5379 2861 5450 αὐτῆς
2898 5383 3260 5453 γυμνώσεως,
3290 5387 3384 5440 τοῦ
3425 5390 3702 5461 τάγματος

2131 5468 2230 5535 τῆς
2263 5467 2536 5534 εὐταξίας,
2565 5473 2658 5525 καὶ
2694 5473 3154 5548 ὲκκλησιαστικῆς
3178 5480 3436 5553 εὐνομίας
3478 5484 3688 5554 ἐπιστη-

521 5599 540 5631 ¹
573 5600 591 5650 l
623 5601 752 5672 Reg.
779 5620 818 5668 ι,
840 5607 892 5659 5.
969 5608 988 5638 ²
1020 5577 1152 5664 Luc.
1192 5627 1229 5677 ι,
1252 5611 1284 5664 5
1312 5627 1433 5682 sqq.
1513 5613 1534 5644 ³
1557 5613 1679 5668 Act.
1710 5629 1750 5680 ι,
1773 5615 1862 5670 26.
1943 5616 1964 5648 ⁸
1995 5617 2051 5670 Rt

2189 5637 2277 5682 xv,
2319 5621 2402 5677 l6.
2485 5625 2506 5656 ⁸
2531 5625 2651 5682 Act.
2693 5645 2807 5696 xxi,
2841 5630 2894 5687 9.
2973 5632 2993 5663 ⁸
3021 5631 3154 5690 Luc.
3185 5650 3246 5704 ιι,
3271 5633 3361 5694 56.
3437 5637 3458 5670 '
3489 5635 3690 5705 Eii-ﬁ.

528 5709 634 5774 (i5)
666 5712 772 5766 Καὶ
807 5715 895 5768 ὅτι
925 5718 1036 5771 ιιὲν
1065 5721 1495 5782 διακονισσῶν.
1533 5727 1604 5781 De
1637 5728 1960 5788 diaconissis
1991 5734 2042 5786 in

2163 5751 2189 5788 c
2221 5736 2400 5804 operis
2429 5747 2636 5808 agetur.
