3986 6224
287 301 391 358 745

889 299 1256 358 ADVERSUS
1295 301 1638 359 lleliESlSS
1679 302 1804 359 UB.
1857 305 1945 358 lll.
1989 296 2153 363 ΤΟΜ.
2197 307 2259 362 ll.
2297 339 2364 350 —-
2404 308 2677 369 IIA‘IRES.
2724 314 2956 372 LXXlX.

3455 317 3558 373 746

290 417 464 488 μόνως
499 414 560 468 ἐν
587 415 774 488 μέτρῳ
817 416 1038 479 κανόνος
1079 416 1284 488 σφόδρα
1313 414 1746 487 ήσφαλισμένης.
1782 415 1861 467 Διὶ

1973 419 2236 486 virorum,
2257 421 2351 492 qui
2373 426 2546 480 sacris
2571 436 2894 496 operantur,
2917 431 3162 501 aspectui
3194 431 3264 488 sit
3288 435 3559 502 “pasta,

284 509 408 562 οὔτε
455 507 804 578 ἐπιτρέπειὸ
833 507 977 576 θεῖος
1015 508 1170 576 λόγος
1236 509 1462 576 γυναικὶ
1507 508 1564 560 ὲν
1609 506 1861 575 ἐπίκλησίς

1978 507 2072 561 sed
2126 524 2157 562 a
2202 512 2318 567 sola
2366 513 2678 572 diaconissa
2744 519 3023 585 videatur;
3081 537 3202 592 quae
3253 523 3560 580 sacerdotis

285 601 488 666 λαλεῖν,
519 599 642 653 οὔτε
669 600 946 654 αὐθεντεῖν
983 601 1196 673 ἀνδρὸς.
1240 601 1350 656 Καὶ
1386 599 1554 655 πολλὰ
1586 598 1702 652 ἔστι
1747 597 1861 666 περ

1979 597 2239 654 mandato
2273 603 2517 661 mulieris
2560 621 2748 670 curam
2784 609 2945 680 gerit,
2990 627 3099 682 quo
3127 621 3371 683 tempore
3396 622 3561 668 vcstt-

283 693 477 747 τούτου
512 693 714 761 λέγειν.

1979 685 2082 742 bus
2109 690 2348 746 exuitur.
2377 692 2496 760 Qua
2526 696 2578 751 in
2607 713 2665 752 re
2687 714 2809 753 cum
2832 700 3043 758 ordinis
3077 702 3224 759 illius
3253 703 3559 770 tnodestim,

285 797 402 842 tum
451 786 844 843 ecclesiastica:
890 788 1197 859 disciplina:
1236 789 1529 860 prudenter
1573 784 1865 840 admodum
1942 795 2006 834 ex
2053 782 2294 844 Canonis
2370 794 2690 865 praascripto
2736 803 2819 852 est
2878 812 2943 851 ac
2990 799 3175 867 regula
3221 801 3560 858 consultum.

284 879 578 950 Propterea
659 895 728 935 ne
780 880 926 950 loqui
976 882 1197 951 quidem
1237 883 1290 936 in
1331 883 1564 937 ecclesia
1607 875 1821 934 mulieri

1908 910 1926 937 ,
1967 883 2060 928 aut
2107 879 2159 932 in
2212 881 2357 941 viros
2410 889 2795 944 auctoritatem
2859 891 3061 947 habere
3115 908 3286 949 sacra:
3339 893 3556 950 Littera:

283 974 626 1044 permittunt.
679 973 786 1029 Sed
838 975 906 1030 de
951 976 1054 1030 hac
1109 984 1220 1031 tota
1276 993 1334 1032 re
1384 977 1540 1046 plura
1595 968 1868 1043 disputari
1914 979 2166 1038 possunt.

351 1070 423 1122 A'.
468 1068 892 1141 Παρατηρητέον
921 1069 998 1130 δὲ,
1027 1070 1109 1123 ὅτι
1143 1070 1272 1140 ἄχρι
1301 1067 1658 1124 διακονισσῶν
1715 1064 1873 1136 μόνον

279 1160 343 1214 τὸ
379 1157 834 1229 ἐκκλησιαστικὸν
871 1160 1135 1231 ἐπεδεήθη
1190 1160 1409 1230 τάγμα,
1444 1160 1621 1230 χήρας
1650 1174 1708 1210 τε
1739 1155 1873 1210 ὠνό-

285 1267 449 1320 μασε,
499 1250 594 1304 καὶ
634 1250 841 1304 τούτων
872 1249 972 1314 τὰς
1015 1249 1096 1304 ἔτι
1137 1251 1440 1321 γραοτερας
1476 1248 1869 1320 πρεσϐύτιδας,

279 1341 517 1412 οὐδαμοῦ
563 1341 619 1394 δὲ
670 1342 1133 1414 πρεσϐυτερίδας,
1183 1343 1216 1414 ἢ
1267 1342 1512 1412 ίερίσσας
1543 1340 1865 1412 προσέταξε.

284 1436 395 1488 Καὶ
442 1435 552 1506 γὰρ
593 1433 718 1488 οὔτε
748 1435 988 1488 διάκονοι
1031 1436 1090 1487 ἐν
1129 1437 1194 1506 τῇ
1244 1434 1673 1504 ἐκκλησιαστικῇ
1720 1431 1870 1498 τάξει

280 1526 682 1598 ἐπιστεύθησάν
725 1545 777 1580 τι
827 1528 1121 1598 μυστήριον
1175 1526 1467 1588 ἐπιτελεῖν,
1516 1524 1655 1580 ἀλλὰ
1705 1524 1867 1595 μόνον

278 1621 549 1674 διακονεῖν
583 1620 651 1672 τὰ
696 1618 1108 1689 ἐπιτελούμενα.
1157 1617 1329 1672 Πόθεν
1369 1617 1426 1670 δὲ
1460 1615 1620 1670 πάλιν
1666 1616 1796 1687 ἡμῖν
1840 1616 1869 1666 ὁ

2041 1063 2128 1119 1V.
2172 1067 2306 1125 Illud
2337 1088 2466 1128 vero
2493 1074 2784 1148 diligenter
2811 1081 3214 1136 observandum
3238 1091 3343 1148 est,
3376 1083 3551 1138 solum

1969 1153 2404 1217 diaconissarum
2447 1166 2681 1222 otliciutn
2714 1169 2782 1224 ad
2827 1173 3260 1229 eet-lesiasticum
3307 1175 3552 1232 ordinem

1971 1251 2346 1308 necessarium
2387 1255 2590 1325 fuisse;
2626 1273 2689 1314 ac
2718 1260 2912 1320 viduas
2957 1264 3176 1335 quidem
3226 1267 3552 1340 nominatim

1970 1353 2282 1409 expressas,
2318 1355 2372 1401 et
2404 1347 2545 1404 inter
2577 1352 2718 1416 illas,
2756 1369 2877 1424 quae
2921 1370 3059 1412 anus
3098 1365 3304 1422 essent,
3342 1358 3550 1429 106],

1973 1433 2318 1504 prcshytidas
2365 1447 2606 1506 vocatas,
2660 1460 2938 1515 nunquam
2993 1449 3401 1520 presbyteridas
3457 1459 3554 1505 aut

1972 1526 2372 1585 sacerdotissas
2403 1545 2527 1587 esse
2556 1532 2752 1591 factas.
2791 1537 2927 1591 Nam
2958 1555 3134 1610 neque
3164 1542 3413 1598 diaconis
3437 1542 3554 1614 qni-

1972 1616 2092 1672 dem
2125 1619 2260 1688 ipsis
2301 1621 2469 1678 ullum
2500 1624 2556 1680 in
2585 1628 2961 1686 ecclesiastico
3002 1634 3195 1689 ordine
3232 1652 3552 1691 sacramen-

281 1710 469 1772 καινὸς
503 1709 670 1780 μῦθος
708 1701 866 1772 οὗτος
897 1709 1230 1780 ἐγήγερται;
1269 1709 1440 1763 Πόθεν
1470 1707 1744 1779 γυναικῶν
1772 1706 1861 1761 τῦ‹

1973 1718 2086 1765 tum
2119 1712 2382 1781 perlicere
2416 1719 2762 1786 conceditur,
2793 1723 2887 1778 sed
2919 1724 3022 1780 hoc
3048 1726 3336 1796 duntaxat,
3372 1737 3432 1784 ut
3459 1745 3552 1786 eo-

280 1819 413 1869 φος,
466 1802 559 1855 καὶ
607 1802 774 1872 μανία
809 1804 1230 1870 γυναικωνῖτις;
1267 1803 1439 1857 Πόθεν
1482 1802 1792 1874 τρεφομένη
1827 1803 1860 1872 ή

276 1894 449 1948 κακία
481 1895 568 1950 διὰ
600 1896 700 1967 τῆς
733 1896 894 1950 πάλιν
927 1895 1135 1968 θήλεος,
1182 1899 1312 1968 ήμῖν
1340 1896 1399 1950 τὸ
1438 1897 1571 1968 θῆλυ
1605 1899 1703 1968 τῆς
1732 1897 1863 1950 ὑπο-

273 1987 430 2051 νοίας
483 1990 598 2053 τοῖς
665 1990 1015 2061 φρονήμασιν
1072 1989 1404 2061 ἐπιχέουσα,
1471 1990 1533 2044 τὸ
1599 1991 1862 2062 σφέτερον

272 2079 608 2150 ἡδυπαθείας
640 2081 980 2153 ἐργαζομένη
1006 2122 1021 2148 ,
1064 2082 1174 2136 ἀπὸ
1221 2081 1314 2135 τοῦ
1361 2081 1720 2154 προκειμένου
1759 2081 1864 2149 ἔξω

274 2172 485 2241 βαίνειν
515 2172 616 2244 τὴν
644 2172 903 2229 τάλαιναν
929 2173 1038 2230 τῶν
1066 2173 1164 2228 ἀνθ
1175 2173 1370 2246 ρώπων
1403 2175 1565 2245 φύσιν
1595 2177 1865 2247 ἐπιχειρεῖ

273 2265 652 2334 ἀναγκάζειν;
689 2265 848 2321 Ἀλλὰ
891 2267 997 2339 μὴν
1030 2267 1125 2320 τοῦ
1169 2267 1288 2321 Ἰὼϐ
1333 2267 1612 2340 δεξώμεθα
1645 2268 1704 2322 τὺ
1738 2269 1866 2340 φρό-

273 2376 424 2430 νημα
461 2358 522 2412 τὸ
555 2360 774 2430 στερεὸν
800 2360 895 2414 τοῦ
924 2361 1179 2432 ἀθλητοῦ,
1211 2361 1628 2432 ἐξοπλισώμεθα
1653 2361 1751 2434 τὴν
1781 2364 1864 2416 δι-

273 2451 442 2504 καίαν
469 2452 761 2524 ἀπόκρισιν
796 2454 890 2507 ἐπὶ
922 2456 1034 2519 τοῖς
1067 2455 1303 2525 χείλεσιν
1352 2455 1734 2519 ἀναλαϐόντες.
1771 2455 1857 2510 Ef-

271 2560 470 2612 πωμεν
504 2543 602 2597 καὶ
646 2544 799 2598 αὐτοί
822 2562 835 2575 '
865 2547 1096 2616 “Ωσ.τιερ
1129 2549 1239 2618 μία
1285 2547 1405 2602 τῶν
1437 2549 1718 2619 ἀφρόνων
1761 2565 1867 2622 τυ-

271 2635 503 2690 ναικῶν
531 2635 867 2706 ἐλάλησας.

349 2813 519 2868 Πόθεν
549 2814 658 2886 γὰρ
687 2817 787 2870 οὐκ
819 2818 1188 2890 ἐμϐρόντητον
1216 2818 1276 2872 τὸ
1300 2819 1537 2874 τοιοῦτον
1565 2821 1866 2892 φανήσεται

270 2907 442 2962 παντὶ
489 2908 568 2979 τῷ
615 2909 832 2964 σύνεσιν
882 2909 1078 2980 ἔχοντι,
1112 2912 1206 2965 καὶ
1250 2913 1309 2965 ἐν
1351 2911 1471 2984 Θεῷ
1507 2912 1865 2983 κεκτημένῳ,

270 2999 448 3053 Πόθεν
479 3000 580 3054 οὐκ
608 3000 949 3054 είδωλοποιὸν
974 3001 1036 3055 τὺ
1058 3003 1415 3074 ἐπιτήδευμα,
1444 3005 1538 3058 καὶ
1582 3005 1643 3057 τὸ
1686 3006 1864 3076 ἐγχεί-

275 3108 429 3161 ρημα
465 3091 803 3156 διαϐολικόνς
834 3093 1110 3164 Προφάσει
1161 3095 1270 3167 γὰρ
1310 3096 1517 3150 δικαίου
1549 3097 1635 3150 ἀεὶ
1677 3099 1864 3151 ὑπεισ-

268 3182 446 3236 δύνων
474 3182 572 3254 τὴν
598 3182 833 3239 διάνοιαν
861 3187 891 3238 ὁ
943 3185 1188 3252 διάϐολος
1234 3186 1342 3240 τῶν
1389 3187 1714 3258 ἀνθρώπων,
1766 3189 1864 3260 τήν

270 3273 476 3346 Θνητὴν
517 3274 679 3344 φύσιν
736 3275 998 3331 θεοποιῶν
1048 3279 1129 3342 εὶς
1181 3279 1492 3350 ὀφθαλμοὺς
1537 3279 1862 3352 ἀνθρώπων,

268 3366 624 3439 ἀνδροείκελα
655 3369 945 3438 ἀγάλματα
971 3370 1058 3424 διὰ
1102 3371 1374 3434 ποικιλίας
1413 3372 1616 3442 τεχνῶν
1643 3373 1864 3445 διέγρα-

265 3457 364 3526 ψε.
417 3459 529 3512 Καὶ
573 3459 866 3532 τεθνήκασι
926 3463 1025 3532 μὲν
1076 3465 1126 3516 οἱ
1171 3464 1653 3535 προσκυνούμενοι,
1686 3465 1756 3519 τὰ
1806 3467 1865 3522 δὲ

263 3551 478 3606 τούτων
515 3551 809 3624 ἀγάλματα
855 3556 1122 3626 μηδέποτε
1159 3555 1400 3627 ζήσαντα
1462 3557 1605 3629 (οὔτε
1639 3559 1747 3630 γὰρ
1775 3577 1862 3614 νε-

268 3641 385 3714 κρὰ
414 3643 638 3698 δύναται
667 3645 918 3714 γενέσθαι
956 3646 1025 3700 τὰ
1064 3648 1336 3719 μηδέποτε
1387 3649 1647 3722 ζήσαντα)
1695 3668 1862 3722 προσ-

267 3735 486 3807 κυνητὰ
531 3737 964 3807 παρεισάγουσι,
1024 3739 1116 3792 διὰ
1183 3742 1546 3812 μοιχευσάσης
1603 3742 1861 3810 διανοίας,

267 3829 384 3880 ἀπὸ
433 3829 528 3882 τοῦ
585 3829 702 3892 ἑνὸς
749 3831 844 3884 καὶ
900 3831 1060 3902 μόνου
1110 3817 1275 3887 Θεοῦέ
1325 3834 1402 3899 ὡς
1449 3839 1482 3906 ή
1550 3837 1864 3903 πολύκοινος

266 3917 448 3990 πόρνη
484 3921 576 3972 ἐπὶ
613 3920 811 3991 πολλὴν
849 3922 1078 3978 ἀτοπίαν
1133 3924 1457 3996 πολυμιξίας
1499 3928 1859 3998 ἐρεθισθείσα,

265 4008 368 4061 καὶ
408 4008 470 4061 τὸ
518 4010 732 4082 σῶφρον
772 4013 1194 4085 ἀποτριψαμένη
1239 4014 1340 4085 τῆς
1388 4016 1482 4070 τοῦ
1519 4019 1636 4082 ἐνὸς
1670 4021 1863 4092 ἀνδρὸς

264 4097 550 4170 εὐνομίας.
579 4102 686 4154 Ναὶ
717 4102 823 4174 μὴν
869 4103 1022 4172 ἅγιον
1051 4100 1118 4175 ἦν
1149 4107 1212 4160 τὸ
1263 4106 1422 4179 σῶμα
1473 4109 1572 4180 τῆς
1613 4112 1858 4185 Μαρίας’

263 4193 332 4244 οὐ
366 4191 474 4263 μὴν
519 4195 661 4256 θεός.
696 4195 804 4249 Nat
844 4195 910 4267 δὴ
946 4197 1214 4268 παρθένος
1257 4194 1326 4270 ἦν
1366 4202 1399 4272 ή
1451 4201 1728 4274 Παρθένος
1767 4206 1860 4258 καὶ

263 4284 633 4356 τετιμημένη,
665 4285 782 4340 ἀλλ’
810 4287 911 4342 οὐκ
943 4289 1024 4351 είς
1063 4290 1434 4362 προσκύνησιν
1463 4295 1596 4365 ἡμῖν
1623 4295 1856 4362 δοθεῖσα,

265 4376 409 4432 ἀλλὰ
442 4377 820 4446 προσκυνοῦσα
865 4380 957 4434 τὸν
1002 4380 1063 4446 ἐξ
1113 4383 1284 4454 αὐτῆς
1313 4385 1478 4456 σαρκὶ
1523 4390 1858 4460 γεγεννημέ-

267 4487 380 4533 νον,
409 4469 519 4523 ἀπὺ
546 4470 791 4540 οὐρανῶν
819 4472 876 4525 δέ
905 4474 969 4528 ἐκ
993 4473 1208 4528 κόλπων
1243 4477 1512 4549 πατρῴων
1550 4483 1857 4552 παραγενό-

271 4579 455 4634 μενον.
491 4563 601 4616 Καὶ
639 4563 726 4618 διὰ
760 4564 918 4619 τοῦτο
957 4567 1019 4620 τὸ
1059 4569 1392 4638 Εὐαγγέλιον
1424 4573 1855 4644 ὲπασφαλίζεται

266 4657 439 4727 ἡμᾶς,
489 4655 666 4724 λέγον,
713 4656 879 4712 αὑτοῦ
936 4659 1029 4714 τοῦ
1081 4663 1285 4733 Κυρίου
1335 4667 1626 4738 φήσαντος,
1663 4671 1745 4723 ὅτι
1795 4671 1858 4726 Τί

263 4747 398 4816 ἐμοὶ
440 4748 538 4802 καί
583 4749 703 4815 σοὶ,
735 4751 941 4820 quirat;
973 4753 1148 4808 Οὔπω
1177 4755 1310 4823 ἣκει
1338 4759 1376 4827 ἡ
1413 4757 1536 4828 ὥρα
1559 4779 1701 4831 μου.
1737 4764 1856 4818 Ἵνα

266 4840 378 4894 ἀπὸ
403 4840 520 4908 τοῦ,
546 4843 758 4910 Γύναι,
786 4844 844 4898 τί
875 4843 1004 4914 ἐμοὶ
1045 4847 1143 4900 καὶ
1193 4850 1295 4902 σοι
1312 4865 1334 4914 ;
1387 4852 1460 4923 μή
1505 4871 1652 4918 τινες
1700 4856 1855 4928 νομί-

268 4951 406 4986 σωσι
458 4940 844 5008 περισσότερον
890 4935 1032 4992 εἶναι
1068 4940 1165 5012 τὴν
1215 4943 1378 5010 ἁγίαν
1431 4947 1722 5018 Παρθένον,
1755 4969 1855 5017 γυ·-

265 5027 432 5078 ναῖκα
480 5026 684 5097 ταύτην
730 5027 1017 5100 κέκληκεν,
1049 5030 1126 5093 ὡς
1170 5034 1550 5103 προφητεύων,
1577 5039 1687 5090 τῶν
1728 5042 1856 5110 μελ-

266 5115 472 5170 λόντων
504 5117 721 5171 ἔσεσθαι
753 5119 844 5172 ἐπὶ
874 5121 972 5191 τῆς
1001 5122 1103 5191 γῆς
1133 5124 1447 5194 σχημάτων
1484 5145 1545 5180 τε
1583 5129 1678 5184 καὶ
1706 5132 1857 5203 αἱρέ-

268 5226 408 5261 σεων
439 5211 634 5280 χάριν*
674 5212 759 5265 ἵνα
809 5214 885 5284 μή
943 5230 1107 5276 τινες,
1145 5217 1416 5290 ὑπερϐολῇ
1475 5219 1855 5292 θαυμάσαντες

263 5300 365 5369 τὴν
414 5301 598 5370 ἁγίαν,
645 5305 727 5368 εἰς
775 5305 931 5360 τοῦτο
973 5308 1285 5363 ὐποπέσωσι
1331 5311 1430 5381 τῆς
1474 5313 1740 5384 αἱρέσεως
1796 5319 1856 5372 τὸ

264 5393 534 5469 ἳ-ηρολόγη
544 5416 637 5469 μα⁸

1966 1818 2087 1857 rum
2118 1819 2240 1873 qttaa
2266 1805 2643 1876 perficiuntur,
2674 1812 2913 1869 ministri
2955 1816 3087 1871 sint.
3130 1817 3410 1875 Utnlenam
3452 1822 3555 1892 igi-

1967 1902 2055 1948 tur
2083 1911 2278 1954 recens
2309 1899 2400 1954 illa
2442 1902 2602 1959 nobis
2636 1916 2719 1960 est
2747 1907 2982 1962 excitata
3028 1908 3242 1965 fabula?
3277 1911 3430 1968 Unde
3463 1913 3552 1968 hic

1967 1987 2262 2044 mulierum
2294 1990 2491 2058 fastus,
2529 1995 2612 2050 vel
2641 1997 2925 2055 muliebris
2955 2001 3135 2071 potius
3169 2002 3361 2058 furor?
3398 2005 3552 2060 Unde

1965 2090 2097 2130 vero
2125 2080 2368 2148 nequitia
2395 2083 2506 2147 illa,
2535 2101 2699 2154 quant
2726 2087 2907 2147 denuo
2931 2092 3127 2146 mulier
3150 2093 3246 2147 alit
3291 2110 3356 2150 ac
3382 2095 3549 2166 fovet,

1965 2169 2340 2228 ell‘eminatum
2377 2173 2521 2228 istud
2560 2175 2755 2249 dogma
2799 2181 2999 2237 animis
3049 2183 3330 2241 hominum
3373 2187 3554 2244 instil-
3640 2175 3647 2178 ﬁ

1967 2260 2110 2326 Ians,
2148 2276 2212 2316 ac
2241 2263 2521 2318 libidinem
2554 2282 2708 2322 suam
2737 2283 3066 2340 exsequens,
3100 2272 3304 2329 infelici
3333 2279 3552 2348 generis

1969 2351 2193 2407 humani
2230 2362 2441 2410 natura:
2477 2355 2584 2410 vim
2627 2357 2829 2416 inferre
2873 2371 3138 2429 conatur,
3185 2375 3242 2420 ut
3284 2382 3314 2421 a
3349 2384 3552 2440 prepo-

1969 2443 2074 2498 sito
2126 2460 2294 2517 scapo
2347 2447 2648 2505 desciscat?
2703 2451 2808 2508 Sed
2850 2470 2951 2510 nos
2991 2453 3114 2511 Jobi
3157 2460 3382 2530 spiritus
3427 2463 3552 2519 illos

1969 2537 2153 2593 animo
2181 2540 2484 2610 capiamus,
2507 2550 2561 2598 et
2593 2544 2807 2600 athletae
2835 2546 3123 2605 fortissimi
3183 2553 3376 2610 robore
3400 2557 3551 2613 velut

1970 2630 2138 2687 armis
2175 2631 2486 2700 indttamur,
2520 2650 2584 2690 ac
2627 2652 2896 2708 responso
2931 2641 3078 2699 illius
3123 2653 3380 2702 utamur:
3410 2649 3550 2714 Tan,-

1970 2738 2129 2791 quam
2167 2741 2272 2779 una
2310 2743 2338 2780 e
2362 2727 2572 2782 stolidis
2606 2730 2914 2789 mulieribus
2939 2734 3118 2791 locuta
3141 2755 3196 2792 es
3219 2742 3266 2794 ³.

2041 2815 2254 2874 Etenim
2301 2835 2485 2876 nonne
2533 2821 2801 2880 furiosum
2835 2826 2964 2882 illud
3017 2844 3082 2883 ac
3122 2833 3389 2889 vecordia:
3441 2837 3552 2906 p'e-

1973 2924 2103 2962 num
2138 2909 2334 2979 dogma
2369 2912 2642 2968 videbitur
2679 2915 2746 2970 iis
2776 2917 2868 2987 qui
2904 2919 3170 2976 divinitus
3207 2933 3430 2996 accepta
3465 2943 3554 2984 sa-

1974 3003 2174 3070 pientia
2218 3005 2426 3072 praediti
2463 3008 2630 3061 sunt?
2671 3007 2862 3065 Nonne
2909 3010 3218 3069 institutum
3260 3016 3392 3074 illud
3423 3035 3550 3075 cum

1970 3094 2275 3150 idololatria
2355 3099 2750 3167 conjunctum,
2820 3117 2885 3157 ac
2949 3104 3254 3163 diabolicus
3320 3121 3552 3166 conatus

1966 3191 2368 3247 existimandus
2401 3191 2682 3248 est?Nam
2731 3193 2982 3250 diabolus
3021 3199 3124 3255 sub
3153 3198 3385 3269 justitiae
3424 3219 3549 3274 spe-

1967 3283 2051 3338 cie
2076 3292 2339 3354 perpettto
2369 3285 2652 3340 hominum
2688 3287 2964 3344 mentibus
2989 3290 3279 3361 obrepens,
3309 3309 3374 3350 ac
3405 3312 3551 3351 mor-

1968 3375 2130 3429 talem
2169 3383 2421 3431 naturam
2469 3376 2672 3434 divinis
2709 3379 3010 3437 honoribus
3058 3397 3416 3454 consecrans,
3446 3388 3551 3443 ltu-

1967 3481 2160 3522 manas
2184 3467 2388 3539 eﬂigies
2418 3469 2774 3526 artificiorum
2808 3473 3070 3530 varietate
3118 3478 3418 3548 perpolitas
3448 3481 3549 3536 ho-

1968 3561 2175 3616 minum
2227 3563 2405 3618 oculis
2453 3563 2676 3633 objecit.
2731 3564 2912 3632 Quare
2976 3583 3101 3622 cum
3155 3569 3235 3624 illi
3281 3571 3407 3642 ipsi,
3455 3573 3549 3644 qui

1966 3653 2289 3719 adorantur,
2326 3655 2523 3710 mortui
2575 3656 2706 3723 sint,
2746 3673 2936 3718 eorum
2989 3667 3171 3716 tanten
3232 3664 3548 3731 simulacra,

1965 3761 2088 3817 quae
2134 3748 2257 3802 vita:
2313 3748 2450 3803 nihil
2509 3765 2750 3821 unquam
2801 3751 3111 3808 habuerunt
3154 3754 3356 3826 (neque
3403 3759 3550 3813 enim

1967 3847 2182 3893 mortua
2214 3840 2323 3894 diei
2355 3850 2588 3911 possunt
2626 3843 2738 3909 illa,
2781 3860 2902 3915 quae
2947 3861 3228 3918 nunquam
3264 3847 3374 3903 vita
3415 3865 3552 3918 prte-

1964 3931 2080 3986 dita
2121 3932 2387 4010 fuerunt),
2403 3935 2682 3992 adoranda
2731 3946 3065 4008 proponunt,
3105 3941 3186 3995 sic
3231 3949 3292 3996 ut
3330 3943 3549 3999 animus

1967 4024 2250 4080 hominum
2307 4027 2376 4083 ab
2430 4043 2542 4084 uno
2598 4029 2825 4100 soloque
2886 4030 2998 4086 Deo
3050 4032 3259 4087 nefario
3302 4025 3572 4104 quodam”

1964 4119 2238 4175 adulterio
2291 4121 2606 4178 desciscat:
2638 4124 2782 4179 velut
2835 4125 3116 4190 meretrix,
3149 4142 3270 4197 quae
3316 4142 3550 4198 corpore

1964 4226 2068 4268 suo
2095 4221 2365 4283 quaestum
2406 4213 2613 4270 faciens
2667 4215 3061 4285 multiplicibus
3087 4220 3418 4288 promiscua;
3452 4235 3546 4275 ve-

1963 4305 2115 4362 neris
2147 4305 2386 4360 stimulis
2415 4305 2627 4379 agitur,
2669 4316 2724 4362 et
2754 4307 2915 4364 unius
2968 4323 3032 4364 ac
3079 4310 3301 4380 legitimi
3354 4311 3549 4370 matri-

1890 4411 1934 4468 ι)
1967 4399 2136 4453 monii
2190 4399 2500 4455 castitatem
2547 4400 2814 4470 repudiat.
2879 4399 3140 4457 Sanctum
3193 4413 3310 4459 erat
3365 4405 3551 4462 Maria:

1964 4505 2186 4564 corpus,
2214 4492 2426 4550 fateor:
2455 4508 2564 4548 non
2600 4502 2780 4550 tamen
2823 4494 2960 4552 deus
2991 4496 3079 4550 illa
3115 4497 3233 4552 fuit.
3270 4498 3468 4554 Eadem
3494 4510 3553 4558 et

1964 4588 2118 4657 virgo
2163 4587 2407 4654 exstitit,
2477 4587 2704 4642 minime
2741 4594 2922 4642 tamen
2977 4589 3139 4646 nobis
3197 4591 3262 4646 ad
3313 4593 3552 4648 adoran-

1965 4679 2093 4735 dum
2127 4681 2423 4751 proposita,
2456 4681 2550 4736 sed
2585 4696 2710 4735 eum
2743 4681 2983 4738 adorans
3015 4683 3214 4754 ipsum,
3237 4685 3331 4756 qtti
3379 4702 3412 4742 e
3450 4701 3550 4743 sua

1965 4789 2130 4830 carne
2153 4775 2390 4847 genitus,
2423 4790 2454 4830 e
2488 4776 2628 4831 coelo
2655 4790 2720 4831 ac
2752 4783 2982 4847 paterno
3015 4777 3139 4832 sinu
3161 4777 3548 4836 descenderat.

1966 4866 2145 4931 Quare
2172 4876 2422 4922 sanctum
2453 4881 2672 4938 quoque
2707 4882 2806 4922 nos
2841 4867 3190 4938 Evangeliutn
3220 4870 3551 4939 praemunire

1965 4961 2158 5024 voluit,
2197 4963 2250 5015 in
2281 4977 2390 5031 quo
2425 4963 2498 5015 ita
2522 4961 2776 5017 Christus
2828 4963 3068 5032 loquitur
3105 4979 3117 5015 :
3158 4961 3300 5028 Quid
3333 4961 3462 5015 mihi
3497 4969 3548 5016 et

1967 5050 2081 5115 tibi,
2130 5050 2358 5107 mulier?
2412 5051 2660 5106 Nondum
2706 5053 2841 5107 venit
2900 5054 3031 5107 hora
3084 5070 3197 5107 mea
3232 5052 3275 5105 ³.
3317 5051 3416 5106 Ubi
3463 5053 3547 5108 id—

1965 5142 2113 5198 circo
2163 5143 2446 5198 mulierem
2498 5144 2831 5215 appellavit:
2867 5144 3007 5210 Quid
3061 5145 3209 5209 mihi,
3262 5144 3463 5214 inquit,
3494 5154 3544 5199 et

1965 5232 2079 5300 tibi,
2113 5234 2336 5291 mulier?
2363 5249 2430 5291 ne
2457 5236 2580 5306 quis
2611 5236 2671 5291 Β.
2706 5235 2982 5308 Virginem
3016 5235 3421 5292 excellentioris
3453 5237 3548 5290 ali-

1965 5327 2124 5397 cujus
2155 5343 2278 5384 esse
2326 5337 2537 5385 natura:
2581 5330 2848 5397 crederet,
2882 5345 3056 5399 eoque
3089 5329 3355 5384 vocabulo
3384 5330 3546 5400 quasi

1965 5420 2270 5476 vaticinans
2321 5422 2386 5477 ad
2419 5436 2480 5478 ea
2514 5423 2814 5479 schismata
2843 5422 3186 5492 haeresesqne
3224 5421 3544 5478 refutandae

265 5507 402 5546 usus
436 5503 542 5556 est,
577 5512 716 5566 quas
760 5500 814 5553 in
857 5501 990 5556 orbe
1039 5510 1308 5558 terrarum
1362 5507 1490 5560 olim
1568 5510 1892 5569 excitandas
1934 5525 2269 5588 cognoverat
2312 5536 2325 5570 :
2373 5533 2535 5572 nemo
2587 5526 2644 5571 ut
2684 5525 3050 5572 sacrosanctae
3102 5515 3341 5587 Virginis
3387 5515 3546 5571 vehe-

264 5588 516 5643 mentiori
571 5593 806 5661 quadam
866 5595 1228 5652 admiratione
1276 5600 1487 5671 1062
1545 5614 1825 5663 permotus
1866 5625 1987 5667 sese
2018 5611 2084 5666 ad
2115 5613 2262 5670 illius
2305 5612 2528 5668 haaresis
2578 5626 2752 5684 nugas
2806 5625 2870 5665 ac
2921 5611 3112 5666 deliria
3175 5615 3542 5668 converteret.

337 5749 350 5778 ¹
391 5749 406 5802 l
439 5753 566 5804 Cor.
608 5768 716 5807 xw.
747 5753 834 5806 54.
933 5757 952 5786 ²
987 5753 1087 5810 Job
1122 5773 1181 5816 ll,
1219 5758 1302 5814 l0.
1383 5762 1402 5792 ³
1431 5759 1587 5818 Joan.
1627 5779 1684 5829 tt,
1730 5765 1784 5821 ί.

584 5847 857 5906 Parnm”
897 5848 1013 5908 Gn.
1052 5852 1098 5909 Χ
1117 5852 1239 5910 [.ll.

3180 5859 3256 5920 ’24
