3986 6224
401 317 508 373 ’149

992 318 1356 378 ADVERSUS
1393 316 1731 374 ll/ERESES
1770 297 1895 371 [ιω.
1940 315 2026 371 Ill.
2073 314 2232 373 TOM.
2280 316 2340 370 ll.
2390 347 2460 357 —
2497 314 2767 371 HIERES.
2811 313 3045 376 ωειιΧ.

3539 315 3640 369 750

397 446 650 502 pst/aer.
671 418 822 499 Πρὶν
848 432 886 501 ἢ
909 414 1123 502 γνῶναι
1147 434 1214 488 τὸ
1243 433 1482 488 παιδίον
1506 433 1715 486 καλεῖν
1742 432 1964 500 πατέρα

2089 448 2254 488 meare
2273 442 2476 502 patrem
2525 441 2573 486 et
2601 419 2844 498 matrem,
2887 426 3161 501 occupabit
3197 435 3330 490 vires
3372 433 3628 491 Damasci

397 523 436 591 ἢ
477 521 726 592 μητέρα,
767 523 1029 592 λήψεται
1074 525 1330 594 δύναμιν
1376 524 1713 594 Δαμασκοῦ,
1760 523 1858 577 καὶ
1897 523 1970 577 τὰ

395 613 602 667 σκῦλα
632 615 984 683 Σαμαρείας,
1028 616 1122 668 καὶ
1153 615 1223 668 τὰ
1261 615 1405 686 ἑξῆς.
1443 617 1553 668 Καὶ
1593 614 1770 669 πάντα
1797 613 1972 669 ταῦτα

394 700 549 755 οῦπω
570 697 636 773 ἦν
656 703 1036 773 τετελεσμένα·
1061 702 1260 776 ἤμελλε
1287 704 1342 757 δὲ
1365 703 1521 757 τοῦτο
1544 704 1786 773 γίνεσθαι
1815 707 1871 757 ἐν
1893 704 1972 776 τῷ

398 795 513 866 Υἱῷ
543 795 637 850 τοῦ
663 795 820 862 Θεοῦ,
861 799 954 850 καὶ
996 796 1330 870 πληροῦσθαι
1362 798 1500 868 μετά
1547 798 1695 868 χίλια
1736 798 1832 868 ἐτη
1879 801 1972 852 καὶ

396 888 657 954 ἑξακόσια
688 887 859 942 πλείω
897 888 1128 942 ἐλάσσω.
1166 889 1277 944 Καὶ
1313 889 1451 960 μετὰ
1479 889 1746 954 τοσαύτας
1778 891 1973 958 γενεὰς

396 979 465 1032 τὰ
497 977 780 1049 μέλλοντα,
815 978 890 1042 ὡς
923 979 1023 1050 ἤδη
1061 979 1362 1049 γενόμενα,
1409 979 1554 1050 ἑώρα
1599 981 1628 1032 ὁ
1663 980 1970 1050 προφήτης.

397 1064 545 1141 ’Δρα
582 1069 804 1140 ψεῦσμα
844 1065 944 1140 ἧν;
1001 1070 1076 1141 μὴ
1121 1071 1366 1139 γένοιτοί
1412 1070 1572 1124 Ἀλλά
1611 1071 1871 1141 ἀσφαλῶς
1911 1072 1973 1127 τὸ

399 1159 551 1229 παρὰ
579 1157 674 1211 τοῦ
720 1157 856 1212 Θεοῦ
895 1159 1269 1230 οἰκονομηθὲν,
1297 1159 1370 1223 ὡς
1405 1161 1505 1231 ῆδη
1534 1160 1972 1230 τετελειωμένον,

397 1251 747 1322 ἑκηρύττετο,
775 1251 863 1305 ἵνα
898 1251 972 1322 μὴ
1006 1252 1278 1322 ἀπιστηθῇ
1322 1253 1354 1322 ἡ
1393 1252 1640 1322 ἀλήθεια·
1670 1252 1755 1304 ἵνα
1788 1252 1862 1322 μὴ
1895 1253 1976 1315 είς

395 1342 694 1411 δισταγμὸν
721 1342 850 1416 ἔλθῃ
875 1343 908 1413 ἢ
935 1345 994 1396 ὲν
1027 1343 1251 1414 ὑπονοίᾳ
1286 1342 1380 1396 τοῦ
1409 1344 1690 1415 προφήτου
1712 1345 1773 1398 τὸ
1801 1342 1976 1396 τοιοῦο

395 1450 490 1490 τον
524 1435 802 1508 έκθαμϐον
831 1437 925 1490 καὶ
952 1437 1260 1509 ἔκπληκτον
1300 1440 1594 1510 μυστήριον
1635 1439 1826 1510 μέλλον
1859 1438 1977 1492 ἔσε-

401 1527 544 1580 σθαι.
571 1530 641 1581 Ἦ
667 1530 768 1599 οὐχ
793 1530 925 1601 ὁρᾷς
948 1529 1078 1582 αὐτὸ
1098 1528 1158 1581 τὸ
1187 1530 1448 1601 κήρυγμα
1474 1531 1536 1584 τὸ
1562 1532 1974 1602 ἐπιφερόμενον,

396 1620 471 1685 ὡς
498 1621 647 1690 λέγει
680 1621 843 1686 αὐτὸς
870 1623 898 1676 ὁ
925 1621 1076 1691 ἅγιος
1111 1624 1336 1688 Ἡσαΐας
1357 1640 1371 1655 ·
1424 1623 1513 1690 Ὠς
1555 1625 1853 1692 πρόϐατον
1875 1624 1974 1678 ἐπὶ

398 1713 648 1784 σφαγὴν
683 1714 862 1785 ἦχθη⁸
901 1715 1001 1772 καὶ
1038 1715 1118 1781 ὡς
1163 1715 1352 1784 ἀμνὸς
1393 1715 1674 1770 ἐναντίον
1713 1717 1821 1769 τοῦ
1861 1715 1979 1769 κεί-

391 1822 611 1876 ροντος
641 1807 829 1861 αὐτὸν
857 1805 1114 1876 ἄφωνος,
1146 1807 1334 1874 οὕτως
1354 1809 1465 1861 οὐκ
1495 1807 1720 1877 ἀνοίγει
1747 1807 1813 1861 τὸ
1835 1809 1976 1863 στό-
2005 1831 2046 1885 Β

395 1917 482 1969 μα
509 1898 717 1954 αὐτοῦ.
754 1899 874 1968 Τὴν
908 1898 976 1953 δὲ
1010 1901 1220 1970 γενεὰν
1247 1899 1436 1955 αὑτοῦ
1467 1899 1560 1966 τίς
1592 1899 1976 1970 διηγήσεως

405 1991 526 2044 ’Ὁτι
561 1991 786 2060 αἴρεται
819 1991 888 2046 ἐκ
927 1989 1038 2058 τῆς
1069 1991 1180 2062 τῆς
1205 1993 1244 2061 ἡ
1275 1991 1386 2060 ζωὴ
1419 1991 1626 2046 αὐτοῦ·
1678 1991 1775 2045 καὶ
1808 1989 1978 2045 δώσω

402 2083 546 2150 τοὺς
575 2083 882 2152 πονηροὺς
920 2083 1054 2138 ἀντὶ
1100 2081 1208 2152 τῆς
1261 2082 1456 2153 ταφῆς
1510 2082 1716 2148 αὐτοῦ,
1769 2081 1864 2136 καὶ
1909 2081 1978 2135 τὰ

404 2170 532 2242 ἑξῆς
555 2191 569 2236 ;
596 2171 706 2226 Καὶ
747 2171 933 2243 βλέπε,
973 2172 1091 2235 πῶς
1125 2173 1192 2226 τὰ
1228 2172 1419 2244 πρῶτα
1457 2171 1658 2244 ὕστερα
1683 2173 1972 2243 διηγεῖται,

404 2264 500 2316 καὶ
528 2264 598 2317 τὰ
632 2262 837 2336 ὕστερα
875 2265 951 2328 ὼς
992 2265 1253 2334 γεγονότα
1287 2263 1598 2336 ἑρμηνεύει,
1632 2265 1830 2336 φήσας·
1885 2264 1980 2329 Ὠς

400 2357 700 2425 πρόϐατον
727 2358 826 2412 ἐπὶ
865 2357 1112 2428 σφαγὴν
1149 2357 1326 2427 ἤχθη.
1371 2357 1776 2430 Παρῳχημένον
1809 2357 1866 2410 δὲ
1893 2355 1978 2408 λέ-

401 2465 558 2517 γεται
588 2443 748 2504 εἶναι.
797 2451 870 2504 Οὐ
916 2449 1027 2523 γὰρ
1069 2447 1241 2513 εἶπεν,
1295 2450 1539 2520 Ἂγεται.
1584 2449 1694 2503 Καὶ
1729 2447 1882 2501 οὔπω
1913 2443 1981 2518 ῆν

401 2544 590 2616 ἀχθεὶς
613 2544 643 2597 ὁ
676 2542 782 2596 ὑπὸ
827 2543 1048 2596 Ἡσαΐου
1079 2543 1500 2613 κηρυττόμενος·
1577 2534 1793 2609 ἐλέγετο
1815 2539 1872 2594 δὲ
1903 2537 1982 2610 τῷ

401 2639 658 2712 προφήτῃ
688 2637 763 2700 ὡς
806 2635 906 2707 ἤδη
944 2636 1310 2708 γεγενημένον
1346 2634 1408 2688 τὸ
1437 2633 1616 2706 ἔργον.
1665 2631 1980 2705 Ἀπαράῦα-

399 2748 492 2794 τος
526 2730 634 2802 γὰρ
679 2725 748 2800 ῆν
783 2731 816 2802 ή
857 2728 992 2782 Θεοῦ
1023 2727 1398 2799 μυσταγωγία.
1436 2725 1526 2792 Ἐξ
1572 2725 1739 2797 αὐτῆς
1765 2724 1822 2779 δὲ
1849 2725 1982 2777 ὑπο-

401 2823 621 2888 σαίνων,
657 2821 838 2875 οὐκέτι
882 2820 958 2884 ὼς
993 2819 1257 2890 γενόμενα
1296 2819 1502 2887 ἔλεγεν,
1541 2818 1628 2870 ἵνα
1669 2817 1745 2888 μὴ
1775 2815 1982 2886 πλάνην

404 2914 568 2968 πάλιν
598 2913 997 2984 ἀπεργάσηται.
1044 2907 1207 2963 Ἀλλά
1269 2925 1455 2980 φησιν,
1493 2908 1728 2975 Αἵρεται
1766 2907 1836 2961 ἐκ
1873 2905 1984 2974 τῆς

406 3004 522 3075 τῆς
559 3004 598 3072 ἢ
636 3003 748 3072 ζωὴ
788 3003 997 3058 αὐτοῦ.
1039 3004 1134 3056 Ἐκ
1164 3003 1220 3056 δὲ
1245 3003 1351 3055 τῶν
1393 3001 1486 3055 δύο
1513 2999 1838 3072 προφάσεων
1879 2997 1984 3053 δεί-

407 3115 568 3152 κνυσι
593 3097 692 3168 τὴν
715 3096 993 3167 ἀλήθειαν·
1018 3096 1101 3150 ὅτι
1125 3094 1205 3160 τὸ,
1231 3093 1410 3164 ἤχθη,
1433 3093 1533 3164 ἤδη
1556 3089 1871 3156 ἐτελειοῦτο,
1890 3092 1986 3146 καὶ

2071 534 2123 580 et
2146 524 2319 594 spolia
2355 523 2620 580 Samaria
2656 525 2699 589 ¹,
2729 532 2835 580 etc.
2872 524 3004 590 Quae
3042 525 3232 583 omnia
3257 527 3496 586 nondum
3543 527 3645 581 im-

2073 611 2214 681 pleta
2241 609 2487 674 fuerant,
2524 619 2690 680 atque
2719 610 2776 665 in
2795 609 2931 667 Filio
2948 611 3040 668 Dei
3075 621 3196 684 post
3225 629 3399 674 annos
3426 615 3647 672 circiter

2073 699 2220 758 mille
2247 716 2310 756 ac
2339 708 2628 758 sexcentos
2657 702 2841 770 perﬁci
2871 703 3158 758 debebant.
3185 705 3365 772 Quare
3383 721 3505 777 quae
3523 715 3644 777 post

2072 800 2153 846 tot
2182 793 2563 863 generationes
2596 794 2858 848 eventura
2890 794 3018 848 olim
3046 808 3227 860 erant,
3259 798 3485 868 perinde
3513 813 3575 852 ac
3595 798 3642 854 si

2072 883 2216 939 facta
2244 885 2357 954 jam
2404 891 2612 949 essent,
2659 885 2921 954 pr0pheta
2964 888 3241 942 cernebat.
3286 888 3424 944 Num
3480 891 3646 962 igitur

2073 976 2418 1032 n'tendacium
2454 977 2585 1032 illud
2609 977 3158 1049 eratiNequaquam.
3187 979 3382 1037 Verum
3406 982 3551 1053 quod
3573 982 3647 1038 di-

2072 1070 2212 1124 vinae
2264 1071 2622 1144 providentia
2671 1071 2903 1126 consilio
2947 1071 3244 1142 gerendum
3312 1081 3367 1128 et
3407 1074 3645 1129 admini-

2074 1163 2358 1218 strandum
2393 1171 2530 1229 erat,
2566 1164 2722 1233 quasi
2766 1163 3066 1234 perfectum
3091 1161 3205 1234 jam
3253 1173 3420 1229 esset,
3449 1166 3646 1223 certis-

2075 1256 2214 1309 sime
2243 1255 2623 1318 nuntiabatur,
2661 1269 2730 1310 ne
2760 1269 2867 1309 non
2915 1254 3124 1309 veritati
3156 1254 3289 1313 ﬁdes
3322 1255 3646 1326 haberetur,

2074 1361 2211 1401 neve
2234 1345 2303 1400 ad
2338 1353 2448 1399 tam
2476 1345 2805 1416 stupendum
2841 1353 2896 1401 et
2957 1346 3278 1401 inusitatum
3305 1349 3647 1419 mysterium,

2074 1437 2222 1510 quod
2271 1438 2568 1508 aliquando
2619 1436 2862 1491 futurum
2915 1445 3054 1502 erat,
3104 1438 3384 1508 prophetae
3429 1441 3648 1496 animus

2077 1531 2378 1586 haesitaret.
2437 1528 2629 1584 Nonne
2676 1529 2991 1584 vaticinium
3047 1530 3182 1586 illud
3236 1531 3648 1597 animadvertis,

2077 1622 2222 1693 quod
2253 1621 2512 1691 deinceps
2544 1620 2826 1676 subtexuit
2877 1618 3068 1688 Isaias,
3102 1637 3225 1676 cum
3259 1623 3332 1676 ita
3375 1622 3648 1692 loquitur.

2083 1718 2353 1783 Tanquam
2387 1713 2495 1766 oris
2525 1713 2593 1765 ad
2620 1703 2931 1766 occisionem
2961 1711 3148 1766 ductus
3184 1725 3284 1784 est;
3311 1722 3357 1768 et
3388 1725 3445 1767 ut
3484 1730 3652 1785 agnus

2077 1821 2255 1858 coram
2304 1803 2543 1858 tondente
2591 1802 2870 1868 obmutuit,
2914 1804 2991 1856 sic
3034 1820 3137 1857 non
3172 1806 3339 1872 aperit
3389 1822 3446 1859 os
3475 1820 3647 1859 suum.

2079 1897 2475 1953 Generationem
2520 1896 2632 1966 ejus
2675 1912 2830 1966 porro
2877 1897 2993 1966 quis
3042 1896 3355 1954 euarrabit?
3388 1898 3653 1964 Quoniam

2081 1989 2287 2045 tollitur
2316 2007 2344 2046 e
2381 1999 2519 2043 terra
2552 1991 2658 2044 vita
2693 1989 2896 2056 ipsius;
2924 1997 2971 2041 et
2997 1987 3133 2041 dabo
3173 1988 3409 2043 homines
3434 2003 3656 2058 nequam

2078 2097 2172 2150 pro
2201 2082 2473 2151 sepultura
2505 2081 2618 2152 ejus
2652 2079 2710 2129 ’ζ’
2729 2079 2894 2136 Vides
2922 2088 2978 2133 nt
3005 2081 3182 2151 priora
3211 2080 3514 2151 posteriore
3537 2082 3658 2136 loco

2081 2181 2288 2236 narret,
2319 2181 2375 2227 et
2402 2173 2710 2243 posteriora
2745 2179 3004 2241 tanquam
3031 2173 3143 2242 jam
3175 2170 3314 2228 facta
3345 2173 3456 2229 sint
3485 2189 3655 2244 expo-

2081 2269 2208 2323 nat?
2227 2264 2502 2335 Tanquam
2521 2265 2653 2330 ovis,
2680 2265 2878 2334 inquit,
2910 2264 2978 2317 ad
2997 2265 3306 2319 occisionem
3336 2264 3526 2318 ductus
3541 2272 3619 2318 est
3639 2281 3660 2320 .'

2081 2357 2225 2428 quod
2246 2357 2391 2412 velut
2419 2357 2754 2428 praeteritum
2770 2355 3132 2427 signiﬁcatur.
3166 2355 3286 2411 Non
3316 2357 3462 2412 enim
3479 2357 3652 2412 dixit:

2084 2447 2340 2504 Ducetur.
2379 2447 2541 2520 Atqui
2579 2448 2819 2502 nondum
2862 2448 3060 2504 ductus
3100 2448 3190 2504 ille
3223 2447 3419 2514 fuerat,
3452 2448 3520 2504 de
3551 2465 3661 2521 quo

2085 2541 2484 2596 vaticinabatur
2529 2539 2699 2597 Isaias
2743 2559 2756 2595 :
2800 2548 2853 2596 et
2881 2547 3060 2595 tamen
3104 2556 3192 2596 res
3235 2540 3351 2611 ipsa
3397 2548 3657 2611 tanquam

2084 2632 2322 2704 perfecta
2352 2647 2381 2686 a
2409 2633 2672 2702 pr0plteta
2697 2633 3041 2705 proponitur.
3085 2630 3222 2685 Nam
3245 2700 3248 2703 _
3272 2632 3658 2704 mysteriorum

2087 2726 2177 2780 illa
2218 2725 2495 2796 prophetae
2526 2720 2708 2781 oblata
2741 2724 3006 2782 divinitus
3059 2725 3332 2782 institutio
3377 2727 3656 2796 praeterire

2088 2825 2182 2872 aut
2208 2816 2408 2873 infecta
2443 2833 2567 2874 esse
2599 2834 2707 2872 non
2745 2826 2976 2888 poterat.
3019 2817 3087 2871 At
3116 2817 3376 2888 deinceps
3410 2834 3662 2889 progres-

2088 2923 2180 2964 sus
2212 2917 2408 2963 caetera
2435 2924 2540 2962 non
2570 2907 2684 2976 jam
2720 2909 2866 2963 velut
2898 2906 3038 2962 facta
3066 2908 3405 2978 pronuntiat,
3433 2924 3500 2962 ne
3525 2907 3665 2962 frau-

2087 2999 2174 3054 dis
2201 3007 2366 3069 atque
2392 3000 2599 3055 erroris
2635 2999 2966 3070 praeberetur
3007 3001 3248 3055 occasio.
3301 2999 3516 3072 1064
3560 3000 3664 3054 Ita-

2090 3104 2196 3160 que
2219 3129 2233 3154 ,
2263 3087 2516 3157 Tollitur,
2552 3089 2749 3161 inquit,
2783 3107 2810 3145 e
2843 3099 2984 3145 terra
3021 3091 3128 3144 rita
3170 3091 3355 3158 ipsius.
3392 3090 3664 3146 Czetcrum

405 3188 488 3252 τὸ,
514 3189 764 3258 αἴρεται,
795 3187 1092 3257 μετέπειτα
1111 3183 1430 3257 ἐπληροῦτο·
1470 3184 1556 3236 ἵνα
1581 3182 1690 3237 ἀπὸ
1717 3181 1812 3236 τοῦ
1834 3199 1981 3251 γεγο-

2089 3182 2302 3237 duobus
2337 3181 2446 3236 illis
2477 3183 2841 3253 argumentis,
2879 3183 3086 3238 oraculi
3117 3183 3403 3239 veritatem
3436 3184 3661 3239 demon-

402 3279 553 3336 νέναι
579 3280 780 3349 νοήσῃς
805 3277 866 3331 τὸ
897 3274 1095 3346 ἀληθὲς
1146 3274 1242 3328 καὶ
1273 3273 1335 3327 τὸ
1376 3273 1572 3342 πάγιον
1599 3273 1698 3343 τῆς
1718 3271 1814 3326 τοῦ
1842 3270 1979 3325 Θεοῦ

404 3372 762 3442 ἐπαγγελίας.
804 3369 937 3425 Ἀπὸ
963 3369 1020 3424 δὲ
1049 3368 1143 3422 τοῦ
1177 3367 1461 3440 μέλλοντος
1488 3366 1707 3420 ἔσεσθαι
1734 3365 1826 3418 τὸν
1855 3365 1982 3436 χρό-

404 3479 497 3518 νον
527 3461 845 3524 ἀπεικάσεις
873 3459 980 3514 τῶν
1007 3456 1544 3528 ἀποκαλυπτομένων
1576 3455 1911 3527 μυστηρίων.

2089 3283 2248 3330 strat.
2278 3273 2414 3328 Nam
2451 3274 2569 3331 lucc
2609 3290 2733 3341 vox,
2765 3274 2954 3331 ductus
2987 3286 3086 3342 est,
3120 3291 3233 3331 rem
3259 3277 3368 3347 jam
3400 3285 3514 3331 tum
3540 3294 3667 3348 pcr-

2091 3367 2287 3421 t'ectam
2319 3364 2489 3421 fuisse
2537 3367 2844 3437 signiﬁcat;
2876 3369 3010 3424 illud
3056 3384 3208 3433 vero,
3258 3370 3485 3439 tollitur,
3526 3384 3679 3442 post-

2092 3459 2310 3512 modum
2345 3469 2429 3514 est
2462 3457 2781 3529 impletum;
2821 3466 2876 3513 ut
2911 3476 2978 3514 ex
3009 3475 3073 3515 eo
3105 3461 3250 3532 quod
3289 3461 3494 3518 factum
3530 3464 3666 3519 diei-

407 3566 520 3620 tur.
549 3554 748 3610 divina:
770 3550 1182 3623 pollicitationis
1207 3551 1488 3605 veritatem
1520 3563 1585 3604 ac
1610 3549 1962 3604 stabilitatem
2003 3551 2298 3622 intelligas.
2367 3551 2443 3606 Ex
2475 3568 2540 3608 eo
2575 3568 2702 3607 vero
2734 3552 2879 3623 quod
2915 3552 3156 3608 futurum
3194 3555 3571 3624 denuntiatur,
3599 3559 3669 3614 de

408 3645 823 3720 mysteriorum,
877 3659 1000 3715 quae
1053 3653 1172 3698 tum
1217 3643 1488 3713 explicata
1539 3651 1691 3705 sunt,
1738 3650 1984 3711 tempore
2021 3643 2398 3713 conjecturam
2435 3645 2614 3700 facere
2649 3646 2849 3717 possis.

480 3739 554 3793 Ζ’.
588 3735 744 3791 Οὕτω
783 3736 878 3790 καὶ
915 3735 1011 3788 ἐπὶ
1041 3737 1108 3807 τῇ
1135 3733 1325 3806 Μαρία
1354 3733 1384 3787 ό
1410 3733 1640 3802 ἄγγελος
1672 3732 1986 3805 προέλεγεν,

2171 3734 2282 3792 ΥΠ.
2324 3736 2415 3794 Sic
2442 3739 2510 3794 de
2540 3739 2706 3794 Maria
2746 3740 2995 3811 praedixit
3020 3741 3272 3812 angelus,
3299 3758 3472 3814 eaque
3495 3742 3672 3813 signi-

409 3830 546 3901 ὅπερ
574 3827 799 3900 ἔμελλεν
838 3826 1217 3898 εἰσερχόμενος
1243 3827 1274 3881 ό
1303 3825 1485 3896 πατὴρ
1525 3825 1729 3896 ταύτης
1777 3827 1855 3888 εἰς
1897 3825 1981 3878 τὸν

2093 3831 2306 3898 licavit,
2342 3847 2464 3902 qute
2527 3833 2676 3887 illius
2731 3839 2884 3904 pater
2924 3831 3145 3888 domum
3191 3850 3447 3890 reversus
3485 3850 3516 3889 a
3562 3835 3673 3891 Deo

407 3918 558 3976 οἷκον
589 3920 682 3974 τὸν
719 3919 849 3974 ῐδιον
893 3917 1042 3989 παρά
1083 3915 1218 3970 Θεοῦ
1246 3915 1590 3987 κομίζεσθαι,
1629 3916 1691 3969 τὸ
1720 3916 1788 3969 δι’
1822 3916 1981 3987 εὐχῆς

2091 3931 2496 3979 consecuturus
2529 3931 2706 3991 esset;
2737 3939 2861 3995 qua:
2896 3924 3158 3980 nimirum
3201 3933 3429 3997 uterque
3469 3943 3670 3998 parens

409 4013 634 4085 αἰτηθὲν
659 4011 746 4066 διὰ
774 4011 870 4082 τῆς
900 4007 994 4064 τοῦ
1017 4009 1224 4081 πατρὸς
1250 4007 1344 4062 καὶ
1370 4007 1574 4079 μητρὸς
1595 4008 1884 4079 αἰτήσεως·
1909 4008 1981 4061 ὄτι

2092 4015 2320 4070 summis
2345 4030 2375 4068 a
2403 4015 2513 4069 Deo
2533 4016 2786 4084 precibus
2816 4017 3138 4085 postularet.
3181 4036 3196 4068 ι
3261 4017 3430 4084 Ecce,
3472 4016 3671 4088 inquit,

415 4128 436 4161 ι
486 4106 615 4161 Ἰδοὺ
643 4106 676 4175 ἡ
704 4105 840 4176 γυνή
876 4120 969 4157 σου
1002 4101 1356 4170 συνειληφυϊα
1390 4101 1448 4152 ὲν
1477 4098 1694 4170 γαστρί·
1731 4119 1750 4150 ι
1787 4099 1874 4151 ἵνα
1905 4097 1981 4168 βε-

2106 4118 2246 4157 uxor
2277 4109 2367 4154 tua
2407 4099 2657 4170 concepit
2709 4103 2761 4157 in
2814 4117 3003 4174 utero;
3031 4127 3049 4160 ›
3091 4116 3148 4162 ιιι
3186 4109 3269 4165 his
3298 4111 3478 4164 verbis
3499 4110 3672 4166 lidelis

412 4197 581 4260 εαίως
606 4192 889 4266 περαιώσῃ
909 4192 1008 4263 τὴν
1038 4192 1274 4245 διάνοιαν
1295 4188 1391 4243 τοῦ
1422 4188 1614 4242 πιστοῦ
1648 4191 1704 4241 ὲν
1733 4190 1800 4258 τῇ
1826 4190 1981 4255 ἐπαγ-

2099 4196 2338 4252 hominis
2370 4204 2602 4252 mentem
2637 4198 2688 4250 in
2725 4197 2889 4268 hujus
2923 4200 3177 4270 proauissi
3212 4201 3242 4254 ti
3270 4203 3315 4257 3e
3340 4204 3670 4258 corrobora-

412 4285 591 4356 γελίᾳ.
628 4283 800 4336 Τοῦτο
838 4283 895 4336 δὲ
928 4281 1119 4351 γέγονέ
1143 4296 1286 4334 τισιν
1317 4281 1397 4344 εἰς
1427 4279 1655 4350 πλάνην.
1711 4277 1981 4332 Ἀδύνατοκ

2101 4297 2184 4344 ret
2221 4288 2402 4358 :quod
2425 4289 2602 4358 ipsum
2637 4297 2817 4344 tamen
2837 4291 3012 4344 fraudi
3047 4294 3325 4349 nonnullis
3355 4296 3472 4350 fuit.
3508 4295 3674 4366 Atqui

417 4378 524 4448 γάρ
551 4393 672 4430 τινα
702 4373 855 4447 παρὰ
885 4374 984 4443 τὴν
1016 4373 1125 4426 τῶν
1149 4370 1450 4444 ἀνθρώπων
1473 4370 1634 4440 φύσιν
1656 4370 1748 4422 ἐπὶ
1772 4369 1870 4440 τῆς
1890 4371 1981 4440 γῆς

2099 4381 2214 4436 ﬁeri
2258 4396 2366 4436 non
2399 4389 2598 4452 potest,
2645 4391 2702 4437 ut
2731 4384 2856 4453 quis
2889 4392 3086 4454 prteter
3116 4400 3462 4443 communem
3498 4389 3675 4444 homi-

413 4463 726 4538 γεννᾶσθαι.
768 4464 931 4534 Μόνῳ
975 4465 1084 4535 γὰρ
1129 4462 1419 4532 διέπρεψεν
1455 4459 1625 4531 αὐτῷ·
1665 4460 1810 4531 μόνῳ
1849 4474 1981 4529 παρ-

2102 4488 2226 4526 num
2258 4480 2510 4527 naturam
2549 4482 2811 4530 nascatur
2857 4475 2911 4529 in
2957 4476 3138 4531 terris.
3181 4475 3281 4532 Uni
3329 4479 3430 4534 hoc
3475 4496 3671 4536 conve-

415 4535 695 4633 εχώρησεν
728 4559 762 4628 ἡ
792 4557 972 4629 φύσις.
994 4555 1204 4619 Οὕτως,
1233 4555 1309 4619 ὡς
1333 4555 1580 4626 πλάστης
1615 4554 1708 4608 καὶ
1749 4553 1981 4617 ὲξουσια

2104 4564 2290 4619 niebat
2330 4565 2444 4630 illi;
2475 4565 2567 4619 uni
2608 4574 2800 4620 natura
2838 4567 3027 4622 cessit.
3082 4568 3202 4632 Hie,
3245 4570 3492 4640 inquam,
3527 4575 3677 4628 velut

417 4654 550 4724 στὴς
565 4652 661 4706 τοῦ
680 4651 1024 4723 πράγματος.
1047 4647 1238 4701 ἑαυτὸν
1253 4648 1361 4700 ἀπὸ
1374 4646 1652 4720 Παρθένου
1687 4645 1876 4716 ὥσπερ
1888 4644 1996 4698 ἀπὸ

416 4747 514 4817 τῆς
549 4749 654 4817 γῆς
712 4744 1074 4801 ἀνεπλάσατο.
1101 4742 1232 4805 Θεὸς
1257 4743 1350 4794 ἀπ’
1377 4741 1620 4812 οὐρανῶν
1643 4738 1832 4802 ἐλθὼν,
1863 4739 1995 4810 σάρ-

416 4856 493 4894 κα.
525 4838 885 4909 ἐνδυσάμενος
914 4839 942 4890 ὁ
969 4836 1139 4904 Λόγος
1169 4835 1230 4900 ἐξ
1268 4835 1430 4903 ἁγίας
1467 4834 1766 4904 Παρθένου·
1796 4834 1856 4886 οὐ
1891 4831 1996 4903 μὴν

415 4932 476 4988 δὲ
503 4929 987 5004 προσκυνουμένης
1011 4929 1110 4998 τῆς
1137 4926 1435 5000 Παρθένου·
1463 4926 1583 4980 οὐδὲ
1608 4926 1694 4979 ἴνα
1719 4925 1852 4980 Θεὸν
1873 4923 2000 4978 ταύ-

418 5041 519 5094 την
554 5022 956 5093 ἀπεργάσηται·
1019 5021 1117 5091 οὐχ
1159 5021 1247 5074 ἵνα
1283 5020 1362 5083 είς
1401 5019 1574 5090 ὄνομα
1619 5019 1791 5088 αὐτῆς
1831 5033 1996 5088 προσ-

421 5114 756 5183 ενέγκωμεν·
785 5113 884 5182 οὐχ
909 5111 997 5165 ἵνα
1024 5113 1290 5179 γυναῖκας
1321 5110 1481 5164 πάλιν
1501 5111 1702 5180 ἱερείας
1719 5110 1858 5180 μετά
1884 5127 2001 5164 τοσ-

419 5204 594 5268 αὐτας
633 5205 828 5273 γενεὰς
857 5203 1130 5275 ἀποδείξῃ.
1165 5203 1278 5256 Οὐκ
1310 5202 1601 5273 εὐδόκησεν
1633 5205 1662 5255 ὁ
1686 5202 1818 5266 Θεὸς
1844 5201 2002 5255 τοῦτο

424 5303 483 5353 ὲν
533 5297 770 5368 Σαλώμῃ
815 5295 1089 5366 γενέσθαι,
1133 5297 1234 5349 οὐκ
1262 5298 1319 5349 ὲν
1357 5296 1496 5366 αὐτῇ
1539 5297 1605 5366 τῇ
1649 5296 1855 5367 Μαρίᾳ.
1889 5295 2002 5348 Οὐκ

423 5389 726 5460 ἐπέτρεψεν
755 5391 894 5458 αὐτῇ
925 5388 1110 5441 δοῦναι
1136 5387 1441 5458 βάπτισμα,
1467 5389 1569 5442 οὐκ
1590 5387 1881 5460 εὐλογῆσαι
1907 5405 2004 5458 μα-

423 5482 614 5552 θητάς.
648 5482 722 5534 Οὐ
751 5482 812 5534 τὸ
843 5482 1032 5552 ἄρχειν
1069 5481 1162 5533 ἐπὶ
1189 5482 1287 5551 τῆς
1311 5481 1415 5550 γῆς
1444 5481 1749 5547 ἐκέλευσεν,
1781 5481 1812 5552 ἢ
1845 5484 2004 5554 μόνον

425 5571 674 5642 ἀγίασμα
717 5569 884 5641 αὐτὴν
932 5566 1090 5638 εἶναι,
1134 5571 1226 5624 καὶ
1269 5569 1672 5643 καταξιωθῆναι
1716 5574 1814 5646 τῆς
1841 5573 2005 5626 αὑτοῦ

503 5730 518 5762 ⁸
554 5731 655 5783 lsa.
691 5748 800 5792 wn,
840 5733 880 5786 -5
920 5748 1039 5802 sqq.
1117 5735 1136 5764 ²
1171 5731 1270 5787 lsa.
1307 5747 1420 5795 LIII,
1468 5731 1497 5783 7
1530 5747 1651 5802 sqq.

2103 4654 2296 4710 artifex
2357 4672 2421 4710 ac
2461 4656 2740 4722 dominus,
2793 4658 3149 4730 semetipsum
3196 4677 3228 4716 e
3265 4661 3506 4731 Virgine,
3558 4675 3674 4719 tan‘

2102 4763 2266 4818 quam
2301 4765 2330 4804 e
2360 4756 2528 4815 terra,
2562 4749 2852 4805 formavit:
2889 4751 3029 4808 Deus
3069 4770 3099 4809 e
3128 4756 3266 4808 cmlo
3300 4755 3639 4812 descendens
3660 4795 3675 4818 ,

2105 4839 2388 4896 Verbume
2409 4839 2625 4914 Virgine
2649 4854 2966 4918 susceptum
2997 4861 3197 4918 corpus
3229 4847 3491 4914 induens;
3567 4865 3676 4902 non

2106 4933 2230 4988 ideo
2265 4942 2469 4999 tamen,
2509 4945 2566 4989 ut
2589 4935 2704 4989 lucc
2733 4935 2948 4990 adorari
2974 4937 3190 5003 debeat,
3228 4948 3323 4993 aut
3360 4947 3418 4992 ut
3448 4956 3568 4994 eam
3597 4943 3680 4996 di-

2108 5026 2292 5082 vinam
2327 5027 2391 5081 ad
2440 5035 2691 5082 naturam
2724 5029 3206 5102 conditioncmque
3245 5031 3564 5094 transferat,
3591 5050 3685 5089 ne-

2107 5134 2216 5188 que
2254 5125 2314 5173 ut
2340 5120 2672 5174 sacriﬁcium
2718 5121 2866 5178 illius
2897 5122 2950 5176 in
2980 5139 3175 5178 nomen
3210 5123 3491 5187 offeratur,
3510 5141 3688 5194 neque

2113 5219 2269 5266 tanto
2317 5211 2608 5266 intervallo
2651 5214 2907 5269 mulieres
2958 5215 3274 5271 sacerdotes
3304 5216 3688 5272 instituantur.

2113 5305 2228 5360 Hoc
2252 5321 2319 5361 ne
2350 5305 2404 5360 in
2451 5305 2668 5360 Salome
2698 5307 2916 5375 quidem
2957 5305 3072 5359 ἢ»πί
3103 5307 3273 5360 voluit
3303 5306 3466 5374 Deus,
3498 5325 3599 5363 nec
3633 5311 3688 5364 in

2112 5395 2302 5450 Maria.
2338 5394 2456 5451 Non
2487 5397 2534 5451 ei
2572 5397 2886 5464 baptizandi
2931 5405 3251 5466 potestatem
3287 5397 3433 5464 fecit,
3469 5415 3575 5455 non
3600 5402 3683 5455 di-

2114 5487 2342 5558 scipulis
2393 5486 2738 5550 benedicere,
2778 5504 2884 5542 non
2941 5491 2995 5544 in
3041 5490 3202 5545 terris
3245 5507 3480 5558 prtecsse
3531 5509 3686 5549 man-

2115 5579 2296 5647 davit;
2328 5579 2423 5636 sed
2460 5580 2561 5634 hoc
2606 5595 2773 5634 unum
2816 5583 3007 5647 voluit,
3054 5592 3109 5636 ut
3163 5595 3414 5641 sanctum
3467 5588 3597 5658 quid
3637 5593 3689 5644 et
