3986 6224
373 313 468 374 Ὶῦί

1770 308 1826 366 S.
1871 305 2218 365 EPIPHANII

3535 298 3636 357 759.

379 446 769 496 consecratum
811 444 977 503 esset,
1009 451 1074 492 ac
1100 432 1335 492 =coeleste
1364 446 1590 506 regnum
1623 430 1959 502 adipiscere-

2064 423 2361 498 βασιλείας.
2397 424 2472 478 Οὐ
2502 421 2603 495 τὴν
2632 419 2974 493 καλουμένην
2997 419 3108 492 (M)
3142 418 3354 492 μητέρα
3387 414 3635 486 Ῥούφου·

380 540 490 586 tur.
525 530 632 587 Sed
665 547 765 586 nec
804 529 905 595 illi,
946 544 1069 599 quae
1099 527 1224 582 Rufi
1263 533 1440 582 mater
1471 525 1800 596 appellatur,
1827 537 1954 578 eum

381 624 610 679 honoris
650 622 881 694 gradum
933 620 1128 676 detulit
1165 639 1177 673 :
1213 633 1390 689 neque
1438 615 1764 672 mulieribus
1811 614 1957 696 aliis,

377 729 499 784 qua:
531 729 561 768 e
590 712 809 766 Galilaea
841 719 1046 768 secuta:
1075 709 1290 764 fuerant
1320 707 1369 775 ’ς
1398 721 1572 776 neque
1601 703 1826 758 Martha;
1856 701 1960 758 La-

378 803 490 858 zari
519 817 584 858 ac
610 800 794 856 Mariae
821 799 1036 868 sorori;
1065 814 1175 853 non
1208 798 1306 852 ulli
1343 796 1579 866 denique
1614 800 1957 855 sanctarum,

375 904 497 958 qua:
531 889 764 944 salutem
788 889 938 943 illius
969 888 1206 942 adventu
1247 891 1691 956 promeruerunt,
1731 895 1962 954 quaeque

375 981 480 1050 ipsi
528 980 596 1035 de
640 980 758 1035 suis
803 978 1040 1035 fortunis
1078 977 1391 1034 necessaria
1442 974 1956 1032 subministrabant.

375 1071 563 1142 Neque
581 1087 748 1142 porro
775 1071 1099 1127 Chananaaa:
1125 1071 1342 1126 mulieri
1369 1071 1412 1136 ',
1441 1069 1523 1125 vel
1547 1069 1619 1136 ei,
1648 1083 1814 1140 quam
1833 1082 1961 1124 san-

373 1162 557 1231 guinis
586 1160 857 1233 prolluvio
892 1161 1172 1226 liberarat,
1208 1161 1292 1217 vel
1324 1159 1486 1214 alicui
1518 1160 1744 1216 omnino
1769 1159 1824 1213 in
1852 1166 1956 1214 ter-

376 1255 454 1310 ris
489 1254 704 1310 feminae
733 1254 1052 1324 dignitatem
1087 1254 1233 1308 illam
1262 1252 1530 1307 attribuit.
1562 1250 1694 1318 Quae
1725 1267 1849 1307 cum
1885 1253 1960 1306 ita

375 1347 507 1410 sint,
543 1345 687 1400 unde
729 1345 888 1400 nobis
925 1345 1095 1399 draco
1129 1345 1232 1400 iste
1278 1344 1535 1400 volubilis
1565 1344 1828 1399 emersit?
1861 1359 1961 1399 cur

373 1437 593 1506 obliqua
619 1434 928 1505 callidaque
983 1434 1214 1490 consilia
1237 1435 1618 1490 renovantur?
1647 1432 1960 1507 Honoretur

374 1545 507 1584 sane
542 1527 746 1582 Maria:
782 1526 944 1582 Pater
973 1542 1125 1594 vero,
1155 1526 1326 1582 Filius
1361 1535 1415 1582 et
1465 1524 1708 1596 Spiritus
1733 1534 1958 1583 sanctus

373 1622 699 1688 adorentur;
723 1620 950 1676 Mariam
973 1621 1202 1675 adorare
1234 1636 1398 1675 nemo
1431 1620 1581 1676 velit.
1609 1619 1820 1692 1065
1840 1619 1958 1676 Non

370 1715 518 1770 enim
559 1715 800 1778 mulieri,
831 1729 896 1768 ac
924 1728 993 1768 ne
1021 1714 1143 1768 viro
1169 1712 1414 1784 quidem,
1450 1713 1544 1769 sed
1573 1714 1664 1768 uni
1698 1712 1809 1770 Deo
1835 1730 1956 1786 my-

2061 519 2124 573 ού
2147 519 2246 583 τὰς
2267 515 2707 588 ἀκολουθησάσας
2731 513 2839 568 ἀπὺ
2861 511 3171 576 Γαλιλαίας⁸
3202 512 3264 564 ού
3290 510 3390 581 τὴν
3411 508 3639 579 Μάρθαν

2059 610 2161 681 τὴν
2189 607 2424 680 ἀδελφὴν
2451 604 2704 678 Λαζάρου
2729 605 2823 659 καὶ
2849 602 3087 676 Μαρίας·
3111 601 3172 656 οὔ
3201 619 3322 655 τινα
3342 599 3452 653 τῶν
3475 599 3640 666 ἁγίων

2060 701 2334 772 γυναικῶν
2371 698 2812 766 καταξιωθεισῶν
2851 696 2958 750 ὑπὸ
2994 699 3094 768 τῆς
3137 693 3305 750 αὐτοῦ
3341 691 3642 764 παρουσίας

2063 794 2321 866 σωθῆναι,
2382 791 2946 864 ἐξυπηρετησαμένων
3001 788 3150 860 αύτῷ
3208 789 3273 842 ὲκ
3331 785 3442 841 τῶν
3502 785 3642 838 ἰδίων

2061 885 2435 957 ὑπαρχόντων·
2477 883 2537 938 ού
2570 883 2669 954 τὴν
2698 885 2934 952 γυναῖκα
2961 883 3059 954 τὴν
3093 882 3408 936 Χανανῖτιν·
3447 879 3510 932 οὐ
3546 879 3642 950 τὴν

2060 974 2459 1048 αἱμορῤοοῦσαν
2513 976 2608 1028 καὶ
2640 974 3013 1046 σεσωσμένην,
3043 973 3106 1026 ού
3131 991 3252 1027 τινα
3279 973 3387 1026 τῶν
3416 973 3508 1026 ἐπὶ
3544 970 3642 1040 τῆς

2059 1067 2164 1138 γῆς
2202 1065 2477 1134 γυναικῶν
2513 1064 2673 1118 τοῦτο
2725 1066 2899 1118 ποιεῖν
2946 1063 3245 1136 προσέταξε
3295 1063 3356 1117 τὸ
3401 1063 3640 1133 ἀξίωμα.

2061 1157 2234 1212 Πόθεν
2265 1158 2443 1212 τοίνυν
2486 1156 2649 1211 πάλιν
2693 1157 2825 1227 ἡμῖν
2869 1155 3282 1231 κυκλοδράκωνς
3313 1154 3479 1208 πόθεν
3511 1154 3638 1210 ἀνα·-

2059 1249 2362 1313 καινίζεται
2405 1247 2474 1302 τὰ
2525 1247 2716 1301 σκολιὰ
2766 1246 3137 1318 βουλεύματα;
3191 1247 3282 1302 Ἐν
3324 1248 3461 1318 τιμῇ
3506 1245 3643 1299 ἔστω

2058 1338 2264 1412 Μαρία·
2289 1339 2318 1391 ό
2337 1338 2394 1392 δὲ
2415 1338 2627 1410 Πατὴρ,
2652 1337 2748 1392 καὶ
2768 1338 2914 1402 Υἱὸς,
2941 1338 3209 1406 nulli-nov
3225 1336 3453 1407 Πνεῦμα
3475 1353 3641 1408 προσ-

2058 1429 2344 1485 κυνείσθω·
2377 1431 2477 1500 τὴν
2505 1430 2725 1502 Μαρίαν
2757 1429 2948 1502 μηδεὶς
2973 1429 3370 1502 προσκυνείτω.
3399 1429 3476 1481 Οὐ
3501 1429 3641 1499 λέγω

2058 1526 2302 1597 γυναικὶ,
2335 1524 2448 1580 ἀλλ’
2491 1525 2611 1578 οὐδὲ
2641 1525 2816 1597 ἀνδρὶ,
2858 1524 2978 1596 Θεῷ
3021 1524 3418 1598 προστέτακται
3451 1523 3514 1578 τὸ
3546 1541 3642 1593 μυ-

2060 1616 2301 1688 στήριον.
2329 1617 2468 1668 Ούτε
2494 1614 2717 1685 ἄγγελοι
2751 1615 2990 1687 χωροῦσι
3026 1614 3334 1685 δοξολογίαν
3365 1614 3638 1685 τοιαύτην.

2072 1707 2471 1777 Ἐξαλειφέσθω
2519 1708 2587 1762 τὰ
2635 1707 2824 1772 κακῶς
2869 1708 3151 1780 γραφέντα
3192 1708 3251 1761 ὲν
3293 1706 3492 1779 καρδίᾳ
3537 1706 3641 1761 τῶν

373 1805 599 1859 sterium
631 1803 767 1858 illud
807 1803 1102 1873 cultusque
1133 1804 1394 1858 tribuitur
1423 1823 1436 1860 :
1473 1804 1610 1860 adeo
1641 1813 1700 1860 ut
1728 1821 1829 1861 nec
1854 1823 1954 1861 an-

2062 1799 2443 1871 ἠπατημένων·
2471 1799 2840 1872 ἁμαυρούσθω
2868 1799 2926 1866 ἐξ
2956 1797 3248 1870 ὀφθαλμῶν
3281 1797 3343 1851 τὸ
3380 1797 3640 1869 ἐγκίσση-

373 1895 476 1964 geli
510 1895 614 1964 ipsi
639 1901 795 1949 tanto
825 1894 1020 1949 honori
1050 1909 1208 1966 pares
1233 1910 1355 1956 esse
1379 1895 1686 1952 videantur.
1723 1895 1954 1954 Dclean-

373 1992 466 2038 tur
501 1983 706 2054 itaque,
751 1999 874 2054 qua:
909 1984 964 2038 in
1007 1985 1331 2039 miserorum
1377 1985 1660 2041 hominum
1694 1987 1954 2044 cordibus

373 2070 514 2126 male
565 2080 695 2126 sunt
742 2073 1027 2144 inscripta.
1073 2073 1467 2144 Exstinguatur
1508 2075 1726 2144 penitus
1775 2077 1954 2146 malus

374 2164 464 2218 ille
501 2163 645 2219 fetus
674 2165 743 2219 ad
772 2164 1042 2220 infelicem
1076 2165 1326 2220 arborem
1360 2178 1686 2237 conceptus.
1710 2168 1955 2225 Conver-

369 2261 520 2309 tatur
535 2271 675 2326 opus
692 2257 871 2328 ipsum
903 2256 968 2312 ad
988 2255 1277 2311 Dominum
1299 2258 1751 2330 conditoremque
1767 2277 1949 2317 suum.

373 2343 539 2398 Evam
567 2361 692 2400 cum
723 2345 936 2400 Adamo
971 2345 1208 2416 conjuge
1252 2345 1319 2399 ad
1361 2343 1532 2400 Deum
1585 2348 1762 2402 solum
1792 2363 1955 2404 vene-

371 2436 604 2491 randum
649 2437 824 2506 pudor
860 2437 1078 2492 tandem
1123 2435 1422 2506 aliquando
1464 2438 1785 2507 compellat;
1819 2453 1954 2493 neve

370 2529 642 2598 serpentis
688 2543 789 2583 vox
837 2528 986 2582 illam
1029 2526 1304 2597 decipiat,
1340 2525 1434 2582 sed
1469 2526 1524 2581 in
1567 2525 1660 2582 Dei
1696 2528 1954 2583 mandato

370 2617 633 2686 persistat
658 2635 673 2672 ι
703 2615 781 2671 De
805 2617 947 2687 ligno
979 2633 1044 2670 ne
1073 2614 1317 2670 comedas
1351 2615 1391 2669 ³.
1425 2613 1751 2688 Quanquam
1776 2620 1830 2673 in
1861 2634 1954 2674 ar-

371 2711 502 2763 liore
538 2710 654 2778 ipsa
689 2723 1035 2779 nequaquam
1067 2723 1225 2762 error
1256 2707 1379 2773 fuit,
1420 2707 1524 2763 sed
1569 2724 1668 2780 per
1701 2713 1952 2767 arborem

2061 1908 2140 1962 μα
2169 1890 2263 1944 τοῦ
2301 1890 2476 1955 ξύλου·
2509 1890 2818 1964 ἐπιστρέψῃ
2857 1890 3020 1945 πάλιν
3041 1890 3103 1944 τὸ
3130 1889 3359 1961 πλάσμα
3383 1890 3524 1962 πρὸς
3554 1889 3642 1943 τὸν

2057 1983 2350 2055 Δεσπότην.
2409 1983 2785 2056 Ἐντρεπέσθω
2815 1983 2930 2038 Εύά
2989 1983 3128 2055 μετὰ
3167 1982 3263 2037 τοῦ
3306 1982 3478 2054 Ἀδὰμ
3513 1982 3641 2036 Θεὸν

2055 2077 2222 2148 τιμᾷν
2265 2077 2444 2148 μόνον·
2496 2075 2571 2147 μὴ
2619 2075 2838 2145 ἀγέσθω
2881 2078 2949 2148 τῇ
2978 2073 3073 2128 τοῦ
3109 2075 3287 2144 ὄφεως
3322 2077 3497 2147 φωνῇ’
3529 2074 3640 2128 ἀλλ’

2057 2171 2344 2243 ὲμμενέτω
2373 2175 2441 2243 τῇ
2474 2169 2568 2225 τοῦ
2597 2170 2734 2225 Θεοῦ
2769 2169 3090 2244 προστάξει·
3139 2170 3236 2240 Μὴ
3282 2171 3481 2242 φάγῃς
3527 2172 3640 2226 ἀπὸ

2056 2265 2164 2319 τοῦ
2194 2264 2410 2330 ξύλου.
2442 2264 2554 2319 Kal
2573 2259 2642 2336 ἦν
2663 2264 2724 2318 τὸ
2745 2263 2901 2328 ξύλον
2950 2265 3012 2318 ού
3041 2262 3240 2334 πλάνη,
3268 2263 3408 2318 ἀλλὰ
3432 2263 3522 2316 διὰ
3550 2259 3640 2315 τοῦ

2059 2354 2216 2420 ξύλου
2253 2356 2474 2425 γέγονεν
2513 2358 2548 2427 ἡ
2592 2356 2844 2428 παρακοὴ
2887 2357 2988 2427 τῆς
3034 2355 3262 2427 πλάνης.
3304 2356 3396 2426 Μὴ
3427 2354 3644 2425 φαγέτω

2056 2465 2141 2511 τις
2165 2448 2272 2502 ἀπὸ
2312 2447 2415 2519 τῆς
2458 2447 2668 2520 πλάνης
2694 2448 2794 2516 τῆς
2826 2447 2915 2502 διὰ
2944 2447 3163 2520 Μαρίαν
3190 2447 3291 2519 τὴν
3318 2448 3502 2518 ἁγίαν.
3536 2449 3644 2503 Kal

2058 2537 2191 2611 γὰρ,
2237 2539 2287 2592 εί
2325 2540 2420 2592 καὶ
2445 2539 2647 2611 ὡραῖον
2679 2540 2741 2593 τὸ
2775 2539 2956 2607 ξύλον,
2997 2539 3113 2594 ἀλλ’
3159 2539 3262 2594 οὐκ
3307 2541 3388 2604 είς
3426 2540 3638 2612 βρῶμα.

2060 2628 2173 2681 Kal.
2201 2629 2250 2682 εί
2275 2628 2538 2700 καλλίστη
2565 2628 2600 2700 ἡ
2623 2628 2829 2701 Μαρία,
2862 2629 2958 2683 καὶ
2979 2628 3129 2698 ἁγία,
3161 2629 3258 2682 καὶ
3281 2629 3642 2701 τετιμημένη,

2061 2717 2175 2771 ἀλλ’
2208 2719 2308 2773 οὐκ
2337 2721 2418 2784 είς
2442 2719 2503 2772 τὸ
2527 2720 2972 2792 προσκυνεῖσθαι.

368 2801 734 2855 contumacia:
755 2817 912 2855 error
927 2799 1206 2857 admissus
1223 2807 1326 2855 est.
1347 2798 1583 2857 Perinde
1610 2803 1775 2874 igitur
1794 2821 1956 2863 nemo
1985 2824 2228 2867 errorem
2262 2812 2415 2867 illum
2448 2812 2721 2884 degustet,
2762 2814 2855 2884 qui
2893 2813 3078 2869 Mariae
3148 2814 3443 2870 occasione
3514 2830 3645 2871 con-

371 2892 532 2948 llatus
559 2901 664 2947 est.
702 2892 854 2949 Licet
882 2894 1029 2949 enim
1054 2893 1425 2964 pulcherrima
1453 2896 1616 2953 arbos
1646 2907 1814 2962 esset,
1834 2916 1945 2956 non
2001 2911 2183 2960 tamen
2224 2904 2292 2959 ad
2327 2907 2509 2961 cibum
2537 2907 2860 2962 constituta.
2899 2908 2976 2962 lta
3028 2908 3281 2978 quamvis
3321 2907 3491 2962 Maria
3563 2909 3643 2965 vel

369 2987 574 3056 optima
607 2985 792 3052 fuerit,
831 3001 895 3041 ac
917 2995 1127 3048 sancta.
1156 2999 1210 3043 et
1232 2988 1442 3045 honore
1471 2987 1818 3060 dignissima,
1845 3008 1952 3049 non
1994 2994 2202 3052 idcirco
2230 3005 2414 3052 tamen
2448 2998 2770 3055 adoratione
2799 2999 3203 3071 prosequenda.

442 3075 578 3131 Vlll.
621 3077 988 3144 Quamobrem
1025 3079 1192 3150 hujus
1215 3089 1381 3136 sectae
1409 3082 1670 3138 mulieres
1695 3083 1828 3158 illud
1856 3087 1952 3142 de-

2133 3090 2214 3143 H'.
2249 3083 2417 3144 Δῦται
2444 3091 2502 3145 δὲ
2533 3090 2696 3148 πάλιν
2723 3093 3140 3158 ἅνακαινίζουσι
3175 3094 3242 3164 τῇ
3282 3091 3421 3165 τύχῃ
3449 3093 3511 3146 τὸ
3558 3095 3647 3148 κέ-

370 3185 482 3224 nuo
515 3169 852 3226 oll‘urendum
923 3171 1156 3228 fortuna:
1212 3174 1468 3244 poculum
1521 3175 1854 3242 instaurant,
1894 3194 1960 3235 ac

368 3262 623 3327 dmmoni,
649 3277 752 3316 non
784 3261 915 3326 Deo,
952 3281 1197 3320 mensam
1239 3266 1550 3333 instruunt,
1582 3269 1659 3322 uti
1695 3271 1958 3340 scriptum

307 3394 315 3402 .
372 3362 494 3418 cst;
531 3368 594 3406 ac
618 3353 756 3407 cibis
792 3354 975 3423 impiis
1005 3363 1301 3410 vescuntur
1330 3376 1344 3412 :
1389 3357 1441 3412 id
1473 3361 1619 3429 quod
1645 3374 1816 3415 sacra:
1847 3359 1961 3414 Lit-

373 3453 501 3498 terae
530 3449 801 3496 testantur
840 3463 852 3496 :
890 3442 1138 3499 Mulieres
1174 3445 1421 3516 subigunt
1463 3447 1695 3516 farinam
1724 3489 1738 3513 ,
1768 3460 1818 3504 et
1859 3451 1963 3520 ﬁlii

373 3534 629 3603 colligunt
678 3532 844 3603 ligna,
889 3545 946 3586 ut
979 3535 1182 3605 faciant
1215 3537 1489 3606 placentas
1535 3541 1746 3595 militia:
1779 3542 1958 3599 cazli‘.

374 3623 660 3692 Ejusmodi
712 3624 1051 3682 mulierculis
1101 3625 1368 3684 Jeremias
1421 3645 1485 3686 os
1538 3633 1826 3696 obstruat;
1862 3648 1964 3689 nec

380 3717 617 3787 amplius
645 3725 913 3771 terrarum
952 3717 1138 3772 orbem
1168 3720 1530 3788 conturbent,
1557 3739 1692 3781 neve
1717 3724 1860 3778 istud
1885 3725 1965 3794 ja-

385 3811 580 3863 ctitcnt
615 3827 627 3863 :
658 3807 791 3864 Caeli
824 3810 1058 3879 reginam
1089 3811 1410 3867 honoramns
1439 3815 1480 3867 ⁵.
1511 3814 1673 3872 Novit
1709 3816 1963 3889 Taphncs

383 3899 844 3970 quemadmodum
911 3901 1240 3958 ulciscenda:
1300 3903 1405 3959 illa:
1443 3905 1571 3961 sint.
1621 3905 1781 3964 Novit
1812 3909 1964 3980 Mag-

375 3993 637 4045 dulorum
718 3991 867 4061 regio
919 3989 1131 4060 objecta
1163 3993 1379 4048 illarum
1421 3995 1686 4052 cadavera
1741 3999 1807 4054 ad
1863 4016 1964 4071 pu-

385 4081 783 4137 trefaciendum
808 4082 1080 4156 ergcipere.
1109 4081 1252 4149 Noli,
1283 4099 1317 4139 ο
1346 4083 1533 4155 Israel,
1558 4088 1768 4144 mulieri
1802 4090 1961 4146 fidem

376 4175 655 4229 adhibere.
700 4176 915 4229 Revoca
939 4182 991 4230 te
1017 4190 1048 4229 a
1105 4192 1286 4246 pravae
1317 4179 1560 4235 mulieris
1588 4182 1838 4238 consilio.
1877 4185 1965 4238 Si-

373 4267 597 4336 quidem
657 4267 858 4321 mulier
906 4268 1180 4337 pretiosas
1217 4270 1458 4325 virorum
1505 4274 1717 4331 animas
1758 4284 1961 4347 captat.

377 4359 552 4430 llujus
599 4361 766 4430 pedes
820 4375 957 4424 eos,
1040 4362 1369 4431 quibuscum
1449 4368 1783 4430 consuescit,
1839 4385 1963 4423 cum

377 4461 552 4507 morte
643 4452 708 4506 ad
775 4450 980 4507 inferos
1028 4453 1304 4509 deducunt

376 4556 566 4597 aurem
600 4542 954 4614 animumque
997 4559 1067 4599 ne
1095 4546 1342 4616 prmbeas
1380 4566 1393 4602 :
1433 4545 1539 4603 Mel
1573 4551 1712 4604 enim
1742 4567 1769 4604 θ
1801 4552 1958 4607 labiis

377 4632 664 4687 meretricis
721 4631 1044 4690 destillat‘:
1089 4635 1237 4706 quod
1304 4637 1630 4694 brevissimo
1715 4649 1960 4713 tempore

375 4733 564 4796 guttur
593 4731 748 4778 tuum
781 4725 1011 4790 leniens,
1050 4737 1237 4796 postea
1270 4728 1394 4785 felle
1422 4734 1663 4790 amarius
1690 4734 1955 4803 invenies,

373 4829 425 4871 et
454 4817 676 4887 ancipiti
707 4816 887 4888 gladio
922 4820 1096 4887 magis
1125 4829 1439 4878 exacutum.
1474 4823 1619 4880 Cave
1646 4827 1811 4897 igitur
1849 4831 1962 4884 m'a-

374 4909 439 4963 la:
488 4909 616 4964 huic
671 4909 1010 4965 muliercula:
1047 4911 1205 4966 fidem
1249 4913 1534 4970 adhibeas.
1578 4915 1769 4974 Omnis
1815 4921 1960 4976 enim

375 5003 603 5059 lucri-sis
626 5002 767 5058 mala
801 5003 999 5058 mulier
1033 5013 1152 5069 est;
1189 5003 1284 5061 sed
1323 5008 1493 5063 multo
1529 5011 1822 5066 mulierum
1855 5015 1961 5068 lia!-

446 5160 462 5192 ι
505 5158 638 5239 Luc.
683 5174 838 5224 xxiii,
1035 5163 1056 5192 ’
1087 5159 1276 5239 Μιιιρι.
1313 5179 1400 5224 xv,
1425 5163 1561 5239 22.;
1594 5165 1724 5222 Luc.
1759 5186 1872 5239 vm,
1907 5173 1997 5229 45.

372 5232 462 5287 25.
543 5233 564 5263 ⁸
598 5231 762 5286 Prov.
794 5248 846 5296 v,
875 5232 910 5286 5
940 5246 1061 5302 sqq.
1149 5234 1167 5264 ⁷
1191 5232 1320 5287 Cor.
1359 5235 1574 5304 συλλέγ.

448 5389 559 5460 (14)
584 5392 675 5460 ~0i)
705 5389 819 5458 τὴν·
845 5389 1249 5460 καλουμένην.
1285 5390 1457 5459 Hujus
1485 5391 1606 5447 Ruﬁ
1630 5395 1819 5449 matris
1851 5410 1962 5450 me-

374 5458 548 5534 minit
578 5458 779 5534 Paulus
831 5461 898 5534 ad
957 5458 1112 5516 Rom.
1173 5478 1281 5524 xw,
1338 5458 1404 5516 13
1436 5481 1448 5515 :
1483 5462 1726 5518 Salutate
1763 5463 1960 5534 Rufum

375 5531 593 5601 electum
626 5531 679 5583 in
711 5531 955 5595 Domino,
985 5543 1034 5585 et
1062 5543 1284 5586 matrem
1314 5535 1448 5601 ejus,
1490 5543 1539 5587 et
1579 5551 1765 5589 meam.

450 5599 562 5668 (l5)
628 5601 877 5671 uiduam
923 5605 976 5653 οὶ
1012 5604 1178 5655 τόποι
1213 5599 1602 5671 Μαγδούλων.
1657 5605 1960 5660 Cornarlus

379 5667 563 5736 inepte
603 5687 615 5722 :
651 5667 919 5743 Nouerunt
961 5673 1060 5743 loci
1106 5673 1292 5726 horum
1318 5667 1684 5743 :aadi/iciorum
1738 5691 1959 5743 corpora

377 5751 637 5804 :usctpere
697 5740 766 5791 ad
815 5741 1267 5808 putrefactionem.
1314 5740 1451 5798 Loci
1491 5747 1634 5799 enim
1678 5740 1957 5818 preprium

2066 3198 2288 3254 ρασμα,
2334 3182 2428 3236 καὶ
2463 3183 2810 3254 ἑτοιμάζουσι
2862 3183 2940 3256 τῷ
2986 3185 3240 3256 δαίμονι,
3274 3185 3366 3238 καὶ
3410 3186 3473 3238 οὑ
3507 3185 3644 3256 Θεῷ,

2060 3274 2160 3346 τὴν
2197 3274 2476 3346 τράπεζαν
2502 3316 2518 3342 ,
2550 3276 2690 3330 κατὰ
2731 3277 2794 3330 τὸ
2823 3277 3209 3349 γεγραμμένον
3229 3293 3243 3309 ’
3289 3277 3384 3332 καὶ
3437 3278 3644 3332 σιτοῦν-

2059 3382 2150 3420 ται
2182 3368 2305 3420 σῖτα
2343 3367 2629 3434 ἀσεϐείας,
2684 3368 2760 3433 ὥς
2791 3385 2957 3439 φησιν
2999 3372 3028 3424 ό
3063 3369 3206 3435 θεῖος
3226 3371 3386 3442 λόγος
3407 3389 3422 3402 ·
3450 3370 3563 3425 Καί
3588 3372 3647 3424 al

2062 3459 2347 3528 γυναῖκες
2376 3461 2650 3529 τρίϐουσι
2683 3462 2892 3529 σταῖς,
2935 3463 3037 3518 καί
3073 3467 3126 3518 ol
3157 3465 3276 3526 υίοί
3315 3465 3646 3530 συλλέξου-

2063 3551 2160 3604 σιτ
2185 3550 2342 3616 ξύλα
2367 3552 2617 3622 ποιῆσαι
2644 3554 2922 3624 χαυῶνας
2945 3555 3022 3625 τῇ
3043 3559 3325 3626 στρατείᾳ
3353 3559 3461 3612 τοῦ
3479 3559 3646 3626 οὐραο

2062 3640 2194 3695 νοῦ.
2228 3641 2618 3713 Φιμούσθωσαν
2647 3645 2753 3699 ὑπὸ
2786 3647 3051 3719 Ἱερεμίου
3089 3648 3420 3704 αἱτοιαῦται
3456 3653 3642 3720 γυναί-

2063 3749 2196 3799 κες,
2245 3735 2341 3788 καὶ
2398 3737 2473 3807 μὴ
2533 3736 2935 3809 θορυὸείτωσαν
2967 3741 3070 3813 τὴν
3134 3743 3459 3814 οἰκουμένην
3494 3762 3507 3775 ·
3571 3745 3642 3817 μὴ

2063 3823 2398 3894 λεγέτωσαν·
2435 3829 2697 3900 Τιμῶμεν
2730 3831 2848 3901 τὴν
2892 3833 3282 3898 ,βασίλισσαν
3313 3837 3423 3891 τοῦ
3467 3840 3641 3906 οὐρα-

2063 3918 2195 3972 νοῦ.
2235 3913 2356 3974 Οἵδε
2393 3921 2496 3994 γὰρ
2535 3922 2755 3991 Ταφνὰς
2779 3923 2984 3990 ταύτας
3012 3927 3394 3999 τιμωρεῖσθαι.
3429 3930 3642 3984 Οἴδασιν

2064 4009 2114 4061 οί
2151 4011 2303 4064 τόποι
2329 4013 2660 4080 Μαγδούλων
2691 4015 2803 4087 (15)
2835 4016 3043 4072 τούτων
3087 4021 3156 4074 τὰ
3191 4020 3420 4091 σώματα
3454 4023 3641 4075 ὑποδέ-

2064 4099 2254 4169 χεσθαι
2277 4102 2356 4164 εἰς
2379 4102 2562 4173 σῆψιν.
2599 4104 2690 4176 Μὴ
2713 4105 2923 4170 πείθου,
2963 4107 3202 4181 Ἰσραὴλ,
3230 4111 3482 4178 γυναικί’
3519 4112 3643 4165 ἀνά-

2065 4209 2239 4245 κυπτε
2273 4193 2382 4246 ἀπὸ
2429 4196 2604 4266 κακῆς
2637 4198 2894 4265 γυναικὸς
2946 4199 3299 4271 συμϐουλίας.
3351 4203 3493 4274 Γυνὴ
3537 4205 3641 4275 γὰρ

2065 4283 2252 4354 τιμίας
2271 4283 2450 4355 ψυχὰς
2477 4285 2686 4358 ἀνδρῶν
2724 4288 2970 4360 ἀγρεύει.
3002 4289 3220 4362 Ταύτης
3246 4291 3356 4362 γὰρ
3390 4294 3440 4345 oi
3490 4294 3643 4358 πόδες

2065 4377 2193 4439 τοὺς
2231 4378 2546 4448 χρωμένους
2595 4380 2732 4450 μετὰ
2772 4379 2868 4434 τοῦ
2901 4379 3133 4436 θανάτου
3166 4383 3391 4451 ἄγουσιν
3430 4387 3510 4449 είς
3555 4386 3642 4442 tiu

1362 4475 1375 4511 :
1426 4458 1579 4513 mala:
1627 4459 1959 4516 mulierculae

2069 4466 2222 4538 ᾅδην.
2253 4468 2344 4540 Μὴ
2366 4469 2599 4540 πρόσεχε
2635 4471 2823 4545 φαύλῳ
2850 4475 3133 4546 γυναικίῳ.
3163 4475 3318 4531 Μέλι
3351 4479 3464 4548 τὰρ
3495 4479 3644 4531 ἀπο-

2066 4558 2268 4620 στάζει
2284 4562 2402 4616 ἀπὸ
2431 4563 2681 4632 χειλέων
2713 4569 3002 4637 γυναικὸς
3024 4568 3254 4638 πόρνης
3277 4588 3291 4601 ο
3320 4571 3349 4624 ὃ
3381 4572 3646 4642 πρόσκαιο

2070 4667 2160 4722 ρον
2192 4651 2429 4707 λιπαίνει
2466 4656 2557 4710 σὸν
2601 4659 2861 4731 φάρυγγα
2884 4701 2899 4725 ,
2936 4659 3161 4734 ὕστερον
3215 4663 3399 4734 μέντοι
3450 4664 3644 4736 πικρό-

2065 4759 2222 4815 τερον
2273 4745 2436 4816 χολῆς
2487 4749 2708 4819 εὑρήσει
2733 4791 2748 4816 ,
2791 4751 2888 4805 καὶ
2920 4753 3258 4824 ἠκονημένον
3306 4755 3508 4826 μᾶλλον
3541 4775 3644 4826 μα-

2065 4835 2262 4906 χαίρας
2303 4836 2579 4908 διστόμου.
2622 4840 2713 4913 Μὴ
2772 4842 2963 4897 πείθου
3010 4843 3182 4916 ταύτῃ
3214 4849 3281 4918 τῇ
3315 4849 3534 4916 γυναικὶ
3578 4851 3640 4918 τῇ

2065 4927 2264 5001 φαύλῃ.
2297 4929 2455 4984 Πᾶσα
2495 4933 2604 5004 γὰρ
2643 4935 2852 5008 αἵρεσις
2882 4937 3062 5009 φαύλη
3104 4941 3282 5010 γυνή·
3321 4940 3483 4994 πλέον
3525 4941 3641 5012 est;

2063 5018 2172 5072 τῶν
2201 5022 2474 5089 γυναικῶν
2529 5025 2742 5096 αἵρεσις
2770 5034 2910 5110 αὕτη
2930 5073 2946 5097 ,
2981 5033 3076 5084 καὶ
3110 5033 3144 5103 ή
3198 5030 3294 5085 τοῦ
3324 5033 3642 5102 ἀπατήσαν-

2105 5175 2126 5206 ³
2159 5175 2296 5234 Gen.
2329 5195 2389 5242 ιι,
2419 5178 2504 5234 17.
2617 5183 2638 5214 ⁸
2665 5183 2868 5240 Jercm.
2909 5203 3006 5252 vn,
3043 5192 3130 5244 18.
3207 5191 3229 5223 ⁸
3258 5197 3460 5245 Jerem.
3501 5210 3642 5255 κων,

2065 5413 2261 5484 nomen
2301 5409 2393 5483 est.
2428 5403 2963 5484 Mayaouita.__l\tqtie
3002 5410 3102 5484 hoc
3147 5412 3475 5484 jampridem
3512 5415 3642 5469 Leo-

2307 5469 2698 5571 aiiinradvet~titl
2745 5469 2985 5571 Ιίιιηῖκιχ
3024 5469 3425 5571 Eruitur-cap.
3461 5487 3512 5542 Ξ.
3540 5487 3640 5571 ριιί

2063 5538 2284 5624 quidem
2337 5545 2524 5599 nescio
2560 5547 2713 5624 quid
2751 5551 2997 5620 cogitans
3050 5568 3148 5622 pro
3203 5538 3401 5624 σῆψινῗ
3443 5538 3641 5610 ιῆἒινῖιῖί

2065 5609 2238 5691 σὲψι-ν,
2269 5612 2370 5691 hoc
2394 5625 2475 5667 est
2501 5609 2864 5673 addrationem
2902 5630 2953 5674 ct
3005 5609 3224 5676 caltam.
3449 5627 3518 5682 ab
3543 5609 3640 5680 hu;

2057 5679 2282 5820 {)Igsssltici
2315 5699 2477 5739 sensu
2519 5695 2625 5741 tam
2662 5691 2897 5745 alienum
2925 5702 3030 5760 es',
3063 5695 3199 5749 nihil
3226 5679 3628 5770 utﬁmagiswesse

2199 5768 2208 5804 I
2243 5791 2256 5806 .

2027 5788 2034 5793 -
2063 5768 2256 5806 DUSSIl.
