3986 6224
386 394 493 447 753

1030 396 1397 453 ADVERSUS
1426 397 1767 454 IIA‘JRESES
1804 387 1933 453 LlB.
1980 397 2065 454 lll.
2106 396 2268 454 ΤΟΜ.
2313 397 2353 451 ll
2393 428 2460 438 —
2501 396 2773 452 HAERES.
2816 392 3052 450 LXXIX.

3555 388 3659 443 75-5

386 529 481 576 τος
523 514 623 585 τὴν
663 512 886 586 πρώτην
928 519 1181 585 γυναῖκα.
1219 517 1484 589 Τιμάσθω
1529 522 1561 591 ἡ
1605 521 1787 592 μήτηρ
1820 520 1964 593 ήμῶι

2084 520 2220 575 resis
2250 518 2342 574 illa
2386 520 2578 590 magis,
2610 534 2729 589 quae
2756 518 2826 574 ab
2858 532 2944 581 eo,
2978 530 3007 568 a
3065 529 3173 584 quo
3205 512 3379 583 prima
3435 509 3659 581 decepta

389 602 505 659 Εὕα
530 645 545 668 ,
579 605 656 669 ὡς
692 608 757 662 ἐκ
800 608 932 662 Θεοῦ
990 609 1351 683 πεπλασμένη
1382 629 1397 642 ·
1434 612 1509 684 μὴ
1560 613 1840 668 ἀκουέσθω
1889 613 1967 678 δὲ,

388 694 476 746 ἵνα
507 694 582 765 μὴ
619 696 783 771 πείσῃ
831 698 900 751 τά
938 700 1102 755 τέκνα
1141 703 1335 771 φαγεῖν
1367 702 1477 757 ἀπὸ
1508 703 1599 758 τοῦ
1645 704 1839 771 ξύλου,
1876 706 1971 760 καὶ

385 786 603 858 ἐντολὴν
635 790 970 861 παραϐῆναι.
1000 795 1345 852 Μετανσείτω
1371 798 1427 851 δὲ
1449 798 1542 852 καὶ
1574 796 1714 870 αὕτη
1741 797 1851 852 ἀπὸ
1880 816 1971 852 κε-

385 878 674 947 νοφωνίας.
724 882 1130 955 Ἐπιστρεφέτω
1183 890 1544 962 αἰσχυνομένη
1571 930 1585 955 ,
1623 888 1718 943 καὶ
1787 895 1964 967 φύλλα

388 971 561 1043 συκῆς
594 973 912 1047 ἐνδυομένη.
940 978 1285 1033 Κατανοείτω
1310 982 1367 1035 δὲ
1396 981 1564 1053 αὐτὴν
1593 982 1687 1036 καὶ
1707 983 1737 1036 ό
1774 981 1965 1053 Ἀδάμ,
2013 1053 2017 1059 1

385 1062 482 1113 καὶ
528 1062 725 1133 μηκέτι
771 1066 907 1138 αὐτῇ
944 1068 1234 1125 πειθέσθω.
1289 1072 1355 1129 Ἦ
1389 1072 1498 1144 γὰρ
1531 1072 1742 1144 πλάνης
1770 1072 1965 1139 πειθὼ,

386 1152 481 1203 καὶ
512 1154 769 1221 γυναικὸς
798 1157 879 1218 είς
912 1156 971 1209 τὸ
994 1160 1235 1213 ἐναντίον
1276 1161 1597 1233 συμϐουλία,
1630 1162 1860 1217 θάνατον
1888 1164 1968 1235 τῷ

389 1242 505 1313 ἰδίῳ
531 1243 751 1316 συζύγῳ
778 1247 1071 1318 ἐργάζεται
1095 1266 1108 1280 ο
1137 1250 1199 1304 οὐ
1246 1253 1408 1322 μόνον
1439 1254 1517 1318 δὲ,
1557 1254 1694 1309 ἀλλά
1730 1255 1823 1309 καὶ
1854 1257 1967 1319 τοῖς

383 1334 619 1399 τέκνοις.
646 1338 997 1411 Κατέστρεψε
1030 1342 1093 1395 τὸ
1128 1342 1351 1414 πλάσμα
1380 1344 1492 1399 Εὕα
1540 1345 1630 1400 διά
1664 1347 1764 1418 τῆς
1791 1364 1968 1416 παρα-

384 1425 628 1491 ϐάσεως,
663 1427 1003 1497 ἐρεθισθεῖσα
1035 1429 1122 1483 διὰ
1155 1430 1256 1501 τῆς
1286 1431 1381 1485 τοῦ
1416 1432 1593 1503 ὄφεως
1642 1434 1829 1505 φωνῆς
1873 1435 1968 1489 καὶ

383 1518 748 1587 ἐπαγγελίας,
799 1520 1136 1591 πλανηθεῖσα
1168 1522 1278 1576 ἀπὸ
1317 1524 1409 1578 τοῦ
1464 1526 1845 1599 κηρύγματος,
1874 1526 1968 1581 καὶ

384 1608 468 1678 ἐφ’
499 1609 691 1682 ἐτέριίν
732 1610 997 1681 βαδίσασα
1033 1612 1294 1669 διάνοιαν.

2080 610 2275 665 mulier
2298 618 2405 675 est,
2433 610 2693 664 manavit.
2725 608 2851 665 Eva:
2872 606 3036 679 igitur
3067 605 3228 660 matri
3258 610 3460 659 nostra:
3486 603 3661 657 honor

2077 698 2366 767 habeatur,
2424 709 2611 772 utpote
2658 717 2779 772 qua:
2813 716 2843 755 a
2900 700 3006 758 Deo
3041 699 3304 772 producta
3350 697 3453 763 sit;
3486 695 3580 751 sed
3610 696 3661 751 ei

2076 806 2422 863 nequaquam
2466 793 2893 863 obtemperetur,
2940 806 3011 847 ne
3050 789 3236 845 liberis
3281 787 3397 844 suis
3435 799 3661 857 persua-

2075 884 2221 951 deat,
2248 893 2306 940 ut
2328 901 2393 942 ex
2426 886 2622 942 arbore
2651 892 2941 941 vescantur
2973 898 3037 939 ac
3089 881 3406 937 mandatum
3432 878 3658 934 violent.

2075 974 2143 1029 At
2189 976 2337 1031 illam
2393 992 2612 1047 quoque
2646 976 2959 1032 vanissima}
3008 973 3157 1029 illius
3189 971 3342 1027 vocis
3375 969 3656 1041 poeniteat.

2077 1064 2284 1122 Redeat
2310 1068 2377 1123 ad
2407 1074 2644 1123 mentem
2684 1082 2797 1138 prae
2823 1063 3177 1131 verecundia,
3214 1071 3268 1118 et
3301 1062 3549 1118 ficulneis
3574 1061 3659 1115 τοι·

2075 1160 2163 1216 liis
2198 1159 2530 1216 induatur‘.
2587 1161 2729 1229 Quin
2783 1168 2838 1216 et
2888 1159 3133 1215 Adamus
3186 1157 3331 1211 illam
3377 1164 3657 1226 agnoscat,

2079 1250 2293 1322 1066
2320 1266 2421 1306 nec
2458 1252 2693 1323 amplius
2724 1266 2931 1307 morem
2969 1256 3141 1321 gerat.
3172 1246 3384 1317 Quippe
3415 1244 3658 1311 frandes,

2073 1338 2355 1393 blanditia:
2393 1346 2449 1395 et
2505 1341 2845 1395 contrarium
2898 1337 3146 1393 mulieris
3175 1335 3470 1391 consilium
3510 1350 3660 1390 mor-

2075 1436 2183 1484 tem
2239 1429 2458 1501 conjugi
2516 1431 2719 1501 pariter
2773 1444 2839 1485 ac
2891 1429 3065 1486 soboli
3109 1426 3483 1483 consciscunt.
3524 1424 3659 1480 Nam

2075 1519 2185 1576 Eva
2236 1536 2335 1592 per
2390 1521 2795 1577 contumaciam
2860 1536 3017 1579 suam
3080 1520 3326 1576 divinum
3380 1518 3660 1589 opiﬁcium

2074 1614 2293 1679 evertit,
2333 1629 2456 1669 cum
2498 1614 2767 1684 serpentis
2791 1628 2923 1669 voce
2948 1627 3013 1669 ac
3037 1612 3328 1684 promissis
3356 1612 3559 1678 illecta,
3592 1612 3661 1665 ab

2074 1720 2212 1761 sano
2256 1705 2509 1776 dogmate
2562 1706 2878 1771 deﬂectens,
2918 1706 3079 1761 aliam
3135 1704 3204 1761 ad
3255 1712 3489 1761 mentem
3538 1718 3661 1760 sese

2076 1794 2377 1849 transtulit.

452 1878 527 1932 0'.
561 1878 659 1932 Διά
694 1879 851 1934 τοῦτο
900 1883 929 1935 ὁ
979 1882 1195 1937 πάντων
1249 1885 1530 1956 Δεσπότης
1608 1886 1703 1939 καὶ
1741 1887 1964 1957 Σωτὴρ,

2144 1886 2241 1942 lx.
2282 1886 2576 1957 Propterea
2608 1886 2872 1943 Dominus
2927 1888 3173 1943 omnium
3204 1902 3267 1943 ac
3302 1884 3574 1951 Salvator,
3598 1894 3659 1941 ut

382 1968 701 2041 βουλόμενος
735 1971 1072 2042 θεραπεῦσαι
1129 1974 1192 2028 τὸ
1238 1976 1438 2045 ἄλγος,
1476 1978 1569 2031 καὶ
1614 1978 1967 2049 οἰκοδομῆσαι

377 2059 440 2113 τὸ
483 2064 974 2134 κατεστραμμένον
999 2104 1015 2130 ,
1049 2065 1144 2119 καὶ
1191 2066 1586 2138 διορθώσασθαι
1625 2068 1687 2121 τὸ
1724 2068 1969 2138 ἠλαττω·

382 2150 541 2220 μένον
565 2193 580 2217 ,
617 2152 806 2224 ἐπειδὴ
860 2154 968 2209 ἀπὸ
1014 2158 1270 2225 γυναικὸς
1302 2161 1331 2213 ό
1365 2159 1593 2225 θάνατος
1632 2162 1712 2225 είς
1747 2160 1838 2214 τὸν
1877 2160 1967 2214 κό-

380 2261 516 2314 σμον
549 2246 851 2317 κατῆλθεν,
892 2247 957 2301 ἐκ
989 2250 1247 2316 γυναικὸς
1281 2252 1556 2322 παρθένου
1611 2253 1773 2317 αὐτὸς
1810 2253 1966 2321 ἐγεν-

376 2337 551 2407 νήθη,
601 2337 689 2393 τνα
736 2338 827 2392 τὸν
878 2339 1107 2395 θάνατον
1144 2342 1405 2414 ἐκκλείσῃ
1428 2382 1443 2406 ,
1501 2345 1593 2397 καὶ
1625 2344 1684 2397 τὸ
1722 2344 1965 2399 ἐλλεῖπον

378 2428 643 2502 πληρώσῃ
670 2470 685 2495 ,
718 2431 811 2485 καὶ
848 2431 910 2485 τὸ
938 2431 1313 2503 ἠλαττωμένον
1341 2434 1627 2507 τελειώσῃ.
1663 2435 1965 2507 Στρέφεται

376 2520 435 2574 δὲ
468 2525 599 2594 ἡμῖν
654 2524 817 2579 πάλιν
850 2526 883 2595 ἡ
917 2525 1084 2579 κακία
1114 2566 1127 2587 ,
1181 2526 1268 2581 ἵνα
1309 2527 1370 2580 τό
1406 2528 1697 2599 ἐλάττωμα
1746 2532 1824 2593 είς
1874 2530 1965 2585 τὸν

375 2614 581 2684 κόσμον
636 2617 949 2689 προαγάγῃ.
1019 2618 1158 2671 Ἀλλ’
1216 2618 1341 2672 οὔτε
1390 2620 1520 2685 νέοι,
1547 2619 1672 2674 οὔτε
1710 2622 1965 2693 γέροντες

380 2707 659 2761 πείθονται
712 2711 777 2779 τῇ
834 2710 1057 2777 γυναικὶ
1102 2710 1190 2764 διά
1221 2710 1320 2781 τὴν
1353 2710 1559 2764 ἄνωθεν
1587 2712 1961 2783 σωφροσύνην.

378 2798 455 2851 Ού
487 2798 669 2863 παίζει
721 2800 755 2869 ἡ
788 2798 1063 2868 Αἰγυπτία
1114 2800 1206 2854 τὸν
1244 2799 1499 2873 σώφρονα
1546 2802 1742 2873 Ἰωσὴφ
1768 2843 1782 2866 ,
1840 2801 1966 2855 οὔτε

330 2906 333 2907 ⁷
377 2890 753 2960 παρατρέπει
774 2905 789 2920 ⁶
823 2891 999 2946 καίτοι
1028 2910 1091 2961 γε
1138 2892 1227 2946 διὰ
1265 2894 1467 2963 πολλῆς
1499 2896 1769 2966 μηχανίας
1800 2898 1967 2966 ἐργαο

378 2983 594 3054 σαμένη
623 2984 684 3037 τὸ
719 2985 891 3037 δεινὸν
925 2985 1061 3054 πρὸς
1109 2984 1201 3037 τὸν
1249 2986 1415 3039 παῖδα
1465 2987 1563 3057 τῆς
1609 2988 1959 3058 συμϐουλίας.

388 3076 619 3129 Ἀλλ’.ού
656 3075 910 3141 παίζεται
936 3077 1224 3149 ἄνθρωπος
1252 3078 1315 3130 ἐκ
1342 3078 1657 3149 Πνεύματος
1681 3079 1834 3149 ἁγίου
1869 3081 1963 3135 λα-

374 3166 487 3222 σὼν
516 3169 614 3240 τὴν
663 3170 942 3241 φρόνησιν.
981 3171 1056 3224 Οὐ
1095 3172 1156 3225 τὸ
1187 3171 1402 3243 σῶφρον
1432 3173 1686 3241 ἀφανίζει
1714 3213 1729 3236 ,
1766 3173 1854 3227 ἵνα
1886 3174 1960 3244 μὴ

2069 1977 2117 2033 ei
2137 1977 2312 2033 dolori
2348 1978 2682 2043 mederetur,
2714 1987 2768 2034 et
2796 1980 2941 2051 quod
2971 1994 3226 2035 eversum
3248 1985 3367 2033 erat
3392 1979 3660 2034 instaura-

2070 2076 2174 2131 ret,
2204 2069 2349 2140 quod
2374 2068 2650 2126 defecerat
2674 2072 3007 2132 restitueret.
3032 2069 3476 2141 quandoquidem
3510 2084 3661 2124 mors

2070 2157 2420 2214 inmundum
2476 2175 2507 2214 a
2554 2161 2783 2216 muliere
2821 2162 3070 2216 derivata
3114 2162 3329 2223 fuerat,
3358 2176 3389 2215 e
3434 2160 3662 2215 muliere

2068 2248 2282 2320 virgine
2327 2259 2489 2305 natus
2542 2259 2648 2314 est,
2695 2268 2806 2322 quo
2838 2261 2894 2307 et
2950 2260 3183 2307 mortem
3226 2251 3561 2317 excluderet,
3606 2258 3661 2305 et

2070 2340 2218 2411 quod
2252 2356 2506 2396 mancum
2539 2350 2657 2397 erat
2684 2345 2980 2413 suppleret,
3012 2350 3067 2397 et
3098 2342 3245 2413 quod
3311 2342 3658 2396 imminutum

2070 2430 2373 2500 perliceret.
2410 2432 2581 2486 Porro
2602 2431 2793 2487 eadem
2823 2433 3019 2486 iterum
3048 2432 3297 2499 nequitia
3322 2432 3656 2487 revolvitur:

2070 2534 2127 2577 ut
2156 2523 2348 2578 vitium
2409 2539 2473 2578 ac
2505 2522 2779 2579 defectum
2809 2524 2863 2578 in
2892 2525 3081 2579 orbem
3111 2532 3382 2579 terrarum
3410 2524 3655 2579 invehat.

2071 2614 2183 2669 Sed
2232 2614 2450 2670 mulieri
2490 2631 2667 2686 neque
2696 2614 2960 2685 juvenes,
2998 2631 3176 2685 neque
3213 2629 3407 2679 senes,
3436 2624 3658 2684 propter

2066 2724 2184 2763 eam
2216 2723 2322 2778 qua
2355 2708 2620 2763 divinitus
2658 2708 2873 2778 praaditi
2923 2716 3054 2762 sunt
3088 2705 3530 2777 temperantiam,
3560 2707 3659 2761 ohe

2067 2810 2395 2870 sequuntur.
2428 2798 2548 2854 Non
2585 2799 2763 2854 illudit
2809 2798 3068 2871 Egyptia
3101 2798 3296 2853 mulier
3343 2798 3660 2854 castissima

2065 2894 2303 2965 Josepho
2334 2897 2391 2959 ’,
2441 2909 2542 2950 nec
2574 2909 2605 2947 a
2654 2902 2804 2949 recta
2834 2902 3040 2948 mente
3097 2892 3356 2959 deducit,
3404 2893 3660 2961 quamvis

2066 3001 2262 3040 omnes
2326 2984 2584 3040 adhibeat
2641 2985 2944 3051 machinas,
3002 2999 3114 3054 quo
3160 2983 3544 3040 detestandum
3598 2985 3662 3038 iu

2067 3079 2472 3135 adolescentem
2519 3077 2812 3133 consilium
2852 3086 3205 3146 exsequatur.
3240 3074 3443 3131 Verum
3471 3075 3656 3130 luditi-

2065 3171 2179 3224 cari
2210 3184 2335 3225 eum
2362 3184 2528 3225 nemo
2556 3178 2755 3239 potest,
2786 3168 2881 3238 qui
2911 3184 2940 3221 a
2972 3167 3179 3238 Spiritu
3203 3174 3398 3221 sancto
3424 3167 3659 3236 pruden-

374 3261 475 3329 τὴν
500 3263 778 3331 εὐγένειαν
806 3264 1190 3337 κατευτελίσῃ·
1218 3265 1621 3335 καταλιμπάνει
1650 3266 1718 3320 τά
1745 3266 1960 3337 ἱμάτια,

2070 3263 2197 3317 tiam
2229 3262 2523 3333 acceperit.
2572 3260 2812 3316 Proinde
2858 3275 3034 3329 neque
3068 3258 3450 3314 castimoniam
3497 3274 3654 3313 suam

375 3352 473 3402 καὶ
503 3351 564 3403 τὸ
597 3352 753 3423 σῶμα
799 3354 899 3407 οὐκ
938 3354 1261 3409 ἀπόλλυσιν·
1314 3357 1699 3428 ἀποδιδράσκει
1754 3358 1846 3411 τὸν
1874 3358 1963 3411 τό-

376 3459 499 3507 πον,
529 3445 615 3497 ἴνα
649 3444 723 3517 μὴ
766 3446 907 3516 πέσῃ
940 3448 1004 3516 τῇ
1039 3446 1258 3515 παγίδιο
1295 3450 1431 3518 πρὸς
1482 3448 1671 3519 καιρὸν
1703 3450 1962 3519 τιμωρεῖ-

376 3550 502 3595 ται,
533 3534 613 3597 εἰς
650 3535 743 3587 τὸν
791 3536 963 3590 αἰῶνα
998 3536 1270 3607 βασιλεύει
1292 3554 1304 3567 ”
1338 3540 1396 3591 ἐν
1426 3537 1785 3610 δεσμωτηρίῳ
1832 3540 1960 3611 βάλ-

373 3626 526 3678 λεται
556 3665 569 3688 ,
610 3625 723 3679 ἀλλ’
764 3628 979 3699 αἱρετὸν
1008 3630 1065 3681 ἐν
1099 3629 1315 3702 φυλακῇ
1351 3629 1681 3700 καταμένειν
1711 3670 1725 3693 ,
1772 3631 1866 3686 καὶ
1904 3634 1965 3686 ἐν

374 3718 550 3788 γωνίᾳ
605 3718 872 3787 ὑπαίθρου
902 3761 915 3782 ,
972 3720 1004 3789 ἢ
1066 3720 1206 3790 μετά
1262 3721 1518 3789 γυναικὸς
1574 3722 1814 3793 μαχίμου
1870 3724 1964 3775 κα)⁸

375 3805 751 3875 γλωσσὼδους.
801 3808 911 3859 Καὶ
950 3809 1092 3861 πόσα
1124 3807 1239 3861 ἐστι
1268 3808 1485 3877 λέγεινί
1543 3810 1700 3862 Ἤτοι
1740 3809 1851 3880 γὰρ
1888 3808 1965 3872 ὡς

374 3895 547 3966 αὐτὴν
576 3894 1010 3966 προσκυνοῦντες
1036 3897 1133 3969 τὴν
1161 3898 1400 3967 Μαρίαν,
1424 3898 1561 3969 αὐτῇ
1593 3899 1963 3969 προσφέρουσι

377 3986 475 4057 τὴν
510 3986 797 4059 κολλυρίδα
832 3990 888 4041 αἰ
937 3990 1105 4061 ἀργαὶ
1153 3984 1313 4043 αὗται
1351 3990 1608 4057 γυναῖκες
1629 4006 1641 4019 ·
1673 3991 1791 4060 ἦτοι
1823 3989 1963 4062 ὑπὲρ

378 4077 550 4146 αὐτῆς
608 4076 941 4149 προσφέρειν
992 4079 1330 4149 ἐπιχειροῦσι
1392 4078 1490 4149 τὴν
1557 4079 1965 4151 προειρημένην

373 4167 583 4239 ταύτην
619 4168 827 4239 σαθρὰν
854 4169 1141 4240 κάρπωσιν
1164 4185 1177 4198 ·
1211 4171 1271 4223 τὸ
1310 4171 1414 4222 πᾶν
1450 4172 1598 4222 ἐστιν
1631 4169 1836 4241 ἠλίθιον
1872 4170 1967 4224 καὶ

378 4258 657 4328 ἀλλότριον
678 4298 692 4321 ,
726 4260 820 4312 καὶ
850 4260 913 4313 ἐκ
944 4258 1215 4331 δαιμόνων
1244 4261 1543 4331 κινήσεως,
1588 4259 1857 4332 φρύαγμά
1903 4277 1965 4314 τε

381 4348 473 4401 καὶ
518 4348 728 4419 ἀπάτη.

2064 3354 2204 3424 eripi
2265 3352 2369 3408 sibi
2427 3352 2656 3423 patitur,
2714 3366 2781 3405 ne
2836 3349 3108 3405 nobilitati
3144 3363 3260 3404 sua:
3297 3348 3654 3420 ignominiam

2066 3446 2338 3515 imponat;
2387 3444 2714 3499 vestimenta
2770 3443 3052 3513 relinquit,
3096 3450 3151 3497 et
3183 3443 3434 3512 corporis
3475 3442 3653 3513 jactu-

2067 3551 2181 3591 ram
2221 3551 2328 3590 non
2357 3534 2520 3601 facit;
2557 3536 2737 3589 locum
2766 3535 2915 3588 illum
2946 3534 3171 3599 deserit,
3207 3551 3273 3589 nc
3306 3534 3361 3587 in
3401 3534 3655 3604 laqueum

2066 3628 2307 3694 incidat;
2350 3643 2542 3698 pmuas
2589 3629 2689 3682 luit
2740 3629 2806 3682 ad
2841 3640 3101 3698 tempus,
3137 3627 3233 3682 sed
3280 3627 3333 3681 in
3387 3635 3653 3682 aeternum

2064 3727 2289 3787 regnat;
2319 3717 2373 3771 in
2425 3732 2703 3774 carcerem
2742 3718 3064 3788 emijicitur,
3110 3720 3203 3774 sed
3241 3719 3414 3772 multo
3443 3719 3654 3787 optabi-

2066 3806 2173 3859 lius
2233 3814 2319 3861 est
2364 3807 2418 3862 in
2480 3809 2732 3863 custodia
2780 3826 3034 3872 manere,
3080 3819 3134 3864 ct
3176 3809 3231 3863 in
3286 3809 3488 3878 angulo
3548 3809 3653 3863 sub

2067 3896 2181 3961 dio,
2221 3912 2385 3969 quam
2421 3914 2547 3953 cum
2593 3900 2822 3957 muliere
2879 3901 3225 3956 contentiosa
3273 3908 3327 3954 et
3364 3899 3577 3970 loquaci
3607 3901 3649 3953 ³.

2067 3986 2241 4053 Quam
2274 3990 2442 4044 multa
2474 4006 2638 4060 porro
2688 3991 2956 4048 adversus
2988 3992 3133 4047 illam
3187 3993 3419 4048 ham-sin
3469 3993 3654 4061 dispu-

2069 4079 2170 4133 tari
2216 4083 2481 4150 possunt!
2529 4080 2665 4135 Nam
2724 4091 2820 4136 aut
2849 4082 3078 4137 Mariam
3130 4084 3302 4155 ipsam
3355 4084 3651 4140 adorantes

2068 4169 2387 4240 collyridem
2430 4171 2557 4226 huic
2600 4173 2791 4228 otiosa:
2824 4173 3081 4229 mulieres
3114 4175 3381 4242 oil'erunt;
3419 4186 3513 4230 aut
3551 4192 3652 4246 pro

2070 4259 2187 4329 ipsa
2220 4260 2515 4315 absurdam
2560 4261 2706 4315 illam
2760 4271 2813 4316 et
2853 4264 3138 4318 ridiculam
3196 4265 3533 4320 oblationem
3568 4268 3653 4319 in-

2070 4358 2325 4412 stituunt.
2353 4357 2656 4428 Utrumque
2688 4374 2816 4413 vero
2849 4360 3109 4414 stolidum
3146 4370 3251 4426 est,
3266 4370 3318 4417 et
3350 4378 3380 4416 a
3401 4362 3649 4417 daamono

2072 4447 2375 4518 profectum
2428 4448 2564 4503 nihil
2601 4458 2796 4521 pra-ter
2826 4452 3253 4508 ostentationem
3292 4452 3650 4525 fraudemque

2071 4539 2327 4599 continet.

451 4614 568 4667 Ἵνα
600 4613 656 4666 δὲ
706 4612 780 4684 μὴ
817 4613 1259 4684 παρεκτείνωμαι
1294 4612 1368 4682 τῷ
1400 4613 1581 4683 λόγῳ,
1624 4613 1850 4683 ἀρκέσει
1894 4612 1960 4665 τὰ

2136 4629 2214 4684 Ne
2253 4632 2354 4684 sim
2409 4631 2644 4702 longior,
2689 4647 2814 4703 qua:
2853 4645 2982 4689 sunt
3013 4634 3279 4692 hactenus
3307 4635 3453 4691 dicta
3497 4637 3647 4693 sudi-

375 4704 643 4776 εἰρημένα
674 4705 822 4774 ἡμῖν.
868 4705 931 4756 'H
959 4704 1143 4773 Μαρία
1172 4706 1228 4756 ἐν
1269 4707 1397 4775 τιμῇ
1426 4742 1440 4768 ,
1473 4708 1501 4757 ὀ
1544 4705 1745 4776 Κύριος
1789 4722 1959 4776 προσ-

374 4795 661 4849 κυνείσθω.
715 4797 904 4849 Ούδενὶ
950 4795 1058 4866 γὰρ
1114 4792 1437 4867 ἐργάζονται
1487 4797 1533 4849 οἱ
1584 4796 1779 4851 δίκαιοι
1820 4798 1956 4851 πλά-

372 4904 491 4957 νην.
535 4888 914 4954 Ἀπειζοαστος
952 4888 1061 4956 γάρ
1090 4888 1261 4940 ἐστιν
1314 4891 1346 4940 ό
1380 4887 1522 4953 Θεὸς
1567 4889 1799 4943 κακῶν·
1838 4909 1957 4943 πει-

376 4980 532 5049 ράζει
564 4978 620 5031 δὲ
652 4980 814 5042 αὐτὸς
854 4980 1044 5031 οὐδένα
1064 5022 1077 5043 ,
1109 4979 1228 5032 οὐδὲ
1283 4980 1332 5031 oi
1365 4980 1528 5033 αὐτοῦ
1567 4981 1743 5035 δοῦλοι
1766 5022 1779 5045 ,
1821 4984 1954 5054 πρὸς

371 5072 607 5140 ἀπάτην.
661 5070 957 5135 ’Ἕκαστος
1009 5070 1078 5124 δὲ
1132 5070 1461 5139 πειράζεται
1512 5072 1581 5125 ἐκ
1636 5073 1745 5141 τῆς
1798 5075 1953 5141 ἰδίας

369 5162 685 5230 ἐπιθυμίας
739 5162 1135 5231 ἐξελκόμενος
1180 5163 1277 5216 καὶ
1332 5162 1773 5233 δελεαζόμενος.
1814 5164 1956 5220 Εἶτα

370 5256 409 5321 ἡ
469 5254 753 5324 ἐπιθυμία
816 5257 999 5310 τίκτει
1057 5259 1373 5327 ἁμαρτίαν.
1445 5258 1505 5312 Ἡ
1575 5258 1642 5310 δὲ
1699 5260 1957 5328 ἁμαρτία

368 5346 851 5400 ἀποτελεσθεῖσα
885 5346 1145 5399 ἀποκυεῖ
1178 5348 1455 5401 θάνατον.

452 5437 677 5501 Ὶκανιὶς
706 5437 762 5490 δὲ
814 5437 957 5507 ἔχειν
1005 5440 1131 5509 περὶ
1179 5442 1393 5493 πάντων
1454 5439 1657 5492 τούτων
1698 5441 1954 5511 νομίσαν-

368 5548 482 5593 τες,
534 5530 832 5600 ἀγαπητοὶ,
894 5532 990 5584 καὶ
1032 5532 1256 5603 ταύτην,
1298 5535 1372 5597 ὡς
1424 5537 1619 5599 εἰπεῖν,
1681 5535 1779 5604 τὴν
1822 5553 1952 5587 καν-

373 5620 585 5692 θαρίδα,
646 5622 744 5693 τὴν
804 5622 881 5694 τῷ
946 5621 1077 5676 εἴδει
1141 5626 1239 5695 μὲν
1290 5627 1668 5696 χρυσίζουσαν,
1741 5645 1953 5699 πτερω-

467 5779 484 5811 ί
525 5778 656 5835 Gen.
691 5798 765 5846 tu,
802 5783 848 5836 7.
947 5785 965 5812 ²
996 5782 1125 5837 Gen.
1164 5800 1348 5852 XXXIX,
1382 5785 1411 5837 7
1446 5802 1563 5855 sqq.

1645 5786 1661 5816 ³
1690 5784 1846 5841 ιἰον.
1884 5802 1994 5849 ut,
2028 5789 2079 5842 9.
2158 5785 2175 5816 ⁸
2207 5783 2319 5840 Jac.
2355 5802 2389 5851 ι,
2435 5786 2511 5841 l5.

2066 4722 2229 4777 cient.
2268 4722 2435 4777 Maria
2461 4725 2514 4778 in
2542 4724 2751 4780 honore
2782 4727 2871 4790 sit,
2908 4726 3172 4783 Dominus
3206 4728 3486 4786 adoretur.
3509 4729 3653 4786 Nam.

2057 4814 2193 4884 justi
2254 4815 2457 4869 nemini
2514 4818 2720 4871 erroris
2771 4820 3118 4873 occasionem
3172 4821 3435 4889 praebent.
3500 4819 3658 4874 Deus

2062 4907 2199 4959 enim
2257 4924 2419 4977 neque
2472 4908 2629 4961 malis
2665 4919 2898 4963 tentatur
2928 4910 2969 4975 ⁸,
3004 4925 3104 4964 nec
3156 4910 3326 4963 ullum
3370 4911 3484 4979 ipse
3509 4949 3525 4973 ,
3562 4912 3643 4963 vel

2061 5000 2180 5065 ejus
2228 5003 2369 5053 servi
2422 5001 2884 5056 circumveniendi
2937 5018 3105 5057 causa
3153 5011 3409 5056 tentant:
3469 4999 3645 5053 Unus-

2060 5088 2276 5157 quisque
2310 5105 2424 5141 vero
2457 5108 2489 5143 a
2539 5092 2754 5160 propria
2790 5092 3214 5159 concupiscentia
3258 5100 3490 5143 tentatur
3518 5096 3643 5144 abs-

2062 5186 2259 5231 tractus
2308 5179 2517 5249 1067
2576 5191 2625 5233 et
2673 5182 2899 5235 illectus.
2951 5179 3147 5233 Deinde
3220 5180 3647 5247 concupiscentia

2059 5278 2328 5333 peccatum
2362 5271 2522 5334 parit.
2556 5270 2835 5322 Peccatum
2868 5285 3005 5333 vero,
3053 5283 3169 5320 cum
3219 5280 3642 5324 consummatum

2060 5358 2241 5425 fuerit,
2274 5368 2485 5427 generat
2515 5370 2733 5413 mortem
2765 5362 2785 5391 "

2134 5450 2500 5515 Quamobrem
2535 5468 2657 5505 cum
2686 5452 2971 5519 hucusque
2997 5452 3133 5506 satis
3171 5451 3238 5505 de
3280 5452 3347 5508 iis
3383 5454 3640 5508 omnibus

2063 5539 2397 5608 disputatum
2434 5556 2463 5593 a
2515 5542 2671 5594 nobis
2719 5541 3068 5605 arbitremur,
3114 5552 3469 5614 posteaquam
3503 5558 3637 5597 ran-

2064 5630 2369 5697 tharidem,
2407 5636 2465 5683 ut
2506 5630 2580 5683 ita
2615 5629 2825 5697 dicant,
2860 5631 3043 5698 istam,
3093 5634 3275 5690 colore
3330 5634 3507 5702 fulvo,
3539 5634 3640 5690 alia

2594 5787 2612 5816 ³
2646 5785 2776 5840 ibid.
2820 5786 2903 5851 lvi,
2946 5787 3027 5843 l5.
