3986 6224
411 331 513 385 7ἵέ9

1833 347 1890 405 S.
1933 347 2278 410 El’lPtlAMl

3581 359 3682 412 τεο

409 446 592 516 gregis
635 446 866 506 studiosi
911 451 1136 521 quidam
1175 457 1544 529 scripserunt,
1579 477 1644 517 ac
1673 463 1765 518 Dei
1802 465 1966 522 laude

2100 473 2284 540 δαίων,
2311 477 2404 530 καὶ
2433 475 2708 548 εὐφημίας
2737 474 2890 540 τινάς
2921 475 3083 549 δῆθεν
3103 477 3183 542 είς
3211 476 3300 531 τὸν
3327 475 3465 531 Θεὸν
3497 480 3682 531 ποιού-

407 551 510 588 con
551 537 741 590 inunt:
797 539 1004 609 quibus
1061 561 1260 616 magno
1306 566 1442 607 sane
1481 568 1670 609 errore
1712 555 1884 612 Deum
1933 573 1994 614 se

414 627 631 692 placare
667 643 732 682 ac
785 633 1085 692 conciliare
1111 639 1218 694 sibi
1253 651 1473 712 putant.
1509 643 1708 701 Verum
1745 650 1990 715 inscitia,

410 733 532 788 qua:
557 720 828 778 obcaecata
857 742 1072 799 semper
1101 740 1208 796 est,
1241 735 1357 790 haec
1384 739 1568 792 omnia
1601 741 1824 799 miseris
1855 744 1987 808 illis,

403 825 512 876 pra:
550 812 718 868 animi
759 815 901 873 fastu
933 828 989 875 et
1013 821 1335 892 insolentia,
1373 825 1551 886 facere
1572 835 1879 904 persuadet.
1909 837 1990 892 Ac

403 903 542 960 forte
581 915 708 963 ante
738 911 962 980 aliquod
1010 923 1224 986 tempus
1265 935 1433 974 unum
1477 939 1544 976 ex
1578 903 1696 982 illis
1742 925 1990 984 aedificiis

399 993 466 1048 dc
507 998 648 1052 cmlo
679 1009 884 1057 tactum
909 1015 1028 1061 est:
1067 1009 1291 1064 ubinam
1323 1027 1450 1068 vero
1472 1016 1741 1084 gentium,
1773 1019 1988 1090 liquido

401 1087 644 1142 nondum
676 1103 931 1159 constat;
966 1104 1132 1168 atque
1166 1101 1313 1158 haud
1348 1104 1466 1160 scio
1495 1121 1562 1160 an
1607 1108 1662 1162 in
1701 1087 1988 1168 Pbmbicia

399 1179 701 1250 contigisse
730 1182 876 1240 istud
893 1187 1186 1246 audierim.
1219 1193 1363 1259 Quin
1392 1198 1558 1251 etiam
1585 1203 1836 1256 nonnulli
1875 1219 1991 1257 ma-

397 1273 668 1342 gistratus
711 1279 992 1350 religionis
1033 1285 1234 1342 ardore
1267 1286 1564 1359 ﬂagrantes
1599 1309 1765 1363 quam
1803 1297 1978 1366 pluri-

399 1379 518 1422 mos
549 1383 614 1422 ex
651 1369 759 1426 illis
795 1375 1154 1441 occiderunt,
1198 1395 1264 1434 eo
1307 1381 1452 1450 quod
1497 1386 1784 1448 veritatem
1824 1389 1986 1442 adul-

397 1460 630 1514 terando
667 1477 1106 1536 corrumperent,
1143 1479 1197 1525 et
1233 1474 1489 1531 Ecclesiae
1530 1491 1735 1534 morem
1769 1495 1982 1554 praepo-

397 1557 546 1604 slcra
573 1554 807 1622 quadam
854 1559 1164 1618 imitatione
1191 1565 1458 1622 auderent
1492 1570 1820 1640 exprimere,
1859 1589 1984 1629 cum

395 1656 572 1712 neque
605 1646 906 1704 Christiani
938 1651 1157 1709 interim
1203 1666 1411 1722 essent,
1455 1676 1632 1732 neque
1668 1661 1983 1722 Iudaeorum

393 1743 598 1790 sectam
630 1737 1038 1806 profiterentur.
1065 1744 1422 1818 Lupicianus,
1455 1753 1672 1822 Opinor,
1696 1755 1806 1811 dux
1839 1775 1982 1815 unus

2098 587 2249 640 μενοι
2277 571 2374 640 (ὡς
2395 569 2846 641 καταλεγματίων
2871 570 2966 623 καὶ
2989 571 3129 642 εύφη
3139 569 3321 641 μιῶν),
3347 569 3540 642 ὥσπερ
3557 571 3684 625 Θεὸν

2093 659 2480 732 ἐξιλεούμενοι,
2525 661 2753 724 ἑαυτοὺς
2783 662 3089 717 ἀπατῶσιν.
3138 663 3204 715 Ἦ
3235 661 3291 715 δὲ
3317 663 3569 732 ἀγνωσία
3591 681 3682 718 τυ·-

2095 751 2200 822 φλή
2233 769 2317 816 τις
2341 748 2496 817 οὖσα,
2529 752 2708 806 πάντα
2737 750 2910 805 ταῦτα
2939 751 3162 822 δοκήσει
3191 753 3424 824 οἰήσεως
3443 757 3558 818 τοῖς
3583 771 3677 808 πε-

2094 845 2456 915 πλανημένοις
2488 842 2923 915 παρασκευάζει.
2959 845 3464 918 Ἐκεραυνοϐολήθη
3491 847 3547 900 δὲ
3577 845 3682 917 πρὸ

2091 937 2284 1009 χρόνου
2319 936 2378 990 ἓν
2399 936 2510 990 τῶν
2537 935 2798 990 τοιούτων
2831 939 3402 1009 κατασκευασμάτων·
3441 939 3546 993 οὐκ
3574 939 3680 1010 ἔχω

2089 1022 2145 1074 δὲ
2185 1022 2362 1090 λέγειν
2389 1025 2446 1077 ἐν
2473 1024 2614 1095 ποίῳ
2646 1025 2816 1096 τόπῳο
2847 1026 2986 1096 τάχα
3017 1026 3074 1080 δὲ
3097 1027 3156 1080 ἐν
3179 1031 3242 1100 τῇ
3275 1028 3502 1104 Φοινίκῃ
3527 1029 3679 1084 τοῦτο

2089 1114 2426 1187 ἠκούσαμεν.
2471 1116 2632 1169 Ἀλλὰ
2669 1117 2764 1171 καί
2802 1135 2947 1182 τινες
2981 1117 3090 1172 τῶν
3129 1120 3408 1192 ἀρχόντων
3441 1121 3678 1192 ζηλωταὶ

2089 1207 2320 1272 πολλοὺς
2341 1211 2406 1261 ἐκ
2431 1208 2640 1262 τούτων
2661 1208 3013 1272 ἀπέκτειναν,
3041 1210 3132 1265 διὰ
3153 1211 3214 1264 τὸ
3235 1213 3676 1284 παραχαράττειν

2086 1299 2186 1369 τὴν
2214 1298 2493 1370 ἀλήθειαν,
2531 1300 2624 1354 καὶ
2645 1301 3060 1373 ἁντιμιμεῖσθαι
3097 1302 3428 1374 Ἑκκλησίας
3455 1303 3672 1376 τρόπον,

2091 1391 2166 1463 μὴ
2201 1391 2360 1456 δντας
2394 1391 2784 1459 Χριστιανοὺς,
2831 1394 2970 1465 μήτε
3003 1393 3066 1458 ἐξ
3113 1393 3387 1448 Ἰουδαίων
3417 1397 3673 1468 ὁρμωμέ-

2087 1501 2230 1546 νους.
2256 1471 2419 1554 Οἶμαι
2433 1481 2488 1538 δὲ
2533 1484 2903 1550 Λουπικιανὺς
2927 1488 2955 1539 ό
2979 1486 3356 1560 στρατηλάτης
3379 1481 3460 1551 εἷς
3487 1483 3556 1560 ἦν
3571 1489 3672 1542 τῶν

2085 1577 2211 1640 τοὺς
2236 1576 2434 1640 αὐτοὺς
2474 1576 2802 1650 Εὐφημίτας
2828 1577 2938 1632 τῶν
2979 1578 3250 1650 Ἑλλήνων
3279 1587 3668 1652 τιμωρησαρέ·

2086 1663 2286 1729 νων-ἐξ
2325 1660 2395 1738 ἦς
2435 1665 2768 1737 προφάσεως
2804 1666 2948 1740 ἐφύη
2995 1667 3160 1722 πάλιν
3211 1667 3398 1731 αὐτοῖς
3447 1667 3669 1739 δευτέρα

2085 1755 2280 1828 πλάνη.
2313 1756 2588 1822 Λαϐόντες
2609 1759 2720 1830 γάρ
2749 1777 2897 1823 τινες
2917 1759 2988 1813 τά
3017 1757 3128 1813 τῶν
3153 1758 3278 1812 τότε
3307 1759 3670 1814 ἀποκτανθέν-

390 1839 456 1878 ex
489 1825 576 1881 his
617 1827 740 1893 fuit,
769 1831 864 1902 qui
900 1833 954 1888 in
993 1833 1348 1906 Euphemitas
1395 1841 1704 1900 istiusmodi
1741 1850 1971 1918 gentiles

2081 1864 2188 1902 των
2225 1825 2452 1920 σώματα
2494 1849 2582 1904 διὰ
2763 1850 3025 1922 τοιαύτην
3067 1851 3390 1922 Ἑλληνικὴν
3421 1851 3664 1923 ἀνομίαν,

394 1916 948 1990 animadverlerunt:
979 1942 1085 1996 qua
1118 1945 1182 1983 ex
1218 1932 1510 1990 oecasione
1543 1951 1686 1991 nova
1719 1916 1860 1993 facta
1893 1949 1976 1996 est

390 2008 600 2066 erroris
627 2015 891 2070 accessio.
922 2017 1158 2083 Quidam
1201 2024 1347 2078 enim
1385 2040 1577 2081 eorum
1617 2029 1712 2099 qui
1743 2031 1814 2086 ob
1843 2049 1975 2101 gen-

393 2095 548 2152 tilcm
585 2100 746 2156 istam
779 2104 1114 2176 impietatem
1153 2111 1432 2170 interfecti
1457 2095 1698 2185 fuerant,
1737 2095 1996 2194 corpora

394 2191 564 2248 certis
592 2193 645 2247 in
673 2194 808 2252 locis
832 2199 1179 2269 sepelientes,
1209 2205 1320 2260 illic
1344 2209 1564 2264 easdem
1599 2211 1726 2269 illas
1788 2191 1976 2270 laudes

2083 1939 2177 1994 καὶ
2205 1939 2476 2010 θάψαντες
2499 1941 2556 1994 ἔν
2591 1959 2700 1996 τισι
2731 1943 2937 2008 τόποις,
2974 1945 3090 1996 ἐκεῖ
3125 1943 3289 1998 πάλιν
3319 1943 3387 1998 τὰ
3420 1943 3560 1998 αὐτὰ
3584 1943 3667 1997 sb-

2082 2035 2240 2107 φημά
2274 2052 2335 2089 τε
2370 2035 2697 2102 ἐπιτελοῦσι,
2735 2037 2828 2090 καὶ
2857 2036 3282 2109 Μαρτυριανοῦς
3321 2037 3551 2102 ἑαυτοὺς
3577 2038 3666 2090 ἐπ-

2081 2127 2389 2198 ωνόμασαν,
2423 2127 2582 2199 δῆθεν
2621 2128 2709 2183 διὰ
2741 2130 2868 2193 τοὺς
2911 2128 3053 2200 ὑπὲρ
3102 2127 3213 2182 τῶν
3246 2128 3484 2182 εἰδώλων
3522 2146 3660 2200 μαρ-

2079 2233 2144 2269 τυ
2153 2218 2446 2290 ρήσαντας.

390 2285 731 2358 hymnosque
789 2292 1084 2350 decantant
1117 2307 1171 2353 et
1213 2299 1577 2374 Martyrianos
1651 2309 1914 2379 appellari
1986 2325 2046 2367 se
2085 2285 2299 2378 volunt,
2343 2321 2568 2384 prepter
2622 2311 2748 2368 illos
2781 2311 3073 2378 videlicet,
3112 2313 3206 2385 qui
3267 2313 3338 2369 ob
3399 2313 3662 2369 idolorum

387 2379 595 2434 cultum
629 2385 954 2456 martyrium
988 2387 1252 2445 fecerant.

462 2470 679 2543 1069
729 2473 814 2530 ΙΙΙ.
865 2476 970 2532 Sed
1005 2495 1194 2536 eorum
1243 2499 1434 2542 rursus
1477 2489 1569 2544 alii
1605 2491 1771 2548 altius
1807 2494 1970 2564 quid-

387 2557 511 2613 dam
569 2577 670 2632 pro
714 2567 962 2624 stultitia:
1005 2587 1118 2626 suae
1159 2583 1322 2644 captu
1359 2581 1736 2651 cencipientcs
1766 2557 1970 2648 animo,

387 2666 452 2704 ac
495 2653 628 2707 nihil
665 2667 862 2725 praeter
904 2671 1142 2718 mentem
1193 2681 1350 2722 suam
1395 2670 1451 2725 in
1482 2675 1772 2729 consilium
1820 2677 1974 2732 adbi-

387 2745 602 2810 bcntes,
637 2749 854 2818 jactare
884 2753 1029 2810 istud
1059 2759 1181 2812 ausi
1223 2770 1379 2816 sunt:
1408 2763 1662 2832 Satanas,
1695 2768 1968 2840 inquiunt,

387 2851 619 2908 magnus
662 2843 881 2910 quidam
915 2855 1019 2913 est,
1043 2863 1106 2904 ac
1146 2850 1306 2923 longe
1358 2856 1715 2924 fortissimus,
1754 2871 1808 2917 et
1830 2864 1972 2918 mala

385 2945 548 3022 quam
569 2933 806 3002 plurima
832 2937 1146 2999 homimbus
1182 2945 1394 3017 infligit.
1425 2949 1538 3004 Cur
1565 2952 1730 3022 igitur
1760 2970 1869 3009 non
1904 2957 1967 3009 ad

385 3015 533 3078 hunc
573 3027 758 3096 potius
784 3032 1161 3104 confugimus,
1214 3046 1267 3092 et
1297 3055 1420 3095 eum
1453 3043 1768 3112 adoramus,
1805 3055 1968 3118 atque

385 3115 593 3173 honore
634 3122 1134 3197 pratdicationeque
1173 3145 1521 3198 veneramur,
1568 3146 1628 3191 ιιι
1663 3139 1967 3196 adulatorie

2147 2491 2220 2544 I".
2252 2489 2433 2545 Ἀλλοι
2480 2493 2536 2545 δὲ
2585 2490 2750 2545 πάλιν
2795 2492 2859 2546 ἐκ
2898 2492 3103 2546 τούτων
3148 2491 3228 2545 ἐτι
3276 2491 3574 2564 βαθύτερόν
3613 2511 3666 2547 τι

2074 2583 2464 2655 διανοούμενοι,
2499 2583 2576 2647 ὡς
2626 2584 2767 2637 κατὰ
2809 2584 2910 2654 τὴν
2961 2583 3140 2637 αὐτῶν
3200 2584 3474 2655 εὐήθειαν,
3531 2601 3666 2655 συμ-

2075 2679 2254 2750 ϐούλῳ
2289 2681 2357 2750 τῇ
2405 2677 2616 2750 διανοίᾳ
2657 2677 2954 2750 χρώμενοι,
3006 2674 3188 2732 εἷπον·
3245 2696 3266 2730 ι
3314 2679 3372 2732 Ὁ
3421 2679 3666 2739 Σατανᾶς

2080 2770 2252 2840 μέγας
2274 2771 2413 2832 ἐστὶ,
2435 2770 2530 2822 καὶ
2557 2769 2920 2841 ἰσχυρότερος,
2944 2769 3040 2823 καὶ
3064 2768 3236 2823 πολλὰ
3258 2767 3498 2821 ἐπιτελεί
3521 2769 3666 2822 κακὰ

2077 2865 2190 2926 τοῖς
2215 2860 2544 2934 ἀνθρώποις.
2581 2861 2679 2914 Διὰ
2707 2861 2759 2914 τί
2785 2861 2854 2914 οὔ
2883 2861 3083 2931 μᾶλλον
3113 2861 3250 2932 πρὸς
3277 2859 3468 2913 τοῦτον
3499 2875 3666 2913 κατα-

2079 2953 2372 3024 φεύγομεν,
2421 2953 2515 3006 καὶ¹
2547 2951 2694 3023 αὖτῷ
2732 2951 3172 3023 προσκυνοῦμεν,
3213 2952 3376 3005 αὐτόν
3408 2968 3464 3004 τε
3495 2951 3664 3022 τιμῶ-

2079 3062 2202 3118 μεν,
2237 3045 2331 3098 καὶ
2364 3043 2524 3098 αὐτὸν
2562 3041 2939 3115 εὐφημοῦμεν,
2969 3044 3058 3098 ἵνα
3095 3043 3183 3097 διὰ
3214 3043 3313 3114 τῆς
3344 3041 3664 3097 κολακευτι-

2076 3139 2180 3209 κῆς
2220 3137 2514 3208 θεραπείας
2560 3137 2634 3208 μὴ
2683 3137 2955 3210 ὲνεργήσῃ
2992 3138 3122 3208 ἡμῖν
3155 3134 3225 3190 τὰ
3267 3138 3502 3210 πονηρὰ,
3549 3135 3662 3190 ἀλλ’

383 3209 478 3264 illo
502 3211 653 3266 cultu
689 3216 1018 3275 conciliatus
1053 3237 1252 3278 nocere
1275 3225 1518 3290 desinat,
1576 3229 1688 3286 imo
1711 3245 1842 3286 vero
1871 3248 1968 3288 no-

2076 3228 2143 3293 ὡς
2176 3229 2380 3282 δούλων
2419 3228 2581 3282 αὑτοῦ
2629 3209 2786 3301 ἡμῶν
2825 3229 3150 3298 γεγονότων,
3185 3229 3339 3298 φασὶ,
3375 3209 3620 3299 φείδεται
3643 3229 3661 3260 ⁸

383 3308 596 3368 strum,
655 3303 944 3376 inquiunt,
991 3315 1149 3382 quasi
1204 3331 1488 3372 servorum
1514 3335 1762 3388 suorum,
1800 3324 1970 3378 ratio-

381 3407 508 3447 nem
559 3391 756 3449 habeat
830 3405 884 3452 et
939 3401 1227 3472 ignoscat?
1295 3406 1438 3477 Ergo
1498 3408 1576 3462 illi
1641 3407 1969 3467 Satanianos

381 3485 714 3556 setnetipsos
746 3491 1040 3559 appellant.
1075 3495 1318 3562 Quorum
1363 3500 1596 3556 hteresin
1647 3517 1770 3558 cum
1803 3519 1967 3573 supe-

381 3577 624 3634 rioribus
668 3580 799 3646 illis,
853 3583 921 3639 de
974 3587 1176 3656 quibus
1213 3589 1472 3662 deinceps
1522 3593 1699 3648 acturi
1752 3611 1964 3660 sumus,

381 3669 822 3741 conjungendam
861 3680 1193 3746 putavimus.
1231 3681 1500 3747 Quoniam
1529 3687 1748 3756 utrique
1771 3703 1800 3741 a
1826 3690 1971 3744 veri-

381 3765 492 3814 tate
520 3759 895 3821 desciscentes
927 3767 1068 3822 idem
1105 3770 1252 3828 foras
1283 3773 1590 3843 prodeundi
1637 3785 1691 3832 ct
1743 3779 1845 3833 sub
1875 3779 1968 3834 dio

379 3852 642 3917 precandi
695 3869 758 3908 ac
803 3858 1035 3914 canendi
1085 3861 1400 3918 institutum
1445 3871 1653 3921 tenent.
1697 3867 1963 3923 Caeterum

380 3938 495 3993 hinc
554 3943 736 3996 omnia
789 3945 1008 4002 ludibrii
1053 3956 1109 4002 ct
1169 3950 1491 4020 ineptiarum
1538 3955 1718 4023 plena,
1777 3955 1963 4012 damni

379 4029 512 4082 nihil
543 4030 838 4087 admodum
875 4034 1170 4102 habebant,
1205 4055 1382 4112 neque
1407 4057 1434 4096 a
1469 4043 1697 4098 veritate
1727 4054 1962 4102 mentem

379 4121 654 4179 abducere
677 4133 932 4194 poterant
971 4148 983 4182 :
1027 4145 1134 4184 non
1167 4131 1314 4186 enim
1349 4134 1670 4199 Christiani,
1702 4137 1797 4192 sed
1831 4139 1965 4193 meri

377 4214 631 4283 gentiles,
683 4216 1044 4276 habebantur.
1069 4221 1136 4276 At
1169 4224 1262 4293 qui
1303 4225 1463 4281 hodie
1509 4226 1824 4283 Massaliani
1865 4245 1961 4283 ro-

377 4315 610 4368 cantur,
644 4307 837 4365 iisdem
889 4313 1134 4369 moribus
1179 4329 1243 4369 ac
1274 4315 1473 4372 ritibus
1507 4317 1746 4381 addicti,
1787 4335 1964 4390 neque

375 4397 619 4464 initium,
679 4415 856 4470 neque
892 4401 1076 4469 linem,
1125 4419 1303 4475 neque
1342 4414 1526 4478 caput,
1575 4417 1671 4462 aut
1721 4409 1960 4466 radicem

375 4486 579 4542 habent
607 4489 804 4556 ullam;
857 4492 951 4546 sed
1010 4493 1130 4548 sine
1164 4493 1520 4551 fundamento
1585 4511 1648 4552 ac
1689 4499 1962 4569 principio

2073 3319 2270 3391 ήμῶνς
2331 3320 2443 3374 Καὶ
2499 3319 2644 3374 οὕτω
2693 3319 2788 3373 καὶ
2833 3316 2979 3375 οὗτοι
3017 3321 3386 3382 Σατανιανοὺς
3437 3319 3664 3383 ἑαυτοὺς

2072 3411 2453 3481 ἐπωνόμασαν.
2496 3409 2664 3480 Ὁμοῦ
2693 3409 2750 3464 δὲ
2781 3411 2987 3465 τούτων
3013 3412 3113 3482 τὴν
3144 3411 3357 3482 αἵρεσιν
3393 3412 3452 3464 ὲν
3483 3409 3659 3482 τούτῳ

2073 3499 2452 3571 συνεθήκαμεν
2479 3501 2573 3554 καὶ
2600 3501 2728 3564 τοὺς
2757 3501 3216 3574 προειρημένους,
3251 3502 3544 3574 μέλλοντας
3574 3503 3659 3570 ὑφ’

2070 3589 2228 3660 ἡμῶν
2256 3592 2374 3644 νυνὶ
2400 3589 2676 3660 λέγεσθαι.
2715 3591 2934 3663 Ἐπειδὴ
2969 3591 3078 3664 γὰρ
3107 3593 3177 3647 τὰ
3201 3592 3290 3646 ἴσα
3317 3595 3374 3647 ἐν
3409 3593 3659 3664 ὑπαίθρῳ

2069 3681 2410 3752 ἐξαγόμενοι,
2442 3681 2548 3748 ἔξω
2591 3683 2886 3755 βεϐηκότες
2917 3684 3017 3754 τῆς
3050 3685 3330 3755 ἀληθείας,
3361 3685 3453 3739 ἐπὶ
3485 3685 3545 3740 τὸ
3570 3685 3656 3738 εῦ-

2068 3774 2281 3845 χεσθαι,
2335 3777 2430 3830 καὶ
2479 3776 2672 3847 ὑμνεῖν
2720 3777 3115 3846 ἐσχολάκασιψ
3158 3777 3295 3831 ἀλλὰ
3331 3779 3508 3833 πάντα
3561 3779 3656 3849 μὲν

2065 3863 2237 3917 ταῦτα
2267 3863 2637 3936 περιγέλαστα
2673 3864 2803 3919 ὅντα
2839 3865 3049 3938 ἀϐλαϐῆ
3081 3867 3364 3938 ἐτύγχανε,
3399 3869 3474 3940 μὴ
3501 3867 3654 3923 δυνά-

2072 3972 2208 4026 μενα
2249 3957 2635 4029 παρεκκλίνειν
2676 3957 2766 4012 τὸν
2812 3957 2936 4012 νοῦν
2983 3959 3092 4013 ἀπὸ
3125 3961 3225 4032 τῆς
3267 3961 3521 4032 ἀληθείας
3545 3979 3562 3995 ο
3591 3961 3650 4015 οὗ

2067 4046 2176 4119 γὰρ
2197 4050 2276 4112 εἰς
2298 4049 2468 4120 ὄνομα
2496 4050 2734 4122 Χριστοῦ
2761 4051 3008 4120 ἐλέγοντο
3041 4048 3202 4116 εἶναι,
3231 4053 3368 4108 ἀλλὰ
3395 4055 3650 4126 ’Έλληνες

2065 4139 2129 4192 τὸ
2160 4143 2304 4194 πᾶν
2336 4141 2431 4195 νῦν
2463 4141 2519 4195 δὲ
2570 4143 2668 4195 ἀπ’
2706 4143 2932 4197 ἐκείνων
2975 4143 3082 4196 τῶν
3120 4145 3338 4216 τρόπων
3383 4140 3530 4200 οὗτοι
3559 4145 3650 4200 νῦν

2068 4231 2392 4304 καλούμενοι
2435 4233 2830 4297 Μασσαλιανοὶ,
2871 4229 2946 4288 ὧν
2976 4234 3100 4289 οὔτε
3141 4237 3304 4308 ἀρχὴ,
3331 4237 3454 4292 οὔτε
3481 4239 3645 4303 τέλος,

2065 4323 2187 4377 οὕτε
2216 4327 2450 4395 κεφαλὴ,
2485 4327 2612 4379 οὔτε
2661 4327 2815 4399 ῥίζα·
2847 4328 2982 4382 ἀλλὰ
3017 4328 3085 4382 τά
3115 4329 3292 4384 πάντα
3323 4332 3460 4384 εἰσὶν
3486 4333 3646 4404 ἀσςήο

2071 4435 2264 4488 ρικτοι,
2293 4418 2388 4472 καὶ
2415 4419 2768 4490 ἄναρχοι,καὶ
2795 4421 3158 4493 ἠπατημένοι,
3187 4422 3260 4494 μὴ
3281 4421 3498 4493 ἔχοντες
3518 4423 3649 4486 ὅλως

2067 4509 2372 4581 στηριγμδν
2415 4509 2699 4579 ὀνόματος,
2735 4510 2766 4582 ἢ
2813 4510 3038 4582 θεσμοῦ,
3084 4513 3117 4583 ἦ
3161 4511 3384 4577 θέσεως,
3420 4513 3452 4582 ἢ
3494 4532 3649 4586 νομο-

375 4592 606 4644 prorsus
649 4577 911 4634 inconditi
933 4591 1082 4646 sunt,
1115 4591 1168 4638 et
1189 4586 1513 4656 gravissimo
1543 4587 1595 4642 in
1622 4603 1808 4644 errore
1834 4605 1957 4643 vcr-

2076 4596 2271 4662 )εσίας,
2320 4599 2548 4653 Δοκοῦσι
2596 4601 2776 4654 τοίνυν
2824 4593 2970 4656 οὗτοι
3019 4605 3308 4658 ἐπιτοαυτὸ
3352 4605 3546 4678 ἄνδρες
3591 4623 3646 4660 τε

377 4675 618 4722 santur:
664 4677 852 4739 utpote
902 4673 994 4742 qui
1031 4675 1182 4728 nullo
1225 4693 1402 4747 neque
1446 4678 1722 4743 nominis,
1781 4694 1958 4749 neque

376 4759 703 4825 sanctionis,
769 4777 948 4831 neque
1001 4765 1278 4834 regionis,
1329 4784 1506 4838 neque
1550 4770 1728 4837 legum
1775 4769 1958 4824 firma-

371 4857 560 4905 mento
597 4850 967 4917 continentur.
1004 4852 1083 4907 llli
1109 4855 1276 4926 igitur
1309 4857 1363 4910 in
1411 4873 1580 4911 unum
1620 4859 1793 4913 coacti
1845 4869 1954 4913 tam

371 4941 668 5014 viri,quam
692 4943 972 5009 mulieres,
989 4946 1211 5004 credere
1238 4949 1290 5002 in
1311 4949 1590 5004 Christum
1609 4951 1880 5018 videntur,
1900 4970 1963 5008 ac

373 5050 436 5088 se
458 5035 663 5092 mundo
709 5038 1132 5094 renuntiassc'et
1161 5057 1258 5096 sua
1291 5043 1474 5096 omnia
1492 5043 1806 5101 deseruisse
1833 5063 1958 5116 pro-

376 5137 616 5179 ﬁtemur.
644 5123 782 5179 Tum
819 5141 947 5182 vero
980 5129 1297 5197 promiscue
1329 5146 1494 5202 sexus
1523 5133 1806 5205 utriusque
1835 5137 1961 5192 dor-

374 5216 608 5274 mientes
639 5232 832 5274 omnes
865 5217 919 5274 in
951 5221 1375 5290 spatiosissimis
1405 5225 1540 5279 vicis
1583 5243 1680 5295 per
1713 5237 1955 5284 aestatem

369 5307 586 5378 iacent;
612 5309 756 5380 quod
779 5325 840 5366 sc
861 5312 1159 5382 quidquam
1187 5316 1238 5370 in
1269 5324 1414 5370 terra
1439 5319 1720 5387 possidere
1743 5335 1958 5393 negent.

376 5397 553 5456 Saluti
601 5419 764 5473 porro
818 5423 881 5461 ac
917 5409 1038 5477 vagi
1081 5417 1234 5472 sunt,
1287 5418 1341 5463 et
1399 5426 1596 5467 manus
1643 5412 1709 5466 ad
1763 5414 1959 5484 stipem

377 5494 680 5564 porrigunt,
715 5498 941 5566 perinde
971 5515 1034 5554 ac
1061 5501 1205 5554 victu
1232 5505 1284 5554 ct
1314 5503 1662 5570 possessione
1689 5516 1956 5562 carentes.

377 5579 482 5636 Sed
515 5599 702 5640 eorum
733 5605 1015 5647 sermones
1048 5593 1403 5648 stoliditatem
1431 5609 1647 5650 omnem
1674 5607 1955 5666 superant.

442 5737 460 5770 ⁸
491 5735 551 5793 F.
581 5741 846 5810 φείδηται.

2069 4691 2161 4742 καὶ
2201 4693 2456 4758 γυναῖκες
2486 4693 2646 4764 δῆθεν
2690 4696 2770 4760 εἰς
2805 4697 3038 4768 Χριστὸν
3073 4699 3516 4764 πεπιστευκέναι,
3557 4699 3644 4753 λέο

2065 4798 2276 4847 γοντες,
2313 4781 2392 4847 ὡς
2433 4784 2836 4856 ἀποταξάμενοι
2871 4788 2948 4858 τῷ
2981 4789 3192 4861 κόσμῳ,
3227 4791 3459 4846 καὶτῶν
3507 4791 3646 4846 ἰδίων

2064 4872 2550 4944 ἀνακεχωρηκοτες
2573 4897 2582 4907 ·
2608 4879 2743 4948 ὁμοῦ
2761 4881 2816 4933 δὲ
2835 4881 3038 4952 ἀναμὶξ
3063 4881 3254 4954 ἄνδρες
3278 4883 3394 4954 ἅμα
3410 4883 3643 4952 γυναιξὶ,

2065 4966 2156 5017 καὶ
2181 4970 2440 5034 γυναῖκες
2464 4967 2582 5040 ἃμα
2594 4971 2854 5044 ἀνδράσιν
2875 4974 3162 5028 ἐπιτοαυτδ
3191 4973 3564 5042 καθεύδοντες,
3589 4979 3644 5030 ἐν

2063 5055 2266 5126 ῥύμαις
2305 5059 2404 5129 μὲν
2449 5061 2755 5128 πλατείαις,
2783 5066 3020 5134 ὁπηνίκα
3049 5065 3242 5138 θέρους
3269 5065 3388 5137 ὥρα
3412 5068 3520 5138 εἴη,
3560 5068 3644 5122 διὰ

2059 5145 2223 5217 τὸσμὴ
2254 5147 2421 5216 ἔχειν,
2457 5153 2612 5221 φησὶ,
2645 5154 2831 5224 κτῆμα
2861 5157 2952 5208 ἐπὶ
2978 5156 3079 5226 τῆς
3103 5157 3228 5227 γῆς.
3268 5157 3640 5213 ’Λκὼλυτοιδέ

2061 5239 2186 5301 εἱσι,
2221 5239 2314 5293 καὶ
2347 5241 2649 5298 ἐκτείνουσι
2677 5249 2867 5320 χεῖρας
2894 5252 3168 5318 μεταιτεῖν
3199 5249 3274 5313 ὡς
3303 5249 3530 5307 ἀϐίωτοι
3555 5253 3644 5304 καὶ

2061 5329 2389 5400 ἁκτήμονες.
2417 5334 2480 5385 Οἱ
2501 5334 2555 5386 δὲ
2578 5335 2724 5404 λόγοι
2747 5337 2927 5391 αὐτῶν
2954 5339 3208 5408 ἀφρόνων
3233 5339 3512 5401 ἐπέκεινα,
3549 5343 3641 5395 Ὃν

2059 5421 2102 5473 δ’
2134 5421 2199 5474 ἄν
2225 5441 2348 5477 τινα
2376 5427 2729 5500 ἐπερωτήσῃς
2757 5429 2816 5493 ἐξ
2851 5429 3030 5484 αὐτῶν
3065 5427 3408 5502 ὁρμώμενον,
3439 5431 3642 5483 ἐκεῖνον

2059 5513 2248 5566 ἑαυτὸν
2277 5517 2494 5585 φάσκει,
2529 5516 2640 5573 οἷον
2673 5521 2716 5574 δ’
2747 5522 2813 5575 ἂν
2852 5521 3074 5586 ἐθέλοις.
3117 5523 3272 5576 Ἤτοι
3297 5521 3408 5592 γὰρ
3434 5522 3636 5593 προφή-

2058 5619 2156 5674 την
2221 5605 2413 5672 εἴποις,
2485 5609 2749 5679 λέξουσιν,
2821 5611 2900 5665 ὅτι
2961 5611 3258 5682 Προφήτης
3313 5609 3466 5682 εἰμι·
3524 5609 3642 5681 ἦτοι
