3986 6224
299 354 394 410 ἳϐι

963 357 1332 418 ADVERSUS
1373 361 1713 418 "IERESES
1751 363 1881 420 LIB.
1923 363 2010 421 lll.
2051 364 2214 422 TOM.
2252 364 2315 422 ll.
2355 397 2424 408 —
2463 365 2737 423 IIERES.
2777 365 2987 422 LXXX.

3479 365 3585 429 7(ῗὲ

299 470 534 542 Χριστὸν
596 469 662 523 ἂν
705 469 997 546 όνομάσῃς.
1055 476 1276 546 φάσκει,
1326 479 1406 532 ὅτι
1460 482 1695 551 Χριστός
1747 484 1897 553 εἰμι·

2004 483 2398 555 Quemcunque
2426 485 2572 539 enim
2603 501 2667 538 ex
2701 484 2811 540 illis
2851 483 3295 556 interrogaveris,
3333 484 3492 542 talem
3525 501 3583 540 se

299 561 418 633 ἦτοι
454 563 820 636 πατριάρχην,
851 567 912 618 τὸ
943 569 1080 622 αὐτὸ
1102 571 1294 624 ἑαυτὸν
1327 572 1585 641 ὀνομάζει
1617 573 1851 638 ἀναιδῶς
1873 593 1886 606 -

300 653 424 725 ἢτοι
466 652 720 724 ἄγγελον,
757 657 852 710 καὶ
896 659 1088 714 ἑαυτὸν
1121 662 1288 731 λέγει.
1331 665 1441 717 Καὶ
1493 665 1678 729 ἁπλῶς
1721 666 1766 718 ὣ
1793 667 1892 737 τῆς

295 742 408 796 τῶν
451 744 759 816 ἀνθρώπων
809 751 1317 824 ματαιοφροσύνηςί
1356 754 1629 826 Νηστείαν
1676 757 1732 810 δὲ
1783 757 1892 810 οὐδ’

295 835 439 900 ὅλως
467 837 677 891 οἴδασιν
694 853 708 866 ·
736 839 872 893 ἀλλά
900 841 1060 914 δῆθεν
1090 847 1170 908 είς
1199 846 1298 916 τὴν
1321 847 1488 918 εὐχὴν
1509 848 1888 918 ὲσχολακότες,

296 930 394 980 καὶ
421 929 529 982 ἀπὸ
551 930 702 1003 ὧρας
739 933 1018 1007 δευτέρας,
1053 936 1086 1008 ἦ
1124 939 1333 1012 τρίτης,
1362 943 1394 1012 ἢ
1436 943 1531 995 καὶ
1569 943 1669 1014 τὴν
1699 943 1889 1007 νύκτα,

297 1021 396 1075 ὲάν
443 1022 691 1092 φθάσωσι
740 1029 1028 1093 πεινᾶσαι,
1081 1031 1259 1084 πάντα
1311 1032 1483 1097 ἀδεῶς
1529 1034 1890 1106 ἐργάζονται,

294 1115 571 1182 ἐσθίοντες
629 1121 724 1174 καὶ
762 1122 1029 1187 πίνοντες.
1064 1125 1200 1198 Περὶ
1241 1127 1297 1180 δὲ
1340 1129 1697 1201 αἰσχρότητπ
1729 1129 1762 1200 ἢ
1799 1131 1894 1183 λα-

295 1211 485 1280 γνείας
511 1214 572 1266 οὐ
603 1215 746 1269 πάνυ
782 1233 832 1270 τι
862 1218 1097 1290 δύναμαι
1125 1221 1349 1275 είδέναι.
1383 1223 1530 1295 Πλὴν
1560 1224 1680 1278 οὐδὲ
1701 1223 1890 1278 τούτου

297 1304 436 1356 εἰσὶν
463 1305 802 1373 ἀποδέοντες,
837 1310 1072 1380 μάλιστα
1103 1313 1392 1367 ὲπιτοαυτὺ
1420 1317 1572 1387 κοινῇ
1607 1316 1666 1368 τὸ
1704 1318 1888 1372 κοιτά-

296 1394 414 1460 ζειν
459 1399 755 1471 ἐσχηκότες
797 1403 915 1473 ἅμα
944 1405 1160 1472 γυναιξὶ
1198 1406 1292 1460 καὶ
1331 1407 1607 1478 ἀνδράσιν.
1645 1403 1804 1464 Οὗτοι
1833 1410 1888 1463 δὲ

298 1493 394 1544 καὶ
421 1493 480 1545 ὲν
524 1493 824 1568 Ἀντιοχείᾳ
855 1498 990 1551 είσὶν
1015 1498 1122 1552 ἀπὸ
1149 1500 1248 1570 τῆς
1273 1500 1464 1572 Μέσης
1495 1499 1602 1556 τῶν
1627 1503 1890 1575 ποταμῶν

296 1581 632 1654 ὁρμώμενοι.

1991 578 2207 646 qualem
2255 579 2518 642 volueris,
2581 592 2704 631 esse
2764 575 3041 632 fatebitur.
3101 577 3227 631 Sive
3257 577 3580 647 prophetam

1990 669 2218 736 dixeris,
2261 670 2556 740 prophetas
2605 683 2664 724 se
2710 684 2833 724 esse
2870 669 3090 737 dicent;
3149 672 3265 724 sive
3302 669 3582 724 Christum

1991 763 2265 824 nomines,
2311 762 2592 818 Christum
2640 779 2700 818 se
2746 779 2870 818 esse
2899 765 3128 833 quilibet
3185 763 3578 835 respondebit;

1991 855 2107 910 sive
2131 855 2526 926 patriarcham,
2560 855 2666 910 hoc
2701 857 2880 926 ipsum
2923 856 3026 911 sibi
3059 869 3259 910 nomen
3294 856 3580 925 impuden-

1992 955 2075 1002 ter
2113 948 2416 1014 attribuet;
2455 947 2568 1003 sive
2602 948 2857 1018 angelum
2889 947 3149 1018 denique,
3184 948 3345 1002 talem
3377 962 3436 1002 se
3470 963 3578 1001 non

1990 1039 2260 1094 dubitabit
2301 1055 2571 1095 asserere.
2615 1037 2660 1095 0
2705 1039 3038 1111 singularem
3083 1039 3363 1094 hominum
3395 1055 3582 1095 vecora

1989 1132 2173 1186 (liam!
2214 1131 2369 1198 Quod
2430 1135 2497 1187 ad
2539 1132 2812 1202 jejunium
2849 1147 2980 1187 vero
3014 1140 3246 1202 spectat,
3310 1132 3411 1185 hoc
3438 1131 3580 1202 apud

1990 1221 2114 1276 illos
2155 1222 2365 1278 nullum
2414 1229 2498 1276 est
2536 1221 2782 1276 omnino.
2820 1219 3023 1277 Verum
3080 1221 3180 1275 toti
3227 1219 3485 1274 videlicet
3525 1221 3580 1274 in

1989 1315 2266 1369 orationes
2291 1314 2504 1378 intenti,
2531 1330 2562 1368 a
2593 1315 2833 1369 secunda
2863 1315 3092 1369 tertiave
3123 1313 3277 1377 hora,
3304 1313 3387 1367 vel
3415 1314 3581 1367 etiam

1991 1413 2184 1470 noctu,
2226 1408 2271 1462 si
2309 1407 2578 1470 esuriant,
2623 1405 2837 1476 1070
2873 1405 3010 1460 nihil
3051 1420 3159 1459 non
3191 1420 3290 1475 pro
3321 1420 3418 1459 sua
3457 1403 3585 1458 libi-

1992 1500 2121 1556 dine
2171 1498 2398 1561 faciunt,
2456 1513 2520 1551 ac
2554 1498 2678 1552 cibo
2727 1507 2967 1568 potuque
3015 1514 3074 1554 se
3113 1497 3471 1568 ingurgitant.
3510 1493 3584 1551 De

1995 1593 2212 1648 illorum
2240 1591 2583 1662 turpitudine
2615 1607 2679 1646 ac
2713 1591 2930 1661 flagitiis
2963 1589 3100 1644 nihil
3132 1597 3284 1645 certo
3314 1590 3579 1658 comperi.

297 1678 404 1734 Sed
447 1682 516 1734 ab
563 1683 631 1739 iis
682 1699 1028 1757 nequaquam
1071 1688 1373 1746 abhorrere
1399 1691 1482 1746 vel
1522 1707 1712 1747 eorum
1763 1691 2106 1748 consuetudo
2138 1691 2452 1762 persuadet,
2506 1704 2615 1761 qua
2671 1690 2981 1760 promiscue
3039 1687 3145 1742 viri
3205 1702 3329 1741 cum
3386 1685 3582 1739 mulie-

297 1776 454 1833 ribus
497 1779 720 1834 cubant.
773 1779 1043 1838 Caeterum
1104 1785 1413 1842 Antiochia:
1466 1803 1687 1859 quoque
1741 1788 1901 1844 sedes
1936 1788 2161 1852 habent,
2201 1802 2312 1858 quo
2341 1802 2370 1841 e
2406 1783 2798 1854 Mesopotamia
2831 1797 2952 1837 sese
2973 1781 3344 1835 contulerunt.

370 1874 444 1925 A'.
477 1872 675 1943 Ἕσχον
708 1873 763 1928 δὲ
797 1875 854 1929 τὸ
891 1875 1152 1950 βλαϐερὸν
1180 1879 1339 1934 τοῦτο
1370 1881 1625 1953 φρόνημα
1663 1882 1771 1937 ἀτώ
1795 1883 1894 1954 τῆς
1929 1893 1968 1945 Β

296 1962 568 2036 ἀμετρίας
617 1966 717 2038 τῆς
759 1986 920 2024 τινων
972 1970 1218 2042 ἀδελφῶν
1263 1974 1542 2043 ἀφελείας.
1580 1975 1736 2040 Τινὲς
1780 1975 1890 2047 γὰρ

295 2055 408 2108 τῶν
437 2058 722 2130 ἡμετέρων
752 2061 997 2131 ἀδελφῶν
1027 2064 1122 2117 καὶ
1153 2065 1469 2138 όρθοδόξων,
1502 2067 1576 2140 μὴ
1601 2067 1893 2137 γινώσκον-

295 2163 390 2211 τες
421 2148 483 2201 τὸ
517 2151 716 2223 μέτρον
759 2154 858 2225 τῆς
894 2157 954 2207 ἐν
985 2157 1207 2228 Χριστῷ
1257 2160 1552 2224 πολιτείας,
1580 2161 1643 2214 τὸ
1672 2159 1892 2214 κελεῦον

297 2237 708 2294 ἀποτάσσεσθαι
727 2241 806 2312 τῷ
836 2244 1047 2316 κόσμῳ,
1072 2247 1370 2318 κτημάτων
1387 2266 1448 2302 τε
1480 2249 1624 2302 ίδίων
1651 2251 1742 2303 καὶ
1765 2267 1895 2320 χρη·

301 2329 488 2401 μάτων
523 2332 939 2402 ἀποξενοῦσθαι,
969 2337 1169 2392 πωλεῖν
1193 2356 1254 2392 τε
1284 2342 1352 2394 τά
1384 2340 1514 2404 [δια.
1545 2342 1636 2396 καὶ
1673 2344 1892 2414 μεταδι-

296 2421 450 2475 δόναι
486 2427 744 2496 πτωχοῖς,
786 2427 1084 2500 λαμϐάνειν
1115 2431 1171 2484 δὲ
1211 2435 1302 2487 τὸν
1340 2433 1594 2504 σταυρὸν,
1642 2436 1736 2489 καὶ
1765 2437 1888 2490 ἀκο·

295 2513 511 2570 λουθεῖν
535 2519 592 2572 ἐν
617 2517 866 2593 ἀληθείᾳ,
901 2522 975 2594 μὴ
1003 2523 1192 2594 ἀργὸν,
1234 2525 1370 2596 μήτε
1403 2525 1600 2596 ἀεργὸν
1623 2527 1712 2580 καὶ
1737 2528 1893 2581 ἀκαι-

299 2609 561 2681 ροφάγον,
616 2614 752 2685 μηδὲ
782 2616 797 2644 ¹
829 2615 905 2684 τῷ
939 2617 1142 2688 κηφῆνι
1181 2617 1289 2671 τῶν
1336 2617 1629 2689 μελισσῶν,
1668 2619 1890 2690 ἐργάζε-

299 2700 428 2754 σθαι
462 2701 518 2756 δὲ
546 2706 666 2768 ταῖς
702 2705 861 2770 ἰδίαις
909 2708 1097 2778 χερσίν
1122 2725 1138 2739 ·
1170 2707 1359 2783 ῶσπερ
1386 2711 1481 2764 καὶ
1512 2714 1540 2765 ό
1575 2713 1729 2781 ἅγιος
1757 2713 1894 2766 ἀπό-

298 2795 490 2859 στολος
537 2797 751 2862 Παῦλος
798 2798 1214 2872 ἀποταξάμενος
1258 2803 1339 2875 τῷ
1374 2804 1584 2875 κόσμῳ,
1615 2806 1789 2878 κῆρυξ
1838 2806 1895 2860 δὲ

294 2884 374 2938 ὢν
406 2889 506 2960 τῆς
530 2888 804 2959 ἀληθείας,
837 2884 899 2945 οῦ
930 2893 986 2945 αἱ
1013 2896 1194 2965 χεῖρες
1221 2896 1282 2948 οὐ
1320 2896 1480 2966 μόνον
1515 2897 1693 2968 ἐαυτῷ
1721 2899 1896 2969 ἐπήρ-

295 2995 450 3042 κουν,
479 2979 614 3034 ἀλλὰ
645 2982 740 3035 καὶ
765 2985 878 3047 τοῖς
906 2984 1154 3038 συνοῦσιν
1179 2985 1327 3057 αὐτῷ
1349 3006 1360 3018 ·
1395 2989 1495 3041 οὐκ
1521 2983 1640 3041 οῦσι
1670 2988 1726 3041 δὲ
1755 2988 1896 3041 ὲκεί-

295 3088 415 3136 νοις
461 3073 672 3145 ἀργοῖς,
709 3075 824 3129 ἀλλ’
856 3076 972 3148 ἅμα
1004 3078 1384 3151 συμπαροῦσιν
1424 3080 1573 3152 αὐτῷ
1613 3082 1671 3135 ἐν
1700 3083 1764 3152 τῇ
1800 3081 1893 3151 ἐρ-

297 3165 486 3237 γασία·
511 3166 569 3231 ὃς
587 3185 688 3221 που
712 3170 978 3239 καυχάται
999 3169 1192 3239 ὶέγων,
1214 3170 1452 3225 διδάσκει
1475 3171 1531 3224 δὲ
1557 3171 1888 3241 σαφέστατα·

2069 1881 2159 1938 IV.
2195 1881 2310 1936 Hoc
2343 1895 2472 1936 vero
2521 1880 2681 1949 longe
2725 1875 3254 1949 perniciosissimum
3285 1874 3481 1945 dogma
3512 1889 3579 1927 ex

1996 1976 2164 2030 nimia
2198 1971 2562 2045 quorumdam
2600 1970 2830 2024 fratrum
2868 1967 3138 2039 imperitia
3173 1967 3435 2020 manavit.
3475 1964 3581 2030 Qui

1993 2085 2118 2124 eum
2152 2075 2300 2123 recte
2332 2065 2536 2136 alioqui
2570 2064 2636 2118 de
2671 2063 2773 2118 fide
2803 2064 3092 2125 sentirent,
3126 2059 3252 2114 vita:
3278 2075 3342 2113 ex
3374 2057 3580 2112 Christi

1994 2161 2211 2215 Domini
2246 2157 2568 2229 prrcscripto
2605 2154 2954 2211 instituenda:
2980 2152 3201 2206 modum
3236 2164 3582 2220 nequaquam

1996 2254 2381 2308 intellexerunt
2413 2268 2426 2304 :
2471 2257 2746 2319 quatenus
2781 2246 3099 2301 renuntiare
3153 2242 3451 2314 mundo,ac
3483 2241 3584 2296 bo-

1995 2345 2083 2399 nis
2116 2360 2174 2399 se
2199 2359 2316 2398 suis
2343 2350 2397 2398 ct
2436 2340 2794 2394 facultatibus
2837 2337 3114 2400 abdicare,
3163 2335 3412 2390 fortunas
3453 2348 3584 2388 suas

1995 2436 2233 2490 vendere
2273 2448 2337 2488 ac
2396 2432 2727 2503 pauperibus
2759 2429 3034 2500 dilargiri,
3093 2442 3312 2482 crucem
3345 2425 3503 2487 ferre,
3521 2439 3584 2479 ac

1997 2529 2141 2583 serio
2181 2526 2334 2597 sequi
2365 2541 2424 2580 se
2465 2514 2786 2578 mandavit:
2835 2536 2944 2574 non
2975 2529 3033 2574 ut
3073 2519 3254 2583 iners,
3291 2525 3346 2571 ct
3372 2517 3584 2570 otiosus

1997 2619 2270 2690 quispiam
2346 2623 2526 2676 esset,
2570 2623 2664 2667 aut
2714 2611 3098 2682 intempestive
3145 2610 3500 2674 helluaretur,
3521 2622 3586 2662 ac

1996 2711 2408 2766 lucoruminter
2436 2722 2566 2778 apes
2603 2706 2800 2761 similis
2842 2702 3017 2758 foret:
3053 2701 3183 2772 quin
3218 2701 3327 2756 imo
3371 2699 3488 2754 suis
3529 2705 3586 2752 ut

1999 2804 2252 2858 manibus
2279 2817 2416 2870 Opus
2455 2799 2680 2862 faceret,
2716 2811 2780 2850 ac
2820 2795 3040 2850 beatum
3075 2795 3382 2847 imitaretur
3404 2790 3586 2858 Apos-

1997 2897 2189 2958 tolum,
2230 2895 2348 2965 qui,
2380 2891 2642 2947 mundum
2683 2891 2861 2944 valere
2883 2888 3108 2958 jubens,
3131 2901 3309 2956 praeco
3339 2884 3587 2941 veritatis

1994 2986 2224 3048 exstitit,
2253 2984 2414 3054 cujus
2447 2998 2644 3036 manus
2689 2996 2799 3035 non
2848 2979 2954 3050 ipsi
3003 2980 3204 3041 solum,
3258 2975 3354 3032 sed
3393 2984 3448 3030 et
3496 2975 3585 3041 iis,

1996 3079 2088 3149 qui
2130 3092 2253 3131 cum
2299 3077 2390 3129 illo
2434 3082 2621 3139 erant,
2676 3072 2991 3128 necessaria
3049 3069 3478 3140 suppeditabant.
3513 3069 3532 3098 ‘
3569 3086 3584 3123 :

1998 3185 2124 3224 eum
2166 3177 2220 3223 et
2272 3168 2377 3239 ipsi
2407 3167 2625 3221 interim
2659 3165 2882 3222 minime
2914 3173 3232 3226 cessarent,
3284 3162 3378 3217 scil
3408 3176 3590 3231 operae

309 3256 378 3311 '0
417 3257 504 3328 μὴ
549 3259 956 3331 ἑργαζσζμεφος,
994 3262 1152 3333 μηδὲ
1196 3263 1460 3318 ἐσθιέτω.
1503 3265 1658 3330 Τινὲς
1685 3264 1741 3318 δὲ
1783 3263 1891 3318 τῶν

2001 3263 2287 3334 participes
2315 3270 2520 3324 essent,
2544 3268 2603 3312 ut
2636 3257 2876 3333 quodam
2908 3259 3023 3327 ipse
3057 3256 3182 3311 loco
3205 3255 3474 3326 gioriatur
3523 3268 3588 3307 ac

300 3353 722 3425 προειρημένων
762 3355 1032 3426 ἀδελφῶν,
1063 3356 1136 3422 ὡς
1163 3357 1271 3411 ἀπὸ
1301 3356 1395 3410 τοῦ
1437 3359 1598 3429 Μάνη
1638 3357 1888 3429 μεμαθη-

301 3445 463 3509 κότες
487 3447 648 3516 τάχα,
686 3447 753 3500 ἵν’
784 3447 959 3512 οὕτως
999 3449 1160 3512 είπω,
1193 3449 1286 3503 τοῦ
1323 3451 1428 3504 ἀπὸ
1468 3451 1729 3523 Περσίδος
1764 3451 1894 3504 ἀνα-

301 3537 620 3609 ϐεϐηκότος,
656 3539 812 3594 ἆτινα
850 3540 949 3594 οὐκ
978 3542 1145 3614 ἐχρῆν
1174 3541 1347 3607 οὕτως
1379 3541 1538 3598 εἶναι.
1574 3543 1804 3597 Σκοπεῖν
1837 3543 1894 3596 δὲ

308 3629 508 3700 μᾶλλον
529 3632 655 3694 τοὺς
679 3631 954 3695 τοιούτους
979 3633 1347 3704 παραγγέλλει
1371 3635 1398 3686 6
1427 3632 1567 3696 θεῖος
1590 3633 1744 3703 λόγος
1768 3633 1896 3697 τοὺς

309 3721 476 3792 μηδὲν
509 3721 930 3794 ἐργαζομένους.
976 3726 1300 3798 Πεπλάνηκε
1336 3727 1444 3798 γάρ
1478 3745 1639 3781 τινων
1661 3727 1760 3798 τὴν
1783 3726 1897 3797 οἴη-

307 3832 392 3867 σιν
421 3815 448 3867 ό
470 3814 628 3883 λόγος
659 3817 686 3869 6
718 3817 869 3888 παρά
899 3817 976 3888 τῷ
1000 3819 1213 3889 Σωτῆρι
1238 3819 1626 3890 γεγραμμένος
1645 3834 1658 3847 ·
1703 3818 1898 3888 Ἐργά-

306 3903 478 3965 ζρσθε
515 3905 601 3975 μὴ
653 3905 768 3974 τὴν
799 3905 1039 3975 βρῶσιν
1075 3907 1191 3975 τὴν
1235 3909 1691 3978 ἀπο.ἰ.1υμένην,
1737 3909 1899 3962 ἀλλὰ

304 3997 621 4070 μένουσαν
644 4003 731 4066 εἰς
757 3999 910 4068 ζωὴν
927 3999 1186 4056 αἰώνιον.
1215 4000 1514 4072 Νομίζουσι
1540 4001 1595 4055 δὲ
1623 4001 1719 4074 τὴν
1740 4001 1901 4054 ἀπολ-

306 4093 548 4165 λυμένην
594 4090 734 4146 εἶναι
769 4093 866 4164 τὴν
894 4095 1063 4168 καλὴν
1106 4095 1391 4168 ἐργασίαν,
1427 4091 1494 4168 ἦς
1526 4097 1606 4159 είς
1630 4095 1900 4148 δικαιοσύ-

305 4206 408 4257 νην
440 4187 636 4259 ἔχομεν
661 4188 752 4241 τὸν
783 4189 1055 4260 κάματον·
1083 4189 1205 4261 ἥτις
1231 4188 1534 4259 ἐπληροῦτο
1564 4190 1622 4241 ἐν
1651 4188 1903 4260 Ἀϐραάμ

307 4278 400 4332 διὰ
428 4277 520 4331 τοῦ
568 4279 790 4351 μόσχου,
821 4281 916 4334 καὶ
952 4283 1018 4352 τῇ
1054 4281 1436 4353 καματουργίᾳ
1468 4280 1566 4351 τῆς
1613 4282 1788 4352 χήρας
1815 4280 1903 4334 διὰ

307 4370 404 4424 τοῦ
447 4370 648 4436 Ἠλίου,
682 4373 774 4426 καὶ
800 4374 857 4426 ὲν
886 4375 951 4444 τῇ
986 4374 1218 4446 ἐργασίᾳ
1246 4373 1340 4426 τοῦ
1381 4372 1501 4427 Ἰὼϐ
1543 4372 1630 4426 διά
1667 4372 1774 4426 τῶν
1806 4372 1904 4425 αῦ-

306 4465 405 4519 τοῦ
444 4466 669 4528 παίδων,
722 4467 816 4520 καὶ
867 4467 1184 4538 κτημάτων,
1232 4467 1326 4520 καὶ
1376 4466 1593 4520 πάντων
1649 4465 1759 4520 τῶν
1807 4469 1904 4522 τοῦ

311 4557 451 4611 Θεοῦ
500 4558 698 4611 δούλων
746 4557 854 4611 τῶν
902 4560 982 4623 εἰς
1025 4558 1373 4629 δικαιοσύνην
1420 4558 1737 4630 καμνόντων
1786 4560 1902 4622 ταῖς

315 4651 477 4714 nam;
505 4653 712 4723 χερσὶν,
756 4653 836 4715 είς
876 4652 937 4704 τὸ
966 4653 1227 4723 ἐπαρκεῖν
1266 4651 1360 4704 καὶ¹
1389 4653 1501 4715 τοῖς
1533 4649 1866 4722 ἐνδεομὲνοις
1888 4665 1901 4677 ·

311 4743 498 4806 καθὼς
531 4744 623 4795 καὶ
665 4744 722 4796 ἐν
752 4743 968 4814 ἑκάστῳ
999 4743 1345 4814 μοναστηρίῳ
1380 4743 1435 4796 ἐν
1473 4760 1531 4795 τε
1561 4745 1628 4814 τῇ
1663 4742 1769 4795 τῶν
1810 4743 1905 4794 Αί-

311 4834 560 4904 γυπτίων
591 4833 746 4905 χώρᾳ.
784 4835 876 4887 καὶ
912 4835 968 4887 ἐν
1012 4836 1213 4899 πάσαις
1243 4833 1448 4906 χώραις
1488 4833 1630 4889 οὕτω
1670 4834 1906 4905 κάμνου-

313 4943 402 4978 σιν
433 4928 512 4988 είς
541 4924 884 4997 δικαιοσύνην
909 4944 921 4957 ο
950 4927 1025 4989 ὡς
1053 4928 1086 4998 ἡ
1122 4927 1363 4998 μέλιττα,
1395 4925 1550 4997 χερσὶ
1580 4925 1679 4996 μὲν
1707 4925 1907 4996 ἔχουσα

311 5017 406 5070 τὸν
439 5017 609 5088 κηρὸν
645 5017 746 5088 τῆς
778 5018 1060 5090 ἐργασίας,
1099 5018 1196 5089 τὴν
1236 5018 1293 5072 δὲ
1319 5017 1528 5087 ψεκάδα
1563 5017 1655 5071 τοῦ
1693 5016 1908 5088 μέλιτος

315 5107 375 5160 ὲν
406 5105 483 5176 τῷ
515 5106 762 5176 στόματι,
796 5105 934 5178 μετά
966 5107 1060 5178 τῆς
1097 5107 1228 5170 ἰδίας
1255 5106 1565 5178 ὑμνηγόρου
1602 5105 1788 5176 φωνῆς
1816 5106 1906 5159 τὸν

313 5199 426 5252 τῶν
496 5200 714 5252 πάντων
757 5199 1033 5270 Δεσπότην
1085 5200 1226 5254 κατὰ
1297 5197 1390 5270 τὴν
1465 5196 1600 5252 ἰδίαν
1655 5198 1906 5270 αἴσθησιν

318 5291 586 5363 ὑμνοῦσα,
604 5291 680 5355 ὡς
710 5292 804 5345 καὶ
826 5292 1082 5363 Σαλομὼν
1111 5294 1403 5364 μαρτυρεῖ·
1429 5291 1510 5344 ὅτι
1531 5290 1655 5359 Τὴν
1682 5291 1908 5360 σοφίαν

317 5385 632 5456 τιμήσασα
667 5384 960 5456 προήχθη.
998 5383 1154 5438 Οὕτω
1201 5386 1295 5439 καὶ
1344 5385 1394 5437 οἱ
1429 5383 1522 5438 τοῦ
1554 5383 1687 5437 Θεοῦ
1730 5384 1907 5437 δοῦλοι

318 5479 368 5533 οἱ
393 5479 608 5550 ἀληθῶς
638 5480 730 5532 ἐπὶ
762 5479 863 5548 τῆς
892 5479 1118 5550 στερεᾶς
1147 5477 1350 5550 πέτρας
1391 5478 1491 5549 τῆς
1528 5478 1785 5548 ἀληθείας
1816 5494 1906 5529 τε-

323 5569 737 5641 θεμελιωμένοι,
777 5571 870 5622 καὶ
897 5568 990 5622 τὸν
1032 5564 1179 5623 οἶκον
1210 5569 1389 5623 αὐτῶν
1416 5569 1672 5640 ἀσφαλῶς
1701 5569 1905 5623 οἰκοδο·

400 5729 416 5760 ¹
451 5729 609 5782 Deest
637 5727 892 5781 ὲνικέναι.
1007 5727 1026 5757 ²
1051 5727 1164 5782 Act.
1201 5743 1292 5791 xx,
1328 5725 1415 5782 δι.

328 5815 460 5870 xvn,
503 5800 589 5855 15.
668 5800 687 5831 ⁷
719 5797 823 5854 Job
860 5814 899 5864 I,
929 5797 982 5852 4.

1531 5726 1551 5756 ³
1580 5723 1618 5778 ll
1646 5724 1839 5782 Thess.
1878 5738 1956 5790 In,
1996 5726 2058 5778 l0

1994 3356 2218 3412 disertis
2269 3355 2403 3408 illud
2453 3352 2636 3408 verbis
2682 3350 2972 3422 prrccipit:
3029 3349 3134 3416 Qui
3168 3365 3271 3403 non
3315 3356 3585 3417 operatur,

1996 3467 2101 3503 non
2132 3447 2411 3501 manducet
2435 3446 2474 3500 ³.
2520 3445 2626 3500 Sed
2661 3445 2759 3510 illi,
2799 3458 2941 3515 quos
2977 3442 3110 3507 dixi,
3157 3440 3360 3497 fratres
3412 3441 3589 3494 nostri

1997 3541 2146 3597 haud
2174 3544 2290 3597 scio
2342 3556 2412 3594 an
2442 3556 2472 3594 a
2498 3538 2675 3604 Mane,
2713 3537 2805 3608 qui
2844 3537 2973 3591 illuc
2999 3551 3029 3591 e
3059 3533 3279 3591 Perside
3313 3533 3590 3604 profectus

1997 3642 2116 3701 est,
2159 3635 2260 3690 ista
2303 3632 2618 3697 didicerint,
2656 3645 2777 3702 qua:
2811 3629 2880 3685 ab
2921 3627 3070 3682 omni
3110 3626 3324 3682 ratione
3360 3640 3589 3697 prorsus

2006 3729 2182 3783 aliena
2215 3735 2362 3783 sunt.
2414 3725 2550 3780 Cum
2597 3739 2628 3779 e
2673 3722 2954 3778 contrario
2988 3719 3424 3774 animadvertere
3464 3719 3590 3774 illos

1999 3815 2182 3874 divina
2232 3815 2517 3886 Scriptura
2560 3813 2794 3883 jubeat,
2823 3813 2916 3881 qui
2953 3810 3088 3864 nihil
3131 3809 3314 3879 operis
3354 3808 3586 3862 faciunt.

2002 3911 2205 3966 Verum
2245 3909 2641 3964 nonnullorum
2678 3907 2958 3961 mentibus
2983 3906 3188 3958 dictum.
3222 3901 3356 3957 illud
3391 3901 3590 3956 Serra-

2000 4003 2137 4057 toris
2159 4003 2419 4073 imposuit
2440 4018 2452 4054 :
2478 3999 2784 4067 Operamini
2804 4016 2905 4052 non
2925 3998 3096 4052 cibum
3113 3997 3202 4067 qui
3222 3996 3377 4065 prrit,
3399 3993 3488 4048 sed
3499 3994 3591 4063 qui

2001 4103 2271 4164 permanet
2299 4093 2533 4146 invitam
2561 4100 2812 4146 wternam
2845 4090 2884 4143 ⁸.
2906 4090 2974 4142 Αι
2993 4087 3067 4142 illi
3091 4094 3404 4158 pereuntem
3435 4085 3587 4138 illum

2003 4187 2186 4241 cibum
2271 4185 2338 4240 ad
2393 4184 2710 4254 prazelaram
2755 4183 2902 4236 illam
2947 4193 3168 4248 Operam
3240 4177 3592 4246 laboremque

2003 4276 2270 4340 referunt,
2304 4292 2463 4347 quem
2497 4275 2553 4329 in
2579 4272 2950 4328 consectanda
2982 4270 3192 4341 justitia
3227 4268 3589 4324 sustinemus.

2004 4376 2137 4437 Quae
2169 4367 2391 4438 quidem
2441 4382 2605 4437 Opera
2646 4367 2698 4418 in
2740 4364 3049 4419 Abrahamo
3082 4371 3197 4416 tum
3231 4360 3437 4425 eluxit,
3467 4375 3592 4415 cum

2006 4464 2053 4519 is
2114 4463 2346 4517 vitulum
2393 4460 2751 4531 appararet“;
2798 4473 3012 4512 necnon
3058 4465 3113 4512 et
3157 4455 3210 4510 in
3243 4454 3428 4520 vidua,
3475 4468 3595 4524 qua:

2006 4557 2138 4613 Elia:
2165 4571 2330 4612 causa
2363 4554 2632 4610 laboravit
2655 4553 2710 4621 ⁶;
2741 4559 2795 4608 et
2836 4551 2890 4605 in
2926 4550 3066 4606 .Iobo
3105 4549 3363 4618 denique,
3407 4548 3502 4617 qui
3533 4549 3588 4602 in

2009 4650 2194 4706 liberis
2236 4649 2377 4704 idem
2421 4647 2536 4704 suis
2582 4645 2929 4715 fortunisque
2974 4633 3291 4714 praestitit".
3327 4641 3597 4696 Praeterea

2009 4745 2193 4800 nullus
2243 4750 2329 4799 est
2379 4740 2476 4797 Dei
2528 4739 2800 4799 famulus,
2848 4737 2943 4808 qui
2990 4752 3099 4792 non
3146 4734 3212 4790 ad
3241 4733 3595 4790 obtinendam

2004 4837 2272 4907 justitiam
2302 4835 2558 4890 manibus
2576 4833 2692 4889 suis
2710 4847 2847 4902 Opus
2867 4838 3142 4896 exerceat,
3166 4845 3276 4900 quo
3298 4829 3350 4882 in
3375 4835 3597 4898 egentes

2009 4927 2289 4984 beneﬁcus
2333 4941 2457 4982 esse
2503 4925 2698 4996 possit.
2731 4923 2889 4991 Quod
2925 4923 2978 4976 in
3023 4935 3354 4992 unoquoque
3405 4933 3598 4972 mona-

2011 5019 2201 5080 sterio,
2234 5026 2344 5071 tam
2377 5019 2430 5070 in
2457 5015 2716 5088 1E3ypto,
2747 5029 2912 5086 quam
2933 5013 2986 5066 in
3007 5012 3130 5066 aliis
3159 5008 3455 5081 provinciis
3481 5007 3597 5061 fieri

2015 5109 2311 5170 cernimus,
2346 5107 2435 5161 ubi
2459 5107 2688 5176 justitiae
2717 5104 2892 5176 gratia
2915 5104 2996 5159 sic
3011 5103 3078 5157 ad
3101 5116 3239 5171 opus
3268 5098 3597 5153 incumbunt

2015 5215 2227 5259 omnes.
2257 5209 2534 5269 tamquam
2559 5214 2687 5270 apes
2710 5197 2982 5268 quaedam,
3005 5210 3124 5265 qua:
3141 5206 3323 5247 ceram
3341 5189 3594 5260 pedibus.

2016 5291 2192 5346 stillas
2222 5291 2399 5347 mellis
2428 5307 2525 5347 ore
2549 5297 2981 5361 co-mportantes,
3007 5299 3354 5340 communem
3385 5284 3601 5337 univer-

2015 5399 2201 5440 sorum
2227 5385 2435 5454 1071
2463 5383 2751 5439 Dominum
2773 5397 2872 5453 pro
2899 5396 3067 5436 sensu
3103 5394 3204 5433 suo
3221 5387 3384 5448 atque
3411 5384 3596 5446 captu,

2016 5477 2252 5548 quodam
2272 5479 2418 5533 velut
2434 5479 2584 5534 vocis
2600 5485 2765 5532 cantu
2788 5490 2854 5530 ac
2889 5473 3276 5544 prazdicatione
3297 5471 3596 5536 celebrant,

2016 5579 2174 5641 prout
2209 5577 2441 5624 testatur
2477 5569 2735 5623 Salomon
2764 5586 2777 5622 :
2829 5565 3176 5636 Sapientiam,
3213 5562 3407 5634 inquit,
3435 5563 3601 5617 Itono-

2178 5729 2197 5756 ³
2222 5723 2378 5778 Joan.
2409 5740 2480 5788 vr,
2522 5723 2613 5781 €27.
2721 5724 2740 5754 "
2771 5723 2904 5779 Gen.
2963 5736 3114 5787 xvm,
3152 5721 3200 5776 7.
3317 5721 3336 5750 ⁶
3363 5717 3434 5775 Ill
3465 5716 3595 5784 Reg.
