3986 6224
400 335 508 392 763

1817 333 1875 388 S.
1916 331 2264 386 El‘lPHANIl

3556 333 3665 388 πει

399 470 526 508 rans
559 463 804 525 provecta
833 462 911 509 est
939 455 980 507 ¹.
1012 451 1121 508 Nec
1149 452 1310 507 aliter
1335 467 1415 509 sol
1440 451 1481 506 1i
1502 453 1578 508 illi
1609 452 1700 508 Dei
1732 453 1788 507 in
1809 453 1982 509 solida

2108 451 2338 517 ιοῢντες,
2372 452 2532 516 ἰδίαις
2574 452 2731 523 χερσί
2777 452 2874 515 τὰς
2923 451 3124 517 λεπτὰς
3173 452 3352 506 αὐτῶν
3399 454 3663 524 ἐργασίας

402 545 649 600 veritatis
685 553 859 613 petra,
893 542 1038 596 velut
1082 540 1455 606 fundamento,
1491 539 1740 606 stabiliti,
1783 556 1849 596 ac
1884 541 1982 596 do-

403 654 549 692 mum
575 651 732 692 suam
776 636 986 690 lirmam
1023 644 1186 706 atque
1207 633 1590 690 inconcussam
1613 640 1980 697 exstruentes,

402 744 501 799 pro
549 743 612 783 ea
645 743 809 798 quam
839 728 1167 797 proﬁtentur
1204 736 1344 790 arte,
1386 725 1784 780 minutissimas
1813 738 1982 794 quas-

403 835 509 890 que
555 834 752 890 operas
803 819 1005 890 singuli
1041 819 1294 874 manibus
1334 818 1451 874 suis
1496 822 1771 871 exercent.
1817 813 1983 869 Iidem

400 927 531 966 vero
569 912 880 966 universam
921 927 1058 982 pene
1098 910 1439 980 Scripturam
1475 924 1571 963 ore
1605 905 1984 977 pronuntiant,

403 1002 634 1073 impigre
671 1017 734 1055 ac
786 1009 1009 1058 strenue
1047 1009 1142 1055 aut
1180 1001 1390 1056 orando
1431 1008 1524 1054 aut
1558 1000 1798 1070 psalmos
1836 1013 1988 1053 emo-

403 1095 641 1149 dulando
669 1094 1015 1164 pervigilant,
1049 1095 1322 1149 solemnes
1366 1094 1434 1148 de
1491 1107 1643 1146 more
1673 1099 1980 1147 conventus

405 1202 469 1241 ac
496 1186 792 1257 quotannis
837 1185 1166 1240 constitutos
1209 1184 1450 1249 obeunt;
1497 1190 1668 1239 statas
1709 1182 1895 1246 horas,
1935 1190 1990 1237 et

406 1277 635 1334 alternis
690 1277 882 1346 spatiis
929 1276 1194 1330 continuo
1233 1275 1542 1346 descriptas
1588 1274 1866 1346 perpetuis
1923 1273 1992 1326 ad

408 1367 578 1422 lleum
614 1366 905 1420 lumlendis
945 1367 1236 1435 precibus,
1278 1380 1492 1420 summa
1529 1380 1654 1418 cum
1686 1362 2023 1431 abjectione.

409 1459 574 1513 animi
615 1474 680 1513 ac
714 1459 1006 1515 laboriosis
1046 1459 1340 1529 gemitibus
1391 1457 1723 1528 transigunt,
1761 1473 1885 1512 cum
1911 1457 1994 1512 in-

411 1560 561 1607 terea
590 1551 855 1622 propriis,
891 1552 968 1606 uti
999 1551 1135 1618 dixi,
1166 1551 1446 1616 manibus,
1475 1551 1732 1620 adjuncta
1760 1551 1994 1621 spiritali

407 1643 825 1710 exercitatione,
870 1659 1011 1714 opus
1035 1643 1361 1710 instituant,
1401 1658 1471 1698 ne
1498 1651 1593 1696 aut
1628 1642 1812 1712 inopia
1847 1641 1997 1697 labo-

408 1746 550 1800 rent,
587 1745 682 1790 aut
716 1736 770 1789 in
808 1736 1078 1792 humanas
1113 1735 1494 1790 simulationes
1524 1733 1790 1799 incidant,
1822 1733 1902 1789 sic
1940 1741 1998 1789 ut

2084 543 2409 615 ἐργάζονται
2434 542 2576 598 κατά
2606 544 2704 615 τὴν
2732 543 2962 598 ἑκάστου
2986 543 3199 613 τέχνην.
3241 544 3330 598 Ἐν
3355 543 3586 614 στόματι
3607 543 3668 597 δὲ

2086 635 2271 706 σχεδὸν
2292 637 2472 690 πᾶσαν
2492 635 2643 690 θείαν
2659 635 2881 707 Γραφῆν
2903 634 3356 704 ἀπαγγέλλουσιν,
3379 634 3592 706 ἀκμητί
3606 653 3671 688 τε

2084 729 2179 782 καὶ
2195 729 2405 793 ἀόκνως
2426 729 2626 800 συχνὰς
2651 727 3039 791 ποιοῦπαιτάς
3050 729 3377 800 ἀγρυπνίας,
3394 726 3556 780 τοῦτο
3571 726 3675 797 μὲν

2085 824 2143 875 ἐν
2160 822 2365 892 εὐχαῖς,
2378 821 2533 876 τοῦτο
2547 820 2604 874 δὲ
2620 823 2678 874 ἐν
2691 821 3050 891 ψαλμῳδίαις⁹
3065 821 3352 892 ἐνδελεχῶς
3371 820 3429 874 δὲ
3443 819 3545 882 τὰς
3560 836 3677 873 συν-

2087 913 2329 976 ελεύσεις
2345 913 2443 976 τὰς
2496 913 2554 978 ἐξ
2591 912 2745 976 ἐθους
2779 912 3055 982 ἐνθέσμως
3096 911 3454 982 τεταγμένας·
3492 910 3679 981 διημε-

2091 1003 2304 1076 ρεύουσί
2342 1021 2402 1057 τε
2425 1003 2654 1057 πάντοτε
2697 1003 2798 1066 τὰς
2841 1001 3204 1074 ἀδιαλήπτους
3224 1002 3368 1058 κατά
3397 1002 3679 1072 διάστημα

2089 1093 2258 1164 ὥρας,
2271 1092 2371 1155 τὰς
2398 1092 2561 1163 εὐχὰς
2578 1091 2697 1161 Θεῷ
2711 1090 3142 1159 ἀκαωγνὼστως
3165 1091 3304 1161 μετὰ
3325 1108 3683 1161 ταπεινοφρο-

2095 1182 2258 1253 σύνης
2285 1181 2486 1252 πολλῆς
2508 1182 2601 1235 καὶ
2622 1181 2864 1253 οἰμωγῆς
2880 1181 3302 1253 ἐπιπόνου(Θεῷ)
3320 1181 3680 1250 ἀναπέμπον-

2092 1291 2204 1336 τες,
2220 1275 2340 1334 ταῖς
2362 1289 2421 1325 τε
2449 1271 2606 1336 ἰδίαις
2634 1274 2840 1344 χερσὶν,
2870 1270 2945 1336 ὡς
2971 1271 3127 1344 ἔφην,
3157 1273 3512 1345 ἐργαζόμενοι
3541 1274 3679 1343 μετά

2095 1364 2191 1417 καὶ
2213 1363 2310 1433 τῆς
2332 1363 2705 1435 πνευματικῆς
2720 1364 2981 1434 ἐργασίας
2994 1380 3007 1393 ·
3033 1365 3121 1418 ἴνα
3139 1364 3214 1435 μὴ
3230 1363 3458 1426 ἐπιδεεῖς
3475 1363 3678 1432 γένων-

2095 1474 2204 1520 ται,
2251 1457 2346 1508 καὶ
2375 1458 2454 1519 εἰς
2498 1455 2816 1527 ὑποκρίσεις
2859 1454 3208 1527 ἀνθρωπίνας
3251 1455 3558 1526 ἐμπέσωσι,
3588 1456 3682 1508 καὶ

2097 1546 2280 1600 οὐκέτι
2299 1546 2376 1617 τῷ
2405 1545 2691 1600 ἀσεϐοῦντι
2717 1545 3004 1616 δυνάμενοι
3029 1545 3098 1598 τὰ
3122 1545 3297 1616 ἀληθῆ
3329 1547 3532 1615 λέγειν,
3556 1545 3682 1600 οὔτε

2099 1634 2255 1700 ἐκτὸς
2290 1637 2463 1709 ῥύπου
2499 1631 2640 1690 εἶναι
2667 1637 2774 1690 τῶν
2800 1636 2908 1690 ἀπὺ
2936 1636 3150 1700 ἀδικίας
3183 1635 3490 1708 ἀνθρώπων
3519 1635 3680 1690 πλου-

2104 1729 2234 1783 σίων
2277 1729 2371 1782 καὶ
2401 1728 2870 1783 πλεονεκτούντων
2907 1730 3035 1794 τοὺς
3081 1729 3343 1800 πένητας,
3371 1727 3498 1782 οὗτε
3529 1729 3684 1792 ἐκτδς

411 1826 593 1896 impiis
624 1825 794 1880 libere
817 1823 1100 1879 veritatem
1131 1823 1314 1894 eloqui
1357 1838 1466 1877 non
1501 1824 1770 1889 audeant;
1814 1841 1993 1895 neque

2108 1822 2282 1874 σιτίων
2315 1821 2518 1875 τούτων
2549 1820 2816 1890 γίνεσθαι,
2848 1821 2922 1894 μὴ
2945 1821 3260 1891 δυναμένοις
3285 1822 3322 1852 ¹¹
3358 1823 3425 1876 ὲκ
3459 1822 3684 1876 δικαίων

412 1918 481 1972 ab
511 1931 700 1971 eorum
728 1915 1033 1981 hominum,
1059 1914 1152 1986 qui
1176 1929 1274 1985 per
1320 1912 1474 1970 nefas
1498 1929 1562 1969 ac
1585 1929 1882 1985 pauperum
1905 1915 1991 1970 in-

407 2005 609 2074 juriam
643 2003 955 2073 locupletati
988 2011 1116 2057 sunt
1147 2003 1471 2074 contagione
1505 2018 1568 2057 ac
1601 2005 1830 2058 maculis
1877 2004 1992 2059 vin-

413 2097 599 2153 dicare
641 2110 763 2151 sese
805 2097 1052 2166 possint:
1095 2113 1196 2152 nec
1234 2098 1451 2153 illorum
1489 2096 1729 2167 denique
1767 2097 1992 2153 cibariis

2100 1913 2277 1966 πόνων
2289 1918 2385 1986 τὴν
2407 1917 2682 1987 ἐφήμερον
2698 1914 2840 1987 ἔχειν
2861 1915 3088 1988 τροφὴν,
3117 1915 3232 1968 ἀλλ’
3250 1915 3683 1987 ἀναγκαζόμενοι

2099 2008 2186 2061 διὰ
2219 2008 2281 2062 τὸ
2317 2009 2495 2075 ἐνδεὲς
2540 2011 2640 2082 τῆς
2673 2010 2901 2082 ἀεργίας
2928 2009 3206 2080 τραπέζης
3260 2008 3529 2063 πλουσίων
3558 2025 3683 2080 μετ-

2100 2100 2266 2171 ἐχειν.

414 2207 624 2256 carere,
656 2192 801 2262 quod
833 2192 999 2263 justis
1027 2192 1309 2248 laboribus
1348 2193 1730 2261 quotidianum
1761 2193 1866 2248 sibi
1905 2193 2110 2250 victum
2169 2211 2488 2266 comparare
2547 2203 2858 2268 nequeant,
2903 2196 3001 2252 sed
3046 2195 3120 2252 ob
3177 2196 3444 2267 inopiam,
3477 2210 3544 2250 ex
3575 2193 3688 2250 otio

414 2290 468 2336 et
497 2281 692 2337 inertia
723 2281 1049 2348 derivatam,
1085 2283 1151 2337 ad
1183 2282 1464 2338 beatorum
1499 2298 1718 2338 mensas
1740 2283 2033 2355 confugere
2065 2294 2354 2358 cogantur.

489 2376 553 2434 ν.
599 2379 965 2445 Quamobrem
1023 2377 1270 2434 divinum
1313 2394 1414 2434 nos
1462 2379 1746 2433 oraculum
1787 2380 1996 2435 docet:

419 2466 502 2522 Ne
534 2469 873 2529 concupiscas
898 2470 1039 2522 cibos
1068 2469 1313 2523 divitum.
1345 2471 1580 2524 Hienim
1608 2487 1727 2524 cum
1760 2472 2001 2527 mendaci

414 2563 525 2617 vita
571 2563 837 2632 conjuncti
881 2565 1076 2616 sunt’.
1129 2562 1268 2616 Tum
1299 2563 1406 2618 alio
1446 2564 1648 2618 inloco
1692 2565 1990 2633 ejusmodi,

416 2655 606 2724 quales
653 2655 890 2726 appositi
939 2654 1164 2718 fuerint,
1197 2655 1440 2711 vicissim
1482 2657 1868 2727 praeparandos
1899 2659 1998 2712 ad-

424 2755 610 2801 monet
643 2765 657 2800 :
687 2747 842 2813 Quod
874 2747 920 2800 si
951 2747 1277 2802 insatiabilis
1305 2765 1381 2814 es,
1428 2749 1575 2803 illius
1619 2749 1759 2804 cibos
1791 2768 1854 2806 ne
1884 2769 2008 2806 con-

419 2837 662 2906 cupiscas
695 2839 738 2890 ³.
769 2835 884 2904 Qua
921 2837 974 2891 in
1006 2853 1068 2895 re
1098 2839 1415 2910 praclaram
1451 2841 1603 2909 pueri
1625 2841 1703 2896 illi
1735 2841 2010 2914 Babylone

420 2929 647 3001 gloriam
700 2930 883 3000 adepti
941 2938 1092 2994 sunt,
1129 2931 1222 3002 qui
1267 2931 1551 3003 repudiata
1603 2935 1747 3004 regis
1796 2949 2006 2999 mensa,

417 3022 711 3092 exquisitis
762 3021 926 3093 hujus
967 3023 1149 3094 epulis
1209 3023 1483 3095 legumina
1544 3027 1902 3095 praetulerunt
1945 3043 2010 3082 ac

2190 2383 2265 2434 ἓν.
2302 2380 2397 2435 Διὸ
2427 2381 2790 2455 παραγγέλλει
2833 2383 2862 2435 ὁ
2907 2381 3049 2447 θεῖος
3092 2381 3270 2452 λόγος,
3301 2382 3559 2450 φάσκωνο
3593 2383 3688 2452 Μὴ

2104 2473 2373 2542 succus:
2415 2470 2746 2543 βρωμάτων
2785 2472 2905 2526 τῶν
2947 2475 3282 2529 πλουσίων.
3337 2473 3532 2528 Ταῦτα
3583 2472 3690 2542 γὰρ

2105 2550 2302 2630 ἔχεται
2330 2561 2480 2623 ζωῆς
2505 2561 2790 2628 ψευδοῦς.
2815 2562 2927 2615 Καὶ
2954 2561 3115 2616 πάλιν
3155 2563 3213 2616 ἐν
3248 2562 3394 2634 ἄλλῳ
3408 2562 3581 2633 τόπῳ,
3610 2564 3691 2616 ὅτι

2104 2654 2362 2719 τοιαύτας
2395 2659 2502 2713 ἔδει
2540 2647 3698 2727 παρασκευάζειν·Εἰδέἁπληστότεροςεῖ,

2121 2746 2482 2820 μὴέπιθύμει
2501 2748 2620 2805 τῶν
2647 2745 2832 2801 αὐτοῦ
2861 2741 3210 2815 ,βρωμάτων
3242 2745 3301 2798 ἐν
3343 2745 3559 2810 τούτοις
3585 2753 3693 2818 γαρ

2108 2833 2475 2903 ἐδοξάσθησαν
2497 2843 2548 2888 ot
2573 2834 2762 2899 παῖδες
2790 2835 2837 2888 oi
2867 2837 2924 2888 ἐν
2945 2837 3012 2906 τῇ
3044 2833 3343 2900 Βαϐυλῶνι,
3376 2835 3694 2905 ἀρνησάμεο

2108 2943 2189 2980 νοι
2221 2927 2500 2998 τράπεζαν
2535 2928 2818 2999 βασιλέως,
2854 2927 2949 2982 καὶ
2988 2928 3347 2999 αίρησάμενοι
3381 2927 3694 2998 σπέρμασιν

2107 3018 2416 3088 ἀρκεῖσθαι,
2466 3019 2498 3090 ἢ
2532 3019 2798 3091 τραπέζῃ,
2831 3019 2927 3073 καὶ
2961 3016 3236 3090 βρώμασι,
3285 3018 3559 3088 χρήμασι,
3600 3017 3694 3071 καὶ

419 3114 642 3172 divitias
673 3114 1128 3186 Splendoremque
1161 3117 1680 3188 contempserunt‘.
1711 3117 1822 3172 Nec
1850 3119 2003 3174 aliter

2112 3110 2239 3184 δόξῃ
2267 3110 2688 3182 ἀποταξάμενοι,
2708 3111 2785 3174 ὡς
2805 3109 3048 3180 Μωῦσῆς
3074 3109 3274 3180 μᾶλλον
3302 3109 3478 3162 εἵλετο
3502 3125 3697 3177 συγκα-

420 3205 657 3279 Moyses,
686 3206 780 3278 qui
802 3206 987 3261 vexari
1018 3205 1291 3278 allligiquc
1321 3223 1446 3262 cum
1475 3209 1678 3279 populo
1707 3208 1823 3274 Dei,
1846 3225 2010 3279 quam

421 3297 763 3370 Egyptiacis
797 3298 1071 3354 thesauris
1104 3298 1308 3368 perfrui
1333 3299 1524 3354 maluit
1555 3299 1594 3354 ⁸.
1619 3298 1721 3367 Qui
1756 3301 2006 3371 quidem,

422 3390 552 3442 dum
612 3387 729 3443 suis
783 3387 900 3458 ipse
953 3387 1210 3445 manibus
1261 3403 1402 3460 opus
1452 3399 1693 3453 exercet,
1747 3389 2010 3461 propheta

426 3480 601 3533 factus
629 3486 733 3534 est.
791 3478 884 3534 Ille
928 3479 1077 3535 enim
1136 3479 1254 3550 ipse
1291 3480 1493 3536 nobilis
1525 3489 1579 3536 et
1619 3495 1650 3535 a
1703 3482 1812 3535 ﬁlia
1869 3483 2012 3546 regis

425 3571 738 3642 adoptatus,
791 3580 848 3626 ιιι
909 3587 979 3626 ne
1025 3573 1233 3627 otiosus
1281 3587 1418 3642 pane
1464 3584 1798 3639 vesceretnr,
1843 3574 2012 3644 Opilio

425 3665 760 3720 constitutus
807 3671 911 3720 est.
972 3663 1115 3718 Idem
1175 3672 1232 3718 et
1278 3673 1432 3735 pater
1477 3675 1662 3721 noster
1702 3665 1872 3722 Jacob
1913 3684 2013 3723 nos

427 3757 634 3822 docuit,
669 3771 792 3811 cum
826 3755 1108 3810 Labanum
1140 3757 1449 3828 alloquens,
1519 3756 1592 3811 Da
1624 3759 1776 3824 mihi,
1814 3759 2010 3831 inquit,

427 3852 610 3922 operis
643 3850 872 3921 aliquid,
895 3850 1172 3920 proprium
1207 3859 1265 3904 ut
1299 3853 1500 3905 victum
1542 3854 1831 3907 meream“.
1860 3852 2014 3909 Unde

425 3951 481 3999 et
516 3958 545 3997 a
577 3957 770 3999 socero
791 3942 975 3996 ovium
1013 3940 1198 3996 itidem
1227 3941 1482 4012 gregibus
1526 3943 1839 4012 praalicitur.
1881 3942 2015 4010 Quae

430 4036 636 4090 idcirco
675 4035 886 4105 1072
933 4033 1075 4088 facta
1122 4040 1250 4090 sunt
1287 4033 1491 4100 omnia,
1529 4050 1597 4088 ne
1630 4035 1806 4089 sancti
1839 4035 2015 4090 homi-

428 4144 528 4184 nes
581 4117 774 4199 panem
833 4125 993 4182 otiosi
1055 4124 1423 4180 eomederent.
1477 4125 1756 4196 Apostolis
1805 4143 1933 4182 vero
1981 4142 2013 4181 a

428 4215 662 4269 Domino
700 4223 1032 4286 praiceptum
1074 4213 1216 4268 istud
1245 4223 1363 4269 est:
1401 4220 1460 4268 ut
1490 4215 1662 4270 divini
1696 4217 1844 4272 verbi
1874 4234 2014 4289 pra:-

429 4308 702 4362 dicatione
725 4307 965 4362 contenti
995 4315 1201 4371 essent,
1227 4323 1294 4362 ne
1324 4323 1388 4362 ex
1421 4307 1543 4361 aliis
1568 4309 1704 4365 alias
1733 4309 1787 4363 in
1846 4311 2012 4365 urbes

427 4417 493 4456 ac
533 4403 650 4455 loca
700 4399 1030 4471 praedicandi
1073 4415 1241 4455 causa
1293 4400 1611 4472 migrantes,
1644 4401 1812 4458 variis
1848 4403 2012 4458 rebus

428 4490 868 4546 distraherentur
899 4529 914 4543 .
952 4489 1154 4560 Dignus
1190 4499 1264 4543 est
1298 4491 1434 4542 enim
1470 4491 1743 4558 operarius
1784 4491 2014 4546 mercede

429 4596 528 4634 sua
552 4581 606 4645 ';
633 4586 689 4633 et
714 4595 728 4633 :
765 4578 965 4639 Sutiicit
993 4581 1234 4647 operaria
1261 4580 1570 4634 alimentum
1590 4595 1744 4632 suum
1769 4579 1813 4634 ⁸.
1837 4579 2013 4648 Quam

429 4673 676 4728 eamdem
707 4673 777 4726 ob
800 4687 1023 4727 causam
1042 4673 1356 4741 pastoribus
1384 4687 1482 4741 pro
1513 4671 1828 4727 incredibili
1860 4672 2014 4742 ipso-

432 4782 556 4821 rum
611 4765 666 4818 in
730 4764 1104 4835 gubernandis
1160 4765 1376 4834 populis
1428 4765 1808 4834 occupatione,
1853 4775 2014 4836 atque

430 4858 804 4915 ecclesiastica
830 4857 1238 4926 procuralione.
1280 4855 1808 4926 administrandique
1828 4857 2013 4914 labore

431 4958 696 5024 perpetuo
717 4949 959 5004 divinum
995 4947 1098 5001 hoc
1118 4948 1398 5002 oraculum
1431 4947 1629 5002 edicit:
1659 4949 1790 5015 Quis
1806 4967 2010 5021 gregem

433 5045 624 5117 pascit,
675 5053 725 5097 et
756 5042 902 5095 illius
945 5041 1081 5094 lacte
1117 5057 1219 5094 non
1261 5041 1463 5094 alitur?
1502 5042 1634 5105 Quis
1678 5043 1888 5109 plantat
1941 5046 2015 5097 vi-

427 5155 604 5200 neam,
623 5147 671 5191 et
688 5137 799 5206 ejus
818 5135 993 5204 fructu
1020 5150 1121 5186 non
1152 5133 1375 5187 vescitur
1394 5135 1415 5164 ’
1447 5129 1714 5204 Z'Deinde,
1757 5133 2014 5206 Operam,

434 5229 648 5300 inquit,
690 5240 982 5282 navantem
1037 5226 1328 5298 agricolam
1371 5232 1499 5280 ante
1545 5241 1735 5282 omnes
1790 5243 1885 5297 par
1935 5236 2018 5283 est

2114 3203 2428 3273 κουχεῖσθαι
2459 3201 2536 3274 τῷ
2566 3201 2681 3273 λαῷ
2710 3201 2805 3258 τοῦ
2832 3201 2966 3256 Θεοῦ
3008 3203 3153 3274 ἢπερ
3179 3201 3476 3256 ἀπολαύειν
3507 3200 3619 3254 τῶν
3639 3201 3696 3254 ἐν

2110 3297 2372 3367 Αἰγύπτῳ
2424 3281 2736 3368 θησαυρῶν,
2765 3293 3132 3366 ἐργαζόμενος
3182 3293 3240 3348 δὲ
3295 3293 3454 3357 ἰδίαις
3510 3293 3698 3365 χερσὶν

2113 3388 2270 3459 ἔτυχε
2293 3387 2648 3461 προφητείας.
2679 3387 2977 3459 Προϐἁτων
3003 3385 3112 3456 γάρ
3149 3378 3305 3448 οὗτος
3329 3384 3536 3456 ποιμὴν
3566 3403 3697 3438 κατ-

2113 3481 2265 3550 έστη,
2289 3483 2317 3533 ὁ
2352 3480 2576 3551 εὐγενὴς
2607 3480 2700 3534 καὶ
2735 3479 2855 3543 υἱὸς
2881 3479 3154 3550 θυγατρὸς
3186 3477 3474 3548 βασιλέως,
3507 3479 3596 3531 ἴνα
3621 3477 3697 3547 μὴ

2113 3573 2282 3643 ἀργὸν
2327 3573 2484 3646 ἐσθίῃ
2513 3573 2677 3644 ἄρτον
2698 3589 2711 3602 ·
2741 3571 2816 3636 ὼς
2846 3571 2940 3625 καὶ
2980 3571 3220 3626 διδάσκει
3257 3571 3287 3622 ὁ
3329 3570 3516 3641 πατὴρ
3544 3568 3698 3640 ἡμῶν

2124 3665 2344 3729 Ἰακὼϐ,
2383 3665 2558 3734 λέγων
2591 3665 2808 3720 Λάϐανο
2836 3664 2936 3729 Δός
2969 3681 3059 3735 μοι
3096 3664 3378 3737 ἐργασίαν,
3410 3664 3500 3718 ἴνα
3537 3663 3697 3734 ἐργά-

2113 3757 2296 3828 ζωμαι
2349 3756 2442 3810 τοῦ
2484 3757 2613 3812 ἰδίου
2647 3757 2834 3828 ἀρτου.
2872 3758 2983 3810 Καὶ
3010 3755 3171 3822 αὐτὸς
3201 3756 3364 3810 πάλιν
3398 3757 3698 3827 ποιμαίνειν

2114 3850 2514 3921 προστέτακται
2555 3849 2707 3922 παρά
2754 3850 2849 3902 τοῦ
2881 3850 3009 3904 ἰδίου
3057 3850 3343 3921 πενθεροῦ,
3378 3851 3465 3904 ἴνα
3503 3851 3578 3921 μὴ
3605 3853 3698 3923 ἀρ-

2113 3943 2200 4010 γοὶ
2244 3950 2411 4014 ἄρτον
2465 3943 2718 3996 ἐσθίωσιν
2764 3945 2814 3996 οἰ
2864 3943 3083 3998 δίκαιοι.
3125 3944 3249 4007 Τοῖς
3286 3943 3344 3998 δὲ
3385 3943 3697 4007 ἀποστόλοις

2113 4033 2327 4104 εἴρηται
2386 4034 2672 4105 ἀρκεῖσθαι
2718 4035 2796 4105 τῷ
2842 4035 2987 4104 λόγῳ
3018 4035 3059 4066 ¹²
3104 4034 3414 4106 κηρύττειν,
3481 4034 3566 4087 ἵνα
3627 4034 3696 4106 μὴ

2113 4127 2449 4196 ἀσχολῶνται
2478 4127 2586 4181 ἀπὸ
2617 4128 2823 4191 πόλεως
2848 4129 2928 4191 εἰς
2957 4127 3129 4192 πόλιν,
3163 4129 3256 4181 καὶ
3280 4128 3389 4180 ἀπὸ
3426 4128 3592 4180 τόπου
3623 4129 3696 4190 εἰς

2112 4221 2295 4283 τόπον,
2346 4221 2439 4272 ἐπὶ
2485 4222 2548 4274 τὸ
2607 4222 2869 4293 κήρυγμα
2925 4221 3026 4292 τὴν
3081 4221 3305 4293 πορείαν
3367 4221 3694 4291 ποιούμενοι.

2117 4313 2319 4379 ’Ἄξιος
2370 4312 2481 4384 γὰρ
2541 4317 2575 4368 ό
2624 4313 2878 4384 ἐργάτης
2925 4313 3030 4368 τοῦ
3076 4313 3301 4384 μισθοῦ
3321 4313 3545 4367 αὑτοῦ·
3585 4313 3694 4376 καὶ,

2130 4406 2407 4474 Ἀρκετὸν
2457 4405 2538 4471 τῷ
2587 4406 2954 4477 ἐργαζομένῳ
2999 4407 3037 4475 ή
3088 4406 3277 4476 τροφὴ
3334 4405 3541 4461 αὑτοῦ.
3594 4406 3696 4459 Καὶ

2119 4497 2231 4559 τοῖς
2256 4513 2313 4549 τε
2350 4497 2605 4569 ποιμέσιν
2637 4497 2901 4562 ὡσαύτως
2932 4497 3020 4552 διὰ
3050 4499 3149 4570 τὴν
3187 4498 3296 4552 τῶν
3325 4498 3470 4552 λαῶν
3505 4499 3697 4570 συχνὴν

2119 4587 2398 4657 ἀσχολίαν,
2460 4587 2554 4640 καὶ
2612 4587 2712 4655 τὴν
2765 4587 3230 4660 ἐκκλησιαστικῆν
3280 4587 3568 4658 διοίκησιν,
3611 4587 3697 4641 καί

2119 4678 2369 4749 ἐνδελεχῆ
2402 4677 2763 4752 λειτουργίαν,
2797 4679 2962 4752 φησιν
2993 4683 3022 4735 ὁ
3054 4681 3196 4746 θεῖος
3229 4681 3417 4752 λόγος’
3449 4683 3545 4748 Τίς
3581 4697 3696 4735 ποις

2115 4770 2314 4838 μαίνει
2345 4769 2631 4840 ποΙμνην,
2665 4770 2762 4824 καὶ
2789 4771 2856 4825 ἐκ
2890 4773 2997 4826 τοῦ
3031 4774 3331 4842 γάλακτος
3368 4773 3562 4842 αὐτῆς
3591 4776 3694 4828 οὐκ

2121 4862 2344 4924 cadica;
2376 4863 2450 4916 Ἦ
2473 4863 2561 4927 τίς
2589 4864 2829 4932 φυτεύει
2850 4863 3194 4933 ἀμπελῶνα,
3221 4867 3320 4920 καί
3346 4867 3414 4920 ἐκ
3438 4864 3546 4920 τοῦ
3572 4883 3694 4935 καρ-

2115 4953 2231 5006 ποῦ
2262 4953 2449 5008 αὐτοῦ
2490 4956 2561 5007 οὐ
2594 4956 3072 5025 μετα.ἰαμϐάνει;
3111 4958 3220 5012 Καί
3269 4976 3432 5029 φησιο
3469 4959 3573 5014 Τὸν
3614 4976 3695 5012 κο-

2118 5045 2326 5098 πιῶντα
2356 5047 2599 5116 γεωργὸν
2629 5049 2710 5101 δεῖ
2753 5049 2971 5121 πρῶτον
3015 5049 3126 5104 τῶν
3159 5051 3386 5122 καρπῶν
3424 5051 3695 5122 μεταλαμ-

2119 5136 2335 5190 ϐάνειν
2368 5138 2456 5192 ινα
2499 5137 2590 5192 τὸν
2636 5139 3028 5213 πρεσϐύτερον,
3067 5141 3098 5211 ἢ
3144 5141 3234 5195 τὸν
3282 5143 3582 5196 ἐπίσκοπον
3629 5141 3695 5211 μὴ

2121 5229 2511 5302 ἐλαττούμενον
2565 5233 2664 5302 τῆς
2712 5232 2992 5303 ἐφημέρου
3045 5233 3253 5304 τροφῆς
3311 5236 3690 5304 καταστήσειε·

431 5320 646 5377 fructus
679 5321 840 5376 edere
867 5322 911 5353 ¹⁹
933 5339 946 5374 :
972 5328 1029 5374 ut
1058 5336 1126 5373 ne.
1155 5320 1551 5390 presbyterum,
1584 5320 1665 5374 vel
1696 5320 2003 5390 episcopum

2124 5325 2563 5394 προτρεπόμενος
2613 5323 2774 5387 λαοὺς
2825 5327 2888 5378 ἐκ
2916 5324 3137 5379 δικαίων
3178 5327 3356 5380 πόνων
3402 5326 3589 5395 νέμειν
3637 5325 3695 5378 τά

432 5413 754 5481 quotidiano
775 5411 899 5467 cibo
927 5409 1258 5480 indigentem
1279 5410 1590 5463 constituat.
1610 5408 1692 5464 Ob
1715 5410 1766 5464 id
1787 5410 2003 5480 populos

2126 5415 2262 5484 πρὸς
2301 5417 2505 5487 τροφὴν
2539 5419 2650 5478 τοῖς
2681 5416 2884 5486 ἱερεῦσι
2906 5417 2992 5470 διὰ
3023 5418 3285 5489 ἀπαρχῶν
3330 5436 3386 5472 τε
3417 5420 3513 5472 καὶ
3539 5436 3695 5487 xpos-

435 5503 780 5568 adhortatur,
805 5510 864 5557 ut
881 5519 1004 5574 qua:
1027 5502 1092 5556 ad
1119 5499 1344 5556 alendos
1360 5500 1676 5556 sacerdotes
1701 5501 2003 5556 necessaria

2125 5504 2325 5575 φορῶν,
2376 5505 2604 5559 καὶτῶν
2645 5506 2848 5560 ἄλλων·
2891 5500 2966 5560 ὧν
3005 5507 3252 5571 ἐξουσίαν
3282 5507 3496 5576 ἔχοντες
3538 5509 3588 5560 οἰ
3637 5507 3693 5559 ἐκ

522 5617 537 5647 ⁸
569 5615 731 5670 Prov.
765 5630 838 5672 νι.
868 5615 918 5667 8.
997 5616 1017 5645 ²
1049 5610 1206 5667 Prov.
1237 5627 1395 5683 mn,
1423 5612 1478 5666 5.
1554 5611 1744 5683 ’ibid.
1773 5610 1887 5683 §.__
1926 5610 1946 5642 ⁸
1986 5608 2121 5666 Dan.
2155 5629 2192 5677 ι,
2227 5614 2259 5667 8
2309 5631 2430 5683 sqq.
2507 5617 2527 5647 ⁵
2563 5613 2736 5670 Exod.
2779 5631 2840 5677 ιι,
2886 5615 2987 5680 15;
3023 5614 3187 5671 Hebr.
3232 5631 3312 5681 xu,
3350 5616 3436 5670 ll.
3515 5617 3536 5647 ‘
3565 5617 3690 5673 Gen.

439 5702 594 5746 nix,
662 5685 748 5738 15.
836 5686 855 5715 ⁷
890 5683 1076 5739 Matth.
1114 5700 1163 5749 κ,
1213 5683 1312 5751 l0;
1338 5681 1470 5737 Luc.
1508 5698 1559 5747 ι,
1594 5682 1648 5736 7.
1731 5681 1792 5734 8l
1827 5681 1968 5737 Tim.

433 5757 484 5790 "
529 5751 591 5810 Ρ.
626 5753 802 5820 λόγον.
1037 5766 1040 5767 ⁷

2114 5683 2164 5739 8.
2244 5683 2264 5716 ’
2298 5683 2313 5738 Ι
2353 5681 2480 5742 Cor.
2511 5702 2584 5751 ιιι,
2625 5687 2680 5740 7.
2761 5687 2803 5718 ιο
2826 5685 2960 5742 ibid.
3004 5688 3090 5742 15.
3169 5688 3205 5718 ¹¹
3237 5687 3362 5743 Cor.
3395 5687 3688 5760 δυνάμενοι.
