3986 6224
179 357 277 413 Ἰ·Ξεί

799 353 1170 414 ADVERSUS
1213 354 1559 413 HERESES
1599 356 1727 414 LIB.
1756 357 1845 415 111.
1888 353 2052 416 ΤΟΜ.
2089 356 2151 415 ll.
2175 390 2242 402 —-
2276 357 2550 415 llAiltES.
2593 357 2804 414 LXXX.

3372 363 3482 419 766

183 474 318 532 Θεοῦ
351 477 485 544 τοὺς
531 477 700 542 λαοὺς
734 478 951 551 ὁδηγεῖν
997 481 1482 554 προστεταγμένοι,
1505 483 1626 536 οὐδὲ
1657 482 1780 536 τού-

1907 492 2029 551 .unt,
2043 482 2369 555 iustissimis
2398 483 2516 539 suis
2542 483 2822 539 laboribus
2848 481 3076 554 quaesita
3097 483 3472 554 suppeditent,

186 587 295 633 τοις
342 569 648 644 κέχρηνται
698 574 1043 647 κατακόρως,
1075 575 1124 628 oi
1165 573 1284 645 Θεῷ
1328 573 1549 640 τελείως
1591 575 1783 648 εὐαρε-

187 663 331 718 στείν
355 662 848 736 ἐπαγγελλόμενα.

1887 575 2186 631 οσοτοιιιιίε
2239 574 2528 646 primitiis,
2581 575 2951 630 oblationibus
3021 589 3086 628 ac
3140 575 3370 644 reliquis
3422 573 3474 628 id

1889 681 2080 736 genus.
2122 664 2255 730 Quae
2282 680 2406 721 cum
2458 664 2513 722 in
2561 672 2830 734 potestate
2857 679 2956 718 sua
2990 663 3246 728 habeant,
3276 664 3478 733 quibus

601 774 645 862 θ’
685 758 796 862 [leo
829 760 1156 862 populorum
1205 768 1290 819 cst
1339 760 1634 817 commissa
1702 759 2010 832 provincia,
2069 761 2266 816 borum
2329 769 2512 815 tamen
2557 759 2682 815 usui
2725 759 2884 829 plene
2963 759 3289 830 penitusque
3364 773 3477 813 non

189 849 504 922 indulgent,
553 853 646 922 qui
690 851 802 909 Deo
847 853 1091 925 perfecte
1132 855 1350 925 placere
1395 870 1456 911 se
1495 855 1634 910 velle
1665 852 2018 925 profitentur.

257 946 352 1011 ς’.
395 944 516 998 Καὶ
545 945 656 1017 γὰρ
690 944 750 1013 ἐξ
767 946 946 1001 αὐτῶν
971 945 1066 1000 τοῦ
1100 947 1237 1002 Θεοῦ
1273 948 1484 1020 ἱερέων,
1512 949 1606 1002 καὶ
1632 945 1788 1002 αὐτοὶ

192 1035 329 1106 μετὰ
378 1035 480 1090 τοῦ
533 1036 897 1109 κηρύγματος
941 1037 1036 1092 τοῦ
1089 1039 1251 1109 λόγου
1315 1039 1644 1113 μιμούμενοι
1695 1038 1788 1094 τὸν

191 1129 343 1196 ἅγιον
365 1129 554 1183 αὐτῶν
591 1129 728 1201 μετὰ
755 1130 848 1185 τὸν
869 1131 1004 1186 Θεὸν
1035 1133 1092 1184 ἐν
1120 1132 1342 1204 Χριστῷ
1371 1133 1606 1205 πατέρα,
1643 1131 1787 1203 φημὶ

187 1220 243 1273 δὲ
273 1220 498 1275 Παῦλον
542 1222 634 1276 τὸν
673 1223 827 1293 ἀγιον
857 1223 1178 1290 ἀπόστολον,
1225 1226 1320 1279 καὶ
1351 1225 1526 1290 αὐτοὶ,
1560 1223 1700 1279 κατά
1725 1223 1788 1278 τὸ

187 1312 436 1379 δυνατὸν,
493 1316 546 1368 εἰ
589 1316 684 1368 καὶ
736 1315 811 1387 μὴ
863 1316 1085 1381 πάντες,
1145 1317 1261 1372 ἀλλ’
1295 1320 1344 1371 oi
1390 1318 1612 1381 πλείους
1665 1318 1787 1381 ταῖς

193 1404 351 1469 ἰδίαις
387 1408 583 1478 χερσὶν
611 1408 990 1480 ἐργαζόμενοι,
1019 1411 1136 1466 οἷαν
1165 1411 1208 1463 δ’
1239 1410 1517 1480 ἀναλόγως
1540 1409 1786 1481 συμπρέ-

190 1515 397 1552 πουσαν
433 1499 519 1569 τῷ
549 1498 842 1572 ἀξιώματι,
870 1502 1086 1573 καὶτῆς
1122 1503 1587 1576 ἐκκλησιαπικῆς
1623 1520 1786 1575 φρον-

188 1590 329 1654 τίδος
363 1591 678 1664 ὲνδελεχείᾳ
722 1593 932 1667 εὕροιεν
956 1595 1174 1666 τέχνην,
1210 1597 1360 1661 ὅπως
1406 1595 1545 1669 μετὰ
1570 1596 1666 1650 τοῦ
1695 1595 1784 1649 λό-

191 1698 288 1750 γου
316 1683 415 1736 καὶ
444 1682 544 1738 τοῦ
580 1684 934 1757 κηρύγματος
963 1688 996 1758 ἡ
1027 1688 1326 1759 συνείδησις
1349 1689 1536 1764 χαίρῃ.
1573 1689 1667 1744 καὶ
1696 1687 1785 1743 διὰ

1965 943 2057 1000 Vl.
2096 943 2177 1000 llli
2211 944 2358 1000 enim
2391 943 2609 999 tametsi
2640 957 2672 998 e
2704 941 3052 997 sacerdotum
3086 956 3316 996 numero
3344 941 3475 1006 sint,

1892 1037 1959 1093 ad
2021 1035 2358 1093 sanctissimi
2420 1035 2506 1092 sui
2565 1033 2874 1091 secundum
2931 1031 3101 1088 Deum
3156 1033 3210 1087 in
3257 1032 3512 1088 Christo'

1892 1130 2066 1202 patris
2116 1129 2475 1183 imitationem
2523 1125 2777 1200 (Paulum
2841 1125 3150 1196 apostolum
3214 1125 3480 1197 intelligo)

1890 1241 2002 1282 non
2031 1239 2223 1280 omnes
2252 1223 2496 1294 quidem,
2537 1221 2632 1277 sed
2663 1219 2912 1292 plerique
2964 1228 3148 1272 tamen
3189 1217 3256 1271 ad
3301 1231 3484 1272 susce-

1891 1329 2040 1393 ptam
2063 1318 2234 1374 divini
2256 1315 2410 1372 verbi
2439 1313 2884 1386 pradicationem
2902 1319 3187 1366 externam
3221 1322 3482 1364 manuum

1890 1427 2115 1484 operam
2162 1409 2504 1480 adiungunt;
2570 1419 2964 1478 quamcunque
3019 1402 3240 1458 demum
3307 1407 3483 1454 artem

1891 1505 2072 1576 adepti
2109 1503 2239 1568 sint,
2262 1515 2382 1570 quae
2402 1515 2503 1555 nec
2518 1499 2830 1569 edignitate
2847 1511 2970 1563 sua,
3008 1509 3111 1550 nec
3134 1493 3203 1548 ab
3227 1491 3486 1547 Ecclesia:

1890 1615 2024 1655 cura
2036 1612 2198 1670 quam
2217 1603 2534 1668 perpetuam
2561 1599 2779 1662 gerunt,
2797 1589 3122 1650 abhorreat,
3148 1593 3208 1639 ut
3234 1584 3482 1654 ipsorum

1891 1690 2254 1756 conscientia,
2293 1693 2492 1758 praeter
2543 1684 2696 1738 illum
2742 1681 2912 1736 divini
2958 1677 3110 1734 verbi
3146 1674 3482 1748 praedicandi

191 1773 390 1844 χειρῶν
415 1774 569 1829 ίδίων
593 1777 1037 1849 καρποφοροῦσα,
1061 1780 1155 1832 καὶ
1179 1780 1345 1852 ἑαυτῇ
1372 1781 1782 1853 ὲπαρκουμένη,

1907 1782 2149 1841 aborem,
2199 1777 2546 1850 propriarum
2587 1787 2847 1828 manuum
2892 1769 3132 1824 fructum
3175 1766 3379 1828 ferens,
3419 1780 3485 1820 ac

192 1867 300 1929 τοῖς
350 1882 411 1918 τε
465 1866 719 1937 ἀδελφοῖς
765 1869 862 1922 καὶ
901 1868 1234 1940 ένδεομένοις
1274 1871 1375 1943 τὴν
1425 1871 1563 1943 μετά
1601 1874 1790 1943 χεῖρας

192 1957 544 2028 οἰκονομίανο
577 1960 842 2032 ἀπαρχῶν
872 1960 951 2027 δὲ,
986 1961 1150 2034 φημὶ,
1195 1964 1291 2018 καὶ
1318 1964 1666 2036 προσφορῶν,
1698 1964 1792 2018 καὶ

196 2046 254 2113 ἐξ
282 2049 466 2103 αὐτῶν
509 2050 623 2125 (25)
654 2052 763 2106 τῶν
783 2053 870 2108 διὰ
897 2053 1098 2127 χειρῶν
1129 2057 1506 2129 εἰργασμένων
1530 2059 1596 2112 δι’
1622 2059 1792 2132 ὑπερ-

196 2137 355 2212 δολὴν
384 2141 690 2208 διαθέσεως
727 2143 865 2215 πρὸς
883 2144 1036 2212 Θεὸν,
1067 2147 1162 2201 καὶ
1189 2150 1303 2211 τοῖς
1330 2148 1502 2212 πέλας
1527 2149 1791 2214 ἑκουσίως

201 2233 596 2303 μεταδιδοῦσα·
627 2236 807 2290 καίτοι
849 2253 914 2306 γε
966 2237 1041 2309 μὴ
1085 2238 1549 2312 ἀναγκαζομένων
1586 2241 1787 2308 αὐτῶν,

201 2323 336 2394 μήτε
371 2327 882 2399 κατακρινομένων,
910 2328 1048 2383 ἁλλὰ
1070 2329 1419 2404 δικαιοσύνης
1447 2332 1645 2397 πόνους
1697 2335 1791 2389 καὶ

199 2414 458 2486 ἐργασίαν
499 2419 960 2493 ἑκκλησιαστικὴν
993 2423 1248 2494 ἑχόντων,
1287 2424 1380 2478 καὶ
1411 2424 1552 2480 κατὰ
1587 2426 1792 2479 δικαιο-

203 2504 364 2578 σύνην
383 2509 742 2579 σιτουμένων,
759 2511 825 2564 δι’
850 2511 953 2564 ὐπε
961 2511 1156 2584 ρδολὴν
1170 2513 1226 2568 δὲ
1242 2515 1618 2586 προαιρέσεως
1633 2514 1792 2570 τοῦτο

201 2597 377 2653 αὐτῶν
433 2601 758 2657 ποιούντων.
806 2602 1092 2657 Ἐπιποθεῖ
1137 2603 1246 2676 γὰρ
1271 2654 1278 2660 .
1301 2605 1480 2660 αὐτῶν
1522 2608 1555 2677 ἡ
1609 2605 1790 2671 ἔνθεος

202 2686 364 2759 ψυχὴ,
395 2690 498 2744 καὶ
527 2689 586 2743 ἐν
615 2684 766 2763 φόϐῳ
797 2690 932 2744 Θεοῦ
965 2694 1362 2766 ὲστηριγμένη,
1393 2696 1489 2750 καὶ
1517 2697 1582 2751 ὲκ
1616 2695 1791 2749 Πνεύ-

207 2796 370 2847 ματος
393 2782 559 2852 ἁγίου
579 2783 678 2855 τὴν
707 2782 909 2852 γνῶσιν
935 2786 1272 2857 κεκτημένη,
1295 2785 1528 2842 πλούτου
1554 2789 1792 2860 ἐπουρα-

206 2871 313 2924 νίου
342 2873 434 2927 τοῦ
473 2873 614 2929 κατά
643 2875 994 2949 δικαιοσύνην
1021 2877 1162 2948 μετὰ
1187 2880 1430 2941 ἐπαίνου.
1457 2880 1552 2935 καὶ
1576 2881 1787 2946 κλέους,

207 2965 296 3016 καὶ
333 2967 644 3036 ἀριστείας,
694 2967 790 3022 τοῦ
839 2968 928 3024 διά
966 2969 1125 3024 θείων
1160 2971 1468 3042 δογμάτων,
1511 2974 1606 3027 καὶ
1641 2972 1793 3038 θείας

212 3054 437 3125 μελέτης
477 3057 637 3125 ἁγίας
667 3057 911 3129 Γραφῆς,
941 3059 1036 3113 καὶ
1063 3059 1261 3129 λογίων
1284 3061 1441 3127 Θεοῦ,
1463 3061 1792 3134 ψαλμῳδιῶν

208 3163 266 3201 τε
298 3151 392 3204 καὶ
452 3151 748 3218 συνάξεων,
785 3153 956 3222 ἁγίων
994 3152 1258 3225 νηστειῶν
1315 3171 1374 3208 τε
1405 3155 1500 3209 καὶ
1548 3157 1792 3227 ἁγνείας,
1822 3135 1866 3192 c

212 3238 302 3292 καὶ
328 3240 629 3306 πολιτείας,
665 3243 760 3296 καὶ
787 3243 887 3312 τῆς
917 3241 1006 3296 διὰ
1043 3242 1262 3315 χειρῶν,
1293 3243 1480 3298 ἕνεκεν
1518 3246 1796 3300 δικαιοσύ-

211 3346 325 3401 νης,
375 3333 521 3404 μετά
561 3333 934 3406 προαιρέσεως
979 3335 1265 3406 ἐργασίας.
1305 3335 1464 3392 Ἀλλά
1516 3337 1610 3391 καὶ
1656 3337 1802 3409 ἄλλῳ

211 3421 934 3497 τύπιρβὸἻπροελήφθησαν
951 3427 1001 3480 οἰ
1024 3427 1180 3482 αὐτοὶ⁴
1193 3426 1364 3500 τίμιοι
1385 3427 1543 3499 ἡμῶν
1558 3427 1798 3497 ἀδελφοὶ,

212 3520 260 3574 οἰ
285 3519 425 3575 κατὰ
453 3518 883 3588 Μεσοποταμίαν
911 3519 970 3572 ἐν
1002 3519 1386 3591 μοναστηρίοις
1441 3519 1800 3592 ὑπάρχοντες,

216 3609 396 3664 εῑτουν.
413 3608 723 3678 Μάνδραις
749 3609 1134 3681 καλουμέναις,
1167 3608 1385 3682 κώμαις
1411 3613 1426 3644 ¹
1453 3614 1802 3681 γυναικικαῖς

215 3702 668 3775 προὸαλλόμενοι,
710 3703 806 3756 καὶ
839 3703 1030 3774 σὰκκῳ
1060 3706 1331 3776 προφανεῖ
1375 3706 1798 3776 ὲπερειδόμενοι.

221 3797 361 3851 Ἔδει
392 3797 457 3850 δὲ
500 3796 570 3851 τὰ
597 3797 697 3867 τῆς
749 3797 911 3866 ἁγίας
943 3797 1221 3870 Παρθένου
1262 3799 1468 3872 μητρὸς
1510 3799 1666 3872 ἡμῶν
1704 3799 1804 3870 τῆς

234 3887 564 3962 Ἐκκλησίας
611 3887 878 3959 ὑπάρχειν
933 3888 1100 3942 τέκνα
1149 3888 1343 3961 σεμνὰ,
1396 3891 1641 3962 οίκουρά,
1684 3891 1805 3962 Θεῷ

220 3977 548 4052 λατρεύοντα
591 3981 839 4053 κρυφίως
876 3980 956 4052 τῷ
981 3980 1146 4034 εἰδότι
1173 3979 1242 4035 τὰ
1276 3981 1508 4052 κρύφια,
1541 3983 1637 4040 καὶ
1665 3984 1803 4038 ἁπο-

220 4069 410 4126 διδόντι
441 4073 499 4126 ὲν
528 4075 642 4136 τοῖς
681 4074 957 4142 φανεροῖς,
994 4070 1137 4125 κατὰ
1169 4071 1232 4124 τὺ
1275 4072 1682 4144 γεγραμμένον,
1711 4073 1806 4126 καί⁹

222 4164 574 4237 εὐσχημόνως
609 4165 698 4218 διὰ
735 4165 862 4228 τοὺς
902 4163 1027 4229 ἔξω,
1060 4163 1155 4219 καὶ
1191 4162 1265 4236 μὴ
1305 4163 1587 4235 βούλεσθαι
1621 4163 1807 4218 λαϐεῖν

222 4256 324 4311 ἀπὸ
357 4257 471 4312 τῶν
514 4256 766 4330 ὁρώντων
793 4257 884 4311 τὸν
926 4255 1115 4327 μισθὸν
1145 4258 1240 4311 καὶ
1269 4255 1368 4328 τὴν
1405 4255 1586 4329 χάριν.
1626 4256 1807 4311 Ἀλλό-

223 4365 367 4419 τριον
415 4349 526 4422 γάρ
583 4349 702 4402 ὲστι
733 4350 834 4421 τῆς
887 4347 1184 4417 καθολικῆς
1233 4349 1558 4420 Ἐκκλησίας
1607 4349 1809 4414 σάκκος

226 4441 528 4510 προφανὴς.
557 4443 652 4496 καὶ
681 4441 825 4514 κόμη
872 4441 1248 4514 ὲκτεμνομένη
1273 4443 1293 4474 ³
1322 4441 1432 4496 ἀπὸ
1473 4440 1566 4496 τοῦ
1601 4441 1811 4515 κηρύγ-

1893 1891 2017 1932 cum
2051 1873 2156 1930 sibi
2219 1870 2345 1943 ipsi,
2397 1878 2511 1924 tum
2563 1865 2826 1921 fratribus
2870 1870 2924 1918 et
2959 1860 3250 1932 egentibus
3299 1857 3484 1928 operis

1893 1967 1976 2024 sui
1996 1972 2266 2037 quastum
2293 1961 2636 2032 impertiens,
2661 1958 2941 2028 voluptate
2971 1952 3357 2024 perfundatur,
3383 1950 3485 2003 hoc

1890 2067 2105 2118 esttam
2130 2057 2400 2130 primitias
2421 2063 2475 2110 et
2521 2053 2847 2113 oblationes,
2874 2063 3037 2120 quam
3058 2044 3202 2118 quod
3225 2057 3484 2098 manuum

1892 2167 2117 2208 suarum
2153 2163 2316 2218 opera
2354 2145 2537 2201 lucelli
2577 2141 2883 2215 quaesierit,
2921 2154 3045 2194 cum
3063 2134 3330 2208 proximis
3370 2132 3488 2186 suis

1895 2243 2039 2298 ultro
2087 2256 2185 2312 pro
2230 2237 2445 2293 ardenti
2491 2237 2544 2290 in
2607 2234 2777 2289 Deum
2831 2245 3019 2285 amore
3093 2223 3484 2282 communicet.

1891 2334 2056 2405 Atqui
2119 2332 2266 2387 nulla
2339 2330 2406 2383 ad
2474 2327 2530 2383 id
2594 2323 2868 2397 agendum
2925 2320 3252 2376 necessitate
3311 2315 3486 2370 coacti

1892 2425 2243 2494 damnatique
2293 2427 2439 2478 sunt.
2472 2418 2582 2474 Sed
2637 2432 2764 2472 cum
2818 2413 3163 2486 justissimos
3215 2409 3354 2462 alios
3409 2408 3490 2460 la-

1893 2519 2054 2576 bores
2115 2527 2169 2572 et
2209 2512 2616 2572 ecclesiasticas
2656 2509 3047 2580 occupationes
3108 2504 3386 2565 habeant,
3430 2507 3487 2554 et

1891 2625 1994 2681 pro
2063 2623 2130 2664 eo
2175 2615 2341 2677 atque
2386 2618 2601 2675 tequum
2645 2607 2750 2665 est,
2794 2599 2865 2652 ali
2909 2595 3152 2651 indidem
3211 2593 3486 2655 debeant,

1893 2699 2230 2756 abundantia
2262 2696 2498 2768 quadam
2561 2692 2786 2747 virtutis
2833 2696 2888 2745 et
2915 2687 3143 2760 prolixae
3186 2683 3490 2739 voluntatis

1893 2795 1948 2850 id
1971 2793 2076 2849 sibi
2105 2789 2618 2859 onerisimponunt.
2647 2783 2864 2839 Etenim
2885 2781 3106 2836 divinus
3130 2777 3344 2832 illorum
3371 2774 3494 2829 ani-

1895 2899 2041 2946 mus,
2065 2891 2118 2937 et
2142 2882 2198 2936 in
2228 2880 2320 2934 Dei
2360 2879 2559 2932 timore
2589 2874 2887 2937 stabilitus,
2920 2870 3209 2939 infusaque
3235 2882 3264 2921 a
3284 2865 3494 2936 Spiritu

1897 2973 2108 3046 1073
2147 2977 2336 3027 sancto
2383 2966 2612 3024 scientia
2642 2965 2922 3036 praeditus,
2971 2959 3275 3016 cmlestium
3303 2972 3492 3028 opum,

1895 3081 2015 3138 quae
2041 3064 2094 3118 in
2120 3061 2334 3134 justitia
2366 3059 2559 3130 posita:
2582 3065 2733 3119 sunt,
2762 3052 3037 3110 desiderio
3068 3058 3283 3105 tenetur
3313 3068 3324 3102 :
3350 3063 3491 3118 quas

1907 3172 2032 3214 cum
2071 3153 2233 3210 laude
2287 3159 2342 3208 et
2375 3149 2572 3222 gloria,
2612 3145 2961 3217 egregiisque
3004 3142 3165 3198 factis
3208 3157 3240 3197 e
3291 3138 3496 3194 divinis

1903 3245 2251 3319 dogmatibus
2284 3257 2349 3297 ac
2377 3255 2659 3297 sacrarum
2683 3237 3012 3292 Litterarum
3039 3243 3096 3290 et
3141 3233 3494 3286 oraculorum

1905 3341 1998 3397 Dei
2023 3337 2400 3400 meditatione,
2419 3343 2582 3404 atque
2598 3345 2628 3386 e
2645 3332 2984 3400 psalmorum
3006 3322 3492 3387 concentionibus,

1902 3440 1959 3489 et
2005 3426 2394 3487 ecclesiasticis
2461 3420 2844 3482 conventibus,
2898 3431 3116 3473 necnon
3177 3422 3233 3470 et
3291 3411 3497 3469 sanctis

1901 3522 2150 3596 jejuniis,
2195 3519 2472 3583 castitate,
2507 3512 2924 3584 religiosissimo
2956 3506 3173 3565 vivendi
3210 3504 3481 3566 instituto,

1906 3633 1971 3674 ac
2003 3622 2198 3686 sponte
2230 3611 2335 3668 sibi
2366 3608 2570 3664 indicta
2597 3605 2668 3659 ob
2699 3617 2943 3658 amorem
2973 3597 3206 3670 iustitiae
3236 3608 3496 3649 manuum

1905 3684 2072 3779 opera
2123 3707 2557 3773 consequuntur.
2595 3698 2692 3752 Est
2734 3705 2788 3751 et
2836 3695 2940 3749 alia
2983 3691 3232 3764 quaedam
3280 3684 3500 3742 vivendi

1907 3776 2081 3854 forma
2146 3809 2212 3852 ac
2262 3791 2586 3862 disciplina,
2646 3801 2754 3857 qua
2820 3781 3130 3840 istiusmodi
3191 3776 3492 3834 venerandi

1909 3890 2084 3946 nostri
2116 3887 2314 3944 fratres
2346 3890 2612 3944 utuntur,
2657 3879 2752 3948 qui
2786 3877 2841 3932 in
2879 3870 3270 3944 Mesopotamia
3295 3870 3351 3924 in
3385 3882 3502 3922 mo-

1909 3981 2186 4042 nasteriis,
2212 3994 2350 4051 quas
2385 3974 2637 4032 Mandras
2665 3971 2963 4042 appellant,
3007 3965 3346 4022 domicilium
3378 3961 3506 4015 fixe-

1908 4080 2059 4130 runt.
2084 4070 2188 4138 Qui
2206 4078 2262 4128 et
2283 4082 2470 4124 comas
2497 4063 2818 4119 muliebrem
2839 4061 2892 4116 in
2914 4059 3135 4115 modum
3153 4057 3501 4134 promittunt,

1909 4171 1962 4219 et
1995 4130 2233 4216 cilidium
2268 4155 2551 4229 propalam
2600 4151 2878 4209 affectant.
2917 4146 3022 4202 Sed
3056 4130 3313 4200 nimirum
3341 4155 3506 4212 opor-

1913 4255 2061 4312 tebat
2089 4258 2294 4309 sanctae
2334 4247 2576 4319 Virginis
2633 4261 2700 4300 ac
2761 4249 2967 4298 nostrae
3016 4237 3208 4293 matris
3243 4234 3503 4290 Ecclesia:

1913 4347 2116 4402 liberos
2168 4358 2294 4399 esse
2335 4340 2715 4412 perbonestos,
2757 4335 2981 4392 domum
3014 4337 3323 4392 servantes,
3375 4324 3504 4381 Deo.

1913 4456 2038 4512 que,
2081 4437 2172 4510 qui
2203 4435 2389 4492 abdita
2430 4432 2757 4500 occultaque
2781 4427 2932 4483 novit
2986 4439 3051 4479 ac
3077 4422 3254 4494 palam
3281 4417 3502 4490 praemia

231 4550 396 4602 ματος
424 4533 516 4589 ’.οῦ
543 4499 884 4592 ’Δποστόλδυο
940 4499 1266 4604 ’Λκὴέγὰᾴ
1295 4535 1480 4605 φησὶν,
1509 4535 1624 4589 οὐκ

1917 4499 2195 4606 persolvit,
2233 4528 2310 4583 uti
2358 4524 2624 4596 scriptum
2650 4499 2757 4587 est,
2797 4521 2853 4575 in
2899 4516 3086 4573 abdito
3115 4515 3139 4547 ⁸
3173 4512 3496 4572 servientes,

184 4663 188 4668 ι
225 4627 314 4680 λει
345 4624 562 4698 κομᾷγ,
599 4626 779 4682 εἰκὼν
798 4626 897 4681 καὶ
923 4625 1077 4692 δόξα
1110 4625 1259 4681 Θεοῦ
1287 4625 1594 4696 ὑπάρχων.

1917 4605 2081 4697 idque
2109 4623 2326 4686 decore,
2358 4625 2578 4691 propter
2607 4623 2849 4680 exteros,
2880 4619 2936 4668 et
2973 4611 3234 4666 honeste:
3267 4605 3406 4662 adeo
3435 4612 3498 4659 ut

228 4721 433 4776 nullam
464 4721 532 4776 ab
559 4720 900 4777 intuentibus
928 4720 1262 4786 mercedem,
1315 4730 1410 4776 aut
1451 4721 1681 4791 gratiam
1712 4725 2112 4792 exspectarent.
2157 4714 2254 4772 Est
2291 4714 2436 4770 enim
2481 4710 2551 4766 ab
2587 4706 2848 4763 Ecclesia:
2885 4701 3170 4759 catholicae
3201 4706 3257 4754 et
3284 4700 3501 4766 aposto-

227 4805 404 4863 lorum
429 4813 678 4870 doctrina
713 4827 940 4884 prorsus
968 4813 1232 4876 alienum,
1269 4811 1510 4868 cilicium
1555 4813 1734 4885 palam
1775 4789 1887 4884 pra:
1925 4827 1986 4868 se
2029 4809 2192 4871 ferre,
2223 4821 2287 4862 ac
2314 4817 2526 4861 comam
2556 4799 2903 4858 submittere.
2967 4793 3063 4849 Vir
3105 4791 3270 4855 enim,
3325 4789 3504 4859 inquit

229 4906 548 4976 Apostolus.
583 4922 790 4960 comam
820 4907 1024 4962 nutrire
1061 4922 1165 4960 non
1189 4904 1364 4970 debet,
1410 4923 1532 4960 nam
1559 4908 1735 4978 imago
1767 4906 1860 4961 Dei
1899 4905 1968 4960 sit
1999 4912 2048 4960 et
2079 4903 2254 4974 gloria
2278 4901 2320 4955 ³.

298 4999 373 5053 Z'.
412 4996 478 5051 Ti
501 4996 559 5050 δὲ
598 4998 780 5067 χεῖρον
813 4995 834 5025 ⁸
869 4995 962 5048 καὶ
988 4994 1247 5048 ἐναντίον.
1275 4997 1340 5049 Oi
1385 4995 1483 5066 μὲν
1511 4995 1574 5048 τὸ
1609 4994 1817 5063 γένειον
1847 4983 1854 4991 ’

1996 4972 2110 5048 νη.
2169 4989 2278 5045 Sed
2323 4987 2566 5043 deterius
2613 4981 2868 5054 quiddam
2919 4995 2984 5034 ac
3041 4974 3374 5032 contrarium
3434 4972 3504 5026 ab

231 5089 325 5161 τὴν
353 5089 568 5162 μορφὴν
624 5087 718 5140 τοῦ
763 5087 955 5158 ἀνδρὸς
983 5086 1367 5157 ἀποτέμνουσι,
1401 5086 1596 5157 τρίχας
1627 5086 1684 5139 δὲ
1718 5085 1798 5155 τῆς

1924 5083 2032 5138 illis
2071 5080 2280 5151 geritur
2315 5076 2626 5147 :siquidem
2673 5074 2760 5128 isti
2804 5071 3055 5130 barbam,
3092 5067 3196 5121 hoc
3240 5069 3326 5118 est
3375 5075 3507 5130 pro~

232 5180 474 5250 κεφαλῆς
533 5179 793 5242 πολλάκις
847 5179 1078 5249 κομῶσι.
1135 5179 1244 5231 Καὶ
1285 5177 1415 5248 περί
1464 5177 1562 5246 μὲν
1594 5173 1689 5230 οὖν
1719 5170 1814 5228 τοῦ

1932 5174 2110 5246 priam
2147 5172 2249 5226 viri
2284 5169 2542 5228 formam.
2570 5174 2820 5222 resecant
2844 5181 2858 5231 ;
2885 5161 3116 5232 capillos
3149 5171 3280 5212 vero
3311 5161 3372 5208 ut
3393 5153 3508 5224 plu-

231 5246 442 5338 γενείου
468 5271 580 5345 (24)
608 5272 666 5324 ὲν
694 5273 813 5334 ταῖς
830 5246 1116 5336 Διὰτάξεσι
1143 5269 1254 5323 τῶν
1294 5246 1608 5324 ἀποστόλων
1627 5267 1798 5337 φάσκε

1933 5267 2131 5322 rimum
2164 5263 2490 5334 prolixiores
2521 5260 2748 5324 habent.
2789 5254 2953 5325 Atqui
2988 5250 3135 5322 quod
3180 5247 3248 5304 ad
3279 5246 3510 5312 barbam

303 5391 319 5422 ¹
355 5389 418 5445 F.
460 5389 658 5463 κόμας.
733 5392 754 5423 ³
783 5386 845 5442 F.
877 5387 1249 5459 ἐκτεινομένη.
1323 5387 1345 5418 ³
1375 5385 1434 5440 F.
1473 5385 1502 5438 ὃ
1527 5385 1583 5439 δὲ
1610 5387 1798 5457 χεῖρον

1907 5385 1949 5450 :l,
1984 5383 2063 5439 ἔτι
2093 5383 2172 5438 δέ.
2247 5379 2270 5412 δ
2300 5378 2488 5434 Matth.
2515 5392 2591 5443 vi,
2618 5377 2672 5432 6.
2752 5374 2773 5405 ⁵
2812 5370 2830 5424 1
2861 5370 2985 5425 ϐοΐ.
3020 5383 3095 5430 ιι,
3132 5364 3188 5420 7-

268 5524 420 5608 ,(ξιῦ)
452 5525 563 5608 Καὶ
641 5525 710 5590 ἐξ
747 5521 964 5608 αὑτων,
1018 5519 1137 5608 imo
1185 5531 1579 5608 nonLnunquam
1618 5514 1816 5608 id-cle-

240 5588 366 5652 riu-is
400 5588 644 5652 veterum
691 5588 1056 5650 conciliorum
1085 5590 1390 5660 canonibns
1413 5588 1812 5660 prmscriptttiti.

243 5674 298 5718 ut
345 5667 601 5736 Carlhag.
658 5682 732 5727 Iv.,
797 5661 1068 5736 can.__5_l.
1135 5659 1372 5736 Clericus
1415 5655 1814 5736 quantumlibet

245 5738 386 5792 mbo
439 5738 530 5791 Dei
549 5727 800 5792 cruditas
829 5732 1287 5802 artiﬁcio_victum
1314 5738 1538 5802 quierat.
1568 5727 1652 5802 _I)e
1706 5742 1817 5802 mo-

245 5809 431 5863 nachis
449 5807 759 5870 verumulto
783 5804 835 5861 id
869 5797 1048 5872 ipsum
1073 5797 1264 5871 magis
1296 5800 1522 5856 allirmat
1551 5797 1812 5867 Augusti-

1926 5529 2032 5568 nus
2061 5513 2202 5566 libro
2232 5510 2518 5582 singulari
2532 5509 2598 5562 de
2621 5522 2681 5562 ea
2707 5521 2766 5582 re
2788 5505 3014 5582 scripto.

1998 5566 2132 5652 (ξδ’)
2151 5566 2648 5652 Ἀλλὰυκαὶ-ἆλζῳ
2678 5577 2861 5652 τύίτῳ.
2886 5566 3127 5652 meminit
3141 5567 3194 5620 in
3213 5566 3502 5652 Ancorqto.

2264 5652 2394 5718 περὶ
2407 5649 2525 5719 μὲν
2543 5634 2781 5725 (lsi-305
2793 5634 3242 5725 γενείουλίλοειιιε
3270 5634 3464 5725 estlib.
3487 5649 3504 5687 ι

1923 5709 2148 5780 ϐοὶιδιῖι.
2175 5709 2371 5790 αροειῖ,
2397 5709 2517 5789 cap.
2552 5718 2605 5773 '5.
2653 5709 2831 5790 Notus
2846 5727 3001 5768 conc.
3033 5709 3290 5790 carthag.
3325 5718 3508 5790 canon
3571 5739 3574 5744 -

1920 5773 2419 5862 ἱὶζὶέιέὲὶεῖιῖηὲέ
2453 5773 2657 5846 domum
2693 5785 2910 5851 nutriat,
2935 5799 3027 5838 nec
3065 5773 3286 5836 barbam
3321 5773 3501 5831 radat.
