3986 6224
501 349 608 406 767

1935 356 1994 412 S.
2037 355 2386 413 EPIPIIANII

3683 357 3781 414 768

501 472 718 535 attinet,
751 471 805 524 in
837 471 1212 540 apostolorum
1237 471 1740 528 Constitutiombus
1773 473 1962 530 divino
1985 491 2076 529 ser

2201 475 2228 526 ό
2268 475 2408 537 θεῖος
2440 472 2598 544 λόγος
2627 473 2722 526 καὶ
2747 475 2780 543 ἡ
2803 473 3120 529 διδασκαλία
3139 475 3213 546 μὴ
3247 473 3510 546 φθείρειν,
3539 479 3780 531 τουτέστι

501 576 662 616 mone
706 577 770 616 ac
805 563 1063 633 dogmate
1105 565 1510 634 praescribitur,
1557 582 1626 620 ne
1657 583 1721 622 ea
1772 583 2094 638 corrumpa-

499 661 592 706 tur
622 673 637 708 :
675 655 777 708 hoc
823 665 908 710 est
959 671 1026 710 ne
1063 657 1229 710 barba
1259 667 1521 726 ponatur,
1573 673 1710 712 neve
1746 659 2091 714 meretricius

497 743 680 799 cultus
707 753 760 799 et
783 753 1014 801 ornatus
1045 755 1366 816 usurpetur,
1389 762 1452 801 ac
1483 763 1550 802 ne
1603 764 1696 818 per
1719 749 2088 819 arrogantiam

496 844 550 889 et
578 835 781 891 fastum
815 837 1067 892 aiiectata
1096 838 1344 907 qua-dam
1371 840 1599 908 justiti-ee
1629 841 1840 912 species
1879 841 1930 894 in
1963 855 2091 895 con-

498 943 690 996 gressu
747 945 812 984 ac
863 932 1266 986 consuetudine
1333 932 1683 1000 praeferatur.
1749 932 1884 987 Illud
1937 935 2084 990 enim

489 1015 774 1077 ‘Nazaraeis
811 1021 1078 1076 duntaxat
1118 1023 1190 1077 ob
1225 1023 1452 1093 figuram
1485 1023 1842 1094 congruebat.
1871 1023 2086 1094 Quippe

499 1119 710 1166 veteres
756 1127 854 1182 per
893 1111 1204 1167 futurarum
1248 1128 1430 1168 rerum
1479 1114 1837 1170 adumbratas
1891 1116 2084 1186 imagi-

498 1216 597 1256 nes
631 1203 868 1257 traducti
917 1212 1067 1270 sunt,
1099 1205 1246 1258 velut
1283 1219 1408 1258 cum
1439 1219 1652 1259 comam
1690 1222 1756 1260 ex
1801 1214 1928 1262 voto
1956 1221 2084 1277 pro-

498 1293 808 1350 missiorem
845 1295 1176 1360 habuerunt,
1231 1296 1407 1353 donec
1459 1297 1644 1352 mundi
1685 1307 1872 1355 votum
1919 1301 2083 1356 adve-

497 1386 601 1451 nit,
653 1394 708 1441 et
757 1387 1039 1457 impletum
1091 1395 1194 1454 est,
1245 1389 1348 1443 hoc
1399 1398 1484 1445 est
1531 1393 1784 1460 apparuit
1825 1390 2082 1450 Christus

499 1479 766 1534 Dominus
796 1480 994 1534 unicus
1021 1479 1115 1535 Dei
1157 1479 1366 1546 Filius;
1403 1491 1456 1534 et
1491 1481 1834 1538 innotescere
1873 1485 2080 1541 mundo

495 1569 661 1637 coepit
703 1570 792 1624 ille
843 1569 960 1640 ipse
1003 1571 1376 1640 sempiternus
1399 1572 1641 1642 quidem,
1677 1574 1772 1628 sed
1817 1575 1886 1630 ab
1928 1579 2076 1632 omni

2199 567 2274 638 μὴ
2303 567 2522 637 τέμνειν
2543 567 2737 638 τρίχας
2777 567 3020 634 γενείου,
3081 567 3216 638 μηδὲ
3249 567 3554 638 ἑταιρισμῷ
3613 586 3780 622 καταο

2193 657 2481 728 κομεῖσθαι
2500 659 2542 722 ⁸,
2560 660 2696 730 μήτε
2717 658 3096 730 ὑπερηφανίας
3122 660 3428 731 ὑπόδειγμα
3441 660 3780 733 δικαιοσύνης

2191 750 2292 821 τὴν
2355 750 2716 823 προσέλευσιν
2769 749 2936 820 ἔχειν.
2987 751 3241 821 Ἐπρεπε
3291 750 3400 823 γὰρ
3437 752 3778 823 Ναζωραίοις

2189 841 2348 894 τοῦτο
2383 841 2544 912 μόνον
2593 841 2684 895 διὰ
2725 841 2820 896 τὸν
2863 841 3052 897 τύπον.
3092 843 3260 914 Τύπῳ
3285 844 3394 915 γὰρ
3419 845 3656 914 ἡγοῦντο
3687 847 3710 878 δ
3733 848 3778 899 οἱ

2191 932 2416 986 παλαιοὶ
2453 931 2550 986 τοῦ
2611 932 2900 1002 μέλλοντος
2943 933 3184 1001 ἔσεσθαι,
3213 935 3430 1006 ἔχοντες
3473 938 3656 1008 κόμην
3693 940 3776 993 ἐπὶ

2187 1022 2290 1092 τῆς
2335 1023 2580 1096 κεφαλῆς
2617 1023 2706 1078 διὰ
2725 1023 2822 1096 τὴν
2873 1025 3056 1098 εὐχὴν,
3089 1026 3196 1090 ἕως
3235 1029 3358 1082 ὅτου
3383 1025 3554 1101 ἦλθεν
3579 1033 3614 1101 ἡ
3653 1033 3774 1104 εὐχὴ

2189 1114 2282 1168 τοῦ
2334 1115 2565 1186 κόσμου,
2626 1117 2722 1169 καὶ
2769 1116 3058 1190 ἐτελειώθη
3083 1135 3098 1148 ·
3137 1119 3347 1192 κεφαλὴ
3381 1121 3439 1174 δὲ
3480 1121 3723 1193 πέφηνεν
3749 1125 3776 1178 ό

2185 1207 2421 1276 Χριστὸς
2480 1209 2509 1259 ό
2563 1208 2858 1278 μονογενὴς
2889 1208 3018 1273 Υίὸς
3055 1209 3148 1263 τοῦ
3195 1209 3362 1274 Θεοῦ,
3407 1211 3506 1266 καὶ
3535 1212 3772 1284 ἐγνώσθη

2186 1297 2263 1369 τῷ
2291 1299 2480 1370 κόσμῳ
2513 1301 2542 1353 ὁ
2579 1299 2657 1352 ὢν
2697 1301 2785 1354 ἀεὶ
2831 1301 2926 1354 καὶ
2959 1299 3034 1372 μὴ
3083 1304 3490 1374 γινωσκόμενος
3519 1306 3674 1375 παρὰ
3711 1309 3772 1378 τῇ

2139 1388 2337 1461 ’πάσῃ
2387 1387 2852 1462 ἀνθρωπότητι,ἢ
2907 1391 3068 1461 μόνον
3119 1392 3282 1457 ὲνίοις
3323 1395 3434 1455 τοῖς
3483 1396 3570 1458 εἰς
3622 1395 3772 1448 αὑτὸν

2185 1480 2640 1534 πεπιστευκόσιν·
2687 1482 2778 1544 ἵν’,
2822 1483 2950 1536 ὅταν
2993 1481 3212 1555 γνῶμεν
3269 1483 3367 1556 τὴν
3400 1485 3672 1556 κεφαλὴν,
3705 1487 3772 1560 μὴ

2185 1569 2633 1641 καταισχύνωμεν
2693 1570 2790 1642 τὴν
2853 1571 3118 1644 κεφαλήν.
3189 1573 3266 1626 Οὐ
3311 1574 3418 1645 γὰρ
3448 1575 3642 1628 ἕνεκεν
3683 1578 3776 1647 τῆς

491 1675 692 1728 genere
747 1661 1031 1715 hominum
1093 1677 1442 1733 nequaquam
1494 1665 1748 1736 agnitus;
1792 1681 1982 1722 rerum
2047 1681 2076 1722 a

2185 1663 2322 1726 ιδίας
2351 1663 2594 1734 κεφαλῆς
2632 1663 2803 1733 λέγει,
2829 1664 2944 1718 ἀλλ’
2991 1665 3100 1720 ἀπὸ
3129 1665 3231 1736 τῆς
3265 1666 3401 1730 ιδίας
3429 1669 3511 1732 είς
3545 1670 3772 1741 Χριστὸν

489 1751 819 1821 quibusdam
848 1753 1136 1820 duntaxat,
1165 1755 1258 1824 qui
1294 1759 1348 1810 in
1383 1756 1562 1826 ipsum
1611 1758 1978 1822 crediderant,
2018 1768 2076 1814 ut

2184 1755 2478 1828 ἐνσκήπτει
2510 1755 2572 1808 τὸ
2615 1756 2714 1827 τῆς
2740 1755 2940 1826 χλεύης
2974 1755 3132 1827 ἔργον
3271 1761 3482 1828 φησινό
3521 1759 3772 1813 ’Δπόστο-

489 1843 712 1914 cognito
767 1844 951 1914 capite
993 1821 1198 1900 nullam
1249 1845 1378 1900 huic
1405 1821 1781 1917 ignominiam
1827 1850 2076 1918 impona-

2184 1848 2275 1912 λος
2299 1864 2312 1876 ·
2336 1821 2514 1917 Ἀὐτὴ
2563 1848 2602 1916 ή
2652 1821 2839 1919 etiam
2875 1821 2947 1902 ὀύ
2997 1821 3467 1919 tisanana,
3495 1849 3594 1904 ὅτι
3629 1851 3772 1922 ἀνὴρ

490 1949 634 1988 mus.
668 1933 807 1988 Nam
836 1951 946 1990 non
980 1943 1090 1988 tam
1120 1937 1188 1991 de
1215 1938 1434 2007 proprio
1463 1939 1677 2010 ιε)Ὶά
1702 1939 1971 2010 cujusque
1992 1956 2078 1996 ca-

489 2016 600 2084 pite
639 2017 885 2086 loquitur
919 2017 1235 2088 Apostolus,
1273 2037 1444 2091 quam
1497 2024 1566 2077 ab
1602 2039 1666 2078 eo
1701 2023 1754 2076 in
1797 2024 2073 2080 Christum

491 2107 668 2176 ipsum
721 2108 1014 2165 ludibrium
1057 2114 1562 2186 contumeliamque
1597 2117 1848 2172 derivat:
1885 2117 2076 2174 Nonne

489 2201 686 2271 inquit,
733 2213 928 2257 natura
972 2207 1090 2274 ipsa
1129 2223 1223 2260 nos
1256 2205 1406 2261 docet
1432 2249 1446 2272 ,
1477 2209 1619 2278 quod
1665 2211 1744 2264 vir
1782 2228 1988 2266 comam
2027 2215 2077 2268 si

488 2293 715 2357 nutriat,
749 2293 1040 2362 ignominia
1076 2306 1154 2350 est
1179 2297 1330 2351 illi“!
1377 2297 1535 2364 Quod
1581 2301 1802 2372 quidem
1853 2303 2076 2374 ignomi-

487 2383 592 2438 niaa
637 2399 811 2454 genus
851 2387 1126 2443 laudabile
1178 2405 1287 2444 non
1343 2401 1449 2455 est,
1497 2401 1556 2446 ut
1605 2393 1696 2446 illa
1741 2409 1862 2462 qua:
1897 2396 2072 2451 dicit:

485 2477 848 2546 Ignominiam
877 2483 1286 2550 contempsisti.
1320 2482 1506 2553 Neque
1535 2485 1682 2540 enim
1719 2487 1877 2555 quasi
1908 2489 2076 2557 quod-

483 2569 608 2622 dam
653 2570 876 2626 virtutis
925 2572 1184 2640 oﬂicium,
1221 2573 1311 2630 Dei
1357 2575 1490 2629 illud
1532 2591 1699 2632 causa
1745 2581 2072 2649 suscipitur,

485 2663 702 2717 tametsi
731 2662 804 2716 ad
833 2663 1000 2718 Deum
1025 2666 1306 2734 pertinere
1343 2667 1612 2723 videatur.
1647 2669 1752 2725 Sed
1787 2686 1816 2724 a
1847 2681 2072 2729 conten-

485 2752 634 2808 tione
675 2769 740 2807 ac
783 2755 1084 2824 pertinacia
1128 2757 1434 2826 profectum
1493 2769 1600 2828 est,
1659 2777 1786 2816 cum
1817 2762 2072 2836 jam'pri-

483 2842 606 2896 dem
647 2845 782 2916 legis
827 2847 1018 2918 umbra
1087 2848 1368 2920 ﬁguraque
1416 2862 1826 2923 praemi-gressa,
1870 2858 2072 2913 veritas

485 2935 602 3005 ipsa
643 2939 986 2994 successerit.
1023 2938 1202 3006 Quare
1237 2943 1320 2996 sic
1357 2943 1654 3014 Apostolus
1679 2947 1926 3004 decernit
1961 2967 1976 3004 :
2010 2947 2072 3004 Si

481 3029 598 3096 quis
637 3028 844 3083 videtur
875 3033 1231 3087 contentiosus
1282 3051 1418 3098 esse,
1450 3052 1545 3090 nos
1587 3038 1745 3092 talem
1787 3055 2072 3096 consuem-

479 3120 658 3174 dincm
693 3137 796 3177 non
820 3122 1092 3188 habemus,
1129 3140 1222 3179 nec
1247 3124 1502 3184 Ecclesia:
1535 3127 1690 3184 Dei’.
1713 3129 1923 3197 Quibus
1949 3150 2070 3188 ver-

480 3211 567 3268 bis
599 3228 715 3278 eos,
747 3215 840 3284 qui
869 3215 974 3272 tale
1001 3215 1209 3287 aliquid
1242 3217 1478 3288 faciunt,
1511 3228 1566 3276 et
1601 3225 1948 3281 contentiose
1982 3242 2070 3280 re—
2097 3197 2140 3256 C

482 3299 788 3370 fragantur,
818 3304 886 3359 ab
916 3308 1296 3375 apostolorum
1341 3311 1529 3380 regula
1569 3328 1634 3367 ac
1691 3313 1789 3370 Dei
1819 3314 2066 3372 Ecclesia

2179 1943 2299 2013 μὲν
2326 1943 2436 1997 ἐὰν
2466 1941 2641 2013 κομᾷ,
2663 1944 2870 2012 ἀτιμία
2899 1941 3058 2008 αὐτῷ
3081 1943 3251 1996 ἐστιν
3267 1960 3287 2007 ;
3318 1943 3468 2015 Α’ύτη
3495 1944 3554 1998 δὲ
3587 1947 3622 2016 ἡ
3665 1947 3770 2000 ἀτι-

2189 2037 2286 2108 μία
2315 2037 2414 2090 ούκ
2441 2035 2722 2107 ἐπαινετὴ,
2754 2035 2830 2100 ὡς
2859 2035 3064 2106 ἐκείνη,
3095 2037 3351 2106 λέγουσα,
3381 2037 3464 2090 ὅτι
3503 2039 3768 2111 Αἰσχύνης

2187 2129 2614 2200 κατεφρόνησας.
2657 2130 2730 2182 Οὐ
2756 2129 2865 2200 γὰρ
2897 2129 2986 2182 διὰ
3014 2127 3148 2182 Θεὸν
3189 2132 3222 2200 ἡ
3253 2132 3443 2201 ἁρετὴ,
3473 2132 3580 2185 κᾶν
3603 2151 3662 2185 τε
3691 2133 3768 2188 δια

2183 2219 2315 2273 Θεὸν
2367 2219 2744 2291 ὑποληφθείη·
2811 2219 2948 2274 ἀλλὰ
3005 2219 3097 2274 διὰ
3131 2220 3466 2289 φιλονεικίαν
3513 2222 3544 2274 ὁ
3583 2224 3770 2296 τρόπος

2184 2313 2548 2384 παρελθόντος
2577 2313 2673 2366 τοῦ
2695 2313 2838 2367 κατὰ
2869 2313 3031 2384 νόμον
3067 2313 3261 2378 τύπου,
3281 2317 3375 2370 καὶ
3395 2316 3668 2388 ἐλθούσης
3681 2319 3768 2388 τῆς

2183 2403 2461 2474 ἀληθείας.
2497 2405 2662 2474 Λέγει
2690 2404 2780 2458 δέ·
2819 2405 2892 2460 Εἴ
2916 2421 3006 2472 τις
3031 2405 3200 2460 δοκεῖ
3223 2410 3580 2476 φιλόνεικος
3603 2406 3764 2474 εἶναι,

2181 2496 2352 2565 ἡμεῖς
2402 2497 2688 2564 τοιαύτην
2725 2496 3060 2562 συνήθειαν
3107 2498 3220 2550 οὐκ
3263 2497 3504 2568 ἔχομεν,
3533 2501 3678 2555 οὔτε
3713 2503 3766 2555 al

2194 2589 2550 2656 Ἐκκλησιάι
2577 2588 2682 2642 τοῦ
2715 2588 2893 2654 θεοῦ.
2951 2587 3326 2660 Παρεξέόαλεν
3373 2588 3470 2644 οὗν
3519 2593 3654 2656 τοὺς
3701 2593 3770 2647 τὰ

2181 2678 2402 2732 τοιαῦτα
2459 2679 2885 2750 ἐργαζομένους,
2927 2683 3022 2735 καὶ
3055 2677 3454 2745 ποιοῦντας,’ὲν
3471 2684 3768 2758 φιλονεικίᾳ

2177 2787 2238 2823 τε
2267 2770 2445 2835 ὄντας,
2483 2772 2590 2825 ἀπό
2617 2789 2676 2825 τε
2701 2773 2796 2826 τοῦ
2825 2773 3028 2844 θεσμοῦ
3065 2775 3170 2828 τῶν
3207 2777 3520 2830 ἀποστόλων
3545 2780 3646 2831 καὶ
3665 2779 3766 2833 ἀπὸ

2178 2862 2277 2934 τῆς
2321 2863 2416 2916 τοῦ
2449 2863 2584 2918 Θεοῦ
2629 2865 2976 2938 Ἐκκλησίας.
3023 2867 3182 2922 Ἀλλὰ
3211 2871 3386 2929 ταῦτα
3416 2879 3768 2954 ἠναγκάσθη-

2183 2969 2282 3022 μεν
2335 2952 2513 3022 λέγειν
2545 2954 2636 3008 διὰ
2689 2955 2790 3026 τὴν
2849 2958 3122 3028 πρόφασιν
3181 2963 3292 3016 τῶν
3355 2952 3766 3042 προειρημένων

2178 3044 2602 3111 Μασσαλιανῶν,
2651 3047 2734 3099 ὅτι
2761 3049 2856 3100 καὶ
2903 3049 3076 3114 αὐτοὶ,
3128 3051 3384 3120 λαϐόντες
3429 3061 3648 3117 ἐκεῖθεν
3675 3063 3764 3117 τοῦ

2178 3137 2530 3207 φρονήματος
2581 3137 2680 3208 τὴν
2741 3139 2916 3202 νόσον,
2965 3143 3060 3196 καὶ
3115 3145 3485 3218 ἐκτραπέντες
3513 3155 3621 3226 τὴν
3653 3155 3763 3210 διὰ-

2173 3242 2345 3289 νοιαν,
2377 3226 2672 3294 ἐξώκειλαν
2703 3233 2768 3302 τῇ
2795 3231 3022 3303 ἀληθεία
3041 3251 3058 3269 ο
3080 3235 3176 3288 καὶ
3204 3241 3439 3314 κατέστη
3473 3245 3690 3315 αἵρεσις
3711 3250 3764 3302 ὲν

2174 3318 2440 3391 δεινότητι
2461 3322 2658 3393 ἀργίας
2686 3325 2778 3377 καλ⁵
2809 3325 2918 3380 τῶν
2951 3327 3128 3382 ἄλλων
3155 3333 3361 3388 κακῶν.

481 3399 910 3455 summovendos
963 3409 1134 3471 putat.
1183 3402 1308 3458 Haec
1351 3405 1518 3476 igitur
1564 3410 1768 3472 omnia,
1797 3422 2022 3482 accepta
2067 3429 2097 3468 a
2163 3414 2508 3473 Massaliauis
2559 3421 2874 3490 occasione,
2907 3424 3094 3481 dicere
3152 3432 3526 3488 necessarium
3575 3435 3758 3493 habui-

481 3503 627 3552 mus,
661 3491 806 3558 quod
837 3501 890 3547 et
921 3493 1024 3563 ipsi
1071 3496 1312 3553 indidem
1363 3509 1650 3556 contracto
1693 3506 1972 3575 opinionis
2016 3509 2164 3565 illius
2220 3513 2417 3568 morbo
2475 3515 2772 3588 animoque
2825 3518 3134 3591 depravati,
3177 3539 3208 3578 a
3277 3531 3510 3586 veritate
3544 3532 3760 3590 decide.

478 3589 611 3635 runt
639 3600 653 3635 :
687 3585 831 3641 unde
879 3603 1016 3644 nova
1063 3600 1148 3646 est
1201 3592 1426 3650 haeresis
1457 3613 1524 3651 ex
1556 3599 1668 3653 otio
1695 3609 1749 3654 et
1781 3601 1995 3670 ignavia
2023 3605 2346 3676 calorisque
2379 3608 2630 3677 pestibus
2655 3585 2908 3668 conﬂata:

555 3676 686 3733 Vlll.
737 3677 856 3737 Hice
887 3693 1014 3739 sunt
1037 3703 1157 3756 quae
1185 3687 1252 3743 de
1285 3689 1594 3748 istiusmodi
1625 3694 1940 3753 hominibus
1970 3714 2064 3754 ac-

477 3771 746 3839 cepimus,
785 3775 876 3844 qui
913 3779 1118 3834 mnndo
1163 3779 1229 3833 ad
1265 3782 1564 3839 ludibrium
1596 3789 1832 3858 expositi
1874 3791 2062 3848 viden-

478 3869 589 3923 tur,
617 3863 821 3934 quique
855 3868 1066 3937 plebeia
1137 3871 1339 3941 ingenii
1375 3877 1458 3930 sui
1501 3891 1662 3934 sensa
1697 3889 1750 3936 et
1776 3896 2060 3943 sermones

2241 3701 2324 3758 Il'.
2359 3703 2544 3759 Ταῦτά
2577 3706 2724 3760 ἐστιν
2783 3707 2819 3762 ἃ
2858 3709 2987 3782 περὶ
3031 3711 3236 3766 τούτων
3279 3717 3373 3769 καὶ
3413 3717 3600 3773 αὐτῶν
3631 3721 3758 3791 ἀκη-

2169 3794 2393 3866 κόαμεν,
2425 3797 2536 3850 τῶν
2563 3800 2644 3862 είς
2669 3799 2870 3873 χλεύην
2899 3802 2976 3874 τῷ
3005 3804 3197 3875 κόσμῳ
3223 3810 3643 3876 καταστάντων,
3670 3811 3756 3865 καὶ

2168 3886 2481 3960 συρφετὼδη
2539 3889 2664 3944 νοῦν
2704 3891 2796 3944 καὶ
2831 3892 3021 3962 λόγους
3053 3895 3411 3967 ὲξεμούντων,
3437 3903 3754 3956 ἀσυστάτων

475 3967 756 4028 evomunt,
788 3976 852 4015 ac
900 3979 1000 4018 nec
1046 3967 1154 4020 ulla
1205 3967 1460 4025 firmitate
1504 3973 1798 4040 coluerent,
1847 3986 1900 4032 et
1938 3995 2058 4034 om-

2184 3981 2220 4031 ῖὲ
2265 3981 2454 4046 ὄντων,
2487 3983 2582 4036 καὶ
2611 3985 2970 4052 ἀνελπίστων,
2999 3990 3094 4042 καὶ
3139 3993 3238 4062 τῆς
3267 3993 3364 4045 τοῦ
3389 3993 3526 4048 Θεοῦ
3555 3997 3752 4050 οἰκοδο-

475 4048 608 4102 nino
633 4052 911 4121 desperati
943 4065 1095 4121 sunt,
1123 4067 1290 4128 atque
1322 4070 1477 4122 extra
1511 4062 1602 4119 Dei
1636 4067 2052 4126 aedificationem

2184 4071 2270 4142 ιῆς
2319 4071 2423 4136 ἔξω
2453 4073 2786 4145 βεϐηκότων.
2823 4048 2986 4132 Ὅθεν
3041 4081 3133 4132 καὶ
3186 4048 3313 4152 περὶ
3357 4048 3576 4139 τούτων
3603 4048 3754 4155 ὀλίγα

472 4142 776 4198 constituti.
816 4145 996 4211 Quare
1036 4151 1226 4219 paucis
1274 4151 1383 4208 illis
1415 4153 1680 4213 adversus
1722 4175 1817 4215 eos
1859 4161 2050 4234 diSpu-

2184 4142 2522 4230 ῖιαλαϐόντες,
2551 4142 2801 4232 esseet;
2833 4171 3146 4244 ἀνατροπὴν
3172 4142 3354 4228 αὐτῶν
3381 4142 3748 4250 ἐργασόμεθα.

472 4232 622 4300 tatis,
659 4237 724 4290 ad
757 4239 974 4294 eosdem
1004 4241 1370 4301 confutandos
1403 4250 1799 4318 aggrediemur.
1833 4232 2050 4310 Princi-

2184 4253 2265 4308 ἰαὶ
2307 4255 2522 4326 πρῶτον
2577 4257 2696 4327 μὲν,
2735 4261 2816 4312 ὅτι
2853 4232 3114 4329 γυναῖκες
3141 4264 3162 4296 ⁵
3199 4266 3339 4334 μετὰ
3375 4232 3606 4339 ἀνιέρῶν⁸
3633 4272 3748 4323 ἐπι-

472 4323 562 4390 pio
603 4327 861 4385 mulieres
899 4346 1023 4386 cum
1086 4335 1220 4391 viris
1255 4340 1572 4406 promiscue
1619 4346 1854 4412 versari,
1907 4349 2056 4402 nulla

2184 4347 2356 4400 εοαυτὸ
2387 4343 2523 4402 εἶναι
2555 4351 2682 4402 οὕτε
2711 4351 2818 4404 ἀπὸ
2852 4352 3090 4417 παλαιᾶς
3139 4357 3430 4428 συνηθείας
3457 4359 3570 4411 τῶν
3595 4361 3747 4430 φύσει

467 4430 536 4468 ex
585 4419 754 4472 veteri
815 4436 1004 4476 eorum
1063 4431 1484 4498 consuetudine,
1547 4435 1638 4504 qui
1687 4436 1742 4490 in
1799 4437 2057 4509 conjugio

2184 4438 2432 4509 ιυζυγιῶν
2487 4444 2842 4514 κεκτημένων
2891 4448 2920 4498 ό
2955 4445 3162 4510 δίκαιος
3194 4419 3367 4518 ὁρίζει
3406 4419 3588 4519 λόγος,
3609 4419 3748 4507 ’ἀλλὰ

467 4513 742 4575 vixerunt,
789 4513 1112 4586 deprompta
1179 4520 1410 4587 justitiae
1461 4535 1514 4579 et
1557 4527 1863 4584 honestatis
1910 4535 2054 4589 ratio

2184 4532 2299 4600 ινὴρ
2326 4530 2462 4602 γυνὴ
2479 4533 2499 4564 ⁸
2517 4513 2810 4588 ὲπιτοαυτδ
2832 4535 2931 4590 ἕνα
2958 4537 3094 4608 πρὸς
3125 4513 3237 4609 τὴν,
3267 4541 3398 4611 μίαν
3423 4560 3436 4574 ’
3465 4513 3559 4606 ὧς⁷
3577 4513 3744 4615 ίΑδὰμ

467 4600 693 4669 patitur.
726 4602 830 4658 Sed
859 4621 1002 4663 unus
1031 4611 1299 4667 duntaxat
1331 4631 1456 4669 cum
1488 4633 1596 4672 una
1623 4623 1938 4677 consociari
1963 4625 2054 4680 de-

2184 4621 2294 4693 ερδς
2323 4623 2418 4694 τὴν
2448 4600 2614 4688 εὔαν,
2644 4628 2720 4690 ὡς
2761 4629 2946 4700 saepe
2980 4600 3116 4700 πρὸς
3159 4600 3278 4687 τὸν.
3303 4600 3556 4706 Ἀϐραὰμ
3583 4600 3740 4708 εἶχεν,

467 4691 580 4756 bet,
617 4700 674 4746 ut
717 4695 960 4754 Adamus
998 4716 1121 4754 cum
1157 4702 1287 4771 Eva,
1346 4705 1480 4759 Sara
1538 4723 1662 4762 cum
1713 4711 2048 4780 Abrahamo,

2184 4730 2228 4775 ›ς
2271 4713 2534 4769 Ῥεϐέκκα
2558 4718 2637 4787 τῷ
2666 4719 2852 4774 Ἰσαὰκ
2871 4723 3129 4792 συνῆπτο.
3157 4725 3217 4778 Εἰ
3240 4727 3349 4797 γὰρ
3367 4729 3462 4780 καί
3477 4745 3624 4793 τινες
3643 4731 3744 4783 τῶν

467 4779 712 4837 Rebecca
765 4801 890 4840 cum
939 4789 1128 4846 lsaaco
1180 4795 1432 4865 copulata
1493 4798 1711 4868 legitur.
1761 4800 1897 4856 Nam
1946 4808 2050 4862 etsi

2609 4779 2619 4787 .
2990 4779 3002 4792 ι
3252 4779 3262 4795 ι
3320 4779 3330 4797 ι
3493 4779 3620 4793 ""3
3654 4779 3735 4783 ""

2184 4805 2414 4876 [ατέρων
2469 4807 2562 4862 δύο
2596 4811 2689 4864 καὶ
2717 4815 2865 4882 τρεῖς
2897 4817 3158 4882 γυναῖκας
3191 4818 3513 4888 ἐσχήκασιν,
3548 4823 3647 4874 οὐκ
3689 4822 3740 4873 ἐν

462 4874 684 4944 quidam
720 4891 750 4932 e
787 4875 1040 4936 Patribus
1086 4883 1225 4940 duas
1259 4895 1442 4944 tresve
1489 4905 1690 4947 uxores
1734 4893 2043 4965 habuerint,

2184 4898 2250 4966 ,ιᾷ
2275 4874 2423 4969 οίκία
2449 4901 2504 4952 αἱ
2537 4874 2796 4969 γυναῖκες
2828 4874 2988 4975 ἦσαν.
3018 4907 3232 4978 Χοίρων
3410 4911 3472 4964 τὸ
3502 4914 3740 4966 τοιοῦτον

461 4979 572 5018 non
598 4963 653 5020 in
695 4966 886 5022 eadem
919 4970 1024 5024 illm
1047 4971 1211 5027 domo
1245 4973 1487 5034 fuerunt.
1527 4979 1659 5034 Nam
1695 4983 1810 5038 haec
1841 4963 2046 5058 alioqui

2184 4963 2306 5056 i6o;,
2332 4963 2424 5044 καλ
2451 4963 2664 5060 κτηνῶν
2694 4997 2726 5065 ἡ
2762 4963 2985 5068 τοιαύτη
3017 4963 3303 5068 συνόιφεια..
3333 4963 3496 5056 δῦτοι

460 5057 634 5114 forma
665 5061 1092 5135 conjunctioque
1133 5069 1314 5136 porcis
1357 5086 1419 5126 ac
1485 5075 1787 5144 pecudibus
1841 5057 2044 5138 conve-

2184 5099 2232 5134 ον
2259 5085 2340 5146 εἰς
2377 5057 2638 5154 ἔκπληξιν
2661 5057 2807 5157 ἡμᾶς
2841 5057 3208 5157 ἀναγκάζουσι
3229 5094 3436 5166 φέρειν,
3471 5057 3736 5165 ἐπαγγελ-

458 5151 560 5206 nit.
591 5151 658 5207 At
685 5153 922 5211 han-stici
957 5159 1128 5213 nostri
1165 5161 1425 5230 majorem
1459 5167 1619 5221 nobis
1645 5177 1926 5240 stuporem
1958 5175 2044 5228 af-

2184 5177 2389 5245 ομένων
2422 5177 2601 5231 αὐτῶν
2645 5180 2782 5249 πρὸς
2823 5185 3089 5249 γυναῖκας
3138 5187 3434 5255 συνάφεια-θ
3472 5189 3546 5260 μὴ
3571 5190 3730 5260 ἔχειν,

455 5243 660 5311 ferunt,
707 5249 802 5318 qui
847 5265 972 5304 cum
1008 5253 1146 5308 nihil
1197 5271 1258 5310 se
1305 5271 1429 5310 cum
1471 5260 1793 5319 mulieribus
1836 5264 2039 5322 habere

2184 5269 2454 5322 οὐναντίον
2508 5271 2713 5342 μᾶλλον
2769 5276 2868 5344 τὴν
2901 5275 3102 5346 χλεύην
3151 5277 3608 5350 ἀπεργαζόμενοι,
3641 5283 3730 5334 καὶ

453 5351 745 5394 commune
792 5345 1185 5412 profiteantur,
1242 5363 1272 5402 e
1318 5352 1595 5406 contrario
1631 5359 1811 5408 tamen
1856 5357 2037 5427 turpia

2184 5359 2242 5429 ὴν
2282 5361 2494 5416 τελείαν
2552 5364 2733 5420 αὐτῶν
2783 5367 3182 5438 ἐνδεικνύμενοι
3223 5371 3506 5444 αἰσχύνην.
3538 5375 3597 5427 Εἰ
3621 5375 3728 5442 Tito

453 5445 682 5502 quaeque
705 5447 769 5488 ac
811 5436 1039 5492 ridicula
1075 5439 1377 5512 impensius
1400 5454 1714 5514 perpetrant
1753 5455 1808 5501 et
1854 5457 2037 5504 extre-

2184 5453 2240 5505 ai.
2272 5455 2519 5524 γαμετὰς
2547 5453 2691 5528 εἶχον
2717 5461 2764 5511 oi
2794 5460 3046 5525 τοιοῦτοι,
3073 5463 3369 5537 σποράδην,
3395 5465 3497 5518 οὐκ
3529 5467 3726 5538 ἀναμὶξ

481 5679 542 5764 ν.
570 5679 736 5735 lcnr'
774 5701 849 5748 3".
882 5689 966 5742 M-
1035 5693 1055 5723 ⁸
1095 5694 1227 5750 ibid.
1251 5696 1334 5753 l9.
1402 5699 1420 5730 ³
1450 5699 1512 5757 F.
1541 5705 2028 5774 κατακοσμεϊσθαι.

451 5763 532 5813 εις
563 5751 698 5820 πρὸς
727 5753 824 5824 τὴν
847 5757 998 5826 μίαν.

2184 5707 2206 5762 ’.
2241 5709 2452 5780 ἤγοντο.
2513 5713 2533 5746 ⁵
2569 5711 2626 5768 F.
2661 5715 2938 5784 γυναῖκας.
3009 5717 3030 5749 ⁸
3075 5715 3132 5771 F.
3183 5717 3275 5772 καὶ
3315 5719 3471 5791 γυνή.
3502 5719 3562 5774 Et
3593 5733 3712 5774 mox
