3986 6224
204 302 305 358 169

870 300 1241 360 ADVERS'US
1278 300 1623 356 ΗᾸΞΒΕΞΕΞ
1661 300 1791 357 LIB.
1835 302 1919 357 lll.
1966 301 2129 359 TOM.
2172 304 2237 359 ll.
2279 334 2347 344 —
2387 300 2663 359 IIZERES.
2705 303 2919 359 LXXX.

3410 304 3513 362 770

213 421 412 485 ταύτας
448 420 686 490 ὤφειλον
712 420 1035 491 κεκτῆσθαι.
1075 421 1137 473 Εἰ
1176 419 1233 473 δὲ
1265 419 1359 473 καὶ
1389 420 1526 473 εἰσὶν
1557 421 1614 473 ἐν
1650 420 1811 485 συζυ-

1922 435 2060 474 mam
2088 436 2243 474 suam
2277 419 2636 492 ignominiam
2670 420 2996 476 ostendunt.
3025 418 3242 475 Etenim
3285 421 3332 475 si
3376 438 3513 477 um-

211 515 325 583 γίᾳ,
355 510 461 563 οὐκ
509 511 619 563 ἔδει
656 510 853 573 αὐτοὺς
884 509 943 561 τὸ
968 510 1032 562 ἐκ
1054 507 1587 580 Θεοῦκαταδειχθέν,
1622 508 1813 579 ἀνδρὸς

214 603 350 674 πρὸς
400 602 643 669 γυναῖκα
697 600 1019 669 συνάφειαν,
1076 598 1212 670 μετά
1252 599 1686 671 εὐσχημοσύνης,
1719 599 1814 652 καὶ

214 695 576 764 σεμνότητος,
610 694 703 747 καὶ
738 694 1071 765 ἐπιστήμης.
1103 694 1197 746 καὶ
1236 693 1295 758 ἐξ
1330 693 1465 757 ἰδίας
1500 692 1813 765 ἐλευθερίας

212 786 303 838 ἐπὶ
334 785 397 837 τὸ
442 786 611 856 μέσον
637 786 903 857 φέροντας
925 792 1195 856 φωρᾶσαι.
1227 786 1288 840 El
1316 784 1371 838 δὲ
1396 788 1488 838 καὶ
1511 786 1812 855 ἀπέσχοντο

212 876 495 946 γυναικῶν
554 879 610 930 ἐν
664 878 857 949 ἁγνείᾳ
883 878 1025 940 τινὲς
1063 878 1214 941 ὄντες
1256 879 1348 930 καὶ
1391 879 1447 931 ἐν
1488 877 1807 948 ἐγκρατείᾳ,

214 970 513 1040 ἐξύϐρισαν
571 970 630 1022 τὸ
674 969 880 1023 δίκαιον
908 969 994 1022 διά
1032 969 1132 1040 τῆς
1165 969 1442 1039 ἀνοησίας,
1494 970 1588 1022 καὶ
1613 970 1671 1021 τὸ
1714 970 1810 1036 τῆς

211 1063 413 1134 ἀρετῆς
449 1062 755 1132 πολίτευμα
782 1061 868 1115 διὰ
895 1062 993 1132 τῆς
1030 1064 1088 1114 ἐν
1128 1062 1406 1133 ἀφροσύνῃ
1441 1060 1693 1131 ἀφειδούς
1722 1062 1811 1132 ἐρ-

212 1155 447 1223 γασίας·
482 1156 543 1208 οὐ
590 1155 698 1208 τῶν
738 1155 1050 1208 ἀποστόλων
1099 1154 1258 1207 τοῦτο
1313 1155 1695 1226 πεπραχότων,
1744 1155 1804 1206 ού

212 1248 319 1301 τῶν
362 1248 472 1320 πρὸ
522 1248 629 1301 τῶν
660 1248 973 1301 ἀποστόλων
1014 1247 1308 1318 προφητῶν
1340 1249 1500 1300 τοῦτο
1543 1245 1807 1311 διαταξα-

217 1356 412 1408 μενων.

1932 526 2020 565 res
2053 510 2316 566 haberent
2351 511 2451 573 illi,
2501 512 2933 581 separatimmon
2965 512 3274 581 promiscue
3306 512 3510 569 habere

1923 602 2045 658 illas
2087 604 2401 675 Oportebat.
2454 604 2535 668 Si,
2590 604 2839 673 inquam,
2877 604 3135 675 conjugio
3180 612 3367 661 essent
3412 607 3511 661 ob-

1922 697 2129 762 stricti,
2161 696 2318 751 nefas
2366 703 2486 751 erat
2512 696 2614 749 viri
2651 712 2776 750 cum
2812 697 3040 751 muliere
3081 698 3508 766 copulationem,

1920 805 2083 858 quam
2119 788 2260 844 Deus
2298 806 2422 845 cum
2461 790 2610 843 omni
2653 790 2944 855 modestia,
2971 791 3241 860 graritate
3300 790 3510 862 1075

1919 895 1982 935 ac
2024 880 2309 950 prudentia
2353 881 2701 950 conjunctam
2750 882 3008 943 instituit,
3051 890 3246 951 sponte
3301 897 3399 937 sua
3453 882 3508 934 in

1924 971 2164 1027 medium
2200 973 2446 1042 proferre
2498 988 2561 1027 ac
2617 972 2944 1042 patefacere.
2985 971 3194 1038 Quodsi
3240 987 3270 1025 a
3313 973 3506 1027 mulie-

1919 1065 2073 1121 ribus
2107 1066 2384 1121 abstinent
2413 1066 2687 1130 nonnulli,
2733 1064 2828 1135 qni
2862 1065 3245 1119 castimoniam
3298 1064 3402 1119 sibi
3444 1079 3509 1118 ac

1916 1158 2335 1227 temperantiam
2390 1159 2709 1221 indixerint,
2764 1172 2930 1226 quam
2993 1156 3195 1211 habent
3238 1155 3507 1223 justitiam

1917 1264 2013 1318 per
2044 1265 2315 1303 summam
2347 1249 2704 1303 stoliditatem
2744 1256 2797 1303 et
2835 1250 3081 1303 honesta:
3114 1248 3240 1301 vita:
3264 1246 3511 1318 discipli-

1921 1357 2068 1403 nam,
2108 1358 2203 1410 per
2245 1343 2713 1397 inconsideratam
2748 1342 2893 1395 illam
2930 1354 3300 1409 vesanamque
3340 1340 3509 1393 licen-

214 1434 340 1485 tiam
376 1429 746 1500 ignominiosc
791 1428 1124 1484 traducunt:
1156 1428 1293 1483 nihil
1338 1428 1482 1484 enim
1527 1428 1799 1499 ejusmodi
1836 1439 1930 1485 aut
1978 1434 2213 1503 apostoli
2287 1449 2531 1503 unquam
2588 1432 2861 1499 fecerunt,
2922 1439 3018 1485 aut
3060 1439 3186 1485 ante
3231 1430 3507 1500 apostolos

214 1525 496 1596 prophetae
525 1525 952 1580 constituerunt.

284 1621 362 1674 ϐ’.
388 1622 634 1693 Μωῡσῆς
652 1621 781 1690 γοῦν
800 1622 857 1675 ὲν
870 1625 935 1693 τῇ
963 1623 1179 1694 ἐρήμῳ,
1197 1620 1484 1676 ἀναλαϐὼν
1514 1621 1612 1693 τὴν
1634 1622 1806 1692 ὑμνη-

1988 1617 2224 1673 1Χ.1ιιιο
2263 1634 2390 1673 vero
2444 1617 2660 1688 Moyses
2713 1618 2766 1671 in
2817 1618 3037 1672 deserto
3072 1632 3292 1673 carmen
3343 1634 3505 1672 suum

215 1712 428 1784 γορίαν,
487 1713 607 1784 ᾄδει
649 1713 727 1785 τῴ
751 1713 871 1784 Θεῷ
902 1713 1074 1786 ᾆσμα,
1116 1713 1352 1767 ἀνελθὼν
1380 1714 1485 1767 ἀπὸ
1512 1714 1806 1784 Θαλάσσης,

1922 1711 2539 1774 concinens,canticnm
2580 1712 2687 1764 Deo
2712 1710 3025 1763 modulatur
3054 1724 3083 1761 a
3121 1710 3255 1782 mari
3288 1708 3504 1779 digres-

217 1806 468 1874 φάσκων·
509 1807 787 1876 ’ᾼσωμεν
818 1805 898 1872 τῷ
927 1808 1122 1875 Κυρίῳ
1142 1824 1154 1837 ο
1204 1807 1467 1873 ἐνδόξως
1509 1807 1619 1876 γὰρ
1650 1806 1808 1860 δεδό-

214 1898 459 1961 ξασται·
490 1898 684 1951 ἵππον
725 1898 821 1951 καὶ
849 1898 1154 1965 ἀναϐάτην
1184 1898 1433 1967 Eppia-er
1456 1901 1543 1964 εὶς
1578 1898 1807 1953 θάλασ-

214 2007 353 2045 σαν.
396 1990 574 2062 ὐμοῦ
605 1991 661 2043 δὲ
688 1990 1004 2060 ἐπεφώνουν
1026 1990 1175 2062 αὐτῷ
1202 1993 1250 2046 οἱ
1281 1991 1495 2063 ἄνδρες,
1520 1992 1614 2045 καὶ
1649 1992 1806 2045 οὐδα-

221 2085 319 2157 μοῦ
354 2087 650 2154 γυναῖκες·
686 2084 772 2137 ἵνα
805 2083 901 2155 τὴν
939 2082 1198 2138 εὔτακτον
1231 2084 1378 2156 δείξῃ
1418 2084 1687 2137 διάθεσιν·
1722 2085 1808 2137 ἵνα

217 2178 274 2229 τὸ
304 2178 506 2249 σεμνὸν
550 2177 650 2247 τῆς
678 2177 929 2242 εὐταξίας
961 2176 1055 2231 τοῦ
1087 2179 1251 2249 νόμον
1291 2178 1382 2231 τοῦ
1406 2176 1542 2231 Θεοῦ
1572 2177 1804 2250 κηρύξῃ.

217 2267 347 2323 Εἶτα
406 2270 707 2342 μετέπειτά
761 2287 925 2341 φησι·
984 2271 1093 2325 Καὶ
1129 2271 1409 2325 λαϐοῦσα
1459 2272 1695 2340 Μαριὰμ
1741 2270 1807 2324 τὸ

221 2364 559 2432 τύμπανον,
586 2359 734 2432 ἦρχε
751 2363 871 2416 τῶν
896 2363 1212 2433 γυναικῶν,
1230 2362 1324 2417 καὶ
1356 2364 1565 2431 ἔλεγεν
1584 2379 1596 2392 ⁸
1621 2364 1809 2433 ’ᾼσω-

222 2472 326 2521 μεν
378 2453 459 2521 τῷ
521 2454 758 2522 Κυρίῳ’
807 2454 1068 2520 ἐνδόξως
1123 2455 1231 2523 γὰρ
1277 2453 1654 2519 δεδόξασται.
1699 2454 1809 2508 Καὶ

220 2554 476 2619 γυναῖκες
513 2550 647 2620 ὁμοῦ
681 2548 996 2619 ἐπεφώνουν
1024 2553 1090 2621 τῇ
1125 2549 1437 2620 ὁμοτρόπῳ,
1463 2550 1555 2602 καὶ
1583 2548 1690 2603 ἀπὸ
1713 2547 1807 2601 τοῦ

221 2639 382 2693 αὐτοῦ
433 2641 633 2709 γένους
673 2639 1020 2711 ὑπαρχούσῃ,
1076 2640 1170 2692 καὶ
1222 2630 1289 2691 ἐν’
1318 2657 1425 2692 τινι
1472 2639 1808 2711 προαγούσῃ,

220 2733 302 2787 διὰ
360 2734 462 2805 τὴν
517 2735 928 2803 ἀνεπιστήμονα
972 2732 1066 2785 καὶ
1093 2731 1191 2803 τὴν
1223 2729 1539 2803 συρφετὼδη
1572 2731 1811 2786 διάνοιαν

222 2826 324 2879 τῶν
371 2825 581 2896 ἀναμὶξ
622 2825 1004 2897 ἐργαζομένων
1037 2823 1556 2893 ἐτεροδιδασκαλίας.
1591 2824 1726 2894 Περὶ⁵
1755 2824 1811 2877 δὲ

223 2915 317 2984 τῆς
345 2914 704 2979 ἀναστάσεώς
757 2932 921 2984 φησιν
949 2915 977 2966 ὁ
1013 2917 1333 2987 προφήτηςο
1371 2913 1480 2969 Kal
1518 2914 1813 2981 κόψονται

225 3008 367 3061 κατὰ
404 3008 639 3077 φυλὴν,
681 3008 848 3076 φυλὴ
889 3006 1205 3062 κατέναντι
1239 3006 1477 3076 φυλῆς-
1511 3006 1678 3074 φυλὴ
1706 3005 1813 3059 τοῦ

1916 1820 2035 1859 sus.
2070 1802 2376 1866 Cantemus,
2421 1801 2617 1871 inquit,
2656 1799 2923 1863 Domino;
2956 1800 3181 1869 gloriose
3210 1801 3350 1853 enim
3390 1816 3506 1852 ma-

1914 1896 2197 1967 gniﬁcatus
2211 1905 2287 1949 est
2312 1911 2329 1948 :
2357 1910 2546 1964 equum
2562 1904 2611 1946 et
2630 1908 2962 1946 ascensorem
2996 1890 3183 1959 dejecit
3212 1892 3266 1943 in
3288 1908 3433 1943 mare
3457 1889 3502 1945 ³.

1915 1988 2079 2059 Atqui
2150 1996 2264 2041 tum
2323 1986 2456 2041 viris
2512 1985 2913 2046 accinentibus,
2971 1983 3229 2037 mulieres
3276 1982 3346 2036 ab
3399 1982 3505 2037 illis

1919 2080 2232 2143 abfuerunt,
2267 2086 2326 2131 ut
2357 2078 2619 2148 pudorem
2682 2074 3121 2143 modestiamque
3155 2072 3505 2125 demonstra-

1918 2182 2022 2238 ret,
2067 2181 2119 2228 et
2154 2181 2210 2226 ut
2245 2173 2441 2225 divinae
2476 2170 2615 2240 legis
2671 2167 2990 2239 gravitatem
3046 2179 3109 2218 ac
3157 2162 3504 2232 disciplinam

1918 2266 2250 2323 ostenderet.
2286 2264 2470 2334 Pergit
2498 2276 2627 2316 vero
2650 2260 2890 2315 deinde:
2927 2256 3107 2312 Maria
3155 2271 3313 2325 porro
3370 2266 3507 2324 tym-

1917 2377 2115 2430 panum
2180 2373 2430 2419 sumens,
2491 2352 2714 2422 pra'ibat
2775 2348 3083 2402 mulieribus
3140 2356 3188 2399 et
3250 2345 3508 2399 dicebat:

1920 2452 2205 2507 Cantemus
2242 2447 2485 2508 Domino,
2521 2444 2749 2515 gloriose
2776 2440 2915 2495 enim
2957 2438 3330 2507 magniﬁcatus
3359 2448 3432 2490 est
3462 2436 3507 2493 ’⁵.

1919 2543 2020 2598 Cui
2069 2541 2325 2595 mulieres
2366 2536 2486 2607 pari
2540 2534 2705 2589 modo
2763 2528 3144 2591 succinebant,
3202 2542 3323 2596 qua:
3352 2534 3404 2580 et
3440 2539 3507 2578 ex

1918 2638 2108 2695 eodem
2149 2644 2266 2691 erat
2300 2622 2519 2704 genere,
2552 2637 2605 2685 et
2642 2623 3048 2698 quodammodo
3084 2635 3251 2689 supra
3281 2627 3509 2673 metet-as

1919 2730 2213 2791 eminebat,
2251 2734 2311 2781 ut
2341 2724 2424 2779 vel
2455 2740 2519 2779 ex
2552 2716 3110 2787 hoc-unoimperitum
3139 2727 3205 2768 ac
3238 2711 3507 2783 plebeium

1921 2824 2137 2878 illorum
2197 2817 2487 2873 consilium
2539 2814 2963 2879 institutumque
3032 2804 3355 2867 refellatur,
3414 2801 3509 2871 qui

1920 2912 2192 2985 peregrini
2219 2909 2496 2979 dogmatis
2539 2906 2792 2976 pudenda
2826 2903 2917 2954 illa
2958 2914 3023 2952 ae
3058 2896 3269 2951 nefaria
3307 2908 3508 2963 perpe-

1921 3014 2091 3060 trant.
2124 3004 2201 3056 Ad
2228 3003 2342 3055 ha‘c
2373 3001 2440 3055 de
2472 2996 2877 3053 resurrectione
2916 2990 3180 3061 propheta
3213 2988 3294 3043 sic
3324 2986 3507 3057 loqui-

225 3098 423 3153 Νάθαν
467 3102 599 3154 καθ’
631 3098 877 3167 ἑαυτὴν,
912 3099 1009 3152 καὶ
1044 3102 1104 3152 al
1151 3099 1432 3169 γυναῖκες
1456 3097 1655 3151 αὐτῶν
1682 3099 1810 3150 καθ’

1922 3108 2050 3152 tur:
2089 3095 2152 3149 Et
2192 3094 2440 3164 plangent
2497 3089 2783 3142 tributim:
2820 3083 2987 3136 tribus
3034 3097 3099 3135 ea:
3146 3080 3365 3132 adverso
3408 3078 3509 3130 tri-

226 3191 439 3259 ἑαυτάς
466 3210 481 3221 ·
536 3191 701 3261 φυλὴ
767 3192 872 3245 τοῦ
910 3191 1098 3245 Ἰούδα
1146 3191 1276 3245 καθ’
1318 3189 1563 3258 ἑαυτὴν,
1610 3190 1709 3242 καὶ
1750 3192 1810 3243 αἱ

228 3285 508 3354 γυναῖκες
553 3283 752 3337 αὐτῶν
804 3284 933 3339 καθ’
961 3284 1196 3351 ἑαυτὰς.
1231 3284 1324 3337 καὶ
1354 3283 1419 3336 τὰ
1463 3283 1609 3352 ἑξῆς.
1657 3281 1814 3334 Οὕτω

228 3376 316 3429 καὶ
331 3378 379 3431 οἱ
408 3375 702 3431 ἀπόστολοι
719 3375 1066 3435 διατάσσουσι
1087 3377 1153 3445 τῇ
1190 3374 1487 3445 Ἐκκλησίᾳ
1507 3389 1519 3402 ·
1553 3371 1697 3426 οὕτω
1718 3372 1814 3425 καὶ

229 3469 255 3519 ὁ
296 3469 505 3540 Κύριος
543 3466 787 3532 διέταξεν
835 3469 891 3519 ἐν
941 3466 1020 3537 τῷ
1067 3466 1403 3536 Εὑαγγελίῳ,
1448 3463 1557 3518 ἀπὸ
1594 3465 1723 3533 μιᾶς
1754 3463 1815 3515 τὸ

232 3560 537 3630 ὑπόδειγμα
565 3563 696 3631 ἡμῖν
727 3559 1033 3631 κηρύττων,
1057 3562 1235 3630 φήσας
1271 3561 1337 3630 τῇ
1381 3558 1548 3629 μητρὶ
1580 3555 1744 3610 αὐτοῦ
1774 3557 1812 3619 ί,

231 3652 462 3723 Μήμου
495 3652 708 3707 ἅπτου·
762 3651 938 3704 Οὔπω
976 3650 1085 3720 γὰρ
1133 3648 1473 3717 ἀναϐέϐηκα
1509 3648 1660 3717 πρὸς
1710 3646 1817 3700 τὸν

232 3743 483 3809 Πατέρα.
520 3741 705 3805 Οὕτως
726 3742 754 3793 ὁ
783 3740 958 3804 Γιεζεὶ
978 3741 1341 3812 προσέρχεται
1362 3742 1427 3810 τῇ
1448 3736 1814 3809 Σουναμίτιδι,

234 3834 622 3902 ἀπωθούμενος
674 3832 909 3904 ταύτην·
947 3833 1034 3885 ἵνα
1091 3833 1165 3903 μὴ
1209 3832 1450 3904 ἀφανίσῃ
1499 3831 1558 3883 τὸ
1588 3830 1813 3899 τάγμα·

236 3927 318 3980 ἵνα
350 3926 426 3997 μὴ
456 3925 652 3997 ὑϐρίσῃ
683 3925 773 3977 τὸν
800 3923 998 3994 θεσμὸν
1024 3922 1130 3975 τῶν
1154 3921 1470 3993 προφητῶν.
1514 3920 1571 3972 '0
1600 3920 1657 3971 δέ
1684 3937 1818 3990 προ-

238 4023 434 4091 νήτης.
484 4017 766 4089 Πνεύματι
813 4017 952 4087 ἁγίῳ
980 4016 1299 4089 φερόμενος,
1346 4012 1651 4067 κατώδυνον
1675 4012 1819 4083 ἐώρα

235 4116 330 4185 τὴν
372 4115 719 4183 Σουναμῖτιν.
759 4110 1120 4182 Παραμυθίας
1157 4110 1214 4162 δὲ
1271 4107 1429 4179 χάριν
1474 4104 1819 4178 ὑπερϐέϐηκε

236 4207 331 4278 τὴν
380 4205 558 4271 τάξιν,
592 4206 687 4258 καὶ
739 4203 1025 4270 ἀνεδέξατο
1062 4202 1198 4273 πρὸς
1247 4200 1347 4271 τὴν
1384 4198 1532 4271 ὥραν
1561 4214 1820 4268 παραμυ-

240 4298 366 4352 θίειν
395 4301 417 4329 ¹
452 4298 549 4369 τῆς
576 4296 836 4365 γυναικὸς
865 4296 1044 4366 χάριν,
1066 4294 1179 4347 ἴσον
1200 4290 1545 4363 ἡγησάμενος
1573 4289 1634 4341 τὸ
1657 4288 1823 4341 ἅπτε-

241 4391 358 4445 σθαι
387 4390 500 4445 τῶν
527 4390 692 4444 αὑτοῦ
724 4388 901 4443 ποδῶν
938 4388 1090 4461 παρά
1133 4385 1420 4456 συνήθειαν
1453 4383 1551 4454 τὴν
1565 4384 1819 4451 γυναῖκα,

239 4486 334 4558 τῆς
368 4487 543 4555 αὐτῆς
584 4486 643 4538 ἐν
680 4487 747 4554 τῇ
791 4453 1328 4551 διανοίᾳσιακώσειῦς
1367 4494 1428 4528 τε
1479 4453 1574 4528 διαὶ
1620 4473 1813 4543 λύπης.

1925 4465 2227 4529 attrectari,
2267 4456 2563 4515 calamitati
2621 4453 2797 4524 ipsius

242 4578 347 4630 Kal
407 4578 460 4630 τί
522 4594 613 4647 μοι
664 4573 833 4628 πολλά
879 4572 1061 4641 λέγειν
1104 4570 1235 4641 περὶ
1272 4567 1496 4631 τούτων,
1542 4564 1651 4618 τῶν
1696 4565 1823 4627 τοὺς

242 4669 408 4733 κύνας
465 4667 834 4739 μιμουμένων,
881 4663 1127 4726 καὶτοὺς
1170 4661 1268 4725 ὕας
1326 4658 1665 4731 ζηλούντωνς
1690 4656 1827 4726 Περὶ

241 4760 297 4814 δὲ
352 4760 448 4815 τοῦ
509 4763 682 4813 εἰπεῖν
736 4757 928 4811 ἑαυτὸν
972 4754 1230 4824 Χριστὸν,
1270 4753 1376 4804 τίνι
1411 4750 1608 4822 μανίας
1630 4749 1690 4801 ὃν
1728 4748 1828 4802 οὐκ

244 4852 429 4923 ὀφθείη
465 4851 524 4905 τὸ
544 4845 717 4920 δόγμα
743 4848 848 4901 τῶν
876 4847 1092 4901 σύνεσιν
1121 4842 1474 4914 κεκτημένων
1499 4857 1513 4905 ;
1553 4840 1586 4912 ἢ
1615 4839 1817 4907 λέγειν,

243 4944 322 4997 ὅτι
378 4944 673 5015 Προφήτης
720 4940 830 5009 ἐγώ
866 4957 879 5005 ;
935 4939 1000 4991 Τί
1032 4940 1139 5007 γὰρ
1172 4933 1510 5006 προφητείας
1570 4930 1698 5001 παρ’
1725 4929 1822 4981 αὐ-

244 5040 353 5101 τοῖς
378 5035 516 5099 εἶδος
555 5034 911 5104 φαινόμενον;
948 5031 1018 5083 Ἢ
1064 5030 1215 5081 ποῖον
1246 5024 1482 5096 Χριστοῦ
1510 5020 1820 5092 θαυμαστὸν

247 5128 403 5199 ἔργον
424 5128 667 5198 γίνεται;
700 5125 836 5178 Elite
862 5123 1024 5186 αὐτὸς
1045 5118 1301 5193 Χριστὸς,
1324 5118 1404 5180 εἰς
1439 5117 1587 5168 ποῖον
1616 5113 1820 5184 Κύριον

248 5220 443 5285 ᾕλπικέ
471 5236 531 5272 τε
560 5219 655 5273 καὶ
692 5216 1055 5280 πεπίστευκε;
1088 5213 1153 5266 Τί
1200 5210 1268 5264 τά
1296 5210 1395 5281 τῆς
1430 5208 1639 5277 πλάνης
1667 5221 1822 5258 κενο-

252 5329 585 5384 erumpam;
640 5310 706 5362 Τί
744 5309 851 5362 τῶν
921 5308 1164 5376 ἀνοήτων
1217 5304 1287 5356 τά
1324 5301 1599 5371 δόγματα;
1665 5296 1824 5349 Ἀλλά

253 5405 472 5474 ἀρκέσει
499 5404 594 5458 καὶ
627 5405 756 5473 περὶ
781 5401 985 5470 ταύτης
1013 5398 1081 5451 τά
1113 5398 1192 5461 είς
1224 5394 1395 5464 αὐτὴν
1431 5389 1717 5462 εἰρημένα.

1914 3192 2008 3244 bus
2025 3206 2044 3243 :
2069 3187 2235 3241 tribus
2263 3184 2312 3237 Ν
2319 3184 2479 3237 athan
2498 3197 2588 3250 per
2605 3196 2735 3247 sese,
2752 3186 2799 3231 et
2815 3191 3004 3229 uxores
3023 3172 3060 3225 il
3068 3174 3237 3226 lorum
3256 3170 3473 3223 seorsim
3488 3183 3509 3222 :

1915 3283 2083 3336 tribus
2118 3278 2263 3332 Iuda
2290 3293 2378 3347 per
2395 3291 2526 3337 sese,
2557 3284 2605 3327 et
2630 3286 2819 3325 uxores
2858 3264 3303 3321 illorumseorsim
3326 3261 3373 3327 ⁵,
3399 3268 3507 3315 etc.

1919 3371 2011 3425 Sic
2042 3378 2097 3423 et
2131 3366 2364 3438 apostoli
2397 3363 2660 3418 Ecclesiae
2691 3357 3181 3429 praescripsernnt;
3213 3365 3427 3405 necnon
3455 3356 3510 3402 et

1916 3460 2181 3516 Dominus
2214 3458 2268 3511 in
2317 3453 2610 3524 Evangelio
2655 3449 2937 3505 mandavit
2981 3452 3036 3500 et
3076 3444 3129 3497 in
3180 3457 3289 3496 una
3350 3439 3511 3494 nobis

1914 3552 2222 3621 exemplum
2268 3547 2519 3618 prtebuit,
2546 3558 2669 3598 cum
2702 3543 2776 3595 ita
2813 3538 2994 3593 Mariae
3031 3536 3168 3591 dixit
3210 3552 3224 3588 :
3259 3532 3388 3587 Noli
3431 3548 3512 3587 me

1918 3652 2145 3713 tangere.
2207 3637 2456 3691 Nondum
2480 3634 2620 3688 enim
2649 3628 2864 3685 asceudi
2899 3626 2967 3680 ad
3021 3625 3234 3679 Patrem
3260 3637 3431 3675 meum
3458 3621 3501 3673 ⁸.

1918 3737 1995 3791 Ita
2029 3748 2192 3804 porro
2209 3730 2359 3785 Giezi
2402 3728 2469 3783 ad
2504 3723 2901 3781 Snnamitidem
2935 3717 3203 3772 accedens
3251 3714 3510 3768 feminam

1917 3801 2151 3895 repellit,
2204 3837 2270 3877 ne
2306 3818 2553 3875 ordinem
2601 3815 2829 3868 violaret
2888 3825 2951 3863 ac.
2992 3806 3382 3879 prephetarum
3426 3801 3513 3854 inv

1919 3892 2114 3974 sti—tuto
2143 3911 2532 3970 contumeliam
2566 3908 2770 3961 faceret
2802 3903 2850 3955 '.
2893 3901 2961 3954 At
2994 3896 3261 3969 propheta
3302 3892 3509 3964 Spiritu

1920 4018 2113 4066 sancto
2134 4006 2434 4061 instinctus
2468 4001 2660 4056 dolore
2692 3994 2999 4051 confectam
3031 4004 3158 4045 esse
3209 3984 3510 4040 Sunamiti-

1921 4103 2041 4156 dem
2079 4096 2297 4169 agnovit
2335 4114 2348 4149 :
2388 4092 2620 4160 ideoque
2648 4094 2707 4141 ut
2743 4100 2863 4139 eam
2911 4078 3313 4139 consolaretur,
3348 4069 3510 4169 ollicii

1922 4162 2406 4263 legempaululum
2444 4190 2824 4249 transgressus
2874 4181 2978 4235 est,
3017 4185 3084 4222 ac
3115 4173 3336 4237 propter
3361 4162 3508 4215 illius

1924 4285 2203 4344 solatium,
2236 4280 2382 4349 quod
2417 4276 2485 4329 ab
2511 4287 2575 4327 ea
2612 4269 2793 4332 fiebat,
2817 4265 2884 4319 ad
2916 4272 3132 4331 tempus
3179 4265 3265 4311 est
3286 4269 3507 4349 passus,

1924 4393 2048 4434 enm
2078 4346 2410 4445 pedes—suos
2451 4382 2482 4421 a
2513 4364 2740 4420 muliere
2798 4367 2994 4429 praeter
3052 4346 3508 4407 consuetudinem

2852 4464 2917 4503 ac
2969 4443 3140 4499 luctui
3201 4455 3298 4511 par
3347 4445 3512 4507 atque

1923 4560 2132 4631 aequale
2159 4571 2282 4612 esse
2327 4552 2596 4608 crederet.
2635 4546 2833 4601 Verum
2865 4539 2997 4611 quid
3030 4553 3132 4608 ego
3184 4533 3395 4589 diutius
3456 4529 3511 4582 in

1926 4655 2034 4709 illis
2074 4647 2378 4707 refutandis
2424 4646 2708 4707 immoror,
2744 4635 2961 4706 1076
2996 4631 3091 4701 qui
3143 4642 3343 4682 canum
3379 4638 3510 4695 por-

1927 4758 2186 4799 corumve
2214 4737 2534 4810 spurcitiam
2582 4728 2908 4789 imitantur?
2935 4722 3089 4791 Quod
3142 4726 3325 4774 autem
3355 4713 3515 4770 Chri-

1929 4846 2072 4894 stum
2103 4850 2163 4890 se
2194 4809 2315 4888 esse
2337 4829 2566 4901 quilibet
2591 4842 2655 4880 ex
2691 4823 2810 4879 istis
2844 4818 3043 4875 asserit
3068 4831 3083 4881 ;
3115 4812 3239 4884 quis
3269 4809 3512 4880 prudens

1929 4944 2037 4983 non
2066 4926 2198 4981 illud
2236 4922 2460 4977 insania:
2491 4916 2867 4989 plenissimum
2899 4902 3234 4963 arbitretur?
3264 4907 3357 4952 aut
3387 4910 3511 4989 cum

1930 5038 1988 5076 se
2017 5020 2308 5091 prophetas
2350 4988 2501 5071 esse,
2533 5008 2803 5066 narrant?
2834 5001 2988 5072 Quod
3034 4999 3178 5055 enim
3216 4988 3514 5064 prophetia:

1929 5089 2132 5184 genus
2169 5109 2310 5179 apud
2371 5108 2495 5163 illos
2554 5100 2811 5174 apparet?
2846 5094 3131 5164 Quodnam
3181 5099 3329 5147 vero,
3368 5089 3515 5184 ulna

1925 5172 2147 5261 abristo
2170 5172 2468 5272 quondam,
2505 5172 2827 5252 admirabile
2866 5195 2951 5243 est
3009 5184 3076 5237 ab
3104 5180 3211 5235 illis
3234 5190 3373 5246 opus
3398 5172 3516 5275 edi-

1929 5295 2262 5362 tum?Quod
2321 5294 2367 5349 si
2419 5294 2653 5363 ipsemet
2708 5293 2794 5339 est
2852 5278 3129 5336 Christus,
3167 5282 3395 5363 ecquem
3456 5279 3515 5317 ιιι

1930 5360 2220 5443 Dnminum
2280 5360 2519 5456 speravit
2558 5396 2621 5434 ac
2642 5373 2911 5432 credidit?
2938 5369 3070 5435 Qua:
3109 5370 3245 5456 sunt
3266 5360 3373 5414 illa:
3401 5363 3519 5412 tan.

254 5454 370 5551 dem
400 5497 605 5552 erroris
667 5454 1139 5564 irieptitehqnazve
1180 5486 1505 5543 stolidornm
1535 5480 1817 5537 hominum
1875 5480 2170 5551 dogmata?
2234 5478 2341 5534 Sed
2392 5477 2654 5530 adversus
2711 5470 2873 5522 istam
2943 5458 3177 5515 lnercsin
3234 5454 3519 5519 hucusque

255 5593 559 5666 disputasse
592 5593 728 5648 satis
756 5600 859 5647 est.

327 5710 343 5739 ί
374 5707 739 5763 llallucinatin
769 5715 868 5759 est.
945 5705 964 5733 ¹
994 5700 1121 5755 Cor.
1160 5693 1530 5771 παραμυθίας.

262 5793 346 5843 ιι,
375 5781 454 5833 l7.
535 5782 551 5810 ⁷
580 5777 642 5833 ιν
676 5778 802 5848 lit-3.
846 5794 896 5831 tv
955 5774 985 5828 4
1026 5787 1146 5842 sqq.

1609 5690 1628 5723 ³
1665 5685 1813 5743 Exod

1922 5702 1955 5753 ι,
1992 5685 2041 5740 1.
2118 5684 2141 5718 ⁵
2181 5679 2312 5735 ibid.
2343 5676 2434 5741 20,
2464 5674 2555 5727 21.
2631 5669 2651 5701 ⁸
2682 5664 2850 5721 Zach.
2891 5675 2988 5725 xu,
3022 5659 3106 5724 12,
3148 5656 3215 5710 15
3312 5654 3331 5683 ⁸
3358 5650 3519 5706 Joan.
