  <div class='ocr_page' id='page_1' title='image "/cluster/home/n/w/nwhite01/storage/ocr_20150623/42/mdp.39015052824052/415.png"; bbox 0 0 3986 6224; ppageno 0'>
   <div class='ocr_carea' id='block_1_1' title="bbox 485 317 2073 386">
    <p class='ocr_par' dir='ltr' id='par_1_1' title="bbox 485 317 2073 386">
     <span class='ocr_line' id='line_1_1' title="bbox 485 317 2073 386; baseline -0.002 -10"><span class='ocrx_word' id='word_1_1' title='bbox 485 330 575 386; x_wconf 67' lang='grc' dir='ltr'><strong>ττι</strong></span> <span class='ocrx_word' id='word_1_2' title='bbox 1885 317 1946 374; x_wconf 86' lang='lat' dir='ltr'><strong>S.</strong></span> <span class='ocrx_word' id='word_1_3' title='bbox 1986 317 2073 374; x_wconf 78' lang='grc' dir='ltr'><strong>ΕΡ</strong></span> 
     </span>
    </p>
   </div>
   <div class='ocr_carea' id='block_1_2' title="bbox 2176 317 2331 386">
    <p class='ocr_par' dir='ltr' id='par_1_2' title="bbox 2176 319 2331 376">
     <span class='ocr_line' id='line_1_2' title="bbox 2176 319 2331 376; baseline 0.013 -2"><span class='ocrx_word' id='word_1_4' title='bbox 2176 319 2331 376; x_wconf 76' lang='grc' dir='ltr'><strong>ΙΛΝΙΙ</strong></span> 
     </span>
    </p>
   </div>
   <div class='ocr_carea' id='block_1_3' title="bbox 3643 325 3743 383">
    <p class='ocr_par' dir='ltr' id='par_1_3' title="bbox 3643 325 3743 383">
     <span class='ocr_line' id='line_1_3' title="bbox 3643 325 3743 383; baseline 0.02 -3"><span class='ocrx_word' id='word_1_5' title='bbox 3643 325 3743 383; x_wconf 71' lang='lat'><strong>772</strong></span> 
     </span>
    </p>
   </div>
   <div class='ocr_carea' id='block_1_4' title="bbox 555 438 2073 518">
    <p class='ocr_par' dir='ltr' id='par_1_4' title="bbox 555 440 2066 517">
     <span class='ocr_line' id='line_1_4' title="bbox 555 440 2066 517; baseline -0.005 -14"><span class='ocrx_word' id='word_1_6' title='bbox 555 448 620 502; x_wconf 80' lang='grc' dir='ltr'><strong>Χ.</strong></span> <span class='ocrx_word' id='word_1_7' title='bbox 662 446 760 502; x_wconf 79' lang='lat' dir='ltr'><strong>llic</strong></span> <span class='ocrx_word' id='word_1_8' title='bbox 809 461 910 515; x_wconf 80' lang='lat' dir='ltr'><strong>ego</strong></span> <span class='ocrx_word' id='word_1_9' title='bbox 967 451 1248 517; x_wconf 87' lang='lat' dir='ltr'><strong>postremo</strong></span> <span class='ocrx_word' id='word_1_10' title='bbox 1281 442 1381 498; x_wconf 87' lang='lat' dir='ltr'><strong>toti</strong></span> <span class='ocrx_word' id='word_1_11' title='bbox 1431 455 1462 495; x_wconf 89' lang='lat' dir='ltr'><strong>a</strong></span> <span class='ocrx_word' id='word_1_12' title='bbox 1499 455 1585 496; x_wconf 92' lang='lat' dir='ltr'><strong>me</strong></span> <span class='ocrx_word' id='word_1_13' title='bbox 1619 440 1770 512; x_wconf 88' lang='lat' dir='ltr'><strong>operi</strong></span> <span class='ocrx_word' id='word_1_14' title='bbox 1807 450 2066 512; x_wconf 89' lang='lat' dir='ltr'><strong>suscepto</strong></span> 
     </span>
    </p>
   </div>
   <div class='ocr_carea' id='block_1_5' title="bbox 2176 438 3739 518">
    <p class='ocr_par' dir='ltr' id='par_1_5' title="bbox 2242 438 3739 518">
     <span class='ocr_line' id='line_1_5' title="bbox 2242 438 3739 518; baseline 0.003 -20"><span class='ocrx_word' id='word_1_15' title='bbox 2242 445 2298 499; x_wconf 89' lang='lat' dir='ltr'><strong>l&#39;.</strong></span> <span class='ocrx_word' id='word_1_16' title='bbox 2329 445 2439 498; x_wconf 77' lang='grc' dir='ltr'><strong>Καὶ</strong></span> <span class='ocrx_word' id='word_1_17' title='bbox 2475 445 2578 510; x_wconf 73' lang='grc' dir='ltr'>ἕως</span> <span class='ocrx_word' id='word_1_18' title='bbox 2611 438 2713 501; x_wconf 81' lang='grc' dir='ltr'>ὧδε</span> <span class='ocrx_word' id='word_1_19' title='bbox 2760 446 2931 518; x_wconf 81' lang='grc' dir='ltr'><strong>ἐχέτω</strong></span> <span class='ocrx_word' id='word_1_20' title='bbox 2962 443 3021 500; x_wconf 73' lang='grc' dir='ltr'><strong>τὸ</strong></span> <span class='ocrx_word' id='word_1_21' title='bbox 3056 447 3356 518; x_wconf 80' lang='grc' dir='ltr'>σφραγίσαι</span> <span class='ocrx_word' id='word_1_22' title='bbox 3387 447 3480 500; x_wconf 78' lang='grc' dir='ltr'>καὶ</span> <span class='ocrx_word' id='word_1_23' title='bbox 3536 447 3739 503; x_wconf 78' lang='grc' dir='ltr'>τελειῶο</span> 
     </span>
    </p>
   </div>
   <div class='ocr_carea' id='block_1_6' title="bbox 485 532 2068 607">
    <p class='ocr_par' dir='ltr' id='par_1_6' title="bbox 485 532 2068 607">
     <span class='ocr_line' id='line_1_6' title="bbox 485 532 2068 607; baseline -0.003 -13"><span class='ocrx_word' id='word_1_24' title='bbox 485 541 644 595; x_wconf 78' lang='lat' dir='ltr'><strong>liuent</strong></span> <span class='ocrx_word' id='word_1_25' title='bbox 677 539 951 607; x_wconf 85' lang='lat' dir='ltr'><strong>imponam</strong></span> <span class='ocrx_word' id='word_1_26' title='bbox 985 554 1000 590; x_wconf 90' lang='lat'>:</span> <span class='ocrx_word' id='word_1_27' title='bbox 1037 536 1092 590; x_wconf 91' lang='lat' dir='ltr'><strong>in</strong></span> <span class='ocrx_word' id='word_1_28' title='bbox 1124 549 1236 606; x_wconf 85' lang='lat' dir='ltr'><strong>quo</strong></span> <span class='ocrx_word' id='word_1_29' title='bbox 1265 533 1598 605; x_wconf 76' lang='lat' dir='ltr'><strong>singularem</strong></span> <span class='ocrx_word' id='word_1_30' title='bbox 1623 547 1751 604; x_wconf 84' lang='lat' dir='ltr'><strong>erga</strong></span> <span class='ocrx_word' id='word_1_31' title='bbox 1776 547 1878 589; x_wconf 89' lang='lat' dir='ltr'><strong>nos</strong></span> <span class='ocrx_word' id='word_1_32' title='bbox 1898 532 2068 589; x_wconf 77' lang='lat' dir='ltr'><strong>divini</strong></span> 
     </span>
    </p>
   </div>
   <div class='ocr_carea' id='block_1_7' title="bbox 483 626 2070 699">
    <p class='ocr_par' dir='ltr' id='par_1_7' title="bbox 483 626 2070 699">
     <span class='ocr_line' id='line_1_7' title="bbox 483 626 2070 699; baseline -0.002 -14"><span class='ocrx_word' id='word_1_33' title='bbox 483 629 724 686; x_wconf 82' lang='lat' dir='ltr'><strong>numinis</strong></span> <span class='ocrx_word' id='word_1_34' title='bbox 753 643 911 698; x_wconf 84' lang='lat' dir='ltr'><strong>opem</strong></span> <span class='ocrx_word' id='word_1_35' title='bbox 964 641 1028 683; x_wconf 91' lang='lat' dir='ltr'><strong>ac</strong></span> <span class='ocrx_word' id='word_1_36' title='bbox 1063 626 1408 699; x_wconf 72' lang='lat' dir='ltr'><strong>praesentiam</strong></span> <span class='ocrx_word' id='word_1_37' title='bbox 1442 641 1636 682; x_wconf 88' lang='lat' dir='ltr'><strong>sumus</strong></span> <span class='ocrx_word' id='word_1_38' title='bbox 1658 627 1888 696; x_wconf 82' lang='lat' dir='ltr'><strong>experti,</strong></span> <span class='ocrx_word' id='word_1_39' title='bbox 1923 627 2070 697; x_wconf 88' lang='lat' dir='ltr'><strong>quod</strong></span> 
     </span>
    </p>
   </div>
   <div class='ocr_carea' id='block_1_8' title="bbox 483 717 2072 789">
    <p class='ocr_par' dir='ltr' id='par_1_8' title="bbox 483 717 2072 789">
     <span class='ocr_line' id='line_1_8' title="bbox 483 717 2072 789; baseline -0.004 -12"><span class='ocrx_word' id='word_1_40' title='bbox 483 738 547 779; x_wconf 78' lang='lat' dir='ltr'><strong>ex</strong></span> <span class='ocrx_word' id='word_1_41' title='bbox 597 728 712 774; x_wconf 87' lang='lat' dir='ltr'><strong>toto</strong></span> <span class='ocrx_word' id='word_1_42' title='bbox 753 720 938 774; x_wconf 89' lang='lat' dir='ltr'><strong>animo</strong></span> <span class='ocrx_word' id='word_1_43' title='bbox 993 733 1059 774; x_wconf 87' lang='lat' dir='ltr'><strong>ac</strong></span> <span class='ocrx_word' id='word_1_44' title='bbox 1102 727 1284 774; x_wconf 68' lang='lat' dir='ltr'><strong>triente</strong></span> <span class='ocrx_word' id='word_1_45' title='bbox 1329 717 1604 782; x_wconf 86' lang='lat' dir='ltr'><strong>confiteri,</strong></span> <span class='ocrx_word' id='word_1_46' title='bbox 1638 717 1927 789; x_wconf 80' lang='lat' dir='ltr'><strong>eidemque</strong></span> <span class='ocrx_word' id='word_1_47' title='bbox 1966 717 2072 772; x_wconf 87' lang='lat' dir='ltr'><strong>Do-</strong></span> 
     </span>
    </p>
   </div>
   <div class='ocr_carea' id='block_1_9' title="bbox 483 809 2070 884">
    <p class='ocr_par' dir='ltr' id='par_1_9' title="bbox 483 809 2070 884">
     <span class='ocr_line' id='line_1_9' title="bbox 483 809 2070 884; baseline -0.002 -16"><span class='ocrx_word' id='word_1_48' title='bbox 483 814 634 868; x_wconf 90' lang='lat' dir='ltr'><strong>mino</strong></span> <span class='ocrx_word' id='word_1_49' title='bbox 659 813 863 884; x_wconf 84' lang='lat' dir='ltr'><strong>gratias</strong></span> <span class='ocrx_word' id='word_1_50' title='bbox 916 826 1081 882; x_wconf 82' lang='lat' dir='ltr'><strong>agere</strong></span> <span class='ocrx_word' id='word_1_51' title='bbox 1131 811 1434 878; x_wconf 86' lang='lat' dir='ltr'><strong>debemus;</strong></span> <span class='ocrx_word' id='word_1_52' title='bbox 1475 809 1920 881; x_wconf 89' lang='lat' dir='ltr'><strong>quandoquidem</strong></span> <span class='ocrx_word' id='word_1_53' title='bbox 1975 810 2070 865; x_wconf 92' lang='lat' dir='ltr'><strong>illo</strong></span> 
     </span>
    </p>
   </div>
   <div class='ocr_carea' id='block_1_10' title="bbox 479 900 2070 973">
    <p class='ocr_par' dir='ltr' id='par_1_10' title="bbox 479 900 2070 973">
     <span class='ocr_line' id='line_1_10' title="bbox 479 900 2070 973; baseline -0.001 -16"><span class='ocrx_word' id='word_1_54' title='bbox 479 902 704 972; x_wconf 84' lang='lat' dir='ltr'><strong>juvante</strong></span> <span class='ocrx_word' id='word_1_55' title='bbox 725 901 990 973; x_wconf 83' lang='lat' dir='ltr'><strong>quidquid</strong></span> <span class='ocrx_word' id='word_1_56' title='bbox 1044 908 1324 972; x_wconf 88' lang='lat' dir='ltr'><strong>receptum</strong></span> <span class='ocrx_word' id='word_1_57' title='bbox 1367 915 1397 954; x_wconf 90' lang='lat' dir='ltr'><strong>a</strong></span> <span class='ocrx_word' id='word_1_58' title='bbox 1431 900 1594 955; x_wconf 90' lang='lat' dir='ltr'><strong>nobis</strong></span> <span class='ocrx_word' id='word_1_59' title='bbox 1625 901 2070 970; x_wconf 88' lang='lat' dir='ltr'><strong>promissumque</strong></span> 
     </span>
    </p>
   </div>
   <div class='ocr_carea' id='block_1_11' title="bbox 488 989 2070 1061">
    <p class='ocr_par' dir='ltr' id='par_1_11' title="bbox 488 989 2070 1061">
     <span class='ocr_line' id='line_1_11' title="bbox 488 989 2070 1061; baseline -0.002 -14"><span class='ocrx_word' id='word_1_60' title='bbox 488 994 610 1058; x_wconf 88' lang='lat' dir='ltr'><strong>fuit,</strong></span> <span class='ocrx_word' id='word_1_61' title='bbox 648 992 878 1048; x_wconf 77' lang='lat' dir='ltr'><strong>feliciter</strong></span> <span class='ocrx_word' id='word_1_62' title='bbox 908 991 978 1046; x_wconf 89' lang='lat' dir='ltr'><strong>ad</strong></span> <span class='ocrx_word' id='word_1_63' title='bbox 1023 992 1228 1046; x_wconf 73' lang='lat' dir='ltr'><strong>exitum</strong></span> <span class='ocrx_word' id='word_1_64' title='bbox 1269 991 1626 1061; x_wconf 76' lang='lat' dir='ltr'><strong>perduximus</strong></span> <span class='ocrx_word' id='word_1_65' title='bbox 1658 1005 1672 1042; x_wconf 93' lang='lat'><strong>:</strong></span> <span class='ocrx_word' id='word_1_66' title='bbox 1707 1004 1772 1045; x_wconf 92' lang='lat' dir='ltr'><strong>ac</strong></span> <span class='ocrx_word' id='word_1_67' title='bbox 1803 1005 1927 1044; x_wconf 89' lang='lat' dir='ltr'><strong>cum</strong></span> <span class='ocrx_word' id='word_1_68' title='bbox 1956 989 2070 1044; x_wconf 77' lang='lat' dir='ltr'><strong>ha:-</strong></span> 
     </span>
    </p>
   </div>
   <div class='ocr_carea' id='block_1_12' title="bbox 487 1081 2068 1155">
    <p class='ocr_par' dir='ltr' id='par_1_12' title="bbox 487 1081 2068 1155">
     <span class='ocr_line' id='line_1_12' title="bbox 487 1081 2068 1155; baseline -0.004 -13"><span class='ocrx_word' id='word_1_69' title='bbox 487 1102 639 1142; x_wconf 88' lang='lat' dir='ltr'><strong>reses</strong></span> <span class='ocrx_word' id='word_1_70' title='bbox 706 1100 898 1141; x_wconf 86' lang='lat' dir='ltr'><strong>omnes</strong></span> <span class='ocrx_word' id='word_1_71' title='bbox 975 1083 1332 1155; x_wconf 79' lang='lat' dir='ltr'><strong>exposuimus</strong></span> <span class='ocrx_word' id='word_1_72' title='bbox 1403 1081 1895 1152; x_wconf 89' lang='lat' dir='ltr'><strong>refutavimusque.</strong></span> <span class='ocrx_word' id='word_1_73' title='bbox 1953 1090 2068 1136; x_wconf 90' lang='lat' dir='ltr'><strong>tum</strong></span> 
     </span>
    </p>
   </div>
   <div class='ocr_carea' id='block_1_13' title="bbox 485 1172 2069 1247">
    <p class='ocr_par' dir='ltr' id='par_1_13' title="bbox 485 1172 2069 1247">
     <span class='ocr_line' id='line_1_13' title="bbox 485 1172 2069 1247; baseline -0.004 -17"><span class='ocrx_word' id='word_1_74' title='bbox 485 1177 617 1247; x_wconf 85' lang='lat' dir='ltr'><strong>quid</strong></span> <span class='ocrx_word' id='word_1_75' title='bbox 654 1176 724 1230; x_wconf 88' lang='lat' dir='ltr'><strong>ab</strong></span> <span class='ocrx_word' id='word_1_76' title='bbox 756 1189 1084 1244; x_wconf 87' lang='lat' dir='ltr'><strong>unaquaque</strong></span> <span class='ocrx_word' id='word_1_77' title='bbox 1113 1180 1334 1244; x_wconf 78' lang='lat' dir='ltr'><strong>geratur</strong></span> <span class='ocrx_word' id='word_1_78' title='bbox 1365 1186 1467 1242; x_wconf 92' lang='lat' dir='ltr'><strong>pro</strong></span> <span class='ocrx_word' id='word_1_79' title='bbox 1509 1172 1724 1227; x_wconf 88' lang='lat' dir='ltr'><strong>virium</strong></span> <span class='ocrx_word' id='word_1_80' title='bbox 1758 1179 2069 1228; x_wconf 84' lang='lat' dir='ltr'><strong>nostrarum</strong></span> 
     </span>
    </p>
   </div>
   <div class='ocr_carea' id='block_1_14' title="bbox 491 1264 2070 1334">
    <p class='ocr_par' dir='ltr' id='par_1_14' title="bbox 491 1264 2070 1334">
     <span class='ocr_line' id='line_1_14' title="bbox 491 1264 2070 1334; baseline -0.003 -12"><span class='ocrx_word' id='word_1_81' title='bbox 491 1267 862 1323; x_wconf 82' lang='lat' dir='ltr'><strong>imbecillitate</strong></span> <span class='ocrx_word' id='word_1_82' title='bbox 889 1264 1265 1334; x_wconf 77' lang='lat' dir='ltr'><strong>patefecimus.</strong></span> <span class='ocrx_word' id='word_1_83' title='bbox 1301 1264 1572 1318; x_wconf 62' lang='lat' dir='ltr'><strong>Caeterum</strong></span> <span class='ocrx_word' id='word_1_84' title='bbox 1621 1279 1748 1318; x_wconf 91' lang='lat' dir='ltr'><strong>cum</strong></span> <span class='ocrx_word' id='word_1_85' title='bbox 1793 1264 2070 1334; x_wconf 78' lang='lat' dir='ltr'><strong>octoginta</strong></span> 
     </span>
    </p>
   </div>
   <div class='ocr_carea' id='block_1_15' title="bbox 490 1353 2071 1428">
    <p class='ocr_par' dir='ltr' id='par_1_15' title="bbox 490 1353 2071 1428">
     <span class='ocr_line' id='line_1_15' title="bbox 490 1353 2071 1428; baseline -0.003 -15"><span class='ocrx_word' id='word_1_86' title='bbox 490 1360 790 1424; x_wconf 84' lang='lat' dir='ltr'><strong>haereseon,</strong></span> <span class='ocrx_word' id='word_1_87' title='bbox 833 1372 971 1428; x_wconf 89' lang='lat' dir='ltr'><strong>quas</strong></span> <span class='ocrx_word' id='word_1_88' title='bbox 1000 1357 1056 1411; x_wconf 88' lang='lat' dir='ltr'><strong>in</strong></span> <span class='ocrx_word' id='word_1_89' title='bbox 1085 1356 1270 1410; x_wconf 90' lang='lat' dir='ltr'><strong>orbem</strong></span> <span class='ocrx_word' id='word_1_90' title='bbox 1323 1364 1592 1410; x_wconf 85' lang='lat' dir='ltr'><strong>terrarum</strong></span> <span class='ocrx_word' id='word_1_91' title='bbox 1639 1354 1984 1409; x_wconf 87' lang='lat' dir='ltr'><strong>introductas</strong></span> <span class='ocrx_word' id='word_1_92' title='bbox 2004 1353 2071 1408; x_wconf 90' lang='lat' dir='ltr'><strong>ad</strong></span> 
     </span>
    </p>
   </div>
   <div class='ocr_carea' id='block_1_16' title="bbox 491 1445 2076 1515">
    <p class='ocr_par' dir='ltr' id='par_1_16' title="bbox 491 1445 2076 1515">
     <span class='ocr_line' id='line_1_16' title="bbox 491 1445 2076 1515; baseline -0.003 -13"><span class='ocrx_word' id='word_1_93' title='bbox 491 1449 630 1502; x_wconf 85' lang='lat' dir='ltr'><strong>hanc</strong></span> <span class='ocrx_word' id='word_1_94' title='bbox 649 1448 788 1504; x_wconf 90' lang='lat' dir='ltr'><strong>diem</strong></span> <span class='ocrx_word' id='word_1_95' title='bbox 815 1446 1144 1508; x_wconf 88' lang='lat' dir='ltr'><strong>audivimus,</strong></span> <span class='ocrx_word' id='word_1_96' title='bbox 1158 1459 1500 1515; x_wconf 87' lang='lat' dir='ltr'><strong>quarumque</strong></span> <span class='ocrx_word' id='word_1_97' title='bbox 1521 1460 1806 1499; x_wconf 85' lang='lat' dir='ltr'><strong>numerum</strong></span> <span class='ocrx_word' id='word_1_98' title='bbox 1823 1445 2076 1515; x_wconf 87' lang='lat' dir='ltr'><strong>etappel-</strong></span> 
     </span>
    </p>
   </div>
   <div class='ocr_carea' id='block_1_17' title="bbox 491 1533 2072 1604">
    <p class='ocr_par' dir='ltr' id='par_1_17' title="bbox 491 1533 2072 1604">
     <span class='ocr_line' id='line_1_17' title="bbox 491 1533 2072 1604; baseline -0.003 -13"><span class='ocrx_word' id='word_1_99' title='bbox 491 1539 739 1599; x_wconf 83' lang='lat' dir='ltr'><strong>lationes,</strong></span> <span class='ocrx_word' id='word_1_100' title='bbox 772 1535 1154 1590; x_wconf 84' lang='lat' dir='ltr'><strong>nonnullarum</strong></span> <span class='ocrx_word' id='word_1_101' title='bbox 1182 1533 1348 1588; x_wconf 90' lang='lat' dir='ltr'><strong>etiam</strong></span> <span class='ocrx_word' id='word_1_102' title='bbox 1379 1533 1619 1599; x_wconf 88' lang='lat' dir='ltr'><strong>decreta,</strong></span> <span class='ocrx_word' id='word_1_103' title='bbox 1652 1540 1706 1588; x_wconf 90' lang='lat' dir='ltr'><strong>et</strong></span> <span class='ocrx_word' id='word_1_104' title='bbox 1751 1540 2072 1604; x_wconf 85' lang='lat' dir='ltr'><strong>argumenta</strong></span> 
     </span>
    </p>
   </div>
   <div class='ocr_carea' id='block_1_18' title="bbox 488 1624 2070 1698">
    <p class='ocr_par' dir='ltr' id='par_1_18' title="bbox 488 1624 2070 1698">
     <span class='ocr_line' id='line_1_18' title="bbox 488 1624 2070 1698; baseline -0.003 -15"><span class='ocrx_word' id='word_1_105' title='bbox 488 1628 914 1698; x_wconf 73' lang='lat' dir='ltr'><strong>affectionesque</strong></span> <span class='ocrx_word' id='word_1_106' title='bbox 951 1625 1347 1696; x_wconf 80' lang='lat' dir='ltr'><strong>cognovimus;</strong></span> <span class='ocrx_word' id='word_1_107' title='bbox 1397 1639 1544 1690; x_wconf 90' lang='lat' dir='ltr'><strong>cum,</strong></span> <span class='ocrx_word' id='word_1_108' title='bbox 1579 1625 1824 1695; x_wconf 87' lang='lat' dir='ltr'><strong>inquam,</strong></span> <span class='ocrx_word' id='word_1_109' title='bbox 1857 1624 2070 1680; x_wconf 88' lang='lat' dir='ltr'><strong>illarum</strong></span> 
     </span>
    </p>
   </div>
   <div class='ocr_carea' id='block_1_19' title="bbox 488 1715 2074 1790">
    <p class='ocr_par' dir='ltr' id='par_1_19' title="bbox 488 1715 2074 1790">
     <span class='ocr_line' id='line_1_19' title="bbox 488 1715 2074 1790; baseline -0.003 -15"><span class='ocrx_word' id='word_1_110' title='bbox 488 1721 730 1790; x_wconf 76' lang='lat' dir='ltr'><strong>origines</strong></span> <span class='ocrx_word' id='word_1_111' title='bbox 753 1733 1057 1788; x_wconf 76' lang='lat' dir='ltr'><strong>causasque</strong></span> <span class='ocrx_word' id='word_1_112' title='bbox 1082 1716 1228 1772; x_wconf 89' lang='lat' dir='ltr'><strong>nulla</strong></span> <span class='ocrx_word' id='word_1_113' title='bbox 1255 1731 1333 1779; x_wconf 91' lang='lat' dir='ltr'><strong>re,</strong></span> <span class='ocrx_word' id='word_1_114' title='bbox 1357 1716 1536 1786; x_wconf 88' lang='lat' dir='ltr'><strong>quoad</strong></span> <span class='ocrx_word' id='word_1_115' title='bbox 1560 1715 1675 1772; x_wconf 86' lang='lat' dir='ltr'><strong>fieri</strong></span> <span class='ocrx_word' id='word_1_116' title='bbox 1706 1716 1902 1786; x_wconf 89' lang='lat' dir='ltr'><strong>potuit,</strong></span> <span class='ocrx_word' id='word_1_117' title='bbox 1934 1731 2074 1786; x_wconf 75' lang='lat' dir='ltr'><strong>pra:-</strong></span> 
     </span>
    </p>
   </div>
   <div class='ocr_carea' id='block_1_20' title="bbox 2177 537 3746 612">
    <p class='ocr_par' dir='ltr' id='par_1_20' title="bbox 2177 537 3746 612">
     <span class='ocr_line' id='line_1_20' title="bbox 2177 537 3746 612; baseline 0.003 -21"><span class='ocrx_word' id='word_1_118' title='bbox 2177 555 2268 592; x_wconf 93' lang='grc' dir='ltr'><strong>σαι</strong></span> <span class='ocrx_word' id='word_1_119' title='bbox 2293 538 2394 610; x_wconf 81' lang='grc' dir='ltr'>τὴν</span> <span class='ocrx_word' id='word_1_120' title='bbox 2421 540 2603 592; x_wconf 82' lang='grc' dir='ltr'>πᾶσαν</span> <span class='ocrx_word' id='word_1_121' title='bbox 2625 538 2784 610; x_wconf 82' lang='grc' dir='ltr'>ἡμῶν</span> <span class='ocrx_word' id='word_1_122' title='bbox 2815 539 2946 612; x_wconf 82' lang='grc' dir='ltr'><strong>περὶ</strong></span> <span class='ocrx_word' id='word_1_123' title='bbox 2975 537 3181 592; x_wconf 80' lang='grc' dir='ltr'>τούτων</span> <span class='ocrx_word' id='word_1_124' title='bbox 3213 539 3626 609; x_wconf 79' lang='grc' dir='ltr'><strong>πραγματείαν·</strong></span> <span class='ocrx_word' id='word_1_125' title='bbox 3662 541 3746 596; x_wconf 83' lang='grc' dir='ltr'><strong>τοῦ</strong></span> 
     </span>
    </p>
   </div>
   <div class='ocr_carea' id='block_1_21' title="bbox 2173 628 3745 702">
    <p class='ocr_par' dir='ltr' id='par_1_21' title="bbox 2173 628 3745 702">
     <span class='ocr_line' id='line_1_21' title="bbox 2173 628 3745 702; baseline 0.002 -20"><span class='ocrx_word' id='word_1_126' title='bbox 2173 628 2308 683; x_wconf 83' lang='grc' dir='ltr'>Θεοῦ</span> <span class='ocrx_word' id='word_1_127' title='bbox 2344 629 2476 700; x_wconf 78' lang='grc' dir='ltr'>ἡμῖν</span> <span class='ocrx_word' id='word_1_128' title='bbox 2523 630 2878 700; x_wconf 77' lang='grc' dir='ltr'><strong>ἐπιφανέντος</strong></span> <span class='ocrx_word' id='word_1_129' title='bbox 2909 629 3002 682; x_wconf 80' lang='grc' dir='ltr'>καὶ</span> <span class='ocrx_word' id='word_1_130' title='bbox 3054 628 3438 700; x_wconf 70' lang='grc' dir='ltr'><strong>βοηθήσαντος,</strong></span> <span class='ocrx_word' id='word_1_131' title='bbox 3467 629 3542 690; x_wconf 87' lang='grc' dir='ltr'>ὼς</span> <span class='ocrx_word' id='word_1_132' title='bbox 3565 630 3745 702; x_wconf 77' lang='grc' dir='ltr'>ὁμολο-</span> 
     </span>
    </p>
   </div>
   <div class='ocr_carea' id='block_1_22' title="bbox 2173 719 3748 791">
    <p class='ocr_par' dir='ltr' id='par_1_22' title="bbox 2173 719 3748 791">
     <span class='ocr_line' id='line_1_22' title="bbox 2173 719 3748 791; baseline 0.001 -17"><span class='ocrx_word' id='word_1_133' title='bbox 2173 721 2291 790; x_wconf 85' lang='grc' dir='ltr'>γεῖν</span> <span class='ocrx_word' id='word_1_134' title='bbox 2319 720 2468 774; x_wconf 76' lang='grc' dir='ltr'>ἐστιν</span> <span class='ocrx_word' id='word_1_135' title='bbox 2495 721 2560 774; x_wconf 84' lang='grc' dir='ltr'>ὲκ</span> <span class='ocrx_word' id='word_1_136' title='bbox 2583 721 2764 791; x_wconf 80' lang='grc' dir='ltr'><strong>πάσης</strong></span> <span class='ocrx_word' id='word_1_137' title='bbox 2777 721 2977 791; x_wconf 69' lang='grc' dir='ltr'>ψυχῆς,</span> <span class='ocrx_word' id='word_1_138' title='bbox 3011 720 3106 773; x_wconf 68' lang='grc' dir='ltr'>καὶ</span> <span class='ocrx_word' id='word_1_139' title='bbox 3131 719 3388 785; x_wconf 79' lang='grc' dir='ltr'>διανοίας,</span> <span class='ocrx_word' id='word_1_140' title='bbox 3423 720 3748 791; x_wconf 77' lang='grc' dir='ltr'><strong>εὐχαριστεῖν</strong></span> 
     </span>
    </p>
   </div>
   <div class='ocr_carea' id='block_1_23' title="bbox 2173 811 3744 885">
    <p class='ocr_par' dir='ltr' id='par_1_23' title="bbox 2173 811 3744 885">
     <span class='ocr_line' id='line_1_23' title="bbox 2173 811 3744 885; baseline 0 -19"><span class='ocrx_word' id='word_1_141' title='bbox 2173 811 2324 884; x_wconf 78' lang='grc' dir='ltr'>αὐτῷ</span> <span class='ocrx_word' id='word_1_142' title='bbox 2349 812 2427 883; x_wconf 84' lang='grc' dir='ltr'>τῷ</span> <span class='ocrx_word' id='word_1_143' title='bbox 2454 813 2664 885; x_wconf 84' lang='grc' dir='ltr'>Κυρίῳ,</span> <span class='ocrx_word' id='word_1_144' title='bbox 2689 813 2772 867; x_wconf 86' lang='grc' dir='ltr'><strong>δτι</strong></span> <span class='ocrx_word' id='word_1_145' title='bbox 2793 812 2854 866; x_wconf 83' lang='grc' dir='ltr'>τὸ</span> <span class='ocrx_word' id='word_1_146' title='bbox 2876 812 3222 883; x_wconf 79' lang='grc' dir='ltr'><strong>ἐπάγγελμα,</strong></span> <span class='ocrx_word' id='word_1_147' title='bbox 3247 811 3744 883; x_wconf 81' lang='grc' dir='ltr'>δέπηγγειλάμεθα,</span> 
     </span>
    </p>
   </div>
   <div class='ocr_carea' id='block_1_24' title="bbox 2173 903 3748 977">
    <p class='ocr_par' dir='ltr' id='par_1_24' title="bbox 2173 903 3748 977">
     <span class='ocr_line' id='line_1_24' title="bbox 2173 903 3748 977; baseline -0.001 -18"><span class='ocrx_word' id='word_1_148' title='bbox 2173 908 2231 960; x_wconf 83' lang='grc' dir='ltr'>ὲν</span> <span class='ocrx_word' id='word_1_149' title='bbox 2269 904 2418 977; x_wconf 76' lang='grc' dir='ltr'>αὐτῷ</span> <span class='ocrx_word' id='word_1_150' title='bbox 2463 905 2542 975; x_wconf 83' lang='grc' dir='ltr'><strong>τῷ</strong></span> <span class='ocrx_word' id='word_1_151' title='bbox 2578 904 2764 977; x_wconf 80' lang='grc' dir='ltr'>Κυρίῳ</span> <span class='ocrx_word' id='word_1_152' title='bbox 2813 904 3238 977; x_wconf 77' lang='grc' dir='ltr'>κατηξιώθημεν</span> <span class='ocrx_word' id='word_1_153' title='bbox 3270 903 3592 957; x_wconf 66' lang='grc' dir='ltr'>τελειῶσαυ</span> <span class='ocrx_word' id='word_1_154' title='bbox 3625 905 3748 959; x_wconf 85' lang='grc' dir='ltr'><strong>κατά</strong></span> 
     </span>
    </p>
   </div>
   <div class='ocr_carea' id='block_1_25' title="bbox 2174 995 3748 1069">
    <p class='ocr_par' dir='ltr' id='par_1_25' title="bbox 2174 995 3748 1069">
     <span class='ocr_line' id='line_1_25' title="bbox 2174 995 3748 1069; baseline -0.002 -19"><span class='ocrx_word' id='word_1_155' title='bbox 2174 998 2437 1069; x_wconf 79' lang='grc' dir='ltr'><strong>αἱρέσεων</strong></span> <span class='ocrx_word' id='word_1_156' title='bbox 2495 997 2572 1061; x_wconf 80' lang='grc' dir='ltr'>δὲ,</span> <span class='ocrx_word' id='word_1_157' title='bbox 2607 995 2772 1068; x_wconf 71' lang='grc' dir='ltr'>φημὶ,</span> <span class='ocrx_word' id='word_1_158' title='bbox 2829 997 2931 1066; x_wconf 83' lang='grc' dir='ltr'>τὴν</span> <span class='ocrx_word' id='word_1_159' title='bbox 2997 996 3248 1066; x_wconf 80' lang='grc' dir='ltr'>διήγησιν</span> <span class='ocrx_word' id='word_1_160' title='bbox 3303 995 3398 1050; x_wconf 73' lang='grc' dir='ltr'>καὶ</span> <span class='ocrx_word' id='word_1_161' title='bbox 3452 995 3748 1067; x_wconf 72' lang='grc' dir='ltr'>ἀνατροπὴν</span> 
     </span>
    </p>
   </div>
   <div class='ocr_carea' id='block_1_26' title="bbox 2175 1087 3748 1160">
    <p class='ocr_par' dir='ltr' id='par_1_26' title="bbox 2175 1087 3748 1160">
     <span class='ocr_line' id='line_1_26' title="bbox 2175 1087 3748 1160; baseline 0 -18"><span class='ocrx_word' id='word_1_162' title='bbox 2175 1087 2555 1160; x_wconf 85' lang='grc' dir='ltr'>ποιησάμενοι,</span> <span class='ocrx_word' id='word_1_163' title='bbox 2584 1088 2700 1160; x_wconf 72' lang='grc' dir='ltr'><strong>ἃμα</strong></span> <span class='ocrx_word' id='word_1_164' title='bbox 2727 1105 2787 1142; x_wconf 91' lang='grc' dir='ltr'><strong>τε</strong></span> <span class='ocrx_word' id='word_1_165' title='bbox 2815 1089 2910 1142; x_wconf 83' lang='grc' dir='ltr'>καὶ</span> <span class='ocrx_word' id='word_1_166' title='bbox 2928 1087 3379 1157; x_wconf 75' lang='grc' dir='ltr'>ἀποκαλύψαντες</span> <span class='ocrx_word' id='word_1_167' title='bbox 3401 1088 3536 1157; x_wconf 82' lang='grc' dir='ltr'>παρ’</span> <span class='ocrx_word' id='word_1_168' title='bbox 3558 1088 3748 1158; x_wconf 73' lang='grc' dir='ltr'>ἑκάστη</span> 
     </span>
    </p>
   </div>
   <div class='ocr_carea' id='block_1_27' title="bbox 2172 1178 3750 1254">
    <p class='ocr_par' dir='ltr' id='par_1_27' title="bbox 2172 1178 3750 1254">
     <span class='ocr_line' id='line_1_27' title="bbox 2172 1178 3750 1254; baseline -0.002 -20"><span class='ocrx_word' id='word_1_169' title='bbox 2172 1182 2226 1235; x_wconf 90' lang='grc' dir='ltr'><strong>τί</strong></span> <span class='ocrx_word' id='word_1_170' title='bbox 2250 1181 2568 1254; x_wconf 87' lang='grc' dir='ltr'>πράττεται,</span> <span class='ocrx_word' id='word_1_171' title='bbox 2603 1181 2679 1245; x_wconf 86' lang='grc' dir='ltr'>ὠς</span> <span class='ocrx_word' id='word_1_172' title='bbox 2721 1180 2862 1235; x_wconf 87' lang='grc' dir='ltr'><strong>κατά</strong></span> <span class='ocrx_word' id='word_1_173' title='bbox 2902 1179 3002 1252; x_wconf 77' lang='grc' dir='ltr'>τὴν</span> <span class='ocrx_word' id='word_1_174' title='bbox 3038 1180 3314 1251; x_wconf 76' lang='grc' dir='ltr'>ἡμετέραν</span> <span class='ocrx_word' id='word_1_175' title='bbox 3341 1178 3640 1232; x_wconf 82' lang='grc' dir='ltr'>ὑπόστασιν</span> <span class='ocrx_word' id='word_1_176' title='bbox 3661 1178 3750 1248; x_wconf 82' lang='grc' dir='ltr'>τῆς</span> 
     </span>
    </p>
   </div>
   <div class='ocr_carea' id='block_1_28' title="bbox 2173 1269 3747 1345">
    <p class='ocr_par' dir='ltr' id='par_1_28' title="bbox 2173 1269 3747 1345">
     <span class='ocr_line' id='line_1_28' title="bbox 2173 1269 3747 1345; baseline -0.003 -18"><span class='ocrx_word' id='word_1_177' title='bbox 2173 1273 2433 1338; x_wconf 75' lang='grc' dir='ltr'>ἀσθενοῦς</span> <span class='ocrx_word' id='word_1_178' title='bbox 2476 1273 2914 1345; x_wconf 82' lang='grc' dir='ltr'>ἀνθρωπότητος.</span> <span class='ocrx_word' id='word_1_179' title='bbox 2956 1273 3100 1336; x_wconf 84' lang='grc' dir='ltr'>Ἕως</span> <span class='ocrx_word' id='word_1_180' title='bbox 3142 1271 3251 1342; x_wconf 80' lang='grc' dir='ltr'><strong>γὰρ</strong></span> <span class='ocrx_word' id='word_1_181' title='bbox 3284 1270 3520 1326; x_wconf 82' lang='grc' dir='ltr'>ἐνταῦθα</span> <span class='ocrx_word' id='word_1_182' title='bbox 3570 1269 3747 1341; x_wconf 75' lang='grc' dir='ltr'>ὀγδοή-</span> 
     </span>
    </p>
   </div>
   <div class='ocr_carea' id='block_1_29' title="bbox 2174 1356 3751 1436">
    <p class='ocr_par' dir='ltr' id='par_1_29' title="bbox 2174 1356 3751 1436">
     <span class='ocr_line' id='line_1_29' title="bbox 2174 1356 3751 1436; baseline -0.002 -19"><span class='ocrx_word' id='word_1_183' title='bbox 2174 1381 2342 1418; x_wconf 86' lang='grc' dir='ltr'>κοντα</span> <span class='ocrx_word' id='word_1_184' title='bbox 2397 1363 2703 1436; x_wconf 78' lang='grc' dir='ltr'>αἱρέσεων,</span> <span class='ocrx_word' id='word_1_185' title='bbox 2761 1356 2836 1416; x_wconf 84' lang='grc' dir='ltr'><strong>ὧν</strong></span> <span class='ocrx_word' id='word_1_186' title='bbox 2889 1361 3238 1434; x_wconf 81' lang='grc' dir='ltr'>ὲνηχήθημεν</span> <span class='ocrx_word' id='word_1_187' title='bbox 3294 1361 3372 1432; x_wconf 85' lang='grc' dir='ltr'><strong>τῷ</strong></span> <span class='ocrx_word' id='word_1_188' title='bbox 3427 1360 3641 1431; x_wconf 81' lang='grc' dir='ltr'>κόσμῳ,</span> <span class='ocrx_word' id='word_1_189' title='bbox 3668 1361 3751 1414; x_wconf 73' lang='grc' dir='ltr'>καὶ</span> 
     </span>
    </p>
   </div>
   <div class='ocr_carea' id='block_1_30' title="bbox 2174 1453 3751 1527">
    <p class='ocr_par' dir='ltr' id='par_1_30' title="bbox 2174 1453 3751 1527">
     <span class='ocr_line' id='line_1_30' title="bbox 2174 1453 3751 1527; baseline -0.003 -18"><span class='ocrx_word' id='word_1_190' title='bbox 2174 1454 2421 1527; x_wconf 79' lang='grc' dir='ltr'>ἔγνωμεν</span> <span class='ocrx_word' id='word_1_191' title='bbox 2471 1454 2562 1509; x_wconf 78' lang='grc' dir='ltr'>τὸν</span> <span class='ocrx_word' id='word_1_192' title='bbox 2608 1454 2843 1527; x_wconf 74' lang='grc' dir='ltr'>ἀριθμὸν</span> <span class='ocrx_word' id='word_1_193' title='bbox 2873 1455 2968 1509; x_wconf 70' lang='grc' dir='ltr'><strong>καὶ</strong></span> <span class='ocrx_word' id='word_1_194' title='bbox 2995 1455 3094 1519; x_wconf 81' lang='grc' dir='ltr'><strong>τὰς</strong></span> <span class='ocrx_word' id='word_1_195' title='bbox 3137 1453 3432 1525; x_wconf 80' lang='grc' dir='ltr'>ὀνομασίας</span> <span class='ocrx_word' id='word_1_196' title='bbox 3465 1453 3563 1506; x_wconf 88' lang='grc' dir='ltr'><strong>καί</strong></span> <span class='ocrx_word' id='word_1_197' title='bbox 3607 1470 3751 1506; x_wconf 85' lang='grc' dir='ltr'>τινων</span> 
     </span>
    </p>
   </div>
   <div class='ocr_carea' id='block_1_31' title="bbox 2174 1545 3751 1620">
    <p class='ocr_par' dir='ltr' id='par_1_31' title="bbox 2174 1545 3751 1620">
     <span class='ocr_line' id='line_1_31' title="bbox 2174 1545 3751 1620; baseline -0.003 -18"><span class='ocrx_word' id='word_1_198' title='bbox 2174 1548 2273 1611; x_wconf 81' lang='grc' dir='ltr'><strong>τὰς</strong></span> <span class='ocrx_word' id='word_1_199' title='bbox 2303 1548 2513 1619; x_wconf 72' lang='grc' dir='ltr'>ῥήσεις,</span> <span class='ocrx_word' id='word_1_200' title='bbox 2537 1547 2839 1620; x_wconf 71' lang='grc' dir='ltr'>προφάσεις</span> <span class='ocrx_word' id='word_1_201' title='bbox 2860 1565 2918 1601; x_wconf 90' lang='grc' dir='ltr'><strong>τε</strong></span> <span class='ocrx_word' id='word_1_202' title='bbox 2944 1548 3037 1602; x_wconf 82' lang='grc' dir='ltr'>καὶ</span> <span class='ocrx_word' id='word_1_203' title='bbox 3060 1547 3295 1616; x_wconf 79' lang='grc' dir='ltr'>σχέσεις,</span> <span class='ocrx_word' id='word_1_204' title='bbox 3317 1545 3416 1610; x_wconf 78' lang='grc' dir='ltr'><strong>τὰς</strong></span> <span class='ocrx_word' id='word_1_205' title='bbox 3445 1545 3626 1616; x_wconf 82' lang='grc' dir='ltr'>ὁρμὰς</span> <span class='ocrx_word' id='word_1_206' title='bbox 3669 1545 3751 1599; x_wconf 74' lang='grc' dir='ltr'>καὶ</span> 
     </span>
    </p>
   </div>
   <div class='ocr_carea' id='block_1_32' title="bbox 2174 1634 3750 1709">
    <p class='ocr_par' dir='ltr' id='par_1_32' title="bbox 2174 1634 3750 1709">
     <span class='ocr_line' id='line_1_32' title="bbox 2174 1634 3750 1709; baseline -0.001 -19"><span class='ocrx_word' id='word_1_207' title='bbox 2174 1637 2243 1690; x_wconf 83' lang='grc' dir='ltr'>τὰ</span> <span class='ocrx_word' id='word_1_208' title='bbox 2285 1637 2436 1691; x_wconf 81' lang='grc' dir='ltr'>αἴτια</span> <span class='ocrx_word' id='word_1_209' title='bbox 2494 1637 2922 1709; x_wconf 85' lang='grc' dir='ltr'>ἀπαραλείπτως</span> <span class='ocrx_word' id='word_1_210' title='bbox 2980 1635 3397 1701; x_wconf 79' lang='grc' dir='ltr'>ὑποδείξαντες,</span> <span class='ocrx_word' id='word_1_211' title='bbox 3454 1634 3750 1705; x_wconf 83' lang='grc' dir='ltr'>θαυμασμῷ</span> 
     </span>
    </p>
   </div>
   <div class='ocr_carea' id='block_1_33' title="bbox 2177 1725 3751 1803">
    <p class='ocr_par' dir='ltr' id='par_1_33' title="bbox 2177 1725 3751 1803">
     <span class='ocr_line' id='line_1_33' title="bbox 2177 1725 3751 1803; baseline -0.006 -18"><span class='ocrx_word' id='word_1_212' title='bbox 2177 1731 2465 1803; x_wconf 85' lang='grc' dir='ltr'>φερόμενοι</span> <span class='ocrx_word' id='word_1_213' title='bbox 2493 1728 2925 1800; x_wconf 70' lang='grc' dir='ltr'>ἐκπεπλήγμεθα</span> <span class='ocrx_word' id='word_1_214' title='bbox 2953 1726 3012 1781; x_wconf 81' lang='grc' dir='ltr'><strong>τὺ</strong></span> <span class='ocrx_word' id='word_1_215' title='bbox 3047 1728 3104 1780; x_wconf 69' lang='grc' dir='ltr'>ἐν</span> <span class='ocrx_word' id='word_1_216' title='bbox 3134 1729 3202 1798; x_wconf 77' lang='grc' dir='ltr'><strong>τῇ</strong></span> <span class='ocrx_word' id='word_1_217' title='bbox 3228 1725 3350 1798; x_wconf 73' lang='grc' dir='ltr'>θεία</span> <span class='ocrx_word' id='word_1_218' title='bbox 3382 1726 3580 1798; x_wconf 82' lang='grc' dir='ltr'>Γραφῇ</span> <span class='ocrx_word' id='word_1_219' title='bbox 3615 1727 3751 1796; x_wconf 83' lang='grc' dir='ltr'>εἱρη-</span> 
     </span>
    </p>
   </div>
   <div class='ocr_carea' id='block_1_34' title="bbox 489 1805 2073 1894">
    <p class='ocr_par' dir='ltr' id='par_1_34' title="bbox 489 1805 2073 1879">
     <span class='ocr_line' id='line_1_34' title="bbox 489 1805 2073 1879; baseline -0.005 -13"><span class='ocrx_word' id='word_1_220' title='bbox 489 1811 740 1868; x_wconf 87' lang='lat' dir='ltr'><strong>termissa</strong></span> <span class='ocrx_word' id='word_1_221' title='bbox 753 1810 1030 1866; x_wconf 90' lang='lat' dir='ltr'><strong>docuerim</strong></span> <span class='ocrx_word' id='word_1_222' title='bbox 1038 1824 1122 1870; x_wconf 92' lang='lat' dir='ltr'><strong>us,</strong></span> <span class='ocrx_word' id='word_1_223' title='bbox 1137 1807 1483 1862; x_wconf 77' lang='lat' dir='ltr'><strong>vehementer</strong></span> <span class='ocrx_word' id='word_1_224' title='bbox 1495 1805 1626 1861; x_wconf 91' lang='lat' dir='ltr'><strong>illud</strong></span> <span class='ocrx_word' id='word_1_225' title='bbox 1640 1805 1898 1861; x_wconf 89' lang='lat' dir='ltr'><strong>admirari</strong></span> <span class='ocrx_word' id='word_1_226' title='bbox 1913 1807 2073 1879; x_wconf 60' lang='lat' dir='ltr'><strong>subit,</strong></span> 
     </span>
    </p>
   </div>
   <div class='ocr_carea' id='block_1_35' title="bbox 2176 1805 3754 1894">
    <p class='ocr_par' dir='ltr' id='par_1_35' title="bbox 2189 1816 3754 1894">
     <span class='ocr_line' id='line_1_35' title="bbox 2189 1816 3754 1894; baseline -0.004 -18"><span class='ocrx_word' id='word_1_227' title='bbox 2189 1823 2368 1894; x_wconf 85' lang='grc' dir='ltr'>μένον,</span> <span class='ocrx_word' id='word_1_228' title='bbox 2411 1821 2494 1876; x_wconf 81' lang='grc' dir='ltr'>ὅτι</span> <span class='ocrx_word' id='word_1_229' title='bbox 2520 1817 2848 1887; x_wconf 78' lang='grc' dir='ltr'><strong>Ἑξήκοντὰ</strong></span> <span class='ocrx_word' id='word_1_230' title='bbox 2871 1821 2988 1874; x_wconf 78' lang='grc' dir='ltr'>εἱσι</span> <span class='ocrx_word' id='word_1_231' title='bbox 3015 1817 3402 1884; x_wconf 74' lang='grc' dir='ltr'>βασίλισσαι,</span> <span class='ocrx_word' id='word_1_232' title='bbox 3430 1817 3532 1871; x_wconf 75' lang='grc' dir='ltr'>καὶ</span> <span class='ocrx_word' id='word_1_233' title='bbox 3561 1816 3754 1887; x_wconf 65' lang='grc' dir='ltr'>ὀγδοή-</span> 
     </span>
    </p>
   </div>
   <div class='ocr_carea' id='block_1_36' title="bbox 491 1895 2078 1970">
    <p class='ocr_par' dir='ltr' id='par_1_36' title="bbox 491 1895 2078 1970">
     <span class='ocr_line' id='line_1_36' title="bbox 491 1895 2078 1970; baseline -0.002 -16"><span class='ocrx_word' id='word_1_234' title='bbox 491 1902 633 1970; x_wconf 85' lang='lat' dir='ltr'><strong>quod</strong></span> <span class='ocrx_word' id='word_1_235' title='bbox 653 1901 706 1954; x_wconf 88' lang='lat' dir='ltr'><strong>in</strong></span> <span class='ocrx_word' id='word_1_236' title='bbox 725 1901 899 1955; x_wconf 86' lang='lat' dir='ltr'><strong>sacris</strong></span> <span class='ocrx_word' id='word_1_237' title='bbox 919 1898 1139 1954; x_wconf 81' lang='lat' dir='ltr'><strong>Litteris</strong></span> <span class='ocrx_word' id='word_1_238' title='bbox 1157 1895 1501 1952; x_wconf 85' lang='lat' dir='ltr'><strong>continetur:</strong></span> <span class='ocrx_word' id='word_1_239' title='bbox 1521 1895 1810 1968; x_wconf 69' lang='lat' dir='ltr'><strong>Sexaginta</strong></span> <span class='ocrx_word' id='word_1_240' title='bbox 1840 1907 1960 1950; x_wconf 78' lang='lat' dir='ltr'><strong>sunt</strong></span> <span class='ocrx_word' id='word_1_241' title='bbox 1981 1913 2078 1952; x_wconf 83' lang='lat' dir='ltr'><strong>re-</strong></span> 
     </span>
    </p>
   </div>
   <div class='ocr_carea' id='block_1_37' title="bbox 488 1987 2080 2067">
    <p class='ocr_par' dir='ltr' id='par_1_37' title="bbox 488 1987 2080 2067">
     <span class='ocr_line' id='line_1_37' title="bbox 488 1987 2080 2067; baseline -0.003 -21"><span class='ocrx_word' id='word_1_242' title='bbox 488 1993 655 2067; x_wconf 40' lang='lat' dir='ltr'><strong>gina;</strong></span> <span class='ocrx_word' id='word_1_243' title='bbox 671 2008 720 2052; x_wconf 78' lang='grc' dir='ltr'><strong>ει</strong></span> <span class='ocrx_word' id='word_1_244' title='bbox 733 2008 805 2046; x_wconf 88' lang='lat' dir='ltr'><strong>ac.</strong></span> <span class='ocrx_word' id='word_1_245' title='bbox 824 1991 1047 2061; x_wconf 74' lang='lat' dir='ltr'><strong>uaginla</strong></span> <span class='ocrx_word' id='word_1_246' title='bbox 1071 1990 1372 2044; x_wconf 77' lang='lat' dir='ltr'><strong>concubina:</strong></span> <span class='ocrx_word' id='word_1_247' title='bbox 1392 2005 1412 2054; x_wconf 86' lang='lat'><strong>;</strong></span> <span class='ocrx_word' id='word_1_248' title='bbox 1434 1998 1483 2043; x_wconf 83' lang='lat' dir='ltr'><strong>et</strong></span> <span class='ocrx_word' id='word_1_249' title='bbox 1505 1987 1930 2053; x_wconf 71' lang='lat' dir='ltr'><strong>adoiescenlulw,</strong></span> <span class='ocrx_word' id='word_1_250' title='bbox 1946 2004 2080 2058; x_wconf 79' lang='lat' dir='ltr'><strong>qua-</strong></span> 
     </span>
    </p>
   </div>
   <div class='ocr_carea' id='block_1_38' title="bbox 491 2079 2078 2150">
    <p class='ocr_par' dir='ltr' id='par_1_38' title="bbox 491 2079 2078 2150">
     <span class='ocr_line' id='line_1_38' title="bbox 491 2079 2078 2150; baseline -0.003 -10"><span class='ocrx_word' id='word_1_251' title='bbox 491 2101 610 2140; x_wconf 79' lang='lat' dir='ltr'><strong>rum</strong></span> <span class='ocrx_word' id='word_1_252' title='bbox 633 2082 810 2138; x_wconf 78' lang='lat' dir='ltr'><strong>nullus</strong></span> <span class='ocrx_word' id='word_1_253' title='bbox 827 2092 903 2137; x_wconf 77' lang='lat' dir='ltr'><strong>est</strong></span> <span class='ocrx_word' id='word_1_254' title='bbox 928 2097 1178 2136; x_wconf 75' lang='lat' dir='ltr'><strong>numerus</strong></span> <span class='ocrx_word' id='word_1_255' title='bbox 1194 2097 1211 2136; x_wconf 85' lang='lat'><strong><em>:</em></strong></span> <span class='ocrx_word' id='word_1_256' title='bbox 1226 2097 1332 2136; x_wconf 80' lang='lat' dir='ltr'><strong>una</strong></span> <span class='ocrx_word' id='word_1_257' title='bbox 1357 2089 1431 2136; x_wconf 79' lang='lat' dir='ltr'><strong>est</strong></span> <span class='ocrx_word' id='word_1_258' title='bbox 1447 2079 1689 2136; x_wconf 78' lang='lat' dir='ltr'><strong>columba</strong></span> <span class='ocrx_word' id='word_1_259' title='bbox 1701 2081 2078 2150; x_wconf 78' lang='lat' dir='ltr'><strong>mea,perfecta</strong></span> 
     </span>
    </p>
   </div>
   <div class='ocr_carea' id='block_1_39' title="bbox 498 2172 2078 2245">
    <p class='ocr_par' dir='ltr' id='par_1_39' title="bbox 498 2172 2078 2245">
     <span class='ocr_line' id='line_1_39' title="bbox 498 2172 2078 2245; baseline 0 -15"><span class='ocrx_word' id='word_1_260' title='bbox 498 2193 618 2232; x_wconf 79' lang='lat' dir='ltr'><strong>mea</strong></span> <span class='ocrx_word' id='word_1_261' title='bbox 647 2175 688 2229; x_wconf 74' lang='grc'><strong><em>⁸.</em></strong></span> <span class='ocrx_word' id='word_1_262' title='bbox 718 2174 794 2229; x_wconf 89' lang='lat' dir='ltr'><strong>De</strong></span> <span class='ocrx_word' id='word_1_263' title='bbox 849 2173 934 2229; x_wconf 87' lang='lat' dir='ltr'><strong>his</strong></span> <span class='ocrx_word' id='word_1_264' title='bbox 980 2173 1147 2245; x_wconf 88' lang='lat' dir='ltr'><strong>igitur</strong></span> <span class='ocrx_word' id='word_1_265' title='bbox 1183 2174 1460 2244; x_wconf 86' lang='lat' dir='ltr'><strong>octoginta</strong></span> <span class='ocrx_word' id='word_1_266' title='bbox 1491 2172 1777 2244; x_wconf 86' lang='lat' dir='ltr'><strong>pellicibus</strong></span> <span class='ocrx_word' id='word_1_267' title='bbox 1811 2174 2078 2230; x_wconf 83' lang='lat' dir='ltr'><strong>hactenus</strong></span> 
     </span>
    </p>
   </div>
   <div class='ocr_carea' id='block_1_40' title="bbox 488 2264 2078 2339">
    <p class='ocr_par' dir='ltr' id='par_1_40' title="bbox 488 2264 2078 2339">
     <span class='ocr_line' id='line_1_40' title="bbox 488 2264 2078 2339; baseline 0 -17"><span class='ocrx_word' id='word_1_268' title='bbox 488 2269 738 2339; x_wconf 82' lang='lat' dir='ltr'><strong>egimus;</strong></span> <span class='ocrx_word' id='word_1_269' title='bbox 773 2264 1148 2330; x_wconf 87' lang='lat' dir='ltr'><strong>Barbarismo,</strong></span> <span class='ocrx_word' id='word_1_270' title='bbox 1215 2264 1580 2329; x_wconf 79' lang='lat' dir='ltr'><strong>llellenistno,</strong></span> <span class='ocrx_word' id='word_1_271' title='bbox 1616 2265 1949 2338; x_wconf 84' lang='lat' dir='ltr'><strong>Scythismo,</strong></span> <span class='ocrx_word' id='word_1_272' title='bbox 1981 2265 2078 2322; x_wconf 84' lang='lat' dir='ltr'><strong>Ju-</strong></span> 
     </span>
    </p>
   </div>
   <div class='ocr_carea' id='block_1_41' title="bbox 491 2355 2076 2426">
    <p class='ocr_par' dir='ltr' id='par_1_41' title="bbox 491 2355 2076 2426">
     <span class='ocr_line' id='line_1_41' title="bbox 491 2355 2076 2426; baseline 0 -14"><span class='ocrx_word' id='word_1_273' title='bbox 491 2357 703 2412; x_wconf 85' lang='lat' dir='ltr'><strong>daismo</strong></span> <span class='ocrx_word' id='word_1_274' title='bbox 734 2363 789 2411; x_wconf 92' lang='lat' dir='ltr'><strong>et</strong></span> <span class='ocrx_word' id='word_1_275' title='bbox 839 2355 1241 2421; x_wconf 87' lang='lat' dir='ltr'><strong>Samaritismo,</strong></span> <span class='ocrx_word' id='word_1_276' title='bbox 1285 2370 1408 2426; x_wconf 71' lang='lat' dir='ltr'><strong>qua:</strong></span> <span class='ocrx_word' id='word_1_277' title='bbox 1467 2371 1699 2410; x_wconf 79' lang='lat' dir='ltr'><strong>uxorum</strong></span> <span class='ocrx_word' id='word_1_278' title='bbox 1744 2356 1967 2412; x_wconf 90' lang='lat' dir='ltr'><strong>minime</strong></span> <span class='ocrx_word' id='word_1_279' title='bbox 1997 2359 2076 2412; x_wconf 80' lang='lat' dir='ltr'><strong>le-</strong></span> 
     </span>
    </p>
   </div>
   <div class='ocr_carea' id='block_1_42' title="bbox 488 2445 2078 2518">
    <p class='ocr_par' dir='ltr' id='par_1_42' title="bbox 488 2445 2078 2518">
     <span class='ocr_line' id='line_1_42' title="bbox 488 2445 2078 2518; baseline -0.001 -17"><span class='ocrx_word' id='word_1_280' title='bbox 488 2446 805 2518; x_wconf 83' lang='lat' dir='ltr'><strong>gitimarum</strong></span> <span class='ocrx_word' id='word_1_281' title='bbox 834 2445 1056 2500; x_wconf 91' lang='lat' dir='ltr'><strong>nomina</strong></span> <span class='ocrx_word' id='word_1_282' title='bbox 1085 2453 1216 2501; x_wconf 88' lang='lat' dir='ltr'><strong>sunt</strong></span> <span class='ocrx_word' id='word_1_283' title='bbox 1258 2463 1273 2500; x_wconf 88' lang='lat'><strong>:</strong></span> <span class='ocrx_word' id='word_1_284' title='bbox 1301 2445 1612 2516; x_wconf 87' lang='lat' dir='ltr'><strong>cujusmodi</strong></span> <span class='ocrx_word' id='word_1_285' title='bbox 1644 2461 1821 2516; x_wconf 84' lang='lat' dir='ltr'><strong>neque</strong></span> <span class='ocrx_word' id='word_1_286' title='bbox 1851 2446 1921 2501; x_wconf 90' lang='lat' dir='ltr'><strong>ab</strong></span> <span class='ocrx_word' id='word_1_287' title='bbox 1951 2460 2078 2515; x_wconf 87' lang='lat' dir='ltr'><strong>rege</strong></span> 
     </span>
    </p>
   </div>
   <div class='ocr_carea' id='block_1_43' title="bbox 489 2536 2076 2606">
    <p class='ocr_par' dir='ltr' id='par_1_43' title="bbox 489 2536 2076 2606">
     <span class='ocr_line' id='line_1_43' title="bbox 489 2536 2076 2606; baseline -0.001 -15"><span class='ocrx_word' id='word_1_288' title='bbox 489 2537 669 2591; x_wconf 86' lang='lat' dir='ltr'><strong>dotem</strong></span> <span class='ocrx_word' id='word_1_289' title='bbox 695 2545 1048 2606; x_wconf 87' lang='lat' dir='ltr'><strong>acceperunt,</strong></span> <span class='ocrx_word' id='word_1_290' title='bbox 1082 2550 1259 2606; x_wconf 89' lang='lat' dir='ltr'><strong>neque</strong></span> <span class='ocrx_word' id='word_1_291' title='bbox 1286 2536 1338 2591; x_wconf 90' lang='lat' dir='ltr'><strong>in</strong></span> <span class='ocrx_word' id='word_1_292' title='bbox 1376 2537 1690 2592; x_wconf 87' lang='lat' dir='ltr'><strong>testamenti</strong></span> <span class='ocrx_word' id='word_1_293' title='bbox 1719 2538 1922 2592; x_wconf 88' lang='lat' dir='ltr'><strong>tabulis</strong></span> <span class='ocrx_word' id='word_1_294' title='bbox 1952 2551 2076 2592; x_wconf 91' lang='lat' dir='ltr'><strong>cum</strong></span> 
     </span>
    </p>
   </div>
   <div class='ocr_carea' id='block_1_44' title="bbox 488 2624 2075 2702">
    <p class='ocr_par' dir='ltr' id='par_1_44' title="bbox 488 2624 2075 2702">
     <span class='ocr_line' id='line_1_44' title="bbox 488 2624 2075 2702; baseline 0.002 -19"><span class='ocrx_word' id='word_1_295' title='bbox 488 2629 620 2684; x_wconf 82' lang='lat' dir='ltr'><strong>tiliis</strong></span> <span class='ocrx_word' id='word_1_296' title='bbox 649 2628 892 2684; x_wconf 61' lang='lat' dir='ltr'><strong>heredes</strong></span> <span class='ocrx_word' id='word_1_297' title='bbox 922 2629 1143 2699; x_wconf 68' lang='lat' dir='ltr'><strong>scripta:</strong></span> <span class='ocrx_word' id='word_1_298' title='bbox 1171 2635 1321 2684; x_wconf 89' lang='lat' dir='ltr'><strong>sunt.</strong></span> <span class='ocrx_word' id='word_1_299' title='bbox 1351 2627 1568 2684; x_wconf 87' lang='lat' dir='ltr'><strong>Etenim</strong></span> <span class='ocrx_word' id='word_1_300' title='bbox 1594 2630 1641 2684; x_wconf 90' lang='lat' dir='ltr'><strong>si</strong></span> <span class='ocrx_word' id='word_1_301' title='bbox 1674 2624 1898 2702; x_wconf 80' lang='lat' dir='ltr'><strong>proprie</strong></span> <span class='ocrx_word' id='word_1_302' title='bbox 1929 2631 2075 2702; x_wconf 88' lang='lat' dir='ltr'><strong>loqui</strong></span> 
     </span>
    </p>
   </div>
   <div class='ocr_carea' id='block_1_45' title="bbox 491 2719 2077 2792">
    <p class='ocr_par' dir='ltr' id='par_1_45' title="bbox 491 2719 2077 2792">
     <span class='ocr_line' id='line_1_45' title="bbox 491 2719 2077 2792; baseline 0.002 -20"><span class='ocrx_word' id='word_1_303' title='bbox 491 2721 752 2786; x_wconf 81' lang='lat' dir='ltr'><strong>velimus,</strong></span> <span class='ocrx_word' id='word_1_304' title='bbox 782 2735 923 2773; x_wconf 77' lang='lat' dir='ltr'><strong>Lxxv</strong></span> <span class='ocrx_word' id='word_1_305' title='bbox 951 2727 1082 2775; x_wconf 90' lang='lat' dir='ltr'><strong>sunt</strong></span> <span class='ocrx_word' id='word_1_306' title='bbox 1110 2719 1370 2786; x_wconf 62' lang='lat' dir='ltr'><strong>hereses,</strong></span> <span class='ocrx_word' id='word_1_307' title='bbox 1407 2733 1636 2790; x_wconf 85' lang='lat' dir='ltr'><strong>quarum</strong></span> <span class='ocrx_word' id='word_1_308' title='bbox 1668 2728 1876 2776; x_wconf 80' lang='lat' dir='ltr'><strong>matres</strong></span> <span class='ocrx_word' id='word_1_309' title='bbox 1916 2721 2077 2792; x_wconf 84' lang='lat' dir='ltr'><strong>quin-</strong></span> 
     </span>
    </p>
   </div>
   <div class='ocr_carea' id='block_1_46' title="bbox 489 2809 2075 2886">
    <p class='ocr_par' dir='ltr' id='par_1_46' title="bbox 489 2809 2075 2886">
     <span class='ocr_line' id='line_1_46' title="bbox 489 2809 2075 2886; baseline -0.002 -18"><span class='ocrx_word' id='word_1_310' title='bbox 489 2829 598 2886; x_wconf 85' lang='lat' dir='ltr'><strong>que</strong></span> <span class='ocrx_word' id='word_1_311' title='bbox 619 2819 748 2868; x_wconf 90' lang='lat' dir='ltr'><strong>sunt</strong></span> <span class='ocrx_word' id='word_1_312' title='bbox 779 2826 792 2864; x_wconf 89' lang='lat'><strong>:</strong></span> <span class='ocrx_word' id='word_1_313' title='bbox 829 2818 958 2881; x_wconf 90' lang='lat' dir='ltr'><strong>puta</strong></span> <span class='ocrx_word' id='word_1_314' title='bbox 998 2809 1389 2875; x_wconf 82' lang='lat' dir='ltr'><strong>llellenismus,</strong></span> <span class='ocrx_word' id='word_1_315' title='bbox 1420 2811 1537 2866; x_wconf 83' lang='lat' dir='ltr'><strong>sive</strong></span> <span class='ocrx_word' id='word_1_316' title='bbox 1575 2810 1861 2881; x_wconf 88' lang='lat' dir='ltr'><strong>gentilium</strong></span> <span class='ocrx_word' id='word_1_317' title='bbox 1901 2820 2075 2877; x_wconf 87' lang='lat' dir='ltr'><strong>secta,</strong></span> 
     </span>
    </p>
   </div>
   <div class='ocr_carea' id='block_1_47' title="bbox 491 2900 2080 2977">
    <p class='ocr_par' dir='ltr' id='par_1_47' title="bbox 491 2900 2080 2977">
     <span class='ocr_line' id='line_1_47' title="bbox 491 2900 2080 2977; baseline 0 -19"><span class='ocrx_word' id='word_1_318' title='bbox 491 2921 520 2958; x_wconf 86' lang='lat' dir='ltr'><strong>a</strong></span> <span class='ocrx_word' id='word_1_319' title='bbox 552 2922 656 2977; x_wconf 89' lang='lat' dir='ltr'><strong>qua</strong></span> <span class='ocrx_word' id='word_1_320' title='bbox 682 2905 912 2976; x_wconf 85' lang='lat' dir='ltr'><strong>gentiles</strong></span> <span class='ocrx_word' id='word_1_321' title='bbox 941 2903 1161 2959; x_wconf 83' lang='lat' dir='ltr'><strong>oriundi</strong></span> <span class='ocrx_word' id='word_1_322' title='bbox 1210 2910 1371 2970; x_wconf 91' lang='lat' dir='ltr'><strong>sunt;</strong></span> <span class='ocrx_word' id='word_1_323' title='bbox 1411 2900 1750 2969; x_wconf 82' lang='lat' dir='ltr'><strong>Judaismus,</strong></span> <span class='ocrx_word' id='word_1_324' title='bbox 1793 2902 1938 2958; x_wconf 85' lang='lat' dir='ltr'><strong>unde</strong></span> <span class='ocrx_word' id='word_1_325' title='bbox 1991 2901 2080 2958; x_wconf 71' lang='lat' dir='ltr'><strong>lu-</strong></span> 
     </span>
    </p>
   </div>
   <div class='ocr_carea' id='block_1_48' title="bbox 488 2993 2078 3063">
    <p class='ocr_par' dir='ltr' id='par_1_48' title="bbox 488 2993 2078 3063">
     <span class='ocr_line' id='line_1_48' title="bbox 488 2993 2078 3063; baseline -0.003 -11"><span class='ocrx_word' id='word_1_326' title='bbox 488 2997 616 3063; x_wconf 69' lang='lat' dir='ltr'><strong>dai,</strong></span> <span class='ocrx_word' id='word_1_327' title='bbox 659 3005 715 3051; x_wconf 90' lang='lat' dir='ltr'><strong>et</strong></span> <span class='ocrx_word' id='word_1_328' title='bbox 748 2996 1022 3062; x_wconf 68' lang='lat' dir='ltr'><strong>haereses;</strong></span> <span class='ocrx_word' id='word_1_329' title='bbox 1051 3009 1115 3049; x_wconf 88' lang='lat' dir='ltr'><strong>ac</strong></span> <span class='ocrx_word' id='word_1_330' title='bbox 1150 2994 1477 3049; x_wconf 87' lang='lat' dir='ltr'><strong>Samaritica</strong></span> <span class='ocrx_word' id='word_1_331' title='bbox 1512 3003 1687 3062; x_wconf 86' lang='lat' dir='ltr'><strong>secta,</strong></span> <span class='ocrx_word' id='word_1_332' title='bbox 1716 2993 1860 3050; x_wconf 89' lang='lat' dir='ltr'><strong>unde</strong></span> <span class='ocrx_word' id='word_1_333' title='bbox 1883 2993 2078 3049; x_wconf 84' lang='lat' dir='ltr'><strong>Sama-</strong></span> 
     </span>
    </p>
   </div>
   <div class='ocr_carea' id='block_1_49' title="bbox 493 3085 2076 3157">
    <p class='ocr_par' dir='ltr' id='par_1_49' title="bbox 493 3085 2076 3157">
     <span class='ocr_line' id='line_1_49' title="bbox 493 3085 2076 3157; baseline -0.001 -14"><span class='ocrx_word' id='word_1_334' title='bbox 493 3088 742 3144; x_wconf 76' lang='lat' dir='ltr'><strong>ritismus</strong></span> <span class='ocrx_word' id='word_1_335' title='bbox 772 3100 828 3143; x_wconf 88' lang='lat' dir='ltr'><strong>et</strong></span> <span class='ocrx_word' id='word_1_336' title='bbox 855 3085 1333 3143; x_wconf 88' lang='lat' dir='ltr'><strong>Christianismus.</strong></span> <span class='ocrx_word' id='word_1_337' title='bbox 1379 3086 1464 3141; x_wconf 80' lang='lat' dir='ltr'><strong>Ab</strong></span> <span class='ocrx_word' id='word_1_338' title='bbox 1497 3085 1586 3142; x_wconf 90' lang='lat' dir='ltr'><strong>his</strong></span> <span class='ocrx_word' id='word_1_339' title='bbox 1609 3086 1759 3142; x_wconf 89' lang='lat' dir='ltr'><strong>velut</strong></span> <span class='ocrx_word' id='word_1_340' title='bbox 1789 3086 1926 3142; x_wconf 90' lang='lat' dir='ltr'><strong>rami</strong></span> <span class='ocrx_word' id='word_1_341' title='bbox 1951 3085 2076 3157; x_wconf 88' lang='lat' dir='ltr'><strong>qni-</strong></span> 
     </span>
    </p>
   </div>
   <div class='ocr_carea' id='block_1_50' title="bbox 490 3171 2144 3250">
    <p class='ocr_par' dir='ltr' id='par_1_50' title="bbox 490 3171 2144 3250">
     <span class='ocr_line' id='line_1_50' title="bbox 490 3171 2144 3250; baseline -0.002 -14"><span class='ocrx_word' id='word_1_342' title='bbox 490 3181 614 3236; x_wconf 85' lang='lat' dir='ltr'><strong>dam</strong></span> <span class='ocrx_word' id='word_1_343' title='bbox 643 3186 908 3250; x_wconf 58' lang='lat' dir='ltr'><strong>separatae</strong></span> <span class='ocrx_word' id='word_1_344' title='bbox 936 3179 1173 3234; x_wconf 64' lang='lat' dir='ltr'><strong>hereses</strong></span> <span class='ocrx_word' id='word_1_345' title='bbox 1196 3177 1402 3234; x_wconf 72' lang='lat' dir='ltr'><strong>avulsa:</strong></span> <span class='ocrx_word' id='word_1_346' title='bbox 1423 3184 1572 3233; x_wconf 88' lang='lat' dir='ltr'><strong>sunt.</strong></span> <span class='ocrx_word' id='word_1_347' title='bbox 1600 3177 1734 3244; x_wconf 69' lang='lat' dir='ltr'><strong>Quae</strong></span> <span class='ocrx_word' id='word_1_348' title='bbox 1759 3178 1889 3234; x_wconf 90' lang='lat' dir='ltr'><strong>licet</strong></span> <span class='ocrx_word' id='word_1_349' title='bbox 1917 3177 2077 3234; x_wconf 89' lang='lat' dir='ltr'><strong>Chri-</strong></span> <span class='ocrx_word' id='word_1_350' title='bbox 2103 3171 2144 3225; x_wconf 85' lang='lat' dir='ltr'><strong>C</strong></span> 
     </span>
    </p>
   </div>
   <div class='ocr_carea' id='block_1_51' title="bbox 491 3268 2076 3340">
    <p class='ocr_par' dir='ltr' id='par_1_51' title="bbox 491 3268 2076 3340">
     <span class='ocr_line' id='line_1_51' title="bbox 491 3268 2076 3340; baseline -0.004 -10"><span class='ocrx_word' id='word_1_351' title='bbox 491 3274 561 3330; x_wconf 88' lang='lat' dir='ltr'><strong>sti</strong></span> <span class='ocrx_word' id='word_1_352' title='bbox 591 3287 789 3326; x_wconf 89' lang='lat' dir='ltr'><strong>nomen</strong></span> <span class='ocrx_word' id='word_1_353' title='bbox 821 3284 931 3340; x_wconf 72' lang='lat' dir='ltr'><strong>pra:</strong></span> <span class='ocrx_word' id='word_1_354' title='bbox 961 3285 1022 3325; x_wconf 86' lang='lat' dir='ltr'><strong>se</strong></span> <span class='ocrx_word' id='word_1_355' title='bbox 1061 3268 1264 3332; x_wconf 87' lang='lat' dir='ltr'><strong>ferant,</strong></span> <span class='ocrx_word' id='word_1_356' title='bbox 1305 3268 1440 3322; x_wconf 88' lang='lat' dir='ltr'><strong>nihil</strong></span> <span class='ocrx_word' id='word_1_357' title='bbox 1467 3276 1648 3325; x_wconf 88' lang='lat' dir='ltr'><strong>tamen</strong></span> <span class='ocrx_word' id='word_1_358' title='bbox 1684 3269 1752 3324; x_wconf 90' lang='lat' dir='ltr'><strong>ad</strong></span> <span class='ocrx_word' id='word_1_359' title='bbox 1777 3269 1928 3323; x_wconf 82' lang='lat' dir='ltr'><strong>illum</strong></span> <span class='ocrx_word' id='word_1_360' title='bbox 1952 3284 2076 3340; x_wconf 89' lang='lat' dir='ltr'><strong>per-</strong></span> 
     </span>
    </p>
   </div>
   <div class='ocr_carea' id='block_1_52' title="bbox 492 3359 2076 3432">
    <p class='ocr_par' dir='ltr' id='par_1_52' title="bbox 492 3359 2076 3432">
     <span class='ocr_line' id='line_1_52' title="bbox 492 3359 2076 3432; baseline -0.002 -15"><span class='ocrx_word' id='word_1_361' title='bbox 492 3368 667 3417; x_wconf 85' lang='lat' dir='ltr'><strong>tim-nt</strong></span> <span class='ocrx_word' id='word_1_362' title='bbox 692 3379 705 3415; x_wconf 90' lang='lat'><strong>:</strong></span> <span class='ocrx_word' id='word_1_363' title='bbox 735 3362 831 3417; x_wconf 87' lang='lat' dir='ltr'><strong>sed</strong></span> <span class='ocrx_word' id='word_1_364' title='bbox 861 3361 1058 3432; x_wconf 88' lang='lat' dir='ltr'><strong>partim</strong></span> <span class='ocrx_word' id='word_1_365' title='bbox 1114 3359 1330 3430; x_wconf 85' lang='lat' dir='ltr'><strong>longius</strong></span> <span class='ocrx_word' id='word_1_366' title='bbox 1369 3359 1439 3414; x_wconf 93' lang='lat' dir='ltr'><strong>ab</strong></span> <span class='ocrx_word' id='word_1_367' title='bbox 1471 3359 1565 3415; x_wconf 89' lang='lat' dir='ltr'><strong>illo</strong></span> <span class='ocrx_word' id='word_1_368' title='bbox 1603 3359 1846 3428; x_wconf 83' lang='lat' dir='ltr'><strong>distant;</strong></span> <span class='ocrx_word' id='word_1_369' title='bbox 1879 3361 2076 3431; x_wconf 86' lang='lat' dir='ltr'><strong>partim</strong></span> 
     </span>
    </p>
   </div>
   <div class='ocr_carea' id='block_1_53' title="bbox 497 3449 2078 3523">
    <p class='ocr_par' dir='ltr' id='par_1_53' title="bbox 497 3449 2078 3523">
     <span class='ocr_line' id='line_1_53' title="bbox 497 3449 2078 3523; baseline 0 -14"><span class='ocrx_word' id='word_1_370' title='bbox 497 3454 707 3523; x_wconf 82' lang='lat'><strong>1077</strong></span> <span class='ocrx_word' id='word_1_371' title='bbox 753 3451 1033 3506; x_wconf 90' lang='lat' dir='ltr'><strong>minimam</strong></span> <span class='ocrx_word' id='word_1_372' title='bbox 1076 3449 1148 3507; x_wconf 87' lang='lat' dir='ltr'><strong>ob</strong></span> <span class='ocrx_word' id='word_1_373' title='bbox 1175 3464 1402 3506; x_wconf 87' lang='lat' dir='ltr'><strong>causam</strong></span> <span class='ocrx_word' id='word_1_374' title='bbox 1435 3451 1502 3506; x_wconf 91' lang='lat' dir='ltr'><strong>ab</strong></span> <span class='ocrx_word' id='word_1_375' title='bbox 1529 3452 1681 3506; x_wconf 89' lang='lat' dir='ltr'><strong>omni</strong></span> <span class='ocrx_word' id='word_1_376' title='bbox 1720 3452 1865 3508; x_wconf 90' lang='lat' dir='ltr'><strong>illius</strong></span> <span class='ocrx_word' id='word_1_377' title='bbox 1906 3451 2078 3509; x_wconf 78' lang='lat' dir='ltr'><strong>haere-</strong></span> 
     </span>
    </p>
   </div>
   <div class='ocr_carea' id='block_1_54' title="bbox 493 3541 2076 3614">
    <p class='ocr_par' dir='ltr' id='par_1_54' title="bbox 493 3541 2076 3614">
     <span class='ocr_line' id='line_1_54' title="bbox 493 3541 2076 3614; baseline 0.001 -17"><span class='ocrx_word' id='word_1_378' title='bbox 493 3545 665 3599; x_wconf 80' lang='lat' dir='ltr'><strong>ditate</strong></span> <span class='ocrx_word' id='word_1_379' title='bbox 711 3543 917 3597; x_wconf 89' lang='lat' dir='ltr'><strong>alienas</strong></span> <span class='ocrx_word' id='word_1_380' title='bbox 958 3556 1022 3595; x_wconf 88' lang='lat' dir='ltr'><strong>ac</strong></span> <span class='ocrx_word' id='word_1_381' title='bbox 1069 3541 1390 3614; x_wconf 81' lang='lat' dir='ltr'><strong>peregrinas</strong></span> <span class='ocrx_word' id='word_1_382' title='bbox 1435 3558 1496 3598; x_wconf 89' lang='lat' dir='ltr'><strong>se</strong></span> <span class='ocrx_word' id='word_1_383' title='bbox 1537 3541 1762 3610; x_wconf 86' lang='lat' dir='ltr'><strong>faciunt,</strong></span> <span class='ocrx_word' id='word_1_384' title='bbox 1797 3559 1906 3599; x_wconf 92' lang='lat' dir='ltr'><strong>una</strong></span> <span class='ocrx_word' id='word_1_385' title='bbox 1951 3559 2076 3600; x_wconf 89' lang='lat' dir='ltr'><strong>cum</strong></span> 
     </span>
    </p>
   </div>
   <div class='ocr_carea' id='block_1_55' title="bbox 498 3633 2079 3706">
    <p class='ocr_par' dir='ltr' id='par_1_55' title="bbox 498 3633 2079 3706">
     <span class='ocr_line' id='line_1_55' title="bbox 498 3633 2079 3706; baseline 0.001 -17"><span class='ocrx_word' id='word_1_386' title='bbox 498 3638 740 3706; x_wconf 80' lang='lat' dir='ltr'><strong>ipsarum</strong></span> <span class='ocrx_word' id='word_1_387' title='bbox 774 3633 986 3700; x_wconf 87' lang='lat' dir='ltr'><strong>liberis,</strong></span> <span class='ocrx_word' id='word_1_388' title='bbox 1025 3648 1152 3689; x_wconf 89' lang='lat' dir='ltr'><strong>cum</strong></span> <span class='ocrx_word' id='word_1_389' title='bbox 1175 3633 1430 3689; x_wconf 86' lang='lat' dir='ltr'><strong>videlicet</strong></span> <span class='ocrx_word' id='word_1_390' title='bbox 1463 3649 1810 3706; x_wconf 82' lang='lat' dir='ltr'><strong>nequaquam</strong></span> <span class='ocrx_word' id='word_1_391' title='bbox 1837 3635 2079 3706; x_wconf 85' lang='lat' dir='ltr'><strong>legitime</strong></span> 
     </span>
    </p>
   </div>
   <div class='ocr_carea' id='block_1_56' title="bbox 495 3725 2074 3790">
    <p class='ocr_par' dir='ltr' id='par_1_56' title="bbox 495 3725 2074 3790">
     <span class='ocr_line' id='line_1_56' title="bbox 495 3725 2074 3790; baseline -0.001 -7"><span class='ocrx_word' id='word_1_392' title='bbox 495 3729 628 3790; x_wconf 87' lang='lat' dir='ltr'><strong>sint,</strong></span> <span class='ocrx_word' id='word_1_393' title='bbox 658 3725 755 3782; x_wconf 90' lang='lat' dir='ltr'><strong>sed</strong></span> <span class='ocrx_word' id='word_1_394' title='bbox 789 3725 934 3780; x_wconf 90' lang='lat' dir='ltr'><strong>inter</strong></span> <span class='ocrx_word' id='word_1_395' title='bbox 970 3733 1231 3782; x_wconf 78' lang='lat' dir='ltr'><strong>externas</strong></span> <span class='ocrx_word' id='word_1_396' title='bbox 1279 3726 1607 3790; x_wconf 88' lang='lat' dir='ltr'><strong>habeantur,</strong></span> <span class='ocrx_word' id='word_1_397' title='bbox 1649 3740 1714 3781; x_wconf 91' lang='lat' dir='ltr'><strong>ac</strong></span> <span class='ocrx_word' id='word_1_398' title='bbox 1748 3725 1926 3781; x_wconf 91' lang='lat' dir='ltr'><strong>solum</strong></span> <span class='ocrx_word' id='word_1_399' title='bbox 1965 3727 2074 3782; x_wconf 91' lang='lat' dir='ltr'><strong>sibi</strong></span> 
     </span>
    </p>
   </div>
   <div class='ocr_carea' id='block_1_57' title="bbox 496 3815 2073 3883">
    <p class='ocr_par' dir='ltr' id='par_1_57' title="bbox 496 3815 2073 3883">
     <span class='ocr_line' id='line_1_57' title="bbox 496 3815 2073 3883; baseline -0.002 -10"><span class='ocrx_word' id='word_1_400' title='bbox 496 3819 872 3874; x_wconf 78' lang='lat' dir='ltr'><strong>Christianum</strong></span> <span class='ocrx_word' id='word_1_401' title='bbox 927 3832 1126 3872; x_wconf 90' lang='lat' dir='ltr'><strong>nomen</strong></span> <span class='ocrx_word' id='word_1_402' title='bbox 1171 3816 1464 3873; x_wconf 83' lang='lat' dir='ltr'><strong>vindicent.</strong></span> <span class='ocrx_word' id='word_1_403' title='bbox 1502 3815 1634 3883; x_wconf 62' lang='lat' dir='ltr'><strong>Quae</strong></span> <span class='ocrx_word' id='word_1_404' title='bbox 1671 3831 1797 3871; x_wconf 90' lang='lat' dir='ltr'><strong>cum</strong></span> <span class='ocrx_word' id='word_1_405' title='bbox 1841 3816 1915 3870; x_wconf 88' lang='lat' dir='ltr'><strong>ita</strong></span> <span class='ocrx_word' id='word_1_406' title='bbox 1942 3817 2073 3882; x_wconf 92' lang='lat' dir='ltr'><strong>sint,</strong></span> 
     </span>
    </p>
   </div>
   <div class='ocr_carea' id='block_1_58' title="bbox 494 3907 2078 3982">
    <p class='ocr_par' dir='ltr' id='par_1_58' title="bbox 494 3907 2078 3982">
     <span class='ocr_line' id='line_1_58' title="bbox 494 3907 2078 3982; baseline -0.001 -16"><span class='ocrx_word' id='word_1_407' title='bbox 494 3913 701 3967; x_wconf 84' lang='lat' dir='ltr'><strong>veritas</strong></span> <span class='ocrx_word' id='word_1_408' title='bbox 724 3909 881 3966; x_wconf 90' lang='lat' dir='ltr'><strong>nobis</strong></span> <span class='ocrx_word' id='word_1_409' title='bbox 912 3910 1027 3982; x_wconf 90' lang='lat' dir='ltr'><strong>ipsa</strong></span> <span class='ocrx_word' id='word_1_410' title='bbox 1054 3907 1384 3965; x_wconf 88' lang='lat' dir='ltr'><strong>declaranda</strong></span> <span class='ocrx_word' id='word_1_411' title='bbox 1419 3915 1691 3979; x_wconf 86' lang='lat' dir='ltr'><strong>superest,</strong></span> <span class='ocrx_word' id='word_1_412' title='bbox 1721 3916 1884 3976; x_wconf 88' lang='lat' dir='ltr'><strong>atque</strong></span> <span class='ocrx_word' id='word_1_413' title='bbox 1915 3909 2078 3964; x_wconf 88' lang='lat' dir='ltr'><strong>unica</strong></span> 
     </span>
    </p>
   </div>
   <div class='ocr_carea' id='block_1_59' title="bbox 495 3999 2074 4070">
    <p class='ocr_par' dir='ltr' id='par_1_59' title="bbox 495 3999 2074 4070">
     <span class='ocr_line' id='line_1_59' title="bbox 495 3999 2074 4070; baseline -0.001 -13"><span class='ocrx_word' id='word_1_414' title='bbox 495 4003 753 4057; x_wconf 88' lang='lat' dir='ltr'><strong>nimirum</strong></span> <span class='ocrx_word' id='word_1_415' title='bbox 798 4001 888 4056; x_wconf 89' lang='lat' dir='ltr'><strong>illa</strong></span> <span class='ocrx_word' id='word_1_416' title='bbox 937 4000 1214 4064; x_wconf 89' lang='lat' dir='ltr'><strong>columba,</strong></span> <span class='ocrx_word' id='word_1_417' title='bbox 1246 4015 1368 4070; x_wconf 70' lang='lat' dir='ltr'><strong>quae</strong></span> <span class='ocrx_word' id='word_1_418' title='bbox 1398 4015 1429 4053; x_wconf 89' lang='lat' dir='ltr'><strong>a</strong></span> <span class='ocrx_word' id='word_1_419' title='bbox 1464 4013 1668 4070; x_wconf 89' lang='lat' dir='ltr'><strong>sponso</strong></span> <span class='ocrx_word' id='word_1_420' title='bbox 1715 3999 2074 4055; x_wconf 83' lang='lat' dir='ltr'><strong>collaudatur.</strong></span> 
     </span>
    </p>
   </div>
   <div class='ocr_carea' id='block_1_60' title="bbox 567 4091 2077 4162">
    <p class='ocr_par' dir='ltr' id='par_1_60' title="bbox 567 4091 2077 4162">
     <span class='ocr_line' id='line_1_60' title="bbox 567 4091 2077 4162; baseline -0.001 -14"><span class='ocrx_word' id='word_1_421' title='bbox 567 4093 658 4148; x_wconf 79' lang='lat' dir='ltr'><strong>XI.</strong></span> <span class='ocrx_word' id='word_1_422' title='bbox 688 4093 958 4160; x_wconf 84' lang='lat' dir='ltr'><strong>Quocirca</strong></span> <span class='ocrx_word' id='word_1_423' title='bbox 1017 4107 1143 4147; x_wconf 90' lang='lat' dir='ltr'><strong>cum</strong></span> <span class='ocrx_word' id='word_1_424' title='bbox 1177 4092 1350 4147; x_wconf 89' lang='lat' dir='ltr'><strong>otium</strong></span> <span class='ocrx_word' id='word_1_425' title='bbox 1384 4093 1528 4147; x_wconf 89' lang='lat' dir='ltr'><strong>nacti</strong></span> <span class='ocrx_word' id='word_1_426' title='bbox 1565 4091 1761 4158; x_wconf 90' lang='lat' dir='ltr'><strong>simus,</strong></span> <span class='ocrx_word' id='word_1_427' title='bbox 1796 4100 1920 4162; x_wconf 91' lang='lat' dir='ltr'><strong>post</strong></span> <span class='ocrx_word' id='word_1_428' title='bbox 1958 4091 2077 4148; x_wconf 84' lang='lat' dir='ltr'><strong>eni-</strong></span> 
     </span>
    </p>
   </div>
   <div class='ocr_carea' id='block_1_61' title="bbox 495 4182 2077 4256">
    <p class='ocr_par' dir='ltr' id='par_1_61' title="bbox 495 4182 2077 4256">
     <span class='ocr_line' id='line_1_61' title="bbox 495 4182 2077 4256; baseline -0.001 -13"><span class='ocrx_word' id='word_1_429' title='bbox 495 4202 594 4243; x_wconf 82' lang='lat' dir='ltr'><strong>xas</strong></span> <span class='ocrx_word' id='word_1_430' title='bbox 620 4187 686 4241; x_wconf 89' lang='lat' dir='ltr'><strong>ad</strong></span> <span class='ocrx_word' id='word_1_431' title='bbox 724 4185 892 4242; x_wconf 85' lang='lat' dir='ltr'><strong>Deum</strong></span> <span class='ocrx_word' id='word_1_432' title='bbox 933 4200 1144 4256; x_wconf 88' lang='lat' dir='ltr'><strong>preces,</strong></span> <span class='ocrx_word' id='word_1_433' title='bbox 1179 4193 1236 4238; x_wconf 87' lang='lat' dir='ltr'><strong>ut</strong></span> <span class='ocrx_word' id='word_1_434' title='bbox 1287 4182 1660 4255; x_wconf 88' lang='lat' dir='ltr'><strong>disputatione</strong></span> <span class='ocrx_word' id='word_1_435' title='bbox 1707 4185 1948 4250; x_wconf 88' lang='lat' dir='ltr'><strong>brevem,</strong></span> <span class='ocrx_word' id='word_1_436' title='bbox 1994 4185 2077 4241; x_wconf 91' lang='lat' dir='ltr'><strong>sic</strong></span> 
     </span>
    </p>
   </div>
   <div class='ocr_carea' id='block_1_62' title="bbox 496 4274 2073 4349">
    <p class='ocr_par' dir='ltr' id='par_1_62' title="bbox 496 4274 2073 4349">
     <span class='ocr_line' id='line_1_62' title="bbox 496 4274 2073 4349; baseline -0.003 -14"><span class='ocrx_word' id='word_1_437' title='bbox 496 4279 764 4349; x_wconf 85' lang='lat' dir='ltr'><strong>majorum</strong></span> <span class='ocrx_word' id='word_1_438' title='bbox 815 4277 1106 4332; x_wconf 81' lang='lat' dir='ltr'><strong>traditione</strong></span> <span class='ocrx_word' id='word_1_439' title='bbox 1154 4283 1363 4330; x_wconf 87' lang='lat' dir='ltr'><strong>certam</strong></span> <span class='ocrx_word' id='word_1_440' title='bbox 1412 4275 1658 4332; x_wconf 85' lang='lat' dir='ltr'><strong>veritatis</strong></span> <span class='ocrx_word' id='word_1_441' title='bbox 1699 4274 2073 4331; x_wconf 83' lang='lat' dir='ltr'><strong>defensionem</strong></span> 
     </span>
    </p>
   </div>
   <div class='ocr_carea' id='block_1_63' title="bbox 495 4365 2078 4440">
    <p class='ocr_par' dir='ltr' id='par_1_63' title="bbox 495 4365 2078 4440">
     <span class='ocr_line' id='line_1_63' title="bbox 495 4365 2078 4440; baseline -0.002 -15"><span class='ocrx_word' id='word_1_442' title='bbox 495 4370 758 4440; x_wconf 85' lang='lat' dir='ltr'><strong>deinceps</strong></span> <span class='ocrx_word' id='word_1_443' title='bbox 807 4367 1183 4424; x_wconf 82' lang='lat' dir='ltr'><strong>instituemus.</strong></span> <span class='ocrx_word' id='word_1_444' title='bbox 1226 4365 1358 4432; x_wconf 67' lang='lat' dir='ltr'><strong>Quae</strong></span> <span class='ocrx_word' id='word_1_445' title='bbox 1402 4365 1625 4436; x_wconf 90' lang='lat' dir='ltr'><strong>quidem</strong></span> <span class='ocrx_word' id='word_1_446' title='bbox 1675 4381 1786 4421; x_wconf 88' lang='lat' dir='ltr'><strong>non</strong></span> <span class='ocrx_word' id='word_1_447' title='bbox 1830 4373 2078 4436; x_wconf 88' lang='lat' dir='ltr'><strong>tempore</strong></span> 
     </span>
    </p>
   </div>
   <div class='ocr_carea' id='block_1_64' title="bbox 497 4457 2076 4530">
    <p class='ocr_par' dir='ltr' id='par_1_64' title="bbox 497 4457 2076 4530">
     <span class='ocr_line' id='line_1_64' title="bbox 497 4457 2076 4530; baseline -0.001 -16"><span class='ocrx_word' id='word_1_448' title='bbox 497 4462 797 4530; x_wconf 86' lang='lat' dir='ltr'><strong>posterior,</strong></span> <span class='ocrx_word' id='word_1_449' title='bbox 829 4459 938 4512; x_wconf 90' lang='lat' dir='ltr'><strong>imo</strong></span> <span class='ocrx_word' id='word_1_450' title='bbox 967 4473 1098 4513; x_wconf 89' lang='lat' dir='ltr'><strong>vero</strong></span> <span class='ocrx_word' id='word_1_451' title='bbox 1135 4457 1286 4529; x_wconf 87' lang='lat' dir='ltr'><strong>prior</strong></span> <span class='ocrx_word' id='word_1_452' title='bbox 1305 4458 1561 4513; x_wconf 88' lang='lat' dir='ltr'><strong>omnibus</strong></span> <span class='ocrx_word' id='word_1_453' title='bbox 1590 4457 1833 4522; x_wconf 76' lang='lat' dir='ltr'><strong>exstitit,</strong></span> <span class='ocrx_word' id='word_1_454' title='bbox 1864 4472 2076 4527; x_wconf 88' lang='lat' dir='ltr'><strong>nosque</strong></span> 
     </span>
    </p>
   </div>
   <div class='ocr_carea' id='block_1_65' title="bbox 495 4547 2072 4614">
    <p class='ocr_par' dir='ltr' id='par_1_65' title="bbox 495 4547 2072 4614">
     <span class='ocr_line' id='line_1_65' title="bbox 495 4547 2072 4614; baseline -0.001 -9"><span class='ocrx_word' id='word_1_455' title='bbox 495 4552 564 4605; x_wconf 89' lang='lat' dir='ltr'><strong>de</strong></span> <span class='ocrx_word' id='word_1_456' title='bbox 589 4566 653 4606; x_wconf 89' lang='lat' dir='ltr'><strong>ea</strong></span> <span class='ocrx_word' id='word_1_457' title='bbox 681 4559 805 4605; x_wconf 89' lang='lat' dir='ltr'><strong>ante</strong></span> <span class='ocrx_word' id='word_1_458' title='bbox 832 4549 1065 4606; x_wconf 65' lang='lat' dir='ltr'><strong>haereses</strong></span> <span class='ocrx_word' id='word_1_459' title='bbox 1083 4564 1298 4614; x_wconf 86' lang='lat' dir='ltr'><strong>omnes,</strong></span> <span class='ocrx_word' id='word_1_460' title='bbox 1329 4565 1452 4604; x_wconf 85' lang='lat' dir='ltr'><strong>eum</strong></span> <span class='ocrx_word' id='word_1_461' title='bbox 1485 4549 1553 4604; x_wconf 90' lang='lat' dir='ltr'><strong>de</strong></span> <span class='ocrx_word' id='word_1_462' title='bbox 1579 4547 1785 4604; x_wconf 88' lang='lat' dir='ltr'><strong>Christi</strong></span> <span class='ocrx_word' id='word_1_463' title='bbox 1815 4548 2072 4604; x_wconf 87' lang='lat' dir='ltr'><strong>incarna-</strong></span> 
     </span>
    </p>
   </div>
   <div class='ocr_carea' id='block_1_66' title="bbox 499 4639 2071 4705">
    <p class='ocr_par' dir='ltr' id='par_1_66' title="bbox 499 4639 2071 4705">
     <span class='ocr_line' id='line_1_66' title="bbox 499 4639 2071 4705; baseline 0.002 -13"><span class='ocrx_word' id='word_1_464' title='bbox 499 4641 645 4695; x_wconf 88' lang='lat' dir='ltr'><strong>tione</strong></span> <span class='ocrx_word' id='word_1_465' title='bbox 685 4639 1105 4705; x_wconf 89' lang='lat' dir='ltr'><strong>dissereremus,</strong></span> <span class='ocrx_word' id='word_1_466' title='bbox 1138 4639 1472 4695; x_wconf 89' lang='lat' dir='ltr'><strong>mentionem</strong></span> <span class='ocrx_word' id='word_1_467' title='bbox 1506 4639 1664 4694; x_wconf 92' lang='lat' dir='ltr'><strong>initio</strong></span> <span class='ocrx_word' id='word_1_468' title='bbox 1690 4639 1942 4695; x_wconf 87' lang='lat' dir='ltr'><strong>fecimus.</strong></span> <span class='ocrx_word' id='word_1_469' title='bbox 1972 4639 2071 4695; x_wconf 85' lang='lat' dir='ltr'><strong>Ea-</strong></span> 
     </span>
    </p>
   </div>
   <div class='ocr_carea' id='block_1_67' title="bbox 497 4730 2072 4800">
    <p class='ocr_par' dir='ltr' id='par_1_67' title="bbox 497 4730 2072 4800">
     <span class='ocr_line' id='line_1_67' title="bbox 497 4730 2072 4800; baseline 0.002 -15"><span class='ocrx_word' id='word_1_470' title='bbox 497 4731 618 4787; x_wconf 88' lang='lat' dir='ltr'><strong>dem</strong></span> <span class='ocrx_word' id='word_1_471' title='bbox 639 4745 803 4800; x_wconf 74' lang='lat' dir='ltr'><strong>porro</strong></span> <span class='ocrx_word' id='word_1_472' title='bbox 829 4746 974 4788; x_wconf 87' lang='lat' dir='ltr'><strong>nunc</strong></span> <span class='ocrx_word' id='word_1_473' title='bbox 1001 4745 1127 4785; x_wconf 89' lang='lat' dir='ltr'><strong>cum</strong></span> <span class='ocrx_word' id='word_1_474' title='bbox 1165 4745 1358 4787; x_wconf 86' lang='lat' dir='ltr'><strong>omnes</strong></span> <span class='ocrx_word' id='word_1_475' title='bbox 1382 4730 1675 4798; x_wconf 87' lang='lat' dir='ltr'><strong>antecedit,</strong></span> <span class='ocrx_word' id='word_1_476' title='bbox 1703 4739 1819 4786; x_wconf 91' lang='lat' dir='ltr'><strong>tum</strong></span> <span class='ocrx_word' id='word_1_477' title='bbox 1851 4732 2072 4788; x_wconf 89' lang='lat' dir='ltr'><strong>Christo</strong></span> 
     </span>
    </p>
   </div>
   <div class='ocr_carea' id='block_1_68' title="bbox 501 4822 2073 4896">
    <p class='ocr_par' dir='ltr' id='par_1_68' title="bbox 501 4822 2073 4896">
     <span class='ocr_line' id='line_1_68' title="bbox 501 4822 2073 4896; baseline 0.003 -19"><span class='ocrx_word' id='word_1_478' title='bbox 501 4823 730 4878; x_wconf 87' lang='lat' dir='ltr'><strong>Domino</strong></span> <span class='ocrx_word' id='word_1_479' title='bbox 755 4831 880 4891; x_wconf 83' lang='lat' dir='ltr'><strong>post</strong></span> <span class='ocrx_word' id='word_1_480' title='bbox 909 4822 1030 4892; x_wconf 84' lang='lat' dir='ltr'><strong>ejus</strong></span> <span class='ocrx_word' id='word_1_481' title='bbox 1050 4823 1510 4886; x_wconf 87' lang='lat' dir='ltr'><strong>incarnationem,</strong></span> <span class='ocrx_word' id='word_1_482' title='bbox 1533 4822 1681 4878; x_wconf 91' lang='lat' dir='ltr'><strong>velut</strong></span> <span class='ocrx_word' id='word_1_483' title='bbox 1702 4837 1904 4893; x_wconf 90' lang='lat' dir='ltr'><strong>sponsa</strong></span> <span class='ocrx_word' id='word_1_484' title='bbox 1931 4841 2073 4896; x_wconf 75' lang='lat' dir='ltr'><strong>qna:-</strong></span> 
     </span>
    </p>
   </div>
   <div class='ocr_carea' id='block_1_69' title="bbox 496 4911 2064 4982">
    <p class='ocr_par' dir='ltr' id='par_1_69' title="bbox 496 4911 2064 4982">
     <span class='ocr_line' id='line_1_69' title="bbox 496 4911 2064 4982; baseline 0.001 -13"><span class='ocrx_word' id='word_1_485' title='bbox 496 4915 621 4970; x_wconf 89' lang='lat' dir='ltr'><strong>dam</strong></span> <span class='ocrx_word' id='word_1_486' title='bbox 653 4913 1022 4976; x_wconf 86' lang='lat' dir='ltr'><strong>sanctissima,</strong></span> <span class='ocrx_word' id='word_1_487' title='bbox 1055 4911 1349 4981; x_wconf 85' lang='lat' dir='ltr'><strong>conjuncta</strong></span> <span class='ocrx_word' id='word_1_488' title='bbox 1378 4921 1462 4968; x_wconf 87' lang='lat' dir='ltr'><strong>est</strong></span> <span class='ocrx_word' id='word_1_489' title='bbox 1490 4929 1503 4967; x_wconf 92' lang='lat'><strong>:</strong></span> <span class='ocrx_word' id='word_1_490' title='bbox 1529 4926 1650 4982; x_wconf 71' lang='lat' dir='ltr'><strong>qua:</strong></span> <span class='ocrx_word' id='word_1_491' title='bbox 1685 4919 1740 4968; x_wconf 91' lang='lat' dir='ltr'><strong>et</strong></span> <span class='ocrx_word' id='word_1_492' title='bbox 1773 4913 1904 4969; x_wconf 89' lang='lat' dir='ltr'><strong>olim</strong></span> <span class='ocrx_word' id='word_1_493' title='bbox 1939 4929 2064 4970; x_wconf 92' lang='lat' dir='ltr'><strong>cum</strong></span> 
     </span>
    </p>
   </div>
   <div class='ocr_carea' id='block_1_70' title="bbox 497 5003 2069 5077">
    <p class='ocr_par' dir='ltr' id='par_1_70' title="bbox 497 5003 2069 5077">
     <span class='ocr_line' id='line_1_70' title="bbox 497 5003 2069 5077; baseline 0.001 -16"><span class='ocrx_word' id='word_1_494' title='bbox 497 5007 706 5061; x_wconf 84' lang='lat' dir='ltr'><strong>Adamo</strong></span> <span class='ocrx_word' id='word_1_495' title='bbox 754 5005 1016 5068; x_wconf 87' lang='lat' dir='ltr'><strong>formata,</strong></span> <span class='ocrx_word' id='word_1_496' title='bbox 1050 5012 1104 5060; x_wconf 93' lang='lat' dir='ltr'><strong>et</strong></span> <span class='ocrx_word' id='word_1_497' title='bbox 1133 5004 1189 5058; x_wconf 89' lang='lat' dir='ltr'><strong>in</strong></span> <span class='ocrx_word' id='word_1_498' title='bbox 1219 5003 1350 5070; x_wconf 89' lang='lat' dir='ltr'><strong>illis,</strong></span> <span class='ocrx_word' id='word_1_499' title='bbox 1380 5006 1472 5076; x_wconf 89' lang='lat' dir='ltr'><strong>qui</strong></span> <span class='ocrx_word' id='word_1_500' title='bbox 1515 5005 1888 5061; x_wconf 82' lang='lat' dir='ltr'><strong>Abrahatnum</strong></span> <span class='ocrx_word' id='word_1_501' title='bbox 1933 5022 2069 5077; x_wconf 73' lang='lat' dir='ltr'><strong>pra:-</strong></span> 
     </span>
    </p>
   </div>
   <div class='ocr_carea' id='block_1_71' title="bbox 495 5094 2066 5168">
    <p class='ocr_par' dir='ltr' id='par_1_71' title="bbox 495 5094 2066 5168">
     <span class='ocr_line' id='line_1_71' title="bbox 495 5094 2066 5168; baseline 0.001 -16"><span class='ocrx_word' id='word_1_502' title='bbox 495 5104 801 5162; x_wconf 83' lang='lat' dir='ltr'><strong>cesserunt,</strong></span> <span class='ocrx_word' id='word_1_503' title='bbox 833 5094 1122 5166; x_wconf 66' lang='lat' dir='ltr'><strong>praedicata</strong></span> <span class='ocrx_word' id='word_1_504' title='bbox 1151 5095 1411 5168; x_wconf 88' lang='lat' dir='ltr'><strong>patribus,</strong></span> <span class='ocrx_word' id='word_1_505' title='bbox 1427 5105 1478 5152; x_wconf 91' lang='lat' dir='ltr'><strong>et</strong></span> <span class='ocrx_word' id='word_1_506' title='bbox 1533 5106 1657 5168; x_wconf 88' lang='lat' dir='ltr'><strong>post</strong></span> <span class='ocrx_word' id='word_1_507' title='bbox 1697 5098 2066 5155; x_wconf 87' lang='lat' dir='ltr'><strong>Abrahamum</strong></span> 
     </span>
    </p>
   </div>
   <div class='ocr_carea' id='block_1_72' title="bbox 500 5175 2062 5264">
    <p class='ocr_par' dir='ltr' id='par_1_72' title="bbox 500 5175 2062 5264">
     <span class='ocr_line' id='line_1_72' title="bbox 500 5175 2062 5264; baseline 0.004 -22"><span class='ocrx_word' id='word_1_508' title='bbox 500 5189 656 5245; x_wconf 85' lang='lat' dir='ltr'><strong>fidem</strong></span> <span class='ocrx_word' id='word_1_509' title='bbox 718 5188 931 5256; x_wconf 86' lang='lat' dir='ltr'><strong>merita,</strong></span> <span class='ocrx_word' id='word_1_510' title='bbox 958 5196 1012 5243; x_wconf 92' lang='lat' dir='ltr'><strong>et</strong></span> <span class='ocrx_word' id='word_1_511' title='bbox 1059 5204 1156 5258; x_wconf 91' lang='lat' dir='ltr'><strong>per</strong></span> <span class='ocrx_word' id='word_1_512' title='bbox 1207 5187 1443 5260; x_wconf 76' lang='lat' dir='ltr'><strong>Moysem</strong></span> <span class='ocrx_word' id='word_1_513' title='bbox 1491 5189 1758 5260; x_wconf 88' lang='lat' dir='ltr'><strong>patefacta</strong></span> <span class='ocrx_word' id='word_1_514' title='bbox 1817 5199 1873 5247; x_wconf 89' lang='lat' dir='ltr'><strong>et</strong></span> <span class='ocrx_word' id='word_1_515' title='bbox 1916 5175 2062 5264; x_wconf 81' lang='lat' dir='ltr'><strong>apud</strong></span> 
     </span>
    </p>
   </div>
   <div class='ocr_carea' id='block_1_73' title="bbox 497 5278 2066 5352">
    <p class='ocr_par' dir='ltr' id='par_1_73' title="bbox 497 5278 2066 5352">
     <span class='ocr_line' id='line_1_73' title="bbox 497 5278 2066 5352; baseline 0.003 -16"><span class='ocrx_word' id='word_1_516' title='bbox 497 5281 690 5336; x_wconf 88' lang='lat' dir='ltr'><strong>Isaiam</strong></span> <span class='ocrx_word' id='word_1_517' title='bbox 723 5280 1066 5352; x_wconf 67' lang='lat' dir='ltr'><strong>praedicta,et</strong></span> <span class='ocrx_word' id='word_1_518' title='bbox 1106 5281 1160 5335; x_wconf 91' lang='lat' dir='ltr'><strong>in</strong></span> <span class='ocrx_word' id='word_1_519' title='bbox 1210 5278 1430 5337; x_wconf 86' lang='lat' dir='ltr'><strong>Christo</strong></span> <span class='ocrx_word' id='word_1_520' title='bbox 1480 5281 1852 5339; x_wconf 87' lang='lat' dir='ltr'><strong>demonstrata</strong></span> <span class='ocrx_word' id='word_1_521' title='bbox 1878 5323 1894 5351; x_wconf 92' lang='lat'><strong>,</strong></span> <span class='ocrx_word' id='word_1_522' title='bbox 1941 5301 2066 5341; x_wconf 89' lang='lat' dir='ltr'><strong>cum</strong></span> 
     </span>
    </p>
   </div>
   <div class='ocr_carea' id='block_1_74' title="bbox 495 5371 2068 5443">
    <p class='ocr_par' dir='ltr' id='par_1_74' title="bbox 495 5371 2068 5443">
     <span class='ocr_line' id='line_1_74' title="bbox 495 5371 2068 5443; baseline 0.003 -17"><span class='ocrx_word' id='word_1_523' title='bbox 495 5386 671 5442; x_wconf 88' lang='lat' dir='ltr'><strong>eoque</strong></span> <span class='ocrx_word' id='word_1_524' title='bbox 697 5371 861 5426; x_wconf 86' lang='lat' dir='ltr'><strong>simul</strong></span> <span class='ocrx_word' id='word_1_525' title='bbox 885 5375 1182 5435; x_wconf 85' lang='lat' dir='ltr'><strong>exsistens,</strong></span> <span class='ocrx_word' id='word_1_526' title='bbox 1214 5373 1516 5443; x_wconf 89' lang='lat' dir='ltr'><strong>posteriore</strong></span> <span class='ocrx_word' id='word_1_527' title='bbox 1539 5390 1569 5428; x_wconf 91' lang='lat' dir='ltr'><strong>a</strong></span> <span class='ocrx_word' id='word_1_528' title='bbox 1596 5377 1755 5433; x_wconf 91' lang='lat' dir='ltr'><strong>nobis</strong></span> <span class='ocrx_word' id='word_1_529' title='bbox 1773 5377 1893 5432; x_wconf 91' lang='lat' dir='ltr'><strong>loco</strong></span> <span class='ocrx_word' id='word_1_530' title='bbox 1916 5393 2068 5433; x_wconf 89' lang='lat' dir='ltr'><strong>com-</strong></span> 
     </span>
    </p>
   </div>
   <div class='ocr_carea' id='block_1_75' title="bbox 498 5462 2068 5539">
    <p class='ocr_par' dir='ltr' id='par_1_75' title="bbox 498 5462 2068 5539">
     <span class='ocr_line' id='line_1_75' title="bbox 498 5462 2068 5539; baseline 0.006 -23"><span class='ocrx_word' id='word_1_531' title='bbox 498 5464 860 5519; x_wconf 83' lang='lat' dir='ltr'><strong>mendabit-ur.</strong></span> <span class='ocrx_word' id='word_1_532' title='bbox 904 5462 1038 5518; x_wconf 86' lang='lat' dir='ltr'><strong>Nam</strong></span> <span class='ocrx_word' id='word_1_533' title='bbox 1093 5465 1347 5519; x_wconf 88' lang='lat' dir='ltr'><strong>athletam</strong></span> <span class='ocrx_word' id='word_1_534' title='bbox 1393 5475 1608 5537; x_wconf 88' lang='lat' dir='ltr'><strong>oportet</strong></span> <span class='ocrx_word' id='word_1_535' title='bbox 1657 5469 1890 5539; x_wconf 89' lang='lat' dir='ltr'><strong>primum</strong></span> <span class='ocrx_word' id='word_1_536' title='bbox 1947 5486 2068 5525; x_wconf 89' lang='lat' dir='ltr'><strong>om-</strong></span> 
     </span>
    </p>
   </div>
   <div class='ocr_carea' id='block_1_76' title="bbox 499 5555 2067 5633">
    <p class='ocr_par' dir='ltr' id='par_1_76' title="bbox 499 5555 2067 5633">
     <span class='ocr_line' id='line_1_76' title="bbox 499 5555 2067 5633; baseline 0.009 -25"><span class='ocrx_word' id='word_1_537' title='bbox 499 5555 648 5609; x_wconf 87' lang='lat' dir='ltr'><strong>nium</strong></span> <span class='ocrx_word' id='word_1_538' title='bbox 684 5555 738 5610; x_wconf 92' lang='lat' dir='ltr'><strong>in</strong></span> <span class='ocrx_word' id='word_1_539' title='bbox 760 5557 1062 5613; x_wconf 90' lang='lat' dir='ltr'><strong>certamine</strong></span> <span class='ocrx_word' id='word_1_540' title='bbox 1107 5573 1171 5612; x_wconf 88' lang='lat' dir='ltr'><strong>ac</strong></span> <span class='ocrx_word' id='word_1_541' title='bbox 1213 5557 1402 5612; x_wconf 81' lang='lat' dir='ltr'><strong>labore</strong></span> <span class='ocrx_word' id='word_1_542' title='bbox 1439 5561 1758 5632; x_wconf 65' lang='lat' dir='ltr'><strong>caeterisque</strong></span> <span class='ocrx_word' id='word_1_543' title='bbox 1777 5565 2067 5633; x_wconf 86' lang='lat' dir='ltr'><strong>generibus</strong></span> 
     </span>
    </p>
   </div>
   <div class='ocr_carea' id='block_1_77' title="bbox 574 5712 1806 5794">
    <p class='ocr_par' dir='ltr' id='par_1_77' title="bbox 574 5712 1806 5794">
     <span class='ocr_line' id='line_1_77' title="bbox 574 5712 1806 5794; baseline 0.01 -28"><span class='ocrx_word' id='word_1_544' title='bbox 574 5712 590 5741; x_wconf 81' lang='lat'><em>‘</em></span> <span class='ocrx_word' id='word_1_545' title='bbox 624 5712 781 5770; x_wconf 86' lang='lat' dir='ltr'><strong>Cant.</strong></span> <span class='ocrx_word' id='word_1_546' title='bbox 813 5732 884 5780; x_wconf 83' lang='lat' dir='ltr'><strong>vt,</strong></span> <span class='ocrx_word' id='word_1_547' title='bbox 917 5716 972 5770; x_wconf 87' lang='lat'><strong>7.</strong></span> <span class='ocrx_word' id='word_1_548' title='bbox 1048 5721 1068 5750; x_wconf 81' lang='grc'>¹</span> <span class='ocrx_word' id='word_1_549' title='bbox 1102 5717 1228 5776; x_wconf 70' lang='grc' dir='ltr'><strong>ηερε</strong></span> <span class='ocrx_word' id='word_1_550' title='bbox 1260 5721 1550 5794; x_wconf 77' lang='lat' dir='ltr'><strong>depravata</strong></span> <span class='ocrx_word' id='word_1_551' title='bbox 1598 5725 1806 5781; x_wconf 83' lang='lat' dir='ltr'><strong>leviter.</strong></span> 
     </span>
    </p>
   </div>
   <div class='ocr_carea' id='block_1_78' title="bbox 2179 1905 3754 1978">
    <p class='ocr_par' dir='ltr' id='par_1_78' title="bbox 2179 1905 3754 1978">
     <span class='ocr_line' id='line_1_78' title="bbox 2179 1905 3754 1978; baseline -0.004 -8"><span class='ocrx_word' id='word_1_552' title='bbox 2179 1931 2363 1970; x_wconf 77' lang='grc' dir='ltr'>κοντα</span> <span class='ocrx_word' id='word_1_553' title='bbox 2407 1913 2718 1969; x_wconf 65' lang='grc' dir='ltr'>παλλακαί</span> <span class='ocrx_word' id='word_1_554' title='bbox 2737 1929 2751 1944; x_wconf 89' lang='grc'><strong>·</strong></span> <span class='ocrx_word' id='word_1_555' title='bbox 2804 1911 2905 1966; x_wconf 79' lang='grc' dir='ltr'>καὶ</span> <span class='ocrx_word' id='word_1_556' title='bbox 2958 1911 3251 1978; x_wconf 77' lang='grc' dir='ltr'>νεάνιδες,</span> <span class='ocrx_word' id='word_1_557' title='bbox 3308 1905 3398 1965; x_wconf 81' lang='grc' dir='ltr'><strong>ὧν</strong></span> <span class='ocrx_word' id='word_1_558' title='bbox 3443 1911 3562 1966; x_wconf 84' lang='grc' dir='ltr'>οὐκ</span> <span class='ocrx_word' id='word_1_559' title='bbox 3600 1908 3754 1964; x_wconf 71' lang='grc' dir='ltr'>ἔστιν</span> 
     </span>
    </p>
   </div>
   <div class='ocr_carea' id='block_1_79' title="bbox 2177 2002 3750 2076">
    <p class='ocr_par' dir='ltr' id='par_1_79' title="bbox 2177 2002 3750 2076">
     <span class='ocr_line' id='line_1_79' title="bbox 2177 2002 3750 2076; baseline -0.003 -16"><span class='ocrx_word' id='word_1_560' title='bbox 2177 2007 2443 2076; x_wconf 74' lang='grc' dir='ltr'><strong>ἀριθμός⁹</strong></span> <span class='ocrx_word' id='word_1_561' title='bbox 2478 2005 2588 2075; x_wconf 73' lang='grc' dir='ltr'><strong>μία</strong></span> <span class='ocrx_word' id='word_1_562' title='bbox 2636 2003 2768 2058; x_wconf 83' lang='grc' dir='ltr'>ἐστὶ</span> <span class='ocrx_word' id='word_1_563' title='bbox 2832 2003 3150 2072; x_wconf 57' lang='grc' dir='ltr'>περιστερά</span> <span class='ocrx_word' id='word_1_564' title='bbox 3181 2019 3323 2072; x_wconf 83' lang='grc' dir='ltr'>μου,</span> <span class='ocrx_word' id='word_1_565' title='bbox 3382 2002 3590 2056; x_wconf 70' lang='grc' dir='ltr'>τελεία</span> <span class='ocrx_word' id='word_1_566' title='bbox 3625 2020 3750 2072; x_wconf 81' lang='grc' dir='ltr'>μου.</span> 
     </span>
    </p>
   </div>
   <div class='ocr_carea' id='block_1_80' title="bbox 2185 2093 3754 2168">
    <p class='ocr_par' dir='ltr' id='par_1_80' title="bbox 2185 2093 3754 2168">
     <span class='ocr_line' id='line_1_80' title="bbox 2185 2093 3754 2168; baseline 0 -18"><span class='ocrx_word' id='word_1_567' title='bbox 2185 2098 2280 2160; x_wconf 84' lang='grc' dir='ltr'>Ὠς</span> <span class='ocrx_word' id='word_1_568' title='bbox 2317 2093 2411 2151; x_wconf 80' lang='grc' dir='ltr'><strong>οὖν</strong></span> <span class='ocrx_word' id='word_1_569' title='bbox 2443 2114 2510 2150; x_wconf 88' lang='grc' dir='ltr'><strong>πε</strong></span> <span class='ocrx_word' id='word_1_570' title='bbox 2519 2097 2572 2168; x_wconf 71' lang='lat' dir='ltr'><strong>pi.</strong></span> <span class='ocrx_word' id='word_1_571' title='bbox 2603 2095 2710 2150; x_wconf 88' lang='grc' dir='ltr'><strong>τῶν</strong></span> <span class='ocrx_word' id='word_1_572' title='bbox 2744 2095 3037 2151; x_wconf 80' lang='grc' dir='ltr'>παλλακῶν</span> <span class='ocrx_word' id='word_1_573' title='bbox 3065 2095 3271 2152; x_wconf 79' lang='grc' dir='ltr'>τούτων</span> <span class='ocrx_word' id='word_1_574' title='bbox 3303 2095 3408 2150; x_wconf 91' lang='grc' dir='ltr'><strong>τῶν</strong></span> <span class='ocrx_word' id='word_1_575' title='bbox 3433 2096 3754 2166; x_wconf 73' lang='grc' dir='ltr'>ὀγδοήκοντα</span> 
     </span>
    </p>
   </div>
   <div class='ocr_carea' id='block_1_81' title="bbox 2179 2186 3751 2262">
    <p class='ocr_par' dir='ltr' id='par_1_81' title="bbox 2179 2186 3751 2262">
     <span class='ocr_line' id='line_1_81' title="bbox 2179 2186 3751 2262; baseline -0.003 -18"><span class='ocrx_word' id='word_1_576' title='bbox 2179 2190 2460 2262; x_wconf 74' lang='grc' dir='ltr'>εἰρηκότες</span> <span class='ocrx_word' id='word_1_577' title='bbox 2502 2189 2779 2260; x_wconf 82' lang='grc' dir='ltr'>ἀπαρχῆς,</span> <span class='ocrx_word' id='word_1_578' title='bbox 2805 2187 3212 2259; x_wconf 77' lang='grc' dir='ltr'>βαρϐαρισμοῦ,</span> <span class='ocrx_word' id='word_1_579' title='bbox 3251 2187 3348 2242; x_wconf 70' lang='grc' dir='ltr'>καὶ</span> <span class='ocrx_word' id='word_1_580' title='bbox 3385 2186 3751 2259; x_wconf 79' lang='grc' dir='ltr'>Ἑλληνισμοῦ,</span> 
     </span>
    </p>
   </div>
   <div class='ocr_carea' id='block_1_82' title="bbox 2178 2278 3752 2352">
    <p class='ocr_par' dir='ltr' id='par_1_82' title="bbox 2178 2278 3752 2352">
     <span class='ocr_line' id='line_1_82' title="bbox 2178 2278 3752 2352; baseline -0.002 -16"><span class='ocrx_word' id='word_1_581' title='bbox 2178 2284 2273 2336; x_wconf 80' lang='grc' dir='ltr'>καὶ</span> <span class='ocrx_word' id='word_1_582' title='bbox 2300 2280 2632 2352; x_wconf 81' lang='grc' dir='ltr'>Σκυθισμοῦ,</span> <span class='ocrx_word' id='word_1_583' title='bbox 2665 2281 2759 2335; x_wconf 74' lang='grc' dir='ltr'>καὶ</span> <span class='ocrx_word' id='word_1_584' title='bbox 2786 2278 3144 2350; x_wconf 84' lang='grc' dir='ltr'>Ἰουδαῖσμοῦ,</span> <span class='ocrx_word' id='word_1_585' title='bbox 3177 2279 3274 2333; x_wconf 77' lang='grc' dir='ltr'>καὶ</span> <span class='ocrx_word' id='word_1_586' title='bbox 3295 2280 3752 2352; x_wconf 76' lang='grc' dir='ltr'>Σαμαρειτισμοῦ,</span> 
     </span>
    </p>
   </div>
   <div class='ocr_carea' id='block_1_83' title="bbox 2176 2371 3753 2444">
    <p class='ocr_par' dir='ltr' id='par_1_83' title="bbox 2176 2371 3753 2444">
     <span class='ocr_line' id='line_1_83' title="bbox 2176 2371 3753 2444; baseline -0.001 -17"><span class='ocrx_word' id='word_1_587' title='bbox 2176 2372 2471 2444; x_wconf 83' lang='grc' dir='ltr'>ὀνομασίας</span> <span class='ocrx_word' id='word_1_588' title='bbox 2504 2371 2613 2426; x_wconf 92' lang='grc' dir='ltr'><strong>τῶν</strong></span> <span class='ocrx_word' id='word_1_589' title='bbox 2653 2372 2754 2426; x_wconf 81' lang='grc' dir='ltr'>οὐκ</span> <span class='ocrx_word' id='word_1_590' title='bbox 2798 2371 2975 2426; x_wconf 82' lang='grc' dir='ltr'>οὐσῶν</span> <span class='ocrx_word' id='word_1_591' title='bbox 3007 2371 3288 2444; x_wconf 78' lang='grc' dir='ltr'>ὲνθέσμων</span> <span class='ocrx_word' id='word_1_592' title='bbox 3309 2371 3616 2442; x_wconf 86' lang='grc' dir='ltr'>γυναικῶν,</span> <span class='ocrx_word' id='word_1_593' title='bbox 3647 2373 3753 2426; x_wconf 77' lang='grc' dir='ltr'><strong>οὐδὲ</strong></span> 
     </span>
    </p>
   </div>
   <div class='ocr_carea' id='block_1_84' title="bbox 2177 2464 3754 2537">
    <p class='ocr_par' dir='ltr' id='par_1_84' title="bbox 2177 2464 3754 2537">
     <span class='ocr_line' id='line_1_84' title="bbox 2177 2464 3754 2537; baseline -0.001 -17"><span class='ocrx_word' id='word_1_594' title='bbox 2177 2465 2393 2520; x_wconf 83' lang='grc' dir='ltr'>ἀπὸτοῦ</span> <span class='ocrx_word' id='word_1_595' title='bbox 2426 2464 2686 2537; x_wconf 84' lang='grc' dir='ltr'>βασιλέως</span> <span class='ocrx_word' id='word_1_596' title='bbox 2712 2464 3210 2536; x_wconf 84' lang='grc' dir='ltr'>πεπροικισμένων,</span> <span class='ocrx_word' id='word_1_597' title='bbox 3246 2465 3367 2520; x_wconf 79' lang='grc' dir='ltr'>οὐδὲ</span> <span class='ocrx_word' id='word_1_598' title='bbox 3391 2466 3450 2518; x_wconf 80' lang='grc' dir='ltr'>ὲν</span> <span class='ocrx_word' id='word_1_599' title='bbox 3479 2465 3754 2536; x_wconf 74' lang='grc' dir='ltr'>διαθήκαις</span> 
     </span>
    </p>
   </div>
   <div class='ocr_carea' id='block_1_85' title="bbox 2176 2555 3753 2627">
    <p class='ocr_par' dir='ltr' id='par_1_85' title="bbox 2176 2555 3753 2627">
     <span class='ocr_line' id='line_1_85' title="bbox 2176 2555 3753 2627; baseline -0.001 -18"><span class='ocrx_word' id='word_1_600' title='bbox 2176 2555 2285 2610; x_wconf 88' lang='grc' dir='ltr'><strong>τῶν</strong></span> <span class='ocrx_word' id='word_1_601' title='bbox 2321 2555 2529 2610; x_wconf 88' lang='grc' dir='ltr'>τέκνων</span> <span class='ocrx_word' id='word_1_602' title='bbox 2570 2556 2753 2610; x_wconf 81' lang='grc' dir='ltr'>αὐτῶν</span> <span class='ocrx_word' id='word_1_603' title='bbox 2807 2555 3170 2627; x_wconf 77' lang='grc' dir='ltr'>κληρονομεῖν</span> <span class='ocrx_word' id='word_1_604' title='bbox 3216 2556 3534 2627; x_wconf 86' lang='grc' dir='ltr'>δυναμένων</span> <span class='ocrx_word' id='word_1_605' title='bbox 3557 2572 3572 2586; x_wconf 82' lang='grc'><em>’</em></span> <span class='ocrx_word' id='word_1_606' title='bbox 3611 2556 3753 2625; x_wconf 78' lang='grc' dir='ltr'>φύσει</span> 
     </span>
    </p>
   </div>
   <div class='ocr_carea' id='block_1_86' title="bbox 2181 2647 3757 2721">
    <p class='ocr_par' dir='ltr' id='par_1_86' title="bbox 2181 2647 3757 2721">
     <span class='ocr_line' id='line_1_86' title="bbox 2181 2647 3757 2721; baseline -0.001 -19"><span class='ocrx_word' id='word_1_607' title='bbox 2181 2649 2280 2720; x_wconf 77' lang='grc' dir='ltr'>μὲν</span> <span class='ocrx_word' id='word_1_608' title='bbox 2307 2649 2416 2721; x_wconf 84' lang='grc' dir='ltr'><strong>γάρ</strong></span> <span class='ocrx_word' id='word_1_609' title='bbox 2443 2649 2580 2702; x_wconf 78' lang='grc' dir='ltr'>εἰσιν</span> <span class='ocrx_word' id='word_1_610' title='bbox 2601 2648 2972 2720; x_wconf 76' lang='grc' dir='ltr'>ἐϐδομήκοντα</span> <span class='ocrx_word' id='word_1_611' title='bbox 2995 2647 3181 2712; x_wconf 78' lang='grc' dir='ltr'>πέντε,</span> <span class='ocrx_word' id='word_1_612' title='bbox 3214 2647 3311 2700; x_wconf 64' lang='grc' dir='ltr'><strong>καλ⁸</strong></span> <span class='ocrx_word' id='word_1_613' title='bbox 3335 2647 3541 2701; x_wconf 85' lang='grc' dir='ltr'>τούτων</span> <span class='ocrx_word' id='word_1_614' title='bbox 3581 2647 3636 2701; x_wconf 89' lang='grc' dir='ltr'><strong>αἱ</strong></span> <span class='ocrx_word' id='word_1_615' title='bbox 3663 2664 3757 2718; x_wconf 78' lang='grc' dir='ltr'>μηο</span> 
     </span>
    </p>
   </div>
   <div class='ocr_carea' id='block_1_87' title="bbox 2177 2733 3753 2812">
    <p class='ocr_par' dir='ltr' id='par_1_87' title="bbox 2177 2733 3753 2812">
     <span class='ocr_line' id='line_1_87' title="bbox 2177 2733 3753 2812; baseline -0.003 -18"><span class='ocrx_word' id='word_1_616' title='bbox 2177 2739 2332 2810; x_wconf 76' lang='grc' dir='ltr'>τέρες</span> <span class='ocrx_word' id='word_1_617' title='bbox 2383 2739 2545 2794; x_wconf 81' lang='grc' dir='ltr'>πέντε</span> <span class='ocrx_word' id='word_1_618' title='bbox 2595 2739 2785 2812; x_wconf 86' lang='grc' dir='ltr'>ῶσπερ</span> <span class='ocrx_word' id='word_1_619' title='bbox 2821 2737 3202 2811; x_wconf 78' lang='grc' dir='ltr'>Ἑλληνισμὸς,</span> <span class='ocrx_word' id='word_1_620' title='bbox 3253 2738 3346 2808; x_wconf 80' lang='grc' dir='ltr'>ἀφ’</span> <span class='ocrx_word' id='word_1_621' title='bbox 3379 2733 3441 2792; x_wconf 79' lang='grc' dir='ltr'><strong>οῦ</strong></span> <span class='ocrx_word' id='word_1_622' title='bbox 3477 2737 3753 2808; x_wconf 81' lang='grc' dir='ltr'>Ἕλληνες,</span> 
     </span>
    </p>
   </div>
   <div class='ocr_carea' id='block_1_88' title="bbox 2179 2823 3758 2901">
    <p class='ocr_par' dir='ltr' id='par_1_88' title="bbox 2179 2823 3758 2901">
     <span class='ocr_line' id='line_1_88' title="bbox 2179 2823 3758 2901; baseline -0.003 -18"><span class='ocrx_word' id='word_1_623' title='bbox 2179 2830 2272 2884; x_wconf 78' lang='grc' dir='ltr'>καὶ</span> <span class='ocrx_word' id='word_1_624' title='bbox 2311 2829 2665 2901; x_wconf 83' lang='grc' dir='ltr'>ἰουδαῖσμδς.</span> <span class='ocrx_word' id='word_1_625' title='bbox 2698 2830 2792 2898; x_wconf 82' lang='grc' dir='ltr'><strong>ἀφ’</strong></span> <span class='ocrx_word' id='word_1_626' title='bbox 2824 2823 2886 2884; x_wconf 81' lang='grc' dir='ltr'>οῦ</span> <span class='ocrx_word' id='word_1_627' title='bbox 2935 2829 3201 2892; x_wconf 83' lang='grc' dir='ltr'>Ἰουδαῖοι,</span> <span class='ocrx_word' id='word_1_628' title='bbox 3247 2827 3344 2882; x_wconf 77' lang='grc' dir='ltr'>καὶ</span> <span class='ocrx_word' id='word_1_629' title='bbox 3372 2826 3642 2900; x_wconf 74' lang='grc' dir='ltr'>αἱρέσεις,</span> <span class='ocrx_word' id='word_1_630' title='bbox 3671 2825 3758 2880; x_wconf 77' lang='grc' dir='ltr'>καὶ</span> 
     </span>
    </p>
   </div>
   <div class='ocr_carea' id='block_1_89' title="bbox 2178 2913 3758 2994">
    <p class='ocr_par' dir='ltr' id='par_1_89' title="bbox 2178 2913 3758 2994">
     <span class='ocr_line' id='line_1_89' title="bbox 2178 2913 3758 2994; baseline -0.002 -20"><span class='ocrx_word' id='word_1_631' title='bbox 2178 2920 2571 2994; x_wconf 83' lang='grc' dir='ltr'>Σαμαρειτικὴ,</span> <span class='ocrx_word' id='word_1_632' title='bbox 2609 2922 2704 2991; x_wconf 76' lang='grc' dir='ltr'>ἀφ’</span> <span class='ocrx_word' id='word_1_633' title='bbox 2747 2913 2810 2975; x_wconf 79' lang='grc' dir='ltr'><strong>οῦ</strong></span> <span class='ocrx_word' id='word_1_634' title='bbox 2859 2920 3326 2994; x_wconf 80' lang='grc' dir='ltr'>Σαμαρειτισμὸς,</span> <span class='ocrx_word' id='word_1_635' title='bbox 3375 2921 3472 2974; x_wconf 74' lang='grc' dir='ltr'>καὶ</span> <span class='ocrx_word' id='word_1_636' title='bbox 3503 2920 3758 2992; x_wconf 83' lang='grc' dir='ltr'>Χριστια-</span> 
     </span>
    </p>
   </div>
   <div class='ocr_carea' id='block_1_90' title="bbox 2176 3008 3758 3086">
    <p class='ocr_par' dir='ltr' id='par_1_90' title="bbox 2176 3008 3758 3086">
     <span class='ocr_line' id='line_1_90' title="bbox 2176 3008 3758 3086; baseline 0.001 -21"><span class='ocrx_word' id='word_1_637' title='bbox 2176 3012 2387 3084; x_wconf 81' lang='grc' dir='ltr'>νισμδς,</span> <span class='ocrx_word' id='word_1_638' title='bbox 2410 3013 2504 3083; x_wconf 81' lang='grc' dir='ltr'>ἀφ’</span> <span class='ocrx_word' id='word_1_639' title='bbox 2537 3008 2600 3068; x_wconf 83' lang='grc' dir='ltr'>οῦ</span> <span class='ocrx_word' id='word_1_640' title='bbox 2643 3013 3071 3086; x_wconf 70' lang='grc' dir='ltr'>ἐξεκλάσθησαν,</span> <span class='ocrx_word' id='word_1_641' title='bbox 3107 3014 3297 3083; x_wconf 83' lang='grc' dir='ltr'>ὥσπερ</span> <span class='ocrx_word' id='word_1_642' title='bbox 3324 3011 3526 3078; x_wconf 78' lang='grc' dir='ltr'>κλάδοι,</span> <span class='ocrx_word' id='word_1_643' title='bbox 3552 3012 3612 3065; x_wconf 82' lang='grc' dir='ltr'><strong>αἱ</strong></span> <span class='ocrx_word' id='word_1_644' title='bbox 3635 3013 3758 3082; x_wconf 60' lang='lat' dir='ltr'><strong>atpo-</strong></span> 
     </span>
    </p>
   </div>
   <div class='ocr_carea' id='block_1_91' title="bbox 2180 3103 3757 3180">
    <p class='ocr_par' dir='ltr' id='par_1_91' title="bbox 2180 3103 3757 3180">
     <span class='ocr_line' id='line_1_91' title="bbox 2180 3103 3757 3180; baseline 0 -23"><span class='ocrx_word' id='word_1_645' title='bbox 2180 3103 2446 3175; x_wconf 85' lang='grc' dir='ltr'>ρισθείσαι</span> <span class='ocrx_word' id='word_1_646' title='bbox 2481 3105 2742 3178; x_wconf 75' lang='grc' dir='ltr'>αἱρέσεις,</span> <span class='ocrx_word' id='word_1_647' title='bbox 2769 3107 2848 3170; x_wconf 87' lang='grc' dir='ltr'><strong>εἱς</strong></span> <span class='ocrx_word' id='word_1_648' title='bbox 2881 3105 3052 3177; x_wconf 74' lang='grc' dir='ltr'>ὃνομα</span> <span class='ocrx_word' id='word_1_649' title='bbox 3081 3105 3321 3180; x_wconf 82' lang='grc' dir='ltr'>Χριστοῦ</span> <span class='ocrx_word' id='word_1_650' title='bbox 3355 3103 3665 3176; x_wconf 81' lang='grc' dir='ltr'>κληθεῖσαι,</span> <span class='ocrx_word' id='word_1_651' title='bbox 3690 3103 3757 3174; x_wconf 83' lang='grc' dir='ltr'>μὴ</span> 
     </span>
    </p>
   </div>
   <div class='ocr_carea' id='block_1_92' title="bbox 2177 3190 3757 3268">
    <p class='ocr_par' dir='ltr' id='par_1_92' title="bbox 2177 3190 3757 3268">
     <span class='ocr_line' id='line_1_92' title="bbox 2177 3190 3757 3268; baseline -0.001 -20"><span class='ocrx_word' id='word_1_652' title='bbox 2177 3190 2334 3249; x_wconf 71' lang='grc' dir='ltr'>οὖσαι</span> <span class='ocrx_word' id='word_1_653' title='bbox 2365 3194 2424 3249; x_wconf 81' lang='grc' dir='ltr'>δὲ</span> <span class='ocrx_word' id='word_1_654' title='bbox 2449 3195 2638 3260; x_wconf 80' lang='grc' dir='ltr'>αὐτοῦ,</span> <span class='ocrx_word' id='word_1_655' title='bbox 2659 3196 2775 3251; x_wconf 83' lang='grc' dir='ltr'>ἀλλ’</span> <span class='ocrx_word' id='word_1_656' title='bbox 2801 3197 2859 3250; x_wconf 85' lang='grc' dir='ltr'><strong>αἱ</strong></span> <span class='ocrx_word' id='word_1_657' title='bbox 2896 3197 2994 3268; x_wconf 84' lang='grc' dir='ltr'>μὲν</span> <span class='ocrx_word' id='word_1_658' title='bbox 3020 3196 3129 3250; x_wconf 81' lang='grc' dir='ltr'><strong>ἀπὸ</strong></span> <span class='ocrx_word' id='word_1_659' title='bbox 3154 3195 3391 3268; x_wconf 84' lang='grc' dir='ltr'>μήκοθεν</span> <span class='ocrx_word' id='word_1_660' title='bbox 3433 3194 3607 3249; x_wconf 80' lang='grc' dir='ltr'>αὐτοῦ</span> <span class='ocrx_word' id='word_1_661' title='bbox 3634 3194 3757 3248; x_wconf 79' lang='grc' dir='ltr'>πολὺ</span> 
     </span>
    </p>
   </div>
   <div class='ocr_carea' id='block_1_93' title="bbox 2175 3285 3760 3358">
    <p class='ocr_par' dir='ltr' id='par_1_93' title="bbox 2175 3285 3760 3358">
     <span class='ocr_line' id='line_1_93' title="bbox 2175 3285 3760 3358; baseline -0.001 -19"><span class='ocrx_word' id='word_1_662' title='bbox 2175 3285 2484 3351; x_wconf 85' lang='grc' dir='ltr'>διεστῶσαι,</span> <span class='ocrx_word' id='word_1_663' title='bbox 2512 3287 2644 3341; x_wconf 70' lang='grc' dir='ltr'>αἰδὲ</span> <span class='ocrx_word' id='word_1_664' title='bbox 2671 3287 2760 3341; x_wconf 84' lang='grc' dir='ltr'><strong>διά</strong></span> <span class='ocrx_word' id='word_1_665' title='bbox 2777 3305 2830 3341; x_wconf 86' lang='grc' dir='ltr'><strong>τι</strong></span> <span class='ocrx_word' id='word_1_666' title='bbox 2859 3287 3140 3358; x_wconf 72' lang='grc' dir='ltr'>ἐλάχιστον</span> <span class='ocrx_word' id='word_1_667' title='bbox 3161 3286 3648 3358; x_wconf 80' lang='grc' dir='ltr'>ἀποκληρανόμους</span> <span class='ocrx_word' id='word_1_668' title='bbox 3674 3285 3760 3337; x_wconf 75' lang='grc' dir='ltr'>καὶ</span> 
     </span>
    </p>
   </div>
   <div class='ocr_carea' id='block_1_94' title="bbox 2179 3373 3758 3448">
    <p class='ocr_par' dir='ltr' id='par_1_94' title="bbox 2179 3373 3758 3448">
     <span class='ocr_line' id='line_1_94' title="bbox 2179 3373 3758 3448; baseline -0.002 -20"><span class='ocrx_word' id='word_1_669' title='bbox 2179 3373 2338 3440; x_wconf 80' lang='grc' dir='ltr'>ξένας</span> <span class='ocrx_word' id='word_1_670' title='bbox 2389 3373 2554 3430; x_wconf 76' lang='grc' dir='ltr'>αὐτοῦ</span> <span class='ocrx_word' id='word_1_671' title='bbox 2612 3376 2815 3441; x_wconf 78' lang='grc' dir='ltr'>ἑαυτὰς</span> <span class='ocrx_word' id='word_1_672' title='bbox 2865 3377 3300 3448; x_wconf 73' lang='grc' dir='ltr'>καταστήσασαι,</span> <span class='ocrx_word' id='word_1_673' title='bbox 3347 3377 3443 3431; x_wconf 75' lang='grc' dir='ltr'>καὶ</span> <span class='ocrx_word' id='word_1_674' title='bbox 3474 3375 3544 3430; x_wconf 84' lang='grc' dir='ltr'><strong>τά</strong></span> <span class='ocrx_word' id='word_1_675' title='bbox 3585 3374 3758 3430; x_wconf 83' lang='grc' dir='ltr'>αὐτῶν</span> 
     </span>
    </p>
   </div>
   <div class='ocr_carea' id='block_1_95' title="bbox 2177 3466 3756 3539">
    <p class='ocr_par' dir='ltr' id='par_1_95' title="bbox 2177 3466 3756 3539">
     <span class='ocr_line' id='line_1_95' title="bbox 2177 3466 3756 3539; baseline 0 -20"><span class='ocrx_word' id='word_1_676' title='bbox 2177 3466 2344 3521; x_wconf 78' lang='grc' dir='ltr'>τέκνα</span> <span class='ocrx_word' id='word_1_677' title='bbox 2375 3466 2484 3520; x_wconf 89' lang='grc' dir='ltr'><strong>τῶν</strong></span> <span class='ocrx_word' id='word_1_678' title='bbox 2509 3468 2610 3522; x_wconf 81' lang='grc' dir='ltr'>οὐκ</span> <span class='ocrx_word' id='word_1_679' title='bbox 2645 3469 2822 3523; x_wconf 73' lang='grc' dir='ltr'>οὐσῶν</span> <span class='ocrx_word' id='word_1_680' title='bbox 2871 3468 3176 3539; x_wconf 74' lang='grc' dir='ltr'>ὲνθέσμων,</span> <span class='ocrx_word' id='word_1_681' title='bbox 3207 3466 3312 3533; x_wconf 74' lang='grc' dir='ltr'><strong>ἔξω</strong></span> <span class='ocrx_word' id='word_1_682' title='bbox 3342 3468 3401 3522; x_wconf 78' lang='grc' dir='ltr'>δὲ</span> <span class='ocrx_word' id='word_1_683' title='bbox 3431 3466 3756 3538; x_wconf 76' lang='grc' dir='ltr'>βεδηκυιῶν,</span> 
     </span>
    </p>
   </div>
   <div class='ocr_carea' id='block_1_96' title="bbox 2181 3558 3761 3633">
    <p class='ocr_par' dir='ltr' id='par_1_96' title="bbox 2181 3558 3761 3633">
     <span class='ocr_line' id='line_1_96' title="bbox 2181 3558 3761 3633; baseline 0 -22"><span class='ocrx_word' id='word_1_684' title='bbox 2181 3559 2343 3630; x_wconf 85' lang='grc' dir='ltr'>μόνον</span> <span class='ocrx_word' id='word_1_685' title='bbox 2374 3559 2431 3614; x_wconf 70' lang='grc' dir='ltr'>δὲ</span> <span class='ocrx_word' id='word_1_686' title='bbox 2485 3559 2546 3613; x_wconf 79' lang='grc' dir='ltr'>τὸ</span> <span class='ocrx_word' id='word_1_687' title='bbox 2586 3559 2757 3632; x_wconf 75' lang='grc' dir='ltr'>ὄνομα</span> <span class='ocrx_word' id='word_1_688' title='bbox 2813 3561 3264 3633; x_wconf 79' lang='grc' dir='ltr'>ἑπικεκλημένων</span> <span class='ocrx_word' id='word_1_689' title='bbox 3304 3558 3582 3632; x_wconf 78' lang='grc' dir='ltr'>Χριστοῦο</span> <span class='ocrx_word' id='word_1_690' title='bbox 3611 3575 3761 3630; x_wconf 82' lang='grc' dir='ltr'>περι-</span> 
     </span>
    </p>
   </div>
   <div class='ocr_carea' id='block_1_97' title="bbox 2178 3651 3759 3726">
    <p class='ocr_par' dir='ltr' id='par_1_97' title="bbox 2178 3651 3759 3726">
     <span class='ocr_line' id='line_1_97' title="bbox 2178 3651 3759 3726; baseline 0.003 -22"><span class='ocrx_word' id='word_1_691' title='bbox 2178 3651 2528 3722; x_wconf 78' lang='grc' dir='ltr'>λειφθήσεται</span> <span class='ocrx_word' id='word_1_692' title='bbox 2556 3654 2745 3725; x_wconf 84' lang='grc' dir='ltr'><strong>ήμτνή</strong></span> <span class='ocrx_word' id='word_1_693' title='bbox 2781 3656 2910 3726; x_wconf 85' lang='grc' dir='ltr'><strong>περὶ</strong></span> <span class='ocrx_word' id='word_1_694' title='bbox 2956 3653 3216 3725; x_wconf 80' lang='grc' dir='ltr'>ἀληθείας</span> <span class='ocrx_word' id='word_1_695' title='bbox 3263 3651 3560 3719; x_wconf 77' lang='grc' dir='ltr'>ἀπόδειξις,</span> <span class='ocrx_word' id='word_1_696' title='bbox 3593 3651 3759 3721; x_wconf 82' lang='grc' dir='ltr'>αὐτῆς</span> 
     </span>
    </p>
   </div>
   <div class='ocr_carea' id='block_1_98' title="bbox 2177 3742 3758 3818">
    <p class='ocr_par' dir='ltr' id='par_1_98' title="bbox 2177 3742 3758 3818">
     <span class='ocr_line' id='line_1_98' title="bbox 2177 3742 3758 3818; baseline 0 -22"><span class='ocrx_word' id='word_1_697' title='bbox 2177 3759 2238 3796; x_wconf 83' lang='grc' dir='ltr'><strong>τε</strong></span> <span class='ocrx_word' id='word_1_698' title='bbox 2279 3743 2378 3815; x_wconf 82' lang='grc' dir='ltr'>τῆς</span> <span class='ocrx_word' id='word_1_699' title='bbox 2425 3747 2752 3817; x_wconf 80' lang='grc' dir='ltr'>περιστερᾶς</span> <span class='ocrx_word' id='word_1_700' title='bbox 2791 3745 2893 3817; x_wconf 80' lang='grc' dir='ltr'>τῆς</span> <span class='ocrx_word' id='word_1_701' title='bbox 2923 3745 3239 3818; x_wconf 88' lang='grc' dir='ltr'>μονωτάτης</span> <span class='ocrx_word' id='word_1_702' title='bbox 3257 3744 3364 3798; x_wconf 77' lang='grc' dir='ltr'>ὑπὸ</span> <span class='ocrx_word' id='word_1_703' title='bbox 3387 3742 3484 3799; x_wconf 89' lang='grc' dir='ltr'><strong>τοῦ</strong></span> <span class='ocrx_word' id='word_1_704' title='bbox 3523 3745 3758 3816; x_wconf 79' lang='grc' dir='ltr'>νυμφίου</span> 
     </span>
    </p>
   </div>
   <div class='ocr_carea' id='block_1_99' title="bbox 2179 3834 2594 3907">
    <p class='ocr_par' dir='ltr' id='par_1_99' title="bbox 2179 3834 2594 3907">
     <span class='ocr_line' id='line_1_99' title="bbox 2179 3834 2594 3907; baseline 0.005 -21"><span class='ocrx_word' id='word_1_705' title='bbox 2179 3834 2594 3907; x_wconf 75' lang='grc' dir='ltr'>ἐπαινουμένης.</span> 
     </span>
    </p>
   </div>
   <div class='ocr_carea' id='block_1_100' title="bbox 2249 4100 3758 4172">
    <p class='ocr_par' dir='ltr' id='par_1_100' title="bbox 2249 4100 3758 4172">
     <span class='ocr_line' id='line_1_100' title="bbox 2249 4100 3758 4172; baseline 0 -18"><span class='ocrx_word' id='word_1_706' title='bbox 2249 4102 2350 4156; x_wconf 77' lang='grc' dir='ltr'><strong>1Α⁹.</strong></span> <span class='ocrx_word' id='word_1_707' title='bbox 2385 4102 2495 4155; x_wconf 75' lang='grc' dir='ltr'><strong>Καὶ</strong></span> <span class='ocrx_word' id='word_1_708' title='bbox 2523 4104 2580 4155; x_wconf 84' lang='grc' dir='ltr'>ὲν</span> <span class='ocrx_word' id='word_1_709' title='bbox 2629 4101 2794 4172; x_wconf 83' lang='grc' dir='ltr'>σχολῇ</span> <span class='ocrx_word' id='word_1_710' title='bbox 2826 4101 2984 4172; x_wconf 80' lang='grc' dir='ltr'>ἡμῶν</span> <span class='ocrx_word' id='word_1_711' title='bbox 3026 4101 3370 4172; x_wconf 84' lang='grc' dir='ltr'>γενομένων,</span> <span class='ocrx_word' id='word_1_712' title='bbox 3411 4101 3508 4155; x_wconf 75' lang='grc' dir='ltr'>καὶ</span> <span class='ocrx_word' id='word_1_713' title='bbox 3553 4100 3758 4171; x_wconf 75' lang='grc' dir='ltr'>σφόδρα</span> 
     </span>
    </p>
   </div>
   <div class='ocr_carea' id='block_1_101' title="bbox 2183 4192 3758 4264">
    <p class='ocr_par' dir='ltr' id='par_1_101' title="bbox 2183 4192 3758 4264">
     <span class='ocr_line' id='line_1_101' title="bbox 2183 4192 3758 4264; baseline 0.002 -20"><span class='ocrx_word' id='word_1_714' title='bbox 2183 4192 2574 4247; x_wconf 84' lang='grc' dir='ltr'>ἱκετευσάντων</span> <span class='ocrx_word' id='word_1_715' title='bbox 2605 4192 2760 4256; x_wconf 82' lang='grc' dir='ltr'>Θεὸν,</span> <span class='ocrx_word' id='word_1_716' title='bbox 2783 4192 3045 4264; x_wconf 84' lang='grc' dir='ltr'>σύντομον</span> <span class='ocrx_word' id='word_1_717' title='bbox 3066 4194 3164 4264; x_wconf 83' lang='grc' dir='ltr'>μὲν</span> <span class='ocrx_word' id='word_1_718' title='bbox 3184 4196 3249 4264; x_wconf 84' lang='grc' dir='ltr'>τῇ</span> <span class='ocrx_word' id='word_1_719' title='bbox 3272 4193 3516 4264; x_wconf 80' lang='grc' dir='ltr'>διαλογῇ,</span> <span class='ocrx_word' id='word_1_720' title='bbox 3539 4192 3758 4263; x_wconf 70' lang='grc' dir='ltr'>ἀσφαλῆ</span> 
     </span>
    </p>
   </div>
   <div class='ocr_carea' id='block_1_102' title="bbox 2177 4283 3757 4356">
    <p class='ocr_par' dir='ltr' id='par_1_102' title="bbox 2177 4283 3757 4356">
     <span class='ocr_line' id='line_1_102' title="bbox 2177 4283 3757 4356; baseline -0.001 -19"><span class='ocrx_word' id='word_1_721' title='bbox 2177 4285 2232 4337; x_wconf 84' lang='grc' dir='ltr'>δὲ</span> <span class='ocrx_word' id='word_1_722' title='bbox 2257 4287 2324 4356; x_wconf 86' lang='grc' dir='ltr'>τῇ</span> <span class='ocrx_word' id='word_1_723' title='bbox 2358 4284 2649 4356; x_wconf 77' lang='grc' dir='ltr'>παραδόσει</span> <span class='ocrx_word' id='word_1_724' title='bbox 2681 4284 2776 4337; x_wconf 73' lang='grc' dir='ltr'>καὶ</span> <span class='ocrx_word' id='word_1_725' title='bbox 2808 4283 2949 4356; x_wconf 84' lang='grc' dir='ltr'>ὑπὲρ</span> <span class='ocrx_word' id='word_1_726' title='bbox 2982 4283 3235 4355; x_wconf 82' lang='grc' dir='ltr'>ἀληθείας</span> <span class='ocrx_word' id='word_1_727' title='bbox 3263 4284 3558 4352; x_wconf 86' lang='grc' dir='ltr'>ἀπολογίαν</span> <span class='ocrx_word' id='word_1_728' title='bbox 3588 4285 3649 4337; x_wconf 81' lang='grc' dir='ltr'>ὲν</span> <span class='ocrx_word' id='word_1_729' title='bbox 3683 4284 3757 4353; x_wconf 80' lang='grc' dir='ltr'>τῷ</span> 
     </span>
    </p>
   </div>
   <div class='ocr_carea' id='block_1_103' title="bbox 2178 4375 3756 4448">
    <p class='ocr_par' dir='ltr' id='par_1_103' title="bbox 2178 4375 3756 4448">
     <span class='ocr_line' id='line_1_103' title="bbox 2178 4375 3756 4448; baseline 0 -18"><span class='ocrx_word' id='word_1_730' title='bbox 2178 4377 2304 4448; x_wconf 77' lang='grc' dir='ltr'><strong>ἑξῆς</strong></span> <span class='ocrx_word' id='word_1_731' title='bbox 2359 4375 2722 4448; x_wconf 68' lang='grc' dir='ltr'>ποιησόμεθα,</span> <span class='ocrx_word' id='word_1_732' title='bbox 2765 4375 2866 4430; x_wconf 75' lang='grc' dir='ltr'>οὐκ</span> <span class='ocrx_word' id='word_1_733' title='bbox 2920 4375 3087 4446; x_wconf 80' lang='grc' dir='ltr'>αὐτῆς</span> <span class='ocrx_word' id='word_1_734' title='bbox 3137 4377 3370 4448; x_wconf 84' lang='grc' dir='ltr'>ὑστέρας</span> <span class='ocrx_word' id='word_1_735' title='bbox 3395 4375 3581 4448; x_wconf 76' lang='grc' dir='ltr'>οὔσης,</span> <span class='ocrx_word' id='word_1_736' title='bbox 3625 4375 3756 4430; x_wconf 73' lang='grc' dir='ltr'>ἀλλὰ</span> 
     </span>
    </p>
   </div>
   <div class='ocr_carea' id='block_1_104' title="bbox 2109 4467 3753 4564">
    <p class='ocr_par' dir='ltr' id='par_1_104' title="bbox 2109 4467 3753 4564">
     <span class='ocr_line' id='line_1_104' title="bbox 2109 4467 3753 4564; baseline 0.001 -43"><span class='ocrx_word' id='word_1_737' title='bbox 2109 4509 2152 4564; x_wconf 73' lang='lat' dir='ltr'><strong>D</strong></span> <span class='ocrx_word' id='word_1_738' title='bbox 2180 4467 2424 4564; x_wconf 79' lang='grc' dir='ltr'>πρώτης.</span> <span class='ocrx_word' id='word_1_739' title='bbox 2478 4467 2588 4521; x_wconf 73' lang='grc' dir='ltr'><strong>Καὶ</strong></span> <span class='ocrx_word' id='word_1_740' title='bbox 2630 4468 2732 4539; x_wconf 68' lang='grc' dir='ltr'>ήδη</span> <span class='ocrx_word' id='word_1_741' title='bbox 2765 4468 2825 4522; x_wconf 80' lang='grc' dir='ltr'>δὲ</span> <span class='ocrx_word' id='word_1_742' title='bbox 2849 4468 2948 4539; x_wconf 85' lang='grc' dir='ltr'>τῆς</span> <span class='ocrx_word' id='word_1_743' title='bbox 2982 4469 3088 4542; x_wconf 80' lang='grc' dir='ltr'><strong>πρὸ</strong></span> <span class='ocrx_word' id='word_1_744' title='bbox 3127 4469 3236 4522; x_wconf 89' lang='grc' dir='ltr'><strong>τῶν</strong></span> <span class='ocrx_word' id='word_1_745' title='bbox 3273 4469 3541 4540; x_wconf 86' lang='grc' dir='ltr'>αἱρέσεων</span> <span class='ocrx_word' id='word_1_746' title='bbox 3585 4472 3644 4523; x_wconf 78' lang='grc' dir='ltr'>ὲν</span> <span class='ocrx_word' id='word_1_747' title='bbox 3691 4471 3753 4539; x_wconf 75' lang='grc' dir='ltr'>τῇ</span> 
     </span>
    </p>
   </div>
   <div class='ocr_carea' id='block_1_105' title="bbox 2177 4557 3757 4632">
    <p class='ocr_par' dir='ltr' id='par_1_105' title="bbox 2177 4557 3757 4632">
     <span class='ocr_line' id='line_1_105' title="bbox 2177 4557 3757 4632; baseline 0.001 -21"><span class='ocrx_word' id='word_1_748' title='bbox 2177 4557 2406 4629; x_wconf 78' lang='grc' dir='ltr'>ὲνδημίᾳ</span> <span class='ocrx_word' id='word_1_749' title='bbox 2433 4559 2669 4630; x_wconf 86' lang='grc' dir='ltr'>Χριστοῦ</span> <span class='ocrx_word' id='word_1_750' title='bbox 2700 4560 2960 4614; x_wconf 83' lang='grc' dir='ltr'>ἀνωτάτω</span> <span class='ocrx_word' id='word_1_751' title='bbox 2982 4561 3112 4632; x_wconf 84' lang='grc' dir='ltr'>ἡμῖν</span> <span class='ocrx_word' id='word_1_752' title='bbox 3133 4561 3600 4632; x_wconf 82' lang='grc' dir='ltr'>ὕπομνησθείσης,</span> <span class='ocrx_word' id='word_1_753' title='bbox 3627 4562 3648 4592; x_wconf 79' lang='lat'><strong>&#39;</strong></span> <span class='ocrx_word' id='word_1_754' title='bbox 3664 4559 3757 4614; x_wconf 89' lang='grc' dir='ltr'><strong>νῦν</strong></span> 
     </span>
    </p>
   </div>
   <div class='ocr_carea' id='block_1_106' title="bbox 2174 4646 3756 4728">
    <p class='ocr_par' dir='ltr' id='par_1_106' title="bbox 2174 4646 3756 4728">
     <span class='ocr_line' id='line_1_106' title="bbox 2174 4646 3756 4728; baseline 0.005 -26"><span class='ocrx_word' id='word_1_755' title='bbox 2174 4648 2231 4702; x_wconf 73' lang='grc' dir='ltr'>δὲ</span> <span class='ocrx_word' id='word_1_756' title='bbox 2295 4649 2518 4721; x_wconf 87' lang='grc' dir='ltr'>πρώτην</span> <span class='ocrx_word' id='word_1_757' title='bbox 2559 4646 2746 4715; x_wconf 78' lang='grc' dir='ltr'>οὖσαν,</span> <span class='ocrx_word' id='word_1_758' title='bbox 2796 4652 2891 4705; x_wconf 80' lang='grc' dir='ltr'>καὶ</span> <span class='ocrx_word' id='word_1_759' title='bbox 2935 4653 3156 4725; x_wconf 83' lang='grc' dir='ltr'>Χριστῷ</span> <span class='ocrx_word' id='word_1_760' title='bbox 3206 4655 3559 4728; x_wconf 81' lang='grc' dir='ltr'>συνημμένην</span> <span class='ocrx_word' id='word_1_761' title='bbox 3595 4657 3756 4725; x_wconf 88' lang='grc' dir='ltr'>ἀγίαν</span> 
     </span>
    </p>
   </div>
   <div class='ocr_carea' id='block_1_107' title="bbox 2175 4740 3755 4821">
    <p class='ocr_par' dir='ltr' id='par_1_107' title="bbox 2175 4740 3755 4821">
     <span class='ocr_line' id='line_1_107' title="bbox 2175 4740 3755 4821; baseline 0.005 -29"><span class='ocrx_word' id='word_1_762' title='bbox 2175 4740 2394 4813; x_wconf 82' lang='grc' dir='ltr'>νύμφην</span> <span class='ocrx_word' id='word_1_763' title='bbox 2450 4742 2562 4796; x_wconf 76' lang='grc' dir='ltr'><strong>ἀπὸ</strong></span> <span class='ocrx_word' id='word_1_764' title='bbox 2613 4747 2713 4816; x_wconf 78' lang='grc' dir='ltr'>τῆς</span> <span class='ocrx_word' id='word_1_765' title='bbox 2765 4746 3032 4818; x_wconf 77' lang='grc' dir='ltr'>ένσάρκου</span> <span class='ocrx_word' id='word_1_766' title='bbox 3085 4745 3248 4800; x_wconf 82' lang='grc' dir='ltr'>αὐτοῦ</span> <span class='ocrx_word' id='word_1_767' title='bbox 3275 4747 3606 4818; x_wconf 84' lang='grc' dir='ltr'>παρουσίας,</span> <span class='ocrx_word' id='word_1_768' title='bbox 3640 4747 3755 4821; x_wconf 74' lang='grc' dir='ltr'>[καὶ</span> 
     </span>
    </p>
   </div>
   <div class='ocr_carea' id='block_1_108' title="bbox 2175 4832 3757 4912">
    <p class='ocr_par' dir='ltr' id='par_1_108' title="bbox 2175 4832 3757 4912">
     <span class='ocr_line' id='line_1_108' title="bbox 2175 4832 3757 4912; baseline 0.004 -26"><span class='ocrx_word' id='word_1_769' title='bbox 2175 4832 2237 4886; x_wconf 82' lang='grc' dir='ltr'>τὸ</span> <span class='ocrx_word' id='word_1_770' title='bbox 2281 4833 2377 4904; x_wconf 85' lang='grc' dir='ltr'>τῆς</span> <span class='ocrx_word' id='word_1_771' title='bbox 2420 4833 2584 4890; x_wconf 80' lang='grc' dir='ltr'>αὐτοῦ</span> <span class='ocrx_word' id='word_1_772' title='bbox 2632 4839 2980 4912; x_wconf 81' lang='grc' dir='ltr'>παρουσίας,]</span> <span class='ocrx_word' id='word_1_773' title='bbox 3031 4839 3154 4910; x_wconf 75' lang='grc' dir='ltr'>ἥτις</span> <span class='ocrx_word' id='word_1_774' title='bbox 3183 4839 3301 4893; x_wconf 72' lang='grc' dir='ltr'>ἐστὶ</span> <span class='ocrx_word' id='word_1_775' title='bbox 3339 4839 3438 4892; x_wconf 82' lang='grc' dir='ltr'>σὺν</span> <span class='ocrx_word' id='word_1_776' title='bbox 3464 4838 3545 4911; x_wconf 82' lang='grc' dir='ltr'><strong>τῷ</strong></span> <span class='ocrx_word' id='word_1_777' title='bbox 3585 4838 3757 4909; x_wconf 80' lang='grc' dir='ltr'>’Δδάμ</span> 
     </span>
    </p>
   </div>
   <div class='ocr_carea' id='block_1_109' title="bbox 2179 4922 3754 5002">
    <p class='ocr_par' dir='ltr' id='par_1_109' title="bbox 2179 4922 3754 5002">
     <span class='ocr_line' id='line_1_109' title="bbox 2179 4922 3754 5002; baseline 0.006 -26"><span class='ocrx_word' id='word_1_778' title='bbox 2179 4922 2556 4997; x_wconf 86' lang='grc' dir='ltr'>πεπλασμένη,</span> <span class='ocrx_word' id='word_1_779' title='bbox 2585 4928 2681 4981; x_wconf 76' lang='grc' dir='ltr'>καὶ</span> <span class='ocrx_word' id='word_1_780' title='bbox 2712 4931 2770 4982; x_wconf 85' lang='grc' dir='ltr'><strong>έν</strong></span> <span class='ocrx_word' id='word_1_781' title='bbox 2802 4933 2916 4994; x_wconf 80' lang='grc' dir='ltr'>τοῖς</span> <span class='ocrx_word' id='word_1_782' title='bbox 2947 4931 3054 5002; x_wconf 74' lang='grc' dir='ltr'>πρὸ</span> <span class='ocrx_word' id='word_1_783' title='bbox 3081 4929 3175 4984; x_wconf 86' lang='grc' dir='ltr'><strong>τοῦ</strong></span> <span class='ocrx_word' id='word_1_784' title='bbox 3202 4930 3451 5002; x_wconf 75' lang='grc' dir='ltr'>Ἀϐραὰμ</span> <span class='ocrx_word' id='word_1_785' title='bbox 3482 4929 3754 5002; x_wconf 82' lang='grc' dir='ltr'>πατριάρ-</span> 
     </span>
    </p>
   </div>
   <div class='ocr_carea' id='block_1_110' title="bbox 2176 5020 3755 5096">
    <p class='ocr_par' dir='ltr' id='par_1_110' title="bbox 2176 5020 3755 5096">
     <span class='ocr_line' id='line_1_110' title="bbox 2176 5020 3755 5096; baseline -0.003 -17"><span class='ocrx_word' id='word_1_786' title='bbox 2176 5032 2298 5084; x_wconf 81' lang='grc' dir='ltr'>χαις</span> <span class='ocrx_word' id='word_1_787' title='bbox 2329 5020 2741 5092; x_wconf 81' lang='grc' dir='ltr'>κεκηρυγμένη,</span> <span class='ocrx_word' id='word_1_788' title='bbox 2763 5023 2858 5075; x_wconf 78' lang='grc' dir='ltr'>καὶ</span> <span class='ocrx_word' id='word_1_789' title='bbox 2890 5023 3028 5094; x_wconf 85' lang='grc' dir='ltr'><strong>μετά</strong></span> <span class='ocrx_word' id='word_1_790' title='bbox 3053 5022 3149 5077; x_wconf 90' lang='grc' dir='ltr'><strong>τοῦ</strong></span> <span class='ocrx_word' id='word_1_791' title='bbox 3188 5023 3438 5096; x_wconf 76' lang='grc' dir='ltr'>’Δὸραάμ</span> <span class='ocrx_word' id='word_1_792' title='bbox 3459 5040 3755 5077; x_wconf 85' lang='grc' dir='ltr'>πεπιστευ-</span> 
     </span>
    </p>
   </div>
   <div class='ocr_carea' id='block_1_111' title="bbox 2180 5106 3755 5184">
    <p class='ocr_par' dir='ltr' id='par_1_111' title="bbox 2180 5106 3755 5184">
     <span class='ocr_line' id='line_1_111' title="bbox 2180 5106 3755 5184; baseline 0.001 -21"><span class='ocrx_word' id='word_1_793' title='bbox 2180 5106 2338 5178; x_wconf 83' lang='grc' dir='ltr'>μένη,</span> <span class='ocrx_word' id='word_1_794' title='bbox 2384 5108 2481 5162; x_wconf 57' lang='grc' dir='ltr'><strong>καί⁸</strong></span> <span class='ocrx_word' id='word_1_795' title='bbox 2537 5110 2627 5165; x_wconf 60' lang='lat' dir='ltr'><strong>asa</strong></span> <span class='ocrx_word' id='word_1_796' title='bbox 2679 5113 2958 5176; x_wconf 80' lang='grc' dir='ltr'>Μωῦσέως</span> <span class='ocrx_word' id='word_1_797' title='bbox 3021 5114 3492 5184; x_wconf 80' lang='grc' dir='ltr'>ἀποκαλυφθείσι,</span> <span class='ocrx_word' id='word_1_798' title='bbox 3541 5115 3636 5168; x_wconf 80' lang='grc' dir='ltr'>καὶ</span> <span class='ocrx_word' id='word_1_799' title='bbox 3697 5114 3755 5165; x_wconf 74' lang='grc' dir='ltr'>ὲν</span> 
     </span>
    </p>
   </div>
   <div class='ocr_carea' id='block_1_112' title="bbox 2189 5197 3751 5279">
    <p class='ocr_par' dir='ltr' id='par_1_112' title="bbox 2189 5197 3751 5279">
     <span class='ocr_line' id='line_1_112' title="bbox 2189 5197 3751 5279; baseline 0.008 -28"><span class='ocrx_word' id='word_1_800' title='bbox 2189 5197 2388 5272; x_wconf 77' lang='grc' dir='ltr'>Ἡσαΐᾳ</span> <span class='ocrx_word' id='word_1_801' title='bbox 2416 5205 2891 5278; x_wconf 80' lang='grc' dir='ltr'>προφητευομένη,</span> <span class='ocrx_word' id='word_1_802' title='bbox 2929 5209 2988 5261; x_wconf 85' lang='grc' dir='ltr'>ὲν</span> <span class='ocrx_word' id='word_1_803' title='bbox 3020 5207 3242 5279; x_wconf 82' lang='grc' dir='ltr'>Χριστῷ</span> <span class='ocrx_word' id='word_1_804' title='bbox 3272 5207 3330 5260; x_wconf 82' lang='grc' dir='ltr'>δὲ</span> <span class='ocrx_word' id='word_1_805' title='bbox 3357 5205 3751 5277; x_wconf 63' lang='grc' dir='ltr'>ἀναδειχθήσα.</span> 
     </span>
    </p>
   </div>
   <div class='ocr_carea' id='block_1_113' title="bbox 2178 5292 3754 5375">
    <p class='ocr_par' dir='ltr' id='par_1_113' title="bbox 2178 5292 3754 5375">
     <span class='ocr_line' id='line_1_113' title="bbox 2178 5292 3754 5375; baseline 0.005 -30"><span class='ocrx_word' id='word_1_806' title='bbox 2178 5292 2272 5347; x_wconf 74' lang='grc' dir='ltr'><strong>καὶ</strong></span> <span class='ocrx_word' id='word_1_807' title='bbox 2297 5294 2393 5348; x_wconf 82' lang='grc' dir='ltr'>σὺν</span> <span class='ocrx_word' id='word_1_808' title='bbox 2443 5295 2663 5369; x_wconf 82' lang='grc' dir='ltr'>Χριστῷ</span> <span class='ocrx_word' id='word_1_809' title='bbox 2698 5300 3038 5372; x_wconf 82' lang='grc' dir='ltr'>ὑπάρχουσα,</span> <span class='ocrx_word' id='word_1_810' title='bbox 3066 5304 3124 5356; x_wconf 69' lang='lat' dir='ltr'><strong>iv</strong></span> <span class='ocrx_word' id='word_1_811' title='bbox 3153 5303 3366 5375; x_wconf 77' lang='grc' dir='ltr'>ὑστέρῳ</span> <span class='ocrx_word' id='word_1_812' title='bbox 3393 5303 3452 5356; x_wconf 82' lang='grc' dir='ltr'>δὲ</span> <span class='ocrx_word' id='word_1_813' title='bbox 3480 5302 3572 5372; x_wconf 81' lang='grc' dir='ltr'><strong>ὑφ’</strong></span> <span class='ocrx_word' id='word_1_814' title='bbox 3600 5301 3754 5372; x_wconf 73' lang='grc' dir='ltr'>ἡμῶν</span> 
     </span>
    </p>
   </div>
   <div class='ocr_carea' id='block_1_114' title="bbox 2175 5383 3752 5465">
    <p class='ocr_par' dir='ltr' id='par_1_114' title="bbox 2175 5383 3752 5465">
     <span class='ocr_line' id='line_1_114' title="bbox 2175 5383 3752 5465; baseline 0.008 -31"><span class='ocrx_word' id='word_1_815' title='bbox 2175 5383 2650 5460; x_wconf 77' lang='grc' dir='ltr'>ὲγκωμιαζομένη.</span> <span class='ocrx_word' id='word_1_816' title='bbox 2707 5392 2800 5443; x_wconf 87' lang='grc' dir='ltr'><strong>Δεῖ</strong></span> <span class='ocrx_word' id='word_1_817' title='bbox 2825 5392 2934 5463; x_wconf 83' lang='grc' dir='ltr'>γὰρ</span> <span class='ocrx_word' id='word_1_818' title='bbox 2978 5393 3067 5446; x_wconf 82' lang='grc' dir='ltr'>τὸν</span> <span class='ocrx_word' id='word_1_819' title='bbox 3099 5393 3498 5464; x_wconf 78' lang='grc' dir='ltr'>ἀγωνιζόμενον</span> <span class='ocrx_word' id='word_1_820' title='bbox 3538 5392 3752 5465; x_wconf 85' lang='grc' dir='ltr'>πρῶτον</span> 
     </span>
    </p>
   </div>
   <div class='ocr_carea' id='block_1_115' title="bbox 2173 5474 3753 5558">
    <p class='ocr_par' dir='ltr' id='par_1_115' title="bbox 2173 5474 3753 5558">
     <span class='ocr_line' id='line_1_115' title="bbox 2173 5474 3753 5558; baseline 0.011 -30"><span class='ocrx_word' id='word_1_821' title='bbox 2173 5474 2482 5533; x_wconf 71' lang='grc' dir='ltr'>ἐνίστασθαι</span> <span class='ocrx_word' id='word_1_822' title='bbox 2506 5479 2584 5552; x_wconf 85' lang='grc' dir='ltr'><strong>τῷ</strong></span> <span class='ocrx_word' id='word_1_823' title='bbox 2610 5481 2800 5550; x_wconf 86' lang='grc' dir='ltr'>ἀγῶνι,</span> <span class='ocrx_word' id='word_1_824' title='bbox 2831 5484 2909 5554; x_wconf 79' lang='grc' dir='ltr'>τῷ</span> <span class='ocrx_word' id='word_1_825' title='bbox 2936 5502 2996 5538; x_wconf 88' lang='grc' dir='ltr'><strong>τε</strong></span> <span class='ocrx_word' id='word_1_826' title='bbox 3030 5488 3261 5558; x_wconf 77' lang='grc' dir='ltr'>καμάτῳ</span> <span class='ocrx_word' id='word_1_827' title='bbox 3290 5487 3382 5540; x_wconf 81' lang='grc' dir='ltr'>καὶ</span> <span class='ocrx_word' id='word_1_828' title='bbox 3418 5489 3531 5550; x_wconf 77' lang='grc' dir='ltr'>τοῖς</span> <span class='ocrx_word' id='word_1_829' title='bbox 3576 5484 3753 5547; x_wconf 72' lang='grc' dir='ltr'>ἄλλοις</span> 
     </span>
    </p>
   </div>
   <div class='ocr_carea' id='block_1_116' title="bbox 2173 5569 3747 5655">
    <p class='ocr_par' dir='ltr' id='par_1_116' title="bbox 2173 5569 3747 5655">
     <span class='ocr_line' id='line_1_116' title="bbox 2173 5569 3747 5655; baseline 0.009 -33"><span class='ocrx_word' id='word_1_830' title='bbox 2173 5569 2267 5623; x_wconf 91' lang='grc' dir='ltr'><strong>τοῦ</strong></span> <span class='ocrx_word' id='word_1_831' title='bbox 2317 5570 2530 5640; x_wconf 85' lang='grc' dir='ltr'>ἀγῶνος</span> <span class='ocrx_word' id='word_1_832' title='bbox 2562 5574 2952 5649; x_wconf 86' lang='grc' dir='ltr'>παλαίσμασιν,</span> <span class='ocrx_word' id='word_1_833' title='bbox 3001 5580 3087 5635; x_wconf 82' lang='grc' dir='ltr'><strong>ίνα</strong></span> <span class='ocrx_word' id='word_1_834' title='bbox 3122 5580 3344 5652; x_wconf 82' lang='grc' dir='ltr'>ὕστερον</span> <span class='ocrx_word' id='word_1_835' title='bbox 3371 5583 3463 5638; x_wconf 82' lang='grc' dir='ltr'><strong>τὸν</strong></span> <span class='ocrx_word' id='word_1_836' title='bbox 3487 5582 3747 5655; x_wconf 76' lang='grc' dir='ltr'>στέφανον</span> 
     </span>
    </p>
   </div>
  </div>
