3986 6224
320 323 426 382 ’173

925 319 1297 378 ADVERSUS
1330 320 1674 378 IIIERESES
1706 320 1837 380 LIB.
1879 322 1967 379 Ill.
2003 297 2167 379 TOM.
2211 321 2277 379 ll.
2321 352 2384 366 ο·-
2429 322 2794 380 EXPOSITIO
2834 324 3036 383 FIDEI.

3490 327 3598 383 774

315 443 691 515 κομισάμενος
735 442 873 514 μετὰ
902 441 997 496 τοῦ
1034 442 1299 513 στεφάνου
1348 442 1406 496 ἐν
1448 442 1770 513 ἀγαλλιάσει
1797 443 1906 497 δια-

2015 444 2281 510 exerceri,
2316 451 2374 499 ut
2412 451 2602 513 postea
2636 458 2898 497 coronam
2933 443 3190 499 auferens
3211 443 3268 499 in
3300 444 3486 502 laatitia
3529 463 3594 502 ac

312 537 495 609 τελοίη
518 552 532 566 ·
590 537 652 589 οὐ
692 535 787 589 τοῦ
814 536 1080 605 στεφάνου
1121 534 1353 589 ὑστάτου
1398 536 1574 600 ὄντος,
1607 536 1743 591 ἀλλὰ
1772 553 1904 609 προ-

315 627 571 699 κειμένου
606 628 704 699 μὲν
745 628 844 699 τῆς
894 628 1094 700 πάλης,
1118 629 1344 703 ὕστερον
1384 632 1442 685 δὲ
1490 631 1769 703 διδομένου
1824 635 1903 698 είς

312 720 491 790 χαρὰν
546 719 640 772 καὶ
660 721 740 783 εἰς
774 719 1099 789 ἀγαλλίασιν
1140 721 1216 793 τῷ
1253 724 1575 795 κεκμηκότι.
1614 724 1799 779 Ταῦτα
1844 724 1902 779 δὲ

315 812 444 883 περὶ
476 811 680 865 τούτων
707 812 1010 883 εἰρηκότες,
1042 813 1134 866 ἐπὶ
1153 814 1278 878 τοὺς
1306 815 1735 887 προειρημένους
1763 834 1903 889 παρ-

316 902 560 975 έλθωμεν
614 904 829 972 λόγους,
872 902 1044 973 δεῖξαι
1096 906 1212 970 πῶς
1267 906 1597 980 ὀγδοήκοντα
1652 909 1750 979 μὲν
1781 910 1889 963 εἰσὶ

316 995 614 1061 παλλακαὶ,
638 996 678 1061 ξ’
707 997 764 1050 δὲ
791 995 1121 1067 βασίλισσαι,
1144 998 1259 1062 πῶς
1295 999 1395 1070 μία
1420 1002 1452 1073 ἡ
1480 1000 1769 1072 παρθένος,
1805 1002 1902 1057 καὶ

313 1087 476 1159 ἁγνὴ.
537 1088 631 1141 καὶ
660 1087 846 1157 νύμφη
891 1074 1051 1157 δμοῦ,
1099 1088 1195 1143 καὶ
1224 1091 1542 1163 περιστερὰ,
1570 1094 1662 1146 καὶ
1700 1094 1898 1165 ἀμνὰς,

318 1180 472 1243 πόλις
499 1179 556 1232 δὲ
607 1180 739 1248 ἁγία
786 1178 946 1243 Θεοῦ,
976 1181 1071 1234 καὶ
1099 1181 1306 1247 πίστις,
1340 1183 1439 1237 καὶ
1470 1183 1764 1255 ἑδραίωμα
1790 1184 1900 1254 τῆς

312 1272 622 1340 ἀληθείας.
654 1270 754 1326 καί
782 1271 969 1341 πέτρα
1009 1274 1254 1343 στερεά·
1280 1276 1371 1345 ἐφ’
1390 1271 1466 1347 ἧς
1519 1279 1704 1332 πύλαι
1750 1278 1899 1346 ᾅδου

313 1364 427 1417 οὐκ
453 1363 962 1432 ἀντισχύσουσιν.
1009 1362 1176 1434 Ὁμοῦ
1220 1364 1329 1438 γὰρ
1360 1367 1417 1418 ὲν
1457 1368 1590 1420 πᾶσι
1616 1367 1749 1421 Θεὸν
1781 1371 1900 1423 ἐπι-

317 1453 663 1524 καλούμενοι,
695 1456 789 1509 καὶ¹
809 1455 1290 1529 ἐπικαλεσάμενοι,
1322 1458 1584 1530 ἐτύχομεν
1609 1460 1708 1533 τῆς
1727 1463 1899 1531 ἐπαγ-

314 1546 503 1614 γελίας
550 1546 836 1619 πληρῶσαι
863 1546 961 1619 τὴν
988 1548 1301 1620 ὑπόσχεσιν,
1334 1549 1432 1623 τὴν
1459 1552 1601 1606 κατὰ
1631 1552 1898 1624 αἱρέσεων

315 1634 527 1700 πασῶν,
574 1636 755 1707 φημί·
799 1630 942 1711 ⁴ᾗτινι
989 1638 1294 1713 ἐπαγγελίᾳ
1343 1643 1439 1697 καὶ
1483 1642 1611 1716 ἄχρι
1655 1645 1755 1716 τῆς
1788 1646 1898 1699 τῶν

314 1727 711 1782 Μασσαλιανῶν
761 1729 1080 1801 ἐφθάσαμεν
1132 1734 1416 1806 αἱρέσεως.
1470 1737 1580 1790 Καὶ
1629 1736 1799 1809 αὐτὴν
1842 1738 1897 1791 δὲ

2009 540 2289 610 voluptate
2347 538 2528 609 degat.
2585 536 2645 590 In
2676 552 2785 607 quo
2835 535 3053 606 quidem
3096 552 3299 592 corona
3337 538 3453 609 ipsa
3485 556 3595 595 non

2007 641 2279 704 postrema
2310 632 2556 686 omnium
2584 638 2688 693 cst.
2721 629 2817 687 sed
2852 631 3011 686 lucta:
3058 644 3122 684 ac
3147 631 3431 685 certamini
3467 647 3595 703 pro-

2007 724 2206 796 posita,
2242 734 2521 794 postremo
2547 724 2597 777 ei
2622 722 2715 793 qui
2755 721 2809 775 in
2848 736 3068 776 arenam
3116 721 3482 786 descenderit,
3525 721 3593 776 ad

2004 816 2340 885 voluptatem
2390 812 2919 881 delectationemque
2973 812 3252 866 tribuitur.
3292 812 3425 879 Quae
3464 827 3591 867 cum

2005 907 2078 962 ita
2106 922 2166 962 se
2196 906 2455 973 habeant,
2499 904 2566 958 ad
2607 904 2915 960 institutum
2936 918 3244 959 sermonem
3264 904 3587 973 redeamus;

2005 1000 2168 1070 idque
2223 998 2664 1053 demonstremus
2709 997 2906 1067 ipsum,
2950 996 3226 1066 quomodo
3272 1013 3397 1052 cum
3432 1009 3587 1055 octo-

2002 1093 2153 1164 ginta
2183 1092 2403 1163 pelliccs
2435 1092 2544 1148 sint
2570 1106 2633 1145 ac
2679 1091 2965 1161 sexaginta
2997 1091 3218 1159 reginae,
3250 1091 3411 1148 unica
3439 1093 3592 1165 virgo

2002 1186 2076 1242 sit
2113 1193 2167 1240 et
2226 1193 2377 1240 casta
2430 1185 2730 1254 eademque
2783 1198 3011 1253 sponsa,
3057 1181 3305 1237 columba
3339 1222 3355 1248 ,
3426 1198 3587 1255 agna,

2000 1280 2192 1330 sancta
2223 1272 2316 1327 Dei
2338 1272 2552 1337 civitas,
2591 1272 3239 1342 fides,acﬁrmamentum
3280 1274 3515 1328 veritatis
3543 1274 3587 1336 ',

2002 1366 2161 1435 ﬁrma
2192 1373 2362 1433 petra,
2391 1375 2575 1419 contra
2620 1381 2775 1434 quant
2830 1373 2997 1434 porue
3048 1365 3207 1434 inferi
3242 1382 3344 1419 non
3378 1381 3589 1433 puera-

2002 1456 2246 1512 lebunt’.
2295 1456 2430 1511 Nam
2475 1457 2582 1511 huc
2623 1471 2798 1527 usque
2830 1455 3038 1522 divina,
3086 1473 3247 1529 quam
3281 1458 3591 1529 imploravi-

2002 1565 2148 1616 mus,
2181 1564 2283 1619 0pc
2311 1564 2375 1604 ac
2406 1549 2664 1620 prmsidio
2698 1548 2842 1615 freti,
2869 1549 2971 1605 hoc
3007 1552 3243 1606 assecuti
3280 1566 3494 1609 sumus.
3531 1560 3592 1605 ut

2001 1652 2313 1713 susceptam
2343 1658 2371 1695 a
2404 1642 2560 1698 nobis
2612 1643 2679 1698 de
2716 1642 2972 1697 omnibus
3000 1641 3306 1698 hteresibus
3331 1639 3586 1711 disputa-

2000 1736 2203 1789 tionem
2279 1735 2687 1790 absolveremus
2726 1754 2739 1790 :
2778 1750 2941 1806 quam
2999 1734 3067 1789 ad
3125 1733 3580 1789 Massalianorum

316 1818 840 1889 καταπεπατηκότες
894 1820 971 1891 τῷ
1020 1822 1329 1894 ὑποδήματι
1374 1823 1470 1877 τοῦ
1520 1826 1852 1895 Εύαγγελίου
1880 1866 1894 1892 ,

2012 1828 2233 1907 baeresin
2264 1842 2437 1896 usque
2468 1827 2841 1898 perduximus.
2886 1826 2998 1881 Hac
3034 1828 3217 1897 itaque
3256 1827 3401 1881 velut
3441 1841 3584 1895 quo-

314 1910 509 1980 ὥσπερ
528 1908 895 1979 χαμαιλέοντα
939 1911 1231 1966 πολύπουν·
1261 1914 1434 1985 ἀειδῆ,
1460 1914 1724 1988 ἄμορφον,
1765 1917 1898 1970 δυσ-

314 1998 507 2068 οδμίαν
551 1999 843 2063 πνέουσαν,
895 2002 954 2053 ὲν
1024 2004 1157 2055 πᾶσι
1211 2002 1331 2075 Θεῷ
1376 2004 1894 2078 εὐχαριστήσωμεν,

317 2087 539 2158 Πατέρα
563 2089 620 2141 ἐν
658 2089 793 2161 Υίῴ,
819 2090 946 2144 Υίόν
984 2092 1042 2145 ἐν
1088 2094 1284 2165 Πατρὶ,
1334 2095 1431 2149 σὺν
1454 2097 1595 2168 ἁγίῳ
1620 2099 1899 2170 Πνεύματι

316 2179 399 2244 είς
424 2180 550 2245 τοὺς
578 2180 781 2247 αίῶνας
814 2183 920 2237 τῶν
943 2182 1177 2239 αίώνων.
1227 2186 1418 2258 Ἀμήν.

403 2423 424 2457 ⁸
458 2421 478 2478 Ι
514 2424 654 2481 Tim.
683 2440 765 2493 Ill,
797 2427 885 2489 15.
959 2430 981 2459 ¹
1013 2426 1204 2484 Matth.
1243 2444 1354 2493 XVI,
1392 2428 1479 2483 18.

2006 1915 2131 1969 dam
2186 1914 2461 1988 Evangelii
2509 1918 2694 1973 calceo
2724 1918 3064 1988 proculcata,
3098 1915 3321 1987 perinde
3357 1931 3423 1969 ac
3461 1915 3586 1969 cha-

2008 2010 2293 2065 maaleonte
2323 2011 2639 2080 multipede,
2668 2011 2813 2082 turpi
2870 2025 2935 2064 ac
2978 2009 3232 2074 deformi,
3267 2016 3321 2063 et
3356 2010 3591 2079 graviter

2009 2100 2211 2166 olente,
2253 2101 2323 2155 ob
2365 2102 2481 2157 haec
2512 2103 2699 2157 omnia
2736 2102 2845 2157 Deo
2874 2100 3080 2171 gratias
3109 2115 3359 2171 agamus,
3399 2115 3463 2153 ac
3493 2098 3591 2151 Pa-

2011 2200 2149 2245 trem
2185 2192 2241 2246 in
2279 2191 2435 2258 Filio,
2470 2191 2666 2248 Filium
2715 2195 2770 2248 in
2799 2191 2960 2247 Patre
2995 2206 3120 2246 cum
3151 2200 3341 2247 sancto
3382 2190 3592 2262 Spiritu

2013 2281 2352 2338 celebremus
2387 2284 2440 2339 in
2467 2286 2669 2340 saecula
2702 2284 3048 2341 saeculorum.
3079 2281 3273 2337 Amen.

351 2625 3583 2659 ________________________________________________

1309 2785 1537 2872 ΤΟΥ
1587 2784 1927 2871 ΛΓΙΟΥ
1978 2786 2398 2872 ΕΠΙΦΑΝ
2421 2786 2610 2872 ΙΟΥ

1495 2966 1872 3021 ΣΥΝΤΟΜΟΣ
1907 2967 2187 3023 ΑΔΗΘΗΣ
2219 2967 2442 3021 ΛΟΓΟΣ

851 3126 1034 3177 ΠΕΡΙ
1061 3120 1376 3176 ΠΙΣΤΕΩΣ
1411 3122 1842 3175 ΚΛΘΟΛΙΚΗΣ
1872 3122 2001 3175 ΚΑΙ
2042 3120 2562 3177 ΑΙΙΟΣΤΟΛΙΚΠΣ
2612 3124 3064 3180 ΕΚΚΑΗΣΙΑΣ.

1368 3359 1790 3451 SANCTI
1871 3359 2513 3452 EPIPHANII

332 3566 631 3628 BBEVIS
683 3564 784 3625 AC
836 3563 1058 3624 VERA
1115 3560 1555 3623 EXPOSITIO
1604 3560 1823 3621 FIDE!
1889 3556 2376 3620 CATHOLIGZE
2423 3558 2525 3616 ET
2587 3552 3113 3617 APOSTOLICIE
3160 3552 3586 3616 ECCLESUE.

385 3751 482 3816 (Ex
505 3749 726 3802 editione
750 3750 884 3816 card.
910 3749 1180 3816 Tb_omasli,
1210 3745 1533 3816 Institutione!
1556 3746 1858 3816 tgeqfogicw,
1872 3753 1988 3816 part
2005 3761 2064 3816 _u,
2087 3748 2360 3816 _0pp._tom.
2389 3745 2470 3816 IX,
2500 3760 2546 3808 p.
2573 3746 2683 3816 3-58.
2710 3747 2985 3816 l_l_ecc_nsuit
3006 3741 3238 3816 notisque
3263 3746 3403 3793 auxit
3429 3742 3534 3791 An-

787 3814 950 3861 tonius
971 3806 1255 3878 Franciscus
1276 3812 1468 3862 Veuosi
1491 3811 1542 3861 C.
1571 3812 1628 3860 Β.
1652 3806 1818 3859 Κώεω
1842 3806 1981 3871 1769,
2002 3812 2052 3859 in
2078 3812 2119 3858 t.
2136 3806 2207 3847 '-'—
2224 3809 2375 3859 Notas
2393 3806 2543 3857 etiam
2570 3807 2760 3858 Petavii
2778 3806 3121 3869 subjecimus.)

397 4060 475 4115 A’.
501 4057 581 4111 Τὰ
618 4056 716 4128 μὲν
747 4055 996 4126 πολυειδῆ
1019 4054 1114 4107 καὶ
1143 4051 1456 4124 πολύτροπα
1484 4051 1580 4106 καὶ
1607 4050 1906 4123 πολυσχεδῆ

2089 4049 2364 4124 10781.
2406 4049 2769 4119 Posteaquam
2809 4044 2960 4101 varia
2982 4060 3044 4099 ac
3068 4044 3390 4114 multiplicia
3413 4057 3444 4098 e
3470 4058 3567 4114 pra
3584 4071 3599 4086 -

322 4152 435 4205 τῶν
466 4148 694 4205 σκολιῶν
725 4147 1106 4219 βουλευμάτων
1142 4146 1160 4177 ί
1202 4145 1311 4197 τῶν
1341 4142 1598 4197 ἐναντίων
1623 4142 1913 4197 διαλαὸόν⁴

324 4263 421 4308 τες
456 4242 706 4316 προπετῆ
745 4241 1050 4311 διδάγματα
1075 4277 1090 4301 ,
1123 4238 1216 4291 καὶ
1266 4236 1402 4308 πρὸς
1448 4226 1585 4297 εἶδος
1634 4236 1728 4287 καὶ
1758 4233 1915 4303 γένος

326 4337 626 4401 διελόντες,
665 4332 874 4406 φροῦδα
906 4334 1002 4385 καὶ
1034 4330 1177 4383 ἕωλα
1207 4328 1435 4397 δυνάμει
1469 4323 1603 4378 Θεοῦ
1633 4323 1917 4394 διηλέγξα-

333 4448 434 4502 μεν
468 4429 576 4499 (25)
598 4469 613 4493 ,
662 4427 754 4481 τόν
780 4442 838 4479 τε
872 4428 1092 4495 ἄπειρον
1118 4422 1207 4474 τὸν
1236 4420 1343 4474 ἀπὸ
1384 4418 1620 4487 ἑκάστης
1649 4417 1916 4487 αἱρέσεως

333 4520 693 4593 βλασφημιῶν
747 4518 842 4571 καὶ
884 4512 1277 4587 αἱσχρολογιῶν
1310 4512 1404 4565 καὶ
1432 4508 1780 4579 ἀηδεστάτων
1809 4507 1910 4560 αύ-

331 4616 442 4669 τῶν
484 4611 800 4683 μυστηρίων
845 4609 1089 4662 κλύδωνα
1119 4603 1539 4675 διανηξάμενοι,
1574 4600 1717 4672 μάλα
1764 4599 1914 4670 μόλις

335 4704 444 4759 τῶν
478 4702 810 4775 ζητημάτων
854 4700 1029 4769 πάντη
1064 4696 1451 4765 ἐπιλυσάμενοι
1473 4732 1487 4757 ,
1528 4694 1622 4746 καὶ
1659 4691 1756 4763 τὴν
1789 4692 1916 4744 τού-

335 4815 445 4852 των
500 4793 800 4867 μοχθηρίαν
835 4789 1275 4861 ὑπερὸεδηκότες
1304 4826 1320 4850 ,
1360 4786 1470 4847 τοῖς
1520 4782 1622 4853 τῆς
1659 4782 1917 4854 ἀληθείας

336 4887 616 4960 γαληνίοις
650 4883 1060 4954 ὲπλησιάσαμεν
1111 4878 1333 4952 χωρίοις
1356 4916 1372 4940 ,
1407 4875 1584 4929 πάντα
1615 4876 1714 4946 μὲν
1754 4874 1917 4927 τόπον

337 4979 700 5034 δυσθάλαττον
746 4975 1177 5045 διαπεράσαντες
1204 5013 1217 5035 ,
1267 4970 1361 5024 καὶ
1393 4970 1573 5020 πᾶσαν
1618 4967 1786 5038 ζάλην
1822 4966 1920 5019 καὶ

340 5070 616 5143 ἀφρισμόν
650 5070 744 5121 καὶ
784 5067 1044 5137 κυμάτων
1070 5064 1343 5133 κύρτωσιν
1370 5063 1391 5093 ³
1419 5060 1917 5130 ὑπομεμενηκότες,

343 5166 504 5220 σάλον
530 5165 608 5227 δὲ,
640 5164 715 5226 ὡς
746 5164 939 5224 εἰπεῖν,
969 5160 1064 5213 καὶ
1095 5158 1332 5226 ῐλιγγας,
1351 5154 1526 5227 βράχη
1558 5171 1617 5206 τε
1649 5153 1710 5206 ού
1732 5154 1800 5205 τά
1827 5170 1921 5204 τυ-

2011 4145 2094 4199 vis
2138 4150 2329 4198 exorta
2374 4140 2623 4196 consiliis
2675 4154 2740 4193 ac
2787 4137 3074 4194 temeraria
3125 4135 3471 4190 inimicorum
3506 4134 3599 4189 do-

2012 4244 2195 4306 gmata
2229 4232 2601 4304 disputatione
2633 4237 2822 4286 nostra
2856 4227 3125 4299 complexi
3157 4234 3372 4293 sumus,
3419 4234 3473 4280 et
3504 4240 3599 4295 per

2013 4329 2220 4383 formas
2244 4339 2553 4399 generaque
2579 4323 2995 4387 distribuentes,
3025 4335 3190 4391 quam
3220 4333 3376 4375 cassa
3400 4326 3454 4373 et
3481 4319 3599 4372 ina—

2015 4422 2104 4475 nia
2137 4418 2317 4475 forent
2346 4417 2440 4472 Dei
2468 4417 2667 4471 virtute
2695 4412 3075 4485 patefecimus,
3105 4420 3217 4466 tum
3246 4425 3377 4465 vero
3397 4424 3464 4463 ex
3496 4409 3598 4464 im.

2021 4511 2230 4567 mensis
2261 4511 2367 4566 illis
2400 4507 2833 4578 uniuscujusque
2859 4513 3023 4560 sectae
3051 4501 3507 4559 contumeliarum
3540 4500 3599 4555 in

2025 4604 2192 4660 Deum
2237 4619 2301 4657 ae
2350 4617 2548 4656 vocum
2608 4597 3049 4669 turpissimarum
3097 4594 3602 4650 acerbissimorum-

2023 4713 2130 4769 que
2180 4696 2565 4767 mysteriorum
2615 4689 2872 4747 ﬂuctibus
2913 4689 3295 4755 enatavimus;
3340 4700 3602 4753 cumque,

2025 4787 2279 4843 omnibus
2308 4786 2669 4857 quaestionum
2706 4781 2868 4837 nodis
2900 4794 3043 4851 aegre
3082 4777 3368 4835 dissolutis
3396 4784 3461 4831 et
3484 4776 3605 4829 illo-

2027 4896 2148 4935 rum
2181 4879 2531 4950 improbitate
2566 4883 2845 4946 superata,
2871 4873 2937 4928 ad
2972 4870 3325 4941 tranquillam
3355 4866 3604 4923 veritatis

2028 4973 2318 5025 stationem
2378 4969 2784 5039 appulerimus,
2856 4962 3059 5019 diliicili
3116 4975 3180 5015 ac
3229 4965 3604 5027 tempestuoso

2027 5063 2173 5116 omni
2204 5063 2325 5115 loco
2357 5059 2709 5121 transmisso,
2736 5064 2790 5112 et
2821 5054 3075 5126 procellis
3116 5067 3180 5106 ac
3207 5048 3483 5120 spumosis
3507 5063 3607 5107 un-

2024 5156 2217 5209 darum
2255 5152 2556 5207 verticibus
2582 5149 2851 5211 defuncti,
2888 5146 2981 5201 ubi
3004 5143 3359 5214 jactationem
3395 5155 3458 5195 ac
3480 5155 3606 5194 vcr-

342 5258 506 5330 χόντα
536 5257 629 5309 καὶ
658 5254 1005 5326 θηριοϐόλους
1033 5252 1230 5315 τόπους
1257 5249 1579 5318 θεασάμενοι
1604 5286 1619 5311 ,
1665 5246 1723 5298 ὲν
1755 5245 1906 5316 πείρα

2027 5246 2249 5317 tiginem
2298 5244 2508 5313 experti
2550 5243 2771 5313 srepius,
2822 5247 2936 5293 tum
2976 5236 3165 5293 brevia
3208 5233 3522 5303 vadosaque
3555 5240 3611 5284 ct

341 5370 402 5407 τε
433 5352 638 5404 τούτων
664 5348 753 5402 διὰ
777 5346 883 5399 τῶν
908 5346 1082 5415 λόγων
1107 5343 1483 5415 γεγενημένοι,
1519 5340 1609 5393 τὸν
1642 5338 1742 5409 τῆς
1769 5339 1916 5409 εἰρή-

414 5503 529 5572 ¹τρ.
568 5501 929 5573 βουλεύματα.
1025 5500 1045 5530 ³
1070 5517 1158 5567 γρ.
1197 5498 1479 5571 κύρτασιν.

417 5683 529 5755 (25)
571 5682 901 5755 Referantur
942 5681 1031 5735 illa
1062 5687 1276 5755 oportet
1322 5680 1386 5733 ad
1425 5676 1769 5755 superiorum
1801 5673 1913 5755 iure.

2027 5338 2225 5394 infesta
2250 5336 2446 5393 belluis
2469 5337 2586 5390 loca
2614 5349 2778 5406 quam
2803 5332 3035 5403 plurima
3062 5328 3465 5402 prospeximus.
3488 5338 3611 5396 quae

2024 5671 2331 5739 subiunxit,
2394 5666 2472 5721 uti
2525 5669 2769 5723 constat,
2828 5665 3151 5730 praesentem
3215 5654 3365 5709 Fidei
3430 5650 3610 5721 Expo-

348 5745 543 5811 rescon
585 5756 637 5809 in
684 5753 916 5807 Panario
950 5745 1375 5809 confutationem
1404 5745 1571 5805 cui'S.
1598 5746 1930 5816 Epiphanius
2040 5745 2315 5801 sitionem.
