3986 6224
368 253 474 308 775

1783 239 1842 296 S.
1885 235 2230 294 EPIPHANII

3539 233 3650 290 776

368 366 589 440 quidem
627 366 696 419 iis
729 363 784 416 in
814 359 1290 432 disputationibus
1317 355 1842 426 commentariisqne
1865 369 1958 425 pe-

2077 373 2162 428 ιης
2190 355 2382 425 λιμένα
2415 354 2532 408 νυνὶ
2567 351 2832 426 θεώμενοι
2864 395 2878 416 ,
2911 355 2991 418 εἰς
3030 353 3088 408 ὃν
3123 354 3362 425 κατᾶραι
3395 349 3659 406 σπεύδον-

373 459 598 515 riclitati
636 471 830 510 sumus
859 469 873 506 :
909 469 1034 508 cum
1069 460 1352 524 postremo
1388 449 1538 521 pacis
1575 455 1792 518 portum
1824 447 1960 502 emi-

369 563 477 602 nus
516 547 851 608 intueamur,
899 543 966 598 ad
1001 559 1124 598 eum
1179 557 1372 596 navem
1425 539 1703 611 applicare
1742 538 1962 608 cupien-

368 644 471 698 tes,
507 634 679 688 divini
716 634 962 688 numinis
992 647 1148 702 Opem
1187 647 1383 685 rursus
1413 628 1854 700 implorabimus.
1883 629 1961 682 Ac

371 736 517 781 metu
553 727 775 796 quidem
811 725 961 779 omni
1002 733 1056 779 et
1091 723 1460 794 trepidatione
1502 736 1818 790 nauseaque
1844 735 1964 774 ces-

371 827 551 884 sante,
585 819 794 888 optimo
829 817 882 870 in
933 825 1078 872 statu
1115 815 1276 886 positi
1309 814 1822 883 jncundissimoque
1853 827 1965 866 cer-

371 911 530 964 tioris
571 923 720 962 aurae
755 923 819 961 ac
850 906 1168 962 securitatis
1198 905 1378 958 amatu
1414 905 1782 974 perfruentes,
1819 910 1966 956 tran-

371 1001 602 1070 quillum
626 999 740 1069 jam
773 999 829 1052 in
863 1007 1084 1070 portum
1117 997 1398 1058 subducti,
1433 995 1629 1066 spiritu
1670 996 1966 1064 animoque

373 1093 662 1162 gestimus.
698 1090 912 1144 Etenim
957 1090 1026 1145 iis
1063 1090 1116 1143 in
1160 1089 1439 1152 omnibus,
1491 1087 1535 1142 si
1578 1102 1768 1141 verum
1805 1084 1966 1139 fateri

375 1187 650 1250 volumus,
685 1183 936 1254 pluribus
969 1181 1336 1236 incommodis
1370 1188 1428 1236 et
1461 1179 1716 1233 maximis
1748 1177 1968 1247 injuriis

378 1277 700 1343 conﬂictati,
734 1291 818 1337 ac,
853 1262 1112 1328 terrestri
1136 1273 1525 1342 maritimoque
1553 1271 1748 1324 itinere
1783 1268 1968 1323 confe-

379 1377 490 1429 cto,
522 1382 754 1436 quorum
804 1367 856 1418 in
893 1365 986 1418 illo
1015 1363 1306 1434 impeditas
1341 1378 1404 1416 ac
1442 1361 1688 1417 difﬁciles
1721 1361 1968 1416 salebras

378 1467 432 1514 et
465 1458 779 1514 solitudinis
806 1458 1158 1528 asperitates,
1187 1458 1240 1512 in
1273 1457 1378 1511 hoc
1412 1457 1562 1510 varia
1595 1456 1834 1526 pericula
1866 1455 1972 1510 lui-

380 1567 504 1605 mus
545 1551 774 1617 emensi,
811 1566 934 1604 cum
961 1551 1076 1618 jam
1111 1550 1392 1604 civitatem
1431 1549 1859 1619 prOSpiciamus,
1903 1545 1971 1601 ad

381 1647 558 1714 ipsam
613 1659 977 1714 properemus
1041 1651 1291 1698 sanctam
1341 1641 1707 1706 Hierusalem,
1765 1639 1970 1696 Christi

2065 463 2158 510 τες
2177 488 2191 512 ,
2221 448 2288 500 δι’
2314 445 2480 516 εὐχῆς
2515 445 2676 500 πάλιν
2706 446 2798 499 τὸν
2830 444 3027 518 Κύριον
3057 443 3342 516 ἀξιοῦμεν.
3374 444 3516 513 Ἤδη
3553 440 3662 514 μὲν

2068 538 2266 600 παντὸς
2303 537 2466 606 φόϐου
2519 536 2615 589 καὶ
2665 535 2895 606 θορύϐου
2929 537 3024 588 καὶ
3073 535 3412 598 ναυτιάσεως
3447 532 3666 587 ὑπολω-

2069 629 2314 700 φῶντες,
2365 627 2477 694 ’ἐξει
2513 627 2569 680 δὲ
2628 626 2895 701 καλλίστῃ
2930 626 3108 696 (τὰς)
3151 627 3257 698 πρὸ
3300 627 3401 696 τῆς
3431 628 3666 698 στερεᾶς

2069 722 2298 792 ἀϐραςίθ
2323 720 2682 791 ὲμπνεόμενοι
2704 719 2797 772 καὶ
2825 719 3126 790 ἀσφαλείας
3154 719 3248 772 καὶ
3271 717 3365 772 τοῦ
3391 735 3454 771 τε
3483 717 3666 771 εὐδίου

2069 815 2287 885 λιμένος
2314 854 2327 876 ,
2361 811 2733 882 ὲνισχυόμενοι
2763 811 2842 883 τῷ
2877 811 3149 882 πνεύματι
3192 811 3292 882 ἤδη
3319 810 3662 882 γεγήθαμεν.

2071 907 2251 962 Πολλά
2287 907 2386 978 μὲν
2429 907 2512 974 (εί
2547 905 2630 960 δεῖ
2676 905 2724 958 τ’
2773 904 2948 976 ἀληθῆ
3001 904 3224 974 λέγειν)
3271 903 3526 976 μοχθηρὰ
3567 903 3668 958 ἐπὶ

2071 999 2322 1064 τούτοις,
2361 999 2453 1052 καὶ
2501 995 2688 1068 ὕϐρεις
2726 999 2784 1052 ού
2835 998 2934 1062 τὰς
2978 991 3250 1069 τυχούσας
3301 995 3664 1060 ὑποστάντες,

2074 1093 2170 1146 καὶ
2201 1093 2304 1162 γῆν
2342 1091 2434 1145 καὶ
2478 1090 2749 1146 θάλατταν
2770 1131 2784 1154 ,
2829 1091 2903 1154 ὡς
2954 1093 3130 1144 εἰπεῖν
3155 1131 3170 1153 ,
3203 1089 3572 1155 πεζεύσαντές
3601 1106 3666 1142 τε

2076 1187 2170 1239 καὶ
2198 1185 2736 1257 ποντοπορήσαντες,
2789 1183 2886 1254 τῆς
2929 1183 3026 1253 μὲν
3057 1185 3163 1254 γῆς
3211 1181 3278 1236 τὰ
3323 1181 3536 1254 τραχῆ,
3569 1181 3666 1236 καὶ

2075 1279 2172 1347 τῆς
2205 1275 2414 1346 ἐρήμου
2446 1273 2546 1336 τὰς
2593 1273 2932 1345 δυσχωρίας,
2967 1274 3062 1326 και.
3110 1270 3218 1326 τῶν
3248 1270 3666 1342 προειρημένων

2077 1369 2328 1440 πελαγῶν
2356 1369 2482 1432 τοὺς
2511 1365 2789 1430 κινδύνους
2813 1407 2828 1428 ,
2857 1364 2992 1436 ὁμοῦ
3015 1381 3076 1416 τε
3110 1363 3264 1416 πόλιν
3287 1363 3547 1434 ὁρῶντες,
3575 1362 3667 1415 ἐπ’

2078 1463 2246 1534 αὐτὴν
2282 1460 2608 1531 σπεύσωμεν
2632 1499 2646 1524 ,
2689 1457 2786 1528 τὴν
2821 1457 2982 1524 ἁγίαν
3017 1455 3374 1528 Ἰερουσαλὴμ
3400 1494 3416 1520 ,
3446 1455 3542 1524 καὶ
3563 1453 3666 1525 τὴν

2079 1555 2349 1627 παρθένον
2383 1551 2619 1626 Χριστοῦ
2643 1594 2658 1619 ,
2711 1551 2804 1605 καὶ
2841 1549 3060 1620 νύμφην
3081 1589 3096 1613 ,
3129 1547 3346 1620 ἀσφαλῆ
3387 1565 3452 1601 τε
3504 1547 3666 1617 βάσιν

2081 1647 2176 1702 καὶ
2199 1645 2424 1718 πέτραν,
2474 1645 2678 1715 σεμνήν
2712 1660 2770 1696 τε
2801 1643 3014 1714 μητέρα
3042 1641 3220 1712 ήμῶν,
3256 1639 3496 1712 Χριστοῦ
3535 1641 3670 1712 νύμρ-

379 1737 645 1805 virgiuem
698 1750 762 1789 ac
815 1751 1097 1805 sponsam.
1133 1735 1290 1789 basin
1342 1741 1395 1789 et
1453 1743 1662 1804 petram
1708 1732 1972 1788 solidissi-

2077 1757 2200 1810 φην.
2231 1737 2611 1810 Εύκαιρότατα
2645 1736 2737 1789 καὶ
2776 1735 2932 1790 αὐτοὶ
2971 1733 3224 1803 λέγοντες
3245 1751 3256 1763 ·
3293 1733 3496 1794 Δεῦτε,
3521 1732 3668 1788 dra-

381 1841 524 1880 mam
551 1826 1030 1895 venerandamque
1069 1835 1298 1879 matrem
1350 1832 1619 1888 nostram,
1648 1833 1701 1879 et
1722 1824 1970 1880 eamdem

381 1919 586 1972 Christi
618 1933 904 1987 sponsam.
937 1916 996 1970 In
1032 1932 1142 1987 quo
1173 1925 1481 1988 opportune
1525 1917 1673 1972 istud
1706 1931 1974 1986 usurpare

383 2019 680 2077 possumus
706 2004 915 2059 :Venite
937 2043 950 2068 ,
989 2005 1340 2060 aseendamus
1377 2006 1446 2060 ad
1498 2015 1725 2062 montem
1761 2007 1974 2062 Domini

382 2105 432 2150 et
461 2095 530 2149 ad
564 2096 780 2150 domum
820 2095 1132 2163 DeiJacob,
1169 2106 1218 2151 et
1261 2097 1602 2152 aimuntiabit
1644 2097 1792 2154 nobis
1837 2099 1974 2152 viam

383 2203 537 2241 suam
572 2189 613 2253 ¹,
641 2195 748 2243 etc.

460 2277 763 2348 1079".
803 2278 965 2350 Agite
999 2279 1208 2349 itaque,
1257 2278 1468 2335 Christi
1524 2279 1616 2334 lilii
1667 2295 1732 2334 ac
1771 2287 1978 2334 sancire

385 2367 480 2422 Dei
519 2369 778 2426 Ecclesiae
811 2371 995 2437 liberi,
1032 2370 1126 2440 qui
1171 2369 1275 2424 hoc
1313 2379 1564 2426 nostrum
1593 2369 1659 2425 de
1699 2385 1842 2424 Lxxx
1867 2369 1977 2424 hae-

385 2461 616 2517 resibus.
649 2479 788 2532 opus
820 2463 1056 2534 benigne
1101 2462 1474 2532 percurristis,
1522 2461 1727 2532 quique
1761 2476 1974 2515 meeum

387 2553 719 2610 altissimum
745 2555 896 2609 illum
927 2569 1218 2625 pravorum
1247 2555 1588 2626 dogmatum,
1615 2570 1738 2625 qua:
1774 2555 1980 2610 hucus-

387 2661 494 2715 que
543 2648 981 2715 percensuimus,
1029 2647 1302 2718 gurgitem
1335 2648 1620 2711 tranastis,
1663 2662 1728 2702 ae
1766 2654 1974 2704 vastam

388 2744 441 2788 et
489 2734 892 2790 formidabilem
949 2737 1404 2807 siticulosamque
1452 2737 1806 2794 solitudinem
1857 2753 1980 2810 per-

391 2827 650 2898 agrastis,
711 2844 893 2883 rerum
949 2828 1196 2883 omnium
1245 2829 1537 2884 Dominum
1601 2830 1974 2900 imploremus.

389 2923 546 2989 Quod
599 2922 816 2993 quidem
853 2922 1178 2993 jamdudum
1213 2925 1270 2979 in
1314 2925 1455 2980 votis
1490 2924 1804 2991 habuimus,
1851 2939 1976 2978 cum

389 3013 444 3068 in
486 3015 729 3084 quolibet
755 3023 1028 3072 set-tarum
1063 3014 1377 3072 istiusmodi
1421 3015 1562 3080 loco,
1606 3015 1687 3070 sie
1717 3025 1975 3085 tanquam

387 3108 442 3164 in
480 3107 716 3176 Merrba,
744 3115 797 3163 et
834 3109 888 3161 in
931 3106 1288 3164 formidolosa
1345 3121 1408 3162 ac
1461 3107 1710 3178 squalida
1743 3118 1796 3162 et
1837 3108 1981 3162 inae-

389 3215 548 3256 eessa
579 3199 878 3256 solitudine
901 3199 941 3262 ²,
979 3201 1034 3254 in
1065 3199 1321 3270 obliquos
1355 3213 1419 3253 ae
1450 3208 1729 3256 tortuosos
1761 3200 1980 3254 illorqu

391 3306 672 3347 sermones
697 3291 1126 3346 incurreremus.
1149 3290 1308 3346 Nunc
1335 3291 1469 3346 illud
1489 3291 1613 3360 jure
1633 3299 1826 3346 nostro
1853 3305 1982 3360 pro-

392 3382 709 3436 nuntiemus
769 3401 782 3436 :
829 3381 1286 3449 Quemadmodum
1355 3381 1624 3437 desiderat
1680 3397 1858 3436 cervus
1912 3381 1982 3435 ad

393 3474 562 3540 [putes
611 3489 900 3538 aquarum,
965 3474 1042 3527 ita
1093 3474 1359 3529 desiderat
1412 3475 1592 3528 anima
1647 3491 1764 3528 mea
1807 3473 1876 3528 ad
1909 3483 1978 3540 te,

393 3563 534 3618 Deus
561 3565 604 3616 ³.
650 3565 782 3618 Item
818 3583 831 3618 :
872 3564 1097 3630 Quando
1130 3567 1354 3632 ueniam,
1380 3577 1430 3621 et
1464 3569 1723 3636 apparebo
1747 3577 1868 3621 ante
1892 3567 1980 3636 fa—

393 3657 524 3708 ciem
551 3654 650 3710 Dei
673 3655 732 3710 l'?
757 3655 900 3722 Quin
945 3668 997 3711 et
1031 3672 1144 3727 _nos
1173 3657 1418 3726 ejusdem
1457 3659 1756 3729 Scriptura:
1799 3661 1982 3716 verbis

395 3761 654 3817 sponsam
705 3761 986 3810 vocemus.
1037 3763 1148 3802 non
1196 3757 1256 3803 ut
1301 3748 1392 3804 ille
1431 3749 1603 3819 ipsius
1633 3749 1881 3821 Sponsus
1916 3765 1982 3805 ac

395 3835 660 3894 Dominus
679 3847 735 3894 et
787 3855 885 3894 rex
915 3847 969 3895 et
1003 3839 1146 3896 Deus
1190 3850 1244 3895 et
1285 3849 1585 3911 protector,
1624 3841 1718 3897 sed
1770 3851 1826 3895 ut
1859 3842 1980 3912 ejus

401 3931 544 3986 servi
583 3930 774 3986 iisdem
807 3931 1009 4001 quibus
1040 3931 1157 4002 ipse
1191 3935 1374 3991 verbis
1405 3935 1553 3990 illam
1588 3939 1928 4009 appellemus
1959 3957 1972 3992 :

405 4020 532 4076 Veni
555 4031 620 4076 de
643 4021 870 4089 Libano,
907 4040 1123 4092 sponsa,
1147 4027 1398 4098 quoniam
1441 4039 1554 4082 tota
1585 4030 1810 4099 pulchra
1829 4047 1906 4098 es,
1930 4039 1980 4086 et

394 4113 608 4167 macula
657 4129 762 4168 non
803 4124 881 4169 est
940 4116 995 4170 in
1041 4125 1089 4170 te
1107 4117 1151 4172 '.
1183 4115 1446 4176 Paradise
1487 4121 1686 4175 summi
1728 4121 1978 4190 artificis,

395 4206 574 4261 sancti
610 4209 755 4278 regis
786 4208 1004 4272 civitas,
1033 4209 1157 4280 puri
1181 4210 1488 4283 illibatique
1515 4211 1721 4268 Christi
1750 4229 1977 4285 sponsa,

395 4299 706 4354 castissima
735 4301 914 4372 virgo,
946 4301 1039 4356 uni
1066 4315 1131 4356 ac
1157 4301 1420 4372 singulari
1446 4307 1565 4359 viro
1588 4304 1856 4376 desponsa
1884 4323 1979 4377 per

2067 1831 2272 1900 ,βῶμεν
2314 1831 2402 1896 εὶς
2439 1828 2503 1882 τὸ
2536 1827 2674 1897 ὄρος
2721 1827 2948 1896 Κυρίου
2978 1825 3076 1880 καὶ
3107 1828 3196 1893 εἰς
3225 1825 3330 1880 τὸν
3357 1825 3530 1880 οἷκον
3556 1825 3665 1880 τοῦ

2075 1919 2222 1974 Θεοῦ
2268 1918 2505 1982 Ἰακὼϐ,
2540 1917 2638 1972 καὶ
2667 1916 2986 1988 ἀναγγελεῖ
3037 1916 3182 1986 ’ἡμῖν
3217 1915 3334 1986 τὴν
3379 1915 3528 1972 ὁδὸν
3553 1917 3666 1972 αὺ-

2073 2010 2180 2066 τοῦ
2200 2049 2216 2078 ,
2245 2009 2342 2064 καὶ
2371 2008 2440 2062 τὰ
2471 2007 2618 2080 ἑξῆς.

2148 2273 2223 2326 Β’.
2247 2273 2381 2342 Ἀγε
2407 2271 2607 2336 τοίνυν,
2640 2271 2688 2324 οἱ
2723 2266 2958 2342 Χριστοῦ
2985 2267 3195 2331 παῖδες,
3227 2267 3335 2320 υίοὶ
3365 2266 3468 2338 τῆς
3506 2265 3666 2335 ἁγίας

2076 2364 2214 2419 Θεοῦ
2261 2363 2607 2435 Ἐκκλησίας,
2643 2363 2693 2416 οἱ
2727 2361 2846 2415 τόδε
2897 2359 2959 2414 τὸ
3004 2358 3288 2431 σύνταγμα
3314 2358 3421 2412 τῶν
3467 2359 3664 2431 ὀγδοή-

2078 2473 2241 2511 κοντα
2311 2456 2575 2528 αἱρέσεων
2613 2455 2837 2526 ἡμέρως
2883 2453 3018 2506 αὐτὸ
3043 2451 3398 2526 διερχόμενοι,
3435 2449 3532 2504 καὶ
3567 2471 3666 2503 συν

2079 2549 2202 2622 ἐμοὶ
2225 2548 2318 2602 τὸν
2342 2547 2584 2602 τοιοῦτον
2607 2547 2770 2618 ὄγκον
2791 2546 2902 2602 τῶν
2925 2546 3342 2619 προειρημένων
3374 2543 3668 2616 μοχθηρων

2075 2641 2435 2696 διδασκαλιῶν
2481 2641 2889 2714 διανηξάμενοι,
2943 2637 3400 2704 διαπεζεύσαντές
3455 2656 3515 2692 τε
3565 2637 3668 2709 τὴν

2079 2733 2348 2806 τοσαύτην
2381 2733 2608 2806 ἔρημον,
2645 2734 2884 2806 φοϐεράν
2935 2752 2995 2788 τε
3040 2735 3134 2788 καὶ
3165 2735 3222 2786 ὲν
3254 2733 3398 2803 δίψει
3433 2749 3666 2787 κατατε-

2078 2843 2379 2898 ταγμενην,
2437 2825 2896 2899 ἐπιωλεσιῦμεθα
2949 2826 3040 2880 τὸν
3093 2824 3201 2880 τῶν
3251 2825 3388 2880 ὅλων
3439 2824 3664 2896 Κύριον.

2081 2922 2256 2977 Πάλαι
2283 2921 2380 2993 μὲν
2401 2922 2458 2974 ὲν
2490 2919 2758 2991 ἐπιθυμία
2789 2918 2978 2972 τούτου
3008 2919 3182 2981 ὄντες,
3207 2918 3302 2971 καὶ
3328 2916 3666 2972 καθέκαστον

2081 3016 2244 3069 τύπον
2271 3013 2383 3068 τῶν
2417 3012 2680 3084 αἱρέσεων
2705 3013 2931 3076 τούτων,
2963 3011 3152 3082 ὥσπερ
3179 3011 3238 3065 ὲν
3268 3011 3465 3082 Μεῤῥᾷ
3493 3009 3665 3081 τύπῳ.

2083 3109 2177 3162 καὶ
2205 3109 2264 3160 ὲν
2293 3107 2432 3176 δίψει
2463 3107 2560 3177 τῆς
2593 3105 2828 3178 φοϐερᾶς
2851 3104 3053 3159 ἀϐάτου
3089 3105 3320 3176 ἐρήμου,
3355 3105 3443 3157 ἀεὶ
3477 3121 3668 3158 συναν-

2081 3201 2282 3266 τῶντες
2310 3203 2422 3264 τοῖς
2463 3200 2693 3263 σκολιοῖς
2725 3199 2904 3252 αὐτῶν
2939 3199 3133 3268 λόγοις.
3200 3199 3668 3271 Ἐπιφωνήσωμεν

2082 3293 2178 3348 καὶ
2223 3293 2411 3348 αὐτοί·
2464 3295 2574 3346 Ὃν
2623 3295 2848 3360 τρόπον
2893 3289 3162 3345 ἐπιποθεῖ
3211 3291 3249 3358 ἠ
3298 3291 3525 3360 ἔλαφος
3569 3291 3668 3344 ἐπὶ

2080 3386 2186 3452 τὰς
2215 3384 2410 3453 πηγὰς
2443 3383 2562 3438 τῶν
2584 3383 2840 3447 ὑδάτων,
2876 3383 3066 3450 οὕτως
3097 3383 3374 3437 ἐπιποθεῖ
3410 3385 3449 3452 ἡ
3493 3383 3662 3453 ψυχή

2073 3493 2194 3544 μου
2221 3473 2372 3544 πρὸς
2404 3473 2501 3541 σὲ,
2543 3477 2576 3528 ό
2607 3475 2772 3540 Θεός.
2807 3475 2918 3528 Καὶ
2947 3474 3138 3528 πάλιν·
3171 3475 3323 3528 Πότε
3361 3475 3536 3538 ἔλθω,
3567 3475 3666 3530 καί

2081 3566 2420 3637 ὀφθήσομαι
2454 3565 2534 3632 τῷ
2566 3565 2863 3636 προσώπῳ
2889 3567 2995 3621 τοῦ
3025 3566 3212 3634 Θεοῦ;
3245 3567 3346 3621 Διά
3385 3568 3544 3621 τοῦτο
3573 3569 3666 3622 τά·

2079 3677 2193 3732 χιον
2228 3661 2322 3714 καὶ
2351 3660 2504 3714 αὐτοὶ
2538 3657 3012 3730 ὲπικαλεσώμεθα,
3044 3660 3144 3732 οὐχ
3173 3660 3250 3724 ὡς
3289 3661 3498 3723 ἐκεῖνος
3539 3659 3666 3714 ἑκά-

2079 3752 2161 3805 λει
2201 3751 2302 3824 τὴν
2329 3751 2571 3823 νύμφην,
2615 3750 3055 3823 νυμφίοςάὺτῆς
3081 3751 3390 3822 τυγχάνων,
3427 3753 3522 3804 καὶ
3555 3733 3666 3805 Κύ-

2082 3861 2216 3916 ριος,
2275 3844 2370 3896 καὶ
2413 3843 2717 3913 Δεσπότης,
2776 3843 2872 3896 καὶ
2922 3841 3198 3913 βασιλεὺς,
3243 3843 3336 3896 καὶ
3371 3842 3524 3908 Oak,
3572 3843 3664 3896 καὶ

2081 3925 2430 4007 ὑπέρμαχος·
2466 3934 2582 3988 ἀλλ’
2614 3933 2690 3998 ὡς
2721 3933 2896 3988 δοῦλοι
2927 3933 3090 3988 αὐτοῦ
3127 3937 3289 4006 ἡμεῖς
3322 3935 3662 3989 ὲπικαλεσώ-

2081 4025 2242 4098 μεθα,
2275 4025 2484 4097 συνῳδὰ
2513 4025 2592 4096 τῷ
2639 4025 2790 4096 αὐτῷ
2839 4025 2934 4080 καὶ
2976 4023 3131 4079 αὐτοὶ
3159 4025 3441 4096 λέγοντες·
3479 4025 3663 4094 Δεῦρο

2077 4119 2197 4175 ἀπὸ
2236 4118 2517 4184 Λιϐάνου,
2560 4119 2786 4188 νύμφη,
2824 4118 2914 4172 ὅτι
2962 4118 3076 4186 ὅλη
3105 4118 3266 4187 καλὴ
3305 4120 3378 4184 εἴ,
3421 4119 3520 4174 καί
3544 4118 3662 4191 μῶ-

2071 4229 2188 4280 μος
2217 4212 2326 4264 οὐκ
2361 4209 2533 4264 ἐστιν
2559 4209 2628 4262 ἐν
2657 4211 2778 4264 σοί.
2833 4207 2889 4263 Ὀ
2933 4209 3260 4281 παράδεισος
3291 4209 3387 4264 τοῦ
3425 4212 3660 4282 μεγάλου

2076 4302 2342 4374 τεχνίτου,
2377 4303 2409 4374 ή
2439 4303 2592 4366 πόλις
2626 4302 2718 4356 τοῦ
2765 4303 2922 4372 ἁγίου
2955 4301 3236 4374 βασιλέως,
3269 4305 3302 4375 ή
3342 4305 3528 4377 νύμφη
3565 4303 3657 4359 τοῦ

397 4387 580 4453 tidem,
621 4391 902 4461 splendida
935 4401 990 4447 et
1037 4392 1266 4448 diluculi
1301 4396 1476 4451 instar
1499 4411 1819 4466 emergens;
1861 4400 1973 4468 pul-

2080 4395 2308 4448 ἀσπίλου
2337 4394 2594 4466 Χριστοῦ,
2635 4397 2667 4467 ἡ
2702 4394 2966 4467 παρθένος
2997 4397 3030 4467 ἡ
3081 4395 3241 4468 ἁγνὴ,
3281 4398 3428 4469 μόνῳ
3455 4400 3536 4452 ἑνὶ
3565 4401 3658 4454 ἀν-

395 4481 528 4534 chra
563 4491 622 4536 ut
652 4483 802 4549 luna,
829 4483 1000 4538 electa
1051 4493 1110 4539 ut
1148 4486 1250 4550 sol,
1304 4485 1562 4542 terribilis
1589 4495 1646 4543 ut
1667 4494 1970 4544 castrorum

395 4573 542 4627 acies
587 4573 836 4626 ordinata
863 4575 884 4606 ⁶
909 4594 921 4629 :
949 4591 1112 4644 quam
1153 4577 1354 4648 regina:
1393 4578 1609 4633 beatam
1647 4580 1969 4648 pradicant,

393 4669 448 4717 et
468 4663 792 4718 concubinae
813 4667 1113 4734 celebrant,
1137 4677 1192 4723 et
1217 4669 1409 4738 puellae
1430 4669 1748 4725 eollaudant
1765 4672 1784 4702 '
1810 4689 1826 4739 ;
1851 4687 1972 4742 quae

392 4753 648 4811 ascendis
689 4769 720 4811 e
769 4757 1010 4824 deserto,
1047 4759 1496 4829 splendidissimo
1526 4763 1766 4819 candore
1807 4765 1974 4820 collu-

391 4861 525 4903 cens
589 4855 643 4902 ιιι
695 4849 884 4903 innixa
933 4852 1205 4920 patrueli:
1237 4869 1360 4922 quae
1405 4861 1809 4926 unguentorum
1858 4856 1970 4911 l'ra-

390 4941 660 5012 grantiam
693 4943 904 4998 redulcs
937 4962 949 4997 :
980 4959 1100 5014 qua:
1126 4947 1381 5002 ascendis
1411 4963 1440 5002 e
1463 4947 1683 5002 deserto
1709 4957 1970 5020 tanquam

398 5033 600 5103 virgula
629 5031 763 5086 fumi
789 5047 857 5087 ex
889 5033 1124 5104 myrrha:
1153 5035 1442 5106 thurisque
1472 5035 1677 5101 sullitu,
1709 5047 1873 5109 atque
1905 5055 1970 5094 ex

391 5123 702 5177 aromatarii
757 5123 1085 5193 pulvisculo,
1142 5126 1235 5196 qui
1299 5128 1688 5183 suavissimum
1743 5128 1970 5185 odorem

389 5217 666 5269 exhalavit
689 5215 733 5272 ⁸.
765 5217 938 5284 Quem
970 5217 1062 5272 illa
1100 5219 1406 5289 praevidens
1437 5221 1655 5277 dicebat
1683 5239 1697 5276 :
1732 5221 1974 5295 Unguen-

389 5315 501 5360 tum
540 5307 766 5376 eﬁ‘usum
805 5309 991 5364 noriten
1029 5323 1177 5364 tuum
1209 5329 1226 5365 :
1254 5324 1527 5384 propterea
1565 5315 1970 5370 adulescentum

388 5398 685 5452 ditt-xerunt
713 5411 762 5454 te
794 5402 837 5454 ’.
893 5402 1028 5468 Quae
1079 5402 1148 5457 ad
1189 5402 1469 5459 dexteram
1531 5405 1675 5476 regis
1726 5406 1969 5475 assistis,

2078 4487 2167 4558 δρὶ
2207 4487 2265 4541 ὲν
2316 4487 2497 4541 πίστει
2539 4489 3017 4561 μεμνηστευμένη,
3062 4490 3094 4561 ή
3144 4489 3409 4564 διαφανὴς
3441 4492 3536 4545 καὶ
3565 4494 3656 4546 ἐκ·

2080 4577 2359 4632 κύπτουσα
2407 4579 2538 4632 ὡσεὶ
2578 4579 2794 4652 ὄρθρος,
2842 4579 2981 4652 καλὴ
3018 4579 3094 4645 ὡς
3136 4581 3357 4654 σελήνη,
3400 4583 3478 4647 ὠς
3511 4584 3658 4656 ἥλιος

2077 4671 2343 4742 έκλεκτὴ,
2398 4669 2606 4742 θάμϐος
2651 4671 2725 4736 ὡς
2778 4673 3108 4746 τεταγμένη,
3154 4675 3188 4744 ἡ
3247 4675 3654 4750 μακαριζομένῃ

2077 4761 2186 4816 ἀπὸ
2215 4763 2323 4816 τῶν
2363 4763 2670 4833 βασιλίδων,
2707 4765 2800 4818 καὶ
2828 4763 3201 4838 ἐξυμνουμένη
3233 4767 3338 4822 ὑπὸ
3377 4767 3484 4820 τῶν
3520 4769 3656 4824 παλ-

2076 4855 2330 4921 λακίδων,
2387 4859 2420 4927 ή
2477 4856 2581 4910 ὑπὸ
2613 4856 2719 4910 τῶν
2768 4857 3082 4929 θυγατέρων
3125 4859 3518 4931 ἐπαινουμένη,
3567 4859 3656 4914 καὶ

2076 4947 2185 5000 ἀπὸ
2215 4945 2314 5017 τῆς
2362 4948 2571 5020 ἐρήμου
2600 4949 2959 5020 ἀνερχομένη,
3005 4949 3098 5002 καὶ
3137 4948 3651 5023 λελευκανθισμένη,

2075 5038 2172 5091 καὶ
2217 5039 2309 5090 ἐπὶ
2357 5039 2446 5093 τὸν
2491 5039 2806 5108 ἀδελφιδοῦν
2857 5041 3028 5112 αὐτῆς
3079 5042 3564 5115 ὲπιστηριζομένη,
3623 5045 3653 5116 ἡ

2079 5131 2265 5203 μύρων
2299 5131 2618 5202 πνέουσα,ή
2675 5131 2784 5184 ἀπὸ
2813 5131 2913 5202 τῆς
2950 5134 3158 5204 ἐρήμου
3207 5135 3544 5208 ἀνερχομένη
3581 5136 3653 5201 ὡς

2077 5224 2304 5294 στελέχη
2338 5223 2547 5276 καπνοῦ
2600 5224 2971 5296 τεθυμιαμένη
3025 5225 3271 5298 σμύρναν
3313 5228 3408 5282 καὶ
3440 5227 3652 5282 λίϐανον

2077 5316 2186 5368 ἀπὸ
2219 5315 2512 5386 κονιορτῶν
2563 5315 2826 5387 μυρεψοῦ.
2875 5315 2970 5370 τοῦ
3013 5317 3305 5382 δεδωκότος
3331 5319 3531 5374 ἑαυτοῦ
3559 5319 3651 5393 τὴν

2078 5405 2353 5478 εύοδμίαν.
2396 5409 2491 5462 Ὃν
2539 5408 2828 5480 προορῶσα
2872 5409 3025 5480 ἔλεγε
3045 5427 3058 5440 ·
3093 5411 3297 5480 Μύρον
3321 5411 3652 5467 ἑκκενωθὲν

461 5579 726 5670 ξῃίξιιηιι.
870 5585 904 5670 ⁸³
929 5581 1220 5670 Iliso-danti,
1247 5582 1458 5670 253ml.
1534 5584 1558 5670 ξ
1589 5585 1734 5640 Psal.
1771 5602 1882 5654 xu,
1918 5587 1972 5640 ‘2.
2051 5586 2072 5618 ’⁵
2097 5583 2229 5641 ibid.
2257 5586 2309 5640 5.
2389 5588 2410 5621 ⁸
2441 5586 2600 5642 Cant.
2638 5603 2712 5654 tv,
2742 5587 2828 5645 8.‘
2874 5589 2896 5620 ⁸
2921 5568 3080 5645 Cant.
3116 5604 3192 5658 Vl,
3221 5587 3276 5644 9.
3351 5589 3372 5622 "
3405 5587 3542 5648 ibid.
3590 5591 3640 5646 8.

381 5643 404 5674 ⁸
439 5647 602 5706 Cant.
639 5665 720 5716 tu,
752 5651 804 5704 6.
870 5663 891 5694 ο
927 5655 1085 5709 Cant.
1123 5669 1159 5718 ι,
1185 5653 1240 5706 2.
1321 5655 1363 5687 ¹⁰
1387 5643 1456 5709 Ἣ.
1493 5653 1686 5728 αὔρας.
