3986 6224
271 342 376 401 ΤΠ

814 333 1183 391 ADVERSUS
1212 331 1556 390 HERESES
1595 331 1722 387 LIB.
1749 330 1837 385 Ill.
1874 329 2037 387 TOM.
2082 328 2143 385 ll.
2184 363 2255 376 -
2292 330 2657 389 EXPOSITIO
2695 332 2894 394 FIDEI.

3410 346 3514 403 778

269 454 461 523 ὄνοιιὰ
509 466 641 517 σοι,
689 449 789 505 διὰ
832 450 1010 504 τοῦτο
1054 449 1328 514 νεάνιδες
1370 445 1698 516 ἠγάπησάν
1751 460 1845 497 σε.

1955 439 2244 500 ﬁmbriatis
2291 444 2483 499 induta
2517 447 2764 504 vestibus
2786 450 2826 515 ¹,
2872 457 2928 504 et
2963 449 3187 505 intextis
3228 463 3388 514 auro,
3420 463 3517 505 va-

277 548 346 602 Ἦ
398 548 659 617 ἑστηκυῖα
706 546 771 598 ἑκ
831 544 1018 610 δεξιῶν
1065 543 1159 595 τοῦ
1213 540 1491 612 βασιλέως,
1526 537 1845 608 ἑνδεδυμένη

268 637 580 712 κροσσωτὰ,
618 635 929 707 διαχρύσοις
976 633 1393 703 πεποικιλμένη,
1428 632 1460 702 ἡ
1513 629 1677 701 μηδὲν
1720 644 1847 681 σκο-

270 728 445 784 στεινὸν
479 728 697 798 ἔχουσα.
733 725 869 779 Ποτὲ
902 724 957 778 δὲ
992 722 1439 794 μεμελανωμένη,
1478 720 1594 773 νυνὶ
1622 718 1678 771 δὲ
1708 717 1846 788 καλὴ

270 821 367 873 καὶ
395 816 912 887 λελευκανθισμένψ
947 816 1034 869 ἵνα
1062 818 1119 869 ἑν
1163 816 1244 867 σο¹ι
1271 813 1549 884 γενόμενοι
1580 812 1846 881 λωφήσω-

273 928 375 981 μεν
422 910 529 963 τῶν
564 909 984 982 προδιελθόντων
1027 908 1173 977 ἡμᾶς
1222 903 1498 974 στυγερῶν
1542 902 1653 956 τῶν
1701 900 1850 972 αίρέ-

273 1020 412 1057 σεων
456 1002 819 1072 πραγμάτων,
865 999 958 1054 καὶ
989 999 1351 1069 ἡσυχάσωμεν
1394 994 1501 1049 ἀπὸ
1536 993 1713 1047 σάλων
1751 992 1849 1061 τῆς

269 1092 382 1143 τῶν
413 1091 591 1145 αὑτῶν
620 1089 936 1161 τρικυμίας,
967 1088 1063 1142 καὶ
1091 1086 1452 1157 ἀναψὺξωμεν
1487 1085 1543 1137 ἑν
1586 1083 1687 1146 σοὶ,
1716 1081 1849 1149 ἁγία

276 1189 462 1256 μήτηρ
504 1183 658 1255 ἡμῶν
697 1182 1012 1252 Ἐκκλησία,
1044 1180 1139 1234 καὶ
1167 1179 1224 1231 έν
1272 1179 1338 1247 τῇ
1375 1175 1507 1246 ἁγίᾳ
1536 1176 1594 1227 ἐν
1644 1173 1727 1227 σοὶ
1774 1172 1843 1224 δι-

271 1276 564 1347 δασκαλίᾳ,
600 1274 692 1327 καὶ
724 1272 855 1343 ἁγίᾳ
902 1272 996 1325 καὶ
1044 1269 1180 1342 μόνῃ
1222 1269 1406 1321 πίστει
1444 1265 1580 1319 Θεοῦ
1621 1268 1676 1316 ὲν
1720 1262 1851 1333 ἀλη-

274 1370 415 1441 θείᾳ.
465 1367 623 1420 Ἀλλὰ
650 1365 883 1436 ἄρξομαι
920 1362 1051 1434 περὶ
1076 1360 1278 1430 ταύτης
1317 1359 1415 1428 τῆς
1453 1356 1615 1425 ἁγίας
1641 1354 1850 1416 πόλεως

267 1459 404 1511 Θεοῦ
433 1456 501 1509 τὰ
544 1455 830 1524 θαυμαστὰ
857 1449 1200 1526 διηγεῖσθαι·
1240 1448 1308 1502 τὰ
1350 1448 1460 1519 γὰρ
1491 1445 1850 1515 δεδοξασμένα

268 1547 504 1619 ἐλαλήθη
552 1546 680 1615 περὶ
723 1544 916 1613 αὐτῆς,
968 1543 1043 1606 ὡς
1082 1540 1245 1612 φησὶν
1291 1542 1319 1592 ό
1366 1540 1689 1611 Προφήτης·
1744 1541 1842 1590 Δε-

1950 533 2156 605 riisqne
2201 536 2462 606 perpolita
2496 554 2508 590 :
2544 552 2665 606 quae
2704 538 3102 595 tenebricosum
3138 538 3274 594 nihil
3323 538 3515 605 habes,

1950 634 2045 681 aut
2105 627 2421 683 obscurum.
2478 627 2609 693 Quae
2662 630 2882 699 nigrore
2925 630 3199 700 quondam
3262 630 3520 701 infecta’,

1950 719 2175 789 pulchra
2222 736 2369 776 nunc
2413 736 2474 776 es
2519 728 2574 775 et
2607 720 2860 787 candida,
2895 730 2955 776 ut
2984 739 3107 777 cum
3133 724 3201 779 ad
3244 730 3299 780 te
3328 740 3519 796 perve-

1950 810 2255 887 nerimus,a
2286 812 2622 867 tristissimis
2654 812 2762 867 illis
2790 813 3069 868 haereseon
3095 815 3361 871 molestiis
3382 831 3520 886 quas

1951 903 2218 959 hactenus
2249 902 2545 969 obivimus,
2586 903 2880 974 aliquando
2912 919 3223 973 cessemus;
3252 915 3306 961 et
3340 922 3369 960 a
3391 915 3521 962 tem-

1950 1003 2225 1065 pestatum
2259 994 2803 1065 decumanorumque
2834 995 2925 1066 qui
2954 995 3063 1049 illic
3097 1005 3226 1051 sunt
3256 996 3517 1052 ﬂuctuum

1946 1082 2245 1154 jactatione
2282 1085 2756 1154 conquiescentes,
2797 1084 2851 1139 in
2879 1092 2951 1144 te.
3000 1093 3189 1140 sancta
3222 1095 3395 1140 mater
3418 1087 3524 1141 Ec-

1950 1175 2137 1241 clesia,
2170 1184 2225 1230 et
2253 1176 2309 1231 in
2344 1185 2533 1232 sancta
2564 1178 2813 1233 doctrina
2845 1187 2957 1245 tua,
2994 1193 3059 1233 ac
3092 1178 3306 1249 1080
3334 1185 3521 1233 sancta

1951 1265 2155 1336 pariter
2185 1267 2412 1337 solaque
2436 1267 2528 1322 Dei
2560 1268 2665 1323 ﬁde
2694 1276 2749 1324 et
2776 1268 3006 1323 veritate
3034 1270 3385 1338 respiremus.
3414 1264 3521 1319 Sed

1950 1373 2070 1428 quae
2100 1359 2156 1413 in
2203 1359 2307 1413 hac
2327 1360 2456 1429 ipsa
2492 1359 2841 1415 sanctissima
2881 1358 2975 1415 Dei
3017 1359 3241 1414 civitate
3277 1358 3521 1413 admira-

1951 1451 2100 1504 tione
2136 1449 2301 1519 digna
2346 1456 2473 1504 sunt
2505 1463 2732 1504 narrare
2772 1450 2883 1517 jam
2929 1449 3248 1520 aggrediar:
3285 1449 3522 1519 gloriosa

1942 1542 2087 1597 enim
2117 1541 2185 1596 de
2214 1541 2305 1595 illa
2336 1540 2484 1595 dicta
2513 1549 2662 1605 sunt,
2695 1551 2754 1596 ut
2782 1540 3051 1611 Propheta
3083 1542 3326 1611 toquitur
3350 1559 3363 1595 :
3391 1539 3512 1595 Glo-

268 1638 615 1707 δοξασμένα
665 1636 934 1703 ἐλαλήθη
997 1636 1129 1703 περὶ
1188 1631 1340 1695 σοῦ,
1397 1632 1436 1699 ἡ
1506 1632 1683 1695 πόλις
1734 1627 1842 1681 τοῦ

1950 1630 2086 1684 riosa
2146 1629 2291 1683 dicta
2336 1639 2459 1684 sunt
2510 1630 2575 1685 de
2613 1640 2692 1694 te,
2744 1632 2925 1685 civitas
2973 1630 3092 1686 Dei.
3134 1631 3155 1663 ³
3199 1630 3331 1698 Qua:
3387 1641 3517 1687 sunt

271 1732 441 1787 Θεοῦ.
505 1728 835 1800 Ἀνθρὼποις
869 1729 964 1797 μὲν
991 1727 1157 1779 πᾶσιν
1189 1724 1475 1791 ἀνέφικτα,
1502 1719 1748 1781 ἀπίστοις
1783 1717 1841 1770 δὲ

1941 1721 2235 1790 ejusmodi,
2271 1729 2332 1777 ut
2362 1736 2487 1777 cum
2530 1738 2691 1777 nemo
2719 1738 2785 1778 ea
2826 1724 3140 1789 mortalium
3175 1724 3393 1793 penitus
3426 1739 3514 1779 as-

269 1826 545 1896 ἀλλότρια,
604 1824 811 1885 πιστοῖς
854 1821 912 1874 δὲ
970 1818 1276 1889 ἀνθρώποις
1326 1816 1421 1870 καὶ
1468 1812 1740 1885 ἀληθινοῖς
1783 1812 1843 1864 ἑν

1950 1813 2099 1885 sequi
2139 1815 2335 1884 possit,
2369 1822 2485 1869 tum
2515 1815 2585 1871 ab
2613 1815 2923 1873 inﬁdelibus
2951 1817 3147 1882 aliena,
3172 1816 3423 1873 ﬁdelibus
3450 1830 3519 1872 ac

271 1917 451 1988 μέρει,
485 1919 542 1971 ἑν
588 1915 877 1986 ὑποσχέσει
911 1912 967 1965 δὲ
1015 1910 1345 1973 τελειώσεως
1380 1907 1498 1978 (ὡς)
1551 1905 1701 1977 παρὰ
1745 1902 1841 1957 τοῦ

267 2010 450 2063 αὑτῶν
494 2007 763 2061 Δεσπότου
813 2002 1339 2076 παρασχεθησόμενα
1390 2002 1449 2053 ὲν
1481 2001 1546 2070 τῇ
1597 1996 1844 2067 βασιλεία

267 2100 378 2154 τῶν
409 2098 675 2170 οὐρανῶν,
703 2098 836 2151 ὅπου
869 2095 1006 2167 αὑτὴ
1036 2096 1070 2166 ἡ
1100 2094 1230 2162 ἁγία
1275 2092 1545 2163 παρθένος
1586 2092 1679 2143 καὶ
1714 2088 1844 2159 κλη-

273 2188 500 2259 ρονόμος
541 2190 638 2240 σὺν
684 2186 761 2257 τῷ
813 2185 924 2256 ἰδίῳ
961 2184 1197 2253 Νυμφίῳ
1237 2184 1294 2235 ὲν
1338 2180 1553 2250 οὐρανῷ
1586 2179 1709 2249 ἔσχε
1754 2178 1844 2231 τὸν

268 2279 470 2349 κλῆρον
504 2278 597 2332 καὶ
625 2278 724 2348 τὴν
752 2276 1133 2347 κληρονομίαν.

340 2371 417 2424 Γ’.
459 2371 568 2423 Καὶ
604 2368 818 2440 πρῶτον
868 2368 988 2438 μὲν,
1030 2367 1112 2419 ὅτι
1161 2366 1190 2417 ό
1215 2363 1365 2428 ,Θεὸς
1407 2363 1436 2415 ό
1488 2361 1580 2414 ἐπὶ
1628 2359 1845 2414 πάντων

267 2463 403 2533 ἡμῖν
431 2461 563 2524 Θεὸς
595 2460 829 2531 ὑπάρχει
876 2461 988 2521 τοῖς
1033 2459 1098 2510 ἑκ
1144 2456 1242 2527 τῆς
1285 2454 1446 2523 ἁγίας
1473 2452 1675 2522 ταύτης
1723 2452 1845 2504 Ἐκ-

267 2554 501 2623 κλησίας
529 2551 885 2622 γεννηθεῖσιν.
971 2546 1266 2611 Ἀπόδειξις
1311 2545 1418 2617 γὰρ
1470 2543 1609 2614 αὑτὴ
1652 2540 1842 2612 πρώτη

267 2646 401 2714 περὶ
446 2643 723 2712 ἀλήθειαν,
773 2641 865 2694 καὶ
916 2640 1196 2712 ἑδραίωμα
1242 2635 1472 2697 πίστεως
1525 2632 1627 2703 τῆς
1678 2631 1845 2703 μόνης

266 2736 475 2807 ταύτης
508 2733 775 2805 παρθένου
808 2731 903 2786 καὶ
944 2730 1103 2797 ἁγίας
1135 2728 1460 2797 περιστερᾶς
1490 2725 1583 2777 καὶ
1612 2723 1842 2786 ἀκάκου,

269 2826 401 2896 περὶ
432 2821 500 2895 ἦς
548 2826 574 2877 ὑ
608 2822 810 2893 Κύριος
852 2822 908 2872 ἑν
952 2817 1228 2888 Πνεύματι
1271 2815 1349 2886 τῷ
1386 2811 1699 2884 Σαλομῶντι
1742 2812 1846 2865 ἀπ-

267 2917 576 2970 εκάλυπτεν
612 2917 669 2968 ἑν
722 2914 963 2985 ’ᾼσματι
1010 2909 1118 2962 τῶν
1152 2907 1434 2977 ᾀσμάτων,
1484 2906 1577 2958 καὶ
1623 2904 1842 2973 ἔλεγενο

280 3006 616 3077 Ἐξήκοντά
665 3008 781 3060 εἱσι
846 3002 1249 3068 βασίλισσαι.
1323 2998 1421 3051 καὶ
1480 2995 1848 3067 ὀγδοήκοντα

267 3100 600 3163 παλλακαὶ,
651 3097 750 3152 καὶ
782 3094 1052 3161 νεάνιδες
1088 3088 1174 3147 ὧν
1203 3094 1314 3147 οὐκ
1359 3091 1530 3145 ἐστιν
1567 3089 1843 3158 ἀριθμός·

262 3192 376 3259 μία
407 3188 537 3244 ἐστὶ
565 3184 884 3256 περιστερά
908 3202 1049 3254 μου,
1079 3183 1279 3236 τελεία
1317 3198 1458 3250 μου.
1494 3181 1649 3232 Μετὰ
1679 3193 1848 3247 προσ-

266 3287 444 3357 Θήκης
469 3283 552 3349 τὸ,
573 3282 712 3352 μοῦ,
743 3282 856 3346 καὶ,
879 3279 1019 3350 μοῦ.
1054 3276 1228 3330 Αὑτοῦ
1261 3278 1370 3347 γὰρ
1405 3270 1723 3344 περιστερὰ,
1755 3270 1850 3323 καὶ

262 3375 435 3432 αὑτοῦ
468 3374 669 3438 τελεία,
700 3372 776 3437 ὡς
821 3372 930 3424 τῶν
968 3370 1141 3426 ἄλλων
1172 3367 1479 3438 λεγομένων
1528 3364 1623 3418 καὶ
1658 3364 1731 3434 μὴ
1758 3363 1850 3415 οὑ-

265 3468 403 3531 σῶν,
440 3466 608 3536 αὐτῆς
634 3465 691 3518 δὲ
734 3464 914 3535 διττῆς
948 3461 1374 3533 ὀνομαζομένης.
1424 3456 1547 3510 Ἐπὶ
1593 3456 1700 3526 γὰρ
1729 3457 1850 3518 ταῖς

262 3559 458 3621 ἄλλαις
483 3558 583 3611 οὑκ
612 3552 766 3610 εἶπεν
785 3572 798 3586 ·
860 3553 1220 3624 Ὀγδοήκοντά
1251 3553 1357 3605 εἱσι
1388 3548 1657 3602 παλλακαί
1686 3564 1806 3617 μου
1832 3561 1847 3576 ⁶

260 3649 408 3705 ἀλλὰ
448 3652 568 3712 ταῖς
615 3648 714 3719 μὲν
744 3646 1079 3717 βασιλίσσαις
1120 3643 1206 3696 διὰ
1256 3643 1356 3713 τῆς
1404 3641 1615 3707 ἐνδόξου
1651 3641 1848 3708 ὀνομα-

264 3743 393 3805 σίας
440 3741 541 3812 τὴν
588 3740 883 3807 συνάφειαν
925 3738 1022 3806 τῆς
1081 3735 1243 3823 τιμῆς
1292 3735 1618 3803 ἀπένειμενο
1666 3729 1849 3823 ἐπὶ-δὲ

262 3835 389 3896 ταῖς
417 3830 721 3893 παλλακαῖς
755 3830 815 3882 τὸ
848 3816 1127 3896 ἀλλότριον
1155 3826 1338 3879 τέλεον
1376 3825 1716 3894 ἀπεφήνατο.
1749 3816 1849 3873 Ὧν

262 3925 396 3987 τοὺς
444 3922 714 3994 ἀριθμοὺς
744 3920 856 3993 (26)
910 3922 991 3982 είς
1039 3919 1209 3988 ὄνομα
1260 3915 1647 3986 λαμϐάνοντες,
1709 3912 1850 3967 κατὰ

261 4016 367 4084 τὴν
414 4014 703 4084 ἀναγωγὴν
754 4012 855 4081 τῆς
911 4009 1141 4081 θεωρίας
1181 4004 1605 4078 ’ἐπεργάσασθαι
1660 4005 1719 4055 ἐν
1771 4002 1849 4073 τῷ

261 4108 419 4178 τόπῳ
472 4103 914 4175 ἀναγκαζόμεθα,
974 4093 1064 4155 διά
1105 4100 1167 4153 τὸ
1217 4099 1291 4170 μὴ
1347 4095 1728 4167 ὑπερϐαίνειν,
1767 4095 1849 4149 ὅτι

261 4198 750 4271 ψχρολογοὺντες,
809 4196 923 4249 ἀλλ’
979 4196 1038 4247 ἑν
1095 4193 1321 4262 ἀληθείᾳ
1367 4190 1561 4259 λόγους
1604 4187 1691 4241 διὰ
1739 4186 1849 4240 τῶν

262 4291 539 4361 ἀληθινῶν
569 4289 802 4361 Γραφῶν
825 4290 941 4350 ταῖς
976 4286 1253 4356 ἀληθιναῖς
1287 4282 1540 4353 θεωρίαις
1565 4278 1849 4345 ἀντεξετά-

264 4382 477 4447 ζοντες.
517 4383 638 4435 Ὅτι
688 4382 786 4451 μὲν
835 4380 943 4451 γὰρ
978 4378 1071 4431 καὶ
1117 4380 1145 4430 ὁ
1186 4375 1417 4448 ἀριθμὸς
1464 4371 1848 4444 γεγραμμένος

262 4584 426 4623 ναται
457 4567 518 4620 τὸ
548 4568 605 4619 ὲν
634 4565 851 4637 ἀριθμῷ
888 4562 1359 4634 κατατεταγμένον
1383 4560 1547 4614 ἑωλόν
1591 4577 1643 4613 τι
1683 4554 1843 4622 εἶναι,

260 4661 390 4716 οὔτε
428 4662 508 4724 είς
538 4660 815 4731 άργότητα
840 4661 898 4711 ἑν
934 4661 1000 4730 τῇ
1046 4659 1233 4727 Γραφῇ
1276 4652 1709 4725 ὲπιμετρεῖσθαι.
1742 4652 1847 4703 Βα-

264 4756 506 4808 σίλισσαι
544 4754 601 4807 δέ
628 4757 764 4807 εἰσιν
811 4756 867 4806 αί
921 4753 1021 4824 ἠδη
1077 4750 1338 4821 πρότερον
1382 4749 1460 4811 είς
1497 4746 1845 4816 γενεαλογίαν

260 4847 652 4918 ὠνομασμέναι
694 4846 894 4917 ψυχαί·
962 4847 1037 4908 ὡς
1091 4844 1200 4915 γὰρ
1263 4842 1472 4913 βασιλεῖ
1524 4840 1846 4893 συνέπονται

261 4941 449 5012 πλήθη
474 4940 663 5004 πολλὰ,
692 4938 785 4991 τοῦ
816 4940 871 4992 δὲ
903 4937 1165 5008 βασιλέως
1183 4936 1424 5006 κεφαλῆς
1451 4934 1636 5005 οὔσης.
1656 4934 1843 5001 ὥσπερ

260 5031 357 5085 ἐπὶ
392 5030 643 5100 σώματος
677 5028 886 5084 πολλῶν
938 5026 1115 5098 μελῶν
1154 5027 1342 5091 ὄντων,
1393 5024 1499 5078 ἀπὸ
1544 5025 1643 5094 τῆς
1678 5042 1845 5093 κεφα-

258 5122 363 5191 λῆς
404 5123 433 5174 ὁ
462 5117 540 5184 εἷς
570 5120 851 5192 ἄνθρωπος
882 5118 1315 5190 ἁριθμηθήσεται
1336 5134 1348 5147 ·
1394 5116 1566 5179 οὕτως
1610 5116 1718 5169 ἀπὸ
1747 5115 1842 5169 τοῦ

358 5347 377 5358 ·
404 5322 550 5381 Psal.
580 5339 727 5389 ιιιιν,
769 5323 857 5378 Η.
1002 5325 1022 5353 ¹
1053 5322 1215 5377 Cant.
1247 5339 1283 5388 t,

336 5526 453 5600 (26)
477 5523 590 5582 Ὧν
625 5526 766 5591 τοὺς
794 5525 1102 5600 ἀριθμούςἶ
1147 5524 1401 5600 Petavius
1447 5524 1683 5579 reddidit
1727 5542 1842 5600 am:

261 5594 451 5652 borum
499 5612 816 5656 numerum;
850 5596 1176 5650 Thomasius
1221 5594 1515 5661 amborum,
1554 5603 1647 5649 aut
1692 5596 1838 5666 quod

261 5672 336 5722 ita
378 5669 468 5723 ille
509 5669 816 5739 scripserit.
853 5675 947 5721 aut
974 5667 1120 5739 quod
1172 5667 1561 5739 typographus
1578 5669 1835 5739 mendum

262 5736 638 5795 commiserit}
656 5737 914 5792 Neutrum
949 5738 1117 5806 probo
1141 5755 1152 5790 :
1181 5736 1332 5790 ambo
1359 5738 1502 5792 enim
1531 5737 1598 5793 de
1624 5737 1838 5794 duobus

626 5857 897 5920 Ριτιιοι..
929 5860 1045 5921 Gn.
1080 5858 1273 5920 XLII.

1944 1905 2194 1961 veritatis
2218 1906 2483 1963 studiosis
2507 1922 2573 1962 ex
2605 1917 2757 1977 parte
2785 1908 2947 1963 liceat
2978 1908 3264 1980 attingere,
3295 1915 3519 1965 ostensa

1946 1996 2141 2053 iisdem
2180 1998 2399 2054 interim
2445 2001 2828 2070 promissaque
2872 2000 3091 2056 illorum
3124 2000 3364 2072 perfecta
3394 2015 3520 2071 pos-

1945 2091 2213 2159 sessione,
2248 2107 2415 2163 quam
2440 2093 2497 2147 in
2524 2093 2738 2150 caelesti
2776 2108 2947 2165 regno
2980 2094 3226 2166 ipsorum
3254 2093 3550 2153 Dominus.

1945 2183 2245 2252 exhibebit,
2298 2185 2392 2239 ubi
2441 2194 2632 2239 sancta
2697 2186 2791 2240 illa
2846 2187 3001 2258 virgo
3046 2193 3104 2242 et
3156 2186 3330 2243 hares
3392 2200 3517 2241 cum

1949 2273 2162 2347 Sponso
2188 2292 2290 2331 suo
2325 2275 2696 2331 haereditatem
2732 2286 2797 2332 ac
2831 2278 3223 2346 patrimonium
3255 2277 3518 2334 obtinuit.

2014 2363 2104 2418 lll.
2145 2363 2423 2435 Principio
2456 2363 2748 2420 tenendum
2798 2365 2929 2421 illud
2967 2372 3090 2421 est:
3122 2364 3519 2420 Moderatorem

1945 2455 2189 2510 omnium
2226 2454 2394 2510 Deum
2423 2454 2490 2509 ad
2520 2471 2622 2512 nos
2648 2457 3188 2528 pertinerepmprie,
3223 2458 3315 2527 qui
3341 2472 3375 2513 e
3399 2472 3522 2512 san-

1947 2558 2035 2602 cta
2075 2546 2167 2602 illa
2214 2562 2407 2602 sumus
2451 2546 2696 2603 Ecclesia
2728 2548 2915 2619 geniti.
2949 2547 3074 2603 Haec
3108 2557 3195 2604 est
3231 2550 3373 2602 enim
3404 2563 3523 2603 oni-

1946 2638 2097 2691 nium
2143 2638 2198 2692 in
2216 2638 2496 2717 0tradenda
2523 2639 2755 2696 veritate
2796 2639 2969 2709 prima
3004 2639 3424 2705 demonstratio,
3466 2647 3523 2694 et

1948 2731 2126 2785 unicae
2155 2729 2383 2801 virginis
2416 2731 2563 2788 illius
2604 2746 2669 2787 ac
2716 2733 3082 2788 sanctissima:
3120 2740 3177 2787 et
3210 2733 3522 2788 innocentis

1947 2823 2219 2880 columbae
2248 2823 2371 2879 ﬁdei
2401 2825 2824 2887 ﬁrmamentum,
2868 2825 2933 2879 de
2957 2840 3065 2894 qua
3099 2823 3365 2880 Dominus
3393 2839 3522 2879 san-

1946 2915 2025 2971 cti
2063 2913 2301 2985 Spiritus
2327 2914 2505 2970 alllatu
2541 2931 2641 2985 per
2665 2916 3009 2970 Salomonem
3043 2916 3157 2971 hate
3189 2918 3244 2971 in
3273 2914 3524 2971 Cantico-

1954 3023 2075 3061 rum
2113 3007 2328 3061 cantico
2352 3005 2679 3076 signiﬁcavit
2709 3023 2723 3061 :
2758 3004 3047 3076 Sexaginta
3076 3016 3198 3060 sunt
3226 3008 3440 3075 regine,
3470 3016 3520 3061 et

1951 3097 2219 3167 octoginta
2257 3096 2582 3165 concubine,
2625 3107 2674 3152 et
2708 3098 3113 3153 adolescentqu
3158 3115 3383 3169 quarum
3416 3116 3520 3153 non

1948 3197 2029 3244 est
2071 3204 2359 3254 numerus;
2386 3205 2494 3242 una
2527 3198 2603 3244 est
2633 3190 2877 3244 columba
2911 3207 3047 3251 mea.
3088 3192 3318 3261 perfecta
3349 3192 3517 3247 mea‘.

1952 3275 2055 3332 Ubi
2083 3277 2169 3332 his
2199 3279 2290 3332 illa
2322 3278 2553 3348 repetita
2582 3280 2871 3346 vocabula,
2905 3297 3045 3348 mea,
3066 3288 3141 3347 et,
3175 3298 3313 3336 mea.
3345 3281 3521 3353 Hujus

1948 3370 2094 3424 enim
2134 3369 2411 3432 columba,
2458 3369 2625 3440 hujus
2657 3380 2742 3426 est
2787 3371 2879 3426 illa
2918 3371 3183 3443 perfecta,
3217 3381 3278 3428 ut
3316 3382 3526 3429 caetera:

1950 3460 2290 3531 appellentur
2334 3461 2409 3514 ita
2454 3462 2697 3532 quidem,
2734 3463 2959 3519 minime
2996 3470 3177 3519 tamen
3226 3466 3359 3531 sint,
3407 3466 3525 3538 ipsa

1950 3567 2081 3607 vero
2110 3568 2174 3608 eo
2208 3552 2429 3608 nomine
2456 3554 2745 3624 dupliciter
2772 3555 3031 3626 insignita
3071 3557 3160 3610 sit.
3188 3556 3367 3624 Quare
3396 3574 3523 3612 cum

1950 3641 2018 3697 de
2076 3641 2200 3698 aliis
2259 3642 2577 3712 loqueretur
2635 3658 2747 3699 non
2807 3645 2992 3699 dixit:
3043 3644 3333 3718 Octoginta
3395 3656 3526 3704 sunt

1950 3730 2271 3785 concubina:
2310 3746 2473 3796 metu;
2521 3747 2709 3788 verum
2753 3734 2960 3805 reginis
2991 3735 3192 3789 eximia
3223 3737 3313 3790 illa
3346 3738 3529 3806 appel-

1952 3820 2155 3876 latione
2212 3821 2522 3891 proximum
2572 3822 2866 3892 quemdam
2926 3824 3190 3880 honorem
3239 3827 3525 3892 attribuit;

1951 3914 2289 3968 concubinas
2339 3930 2469 3969 vero
2518 3930 2745 3985 prorsus
2799 3916 3007 3971 alienas
3053 3932 3178 3973 esse
3212 3918 3524 3975 declaravit.

1950 4005 2248 4059 Amborum
2275 4020 2440 4074 porro
2471 4022 2762 4061 numerum
2807 4022 2931 4062 cum
2978 4009 3297 4064 nominatim
3327 4011 3528 4066 hahea-

1950 4110 2075 4150 mus
2098 4110 2443 4164 expressum,
2478 4097 2940 4166 contemplatione
2969 4108 3157 4153 nostra
3182 4100 3429 4155 altiorem
3460 4102 3527 4156 ad

1951 4202 2175 4244 sensum
2216 4196 2424 4248 evecta,
2474 4188 2725 4242 nonnihil
2778 4190 3021 4259 expolire
3075 4191 3224 4248 istud
3275 4192 3378 4247 hoc
3407 4193 3530 4249 loco

1951 4282 2224 4352 cogimur,
2257 4288 2316 4335 ut
2339 4296 2408 4336 ne
2435 4290 2694 4351 tanquam
2720 4281 2979 4353 frigidum
3010 4282 3367 4356 ineptumque
3390 4302 3530 4357 prte-

1954 4382 2258 4439 tereamus;
2291 4374 2387 4429 sed
2418 4390 2540 4444 qua;
2569 4374 2851 4441 dicuntur,
2885 4391 2951 4429 ex
2980 4377 3058 4432 rei
3088 4378 3318 4435 veritate
3345 4394 3411 4435 ac
3441 4397 3530 4436 ve-

145 4523 153 4529 .
262 4475 622 4545 ἁπαράεατός
661 4475 809 4527 ἑστιν
852 4472 1089 4541 ἑκάστης
1115 4468 1444 4530 ὑποθέσεως,
1476 4466 1570 4520 καὶ
1607 4463 1731 4517 οὔτε
1756 4463 1845 4516 δύ-

1952 4481 2136 4522 rarum
2182 4466 2505 4543 auctoritate
2553 4464 2982 4536 Scripturarum,
3030 4483 3159 4523 vera
3193 4471 3361 4525 animi
3400 4487 3533 4527 con-

1955 4560 2309 4630 templatione
2346 4558 2770 4629 perpendamus.
2822 4557 3036 4613 Etenim
3073 4560 3392 4633 ubicunque
3432 4581 3533 4619 nu-

1955 4669 2139 4709 merus
2182 4637 2511 4723 concipitur,
2560 4654 2859 4709 oscitanter
2896 4656 3239 4725 praetermitti
3291 4670 3399 4710 non
3435 4656 3535 4710 de-

1955 4745 2043 4799 bet
2064 4763 2078 4808 ;
2094 4759 2273 4813 neque
2289 4745 2430 4814 quod
2450 4745 2521 4799 ita
2538 4745 3038 4815 comprehenditur,
3056 4763 3253 4802 vanum
3267 4748 3527 4818 quiddam

1954 4844 2008 4891 et
2047 4841 2207 4891 inane
2245 4837 2459 4902 videri,
2505 4846 2599 4892 aut
2651 4840 2889 4894 otiosum
2935 4840 3261 4895 existimari.
3311 4838 3533 4911 Regina!

1955 4944 2118 4998 porro
2153 4939 2303 4995 sunt,
2344 4945 2465 4999 quae
2490 4930 2602 4999 jam
2634 4938 2794 4986 antea
2828 4931 3017 5002 stirpis
3053 4933 3107 4986 in
3156 4932 3299 4988 serie
3338 4948 3531 4985 nume-

1952 5033 2084 5077 rata:
2126 5034 2255 5077 sunt
2300 5026 2525 5090 animae;
2566 5033 2625 5077 ιιι
2652 5024 2797 5079 enim
2831 5041 3013 5096 regem
3062 5026 3349 5079 innumera
3391 5026 3532 5077 mul-

1952 5116 2129 5171 titudo
2169 5116 2486 5181 comitatur,
2528 5132 2653 5171 ettm
2690 5133 2787 5173 rex
2826 5119 3021 5189 capitis
3060 5118 3237 5173 instar
3272 5117 3376 5184 sit;
3408 5132 3534 5186 per-

1442 5322 1462 5352 ³
1490 5321 1636 5376 Psal.
1671 5337 1889 5388 Lxxxvt,
1914 5322 1968 5377 5.
2045 5324 2067 5356 ⁸
2092 5323 2253 5378 Cant.
2288 5339 2363 5389 Vl,
2401 5324 2453 5391 7,
2476 5323 2532 5378 8.

1948 5533 2159 5599 tantum
2210 5529 2508 5599 profertur.
2550 5528 2850 5584 Redderem
2900 5543 3032 5599 ergo
3064 5528 3247 5599 potius
3280 5544 3528 5599 quarum,

1947 5598 2033 5652 vel
2066 5597 2304 5652 illarum.
2337 5598 2466 5653 Loci
2518 5615 2714 5655 sensus
2758 5597 3005 5668 profecto
3044 5597 3429 5656 declarat—tam
3460 5600 3528 5654 ad

1946 5668 2164 5792 {egitras
2194 5684 2357 5738 quam
2399 5670 2465 5726 ad
2499 5669 2837 5727 concubinas
2889 5686 3073 5726 vocem
3110 5670 3258 5724 illam
3293 5686 3415 5726 esse
3443 5687 3530 5727 te-

1969 5753 2096 5792 eren
2140 5753 2251 5792 am.

1969 5753 2251 5795 erenuam.

3176 5858 3256 5920 25
