3986 6224
469 325 578 382 779

1865 325 1923 381 S.
1963 323 2308 380 EPIPHANII

3633 335 3734 392 τεο

466 443 596 499 inde
628 450 794 514 atque
844 442 900 497 in
957 455 1210 513 corpore,
1255 455 1382 496 cum
1437 443 1594 514 plura
1628 444 1869 500 membra
1921 445 2044 508 sint.

2161 444 2279 508 ἑνὸς
2323 442 2584 513 βασιλέως
2623 443 2684 496 τὺ
2719 445 2826 498 πᾶν
2855 443 3078 515 πλῆθος,
3131 446 3190 500 τὸ
3239 447 3344 500 ὑπὸ
3372 446 3464 502 τὸν
3499 447 3726 519 βασιλέα

467 536 644 606 capite
667 535 789 605 ipso
825 533 1040 589 censeri
1066 549 1210 588 unus
1241 534 1402 588 homo
1427 535 1814 605 numerarique
1839 535 2047 606 1081

469 627 609 683 solet
641 645 654 682 :
692 625 772 680 sic
816 625 886 680 ab
925 640 1036 681 uno
1069 641 1198 696 rege
1236 624 1534 680 multitudo
1573 627 1753 682 omnis
1804 628 2051 697 subjecta

466 719 604 790 regi,
636 718 705 774 ad
728 717 986 774 eumdem
1025 717 1178 772 illum
1204 717 1494 772 referetur.

536 811 628 866 IV.
683 811 1047 877 Quamobrem
1107 810 1310 880 reginae
1373 809 1594 864 nomine
1653 809 1936 879 generatio
1991 809 2048 864 in

465 903 690 960 Christo
733 904 1070 966 continetur,
1117 917 1226 956 non
1257 901 1401 971 quod
1433 901 1614 956 omnis
1647 901 1930 972 generatio
1973 915 2050 956 re-

466 995 733 1064 gnaverit,
788 993 884 1048 sed
927 991 1074 1062 quod
1123 1006 1230 1046 una
1281 991 1548 1045 duntaxat
1598 990 1818 1046 Domini
1865 995 2050 1063 cogni-

466 1086 618 1140 tione
669 1085 918 1155 przedita,
951 1100 1016 1140 ex
1069 1085 1170 1138 viri
1225 1085 1390 1138 unius
1430 1085 1796 1152 appellatione
1842 1086 2048 1154 regiam

468 1176 792 1246 dignitatem
859 1176 930 1233 sit
992 1175 1348 1246 ordinemque
1409 1185 1708 1232 consecuta
1756 1198 1767 1230 :
1815 1177 2048 1244 exempli

459 1269 666 1337 gratia,
696 1265 938 1322 Adamus
965 1279 1089 1319 cum
1121 1272 1234 1320 tota
1262 1267 1538 1335 progenie,
1565 1267 1753 1336 regina
1781 1281 1888 1319 una
1917 1281 2050 1320 cen-

471 1357 713 1424 sebitur;
767 1357 1023 1426 illiusque
1065 1355 1408 1426 principatus
1446 1365 1502 1410 et
1535 1356 1604 1411 ab
1643 1371 1709 1412 eo
1753 1357 2046 1411 deductum

469 1449 656 1519 stirpis
697 1448 934 1513 initium,
975 1462 1142 1516 penes
1183 1461 1324 1516 quos
1358 1445 1507 1516 regia
1538 1445 1778 1518 dignitas
1815 1449 2044 1506 exstitit.

467 1556 590 1596 cum
619 1542 686 1596 iis
712 1542 806 1611 qui
839 1557 964 1596 cum
1001 1540 1094 1594 illo
1123 1539 1536 1608 coniunguntur
1571 1547 1794 1610 propter
1822 1539 1920 1596 Dei
1953 1555 2046 1595 co-

467 1633 788 1703 gnitionem,
842 1630 1100 1702 quodque
1147 1631 1356 1700 primus
1394 1630 1640 1684 omnium
1690 1645 1719 1683 a
1763 1629 1873 1685 Deo
1917 1629 2046 1702 ﬁngi

466 1725 804 1794 formarique
847 1722 1142 1788 meruerit;
1196 1730 1310 1775 tum
1369 1722 1518 1792 quod
1565 1723 1902 1792 poenitentia:
1940 1725 2046 1794 pri-

2157 536 2235 598 είς
2264 535 2361 590 ἕνα
2387 529 2896 608 ἁναλογισθήσεται.

2221 813 2293 862 Δν.
2335 807 2628 862 Βασίλισσα
2657 809 2838 863 τοίνυν
2862 811 2895 881 ἡ
2922 810 3083 880 γενεὰ
3113 813 3172 864 ἐν
3192 813 3414 886 Χριστῷ
3443 814 3727 886 κέκληται,

2149 902 2210 954 οὐ
2262 901 2360 972 τῆς
2395 901 2576 972 πάσης
2621 903 2813 969 γενεᾶς
2849 901 3266 975 βασιλευσάσης,
3303 905 3438 960 ἀλλὰ
3475 907 3576 978 τῆς
3607 911 3734 978 μιᾶς

2150 989 2478 1060 ἑπιγνούσης
2535 990 2628 1044 τὸν
2675 989 2880 1061 Κύριον
2933 992 2998 1045 δι’
3045 993 3343 1064 ὀνομασίας
3391 995 3488 1050 τοῦ
3541 999 3732 1070 ἀνδρὸς

2151 1081 2344 1152 (αἰτία)
2379 1083 2440 1134 τὸ
2474 1080 2749 1151 βασιλικὸν
2775 1081 2994 1152 ἀξίωμα
3034 1086 3127 1138 καὶ
3165 1086 3318 1151 τάξιν
3345 1090 3652 1159 φερομένου
3687 1094 3730 1154 ⁸,

2150 1170 2226 1235 ὡς
2255 1167 2365 1226 οἷον
2393 1173 2566 1225 εἰπεῖν
2608 1172 2777 1243 ’Δδὰμ
2820 1175 2914 1227 καὶ
2961 1177 3108 1229 πᾶσα
3164 1178 3328 1230 αὐτοῦ
3357 1180 3543 1246 γενεὰ,
3583 1179 3732 1250 βασί-

2148 1262 2307 1315 λισσα
2351 1263 2488 1334 αὑτὴ
2519 1261 2976 1336 ἀριθμηθήσεται,
3007 1267 3042 1337 ἥ
3075 1285 3132 1320 τε
3179 1267 3348 1322 αὑτοῦ
3393 1270 3538 1340 ἀρχὴ
3575 1273 3726 1340 καὶὴ

2149 1354 2484 1425 πατριαρχία
2523 1354 2906 1422 βασιλεύσασαι
2947 1357 3086 1426 μετὰ
3129 1359 3238 1410 τῶν
3281 1362 3396 1429 μετ’
3437 1361 3606 1414 αὑτοῦ
3647 1362 3729 1414 διὰ

2146 1443 2244 1514 τὴν
2277 1444 2412 1514 πρὸς
2443 1444 2534 1498 τὸν
2565 1444 2698 1498 Θεὸν
2725 1447 2948 1514 γνῶσιν,
2991 1448 3083 1502 καὶ
3114 1449 3179 1519 ἣν
3213 1449 3546 1520 κατηξίωται
3581 1453 3729 1522 πρώ-

2145 1553 2245 1604 την
2281 1535 2475 1590 πλάσιν
2523 1537 2863 1606 πλασθῆναι,
2913 1540 3008 1593 καὶ
3058 1539 3133 1604 ὡς
3185 1542 3472 1611 μετάνοιαν
3515 1543 3730 1614 πρῶτος

2145 1626 2465 1694 ἐνεδείξατο,
2497 1628 2572 1692 ὡς
2623 1627 2734 1699 ἔχει
2769 1630 2800 1700 ή
2842 1630 3152 1686 ἀκολουθία.
3205 1628 3336 1686 Εἶτα
3368 1633 3510 1703 μετὰ
3543 1635 3730 1692 τοῦτον

2145 1719 2250 1790 Σὴθ
2278 1721 2368 1794 καὶ.
2395 1721 2427 1791 ή
2455 1721 2604 1774 πᾶσα
2638 1721 2752 1791 μετ’
2794 1722 2960 1775 αὑτοῦ
2983 1725 3358 1796 ἀνθρωπότης.
3391 1728 3503 1780 Καὶ
3542 1727 3728 1791 Ἐἰὼς,

467 1831 592 1871 mus
643 1815 954 1884 exemplum
999 1813 1234 1878 dederit,
1275 1821 1336 1868 ut
1381 1829 1448 1869 ex
1485 1813 1606 1883 ejus
1635 1814 1864 1870 historia
1913 1831 2040 1871 con-

2148 1811 2240 1862 καὶ
2287 1813 2515 1876 Καῖνᾶν,
2545 1814 2640 1866 καὶ
2673 1815 2977 1886 Μαλελεὴλ,
3021 1817 3116 1870 καὶ
3157 1818 3346 1890 Ἰάρεδ,
3397 1820 3493 1872 καὶ
3537 1819 3728 1890 Ἑνὼχ,

468 1911 594 1958 stat.
641 1903 774 1957 Post
825 1901 1094 1956 Adamum
1143 1901 1346 1958 Sethus
1405 1911 1462 1956 et
1517 1903 1760 1959 universi
1805 1903 1872 1957 ad
1917 1919 2043 1960 eum

467 1993 693 2063 ascripti
723 1991 1004 2046 mortales.
1025 1991 1156 2046 Item
1193 1991 1361 2056 Enos,
1393 1991 1624 2059 Cainan,
1659 1991 1920 2057 Maleleel,
1951 1992 2044 2048 Ja-

467 2085 602 2149 red,
662 2083 882 2149 Enoch,
944 2081 1282 2144 Mathusala,
1339 2081 1612 2150 Lamech,
1659 2082 1791 2138 Noe.
1839 2083 2042 2139 l-iorum

467 2177 714 2234 omnium
766 2182 1080 2232 sanctorum
1127 2175 1390 2240 virorum,
1437 2177 1532 2246 qui
1581 2177 1896 2246 singillatim
1948 2193 2046 2249 per

467 2269 848 2340 generationes
870 2273 1244 2334 recensentur,
1265 2281 1611 2338 quorumque
1625 2285 1886 2324 numerus
1901 2271 2044 2339 apud

465 2357 778 2412 Matth-.eum
815 2355 982 2411 initus
1021 2357 1162 2421 est',
1191 2371 1220 2409 a
1247 2371 1356 2426 quo
1402 2372 1514 2411 ωιιι
1547 2358 1948 2429 generationes,
1980 2373 2045 2413 ac

469 2457 690 2519 patrum
721 2447 961 2517 origines
985 2447 1426 2516 praestantioru‘m
1457 2448 1700 2503 virorum
1731 2449 2044 2503 nominibus

467 2553 744 2610 expressae
786 2545 946 2604 sunt;
993 2538 1088 2606 qui
1121 2536 1214 2592 Dei
1253 2539 1500 2613 notitiam
1542 2538 1722 2608 adepti
1757 2547 1905 2603 sunt,
1951 2547 2044 2592 aut

468 2630 612 2701 quod
643 2631 697 2684 in
729 2629 910 2699 aliqua
942 2629 1049 2684 alia
1079 2645 1138 2684 re
1183 2629 1468 2698 insigniter
1505 2639 1669 2700 atque
1696 2631 1893 2698 eximie
1922 2645 2044 2686 sese

470 2729 779 2790 gesserunt,
809 2720 1016 2788 regium
1046 2727 1100 2773 et
1125 2719 1472 2788 splendorem
1497 2726 1552 2774 et
1583 2720 1928 2790 maiestatem
1953 2719 2044 2772 ob-

469 2815 753 2866 tinuerunt
784 2829 797 2864 :
832 2811 1048 2876 horum,
1105 2811 1352 2878 inquam,
1413 2811 1698 2880 catalogus
1742 2809 1812 2864 ad
1871 2824 2044 2880 usque

469 2901 674 2958 Christi
711 2899 930 2953 Domini
956 2899 1192 2953 natalem
1223 2900 1546 2967 pertexitur.
1577 2897 1714 2952 Nam
1743 2899 1810 2952 ab
1833 2898 2044 2954 Adamo

469 2994 538 3048 ad
575 2991 840 3048 Noemum
870 3005 1046 3060 usque
1065 2989 1444 3060 generationes
1485 2991 1798 3059 praeteriere
1830 2989 2039 3046 decem.

470 3086 717 3142 Totidem
748 3099 778 3137 a
807 3081 1018 3138 Noemo
1047 3083 1114 3136 ad
1147 3080 1555 3146 Abrahamum;
1588 3081 1658 3138 ab
1693 3083 1796 3137 hoc
1827 3081 1896 3136 ad
1938 3081 2044 3138 Da-

2150 1901 2242 1953 καί
2278 1901 2630 1970 Μαθουσάλα,
2676 1905 2770 1958 atati.
2805 1905 3015 1976 Λαμὲχ,
3052 1909 3146 1960 καὶ
3181 1909 3326 1963 Νῶε.
3377 1910 3600 1964 Τούτων
3625 1910 3728 1964 τῶν

2149 1991 2318 2060 ἁγίων
2337 1993 2443 2047 τῶν
2463 1994 2834 2066 καταλογάδην
2860 1999 2918 2050 ἐν
2948 1997 3164 2069 ἀριθμῷ
3195 2000 3336 2054 κατὰ
3359 2001 3560 2070 γενεὰν
3597 2019 3730 2060 κατ-

2148 2082 2575 2153 αριθμηθέντων,
2589 2077 2665 2138 ὧν
2679 2086 2708 2138 ὁ
2731 2085 2963 2156 ἀριθμὸς
2981 2087 3131 2159 παρὰ
3145 2087 3410 2160 Ματθαίῳ
3423 2089 3726 2144 δείκνυται.

2160 2173 2451 2246 Ἑξήκοντα
2493 2174 2602 2248 γὰρ
2642 2175 2854 2230 καὶδύο
2897 2177 3078 2244 γενεαί
3124 2195 3184 2232 τε
3227 2179 3324 2232 καὶ
3371 2181 3730 2252 πατριαρχίαι

2149 2267 2279 2336 παρ’
2307 2265 2454 2336 αὐτῷ
2478 2267 2805 2338 ἑμφέρονται
2828 2267 2917 2322 διὰ
2946 2268 3058 2322 τῶν
3085 2269 3366 2341 ὀνομάτων
3389 2270 3496 2325 τῶν
3525 2272 3729 2325 ἑντελεο

2151 2353 2354 2422 στέρων
2389 2353 2618 2425 ἀνδρῶν,
2655 2355 2792 2426 πρὸς
2837 2356 2930 2410 τὸν
2967 2356 3098 2416 Θεὸν
3135 2359 3236 2430 τὴν
3267 2359 3470 2425 γνῶσιν
3498 2362 3730 2431 ἐσχηκό-

2147 2462 2288 2508 των,
2331 2445 2364 2516 ἢ
2397 2447 2462 2499 δι’
2491 2446 2682 2518 ἑτέραν
2724 2446 2848 2501 τινὰ
2877 2448 3156 2520 ἀριστείαν
3193 2451 3293 2523 τὴν
3331 2450 3620 2524 βασιλικήν
3671 2469 3730 2506 τε

2147 2538 2304 2603 δόξαν
2327 2539 2420 2590 καὶ
2450 2539 2766 2611 ὲμσρίθειαν
2795 2543 3231 2614 μετεσχηκότων,
3259 2546 3289 2597 ὁ
3311 2544 3613 2613 κατάλογος
3631 2545 3728 2600 τοῦ

2147 2629 2380 2701 ἀριθμοῦ
2432 2631 2728 2702 ἐμφέρεται
2771 2631 2900 2704 ἄχρι
2946 2633 3046 2703 τῆς
3093 2633 3188 2686 τοῦ
3231 2633 3470 2706 Χριστοῦ
3521 2652 3730 2708 παρου-

2151 2719 2290 2781 σίας.
2325 2717 2432 2772 Καὶ
2461 2719 2568 2791 γὰρ
2596 2723 2780 2790 γενεαὶ
2803 2723 3240 2794 παρεληλύθασιν
3267 2725 3374 2780 ἀπὺ
3418 2727 3594 2798 ’Δδὰμ
3627 2727 3732 2792 ἕως

2148 2808 2240 2861 τοῦ
2275 2807 2396 2861 Νῶε
2413 2810 2576 2864 δέκαο
2609 2813 2704 2867 καὶ
2749 2813 2856 2866 ἀπὸ
2904 2814 2998 2867 τοῦ
3031 2815 3152 2868 Νῶε
3185 2817 3311 2888 ἄχρι
3349 2817 3442 2871 τοῦ
3481 2820 3732 2891 Ἀϐραὰμ.

2149 2895 2305 2950 ἄλλαι
2331 2898 2482 2950 δέκα·
2513 2899 2620 2952 ἀπὸ
2652 2901 2708 2954 δὲ
2755 2901 2848 2955 τοῦ
2892 2903 3142 2976 Ἀϐραὰμ
3171 2906 3298 2978 ἄχρι
3332 2908 3495 2962 Δαὸὶδ
3545 2913 3730 2978 γενεαὶ

2151 2987 2228 3040 ιδ’·
2263 2988 2370 3041 ἀπὸ
2410 2989 2468 3041 δὲ
2525 2991 2687 3044 Δαὸὶδ
2727 2992 2830 3056 ἓως
2869 2996 2966 3067 τῆς
2996 2997 3369 3067 αἰχμαλωσίας
3422 3001 3610 3068 γενεαὶ
3649 3002 3726 3054 ιδ’·

2148 3081 2242 3132 καὶ
2261 3079 2369 3132 ἀπὸ
2395 3081 2492 3152 τῆς
2515 3083 2888 3153 αἰχμαλωσίας
2909 3087 3012 3150 ἓως
3035 3087 3126 3141 τοῦ
3162 3089 3394 3160 Χριστοῦ
3423 3094 3607 3160 γενεαὶ
3631 3094 3694 3146 ιδ’
3710 3107 3726 3123 ⁸

469 3179 647 3232 vitlem
677 3193 810 3242 xw;
843 3192 872 3228 a
899 3173 1102 3230 Davide
1132 3175 1198 3229 ad
1245 3175 1616 3244 captivitatem
1651 3191 1774 3241 xxv;
1813 3175 1942 3230 hinc
1975 3176 2042 3232 ad

2148 3169 2218 3234 ὼς
2250 3164 2388 3224 εἶναι
2423 3172 2528 3224 ἀπὸ
2566 3173 2660 3226 τοῦ
2689 3174 2856 3246 Ἀδὰμ
2889 3177 3018 3247 ἄχρι
3067 3177 3306 3247 Χριστοῦ
3341 3181 3606 3252 ἑξήκοντα
3637 3184 3730 3238 δύο

469 3267 748 3322 Christum
774 3265 1030 3320 similiter
1046 3281 1156 3318 xw.
1182 3264 1526 3335 Colliguntur
1543 3265 1610 3320 ab
1637 3265 1848 3320 Adamo
1871 3282 2044 3336 usque

476 3358 538 3412 ad
566 3358 845 3412 Christum
877 3355 1262 3428 generationes
1291 3371 1426 3418 ωιιι,
1462 3371 1583 3425 quae
1615 3356 1896 3410 brevitatis
1927 3373 2046 3427 gra-

473 3449 546 3504 tia
587 3465 651 3502 ιχ
681 3445 1025 3501 solummodo
1069 3455 1460 3512 numerantur;
1499 3462 1622 3500 nam
1663 3455 1718 3501 et
1748 3447 1804 3501 in
1847 3449 2044 3502 solitu-

470 3539 596 3593 dine
624 3554 750 3592 cum
789 3553 936 3590 Lxxu
970 3536 1194 3590 arbores
1219 3537 1520 3604 palmarum
1555 3536 1752 3602 forent,
1791 3555 1895 3592 Lxx
1928 3547 2044 3594 tan-

469 3641 584 3686 tum
645 3629 926 3699 Scriptura
975 3629 1298 3684 memoravit
1319 3631 1358 3682 '.
1408 3627 1486 3682 Ita
1520 3644 1644 3682 cum
1689 3629 1757 3683 ad
1805 3639 2042 3686 montem

469 3735 574 3774 Lux
625 3719 802 3774 vocati
837 3719 1091 3782 fuissent,
1131 3715 1518 3772 accedentibus
1545 3717 1682 3774 Elad
1714 3725 1770 3772 et
1793 3716 2040 3784 Modad',

469 3829 618 3869 um
655 3821 783 3868 sunt
821 3812 1040 3881 reperti.
1081 3809 1352 3864 Praeterea
1393 3823 1516 3866 cum
1540 3805 1715 3876 LXX,
1752 3807 2042 3864 Ptolemaeo

468 3913 753 3977 regnante,
782 3918 972 3958 sacros
1001 3899 1552 3970 Librosinterpretati
1578 3902 1705 3962 sint,
1725 3915 1826 3955 nos
1861 3909 2040 3954 tamen

467 3995 778 4065 compendii
835 3994 1008 4065 gratia
1060 3992 1416 4063 Septuaginta
1466 3991 1706 4046 virorum
1750 3991 2042 4046 editionem

469 4089 752 4144 nominare
784 4085 1192 4142 consuevimus.
1223 4083 1315 4137 Sic
1337 4092 1392 4137 et
1419 4098 1484 4136 ιιι
1509 4083 1669 4137 modo
1697 4081 1894 4152 regina:
1925 4097 2042 4136 mea

467 4180 688 4251 quidem
739 4179 1012 4235 sententia
1063 4181 1506 4231 commemoratae
1547 4183 1707 4238 sunt,
1766 4181 1824 4228 ut
1867 4183 2044 4228 extre-

467 4273 573 4326 mis
607 4272 866 4340 utrinque
899 4269 1132 4325 sublatis
1177 4267 1390 4320 medius
1433 4266 1522 4320 ille
1559 4265 1946 4334 sexagenarius
1975 4265 2046 4320 ad

468 4365 696 4434 ﬁguram
735 4372 790 4416 et
816 4363 1106 4431 imaginem
1139 4358 1356 4428 1082
1389 4371 1452 4409 ac
1485 4355 1778 4426 perfectam
1809 4361 2046 4408 contem-

468 4456 764 4524 plalionem
795 4451 1130 4506 evehemlatn
1165 4455 1480 4518 superesset
1507 4463 1523 4500 :
1556 4447 1702 4502 senis
1729 4445 1927 4514 quippe
1947 4443 2044 4498 de-

467 4543 694 4596 cadibus
742 4557 836 4596 sex
882 4541 1096 4595 dierum
1133 4537 1401 4592 circuitus
1448 4536 1772 4598 absolvitur,
1823 4543 1882 4588 ut
1917 4549 2044 4589 san-

2147 3263 2358 3330 γενεὰς,
2377 3263 2588 3340 ,αἵτινες
2611 3265 2874 3336 ἑξήκοντα
2905 3267 2990 3322 διὰ
3011 3270 3109 3340 τὴν
3142 3271 3434 3342 συντομίαν
3459 3275 3726 3347 ἠρίθμην-

2143 3369 2233 3404 ται
2259 3369 2271 3380 ·
2320 3357 2411 3406 καὶ
2451 3353 2560 3424 γὰρ
2597 3356 2656 3408 ἑν
2685 3359 2748 3426 τῇ
2783 3359 2974 3430 ἐρήμῳ
3019 3361 3386 3432 ἑϐδομήκοντα
3414 3364 3510 3418 δύο
3543 3367 3728 3420 στελε-

2143 3443 2254 3514 χῶν
2297 3445 2553 3513 φοινικῶν
2596 3447 2984 3518 ὑπαρχόντων,
3037 3453 3407 3525 ἑϐδομήκοντα
3456 3459 3490 3524 ἡ
3536 3458 3730 3529 Γρα-ῳὴ

2143 3537 2414 3608 ὠνόμασε,
2454 3539 2547 3592 καὶ
2589 3541 2669 3602 εἰς
2702 3540 2762 3594 τὸ
2803 3540 2926 3612 ὄρος
2961 3546 3458 3617 προσκεκλημένων
3490 3550 3726 3620 ἑ-ὃδομή-

2143 3643 2326 3692 κοντα,
2367 3629 2736 3699 ἑϐδομήκοντα
2771 3631 2864 3684 δύο
2911 3634 3257 3703 εὑρίσκονται
3303 3639 3402 3690 σὺν
3453 3638 3534 3709 τῷ
3571 3641 3728 3698 Ἐλὰδ

2145 3719 2238 3771 καὶ
2257 3718 2470 3772 Μωδάδ.
2501 3720 2608 3772 Καὶ
2628 3720 2995 3794 ἑϐδομήκοντα
3015 3725 3107 3778 δύο
3131 3728 3576 3798 ἑρμηνεύσαντας
3589 3734 3608 3762 ⁵
3633 3734 3726 3786 ἐπὶ

2144 3809 2498 3879 Πτολεμαίου,
2535 3810 2622 3866 διὰ
2658 3811 2716 3864 δὲ
2753 3812 2849 3883 τὴν
2900 3816 3192 3883 συντομίαν
3239 3817 3511 3890 εἰώθαμεν
3543 3821 3724 3890 λέγειν

2142 3898 2250 3952 τῶν
2284 3901 2678 3972 Ἐϐδομήκοντα
2710 3905 2807 3975 τὴν
2837 3906 3146 3977 ἑρμηνείαν.
3179 3908 3334 3963 Οὕτω
3364 3913 3460 3964 καὶ
3481 3912 3579 3966 νῦν
3603 3915 3724 3986 ἑξη-

2145 4007 2308 4044 κοντα
2329 3991 2657 4061 βασίλισσαι,
2677 3990 2848 4064 οἶμαι,
2865 3996 3129 4067 εἴρηνται,
3143 3999 3528 4072 ἐξαιρουμένου
3553 4005 3650 4057 τοῦ
3665 4023 3720 4058 τε

2144 4077 2346 4134 ἄνωθεν
2364 4081 2595 4152 ἀριθμοῦ
2633 4085 2724 4136 καὶ
2752 4084 2845 4137 τοῦ
2889 4085 3151 4152 κάτωθεν,
3175 4089 3264 4142 διὰ
3295 4090 3354 4142 τὸ
3395 4093 3726 4161 μεσαίτατον

2143 4169 2252 4223 τῶν
2283 4171 2544 4242 ἑξήκοντα
2561 4173 2697 4244 πρὸς
2727 4175 2928 4239 τύπους
2957 4179 3048 4230 καὶ
3069 4180 3354 4251 ἀναγωγὴν
3387 4183 3484 4254 τῆς
3515 4186 3722 4248 τελείας

2145 4259 2394 4331 θεωρίας.
2434 4263 2650 4334 Ἐπειδὴ
2671 4263 2780 4334 γὰρ
2796 4265 2862 4318 δι’
2889 4266 2948 4333 ἒξ
2964 4267 3199 4324 δεκάδων
3222 4272 3334 4340 (27)
3355 4276 3454 4344 τὴν
3479 4277 3578 4348 τῆς
3601 4280 3722 4344 ἑξκ-

2146 4349 2352 4422 ημέρου
2384 4351 2722 4424 πληροῦσθαι
2755 4357 3000 4427 περίοδον
3031 4361 3318 4430 συμϐαίνει
3344 4365 3364 4394 ⁸
3404 4368 3484 4429 εἰς
3515 4369 3578 4420 τὸ
3601 4387 3722 4423 συν-

2146 4441 2412 4496 άπτεσθαι
2454 4443 2565 4497 ἀπὸ
2596 4445 2832 4517 ἑκάστης
2863 4451 3054 4516 γενεᾶς
3099 4451 3260 4506 ὁσίων
3291 4453 3476 4526 ψυχῶν
3519 4461 3578 4512 ἐν
3605 4460 3726 4529 Θεῷ

2151 4533 2546 4603 βασιλευουσῶν
2593 4537 2734 4592 κατά
2755 4539 2876 4609 -τὴν
2915 4541 3118 4596 πίστιν.
3181 4545 3370 4598 Ἔνθεν
3400 4547 3510 4618 γὰρ
3543 4551 3640 4604 καὶ
3665 4551 3720 4618 ἓξ

466 4643 678 4687 ciarum
705 4633 1012 4686 animarum
1044 4645 1167 4697 quae
1204 4644 1270 4684 ex
1303 4628 1406 4682 ﬁde
1451 4627 1505 4680 in
1542 4625 1650 4680 Deo
1677 4633 1925 4693 regnant,
1955 4623 2044 4676 ﬁat

2151 4623 2327 4695 ὑδρίαι
2357 4625 2702 4697 εὑρίσκονται
2725 4630 2838 4701 (28)
2875 4633 2933 4686 ὲν
2974 4635 3130 4705 Κανᾷ
3155 4636 3254 4705 τῆς
3281 4637 3571 4705 Γαλιλαίας
3597 4641 3722 4695 λίθι-

466 4741 532 4780 ex
557 4723 798 4793 qualibet
825 4721 1176 4792 generatione
1199 4717 1535 4787 coniunctio.
1568 4714 1722 4770 Unde
1743 4721 1796 4768 et
1829 4730 1926 4769 sex
1951 4715 2050 4786 hy-

2153 4733 2271 4784 ναι,
2313 4718 2513 4782 αἵτινες
2543 4719 2794 4791 λείψασαι
2826 4723 2986 4776 πάλιν
3012 4725 3360 4798 ἐπληροῦντο,
3403 4733 3720 4802 χωρήσασαι

539 4882 556 4910 ¹
587 4878 774 4957 Mat-th.
805 4894 845 4940 ι,
885 4876 908 4928 1
940 4891 1102 4957 sqq."
1151 4875 1172 4903 ’
1413 4887 1500 4957 xv,
1539 4869 1630 4957 9.7.
1683 4949 1696 4957 ι
1719 4871 1748 4957 7³
1777 4869 1937 4923 Num.
1971 4885 2044 4934 xu,

2151 4910 2164 4923 .
2239 4871 2261 4902 ‘
2293 4871 2422 4942 Reg.
2462 4875 2784 4945 φερομένην.
2817 4875 2878 4931 F.
2923 4879 3246 4949 φερομένης.
3324 4882 3346 4914 ⁵
3371 4881 3451 4937 Ita
3479 4882 3618 4957 Reg.
3649 4883 3703 4942 Ρ.

465 4949 922 5023 ἑρμηνεύσαντες.
986 4941 1038 4980 ⁷⁸⁷
1059 4942 1184 4998 Haec
1217 4943 1405 4998 leviter
1443 4941 1757 5013 depravata.

535 5105 648 5178 ('27)
692 5103 930 5172 Ἐπειδὴ
963 5102 1072 5178 γὰρ
1105 5100 1274 5178 ἒξ
1299 5097 1582 5178 δεκάδων.
1615 5097 1690 5153 De
1715 5095 2046 5178 num_er_i_se-

465 5169 604 5235 narii
633 5169 1412 5245 perfectioneagitYiu-uvius
1437 5171 1529 5222 lib.
1566 5185 1644 5234 ιιι,
1675 5183 1794 5245 cap.
1827 5169 1877 5223 1.
1899 5169 2040 5222 Idem

465 5241 727 5304 numerus
761 5247 944 5301 decies
970 5241 1374 5311 multiplicatus
1400 5241 1452 5294 in
1484 5255 1551 5292 Lx
1585 5241 1895 5311 reginarum
1924 5254 2040 5311 nu-

463 5335 614 5374 mero
638 5307 1318 5385 comprehenditurjquod
1365 5307 1790 5385 hoc_loco’vult
1844 5307 2038 5378 Epiph.

465 5389 571 5445 Sed
602 5379 845 5442 nonnihil
869 5384 1165 5440 desiderari
1194 5379 1429 5435 videtur.
1468 5379 1670 5433 Ρετιιν.

537 5461 649 5529 (9.8)
679 5459 888 5529 Ἔνθεν
909 5457 1018 5529 ιιηὰρ
1042 5453 1111 5529 τὸ
1139 5450 1545 5529 ἐξαγῳι-σιαῖον.
1589 5450 1806 5503 Boetius
1835 5447 2039 5529 lib.JDe

463 5519 778 5596 arithfcap.
818 5519 1355 5596 l5,’tle_heragonis_,
1381 5536 1680 5596 eorumque
1725 5519 2036 5596 generatio:-

2353 5095 3506 5164 125456789

2146 5165 2278 5248 Tum
2308 5167 2620 5248 intermissis
2653 5167 2820 5248 tribus
2848 5185 2935 5223 eos
2962 5173 3269 5248 conjungas,
3297 5177 3388 5246 qui
3417 5195 3472 5231 se
3501 5193 3716 5248 quater-

2143 5243 2294 5318 narii)
2329 5245 2602 5318 transeunt
2631 5252 2649 5290 :
2687 5247 2916 5318 eternal
2944 5243 3151 5318 quidem
3183 5243 3364 5318 eorum
3405 5243 3637 5318 radices,
3667 5265 3716 5308 et

2138 5306 2508 5428 fundpmenta.
2542 5305 2624 5360 Ea:
2661 5309 2851 5376 quibus
2871 5305 3076 5379 junctis
3119 5328 3294 5370 omnes
3325 5305 3718 5390 hexagonina;

2142 5393 2269 5428 scun
2299 5393 2364 5428 ur

2142 5393 2364 5429 scunmr

2348 5445 3187 5506 159151⁵121

2135 5523 2184 5568 et
2232 5515 2301 5568 ad
2333 5515 2572 5570 eumdem
2595 5516 2860 5590 Δονάὶιιιιιη
2901 5531 3312 5590 consequentes:
3355 5535 3510 5587 atque
3539 5529 3606 5583 ab
3633 5527 3716 5584 his

463 5598 626 5650 nibus
665 5587 850 5666 agens,
892 5587 1276 5666 scribithune
1321 5592 1372 5644 in
1424 5587 1644 5666 modum
1681 5587 1945 5658 produci,
1989 5590 2034 5644 si
2133 5590 2556 5666 sexangzrloruirt
2581 5587 2766 5666 fornice
2793 5587 3105 5666 nascumnr.

463 5663 722 5722 nurneros
747 5665 981 5718 naturali
1013 5664 1200 5718 ordine
1227 5663 1562 5732 disposucris
1591 5681 1603 5715 :

2349 5658 3084 5716 645284566

3323 5736 3528 5796 Par".
