3986 6224
258 411 349 464 731

835 404 1204 462 ADVERSUS
1240 402 1579 459 IIIERESES
1619 402 1745 459 LIB.
1790 399 2058 456 HLTOM.
2102 401 2165 455 11.
2212 431 2282 440 —-
2315 400 2681 460 EXPOSlTlO
2722 402 2926 459 FIDEI.

3421 403 3523 458 78?.

251 531 310 582 ὲν
357 529 549 592 αὐταῖς
592 528 697 581 ἀνὰ
729 527 1003 599 μετρητὰς
1039 526 1132 581 δύο
1160 527 1193 598 ἢ
1228 528 1377 597 τρεῖς
1403 541 1417 555 °
1462 526 1591 597 περὶ
1621 525 1715 577 τοῦ
1739 522 1836 595 μέ-

1946 523 2074 578 dria:
2100 522 2267 578 Cana:
2290 524 2347 577 in
2385 521 2609 578 Galilrea
2637 525 2862 594 lapideae
2893 523 3062 580 fuisse
3087 522 3366 583 dicuntur,
3403 534 3524 593 quae

250 636 384 690 τρου
412 620 511 691 τῆς
534 619 778 682 nautae
795 620 888 672 καὶ
914 619 1058 682 Νέας
1078 618 1351 689 Διαθήκης
1373 617 1468 671 καὶ
1490 615 1720 689 Τριάδος
1739 613 1835 668 τοῦ

250 711 642 783 πληρώματος.
677 710 890 775 Λῖτινες
912 711 1020 764 ἀπὸ
1059 710 1152 764 τοῦ
1187 709 1380 772 ὓδατος
1398 710 1477 772 εἰς
1503 705 1644 762 οἶνον
1667 707 1837 778 ἄκρα-

248 819 344 857 τον
381 801 836 874 μεταϐέϐληνται,
881 802 1253 874 πληρωθεῖσαι
1288 803 1370 863 είς
1407 799 1705 871 εὐφρασίαν
1732 798 1836 867 γάο

256 914 403 966 μων,
452 895 547 949 καὶ
592 894 724 947 υἱῶν
750 895 861 948 τῶν
890 892 1210 966 ἀνθρώπων.
1262 891 1453 946 Ἔνθεν
1491 889 1684 962 γὰρτὸ
1714 889 1837 957 ἑξα-

251 989 509 1055 γωνιαῖον
524 985 770 1042 καλεῖται
792 986 942 1058 παρὰ
956 988 1069 1049 τοῖς
1087 984 1285 1052 ἔξωθεν
1300 984 1500 1052 λόγοις,
1513 982 1602 1037 διὰ
1619 981 1837 1054 τριάδος

252 1079 349 1131 καὶ
365 1077 656 1148 ἑϐδομάδος
682 1080 762 1142 εἰς
781 1076 1051 1131 εἰκοσιένα
1073 1075 1304 1148 ἀριθμὸν
1328 1072 1834 1146 γεωμετρούμενον,

251 1165 314 1224 οῦ
348 1169 700 1238 ἑξαγωνιαίου
732 1169 977 1242 σημασία
1003 1170 1118 1223 ἐστὶ
1142 1166 1473 1240 πληρώσεως
1504 1166 1599 1220 τοῦ
1635 1164 1839 1229 παντὸς

250 1262 534 1334 ὁρωμένου
572 1262 789 1327 κύτους,
827 1260 916 1315 διὰ
947 1261 1009 1314 τὸ
1039 1261 1277 1332 τετραχῆ
1305 1259 1448 1329 ἔχειν
1473 1257 1616 1329 (‘29),
1661 1256 1738 1320 ὡς
1760 1256 1836 1308 εἰ-

252 1357 399 1417 πεῖν,
426 1353 486 1408 τὸ
521 1353 905 1425 τετραγώνων,
933 1351 1250 1423 ὑποδάθραν
1291 1367 1351 1404 τε
1411 1350 1504 1406 καὶ
1554 1349 1655 1420 τὴν
1697 1347 1839 1401 ἄνω-

251 1445 346 1499 θεν
386 1447 487 1517 τῆς
517 1445 841 1518 ὀροφώσεως
866 1446 1095 1516 σκέπην,
1123 1444 1282 1498 ἕκτον
1308 1442 1540 1515 ἀριθμὸν
1570 1439 1763 1495 τελεῖν.

1941 625 2065 668 cum
2107 621 2293 670 essent
2337 615 2637 681 exhaustae,
2690 631 2885 672 rursus
2927 617 3246 687 implentur,
3295 616 3524 687 singulae

1943 714 2202 762 metretas
2251 706 2390 762 duas
2437 716 2618 764 tresve
2666 710 2985 779 capientes'
3017 710 3148 778 :qui
3203 708 3399 765 modus
3454 709 3521 763 ad

1930 786 2114 850 Vetus
2152 794 2476 867 Novumque
2512 795 2926 854 Testamentum
2958 807 3013 854 et
3042 799 3329 855 Trinitatis
3369 814 3521 854 com-

1940 884 2277 954 plementum
2305 888 2560 944 refertur.
2607 888 2821 945 Eaedem
2853 906 3016 961 porro
3050 891 3255 963 hydria:
3286 908 3352 947 ex
3379 907 3519 961 aqua

1940 977 1997 1029 in
2041 991 2252 1032 merum
2284 979 2468 1034 vinum
2518 996 2795 1037 conversae
2827 987 2989 1048 sunt,
3034 999 3157 1038 cum
3200 983 3265 1037 ad
3306 987 3524 1054 nuptia-

1940 1085 2061 1123 rum
2094 1070 2424 1127 hilaritatem
2448 1082 2501 1128 et
2525 1072 2759 1130 ﬁliorum
2794 1075 3075 1130 hominum
3101 1076 3519 1132 oblectationem

1939 1161 2175 1232 impletae
2218 1161 2471 1222 fuissent.
2517 1167 2657 1222 Hinc
2695 1168 2861 1224 etiam
2904 1170 3199 1240 sexangula
3236 1186 3265 1224 ιι
3312 1172 3523 1225 mathe-

1941 1251 2157 1307 maticis
2203 1251 2372 1323 ﬁgura
2411 1258 2746 1324 nominatur,
2793 1275 2913 1329 quae
2945 1276 3040 1330 per
3091 1262 3393 1316 ternarium
3446 1277 3525 1316 se-

1940 1344 2359 1416 ptenariumque
2398 1346 2467 1401 ad
2499 1365 2589 1402 xxt
2626 1353 2953 1420 geometrica
3004 1353 3376 1409 modulatione
3410 1370 3526 1424 per-

1945 1436 2206 1490 ducitur:
2240 1454 2346 1507 qua
2376 1440 2594 1508 quidem
2631 1443 2947 1515 hexagonus
2992 1447 3161 1501 totius
3196 1448 3524 1502 universita-

254 1538 326 1592 tis
362 1539 637 1609 implelam
678 1536 985 1592 vastitatem
1028 1534 1335 1606 signiﬁcat;
1385 1548 1512 1588 nam
1557 1531 1648 1602 qui
1701 1531 1756 1583 in
1813 1541 1878 1581 eo
1918 1536 2003 1580 est
2053 1527 2466 1600 quadrangulus
2513 1535 2924 1601 quaternm-ium
2992 1551 3318 1601 numerum,
3375 1536 3523 1590 hasis

255 1649 384 1689 vero
415 1649 478 1688 ac
507 1633 758 1702 superior
790 1647 915 1702 pars
941 1632 1054 1687 sive
1087 1630 1359 1700 fastigium
1392 1629 1668 1685 senarium
1701 1622 2011 1696 perficiunt.

321 1727 401 1780 E'.
454 1725 593 1778 Ἀλλ’
625 1725 712 1778 ἵνα
765 1725 839 1797 μὴ
886 1725 967 1787 εἰς
1008 1724 1209 1788 πλάτος
1254 1722 1480 1794 μηκύνω
1528 1720 1618 1774 τὸν
1653 1719 1835 1786 λόγον,

2018 1712 2080 1768 V.
2125 1712 2229 1769 Sed
2256 1731 2323 1771 ne
2353 1717 2567 1788 longior
2600 1719 2723 1784 sim,
2763 1721 2896 1775 satis
2928 1721 3193 1776 hactenus
3220 1722 3284 1776 de
3318 1722 3519 1792 reginis

254 1812 418 1867 πάλιν
454 1812 652 1876 ἱκανῶς
685 1813 828 1884 ἔχειν
856 1813 1059 1884 νομίζω
1090 1813 1217 1885 περὶ
1248 1812 1355 1865 τῶν
1384 1811 1647 1883 ἐξήκοντα
1675 1808 1833 1880 βασι-

1946 1805 2046 1862 illis
2090 1821 2157 1861 ιχ
2191 1807 2398 1863 dictum
2448 1811 2722 1878 arbitror,
2774 1814 2877 1868 hoc
2918 1821 3033 1879 est,
3075 1816 3519 1885 generationibus

254 1905 452 1960 λισσῶν
476 1905 580 1970 ἓως
614 1906 713 1977 τῆς
752 1904 846 1959 τοῦ
874 1904 1112 1977 Χριστοῦ
1152 1905 1453 1977 παρουσίας
1490 1903 1692 1973 γενεῶν
1718 1904 1839 1975 ἀρι-

253 1997 567 2069 θμηθεισῶν
609 1997 680 2050 τὰ
728 1998 1013 2069 είρημένα.
1072 1997 1227 2052 Μετὰ
1268 1998 1325 2051 δὲ
1357 1999 1449 2052 τὸν
1481 1997 1713 2071 Χριστὸν
1746 1995 1838 2050 καὶ

254 2089 414 2160 δεῦρο
456 2088 841 2161 τυγχανουσῶν
879 2089 1064 2143 λοιπὸν
1096 2089 1320 2158 γενεῶν,
1361 2088 1541 2153 καθὼς
1578 2087 1726 2158 αὐτῷ
1763 2086 1838 2157 τῷ

253 2182 446 2253 Κυρίῳ
492 2183 639 2252 μόνῳ
683 2180 966 2250 ἔγνωσται.
1025 2182 1222 2234 Οὐκέτι
1251 2180 1360 2254 γὰρ
1394 2181 1533 2235 κατὰ
1565 2180 1759 2249 γενεὰν
1788 2181 1838 2234 οἱ

250 2273 480 2344 ἀριθμοὶ
513 2274 662 2344 παρά
711 2290 852 2327 τισιν
902 2272 1276 2344 ἀνηνέχθησαν
1314 2273 1347 2345 ἢ
1398 2273 1834 2343 κατετάχθησαν,

252 2365 339 2420 διὰ
364 2367 426 2419 τὺ
448 2365 890 2438 ὑποσιρραγίσθαι
924 2365 1036 2437 ('50)
1062 2366 1154 2419 τὸν
1178 2366 1406 2437 ἀριθμὸν
1451 2367 1547 2437 τῆς
1584 2366 1839 2437 τοιαύτης

253 2462 566 2526 ὑποθέσεως
599 2462 694 2516 καὶ
715 2461 1138 2516 ἀποκεκλεῖσθαι
1158 2461 1247 2516 διὰ
1271 2462 1363 2515 τοῦ
1387 2462 1495 2516 τῶν
1513 2461 1837 2532 βασιλισσῶν

254 2551 489 2624 ἀριθμοῦ
512 2552 617 2616 ἕως
645 2551 810 2605 αὐτοῦ
843 2554 943 2622 τῆς
971 2552 1236 2623 ὲνσάρκου
1264 2552 1564 2622 παρουσίας
1596 2553 1837 2624 ἠριθμη-

255 2646 443 2715 μένου.
473 2644 677 2699 Λοιπὸν
705 2643 814 2714 γὰρ
838 2645 887 2695 οἱ
919 2644 1211 2711 μετέπειτα
1246 2646 1602 2716 συγγραφεῖς,
1629 2645 1661 2714 ἢ
1686 2644 1840 2713 λογο-

251 2735 479 2806 γράφοι,
522 2735 556 2805 ἢ
589 2735 973 2806 χρονογράφοι,
1002 2734 1035 2806 ἢ
1075 2735 1498 2807 ἱστοριογράφοι,
1533 2737 1715 2791 οὐκέτι
1741 2753 1837 2806 γε-

251 2829 379 2892 νεὰς
426 2827 771 2899 ἀριθμοῦσιν,
806 2826 920 2881 ἀλλ’
970 2826 1002 2896 ἢ
1039 2825 1304 2896 βασιλέων
1345 2829 1445 2891 τὰς
1468 2828 1718 2899 διαδοχὰς
1744 2830 1839 2884 καὶ

252 2919 480 2990 χρόνους
531 2918 672 2972 κατὰ
735 2918 825 2970 τὸν
859 2917 967 2970 τῶν
1005 2917 1141 2971 ἐτῶν
1187 2918 1417 2989 ἀριθμὸν
1467 2918 1697 2972 ἑκάστου
1722 2919 1836 2988 (51)

254 3009 524 3081 βασιλέως
547 3025 560 3040 ⁶
615 3009 742 3063 ὥστ’
780 3009 1078 3075 ὲξάπαντος
1111 3003 1167 3063 εὗ
1203 3009 1347 3079 μάλα
1382 3010 1474 3063 τὸν
1509 3010 1726 3063 συνετὸν
1760 3027 1839 3079 γι-

252 3102 505 3165 νώσκειν,
536 3102 616 3155 ὅτι
658 3102 753 3154 καὶ
794 3101 902 3154 ἀπὸ
943 3100 1132 3154 τούτου
1172 3101 1265 3154 τοῦ
1296 3100 1610 3173 ζητήματος
1638 3102 1700 3156 τὸ
1729 3104 1837 3156 πᾶν

1939 1915 2061 1969 quze
2082 1899 2146 1953 ad
2166 1900 2443 1957 Christum
2471 1920 2646 1975 usque
2669 1916 3049 1961 numerantur.
3077 1908 3206 1964 Post
3229 1908 3512 1965 Chrismm

1940 2006 2070 2046 vero
2112 1992 2177 2047 ad
2230 1992 2332 2048 hoc
2392 2002 2606 2066 tempus
2649 2005 2782 2067 quot
2834 1988 3214 2069 generationes
3263 2001 3521 2073 deinceps

1940 2086 2330 2149 successerint,
2367 2087 2518 2141 solus
2567 2089 2718 2142 novit
2750 2088 3032 2146 Dominus.
3073 2091 3191 2147 Non
3220 2094 3365 2148 enim
3406 2109 3522 2150 am-

1941 2176 2082 2245 plius
2121 2193 2219 2247 per
2253 2180 2669 2249 generationes,
2712 2176 3018 2253 temporum
3064 2195 3147 2241 est
3186 2188 3253 2241 ab
3287 2189 3397 2243 ullo
3427 2189 3522 2245 de—

1945 2267 2108 2322 ducta
2137 2268 2458 2340 digestaque
2489 2272 2659 2327 series
2689 2292 2701 2327 :
2738 2290 2836 2344 pro
2858 2290 2923 2330 eo
2948 2277 3092 2346 quod
3128 2294 3389 2336 numerus
3418 2282 3520 2336 iste

1940 2374 2037 2429 per
2067 2359 2215 2413 illam
2251 2361 2424 2431 ipsam
2455 2364 2765 2434 reginarum
2795 2369 3263 2424 enumerationem
3296 2388 3418 2441 quae
3449 2375 3519 2427 ad

1939 2448 2219 2507 Christum
2252 2452 2545 2511 Dominum
2580 2465 2958 2524 recensentur,
2993 2461 3138 2515 velut
3192 2463 3516 2534 obsignatus

1940 2558 2005 2599 ac
2037 2545 2332 2601 conclusus
2379 2553 2483 2601 est.
2530 2545 2666 2602 Nam
2719 2551 2811 2618 qui
2860 2556 3206 2621 postmodum
3258 2558 3518 2614 exstitere

1941 2635 2240 2706 scriptores
2288 2651 2351 2691 ac
2403 2648 2884 2709 commentatores,
2936 2652 3030 2698 aut
3080 2646 3398 2720 chronologi
3435 2659 3515 2704 vel

1942 2726 2191 2783 historici
2215 2729 2397 2784 nullas
2420 2731 2654 2801 amplius
2676 2736 3060 2803 generationes
3087 2752 3395 2805 numerant,
3421 2744 3515 2798 sed

1940 2832 2129 2888 regum
2152 2821 2534 2876 successiones
2552 2837 2616 2877 ac
2632 2830 2877 2895 tempora
2905 2828 3203 2883 secundum
3227 2847 3515 2887 numerum

1939 2924 2209 2968 annorum
2244 2915 2511 2984 cujusque
2542 2916 2706 2985 regis.
2752 2915 2829 2971 Ex
2868 2919 3067 2988 quibus
3107 2921 3348 2990 prudens
3384 2925 3517 2979 illud

1939 3003 2175 3073 quisque
2210 3002 2369 3059 facile
2410 3011 2589 3075 potest
2623 3006 3077 3074 animadvertere,
3112 3019 3166 3064 et
3190 3027 3253 3065 ex
3281 3028 3343 3066 ea
3370 3030 3520 3082 quae-

1943 3094 2122 3150 stione
2155 3095 2398 3150 indicare
2419 3113 2431 3149 :
2452 3093 2689 3166 Tempus
2718 3111 2880 3152 omne
2921 3098 2974 3152 in
2997 3114 3108 3153 an
3137 3102 3517 3172 generationes

250 3191 350 3247 τοῦ
380 3194 574 3265 χρόνου
630 3193 940 3265 συνετμήθη
989 3195 1068 3257 εἰς
1111 3193 1203 3247 τὸν
1381 3164 1458 3264 es;
1490 3164 1692 3263 γενεῶν
1733 3193 1836 3258 ἓως

1946 3183 2009 3237 ad
2057 3183 2337 3239 Christ-um
2398 3164 2904 3256 usque—redactum
2965 3164 3169 3259 fuisse:
3230 3203 3515 3264 pr0pterca

253 3285 494 3358 Χριστοῦ
529 3286 778 3358 ἀριθμὸν,
813 3285 901 3340 διὰ
931 3285 991 3338 τὸ
1037 3285 1232 3356 μηκέτι
1266 3287 1404 3357 μετὰ
1435 3287 1668 3359 Χριστὸν
1697 3286 1841 3341 κατὰ

249 3379 354 3451 τὴν
381 3379 637 3434 ὑπόθεσιν
659 3379 861 3450 ταύτην
881 3379 968 3433 διὰ
987 3379 1347 3449 γενεαλογιῶν
1363 3381 1489 3444 τοὺς
1514 3379 1608 3433 τοῦ
1630 3379 1837 3451 κόσμου

248 3470 480 3541 χρόνους
516 3469 866 3541 ἀριθμεῖσθαι
889 3510 905 3535 ,
955 3470 1330 3541 τελειουμένου
1379 3473 1438 3524 ὲν
1473 3472 1573 3543 μιᾷ
1608 3469 1841 3525 συνενὼ-

253 3574 341 3613 σει
368 3577 427 3614 τε
478 3560 852 3634 σημαινομένῃ
875 3561 1017 3614 κατὰ
1049 3562 1108 3615 τὸ
1144 3561 1244 3632 τῆς
1271 3561 1518 3626 εὐδοκίας
1545 3561 1679 3615 Θεοῦ
1705 3563 1841 3633 ἀμε-

250 3654 520 3709 τάστατον
550 3653 778 3726 ἔρεισμα
796 3669 810 3684 ο
839 3654 915 3718 ὡς
937 3653 1044 3708 ἀπὸ
1069 3654 1169 3723 τῆς
1190 3654 1363 3725 αὐτῆς
1390 3654 1488 3726 τὴν
1519 3655 1611 3709 τοῦ
1644 3654 1840 3716 αἰῶνος

255 3747 571 3800 συντέλειαν
617 3747 1074 3817 συντεμνομένην,
1121 3748 1215 3799 καὶ
1244 3747 1337 3798 ἐπὶ
1381 3746 1443 3799 τὸ
1475 3747 1839 3817 μεταϐατικὸν

251 3840 351 3893 τοῦ
380 3839 663 3910 μέλλοντος
696 3839 891 3902 αἰῶνος
922 3839 1323 3910 πληρουμένην.
1380 3839 1471 3891 Διὸ
1503 3839 1672 3907 λέγει,
1715 3840 1839 3893 Μία

252 3931 391 3984 ἐστὶ
424 3929 742 3999 περιστερά
783 3947 935 3999 μου,
976 3930 1177 3983 τελεία
1199 3945 1353 3999 μου·
1411 3928 1486 3991 ὡς
1528 3929 1634 3992 ἓως
1670 3931 1839 4001 αὐτῆς

251 4023 365 4077 τῶν
402 4023 619 4077 πάντων
656 4021 1066 4092 τελειουμένων,
1098 4024 1199 4077 κᾶν
1227 4040 1288 4075 τε
1314 4023 1497 4093 χρόνοι
1532 4023 1625 4076 καὶ
1655 4024 1839 4094 καιροὶ

249 4115 494 4169 ἐνιαυτοί
520 4132 580 4168 τε
609 4115 701 4168 καὶ
730 4114 1074 4185 διαστήματα
1096 4115 1315 4183 γενεῶν,
1336 4115 1479 4168 κατά
1507 4133 1565 4167 τε
1583 4115 1839 4185 βασιλέας

247 4206 287 4280 ἦ
321 4208 561 4270 ὑπάτους
587 4207 620 4277 ἢ
649 4206 986 4277 ὀλυμπιάδας
1027 4205 1059 4278 ἢ
1089 4205 1409 4277 ἡγεμονίας,
1434 4208 1462 4259 ὁ
1487 4206 1622 4260 αἰὼν
1647 4208 1838 4261 ἑαυτὸν

247 4300 633 4371 ἁριθμήσειεν·
664 4299 986 4370 ὀγδοήκοντα
1009 4298 1063 4352 δὲ
1100 4298 1389 4362 παλλακαὶ,
1418 4301 1620 4365 αἵτινες
1655 4303 1713 4356 ἐν
1742 4303 1838 4373 μέο

251 4408 337 4462 σῳ
364 4389 473 4443 τῶν
509 4388 812 4459 βασιλίδων,
848 4388 941 4441 καὶ
971 4387 1076 4459 πρὸ
1114 4389 1212 4459 τῆς
1241 4388 1506 4461 ὲνσάρκου
1540 4389 1833 4459 βασιλείας,

246 4482 504 4538 τουτέστι
532 4481 629 4552 τῆς
655 4480 910 4545 πίστεως,
939 4480 1034 4533 καὶ
1059 4480 1228 4550 αὐτῆς
1264 4480 1466 4551 ταύτης
1493 4482 1592 4552 τῆς
1618 4480 1837 4553 νύμφης
1869 4509 1914 4567 D

247 4574 351 4627 καὶ
386 4572 659 4644 παρθένου
705 4574 798 4626 καὶ
835 4570 1079 4627 ἀσπίλου
1106 4588 1167 4624 τε
1214 4571 1309 4626 καὶ
1335 4574 1693 4645 περιστερᾶς,
1736 4574 1834 4644 τῆς

250 4664 429 4737 μόνης
451 4666 518 4736 τῇ
557 4664 724 4736 μητρὶ
749 4662 843 4717 καὶ
868 4665 933 4734 τῇ
962 4661 1216 4734 τεκούσῃ.

328 4842 421 4909 ς’.
455 4837 750 4909 Ἐκκλησία
766 4838 875 4909 γάρ
896 4839 1040 4907 ἐστιν
1066 4838 1173 4891 ἀπὸ
1196 4839 1326 4908 μιᾶς
1350 4837 1583 4901 πίστεως
1606 4856 1853 4912 γεγεννη-

248 4932 416 5006 μένη,
443 4931 695 5002 τεχθεῖσα
724 4931 780 4984 δὲ
802 4931 889 4984 διὰ
911 4929 1227 5000 Πνεύματος
1255 4930 1433 4998 ἁγίου,
1457 4928 1552 5001 μία
1584 4932 1649 5001 τῇ
1676 4929 1834 5004 μόνῃ,

247 5025 350 5093 καὶ
381 5025 479 5097 μία
502 5026 568 5096 τῇ
592 5023 955 5096 γεγεννηκυία
971 5039 984 5054 ⁸
1017 5023 1109 5076 καὶ
1132 5024 1254 5077 ὅσαι
1273 5021 1411 5092 μετὰ
1433 5019 1637 5092 ταύτην
1669 5017 1835 5094 ἦλθον

330 5180 349 5212 ⁸
389 5177 548 5234 Joan.
594 5194 655 5242 ιι,
686 5177 713 5231 1
759 5192 882 5247 sqq.
960 5178 981 5209 ²
1011 5175 1174 5231 Cant.
1207 5191 1282 5239 vr,
1314 5174 1367 5229 8.

322 5330 439 5403 (29)
470 5330 574 5386 Διὰ
603 5329 669 5384 τὸ
701 5329 959 5399 τετραχῆ
997 5329 1181 5399 ἔχειν.
1213 5328 1339 5386 Haec
1371 5345 1440 5386 ex
1475 5338 1740 5402 sequente
1775 5331 1841 5386 ﬂ-

249 5417 392 5475 gura
417 5403 709 5475 perspicua
734 5409 884 5457 sunt.

913 5642 933 5694 1
1149 5640 1165 5693 1

1026 5811 1046 5865 1

1940 3277 2086 3348 quod
2122 3276 2380 3347 deinceps
2406 3285 2530 3347 post
2555 3278 2854 3343 Christum,
2882 3288 2939 3333 ut
2979 3296 3046 3336 ex
3075 3282 3142 3337 iis
3182 3299 3302 3347 qua:
3328 3286 3520 3357 dispuo

1939 3375 2055 3423 tata
2086 3379 2213 3423 sunt
2237 3378 2481 3439 apparet,
2507 3370 2695 3426 mundi
2724 3377 2969 3441 tempora
3000 3388 3107 3428 non
3143 3378 3378 3447 amplius
3423 3394 3519 3451 per

1939 3460 2285 3531 genealogias
2334 3461 2545 3532 digesta
2589 3470 2737 3517 sunt.
2780 3462 2885 3528 Qui
2920 3464 3138 3533 quidem
3171 3469 3408 3527 mundus
3461 3475 3515 3529 in

1940 3566 2048 3606 una
2079 3550 2171 3605 illa
2200 3567 2471 3606 annorum
2501 3552 2828 3610 collectione
2862 3554 3252 3624 perfectionem
3286 3563 3517 3633 adeptus

1939 3652 2056 3708 est,
2091 3658 2253 3713 quam
2301 3645 2654 3700 immutabilis
2684 3661 2749 3701 ac
2781 3648 2955 3702 solida
2995 3647 3086 3705 Dei
3132 3652 3384 3710 voluntas
3420 3657 3516 3713 ob-

1940 3735 2195 3805 signavit.
2241 3735 2422 3802 Quare
2453 3737 2521 3791 ab
2563 3737 2665 3793 hac
2708 3739 2895 3794 eadem
2928 3741 3156 3811 abrupta
3204 3747 3517 3802 terminata-

1941 3843 2047 3897 que
2083 3828 2266 3883 saeculi
2309 3831 2728 3896 consummatio,
2773 3840 2827 3887 et
2866 3833 2929 3888 ad
2960 3850 3133 3889 aevum
3184 3835 3427 3894 futurum
3460 3852 3519 3895 ut

1940 3918 2231 3988 impleatur
2254 3920 2526 3975 traducta.
2569 3921 2781 3993 1083
2830 3921 2912 3978 Oh
2935 3924 2987 3979 id
3017 3926 3216 3981 dicitur
3249 3946 3262 3982 :
3294 3928 3410 3984 Una
3441 3941 3517 3986 est

1940 4011 2185 4065 columba
2204 4028 2339 4075 mea,
2356 4013 2586 4081 perfecta
2603 4022 2716 4068 mea
2731 4017 2782 4069 ἐ
2811 4018 2965 4086 quasi
2989 4018 3043 4072 in
3069 4020 3240 4090 ipsam
3260 4022 3515 4080 universa

1940 4107 2213 4173 desinant,
2262 4116 2504 4179 tempora
2530 4109 2799 4174 videlicet,
2824 4112 2975 4173 anni,
3012 4128 3074 4166 ac
3105 4116 3513 4183 generationum

1941 4197 2246 4260 intervalla,
2275 4200 2389 4256 sive
2411 4216 2507 4270 per
2532 4216 2705 4270 reges,
2731 4202 2844 4257 sive
2866 4218 2960 4271 per
2981 4207 3257 4272 consules,
3283 4208 3396 4263 sive
3422 4225 3518 4279 per

1939 4293 2296 4364 olympiadas,
2335 4303 2429 4348 aut
2455 4295 2829 4365 magistratus,
2866 4303 3170 4367 temporum
3203 4301 3382 4369 spatia
3416 4318 3517 4355 nu-

1940 4391 2237 4439 merentur.
2288 4384 2576 4456 Octoginta
2630 4400 2794 4455 porro
2833 4388 3149 4442 concubina:
3193 4397 3323 4444 sunt
3374 4391 3515 4447 inter

1940 4477 2160 4547 reginas
2206 4477 2527 4548 interjectae,
2577 4481 2739 4534 etiam
2784 4479 2986 4535 Christi
3033 4496 3140 4550 qua
3187 4483 3351 4539 homo
3394 4495 3510 4553 est,

1940 4584 2110 4638 regno
2137 4569 2371 4639 priores,
2402 4571 2505 4625 hoc
2532 4578 2636 4636 est,
2670 4571 2793 4639 ﬁde,
2828 4573 3057 4643 ipsaque
3081 4589 3281 4643 Sponsa
3311 4579 3516 4647 pariter

1941 4672 2006 4712 ac
2038 4659 2267 4729 virgine,
2303 4660 2529 4727 illibata,
2565 4662 2837 4728 columba,
2883 4679 3004 4734 quae
3045 4664 3207 4719 unica
3240 4667 3399 4721 matri
3432 4677 3517 4725 est

1941 4757 2104 4820 atque
2129 4753 2397 4821 genitrici.

2014 4842 2100 4897 Vl.
2145 4844 2424 4914 Siquidem
2460 4843 2704 4902 Ecclesia
2736 4849 2804 4903 ab
2830 4863 2938 4902 una
2970 4847 3073 4904 fide
3098 4849 3298 4919 genita,
3330 4864 3394 4903 ac
3421 4866 3519 4920 per

1940 4932 2200 5004 Spiritum
2238 4946 2486 4991 sanctum
2522 4937 2577 4992 in
2609 4937 2785 4993 lucem
2831 4939 2998 5006 edita,
3050 4954 3156 4994 una
3189 4948 3275 4996 est
3302 4940 3418 5005 uni,
3462 4950 3517 4994 et

1940 5041 2048 5080 una
2079 5025 2328 5098 genitrici
2353 5044 2484 5084 suae.
2516 5027 2655 5085 Tum
2688 5046 2820 5086 vero
2843 5041 3194 5103 quotcunque
3218 5038 3339 5102 post
3368 5030 3514 5085 illam

1946 5331 2080 5388 Nam
2120 5333 2530 5404 quadrangulus
2566 5333 2782 5391 medius
2821 5333 2965 5391 inter
2992 5333 3131 5390 duas
3165 5332 3403 5391 unitates
3428 5334 3520 5390 in-

1945 5403 2224 5461 tercentus
2250 5413 2355 5460 est.
2382 5403 2593 5460 ’Psnv.

2018 5472 2132 5542 (30)
2172 5476 2632 5547 Ἐπισφραγίσθαι
2662 5473 2894 5545 legimus
2939 5473 3080 5545 apud
3103 5472 3385 5531 PetaVium
3420 5492 3520 5547 pro

1942 5545 2403 5617 ὑπερφρεγίσθαξ-

2019 5614 2318 5688 (51⁷)ᾏΕι1ίίιιι
2355 5614 2565 5688 Petavii
2613 5614 2726 5669 illic
2758 5615 2960 5688 habent
2984 5614 3215 5688 ἕκαστον
3258 5629 3361 5688 pro
3393 5617 3522 5688 έκα-

1946 5685 2327 5739 στου.Ἰ.ειὶηιι
2356 5701 2486 5741 vero
2514 5685 2892 5755 interpretatio
2915 5686 2970 5739 in
2994 5687 3185 5741 iisdem
3217 5695 3302 5742 est
3321 5685 3524 5755 hujnsa

1944 5755 2133 5828 modi;
2177 5755 2266 5828 sed
2305 5772 2483 5827 regum
2502 5759 2870 5828 successiones
2898 5773 2959 5812 ac
2992 5766 3249 5827 tempora,
3298 5771 3524 5828 quorum

1943 5825 2259 5897 singillatim
2283 5824 2449 5882 annos
2478 5824 2801 5884 describunt.
