3986 6224
473 392 579 450 783

1899 386 1961 443 S.
2005 385 2341 442 EPIPHANH
3635 386 3724 445 784

471 510 553 566 vel
583 517 711 564 ante
740 509 1085 585 prodierunt,
1130 505 1453 563 concubium
1500 505 1853 561 nominantur
1881 526 1893 560 :
1924 521 2045 576 quae

2155 508 2242 560 καὶ
2276 506 2383 578 πρὸ
2420 504 2588 576 αὐτῆς
2631 502 2954 568 παλλακιδες
2982 501 3387 574 ὠνομασμέναι,
3441 502 3645 567 αἵτινες
3669 504 3727 556 τδ

469 604 596 657 licet
617 618 647 657 ιι
680 609 1010 657 testamento
1039 612 1092 656 et
1117 599 1433 655 haereditate
1465 614 1572 652 non
1603 612 1832 668 prorsus
1857 597 2046 652 alienae

469 692 694 758 fuerint,
731 693 934 747 nullam
974 701 1153 747 tamen
1185 707 1214 743 a
1249 689 1427 745 Verbo
1460 689 1637 743 dotem
1666 689 2044 755 obtinuerunt,

466 798 570 839 nec
622 783 995 838 infnudentem
1046 797 1106 837 se
1160 781 1421 852 Spiritum
1455 789 1704 834 sanctum
1755 780 1812 834 in
1850 781 2046 850 seipsis

466 883 798 944 exceperunt
834 893 847 930 :
880 873 975 929 sed
1010 874 1180 928 solam
1231 887 1356 926 cum
1406 869 1587 925 Verbo
1622 871 1675 925 in
1709 871 2045 926 conscientia

469 979 569 1018 sua
595 961 1058 1019 necessitudinem
1086 961 1416 1016 habuerunt.
1444 958 1711 1015 Prmelare
1736 960 1880 1015 enim
1904 961 2047 1030 apud

471 1055 726 1111 Hebraeos
749 1055 1052 1109 concubinae
1073 1053 1366 1125 appellatio
1393 1053 1727 1123 concipitur,
1751 1068 1874 1106 cum
1907 1052 2044 1106 Phe-

471 1143 700 1214 legcstha
727 1143 947 1197 dicitur.
973 1141 1067 1198 Est
1088 1149 1269 1198 autem
1291 1141 1490 1213 Pheleg
1517 1141 1710 1197 Latine
1742 1141 2046 1206 dimidium;

469 1236 626 1289 estha
657 1235 925 1288 mulierem
951 1232 1254 1304 signiﬁcat:
1284 1240 1347 1287 ut
1376 1231 1518 1288 idem
1559 1232 1632 1288 sit
1653 1232 1958 1288 concubina
1984 1248 2049 1288 ac

469 1325 754 1380 dimidium
793 1325 1058 1380 mulieris.
1104 1322 1240 1378 Nam
1284 1324 1426 1394 quod
1467 1323 1535 1378 ad
1584 1322 1874 1378 Dominum
1920 1338 2048 1394 spe-

467 1427 603 1481 ctat,
638 1418 926 1473 universos
961 1416 1052 1471 ille
1099 1416 1329 1471 liberam
1365 1415 1431 1469 ad
1466 1416 1642 1471 lucem
1677 1416 1914 1480 vocavit,
1963 1417 2048 1472 his

466 1509 649 1565 verbis
679 1529 692 1563 :
727 1509 865 1562 Dum
910 1509 1076 1562 lucem
1122 1507 1324 1561 habetis
1358 1506 1645 1570 vobiscum,
1679 1507 1736 1560 in
1785 1506 1899 1560 luce
1929 1523 2048 1560 am-

471 1600 649 1654 bulate
683 1601 723 1653 ¹.
759 1600 859 1655 Cui
900 1599 1229 1669 astipulatur
1271 1597 1568 1667 Apostolus
1603 1615 1617 1651 :
1663 1595 1765 1651 Vos
1791 1637 1806 1663 ,
1837 1596 2046 1666 inquit,

429 1733 437 1756 ,
467 1692 727 1758 diciestis
762 1691 884 1760 ﬁlii,
907 1701 953 1745 et
988 1690 1122 1744 lucis
1153 1690 1255 1759 ﬁlii
1279 1690 1322 1744 '.
1351 1690 1487 1743 Item
1525 1689 1632 1742 alio
1666 1688 1722 1742 in
1756 1688 2049 1760 Scriptura:

467 1785 592 1839 loco
621 1802 634 1839 :
667 1784 772 1850 Qui
809 1784 948 1837 male
978 1783 1109 1853 agit.
1142 1783 1254 1837 odit
1282 1782 1471 1847 lucem,
1507 1799 1598 1837 nec
1631 1783 1831 1837 accedit
1863 1784 1934 1837 ad
1965 1784 2049 1838 lu-

2150 599 2258 652 πᾶν
2279 599 2377 651 οὐκ
2403 596 2680 668 ἀλλότριαι
2702 595 3022 666 γεγένηνται
3049 595 3312 666 διαθήκης
3339 595 3433 650 καὶ
3467 596 3725 666 κληρονο-

2151 692 2298 762 μίας,
2328 691 2402 762 μὴ
2443 689 2904 762 πεπροικισμέναι
2934 690 2992 743 δὲ
3019 690 3122 743 ὑπὸ
3157 689 3249 743 τοῦ
3279 689 3476 757 Λόγου,
3524 689 3622 741 καὶ
3655 688 3728 760 μὴ

2147 783 2434 853 δεξάμεναι
2466 782 2733 854 ὑποδοχὴν
2781 781 2875 835 τοῦ
2917 783 3074 849 ἁγίου
3108 781 3446 852 Πνεύματος,
3479 781 3643 851 μόνον
3672 782 3725 834 δὲ

2150 873 2442 942 συνάφειαν
2462 873 2566 926 ὑπὸ
2591 873 2891 942 συνείδησιν
2920 872 3054 941 πρὸς
3083 872 3176 924 τὸν
3210 872 3377 941 Λόγον
3411 873 3720 942 ὲσχηκυῖαι.

2149 967 2344 1031 Καλῶς
2365 967 2473 1036 γὰρ
2487 969 2515 1020 ὁ
2547 965 2794 1036 Ἐϐραῖος
2811 965 2927 1032 τὴν
2941 962 3287 1018 παλλακίδα
3301 962 3530 1034 ἔφρασε,
3548 963 3724 1032 φήσας

2147 1056 2820 1130 αὑτῇ(51⁹)Φε.λέγεο-θαο
2853 1056 3040 1126 φελὲγ,
3066 1055 3095 1107 ὃ
3125 1054 3482 1125 ἑρμηνεύεται
3503 1052 3718 1121 ἣμισυ

2147 1146 2303 1212 ἕσθα,
2551 1147 2638 1201 ἵνα
2681 1145 2840 1218 εἴπῃ,
2884 1146 3056 1216 ἥμισυ
3106 1144 3386 1213 γυναικός.
3431 1145 3598 1196 Ὅσον
3630 1143 3722 1212 μὲν

2146 1239 2258 1311 γὰρ
2281 1233 2417 1311 ἧκεν
2446 1240 2528 1303 είς
2557 1238 2649 1292 τὸν
2669 1237 2896 1310 Κύριον,
2928 1239 3134 1302 πάντας
3165 1236 3434 1305 κέκληκεν
3463 1237 3545 1298 εις
3575 1235 3722 1287 ἐλευο

2149 1330 2329 1403 θέριον
2369 1331 2505 1402 φῶς,
2542 1333 2748 1404 φήσας·
2789 1332 2890 1398 Ὠς
2927 1331 3096 1399 ἔχετε
3141 1329 3210 1383 τὸ
3255 1327 3380 1399 φῶς
3411 1328 3544 1398 μεθ’
3589 1327 3720 1380 ἐαυ-

2148 1423 2286 1488 τῶν,
2321 1425 2390 1478 ἐν
2422 1423 2568 1494 φωτὶ
2596 1421 2986 1491 περιπατεῖτε.
3019 1423 3126 1476 Καὶ
3156 1424 3185 1474 ὁ
3214 1421 3367 1489 ἅγιος
3401 1419 3721 1480 ’Λπόστολος

2149 1515 2353 1585 λέγων⁸
2407 1513 2607 1583 ’Υιιεῖς
2637 1514 2705 1567 δὲ
2746 1514 2972 1583 ἡμέρας
3003 1512 3146 1566 ἐστὲ
3181 1510 3494 1580 τέκνα,κιιὶ
3545 1508 3721 1561 τέκνα

2149 1607 2361 1676 φωτός.
2400 1605 2510 1658 Καὶ
2543 1605 2703 1658 πάλιν
2735 1605 2792 1657 ὲν
2830 1606 2895 1675 τῇ
2932 1602 3053 1673 θείᾳ.
3093 1602 3282 1674 Γραφῇ
3303 1618 3314 1630 ·
3354 1601 3415 1653 Ὀ
3441 1598 3631 1652 ποιῶν
3653 1601 3721 1651 τὰ

2150 1700 2373 1770 φαῦλα,
2395 1699 2561 1768 μισεῖ
2594 1699 2660 1752 τὸ
2704 1697 2850 1768 φῶς,
2888 1699 2985 1752 καὶ
3030 1701 3143 1752 οὐκ
3185 1697 3420 1766 ἔρχεται
3465 1696 3618 1765 πρὸς
3659 1694 3722 1748 τὸ

2152 1790 2295 1858 φῶς.
2329 1789 2485 1842 Οὕτω
2524 1790 2619 1842 καὶ
2669 1789 3033 1854 παλλακίδες,
3082 1789 3183 1842 οὐκ
3209 1791 3266 1841 ὲν
3313 1787 3388 1858 τῷ
3426 1789 3723 1858 προςανεῖ,

465 1891 576 1931 cem
605 1875 646 1930 ³.
682 1873 772 1928 Sic
821 1875 984 1945 igitur
1027 1874 1348 1928 concubina:
1392 1889 1502 1928 non
1545 1873 1742 1942 palam,
1776 1889 1885 1928 non
1925 1861 2045 1944 per-

2155 1883 2246 1934 οὐκ
2293 1882 2350 1933 ἐν
2387 1883 2454 1952 τῇ
2495 1879 2810 1943 τελειώσει,
2858 1879 2979 1932 οὐδὲ
3015 1881 3072 1931 ἐν
3115 1879 3298 1948 προικὶ
3343 1878 3573 1945 ἄγονται
3614 1879 3722 1939 τοῖς

469 1968 628 2030 i'ecle,
665 1981 842 2037 neque
878 1967 1076 2021 dotatae
1099 1966 1376 2020 ducuntur
1416 1980 1446 2019 a
1497 1966 1666 2031 viris;
1717 1981 1782 2020 ac
1831 1967 2048 2021 tametsi

469 2059 786 2114 nonnullam
813 2073 936 2112 cum
961 2059 1203 2112 virorum
1229 2057 1554 2127 corporibus
1586 2056 2046 2112 necessitudinem

468 2151 811 2213 cntitrahanl,
862 2149 1046 2203 libera:
1075 2149 1430 2204 nihilominus
1475 2149 1684 2203 honore
1715 2149 1967 2218 conjugis
1993 2156 2048 2203 et

467 2240 827 2312 appeliatiune
865 2253 928 2292 ac
965 2238 1220 2294 ﬁrmitate
1246 2279 1260 2302 ,
1309 2239 1456 2303 dote,
1505 2239 1842 2308 nuptialibus
1887 2238 2048 2295 donis

467 2348 532 2387 ac
573 2331 897 2386 muneribus
922 2369 938 2394 ,
990 2329 1232 2399 legitima
1267 2328 1502 2399 denique
1543 2329 1930 2398 conjunctione
1964 2341 2051 2382 ca-

466 2432 609 2479 rent.
649 2422 926 2493 Ejusmodi
960 2429 1088 2476 sunt
1121 2421 1398 2492 octoginta
1425 2421 1528 2474 illa:
1560 2420 1879 2490 singillatim
1907 2435 1935 2472 a
1964 2434 2050 2476 me

469 2517 787 2586 pereeusitze
824 2515 1081 2570 haereses.
1126 2515 1187 2568 In
1231 2514 1430 2584 quibus
1465 2513 1664 2566 mirum
1706 2511 1838 2565 illud
1879 2510 2048 2566 videri

469 2609 670 2662 nemini
695 2609 876 2671 debet,
909 2607 955 2661 si
988 2606 1042 2659 in
1070 2619 1398 2675 unaquaque
1428 2603 1649 2672 regione
1679 2601 1904 2672 singula:
1929 2601 2050 2655 aliis

469 2698 798 2771 quibusdam
829 2697 1144 2753 numinibus
1189 2696 1330 2750 allici
1362 2694 1595 2751 soleant.
1637 2693 1779 2760 Quin
1819 2701 1874 2748 et
1917 2691 2050 2746 illud

468 2793 850 2848 observatione
886 2789 1108 2860 dignum
1160 2796 1279 2852 est,
1333 2799 1708 2856 saepenumero
1751 2782 2052 2854 quamlibet

470 2901 566 2958 per
619 2900 738 2940 sese
777 2883 1028 2938 haeresim
1080 2881 1308 2935 scissam
1361 2893 1426 2932 ac
1475 2875 1705 2932 divisam
1761 2876 1817 2930 in
1868 2874 2051 2930 varias

470 2984 657 3046 partes
681 2983 735 3029 et
755 2972 1021 3029 vocabula
1045 2968 1277 3026 distrahi
1302 2968 1503 3039 :quod,
1533 2977 1592 3023 ut
1619 2967 1756 3030 dixi,
1787 2964 2050 3020 admirari

470 3084 580 3123 non
619 3074 856 3136 oportet,
887 3079 952 3119 ac
983 3063 1143 3136 plane
1175 3062 1249 3116 ita
1289 3075 1409 3116 sese
1442 3073 1534 3115 res
1565 3058 1748 3113 habet.
1777 3055 2051 3112 Cazterum

466 3175 632 3214 Lxxxi
667 3171 954 3213 numerum
998 3153 1328 3216 invenimus,
1366 3165 1536 3206 unum
1575 3148 1796 3221 quidem
1828 3155 2051 3218 propter

469 3269 636 3308 unam
671 3253 818 3306 illam
862 3263 893 3303 a
924 3247 1152 3318 reliquis
1179 3245 1473 3310 divulsam,
1506 3248 1561 3296 et
1595 3241 1690 3296 uni
1722 3253 1924 3310 sponso
1941 3239 2050 3312 tri-

470 3347 680 3406 butam,
710 3342 780 3397 de
809 3355 917 3411 qua
948 3337 1258 3396 istiusmodi
1294 3335 1659 3407 appellatione
1684 3331 2046 3388 testiﬁcatur:

475 3434 593 3489 Una
623 3443 698 3488 est
726 3431 976 3486 columba
1022 3446 1140 3484 mea
1169 3429 1222 3497 ’ς
1259 3435 1314 3482 et
1358 3439 1573 3492 rursus,
1605 3423 1836 3494 perfecta
1865 3436 1980 3475 mea
2004 3421 2050 3477 ⁵.

469 3526 683 3594 Quibus
705 3525 911 3580 indicat
928 3520 1144 3594 1085
1155 3518 1493 3576 concubinas
1507 3530 1699 3572 omnes
1714 3513 1980 3586 ignobiles
1999 3519 2054 3568 et

470 3621 736 3674 obscuras
757 3630 900 3681 esse,
917 3629 1020 3670 nec
1036 3610 1346 3668 innocentia
1368 3619 1461 3666 aut
1476 3608 1728 3666 castitate
1743 3621 1808 3661 ac
1833 3606 2056 3661 lenitate

470 3707 707 3764 censeri.
741 3704 804 3759 Et
823 3703 1041 3775 quidem
1061 3701 1130 3756 ab
1145 3701 1302 3756 initio
1327 3714 1359 3754 a
1387 3697 1736 3754 Barbarismo
1752 3710 1815 3751 ac
1841 3693 2055 3766 Scythi-

471 3814 592 3855 smo
615 3797 682 3853 ad
705 3804 1010 3869 postremos
1034 3807 1208 3864 usque
1231 3789 1607 3851 Massalianos,
1627 3803 1800 3842 uxvc
1823 3783 2052 3858 [urvu]

470 3893 710 3948 haereses
733 3887 989 3958 ascripta).
1010 3892 1157 3942 sunt.
1173 3881 1255 3938 Ad
1270 3897 1406 3954 quas
1426 3879 1756 3936 Hcllenismo
1769 3878 1910 3934 unde
1924 3893 2056 3948 gen-

471 3981 648 4034 tilium
680 3986 862 4042 scctze,
897 3985 954 4031 et
979 3973 1273 4030 Judaismo
1305 3987 1336 4028 a
1369 3986 1477 4041 quo
1514 3967 1777 4033 Judaieaz,
1815 3965 2056 4022 Samari-

469 4081 834 4142 tanorumque
888 4069 1127 4125 factione
1170 4065 1315 4122 unde
1351 4062 1691 4126 Samaritica:
1725 4068 2052 4124 manarunt,

471 4164 880 4229 accedentibus,
902 4162 1008 4218 hoc
1026 4168 1131 4225 est,
1158 4159 1335 4214 tribus
1357 4157 1581 4212 omnino
1603 4154 1768 4209 sectis
1783 4151 1850 4207 ad
1870 4167 2054 4206 uxvu

470 4259 806 4328 superiores,
847 4271 988 4310 ωαχ
1016 4267 1279 4308 numerus
1315 4249 1564 4305 etlicitur.
1616 4247 1880 4316 Superest
1923 4259 2052 4308 una,

471 4351 729 4405 nimirum
764 4357 954 4404 sancta
995 4354 1049 4401 et
1094 4344 1368 4402 catholica
1425 4341 1694 4404 Ecclesia,
1749 4351 1870 4408 quae
1926 4351 2056 4392 vere

474 4439 787 4493 Christiana
831 4437 1027 4509 religio
1072 4435 1274 4491 dicitur
1306 4452 1320 4486 :
1354 4447 1584 4502 quaeque
1621 4430 1732 4499 jam
1774 4436 1888 4482 tum
1923 4426 2053 4481 olim

2149 1969 2424 2040 ἀνδράσιν,
2452 1970 2499 2021 εί
2533 1970 2628 2023 καὶ
2660 1969 2955 2038 συνάφειαν
2986 1971 3165 2039 σχοῖεν
3202 1969 3257 2022 αί
3289 1967 3449 2020 αὑταὶ
3488 1967 3628 2038 πρὸς
3658 1969 3725 2020 τὰ

2151 2060 2378 2132 σώματα
2418 2061 2524 2114 τῶν
2559 2059 2788 2131 ἀνδρῶν,
2832 2060 2894 2112 οὗ
2949 2059 3138 2130 μέντοι
3190 2076 3253 2128 γε
3295 2059 3395 2129 τὴν
3445 2058 3546 2126 τῆς
3580 2058 3726 2110 ἐλευ-

2151 2153 2313 2224 θέρας
2352 2152 2608 2222 γυναικὸς
2643 2152 2809 2224 τιμὴν
2843 2152 2936 2204 καὶ
2976 2152 3273 2222 ὀνομασίαν
3304 2151 3399 2203 καὶ
3435 2150 3726 2221 βεϐαίωσιν

2151 2245 2244 2298 καί
2267 2245 2466 2316 φερνὴν
2503 2245 2595 2298 καὶ
2623 2245 2747 2297 ἕδνα
2781 2245 2874 2297 καὶ
2905 2243 3236 2314 προικισμδν
3271 2244 3366 2297 καὶ
3393 2244 3726 2312 γνησιότητα

2151 2336 2293 2406 ἔχειν
2325 2336 2596 2389 δύναιηαι.
2622 2334 2955 2398 Παλλακίδες
2989 2332 3120 2402 γοῦν
3147 2334 3203 2387 αἱ
3229 2332 3465 2403 καθεξῆς
3491 2331 3727 2403 ἀριθμη-

2151 2426 2328 2481 θεῖσαι
2357 2426 2617 2497 αἱρέσεις,
2644 2425 2719 2489 ὡς
2755 2425 2866 2478 ἂνω
2896 2424 3054 2494 ἔφην,
3091 2424 3437 2496 ὀγδοήκοντα.
3471 2424 3564 2492 Μὴ
3599 2423 3728 2475 θαυ-

2154 2517 2373 2588 μαζέτω
2397 2519 2454 2569 δέ
2483 2534 2586 2580 τις,
2610 2517 2658 2569 εί
2687 2516 2781 2570 καὶ
2806 2516 2984 2580 ἄλλοις
3007 2516 3265 2586 ὀνόμασιν
3287 2515 3494 2582 ἑκάστη
3523 2514 3727 2566 τούτων

2152 2609 2504 2680 κικλήσκεται
2558 2609 2615 2662 ἐν
2673 2609 2879 2682 ἑκάστῃ
2930 2609 3104 2679 χώρᾳ.
3166 2606 3329 2660 Ἀλλά
3387 2607 3484 2660 καὶ
3552 2607 3728 2659 έκεῖνο

2153 2700 2589 2772 παρατηρητέον,
2619 2701 2700 2754 ὅτι
2741 2701 3000 2762 πολλάκις
3031 2699 3152 2752 καθ’
3179 2699 3378 2771 ἑαυτὴν
3405 2698 3568 2752 πάλιν
3604 2699 3729 2752 ὲκά-

2154 2803 2254 2857 στη
2289 2787 2499 2858 αἵρεσις
2539 2787 2772 2858 σχίσασα
2815 2789 2896 2852 είς
2942 2787 3113 2842 πολλὰ
3162 2789 3302 2859 μέρη
3346 2789 3441 2842 καὶ
3488 2789 3730 2859 ὀνόματα

2151 2877 2368 2948 διέστη·
2425 2879 2486 2933 οὐ
2516 2880 2622 2952 γάρ
2673 2881 2790 2932 ἐστι
2823 2877 3028 2950 Θαῦμα,
3079 2878 3196 2932 ἔστι
3239 2879 3347 2951 γὰρ
3387 2881 3483 2932 καὶ
3532 2879 3726 2940 οὕτως.

2165 2969 2522 3041 Ὀγδοήκοντα
2548 2971 2604 3024 δὲ
2638 2971 2731 3024 καὶ
2753 2971 2847 3024 ἕνα
2876 2970 3107 3042 ἀριθμὸν
3135 2970 3483 3041 εὑρίσκομεν,
3511 2971 3607 3024 ἕνα
3632 2971 3731 3041 μὲν

2151 3060 2240 3114 διὰ
2262 3061 2359 3133 τὴν
2390 3061 2520 3133 μίαν
2566 3062 2674 3116 τῶν
2705 3061 2895 3117 πασῶν
2940 3061 3327 3133 διωρισμένην,
3366 3061 3513 3132 μόνῳ
3558 3062 3616 3116 δὲ
3653 3062 3730 3132 τῷ

2153 3151 2371 3224 νυμφίῳ
2403 3152 2853 3224 κεκληρωμένην,
2889 3152 2984 3205 ὑπ’
3006 3150 3170 3206 αὐτοῦ
3201 3150 3257 3203 δὲ
3289 3151 3731 3223 ὁμολογουμένην

2152 3247 2216 3316 τῇ
2253 3244 2430 3314 τοιᾷδε
2464 3243 2752 3314 ὀνομασίᾳ,
2783 3245 2868 3297 ὅτι
2901 3246 3024 3298 Μία
3057 3242 3191 3296 ἐστὶ
3238 3244 3559 3310 περιστερά
3586 3261 3729 3312 μου,

2152 3333 2248 3385 καὶ
2280 3332 2463 3397 πάλιν,
2487 3332 2686 3386 τελεία
2704 3349 2844 3401 μου.
2884 3331 2971 3394 Ὧς
3016 3330 3124 3384 τῶν
3153 3329 3341 3383 πασῶν
3391 3327 3731 3383 παλλακίδων

2153 3422 2394 3492 ἀγεννῶν
2423 3422 2619 3488 οὐσῶν,
2644 3423 2740 3476 καὶ
2777 3422 2878 3476 οὐκ
2900 3423 2958 3476 ὲν
2993 3422 3199 3494 ἀκακία
3226 3424 3521 3492 ὲπιμετρου
3531 3422 3728 3493 μένων,

2152 3513 2273 3567 οὐδὲ
2291 3514 2350 3567 ὲν
2380 3511 2571 3582 ἁγνείᾳ
2595 3512 2690 3566 καὶ
2714 3513 2823 3583 ήμε
2833 3511 3037 3584 ρότητι.
3069 3512 3192 3565 Εἰσὶ
3228 3511 3325 3582 μὲν
3357 3507 3450 3564 οὖν
3476 3509 3732 3580 ἀπαρχῆς

2157 3605 2558 3676 συναπτόμεναι
2589 3603 2666 3674 τῷ
2699 3603 3018 3675 καλουμένῳ
3053 3601 3424 3674 Βαρϐαρισμῷ
3457 3603 3554 3655 καὶ
3592 3603 3730 3654 Σκυ-

2156 3693 2336 3766 θισμῷ
2361 3694 2489 3765 ἀχρι
2514 3693 2622 3747 τῶν
2642 3693 3056 3766 προειρημένων
3071 3692 3494 3756 Μασσαλιανῶν,
3513 3699 3582 3745 οε⁹

2155 3786 2246 3841 τὸν
2288 3785 2539 3858 ἀριθμὸν,
2589 3786 2684 3840 καὶ
2723 3785 3072 3856 Ἑλληνισμὸς
3127 3785 3186 3852 ἐξ
3227 3780 3288 3840 οὗ
3318 3785 3374 3837 αἱ
3421 3783 3733 3854 Ἑλληνικαὶ

2155 3877 2413 3951 αἱρέσεις,
2459 3878 2553 3931 καὶ
2601 3877 2929 3948 Ἰουδαῖσμδς
2967 3877 3025 3944 ἐξ
3053 3870 3114 3931 οὗ
3156 3877 3460 3942 Ἰουδαῖκαὶ,
3507 3877 3603 3929 καὶ
3633 3877 3733 3928 Σα-

2159 3969 2450 4042 μαρειτικὴ
2483 3969 2539 4036 ἐξ
2581 3963 2649 4042 ἦς
2696 3970 2751 4023 αἱ
2803 3970 3235 4042 Σαμαρειτικαὶ,
3285 3970 3392 4025 τῶν
3439 3969 3610 4043 τριῶν
3643 3969 3735 4022 ἐπὶ

2155 4063 2247 4116 τὸν
2294 4061 2687 4133 ἑϐδομηκοστὸν
2727 4060 2954 4132 ἕϐδομον
2993 4060 3222 4134 ἀριθμὸν
3257 4060 3729 4132 προστιθεμένων,

2157 4153 2238 4216 είς
2281 4151 2674 4222 ὀγδοηκοντάδα
2733 4152 2964 4224 ἀριθμὸν
3005 4151 3395 4224 πληρουμένων
3426 4192 3440 4215 ,
3498 4153 3595 4204 καὶ
3640 4151 3735 4221 τῆς

2160 4247 2288 4316 μιᾶς
2311 4261 2376 4296 πε
2386 4242 2788 4316 ριλειπομένης,
2811 4243 3090 4296 τουτέστιν
3116 4245 3149 4311 ἡ
3170 4242 3301 4310 ἁγία
3315 4241 3580 4313 καθολικὴ
3619 4242 3736 4294 Ἐκ-

2158 4335 2354 4408 κλησία
2383 4375 2398 4400 ,
2471 4336 2566 4389 καὶ
2632 4335 3056 4407 Χριστιανισμδς
3116 4335 3284 4397 ὅντως
3348 4333 3735 4404 ὠνομασμένος

2158 4427 2434 4498 ἁπαρχῆς,
2464 4428 2556 4481 καὶ
2579 4428 2674 4481 σὺν
2701 4427 2780 4498 τῷ
2811 4427 2981 4498 Ἀδὰμ
3014 4428 3107 4480 καὶ
3140 4427 3246 4498 πρὸ
3283 4425 3377 4479 τοῦ
3421 4427 3615 4497 Ἀδὰμ.
3642 4426 3737 4479 καὶ

474 4541 528 4586 et
561 4545 685 4584 cum
720 4529 950 4593 Adamo,
976 4529 1086 4582 imo
1118 4536 1246 4582 ante
1278 4524 1544 4579 Adamum
1579 4521 1781 4591 ipsum,
1815 4517 2051 4587 adeoque

2160 4518 2264 4590 πρὸ
2291 4518 2506 4572 πάντων
2549 4517 2658 4571 τῶν
2686 4516 2896 4571 αἰώνων
2939 4518 3035 4570 σὺν
3074 4517 3294 4589 Χριστῷ
3341 4515 3611 4587 θελήματι
3642 4513 3738 4568 τοῦ

476 4630 602 4676 ιιηιο
626 4621 812 4675 omnia
845 4620 1045 4675 saecula
1077 4633 1200 4674 cum
1227 4615 1453 4671 Christo
1481 4613 1667 4668 ﬂoruit
1696 4611 1762 4665 de
1787 4608 1967 4663 Patris
1992 4622 2056 4662 ac

476 4711 599 4767 Filii
641 4720 694 4767 et
731 4711 970 4783 Spiritus
1004 4708 1179 4766 sancti
1230 4707 1530 4762 voluntate.
1566 4703 1669 4757 Cui
1711 4701 1929 4772 quidem
1963 4713 2057 4755 eo-

477 4820 598 4859 rum
629 4804 875 4858 omnium
915 4802 1006 4872 qui
1038 4801 1092 4856 in
1132 4799 1373 4871 qualibet
1402 4794 1756 4867 generatione
1789 4792 1898 4848 Deo
1937 4791 2056 4858 pla-

475 4907 708 4954 cuerunt
754 4904 1019 4967 tempore,
1053 4893 1187 4950 ﬁdes
1226 4899 1311 4947 est
1339 4889 1556 4954 habita;
1583 4896 1636 4943 et
1665 4885 1974 4942 advenienti
2003 4885 2057 4939 in

476 4987 621 5044 hunc
652 4985 917 5042 mundum
953 4984 1174 5039 Christo
1203 4980 1436 5036 Domino
1466 4975 1757 5033 manifeste
1789 4983 1873 5032 est
1905 4982 2056 5046 pate-

2161 4610 2372 4682 Πατρὸς
2412 4611 2505 4664 καὶ
2534 4609 2666 4663 Υίοῦ
2720 4609 2816 4663 καὶ
2873 4609 3030 4677 ἁγίου
3083 4609 3419 4679 Πνεύματος,
3467 4608 3563 4661 καὶ
3605 4607 3738 4678 μετά

2162 4702 2380 4755 πάντων
2426 4701 2534 4754 τῶν
2574 4700 2716 4754 κατὰ
2745 4700 2939 4770 γενεὰν
2972 4699 3092 4770 Θεῷ
3133 4699 3618 4771 εὐαρεπησάντων
3649 4714 3741 4748 πιο

2164 4791 2520 4863 στεινόμενος,
2565 4792 2659 4844 καὶ
2714 4792 2771 4844 έν
2805 4793 2872 4863 τῇ
2912 4789 3078 4844 αὐτοῦ
3136 4788 3407 4860 παρουσίᾳ
3449 4789 3509 4840 ὲν
3550 4788 3740 4856 κόσμῳ

2165 4881 2350 4950 σαφῶς
2395 4882 2840 4952 ἀποκαλυφθεὶς,
2891 4882 2987 4936 καὶ
3018 4881 3113 4935 νῦν
3158 4879 3297 4952 μετά
3350 4879 3452 4943 τὰς
3493 4880 3738 4951 αἱρέσεις

2163 4973 2363 5038 ταύτας
2397 4973 2576 5038 πάσας
2603 4975 2702 5038 τὰς
2737 4974 2802 5046 δὴ
2850 4973 3183 5036 παλλακίδας
3237 4973 3325 5043 ὑφ’
3373 4972 3536 5043 ἡμῶν
3581 4972 3743 5026 πάλιν

476 5086 653 5148 facta;
698 5093 845 5134 nunc
878 5085 1060 5133 autem
1101 5083 1225 5147 post
1259 5071 1576 5144 superiores
1606 5083 1799 5124 omnes
1827 5067 2051 5122 hareses

2167 5061 2592 5134 ὲξυμνουμένας,
2619 5063 2694 5129 ώς
2720 5063 2859 5119 κατὰ
2884 5064 2981 5136 τὴν
3013 5063 3329 5120 ἀκολουθίαν
3353 5062 3448 5118 τοῦ
3488 5063 3672 5133 λόγου.
3777 5123 3784 5128 _

475 5175 590 5230 sive
618 5172 956 5229 concubinas
993 5169 1241 5225 oratione
1267 5171 1453 5222 nostra
1483 5159 1849 5234 praedicanda,
1876 5173 2067 5230 quem-

475 5267 769 5322 admodum
804 5262 1045 5321 instituti
1072 5259 1346 5318 sermonis
1380 5257 1516 5312 ordo
1549 5255 1812 5327 postulat.

545 5361 661 5416 VII.
702 5361 917 5432 Quippe
942 5359 1183 5416 Verbum
1207 5357 1386 5428 ipsum
1417 5354 1473 5408 in
1495 5351 1740 5408 Canticis
1769 5351 1876 5405 hoc
1898 5347 2062 5404 modo

477 5454 806 5519 numeravit,
845 5452 1129 5525 sexaginta
1162 5448 1414 5522 reginas,
1455 5453 1510 5501 et
1538 5443 1816 5516 octoginta
1856 5455 2054 5497 concu-

2239 5341 2313 5395 Z'.
2352 5341 2522 5405 Αὐτὸς
2569 5340 2680 5412 γὰρ
2729 5342 2758 5394 ό
2796 5339 2969 5407 Λόγος
3010 5339 3068 5391 ὲν
3115 5353 3225 5399 τοις
3274 5335 3557 5406 ’ᾼσμασιν
3602 5336 3749 5390 οὕτω

2163 5434 2491 5506 ἠρίθμησεν,
2523 5433 2788 5504 ἐξήκοντα
2833 5431 3150 5503 βασιλίσσας
3197 5429 3399 5500 φήσας,
3433 5429 3530 5484 καὶ
3556 5428 3748 5498 ὀγδοή-

552 5653 573 5686 ¹
602 5653 762 5711 Joan.
786 5668 887 5719 xu,
915 5653 1005 5709 35.
1082 5655 1103 5686 ²
1136 5653 1154 5707 l
1183 5651 1378 5707 Thess.
1405 5665 1458 5713 ν,
1491 5647 1542 5702 5.
1617 5646 1640 5679 ³
1668 5642 1828 5700 Joan.
1858 5657 1940 5711 ιιι,
1969 5638 2051 5695 20.

2155 5644 2166 5673 ⁵
2200 5637 2361 5694 Cant.
2391 5653 2468 5702 v1,
2493 5637 2550 5693 8.
2625 5637 2647 5670 ⁵
2686 5636 2821 5693 ibid.

551 5810 686 5881 (δι’)
714 5809 914 5879 Δῦτήν.
