3986 6224
287 418 389 472 785
846 415 1214 474 ADVERSUS
1250 418 1595 475 HASRESES
1620 418 1750 475 LIB.
1789 418 1874 477 Ill.
1919 421 2085 481 TOM.
2125 424 2281 479 IL—
2315 422 2679 480 EXPOSITIO
2713 423 2914 481 FiDEl.
3452 430 3554 486 786

284 528 450 567 κοντα
482 508 845 576 παλλακίδας,
890 511 986 564 καὶ
1020 513 1267 578 νεάνιδας
1302 507 1377 568 ὧν
1414 516 1516 568 οὐκ
1555 514 1702 568 ἔστιν
1737 516 1859 585 ἀριο

1967 520 2144 585 binas,
2172 530 2227 575 et
2251 520 2688 576 adolescentulas
2716 535 2953 591 quarum
2976 536 3239 578 nmnerus
3265 538 3373 578 non
3397 533 3479 579 est
3507 528 3552 584 ⁸.

283 606 440 677 θμός.
473 606 593 658 Μία
619 604 675 657 δὲ
697 644 711 668 ,
743 604 928 676 φησιν,
958 606 1091 659 ἐστὶ
1137 607 1456 676 περιστερά
1495 625 1637 677 μου,
1666 610 1863 663 τελεία

1974 607 2097 662 Una
2116 618 2216 674 est,
2245 610 2442 680 inquit,
2488 610 2733 665 columba
2764 627 2899 676 mea,
2945 612 3177 681 perfecta
3208 628 3325 666 mea
3349 629 3367 665 :
3395 616 3552 669 unica

280 717 400 768 μου
421 739 436 762 ,
462 698 572 768 μία
606 698 737 752 ἐστὶ
781 697 856 767 τῇ
882 697 1060 768 μητρὶ
1100 698 1288 768 αὐτῆς
1314 741 1329 765 ,
1370 702 1627 770 ἐκλεκτὴ
1671 702 1746 772 τῇ
1777 720 1867 757 τε-

285 789 481 858 κούσῃ
509 787 723 856 αὐτήν.
752 789 862 841 Καὶ
886 788 1111 861 ὕστερον
1141 791 1380 844 δείκνυσι
1427 792 1544 857 πῶς
1577 797 1728 865 παρά
1755 797 1863 849 πᾶ-

289 898 373 933 σιν
415 881 793 952 εὑρεθήσεται,
829 880 907 946 ὡς
959 882 1284 954 ἐντιμοτέρα
1332 885 1522 938 πασῶν
1562 882 1718 953 οὖσα,
1772 889 1867 942 καὶ

289 971 507 1026 πάντων
536 973 902 1039 δεσπόζουσα,
950 974 1044 1028 καὶ
1087 974 1248 1028 αὐτοῦ
1300 976 1432 1047 μόνη
1464 976 1829 1051 ὲκλελεγμένη
1850 1023 1864 1047 ,

289 1060 353 1139 ἧς
400 1067 467 1120 τὰ
502 1068 668 1121 τέκνα
716 1067 1029 1139 κληρονόμα
1076 1068 1166 1121 τοῦ
1214 1069 1501 1139 βασιλέως,
1566 1075 1659 1125 καὶ
1701 1075 1866 1129 τέκνα

285 1160 545 1229 ἀληθινὰ,
591 1162 667 1225 ὡς
704 1162 868 1214 τέκνα
908 1161 1008 1232 τῆς
1044 1162 1404 1231 ἐπαγγελίας,
1443 1166 1537 1219 καὶ
1589 1169 1648 1219 οὐ
1699 1169 1866 1221 τέκνα

282 1250 386 1318 τῆς
422 1250 730 1323 παιδίσκης,
742 1248 866 1302 οὔτε
894 1250 1240 1316 παλλακίδος,
1260 1250 1384 1304 οὔτε
1416 1254 1521 1307 τῶν
1548 1255 1724 1309 ἄλλων
1757 1257 1867 1310 τῶν

284 1340 603 1412 ἀναρίθμως
629 1341 1101 1413 ἑρμηνευομένων.
1126 1344 1189 1395 Εί
1218 1344 1324 1417 γὰρ
1354 1344 1446 1397 καὶ
1492 1346 1602 1398 ἀπὸ
1634 1348 1869 1401 Χεττού-

287 1448 387 1501 ρας
411 1431 512 1501 τῆς
541 1432 863 1497 παλλακίδος
889 1432 1045 1505 ἔσχεν
1077 1436 1105 1487 ὁ
1142 1435 1392 1507 Ἀϐραὰμ
1423 1437 1607 1503 τέκνα,
1642 1441 1701 1492 οὐ
1736 1456 1867 1508 συγ-

285 1523 600 1595 κληρονόμα
660 1525 915 1597 τυγχάνει
962 1526 1029 1580 τὰ
1068 1526 1236 1580 τέκνα
1285 1529 1384 1599 τῆς
1433 1530 1738 1603 Χεττούρας
1790 1532 1868 1602 τῷ

303 1616 489 1667 Ἰσαάκ
511 1632 524 1644 ·
566 1616 774 1686 δόματα
806 1617 863 1669 δὲ
889 1617 1082 1671 ἔλαϐεν
1115 1618 1191 1682 ὼς
1220 1619 1457 1690 ληγάτου
1493 1622 1655 1694 χάριν
1675 1638 1689 1651 °
1724 1624 1811 1677 ἵνα
1840 1627 1869 1678 ὁ

284 1706 456 1770 τύπος
490 1708 639 1779 μένοι
675 1712 754 1772 εἱς
797 1710 1088 1781 ἀναγωγὴν
1119 1711 1215 1765 τοῦ
1248 1712 1431 1780 λόγου,
1466 1715 1545 1777 εἰς
1569 1715 1627 1767 τὸ
1661 1715 1735 1786 μὴ
1764 1716 1869 1769 ἀπ-

283 1798 505 1851 ελπίσαι
536 1799 689 1863 τινὰς
713 1800 813 1869 τῆς
837 1800 931 1852 τοῦ
965 1801 1202 1872 Χριστοῦ
1243 1801 1492 1872 κλήσεως
1510 1820 1524 1833 ·
1550 1806 1644 1857 καὶ
1666 1805 1775 1877 γὰρ
1796 1805 1865 1859 τά

1966 709 2045 754 est
2081 701 2239 755 matri
2266 718 2396 766 suae,
2424 701 2592 756 electa
2622 702 2862 772 genitrici
2895 718 3008 757 suae
3031 703 3073 756 ³.
3116 702 3258 757 Tum
3297 703 3430 769 illud
3462 706 3552 760 de-

1968 802 2257 860 monstrat,
2291 793 2747 865 quemadmodum
2783 795 3011 865 reperiri
3039 796 3109 852 ab
3137 798 3394 853 omnibus
3424 813 3552 868 pos-

1969 886 2079 940 sit:
2116 892 2303 955 utpote
2341 902 2464 956 qua:
2513 887 2772 942 omnibus
2820 887 3141 944 honoratior
3180 890 3273 957 sit,
3321 891 3553 961 imperet

1967 978 2248 1042 omnibus,
2280 986 2446 1049 atque
2477 979 2579 1048 ipsi
2610 979 2729 1034 sola
2760 980 2910 1034 velut
2941 980 3140 1034 eximia
3173 982 3245 1036 sit
3271 991 3323 1036 et
3353 982 3547 1048 electa,

1969 1069 2127 1138 cujus
2169 1069 2261 1123 ﬁlii
2303 1070 2547 1125 hmredes
2579 1077 2708 1125 sunt
2749 1071 2894 1140 regis
2939 1085 3002 1124 ac
3034 1070 3126 1125 ﬁlii
3163 1072 3410 1142 legitimi,
3446 1074 3550 1128 hoc

1968 1167 2081 1220 est,
2117 1160 2497 1228 promissionis
2530 1161 2708 1226 liberi,
2746 1177 2854 1214 non
2885 1161 3096 1215 ancillae
3120 1161 3160 1225 ξ,
3200 1178 3377 1232 neque
3420 1178 3552 1219 con-

1968 1251 2180 1306 cubilia:
2204 1261 2731 1326 czctcrarumveﬂum
2752 1254 2904 1307 nullo
2934 1270 3164 1310 numero
3191 1258 3550 1327 compreheno

1968 1343 2193 1398 duntur.
2227 1344 2490 1409 Quamvis
2524 1347 2670 1400 enim
2701 1364 2767 1401 ex
2798 1347 3062 1403 Chettura
3107 1350 3411 1404 concubina
3449 1367 3548 1407 sua

1970 1432 2171 1487 liberos
2201 1433 2543 1490 Abrahamus
2572 1438 2879 1507 susceperit
2905 1439 2948 1503 ⁵,
2984 1439 3187 1492 nullam
3229 1448 3408 1495 tamen
3456 1442 3545 1498 isti

1968 1540 2090 1578 cum
2124 1524 2309 1581 lsaaco
2351 1526 2405 1579 in
2445 1527 2759 1596 patrimonii
2808 1530 3251 1587 communionem
3283 1533 3544 1597 veniunt,

1969 1616 2062 1671 sed
2106 1632 2329 1671 munera
2364 1616 2648 1682 duntaxat,
2684 1621 2842 1688 quasi
2885 1621 3060 1692 legata
3101 1622 3349 1692 quzcdam
3401 1625 3548 1679 acci-

1968 1707 2140 1776 piunt,
2166 1713 2224 1759 ut
2251 1707 2463 1762 altioris
2487 1723 2588 1763 nos
2612 1725 2809 1763 sensus
2833 1710 3003 1780 ﬁgura
3031 1712 3148 1781 ipsa
3176 1720 3545 1778 commoneat,

1968 1810 2037 1850 ne
2074 1796 2197 1867 quis
2241 1797 2308 1851 de
2350 1797 2556 1852 Christi
2617 1801 2901 1856 vm-atione
2946 1802 3219 1872 desperet.
3268 1802 3402 1858 Nam
3454 1805 3546 1859 illa

282 1890 495 1960 δόματα
522 1889 557 1943 ἃ
595 1890 761 1944 ἔδωκε
790 1891 870 1961 τῷ
912 1891 1137 1963 Ἰσμαὴλ
1164 1894 1259 1948 καὶ
1295 1895 1408 1958 τοῖς
1451 1896 1589 1959 υἱοῖς
1630 1873 1863 1950 Χεττού-

1967 1888 2140 1955 dona,
2181 1905 2301 1960 qua:
2357 1888 2569 1945 lsmaeli
2613 1899 2668 1944 et
2708 1891 2984 1947 Chettura:
3030 1892 3156 1948 ﬁliis
3203 1894 3546 1949 Abrahamus

288 1995 410 2049 ρας,
440 1978 609 2041 τύπος
638 1974 705 2050 ἦν
734 1979 842 2033 τῶν
883 1980 1182 2050 μελλόντων
1214 1982 1432 2036 ἔσεσθαι
1479 1984 1687 2052 ἀγαθοῦ
1712 1986 1728 2016 ¹
1782 1989 1864 2051 είς

285 2070 619 2142 ἐπιστροφὴν
665 2071 854 2142 ψυχῶν
907 2072 1018 2144 (32)
1069 2074 1206 2145 πρὸς
1252 2075 1352 2146 τὴν
1389 2077 1571 2129 πίστιν
1623 2077 1716 2129 καὶ
1765 2078 1866 2148 τὴν

284 2160 566 2233 ἀλήθειαν.
599 2163 677 2233 Τῇ
714 2163 811 2234 μὲν
836 2164 944 2235 γὰρ
977 2165 1155 2237 ’Λγαρ
1186 2166 1440 2238 παιδίσκῃ
1472 2166 1604 2239 οὔσῃ
1640 2169 1731 2221 καὶ
1757 2169 1866 2222 ἀπὸ

284 2255 381 2309 τοῦ
424 2255 676 2328 Ἀϐραὰμ
720 2256 1086 2330 ὲκϐληθείσῃ,
1137 2258 1214 2321 ὠς
1262 2260 1295 2329 ἡ
1343 2259 1677 2313 δουλεύσασα
1716 2260 1866 2314 κάτω

296 2346 655 2418 Ἰερουσαλὴμ
687 2348 826 2418 μετὰ
860 2348 968 2401 τῶν
998 2348 1205 2403 τέκνων
1238 2350 1431 2420 αὐτῆς,
1461 2351 1590 2422 περὶ
1615 2346 1683 2423 ἧς
1711 2351 1865 2423 εἴρη-

285 2455 409 2491 ται’
479 2439 780 2511 Ἀπέρριψα
850 2440 947 2513 τὴν
1013 2440 1226 2513 μητέρα
1277 2442 1465 2513 ὑμῶν’
1519 2442 1614 2496 καὶ
1669 2443 1862 2497 πάλιν·

289 2528 511 2584 Ἔδωκα
561 2530 767 2600 βιϐλίον
815 2531 1144 2585 ἀποστασίου
1188 2533 1268 2595 εἰς
1300 2532 1400 2597 τὰς
1445 2534 1634 2604 χεῖρας
1671 2533 1866 2603 αὐτῆς

294 2621 470 2693 ταύτῃ
504 2622 613 2693 γὰρ
660 2625 725 2693 τῇ
777 2624 1058 2695 παιδίσκῃ,
1092 2625 1269 2696 Ἀγαρ
1302 2624 1362 2677 τὲ
1408 2642 1575 2696 φημι,
1606 2624 1865 2695 συμϐολι-

284 2714 529 2787 κώτερον
558 2716 623 2769 δι’
654 2715 843 2769 ἐλπίδα
889 2716 1258 2788 ἐπιστροφῆς,
1290 2717 1458 2770 ἀσκὸν
1492 2716 1708 2770 δίδωσιν
1748 2716 1866 2769 ὓδας

282 2826 399 2872 τος,
446 2809 533 2861 ἵνα
573 2807 719 2879 δείξῃ
756 2808 850 2863 τοῦ
890 2808 1117 2880 λουτροῦ
1158 2809 1258 2880 τῆς
1300 2810 1722 2879 παλιγγενεσίας
1764 2809 1864 2882 τὴν

283 2899 518 2971 δύναμιν
552 2902 631 2964 εἱς
676 2900 814 2970 δόμα
856 2900 1002 2970 ζωῆς
1048 2898 1159 2963 τοῖς
1200 2901 1449 2966 ἀπίστοις
1487 2901 1862 2966 ἀποδοθεῖσαν,

285 2987 382 3041 καὶ
404 2989 484 3051 είς
509 2988 843 3060 ἐπιστροφὴν
868 2989 1089 3044 πάντων
1113 2990 1220 3043 τῶν
1251 2989 1420 3044 ἐθνῶν
1448 2990 1585 3061 πρὸς
1612 2992 1713 3063 τὴν
1744 2992 1866 3044 ὲπί-

284 3096 490 3147 γνωσιν
532 3081 628 3151 τῆς
671 3080 950 3151 ἀληθείας.
1005 3082 1134 3145 Τοῖς
1178 3082 1233 3134 δὲ
1266 3084 1403 3146 υἱοῖς
1433 3082 1748 3153 Χεττούρας
1792 3083 1862 3137 τά

282 3170 497 3242 δόματα
537 3168 605 3243 ἧν
648 3174 944 3243 χρημάτων
975 3171 1232 3248 ὕπαρξις,
1261 3174 1461 3245 χρυσὸς
1492 3175 1587 3227 καὶ
1624 3174 1865 3247 ἄργυρος
1893 3222 1936 3279 C

285 3264 382 3315 καὶ
412 3264 725 3334 ἱματισμὸς,
759 3265 850 3319 καὶ
880 3265 1036 3318 ἆτινα
1071 3266 1129 3318 ὲν
1156 3265 1439 3337 μυστηρίῳ
1474 3266 1719 3337 Ἀϐραὰμ
1759 3267 1858 3320 ἀπ-

284 3353 533 3409 έκλεισεν
571 3355 627 3408 ὲν
659 3359 778 3419 ταῖς
809 3358 1043 3428 πήραις,
1087 3356 1302 3410 λίϐανον
1348 3357 1442 3410 καὶ
1495 3355 1739 3428 σμύρναν
1771 3358 1865 3413 καὶ

286 3446 491 3517 χρυσὸν
531 3446 638 3499 τῶν
671 3446 757 3499 διὰ
789 3447 895 3500 τῶν
939 3446 1202 3518 βασιλέων
1233 3448 1481 3520 Σοδόμων
1524 3450 1618 3503 καὶ
1649 3449 1862 3521 Γομόρ-

288 3543 410 3610 ρας,
441 3540 550 3593 τῶν
585 3541 712 3611 περὶ
749 3540 1150 3611 Χοδολλογόμορ
1180 3539 1272 3593 καὶ
1300 3540 1507 3614 Βαρσά,
1539 3540 1634 3594 καὶ
1661 3541 1864 3594 λοιπῶν

284 3630 395 3683 τῶν
426 3631 524 3701 τὴν
569 3632 944 3702 αἰχμαλωσίαν
989 3632 1096 3685 ἀπὸ
1129 3632 1376 3703 Σοδόμων
1422 3633 1516 3685 xai.
1565 3634 1603 3685 Γ
1606 3633 1859 3706 ομόρῤων

286 3722 381 3774 καὶ
406 3722 609 3777 λοιπῶν
654 3723 948 3787 λαϐόντων,
984 3726 1078 3778 καὶ
1110 3724 1517 3778 σκυλευσάντων
1550 3726 1647 3797 τήν
1686 3743 1742 3779 τε
1771 3725 1862 3777 ’ἐπ-

286 3833 410 3881 πον,
461 3818 554 3870 καὶ
590 3819 1110 3889 αἱχμαλωτισάντων
1154 3819 1214 3872 τὸ
1257 3818 1457 3890 πλῆθος
1498 3819 1607 3873 τῶν
1650 3817 1862 3890 ἀνθρὼ-

286 3925 426 3969 πων,
454 3910 548 3962 καὶ
578 3910 1017 3981 ἁφαρπαξάντων
1045 3912 1142 3974 τὰς
1161 3912 1269 3965 ἀπὸ
1293 3912 1524 3965 ἑκάστου
1550 3909 1863 3981 περιουσίας

284 4017 347 4053 τε
392 4002 487 4054 καὶ
544 4004 840 4074 χρημάτων
888 4004 981 4057 καὶ
1020 4003 1126 4056 τῶν
1165 4003 1339 4057 ἄλλων
1373 4001 1607 4073 πλῆθος·
1644 4000 1672 4054 ὃ
1701 4000 1863 4064 αὐτὸς

285 4093 630 4165 ἀπέστρεψεν
656 4096 763 4149 ἀπὸ
791 4097 887 4166 τῆς
925 4097 1100 4167 κοπῆς
1136 4096 1244 4149 τῶν
1274 4095 1537 4166 βασιλέων
1570 4093 1715 4158 τότε,
1771 4092 1865 4147 καὶ

283 4182 411 4236 οὔτε
456 4184 795 4257 ἀποστρέψαι
845 4188 913 4241 τά
959 4188 1061 4257 ἤδη
1105 4188 1295 4259 Κυρίῳ
1336 4185 1454 4256 Θεῷ
1489 4184 1865 4255 ἀποταχθέντα

1965 1980 2264 2044 distribuit,
2295 1981 2602 2037 futurorum
2638 1982 2903 2038 bonorum
2934 1983 3224 2056 imaginem
3251 1986 3545 2040 adumbra-

1966 2073 2128 2137 bant,
2160 2090 2281 2144 quae
2310 2074 2366 2129 in
2397 2074 2815 2130 conversionem
2846 2076 3153 2130 animarum
3188 2076 3255 2131 ad
3292 2076 3447 2133 ﬁdem
3493 2086 3549 2134 et

1966 2167 2250 2222 veritatem
2296 2174 2453 2222 erant
2489 2168 2816 2222 obventura.
2871 2167 3084 2222 Etenim
3136 2168 3282 2240 Agar
3334 2169 3548 2224 ancilla:

1965 2276 2128 2332 quam
2156 2261 2500 2316 Abrahamus
2521 2259 2701 2331 ejecit,
2731 2275 2851 2331 quae
2872 2268 2955 2317 est
2982 2260 3259 2318 inferioris
3290 2262 3551 2318 Hierusa-

1966 2351 2070 2406 lem
2103 2350 2272 2421 ﬁgura
2303 2366 2427 2406 cum
2456 2350 2642 2406 liberis
2674 2352 2792 2407 suis
2821 2365 2929 2406 una
2962 2351 3255 2407 servientis
3282 2352 3323 2417 ⁸,
3352 2352 3421 2408 de
3441 2369 3547 2423 qua

1966 2440 2229 2510 scriptum
2262 2448 2385 2495 est:
2415 2440 2601 2510 Abjeci
2631 2448 2859 2496 matrem
2885 2450 3123 2496 vestram
3142 2442 3196 2508 ";
3221 2443 3384 2498 item:
3416 2441 3549 2497 Dedi

1966 2531 2206 2587 libellum
2248 2532 2457 2603 repudii
2493 2533 2547 2587 in
2583 2533 2795 2604 1085
2823 2548 3015 2588 manus
3050 2534 3196 2589 illius
3219 2534 3273 2599 ⁸;
3295 2532 3443 2599 huic,
3465 2535 3550 2589 in-

1965 2638 2153 2694 quam,
2172 2624 2313 2694 Agar
2338 2624 2549 2678 ancilla:
2566 2624 2632 2678 ad
2649 2638 2801 2694 Spem
2823 2624 3195 2682 conversionis
3217 2626 3551 2682 adumbran-

1965 2717 2090 2771 dam
2115 2724 2235 2771 uter
2255 2731 2409 2786 aqua;
2428 2716 2590 2771 datus
2618 2728 2723 2781 est,
2747 2732 2857 2787 quo
2882 2716 3085 2771 lavacri
3117 2718 3549 2788 regenerationis

1966 2806 2049 2862 vis
2069 2813 2124 2862 et
2142 2806 2432 2863 eﬁicacitas
2445 2805 2763 2862 ostendatur
2778 2824 2790 2859 :
2804 2804 2949 2876 quod
2969 2813 3225 2875 tanquam
3248 2807 3411 2861 vitale
3431 2823 3550 2860 nni-

1966 2915 2072 2954 nus
2107 2898 2438 2963 infidelibus,
2469 2905 2525 2953 et
2553 2897 2608 2952 in
2640 2898 2923 2951 nationum
2948 2897 3193 2951 omnium
3223 2899 3546 2952 conversio-

1968 3005 2090 3045 nem
2137 2989 2203 3043 ad
2250 2989 2582 3059 agnitionem
2630 2988 2875 3043 veritatis
2924 2994 3010 3043 est
3057 2988 3320 3041 oblatum.
3379 2986 3550 3057 Igitur

1967 3083 2244 3139 Chettura:
2272 3082 2460 3136 liberis
2488 3081 2684 3135 collata
2718 3081 2809 3135 illa
2836 3096 3065 3136 munera
3098 3080 3345 3150 pecunia:
3369 3094 3548 3144 erant,

1971 3189 2164 3229 aurum
2187 3172 2458 3237 videlicet,
2486 3179 2771 3242 argentum
2793 3180 2847 3226 et
2867 3173 3059 3236 vestis,
3085 3180 3138 3226 et
3160 3188 3281 3240 quae
3302 3187 3409 3225 non
3430 3173 3550 3226 sine

1971 3267 2232 3339 mysterio
2262 3266 2605 3320 Abrahamus
2636 3266 2691 3320 in
2720 3266 2936 3319 illorum
2976 3265 3124 3336 peris
3148 3265 3395 3330 inclusit,
3421 3266 3549 3319 thus

1968 3365 2023 3412 et
2056 3357 2275 3429 myrrha
2298 3364 2352 3413 et
2379 3371 2575 3412 aurum
2607 3372 2727 3428 quze
2757 3356 2826 3411 ab
2852 3354 3212 3412 Sodomorum
3246 3363 3300 3411 et
3325 3358 3553 3412 Gomor-

1969 3449 2083 3504 rhae
2115 3450 2337 3521 regibus
2368 3450 2579 3520 accepit
2613 3470 2627 3505 :
2668 3466 2776 3516 quo
2818 3457 3063 3520 tempore
3088 3448 3550 3520 Chodollogomor

1968 3550 2023 3597 ct
2057 3541 2222 3597 Barsa
2247 3543 2537 3612 exterique
2564 3558 2719 3613 reges
2754 3540 3065 3597 Sodomitas
3089 3548 3143 3596 et
3166 3541 3550 3596 Gomorrhmos

1970 3635 2211 3705 captivos
2253 3634 2627 3699 abduxerunt,
2664 3650 2729 3688 ac
2774 3634 2995 3705 prmdati
3046 3644 3173 3689 sunt
3218 3642 3331 3687 tam
3378 3648 3551 3702 equos

1970 3740 2132 3797 quam
2174 3726 2443 3792 homines,
2474 3720 2527 3781 ct
2557 3726 2996 3797 uniuscujusque
3025 3725 3272 3781 fortunas
3306 3725 3550 3796 diripue-

1971 3823 2115 3871 runt.
2151 3815 2283 3883 Quae
2306 3831 2431 3872 cum
2471 3818 2818 3873 Abrahamus
2841 3834 2906 3874 ex
2938 3818 3026 3873 illa
3057 3833 3243 3889 regum
3270 3818 3550 3887 depraeda-

1971 3907 2116 3962 tione
2142 3918 2542 3976 recuperasset,
2584 3922 2685 3962 nec
2713 3924 2833 3978 quae
2864 3909 2976 3978 jam
3016 3907 3244 3962 Domino
3272 3906 3382 3962 Deo
3412 3922 3549 3961 con-

1969 4007 2181 4053 secrata
2210 3997 2427 4053 fuerant
2460 4000 2684 4055 auderet
2708 4008 2974 4067 avertere,
3007 4000 3148 4055 inter
3171 4000 3275 4054 alia
3306 3998 3448 4052 dona
3479 3999 3547 4052 li-

1969 4091 2117 4146 beris
2142 4092 2257 4167 suis
2282 4106 2419 4161 quos
2444 4106 2476 4146 e
2498 4092 2759 4147 Chettura
2786 4103 3122 4163 susceperat,
3149 4092 3297 4146 ultro
3321 4106 3550 4147 conceso

1971 4185 2081 4253 sit;
2114 4194 2172 4240 ut
2211 4187 2265 4241 in
2299 4184 2648 4241 Hebraeorum
2679 4184 3073 4238 traditionibus
3099 4183 3330 4252 legimus

283 4276 651 4349 τολμήσαντος
697 4278 893 4345 αὑτοῦ,
948 4280 1085 4333 ἀλλὰ
1129 4280 1420 4343 δεδωκότος
1465 4280 1604 4334 αύτά
1651 4279 1856 4348 δόματα
1895 4280 2037 4352 μετά
2082 4279 2188 4333 τῶν
2220 4278 2395 4335 ἀλλων
2435 4278 2550 4341 τοῖς
2592 4276 2736 4341 υἱοῖς
2783 4274 2948 4330 αὐτοῦ
2984 4279 3097 4340 τοῖς
3160 4275 3269 4329 ἀπὸ
3316 4276 3559 4331 Χεττού-

287 4386 409 4438 ρας,
446 4369 523 4432 ὡς
548 4369 784 4442 εὕρομεν
815 4374 872 4425 ὲν
904 4374 1026 4434 ταῖς
1056 4371 1382 4442 παραδόσεσι
1412 4369 1519 4424 τῶν
1567 4369 1861 4441 Ἐϐραίων.

354 4463 436 4515 H'.
492 4460 581 4513 Ἐν
626 4461 682 4513 δὲ
727 4464 793 4532 τῇ
825 4459 918 4514 τοῦ
966 4460 1204 4533 Χριστοῦ
1240 4460 1515 4532 παρουσία
1542 4460 1651 4514 τῶν
1682 4460 1861 4517 αὐτῶν

2039 4453 2175 4510 Vlll.
2216 4453 2578 4525 Posteaquam
2611 4468 2742 4509 vero
2784 4452 3041 4509 Christus
3088 4451 3145 4508 in
3190 4452 3338 4511 hunc
3382 4470 3548 4510 mun-

281 4554 489 4608 τέκνων
511 4553 606 4607 τοῦ
651 4555 902 4626 Ἀϐραὰμ
936 4553 1045 4607 τῶν
1074 4555 1181 4608 ἀπὸ
1214 4553 1526 4625 Χεττούρας
1564 4533 1860 4623 ὲκϐληθένλ

281 4663 391 4699 των
440 4644 548 4698 ἀπὺ
594 4644 687 4698 τοῦ
745 4645 1032 4718 Ἀϐραὰμ,
1065 4646 1160 4699 καὶ
1206 4643 1566 4709 ἀπελθόντων,
1596 4644 1691 4697 καὶ
1724 4660 1856 4696 κατ-

1972 4546 2101 4603 dum
2134 4547 2300 4611 venit,
2337 4544 2499 4600 iidem
2529 4545 2607 4600 illi
2648 4544 2945 4599 Abrahami
2992 4551 3048 4600 et
3091 4544 3369 4601 Chettura:
3418 4547 3547 4617 ﬁlii,

1968 4640 2061 4709 qui
2093 4654 2122 4692 a
2157 4649 2310 4709 patre
2341 4637 2551 4707 rcjecti;
2593 4637 2645 4691 in
2692 4635 2959 4716 Magodia,
2981 4652 3101 4709 qua:
3138 4636 3354 4693 Arabia:
3394 4640 3549 4711 regio

276 4737 621 4807 οικησάντων
648 4739 726 4801 εἰς
764 4736 833 4791 τὰ
872 4738 1011 4808 μέρη
1045 4737 1113 4791 τά
1150 4737 1412 4808 Ἀραϐικά
1436 4740 1533 4808 τῆς
1562 4736 1859 4805 Μαγωδίας

1967 4740 2072 4794 est,
2105 4729 2508 4796 habitaverant,
2559 4728 2666 4783 hoc
2705 4738 2808 4791 est,
2849 4729 2999 4799 magi
3038 4744 3106 4784 ex
3150 4728 3300 4784 illius
3329 4732 3546 4799 generis

277 4831 467 4902 χώρας
489 4871 504 4895 ,
546 4830 653 4883 τῶν
682 4830 941 4884 ἐλθόντων
985 4831 1173 4900 μάγων
1204 4830 1316 4902 (55)
1347 4830 1454 4883 άπὸ
1480 4830 1576 4901 τῆς
1614 4828 1859 4897 διαδοχῆς

1970 4823 2325 4880 successione
2376 4822 2679 4893 propagati,
2730 4820 2921 4876 eadem
2972 4822 3065 4877 illa
3104 4822 3248 4878 dona
3295 4822 3545 4891 ejusdem

274 4921 391 4977 τῶν
419 4923 750 4994 σπερμάτων
781 4922 1027 4987 ἐκείνων,
1060 4920 1539 4993 προσενηνεγμένα
1566 4919 1773 4991 δόματά
1798 4936 1858 4972 τε

1967 4916 2035 4971 ad
2095 4914 2537 4972 communionem
2591 4912 3010 4984 signiﬁcandam
3057 4914 3278 4970 Christo
3328 4912 3547 4968 Bethle-

354 5147 460 5202 ιγ.
509 5147 749 5217 ἀγαθῶν.
846 5150 866 5181 ι
896 5150 1055 5206 Cant.
1099 5165 1173 5212 Vl,
1214 5149 1265 5203 7.
1312 5106 1364 5179 ἰ
1392 5146 1547 5215 ibid.,
1572 5145 1629 5202 8.
1706 5143 1863 5199 ‘Gal:

276 5219 314 5275 2
345 5235 469 5290 sqq.
544 5220 566 5251 ⁸
607 5220 740 5275 ibid.

1974 5159 2050 5211 IV,
2088 5143 2179 5199 51.
2257 5144 2279 5176 ⁵
2314 5141 2449 5198 Gen.
2481 5156 2609 5205 xxv,
2643 5139 2696 5194 6.
2773 5138 2794 5170 ⁶
2817 5135 2995 5193 Galat.
3020 5153 3091 5201 tv,
3109 5134 3198 5188 22.
3272 5135 3291 5165 ⁷
3318 5130 3444 5189 Osc.
3484 5146 3549 5201 II,

352 5439 464 5505 (32)
490 5441 596 5504 Εἰς
639 5436 1019 5507 ἐπιστροφὴν
1039 5434 1276 5505 ψυχῶν,
1307 5442 1412 5489 etc.
1444 5434 1575 5507 Quae
1598 5437 1859 5492 conversis

278 5508 351 5563 ad
382 5509 540 5579 ﬁdem
592 5517 642 5563 et
670 5506 943 5579 veritatem
985 5508 1176 5579 animis
1214 5514 1366 5560 erant
1398 5506 1705 5573 obventura,
1737 5508 1861 5562 red-

278 5576 485 5633 duntur
517 5593 621 5632 non
650 5580 789 5634 male
817 5594 848 5633 a
888 5576 1130 5632 Petavio.

352 5650 467 5720 (55)
498 5648 627 5702 Τῶν
670 5649 969 5720 madv-tm-
993 5644 1557 5720 Mdjjqw._E_piphanii
1600 5645 1854 5720 _opi_nloni

279 5717 369 5773 de'
392 5717 609 5789 regione
649 5719 791 5773 unde
824 5718 1072 5789 venerint
1117 5717 1256 5788 Magi
1284 5717 1562 5789 Christum
1600 5717 1653 5770 in
1698 5718 1853 5789 inicu-

1973 5439 2270 5505 llilarium;
2311 5439 2379 5494 de
2420 5436 2820 5493 recentioribus
2861 5436 3019 5506 longe
3057 5433 3261 5506 plures.
3297 5430 3541 5506 Aliorum

1968 5509 2188 5565 Patrum
2224 5501 2334 5564 non
2378 5523 2484 5563 una
2525 5519 2609 5564 est
2645 5507 2862 5575 opinio;
2916 5501 3016 5559 nec
3059 5501 3260 5572 cuique
3293 5501 3539 5575 Opinioui

1966 5581 2166 5636 desunt
2202 5581 2255 5634 in
2290 5582 2389 5633 hac
2429 5585 2614 5632 nostra
2650 5572 2807 5631 aitate
2845 5576 2914 5628 ab
2945 5575 3161 5627 illorum
3194 5572 3536 5641 temporibus

1968 5652 2125 5722 longe
2151 5650 2369 5722 dissita.
2408 5648 2817 5722 suﬁragatores.
2842 5642 3093 5722 ⁸ξίίάεεὶε⁵
3106 5642 3189 5697 vel
3218 5641 3541 5722 unum-Cal-

1962 5713 2167 5775 niefum
2201 5722 2256 5775 iu
2294 5713 2688 5773 Dissertatione
2726 5717 2794 5772 de
2840 5714 3010 5783 Magis
3052 5713 3440 5783 Commentario
3486 5713 3542 5783 in

284 5781 502 5844 nabnlis
537 5791 839 5860 vagientem
888 5788 1186 5860 adoraturi,
1208 5781 1440 5860 'constat
1470 5787 1849 5860 de__veteribus
1936 5790 2276 5845 -Mattha:um
2304 5788 2703 5860 prwiiiissarct
2733 5786 2786 5843 in
2818 5781 3156 5844 Dictionario
3194 5798 3359 5840 sacra:
3400 5781 3544 5839 Scri-

284 5856 760 5924 suﬁragatos'esse
787 5857 1202 5926 Tertullianum,
1230 5856 1505 5916 Justinum
1530 5857 1845 5929 Martyrem,
1954 5872 2145 5930 prima,
2184 5860 2250 5916 ad
2279 5856 2467 5917 vocem
2496 5856 2664 5929 Magi.
