3986 6224
459 373 562 428 787

1853 379 1910 436 S.
1953 380 2294 438 ΕΡΙΡΙΙΑΝΙΙ

3599 391 3701 446 788

460 489 604 544 hemi
637 489 973 554 obtulerunt,
1005 505 1130 546 cum
1161 493 1227 548 ad
1268 501 1552 564 aspectum
1593 496 1788 552 sideris
1817 513 1882 552 eo
1915 513 2033 568 pro-

2146 504 2230 555 καὶ
2275 503 2424 574 δῶρα
2476 506 2558 568 είς
2603 509 2954 578 συμμετοχὴν
3007 508 3107 576 τῆς
3157 507 3328 577 αὐτῆς
3369 507 3586 571 ἐλπίδος
3626 507 3706 577 τῷ

463 581 590 637 t'ecti
645 579 936 638 fuissent‘.
969 581 1293 652 Cujusmodi
1329 592 1472 642 dona
1520 587 1724 644 diserte
1769 591 2029 662 propheta

461 673 703 726 declarat
733 673 818 728 his
847 675 1030 730 verbis
1063 695 1076 730 :
1110 677 1373 742 Quoniam
1405 691 1684 750 antequam
1723 683 1860 736 sciat
1904 695 2032 746 pater

463 765 727 835 appellare
751 777 958 834 patrem
986 778 1076 820 aut
1113 782 1356 836 matrem,
1389 774 1557 840 capiet
1593 775 1879 841 potentiam
1915 774 2030 828 Da-

459 858 622 910 masci
650 865 699 910 et
727 857 898 926 spolia
932 858 1218 925 Samaria',
1265 879 1444 916 caram
1478 881 1592 933 rege
1623 865 1962 935 Assyriorum
1989 869 2030 922 '.

461 949 594 1004 Nam
651 952 765 1006 haec
797 954 978 1006 omnia
1015 955 1308 1010 Abrahami
1347 960 1684 1026 temporibus
1709 975 1739 1014 e
1769 959 2032 1014 Damasco

461 1055 514 1098 et
569 1043 818 1098 Samaria
853 1061 882 1098 a
917 1049 1432 1116 supervenientibus
1463 1051 1570 1105 illis
1597 1053 1814 1122 regibus
1851 1061 2030 1122 capta,

463 1148 522 1192 ut
557 1148 684 1193 ante
713 1138 846 1202 dixi,
875 1139 1113 1194 fuerant.
1139 1141 1294 1206 Quod
1324 1151 1408 1198 est
1439 1144 1604 1212 igitur
1631 1151 1846 1213 tempus
1876 1145 2030 1208 illud,

463 1249 572 1303 quo
605 1241 896 1304 antequam
953 1243 1158 1304 patrem
1203 1243 1297 1288 aut
1341 1245 1573 1290 matrem
1617 1239 1890 1307 appellare
1926 1239 2033 1292 sci-

464 1334 568 1386 ret,
609 1325 749 1382 dona
781 1325 870 1380 illa
905 1328 1069 1396 ccpit,
1107 1327 1213 1382 nisi
1248 1343 1373 1381 cum
1403 1330 1467 1383 ad
1501 1330 1678 1397 ipsum
1715 1330 2034 1386 accedentes

466 1417 610 1488 magi
659 1433 816 1486 peras
865 1433 1017 1482 suas,
1051 1419 1131 1472 vel
1167 1421 1546 1486 thesauros,ut
1580 1420 1825 1489 quaedam
1857 1437 2036 1477 exem-

465 1509 636 1578 plaria
689 1526 800 1579 prae
854 1525 912 1565 se
961 1511 1166 1570 ferunt,
1214 1519 1566 1580 aperuerunt,
1611 1512 2033 1584 obtuleruntque

465 1605 740 1674 myrrham
787 1611 840 1659 et
887 1604 1015 1659 thus
1049 1614 1103 1659 et
1135 1605 1371 1658 aurum?
1407 1603 1572 1660 Vides
1601 1619 1760 1674 quam
1794 1615 1918 1676 apte
1951 1623 2036 1662 ve-

465 1698 642 1752 ritatis
687 1712 870 1751 secum
923 1711 1109 1750 sermo
1167 1696 1446 1765 seriesque
1488 1698 1816 1758 consentiat,
1868 1715 2033 1766 unae

465 1789 699 1843 hmreses
749 1789 879 1857 ipsa:
923 1788 1247 1842 concubitui:
1294 1789 1425 1851 sint,
1458 1803 1689 1857 quarum
1721 1789 1826 1842 lihe
1857 1789 1872 1843 i
1909 1807 1960 1844 m
1987 1807 2031 1842 t-

467 1895 596 1934 nera
629 1880 980 1948 acceperint?
1017 1879 1149 1943 QlllB
1179 1878 1397 1948 quidem
1430 1879 1666 1934 haereses
1707 1881 1920 1950 1036
1947 1896 2036 1935 so-

470 1973 576 2024 lum
614 1987 811 2024 nomen
861 1973 1194 2036 obtinentes,
1247 1971 1300 2024 id
1333 1979 1437 2034 est,
1471 1972 1584 2026 sola
1615 1971 1820 2026 Christi
1853 1972 2038 2042 appel-

467 2063 666 2116 latione
719 2063 942 2118 censitae
987 2079 1192 2133 paucas
1234 2080 1264 2119 e
1313 2065 1488 2119 sacris
1551 2063 1772 2120 Litteris
1819 2076 2038 2121 senten-

467 2155 572 2210 tias
605 2154 920 2224 accipiunt:
965 2170 1058 2223 per
1086 2169 1222 2224 quas
1271 2155 1580 2219 veritatem,
1630 2157 1676 2210 si
1726 2157 1911 2222 velint,
1953 2159 2037 2212 in-

467 2245 710 2315 teltigere
755 2244 987 2314 possint.
1028 2242 1121 2298 Sin
1155 2245 1334 2298 minus
1363 2245 1550 2308 velint,
1586 2253 1638 2298 et
1673 2247 1736 2300 ad
1773 2247 2035 2302 Herodem

465 2337 690 2392 redeant
721 2355 732 2391 :
767 2335 1082 2392 mandatum
1118 2338 1262 2390 enim
1288 2339 1413 2394 illlis
1438 2347 1541 2404 est,
1579 2355 1644 2393 ue
1673 2339 1736 2394 ad
1769 2339 2034 2395 llermlem

465 2427 711 2492 redeant,
743 2426 838 2481 sed
865 2443 958 2496 per
989 2427 1148 2480 aliam
1179 2428 1318 2482 viam
1347 2437 1693 2483 revertantur
1720 2429 1775 2482 in
1805 2430 2036 2500 patriam

469 2536 647 2574 suam.
693 2517 798 2573 Sed
834 2519 878 2572 si
911 2520 1172 2588 imperata
1223 2519 1401 2575 facere
1449 2521 1788 2585 detrectent,
1855 2523 2036 2576 inania

465 2621 520 2664 et
559 2609 897 2663 infructuosa
944 2609 1058 2664 haec
1101 2611 1209 2664 illis
1258 2611 1400 2663 dona
1449 2610 1670 2672 fuerint,
1715 2614 1938 2682 perinde
1975 2627 2039 2668 ac

467 2701 642 2772 magis
699 2699 965 2769 profectio
1012 2701 1058 2754 si
1105 2703 1172 2754 ad
1223 2700 1491 2755 Herodem
1545 2704 1916 2767 revertissent,
1972 2719 2038 2760 eo

467 2789 612 2857 quod
651 2789 906 2843 similiter
941 2789 1175 2844 liaareses
1209 2792 1340 2859 ipsa:
1370 2807 1652 2845 sacrarunt
1702 2792 2037 2846 Litterarum

468 2881 720 2949 dogmata
747 2881 1106 2936 adulterando
1133 2890 1510 2951 corrumpant.

539 2971 630 3025 IX.
675 2971 767 3026 lla:
809 2981 936 3026 sunt
979 2973 1145 3042 igitur
1199 2975 1478 3044 octoginta
1523 2975 1865 3039 concubinze,
1908 2991 2042 3045 qua-

469 3081 592 3120 rum
651 3081 915 3118 immerus
975 3065 1336 3134 exprimitur;
1403 3067 1602 3138 reginae
1659 3084 1878 3138 quoque
1939 3069 2042 3126 illa:

2133 595 2352 666 Χριστῷ
2393 599 2452 650 ἑν
2499 597 2766 668 Βηθλεὲμ,
2811 599 2880 652 τὰ
2907 598 3044 652 αὐτὰ
3071 599 3236 669 δῶρα,
3265 600 3351 651 ὅτε
3383 599 3474 650 τὸν
3503 597 3704 666 ἀστέρα

2129 689 2462 760 θεασάμενοι
2494 687 2677 762 ἦλθον.
2709 688 2807 744 Ὧν
2832 693 3018 763 δώρων
3055 691 3151 761 τὴν
3182 693 3326 761 σαφῆ
3361 693 3706 763 παράστασιν

2132 782 2160 830 ὁ
2198 783 2477 852 προφήτης
2499 784 2788 856 παρίστησι
2821 784 3013 851 λέγων,
3041 785 3120 836 ὅτι
3141 783 3289 850 Πρὶν
3319 783 3356 849 ἡ
3389 780 3616 850 γνῶναι
3643 780 3704 832 τὸ

2139 876 2380 930 παιδίον
2407 877 2618 930 καλεῖν
2647 878 2869 944 πατέρα
2895 877 2932 945 ἣ
2964 875 3208 945 μητέρα,
3239 874 3498 942 λήψεται
3528 871 3708 923 δύ’-αν

2129 983 2235 1034 μιν
2270 967 2590 1034 Δαμασκοῦ
2630 966 2730 1020 καὶ
2767 969 2839 1020 τὰ
2871 969 3072 1020 σκῦλα
3113 964 3468 1032 Σαμαρείας,
3499 961 3706 1014 ἔναντι

2129 1059 2434 1124 βασιλέως
2470 1060 2824 1126 Ἀσσυρίων.
2877 1057 3060 1111 Ταῦτα
3107 1055 3214 1128 γὰρ
3261 1053 3369 1107 ἀπὸ
3411 1048 3708 1122 Δαμασκοῦ

2135 1154 2192 1204 ἑν
2223 1152 2434 1222 χρόνοις
2468 1150 2738 1219 Ἀϐραὰμ,
2769 1149 2843 1210 ὡς
2879 1150 3155 1220 προεῖπον,
3181 1145 3284 1198 ὑπὸ
3309 1143 3419 1198 τῶν
3446 1141 3708 1212 βασιλέων

2133 1240 2242 1292 τῶν
2269 1240 2530 1292 ἐλθόντων
2557 1238 2811 1308 εἴληπται
2837 1239 2928 1290 καὶ
2954 1237 3060 1290 ἀπὸ
3092 1235 3426 1307 Σαμαρείας.
3457 1234 3596 1284 Πότε
3617 1227 3708 1284 οὖν

2135 1329 2324 1384 ἔλαϐεν
2354 1329 2494 1382 αὐτὰ
2523 1330 2652 1401 πρὶν
2675 1331 2707 1397 ἢ
2740 1329 2942 1396 γνῶναι
2972 1329 3153 1382 καλεῖν
3181 1325 3448 1396 πατέραῆ
3477 1323 3706 1394 μητέρα,

2134 1422 2250 1476 ἀλλ’
2283 1423 2370 1474 ὅτε
2415 1418 2578 1491 ἦλθον
2627 1421 2675 1474 οἱ
2739 1421 2934 1490 μάγοι,
2985 1421 3078 1472 καὶ
3123 1417 3338 1488 ἤνοιξαν
3383 1415 3483 1478 τὰς
3531 1417 3709 1483 πήρας

2135 1513 2362 1578 ἑαυτῶν,
2411 1511 2600 1582 ἦτοὺς
2645 1511 2971 1582 θησαυροὺς,
3003 1509 3078 1572 ὡς
3121 1509 3232 1579 ἔχει
3263 1507 3378 1560 ἑνια
3422 1504 3534 1558 τῶν
3575 1505 3710 1556 ἅντι-

2139 1606 2384 1678 γρὰερων,
2419 1605 2511 1658 καὶ
2541 1605 2924 1675 προσήνεγκαν
2961 1601 3205 1672 σμύρναν
3245 1600 3337 1652 καὶ
3378 1597 3596 1650 λίϐανον
3619 1595 3708 1648 καὶ

2140 1698 2373 1770 χρυσόν;
2408 1697 2517 1750 Καὶ
2555 1698 2686 1767 ὁρᾷς
2717 1695 2834 1758 πῶς
2876 1695 2988 1764 ἔχει
3011 1693 3030 1725 ³
3060 1695 3116 1745 αἱ
3153 1693 3249 1762 τῆς
3285 1689 3544 1760 ἀληθεία-ς
3569 1687 3708 1758 φρά-

2143 1808 2256 1854 σεις
2289 1791 2380 1844 καὶ
2415 1788 2761 1852 ἀκολουθίαι;
2801 1787 2875 1850 ὡς
2905 1787 2998 1840 καὶ
3026 1778 3184 1838 αὗται
3213 1785 3268 1836 αἱ
3295 1783 3540 1854 αἱρέσεις
3575 1777 3709 1832 παλ-

2134 1881 2351 1943 λακίδες
2379 1881 2682 1950 ὑπάρχουσι
2703 1921 2716 1943 ,
2751 1880 2844 1931 καὶ
2891 1877 2958 1930 τὰ
2987 1877 3166 1930 αὐτῶν
3206 1875 3370 1928 τέκνα
3401 1871 3568 1924 ἔλαϐε
3615 1869 3710 1922 δός

2139 1990 2300 2044 ματα,
2328 1973 2387 2025 τὸ
2427 1971 2596 2040 ὄνομα
2626 1971 2784 2041 μόνον
2815 1967 3092 2029 λαϐοῦσαι,
3126 1965 3351 2035 ὀνόματι
3383 1963 3546 2034 μόνον
3576 1961 3706 2028 Χρι-

2137 2063 2262 2115 στοῦ
2309 2061 2630 2133 κληθεῖσαι,
2681 2059 2772 2112 καὶ
2816 2058 2942 2121 τοὺς
2991 2057 3204 2124 ὀλίγους
3263 2053 3369 2106 ἀπὸ
3413 2053 3512 2122 τῆς
3564 2049 3708 2112 θείας

2135 2155 2174 2206 Γ
2181 2153 2359 2224 ραφῆς
2400 2153 2589 2220 λόγους
2624 2149 3020 2219 ὑποδεξάμεναι
3041 2187 3054 2210 ,
3087 2147 3172 2198 ἵνα
3201 2147 3266 2198 δι’
3309 2143 3485 2198 αὐτῶν
3513 2141 3708 2194 συνῶσαι

2135 2247 2234 2316 τὴν
2268 2245 2564 2316 ἀλήθειαν,
2597 2241 2691 2296 ἑὰν
2727 2241 2972 2294 θέλωσιν.
3014 2239 3078 2292 Et
3117 2236 3175 2290 δὲ
3213 2235 3287 2306 μὴ
3313 2233 3542 2297 θέλοιεν,
3581 2229 3710 2282 ἀλλὰ

2137 2337 2498 2406 ἀνακάμψωσι
2519 2335 2654 2404 πρὸς
2675 2334 2765 2386 τὸν
2801 2331 3076 2403 Ἡρώδην·
3110 2324 3582 2398 παραγγέλλονται
3605 2321 3710 2391 γὰρ

2141 2431 2214 2501 μὴ
2252 2427 2632 2497 ἀνακάμπτειν
2659 2423 2796 2494 πρὸς
2836 2419 3101 2494 Ἡρώδην,
3131 2418 3269 2473 ἀλλὰ
3301 2417 3368 2470 δι’
3397 2415 3567 2484 ἄλλης
3590 2411 3708 2466 ὀδοῦ

2138 2521 2482 2593 ἀφικνεῖσθαι
2526 2522 2604 2581 εἰς
2650 2517 2748 2588 τὴν
2797 2513 3007 2568 ἑαυτῶν
3058 2511 3320 2582 πατρίδα.
3361 2507 3488 2561 Ἐὰν
3543 2506 3600 2558 δὲ
3639 2504 3710 2574 μὴ

2139 2617 2407 2687 ποιήσωσι
2446 2614 2516 2667 τὰ
2563 2609 3039 2682 προστεταγμένα,
3071 2605 3247 2678 μάτην
3279 2603 3491 2663 ἑαυτοῖς
3529 2599 3600 2652 τὰ
3625 2598 3713 2650 δό-

2143 2725 2310 2779 ματα,
2337 2706 2411 2768 ὡς
2453 2704 2682 2766 ἐκείνοις
2714 2706 2746 2774 ὴ
2777 2701 3007 2764 ἑλευσις,
3039 2700 3088 2751 εἰ
3111 2695 3436 2766 ἀνέκαμψαν
3455 2693 3592 2762 πρὸς
3623 2691 3714 2743 τὸν

2152 2797 2416 2870 Ἡρώδην,
2463 2795 2550 2848 διὰ
2594 2795 2655 2846 τὸ
2692 2793 2891 2864 ὁμοίως
2919 2790 3016 2853 τὰς
3047 2787 3216 2852 αὐτὲις
3255 2786 3494 2857 αἱρέσεις
3541 2797 3716 2853 παρα-

2141 2891 2434 2962 χαρασσειν
2462 2888 2570 2941 τῶν
2603 2887 2763 2940 θείων
2793 2885 2966 2954 λόγων
2993 2884 3058 2938 τὰ
3085 2881 3411 2951 διδάγματα.

2213 2961 2290 3040 Θ.
2333 2978 2500 3037 Αὗται
2534 2977 2626 3035 οὖν
2655 2983 2792 3033 εἰσιν
2825 2979 3157 3048 ὀγδοήκοντα
3195 2971 3547 3036 παλλακίδες,
3577 2961 3654 3022 ὧν
3687 2967 3716 3020 ὁ

2143 3077 2372 3151 ἀριθμὸς
2407 3068 2558 3138 οὗτος
2585 3072 2905 3144 ἐμφέρεται,
2937 3071 3184 3122 κάκεῖναι
3221 3070 3276 3120 αἱ
3319 3063 3630 3135 βασίλισσαι
3659 3057 3716 3112 αι

469 3159 600 3227 ipsa:
647 3164 774 3210 sunt
826 3157 1024 3212 animm
1053 3171 1172 3225 quae
1205 3175 1300 3227 per
1344 3160 1722 3228 generationes
1757 3177 2040 3216 recensen-

2149 3170 2290 3226 κατὰ
2323 3169 2422 3232 τὰς
2453 3165 2646 3234 γενεὰς
2687 3160 3072 3234 ἀριθμηθεῖσαι
3105 3157 3292 3228 ψυχαὶ,
3319 3153 3598 3208 τουτέστιν
3629 3151 3720 3205 iv-

475 3259 586 3310 tnr,
623 3249 724 3302 hoc
751 3259 838 3302 est
881 3249 980 3302 viri
1017 3258 1182 3318 atque
1221 3250 1566 3319 patriarcha}.
1611 3251 2042 3308 Adolescentuhe

473 3355 639 3408 porro
677 3357 910 3409 qtmrum
967 3342 1090 3396 iniri
1147 3357 1405 3396 numerus
1453 3357 1562 3395 non
1617 3349 1816 3411 potest,
1860 3345 2042 3398 varias

473 3431 922 3498 philosOphorum
968 3441 1144 3488 sectas
1171 3449 1292 3502 quia:
1331 3435 1382 3486 in
1427 3433 1688 3488 mundum
1723 3435 2045 3490 introductae

473 3529 624 3582 sunt,
674 3536 738 3575 ac
785 3523 1002 3577 diversa
1045 3525 1480 3595 uniuswjusque
1527 3526 1745 3580 vivendi
1794 3526 2043 3583 instituta

475 3611 820 3680 signiﬁcant;
865 3627 1100 3680 quorum
1157 3614 1314 3668 laude
1360 3615 1522 3684 digna
1577 3615 1682 3668 alia
1735 3623 1884 3682 sunt,
1941 3615 2044 3668 alia

473 3706 851 3774 vituperanda.
891 3705 1088 3775 Ecquis
1118 3707 1260 3761 enim
1303 3709 1490 3762 ntundi
1525 3709 1690 3778 hujus
1727 3711 2044 3766 varietatem

477 3798 828 3866 percenseat?
868 3798 1040 3863 Quam
1075 3800 1258 3853 multa:
1289 3801 1432 3870 apud
1464 3803 1694 3868 gentiles
1723 3803 1842 3856 alia:
1875 3811 2039 3858 sectae

477 3897 600 3960 post
643 3891 1122 3946 manifestissimas
1154 3893 1274 3949 illas
1303 3903 1542 3962 quatuor
1581 3895 1648 3950 de
1692 3896 1891 3965 quibus
1937 3897 2048 3966 egi-

475 3999 626 4046 mus,
661 3984 1034 4054 pullularunt?
1063 3984 1200 4049 Quin
1234 3985 1394 4038 etiam
1421 3996 1542 4056 post
1572 3987 1690 4042 illas
1719 3989 1954 4043 haereses
1984 4001 2047 4041 ac

476 4085 815 4146 sequentes,
860 4077 1059 4131 diversi
1109 4078 1390 4132 hominum
1442 4079 1606 4133 animi
1657 4087 1712 4135 et
1761 4081 2048 4150 opiniones

473 4170 702 4239 juvenili
732 4169 968 4239 quodam
1001 4167 1145 4222 fastu
1177 4177 1230 4222 et
1257 4172 1568 4240 arrogantia
1599 4171 1837 4240 privatas
1869 4181 2048 4226 sectas

478 4277 578 4332 pro
615 4277 713 4317 sua
761 4263 966 4332 quique
1009 4261 1233 4316 libidine
1259 4263 1644 4316 condiderunt.
1684 4261 1888 4332 Utputa
1921 4263 2050 4334 Pyr—

479 4347 660 4404 rhouii
740 4351 958 4419 quidam
1025 4352 1419 4421 appellantur;
1473 4353 1673 4421 aliique
1737 4356 2047 4422 complures

475 4451 623 4502 sunt,
649 4455 877 4509 quorum
903 4443 1124 4496 nomina
1159 4457 1223 4496 ac
1255 4443 1472 4498 decreta
1507 4445 1820 4516 singillatim
1862 4455 1915 4501 et
1948 4463 2037 4501 or-

2141 3263 2266 3334 δρες
2315 3259 2406 3314 καὶ
2455 3258 2810 3328 πατριάρχαι.
2863 3251 3120 3316 Νεάνιδες
3184 3250 3240 3303 δὲ
3293 3241 3366 3302 ὧν
3419 3245 3522 3298 οὐκ
3575 3243 3720 3296 ἔστιν

2142 3353 2372 3428 ἀριθμὸς
2397 3394 2412 3419 ,
2454 3355 2510 3406 ὲν
2539 3353 2655 3414 ταῖς
2691 3348 2875 3401 λοιπὸν
2917 3345 3058 3399 κατὰ
3091 3344 3268 3398 πάντα
3315 3340 3522 3428 κόσμον
3551 3335 3718 3428 ⁸φιλο--

2145 3423 2360 3514 σοφίαις
2381 3483 2394 3508 ,
2428 3442 2522 3495 καὶ
2552 3440 2790 3508 ἑκάστης
2819 3437 2998 3506 ψυχῆς
3029 3431 3350 3493 πολιτείαις,
3376 3427 3478 3496 τῆς
3506 3425 3607 3495 μὲν
3639 3423 3718 3523 ob:

2146 3553 2243 3605 σης
2274 3533 2583 3602 ἑπαινετῆς,
2619 3532 2715 3600 τῆς
2748 3529 2804 3581 δὲ
2848 3526 2930 3580 οὗ.
2971 3526 3068 3588 Τίς
3109 3522 3218 3594 γὰρ
3251 3519 3578 3592 ἀριθμήσειε
3625 3519 3720 3566 τοῦ

2145 3629 2350 3697 κόσμου
2379 3625 2569 3678 τούτου
2603 3623 2701 3691 τὴν
2725 3619 3024 3688 διαφοράνς
3055 3615 3226 3670 Πόσαι
3261 3611 3369 3682 γὰρ
3393 3609 3554 3663 ἄλλαι
3591 3607 3717 3676 παρ’

2147 3719 2370 3789 Ἕλλησι
2404 3716 2540 3786 μετὰ
2565 3715 2662 3777 τὰς
2686 3709 3086 3783 προειρημένας
3109 3705 3375 3776 τέτταρας
3401 3697 3720 3770 φανερωτά-

2143 3830 2241 3874 τας
2282 3812 2382 3864 οὐκ
2407 3809 2643 3877 ἑφυσαν;
2675 3807 2770 3859 καὶ
2804 3803 2883 3856 ἑτι
2919 3801 3056 3870 μετὰ
3085 3799 3184 3862 τὰς
3216 3797 3456 3868 αἱρέσεις
3483 3790 3717 3854 ἐκείνας,

2147 3903 2240 3957 καὶ
2267 3901 2365 3963 τὰς
2415 3898 2745 3970 μετέπειτα,
2789 3892 2930 3946 κατὰ
2971 3892 3070 3962 τὴν
3103 3889 3333 3942 ἑκάστου
3379 3881 3627 3952 γνώμην,
3665 3881 3720 3930 ἑν

2145 3994 2363 4063 δοκήσει
2395 3989 2734 4058 νεανιότητος
2777 3985 2896 4039 καθ’
2927 3981 3126 4044 ἑαυτὰς
3152 3978 3434 4048 γινόμεναι
3460 3972 3632 4044 ψυχαί
3663 3987 3720 4023 τε

2148 4086 2238 4138 καὶ
2263 4083 2510 4154 γνῶμαι·
2540 4081 2613 4143 ὡς
2647 4075 2952 4149 Πυρρώνιοι
2987 4070 3276 4128 καλοῦνταί
3307 4084 3474 4130 τινες,
3510 4066 3606 4118 καὶ
3631 4063 3720 4116 ἄλ-

2147 4179 2228 4232 λοι
2262 4178 2500 4238 πλείους,
2531 4167 2602 4227 ὧν
2631 4172 2700 4224 τὰ
2742 4171 2983 4242 ὀνόματα
3012 4165 3108 4218 καὶ
3147 4164 3245 4228 τὰς
3269 4161 3428 4228 δόξας
3455 4159 3578 4212 καθ’
3605 4157 3720 4227 εἱρ-

2154 4271 2250 4341 μὸν
2294 4266 2542 4332 ὑποτὰξω
2568 4306 2581 4329 ,
2625 4261 2836 4316 πολλῶν
2889 4260 2986 4331 μὲν
3035 4258 3201 4310 ὄντων
3245 4254 3353 4306 τῶν
3396 4253 3478 4313 εἰς
3523 4246 3722 4341 γνῶσιν

2149 4339 2306 4434 ¹ημῶν
2347 4357 2700 4430 ἐληλυθότων,
2735 4347 3194 4420 πολλοστημόριόν
3223 4363 3292 4444 ’τε⁸
3311 4343 3420 4396 τῶν
3448 4343 3505 4394 ὲν
3517 4339 3722 4444 *κόσμῳ

2153 4433 2524 4526 ὑπαρχόντων.
2569 4447 2680 4502 Καὶ
2711 4447 2818 4498 εισι
2859 4445 2954 4515 μὲν
2987 4443 3042 4495 αι
3073 4440 3132 4505 ἐξ
3189 4437 3454 4507 Ἑλλήνων
3479 4433 3615 4526 αἵδε,
3651 4433 3722 4526 ῶν

476 4533 607 4587 dine
648 4531 898 4587 referam.
941 4537 1019 4587 Ae
1063 4535 1190 4588 licet
1219 4535 1287 4589 de
1327 4537 1512 4592 multis
1553 4539 1819 4599 hactenus
1849 4555 2040 4611 cogno-

2158 4521 2382 4619 πρώτην
2431 4543 2655 4610 τάξαιμι
2697 4538 2948 4609 ἁπαρχῆς
2981 4535 3080 4606 τὴν
3123 4529 3294 4587 Θαλοῦ
3335 4525 3430 4581 τοῦ
3459 4521 3722 4594 Μιλησίου

482 4624 674 4685 verim,
712 4636 876 4693 quota
917 4642 1044 4696 pars
1070 4635 1250 4682 tamen
1285 4643 1474 4682 eorum
1503 4639 1589 4683 est
1621 4645 1740 4700 quae
1774 4639 1887 4686 toto
1919 4636 2052 4692 orbe

2157 4639 2382 4710 γνώμην
2413 4653 2472 4689 τε
2505 4636 2597 4688 καὶ
2621 4632 2796 4696 δόξαν.

487 4721 824 4774 versantur?
888 4720 968 4774 Ex
1009 4721 1074 4776 iis
1133 4737 1294 4791 porro
1338 4724 1504 4778 sectis
1551 4726 1832 4795 gentilium
1871 4728 1953 4784 hae
2005 4707 2239 4806 propriae
2277 4707 2518 4788 luerunt
2554 4749 2567 4784 :
2617 4731 2761 4783 inter
2801 4741 2940 4796 quas
2978 4721 3228 4778 Thaletis
3265 4714 3464 4772 Milesii
3511 4707 3722 4781 opinio-

479 4830 602 4870 nem
629 4831 692 4870 ac
724 4815 922 4886 dogma
959 4815 1140 4885 priore
1172 4817 1292 4870 loco
1319 4832 1636 4886 proponam.

549 4907 752 4964 Thales
799 4907 983 4979 itaque
1031 4907 1275 4964 Milesius
1319 4925 1461 4964 unus
1496 4925 1526 4964 e
1559 4926 1633 4966 vn
1679 4911 2041 4983 sapientibus,

553 5071 566 5098 ¹
592 5065 783 5121 Matth.
811 5081 871 5132 tt,
904 5067 928 5120 1
961 5082 1083 5138 sqq.
1160 5068 1182 5098 ³
1215 5066 1317 5122 lsa.
1353 5083 1468 5134 vin,
1509 5069 1563 5123 4.
1642 5069 1661 5099 ³
1691 5069 1750 5122 F.
1783 5069 1984 5142 ἔχουσι.

549 5245 890 5320 (δὴ-Θαλῆς
921 5249 952 5298 ό
995 5244 1309 5320 Μιλήσιος.
1353 5244 1572 5310 Thales,
1597 5263 1792 5320 genere
1829 5249 2048 5305 Phanii-

479 5315 620 5382 cins,
647 5317 811 5370 Mileti
847 5315 1117 5389 tamenin
1147 5315 1294 5389 lonia
1334 5324 1512 5377 natus,
1540 5315 1630 5373 ubi
1662 5319 1867 5384 ﬂoruit,
1895 5321 2049 5389 juxta

481 5389 777 5450 Laeuium,
805 5387 1078 5440 sexcentis
1111 5387 1328 5440 circiter
1380 5397 1506 5440 ante
1549 5389 1825 5445 Christum
1869 5387 2048 5446 annis.

481 5463 608 5516 inde
639 5458 881 5530 Milesius
923 5455 1133 5530 dictus;
1168 5466 1222 5511 et
1259 5459 1402 5530 quod
1439 5459 1648 5524 primus
1691 5459 1880 5514 ordine
1918 5477 2056 5530 quo-

479 5533 603 5586 dam
649 5527 788 5600 apud
821 5543 972 5600 suos
1006 5527 1378 5600 philosophari
1413 5531 1663 5600 coeperit,
1703 5527 2056 5600 philosopho-

976 5597 1188 5666 rinceps
1249 5597 1515 5658 habetur,
1551 5609 1602 5654 et
1652 5597 1846 5654 [cuiue
1897 5597 2059 5655 sectae

585 5616 601 5650 Ἰ
660 5597 881 5650 (inet-ia:

482 5616 601 5654 rum
660 5597 881 5651 Graecia:
935 5597 1188 5716 princeps
1249 5597 1515 5658 habetur,
1551 5609 1602 5654 et
1652 5597 1846 5654 [cuiue
1897 5597 2044 5655 secta

481 5684 701 5740 parens,
735 5675 786 5740 et
808 5681 936 5736 quOt
985 5683 1141 5720 nemo
1167 5669 1612 5739 philosoiihorum
1642 5672 1733 5724 illo
1768 5671 2044 5740 antiquior

485 5736 550 5810 ad
595 5736 841 5810 [notitiam
883 5744 1124 5810 nostram
1163 5736 1486 5810 pervenerit,
1509 5755 1628 5794 uerae
1663 5736 2050 5810 philosophica:

486 5809 551 5860 ab
587 5821 653 5860 eo
701 5805 912 5857 initium
957 5803 1402 5865 ducunt'onmes.
1438 5809 1521 5864 Nil
1560 5803 1709 5866 illuin
1761 5803 2051 5882 scripsisse

2229 4914 2400 4977 Αὐτὸς
2432 4911 2540 4982 γὰρ
2595 4910 2777 4980 Θαλῆς
2819 4910 2849 4960 ό
2906 4906 3173 4977 Μιλήσιος
3211 4903 3322 4973 (⁸5.4)
3345 4943 3361 4968 ,
3397 4895 3480 4966 εἷς
3513 4897 3590 4952 ὢν
3621 4895 3724 4951 τῶν

2153 5250 2546 5313 tradunt;quae
2577 5246 2640 5298 de
2663 5244 2781 5313 ipso
2811 5246 3200 5313 memorantur,
3233 5237 3301 5292 ab
3337 5234 3727 5313 llerodotoﬁi-

2157 5335 2371 5380 cet-une,
2390 5308 2699 5377 Plutarcho,
2719 5312 2949 5372 Laertio,
2969 5311 3216 5379 aliisque,
3238 5308 3560 5380 transmissa
3575 5321 3726 5380 arce-

2159 5379 2365 5462 pimus.
2389 5385 2546 5442 Unde
2581 5385 2757 5438 oritur
2785 5380 3155 5462 omnimodam
3196 5380 3262 5434 de
3292 5379 3483 5462 iisdem
3513 5393 3580 5458 ac
3613 5379 3724 5444 ple-

2160 5449 2285 5514 itam
2315 5458 2562 5512 notitiam
2599 5470 2698 5510 nos
2740 5469 2848 5509 non
2879 5452 3076 5526 habere
3098 5493 3111 5514 ,
3145 5466 3251 5526 nee
3279 5449 3412 5526 satis
3449 5449 3591 5526 scire
3620 5461 3724 5526 quo

2164 5545 2327 5585 sensu
2362 5542 2557 5596 aquam
2592 5540 2772 5598 rerum
2807 5519 3406 5598 omniumprincipi-um
3441 5519 3724 5598 statuerit.

2165 5587 2538 5655 Cousulahlur
2607 5595 2694 5663 qui
2760 5593 2960 5669 veteris
3015 5587 3375 5669 philosophia:
3441 5587 3724 5669 historiam

2157 5672 2366 5741 scripto
2390 5655 2759 5741 adornarunt:
2785 5655 3120 5741 Gassend'us,
3149 5655 3448 5726 Sta—uleius,
3476 5655 3726 5714 Albcrtus

2157 5733 2460 5804 Fabricius,
2488 5735 2814 5802 Bructerus,
2848 5742 2900 5788 et
2917 5733 3028 5786 alii.
