3986 6224
317 325 421 383 789

918 327 1288 385 ADVERSUS
1323 329 1662 386 ll.—'E[lESES
1703 332 1828 388 LIB.
1867 332 1953 388 Ill.
1987 334 2151 390 'l‘OM.
2193 335 2259 392 11.
2285 368 2358 380 -
2411 337 2780 394 EXPOSITIO
2818 333 3017 392 FlDEl.

3476 321 3584 393 τοο

323 447 471 500 ἑπτὰ
502 447 702 518 σοφῶν,
735 448 1031 520 ἀρχέγονον
1059 452 1274 504 πάντων
1295 452 1611 523 ἀπεφήνατο
1637 453 1698 506 τὸ
1725 452 1870 524 ὕδωρ
1890 473 1904 484 ·

2041 458 2348 528 ιτίηοίρὶιιῐη
2400 473 2585 514 rerum
2616 459 2858 513 omnium
2883 470 3078 527 aquam
3109 470 3229 511 esse
3257 454 3428 520 dixit;
3459 469 3586 509 nam

323 537 386 602 ἐξ
421 537 612 600 ὓδατος
649 539 758 606 γάρ
815 555 948 608 φησι
997 538 1067 591 τά
1101 539 1277 592 πάντα
1304 536 1444 592 εἶναι
1471 581 1486 605 ,
1523 540 1616 594 καὶ
1643 541 1722 604 είς
1756 539 1901 611 ὕδωρ

328 629 494 683 πάλιν
530 628 879 684 ἀναλύεσθαι.

403 721 824 793 Ἀναξίμανδρος
853 724 881 776 6
913 721 1008 775 τοῦ
1040 723 1369 794 Πραξιάδου,
1403 728 1497 781 καὶ
1523 727 1684 790 αὐτὸς
1725 725 1902 798 Μιλή-

319 830 436 878 σιος
467 814 597 885 (55),
639 813 700 866 τὸ
731 814 959 886 ἄπειρον
989 816 1165 888 ἀρχὴν
1203 818 1460 874 ἁπάντων
1500 819 1701 889 ἔφησεν
1728 813 1865 872 εἶναι
1885 832 1902 848 ο

318 906 386 959 ἐκ
416 908 604 958 τούτου
636 905 745 978 γὰρ
791 905 862 961 τὰ
902 908 1082 963 πάντα
1121 909 1366 978 γίνεσθαι
1389 952 1404 978 ,
1431 911 1526 965 καὶ
1557 913 1636 976 είς
1675 911 1808 966 αὐτὸ
1835 909 1904 964 τά

320 999 502 1054 πάντα
527 999 878 1055 ἀναλύεσθαι.
1275 1052 1290 1059 _

404 1091 760 1163 Ἀναξιμένης
808 1095 835 1148 6
884 1093 978 1148 τοῦ
1012 1094 1359 1167 Εὗρυστάτου
1414 1095 1564 1165 (56),
1613 1095 1708 1150 καὶ
1742 1093 1905 1158 αὐτὸς

321 1185 586 1254 Μιλήσιος
617 1185 771 1254 (37),
822 1185 914 1240 τὸν
964 1186 1102 1257 ἀέρα
1148 1187 1243 1240 τοῦ
1299 1188 1499 1252 παντὸς
1544 1188 1717 1258 ἀρχὴν
1765 1183 1904 1241 εἶναι

320 1275 506 1344 λέγει,
539 1276 633 1328 καὶ
659 1277 723 1329 ἐκ
749 1276 940 1330 τούτου
977 1278 1045 1330 τὰ
1073 1277 1274 1332 πάντα.

423 1367 790 1439 Ἀναξαγόρας
851 1371 880 1422 6
938 1369 1030 1422 τοῦ
1089 1369 1480 1440 ’Ἡγησιϐούλου
1537 1371 1565 1424 6
1618 1367 1905 1438 Κλαζομέ-

321 1478 436 1524 νιος
464 1460 572 1530 (58)
594 1503 608 1524 ,
656 1462 829 1531 ἀρχάς
859 1460 968 1514 τῶν
1002 1460 1219 1516 πάντων
1263 1461 1362 1525 τᾶς
1406 1463 1758 1532 ὀμοιομερίας
1793 1459 1904 1532 (59)

323 1551 527 1619 ἔφησεν
558 1547 718 1604 εἶναι.

409 1643 698 1714 Ἀρχέλαος
726 1645 754 1696 6
789 1640 1187 1714 Ἀπολλοδώρου
1209 1683 1222 1706 ,
1253 1643 1392 1697 κατὰ
1434 1643 1490 1696 δέ
1512 1661 1663 1706 τινας
1694 1644 1909 1698 Μίλτω·

324 1753 414 1799 νος
447 1776 462 1798 ,
507 1735 788 1805 Ἀθηναῖος
838 1735 894 1788 δὲ
943 1731 1011 1804 ἦν
1051 1735 1160 1804 (40)
1191 1773 1205 1798 ,
1251 1735 1512 1804 φυσικὸς,
1564 1737 1628 1790 ἐκ
1685 1737 1788 1806 γῆς
1841 1736 1910 1790 τά

2005 564 2073 601 ex
2132 563 2276 619 aqua
2330 549 2443 604 orir
2527 547 2745 613 omnia,
2797 555 2850 602 et
2906 547 2962 600 in
3015 559 3212 616 aquam
3260 544 3444 600 omnia
3501 558 3588 598 re-

2005 640 2165 696 solvi.

2077 732 2488 788 Anaximander
2521 730 2808 786 Praxiadaa
2855 730 3022 793 ﬁlius,
3066 728 3309 784 Milesius
3351 735 3407 784 et
3449 727 3584 797 ipse,

2008 826 2281 882 inﬁnitum
2337 827 2672 898 principium
2723 827 2969 878 omnium
3021 821 3345 884 constituit,
3396 835 3462 875 ex
3522 833 3589 874 eo

2004 919 2151 975 enim
2180 919 2364 974 omnia
2397 919 2568 984 nasci,
2600 926 2654 973 et
2683 917 2740 972 in
2773 915 2905 970 illud
2935 930 3088 984 teque
3123 913 3373 970 dissolvi.

2076 1101 2446 1156 Anaximenes
2504 1097 2782 1172 Eurystati
2834 1098 2995 1160 ﬁlius,
3047 1106 3102 1152 et
3149 1097 3266 1167 ipse
3322 1093 3584 1158 Milesius,

2008 1210 2188 1250 aerem
2233 1193 2564 1264 principium
2626 1209 2806 1248 rerum
2857 1206 2981 1247 esse
3029 1188 3238 1256 deﬁnit,
3301 1189 3370 1243 ab
3415 1199 3589 1257 eoque

2015 1285 2275 1341 universa
2306 1300 2552 1338 manare.

2079 1378 2437 1445 Anaxagoras
2494 1374 2805 1446 llegesibuli
2861 1373 3027 1437 ﬁlius,
3069 1368 3476 1430 Clazomenius,
3517 1365 3590 1421 si-

2010 1469 2347 1523 militudines
2417 1468 2657 1538 partium
2718 1466 3048 1537 principium
3107 1478 3290 1519 rerum
3343 1458 3589 1515 omnium

2009 1576 2133 1617 esse
2164 1562 2374 1615 statuit.

2086 1651 2300 1721 1081
2333 1648 2603 1705 Archelao
2629 1647 2966 1718 Apollodori,
3002 1645 3116 1701 sive
3145 1650 3205 1697 ut
3237 1642 3359 1696 aliis
3391 1640 3588 1711 placet,

2013 1743 2248 1797 Miltonis
2297 1741 2438 1805 ﬁlio,
2497 1739 2817 1795 Atheniensi
2853 1754 2918 1793 ac
2978 1737 3221 1808 physico,
3284 1733 3465 1804 placet
3521 1729 3594 1787 ab

324 1829 503 1882 πάντα
537 1827 683 1896 λέγει
710 1827 1077 1898 γεγενῆσθαι·
1131 1828 1268 1900 αὔτη
1306 1829 1415 1900 γάρ
1453 1830 1594 1901 ἀρχὴ
1635 1828 1744 1882 τῶν
1769 1829 1906 1882 ὅλων

2041 1851 2155 1890 arra
2202 1835 2384 1889 omnia
2439 1833 2734 1904 proﬁcisci;
2801 1832 2964 1900 idque
3028 1829 3162 1884 adeo
3220 1841 3404 1882 rerum
3458 1837 3585 1880 esse

326 1922 474 1974 ἐστὶν
500 1960 513 1983 ,
545 1919 620 1984 ὥς
651 1937 804 1992 φησι.

418 2013 715 2083 Σωκράτης
772 2015 801 2067 6
856 2012 950 2068 τοῦ
1020 2014 1314 2083 Ἑλϐάγλου
1357 2014 1486 2080 (4-1)
1541 2015 1574 2086 ἢ
1636 2015 1911 2086 Σωφρονί-

328 2121 460 2156 σκου
511 2103 659 2173 (42),
701 2103 795 2156 καὶ
845 2104 1180 2176 Φαιναρέτης
1221 2105 1321 2176 τῆς
1371 2105 1536 2177 μαίας
1563 2146 1575 2166 .
1627 2107 1656 2160 6
1701 2103 1910 2174 ἠθικὸς,

328 2195 408 2248 Tit
446 2195 567 2250 καθ’
601 2195 812 2259 ἑαυτὸν,
843 2196 1016 2265 ἔλεγε,
1052 2197 1212 2267 μόνον
1233 2197 1314 2250 δεῖ
1336 2196 1794 2268 περιεργάζεσθαι
1820 2197 1912 2252 τὸν

329 2287 615 2357 ἄνθρωπον
641 2329 655 2350 ,
691 2285 912 2338 πλείονα
941 2285 997 2338 δὲ
1035 2287 1129 2356 μή.

396 2378 702 2448 Φερεκύδης
735 2378 846 2448 (45)
884 2379 978 2431 καὶ
1029 2379 1192 2442 αὐτὸς
1240 2379 1344 2450 γῆν
1386 2395 1518 2448 φησι
1555 2378 1662 2450 πρὸ
1698 2379 1914 2433 πάντων

330 2471 682 2541 γεγενῆσθαι.

403 2563 724 2634 Πυθαγόρας
756 2564 784 2615 6
819 2563 1022 2633 Σάμιος
1042 2601 1057 2626 ,
1093 2561 1425 2634 Μνησάρχου
1465 2562 1575 2625 υἱὸς
1600 2603 1614 2626 ,
1647 2560 1780 2615 Θεὸν
1810 2561 1914 2632 ἔφη

331 2651 469 2709 εῖναι
517 2654 613 2726 τὴν
663 2655 884 2726 μονάδα,
945 2655 1039 2708 κα)⁵
1069 2654 1192 2723 δίχα
1231 2654 1436 2724 ταύτης
1487 2655 1652 2725 μηδὲν
1689 2655 1916 2725 γεγενῆ-

333 2747 475 2801 σθαι.
511 2747 700 2815 Ἔλεγε
735 2747 811 2813 δὲ,
847 2746 922 2818 μὴ
956 2745 1065 2800 δεῖν
1095 2745 1244 2798 θύειν
1275 2749 1387 2808 τοῖς
1423 2745 1566 2810 θεοῖς
1599 2746 1734 2811 ζῶα,
1780 2748 1914 2818 μηδὲ

334 2841 444 2910 μὴν
492 2838 690 2892 ἐσθίειν
719 2857 772 2892 τι
820 2837 929 2892 τῶν
959 2837 1240 2909 ἐμψύχων,
1277 2839 1416 2908 μήτε
1471 2837 1744 2909 κυάμους,
1779 2841 1917 2909 μήτε

332 2926 473 2982 οἶνον
509 2929 683 2983 πίνειν
707 2930 832 2992 τοὺς
877 2927 1094 2998 σοφούς.
1127 2929 1321 2996 Ἔλεγε
1371 2929 1426 2981 δὲ
1456 2929 1524 2983 τὰ
1553 2928 1660 2982 ἀπὸ
1689 2928 1918 3000 σελήνης

334 3024 507 3089 κάτω,
534 3020 752 3092 παθητὰ
795 3017 932 3076 εἶναι
967 3021 1164 3075 πάντα.
1203 3021 1282 3074 Τά
1319 3022 1376 3074 δὲ
1417 3021 1674 3092 ὑπεράνω
1699 3024 1798 3092 τῆς
1830 3039 1918 3075 σε·

334 3113 538 3184 λήνης,
573 3112 760 3183 ἀπαθῆ
791 3109 950 3168 εἶναι.
984 3113 1176 3182 Ἔλεγε
1202 3112 1258 3166 δὲ
1308 3113 1400 3167 καὶ
1437 3113 1781 3183 μεταϐαίνειν
1819 3115 1918 3186 τὴν

333 3166 622 3276 ψεᾶχῆξιέὶς
658 3166 828 3256 πολλὰ
861 3166 976 3266 ζῶα
1000 3166 1315 3256 ’Ῠὲκέλευσε
1353 3166 1411 3257 δὲ
1437 3166 1558 3257 ’καί
1591 3166 1917 3276 τοίς-μαθη-
1945 3166 1989 3226 c

333 3296 459 3357 ταῖς
488 3293 652 3348 αὑτοῦ
690 3293 898 3364 σιωπᾷν
929 3293 1020 3345 ἐπὶ
1050 3293 1319 3362 πενταετῆ
1352 3294 1542 3364 χρόνον
1568 3310 1580 3324 ⁸
1615 3296 1708 3349 καὶ
1739 3293 1800 3348 τὸ
1832 3313 1922 3348 τεο

335 3389 607 3450 λευταῖον,
648 3385 766 3440 θεὸν
791 3385 978 3439 ἑαυτὸν
1005 3383 1350 3455 ἐπωνόμασε.

409 3479 716 3550 Ξενοφάνης
763 3481 791 3532 6
824 3477 918 3532 τοῦ
966 3478 1322 3549 Ὀρθουμένου
1348 3518 1363 3543 ,
1417 3476 1758 3546 Κολοφώνιος
1785 3477 1922 3549 (44),

337 3573 404 3624 ἐκ
437 3572 540 3640 γῆς
571 3572 664 3625 καὶ
696 3569 886 3632 ὓδατος
915 3568 1020 3639 ἔφη
1066 3568 1137 3622 τὰ
1178 3569 1356 3622 πάντα
1392 3567 1666 3636 γίνεσθαι·
1695 3564 1835 3621 εἶναι
1866 3569 1924 3621 δὲ

337 3663 407 3716 τά
434 3663 631 3726 πάντα,
663 3663 738 3726 ὼς
772 3661 895 3732 ἔφη,
942 3661 1093 3715 οὐδὲν
1126 3661 1345 3732 ἀληθές.
1381 3661 1566 3725 Οὕτως
1603 3660 1665 3715 τὺ
1694 3661 1924 3733 ἀτρεκὲς

339 3756 474 3825 ἡμῖν
499 3753 692 3826 ἄδηλον
719 3795 732 3819 ,
757 3755 976 3826 δόκησις
1019 3755 1077 3808 δὲ
1112 3755 1204 3807 ἐπὶ
1231 3755 1364 3808 πᾶσι
1400 3754 1656 3808 τέτυκται
1689 3754 1925 3826 μάλιστα

340 3847 450 3900 τῶν
480 3846 752 3916 ἀφανέων.

418 4001 530 4070 (55)
561 4001 671 4054 Καὶ
699 4001 881 4068 αὐτὸς
909 4001 1220 4067 Μιλήσιος.
1246 4001 1651 4056 Anaximander
1680 4001 1926 4058 Milesius

343 4080 399 4124 et
449 4072 563 4138 ipse
617 4072 736 4132 fuit,
785 4081 836 4125 et
892 4070 1136 4127 Thaletis
1175 4072 1498 4140 discipulus.
1540 4071 1661 4126 Non
1708 4075 1926 4127 constat

345 4158 456 4209 quo
489 4157 653 4196 sensu
683 4141 953 4196 inﬁnitum
987 4157 1166 4196 rerum
1212 4143 1456 4196 omnium
1491 4141 1819 4212 principium
1851 4143 1929 4198 di-

347 4212 489 4282 xerit
513 4229 527 4275 ;
557 4212 688 4266 illud
715 4214 830 4282 ipse
849 4229 958 4266 non
981 4213 1197 4281 aperuit
1217 4229 1231 4277 ;
1251 4213 1342 4282 qui
1369 4220 1490 4281 post
1515 4228 1638 4266 eum
1669 4213 1924 4280 ﬂoruere,

349 4281 617 4335 incertum
648 4297 716 4336 an
741 4281 934 4350 ipsius
964 4291 1198 4337 mentem
1236 4281 1597 4348 coniectando
1628 4292 1756 4338 sunt
1779 4297 1929 4338 asse-

346 4353 482 4404 cuti.
520 4352 710 4406 Cicero
735 4353 788 4406 in
821 4352 1066 4417 Lucullo,
1113 4368 1264 4407 num.
1297 4353 1386 4416 37,
1422 4353 1694 4408 inlinitum
1729 4351 1930 4408 Anaxi-

348 4423 587 4484 mandri,
614 4423 933 4490 inﬁnitatem
967 4435 1176 4477 natura:
1215 4425 1466 4492 appellat.

2015 1943 2367 2000 prmcrpmm.

2089 2018 2344 2075 Socrates
2374 2017 2580 2088 Elbagli
2613 2017 2728 2073 sive
2760 2014 2825 2070 Sc
2839 2014 3144 2086 phronisei,
3173 2020 3226 2068 et
3255 2010 3594 2064 Phacnaretaa

2015 2110 2331 2167 obstetricis
2385 2109 2566 2175 ﬁlius,
2625 2107 2851 2163 moralis
2903 2105 3304 2176 philosophus,
3363 2116 3485 2170 quae
3527 2099 3594 2154 ad

2017 2217 2138 2258 sese
2169 2201 2442 2272 pertinent
2479 2200 2656 2254 solum
2689 2197 2900 2253 homini
2935 2195 3264 2265 inquirenda
3295 2192 3456 2257 dixit,
3499 2206 3595 2245 ne-

2017 2309 2123 2365 que
2150 2301 2411 2362 praeterea
2435 2289 2756 2359 quidquam.

2089 2381 2428 2454 Pherecydes
2451 2395 2666 2452 quoque
2696 2389 2896 2434 terram
2925 2377 3182 2433 omnibus
3208 2376 3444 2446 priorem
3471 2387 3597 2431 esse

2018 2475 2250 2531 deﬁniit.

2088 2566 2423 2637 Pythagoras
2457 2563 2677 2619 Samius
2710 2561 3020 2618 Mnesarchi
3066 2559 3233 2620 ﬁlius,
3276 2557 3444 2612 Deum
3475 2569 3598 2612 esse

2019 2658 2310 2714 monadem
2381 2655 2656 2719 asseruit,
2709 2669 2888 2726 neque
2947 2653 3246 2722 quidquam
3311 2649 3430 2705 sine
3479 2647 3597 2717 ipsa

2020 2750 2367 2821 productum.
2394 2748 2637 2820 Negabat
2661 2738 2768 2802 diis
2793 2762 2915 2802 esse
2940 2745 3196 2800 animalia
3216 2740 3595 2804 sacriﬁcanda,

2020 2850 2114 2898 aut
2142 2843 2398 2897 animatis
2422 2841 2776 2904 vescendum,
2830 2855 2893 2894 ac
2940 2854 3008 2894 ne
3061 2836 3216 2891 fabas
3253 2834 3470 2904 quidem
3507 2848 3600 2886 co-

2021 2934 2353 2999 medendas,
2411 2947 2591 3002 neque
2635 2931 2748 2986 vini
2801 2938 2987 3001 potum
3045 2927 3387 2996 sapientibus
3445 2921 3602 2976 adhi-

2020 3025 2259 3080 bendum
2290 3022 2540 3093 putabat.
2582 3018 2726 3075 ldem
2759 3034 2882 3089 qua
2921 3017 3061 3072 infra
3104 3017 3289 3070 lunam
3312 3021 3462 3073 sunt,
3501 3027 3597 3081 pa-

2021 3119 2195 3172 tibilia
2217 3131 2340 3173 esse
2367 3115 2584 3171 dicebat
2611 3114 2793 3168 omnia
2817 3130 2831 3178 ;
2860 3112 3145 3182 superiora
3175 3125 3302 3163 vero
3329 3107 3435 3180 pati
3466 3106 3600 3160 nihil

2024 3224 2204 3280 posse.
2239 3208 2321 3262 Ad
2352 3208 2466 3262 [nec
2499 3206 2736 3260 animam
2767 3205 2920 3259 varia
2956 3203 3011 3256 in
3043 3200 3303 3255 animalia
3340 3198 3597 3253 transire.

2022 3303 2155 3357 Item
2183 3299 2471 3370 discipulis
2500 3299 2615 3355 suis
2641 3295 3050 3368 quinquennale
3077 3292 3354 3349 silentium
3393 3289 3602 3345 indice-

2022 3394 2148 3457 bat;
2183 3399 2459 3462 postremo
2508 3389 2666 3446 deum
2699 3403 2820 3444 sese
2849 3387 3138 3442 nominare
3169 3399 3339 3438 ausus
3369 3391 3474 3437 est.

2093 3479 2785 3553 XenophanesOrthumeui
2808 3478 2970 3545 ﬁlius,
2987 3475 3381 3547 Colophonius,
3402 3490 3433 3528 e
3456 3480 3602 3528 terra

2023 3585 2079 3630 et
2124 3589 2263 3644 aqua
2299 3579 2600 3644 propagata
2646 3589 2770 3629 esse
2799 3571 2936 3626 dixit
2963 3571 3176 3635 omnia;
3232 3584 3408 3638 neque
3439 3566 3604 3635 quid-

2025 3678 2188 3735 quam
2245 3663 2301 3717 in
2340 3662 2449 3716 ulla
2500 3675 2562 3716 re
2613 3662 2860 3717 veritatis
2918 3662 3140 3714 inesse:
3193 3660 3274 3714 sic
3333 3659 3603 3712 incertum

2026 3754 2382 3824 ignotumque
2435 3766 2622 3808 verum
2679 3767 2844 3808 esse:
2909 3751 3094 3822 opinio
3148 3765 3319 3818 vero,
3382 3751 3603 3820 inquit,

2025 3847 2232 3919 ubique
2257 3853 2532 3912 versatur,
2565 3846 2871 3916 praesertim
2916 3845 2967 3899 in
2999 3844 3274 3899 obscuris.

2028 4017 2188 4060 nemo
2215 4002 2632 4086 faciliusneque
2654 4003 2962 4086 elegantius
2981 4001 3119 4057 dixit
3145 3999 3274 4071 quid
3295 4000 3436 4070 apud
3459 3999 3607 4052 Ana-

2029 4088 2285 4144 xagoram
2321 4073 2486 4127 fuerit
2517 4073 2895 4146 ὁμοιομέρεια.

2101 4142 2212 4214 (40)
2265 4142 2566 4214 ᾎθηναῖος
2611 4143 2678 4196 δὲ
2708 4139 2806 4213 ἦν.
2839 4142 3232 4214 Atheniensem
3276 4139 3606 4195 Archelaum

2035 4211 2243 4284 faciunt
2279 4212 2532 4284 Laertius
2593 4211 2758 4284 atque
2831 4211 3054 4284 Suidas.
3120 4212 3356 4284 (Constat
3393 4220 3607 4284 ‘tamen

2030 4283 2300 4339 Milesium
2331 4282 2520 4347 fuisse,
2554 4291 2608 4338 et
2631 4279 2967 4353 Anaxagorae
2994 4283 3346 4353 discipulum.
3378 4279 3608 4353 Athenis

2030 4361 2212 4408 tamen
2243 4353 2500 4424 scholam,
2536 4351 3021 4424 patriaspertaiasus
3062 4351 3365 4424 transtulit,
3425 4351 3610 4420 ibique

2031 4424 2180 4478 viros
2209 4423 2507 4478 clarissimi
2539 4420 2782 4479 nominis
2816 4423 3096 4477 auditores
3131 4420 3338 4485 habuit,
3380 4429 3433 4476 et
3474 4437 3612 4488 prze-

421 4493 533 4560 (56)
578 4492 957 4563 Ἀναξιμένης
990 4497 1023 4548 ὀ
1068 4493 1175 4548 τοῦ
1215 4491 1622 4562 Εὐρυστάτου.
1665 4492 1832 4550 Corn.
1862 4509 1922 4550 ex

2041 4495 2194 4563 cipue
2233 4491 2535 4563 Socratem,
2570 4509 2602 4548 a
2647 4509 2754 4563 quo
2784 4509 2983 4548 nomen
3031 4493 3335 4562 desumpsit
3367 4491 3612 4562 philoso-

350 4561 591 4636 l.ae_r_ti0,
625 4561 1031 4636 Εὐρυστράτου.
1049 4564 1258 4636 ΡΕΤΑν.

421 4633 533 4708 (57)
560 4634 669 4686 Καὶ
694 4633 1220 4708 αὺτὸζιᾷΜιλήο-ιος.
1253 4633 1646 4708 Αηιῃιίῐηιιηάιήί
1675 4635 1895 4708 auditor
1913 4653 1958 4708 ;__

353 4702 454 4776 fuit
483 4713 663 4757 autem
689 4705 830 4760 ﬁlius
860 4706 1188 4776 Eurystrati,
1213 4721 1320 4776 non
1356 4705 1654 4776 Eurystati,
1687 4707 1763 4759 uti
1794 4707 1932 4762 bene

349 4777 420 4827 ad
445 4775 588 4829 hunc
617 4776 800 4828 locum
829 4775 1211 4829 animadvertit
1232 4775 1506 4831 Petavius.

430 4845 541 4917 (58)
587 4844 640 4917 ’0
673 4843 1087 4917 Καζαζομένιος.
1115 4844 1458 4917 Clazomenis
1495 4847 1780 4909 nimirum,
1810 4861 1932 4917 quae

355 4914 520 4987 lonia:
553 4914 707 4987 urbs
734 4913 834 4969 fuit
861 4913 1126 4974 celebris.
1173 4924 1358 4987 natus.
1401 4915 1621 4985 Spectat
1666 4913 1842 4987 igitur
1865 4933 1932 4971 eo

356 4985 577 5056 immine
605 4993 658 5040 et
688 4985 1042 5056 Anaxagoras
1075 4987 1140 5040 ad
1165 4986 1404 5040 lonicam
1445 4994 1650 5042 sectam
1677 4985 1933 5056 ;'spectat

355 5055 508 5126 quod
529 5055 1010 5126 etiAnaximenetn
1051 5056 1300 5111 habuerit
1329 5064 1740 5126 praeceptorem.

429 5125 543 5195 (59)
577 5124 693 5191 Τὰς
751 5127 1142 5195 ὀμοιομερίας.
1205 5124 1342 5182 Male
1399 5124 1736 5194 interpretati
1805 5135 1932 5182 sunt

354 5197 732 5267 similitudines
770 5208 1025 5264 partium.
1057 5198 1250 5252 Cicero
1297 5199 1417 5252 loco
1469 5198 1630 5266 paulo
1677 5199 1932 5267 superius

355 5285 384 5319 a
410 5267 568 5322 nobis
600 5266 858 5339 indicato,
878 5267 1256 5339 ὀμοιομέρειαν
1281 5268 1516 5339 appellat
1535 5276 1708 5336 partes
1733 5266 1932 5323 similes

357 5340 496 5391 iter
526 5353 620 5401 se;
649 5337 794 5405 quod
827 5335 929 5392 nec
969 5335 1144 5391 reddit
1180 5335 1366 5392 verum
1390 5335 1590 5392 Gratia:
1626 5339 1775 5392 vocis
1809 5355 1935 5393 sen-

357 5423 506 5462 sum.
535 5409 640 5461 Alii
671 5409 906 5462 obscura
931 5423 1030 5476 nec
1057 5405 1247 5462 Latina
1279 5423 1411 5463 voce
1433 5409 1624 5462 dicunt
1652 5417 1829 5476 partes
1861 5411 1935 5463 si-

358 5477 594 5532 milares.
619 5476 729 5532 Nec
751 5478 949 5530 mirum
969 5495 984 5544 ;
1002 5475 1229 5532 Latinus
1253 5493 1432 5534 sermo
1462 5475 1935 5534 animadversione

359 5548 620 5610 Lucretii,
666 5547 760 5602 lib.
797 5564 828 5602 v
860 5547 936 5601 De
994 5564 1172 5601 rerum
1212 5561 1430 5619 natura,
1464 5563 1594 5602 voce
1644 5555 1793 5603 caret
1827 5565 1933 5619 qua

361 5619 744 5689 ὁμοιομερείας
796 5634 1018 5674 sensum
1067 5620 1355 5687 exprimat.
1394 5618 1649 5673 Nostrum
1683 5635 1790 5673 non
1827 5618 1931 5685 est,

363 5704 464 5741 nec
495 5689 596 5742 loci
631 5691 938 5758 praesentis.
969 5697 1211 5744 veterum
1238 5690 1684 5760 philosophorum
1719 5691 1934 5760 opinio-

363 5774 460 5813 nes
490 5760 803 5830 explanare.
845 5760 1088 5816 Adcatur
1127 5761 1246 5817 loco
1275 5762 1444 5817 citato
1477 5759 1786 5829 Lucretius,
1824 5778 1933 5833 quo

2035 4562 2193 4636 phica
2208 4571 2355 4620 secta
2372 4562 2651 4636 Socratica
2666 4562 2998 4636 nuncupata.
3014 4563 3097 4616 An
3109 4579 3297 4636 revera
3313 4562 3611 4618 Archelaus

2035 4633 2235 4690 terram
2274 4634 2516 4702 posuerit
2545 4649 2726 4690 rerum
2761 4634 3004 4688 omnium
3040 4633 3394 4704 principium,
3427 4639 3612 4702 etquo

2034 4721 2220 4769 sensu,
2257 4704 2525 4758 incertum
2553 4712 2658 4760 est.

2107 4774 2218 4841 (ll)
2247 4773 2482 4828 Barbara
2512 4791 2638 4830 vox.
2658 4804 2728 4814 —
2759 4772 2894 4842 Reg.
2940 4772 3267 4843 Ἐμάλγλου.
3291 4771 3500 4827 Pnnv.

2107 4845 2218 4916 (4⁸2)
2252 4846 2716 4916 Σωφρονίσκου.
2735 4915 2742 4916 ί
2761 4843 3214 4916 Spphrqniscum,
3271 4843 3614 4914 professione

2036 4913 2384 4985 lapidarium,
2414 4923 2693 4985 parentem
2733 4913 2924 4969 habuit
2949 4913 3231 4985 Socrates.

2106 4986 2217 5055 (45)
2249 4981 2606 5052 Φερεφὶύδης.
2641 4983 2795 5039 lllum
2835 4983 3161 5039 crediderim
3214 4981 3503 5055 memorari
3537 4981 3610 5055 ibi

2034 5051 2400 5127 Pherecydem
2433 5051 2592 5124 gente
2649 5055 2868 5127 Syrum,
2915 5054 3061 5127 quod
3106 5069 3171 5109 ex
3208 5052 3369 5123 Syro,
3402 5067 3507 5127 una
3543 5051 3612 5127 de

2035 5122 2362 5197 Cycladibus
2390 5122 2590 5188 insula,
2634 5122 2704 5197 sit
2747 5123 3039 5197 oriundus,
3071 5122 3258 5177 natum
3300 5122 3612 5176 testimonio

2039 5195 2220 5251 suum»
2250 5198 2396 5250 circa
2426 5196 2786 5267 olympiadem
2819 5211 2942 5267 xcv,
2975 5195 3089 5249 sive
3121 5205 3294 5267 annos
3320 5199 3610 5247 sexcentos

2037 5276 2163 5321 ante
2185 5267 2466 5320 Christum
2484 5263 2714 5328 'naium,
2744 5265 3062 5335 Pythagora:
3087 5263 3428 5335 magistrum.

2108 5337 2222 5407 (44)
2242 5335 2643 5404 Κολοφώνιος.
2673 5329 3270 5407 Colophonenimirum
3288 5329 3449 5407 lonia:
3476 5331 3611 5407 urbe

2036 5401 2218 5462 natus.
2242 5407 2296 5460 In
2326 5401 2531 5461 Italiam
2549 5401 2825 5476 navigans
2844 5403 3342 5476 deindeLnarrante
3369 5401 3608 5476 Laertia,

2036 5476 2564 5549 Pythagorzatenuit
2603 5469 2846 5531 scholam
2883 5481 3004 5543 post
3022 5469 3338 5549 _'l‘elaugem_
3375 5471 3612 5549 il_liu_s__ﬁ-

2036 5540 2170 5603 lium
2197 5540 2295 5612 ;'et
2325 5545 2578 5600 Eleatica:
2604 5540 2924 5614 secumque:
2952 5561 2980 5597 a
3022 5540 3374 5614 Pythagoreis
3406 5543 3460 5596 in
3488 5540 3612 5595 Elea

2039 5620 2154 5674 sive
2196 5617 2368 5672 Velia.
2404 5615 2608 5685 Magnae
2645 5616 2868 5670 Graeciaa
2918 5614 3074 5685 urbe,
3102 5619 3225 5685 'orta
3267 5620 3612 5685 cs_t,_parens

2038 5689 2270 5746 exstitit.
2327 5680 2619 5752 Auditores
2677 5686 2890 5750 habuit,
2922 5685 3014 5756 qni
3066 5680 3328 5756 hic_apud
3380 5682 3612 5752 Epipha-

2039 5761 2189 5817 nium
2217 5766 2541 5830 sequuntur,
2576 5751 2956 5814 Parmenidetri
2982 5761 3145 5826 atque
3165 5751 3461 5810 Zenonem.
