  <div class='ocr_page' id='page_1' title='image "/cluster/home/n/w/nwhite01/storage/ocr_20150623/42/mdp.39015052824052/425.png"; bbox 0 0 3986 6224; ppageno 0'>
   <div class='ocr_carea' id='block_1_1' title="bbox 440 269 540 329">
    <p class='ocr_par' dir='ltr' id='par_1_1' title="bbox 440 269 540 329">
     <span class='ocr_line' id='line_1_1' title="bbox 440 269 540 329; baseline 0 -2"><span class='ocrx_word' id='word_1_1' title='bbox 440 269 540 329; x_wconf 65' lang='grc' dir='ltr'><strong>Ἱθί</strong></span> 
     </span>
    </p>
   </div>
   <div class='ocr_carea' id='block_1_2' title="bbox 1855 273 2320 332">
    <p class='ocr_par' dir='ltr' id='par_1_2' title="bbox 1855 273 2320 332">
     <span class='ocr_line' id='line_1_2' title="bbox 1855 273 2320 332; baseline 0.006 -3"><span class='ocrx_word' id='word_1_2' title='bbox 1855 273 1913 330; x_wconf 83' lang='lat' dir='ltr'><strong>S.</strong></span> <span class='ocrx_word' id='word_1_3' title='bbox 1957 273 2320 332; x_wconf 65' lang='lat' dir='ltr'><strong>EPIP‘HANII.</strong></span> 
     </span>
    </p>
   </div>
   <div class='ocr_carea' id='block_1_3' title="bbox 3614 279 3705 336">
    <p class='ocr_par' dir='ltr' id='par_1_3' title="bbox 3614 279 3705 336">
     <span class='ocr_line' id='line_1_3' title="bbox 3614 279 3705 336; baseline 0.033 -3"><span class='ocrx_word' id='word_1_4' title='bbox 3614 279 3705 336; x_wconf 69' lang='lat'><strong>792</strong></span> 
     </span>
    </p>
   </div>
   <div class='ocr_carea' id='block_1_4' title="bbox 513 385 2033 464">
    <p class='ocr_par' dir='ltr' id='par_1_4' title="bbox 513 385 2014 460">
     <span class='ocr_line' id='line_1_4' title="bbox 513 385 2014 460; baseline -0.001 -14"><span class='ocrx_word' id='word_1_5' title='bbox 513 387 869 446; x_wconf 75' lang='lat' dir='ltr'><strong>Parmenides</strong></span> <span class='ocrx_word' id='word_1_6' title='bbox 886 385 1098 460; x_wconf 86' lang='lat' dir='ltr'><strong>Pyretis</strong></span> <span class='ocrx_word' id='word_1_7' title='bbox 1115 386 1280 453; x_wconf 81' lang='lat' dir='ltr'><strong>ﬁlius,</strong></span> <span class='ocrx_word' id='word_1_8' title='bbox 1298 387 1474 460; x_wconf 84' lang='lat' dir='ltr'><strong>patria</strong></span> <span class='ocrx_word' id='word_1_9' title='bbox 1490 385 1726 453; x_wconf 87' lang='lat' dir='ltr'><strong>Eleates.</strong></span> <span class='ocrx_word' id='word_1_10' title='bbox 1741 387 2014 444; x_wconf 81' lang='lat' dir='ltr'><strong>inﬁnitum</strong></span> 
     </span>
    </p>
   </div>
   <div class='ocr_carea' id='block_1_5' title="bbox 2145 385 3710 464">
    <p class='ocr_par' dir='ltr' id='par_1_5' title="bbox 2191 385 3710 464">
     <span class='ocr_line' id='line_1_5' title="bbox 2191 385 3710 464; baseline -0.001 -19"><span class='ocrx_word' id='word_1_11' title='bbox 2191 389 2535 464; x_wconf 79' lang='grc' dir='ltr'><strong>Παρμενίδης</strong></span> <span class='ocrx_word' id='word_1_12' title='bbox 2567 393 2596 445; x_wconf 99' lang='lat'><strong>6</strong></span> <span class='ocrx_word' id='word_1_13' title='bbox 2633 390 2727 444; x_wconf 72' lang='grc' dir='ltr'><strong>τοῦ</strong></span> <span class='ocrx_word' id='word_1_14' title='bbox 2754 389 3004 462; x_wconf 79' lang='grc' dir='ltr'><strong>Πύρητος</strong></span> <span class='ocrx_word' id='word_1_15' title='bbox 3028 431 3044 457; x_wconf 84' lang='grc'><strong><em>,</em></strong></span> <span class='ocrx_word' id='word_1_16' title='bbox 3091 389 3160 442; x_wconf 81' lang='grc' dir='ltr'><strong>τὸ</strong></span> <span class='ocrx_word' id='word_1_17' title='bbox 3209 386 3374 457; x_wconf 77' lang='grc' dir='ltr'>γένος</span> <span class='ocrx_word' id='word_1_18' title='bbox 3432 385 3710 462; x_wconf 79' lang='grc' dir='ltr'><strong>Ἐλεάτης,</strong></span> 
     </span>
    </p>
   </div>
   <div class='ocr_carea' id='block_1_6' title="bbox 445 479 1664 550">
    <p class='ocr_par' dir='ltr' id='par_1_6' title="bbox 445 479 1664 550">
     <span class='ocr_line' id='line_1_6' title="bbox 445 479 1664 550; baseline -0.002 -14"><span class='ocrx_word' id='word_1_19' title='bbox 445 481 628 538; x_wconf 80' lang='lat' dir='ltr'><strong>aiebat</strong></span> <span class='ocrx_word' id='word_1_20' title='bbox 663 479 906 535; x_wconf 89' lang='lat' dir='ltr'><strong>omnium</strong></span> <span class='ocrx_word' id='word_1_21' title='bbox 943 494 1127 534; x_wconf 90' lang='lat' dir='ltr'><strong>rerum</strong></span> <span class='ocrx_word' id='word_1_22' title='bbox 1156 494 1279 535; x_wconf 90' lang='lat' dir='ltr'><strong>esse</strong></span> <span class='ocrx_word' id='word_1_23' title='bbox 1312 479 1664 550; x_wconf 82' lang='lat' dir='ltr'><strong>principium.</strong></span> 
     </span>
    </p>
   </div>
   <div class='ocr_carea' id='block_1_7' title="bbox 514 568 2021 635">
    <p class='ocr_par' dir='ltr' id='par_1_7' title="bbox 514 568 2021 635">
     <span class='ocr_line' id='line_1_7' title="bbox 514 568 2021 635; baseline -0.001 -10"><span class='ocrx_word' id='word_1_24' title='bbox 514 570 661 627; x_wconf 87' lang='lat' dir='ltr'><strong>Zeno</strong></span> <span class='ocrx_word' id='word_1_25' title='bbox 694 569 906 626; x_wconf 76' lang='lat' dir='ltr'><strong>Eleates</strong></span> <span class='ocrx_word' id='word_1_26' title='bbox 954 568 1226 626; x_wconf 89' lang='lat' dir='ltr'><strong>Eristicus</strong></span> <span class='ocrx_word' id='word_1_27' title='bbox 1275 571 1389 626; x_wconf 87' lang='lat' dir='ltr'><strong>sive</strong></span> <span class='ocrx_word' id='word_1_28' title='bbox 1417 569 1843 635; x_wconf 88' lang='lat' dir='ltr'><strong>Contentiosus,</strong></span> <span class='ocrx_word' id='word_1_29' title='bbox 1897 583 2021 624; x_wconf 85' lang='lat' dir='ltr'><strong>cum</strong></span> 
     </span>
    </p>
   </div>
   <div class='ocr_carea' id='block_1_8' title="bbox 439 660 2022 728">
    <p class='ocr_par' dir='ltr' id='par_1_8' title="bbox 439 660 2022 728">
     <span class='ocr_line' id='line_1_8' title="bbox 439 660 2022 728; baseline 0.001 -13"><span class='ocrx_word' id='word_1_30' title='bbox 439 662 630 716; x_wconf 78' lang='lat' dir='ltr'><strong>eadem</strong></span> <span class='ocrx_word' id='word_1_31' title='bbox 666 661 840 716; x_wconf 90' lang='lat' dir='ltr'><strong>altero</strong></span> <span class='ocrx_word' id='word_1_32' title='bbox 876 675 1001 716; x_wconf 91' lang='lat' dir='ltr'><strong>cum</strong></span> <span class='ocrx_word' id='word_1_33' title='bbox 1050 660 1270 717; x_wconf 82' lang='lat' dir='ltr'><strong>Zenone</strong></span> <span class='ocrx_word' id='word_1_34' title='bbox 1319 663 1623 728; x_wconf 88' lang='lat' dir='ltr'><strong>sentiebat;</strong></span> <span class='ocrx_word' id='word_1_35' title='bbox 1667 671 1780 717; x_wconf 92' lang='lat' dir='ltr'><strong>tum</strong></span> <span class='ocrx_word' id='word_1_36' title='bbox 1830 663 2022 716; x_wconf 91' lang='lat' dir='ltr'><strong>immo-</strong></span> 
     </span>
    </p>
   </div>
   <div class='ocr_carea' id='block_1_9' title="bbox 439 753 2019 820">
    <p class='ocr_par' dir='ltr' id='par_1_9' title="bbox 439 753 2019 820">
     <span class='ocr_line' id='line_1_9' title="bbox 439 753 2019 820; baseline -0.001 -12"><span class='ocrx_word' id='word_1_37' title='bbox 439 753 604 809; x_wconf 84' lang='lat' dir='ltr'><strong>bilem</strong></span> <span class='ocrx_word' id='word_1_38' title='bbox 632 768 756 810; x_wconf 85' lang='lat' dir='ltr'><strong>esse</strong></span> <span class='ocrx_word' id='word_1_39' title='bbox 801 760 1004 809; x_wconf 91' lang='lat' dir='ltr'><strong>terram</strong></span> <span class='ocrx_word' id='word_1_40' title='bbox 1024 794 1039 820; x_wconf 91' lang='lat'><strong>,</strong></span> <span class='ocrx_word' id='word_1_41' title='bbox 1070 769 1172 809; x_wconf 91' lang='lat' dir='ltr'><strong>nec</strong></span> <span class='ocrx_word' id='word_1_42' title='bbox 1215 755 1430 809; x_wconf 92' lang='lat' dir='ltr'><strong>inanem</strong></span> <span class='ocrx_word' id='word_1_43' title='bbox 1463 754 1631 809; x_wconf 91' lang='lat' dir='ltr'><strong>ullum</strong></span> <span class='ocrx_word' id='word_1_44' title='bbox 1670 769 1792 809; x_wconf 88' lang='lat' dir='ltr'><strong>esse</strong></span> <span class='ocrx_word' id='word_1_45' title='bbox 1818 754 2019 808; x_wconf 92' lang='lat' dir='ltr'><strong>locum.</strong></span> 
     </span>
    </p>
   </div>
   <div class='ocr_carea' id='block_1_10' title="bbox 441 844 2024 918">
    <p class='ocr_par' dir='ltr' id='par_1_10' title="bbox 441 844 2024 918">
     <span class='ocr_line' id='line_1_10' title="bbox 441 844 2024 918; baseline 0 -18"><span class='ocrx_word' id='word_1_46' title='bbox 441 844 582 917; x_wconf 85' lang='lat' dir='ltr'><strong>Ergo</strong></span> <span class='ocrx_word' id='word_1_47' title='bbox 615 846 690 900; x_wconf 90' lang='lat' dir='ltr'><strong>ita</strong></span> <span class='ocrx_word' id='word_1_48' title='bbox 735 845 1082 918; x_wconf 89' lang='lat' dir='ltr'><strong>disputabat:</strong></span> <span class='ocrx_word' id='word_1_49' title='bbox 1116 845 1390 918; x_wconf 84' lang='lat' dir='ltr'><strong>Quidquid</strong></span> <span class='ocrx_word' id='word_1_50' title='bbox 1425 855 1672 902; x_wconf 80' lang='lat' dir='ltr'><strong>movetur</strong></span> <span class='ocrx_word' id='word_1_51' title='bbox 1698 888 1712 912; x_wconf 91' lang='lat'><strong>,</strong></span> <span class='ocrx_word' id='word_1_52' title='bbox 1746 855 1839 902; x_wconf 91' lang='lat' dir='ltr'><strong>aut</strong></span> <span class='ocrx_word' id='word_1_53' title='bbox 1873 847 1926 900; x_wconf 92' lang='lat' dir='ltr'><strong>in</strong></span> <span class='ocrx_word' id='word_1_54' title='bbox 1957 862 2024 902; x_wconf 89' lang='lat' dir='ltr'><strong>eo</strong></span> 
     </span>
    </p>
   </div>
   <div class='ocr_carea' id='block_1_11' title="bbox 442 939 2022 1011">
    <p class='ocr_par' dir='ltr' id='par_1_11' title="bbox 442 939 2022 1011">
     <span class='ocr_line' id='line_1_11' title="bbox 442 939 2022 1011; baseline 0 -17"><span class='ocrx_word' id='word_1_55' title='bbox 442 939 498 994; x_wconf 92' lang='lat' dir='ltr'><strong>in</strong></span> <span class='ocrx_word' id='word_1_56' title='bbox 524 955 633 1010; x_wconf 91' lang='lat' dir='ltr'><strong>quo</strong></span> <span class='ocrx_word' id='word_1_57' title='bbox 672 947 757 995; x_wconf 91' lang='lat' dir='ltr'><strong>est</strong></span> <span class='ocrx_word' id='word_1_58' title='bbox 788 940 907 995; x_wconf 91' lang='lat' dir='ltr'><strong>loco</strong></span> <span class='ocrx_word' id='word_1_59' title='bbox 934 947 1206 1006; x_wconf 89' lang='lat' dir='ltr'><strong>movetur,</strong></span> <span class='ocrx_word' id='word_1_60' title='bbox 1232 947 1326 995; x_wconf 92' lang='lat' dir='ltr'><strong>aut</strong></span> <span class='ocrx_word' id='word_1_61' title='bbox 1360 941 1413 995; x_wconf 94' lang='lat' dir='ltr'><strong>in</strong></span> <span class='ocrx_word' id='word_1_62' title='bbox 1443 955 1552 1011; x_wconf 91' lang='lat' dir='ltr'><strong>quo</strong></span> <span class='ocrx_word' id='word_1_63' title='bbox 1581 955 1689 994; x_wconf 91' lang='lat' dir='ltr'><strong>non</strong></span> <span class='ocrx_word' id='word_1_64' title='bbox 1718 947 1823 996; x_wconf 91' lang='lat' dir='ltr'><strong>est.</strong></span> <span class='ocrx_word' id='word_1_65' title='bbox 1857 939 2022 1010; x_wconf 80' lang='lat' dir='ltr'><strong>Atqui</strong></span> 
     </span>
    </p>
   </div>
   <div class='ocr_carea' id='block_1_12' title="bbox 445 1031 2023 1104">
    <p class='ocr_par' dir='ltr' id='par_1_12' title="bbox 445 1031 2023 1104">
     <span class='ocr_line' id='line_1_12' title="bbox 445 1031 2023 1104; baseline 0.003 -18"><span class='ocrx_word' id='word_1_66' title='bbox 445 1046 545 1087; x_wconf 89' lang='lat' dir='ltr'><strong>nec</strong></span> <span class='ocrx_word' id='word_1_67' title='bbox 576 1033 630 1086; x_wconf 90' lang='lat' dir='ltr'><strong>in</strong></span> <span class='ocrx_word' id='word_1_68' title='bbox 675 1046 786 1102; x_wconf 93' lang='lat' dir='ltr'><strong>quo</strong></span> <span class='ocrx_word' id='word_1_69' title='bbox 811 1031 952 1089; x_wconf 91' lang='lat' dir='ltr'><strong>inest</strong></span> <span class='ocrx_word' id='word_1_70' title='bbox 977 1032 1122 1097; x_wconf 90' lang='lat' dir='ltr'><strong>loco,</strong></span> <span class='ocrx_word' id='word_1_71' title='bbox 1164 1048 1265 1088; x_wconf 89' lang='lat' dir='ltr'><strong>nec</strong></span> <span class='ocrx_word' id='word_1_72' title='bbox 1296 1033 1350 1088; x_wconf 92' lang='lat' dir='ltr'><strong>in</strong></span> <span class='ocrx_word' id='word_1_73' title='bbox 1371 1049 1480 1104; x_wconf 90' lang='lat' dir='ltr'><strong>quo</strong></span> <span class='ocrx_word' id='word_1_74' title='bbox 1519 1050 1626 1088; x_wconf 89' lang='lat' dir='ltr'><strong>non</strong></span> <span class='ocrx_word' id='word_1_75' title='bbox 1657 1033 1820 1101; x_wconf 86' lang='lat' dir='ltr'><strong>inest,</strong></span> <span class='ocrx_word' id='word_1_76' title='bbox 1845 1049 2023 1090; x_wconf 88' lang='lat' dir='ltr'><strong>move-</strong></span> 
     </span>
    </p>
   </div>
   <div class='ocr_carea' id='block_1_13' title="bbox 445 1122 1244 1194">
    <p class='ocr_par' dir='ltr' id='par_1_13' title="bbox 445 1122 1244 1194">
     <span class='ocr_line' id='line_1_13' title="bbox 445 1122 1244 1194; baseline 0.001 -16"><span class='ocrx_word' id='word_1_77' title='bbox 445 1131 554 1178; x_wconf 90' lang='lat' dir='ltr'><strong>tur.</strong></span> <span class='ocrx_word' id='word_1_78' title='bbox 596 1122 740 1177; x_wconf 86' lang='lat' dir='ltr'><strong>Nihil</strong></span> <span class='ocrx_word' id='word_1_79' title='bbox 773 1123 941 1194; x_wconf 91' lang='lat' dir='ltr'><strong>igitur</strong></span> <span class='ocrx_word' id='word_1_80' title='bbox 972 1133 1244 1180; x_wconf 85' lang='lat' dir='ltr'><strong>movetur.</strong></span> 
     </span>
    </p>
   </div>
   <div class='ocr_carea' id='block_1_14' title="bbox 515 1213 2026 1286">
    <p class='ocr_par' dir='ltr' id='par_1_14' title="bbox 515 1213 2026 1286">
     <span class='ocr_line' id='line_1_14' title="bbox 515 1213 2026 1286; baseline 0.001 -17"><span class='ocrx_word' id='word_1_81' title='bbox 515 1213 765 1270; x_wconf 77' lang='lat' dir='ltr'><strong>Melissus</strong></span> <span class='ocrx_word' id='word_1_82' title='bbox 782 1214 1054 1286; x_wconf 79' lang='lat' dir='ltr'><strong>ltliagenis</strong></span> <span class='ocrx_word' id='word_1_83' title='bbox 1070 1214 1232 1282; x_wconf 76' lang='lat' dir='ltr'><strong>filius,</strong></span> <span class='ocrx_word' id='word_1_84' title='bbox 1259 1213 1496 1280; x_wconf 89' lang='lat' dir='ltr'><strong>Samius,</strong></span> <span class='ocrx_word' id='word_1_85' title='bbox 1515 1233 1682 1271; x_wconf 90' lang='lat' dir='ltr'><strong>unum</strong></span> <span class='ocrx_word' id='word_1_86' title='bbox 1705 1233 1825 1274; x_wconf 91' lang='lat' dir='ltr'><strong>esse</strong></span> <span class='ocrx_word' id='word_1_87' title='bbox 1841 1216 2026 1272; x_wconf 84' lang='lat' dir='ltr'><strong>deﬁnit</strong></span> 
     </span>
    </p>
   </div>
   <div class='ocr_carea' id='block_1_15' title="bbox 447 1304 2026 1375">
    <p class='ocr_par' dir='ltr' id='par_1_15' title="bbox 447 1304 2026 1375">
     <span class='ocr_line' id='line_1_15' title="bbox 447 1304 2026 1375; baseline 0.003 -16"><span class='ocrx_word' id='word_1_88' title='bbox 447 1305 668 1360; x_wconf 88' lang='lat' dir='ltr'><strong>omnia:</strong></span> <span class='ocrx_word' id='word_1_89' title='bbox 716 1319 890 1375; x_wconf 89' lang='lat' dir='ltr'><strong>neque</strong></span> <span class='ocrx_word' id='word_1_90' title='bbox 933 1304 1234 1375; x_wconf 89' lang='lat' dir='ltr'><strong>quidquam</strong></span> <span class='ocrx_word' id='word_1_91' title='bbox 1289 1307 1343 1361; x_wconf 92' lang='lat' dir='ltr'><strong>in</strong></span> <span class='ocrx_word' id='word_1_92' title='bbox 1376 1315 1571 1361; x_wconf 85' lang='lat' dir='ltr'><strong>natura</strong></span> <span class='ocrx_word' id='word_1_93' title='bbox 1604 1323 1729 1363; x_wconf 89' lang='lat' dir='ltr'><strong>esse</strong></span> <span class='ocrx_word' id='word_1_94' title='bbox 1764 1317 2026 1364; x_wconf 87' lang='lat' dir='ltr'><strong>constans</strong></span> 
     </span>
    </p>
   </div>
   <div class='ocr_carea' id='block_1_16' title="bbox 447 1397 1924 1469">
    <p class='ocr_par' dir='ltr' id='par_1_16' title="bbox 447 1397 1924 1469">
     <span class='ocr_line' id='line_1_16' title="bbox 447 1397 1924 1469; baseline 0.002 -20"><span class='ocrx_word' id='word_1_95' title='bbox 447 1405 540 1449; x_wconf 91' lang='lat' dir='ltr'><strong>aut</strong></span> <span class='ocrx_word' id='word_1_96' title='bbox 580 1403 920 1466; x_wconf 89' lang='lat' dir='ltr'><strong>perpetuum,</strong></span> <span class='ocrx_word' id='word_1_97' title='bbox 952 1397 1047 1452; x_wconf 89' lang='lat' dir='ltr'><strong>sed</strong></span> <span class='ocrx_word' id='word_1_98' title='bbox 1075 1398 1256 1452; x_wconf 89' lang='lat' dir='ltr'><strong>omnia</strong></span> <span class='ocrx_word' id='word_1_99' title='bbox 1289 1398 1338 1452; x_wconf 87' lang='lat' dir='ltr'><strong>vi</strong></span> <span class='ocrx_word' id='word_1_100' title='bbox 1371 1414 1492 1454; x_wconf 88' lang='lat' dir='ltr'><strong>esse</strong></span> <span class='ocrx_word' id='word_1_101' title='bbox 1521 1400 1924 1469; x_wconf 89' lang='lat' dir='ltr'><strong>corruptibilia.</strong></span> 
     </span>
    </p>
   </div>
   <div class='ocr_carea' id='block_1_17' title="bbox 519 1486 2026 1558">
    <p class='ocr_par' dir='ltr' id='par_1_17' title="bbox 519 1486 2026 1558">
     <span class='ocr_line' id='line_1_17' title="bbox 519 1486 2026 1558; baseline 0.004 -18"><span class='ocrx_word' id='word_1_102' title='bbox 519 1486 824 1557; x_wconf 82' lang='lat' dir='ltr'><strong>Leucippus</strong></span> <span class='ocrx_word' id='word_1_103' title='bbox 886 1486 1164 1554; x_wconf 83' lang='lat' dir='ltr'><strong>Milesius,</strong></span> <span class='ocrx_word' id='word_1_104' title='bbox 1225 1488 1464 1546; x_wconf 86' lang='lat' dir='ltr'><strong>Eleatem</strong></span> <span class='ocrx_word' id='word_1_105' title='bbox 1517 1490 1608 1544; x_wconf 87' lang='lat' dir='ltr'><strong>alii</strong></span> <span class='ocrx_word' id='word_1_106' title='bbox 1659 1490 1902 1558; x_wconf 82' lang='lat' dir='ltr'><strong>faciunt,</strong></span> <span class='ocrx_word' id='word_1_107' title='bbox 1957 1505 2026 1546; x_wconf 78' lang='lat' dir='ltr'><strong>ex</strong></span> 
     </span>
    </p>
   </div>
   <div class='ocr_carea' id='block_1_18' title="bbox 448 1578 2024 1651">
    <p class='ocr_par' dir='ltr' id='par_1_18' title="bbox 448 1578 2024 1651">
     <span class='ocr_line' id='line_1_18' title="bbox 448 1578 2024 1651; baseline 0.001 -18"><span class='ocrx_word' id='word_1_108' title='bbox 448 1578 806 1634; x_wconf 83' lang='lat' dir='ltr'><strong>Eristicorum</strong></span> <span class='ocrx_word' id='word_1_109' title='bbox 835 1595 1030 1651; x_wconf 87' lang='lat' dir='ltr'><strong>grege,</strong></span> <span class='ocrx_word' id='word_1_110' title='bbox 1074 1580 1390 1636; x_wconf 87' lang='lat' dir='ltr'><strong>universum</strong></span> <span class='ocrx_word' id='word_1_111' title='bbox 1444 1580 1498 1634; x_wconf 91' lang='lat' dir='ltr'><strong>in</strong></span> <span class='ocrx_word' id='word_1_112' title='bbox 1554 1580 1768 1636; x_wconf 75' lang='lat' dir='ltr'><strong>infinito</strong></span> <span class='ocrx_word' id='word_1_113' title='bbox 1819 1581 2024 1636; x_wconf 88' lang='lat' dir='ltr'><strong>versari</strong></span> 
     </span>
    </p>
   </div>
   <div class='ocr_carea' id='block_1_19' title="bbox 448 1669 2025 1741">
    <p class='ocr_par' dir='ltr' id='par_1_19' title="bbox 448 1669 2025 1741">
     <span class='ocr_line' id='line_1_19' title="bbox 448 1669 2025 1741; baseline 0 -15"><span class='ocrx_word' id='word_1_114' title='bbox 448 1671 656 1726; x_wconf 89' lang='lat' dir='ltr'><strong>docuit.</strong></span> <span class='ocrx_word' id='word_1_115' title='bbox 701 1669 874 1726; x_wconf 90' lang='lat' dir='ltr'><strong>Porro</strong></span> <span class='ocrx_word' id='word_1_116' title='bbox 930 1671 1113 1725; x_wconf 89' lang='lat' dir='ltr'><strong>omnia</strong></span> <span class='ocrx_word' id='word_1_117' title='bbox 1149 1670 1264 1726; x_wconf 90' lang='lat' dir='ltr'><strong>sola</strong></span> <span class='ocrx_word' id='word_1_118' title='bbox 1295 1670 1477 1741; x_wconf 85' lang='lat' dir='ltr'><strong>specie</strong></span> <span class='ocrx_word' id='word_1_119' title='bbox 1522 1678 1576 1724; x_wconf 86' lang='lat' dir='ltr'><strong>et</strong></span> <span class='ocrx_word' id='word_1_120' title='bbox 1605 1671 1861 1741; x_wconf 88' lang='lat' dir='ltr'><strong>opinione</strong></span> <span class='ocrx_word' id='word_1_121' title='bbox 1888 1686 2025 1726; x_wconf 79' lang='lat' dir='ltr'><strong>con-</strong></span> 
     </span>
    </p>
   </div>
   <div class='ocr_carea' id='block_1_20' title="bbox 449 1761 2025 1833">
    <p class='ocr_par' dir='ltr' id='par_1_20' title="bbox 449 1761 2025 1833">
     <span class='ocr_line' id='line_1_20' title="bbox 449 1761 2025 1833; baseline 0.001 -17"><span class='ocrx_word' id='word_1_122' title='bbox 449 1767 640 1826; x_wconf 75' lang='lat' dir='ltr'><strong>stare,</strong></span> <span class='ocrx_word' id='word_1_123' title='bbox 671 1762 896 1817; x_wconf 83' lang='lat' dir='ltr'><strong>veritate</strong></span> <span class='ocrx_word' id='word_1_124' title='bbox 949 1761 1067 1831; x_wconf 90' lang='lat' dir='ltr'><strong>ipsa</strong></span> <span class='ocrx_word' id='word_1_125' title='bbox 1120 1761 1289 1826; x_wconf 87' lang='lat' dir='ltr'><strong>nihil;</strong></span> <span class='ocrx_word' id='word_1_126' title='bbox 1330 1761 1426 1817; x_wconf 90' lang='lat' dir='ltr'><strong>sed</strong></span> <span class='ocrx_word' id='word_1_127' title='bbox 1465 1777 1729 1833; x_wconf 86' lang='lat' dir='ltr'><strong>apparere</strong></span> <span class='ocrx_word' id='word_1_128' title='bbox 1768 1762 1840 1816; x_wconf 89' lang='lat' dir='ltr'><strong>ita</strong></span> <span class='ocrx_word' id='word_1_129' title='bbox 1886 1765 2025 1818; x_wconf 90' lang='lat' dir='ltr'><strong>dun-</strong></span> 
     </span>
    </p>
   </div>
   <div class='ocr_carea' id='block_1_21' title="bbox 450 1852 1866 1924">
    <p class='ocr_par' dir='ltr' id='par_1_21' title="bbox 450 1852 1866 1924">
     <span class='ocr_line' id='line_1_21' title="bbox 450 1852 1866 1924; baseline -0.001 -17"><span class='ocrx_word' id='word_1_130' title='bbox 450 1863 620 1915; x_wconf 79' lang='lat' dir='ltr'><strong>taxat,</strong></span> <span class='ocrx_word' id='word_1_131' title='bbox 661 1852 890 1923; x_wconf 89' lang='lat' dir='ltr'><strong>perinde</strong></span> <span class='ocrx_word' id='word_1_132' title='bbox 915 1866 981 1906; x_wconf 91' lang='lat' dir='ltr'><strong>ac</strong></span> <span class='ocrx_word' id='word_1_133' title='bbox 1019 1867 1204 1908; x_wconf 91' lang='lat' dir='ltr'><strong>remus</strong></span> <span class='ocrx_word' id='word_1_134' title='bbox 1242 1853 1297 1907; x_wconf 90' lang='lat' dir='ltr'><strong>in</strong></span> <span class='ocrx_word' id='word_1_135' title='bbox 1330 1867 1527 1924; x_wconf 85' lang='lat' dir='ltr'><strong>aquam</strong></span> <span class='ocrx_word' id='word_1_136' title='bbox 1561 1853 1866 1909; x_wconf 89' lang='lat' dir='ltr'><strong>demersus.</strong></span> 
     </span>
    </p>
   </div>
   <div class='ocr_carea' id='block_1_22' title="bbox 525 1943 2025 2016">
    <p class='ocr_par' dir='ltr' id='par_1_22' title="bbox 525 1943 2025 2016">
     <span class='ocr_line' id='line_1_22' title="bbox 525 1943 2025 2016; baseline 0.003 -20"><span class='ocrx_word' id='word_1_137' title='bbox 525 1945 742 2016; x_wconf 75' lang='lat'><strong>1088</strong></span> <span class='ocrx_word' id='word_1_138' title='bbox 795 1943 1137 2002; x_wconf 88' lang='lat' dir='ltr'><strong>Democritus</strong></span> <span class='ocrx_word' id='word_1_139' title='bbox 1184 1943 1496 2016; x_wconf 88' lang='lat' dir='ltr'><strong>Damasippi</strong></span> <span class='ocrx_word' id='word_1_140' title='bbox 1548 1944 1713 2011; x_wconf 74' lang='lat' dir='ltr'><strong>(ilius,</strong></span> <span class='ocrx_word' id='word_1_141' title='bbox 1746 1945 2025 2012; x_wconf 87' lang='lat' dir='ltr'><strong>Abderita,</strong></span> 
     </span>
    </p>
   </div>
   <div class='ocr_carea' id='block_1_23' title="bbox 453 2033 2026 2108">
    <p class='ocr_par' dir='ltr' id='par_1_23' title="bbox 453 2033 2026 2108">
     <span class='ocr_line' id='line_1_23' title="bbox 453 2033 2026 2108; baseline 0.001 -17"><span class='ocrx_word' id='word_1_142' title='bbox 453 2037 716 2091; x_wconf 83' lang='lat' dir='ltr'><strong>mundum</strong></span> <span class='ocrx_word' id='word_1_143' title='bbox 743 2033 1016 2091; x_wconf 76' lang='lat' dir='ltr'><strong>inﬁnitum</strong></span> <span class='ocrx_word' id='word_1_144' title='bbox 1044 2037 1348 2101; x_wconf 89' lang='lat' dir='ltr'><strong>constituit,</strong></span> <span class='ocrx_word' id='word_1_145' title='bbox 1366 2051 1429 2091; x_wconf 90' lang='lat' dir='ltr'><strong>ac</strong></span> <span class='ocrx_word' id='word_1_146' title='bbox 1445 2051 1612 2106; x_wconf 87' lang='lat' dir='ltr'><strong>supra</strong></span> <span class='ocrx_word' id='word_1_147' title='bbox 1641 2035 1802 2090; x_wconf 87' lang='lat' dir='ltr'><strong>inane</strong></span> <span class='ocrx_word' id='word_1_148' title='bbox 1823 2035 2026 2108; x_wconf 87' lang='lat' dir='ltr'><strong>posuit.</strong></span> 
     </span>
    </p>
   </div>
   <div class='ocr_carea' id='block_1_24' title="bbox 451 2127 2029 2196">
    <p class='ocr_par' dir='ltr' id='par_1_24' title="bbox 451 2127 2029 2196">
     <span class='ocr_line' id='line_1_24' title="bbox 451 2127 2029 2196; baseline 0.001 -14"><span class='ocrx_word' id='word_1_149' title='bbox 451 2129 720 2184; x_wconf 70' lang='lat' dir='ltr'><strong>Praeterea</strong></span> <span class='ocrx_word' id='word_1_150' title='bbox 783 2144 951 2183; x_wconf 79' lang='lat' dir='ltr'><strong>unum</strong></span> <span class='ocrx_word' id='word_1_151' title='bbox 1008 2144 1131 2185; x_wconf 88' lang='lat' dir='ltr'><strong>esse</strong></span> <span class='ocrx_word' id='word_1_152' title='bbox 1187 2129 1348 2183; x_wconf 85' lang='lat' dir='ltr'><strong>linem</strong></span> <span class='ocrx_word' id='word_1_153' title='bbox 1401 2129 1692 2196; x_wconf 89' lang='lat' dir='ltr'><strong>omnium,</strong></span> <span class='ocrx_word' id='word_1_154' title='bbox 1753 2137 1808 2184; x_wconf 94' lang='lat' dir='ltr'><strong>et</strong></span> <span class='ocrx_word' id='word_1_155' title='bbox 1859 2127 2029 2184; x_wconf 89' lang='lat' dir='ltr'><strong>animi</strong></span> 
     </span>
    </p>
   </div>
   <div class='ocr_carea' id='block_1_25' title="bbox 453 2218 2029 2292">
    <p class='ocr_par' dir='ltr' id='par_1_25' title="bbox 453 2218 2029 2292">
     <span class='ocr_line' id='line_1_25' title="bbox 453 2218 2029 2292; baseline -0.001 -19"><span class='ocrx_word' id='word_1_156' title='bbox 453 2220 901 2290; x_wconf 87' lang='lat' dir='ltr'><strong>tranquillitatem</strong></span> <span class='ocrx_word' id='word_1_157' title='bbox 935 2220 1202 2292; x_wconf 89' lang='lat' dir='ltr'><strong>optimum</strong></span> <span class='ocrx_word' id='word_1_158' title='bbox 1237 2235 1360 2275; x_wconf 90' lang='lat' dir='ltr'><strong>esse</strong></span> <span class='ocrx_word' id='word_1_159' title='bbox 1389 2259 1406 2283; x_wconf 92' lang='lat'><strong>,</strong></span> <span class='ocrx_word' id='word_1_160' title='bbox 1451 2219 1670 2275; x_wconf 87' lang='lat' dir='ltr'><strong>dolores</strong></span> <span class='ocrx_word' id='word_1_161' title='bbox 1723 2235 1852 2274; x_wconf 87' lang='lat' dir='ltr'><strong>vero</strong></span> <span class='ocrx_word' id='word_1_162' title='bbox 1902 2218 2029 2272; x_wconf 91' lang='lat' dir='ltr'><strong>mali</strong></span> 
     </span>
    </p>
   </div>
   <div class='ocr_carea' id='block_1_26' title="bbox 451 2309 2028 2380">
    <p class='ocr_par' dir='ltr' id='par_1_26' title="bbox 451 2309 2028 2380">
     <span class='ocr_line' id='line_1_26' title="bbox 451 2309 2028 2380; baseline 0 -16"><span class='ocrx_word' id='word_1_163' title='bbox 451 2309 634 2365; x_wconf 89' lang='lat' dir='ltr'><strong>onmis</strong></span> <span class='ocrx_word' id='word_1_164' title='bbox 688 2311 950 2366; x_wconf 87' lang='lat' dir='ltr'><strong>terminos</strong></span> <span class='ocrx_word' id='word_1_165' title='bbox 996 2309 1254 2366; x_wconf 88' lang='lat' dir='ltr'><strong>asseruit.</strong></span> <span class='ocrx_word' id='word_1_166' title='bbox 1315 2309 1470 2376; x_wconf 83' lang='lat' dir='ltr'><strong>Quod</strong></span> <span class='ocrx_word' id='word_1_167' title='bbox 1519 2310 1729 2380; x_wconf 89' lang='lat' dir='ltr'><strong>justum</strong></span> <span class='ocrx_word' id='word_1_168' title='bbox 1791 2310 2028 2376; x_wconf 89' lang='lat' dir='ltr'><strong>videtur,</strong></span> 
     </span>
    </p>
   </div>
   <div class='ocr_carea' id='block_1_27' title="bbox 453 2399 2033 2470">
    <p class='ocr_par' dir='ltr' id='par_1_27' title="bbox 453 2399 2033 2470">
     <span class='ocr_line' id='line_1_27' title="bbox 453 2399 2033 2470; baseline 0 -16"><span class='ocrx_word' id='word_1_169' title='bbox 453 2414 798 2470; x_wconf 86' lang='lat' dir='ltr'><strong>nequaquam</strong></span> <span class='ocrx_word' id='word_1_170' title='bbox 856 2414 980 2456; x_wconf 91' lang='lat' dir='ltr'><strong>esse</strong></span> <span class='ocrx_word' id='word_1_171' title='bbox 1025 2399 1276 2470; x_wconf 89' lang='lat' dir='ltr'><strong>justum:</strong></span> <span class='ocrx_word' id='word_1_172' title='bbox 1329 2400 1594 2470; x_wconf 88' lang='lat' dir='ltr'><strong>injustum</strong></span> <span class='ocrx_word' id='word_1_173' title='bbox 1642 2415 1774 2455; x_wconf 91' lang='lat' dir='ltr'><strong>vero</strong></span> <span class='ocrx_word' id='word_1_174' title='bbox 1823 2409 2033 2454; x_wconf 77' lang='lat' dir='ltr'><strong>natura:</strong></span> 
     </span>
    </p>
   </div>
   <div class='ocr_carea' id='block_1_28' title="bbox 451 2491 2031 2564">
    <p class='ocr_par' dir='ltr' id='par_1_28' title="bbox 451 2491 2031 2564">
     <span class='ocr_line' id='line_1_28' title="bbox 451 2491 2031 2564; baseline -0.003 -14"><span class='ocrx_word' id='word_1_175' title='bbox 451 2507 578 2550; x_wconf 84' lang='lat' dir='ltr'><strong>esse</strong></span> <span class='ocrx_word' id='word_1_176' title='bbox 627 2494 985 2547; x_wconf 89' lang='lat' dir='ltr'><strong>contrarium.</strong></span> <span class='ocrx_word' id='word_1_177' title='bbox 1055 2493 1167 2548; x_wconf 93' lang='lat' dir='ltr'><strong>Imo</strong></span> <span class='ocrx_word' id='word_1_178' title='bbox 1220 2509 1350 2548; x_wconf 89' lang='lat' dir='ltr'><strong>vero</strong></span> <span class='ocrx_word' id='word_1_179' title='bbox 1408 2493 1706 2564; x_wconf 87' lang='lat' dir='ltr'><strong>pessimum</strong></span> <span class='ocrx_word' id='word_1_180' title='bbox 1749 2491 2031 2546; x_wconf 88' lang='lat' dir='ltr'><strong>inventum</strong></span> 
     </span>
    </p>
   </div>
   <div class='ocr_carea' id='block_1_29' title="bbox 455 2583 2032 2655">
    <p class='ocr_par' dir='ltr' id='par_1_29' title="bbox 455 2583 2032 2655">
     <span class='ocr_line' id='line_1_29' title="bbox 455 2583 2032 2655; baseline -0.002 -17"><span class='ocrx_word' id='word_1_181' title='bbox 455 2585 601 2654; x_wconf 79' lang='lat' dir='ltr'><strong>leges</strong></span> <span class='ocrx_word' id='word_1_182' title='bbox 637 2584 981 2655; x_wconf 88' lang='lat' dir='ltr'><strong>appellabat,</strong></span> <span class='ocrx_word' id='word_1_183' title='bbox 1043 2599 1144 2639; x_wconf 91' lang='lat' dir='ltr'><strong>nec</strong></span> <span class='ocrx_word' id='word_1_184' title='bbox 1194 2585 1260 2640; x_wconf 92' lang='lat' dir='ltr'><strong>iis</strong></span> <span class='ocrx_word' id='word_1_185' title='bbox 1307 2599 1498 2653; x_wconf 90' lang='lat' dir='ltr'><strong>parere</strong></span> <span class='ocrx_word' id='word_1_186' title='bbox 1527 2583 1831 2653; x_wconf 89' lang='lat' dir='ltr'><strong>sapientem</strong></span> <span class='ocrx_word' id='word_1_187' title='bbox 1869 2597 2032 2652; x_wconf 87' lang='lat' dir='ltr'><strong>opor-</strong></span> 
     </span>
    </p>
   </div>
   <div class='ocr_carea' id='block_1_30' title="bbox 456 2674 1574 2736">
    <p class='ocr_par' dir='ltr' id='par_1_30' title="bbox 456 2674 1574 2736">
     <span class='ocr_line' id='line_1_30' title="bbox 456 2674 1574 2736; baseline -0.003 -5"><span class='ocrx_word' id='word_1_188' title='bbox 456 2685 596 2736; x_wconf 88' lang='lat' dir='ltr'><strong>tere,</strong></span> <span class='ocrx_word' id='word_1_189' title='bbox 629 2674 725 2729; x_wconf 89' lang='lat' dir='ltr'><strong>sed</strong></span> <span class='ocrx_word' id='word_1_190' title='bbox 757 2675 810 2728; x_wconf 85' lang='lat' dir='ltr'><strong>iu</strong></span> <span class='ocrx_word' id='word_1_191' title='bbox 849 2689 1066 2729; x_wconf 89' lang='lat' dir='ltr'><strong>summa</strong></span> <span class='ocrx_word' id='word_1_192' title='bbox 1096 2674 1343 2730; x_wconf 71' lang='lat' dir='ltr'><strong>libertate</strong></span> <span class='ocrx_word' id='word_1_193' title='bbox 1377 2675 1574 2729; x_wconf 72' lang='lat' dir='ltr'><strong>vivere.</strong></span> 
     </span>
    </p>
   </div>
   <div class='ocr_carea' id='block_1_31' title="bbox 526 2762 2028 2836">
    <p class='ocr_par' dir='ltr' id='par_1_31' title="bbox 526 2762 2028 2836">
     <span class='ocr_line' id='line_1_31' title="bbox 526 2762 2028 2836; baseline -0.002 -15"><span class='ocrx_word' id='word_1_194' title='bbox 526 2766 870 2822; x_wconf 77' lang='lat' dir='ltr'><strong>Metrodorus</strong></span> <span class='ocrx_word' id='word_1_195' title='bbox 907 2765 1078 2822; x_wconf 84' lang='lat' dir='ltr'><strong>Chius</strong></span> <span class='ocrx_word' id='word_1_196' title='bbox 1113 2766 1248 2821; x_wconf 87' lang='lat' dir='ltr'><strong>nihil</strong></span> <span class='ocrx_word' id='word_1_197' title='bbox 1283 2783 1312 2820; x_wconf 92' lang='lat' dir='ltr'><strong>a</strong></span> <span class='ocrx_word' id='word_1_198' title='bbox 1360 2780 1634 2836; x_wconf 86' lang='lat' dir='ltr'><strong>quoquam</strong></span> <span class='ocrx_word' id='word_1_199' title='bbox 1670 2764 1798 2821; x_wconf 87' lang='lat' dir='ltr'><strong>sciri</strong></span> <span class='ocrx_word' id='word_1_200' title='bbox 1837 2762 2028 2818; x_wconf 89' lang='lat' dir='ltr'><strong>voluit.</strong></span> 
     </span>
    </p>
   </div>
   <div class='ocr_carea' id='block_1_32' title="bbox 456 2857 2031 2930">
    <p class='ocr_par' dir='ltr' id='par_1_32' title="bbox 456 2857 2031 2930">
     <span class='ocr_line' id='line_1_32' title="bbox 456 2857 2031 2930; baseline -0.003 -18"><span class='ocrx_word' id='word_1_201' title='bbox 456 2857 657 2915; x_wconf 82' lang='lat' dir='ltr'><strong>Verum</strong></span> <span class='ocrx_word' id='word_1_202' title='bbox 681 2898 696 2923; x_wconf 91' lang='lat'><strong>,</strong></span> <span class='ocrx_word' id='word_1_203' title='bbox 727 2859 944 2930; x_wconf 90' lang='lat' dir='ltr'><strong>inquit,</strong></span> <span class='ocrx_word' id='word_1_204' title='bbox 971 2874 1094 2930; x_wconf 77' lang='lat' dir='ltr'><strong>qua:</strong></span> <span class='ocrx_word' id='word_1_205' title='bbox 1127 2873 1291 2914; x_wconf 90' lang='lat' dir='ltr'><strong>nosse</strong></span> <span class='ocrx_word' id='word_1_206' title='bbox 1322 2857 1600 2922; x_wconf 85' lang='lat' dir='ltr'><strong>videmur,</strong></span> <span class='ocrx_word' id='word_1_207' title='bbox 1637 2863 1893 2911; x_wconf 89' lang='lat' dir='ltr'><strong>accurate</strong></span> <span class='ocrx_word' id='word_1_208' title='bbox 1922 2871 2031 2910; x_wconf 91' lang='lat' dir='ltr'><strong>non</strong></span> 
     </span>
    </p>
   </div>
   <div class='ocr_carea' id='block_1_33' title="bbox 455 2946 2027 3023">
    <p class='ocr_par' dir='ltr' id='par_1_33' title="bbox 455 2946 2027 3023">
     <span class='ocr_line' id='line_1_33' title="bbox 455 2946 2027 3023; baseline -0.003 -17"><span class='ocrx_word' id='word_1_209' title='bbox 455 2951 809 3023; x_wconf 85' lang='lat' dir='ltr'><strong>intelligimus</strong></span> <span class='ocrx_word' id='word_1_210' title='bbox 835 2969 847 3004; x_wconf 95' lang='lat'><strong>:</strong></span> <span class='ocrx_word' id='word_1_211' title='bbox 889 2965 1066 3020; x_wconf 90' lang='lat' dir='ltr'><strong>neque</strong></span> <span class='ocrx_word' id='word_1_212' title='bbox 1096 2951 1350 3006; x_wconf 88' lang='lat' dir='ltr'><strong>sensibus</strong></span> <span class='ocrx_word' id='word_1_213' title='bbox 1378 2947 1683 3003; x_wconf 83' lang='lat' dir='ltr'><strong>adhibenda</strong></span> <span class='ocrx_word' id='word_1_214' title='bbox 1737 2946 1871 3002; x_wconf 87' lang='lat' dir='ltr'><strong>lidcs</strong></span> <span class='ocrx_word' id='word_1_215' title='bbox 1899 2952 1985 3002; x_wconf 91' lang='lat' dir='ltr'><strong>est</strong></span> <span class='ocrx_word' id='word_1_216' title='bbox 2014 2965 2027 3000; x_wconf 91' lang='lat'><strong>:</strong></span> 
     </span>
    </p>
   </div>
   <div class='ocr_carea' id='block_1_34' title="bbox 456 3043 1461 3116">
    <p class='ocr_par' dir='ltr' id='par_1_34' title="bbox 456 3043 1461 3116">
     <span class='ocr_line' id='line_1_34' title="bbox 456 3043 1461 3116; baseline -0.005 -18"><span class='ocrx_word' id='word_1_217' title='bbox 456 3045 640 3099; x_wconf 89' lang='lat' dir='ltr'><strong>omnia</strong></span> <span class='ocrx_word' id='word_1_218' title='bbox 667 3045 870 3116; x_wconf 90' lang='lat' dir='ltr'><strong>quippe</strong></span> <span class='ocrx_word' id='word_1_219' title='bbox 895 3043 1153 3114; x_wconf 89' lang='lat' dir='ltr'><strong>opinione</strong></span> <span class='ocrx_word' id='word_1_220' title='bbox 1185 3047 1461 3096; x_wconf 88' lang='lat' dir='ltr'><strong>constant.</strong></span> 
     </span>
    </p>
   </div>
   <div class='ocr_carea' id='block_1_35' title="bbox 528 3127 2035 3206">
    <p class='ocr_par' dir='ltr' id='par_1_35' title="bbox 528 3127 2035 3206">
     <span class='ocr_line' id='line_1_35' title="bbox 528 3127 2035 3206; baseline -0.003 -18"><span class='ocrx_word' id='word_1_221' title='bbox 528 3133 856 3206; x_wconf 86' lang='lat' dir='ltr'><strong>Protagoras</strong></span> <span class='ocrx_word' id='word_1_222' title='bbox 897 3133 1177 3189; x_wconf 83' lang='lat' dir='ltr'><strong>Menandri</strong></span> <span class='ocrx_word' id='word_1_223' title='bbox 1218 3134 1380 3198; x_wconf 83' lang='lat' dir='ltr'><strong>ﬁlius,</strong></span> <span class='ocrx_word' id='word_1_224' title='bbox 1427 3130 1704 3196; x_wconf 85' lang='lat' dir='ltr'><strong>Abderita,</strong></span> <span class='ocrx_word' id='word_1_225' title='bbox 1747 3127 1878 3185; x_wconf 84' lang='lat' dir='ltr'><strong>deos</strong></span> <span class='ocrx_word' id='word_1_226' title='bbox 1910 3143 2035 3183; x_wconf 88' lang='lat' dir='ltr'><strong>esse</strong></span> 
     </span>
    </p>
   </div>
   <div class='ocr_carea' id='block_1_36' title="bbox 457 3224 1962 3300">
    <p class='ocr_par' dir='ltr' id='par_1_36' title="bbox 457 3224 1962 3300">
     <span class='ocr_line' id='line_1_36' title="bbox 457 3224 1962 3300; baseline -0.006 -15"><span class='ocrx_word' id='word_1_227' title='bbox 457 3229 712 3300; x_wconf 86' lang='lat' dir='ltr'><strong>negabat,</strong></span> <span class='ocrx_word' id='word_1_228' title='bbox 742 3244 804 3283; x_wconf 91' lang='lat' dir='ltr'><strong>ac</strong></span> <span class='ocrx_word' id='word_1_229' title='bbox 830 3229 1171 3284; x_wconf 86' lang='lat' dir='ltr'><strong>divinitatem</strong></span> <span class='ocrx_word' id='word_1_230' title='bbox 1198 3243 1416 3282; x_wconf 90' lang='lat' dir='ltr'><strong>omnem</strong></span> <span class='ocrx_word' id='word_1_231' title='bbox 1445 3224 1692 3280; x_wconf 81' lang='lat' dir='ltr'><strong>funditus</strong></span> <span class='ocrx_word' id='word_1_232' title='bbox 1716 3224 1962 3279; x_wconf 88' lang='lat' dir='ltr'><strong>tollebat.</strong></span> 
     </span>
    </p>
   </div>
   <div class='ocr_carea' id='block_1_37' title="bbox 531 3311 2034 3391">
    <p class='ocr_par' dir='ltr' id='par_1_37' title="bbox 531 3311 2034 3391">
     <span class='ocr_line' id='line_1_37' title="bbox 531 3311 2034 3391; baseline -0.001 -20"><span class='ocrx_word' id='word_1_233' title='bbox 531 3317 797 3391; x_wconf 83' lang='lat' dir='ltr'><strong>Diogenes</strong></span> <span class='ocrx_word' id='word_1_234' title='bbox 831 3319 1168 3389; x_wconf 67' lang='lat' dir='ltr'><strong>Smyrnaeus,</strong></span> <span class='ocrx_word' id='word_1_235' title='bbox 1201 3319 1306 3382; x_wconf 87' lang='lat' dir='ltr'><strong>vel,</strong></span> <span class='ocrx_word' id='word_1_236' title='bbox 1363 3325 1422 3372; x_wconf 93' lang='lat' dir='ltr'><strong>ut</strong></span> <span class='ocrx_word' id='word_1_237' title='bbox 1460 3316 1552 3370; x_wconf 92' lang='lat' dir='ltr'><strong>alii</strong></span> <span class='ocrx_word' id='word_1_238' title='bbox 1599 3315 1830 3378; x_wconf 88' lang='lat' dir='ltr'><strong>volunt,</strong></span> <span class='ocrx_word' id='word_1_239' title='bbox 1864 3311 2034 3385; x_wconf 84' lang='lat' dir='ltr'><strong>Cyre-</strong></span> 
     </span>
    </p>
   </div>
   <div class='ocr_carea' id='block_1_38' title="bbox 461 3405 1991 3480">
    <p class='ocr_par' dir='ltr' id='par_1_38' title="bbox 461 3405 1991 3480">
     <span class='ocr_line' id='line_1_38' title="bbox 461 3405 1991 3480; baseline -0.004 -16"><span class='ocrx_word' id='word_1_240' title='bbox 461 3425 635 3473; x_wconf 71' lang='lat' dir='ltr'><strong>nmns,</strong></span> <span class='ocrx_word' id='word_1_241' title='bbox 670 3409 914 3464; x_wconf 88' lang='lat' dir='ltr'><strong>eamdem</strong></span> <span class='ocrx_word' id='word_1_242' title='bbox 949 3423 1075 3463; x_wconf 89' lang='lat' dir='ltr'><strong>cum</strong></span> <span class='ocrx_word' id='word_1_243' title='bbox 1107 3406 1406 3480; x_wconf 86' lang='lat' dir='ltr'><strong>Protagora</strong></span> <span class='ocrx_word' id='word_1_244' title='bbox 1433 3407 1746 3478; x_wconf 87' lang='lat' dir='ltr'><strong>opinionem</strong></span> <span class='ocrx_word' id='word_1_245' title='bbox 1793 3405 1991 3461; x_wconf 86' lang='lat' dir='ltr'><strong>tenuit.</strong></span> 
     </span>
    </p>
   </div>
   <div class='ocr_carea' id='block_1_39' title="bbox 538 3497 2037 3570">
    <p class='ocr_par' dir='ltr' id='par_1_39' title="bbox 538 3497 2037 3570">
     <span class='ocr_line' id='line_1_39' title="bbox 538 3497 2037 3570; baseline 0 -18"><span class='ocrx_word' id='word_1_246' title='bbox 538 3497 750 3570; x_wconf 84' lang='lat' dir='ltr'><strong>Pyrrho</strong></span> <span class='ocrx_word' id='word_1_247' title='bbox 783 3498 1076 3566; x_wconf 84' lang='lat' dir='ltr'><strong>Elidensis,</strong></span> <span class='ocrx_word' id='word_1_248' title='bbox 1114 3499 1362 3556; x_wconf 87' lang='lat' dir='ltr'><strong>collectis</strong></span> <span class='ocrx_word' id='word_1_249' title='bbox 1399 3499 1454 3554; x_wconf 91' lang='lat' dir='ltr'><strong>in</strong></span> <span class='ocrx_word' id='word_1_250' title='bbox 1505 3513 1672 3554; x_wconf 91' lang='lat' dir='ltr'><strong>unum</strong></span> <span class='ocrx_word' id='word_1_251' title='bbox 1708 3497 2037 3568; x_wconf 87' lang='lat' dir='ltr'><strong>sapientium</strong></span> 
     </span>
    </p>
   </div>
   <div class='ocr_carea' id='block_1_40' title="bbox 462 3591 2040 3663">
    <p class='ocr_par' dir='ltr' id='par_1_40' title="bbox 462 3591 2040 3663">
     <span class='ocr_line' id='line_1_40' title="bbox 462 3591 2040 3663; baseline -0.002 -15"><span class='ocrx_word' id='word_1_252' title='bbox 462 3593 708 3648; x_wconf 87' lang='lat' dir='ltr'><strong>omnium</strong></span> <span class='ocrx_word' id='word_1_253' title='bbox 747 3592 1128 3663; x_wconf 88' lang='lat' dir='ltr'><strong>dogmatibus,</strong></span> <span class='ocrx_word' id='word_1_254' title='bbox 1179 3591 1586 3648; x_wconf 80' lang='lat' dir='ltr'><strong>conlutationes</strong></span> <span class='ocrx_word' id='word_1_255' title='bbox 1653 3605 1843 3646; x_wconf 90' lang='lat' dir='ltr'><strong>eorum</strong></span> <span class='ocrx_word' id='word_1_256' title='bbox 1901 3591 2040 3646; x_wconf 88' lang='lat' dir='ltr'><strong>scri-</strong></span> 
     </span>
    </p>
   </div>
   <div class='ocr_carea' id='block_1_41' title="bbox 463 3682 2038 3758">
    <p class='ocr_par' dir='ltr' id='par_1_41' title="bbox 463 3682 2038 3758">
     <span class='ocr_line' id='line_1_41' title="bbox 463 3682 2038 3758; baseline -0.004 -15"><span class='ocrx_word' id='word_1_257' title='bbox 463 3689 611 3758; x_wconf 82' lang='lat' dir='ltr'><strong>psit:</strong></span> <span class='ocrx_word' id='word_1_258' title='bbox 643 3693 697 3742; x_wconf 91' lang='lat' dir='ltr'><strong>et</strong></span> <span class='ocrx_word' id='word_1_259' title='bbox 730 3685 940 3742; x_wconf 87' lang='lat' dir='ltr'><strong>eversis</strong></span> <span class='ocrx_word' id='word_1_260' title='bbox 985 3683 1202 3740; x_wconf 90' lang='lat' dir='ltr'><strong>illorum</strong></span> <span class='ocrx_word' id='word_1_261' title='bbox 1251 3682 1639 3754; x_wconf 89' lang='lat' dir='ltr'><strong>opinionibus,</strong></span> <span class='ocrx_word' id='word_1_262' title='bbox 1675 3682 1883 3738; x_wconf 89' lang='lat' dir='ltr'><strong>nullam</strong></span> <span class='ocrx_word' id='word_1_263' title='bbox 1919 3698 2038 3738; x_wconf 84' lang='lat' dir='ltr'><strong>am-</strong></span> 
     </span>
    </p>
   </div>
   <div class='ocr_carea' id='block_1_42' title="bbox 463 3781 789 3852">
    <p class='ocr_par' dir='ltr' id='par_1_42' title="bbox 463 3781 789 3852">
     <span class='ocr_line' id='line_1_42' title="bbox 463 3781 789 3852; baseline -0.006 -18"><span class='ocrx_word' id='word_1_264' title='bbox 463 3781 657 3852; x_wconf 79' lang='lat' dir='ltr'><strong>plexus</strong></span> <span class='ocrx_word' id='word_1_265' title='bbox 685 3785 789 3833; x_wconf 91' lang='lat' dir='ltr'><strong>est.</strong></span> 
     </span>
    </p>
   </div>
   <div class='ocr_carea' id='block_1_43' title="bbox 536 3867 2042 3942">
    <p class='ocr_par' dir='ltr' id='par_1_43' title="bbox 536 3867 2042 3942">
     <span class='ocr_line' id='line_1_43' title="bbox 536 3867 2042 3942; baseline -0.001 -16"><span class='ocrx_word' id='word_1_266' title='bbox 536 3871 890 3942; x_wconf 88' lang='lat' dir='ltr'><strong>Empedocles</strong></span> <span class='ocrx_word' id='word_1_267' title='bbox 909 3867 1141 3926; x_wconf 74' lang='lat' dir='ltr'><strong>Metonis</strong></span> <span class='ocrx_word' id='word_1_268' title='bbox 1166 3867 1330 3936; x_wconf 87' lang='lat' dir='ltr'><strong>lilius,</strong></span> <span class='ocrx_word' id='word_1_269' title='bbox 1356 3867 1765 3940; x_wconf 82' lang='lat' dir='ltr'><strong>Agrigentinus,</strong></span> <span class='ocrx_word' id='word_1_270' title='bbox 1791 3867 1970 3938; x_wconf 88' lang='lat' dir='ltr'><strong>ignem</strong></span> <span class='ocrx_word' id='word_1_271' title='bbox 1988 3875 2042 3924; x_wconf 87' lang='lat' dir='ltr'><strong>et</strong></span> 
     </span>
    </p>
   </div>
   <div class='ocr_carea' id='block_1_44' title="bbox 462 3960 2042 4033">
    <p class='ocr_par' dir='ltr' id='par_1_44' title="bbox 462 3960 2042 4033">
     <span class='ocr_line' id='line_1_44' title="bbox 462 3960 2042 4033; baseline -0.003 -14"><span class='ocrx_word' id='word_1_272' title='bbox 462 3974 666 4020; x_wconf 89' lang='lat' dir='ltr'><strong>terram</strong></span> <span class='ocrx_word' id='word_1_273' title='bbox 699 3970 753 4018; x_wconf 91' lang='lat' dir='ltr'><strong>et</strong></span> <span class='ocrx_word' id='word_1_274' title='bbox 783 3976 980 4033; x_wconf 89' lang='lat' dir='ltr'><strong>aquam</strong></span> <span class='ocrx_word' id='word_1_275' title='bbox 1018 3969 1073 4016; x_wconf 91' lang='lat' dir='ltr'><strong>et</strong></span> <span class='ocrx_word' id='word_1_276' title='bbox 1110 3975 1292 4016; x_wconf 92' lang='lat' dir='ltr'><strong>aerem</strong></span> <span class='ocrx_word' id='word_1_277' title='bbox 1323 3969 1560 4031; x_wconf 88' lang='lat' dir='ltr'><strong>quatuor</strong></span> <span class='ocrx_word' id='word_1_278' title='bbox 1586 3975 1712 4016; x_wconf 91' lang='lat' dir='ltr'><strong>esse</strong></span> <span class='ocrx_word' id='word_1_279' title='bbox 1744 3960 1919 4030; x_wconf 88' lang='lat' dir='ltr'><strong>prima</strong></span> <span class='ocrx_word' id='word_1_280' title='bbox 1957 3960 2042 4015; x_wconf 61' lang='lat' dir='ltr'><strong>die</strong></span> 
     </span>
    </p>
   </div>
   <div class='ocr_carea' id='block_1_45' title="bbox 468 4052 2042 4124">
    <p class='ocr_par' dir='ltr' id='par_1_45' title="bbox 468 4052 2042 4124">
     <span class='ocr_line' id='line_1_45' title="bbox 468 4052 2042 4124; baseline -0.003 -12"><span class='ocrx_word' id='word_1_281' title='bbox 468 4056 544 4112; x_wconf 79' lang='lat' dir='ltr'><strong>xit</strong></span> <span class='ocrx_word' id='word_1_282' title='bbox 569 4056 861 4120; x_wconf 87' lang='lat' dir='ltr'><strong>elementa,</strong></span> <span class='ocrx_word' id='word_1_283' title='bbox 893 4059 1054 4124; x_wconf 86' lang='lat' dir='ltr'><strong>atque</strong></span> <span class='ocrx_word' id='word_1_284' title='bbox 1092 4052 1436 4109; x_wconf 88' lang='lat' dir='ltr'><strong>inimicitiam</strong></span> <span class='ocrx_word' id='word_1_285' title='bbox 1466 4052 1751 4108; x_wconf 84' lang='lat' dir='ltr'><strong>elementis</strong></span> <span class='ocrx_word' id='word_1_286' title='bbox 1787 4052 2042 4108; x_wconf 89' lang='lat' dir='ltr'><strong>omnibus</strong></span> 
     </span>
    </p>
   </div>
   <div class='ocr_carea' id='block_1_46' title="bbox 464 4144 2043 4221">
    <p class='ocr_par' dir='ltr' id='par_1_46' title="bbox 464 4144 2043 4221">
     <span class='ocr_line' id='line_1_46' title="bbox 464 4144 2043 4221; baseline -0.003 -18"><span class='ocrx_word' id='word_1_287' title='bbox 464 4148 724 4221; x_wconf 86' lang='lat' dir='ltr'><strong>priorem.</strong></span> <span class='ocrx_word' id='word_1_288' title='bbox 786 4145 1068 4217; x_wconf 89' lang='lat' dir='ltr'><strong>Siquidem</strong></span> <span class='ocrx_word' id='word_1_289' title='bbox 1124 4144 1282 4200; x_wconf 91' lang='lat' dir='ltr'><strong>initio</strong></span> <span class='ocrx_word' id='word_1_290' title='bbox 1349 4147 1625 4216; x_wconf 75' lang='lat' dir='ltr'><strong>separata&#39;</strong></span> <span class='ocrx_word' id='word_1_291' title='bbox 1656 4159 1721 4200; x_wconf 86' lang='lat' dir='ltr'><strong>ac</strong></span> <span class='ocrx_word' id='word_1_292' title='bbox 1778 4144 2043 4200; x_wconf 87' lang='lat' dir='ltr'><strong>distracta</strong></span> 
     </span>
    </p>
   </div>
   <div class='ocr_carea' id='block_1_47' title="bbox 463 4235 2043 4309">
    <p class='ocr_par' dir='ltr' id='par_1_47' title="bbox 463 4235 2043 4309">
     <span class='ocr_line' id='line_1_47' title="bbox 463 4235 2043 4309; baseline -0.003 -15"><span class='ocrx_word' id='word_1_293' title='bbox 463 4246 656 4306; x_wconf 85' lang='lat' dir='ltr'><strong>erant,</strong></span> <span class='ocrx_word' id='word_1_294' title='bbox 705 4239 917 4309; x_wconf 91' lang='lat' dir='ltr'><strong>inquit,</strong></span> <span class='ocrx_word' id='word_1_295' title='bbox 977 4237 1192 4304; x_wconf 90' lang='lat' dir='ltr'><strong>omnia;</strong></span> <span class='ocrx_word' id='word_1_296' title='bbox 1229 4251 1377 4292; x_wconf 89' lang='lat' dir='ltr'><strong>nunc</strong></span> <span class='ocrx_word' id='word_1_297' title='bbox 1434 4237 1490 4291; x_wconf 89' lang='lat' dir='ltr'><strong>in</strong></span> <span class='ocrx_word' id='word_1_298' title='bbox 1545 4251 1715 4292; x_wconf 89' lang='lat' dir='ltr'><strong>unum</strong></span> <span class='ocrx_word' id='word_1_299' title='bbox 1749 4235 2043 4307; x_wconf 84' lang='lat' dir='ltr'><strong>conjuncta</strong></span> 
     </span>
    </p>
   </div>
   <div class='ocr_carea' id='block_1_48' title="bbox 465 4323 2045 4392">
    <p class='ocr_par' dir='ltr' id='par_1_48' title="bbox 465 4323 2045 4392">
     <span class='ocr_line' id='line_1_48' title="bbox 465 4323 2045 4392; baseline -0.004 -7"><span class='ocrx_word' id='word_1_300' title='bbox 465 4336 634 4392; x_wconf 89' lang='lat' dir='ltr'><strong>sunt,</strong></span> <span class='ocrx_word' id='word_1_301' title='bbox 665 4328 954 4383; x_wconf 89' lang='lat' dir='ltr'><strong>conciliata</strong></span> <span class='ocrx_word' id='word_1_302' title='bbox 1001 4327 1270 4390; x_wconf 91' lang='lat' dir='ltr'><strong>invicem,</strong></span> <span class='ocrx_word' id='word_1_303' title='bbox 1325 4334 1380 4382; x_wconf 92' lang='lat' dir='ltr'><strong>et</strong></span> <span class='ocrx_word' id='word_1_304' title='bbox 1412 4325 1588 4380; x_wconf 90' lang='lat' dir='ltr'><strong>amica</strong></span> <span class='ocrx_word' id='word_1_305' title='bbox 1625 4324 1852 4381; x_wconf 90' lang='lat' dir='ltr'><strong>reddita.</strong></span> <span class='ocrx_word' id='word_1_306' title='bbox 1899 4323 2045 4390; x_wconf 86' lang='lat' dir='ltr'><strong>Quo-</strong></span> 
     </span>
    </p>
   </div>
   <div class='ocr_carea' id='block_1_49' title="bbox 2127 479 3591 554">
    <p class='ocr_par' dir='ltr' id='par_1_49' title="bbox 2127 479 3591 554">
     <span class='ocr_line' id='line_1_49' title="bbox 2127 479 3591 554; baseline -0.003 -16"><span class='ocrx_word' id='word_1_307' title='bbox 2127 485 2220 539; x_wconf 79' lang='grc' dir='ltr'><strong>καὶ</strong></span> <span class='ocrx_word' id='word_1_308' title='bbox 2250 484 2412 548; x_wconf 78' lang='grc' dir='ltr'>αὐτὸς</span> <span class='ocrx_word' id='word_1_309' title='bbox 2435 483 2495 537; x_wconf 81' lang='grc' dir='ltr'>τὸ</span> <span class='ocrx_word' id='word_1_310' title='bbox 2523 484 2753 554; x_wconf 80' lang='grc' dir='ltr'>ἄπειρον</span> <span class='ocrx_word' id='word_1_311' title='bbox 2779 483 2963 551; x_wconf 74' lang='grc' dir='ltr'>ἔλεγεν</span> <span class='ocrx_word' id='word_1_312' title='bbox 2995 481 3178 554; x_wconf 86' lang='grc' dir='ltr'>ἀρχὴν</span> <span class='ocrx_word' id='word_1_313' title='bbox 3202 480 3318 533; x_wconf 85' lang='grc' dir='ltr'>τῶν</span> <span class='ocrx_word' id='word_1_314' title='bbox 3355 479 3591 534; x_wconf 85' lang='grc' dir='ltr'>πάντων.</span> 
     </span>
    </p>
   </div>
   <div class='ocr_carea' id='block_1_50' title="bbox 2194 571 3710 646">
    <p class='ocr_par' dir='ltr' id='par_1_50' title="bbox 2194 571 3710 646">
     <span class='ocr_line' id='line_1_50' title="bbox 2194 571 3710 646; baseline 0.01 -16"><span class='ocrx_word' id='word_1_315' title='bbox 2194 579 2376 646; x_wconf 78' lang='grc' dir='ltr'>Ζήνων</span> <span class='ocrx_word' id='word_1_316' title='bbox 2402 578 2430 630; x_wconf 91' lang='lat'><strong>6</strong></span> <span class='ocrx_word' id='word_1_317' title='bbox 2473 575 2728 646; x_wconf 82' lang='grc' dir='ltr'><strong>Ἐλεάτης</strong></span> <span class='ocrx_word' id='word_1_318' title='bbox 2753 577 2781 628; x_wconf 92' lang='lat'><strong>6</strong></span> <span class='ocrx_word' id='word_1_319' title='bbox 2826 575 3154 646; x_wconf 76' lang='grc' dir='ltr'>Ἐριστικὸς,</span> <span class='ocrx_word' id='word_1_320' title='bbox 3193 573 3290 626; x_wconf 76' lang='grc' dir='ltr'>ἴσα</span> <span class='ocrx_word' id='word_1_321' title='bbox 3317 571 3400 641; x_wconf 75' lang='grc' dir='ltr'><strong>τῷ</strong></span> <span class='ocrx_word' id='word_1_322' title='bbox 3430 572 3595 644; x_wconf 62' lang='grc' dir='ltr'><strong>ἑτέρῳ</strong></span> <span class='ocrx_word' id='word_1_323' title='bbox 3617 574 3710 645; x_wconf 69' lang='grc' dir='ltr'><strong>Ζῆ·</strong></span> 
     </span>
    </p>
   </div>
   <div class='ocr_carea' id='block_1_51' title="bbox 2122 663 3711 740">
    <p class='ocr_par' dir='ltr' id='par_1_51' title="bbox 2122 663 3711 740">
     <span class='ocr_line' id='line_1_51' title="bbox 2122 663 3711 740; baseline -0.002 -19"><span class='ocrx_word' id='word_1_324' title='bbox 2122 685 2273 734; x_wconf 84' lang='grc' dir='ltr'>νωνι,</span> <span class='ocrx_word' id='word_1_325' title='bbox 2307 668 2400 722; x_wconf 79' lang='grc' dir='ltr'><strong>καὶ</strong></span> <span class='ocrx_word' id='word_1_326' title='bbox 2430 667 2526 740; x_wconf 83' lang='grc' dir='ltr'>τὴν</span> <span class='ocrx_word' id='word_1_327' title='bbox 2549 667 2654 738; x_wconf 84' lang='grc' dir='ltr'>γῆν</span> <span class='ocrx_word' id='word_1_328' title='bbox 2687 667 2943 738; x_wconf 75' lang='grc' dir='ltr'>ἀκίνητον</span> <span class='ocrx_word' id='word_1_329' title='bbox 2973 665 3126 734; x_wconf 83' lang='grc' dir='ltr'>λέγει</span> <span class='ocrx_word' id='word_1_330' title='bbox 3153 707 3168 728; x_wconf 82' lang='grc'><em>,</em></span> <span class='ocrx_word' id='word_1_331' title='bbox 3199 665 3302 720; x_wconf 68' lang='grc' dir='ltr'><strong>καὶ</strong></span> <span class='ocrx_word' id='word_1_332' title='bbox 3336 663 3542 734; x_wconf 79' lang='grc' dir='ltr'><strong>μηδένα</strong></span> <span class='ocrx_word' id='word_1_333' title='bbox 3566 665 3711 718; x_wconf 80' lang='grc' dir='ltr'>τόπον</span> 
     </span>
    </p>
   </div>
   <div class='ocr_carea' id='block_1_52' title="bbox 2124 753 3709 827">
    <p class='ocr_par' dir='ltr' id='par_1_52' title="bbox 2124 753 3709 827">
     <span class='ocr_line' id='line_1_52' title="bbox 2124 753 3709 827; baseline -0.003 -14"><span class='ocrx_word' id='word_1_334' title='bbox 2124 759 2283 813; x_wconf 80' lang='grc' dir='ltr'>κενὸν</span> <span class='ocrx_word' id='word_1_335' title='bbox 2320 757 2478 813; x_wconf 77' lang='grc' dir='ltr'>εἶναι.</span> <span class='ocrx_word' id='word_1_336' title='bbox 2530 759 2640 813; x_wconf 73' lang='grc' dir='ltr'><strong>Καὶ</strong></span> <span class='ocrx_word' id='word_1_337' title='bbox 2684 757 2833 827; x_wconf 82' lang='grc' dir='ltr'><strong>λέγει</strong></span> <span class='ocrx_word' id='word_1_338' title='bbox 2879 756 3084 820; x_wconf 70' lang='grc' dir='ltr'>οὕτως·</span> <span class='ocrx_word' id='word_1_339' title='bbox 3134 755 3216 809; x_wconf 82' lang='grc' dir='ltr'>Τὸ</span> <span class='ocrx_word' id='word_1_340' title='bbox 3265 753 3588 826; x_wconf 78' lang='grc' dir='ltr'>κινούμενον</span> <span class='ocrx_word' id='word_1_341' title='bbox 3614 755 3709 826; x_wconf 71' lang='grc'><strong>(45)</strong></span> 
     </span>
    </p>
   </div>
   <div class='ocr_carea' id='block_1_53' title="bbox 2123 842 3706 922">
    <p class='ocr_par' dir='ltr' id='par_1_53' title="bbox 2123 842 3706 922">
     <span class='ocr_line' id='line_1_53' title="bbox 2123 842 3706 922; baseline -0.003 -18"><span class='ocrx_word' id='word_1_342' title='bbox 2123 852 2240 922; x_wconf 70' lang='grc' dir='ltr'><strong>ἦτοι</strong></span> <span class='ocrx_word' id='word_1_343' title='bbox 2280 853 2337 904; x_wconf 83' lang='grc' dir='ltr'>ὲν</span> <span class='ocrx_word' id='word_1_344' title='bbox 2392 845 2437 919; x_wconf 82' lang='grc' dir='ltr'><strong>ᾧ</strong></span> <span class='ocrx_word' id='word_1_345' title='bbox 2487 852 2602 904; x_wconf 79' lang='grc' dir='ltr'>ἐστι</span> <span class='ocrx_word' id='word_1_346' title='bbox 2643 851 2794 921; x_wconf 85' lang='grc' dir='ltr'><strong>τόπῳ</strong></span> <span class='ocrx_word' id='word_1_347' title='bbox 2837 851 3089 913; x_wconf 77' lang='grc' dir='ltr'>κινεῖται,</span> <span class='ocrx_word' id='word_1_348' title='bbox 3147 848 3184 920; x_wconf 78' lang='grc' dir='ltr'><strong>ἢ</strong></span> <span class='ocrx_word' id='word_1_349' title='bbox 3251 849 3314 900; x_wconf 85' lang='grc' dir='ltr'><strong>ὲν</strong></span> <span class='ocrx_word' id='word_1_350' title='bbox 3353 842 3400 915; x_wconf 83' lang='grc' dir='ltr'>ᾧ</span> <span class='ocrx_word' id='word_1_351' title='bbox 3452 846 3551 900; x_wconf 82' lang='grc' dir='ltr'><strong>οὐκ</strong></span> <span class='ocrx_word' id='word_1_352' title='bbox 3590 846 3706 900; x_wconf 76' lang='grc' dir='ltr'>ἔστι·</span> 
     </span>
    </p>
   </div>
   <div class='ocr_carea' id='block_1_54' title="bbox 2127 930 3708 1010">
    <p class='ocr_par' dir='ltr' id='par_1_54' title="bbox 2127 930 3708 1010">
     <span class='ocr_line' id='line_1_54' title="bbox 2127 930 3708 1010; baseline 0.001 -18"><span class='ocrx_word' id='word_1_353' title='bbox 2127 943 2221 994; x_wconf 74' lang='grc' dir='ltr'><strong>καὶ</strong></span> <span class='ocrx_word' id='word_1_354' title='bbox 2253 940 2377 994; x_wconf 77' lang='grc' dir='ltr'>οὔτε</span> <span class='ocrx_word' id='word_1_355' title='bbox 2412 944 2471 994; x_wconf 86' lang='grc' dir='ltr'>ὲν</span> <span class='ocrx_word' id='word_1_356' title='bbox 2508 933 2552 1008; x_wconf 80' lang='grc' dir='ltr'>ᾧ</span> <span class='ocrx_word' id='word_1_357' title='bbox 2584 944 2698 994; x_wconf 77' lang='grc' dir='ltr'>ἐστι</span> <span class='ocrx_word' id='word_1_358' title='bbox 2748 940 2896 1010; x_wconf 86' lang='grc' dir='ltr'>τόπῳ</span> <span class='ocrx_word' id='word_1_359' title='bbox 2930 942 3166 993; x_wconf 82' lang='grc' dir='ltr'>κινεῖται</span> <span class='ocrx_word' id='word_1_360' title='bbox 3195 979 3212 1004; x_wconf 88' lang='grc'><strong><em>,</em></strong></span> <span class='ocrx_word' id='word_1_361' title='bbox 3253 936 3385 991; x_wconf 72' lang='grc' dir='ltr'>οὔτε</span> <span class='ocrx_word' id='word_1_362' title='bbox 3436 939 3494 990; x_wconf 80' lang='grc' dir='ltr'><strong>ὲν</strong></span> <span class='ocrx_word' id='word_1_363' title='bbox 3540 930 3581 1007; x_wconf 78' lang='grc' dir='ltr'>ᾧ</span> <span class='ocrx_word' id='word_1_364' title='bbox 3622 937 3708 994; x_wconf 76' lang='grc' dir='ltr'>οὐκ</span> 
     </span>
    </p>
   </div>
   <div class='ocr_carea' id='block_1_55' title="bbox 2125 1031 2953 1104">
    <p class='ocr_par' dir='ltr' id='par_1_55' title="bbox 2125 1031 2953 1104">
     <span class='ocr_line' id='line_1_55' title="bbox 2125 1031 2953 1104; baseline 0 -20"><span class='ocrx_word' id='word_1_365' title='bbox 2125 1031 2276 1085; x_wconf 72' lang='grc' dir='ltr'>ἐστιν</span> <span class='ocrx_word' id='word_1_366' title='bbox 2301 1050 2312 1063; x_wconf 88' lang='grc'><strong>·</strong></span> <span class='ocrx_word' id='word_1_367' title='bbox 2361 1032 2460 1085; x_wconf 77' lang='grc' dir='ltr'>οὐκ</span> <span class='ocrx_word' id='word_1_368' title='bbox 2491 1032 2598 1104; x_wconf 80' lang='grc' dir='ltr'><strong>ἄρα</strong></span> <span class='ocrx_word' id='word_1_369' title='bbox 2624 1049 2676 1085; x_wconf 88' lang='grc' dir='ltr'>τι</span> <span class='ocrx_word' id='word_1_370' title='bbox 2702 1033 2953 1086; x_wconf 86' lang='grc' dir='ltr'>κινεῖται.</span> 
     </span>
    </p>
   </div>
   <div class='ocr_carea' id='block_1_56' title="bbox 2196 1223 3706 1297">
    <p class='ocr_par' dir='ltr' id='par_1_56' title="bbox 2196 1223 3706 1297">
     <span class='ocr_line' id='line_1_56' title="bbox 2196 1223 3706 1297; baseline -0.004 -13"><span class='ocrx_word' id='word_1_371' title='bbox 2196 1229 2466 1294; x_wconf 77' lang='grc' dir='ltr'><strong>Μέλισσος</strong></span> <span class='ocrx_word' id='word_1_372' title='bbox 2518 1231 2548 1282; x_wconf 87' lang='lat'><strong>6</strong></span> <span class='ocrx_word' id='word_1_373' title='bbox 2579 1226 2669 1282; x_wconf 78' lang='grc' dir='ltr'>τοῦ</span> <span class='ocrx_word' id='word_1_374' title='bbox 2717 1226 3018 1297; x_wconf 81' lang='grc' dir='ltr'>’ἰθαγενοῦς</span> <span class='ocrx_word' id='word_1_375' title='bbox 3046 1268 3060 1290; x_wconf 88' lang='grc'><strong><em>,</em></strong></span> <span class='ocrx_word' id='word_1_376' title='bbox 3095 1227 3313 1296; x_wconf 84' lang='grc' dir='ltr'>Σάμιος</span> <span class='ocrx_word' id='word_1_377' title='bbox 3346 1223 3410 1277; x_wconf 84' lang='grc' dir='ltr'>τὸ</span> <span class='ocrx_word' id='word_1_378' title='bbox 3448 1223 3628 1291; x_wconf 78' lang='grc' dir='ltr'>γένος,</span> <span class='ocrx_word' id='word_1_379' title='bbox 3656 1225 3706 1278; x_wconf 76' lang='grc' dir='ltr'><strong>ἓν</strong></span> 
     </span>
    </p>
   </div>
   <div class='ocr_carea' id='block_1_57' title="bbox 2125 1312 3700 1390">
    <p class='ocr_par' dir='ltr' id='par_1_57' title="bbox 2125 1312 3700 1390">
     <span class='ocr_line' id='line_1_57' title="bbox 2125 1312 3700 1390; baseline -0.006 -17"><span class='ocrx_word' id='word_1_380' title='bbox 2125 1319 2188 1373; x_wconf 82' lang='grc' dir='ltr'>τὸ</span> <span class='ocrx_word' id='word_1_381' title='bbox 2209 1320 2316 1374; x_wconf 72' lang='grc' dir='ltr'>πᾶν</span> <span class='ocrx_word' id='word_1_382' title='bbox 2339 1318 2441 1390; x_wconf 74' lang='grc' dir='ltr'><strong>ἔφη</strong></span> <span class='ocrx_word' id='word_1_383' title='bbox 2469 1314 2637 1385; x_wconf 80' lang='grc' dir='ltr'>εἶναι,</span> <span class='ocrx_word' id='word_1_384' title='bbox 2676 1317 2844 1389; x_wconf 84' lang='grc' dir='ltr'>μηδὲν</span> <span class='ocrx_word' id='word_1_385' title='bbox 2877 1318 2932 1371; x_wconf 87' lang='grc' dir='ltr'>δὲ</span> <span class='ocrx_word' id='word_1_386' title='bbox 2964 1316 3190 1388; x_wconf 79' lang='grc' dir='ltr'><strong>βέϐαιον</strong></span> <span class='ocrx_word' id='word_1_387' title='bbox 3229 1313 3505 1384; x_wconf 75' lang='grc' dir='ltr'><strong>ὑπάρχειν</strong></span> <span class='ocrx_word' id='word_1_388' title='bbox 3531 1314 3592 1382; x_wconf 81' lang='grc' dir='ltr'>τῇ</span> <span class='ocrx_word' id='word_1_389' title='bbox 3619 1312 3700 1381; x_wconf 69' lang='grc' dir='ltr'><strong>φύ-</strong></span> 
     </span>
    </p>
   </div>
   <div class='ocr_carea' id='block_1_58' title="bbox 2129 1403 3421 1478">
    <p class='ocr_par' dir='ltr' id='par_1_58' title="bbox 2129 1403 3421 1478">
     <span class='ocr_line' id='line_1_58' title="bbox 2129 1403 3421 1478; baseline -0.006 -13"><span class='ocrx_word' id='word_1_390' title='bbox 2129 1427 2211 1465; x_wconf 90' lang='grc' dir='ltr'><strong>σει</strong></span> <span class='ocrx_word' id='word_1_391' title='bbox 2229 1449 2244 1475; x_wconf 85' lang='lat'><strong>,</strong></span> <span class='ocrx_word' id='word_1_392' title='bbox 2279 1411 2414 1463; x_wconf 75' lang='grc' dir='ltr'>ἀλλὰ</span> <span class='ocrx_word' id='word_1_393' title='bbox 2440 1410 2616 1464; x_wconf 85' lang='grc' dir='ltr'>πάντα</span> <span class='ocrx_word' id='word_1_394' title='bbox 2641 1403 2780 1462; x_wconf 77' lang='grc' dir='ltr'>εῖναι</span> <span class='ocrx_word' id='word_1_395' title='bbox 2815 1407 3032 1478; x_wconf 80' lang='grc' dir='ltr'>φθαρτὰ</span> <span class='ocrx_word' id='word_1_396' title='bbox 3075 1406 3136 1458; x_wconf 82' lang='grc' dir='ltr'><strong>ὲν</strong></span> <span class='ocrx_word' id='word_1_397' title='bbox 3158 1403 3421 1473; x_wconf 84' lang='grc' dir='ltr'><strong>δυνάμει.</strong></span> 
     </span>
    </p>
   </div>
   <div class='ocr_carea' id='block_1_59' title="bbox 2197 1493 3704 1571">
    <p class='ocr_par' dir='ltr' id='par_1_59' title="bbox 2197 1493 3704 1571">
     <span class='ocr_line' id='line_1_59' title="bbox 2197 1493 3704 1571; baseline -0.008 -16"><span class='ocrx_word' id='word_1_398' title='bbox 2197 1502 2509 1565; x_wconf 77' lang='grc' dir='ltr'><strong>Λεύκιππος</strong></span> <span class='ocrx_word' id='word_1_399' title='bbox 2539 1504 2568 1555; x_wconf 94' lang='lat'><strong>6</strong></span> <span class='ocrx_word' id='word_1_400' title='bbox 2593 1501 2856 1571; x_wconf 84' lang='grc' dir='ltr'><strong>Μιλήσιος</strong></span> <span class='ocrx_word' id='word_1_401' title='bbox 2877 1499 2990 1570; x_wconf 69' lang='grc'><strong>(46)</strong></span> <span class='ocrx_word' id='word_1_402' title='bbox 3016 1537 3030 1560; x_wconf 89' lang='grc'><em>,</em></span> <span class='ocrx_word' id='word_1_403' title='bbox 3059 1495 3212 1550; x_wconf 78' lang='grc' dir='ltr'>κατὰ</span> <span class='ocrx_word' id='word_1_404' title='bbox 3246 1495 3309 1548; x_wconf 74' lang='grc' dir='ltr'><strong>δέ</strong></span> <span class='ocrx_word' id='word_1_405' title='bbox 3340 1510 3498 1557; x_wconf 89' lang='grc' dir='ltr'>τινας</span> <span class='ocrx_word' id='word_1_406' title='bbox 3544 1493 3704 1545; x_wconf 80' lang='grc' dir='ltr'>Ἐλεά-</span> 
     </span>
    </p>
   </div>
   <div class='ocr_carea' id='block_1_60' title="bbox 2127 1575 3702 1663">
    <p class='ocr_par' dir='ltr' id='par_1_60' title="bbox 2127 1575 3702 1663">
     <span class='ocr_line' id='line_1_60' title="bbox 2127 1575 3702 1663; baseline -0.006 -17"><span class='ocrx_word' id='word_1_407' title='bbox 2127 1609 2262 1663; x_wconf 82' lang='grc' dir='ltr'>της,</span> <span class='ocrx_word' id='word_1_408' title='bbox 2316 1591 2409 1644; x_wconf 74' lang='grc' dir='ltr'><strong>καὶ</strong></span> <span class='ocrx_word' id='word_1_409' title='bbox 2452 1585 2605 1654; x_wconf 72' lang='grc' dir='ltr'>οὗτος</span> <span class='ocrx_word' id='word_1_410' title='bbox 2633 1588 2935 1662; x_wconf 79' lang='grc' dir='ltr'><strong>ἑριστικὸς,</strong></span> <span class='ocrx_word' id='word_1_411' title='bbox 2984 1588 3044 1641; x_wconf 83' lang='grc' dir='ltr'><strong>ὲν</strong></span> <span class='ocrx_word' id='word_1_412' title='bbox 3085 1585 3315 1655; x_wconf 79' lang='grc' dir='ltr'>ἀπείρῳ</span> <span class='ocrx_word' id='word_1_413' title='bbox 3355 1583 3452 1637; x_wconf 74' lang='grc' dir='ltr'>καὶ</span> <span class='ocrx_word' id='word_1_414' title='bbox 3487 1575 3629 1646; x_wconf 81' lang='grc' dir='ltr'>οὗτος</span> <span class='ocrx_word' id='word_1_415' title='bbox 3650 1583 3702 1636; x_wconf 85' lang='grc' dir='ltr'>τὸ</span> 
     </span>
    </p>
   </div>
   <div class='ocr_carea' id='block_1_61' title="bbox 2131 1672 3702 1750">
    <p class='ocr_par' dir='ltr' id='par_1_61' title="bbox 2131 1672 3702 1750">
     <span class='ocr_line' id='line_1_61' title="bbox 2131 1672 3702 1750; baseline -0.006 -17"><span class='ocrx_word' id='word_1_416' title='bbox 2131 1681 2238 1733; x_wconf 81' lang='grc' dir='ltr'>πᾶν</span> <span class='ocrx_word' id='word_1_417' title='bbox 2269 1678 2373 1750; x_wconf 82' lang='grc' dir='ltr'><strong>ἔφη</strong></span> <span class='ocrx_word' id='word_1_418' title='bbox 2414 1673 2552 1732; x_wconf 74' lang='grc' dir='ltr'>εἶναι</span> <span class='ocrx_word' id='word_1_419' title='bbox 2576 1719 2591 1745; x_wconf 83' lang='grc'><em>,</em></span> <span class='ocrx_word' id='word_1_420' title='bbox 2629 1676 2774 1732; x_wconf 82' lang='grc' dir='ltr'>κατὰ</span> <span class='ocrx_word' id='word_1_421' title='bbox 2809 1675 3111 1746; x_wconf 77' lang='grc' dir='ltr'>φαντασίαν</span> <span class='ocrx_word' id='word_1_422' title='bbox 3153 1674 3214 1728; x_wconf 81' lang='grc' dir='ltr'><strong>δὲ</strong></span> <span class='ocrx_word' id='word_1_423' title='bbox 3267 1673 3366 1726; x_wconf 80' lang='grc' dir='ltr'><strong>καὶ</strong></span> <span class='ocrx_word' id='word_1_424' title='bbox 3406 1672 3618 1743; x_wconf 76' lang='grc' dir='ltr'><strong>δόκησιν</strong></span> <span class='ocrx_word' id='word_1_425' title='bbox 3645 1673 3702 1723; x_wconf 77' lang='grc' dir='ltr'>τὰ</span> 
     </span>
    </p>
   </div>
   <div class='ocr_carea' id='block_1_62' title="bbox 2129 1761 3699 1839">
    <p class='ocr_par' dir='ltr' id='par_1_62' title="bbox 2129 1761 3699 1839">
     <span class='ocr_line' id='line_1_62' title="bbox 2129 1761 3699 1839; baseline -0.004 -17"><span class='ocrx_word' id='word_1_426' title='bbox 2129 1769 2308 1825; x_wconf 85' lang='grc' dir='ltr'>πάντα</span> <span class='ocrx_word' id='word_1_427' title='bbox 2356 1769 2640 1839; x_wconf 85' lang='grc' dir='ltr'>γίνεσθαι,</span> <span class='ocrx_word' id='word_1_428' title='bbox 2690 1768 2783 1824; x_wconf 76' lang='grc' dir='ltr'><strong>καὶ</strong></span> <span class='ocrx_word' id='word_1_429' title='bbox 2824 1767 2988 1839; x_wconf 83' lang='grc' dir='ltr'>μηδὲν</span> <span class='ocrx_word' id='word_1_430' title='bbox 3042 1765 3192 1820; x_wconf 77' lang='grc' dir='ltr'>κατὰ</span> <span class='ocrx_word' id='word_1_431' title='bbox 3242 1763 3542 1836; x_wconf 81' lang='grc' dir='ltr'><strong>ἀλήθειαν,</strong></span> <span class='ocrx_word' id='word_1_432' title='bbox 3599 1761 3699 1818; x_wconf 80' lang='grc' dir='ltr'>ἀλλ’</span> 
     </span>
    </p>
   </div>
   <div class='ocr_carea' id='block_1_63' title="bbox 2127 1854 3493 1931">
    <p class='ocr_par' dir='ltr' id='par_1_63' title="bbox 2127 1854 3493 1931">
     <span class='ocr_line' id='line_1_63' title="bbox 2127 1854 3493 1931; baseline -0.004 -17"><span class='ocrx_word' id='word_1_433' title='bbox 2127 1860 2271 1914; x_wconf 78' lang='grc' dir='ltr'>οὕτω</span> <span class='ocrx_word' id='word_1_434' title='bbox 2300 1859 2586 1931; x_wconf 79' lang='grc' dir='ltr'>φαίνεσθαι</span> <span class='ocrx_word' id='word_1_435' title='bbox 2611 1862 2751 1914; x_wconf 83' lang='grc' dir='ltr'>κατὰ</span> <span class='ocrx_word' id='word_1_436' title='bbox 2773 1859 2869 1931; x_wconf 80' lang='grc' dir='ltr'><strong>τὴν</strong></span> <span class='ocrx_word' id='word_1_437' title='bbox 2896 1861 2953 1912; x_wconf 82' lang='grc' dir='ltr'><strong>ἐν</strong></span> <span class='ocrx_word' id='word_1_438' title='bbox 2977 1858 3054 1930; x_wconf 79' lang='grc' dir='ltr'><strong>τῷ</strong></span> <span class='ocrx_word' id='word_1_439' title='bbox 3076 1857 3241 1912; x_wconf 78' lang='grc' dir='ltr'>ὕδατι</span> <span class='ocrx_word' id='word_1_440' title='bbox 3274 1854 3493 1926; x_wconf 85' lang='grc' dir='ltr'>κώπην.</span> 
     </span>
    </p>
   </div>
   <div class='ocr_carea' id='block_1_64' title="bbox 2198 1943 3697 2023">
    <p class='ocr_par' dir='ltr' id='par_1_64' title="bbox 2198 1943 3697 2023">
     <span class='ocr_line' id='line_1_64' title="bbox 2198 1943 3697 2023; baseline -0.005 -19"><span class='ocrx_word' id='word_1_441' title='bbox 2198 1951 2538 2023; x_wconf 87' lang='grc' dir='ltr'>Δημόκριτος</span> <span class='ocrx_word' id='word_1_442' title='bbox 2574 1951 2604 2003; x_wconf 81' lang='lat'><strong>6</strong></span> <span class='ocrx_word' id='word_1_443' title='bbox 2634 1950 2729 2004; x_wconf 81' lang='grc' dir='ltr'>τοῦ</span> <span class='ocrx_word' id='word_1_444' title='bbox 2778 1949 3145 2020; x_wconf 79' lang='grc' dir='ltr'>Δαμασίππου</span> <span class='ocrx_word' id='word_1_445' title='bbox 3167 1989 3185 2015; x_wconf 87' lang='grc'><em>,</em></span> <span class='ocrx_word' id='word_1_446' title='bbox 3239 1945 3595 2017; x_wconf 81' lang='grc' dir='ltr'>Ἀϐδηρίτης,</span> <span class='ocrx_word' id='word_1_447' title='bbox 3621 1943 3697 1998; x_wconf 76' lang='grc' dir='ltr'>τὸν</span> 
     </span>
    </p>
   </div>
   <div class='ocr_carea' id='block_1_65' title="bbox 2129 2037 3695 2117">
    <p class='ocr_par' dir='ltr' id='par_1_65' title="bbox 2129 2037 3695 2117">
     <span class='ocr_line' id='line_1_65' title="bbox 2129 2037 3695 2117; baseline -0.006 -20"><span class='ocrx_word' id='word_1_448' title='bbox 2129 2043 2332 2115; x_wconf 84' lang='grc' dir='ltr'>κόσμον</span> <span class='ocrx_word' id='word_1_449' title='bbox 2373 2044 2597 2117; x_wconf 77' lang='grc' dir='ltr'>ἄπειρον</span> <span class='ocrx_word' id='word_1_450' title='bbox 2625 2043 2760 2114; x_wconf 76' lang='grc' dir='ltr'><strong>ἔφη,</strong></span> <span class='ocrx_word' id='word_1_451' title='bbox 2793 2042 2888 2096; x_wconf 72' lang='grc' dir='ltr'><strong>καὶ</strong></span> <span class='ocrx_word' id='word_1_452' title='bbox 2917 2042 3058 2113; x_wconf 84' lang='grc' dir='ltr'>ὑπὲρ</span> <span class='ocrx_word' id='word_1_453' title='bbox 3096 2039 3268 2093; x_wconf 82' lang='grc' dir='ltr'>κενοῦ</span> <span class='ocrx_word' id='word_1_454' title='bbox 3295 2037 3532 2092; x_wconf 82' lang='grc' dir='ltr'><strong>κεῖσθαι.</strong></span> <span class='ocrx_word' id='word_1_455' title='bbox 3573 2037 3695 2105; x_wconf 81' lang='grc' dir='ltr'><strong>Ἔφη</strong></span> 
     </span>
    </p>
   </div>
   <div class='ocr_carea' id='block_1_66' title="bbox 2128 2125 3695 2200">
    <p class='ocr_par' dir='ltr' id='par_1_66' title="bbox 2128 2125 3695 2200">
     <span class='ocr_line' id='line_1_66' title="bbox 2128 2125 3695 2200; baseline -0.007 -11"><span class='ocrx_word' id='word_1_456' title='bbox 2128 2135 2186 2189; x_wconf 80' lang='grc' dir='ltr'><strong>δὲ</strong></span> <span class='ocrx_word' id='word_1_457' title='bbox 2219 2137 2313 2190; x_wconf 75' lang='grc' dir='ltr'><strong>καὶ</strong></span> <span class='ocrx_word' id='word_1_458' title='bbox 2342 2135 2400 2192; x_wconf 80' lang='grc' dir='ltr'>ἒν</span> <span class='ocrx_word' id='word_1_459' title='bbox 2433 2136 2583 2200; x_wconf 79' lang='grc' dir='ltr'>τέλος</span> <span class='ocrx_word' id='word_1_460' title='bbox 2611 2132 2750 2190; x_wconf 71' lang='grc' dir='ltr'>εἶναι</span> <span class='ocrx_word' id='word_1_461' title='bbox 2795 2133 2904 2187; x_wconf 85' lang='grc' dir='ltr'><strong>τῶν</strong></span> <span class='ocrx_word' id='word_1_462' title='bbox 2935 2133 3159 2186; x_wconf 87' lang='grc' dir='ltr'>πάντων</span> <span class='ocrx_word' id='word_1_463' title='bbox 3189 2173 3206 2198; x_wconf 85' lang='grc'>,</span> <span class='ocrx_word' id='word_1_464' title='bbox 3237 2129 3338 2184; x_wconf 77' lang='grc' dir='ltr'><strong>καὶ</strong></span> <span class='ocrx_word' id='word_1_465' title='bbox 3367 2125 3620 2198; x_wconf 78' lang='grc' dir='ltr'>εὐθυμίαν</span> <span class='ocrx_word' id='word_1_466' title='bbox 3646 2125 3695 2179; x_wconf 71' lang='grc' dir='ltr'>τὸ</span> 
     </span>
    </p>
   </div>
   <div class='ocr_carea' id='block_1_67' title="bbox 2130 2217 3695 2298">
    <p class='ocr_par' dir='ltr' id='par_1_67' title="bbox 2130 2217 3695 2298">
     <span class='ocr_line' id='line_1_67' title="bbox 2130 2217 3695 2298; baseline -0.007 -19"><span class='ocrx_word' id='word_1_467' title='bbox 2130 2228 2420 2298; x_wconf 90' lang='grc' dir='ltr'>κράτιστον</span> <span class='ocrx_word' id='word_1_468' title='bbox 2455 2223 2616 2292; x_wconf 79' lang='grc' dir='ltr'>εἷναι,</span> <span class='ocrx_word' id='word_1_469' title='bbox 2653 2226 2753 2291; x_wconf 82' lang='grc' dir='ltr'>τὰς</span> <span class='ocrx_word' id='word_1_470' title='bbox 2780 2226 2836 2280; x_wconf 85' lang='grc' dir='ltr'><strong>δὲ</strong></span> <span class='ocrx_word' id='word_1_471' title='bbox 2864 2224 3040 2288; x_wconf 81' lang='grc' dir='ltr'>λύπας</span> <span class='ocrx_word' id='word_1_472' title='bbox 3071 2224 3239 2297; x_wconf 84' lang='grc' dir='ltr'>ὄρους</span> <span class='ocrx_word' id='word_1_473' title='bbox 3269 2221 3470 2283; x_wconf 78' lang='grc' dir='ltr'>κακίας</span> <span class='ocrx_word' id='word_1_474' title='bbox 3495 2237 3507 2248; x_wconf 94' lang='grc'><strong>·</strong></span> <span class='ocrx_word' id='word_1_475' title='bbox 3542 2217 3695 2271; x_wconf 78' lang='grc' dir='ltr'>καὶτὸ</span> 
     </span>
    </p>
   </div>
   <div class='ocr_carea' id='block_1_68' title="bbox 2127 2309 3692 2375">
    <p class='ocr_par' dir='ltr' id='par_1_68' title="bbox 2127 2309 3692 2375">
     <span class='ocr_line' id='line_1_68' title="bbox 2127 2309 3692 2375; baseline -0.008 -3"><span class='ocrx_word' id='word_1_476' title='bbox 2127 2318 2319 2375; x_wconf 78' lang='grc' dir='ltr'>δοκοῦν</span> <span class='ocrx_word' id='word_1_477' title='bbox 2345 2320 2549 2374; x_wconf 89' lang='grc' dir='ltr'>δίκαιον</span> <span class='ocrx_word' id='word_1_478' title='bbox 2593 2320 2694 2374; x_wconf 82' lang='grc' dir='ltr'><strong>οὐκ</strong></span> <span class='ocrx_word' id='word_1_479' title='bbox 2735 2314 2875 2372; x_wconf 73' lang='grc' dir='ltr'>εῖναι</span> <span class='ocrx_word' id='word_1_480' title='bbox 2902 2317 3110 2371; x_wconf 76' lang='grc' dir='ltr'>δίκαιον</span> <span class='ocrx_word' id='word_1_481' title='bbox 3131 2332 3146 2345; x_wconf 86' lang='grc'><strong>·</strong></span> <span class='ocrx_word' id='word_1_482' title='bbox 3177 2313 3371 2368; x_wconf 77' lang='grc' dir='ltr'>ἄδικον</span> <span class='ocrx_word' id='word_1_483' title='bbox 3398 2311 3456 2364; x_wconf 79' lang='grc' dir='ltr'>δὲ</span> <span class='ocrx_word' id='word_1_484' title='bbox 3484 2309 3540 2362; x_wconf 85' lang='grc' dir='ltr'>τὸ</span> <span class='ocrx_word' id='word_1_485' title='bbox 3558 2309 3692 2361; x_wconf 79' lang='grc' dir='ltr'>ὲνανσ-</span> 
     </span>
    </p>
   </div>
   <div class='ocr_carea' id='block_1_69' title="bbox 2128 2401 3691 2483">
    <p class='ocr_par' dir='ltr' id='par_1_69' title="bbox 2128 2401 3691 2483">
     <span class='ocr_line' id='line_1_69' title="bbox 2128 2401 3691 2483; baseline -0.009 -16"><span class='ocrx_word' id='word_1_486' title='bbox 2128 2413 2244 2467; x_wconf 84' lang='grc' dir='ltr'>τίον</span> <span class='ocrx_word' id='word_1_487' title='bbox 2274 2413 2374 2483; x_wconf 82' lang='grc' dir='ltr'><strong>τῆς</strong></span> <span class='ocrx_word' id='word_1_488' title='bbox 2426 2411 2670 2482; x_wconf 75' lang='grc' dir='ltr'><strong>φύσεωςο</strong></span> <span class='ocrx_word' id='word_1_489' title='bbox 2705 2409 2949 2465; x_wconf 73' lang='grc' dir='ltr'>ἐπίνοιαν</span> <span class='ocrx_word' id='word_1_490' title='bbox 2981 2407 3091 2479; x_wconf 83' lang='grc' dir='ltr'><strong>γὰρ</strong></span> <span class='ocrx_word' id='word_1_491' title='bbox 3142 2406 3328 2477; x_wconf 82' lang='grc' dir='ltr'>κακὴν</span> <span class='ocrx_word' id='word_1_492' title='bbox 3373 2405 3498 2466; x_wconf 80' lang='grc' dir='ltr'>τοὺς</span> <span class='ocrx_word' id='word_1_493' title='bbox 3521 2401 3691 2470; x_wconf 82' lang='grc' dir='ltr'>νόμους</span> 
     </span>
    </p>
   </div>
   <div class='ocr_carea' id='block_1_70' title="bbox 2131 2493 3690 2576">
    <p class='ocr_par' dir='ltr' id='par_1_70' title="bbox 2131 2493 3690 2576">
     <span class='ocr_line' id='line_1_70' title="bbox 2131 2493 3690 2576; baseline -0.008 -16"><span class='ocrx_word' id='word_1_494' title='bbox 2131 2507 2307 2575; x_wconf 75' lang='grc' dir='ltr'>ἔλεγε,</span> <span class='ocrx_word' id='word_1_495' title='bbox 2329 2505 2422 2559; x_wconf 77' lang='grc' dir='ltr'><strong>καὶ</strong></span> <span class='ocrx_word' id='word_1_496' title='bbox 2449 2505 2510 2559; x_wconf 84' lang='grc' dir='ltr'>οὐ</span> <span class='ocrx_word' id='word_1_497' title='bbox 2546 2503 2652 2576; x_wconf 81' lang='grc' dir='ltr'>χρὴ</span> <span class='ocrx_word' id='word_1_498' title='bbox 2683 2503 2868 2576; x_wconf 90' lang='grc' dir='ltr'>νόμοις</span> <span class='ocrx_word' id='word_1_499' title='bbox 2899 2501 3224 2573; x_wconf 86' lang='grc' dir='ltr'>πειθαρχεῖν</span> <span class='ocrx_word' id='word_1_500' title='bbox 3259 2499 3354 2553; x_wconf 80' lang='grc' dir='ltr'>τὸν</span> <span class='ocrx_word' id='word_1_501' title='bbox 3378 2496 3554 2566; x_wconf 77' lang='grc' dir='ltr'>σοφὸν,</span> <span class='ocrx_word' id='word_1_502' title='bbox 3576 2493 3690 2548; x_wconf 71' lang='grc' dir='ltr'>ἀλλὰ</span> 
     </span>
    </p>
   </div>
   <div class='ocr_carea' id='block_1_71' title="bbox 2130 2594 2612 2668">
    <p class='ocr_par' dir='ltr' id='par_1_71' title="bbox 2130 2594 2612 2668">
     <span class='ocr_line' id='line_1_71' title="bbox 2130 2594 2612 2668; baseline 0 -20"><span class='ocrx_word' id='word_1_503' title='bbox 2130 2594 2452 2668; x_wconf 75' lang='grc' dir='ltr'>ἐλευθερίως</span> <span class='ocrx_word' id='word_1_504' title='bbox 2493 2595 2612 2666; x_wconf 78' lang='grc' dir='ltr'><strong>ζῇν.</strong></span> 
     </span>
    </p>
   </div>
   <div class='ocr_carea' id='block_1_72' title="bbox 2201 2765 3685 2846">
    <p class='ocr_par' dir='ltr' id='par_1_72' title="bbox 2201 2765 3685 2846">
     <span class='ocr_line' id='line_1_72' title="bbox 2201 2765 3685 2846; baseline -0.006 -19"><span class='ocrx_word' id='word_1_505' title='bbox 2201 2773 2563 2846; x_wconf 76' lang='grc' dir='ltr'>Μητρόδωρος</span> <span class='ocrx_word' id='word_1_506' title='bbox 2597 2776 2626 2827; x_wconf 92' lang='lat'><strong>6</strong></span> <span class='ocrx_word' id='word_1_507' title='bbox 2653 2775 2780 2838; x_wconf 83' lang='grc' dir='ltr'>Χῖος</span> <span class='ocrx_word' id='word_1_508' title='bbox 2806 2773 2910 2845; x_wconf 77' lang='grc' dir='ltr'><strong>ἔφη</strong></span> <span class='ocrx_word' id='word_1_509' title='bbox 2943 2772 3148 2844; x_wconf 80' lang='grc' dir='ltr'>μηδένα</span> <span class='ocrx_word' id='word_1_510' title='bbox 3179 2771 3348 2844; x_wconf 72' lang='grc' dir='ltr'>μηδὲν</span> <span class='ocrx_word' id='word_1_511' title='bbox 3373 2765 3685 2828; x_wconf 78' lang='grc' dir='ltr'>ἐπίστασθαι,</span> 
     </span>
    </p>
   </div>
   <div class='ocr_carea' id='block_1_73' title="bbox 2132 2857 3687 2933">
    <p class='ocr_par' dir='ltr' id='par_1_73' title="bbox 2132 2857 3687 2933">
     <span class='ocr_line' id='line_1_73' title="bbox 2132 2857 3687 2933; baseline -0.008 -15"><span class='ocrx_word' id='word_1_512' title='bbox 2132 2864 2268 2918; x_wconf 79' lang='grc' dir='ltr'>ἀλλὰ</span> <span class='ocrx_word' id='word_1_513' title='bbox 2296 2863 2464 2918; x_wconf 76' lang='grc' dir='ltr'>ταῦτα</span> <span class='ocrx_word' id='word_1_514' title='bbox 2496 2863 2532 2917; x_wconf 73' lang='grc' dir='ltr'><strong>ἃ</strong></span> <span class='ocrx_word' id='word_1_515' title='bbox 2563 2863 2829 2933; x_wconf 79' lang='grc' dir='ltr'>δοκοῦμεν</span> <span class='ocrx_word' id='word_1_516' title='bbox 2861 2863 3176 2932; x_wconf 84' lang='grc' dir='ltr'>γινώσκειν,</span> <span class='ocrx_word' id='word_1_517' title='bbox 3211 2859 3456 2931; x_wconf 80' lang='grc' dir='ltr'>ἀκριϐῶς</span> <span class='ocrx_word' id='word_1_518' title='bbox 3475 2857 3567 2910; x_wconf 76' lang='grc' dir='ltr'>οὐκ</span> <span class='ocrx_word' id='word_1_519' title='bbox 3593 2858 3687 2907; x_wconf 64' lang='lat' dir='ltr'><strong>ta:-</strong></span> 
     </span>
    </p>
   </div>
   <div class='ocr_carea' id='block_1_74' title="bbox 2135 2948 3686 3028">
    <p class='ocr_par' dir='ltr' id='par_1_74' title="bbox 2135 2948 3686 3028">
     <span class='ocr_line' id='line_1_74' title="bbox 2135 2948 3686 3028; baseline -0.008 -17"><span class='ocrx_word' id='word_1_520' title='bbox 2135 2956 2400 3027; x_wconf 84' lang='grc' dir='ltr'>στάμεθα,</span> <span class='ocrx_word' id='word_1_521' title='bbox 2435 2956 2555 3010; x_wconf 82' lang='grc' dir='ltr'>οὐδὲ</span> <span class='ocrx_word' id='word_1_522' title='bbox 2577 2959 2697 3020; x_wconf 83' lang='grc' dir='ltr'>ταῖς</span> <span class='ocrx_word' id='word_1_523' title='bbox 2727 2955 3009 3028; x_wconf 79' lang='grc' dir='ltr'>αἰσθήσεσι</span> <span class='ocrx_word' id='word_1_524' title='bbox 3032 2955 3116 3009; x_wconf 82' lang='grc' dir='ltr'>δεῖ</span> <span class='ocrx_word' id='word_1_525' title='bbox 3146 2953 3440 3028; x_wconf 87' lang='grc' dir='ltr'>προσέχειν</span> <span class='ocrx_word' id='word_1_526' title='bbox 3460 2967 3476 2981; x_wconf 66' lang='grc' dir='ltr'><strong><em>ο</em></strong></span> <span class='ocrx_word' id='word_1_527' title='bbox 3497 2948 3686 3018; x_wconf 76' lang='grc' dir='ltr'>δοκήσει</span> 
     </span>
    </p>
   </div>
   <div class='ocr_carea' id='block_1_75' title="bbox 2059 3048 2725 3134">
    <p class='ocr_par' dir='ltr' id='par_1_75' title="bbox 2059 3048 2725 3134">
     <span class='ocr_line' id='line_1_75' title="bbox 2059 3048 2725 3134; baseline -0.002 -31"><span class='ocrx_word' id='word_1_528' title='bbox 2059 3075 2102 3134; x_wconf 75' lang='lat' dir='ltr'><strong><em>C</em></strong></span> <span class='ocrx_word' id='word_1_529' title='bbox 2135 3048 2244 3120; x_wconf 86' lang='grc' dir='ltr'><strong>γάρ</strong></span> <span class='ocrx_word' id='word_1_530' title='bbox 2282 3050 2397 3103; x_wconf 75' lang='grc' dir='ltr'>ἐστι</span> <span class='ocrx_word' id='word_1_531' title='bbox 2432 3048 2501 3102; x_wconf 84' lang='grc' dir='ltr'>τὰ</span> <span class='ocrx_word' id='word_1_532' title='bbox 2530 3049 2725 3104; x_wconf 87' lang='grc' dir='ltr'>πάντα.</span> 
     </span>
    </p>
   </div>
   <div class='ocr_carea' id='block_1_76' title="bbox 2212 3130 3684 3212">
    <p class='ocr_par' dir='ltr' id='par_1_76' title="bbox 2212 3130 3684 3212">
     <span class='ocr_line' id='line_1_76' title="bbox 2212 3130 3684 3212; baseline -0.003 -18"><span class='ocrx_word' id='word_1_533' title='bbox 2212 3140 2581 3212; x_wconf 85' lang='grc' dir='ltr'><strong>Πρωταγόρας</strong></span> <span class='ocrx_word' id='word_1_534' title='bbox 2623 3141 2652 3193; x_wconf 87' lang='lat'><strong>6</strong></span> <span class='ocrx_word' id='word_1_535' title='bbox 2699 3139 2794 3194; x_wconf 84' lang='grc' dir='ltr'>τοῦ</span> <span class='ocrx_word' id='word_1_536' title='bbox 2826 3139 3175 3211; x_wconf 82' lang='grc' dir='ltr'>Μενάνδρου,</span> <span class='ocrx_word' id='word_1_537' title='bbox 3230 3134 3575 3207; x_wconf 75' lang='grc' dir='ltr'><strong>Ἀϐδηρίτης,</strong></span> <span class='ocrx_word' id='word_1_538' title='bbox 3599 3130 3684 3198; x_wconf 72' lang='grc' dir='ltr'><strong>ἔφη</strong></span> 
     </span>
    </p>
   </div>
   <div class='ocr_carea' id='block_1_77' title="bbox 2141 3225 3536 3303">
    <p class='ocr_par' dir='ltr' id='par_1_77' title="bbox 2141 3225 3536 3303">
     <span class='ocr_line' id='line_1_77' title="bbox 2141 3225 3536 3303; baseline -0.004 -19"><span class='ocrx_word' id='word_1_539' title='bbox 2141 3233 2215 3303; x_wconf 78' lang='grc' dir='ltr'>μὴ</span> <span class='ocrx_word' id='word_1_540' title='bbox 2242 3230 2397 3294; x_wconf 81' lang='grc' dir='ltr'>θεοὺς</span> <span class='ocrx_word' id='word_1_541' title='bbox 2423 3225 2562 3285; x_wconf 75' lang='grc' dir='ltr'>εἶναι</span> <span class='ocrx_word' id='word_1_542' title='bbox 2592 3231 2702 3302; x_wconf 77' lang='grc'><strong>(47)</strong></span> <span class='ocrx_word' id='word_1_543' title='bbox 2727 3272 2743 3297; x_wconf 84' lang='grc'><em>,</em></span> <span class='ocrx_word' id='word_1_544' title='bbox 2777 3232 2912 3303; x_wconf 82' lang='grc' dir='ltr'>μηδὲ</span> <span class='ocrx_word' id='word_1_545' title='bbox 2938 3232 3072 3296; x_wconf 83' lang='grc' dir='ltr'>ὅλως</span> <span class='ocrx_word' id='word_1_546' title='bbox 3093 3231 3231 3286; x_wconf 76' lang='grc' dir='ltr'>Θεὸν</span> <span class='ocrx_word' id='word_1_547' title='bbox 3255 3229 3536 3301; x_wconf 80' lang='grc' dir='ltr'><strong>ὑπάρχειν.</strong></span> 
     </span>
    </p>
   </div>
   <div class='ocr_carea' id='block_1_78' title="bbox 2208 3314 3684 3395">
    <p class='ocr_par' dir='ltr' id='par_1_78' title="bbox 2208 3314 3684 3395">
     <span class='ocr_line' id='line_1_78' title="bbox 2208 3314 3684 3395; baseline 0.001 -20"><span class='ocrx_word' id='word_1_548' title='bbox 2208 3323 2464 3395; x_wconf 81' lang='grc' dir='ltr'><strong>Διογένης</strong></span> <span class='ocrx_word' id='word_1_549' title='bbox 2507 3324 2535 3376; x_wconf 90' lang='lat'><strong>6</strong></span> <span class='ocrx_word' id='word_1_550' title='bbox 2572 3323 2896 3394; x_wconf 83' lang='grc' dir='ltr'>Σμυρναῖος,</span> <span class='ocrx_word' id='word_1_551' title='bbox 2936 3323 3077 3376; x_wconf 78' lang='grc' dir='ltr'>κατὰ</span> <span class='ocrx_word' id='word_1_552' title='bbox 3104 3323 3162 3376; x_wconf 78' lang='grc' dir='ltr'><strong>δέ</strong></span> <span class='ocrx_word' id='word_1_553' title='bbox 3205 3339 3360 3386; x_wconf 86' lang='grc' dir='ltr'>τινας</span> <span class='ocrx_word' id='word_1_554' title='bbox 3391 3314 3684 3389; x_wconf 72' lang='grc' dir='ltr'><strong>Κυρηναῖος,</strong></span> 
     </span>
    </p>
   </div>
   <div class='ocr_carea' id='block_1_79' title="bbox 2139 3414 3126 3488">
    <p class='ocr_par' dir='ltr' id='par_1_79' title="bbox 2139 3414 3126 3488">
     <span class='ocr_line' id='line_1_79' title="bbox 2139 3414 3126 3488; baseline 0 -20"><span class='ocrx_word' id='word_1_555' title='bbox 2139 3414 2206 3468; x_wconf 78' lang='grc' dir='ltr'><strong>τὰ</strong></span> <span class='ocrx_word' id='word_1_556' title='bbox 2235 3415 2376 3470; x_wconf 80' lang='grc' dir='ltr'><strong>αὐτὰ</strong></span> <span class='ocrx_word' id='word_1_557' title='bbox 2401 3415 2479 3486; x_wconf 83' lang='grc' dir='ltr'><strong>τῷ</strong></span> <span class='ocrx_word' id='word_1_558' title='bbox 2507 3416 2847 3488; x_wconf 78' lang='grc' dir='ltr'>Πρωταγόρᾳ</span> <span class='ocrx_word' id='word_1_559' title='bbox 2884 3415 3126 3483; x_wconf 79' lang='grc' dir='ltr'><strong>ἐδόξασε.</strong></span> 
     </span>
    </p>
   </div>
   <div class='ocr_carea' id='block_1_80' title="bbox 2210 3499 3683 3577">
    <p class='ocr_par' dir='ltr' id='par_1_80' title="bbox 2210 3499 3683 3577">
     <span class='ocr_line' id='line_1_80' title="bbox 2210 3499 3683 3577; baseline -0.005 -17"><span class='ocrx_word' id='word_1_560' title='bbox 2210 3506 2440 3577; x_wconf 81' lang='grc' dir='ltr'>Πύρῤων</span> <span class='ocrx_word' id='word_1_561' title='bbox 2462 3506 2570 3560; x_wconf 84' lang='grc' dir='ltr'><strong>ἀπὸ</strong></span> <span class='ocrx_word' id='word_1_562' title='bbox 2597 3507 2832 3572; x_wconf 84' lang='grc' dir='ltr'>Ἤλιδος,</span> <span class='ocrx_word' id='word_1_563' title='bbox 2855 3507 2964 3560; x_wconf 87' lang='grc' dir='ltr'><strong>τῶν</strong></span> <span class='ocrx_word' id='word_1_564' title='bbox 2988 3506 3162 3562; x_wconf 82' lang='grc' dir='ltr'>ἄλλων</span> <span class='ocrx_word' id='word_1_565' title='bbox 3187 3503 3373 3576; x_wconf 75' lang='grc' dir='ltr'>σοφῶν</span> <span class='ocrx_word' id='word_1_566' title='bbox 3397 3501 3461 3556; x_wconf 85' lang='grc' dir='ltr'><strong>τὰ</strong></span> <span class='ocrx_word' id='word_1_567' title='bbox 3473 3499 3683 3568; x_wconf 83' lang='grc' dir='ltr'>δόγματα</span> 
     </span>
    </p>
   </div>
   <div class='ocr_carea' id='block_1_81' title="bbox 2142 3587 3682 3664">
    <p class='ocr_par' dir='ltr' id='par_1_81' title="bbox 2142 3587 3682 3664">
     <span class='ocr_line' id='line_1_81' title="bbox 2142 3587 3682 3664; baseline -0.007 -16"><span class='ocrx_word' id='word_1_568' title='bbox 2142 3594 2463 3664; x_wconf 84' lang='grc' dir='ltr'>συναγαγὼν</span> <span class='ocrx_word' id='word_1_569' title='bbox 2509 3595 2706 3660; x_wconf 83' lang='grc' dir='ltr'>πάντα,</span> <span class='ocrx_word' id='word_1_570' title='bbox 2747 3595 3046 3660; x_wconf 78' lang='grc' dir='ltr'>ἀντιθέσεις</span> <span class='ocrx_word' id='word_1_571' title='bbox 3079 3596 3267 3659; x_wconf 81' lang='grc' dir='ltr'>αὐτοῖς</span> <span class='ocrx_word' id='word_1_572' title='bbox 3299 3590 3545 3664; x_wconf 75' lang='grc' dir='ltr'>ἔγραψεν,</span> <span class='ocrx_word' id='word_1_573' title='bbox 3579 3587 3682 3640; x_wconf 81' lang='grc' dir='ltr'><strong>ἁνα-</strong></span> 
     </span>
    </p>
   </div>
   <div class='ocr_carea' id='block_1_82' title="bbox 2139 3675 3682 3756">
    <p class='ocr_par' dir='ltr' id='par_1_82' title="bbox 2139 3675 3682 3756">
     <span class='ocr_line' id='line_1_82' title="bbox 2139 3675 3682 3756; baseline -0.019 0"><span class='ocrx_word' id='word_1_574' title='bbox 2139 3685 2356 3756; x_wconf 78' lang='grc' dir='ltr'><strong>τρέπων</strong></span> <span class='ocrx_word' id='word_1_575' title='bbox 2399 3686 2498 3749; x_wconf 75' lang='grc' dir='ltr'><strong>τὰς</strong></span> <span class='ocrx_word' id='word_1_576' title='bbox 2533 3686 2691 3752; x_wconf 79' lang='grc' dir='ltr'>δόξας</span> <span class='ocrx_word' id='word_1_577' title='bbox 2733 3686 2932 3755; x_wconf 82' lang='grc' dir='ltr'>αὐτῶν,</span> <span class='ocrx_word' id='word_1_578' title='bbox 2957 3687 3052 3741; x_wconf 72' lang='grc' dir='ltr'><strong>καὶ</strong></span> <span class='ocrx_word' id='word_1_579' title='bbox 3087 3687 3269 3741; x_wconf 76' lang='grc' dir='ltr'>οὐδενὶ</span> <span class='ocrx_word' id='word_1_580' title='bbox 3309 3685 3529 3755; x_wconf 81' lang='grc' dir='ltr'>δόγματι</span> <span class='ocrx_word' id='word_1_581' title='bbox 3579 3675 3682 3746; x_wconf 71' lang='grc' dir='ltr'><strong>ἡρέ-</strong></span> 
     </span>
    </p>
   </div>
   <div class='ocr_carea' id='block_1_83' title="bbox 2145 3795 2324 3832">
    <p class='ocr_par' dir='ltr' id='par_1_83' title="bbox 2145 3795 2324 3832">
     <span class='ocr_line' id='line_1_83' title="bbox 2145 3795 2324 3832; baseline 0.011 -2"><span class='ocrx_word' id='word_1_582' title='bbox 2145 3795 2324 3832; x_wconf 87' lang='grc' dir='ltr'>σκετο.</span> 
     </span>
    </p>
   </div>
   <div class='ocr_carea' id='block_1_84' title="bbox 2225 3856 3682 3942">
    <p class='ocr_par' dir='ltr' id='par_1_84' title="bbox 2225 3856 3682 3942">
     <span class='ocr_line' id='line_1_84' title="bbox 2225 3856 3682 3942; baseline -0.005 -19"><span class='ocrx_word' id='word_1_583' title='bbox 2225 3869 2594 3942; x_wconf 83' lang='grc' dir='ltr'>Ἐμπεδοκλῆς</span> <span class='ocrx_word' id='word_1_584' title='bbox 2625 3871 2655 3924; x_wconf 83' lang='lat'><strong>6</strong></span> <span class='ocrx_word' id='word_1_585' title='bbox 2681 3869 2776 3924; x_wconf 83' lang='grc' dir='ltr'><strong>τοῦ</strong></span> <span class='ocrx_word' id='word_1_586' title='bbox 2807 3870 3083 3938; x_wconf 83' lang='grc' dir='ltr'><strong>Μέτωνος,</strong></span> <span class='ocrx_word' id='word_1_587' title='bbox 3131 3868 3561 3942; x_wconf 82' lang='grc' dir='ltr'>Ἀκραγαντῖνος,</span> <span class='ocrx_word' id='word_1_588' title='bbox 3591 3856 3682 3926; x_wconf 80' lang='grc' dir='ltr'><strong>πῦρ</strong></span> 
     </span>
    </p>
   </div>
   <div class='ocr_carea' id='block_1_85' title="bbox 2141 3952 3702 4034">
    <p class='ocr_par' dir='ltr' id='par_1_85' title="bbox 2141 3952 3702 4034">
     <span class='ocr_line' id='line_1_85' title="bbox 2141 3952 3702 4034; baseline 0.001 -19"><span class='ocrx_word' id='word_1_589' title='bbox 2141 3963 2236 4016; x_wconf 73' lang='grc' dir='ltr'>καὶ</span> <span class='ocrx_word' id='word_1_590' title='bbox 2268 3961 2373 4032; x_wconf 83' lang='grc' dir='ltr'><strong>γῆν</strong></span> <span class='ocrx_word' id='word_1_591' title='bbox 2403 3962 2497 4016; x_wconf 77' lang='grc' dir='ltr'><strong>καὶ</strong></span> <span class='ocrx_word' id='word_1_592' title='bbox 2520 3961 2662 4034; x_wconf 76' lang='grc' dir='ltr'>ὕδωρ</span> <span class='ocrx_word' id='word_1_593' title='bbox 2688 3963 2783 4016; x_wconf 73' lang='grc' dir='ltr'><strong>καὶ</strong></span> <span class='ocrx_word' id='word_1_594' title='bbox 2807 3963 2944 4034; x_wconf 86' lang='grc' dir='ltr'>άέρα</span> <span class='ocrx_word' id='word_1_595' title='bbox 2983 3964 3223 4034; x_wconf 83' lang='grc' dir='ltr'>τέτταρα</span> <span class='ocrx_word' id='word_1_596' title='bbox 3251 3958 3557 4033; x_wconf 86' lang='grc' dir='ltr'>πρωτόγονα</span> <span class='ocrx_word' id='word_1_597' title='bbox 3588 3952 3702 4016; x_wconf 33' lang='grc' dir='ltr'>εἰσ-ν</span> 
     </span>
    </p>
   </div>
   <div class='ocr_carea' id='block_1_86' title="bbox 2141 4044 3682 4125">
    <p class='ocr_par' dir='ltr' id='par_1_86' title="bbox 2141 4044 3682 4125">
     <span class='ocr_line' id='line_1_86' title="bbox 2141 4044 3682 4125; baseline -0.012 -15"><span class='ocrx_word' id='word_1_598' title='bbox 2141 4054 2304 4125; x_wconf 83' lang='grc' dir='ltr'>ἐφερε</span> <span class='ocrx_word' id='word_1_599' title='bbox 2331 4056 2590 4124; x_wconf 79' lang='grc' dir='ltr'>στοιχεῖα,</span> <span class='ocrx_word' id='word_1_600' title='bbox 2624 4054 2716 4108; x_wconf 77' lang='grc' dir='ltr'><strong>καὶ</strong></span> <span class='ocrx_word' id='word_1_601' title='bbox 2762 4054 2947 4123; x_wconf 77' lang='grc' dir='ltr'>ἔλεγεν</span> <span class='ocrx_word' id='word_1_602' title='bbox 2982 4053 3181 4125; x_wconf 77' lang='grc' dir='ltr'>ἔχθραν</span> <span class='ocrx_word' id='word_1_603' title='bbox 3208 4055 3468 4125; x_wconf 81' lang='grc' dir='ltr'>ὑπάρχειν</span> <span class='ocrx_word' id='word_1_604' title='bbox 3499 4044 3682 4117; x_wconf 83' lang='grc' dir='ltr'>πρῶτον</span> 
     </span>
    </p>
   </div>
   <div class='ocr_carea' id='block_1_87' title="bbox 2141 4139 3678 4218">
    <p class='ocr_par' dir='ltr' id='par_1_87' title="bbox 2141 4139 3678 4218">
     <span class='ocr_line' id='line_1_87' title="bbox 2141 4139 3678 4218; baseline -0.001 -20"><span class='ocrx_word' id='word_1_605' title='bbox 2141 4145 2250 4199; x_wconf 86' lang='grc' dir='ltr'><strong>τῶν</strong></span> <span class='ocrx_word' id='word_1_606' title='bbox 2281 4146 2556 4216; x_wconf 81' lang='grc' dir='ltr'>στοιχείων</span> <span class='ocrx_word' id='word_1_607' title='bbox 2581 4161 2594 4174; x_wconf 71' lang='grc'><strong><em>⁵</em></strong></span> <span class='ocrx_word' id='word_1_608' title='bbox 2637 4145 2938 4216; x_wconf 83' lang='grc' dir='ltr'>κεχώριστο</span> <span class='ocrx_word' id='word_1_609' title='bbox 2984 4145 3113 4218; x_wconf 83' lang='grc' dir='ltr'>γάρ,</span> <span class='ocrx_word' id='word_1_610' title='bbox 3141 4147 3298 4218; x_wconf 72' lang='grc' dir='ltr'>φησι,</span> <span class='ocrx_word' id='word_1_611' title='bbox 3335 4143 3394 4197; x_wconf 83' lang='grc' dir='ltr'>τὸ</span> <span class='ocrx_word' id='word_1_612' title='bbox 3431 4139 3678 4211; x_wconf 76' lang='grc' dir='ltr'>πρότερον.</span> 
     </span>
    </p>
   </div>
   <div class='ocr_carea' id='block_1_88' title="bbox 2143 4227 3678 4308">
    <p class='ocr_par' dir='ltr' id='par_1_88' title="bbox 2143 4227 3678 4308">
     <span class='ocr_line' id='line_1_88' title="bbox 2143 4227 3678 4308; baseline -0.004 -16"><span class='ocrx_word' id='word_1_613' title='bbox 2143 4239 2238 4292; x_wconf 77' lang='grc' dir='ltr'>νῦν</span> <span class='ocrx_word' id='word_1_614' title='bbox 2271 4239 2328 4292; x_wconf 83' lang='grc' dir='ltr'>δὲ</span> <span class='ocrx_word' id='word_1_615' title='bbox 2383 4240 2706 4308; x_wconf 82' lang='grc' dir='ltr'>συνήνωται,</span> <span class='ocrx_word' id='word_1_616' title='bbox 2754 4238 2830 4302; x_wconf 85' lang='grc' dir='ltr'>ὡς</span> <span class='ocrx_word' id='word_1_617' title='bbox 2870 4237 3042 4307; x_wconf 82' lang='grc' dir='ltr'>λέγει,</span> <span class='ocrx_word' id='word_1_618' title='bbox 3099 4237 3402 4307; x_wconf 82' lang='grc' dir='ltr'>φιλωθέντα</span> <span class='ocrx_word' id='word_1_619' title='bbox 3445 4227 3678 4297; x_wconf 74' lang='grc' dir='ltr'>ἀλλήλοις-</span> 
     </span>
    </p>
   </div>
   <div class='ocr_carea' id='block_1_89' title="bbox 2145 4315 3677 4400">
    <p class='ocr_par' dir='ltr' id='par_1_89' title="bbox 2145 4315 3677 4400">
     <span class='ocr_line' id='line_1_89' title="bbox 2145 4315 3677 4400; baseline 0.003 -18"><span class='ocrx_word' id='word_1_620' title='bbox 2145 4330 2249 4383; x_wconf 84' lang='grc' dir='ltr'><strong>Δύο</strong></span> <span class='ocrx_word' id='word_1_621' title='bbox 2282 4325 2372 4384; x_wconf 77' lang='grc' dir='ltr'>οὖν</span> <span class='ocrx_word' id='word_1_622' title='bbox 2403 4331 2511 4383; x_wconf 75' lang='grc' dir='ltr'>εἰσι</span> <span class='ocrx_word' id='word_1_623' title='bbox 2546 4332 2666 4383; x_wconf 79' lang='grc' dir='ltr'>κατ’</span> <span class='ocrx_word' id='word_1_624' title='bbox 2699 4329 2862 4384; x_wconf 77' lang='grc' dir='ltr'>αὑτὸν</span> <span class='ocrx_word' id='word_1_625' title='bbox 2891 4330 3056 4400; x_wconf 68' lang='grc' dir='ltr'>ἁρχαὶ</span> <span class='ocrx_word' id='word_1_626' title='bbox 3093 4331 3188 4383; x_wconf 75' lang='grc' dir='ltr'><strong>καὶ</strong></span> <span class='ocrx_word' id='word_1_627' title='bbox 3214 4327 3492 4397; x_wconf 77' lang='grc' dir='ltr'>δυνάμεις,</span> <span class='ocrx_word' id='word_1_628' title='bbox 3537 4315 3677 4389; x_wconf 78' lang='grc' dir='ltr'><strong>ἔχθρα</strong></span> 
     </span>
    </p>
   </div>
   <div class='ocr_carea' id='block_1_90' title="bbox 465 4411 2033 4493">
    <p class='ocr_par' dir='ltr' id='par_1_90' title="bbox 465 4418 2033 4490">
     <span class='ocr_line' id='line_1_90' title="bbox 465 4418 2033 4490; baseline -0.003 -12"><span class='ocrx_word' id='word_1_629' title='bbox 465 4422 614 4478; x_wconf 89' lang='lat' dir='ltr'><strong>circa</strong></span> <span class='ocrx_word' id='word_1_630' title='bbox 653 4421 762 4475; x_wconf 87' lang='lat' dir='ltr'><strong>duo</strong></span> <span class='ocrx_word' id='word_1_631' title='bbox 815 4426 943 4476; x_wconf 90' lang='lat' dir='ltr'><strong>sunt</strong></span> <span class='ocrx_word' id='word_1_632' title='bbox 978 4419 1129 4476; x_wconf 92' lang='lat' dir='ltr'><strong>illius</strong></span> <span class='ocrx_word' id='word_1_633' title='bbox 1177 4420 1439 4490; x_wconf 91' lang='lat' dir='ltr'><strong>opinione</strong></span> <span class='ocrx_word' id='word_1_634' title='bbox 1495 4419 1798 4490; x_wconf 88' lang='lat' dir='ltr'><strong>principia,</strong></span> <span class='ocrx_word' id='word_1_635' title='bbox 1854 4418 2033 4488; x_wconf 77' lang='lat' dir='ltr'><strong>visqut</strong></span> 
     </span>
    </p>
   </div>
   <div class='ocr_carea' id='block_1_91' title="bbox 2145 4411 3678 4493">
    <p class='ocr_par' dir='ltr' id='par_1_91' title="bbox 2148 4411 3678 4493">
     <span class='ocr_line' id='line_1_91' title="bbox 2148 4411 3678 4493; baseline -0.007 -18"><span class='ocrx_word' id='word_1_636' title='bbox 2148 4421 2243 4475; x_wconf 74' lang='grc' dir='ltr'>καὶ</span> <span class='ocrx_word' id='word_1_637' title='bbox 2282 4421 2466 4491; x_wconf 75' lang='grc' dir='ltr'><strong>φιλία·</strong></span> <span class='ocrx_word' id='word_1_638' title='bbox 2518 4415 2594 4476; x_wconf 83' lang='grc' dir='ltr'><strong>ὧν</strong></span> <span class='ocrx_word' id='word_1_639' title='bbox 2636 4423 2670 4493; x_wconf 86' lang='grc' dir='ltr'>ἠ</span> <span class='ocrx_word' id='word_1_640' title='bbox 2716 4420 2814 4492; x_wconf 84' lang='grc' dir='ltr'>μὲν</span> <span class='ocrx_word' id='word_1_641' title='bbox 2861 4420 3010 4475; x_wconf 74' lang='grc' dir='ltr'>ἐστιν</span> <span class='ocrx_word' id='word_1_642' title='bbox 3050 4421 3304 4492; x_wconf 76' lang='grc' dir='ltr'><strong>ἑνωτικὴ,</strong></span> <span class='ocrx_word' id='word_1_643' title='bbox 3353 4419 3386 4488; x_wconf 82' lang='grc' dir='ltr'><strong>ή</strong></span> <span class='ocrx_word' id='word_1_644' title='bbox 3432 4415 3484 4468; x_wconf 83' lang='grc' dir='ltr'><strong>δὲ</strong></span> <span class='ocrx_word' id='word_1_645' title='bbox 3516 4411 3678 4478; x_wconf 82' lang='grc' dir='ltr'>διαχω-</span> 
     </span>
    </p>
   </div>
   <div class='ocr_carea' id='block_1_92' title="bbox 467 4509 2045 4580">
    <p class='ocr_par' dir='ltr' id='par_1_92' title="bbox 467 4509 2045 4580">
     <span class='ocr_line' id='line_1_92' title="bbox 467 4509 2045 4580; baseline -0.003 -13"><span class='ocrx_word' id='word_1_646' title='bbox 467 4513 690 4580; x_wconf 81' lang='lat' dir='ltr'><strong>duplex,</strong></span> <span class='ocrx_word' id='word_1_647' title='bbox 731 4509 1022 4564; x_wconf 85' lang='lat' dir='ltr'><strong>inimicitia</strong></span> <span class='ocrx_word' id='word_1_648' title='bbox 1059 4518 1113 4566; x_wconf 92' lang='lat' dir='ltr'><strong>et</strong></span> <span class='ocrx_word' id='word_1_649' title='bbox 1150 4510 1428 4577; x_wconf 89' lang='lat' dir='ltr'><strong>amicitia;</strong></span> <span class='ocrx_word' id='word_1_650' title='bbox 1465 4523 1702 4580; x_wconf 89' lang='lat' dir='ltr'><strong>quorum</strong></span> <span class='ocrx_word' id='word_1_651' title='bbox 1742 4509 1850 4563; x_wconf 89' lang='lat' dir='ltr'><strong>ista</strong></span> <span class='ocrx_word' id='word_1_652' title='bbox 1876 4522 2045 4578; x_wconf 87' lang='lat' dir='ltr'><strong>copu—</strong></span> 
     </span>
    </p>
   </div>
   <div class='ocr_carea' id='block_1_93' title="bbox 467 4601 1667 4674">
    <p class='ocr_par' dir='ltr' id='par_1_93' title="bbox 467 4601 1667 4674">
     <span class='ocr_line' id='line_1_93' title="bbox 467 4601 1667 4674; baseline -0.005 -13"><span class='ocrx_word' id='word_1_653' title='bbox 467 4604 640 4667; x_wconf 86' lang='lat' dir='ltr'><strong>lamli,</strong></span> <span class='ocrx_word' id='word_1_654' title='bbox 670 4603 760 4657; x_wconf 87' lang='lat' dir='ltr'><strong>illa</strong></span> <span class='ocrx_word' id='word_1_655' title='bbox 789 4601 1078 4674; x_wconf 86' lang='lat' dir='ltr'><strong>separandi</strong></span> <span class='ocrx_word' id='word_1_656' title='bbox 1108 4609 1377 4672; x_wconf 89' lang='lat' dir='ltr'><strong>potestate</strong></span> <span class='ocrx_word' id='word_1_657' title='bbox 1416 4601 1667 4672; x_wconf 67' lang='lat' dir='ltr'><strong>praedita.</strong></span> 
     </span>
    </p>
   </div>
   <div class='ocr_carea' id='block_1_94' title="bbox 541 4690 2047 4762">
    <p class='ocr_par' dir='ltr' id='par_1_94' title="bbox 541 4690 2047 4762">
     <span class='ocr_line' id='line_1_94' title="bbox 541 4690 2047 4762; baseline -0.003 -14"><span class='ocrx_word' id='word_1_658' title='bbox 541 4692 851 4750; x_wconf 83' lang='lat' dir='ltr'><strong>Heraclitus</strong></span> <span class='ocrx_word' id='word_1_659' title='bbox 876 4691 1125 4747; x_wconf 82' lang='lat' dir='ltr'><strong>Dlesonis</strong></span> <span class='ocrx_word' id='word_1_660' title='bbox 1148 4691 1312 4755; x_wconf 87' lang='lat' dir='ltr'><strong>lilius,</strong></span> <span class='ocrx_word' id='word_1_661' title='bbox 1338 4691 1628 4762; x_wconf 86' lang='lat' dir='ltr'><strong>Ephesius,</strong></span> <span class='ocrx_word' id='word_1_662' title='bbox 1646 4690 1757 4762; x_wconf 86' lang='lat' dir='ltr'><strong>igni</strong></span> <span class='ocrx_word' id='word_1_663' title='bbox 1780 4690 2047 4760; x_wconf 87' lang='lat' dir='ltr'><strong>originem</strong></span> 
     </span>
    </p>
   </div>
   <div class='ocr_carea' id='block_1_95' title="bbox 470 4781 2048 4853">
    <p class='ocr_par' dir='ltr' id='par_1_95' title="bbox 470 4781 2048 4853">
     <span class='ocr_line' id='line_1_95' title="bbox 470 4781 2048 4853; baseline -0.005 -9"><span class='ocrx_word' id='word_1_664' title='bbox 470 4803 654 4844; x_wconf 87' lang='lat' dir='ltr'><strong>rerum</strong></span> <span class='ocrx_word' id='word_1_665' title='bbox 698 4787 944 4841; x_wconf 90' lang='lat' dir='ltr'><strong>omnium</strong></span> <span class='ocrx_word' id='word_1_666' title='bbox 993 4782 1326 4848; x_wconf 88' lang='lat' dir='ltr'><strong>ascrihebat,</strong></span> <span class='ocrx_word' id='word_1_667' title='bbox 1359 4783 1415 4838; x_wconf 90' lang='lat' dir='ltr'><strong>in</strong></span> <span class='ocrx_word' id='word_1_668' title='bbox 1455 4781 1816 4853; x_wconf 89' lang='lat' dir='ltr'><strong>eumdemque</strong></span> <span class='ocrx_word' id='word_1_669' title='bbox 1849 4781 2048 4838; x_wconf 77' lang='lat' dir='ltr'><strong>resolvi</strong></span> 
     </span>
    </p>
   </div>
   <div class='ocr_carea' id='block_1_96' title="bbox 472 4874 932 4950">
    <p class='ocr_par' dir='ltr' id='par_1_96' title="bbox 472 4874 932 4950">
     <span class='ocr_line' id='line_1_96' title="bbox 472 4874 932 4950; baseline -0.007 -20"><span class='ocrx_word' id='word_1_670' title='bbox 472 4875 699 4950; x_wconf 72' lang='lat' dir='ltr'><strong>patabat</strong></span> <span class='ocrx_word' id='word_1_671' title='bbox 727 4874 932 4930; x_wconf 87' lang='lat' dir='ltr'><strong>omnia.</strong></span> 
     </span>
    </p>
   </div>
   <div class='ocr_carea' id='block_1_97' title="bbox 502 5049 2054 5123">
    <p class='ocr_par' dir='ltr' id='par_1_97' title="bbox 502 5049 2054 5123">
     <span class='ocr_line' id='line_1_97' title="bbox 502 5049 2054 5123; baseline -0.004 -13"><span class='ocrx_word' id='word_1_672' title='bbox 502 5060 512 5075; x_wconf 94' lang='lat'>&#39;</span> <span class='ocrx_word' id='word_1_673' title='bbox 543 5054 656 5123; x_wconf 21' lang='lat' dir='ltr'><strong>(alii)</strong></span> <span class='ocrx_word' id='word_1_674' title='bbox 695 5053 765 5108; x_wconf 83' lang='grc' dir='ltr'><em>Τὸ</em></span> <span class='ocrx_word' id='word_1_675' title='bbox 796 5053 1176 5123; x_wconf 60' lang='grc' dir='ltr'><strong>κινούμενον,</strong></span> <span class='ocrx_word' id='word_1_676' title='bbox 1199 5049 1472 5123; x_wconf 70' lang='lat' dir='ltr'><strong>etc.Bclla</strong></span> <span class='ocrx_word' id='word_1_677' title='bbox 1497 5049 1742 5121; x_wconf 80' lang='lat' dir='ltr'><strong>profecto</strong></span> <span class='ocrx_word' id='word_1_678' title='bbox 1767 5064 2054 5122; x_wconf 87' lang='lat' dir='ltr'><strong>argumen-</strong></span> 
     </span>
    </p>
   </div>
   <div class='ocr_carea' id='block_1_98' title="bbox 475 5121 1468 5192">
    <p class='ocr_par' dir='ltr' id='par_1_98' title="bbox 475 5121 1468 5192">
     <span class='ocr_line' id='line_1_98' title="bbox 475 5121 1468 5192; baseline -0.005 -14"><span class='ocrx_word' id='word_1_679' title='bbox 475 5121 719 5181; x_wconf 29' lang='lat' dir='ltr'><strong>tatio.’et</strong></span> <span class='ocrx_word' id='word_1_680' title='bbox 754 5125 874 5177; x_wconf 87' lang='lat' dir='ltr'><strong>viro</strong></span> <span class='ocrx_word' id='word_1_681' title='bbox 912 5121 1237 5192; x_wconf 86' lang='lat' dir='ltr'><strong>philosopho</strong></span> <span class='ocrx_word' id='word_1_682' title='bbox 1271 5121 1468 5192; x_wconf 78' lang='lat' dir='ltr'><strong>dignal</strong></span> 
     </span>
    </p>
   </div>
   <div class='ocr_carea' id='block_1_99' title="bbox 545 5189 2058 5266">
    <p class='ocr_par' dir='ltr' id='par_1_99' title="bbox 545 5189 2058 5266">
     <span class='ocr_line' id='line_1_99' title="bbox 545 5189 2058 5266; baseline -0.003 -17"><span class='ocrx_word' id='word_1_683' title='bbox 545 5194 659 5266; x_wconf 72' lang='grc'><strong>(46)</strong></span> <span class='ocrx_word' id='word_1_684' title='bbox 701 5196 764 5249; x_wconf 88' lang='lat'><strong>&#39;0</strong></span> <span class='ocrx_word' id='word_1_685' title='bbox 787 5189 1259 5266; x_wconf 50' lang='grc' dir='ltr'><strong>Μιλήσιοςιᾘυη</strong></span> <span class='ocrx_word' id='word_1_686' title='bbox 1288 5189 1507 5266; x_wconf 63' lang='lat' dir='ltr'><strong>invenio</strong></span> <span class='ocrx_word' id='word_1_687' title='bbox 1531 5189 1866 5266; x_wconf 81' lang='lat' dir='ltr'><strong>Leucippum</strong></span> <span class='ocrx_word' id='word_1_688' title='bbox 1897 5199 2058 5266; x_wconf 72' lang='lat' dir='ltr'><strong>gente</strong></span> 
     </span>
    </p>
   </div>
   <div class='ocr_carea' id='block_1_100' title="bbox 476 5260 2058 5333">
    <p class='ocr_par' dir='ltr' id='par_1_100' title="bbox 476 5260 2058 5333">
     <span class='ocr_line' id='line_1_100' title="bbox 476 5260 2058 5333; baseline -0.003 -14"><span class='ocrx_word' id='word_1_689' title='bbox 476 5260 747 5320; x_wconf 78' lang='lat' dir='ltr'><strong>Milesium</strong></span> <span class='ocrx_word' id='word_1_690' title='bbox 779 5265 983 5320; x_wconf 82' lang='lat' dir='ltr'><strong>fuisse:</strong></span> <span class='ocrx_word' id='word_1_691' title='bbox 1038 5263 1130 5333; x_wconf 84' lang='lat' dir='ltr'><strong>alii</strong></span> <span class='ocrx_word' id='word_1_692' title='bbox 1179 5265 1385 5333; x_wconf 27' lang='lat' dir='ltr'><strong>ipsum‘</strong></span> <span class='ocrx_word' id='word_1_693' title='bbox 1404 5260 1644 5317; x_wconf 84' lang='lat' dir='ltr'><strong>Eleatem</strong></span> <span class='ocrx_word' id='word_1_694' title='bbox 1694 5260 1924 5333; x_wconf 72' lang='lat' dir='ltr'><strong>faciunt,</strong></span> <span class='ocrx_word' id='word_1_695' title='bbox 1966 5261 2058 5315; x_wconf 85' lang='lat' dir='ltr'><strong>alii</strong></span> 
     </span>
    </p>
   </div>
   <div class='ocr_carea' id='block_1_101' title="bbox 473 5331 1985 5396">
    <p class='ocr_par' dir='ltr' id='par_1_101' title="bbox 473 5331 1985 5396">
     <span class='ocr_line' id='line_1_101' title="bbox 473 5331 1985 5396; baseline -0.003 -7"><span class='ocrx_word' id='word_1_696' title='bbox 473 5336 892 5396; x_wconf 70' lang='lat' dir='ltr'><strong>Abderitannm,</strong></span> <span class='ocrx_word' id='word_1_697' title='bbox 941 5334 1031 5389; x_wconf 83' lang='lat' dir='ltr'><strong>alii</strong></span> <span class='ocrx_word' id='word_1_698' title='bbox 1072 5331 1312 5388; x_wconf 76' lang='lat' dir='ltr'><strong>Melium.</strong></span> <span class='ocrx_word' id='word_1_699' title='bbox 1348 5331 1680 5386; x_wconf 88' lang='lat' dir='ltr'><strong>Consulatur</strong></span> <span class='ocrx_word' id='word_1_700' title='bbox 1714 5331 1985 5385; x_wconf 75' lang='lat' dir='ltr'><strong>Laertius.</strong></span> 
     </span>
    </p>
   </div>
   <div class='ocr_carea' id='block_1_102' title="bbox 547 5400 2059 5474">
    <p class='ocr_par' dir='ltr' id='par_1_102' title="bbox 547 5400 2059 5474">
     <span class='ocr_line' id='line_1_102' title="bbox 547 5400 2059 5474; baseline -0.003 -16"><span class='ocrx_word' id='word_1_701' title='bbox 547 5405 660 5474; x_wconf 66' lang='grc'><strong>(47)</strong></span> <span class='ocrx_word' id='word_1_702' title='bbox 691 5403 809 5458; x_wconf 83' lang='lat' dir='ltr'><strong>Non</strong></span> <span class='ocrx_word' id='word_1_703' title='bbox 839 5405 976 5474; x_wconf 83' lang='lat' dir='ltr'><strong>satis</strong></span> <span class='ocrx_word' id='word_1_704' title='bbox 1006 5413 1242 5468; x_wconf 88' lang='lat' dir='ltr'><strong>constat,</strong></span> <span class='ocrx_word' id='word_1_705' title='bbox 1273 5400 1698 5474; x_wconf 82' lang='lat' dir='ltr'><strong>anProtagoras</strong></span> <span class='ocrx_word' id='word_1_706' title='bbox 1725 5402 1867 5474; x_wconf 78' lang='lat' dir='ltr'><strong>deos</strong></span> <span class='ocrx_word' id='word_1_707' title='bbox 1892 5416 2059 5474; x_wconf 12' lang='lat' dir='ltr'><strong>negar-</strong></span> 
     </span>
    </p>
   </div>
   <div class='ocr_carea' id='block_1_103' title="bbox 477 5471 2059 5544">
    <p class='ocr_par' dir='ltr' id='par_1_103' title="bbox 477 5471 2059 5544">
     <span class='ocr_line' id='line_1_103' title="bbox 477 5471 2059 5544; baseline -0.001 -17"><span class='ocrx_word' id='word_1_708' title='bbox 477 5471 866 5544; x_wconf 58' lang='lat' dir='ltr'><strong>verit,&#39;necne.</strong></span> <span class='ocrx_word' id='word_1_709' title='bbox 903 5473 1198 5544; x_wconf 71' lang='lat' dir='ltr'><strong>Negavisse</strong></span> <span class='ocrx_word' id='word_1_710' title='bbox 1217 5473 1501 5530; x_wconf 90' lang='lat' dir='ltr'><strong>credidere</strong></span> <span class='ocrx_word' id='word_1_711' title='bbox 1536 5471 2059 5544; x_wconf 23' lang='lat' dir='ltr'><strong>veterumhplurimi,</strong></span> 
     </span>
    </p>
   </div>
   <div class='ocr_carea' id='block_1_104' title="bbox 478 5541 2064 5624">
    <p class='ocr_par' dir='ltr' id='par_1_104' title="bbox 478 5541 2064 5624">
     <span class='ocr_line' id='line_1_104' title="bbox 478 5541 2064 5624; baseline 0 -28"><span class='ocrx_word' id='word_1_712' title='bbox 478 5544 625 5624; x_wconf 81' lang='lat' dir='ltr'><strong>quod</strong></span> <span class='ocrx_word' id='word_1_713' title='bbox 648 5543 853 5624; x_wconf 68' lang='lat' dir='ltr'><strong>librum</strong></span> <span class='ocrx_word' id='word_1_714' title='bbox 895 5543 968 5624; x_wconf 82' lang='lat' dir='ltr'><strong>De</strong></span> <span class='ocrx_word' id='word_1_715' title='bbox 990 5541 1102 5624; x_wconf 62' lang='lat' dir='ltr'><strong>&#39;diis</strong></span> <span class='ocrx_word' id='word_1_716' title='bbox 1133 5543 1722 5624; x_wconf 40' lang='lat' dir='ltr'><strong>cut_nncou_iposuis‘set,</strong></span> <span class='ocrx_word' id='word_1_717' title='bbox 1769 5542 1914 5597; x_wconf 90' lang='lat' dir='ltr'><strong>illius</strong></span> <span class='ocrx_word' id='word_1_718' title='bbox 1957 5541 2064 5596; x_wconf 89' lang='lat' dir='ltr'><strong>ini-</strong></span> 
     </span>
    </p>
   </div>
   <div class='ocr_carea' id='block_1_105' title="bbox 480 5611 2065 5681">
    <p class='ocr_par' dir='ltr' id='par_1_105' title="bbox 480 5611 2065 5681">
     <span class='ocr_line' id='line_1_105' title="bbox 480 5611 2065 5681; baseline 0.001 -19"><span class='ocrx_word' id='word_1_719' title='bbox 480 5615 614 5681; x_wconf 81' lang='lat' dir='ltr'><strong>tium</strong></span> <span class='ocrx_word' id='word_1_720' title='bbox 645 5611 854 5677; x_wconf 79' lang='lat' dir='ltr'><strong>fecerit,</strong></span> <span class='ocrx_word' id='word_1_721' title='bbox 882 5621 940 5666; x_wconf 92' lang='lat' dir='ltr'><strong>ut</strong></span> <span class='ocrx_word' id='word_1_722' title='bbox 978 5623 1063 5669; x_wconf 91' lang='lat' dir='ltr'><strong>est</strong></span> <span class='ocrx_word' id='word_1_723' title='bbox 1087 5615 1228 5681; x_wconf 89' lang='lat' dir='ltr'><strong>apud</strong></span> <span class='ocrx_word' id='word_1_724' title='bbox 1259 5611 1548 5668; x_wconf 74' lang='lat' dir='ltr'><strong>Eusebium</strong></span> <span class='ocrx_word' id='word_1_725' title='bbox 1582 5611 1879 5681; x_wconf 76' lang='lat' dir='ltr'><strong>Prwparat.</strong></span> <span class='ocrx_word' id='word_1_726' title='bbox 1915 5629 2065 5666; x_wconf 82' lang='lat' dir='ltr'><strong>evan-</strong></span> 
     </span>
    </p>
   </div>
   <div class='ocr_carea' id='block_1_106' title="bbox 483 5631 2060 5753">
    <p class='ocr_par' dir='ltr' id='par_1_106' title="bbox 483 5631 2060 5753">
     <span class='ocr_line' id='line_1_106' title="bbox 483 5631 2060 5681; baseline 0.001 -19"><span class='ocrx_word' id='word_1_727' title='bbox 483 5631 614 5665; x_wconf 85' lang='lat' dir='ltr'><strong>uum</strong></span> <span class='ocrx_word' id='word_1_728' title='bbox 645 5631 854 5677; x_wconf 78' lang='lat' dir='ltr'><strong>recent,</strong></span> <span class='ocrx_word' id='word_1_729' title='bbox 882 5631 940 5666; x_wconf 84' lang='lat' dir='ltr'><strong>ut</strong></span> <span class='ocrx_word' id='word_1_730' title='bbox 978 5631 1063 5669; x_wconf 78' lang='lat' dir='ltr'><strong>eSt</strong></span> <span class='ocrx_word' id='word_1_731' title='bbox 1087 5631 1114 5666; x_wconf 90' lang='lat' dir='ltr'><strong>a</strong></span> <span class='ocrx_word' id='word_1_732' title='bbox 1159 5631 1228 5667; x_wconf 82' lang='grc' dir='ltr'>ιιι]</span> <span class='ocrx_word' id='word_1_733' title='bbox 1259 5631 1548 5668; x_wconf 71' lang='lat' dir='ltr'><strong>Lusemum</strong></span> <span class='ocrx_word' id='word_1_734' title='bbox 1582 5631 1879 5681; x_wconf 75' lang='lat' dir='ltr'><strong>rrarparat.</strong></span> <span class='ocrx_word' id='word_1_735' title='bbox 1915 5631 2060 5666; x_wconf 81' lang='lat' dir='ltr'><strong>evan-</strong></span> 
     </span>
     <span class='ocr_line' id='line_1_107' title="bbox 483 5631 2060 5753; baseline 0.001 -18"><span class='ocrx_word' id='word_1_736' title='bbox 483 5679 582 5748; x_wconf 59' lang='grc' dir='ltr'>(νει.</span> <span class='ocrx_word' id='word_1_737' title='bbox 617 5681 712 5736; x_wconf 82' lang='lat' dir='ltr'><strong>lib.</strong></span> <span class='ocrx_word' id='word_1_738' title='bbox 745 5697 855 5746; x_wconf 72' lang='lat' dir='ltr'><strong>11v,</strong></span> <span class='ocrx_word' id='word_1_739' title='bbox 891 5701 1005 5753; x_wconf 84' lang='lat' dir='ltr'><strong>cap.</strong></span> <span class='ocrx_word' id='word_1_740' title='bbox 1043 5685 1092 5739; x_wconf 84' lang='lat' dir='ltr'><strong>l;</strong></span> <span class='ocrx_word' id='word_1_741' title='bbox 1119 5631 1232 5738; x_wconf 66' lang='lat' dir='ltr'><strong>EEO‘</strong></span> <span class='ocrx_word' id='word_1_742' title='bbox 1263 5685 1336 5748; x_wconf 82' lang='grc' dir='ltr'><strong>ὡς</strong></span> <span class='ocrx_word' id='word_1_743' title='bbox 1363 5685 1520 5752; x_wconf 76' lang='grc' dir='ltr'>εἰσὶν,</span> <span class='ocrx_word' id='word_1_744' title='bbox 1553 5684 1650 5738; x_wconf 77' lang='grc' dir='ltr'>εἷθ’</span> <span class='ocrx_word' id='word_1_745' title='bbox 1676 5684 1750 5747; x_wconf 84' lang='grc' dir='ltr'><strong>ὡς</strong></span> <span class='ocrx_word' id='word_1_746' title='bbox 1783 5683 1880 5736; x_wconf 83' lang='grc' dir='ltr'>οὐκ</span> <span class='ocrx_word' id='word_1_747' title='bbox 1907 5684 2060 5753; x_wconf 71' lang='grc' dir='ltr'>εἰσὶν,</span> 
     </span>
    </p>
   </div>
   <div class='ocr_carea' id='block_1_107' title="bbox 2149 4511 2382 4582">
    <p class='ocr_par' dir='ltr' id='par_1_107' title="bbox 2149 4511 2382 4582">
     <span class='ocr_line' id='line_1_108' title="bbox 2149 4511 2382 4582; baseline 0.004 -19"><span class='ocrx_word' id='word_1_748' title='bbox 2149 4511 2382 4582; x_wconf 86' lang='grc' dir='ltr'><strong>ριστική.</strong></span> 
     </span>
    </p>
   </div>
   <div class='ocr_carea' id='block_1_108' title="bbox 2231 4683 3673 4762">
    <p class='ocr_par' dir='ltr' id='par_1_108' title="bbox 2231 4683 3673 4762">
     <span class='ocr_line' id='line_1_109' title="bbox 2231 4683 3673 4762; baseline -0.023 -1"><span class='ocrx_word' id='word_1_749' title='bbox 2231 4691 2610 4762; x_wconf 68' lang='grc' dir='ltr'><strong>Ὶιράκλεειτοιτ,</strong></span> <span class='ocrx_word' id='word_1_750' title='bbox 2650 4695 2679 4746; x_wconf 87' lang='grc' dir='ltr'>ὁ</span> <span class='ocrx_word' id='word_1_751' title='bbox 2725 4691 2820 4746; x_wconf 72' lang='grc' dir='ltr'><strong>τοῦ</strong></span> <span class='ocrx_word' id='word_1_752' title='bbox 2856 4691 3150 4756; x_wconf 81' lang='grc' dir='ltr'>Βλέσωνος,</span> <span class='ocrx_word' id='word_1_753' title='bbox 3193 4686 3450 4759; x_wconf 82' lang='grc' dir='ltr'><strong>Ἐφέσιος,</strong></span> <span class='ocrx_word' id='word_1_754' title='bbox 3493 4683 3548 4734; x_wconf 84' lang='grc' dir='ltr'>ἐκ</span> <span class='ocrx_word' id='word_1_755' title='bbox 3593 4687 3673 4762; x_wconf 53' lang='grc' dir='ltr'><strong>πν-</strong></span> 
     </span>
    </p>
   </div>
   <div class='ocr_carea' id='block_1_109' title="bbox 2153 4760 3675 4855">
    <p class='ocr_par' dir='ltr' id='par_1_109' title="bbox 2153 4760 3675 4855">
     <span class='ocr_line' id='line_1_110' title="bbox 2153 4760 3675 4855; baseline -0.012 -17"><span class='ocrx_word' id='word_1_756' title='bbox 2153 4785 2244 4855; x_wconf 73' lang='grc' dir='ltr'>ρδς</span> <span class='ocrx_word' id='word_1_757' title='bbox 2281 4760 2436 4854; x_wconf 76' lang='grc' dir='ltr'>ἔλεγε</span> <span class='ocrx_word' id='word_1_758' title='bbox 2456 4785 2524 4838; x_wconf 83' lang='grc' dir='ltr'>τὰ</span> <span class='ocrx_word' id='word_1_759' title='bbox 2555 4784 2734 4838; x_wconf 90' lang='grc' dir='ltr'>πάντα</span> <span class='ocrx_word' id='word_1_760' title='bbox 2758 4779 2918 4850; x_wconf 71' lang='grc' dir='ltr'>εἶναι,</span> <span class='ocrx_word' id='word_1_761' title='bbox 2951 4783 3046 4837; x_wconf 78' lang='grc' dir='ltr'><strong>καὶ</strong></span> <span class='ocrx_word' id='word_1_762' title='bbox 3074 4783 3156 4847; x_wconf 77' lang='grc' dir='ltr'>εἰς</span> <span class='ocrx_word' id='word_1_763' title='bbox 3187 4779 3296 4852; x_wconf 81' lang='grc' dir='ltr'><strong>πῦρ</strong></span> <span class='ocrx_word' id='word_1_764' title='bbox 3322 4775 3473 4832; x_wconf 84' lang='grc' dir='ltr'>πάλιν</span> <span class='ocrx_word' id='word_1_765' title='bbox 3493 4760 3675 4824; x_wconf 67' lang='grc' dir='ltr'><strong>ἀνα-λύει</strong></span> 
     </span>
    </p>
   </div>
   <div class='ocr_carea' id='block_1_110' title="bbox 2153 4876 2298 4929">
    <p class='ocr_par' dir='ltr' id='par_1_110' title="bbox 2153 4876 2298 4929">
     <span class='ocr_line' id='line_1_111' title="bbox 2153 4876 2298 4929; baseline 0.007 -1"><span class='ocrx_word' id='word_1_766' title='bbox 2153 4876 2298 4929; x_wconf 85' lang='grc' dir='ltr'>σθαι.</span> 
     </span>
    </p>
   </div>
   <div class='ocr_carea' id='block_1_111' title="bbox 2154 5031 3670 5118">
    <p class='ocr_par' dir='ltr' id='par_1_111' title="bbox 2154 5031 3670 5118">
     <span class='ocr_line' id='line_1_112' title="bbox 2154 5031 3670 5118; baseline -0.007 -15"><span class='ocrx_word' id='word_1_767' title='bbox 2154 5051 2253 5103; x_wconf 82' lang='grc' dir='ltr'>εἴθ’</span> <span class='ocrx_word' id='word_1_768' title='bbox 2276 5047 2604 5113; x_wconf 84' lang='grc' dir='ltr'>ὁποῖοίτινες</span> <span class='ocrx_word' id='word_1_769' title='bbox 2621 5048 2926 5114; x_wconf 70' lang='grc' dir='ltr'><strong>ἰδέαν,οι(;.,</strong></span> <span class='ocrx_word' id='word_1_770' title='bbox 2945 5048 3090 5118; x_wconf 92' lang='lat' dir='ltr'><strong>quod</strong></span> <span class='ocrx_word' id='word_1_771' title='bbox 3111 5048 3321 5102; x_wconf 89' lang='lat' dir='ltr'><strong>initium</strong></span> <span class='ocrx_word' id='word_1_772' title='bbox 3347 5031 3670 5118; x_wconf 28' lang='lat' dir='ltr'><strong>Ciceronlill-‘l</strong></span> 
     </span>
    </p>
   </div>
   <div class='ocr_carea' id='block_1_112' title="bbox 2157 5107 3669 5182">
    <p class='ocr_par' dir='ltr' id='par_1_112' title="bbox 2157 5107 3669 5182">
     <span class='ocr_line' id='line_1_113' title="bbox 2157 5107 3669 5182; baseline -0.015 -8"><span class='ocrx_word' id='word_1_773' title='bbox 2157 5120 2234 5175; x_wconf 79' lang='lat' dir='ltr'><strong>De</strong></span> <span class='ocrx_word' id='word_1_774' title='bbox 2257 5132 2369 5176; x_wconf 79' lang='lat' dir='ltr'><strong>nat.</strong></span> <span class='ocrx_word' id='word_1_775' title='bbox 2405 5107 2645 5182; x_wconf 70' lang='lat' dir='ltr'><strong>deorum,</strong></span> <span class='ocrx_word' id='word_1_776' title='bbox 2676 5107 2866 5174; x_wconf 80' lang='lat' dir='ltr'><strong>Latine</strong></span> <span class='ocrx_word' id='word_1_777' title='bbox 2910 5107 2984 5173; x_wconf 77' lang='lat' dir='ltr'><strong>ita</strong></span> <span class='ocrx_word' id='word_1_778' title='bbox 3025 5118 3345 5178; x_wconf 89' lang='lat' dir='ltr'><strong>reddiderat,</strong></span> <span class='ocrx_word' id='word_1_779' title='bbox 3383 5112 3454 5165; x_wconf 80' lang='lat' dir='ltr'><strong>De</strong></span> <span class='ocrx_word' id='word_1_780' title='bbox 3481 5107 3572 5182; x_wconf 58' lang='lat' dir='ltr'><strong>diis</strong></span> <span class='ocrx_word' id='word_1_781' title='bbox 3596 5114 3669 5152; x_wconf 76' lang='lat' dir='ltr'><strong>nc-</strong></span> 
     </span>
    </p>
   </div>
   <div class='ocr_carea' id='block_1_113' title="bbox 2156 5175 3668 5261">
    <p class='ocr_par' dir='ltr' id='par_1_113' title="bbox 2156 5175 3668 5261">
     <span class='ocr_line' id='line_1_114' title="bbox 2156 5175 3668 5261; baseline -0.009 -17"><span class='ocrx_word' id='word_1_782' title='bbox 2156 5200 2340 5261; x_wconf 26' lang='lat' dir='ltr'><strong>que‘ut</strong></span> <span class='ocrx_word' id='word_1_783' title='bbox 2360 5175 2502 5261; x_wconf 20' lang='lat' dir='ltr'><strong>sinit,</strong></span> <span class='ocrx_word' id='word_1_784' title='bbox 2533 5175 2694 5259; x_wconf 70' lang='lat' dir='ltr'><strong>neque</strong></span> <span class='ocrx_word' id='word_1_785' title='bbox 2728 5202 2786 5261; x_wconf 62' lang='lat' dir='ltr'><strong>ut</strong></span> <span class='ocrx_word' id='word_1_786' title='bbox 2812 5205 2919 5261; x_wconf 73' lang='lat' dir='ltr'><strong>non</strong></span> <span class='ocrx_word' id='word_1_787' title='bbox 2949 5189 3077 5261; x_wconf 71' lang='lat' dir='ltr'><strong>sint,</strong></span> <span class='ocrx_word' id='word_1_788' title='bbox 3105 5175 3463 5261; x_wconf 67' lang='lat' dir='ltr'><strong>Ita_beo_di¢_:e_re.</strong></span> <span class='ocrx_word' id='word_1_789' title='bbox 3484 5175 3668 5261; x_wconf 57' lang='grc' dir='ltr'>νειυξῳ</span> 
     </span>
    </p>
   </div>
   <div class='ocr_carea' id='block_1_114' title="bbox 2158 5244 3670 5322">
    <p class='ocr_par' dir='ltr' id='par_1_114' title="bbox 2158 5244 3670 5322">
     <span class='ocr_line' id='line_1_115' title="bbox 2158 5244 3670 5322; baseline -0.005 -7"><span class='ocrx_word' id='word_1_790' title='bbox 2158 5244 2202 5315; x_wconf 71' lang='lat' dir='ltr'><strong>si</strong></span> <span class='ocrx_word' id='word_1_791' title='bbox 2237 5259 2424 5314; x_wconf 85' lang='lat' dir='ltr'><strong>Flavio</strong></span> <span class='ocrx_word' id='word_1_792' title='bbox 2448 5244 2764 5315; x_wconf 74' lang='lat' dir='ltr'><strong>Philostrati</strong></span> <span class='ocrx_word' id='word_1_793' title='bbox 2798 5259 2932 5313; x_wconf 85' lang='lat' dir='ltr'><strong>ﬁdes</strong></span> <span class='ocrx_word' id='word_1_794' title='bbox 2975 5244 3244 5322; x_wconf 82' lang='lat' dir='ltr'><strong>habenda,</strong></span> <span class='ocrx_word' id='word_1_795' title='bbox 3269 5258 3317 5310; x_wconf 90' lang='lat' dir='ltr'><strong>in</strong></span> <span class='ocrx_word' id='word_1_796' title='bbox 3348 5254 3432 5307; x_wconf 86' lang='lat' dir='ltr'><strong>lib.</strong></span> <span class='ocrx_word' id='word_1_797' title='bbox 3469 5244 3670 5322; x_wconf 48' lang='grc' dir='ltr'><strong>πορθ]</strong></span> 
     </span>
    </p>
   </div>
   <div class='ocr_carea' id='block_1_115' title="bbox 2157 5303 3666 5401">
    <p class='ocr_par' dir='ltr' id='par_1_115' title="bbox 2157 5303 3666 5401">
     <span class='ocr_line' id='line_1_116' title="bbox 2157 5303 3666 5401; baseline -0.003 -20"><span class='ocrx_word' id='word_1_798' title='bbox 2157 5303 2365 5398; x_wconf 65' lang='grc' dir='ltr'><strong>ἶήιὶδείι,</strong></span> <span class='ocrx_word' id='word_1_799' title='bbox 2400 5303 2641 5401; x_wconf 67' lang='lat' dir='ltr'><strong>cogitare</strong></span> <span class='ocrx_word' id='word_1_800' title='bbox 2663 5329 2944 5401; x_wconf 86' lang='lat' dir='ltr'><strong>debemus,</strong></span> <span class='ocrx_word' id='word_1_801' title='bbox 2975 5303 3086 5401; x_wconf 66' lang='lat' dir='ltr'><strong>non</strong></span> <span class='ocrx_word' id='word_1_802' title='bbox 3109 5337 3167 5382; x_wconf 88' lang='lat' dir='ltr'><strong>ut</strong></span> <span class='ocrx_word' id='word_1_803' title='bbox 3203 5303 3666 5401; x_wconf 42' lang='lat' dir='ltr'><strong>d’eos_negavellili“d</strong></span> 
     </span>
    </p>
   </div>
   <div class='ocr_carea' id='block_1_116' title="bbox 2159 5391 3667 5470">
    <p class='ocr_par' dir='ltr' id='par_1_116' title="bbox 2159 5391 3667 5470">
     <span class='ocr_line' id='line_1_117' title="bbox 2159 5391 3667 5470; baseline -0.005 -16"><span class='ocrx_word' id='word_1_804' title='bbox 2159 5391 2364 5458; x_wconf 80' lang='lat' dir='ltr'><strong>dixisse</strong></span> <span class='ocrx_word' id='word_1_805' title='bbox 2391 5391 2738 5470; x_wconf 64' lang='lat' dir='ltr'><strong>Protagoram</strong></span> <span class='ocrx_word' id='word_1_806' title='bbox 2760 5439 2776 5464; x_wconf 94' lang='lat'><strong>,</strong></span> <span class='ocrx_word' id='word_1_807' title='bbox 2811 5400 2906 5454; x_wconf 88' lang='lat' dir='ltr'><strong>sed</strong></span> <span class='ocrx_word' id='word_1_808' title='bbox 2931 5391 2998 5454; x_wconf 82' lang='lat' dir='ltr'><strong>ex</strong></span> <span class='ocrx_word' id='word_1_809' title='bbox 3029 5397 3301 5470; x_wconf 65' lang='lat' dir='ltr'><strong>magorum</strong></span> <span class='ocrx_word' id='word_1_810' title='bbox 3328 5391 3667 5470; x_wconf 46' lang='lat' dir='ltr'><strong>Persa&#39;rlljﬂjn&#39;:</strong></span> 
     </span>
    </p>
   </div>
   <div class='ocr_carea' id='block_1_117' title="bbox 2161 5456 3663 5540">
    <p class='ocr_par' dir='ltr' id='par_1_117' title="bbox 2161 5456 3663 5540">
     <span class='ocr_line' id='line_1_118' title="bbox 2161 5456 3663 5540; baseline -0.013 -14"><span class='ocrx_word' id='word_1_811' title='bbox 2161 5456 2464 5537; x_wconf 80' lang='lat' dir='ltr'><strong>stitutione,</strong></span> <span class='ocrx_word' id='word_1_812' title='bbox 2487 5486 2517 5524; x_wconf 88' lang='lat' dir='ltr'><strong>a</strong></span> <span class='ocrx_word' id='word_1_813' title='bbox 2549 5456 3049 5540; x_wconf 37' lang='lat' dir='ltr'><strong>quibusjacceperat</strong></span> <span class='ocrx_word' id='word_1_814' title='bbox 3069 5456 3368 5540; x_wconf 65' lang='lat' dir='ltr'><strong>doctrinam</strong></span> <span class='ocrx_word' id='word_1_815' title='bbox 3379 5461 3442 5540; x_wconf 78' lang='lat' dir='ltr'><strong>de</strong></span> <span class='ocrx_word' id='word_1_816' title='bbox 3462 5456 3663 5540; x_wconf 48' lang='lat' dir='ltr'><strong>diigﬁﬁf</strong></span> 
     </span>
    </p>
   </div>
   <div class='ocr_carea' id='block_1_118' title="bbox 2162 5513 3664 5611">
    <p class='ocr_par' dir='ltr' id='par_1_118' title="bbox 2162 5513 3664 5611">
     <span class='ocr_line' id='line_1_119' title="bbox 2162 5513 3664 5611; baseline -0.011 -16"><span class='ocrx_word' id='word_1_817' title='bbox 3072 5513 3316 5611; x_wconf 68' lang='lat' dir='ltr'><strong>ineuntis</strong></span> <span class='ocrx_word' id='word_1_818' title='bbox 3341 5533 3515 5590; x_wconf 86' lang='lat' dir='ltr'><strong>librum</strong></span> <span class='ocrx_word' id='word_1_819' title='bbox 3535 5513 3664 5574; x_wconf 57' lang='lat' dir='ltr'><strong>verba</strong></span> 
     </span>
    </p>
   </div>
   <div class='ocr_carea' id='block_1_119' title="bbox 2166 5609 3186 5685">
    <p class='ocr_par' dir='ltr' id='par_1_119' title="bbox 2166 5609 3186 5685">
     <span class='ocr_line' id='line_1_120' title="bbox 2166 5609 3186 5685; baseline 0.003 -21"><span class='ocrx_word' id='word_1_820' title='bbox 2166 5626 2272 5668; x_wconf 92' lang='lat' dir='ltr'><strong>non</strong></span> <span class='ocrx_word' id='word_1_821' title='bbox 2294 5609 2543 5685; x_wconf 73' lang='lat' dir='ltr'><strong>negantis</strong></span> <span class='ocrx_word' id='word_1_822' title='bbox 2567 5617 2716 5679; x_wconf 86' lang='lat' dir='ltr'><strong>sunt,</strong></span> <span class='ocrx_word' id='word_1_823' title='bbox 2748 5609 2842 5666; x_wconf 89' lang='lat' dir='ltr'><strong>sed</strong></span> <span class='ocrx_word' id='word_1_824' title='bbox 2867 5609 3186 5666; x_wconf 89' lang='lat' dir='ltr'><strong>dubitantis.</strong></span> 
     </span>
    </p>
   </div>
  </div>
