3986 6224
372 274 478 331 795

981 270 1357 327 ADVERSUS
1397 272 1739 329 llAillESES
1779 274 1905 329 LIB.
1943 273 2027 328 Ill.
2061 274 2221 329 ΤΟΜ.
2264 275 2769 334 ll.--EXPOSITIO
2809 278 3009 335 FIDE].

3538 285 3640 342 794

444 386 705 458 Πρόδικός
741 402 824 449 τις
860 383 1100 456 τέσσαρα
1156 389 1394 456 στοιχεῖα
1441 387 1597 452 θεοὺς
1629 390 1804 451 καλεῖ,
1840 384 1932 441 εἴτε

2133 389 2401 446 Prodicus
2438 393 2661 462 quidam
2703 402 2939 463 quatuor
2969 397 3237 452 elementa
3291 398 3424 456 deos
3455 408 3641 473 appel-

365 478 516 544 ἥλιον
552 480 646 533 καὶ
678 479 907 550 σελήνην
932 496 944 509 ·
984 480 1048 532 ἐκ
1080 477 1190 549 γὰρ
1222 478 1428 533 τούτων
1461 482 1595 534 πᾶσι
1626 482 1687 535 τὸ
1721 481 1950 546 ζωτικὸν

363 573 551 641 ἔλεγεν
581 573 866 643 ὑπάρχειν.
1740 590 1743 593 ⁷

434 665 658 718 Πλάτων
684 664 963 749 Ἀθηναῖος
983 664 1113 718 Θεὸν
1136 664 1288 731 ἔλεγε
1315 666 1406 718 καὶ
1430 666 1560 736 ὓλην
1586 662 1724 719 εἶναι
1754 666 1848 719 καὶ
1875 662 1952 719 εἷ-

365 756 473 821 δος.
490 756 592 809 Τὸν
610 757 810 827 κόσμον
826 757 881 809 δὲ
898 758 1152 829 γεννητὸν
1171 759 1264 812 καὶ
1281 758 1519 830 φθαρτὸν
1539 759 1802 830 ὑπάρχειν
1820 776 1832 789 ⁸
1853 759 1951 831 τὴν

364 849 544 919 ψυχὴν
576 849 632 903 δὲ
677 848 994 919 ἀγέννητον,
1044 850 1136 903 καί
1168 850 1434 903 ἀθάνατον
1470 851 1561 903 καὶ
1588 851 1737 903 Θείαν
1767 852 1946 919 λέγει·

364 939 505 994 εἶναι
538 941 593 994 δὲ
624 942 792 1011 αὐτῆς
820 941 949 1011 τρία
980 941 1123 1013 μέρη
1143 942 1276 1012 (48),
1302 941 1539 1010 λογικὸν,
1569 942 1818 1012 ουμικὸν,
1858 944 1950 997 καὶ

364 1034 778 1105 ἐπιθυμητικόν.
812 1035 1005 1103 Ἔλεγε
1034 1034 1088 1087 δὲ
1120 1036 1247 1099 τοὺς
1276 1035 1488 1106 γάμους
1511 1037 1604 1089 καὶ
1635 1036 1734 1099 τάς
1762 1039 1949 1103 γυναῖ-

364 1144 465 1189 κας
491 1127 599 1179 δεῖν
640 1127 826 1191 κοινὰς
866 1131 978 1191 τοῖς
1015 1130 1145 1180 πᾶσι
1180 1128 1444 1197 γίνεσθαι,
1484 1130 1575 1181 καὶ
1612 1129 1816 1199 μηδένα
1843 1129 1949 1200 ίδίᾳ

365 1220 497 1289 μίαν
529 1218 672 1288 ἔχειν
706 1220 971 1290 γαμετὴν,
1005 1219 1141 1274 ἀλλὰ
1174 1221 1299 1284 τοὺς
1332 1220 1582 1283 θέλοντας
1611 1222 1728 1283 ταῖς
1763 1219 1945 1290 βουλο-

363 1311 558 1382 μέναις
590 1314 848 1366 συνεῖναι.

448 1495 797 1568 Ἀρίστιππος
829 1498 857 1550 6
888 1498 1198 1569 Κυρηναῖος
1245 1495 1378 1565 (49),
1410 1497 1568 1561 οὗτος
1597 1498 1943 1568 γαστρίμαρ-

357 1604 456 1657 γος
483 1587 558 1640 ὢν
589 1588 681 1641 καὶ
710 1588 1012 1659 φιλήδονος,
1046 1587 1199 1652 τέλος
1228 1588 1331 1659 ἔφη
1358 1588 1460 1657 τῆς
1482 1587 1662 1657 ψυχῆς
1691 1587 1787 1657 τὴν
1816 1588 1943 1658 ἡδο-

362 1676 488 1746 νήνσ
528 1676 621 1730 καὶ
673 1680 817 1741 ὅστις
847 1678 1035 1749 ἥδεται
1056 1719 1071 1744 ,
1108 1678 1377 1749 εὐδαίμων
1411 1669 1565 1739 οὗτος
1587 1692 1601 1707 °
1630 1679 1658 1730 6
1689 1677 1782 1730 καὶ
1817 1676 1939 1747 μηδ’

2058 483 2227 544 lavit;
2271 483 2397 538 inde
2435 484 2602 538 solem
2645 492 2699 539 et
2730 485 2915 541 lunam
2956 487 3071 541 :ab
3112 488 3179 542 iis
3227 490 3371 545 enim
3420 493 3639 548 vitalem

2056 572 2110 626 in
2144 572 2328 626 omnia
2363 573 2472 626 vim
2507 573 2758 629 diffundi.

2128 659 2284 715 Plato
2323 660 2676 717 Atheniensis
2711 662 2880 717 Deum
2913 675 2965 719 et
2996 666 3283 720 materiam
3316 681 3380 722 ac
3407 667 3639 723 formam

2053 753 2448 807 constituebat.
2481 753 2742 808 illundum
2779 755 2957 824 ipsum
2990 766 3043 812 et
3073 759 3399 827 productum
3434 770 3488 816 et
3515 778 3637 817 cor-

2052 844 2292 914 ruptioni
2332 845 2650 901 obnoxium.
2676 847 2926 901 Animam
2960 865 3136 919 neque
3170 852 3523 921 productam,
3580 863 3635 910 et

2052 937 2417 993 immortalem
2454 938 2698 1010 adeoque
2737 939 2975 994 divinam
3005 943 3298 997 credebat:
3334 946 3492 1012 cujus
3534 947 3635 1001 tri-

2052 1029 2246 1099 plicem
2286 1045 2411 1085 esse
2474 1020 2727 1101 partem;
2786 1034 2997 1087 ratione
3053 1033 3266 1089 scilicet
3324 1038 3632 1105 praeditam,

2051 1124 2402 1186 irascentem,
2443 1132 2498 1176 et
2524 1125 3028 1193 concupiscentem.
3061 1124 3292 1194 Nuptias
3332 1136 3384 1181 et
3431 1144 3630 1185 uxores

2048 1215 2395 1283 promiscuas
2427 1231 2550 1271 esse
2603 1218 2858 1270 omnibus
2903 1232 2968 1271 ac
3013 1232 3334 1274 communes
3365 1220 3627 1287 volebat;

2048 1322 2211 1362 nemo
2266 1316 2325 1361 ut
2371 1308 2625 1377 privatim
2679 1309 2969 1379 coniugem
3028 1325 3186 1364 suam
3234 1310 3496 1375 haberet;
3533 1311 3629 1368 sed

2046 1397 2277 1467 quilibet
2313 1414 2435 1453 cum
2468 1399 2778 1454 volentibus
2819 1400 3273 1456 consuetudinem
3307 1402 3555 1457 haberet.

2121 1489 2337 1560 1089
2384 1491 2697 1562 Aristippus
2746 1491 3041 1563 Cyrenteus
3081 1494 3258 1550 ventri
3312 1495 3631 1564 gutturique

2046 1580 2263 1637 deditus
2303 1595 2367 1635 ac
2397 1581 2807 1650 voluptuarius,
2860 1583 3020 1637 finem
3070 1584 3266 1638 animae
3324 1585 3460 1639 dixit
3504 1600 3629 1641 esse

2046 1674 2418 1743 voluptatem:
2462 1689 2569 1743 qua
2600 1675 2694 1743 qui
2726 1674 2925 1729 fruitur
2946 1716 2961 1738 ,
2990 1675 3215 1741 beatus;
3270 1677 3364 1747 qui
3399 1679 3624 1732 omnino

361 1771 496 1831 ὀλως
526 1747 1213 1843 ”ήδόμενος,ντρισάθλιος
1262 1747 1357 1825 καὶ
1415 1770 1801 1841 κακοδαίμων,
1864 1769 1932 1835 ὥς

2048 1773 2235 1828 caret,
2281 1763 2692 1821 infelicissimus
2732 1765 2803 1821 sit
2840 1780 2903 1820 ac
2936 1766 3299 1823 miserrimus.
3355 1769 3432 1822 lta
3463 1769 3624 1840 vulgo

361 1876 516 1929 φασμ

428 1951 703 2022 Θεόδωρος
737 1953 766 2004 6
800 1951 993 2016 Ἀθεος
1030 1952 1141 2023 (50)
1176 1952 1509 2024 ἐπικληθεὶς,
1539 1953 1641 2025 ἔφη
1667 1954 1830 2025 λῆρον
1861 1953 1936 2009 εἴ·

360 2060 444 2095 ναι
476 2044 599 2107 τοὺς
639 2042 885 2114 περὶτοῦ
927 2044 1063 2097 Θεοῦ
1098 2044 1309 2114 λόγους.
1362 2046 1523 2116 ᾭετο
1561 2046 1669 2116 γὰρ
1700 2045 1773 2116 μὴ
1798 2040 1939 2098 εἷναι

358 2131 535 2197 Θεῖον,
567 2136 661 2187 καὶ
688 2133 879 2187 τούτου
921 2135 1107 2191 ἕνεκεν
1158 2136 1531 2208 προύτρέπετο
1581 2139 1790 2201 πάντας
1817 2137 1940 2191 κλέ⁴

359 2242 538 2291 πτειν,
559 2227 856 2296 ἐπιορκεῖν,
881 2227 1169 2298 ἁρπάζειν,
1196 2230 1289 2283 καὶ
1330 2228 1404 2299 μὴ
1431 2230 1937 2301 ὑπεραποονήσκειν

361 2316 644 2387 πατρίδος·
671 2316 822 2385 έλεγε
857 2317 965 2390 γὰρ
995 2318 1124 2390 μίαν
1149 2321 1383 2393 πατρίδα
1408 2316 1548 2375 εἶναι
1580 2323 1673 2375 τὸν
1702 2324 1935 2393 κόσμον·

359 2408 452 2461 καὶ
478 2408 678 2476 ἀγαθὸν
710 2408 870 2479 μόνον
894 2409 1045 2479 ἔλεγε
1082 2412 1173 2464 τὸν
1224 2412 1666 2485 εὐδαιμονοῦντα,
1715 2414 1936 2483 φεύγειν

358 2498 413 2551 δὲ
460 2498 551 2553 τὸν
590 2499 953 2571 δυστυχοῦντα
993 2502 1095 2556 κᾶν
1225 2505 1407 2575 σοφὸς,
1455 2506 1547 2559 καὶ
1580 2505 1794 2577 αἱρετὸν
1822 2505 1935 2578 (51)

358 2584 601 2644 εἷναιτὸν
630 2590 840 2663 ἄφρονα
868 2593 1119 2648 πλούσιον
1147 2596 1276 2650 ὄντα
1306 2599 1400 2651 καὶ
1428 2597 1649 2669 ἀπειθῆ.

439 2773 705 2843 Ἡγησίας
728 2775 1055 2845 Κυρηναῖος,
1087 2770 1238 2841 οὗτος
1258 2777 1361 2849 ἔφη
1398 2781 1532 2851 μήτε
1566 2780 1767 2849 φιλίας,
1802 2786 1937 2854 μήτε

356 2863 585 2935 χάριτας
619 2860 775 2918 εἶναι.
799 2864 888 2936 Μὴ
919 2866 1187 2938 ὑπάρχειν
1215 2868 1325 2939 γὰρ
1360 2876 1527 2934 αὐτᾶς
1563 2870 1769 2940 ἔλεγεν,
1800 2874 1938 2927 ἀλλὰ

357 2956 574 3028 χρῄζων
605 2975 687 3019 τις
724 2957 889 3010 ἔδωκε
917 2959 1094 3030 χάριν,
1144 2959 1175 3031 ἢ
1208 2960 1454 3030 κρεῖττόν
1486 2979 1537 3013 τι
1578 2963 1762 3018 παθὼν
1786 2965 1938 3036 εὐερ-

356 3050 523 3116 γετεῖ.
588 3049 780 3117 Ἔλεγε
809 3049 866 3102 δὲ
905 3052 999 3103 καὶ
1025 3052 1104 3123 τῷ
1154 3053 1341 3124 φαύλῳ
1379 3054 1531 3125 ἀνδρὶ
1571 3056 1846 3121 λυσιτελὲς
1877 3059 1937 3111 τὸ

357 3142 477 3212 ζῇν,
504 3139 583 3210 τῷ
617 3141 673 3193 δὲ
726 3141 872 3211 σοφῷ
914 3143 1025 3211 (52)
1065 3143 1124 3196 τὸ
1181 3145 1490 3200 ἀποθανεῖν.
1560 3149 1647 3213 Ὠς
1696 3150 1845 3214 τινὰς
1872 3154 1935 3206 ὲκ

356 3233 542 3288 τούτου
558 3234 984 3288 Πεισιθάνατον
1009 3236 1170 3289 αὐτὸν
1196 3214 1441 3293 καλέσαι.

438 3410 773 3481 Ἀντισθένης
812 3412 840 3463 6
880 3411 944 3465 ὲκ
971 3411 1192 3483 Θρᾴκης
1236 3413 1461 3484 μητρὸς,
1502 3415 1662 3479 αὐτὸς
1690 3416 1747 3469 δὲ
1777 3416 1934 3488 Ἀθη-

354 3502 525 3567 ναϊος,
558 3501 619 3555 τὸ
650 3502 861 3574 πρῶτον
906 3504 1269 3574 Σωκρατικὸς,
1313 3504 1504 3559 ἔπειτα
1538 3508 1773 3574 Κυνικὸς
1794 3509 1930 3581 (55),

354 3593 543 3666 ἔφησε,
579 3597 653 3665 μὴ
688 3596 883 3667 χρῆναι
921 3596 989 3647 τὰ
1031 3595 1177 3649 κακὰ
1206 3594 1526 3666 ζηλοτυπεῖν
1560 3600 1766 3672 ἕτερον,
1800 3602 1831 3672 ἢ
1864 3602 1933 3656 τὰ

354 3687 486 3756 παρ’
515 3686 765 3758 ἀλλήλοις
790 3686 1008 3758 αἰσχρά.
1042 3687 1123 3740 Τὰ
1148 3686 1204 3739 δὲ
1234 3688 1386 3759 τείχη
1423 3688 1531 3741 τῶν
1559 3689 1767 3744 πόλεων
1792 3688 1931 3747 εἶναι

357 3777 599 3850 σφαλερὰ
625 3781 760 3851 πρὸς
781 3779 871 3833 τὸν
894 3778 1001 3831 ἔσω
1023 3778 1311 3850 προδότην.
1347 3781 1641 3836 Ἀσάλευτα
1662 3784 1717 3837 δὲ
1741 3785 1810 3839 τὰ
1830 3786 1931 3857 τῆς

292 3926 293 3929 η
352 3868 531 3941 ψυχῆς
562 3870 714 3941 τείχη
741 3871 834 3923 καὶ
859 3869 1095 3941 ἀρραγῆ.

423 3961 678 4034 Διογένης
729 3964 759 4015 6
812 3964 1084 4028 Κυνικὸς,
1142 3965 1250 4019 ἀπὸ
1312 3965 1563 4036 Σινώπης
1620 3967 1719 4038 τῆς
1787 3968 1930 4023 κατὰ

425 4159 539 4230 (48)
575 4158 710 4230 Τρία
737 4159 906 4229 μέρη.
946 4157 1021 4213 De
1052 4157 1380 4230 tripliciuilla
1411 4158 1606 4230 anima:
1641 4168 1814 4228 parte,
1845 4165 1927 4217 vel

352 4228 532 4285 tribus
581 4228 748 4284 unius
780 4230 974 4282 anitum
1019 4228 1390 4294 facultatibus,
1437 4228 1722 4285 adeundus
1770 4230 1927 4287 Plato

353 4301 553 4370 ipsein
591 4299 832 4361 Timwa;
874 4298 929 4370 si
960 4306 1141 4353 tamen
1173 4299 1257 4353 fas
1301 4300 1373 4354 sit
1408 4299 1545 4370 certi
1580 4300 1783 4369 aliquid
1812 4304 1926 4356 col-

355 4368 523 4440 ligere
562 4370 629 4423 ab
662 4387 749 4432 eo.
781 4371 873 4439 qui
920 4369 1302 4440 inconstantia:
1340 4376 1394 4422 et
1424 4368 1775 4425 obscuritatis
1807 4373 1922 4428 suis

2043 1864 2369 1911 memorant.

2115 1946 2439 2003 Theodorus
2472 1955 2841 2019 cognomento
2874 1947 3102 2011 Atheus,
3130 1962 3251 2019 quae
3284 1947 3351 2003 de
3383 1947 3491 2003 Deo
3539 1948 3627 2004 di-

2040 2050 2297 2095 cerentur
2325 2081 2338 2107 ,
2371 2056 2544 2111 nugas
2570 2056 2695 2097 esse
2738 2056 2916 2096 meras
2946 2042 3244 2096 arbitratus
3271 2048 3388 2095 est:
3425 2042 3627 2111 quippe

2041 2129 2210 2186 Deum
2241 2147 2363 2187 esse
2398 2132 2631 2185 nullum.
2672 2129 2754 2187 0h
2785 2132 2838 2186 id
2871 2131 3064 2196 furari,
3101 2133 3349 2202 peierare
3375 2171 3391 2198 ,
3433 2148 3626 2202 rapere

2041 2223 2309 2278 suadebat
2331 2223 2587 2279 omnibus
2606 2264 2621 2287 ,
2653 2238 2832 2294 neque
2864 2239 2962 2294 pro
2987 2227 3163 2293 patria
3192 2232 3424 2278 mortem
3454 2239 3624 2293 oppe-

2040 2325 2189 2383 tere;
2216 2315 2430 2370 dicebat
2456 2315 2603 2370 enim
2639 2316 2854 2371 unicam
2888 2305 3118 2386 patriam
3159 2332 3284 2371 esse
3323 2317 3624 2383 mundum;

2038 2422 2272 2477 eumque
2306 2406 2687 2461 tantummodo
2717 2407 2920 2461 bonum
2952 2422 3109 2472 esse,
3145 2408 3238 2477 qui
3293 2407 3365 2461 sit
3396 2407 3622 2473 beatus;

2038 2500 2289 2569 quisquis
2322 2507 2502 2553 autem
2533 2498 2722 2553 infelix
2756 2509 2936 2563 esset,
2974 2500 3189 2555 tametsi
3214 2502 3429 2570 sapiens
3463 2498 3621 2564 foret,

2041 2606 2162 2648 esse
2198 2591 2539 2661 fugiendum.
2575 2591 2821 2662 Denique
2867 2591 3229 2662 expetendum
3273 2593 3621 2664 insipientem

2039 2699 2159 2739 esse
2186 2684 2410 2738 divitem
2451 2693 2613 2755 atque
2634 2694 3036 2740 contumacem.

2108 2774 2367 2844 Hegesias
2400 2772 2697 2845 Cyrenaeus
2732 2775 3031 2829 amicitiam
3064 2789 3128 2830 ac
3160 2774 3393 2844 gratiam
3438 2774 3623 2830 fundi-

2037 2870 2127 2918 tus
2154 2864 2409 2928 tollebat;
2453 2879 2554 2918 nec
2587 2865 2728 2919 ullas
2752 2879 2873 2920 esse
2896 2864 3135 2920 dicebat.
3167 2863 3302 2919 Nam
3328 2872 3422 2918 aut
3450 2880 3621 2935 egen-

2038 2962 2145 3008 tem
2183 2956 2411 3011 alterius
2437 2970 2604 3026 opera
2640 2956 2781 3010 inire
2812 2955 2880 3010 ab
2910 2972 2977 3011 eo
3003 2956 3259 3026 gratiam,
3290 2965 3382 3009 aut
3415 2957 3621 3026 majore

2040 3045 2290 3101 allectum
2316 3046 2580 3101 beneficio
2607 3047 2852 3101 vicissim
2882 3048 3200 3117 rependere.
3231 3046 3448 3102 llomini
3473 3050 3619 3104 malo

2042 3139 2202 3192 vitam
2262 3140 2541 3210 expedire,
2595 3140 2827 3212 sapienti
2868 3151 3099 3195 mortem
3147 3142 3349 3197 aiebat.
3384 3140 3540 3197 Unde
3584 3158 3616 3196 a

2039 3233 2310 3302 plerisque
2343 3232 2738 3299 Pisithanatos,
2788 3233 2841 3289 id
2886 3242 3009 3300 est,
3042 3235 3227 3290 mortis
3280 3251 3471 3290 suasor
3513 3251 3614 3306 ap—

2038 3324 2269 3392 pellatus
2298 3333 2402 3380 est.

2106 3415 2459 3473 Antisthenes
2487 3433 2517 3473 e
2547 3416 2785 3472 Thracia
2816 3426 2991 3473 matre
3020 3416 3251 3474 Athenis
3282 3427 3466 3481 natus.
3504 3419 3605 3490 prio

2037 3522 2183 3561 mum
2214 3506 2550 3575 Socraticus,
2587 3509 2783 3565 deinde
2809 3508 3049 3580 Cynicus
3083 3510 3313 3566 exstitit.
3354 3510 3452 3565 Hie
3481 3513 3615 3566 alio-

2034 3616 2154 3655 rum
2221 3602 2428 3657 scelera
2489 3618 2551 3657 ac
2606 3602 2975 3673 turpitudines
3030 3603 3273 3657 aemulari
3334 3604 3607 3659 neminem

2034 3700 2287 3762 oportere
2315 3693 2520 3749 docuit.
2568 3693 2797 3750 Urbium
2842 3695 3044 3749 muenia
3083 3694 3346 3751 adversus
3396 3694 3613 3750 intesti-

2034 3800 2161 3837 num
2213 3786 2542 3855 proditorem
2579 3786 2884 3854 imbecilla;
2939 3787 3135 3842 anima:
3181 3803 3308 3842 vero
3356 3786 3510 3841 firma
3555 3793 3610 3841 ct

2033 3873 2358 3931 inconcussa
2390 3876 2593 3930 maznia
2631 3876 2870 3931 dicebat.

2107 3965 2369 4036 Diogenes
2397 3966 2637 4038 Cynicus
2670 3966 2990 4038 Sinopensis
3010 3966 3256 4033 ePonto,
3288 3968 3603 4025 Antistheni

2030 4166 2246 4240 Viossio,
2276 4182 2396 4240 cap.
2418 4168 2469 4230 l,
2497 4168 2590 4222 lib.
2625 4184 2640 4222 t
2674 4167 2747 4221 De
2776 4167 3118 4240 idololat.,et
3150 4184 3217 4225 ex
3246 4167 3462 4240 Laertio
3492 4170 3608 4240 opi-

2031 4239 2247 4291 nionem
2281 4238 2421 4308 hanc
2453 4253 2608 4292 suam
2648 4254 2707 4293 se
2730 4239 3172 4308 colligereposse
3196 4239 3299 4293 sibi
3325 4238 3604 4296 videntur.

2034 4308 2166 4378 Yide
2205 4322 2326 4378 qum
2360 4307 2426 4378 de
2456 4307 2557 4378 hac
2591 4323 2649 4362 re
2682 4307 2959 4378 congeSsit
2989 4307 3044 4361 in
3079 4308 3220 4363 Hist.
3258 4310 3376 4363 crit.
3404 4309 3597 4378 philos.

2028 4376 2227 4449 Ja‘cob.
2254 4376 2478 4449 Druck,
2508 4377 2534 4449 §
2570 4379 2658 4441 ll,
2700 4376 2822 4449 cap.
2854 4380 2908 4440 ὅ,
2943 4378 3036 4432 lib.
3070 4394 3131 4441 ιι,
3164 4390 3300 4448 part.
3328 4395 3386 4432 ιι.

355 4438 1043 4518 sermonibus”asperserit
1094 4438 1271 4518 potius
1297 4454 1459 4508 quam
1498 4440 1773 4518 veritatis,
1796 4450 1918 4518 _aut
1950 4438 2001 4498 Ι)
2097 4448 2206 4518 (51)
2230 4447 2337 4501 Kal
2359 4438 2612 4514 αἱρετᾌν,
2644 4438 2935 4518 ειε.’11ιιιιε
2964 4438 3286 4516 postremam
3324 4448 3427 4502 loci
3454 4449 3603 4505 illius

354 4511 630 4580 opinionis
668 4510 901 4580 alicujus
945 4508 1321 4564 determinata:
1358 4508 1604 4578 quaedam
1645 4511 1810 4565 veluti
1839 4527 1925 4567 se-

355 4579 524 4634 mina.
551 4579 685 4634 Illud
711 4587 915 4633 certum
940 4588 1023 4633 est
1051 4588 1213 4647 atque
1233 4580 1594 4649 exploratum,
1620 4581 1688 4634 ab
1712 4598 1774 4635 ea
1800 4580 1921 4635 Pla-

355 4651 502 4706 tonis
534 4650 601 4704 de
634 4650 812 4703 anima
840 4649 1087 4703 doctrina
1128 4647 1463 4704 derivavisse
1510 4647 1842 4715 Platonicos,
1874 4661 1928 4707 et

353 4736 479 4792 cum
516 4720 957 4792 istisnonnullos
981 4721 1250 4792 primaeva:
1279 4719 1539 4792 Ecclesiae.
1564 4718 1772 4792 Patres,
1810 4722 1927 4792 opi-

353 4791 570 4845 nionem
606 4789 751 4844 illam
802 4790 869 4844 de
912 4797 1092 4845 mente
1140 4789 1209 4843 ab
1243 4790 1422 4843 anima
1452 4790 1508 4841 in
1561 4791 1778 4844 homine
1810 4789 1925 4847 dis-

354 4862 558 4925 tincta;
605 4860 765 4928 cujus
795 4875 902 4912 non
926 4860 1093 4914 semel
1132 4861 1459 4913 mentionem
1489 4858 1619 4912 facit
1662 4861 1716 4913 in
1752 4866 1923 4915 Anco-

353 4940 471 4983 rato
506 4930 863 5000 Epiphanius.
898 4929 1031 4985 Vide
1069 4930 1381 4999 superiores
1426 4929 1924 4988 animadversiones

353 5008 592 5055 ιιοεῑιιιε.

428 5070 539 5131 (49)
583 5071 647 5122 Ὀ
672 5068 1023 5136 Κυρηναῖος.
1050 5067 1149 5124 Hic
1173 5077 1334 5124 sectae
1362 5066 1771 5139 philosophicas,
1802 5087 1924 5139 quae

354 5156 386 5194 a
418 5140 649 5211 Cyrene.
702 5139 1055 5211 celeberrima
1100 5139 1297 5211 Africa:
1335 5136 1489 5211 urbe,
1518 5136 1922 5207 cyrenaicaest

354 5207 686 5280 nuncupata,
711 5223 941 5280 quaeque
969 5209 1399 5277 impudicissima
1427 5207 1497 5262 ob
1524 5223 1703 5265 mores
1729 5211 1923 5280 depra-

354 5291 509 5336 vatos
539 5279 567 5332 ξι
615 5280 800 5333 multis
834 5279 1081 5343 habetur,
1122 5288 1334 5343 auctor,
1365 5280 1433 5333 de
1478 5292 1586 5346 quo
1625 5279 1920 5336 consulen-

354 5351 460 5403 dus
499 5350 730 5402 maxime
767 5347 1036 5401 Laertius.

427 5419 537 5489 (50)
580 5420 643 5471 '0
680 5419 909 5481 Ἀθεος.
941 5418 1155 5489 Apertae
1188 5419 1481 5488 impietatis
1513 5428 1804 5477 accusatus
1834 5430 1918 5476 est

354 5487 675 5543 Theodorus
704 5489 793 5542 ille
832 5496 994 5542 secta:
1022 5487 1335 5557 Cyrenaica:
1362 5494 1594 5556 assecla,
1626 5498 1679 5545 et
1698 5492 1768 5546 ob
1794 5508 1912 5545 eam

355 5573 576 5613 causam
616 5573 827 5612 veneno
870 5565 1123 5628 necatus:
1156 5574 1264 5613 non
1304 5560 1448 5628 quod
1489 5576 1678 5617 revera
1718 5576 1916 5615 numen

353 5644 517 5684 omne
556 5630 855 5702 negaverit,
893 5627 1157 5702 sedquod
1187 5645 1215 5681 a
1259 5627 1482 5685 suorum
1520 5633 1778 5702 religione
1803 5632 1916 5686 dis-

364 5698 617 5768 senserit,
642 5714 867 5772 eamque
901 5698 1153 5769 irriscrit,
1190 5703 1524 5759 contendunt
1547 5698 1762 5771 pldrimi
1789 5719 1912 5757 eum

2028 4516 2238 4587 partem
2261 4519 2332 4588 ita
2366 4518 2553 4571 Latine
2592 4532 2622 4570 a
2650 4516 2874 4573 Petavio
2902 4518 3168 4571 redditam
3201 4519 3431 4588 legimus
3458 4538 3470 4572 :
3506 4519 3599 4574 de-

2031 4588 2187 4657 nique
2241 4587 2316 4640 vel
2368 4588 2695 4655 insipientem
2756 4598 2909 4655 atque
2965 4587 3324 4641 contumacem
3384 4589 3599 4644 divitem

2028 4657 2386 4711 asciscendum
2402 4673 2511 4711 esse
2528 4658 2704 4727 ;quod
2721 4673 2852 4712 sane
2870 4657 3046 4713 Graeci
3062 4665 3243 4713 textus
3255 4675 3477 4715 sensum
3493 4662 3597 4714 mi~

2027 4743 2132 4781 nus
2162 4728 2297 4782 bene
2332 4727 2536 4782 referre
2568 4730 2799 4784 videtur.

2098 4798 2209 4865 (52)
2241 4796 2325 4861 Τῷ
2351 4797 2419 4850 δὲ
2442 4798 2632 4866 σοφῷ,
2666 4808 2773 4852 etc.
2801 4797 3039 4852 Docebat
3072 4796 3332 4868 Hegesias
3365 4808 3594 4853 mortem

2024 4868 2147 4921 vitae
2163 4882 2298 4938 esse
2349 4869 2824 4937 anteponendam;
2858 4884 2966 4922 non
3014 4869 3157 4938 quod
3192 4870 3259 4922 ab
3305 4869 3590 4938 Aristippi,

2025 4946 2119 4991 aut
2148 4937 2458 5007 Cyrenaica:
2501 4940 2700 4993 scholae
2722 4940 2957 4993 decretis
2983 4937 3242 4993 defecerit
3278 4937 3588 5006 aliquando,

2026 5008 2119 5061 sed
2182 5008 2325 5077 quod
2371 5008 2818 5064 animadverterit
2868 5008 3150 5062 mortalem
3203 5008 3368 5077 vitam
3410 5009 3591 5062 vivere

2027 5076 2298 5132 hominem
2334 5078 2540 5147 absque
2575 5078 2937 5133 incommodis
2972 5094 3079 5130 non
3125 5092 3305 5145 posse.
3334 5076 3471 5147 llinc
3509 5093 3591 5130 sa-

2025 5148 2132 5201 tius
2160 5147 2390 5217 ducebat
2430 5146 2656 5203 mortem
2688 5159 2979 5217 oppetere,
3000 5146 3487 5217 quaminfeliciter
3510 5148 3592 5199 vi-

2025 5232 2167 5270 vere.
2199 5215 2740 5286 Eloquentissimum'
2765 5215 2918 5270 illum
2959 5216 3129 5269 fuisse
3170 5215 3296 5270 inde
3321 5215 3590 5281 eruimus,

2023 5287 2166 5355 quod
2194 5288 2322 5340 dum
2350 5288 2599 5342 insanum
2628 5288 2758 5342 illud
2785 5297 3148 5341 commentum
3181 5301 3339 5340 suum
3362 5287 3593 5340 dicendo

2022 5359 2341 5425 exponebat,
2388 5360 2633 5426 pluribus
2677 5356 2998 5411 voluntariae
3037 5356 3227 5410 mortis
3261 5356 3581 5426 desiderium

2021 5424 2308 5481 creaverit.
2346 5424 2407 5481 Ei
2458 5443 2525 5483 eo
2571 5429 2790 5481 nomine
2842 5436 3062 5480 cautum
3094 5434 3180 5479 est
3211 5441 3242 5479 a
3295 5424 3588 5480 Ptolemzeo

2022 5511 2147 5567 rege
2175 5513 2244 5551 ne
2290 5498 2517 5552 ulterius
2549 5496 2616 5551 de
2643 5512 2709 5551 eo
2748 5497 3061 5567 dissereret.
3099 5493 3233 5551 Vide
3262 5495 3590 5550 Ciceronem

2023 5565 2310 5621 Tu'sculan.
2341 5578 2529 5635 qua’st.
2564 5568 2658 5620 lib.
2694 5584 2729 5631 ι,
2763 5581 2911 5619 nutu.
2944 5566 3033 5635 54.

2092 5638 2205 5707 (55)
2244 5634 2487 5693 Ἔπειτα
2514 5638 2790 5704 Κυνικός.
2828 5636 2941 5691 lmo
2991 5634 3249 5692 fundator
3300 5644 3461 5693 secta:
3486 5635 3588 5707 Cy-

2021 5724 2173 5762 [Πρω.
